  <div class='ocr_page' id='page_1' title='image "/cluster/home/n/w/nwhite01/storage/ocr_20150623/122:no.2/coo.31924054870278/162.png"; bbox 0 0 4164 6390; ppageno 0'>
   <div class='ocr_carea' id='block_1_1' title="bbox 395 427 597 487">
    <p class='ocr_par' dir='ltr' id='par_1_1' title="bbox 395 427 597 487">
     <span class='ocr_line' id='line_1_1' title="bbox 395 427 597 487; baseline 0.005 -1"><span class='ocrx_word' id='word_1_1' title='bbox 395 427 597 487; x_wconf 77' lang='lat'>300-</span> 
     </span>
    </p>
   </div>
   <div class='ocr_carea' id='block_1_2' title="bbox 1550 427 2688 490">
    <p class='ocr_par' dir='ltr' id='par_1_2' title="bbox 1550 427 2688 490">
     <span class='ocr_line' id='line_1_2' title="bbox 1550 427 2688 490; baseline -0.004 -2"><span class='ocrx_word' id='word_1_2' title='bbox 1550 428 2093 490; x_wconf 77' lang='lat' dir='ltr'>HISTOHIARUM</span> <span class='ocrx_word' id='word_1_3' title='bbox 2138 427 2296 490; x_wconf 83' lang='lat' dir='ltr'>COM</span> <span class='ocrx_word' id='word_1_4' title='bbox 2310 427 2688 488; x_wconf 81' lang='lat' dir='ltr'>PENDIUM.</span> 
     </span>
    </p>
   </div>
   <div class='ocr_carea' id='block_1_3' title="bbox 3713 427 3836 487">
    <p class='ocr_par' dir='ltr' id='par_1_3' title="bbox 3713 427 3836 487">
     <span class='ocr_line' id='line_1_3' title="bbox 3713 427 3836 487; baseline 0.008 -1"><span class='ocrx_word' id='word_1_5' title='bbox 3713 427 3836 487; x_wconf 88' lang='grc'>310</span> 
     </span>
    </p>
   </div>
   <div class='ocr_carea' id='block_1_4' title="bbox 406 552 2077 632">
    <p class='ocr_par' dir='ltr' id='par_1_4' title="bbox 406 552 2055 632">
     <span class='ocr_line' id='line_1_4' title="bbox 406 552 2055 632; baseline -0.001 -20"><span class='ocrx_word' id='word_1_6' title='bbox 406 555 850 631; x_wconf 63' lang='grc' dir='ltr'>λαᾳυραγωγίαν,</span> <span class='ocrx_word' id='word_1_7' title='bbox 905 552 1122 610; x_wconf 79' lang='grc' dir='ltr'>ἱδίωκεν</span> <span class='ocrx_word' id='word_1_8' title='bbox 1183 557 1400 619; x_wconf 74' lang='grc' dir='ltr'>ὄπισθεν</span> <span class='ocrx_word' id='word_1_9' title='bbox 1451 555 1645 626; x_wconf 81' lang='grc' dir='ltr'>αὐτων,</span> <span class='ocrx_word' id='word_1_10' title='bbox 1705 556 2055 632; x_wconf 82' lang='grc' dir='ltr'>ἐπειγόμενος</span> 
     </span>
    </p>
   </div>
   <div class='ocr_carea' id='block_1_5' title="bbox 2187 552 3833 632">
    <p class='ocr_par' dir='ltr' id='par_1_5' title="bbox 2187 555 3833 628">
     <span class='ocr_line' id='line_1_5' title="bbox 2187 555 3833 628; baseline -0.001 -15"><span class='ocrx_word' id='word_1_11' title='bbox 2187 559 2426 614; x_wconf 85' lang='lat' dir='ltr'><strong>nodica.</strong></span> <span class='ocrx_word' id='word_1_12' title='bbox 2453 561 2642 628; x_wconf 89' lang='lat' dir='ltr'><strong>Atque</strong></span> <span class='ocrx_word' id='word_1_13' title='bbox 2676 556 2714 610; x_wconf 93' lang='lat' dir='ltr'>ii</span> <span class='ocrx_word' id='word_1_14' title='bbox 2747 572 2988 611; x_wconf 91' lang='lat' dir='ltr'><strong>numero</strong></span> <span class='ocrx_word' id='word_1_15' title='bbox 3022 555 3149 611; x_wconf 89' lang='lat' dir='ltr'><strong>freti</strong></span> <span class='ocrx_word' id='word_1_16' title='bbox 3181 555 3336 611; x_wconf 90' lang='lat' dir='ltr'><strong>intra</strong></span> <span class='ocrx_word' id='word_1_17' title='bbox 3365 572 3569 611; x_wconf 91' lang='lat' dir='ltr'><strong>muros</strong></span> <span class='ocrx_word' id='word_1_18' title='bbox 3592 573 3654 612; x_wconf 92' lang='lat' dir='ltr'>se</span> <span class='ocrx_word' id='word_1_19' title='bbox 3685 557 3833 612; x_wconf 90' lang='lat' dir='ltr'><strong>reci-</strong></span> 
     </span>
    </p>
   </div>
   <div class='ocr_carea' id='block_1_6' title="bbox 409 644 2066 721">
    <p class='ocr_par' dir='ltr' id='par_1_6' title="bbox 409 644 2066 721">
     <span class='ocr_line' id='line_1_6' title="bbox 409 644 2066 721; baseline 0 -21"><span class='ocrx_word' id='word_1_20' title='bbox 409 644 657 720; x_wconf 66' lang='grc' dir='ltr'>συῤῥάξαι</span> <span class='ocrx_word' id='word_1_21' title='bbox 719 649 840 705; x_wconf 86' lang='grc' dir='ltr'>τοῖς</span> <span class='ocrx_word' id='word_1_22' title='bbox 903 649 1136 720; x_wconf 89' lang='grc' dir='ltr'>παροῦσι</span> <span class='ocrx_word' id='word_1_23' title='bbox 1193 646 1300 720; x_wconf 88' lang='grc' dir='ltr'>πρὸ</span> <span class='ocrx_word' id='word_1_24' title='bbox 1357 650 1453 699; x_wconf 86' lang='grc' dir='ltr'>τοῦ</span> <span class='ocrx_word' id='word_1_25' title='bbox 1521 647 1608 700; x_wconf 77' lang='grc' dir='ltr'>καὶ</span> <span class='ocrx_word' id='word_1_26' title='bbox 1689 647 1869 721; x_wconf 73' lang='grc' dir='ltr'>ἑτέραν</span> <span class='ocrx_word' id='word_1_27' title='bbox 1945 668 2066 700; x_wconf 86' lang='grc' dir='ltr'>συν-</span> 
     </span>
    </p>
   </div>
   <div class='ocr_carea' id='block_1_7' title="bbox 405 731 2067 811">
    <p class='ocr_par' dir='ltr' id='par_1_7' title="bbox 405 731 2067 811">
     <span class='ocr_line' id='line_1_7' title="bbox 405 731 2067 811; baseline 0.001 -23"><span class='ocrx_word' id='word_1_28' title='bbox 405 738 759 808; x_wconf 73' lang='grc' dir='ltr'>αθροισθῆναι</span> <span class='ocrx_word' id='word_1_29' title='bbox 825 731 1076 806; x_wconf 85' lang='grc' dir='ltr'>δύναμιν.</span> <span class='ocrx_word' id='word_1_30' title='bbox 1137 737 1300 809; x_wconf 88' lang='grc' dir='ltr'>Ὀπερ</span> <span class='ocrx_word' id='word_1_31' title='bbox 1362 734 1622 807; x_wconf 81' lang='grc' dir='ltr'>μαθόντες</span> <span class='ocrx_word' id='word_1_32' title='bbox 1679 737 1730 788; x_wconf 72' lang='grc' dir='ltr'>οἱ</span> <span class='ocrx_word' id='word_1_33' title='bbox 1772 735 2067 811; x_wconf 87' lang='grc' dir='ltr'>στρατηγοὶ</span> 
     </span>
    </p>
   </div>
   <div class='ocr_carea' id='block_1_8' title="bbox 400 821 2066 901">
    <p class='ocr_par' dir='ltr' id='par_1_8' title="bbox 400 821 2066 901">
     <span class='ocr_line' id='line_1_8' title="bbox 400 821 2066 901; baseline 0.001 -25"><span class='ocrx_word' id='word_1_34' title='bbox 400 828 507 877; x_wconf 76' lang='grc' dir='ltr'>τῶν</span> <span class='ocrx_word' id='word_1_35' title='bbox 566 823 884 895; x_wconf 83' lang='grc' dir='ltr'>Ῥωμαίων,</span> <span class='ocrx_word' id='word_1_36' title='bbox 945 821 1034 877; x_wconf 72' lang='grc' dir='ltr'>καί</span> <span class='ocrx_word' id='word_1_37' title='bbox 1083 825 1406 890; x_wconf 83' lang='grc' dir='ltr'>πτοηθέντες</span> <span class='ocrx_word' id='word_1_38' title='bbox 1440 827 1514 896; x_wconf 77' lang='grc' dir='ltr'>μή</span> <span class='ocrx_word' id='word_1_39' title='bbox 1549 846 1664 886; x_wconf 82' lang='grc' dir='ltr'>πως</span> <span class='ocrx_word' id='word_1_40' title='bbox 1696 824 2066 901; x_wconf 75' lang='grc' dir='ltr'>ἀναγκασθῶσι</span> 
     </span>
    </p>
   </div>
   <div class='ocr_carea' id='block_1_9' title="bbox 398 911 2065 986">
    <p class='ocr_par' dir='ltr' id='par_1_9' title="bbox 398 911 2065 986">
     <span class='ocr_line' id='line_1_9' title="bbox 398 911 2065 986; baseline 0.001 -20"><span class='ocrx_word' id='word_1_41' title='bbox 398 913 490 966; x_wconf 77' lang='grc' dir='ltr'>καὶ</span> <span class='ocrx_word' id='word_1_42' title='bbox 550 912 770 974; x_wconf 71' lang='grc' dir='ltr'>ἄκοντες</span> <span class='ocrx_word' id='word_1_43' title='bbox 819 911 1133 985; x_wconf 74' lang='grc' dir='ltr'>πολεμῆσαι</span> <span class='ocrx_word' id='word_1_44' title='bbox 1184 913 1288 986; x_wconf 80' lang='grc' dir='ltr'>πρὸ</span> <span class='ocrx_word' id='word_1_45' title='bbox 1319 918 1416 967; x_wconf 90' lang='grc' dir='ltr'>τοῦ</span> <span class='ocrx_word' id='word_1_46' title='bbox 1445 914 1540 968; x_wconf 79' lang='grc' dir='ltr'>τὸΛ</span> <span class='ocrx_word' id='word_1_47' title='bbox 1569 916 1872 986; x_wconf 83' lang='grc' dir='ltr'>Λιπαρίτην</span> <span class='ocrx_word' id='word_1_48' title='bbox 1904 936 2065 970; x_wconf 86' lang='grc' dir='ltr'>κατα-</span> 
     </span>
    </p>
   </div>
   <div class='ocr_carea' id='block_1_10' title="bbox 402 997 2066 1078">
    <p class='ocr_par' dir='ltr' id='par_1_10' title="bbox 402 997 2066 1078">
     <span class='ocr_line' id='line_1_10' title="bbox 402 997 2066 1078; baseline 0.002 -23"><span class='ocrx_word' id='word_1_49' title='bbox 402 997 597 1056; x_wconf 82' lang='grc' dir='ltr'>λαϐεῖν</span> <span class='ocrx_word' id='word_1_50' title='bbox 685 1000 979 1064; x_wconf 69' lang='grc' dir='ltr'>ὑποδύντες</span> <span class='ocrx_word' id='word_1_51' title='bbox 1031 1003 1151 1056; x_wconf 80' lang='grc' dir='ltr'>τινὰ</span> <span class='ocrx_word' id='word_1_52' title='bbox 1217 998 1492 1078; x_wconf 86' lang='grc' dir='ltr'>δυχωρίαν</span> <span class='ocrx_word' id='word_1_53' title='bbox 1562 1003 1918 1078; x_wconf 82' lang='grc' dir='ltr'>ἀπόκρημνον</span> <span class='ocrx_word' id='word_1_54' title='bbox 1979 1004 2066 1058; x_wconf 80' lang='grc' dir='ltr'>καὶ</span> 
     </span>
    </p>
   </div>
   <div class='ocr_carea' id='block_1_11' title="bbox 415 1089 2070 1168">
    <p class='ocr_par' dir='ltr' id='par_1_11' title="bbox 415 1089 2070 1168">
     <span class='ocr_line' id='line_1_11' title="bbox 415 1089 2070 1168; baseline 0.002 -24"><span class='ocrx_word' id='word_1_55' title='bbox 415 1092 641 1168; x_wconf 52' lang='grc' dir='ltr'>σήραγξι</span> <span class='ocrx_word' id='word_1_56' title='bbox 690 1089 951 1153; x_wconf 82' lang='grc' dir='ltr'>πάντοθεν</span> <span class='ocrx_word' id='word_1_57' title='bbox 997 1089 1378 1163; x_wconf 68' lang='grc' dir='ltr'>κυκλουμένην</span> <span class='ocrx_word' id='word_1_58' title='bbox 1423 1091 1724 1167; x_wconf 79' lang='grc' dir='ltr'>ἡσύχαζον,</span> <span class='ocrx_word' id='word_1_59' title='bbox 1767 1092 2070 1168; x_wconf 81' lang='grc' dir='ltr'>γράψαντες</span> 
     </span>
    </p>
   </div>
   <div class='ocr_carea' id='block_1_12' title="bbox 410 1179 2068 1256">
    <p class='ocr_par' dir='ltr' id='par_1_12' title="bbox 410 1179 2068 1256">
     <span class='ocr_line' id='line_1_12' title="bbox 410 1179 2068 1256; baseline 0.001 -22"><span class='ocrx_word' id='word_1_60' title='bbox 410 1180 540 1253; x_wconf 84' lang='grc' dir='ltr'>πρὸς</span> <span class='ocrx_word' id='word_1_61' title='bbox 601 1180 697 1234; x_wconf 87' lang='grc' dir='ltr'>τὸν</span> <span class='ocrx_word' id='word_1_62' title='bbox 757 1179 1060 1254; x_wconf 81' lang='grc' dir='ltr'>Λιπαρίτην</span> <span class='ocrx_word' id='word_1_63' title='bbox 1109 1180 1259 1249; x_wconf 69' lang='grc' dir='ltr'>ἥκειν</span> <span class='ocrx_word' id='word_1_64' title='bbox 1314 1181 1407 1234; x_wconf 85' lang='grc' dir='ltr'>καὶ</span> <span class='ocrx_word' id='word_1_65' title='bbox 1469 1183 1543 1253; x_wconf 81' lang='grc' dir='ltr'>μή</span> <span class='ocrx_word' id='word_1_66' title='bbox 1583 1179 1884 1256; x_wconf 49' lang='grc' dir='ltr'>βραδύνειν.</span> <span class='ocrx_word' id='word_1_67' title='bbox 1920 1184 1979 1239; x_wconf 85' lang='grc' dir='ltr'>Ὁ</span> <span class='ocrx_word' id='word_1_68' title='bbox 2011 1180 2068 1237; x_wconf 74' lang='grc' dir='ltr'>δὲ</span> 
     </span>
    </p>
   </div>
   <div class='ocr_carea' id='block_1_13' title="bbox 412 1245 2065 1348">
    <p class='ocr_par' dir='ltr' id='par_1_13' title="bbox 412 1245 2065 1348">
     <span class='ocr_line' id='line_1_13' title="bbox 412 1245 2065 1348; baseline 0.012 -41"><span class='ocrx_word' id='word_1_69' title='bbox 412 1265 709 1345; x_wconf 43' lang='grc' dir='ltr'>’,κεράμιος</span> <span class='ocrx_word' id='word_1_70' title='bbox 762 1276 864 1338; x_wconf 73' lang='grc' dir='ltr'>τῆς</span> <span class='ocrx_word' id='word_1_71' title='bbox 912 1271 1226 1341; x_wconf 79' lang='grc' dir='ltr'>Ῥωμαϊκῆς</span> <span class='ocrx_word' id='word_1_72' title='bbox 1257 1271 1592 1346; x_wconf 84' lang='grc' dir='ltr'>ἡστοχηκὼς</span> <span class='ocrx_word' id='word_1_73' title='bbox 1620 1245 1873 1345; x_wconf 58' lang='grc' dir='ltr'>στρατιάς</span> <span class='ocrx_word' id='word_1_74' title='bbox 1907 1267 2065 1348; x_wconf 79' lang='grc' dir='ltr'>ἔρχε-</span> 
     </span>
    </p>
   </div>
   <div class='ocr_carea' id='block_1_14' title="bbox 403 1357 2068 1436">
    <p class='ocr_par' dir='ltr' id='par_1_14' title="bbox 403 1357 2068 1436">
     <span class='ocr_line' id='line_1_14' title="bbox 403 1357 2068 1436; baseline 0.002 -23"><span class='ocrx_word' id='word_1_75' title='bbox 403 1381 488 1413; x_wconf 82' lang='grc' dir='ltr'>ται</span> <span class='ocrx_word' id='word_1_76' title='bbox 524 1357 603 1422; x_wconf 80' lang='grc' dir='ltr'>εἷς</span> <span class='ocrx_word' id='word_1_77' title='bbox 631 1358 694 1412; x_wconf 81' lang='grc' dir='ltr'>τὸ</span> <span class='ocrx_word' id='word_1_78' title='bbox 721 1357 1022 1432; x_wconf 70' lang='grc' dir='ltr'>λεγόμενον</span> <span class='ocrx_word' id='word_1_79' title='bbox 1051 1361 1270 1432; x_wconf 75' lang='grc' dir='ltr'>Ἅρτζε,</span> <span class='ocrx_word' id='word_1_80' title='bbox 1324 1358 1664 1432; x_wconf 83' lang='grc' dir='ltr'>Κωμόπολις</span> <span class='ocrx_word' id='word_1_81' title='bbox 1694 1358 1750 1415; x_wconf 65' lang='grc' dir='ltr'>δὲ</span> <span class='ocrx_word' id='word_1_82' title='bbox 1775 1361 1836 1416; x_wconf 89' lang='grc' dir='ltr'>τὸ</span> <span class='ocrx_word' id='word_1_83' title='bbox 1869 1362 2068 1436; x_wconf 81' lang='grc' dir='ltr'>Ἀρτζε</span> 
     </span>
    </p>
   </div>
   <div class='ocr_carea' id='block_1_15' title="bbox 404 1445 2062 1526">
    <p class='ocr_par' dir='ltr' id='par_1_15' title="bbox 404 1445 2062 1526">
     <span class='ocr_line' id='line_1_15' title="bbox 404 1445 2062 1526; baseline 0.003 -26"><span class='ocrx_word' id='word_1_84' title='bbox 404 1445 742 1521; x_wconf 77' lang='grc' dir='ltr'>μυρίανδρος</span> <span class='ocrx_word' id='word_1_85' title='bbox 773 1449 861 1501; x_wconf 75' lang='grc' dir='ltr'>καὶ</span> <span class='ocrx_word' id='word_1_86' title='bbox 906 1446 1079 1502; x_wconf 80' lang='grc' dir='ltr'>πολὺν</span> <span class='ocrx_word' id='word_1_87' title='bbox 1113 1448 1351 1503; x_wconf 62' lang='grc' dir='ltr'>πλοῦτον</span> <span class='ocrx_word' id='word_1_88' title='bbox 1386 1447 1608 1525; x_wconf 76' lang='grc' dir='ltr'>ἔχουσαο</span> <span class='ocrx_word' id='word_1_89' title='bbox 1669 1448 1846 1522; x_wconf 81' lang='grc' dir='ltr'>ᾤκουν</span> <span class='ocrx_word' id='word_1_90' title='bbox 1879 1451 1979 1526; x_wconf 76' lang='grc' dir='ltr'>γὰρ</span> <span class='ocrx_word' id='word_1_91' title='bbox 2011 1449 2062 1505; x_wconf 84' lang='grc' dir='ltr'>έν</span> 
     </span>
    </p>
   </div>
   <div class='ocr_carea' id='block_1_16' title="bbox 397 1531 2062 1615">
    <p class='ocr_par' dir='ltr' id='par_1_16' title="bbox 397 1531 2062 1615">
     <span class='ocr_line' id='line_1_16' title="bbox 397 1531 2062 1615; baseline 0.001 -23"><span class='ocrx_word' id='word_1_92' title='bbox 397 1539 544 1610; x_wconf 78' lang='grc' dir='ltr'>αὐτῇ</span> <span class='ocrx_word' id='word_1_93' title='bbox 607 1535 867 1610; x_wconf 72' lang='grc' dir='ltr'>ἰθαγενεῖς</span> <span class='ocrx_word' id='word_1_94' title='bbox 896 1557 955 1591; x_wconf 85' lang='grc' dir='ltr'>τε</span> <span class='ocrx_word' id='word_1_95' title='bbox 1003 1531 1236 1612; x_wconf 76' lang='grc' dir='ltr'>ἔμποροι</span> <span class='ocrx_word' id='word_1_96' title='bbox 1280 1538 1371 1592; x_wconf 87' lang='grc' dir='ltr'>καὶ</span> <span class='ocrx_word' id='word_1_97' title='bbox 1414 1537 1602 1612; x_wconf 86' lang='grc' dir='ltr'>Σύρων</span> <span class='ocrx_word' id='word_1_98' title='bbox 1635 1539 1723 1594; x_wconf 74' lang='grc' dir='ltr'>καὶ</span> <span class='ocrx_word' id='word_1_99' title='bbox 1758 1539 2062 1615; x_wconf 82' lang='grc' dir='ltr'>Ἀρμενίων</span> 
     </span>
    </p>
   </div>
   <div class='ocr_carea' id='block_1_17' title="bbox 395 1619 2066 1703">
    <p class='ocr_par' dir='ltr' id='par_1_17' title="bbox 395 1619 2066 1703">
     <span class='ocr_line' id='line_1_17' title="bbox 395 1619 2066 1703; baseline 0.001 -22"><span class='ocrx_word' id='word_1_100' title='bbox 395 1628 493 1681; x_wconf 79' lang='grc' dir='ltr'>καὶ</span> <span class='ocrx_word' id='word_1_101' title='bbox 525 1624 716 1680; x_wconf 63' lang='grc' dir='ltr'>ἄλλων</span> <span class='ocrx_word' id='word_1_102' title='bbox 762 1619 930 1680; x_wconf 82' lang='grc' dir='ltr'>ἔθνῶν</span> <span class='ocrx_word' id='word_1_103' title='bbox 963 1625 1178 1697; x_wconf 68' lang='grc' dir='ltr'>πληθὺς</span> <span class='ocrx_word' id='word_1_104' title='bbox 1209 1627 1307 1681; x_wconf 87' lang='grc' dir='ltr'>ούκ</span> <span class='ocrx_word' id='word_1_105' title='bbox 1337 1625 1527 1701; x_wconf 85' lang='grc' dir='ltr'>ὀλίγη·</span> <span class='ocrx_word' id='word_1_106' title='bbox 1563 1627 1754 1690; x_wconf 61' lang='grc' dir='ltr'>οἵτινες</span> <span class='ocrx_word' id='word_1_107' title='bbox 1785 1633 1852 1703; x_wconf 74' lang='grc' dir='ltr'>τῇ</span> <span class='ocrx_word' id='word_1_108' title='bbox 1885 1629 2066 1700; x_wconf 70' lang='grc' dir='ltr'>οἰκείᾳ</span> 
     </span>
    </p>
   </div>
   <div class='ocr_carea' id='block_1_18' title="bbox 400 1712 2062 1793">
    <p class='ocr_par' dir='ltr' id='par_1_18' title="bbox 400 1712 2062 1793">
     <span class='ocr_line' id='line_1_18' title="bbox 400 1712 2062 1793; baseline 0.002 -23"><span class='ocrx_word' id='word_1_109' title='bbox 400 1715 732 1790; x_wconf 66' lang='grc' dir='ltr'>θαρῥοῦντες</span> <span class='ocrx_word' id='word_1_110' title='bbox 763 1712 977 1785; x_wconf 86' lang='grc' dir='ltr'>πληθύϊ</span> <span class='ocrx_word' id='word_1_111' title='bbox 1030 1714 1092 1769; x_wconf 83' lang='grc' dir='ltr'>ού</span> <span class='ocrx_word' id='word_1_112' title='bbox 1141 1713 1487 1788; x_wconf 77' lang='grc' dir='ltr'>κατεδέξαντο</span> <span class='ocrx_word' id='word_1_113' title='bbox 1530 1714 1657 1772; x_wconf 80' lang='grc' dir='ltr'>εἶ’σω</span> <span class='ocrx_word' id='word_1_114' title='bbox 1703 1718 1925 1792; x_wconf 75' lang='grc' dir='ltr'>τείχους</span> <span class='ocrx_word' id='word_1_115' title='bbox 1976 1740 2062 1793; x_wconf 83' lang='grc' dir='ltr'>γε·</span> 
     </span>
    </p>
   </div>
   <div class='ocr_carea' id='block_1_19' title="bbox 399 1801 2066 1881">
    <p class='ocr_par' dir='ltr' id='par_1_19' title="bbox 399 1801 2066 1881">
     <span class='ocr_line' id='line_1_19' title="bbox 399 1801 2066 1881; baseline 0.001 -23"><span class='ocrx_word' id='word_1_116' title='bbox 399 1805 609 1872; x_wconf 84' lang='grc' dir='ltr'>νέσθαι,</span> <span class='ocrx_word' id='word_1_117' title='bbox 653 1803 940 1858; x_wconf 76' lang='grc' dir='ltr'>καὶταῦτα</span> <span class='ocrx_word' id='word_1_118' title='bbox 977 1811 1076 1873; x_wconf 84' lang='grc' dir='ltr'>τῆς</span> <span class='ocrx_word' id='word_1_119' title='bbox 1122 1801 1635 1868; x_wconf 86' lang='grc' dir='ltr'>Θεοδοσιουπόλεως</span> <span class='ocrx_word' id='word_1_120' title='bbox 1693 1806 1752 1860; x_wconf 75' lang='grc' dir='ltr'>ἐκ</span> <span class='ocrx_word' id='word_1_121' title='bbox 1807 1806 2066 1881; x_wconf 90' lang='grc' dir='ltr'>γειτόνων</span> 
     </span>
    </p>
   </div>
   <div class='ocr_carea' id='block_1_20' title="bbox 2179 645 3830 718">
    <p class='ocr_par' dir='ltr' id='par_1_20' title="bbox 2179 645 3830 718">
     <span class='ocr_line' id='line_1_20' title="bbox 2179 645 3830 718; baseline -0.001 -16"><span class='ocrx_word' id='word_1_122' title='bbox 2179 665 2312 718; x_wconf 90' lang='lat' dir='ltr'><strong>pere</strong></span> <span class='ocrx_word' id='word_1_123' title='bbox 2341 647 2674 712; x_wconf 88' lang='lat' dir='ltr'><strong>noluerunt,</strong></span> <span class='ocrx_word' id='word_1_124' title='bbox 2721 662 2849 700; x_wconf 91' lang='lat' dir='ltr'>cum</span> <span class='ocrx_word' id='word_1_125' title='bbox 2885 645 3121 716; x_wconf 86' lang='lat' dir='ltr'>quidem</span> <span class='ocrx_word' id='word_1_126' title='bbox 3156 645 3423 717; x_wconf 84' lang='lat' dir='ltr'><strong>proxima</strong></span> <span class='ocrx_word' id='word_1_127' title='bbox 3451 651 3608 701; x_wconf 83' lang='lat' dir='ltr'><strong>esset</strong></span> <span class='ocrx_word' id='word_1_128' title='bbox 3637 645 3830 701; x_wconf 88' lang='lat' dir='ltr'><strong>Theo-</strong></span> 
     </span>
    </p>
   </div>
   <div class='ocr_carea' id='block_1_21' title="bbox 2179 735 3833 808">
    <p class='ocr_par' dir='ltr' id='par_1_21' title="bbox 2179 735 3833 808">
     <span class='ocr_line' id='line_1_21' title="bbox 2179 735 3833 808; baseline -0.002 -16"><span class='ocrx_word' id='word_1_129' title='bbox 2179 736 2499 808; x_wconf 85' lang='lat' dir='ltr'><strong>dosiOpolis</strong></span> <span class='ocrx_word' id='word_1_130' title='bbox 2525 737 2665 790; x_wconf 86' lang='lat' dir='ltr'>urbs</span> <span class='ocrx_word' id='word_1_131' title='bbox 2687 752 2896 808; x_wconf 84' lang='lat' dir='ltr'><strong>magna</strong></span> <span class='ocrx_word' id='word_1_132' title='bbox 2914 741 2968 790; x_wconf 90' lang='lat' dir='ltr'>et</span> <span class='ocrx_word' id='word_1_133' title='bbox 2991 752 3158 790; x_wconf 89' lang='lat' dir='ltr'><strong>muro</strong></span> <span class='ocrx_word' id='word_1_134' title='bbox 3183 735 3374 790; x_wconf 83' lang='lat' dir='ltr'><strong>cincta</strong></span> <span class='ocrx_word' id='word_1_135' title='bbox 3393 735 3833 807; x_wconf 83' lang='lat' dir='ltr'>inexpugnabili</span> 
     </span>
    </p>
   </div>
   <div class='ocr_carea' id='block_1_22' title="bbox 2178 823 3834 896">
    <p class='ocr_par' dir='ltr' id='par_1_22' title="bbox 2178 823 3834 896">
     <span class='ocr_line' id='line_1_22' title="bbox 2178 823 3834 896; baseline -0.002 -15"><span class='ocrx_word' id='word_1_136' title='bbox 2178 827 2386 882; x_wconf 82' lang='lat' dir='ltr'><strong>Turcis</strong></span> <span class='ocrx_word' id='word_1_137' title='bbox 2419 842 2550 880; x_wconf 86' lang='lat' dir='ltr'>eum</span> <span class='ocrx_word' id='word_1_138' title='bbox 2587 842 2799 896; x_wconf 83' lang='lat' dir='ltr'>pagum</span> <span class='ocrx_word' id='word_1_139' title='bbox 2835 824 3150 896; x_wconf 86' lang='lat' dir='ltr'><strong>aggressis,</strong></span> <span class='ocrx_word' id='word_1_140' title='bbox 3184 823 3418 878; x_wconf 82' lang='lat' dir='ltr'><strong>Artzeni</strong></span> <span class='ocrx_word' id='word_1_141' title='bbox 3441 823 3694 880; x_wconf 83' lang='lat' dir='ltr'>occlusis</span> <span class='ocrx_word' id='word_1_142' title='bbox 3723 823 3834 878; x_wconf 90' lang='lat' dir='ltr'><strong>viis</strong></span> 
     </span>
    </p>
   </div>
   <div class='ocr_carea' id='block_1_23' title="bbox 2179 912 3832 984">
    <p class='ocr_par' dir='ltr' id='par_1_23' title="bbox 2179 912 3832 984">
     <span class='ocr_line' id='line_1_23' title="bbox 2179 912 3832 984; baseline -0.001 -14"><span class='ocrx_word' id='word_1_143' title='bbox 2179 921 2331 970; x_wconf 83' lang='lat' dir='ltr'><strong>tecta</strong></span> <span class='ocrx_word' id='word_1_144' title='bbox 2360 915 2850 979; x_wconf 87' lang='lat' dir='ltr'><strong>conscenderunt,</strong></span> <span class='ocrx_word' id='word_1_145' title='bbox 2883 917 3073 984; x_wconf 84' lang='lat' dir='ltr'><strong>deque</strong></span> <span class='ocrx_word' id='word_1_146' title='bbox 3106 913 3176 968; x_wconf 89' lang='lat' dir='ltr'>iis</span> <span class='ocrx_word' id='word_1_147' title='bbox 3209 913 3537 984; x_wconf 83' lang='lat' dir='ltr'><strong>saxa,ligna</strong></span> <span class='ocrx_word' id='word_1_148' title='bbox 3563 912 3832 984; x_wconf 87' lang='lat' dir='ltr'><strong>etjacula</strong></span> 
     </span>
    </p>
   </div>
   <div class='ocr_carea' id='block_1_24' title="bbox 2179 1001 3831 1076">
    <p class='ocr_par' dir='ltr' id='par_1_24' title="bbox 2179 1001 3831 1076">
     <span class='ocr_line' id='line_1_24' title="bbox 2179 1001 3831 1076; baseline -0.002 -17"><span class='ocrx_word' id='word_1_149' title='bbox 2179 1007 2237 1060; x_wconf 84' lang='lat' dir='ltr'>in</span> <span class='ocrx_word' id='word_1_150' title='bbox 2262 1009 2673 1076; x_wconf 82' lang='lat' dir='ltr'>oppugnantes</span> <span class='ocrx_word' id='word_1_151' title='bbox 2701 1007 3020 1059; x_wconf 91' lang='lat' dir='ltr'><strong>torserunt.</strong></span> <span class='ocrx_word' id='word_1_152' title='bbox 3043 1005 3128 1058; x_wconf 87' lang='lat' dir='ltr'>Ita</span> <span class='ocrx_word' id='word_1_153' title='bbox 3161 1007 3310 1058; x_wconf 89' lang='lat' dir='ltr'><strong>totos</strong></span> <span class='ocrx_word' id='word_1_154' title='bbox 3333 1019 3433 1056; x_wconf 84' lang='lat' dir='ltr'>sex</span> <span class='ocrx_word' id='word_1_155' title='bbox 3450 1001 3575 1058; x_wconf 86' lang='lat' dir='ltr'><strong>dies</strong></span> <span class='ocrx_word' id='word_1_156' title='bbox 3605 1016 3831 1073; x_wconf 82' lang='lat' dir='ltr'><strong>pugna-</strong></span> 
     </span>
    </p>
   </div>
   <div class='ocr_carea' id='block_1_25' title="bbox 2177 1079 3832 1158">
    <p class='ocr_par' dir='ltr' id='par_1_25' title="bbox 2177 1079 3832 1158">
     <span class='ocr_line' id='line_1_25' title="bbox 2177 1079 3832 1158; baseline -0.002 -10"><span class='ocrx_word' id='word_1_157' title='bbox 2177 1100 2304 1150; x_wconf 91' lang='lat' dir='ltr'>tum</span> <span class='ocrx_word' id='word_1_158' title='bbox 2334 1099 2442 1150; x_wconf 90' lang='lat' dir='ltr'><strong>est.</strong></span> <span class='ocrx_word' id='word_1_159' title='bbox 2487 1079 2827 1148; x_wconf 12' lang='lat' dir='ltr'><strong>Reilnuntio</strong></span> <span class='ocrx_word' id='word_1_160' title='bbox 2851 1093 2920 1147; x_wconf 92' lang='lat' dir='ltr'>ad</span> <span class='ocrx_word' id='word_1_161' title='bbox 2947 1091 3241 1148; x_wconf 84' lang='lat' dir='ltr'><strong>Romanos</strong></span> <span class='ocrx_word' id='word_1_162' title='bbox 3272 1089 3469 1158; x_wconf 88' lang='lat' dir='ltr'><strong>allato,</strong></span> <span class='ocrx_word' id='word_1_163' title='bbox 3502 1090 3832 1145; x_wconf 72' lang='lat' dir='ltr'>Ambustus</span> 
     </span>
    </p>
   </div>
   <div class='ocr_carea' id='block_1_26' title="bbox 2180 1179 3834 1253">
    <p class='ocr_par' dir='ltr' id='par_1_26' title="bbox 2180 1179 3834 1253">
     <span class='ocr_line' id='line_1_26' title="bbox 2180 1179 3834 1253; baseline -0.003 -15"><span class='ocrx_word' id='word_1_164' title='bbox 2180 1183 2403 1238; x_wconf 89' lang='lat' dir='ltr'><strong>multus</strong></span> <span class='ocrx_word' id='word_1_165' title='bbox 2434 1188 2560 1238; x_wconf 88' lang='lat' dir='ltr'><strong>erat</strong></span> <span class='ocrx_word' id='word_1_166' title='bbox 2593 1182 2650 1236; x_wconf 91' lang='lat' dir='ltr'>in</span> <span class='ocrx_word' id='word_1_167' title='bbox 2686 1181 2946 1253; x_wconf 88' lang='lat' dir='ltr'><strong>urgendo</strong></span> <span class='ocrx_word' id='word_1_168' title='bbox 2974 1185 3148 1250; x_wconf 86' lang='lat' dir='ltr'><strong>atque</strong></span> <span class='ocrx_word' id='word_1_169' title='bbox 3178 1179 3538 1236; x_wconf 80' lang='lat' dir='ltr'>exhortando</span> <span class='ocrx_word' id='word_1_170' title='bbox 3563 1182 3626 1234; x_wconf 92' lang='lat' dir='ltr'>ut</span> <span class='ocrx_word' id='word_1_171' title='bbox 3647 1179 3834 1234; x_wconf 79' lang='lat' dir='ltr'>iretur</span> 
     </span>
    </p>
   </div>
   <div class='ocr_carea' id='block_1_27' title="bbox 2177 1269 3830 1343">
    <p class='ocr_par' dir='ltr' id='par_1_27' title="bbox 2177 1269 3830 1343">
     <span class='ocr_line' id='line_1_27' title="bbox 2177 1269 3830 1343; baseline -0.004 -15"><span class='ocrx_word' id='word_1_172' title='bbox 2177 1290 2243 1329; x_wconf 81' lang='lat' dir='ltr'>ac</span> <span class='ocrx_word' id='word_1_173' title='bbox 2277 1290 2410 1328; x_wconf 91' lang='lat' dir='ltr'>cum</span> <span class='ocrx_word' id='word_1_174' title='bbox 2441 1272 2647 1327; x_wconf 84' lang='lat' dir='ltr'>Turcis</span> <span class='ocrx_word' id='word_1_175' title='bbox 2673 1269 3095 1343; x_wconf 82' lang='lat' dir='ltr'>oppugnationi</span> <span class='ocrx_word' id='word_1_176' title='bbox 3118 1269 3362 1325; x_wconf 86' lang='lat' dir='ltr'><strong>intentis</strong></span> <span class='ocrx_word' id='word_1_177' title='bbox 3391 1285 3604 1324; x_wconf 90' lang='lat' dir='ltr'><strong>manus</strong></span> <span class='ocrx_word' id='word_1_178' title='bbox 3631 1283 3830 1324; x_wconf 88' lang='lat' dir='ltr'><strong>conse-</strong></span> 
     </span>
    </p>
   </div>
   <div class='ocr_carea' id='block_1_28' title="bbox 2179 1357 3829 1432">
    <p class='ocr_par' dir='ltr' id='par_1_28' title="bbox 2179 1357 3829 1432">
     <span class='ocr_line' id='line_1_28' title="bbox 2179 1357 3829 1432; baseline -0.003 -15"><span class='ocrx_word' id='word_1_179' title='bbox 2179 1369 2616 1432; x_wconf 79' lang='lat' dir='ltr'><strong>reretur,neque</strong></span> <span class='ocrx_word' id='word_1_180' title='bbox 2640 1367 2882 1432; x_wconf 83' lang='lat' dir='ltr'><strong>tempus</strong></span> <span class='ocrx_word' id='word_1_181' title='bbox 2897 1358 3183 1414; x_wconf 84' lang='lat' dir='ltr'><strong>inutiliter</strong></span> <span class='ocrx_word' id='word_1_182' title='bbox 3201 1363 3487 1414; x_wconf 77' lang='lat' dir='ltr'><strong>tereretur</strong></span> <span class='ocrx_word' id='word_1_183' title='bbox 3508 1357 3829 1413; x_wconf 91' lang='lat' dir='ltr'><strong>desidendo</strong></span> 
     </span>
    </p>
   </div>
   <div class='ocr_carea' id='block_1_29' title="bbox 2177 1447 3830 1521">
    <p class='ocr_par' dir='ltr' id='par_1_29' title="bbox 2177 1447 3830 1521">
     <span class='ocr_line' id='line_1_29' title="bbox 2177 1447 3830 1521; baseline -0.003 -14"><span class='ocrx_word' id='word_1_184' title='bbox 2177 1457 2232 1507; x_wconf 86' lang='lat' dir='ltr'>et</span> <span class='ocrx_word' id='word_1_185' title='bbox 2265 1450 2541 1506; x_wconf 83' lang='lat' dir='ltr'><strong>ticulnum</strong></span> <span class='ocrx_word' id='word_1_186' title='bbox 2568 1449 2710 1505; x_wconf 90' lang='lat' dir='ltr'><strong>illud</strong></span> <span class='ocrx_word' id='word_1_187' title='bbox 2737 1449 3075 1521; x_wconf 69' lang='lat' dir='ltr'><strong>praesidium</strong></span> <span class='ocrx_word' id='word_1_188' title='bbox 3102 1449 3388 1521; x_wconf 84' lang='lat' dir='ltr'><strong>Lipariten</strong></span> <span class='ocrx_word' id='word_1_189' title='bbox 3414 1447 3830 1519; x_wconf 83' lang='lat' dir='ltr'><strong>exspectando,</strong></span> 
     </span>
    </p>
   </div>
   <div class='ocr_carea' id='block_1_30' title="bbox 2175 1533 3828 1612">
    <p class='ocr_par' dir='ltr' id='par_1_30' title="bbox 2175 1533 3828 1612">
     <span class='ocr_line' id='line_1_30' title="bbox 2175 1533 3828 1612; baseline -0.004 -17"><span class='ocrx_word' id='word_1_190' title='bbox 2175 1556 2421 1612; x_wconf 86' lang='lat' dir='ltr'><strong>eamque</strong></span> <span class='ocrx_word' id='word_1_191' title='bbox 2467 1538 2833 1594; x_wconf 82' lang='lat' dir='ltr'><strong>occasionem</strong></span> <span class='ocrx_word' id='word_1_192' title='bbox 2895 1536 3245 1609; x_wconf 80' lang='lat' dir='ltr'><strong>negligenda</strong></span> <span class='ocrx_word' id='word_1_193' title='bbox 3302 1536 3558 1603; x_wconf 81' lang='lat' dir='ltr'><strong>interim,</strong></span> <span class='ocrx_word' id='word_1_194' title='bbox 3593 1533 3828 1606; x_wconf 90' lang='lat' dir='ltr'><strong>qualem</strong></span> 
     </span>
    </p>
   </div>
   <div class='ocr_carea' id='block_1_31' title="bbox 2175 1625 3829 1698">
    <p class='ocr_par' dir='ltr' id='par_1_31' title="bbox 2175 1625 3829 1698">
     <span class='ocr_line' id='line_1_31' title="bbox 2175 1625 3829 1698; baseline -0.004 -14"><span class='ocrx_word' id='word_1_195' title='bbox 2175 1631 2384 1685; x_wconf 88' lang='lat' dir='ltr'><strong>deinde</strong></span> <span class='ocrx_word' id='word_1_196' title='bbox 2417 1630 2570 1684; x_wconf 92' lang='lat' dir='ltr'><strong>haud</strong></span> <span class='ocrx_word' id='word_1_197' title='bbox 2619 1627 2787 1684; x_wconf 77' lang='lat' dir='ltr'><strong>facile</strong></span> <span class='ocrx_word' id='word_1_198' title='bbox 2845 1632 3046 1682; x_wconf 84' lang='lat' dir='ltr'><strong>essent</strong></span> <span class='ocrx_word' id='word_1_199' title='bbox 3095 1625 3384 1698; x_wconf 81' lang='lat' dir='ltr'><strong>adepturi.</strong></span> <span class='ocrx_word' id='word_1_200' title='bbox 3445 1625 3829 1696; x_wconf 81' lang='lat' dir='ltr'><strong>Repugnante</strong></span> 
     </span>
    </p>
   </div>
   <div class='ocr_carea' id='block_1_32' title="bbox 2175 1713 3825 1787">
    <p class='ocr_par' dir='ltr' id='par_1_32' title="bbox 2175 1713 3825 1787">
     <span class='ocr_line' id='line_1_32' title="bbox 2175 1713 3825 1787; baseline -0.004 -14"><span class='ocrx_word' id='word_1_201' title='bbox 2175 1725 2368 1774; x_wconf 89' lang='lat' dir='ltr'><strong>tamen</strong></span> <span class='ocrx_word' id='word_1_202' title='bbox 2401 1715 2921 1787; x_wconf 89' lang='lat' dir='ltr'><strong>Aarone,nihilque</strong></span> <span class='ocrx_word' id='word_1_203' title='bbox 2951 1732 3013 1771; x_wconf 89' lang='lat' dir='ltr'>se</span> <span class='ocrx_word' id='word_1_204' title='bbox 3037 1719 3244 1787; x_wconf 69' lang='lat' dir='ltr'><strong>praeter</strong></span> <span class='ocrx_word' id='word_1_205' title='bbox 3264 1713 3636 1786; x_wconf 85' lang='lat' dir='ltr'><strong>imperatoris</strong></span> <span class='ocrx_word' id='word_1_206' title='bbox 3658 1729 3825 1768; x_wconf 90' lang='lat' dir='ltr'><strong>man-</strong></span> 
     </span>
    </p>
   </div>
   <div class='ocr_carea' id='block_1_33' title="bbox 2175 1800 3820 1876">
    <p class='ocr_par' dir='ltr' id='par_1_33' title="bbox 2175 1800 3820 1876">
     <span class='ocr_line' id='line_1_33' title="bbox 2175 1800 3820 1876; baseline -0.005 -14"><span class='ocrx_word' id='word_1_207' title='bbox 2175 1809 2376 1862; x_wconf 91' lang='lat' dir='ltr'><strong>datum</strong></span> <span class='ocrx_word' id='word_1_208' title='bbox 2411 1813 2679 1862; x_wconf 87' lang='lat' dir='ltr'><strong>acturum</strong></span> <span class='ocrx_word' id='word_1_209' title='bbox 2739 1806 3092 1872; x_wconf 81' lang='lat' dir='ltr'><strong>affirmante,</strong></span> <span class='ocrx_word' id='word_1_210' title='bbox 3159 1805 3285 1876; x_wconf 90' lang='lat' dir='ltr'><strong>ipse</strong></span> <span class='ocrx_word' id='word_1_211' title='bbox 3341 1803 3518 1858; x_wconf 89' lang='lat' dir='ltr'><strong>etiam</strong></span> <span class='ocrx_word' id='word_1_212' title='bbox 3580 1800 3820 1874; x_wconf 90' lang='lat' dir='ltr'><strong>quievit.</strong></span> 
     </span>
    </p>
   </div>
   <div class='ocr_carea' id='block_1_34' title="bbox 399 1890 2077 1998">
    <p class='ocr_par' dir='ltr' id='par_1_34' title="bbox 399 1892 2062 1998">
     <span class='ocr_line' id='line_1_34' title="bbox 399 1892 2062 1971; baseline 0.001 -23"><span class='ocrx_word' id='word_1_213' title='bbox 399 1895 663 1965; x_wconf 82' lang='grc' dir='ltr'>κειμένης</span> <span class='ocrx_word' id='word_1_214' title='bbox 716 1893 979 1967; x_wconf 76' lang='grc' dir='ltr'>μεγίστης</span> <span class='ocrx_word' id='word_1_215' title='bbox 1024 1892 1240 1955; x_wconf 89' lang='grc' dir='ltr'>πόλεως</span> <span class='ocrx_word' id='word_1_216' title='bbox 1270 1895 1356 1947; x_wconf 82' lang='grc' dir='ltr'>καὶ</span> <span class='ocrx_word' id='word_1_217' title='bbox 1407 1899 1592 1970; x_wconf 80' lang='grc' dir='ltr'>τεῖχος</span> <span class='ocrx_word' id='word_1_218' title='bbox 1628 1893 1863 1970; x_wconf 78' lang='grc' dir='ltr'>ἐχούσης</span> <span class='ocrx_word' id='word_1_219' title='bbox 1907 1895 2062 1971; x_wconf 77' lang='grc' dir='ltr'>ἰσχυ-</span> 
     </span>
     <span class='ocr_line' id='line_1_35' title="bbox 441 1979 1828 1998; baseline 0 0"><span class='ocrx_word' id='word_1_220' title='bbox 441 1985 454 1998; x_wconf 76' lang='lat'>.</span> <span class='ocrx_word' id='word_1_221' title='bbox 600 1981 615 1998; x_wconf 68' lang='grc' dir='ltr'>ο</span> <span class='ocrx_word' id='word_1_222' title='bbox 657 1982 670 1998; x_wconf 71' lang='grc' dir='ltr'>ν</span> <span class='ocrx_word' id='word_1_223' title='bbox 729 1979 770 1998; x_wconf 64' lang='grc' dir='ltr'><em>η</em></span> <span class='ocrx_word' id='word_1_224' title='bbox 1083 1979 1180 1998; x_wconf 54' lang='grc' dir='ltr'><strong>με</strong></span> <span class='ocrx_word' id='word_1_225' title='bbox 1288 1987 1313 1998; x_wconf 74' lang='lat'>-</span> <span class='ocrx_word' id='word_1_226' title='bbox 1369 1989 1412 1998; x_wconf 78' lang='lat'>--</span> <span class='ocrx_word' id='word_1_227' title='bbox 1602 1984 1611 1998; x_wconf 86' lang='lat'><em>.</em></span> <span class='ocrx_word' id='word_1_228' title='bbox 1753 1981 1776 1998; x_wconf 59' lang='grc' dir='ltr'>κ</span> <span class='ocrx_word' id='word_1_229' title='bbox 1815 1986 1828 1998; x_wconf 77' lang='grc'><strong>.</strong></span> 
     </span>
    </p>
   </div>
   <div class='ocr_carea' id='block_1_35' title="bbox 2187 1890 3822 1998">
    <p class='ocr_par' dir='ltr' id='par_1_35' title="bbox 2187 1890 3822 1954">
     <span class='ocr_line' id='line_1_36' title="bbox 2187 1890 3822 1954; baseline -0.006 0"><span class='ocrx_word' id='word_1_230' title='bbox 2187 1897 2326 1954; x_wconf 74' lang='grc'>578</span> <span class='ocrx_word' id='word_1_231' title='bbox 2362 1897 2672 1951; x_wconf 78' lang='lat' dir='ltr'><strong>Abramius</strong></span> <span class='ocrx_word' id='word_1_232' title='bbox 2706 1912 2817 1950; x_wconf 92' lang='lat' dir='ltr'>non</span> <span class='ocrx_word' id='word_1_233' title='bbox 2853 1912 2919 1950; x_wconf 81' lang='lat' dir='ltr'><strong>ex</strong></span> <span class='ocrx_word' id='word_1_234' title='bbox 2949 1893 3132 1949; x_wconf 89' lang='lat' dir='ltr'><strong>animi</strong></span> <span class='ocrx_word' id='word_1_235' title='bbox 3165 1891 3454 1949; x_wconf 86' lang='lat' dir='ltr'><strong>sententia</strong></span> <span class='ocrx_word' id='word_1_236' title='bbox 3476 1890 3822 1948; x_wconf 87' lang='lat' dir='ltr'><strong>succedente</strong></span> 
     </span>
    </p>
   </div>
   <div class='ocr_carea' id='block_1_36' title="bbox 403 1979 2065 2061">
    <p class='ocr_par' dir='ltr' id='par_1_36' title="bbox 403 1979 2065 2061">
     <span class='ocr_line' id='line_1_37' title="bbox 403 1979 2065 2061; baseline 0.002 -25"><span class='ocrx_word' id='word_1_237' title='bbox 403 1985 496 2057; x_wconf 80' lang='grc' dir='ltr'>ρὸν</span> <span class='ocrx_word' id='word_1_238' title='bbox 525 1981 619 2036; x_wconf 82' lang='grc' dir='ltr'>καὶ</span> <span class='ocrx_word' id='word_1_239' title='bbox 646 1979 952 2050; x_wconf 79' lang='grc' dir='ltr'>ἀνάλωτον,</span> <span class='ocrx_word' id='word_1_240' title='bbox 1006 1979 1190 2037; x_wconf 84' lang='grc' dir='ltr'>πολλᾶ</span> <span class='ocrx_word' id='word_1_241' title='bbox 1222 1987 1318 2037; x_wconf 89' lang='grc' dir='ltr'>τοῦ</span> <span class='ocrx_word' id='word_1_242' title='bbox 1367 1984 1715 2056; x_wconf 84' lang='grc' dir='ltr'>Κεκαυμένου</span> <span class='ocrx_word' id='word_1_243' title='bbox 1749 1981 1838 2039; x_wconf 78' lang='grc' dir='ltr'>διὰ</span> <span class='ocrx_word' id='word_1_244' title='bbox 1887 2006 2065 2061; x_wconf 83' lang='grc' dir='ltr'>γραμ-</span> 
     </span>
    </p>
   </div>
   <div class='ocr_carea' id='block_1_37' title="bbox 417 2067 2068 2146">
    <p class='ocr_par' dir='ltr' id='par_1_37' title="bbox 417 2067 2068 2146">
     <span class='ocr_line' id='line_1_38' title="bbox 417 2067 2068 2146; baseline 0.003 -22"><span class='ocrx_word' id='word_1_245' title='bbox 417 2072 601 2142; x_wconf 80' lang='grc' dir='ltr'>μάτων</span> <span class='ocrx_word' id='word_1_246' title='bbox 658 2067 750 2124; x_wconf 76' lang='grc' dir='ltr'>καί</span> <span class='ocrx_word' id='word_1_247' title='bbox 808 2069 1209 2140; x_wconf 76' lang='grc' dir='ltr'>ἀπειλήσαντος</span> <span class='ocrx_word' id='word_1_248' title='bbox 1255 2072 1345 2125; x_wconf 87' lang='grc' dir='ltr'>καὶ</span> <span class='ocrx_word' id='word_1_249' title='bbox 1396 2071 1891 2146; x_wconf 80' lang='grc' dir='ltr'>παρακαλέσαντος.</span> <span class='ocrx_word' id='word_1_250' title='bbox 1955 2077 2068 2131; x_wconf 84' lang='grc' dir='ltr'>Κα-</span> 
     </span>
    </p>
   </div>
   <div class='ocr_carea' id='block_1_38' title="bbox 420 2154 2064 2238">
    <p class='ocr_par' dir='ltr' id='par_1_38' title="bbox 420 2154 2064 2238">
     <span class='ocr_line' id='line_1_39' title="bbox 420 2154 2064 2238; baseline 0.003 -25"><span class='ocrx_word' id='word_1_251' title='bbox 420 2154 764 2214; x_wconf 85' lang='grc' dir='ltr'>ταλαϐόντων</span> <span class='ocrx_word' id='word_1_252' title='bbox 824 2157 916 2214; x_wconf 79' lang='grc' dir='ltr'>οῦν</span> <span class='ocrx_word' id='word_1_253' title='bbox 973 2164 1080 2214; x_wconf 80' lang='grc' dir='ltr'>τῶν</span> <span class='ocrx_word' id='word_1_254' title='bbox 1113 2159 1373 2234; x_wconf 84' lang='grc' dir='ltr'>Τούρκων</span> <span class='ocrx_word' id='word_1_255' title='bbox 1405 2161 1493 2216; x_wconf 89' lang='grc' dir='ltr'>καὶ</span> <span class='ocrx_word' id='word_1_256' title='bbox 1526 2161 1850 2235; x_wconf 74' lang='grc' dir='ltr'>ἁπτομένων</span> <span class='ocrx_word' id='word_1_257' title='bbox 1881 2159 2064 2238; x_wconf 76' lang='grc' dir='ltr'>ἔργου,</span> 
     </span>
    </p>
   </div>
   <div class='ocr_carea' id='block_1_39' title="bbox 428 2245 2064 2326">
    <p class='ocr_par' dir='ltr' id='par_1_39' title="bbox 428 2245 2064 2326">
     <span class='ocr_line' id='line_1_40' title="bbox 428 2245 2064 2326; baseline 0.003 -25"><span class='ocrx_word' id='word_1_258' title='bbox 428 2248 482 2301; x_wconf 64' lang='grc' dir='ltr'>οἱ</span> <span class='ocrx_word' id='word_1_259' title='bbox 535 2246 586 2302; x_wconf 74' lang='grc' dir='ltr'>ἒν</span> <span class='ocrx_word' id='word_1_260' title='bbox 635 2252 708 2318; x_wconf 75' lang='grc' dir='ltr'>τῷ</span> <span class='ocrx_word' id='word_1_261' title='bbox 757 2252 958 2321; x_wconf 73' lang='grc' dir='ltr'>’Ἃρτζε</span> <span class='ocrx_word' id='word_1_262' title='bbox 1012 2248 1106 2312; x_wconf 78' lang='grc' dir='ltr'>τάς</span> <span class='ocrx_word' id='word_1_263' title='bbox 1137 2245 1353 2311; x_wconf 82' lang='grc' dir='ltr'>διόδους</span> <span class='ocrx_word' id='word_1_264' title='bbox 1411 2249 1826 2326; x_wconf 84' lang='grc' dir='ltr'>συγκλείσαντες</span> <span class='ocrx_word' id='word_1_265' title='bbox 1853 2253 1940 2306; x_wconf 80' lang='grc' dir='ltr'>καὶ</span> <span class='ocrx_word' id='word_1_266' title='bbox 1979 2251 2064 2306; x_wconf 77' lang='grc' dir='ltr'>ἐπὶ</span> 
     </span>
    </p>
   </div>
   <div class='ocr_carea' id='block_1_40' title="bbox 430 2332 2070 2412">
    <p class='ocr_par' dir='ltr' id='par_1_40' title="bbox 430 2332 2070 2412">
     <span class='ocr_line' id='line_1_41' title="bbox 430 2332 2070 2412; baseline 0.004 -22"><span class='ocrx_word' id='word_1_267' title='bbox 430 2342 539 2391; x_wconf 67' lang='grc' dir='ltr'>τῶν</span> <span class='ocrx_word' id='word_1_268' title='bbox 599 2334 852 2408; x_wconf 76' lang='grc' dir='ltr'>δωμάτων</span> <span class='ocrx_word' id='word_1_269' title='bbox 903 2332 1194 2401; x_wconf 87' lang='grc' dir='ltr'>ἀναϐάντες</span> <span class='ocrx_word' id='word_1_270' title='bbox 1225 2340 1310 2412; x_wconf 90' lang='grc' dir='ltr'>[Ρ.</span> <span class='ocrx_word' id='word_1_271' title='bbox 1343 2342 1474 2412; x_wconf 83' lang='lat'>773]</span> <span class='ocrx_word' id='word_1_272' title='bbox 1525 2339 1699 2404; x_wconf 82' lang='grc' dir='ltr'>λίθοις</span> <span class='ocrx_word' id='word_1_273' title='bbox 1745 2341 1834 2396; x_wconf 81' lang='grc' dir='ltr'>καὶ</span> <span class='ocrx_word' id='word_1_274' title='bbox 1886 2341 2070 2412; x_wconf 79' lang='grc' dir='ltr'>ξύλοις</span> 
     </span>
    </p>
   </div>
   <div class='ocr_carea' id='block_1_41' title="bbox 425 2425 2066 2501">
    <p class='ocr_par' dir='ltr' id='par_1_41' title="bbox 425 2425 2066 2501">
     <span class='ocr_line' id='line_1_42' title="bbox 425 2425 2066 2501; baseline 0.003 -23"><span class='ocrx_word' id='word_1_275' title='bbox 425 2427 512 2480; x_wconf 74' lang='grc' dir='ltr'>καί</span> <span class='ocrx_word' id='word_1_276' title='bbox 569 2425 740 2496; x_wconf 81' lang='grc' dir='ltr'>τόξοις</span> <span class='ocrx_word' id='word_1_277' title='bbox 797 2425 928 2487; x_wconf 79' lang='grc' dir='ltr'>τοὺς</span> <span class='ocrx_word' id='word_1_278' title='bbox 985 2425 1236 2489; x_wconf 78' lang='grc' dir='ltr'>ἐπιόντας</span> <span class='ocrx_word' id='word_1_279' title='bbox 1297 2427 1599 2501; x_wconf 84' lang='grc' dir='ltr'>ἠμύνοντο.</span> <span class='ocrx_word' id='word_1_280' title='bbox 1635 2430 1733 2484; x_wconf 85' lang='grc' dir='ltr'>Καὶ</span> <span class='ocrx_word' id='word_1_281' title='bbox 1765 2427 2066 2486; x_wconf 78' lang='grc' dir='ltr'>διετέλεσαν</span> 
     </span>
    </p>
   </div>
   <div class='ocr_carea' id='block_1_42' title="bbox 416 2513 2069 2595">
    <p class='ocr_par' dir='ltr' id='par_1_42' title="bbox 416 2513 2069 2595">
     <span class='ocr_line' id='line_1_43' title="bbox 416 2513 2069 2595; baseline 0.004 -27"><span class='ocrx_word' id='word_1_282' title='bbox 416 2514 725 2590; x_wconf 84' lang='grc' dir='ltr'>μαχόμενοι</span> <span class='ocrx_word' id='word_1_283' title='bbox 782 2515 867 2589; x_wconf 66' lang='grc' dir='ltr'>ἐφ’</span> <span class='ocrx_word' id='word_1_284' title='bbox 897 2513 1032 2576; x_wconf 79' lang='grc' dir='ltr'>ὕλας</span> <span class='ocrx_word' id='word_1_285' title='bbox 1063 2517 1275 2590; x_wconf 75' lang='grc' dir='ltr'>ἡμέρας</span> <span class='ocrx_word' id='word_1_286' title='bbox 1433 2518 1794 2595; x_wconf 78' lang='grc' dir='ltr'>Ἀγγελθέντο</span> <span class='ocrx_word' id='word_1_287' title='bbox 1853 2516 1911 2574; x_wconf 76' lang='grc' dir='ltr'>δὲ</span> <span class='ocrx_word' id='word_1_288' title='bbox 1939 2519 2069 2574; x_wconf 90' lang='grc' dir='ltr'>τού-</span> 
     </span>
    </p>
   </div>
   <div class='ocr_carea' id='block_1_43' title="bbox 409 2605 2070 2684">
    <p class='ocr_par' dir='ltr' id='par_1_43' title="bbox 409 2605 2070 2684">
     <span class='ocr_line' id='line_1_44' title="bbox 409 2605 2070 2684; baseline 0.004 -28"><span class='ocrx_word' id='word_1_289' title='bbox 409 2623 508 2656; x_wconf 89' lang='grc' dir='ltr'>του</span> <span class='ocrx_word' id='word_1_290' title='bbox 539 2608 656 2664; x_wconf 89' lang='grc' dir='ltr'>τοῖς</span> <span class='ocrx_word' id='word_1_291' title='bbox 690 2609 1049 2678; x_wconf 78' lang='grc' dir='ltr'>στρατηγοῖς,</span> <span class='ocrx_word' id='word_1_292' title='bbox 1111 2605 1138 2658; x_wconf 84' lang='grc' dir='ltr'>ὁ</span> <span class='ocrx_word' id='word_1_293' title='bbox 1197 2605 1537 2678; x_wconf 80' lang='grc' dir='ltr'>Κεκαυμένος</span> <span class='ocrx_word' id='word_1_294' title='bbox 1593 2606 1768 2670; x_wconf 83' lang='grc' dir='ltr'>πολὺς</span> <span class='ocrx_word' id='word_1_295' title='bbox 1797 2609 1863 2677; x_wconf 83' lang='grc' dir='ltr'>ἦν</span> <span class='ocrx_word' id='word_1_296' title='bbox 1898 2607 2070 2684; x_wconf 69' lang='grc' dir='ltr'>έγκεί-</span> 
     </span>
    </p>
   </div>
   <div class='ocr_carea' id='block_1_44' title="bbox 416 2690 2074 2770">
    <p class='ocr_par' dir='ltr' id='par_1_44' title="bbox 416 2690 2074 2770">
     <span class='ocr_line' id='line_1_45' title="bbox 416 2690 2074 2770; baseline 0.004 -24"><span class='ocrx_word' id='word_1_297' title='bbox 416 2713 573 2762; x_wconf 83' lang='grc' dir='ltr'>μενος</span> <span class='ocrx_word' id='word_1_298' title='bbox 629 2693 720 2746; x_wconf 79' lang='grc' dir='ltr'>καὶ</span> <span class='ocrx_word' id='word_1_299' title='bbox 777 2690 1107 2766; x_wconf 80' lang='grc' dir='ltr'>παρακαλῶν</span> <span class='ocrx_word' id='word_1_300' title='bbox 1168 2694 1422 2758; x_wconf 72' lang='grc' dir='ltr'>ἀπελθεῖν</span> <span class='ocrx_word' id='word_1_301' title='bbox 1477 2696 1567 2750; x_wconf 80' lang='grc' dir='ltr'>καὶ</span> <span class='ocrx_word' id='word_1_302' title='bbox 1617 2692 1916 2770; x_wconf 87' lang='grc' dir='ltr'>συμϐαλεῖν</span> <span class='ocrx_word' id='word_1_303' title='bbox 1956 2703 2074 2762; x_wconf 89' lang='grc' dir='ltr'>τοῖς</span> 
     </span>
    </p>
   </div>
   <div class='ocr_carea' id='block_1_45' title="bbox 409 2779 2070 2861">
    <p class='ocr_par' dir='ltr' id='par_1_45' title="bbox 409 2779 2070 2861">
     <span class='ocr_line' id='line_1_46' title="bbox 409 2779 2070 2861; baseline 0.002 -23"><span class='ocrx_word' id='word_1_304' title='bbox 409 2782 688 2854; x_wconf 75' lang='grc' dir='ltr'>Τούρκοις</span> <span class='ocrx_word' id='word_1_305' title='bbox 719 2781 810 2835; x_wconf 86' lang='grc' dir='ltr'>τὸν</span> <span class='ocrx_word' id='word_1_306' title='bbox 844 2786 970 2835; x_wconf 93' lang='grc' dir='ltr'>νοῦν</span> <span class='ocrx_word' id='word_1_307' title='bbox 1002 2779 1193 2857; x_wconf 75' lang='grc' dir='ltr'>ἔχουσι</span> <span class='ocrx_word' id='word_1_308' title='bbox 1253 2784 1391 2860; x_wconf 86' lang='grc' dir='ltr'>πρὸς</span> <span class='ocrx_word' id='word_1_309' title='bbox 1423 2789 1490 2860; x_wconf 82' lang='grc' dir='ltr'>τῇ</span> <span class='ocrx_word' id='word_1_310' title='bbox 1521 2785 1838 2861; x_wconf 80' lang='grc' dir='ltr'>πολιορκίᾳ,</span> <span class='ocrx_word' id='word_1_311' title='bbox 1869 2787 1958 2842; x_wconf 86' lang='grc' dir='ltr'>καὶ</span> <span class='ocrx_word' id='word_1_312' title='bbox 1994 2788 2070 2860; x_wconf 83' lang='grc' dir='ltr'>μὴ</span> 
     </span>
    </p>
   </div>
   <div class='ocr_carea' id='block_1_46' title="bbox 407 2867 2072 2951">
    <p class='ocr_par' dir='ltr' id='par_1_46' title="bbox 407 2867 2072 2951">
     <span class='ocr_line' id='line_1_47' title="bbox 407 2867 2072 2951; baseline 0.005 -27"><span class='ocrx_word' id='word_1_313' title='bbox 407 2871 682 2938; x_wconf 81' lang='grc' dir='ltr'>καθῆσθαι</span> <span class='ocrx_word' id='word_1_314' title='bbox 737 2868 1033 2940; x_wconf 87' lang='grc' dir='ltr'>τηνάλλως</span> <span class='ocrx_word' id='word_1_315' title='bbox 1086 2871 1177 2925; x_wconf 86' lang='grc' dir='ltr'>καὶ</span> <span class='ocrx_word' id='word_1_316' title='bbox 1239 2867 1447 2947; x_wconf 88' lang='grc' dir='ltr'>τρίϐειν</span> <span class='ocrx_word' id='word_1_317' title='bbox 1496 2875 1590 2929; x_wconf 86' lang='grc' dir='ltr'>τὸν</span> <span class='ocrx_word' id='word_1_318' title='bbox 1648 2876 1847 2951; x_wconf 70' lang='grc' dir='ltr'>χρόνον</span> <span class='ocrx_word' id='word_1_319' title='bbox 1881 2921 1896 2945; x_wconf 96' lang='grc'>,</span> <span class='ocrx_word' id='word_1_320' title='bbox 1971 2877 2072 2946; x_wconf 81' lang='grc' dir='ltr'>τήν</span> 
     </span>
    </p>
   </div>
   <div class='ocr_carea' id='block_1_47' title="bbox 410 2959 2072 3040">
    <p class='ocr_par' dir='ltr' id='par_1_47' title="bbox 410 2959 2072 3040">
     <span class='ocr_line' id='line_1_48' title="bbox 410 2959 2072 3040; baseline 0.004 -27"><span class='ocrx_word' id='word_1_321' title='bbox 410 2959 638 3027; x_wconf 78' lang='grc' dir='ltr'>συκίνην</span> <span class='ocrx_word' id='word_1_322' title='bbox 728 2963 1137 3034; x_wconf 76' lang='grc' dir='ltr'>προσμένοντας</span> <span class='ocrx_word' id='word_1_323' title='bbox 1210 2960 1521 3038; x_wconf 76' lang='grc' dir='ltr'>ἐπικουρίαν</span> <span class='ocrx_word' id='word_1_324' title='bbox 1591 2965 1683 3020; x_wconf 89' lang='grc' dir='ltr'>τὸν</span> <span class='ocrx_word' id='word_1_325' title='bbox 1752 2966 2072 3040; x_wconf 76' lang='grc' dir='ltr'>Αιπαρίτην,</span> 
     </span>
    </p>
   </div>
   <div class='ocr_carea' id='block_1_48' title="bbox 407 3045 2075 3128">
    <p class='ocr_par' dir='ltr' id='par_1_48' title="bbox 407 3045 2075 3128">
     <span class='ocr_line' id='line_1_49' title="bbox 407 3045 2075 3128; baseline 0.004 -26"><span class='ocrx_word' id='word_1_326' title='bbox 407 3049 498 3102; x_wconf 75' lang='grc' dir='ltr'>καὶ</span> <span class='ocrx_word' id='word_1_327' title='bbox 541 3050 637 3102; x_wconf 84' lang='grc' dir='ltr'>τὸν</span> <span class='ocrx_word' id='word_1_328' title='bbox 699 3045 1010 3118; x_wconf 73' lang='grc' dir='ltr'>ἐπιτήδειον</span> <span class='ocrx_word' id='word_1_329' title='bbox 1069 3052 1484 3126; x_wconf 88' lang='grc' dir='ltr'>παρατρέχοντα</span> <span class='ocrx_word' id='word_1_330' title='bbox 1517 3051 1736 3128; x_wconf 87' lang='grc' dir='ltr'>βλέπειν</span> <span class='ocrx_word' id='word_1_331' title='bbox 1767 3055 1977 3128; x_wconf 86' lang='grc' dir='ltr'>καιρὸν,</span> <span class='ocrx_word' id='word_1_332' title='bbox 2013 3055 2075 3109; x_wconf 84' lang='grc' dir='ltr'>οῦ</span> 
     </span>
    </p>
   </div>
   <div class='ocr_carea' id='block_1_49' title="bbox 409 3135 2074 3214">
    <p class='ocr_par' dir='ltr' id='par_1_49' title="bbox 409 3135 2074 3214">
     <span class='ocr_line' id='line_1_50' title="bbox 409 3135 2074 3214; baseline 0.004 -24"><span class='ocrx_word' id='word_1_333' title='bbox 409 3143 605 3212; x_wconf 82' lang='grc' dir='ltr'>τυχεῖν</span> <span class='ocrx_word' id='word_1_334' title='bbox 660 3136 829 3192; x_wconf 86' lang='grc' dir='ltr'>πάλιν</span> <span class='ocrx_word' id='word_1_335' title='bbox 889 3137 951 3192; x_wconf 88' lang='grc' dir='ltr'>ού</span> <span class='ocrx_word' id='word_1_336' title='bbox 986 3135 1191 3214; x_wconf 70' lang='grc' dir='ltr'>ῥᾴδιον.</span> <span class='ocrx_word' id='word_1_337' title='bbox 1252 3140 1696 3206; x_wconf 85' lang='grc' dir='ltr'>Ἀντιπίπτοντος</span> <span class='ocrx_word' id='word_1_338' title='bbox 1739 3140 1796 3197; x_wconf 74' lang='grc' dir='ltr'>δὲ</span> <span class='ocrx_word' id='word_1_339' title='bbox 1825 3148 1920 3198; x_wconf 88' lang='grc' dir='ltr'>τοῦ</span> <span class='ocrx_word' id='word_1_340' title='bbox 1952 3145 2074 3200; x_wconf 83' lang='grc' dir='ltr'>Ἀα-</span> 
     </span>
    </p>
   </div>
   <div class='ocr_carea' id='block_1_50' title="bbox 413 3221 2076 3307">
    <p class='ocr_par' dir='ltr' id='par_1_50' title="bbox 413 3221 2076 3307">
     <span class='ocr_line' id='line_1_51' title="bbox 413 3221 2076 3307; baseline 0.005 -29"><span class='ocrx_word' id='word_1_341' title='bbox 413 3227 554 3299; x_wconf 82' lang='grc' dir='ltr'>ρὼν,</span> <span class='ocrx_word' id='word_1_342' title='bbox 617 3224 709 3279; x_wconf 75' lang='grc' dir='ltr'>καί</span> <span class='ocrx_word' id='word_1_343' title='bbox 773 3221 940 3296; x_wconf 85' lang='grc' dir='ltr'>μηδέν</span> <span class='ocrx_word' id='word_1_344' title='bbox 995 3247 1047 3279; x_wconf 91' lang='grc' dir='ltr'>τι</span> <span class='ocrx_word' id='word_1_345' title='bbox 1111 3223 1496 3304; x_wconf 77' lang='grc' dir='ltr'>διαπράξασθαι</span> <span class='ocrx_word' id='word_1_346' title='bbox 1557 3229 1811 3306; x_wconf 89' lang='grc' dir='ltr'>λέγοντος</span> <span class='ocrx_word' id='word_1_347' title='bbox 1840 3233 1987 3307; x_wconf 88' lang='grc' dir='ltr'>παρὰ</span> <span class='ocrx_word' id='word_1_348' title='bbox 2013 3233 2076 3286; x_wconf 89' lang='grc' dir='ltr'>τὸ</span> 
     </span>
    </p>
   </div>
   <div class='ocr_carea' id='block_1_51' title="bbox 2177 1979 3821 2058">
    <p class='ocr_par' dir='ltr' id='par_1_51' title="bbox 2177 1979 3821 2058">
     <span class='ocr_line' id='line_1_52' title="bbox 2177 1979 3821 2058; baseline -0.005 -16"><span class='ocrx_word' id='word_1_349' title='bbox 2177 1987 2570 2058; x_wconf 86' lang='lat' dir='ltr'><strong>negotio,cum</strong></span> <span class='ocrx_word' id='word_1_350' title='bbox 2595 1985 2785 2041; x_wconf 89' lang='lat' dir='ltr'><strong>vicum</strong></span> <span class='ocrx_word' id='word_1_351' title='bbox 2819 2000 3152 2054; x_wconf 84' lang='lat' dir='ltr'><strong>expugnare</strong></span> <span class='ocrx_word' id='word_1_352' title='bbox 3183 1999 3299 2038; x_wconf 87' lang='lat' dir='ltr'>non</span> <span class='ocrx_word' id='word_1_353' title='bbox 3335 1985 3556 2054; x_wconf 89' lang='lat' dir='ltr'><strong>posset,</strong></span> <span class='ocrx_word' id='word_1_354' title='bbox 3609 1979 3821 2052; x_wconf 84' lang='lat' dir='ltr'><strong>Opibus</strong></span> 
     </span>
    </p>
   </div>
   <div class='ocr_carea' id='block_1_52' title="bbox 2177 2069 3817 2148">
    <p class='ocr_par' dir='ltr' id='par_1_52' title="bbox 2177 2069 3817 2148">
     <span class='ocr_line' id='line_1_53' title="bbox 2177 2069 3817 2148; baseline -0.005 -17"><span class='ocrx_word' id='word_1_355' title='bbox 2177 2076 2486 2148; x_wconf 75' lang='lat' dir='ltr'><strong>praedaque</strong></span> <span class='ocrx_word' id='word_1_356' title='bbox 2539 2073 2750 2145; x_wconf 87' lang='lat' dir='ltr'><strong>spretis</strong></span> <span class='ocrx_word' id='word_1_357' title='bbox 2810 2073 3004 2144; x_wconf 86' lang='lat' dir='ltr'><strong>ignem</strong></span> <span class='ocrx_word' id='word_1_358' title='bbox 3076 2072 3349 2127; x_wconf 88' lang='lat' dir='ltr'><strong>domibus</strong></span> <span class='ocrx_word' id='word_1_359' title='bbox 3411 2069 3573 2141; x_wconf 89' lang='lat' dir='ltr'><strong>injici</strong></span> <span class='ocrx_word' id='word_1_360' title='bbox 3625 2069 3817 2140; x_wconf 89' lang='lat' dir='ltr'><strong>jubet.</strong></span> 
     </span>
    </p>
   </div>
   <div class='ocr_carea' id='block_1_53' title="bbox 2177 2157 3821 2232">
    <p class='ocr_par' dir='ltr' id='par_1_53' title="bbox 2177 2157 3821 2232">
     <span class='ocr_line' id='line_1_54' title="bbox 2177 2157 3821 2232; baseline -0.007 -11"><span class='ocrx_word' id='word_1_361' title='bbox 2177 2165 2392 2221; x_wconf 79' lang='lat' dir='ltr'><strong>Statim</strong></span> <span class='ocrx_word' id='word_1_362' title='bbox 2423 2163 2591 2218; x_wconf 91' lang='lat' dir='ltr'><strong>Turci</strong></span> <span class='ocrx_word' id='word_1_363' title='bbox 2626 2163 2778 2217; x_wconf 88' lang='lat' dir='ltr'><strong>faces</strong></span> <span class='ocrx_word' id='word_1_364' title='bbox 2810 2161 3238 2232; x_wconf 89' lang='lat' dir='ltr'><strong>materiamque</strong></span> <span class='ocrx_word' id='word_1_365' title='bbox 3269 2160 3424 2232; x_wconf 85' lang='lat' dir='ltr'><strong>ignis</strong></span> <span class='ocrx_word' id='word_1_366' title='bbox 3455 2174 3726 2229; x_wconf 90' lang='lat' dir='ltr'><strong>capacem</strong></span> <span class='ocrx_word' id='word_1_367' title='bbox 3763 2157 3821 2210; x_wconf 90' lang='lat' dir='ltr'>in</span> 
     </span>
    </p>
   </div>
   <div class='ocr_carea' id='block_1_54' title="bbox 2177 2247 3828 2323">
    <p class='ocr_par' dir='ltr' id='par_1_54' title="bbox 2177 2247 3828 2323">
     <span class='ocr_line' id='line_1_55' title="bbox 2177 2247 3828 2323; baseline -0.005 -15"><span class='ocrx_word' id='word_1_368' title='bbox 2177 2256 2384 2309; x_wconf 89' lang='lat' dir='ltr'><strong>domos</strong></span> <span class='ocrx_word' id='word_1_369' title='bbox 2429 2251 2794 2323; x_wconf 81' lang='lat' dir='ltr'><strong>conjiciunt:</strong></span> <span class='ocrx_word' id='word_1_370' title='bbox 2845 2257 2902 2306; x_wconf 92' lang='lat' dir='ltr'>et</span> <span class='ocrx_word' id='word_1_371' title='bbox 2958 2257 3154 2306; x_wconf 86' lang='lat' dir='ltr'><strong>coorto</strong></span> <span class='ocrx_word' id='word_1_372' title='bbox 3211 2249 3476 2320; x_wconf 90' lang='lat' dir='ltr'><strong>undique</strong></span> <span class='ocrx_word' id='word_1_373' title='bbox 3533 2247 3828 2314; x_wconf 89' lang='lat' dir='ltr'><strong>incendio,</strong></span> 
     </span>
    </p>
   </div>
   <div class='ocr_carea' id='block_1_55' title="bbox 2177 2338 3830 2411">
    <p class='ocr_par' dir='ltr' id='par_1_55' title="bbox 2177 2338 3830 2411">
     <span class='ocr_line' id='line_1_56' title="bbox 2177 2338 3830 2411; baseline -0.005 -13"><span class='ocrx_word' id='word_1_374' title='bbox 2177 2342 2404 2398; x_wconf 87' lang='lat' dir='ltr'><strong>Artzeni</strong></span> <span class='ocrx_word' id='word_1_375' title='bbox 2438 2359 2570 2397; x_wconf 89' lang='lat' dir='ltr'>cum</span> <span class='ocrx_word' id='word_1_376' title='bbox 2605 2340 2722 2411; x_wconf 89' lang='lat' dir='ltr'><strong>igni</strong></span> <span class='ocrx_word' id='word_1_377' title='bbox 2755 2340 2931 2395; x_wconf 90' lang='lat' dir='ltr'><strong>simul</strong></span> <span class='ocrx_word' id='word_1_378' title='bbox 2966 2345 3023 2394; x_wconf 92' lang='lat' dir='ltr'>et</span> <span class='ocrx_word' id='word_1_379' title='bbox 3068 2340 3336 2395; x_wconf 84' lang='lat' dir='ltr'><strong>hostibus</strong></span> <span class='ocrx_word' id='word_1_380' title='bbox 3387 2338 3656 2393; x_wconf 88' lang='lat' dir='ltr'><strong>resistere</strong></span> <span class='ocrx_word' id='word_1_381' title='bbox 3713 2353 3830 2391; x_wconf 91' lang='lat' dir='ltr'>non</span> 
     </span>
    </p>
   </div>
   <div class='ocr_carea' id='block_1_56' title="bbox 2179 2423 3835 2503">
    <p class='ocr_par' dir='ltr' id='par_1_56' title="bbox 2179 2423 3835 2503">
     <span class='ocr_line' id='line_1_57' title="bbox 2179 2423 3835 2503; baseline -0.007 -16"><span class='ocrx_word' id='word_1_382' title='bbox 2179 2431 2519 2503; x_wconf 85' lang='lat' dir='ltr'><strong>possent,ad</strong></span> <span class='ocrx_word' id='word_1_383' title='bbox 2554 2430 2753 2502; x_wconf 88' lang='lat' dir='ltr'><strong>fugam</strong></span> <span class='ocrx_word' id='word_1_384' title='bbox 2815 2427 3125 2484; x_wconf 88' lang='lat' dir='ltr'><strong>inclinant.</strong></span> <span class='ocrx_word' id='word_1_385' title='bbox 3179 2429 3396 2484; x_wconf 88' lang='lat' dir='ltr'><strong>Ferunt</strong></span> <span class='ocrx_word' id='word_1_386' title='bbox 3451 2424 3697 2498; x_wconf 89' lang='lat' dir='ltr'><strong>periisse</strong></span> <span class='ocrx_word' id='word_1_387' title='bbox 3753 2423 3835 2478; x_wconf 90' lang='lat' dir='ltr'>ibi</span> 
     </span>
    </p>
   </div>
   <div class='ocr_carea' id='block_1_57' title="bbox 2179 2512 3835 2590">
    <p class='ocr_par' dir='ltr' id='par_1_57' title="bbox 2179 2512 3835 2590">
     <span class='ocr_line' id='line_1_58' title="bbox 2179 2512 3835 2590; baseline -0.005 -15"><span class='ocrx_word' id='word_1_388' title='bbox 2179 2521 2485 2575; x_wconf 89' lang='lat' dir='ltr'><strong>hominum</strong></span> <span class='ocrx_word' id='word_1_389' title='bbox 2520 2519 2591 2574; x_wconf 90' lang='lat' dir='ltr'>ad</span> <span class='ocrx_word' id='word_1_390' title='bbox 2623 2523 2855 2574; x_wconf 91' lang='lat' dir='ltr'><strong>centum</strong></span> <span class='ocrx_word' id='word_1_391' title='bbox 2890 2519 3296 2590; x_wconf 75' lang='lat' dir='ltr'><strong>&#39;quadraginta</strong></span> <span class='ocrx_word' id='word_1_392' title='bbox 3353 2514 3562 2584; x_wconf 86' lang='lat' dir='ltr'><strong>millia,</strong></span> <span class='ocrx_word' id='word_1_393' title='bbox 3624 2512 3835 2585; x_wconf 86' lang='lat' dir='ltr'><strong>partim</strong></span> 
     </span>
    </p>
   </div>
   <div class='ocr_carea' id='block_1_58' title="bbox 2181 2601 3834 2680">
    <p class='ocr_par' dir='ltr' id='par_1_58' title="bbox 2181 2601 3834 2680">
     <span class='ocr_line' id='line_1_59' title="bbox 2181 2601 3834 2680; baseline -0.006 -15"><span class='ocrx_word' id='word_1_394' title='bbox 2181 2611 2331 2666; x_wconf 87' lang='lat' dir='ltr'><strong>ferro</strong></span> <span class='ocrx_word' id='word_1_395' title='bbox 2349 2608 2878 2680; x_wconf 67' lang='lat' dir='ltr'><strong>cassorum,partim</strong></span> <span class='ocrx_word' id='word_1_396' title='bbox 2901 2606 3021 2679; x_wconf 89' lang='lat' dir='ltr'><strong>igni</strong></span> <span class='ocrx_word' id='word_1_397' title='bbox 3037 2607 3661 2678; x_wconf 87' lang='lat' dir='ltr'><strong>absumptorum.Cum</strong></span> <span class='ocrx_word' id='word_1_398' title='bbox 3675 2601 3834 2657; x_wconf 90' lang='lat' dir='ltr'><strong>enim</strong></span> 
     </span>
    </p>
   </div>
   <div class='ocr_carea' id='block_1_59' title="bbox 2181 2693 3836 2771">
    <p class='ocr_par' dir='ltr' id='par_1_59' title="bbox 2181 2693 3836 2771">
     <span class='ocr_line' id='line_1_60' title="bbox 2181 2693 3836 2771; baseline -0.005 -16"><span class='ocrx_word' id='word_1_399' title='bbox 2181 2706 2351 2771; x_wconf 91' lang='lat' dir='ltr'><strong>capto</strong></span> <span class='ocrx_word' id='word_1_400' title='bbox 2375 2699 2499 2754; x_wconf 87' lang='lat' dir='ltr'><strong>vico</strong></span> <span class='ocrx_word' id='word_1_401' title='bbox 2531 2699 2604 2753; x_wconf 91' lang='lat' dir='ltr'>de</span> <span class='ocrx_word' id='word_1_402' title='bbox 2636 2697 2824 2754; x_wconf 87' lang='lat' dir='ltr'><strong>salute</strong></span> <span class='ocrx_word' id='word_1_403' title='bbox 2853 2697 3258 2768; x_wconf 87' lang='lat' dir='ltr'><strong>desperarent,</strong></span> <span class='ocrx_word' id='word_1_404' title='bbox 3308 2693 3480 2748; x_wconf 90' lang='lat' dir='ltr'><strong>multi</strong></span> <span class='ocrx_word' id='word_1_405' title='bbox 3506 2709 3590 2762; x_wconf 87' lang='lat' dir='ltr'>se,</span> <span class='ocrx_word' id='word_1_406' title='bbox 3626 2708 3836 2747; x_wconf 84' lang='lat' dir='ltr'><strong>uxores</strong></span> 
     </span>
    </p>
   </div>
   <div class='ocr_carea' id='block_1_60' title="bbox 2183 2781 3830 2859">
    <p class='ocr_par' dir='ltr' id='par_1_60' title="bbox 2183 2781 3830 2859">
     <span class='ocr_line' id='line_1_61' title="bbox 2183 2781 3830 2859; baseline -0.006 -15"><span class='ocrx_word' id='word_1_407' title='bbox 2183 2789 2518 2859; x_wconf 85' lang='lat' dir='ltr'><strong>liberosque</strong></span> <span class='ocrx_word' id='word_1_408' title='bbox 2575 2804 2715 2842; x_wconf 89' lang='lat' dir='ltr'><strong>suos</strong></span> <span class='ocrx_word' id='word_1_409' title='bbox 2747 2787 2806 2840; x_wconf 92' lang='lat' dir='ltr'>in</span> <span class='ocrx_word' id='word_1_410' title='bbox 2870 2786 3067 2857; x_wconf 87' lang='lat' dir='ltr'><strong>ignem</strong></span> <span class='ocrx_word' id='word_1_411' title='bbox 3125 2784 3526 2854; x_wconf 88' lang='lat' dir='ltr'><strong>conjecerunt.</strong></span> <span class='ocrx_word' id='word_1_412' title='bbox 3559 2783 3726 2836; x_wconf 87' lang='lat' dir='ltr'><strong>Artze</strong></span> <span class='ocrx_word' id='word_1_413' title='bbox 3758 2781 3830 2835; x_wconf 87' lang='lat' dir='ltr'>ad</span> 
     </span>
    </p>
   </div>
   <div class='ocr_carea' id='block_1_61' title="bbox 2184 2870 3835 2948">
    <p class='ocr_par' dir='ltr' id='par_1_61' title="bbox 2184 2870 3835 2948">
     <span class='ocr_line' id='line_1_62' title="bbox 2184 2870 3835 2948; baseline -0.005 -16"><span class='ocrx_word' id='word_1_414' title='bbox 2184 2878 2341 2933; x_wconf 91' lang='lat' dir='ltr'><strong>hunc</strong></span> <span class='ocrx_word' id='word_1_415' title='bbox 2377 2877 2616 2932; x_wconf 85' lang='lat' dir='ltr'><strong>modum</strong></span> <span class='ocrx_word' id='word_1_416' title='bbox 2667 2875 2884 2948; x_wconf 88' lang='lat' dir='ltr'><strong>potitus</strong></span> <span class='ocrx_word' id='word_1_417' title='bbox 2933 2873 3161 2929; x_wconf 84' lang='lat' dir='ltr'><strong>Alimus</strong></span> <span class='ocrx_word' id='word_1_418' title='bbox 3217 2872 3342 2928; x_wconf 92' lang='lat' dir='ltr'><strong>auri</strong></span> <span class='ocrx_word' id='word_1_419' title='bbox 3398 2870 3718 2943; x_wconf 89' lang='lat' dir='ltr'><strong>plurimum</strong></span> <span class='ocrx_word' id='word_1_420' title='bbox 3778 2874 3835 2924; x_wconf 90' lang='lat' dir='ltr'>et</span> 
     </span>
    </p>
   </div>
   <div class='ocr_carea' id='block_1_62' title="bbox 2185 2959 3833 3037">
    <p class='ocr_par' dir='ltr' id='par_1_62' title="bbox 2185 2959 3833 3037">
     <span class='ocr_line' id='line_1_63' title="bbox 2185 2959 3833 3037; baseline -0.005 -16"><span class='ocrx_word' id='word_1_421' title='bbox 2185 2967 2384 3037; x_wconf 90' lang='lat' dir='ltr'><strong>aliqua</strong></span> <span class='ocrx_word' id='word_1_422' title='bbox 2414 2965 2580 3019; x_wconf 87' lang='lat' dir='ltr'><strong>utilia</strong></span> <span class='ocrx_word' id='word_1_423' title='bbox 2607 2965 2961 3018; x_wconf 82' lang='lat' dir='ltr'><strong>ferramenta</strong></span> <span class='ocrx_word' id='word_1_424' title='bbox 2980 2962 3358 3032; x_wconf 73' lang='lat' dir='ltr'><strong>invenit,qua3</strong></span> <span class='ocrx_word' id='word_1_425' title='bbox 3389 2959 3546 3031; x_wconf 83' lang='lat' dir='ltr'><strong>ignis</strong></span> <span class='ocrx_word' id='word_1_426' title='bbox 3569 2975 3681 3014; x_wconf 92' lang='lat' dir='ltr'>non</span> <span class='ocrx_word' id='word_1_427' title='bbox 3706 2974 3833 3014; x_wconf 85' lang='lat' dir='ltr'><strong>cor-</strong></span> 
     </span>
    </p>
   </div>
   <div class='ocr_carea' id='block_1_63' title="bbox 2188 3048 3836 3126">
    <p class='ocr_par' dir='ltr' id='par_1_63' title="bbox 2188 3048 3836 3126">
     <span class='ocr_line' id='line_1_64' title="bbox 2188 3048 3836 3126; baseline -0.005 -16"><span class='ocrx_word' id='word_1_428' title='bbox 2188 3059 2642 3126; x_wconf 85' lang='lat' dir='ltr'><strong>ruperat.Equos</strong></span> <span class='ocrx_word' id='word_1_429' title='bbox 2664 3053 2802 3108; x_wconf 85' lang='lat' dir='ltr'><strong>item</strong></span> <span class='ocrx_word' id='word_1_430' title='bbox 2832 3052 3053 3107; x_wconf 90' lang='lat' dir='ltr'><strong>multos</strong></span> <span class='ocrx_word' id='word_1_431' title='bbox 3071 3056 3129 3105; x_wconf 92' lang='lat' dir='ltr'>et</span> <span class='ocrx_word' id='word_1_432' title='bbox 3159 3050 3560 3120; x_wconf 88' lang='lat' dir='ltr'><strong>aliajumenta</strong></span> <span class='ocrx_word' id='word_1_433' title='bbox 3588 3048 3836 3119; x_wconf 88' lang='lat' dir='ltr'><strong>adeptus</strong></span> 
     </span>
    </p>
   </div>
   <div class='ocr_carea' id='block_1_64' title="bbox 2185 3136 3840 3214">
    <p class='ocr_par' dir='ltr' id='par_1_64' title="bbox 2185 3136 3840 3214">
     <span class='ocr_line' id='line_1_65' title="bbox 2185 3136 3840 3214; baseline -0.006 -14"><span class='ocrx_word' id='word_1_434' title='bbox 2185 3150 2312 3210; x_wconf 86' lang='lat' dir='ltr'><strong>est;</strong></span> <span class='ocrx_word' id='word_1_435' title='bbox 2349 3148 2693 3214; x_wconf 88' lang='lat' dir='ltr'><strong>armatoque</strong></span> <span class='ocrx_word' id='word_1_436' title='bbox 2722 3148 2913 3213; x_wconf 87' lang='lat' dir='ltr'><strong>utpar</strong></span> <span class='ocrx_word' id='word_1_437' title='bbox 2941 3146 3064 3195; x_wconf 90' lang='lat' dir='ltr'><strong>erat</strong></span> <span class='ocrx_word' id='word_1_438' title='bbox 3111 3157 3218 3194; x_wconf 90' lang='lat' dir='ltr'>suo</span> <span class='ocrx_word' id='word_1_439' title='bbox 3269 3138 3545 3204; x_wconf 83' lang='lat' dir='ltr'><strong>exercitu,</strong></span> <span class='ocrx_word' id='word_1_440' title='bbox 3595 3136 3840 3192; x_wconf 82' lang='lat' dir='ltr'><strong>abduxit</strong></span> 
     </span>
    </p>
   </div>
   <div class='ocr_carea' id='block_1_65' title="bbox 2185 3228 3386 3300">
    <p class='ocr_par' dir='ltr' id='par_1_65' title="bbox 2185 3228 3386 3300">
     <span class='ocr_line' id='line_1_66' title="bbox 2185 3228 3386 3300; baseline -0.005 -13"><span class='ocrx_word' id='word_1_441' title='bbox 2185 3234 2348 3296; x_wconf 85' lang='lat' dir='ltr'><strong>inde,</strong></span> <span class='ocrx_word' id='word_1_442' title='bbox 2385 3233 2717 3287; x_wconf 82' lang='lat' dir='ltr'><strong>Romanum</strong></span> <span class='ocrx_word' id='word_1_443' title='bbox 2751 3245 3018 3300; x_wconf 70' lang='lat' dir='ltr'><strong>quaerens</strong></span> <span class='ocrx_word' id='word_1_444' title='bbox 3045 3228 3386 3284; x_wconf 85' lang='lat' dir='ltr'><strong>exercitum.</strong></span> 
     </span>
    </p>
   </div>
   <div class='ocr_carea' id='block_1_66' title="bbox 423 3312 3844 3396">
    <p class='ocr_par' dir='ltr' id='par_1_66' title="bbox 423 3312 3844 3396">
     <span class='ocr_line' id='line_1_67' title="bbox 423 3312 3844 3396; baseline 0.007 -29"><span class='ocrx_word' id='word_1_445' title='bbox 423 3312 718 3389; x_wconf 80' lang='grc' dir='ltr'>βασιλικὸν</span> <span class='ocrx_word' id='word_1_446' title='bbox 783 3313 1065 3389; x_wconf 86' lang='grc' dir='ltr'>βούλημα,</span> <span class='ocrx_word' id='word_1_447' title='bbox 1125 3317 1360 3392; x_wconf 74' lang='grc' dir='ltr'>ἡσυχίαν</span> <span class='ocrx_word' id='word_1_448' title='bbox 1417 3319 1508 3374; x_wconf 83' lang='grc' dir='ltr'>καὶ</span> <span class='ocrx_word' id='word_1_449' title='bbox 1565 3321 1728 3383; x_wconf 85' lang='grc' dir='ltr'>αὐτὸς</span> <span class='ocrx_word' id='word_1_450' title='bbox 1777 3321 1926 3395; x_wconf 78' lang='grc' dir='ltr'>ἦγεν.</span> <span class='ocrx_word' id='word_1_451' title='bbox 1985 3316 2290 3396; x_wconf 81' lang='grc' dir='ltr'>’Δϐράμιος</span> <span class='ocrx_word' id='word_1_452' title='bbox 2322 3318 2379 3374; x_wconf 72' lang='grc' dir='ltr'>δὲ</span> <span class='ocrx_word' id='word_1_453' title='bbox 2413 3320 2488 3391; x_wconf 78' lang='grc' dir='ltr'>μή</span> <span class='ocrx_word' id='word_1_454' title='bbox 2520 3319 2654 3373; x_wconf 78' lang='grc' dir='ltr'>κατά</span> <span class='ocrx_word' id='word_1_455' title='bbox 2712 3317 2912 3372; x_wconf 76' lang='grc' dir='ltr'>σκοπὸν</span> <span class='ocrx_word' id='word_1_456' title='bbox 2973 3315 3300 3392; x_wconf 76' lang='grc' dir='ltr'>χωρούντων</span> <span class='ocrx_word' id='word_1_457' title='bbox 3361 3313 3635 3386; x_wconf 64' lang='grc' dir='ltr'>αὐτῴτῶν</span> <span class='ocrx_word' id='word_1_458' title='bbox 3664 3331 3844 3388; x_wconf 62' lang='grc' dir='ltr'>’φατ’</span> 
     </span>
    </p>
   </div>
   <div class='ocr_carea' id='block_1_67' title="bbox 421 3401 3844 3486">
    <p class='ocr_par' dir='ltr' id='par_1_67' title="bbox 421 3401 3844 3486">
     <span class='ocr_line' id='line_1_68' title="bbox 421 3401 3844 3486; baseline -0.001 -29"><span class='ocrx_word' id='word_1_459' title='bbox 421 3406 630 3476; x_wconf 82' lang='grc' dir='ltr'>μάτων,</span> <span class='ocrx_word' id='word_1_460' title='bbox 693 3405 769 3476; x_wconf 84' lang='grc' dir='ltr'>μή</span> <span class='ocrx_word' id='word_1_461' title='bbox 830 3401 1124 3476; x_wconf 86' lang='grc' dir='ltr'>δυνάμενος</span> <span class='ocrx_word' id='word_1_462' title='bbox 1182 3405 1478 3483; x_wconf 84' lang='grc' dir='ltr'>πολιορκίᾳ</span> <span class='ocrx_word' id='word_1_463' title='bbox 1530 3411 1630 3478; x_wconf 85' lang='grc' dir='ltr'>τήν</span> <span class='ocrx_word' id='word_1_464' title='bbox 1683 3410 2009 3484; x_wconf 66' lang='grc' dir='ltr'>κωμὸπολιν</span> <span class='ocrx_word' id='word_1_465' title='bbox 2063 3411 2530 3486; x_wconf 77' lang='grc' dir='ltr'>παραστήσασθαι,</span> <span class='ocrx_word' id='word_1_466' title='bbox 2597 3404 2866 3483; x_wconf 86' lang='grc' dir='ltr'>ὑπεριδὼν</span> <span class='ocrx_word' id='word_1_467' title='bbox 2924 3405 3013 3460; x_wconf 85' lang='grc' dir='ltr'>καὶ</span> <span class='ocrx_word' id='word_1_468' title='bbox 3058 3403 3304 3459; x_wconf 84' lang='grc' dir='ltr'>πλούτου</span> <span class='ocrx_word' id='word_1_469' title='bbox 3359 3401 3450 3458; x_wconf 83' lang='grc' dir='ltr'>καὶ</span> <span class='ocrx_word' id='word_1_470' title='bbox 3512 3401 3683 3470; x_wconf 87' lang='grc' dir='ltr'>λείας,</span> <span class='ocrx_word' id='word_1_471' title='bbox 3735 3405 3844 3475; x_wconf 78' lang='grc' dir='ltr'>πῦρ</span> 
     </span>
    </p>
   </div>
   <div class='ocr_carea' id='block_1_68' title="bbox 419 3488 3848 3573">
    <p class='ocr_par' dir='ltr' id='par_1_68' title="bbox 419 3488 3848 3573">
     <span class='ocr_line' id='line_1_69' title="bbox 419 3488 3848 3573; baseline -0.001 -27"><span class='ocrx_word' id='word_1_472' title='bbox 419 3491 618 3546; x_wconf 77' lang='grc' dir='ltr'>ἐνεῖναι</span> <span class='ocrx_word' id='word_1_473' title='bbox 681 3497 799 3554; x_wconf 88' lang='grc' dir='ltr'>τοῖς</span> <span class='ocrx_word' id='word_1_474' title='bbox 859 3490 1102 3564; x_wconf 86' lang='grc' dir='ltr'>δώμασιν</span> <span class='ocrx_word' id='word_1_475' title='bbox 1162 3492 1526 3569; x_wconf 70' lang='grc' dir='ltr'>έγκελεύεται,</span> <span class='ocrx_word' id='word_1_476' title='bbox 1577 3499 1667 3552; x_wconf 84' lang='grc' dir='ltr'>καὶ</span> <span class='ocrx_word' id='word_1_477' title='bbox 1723 3498 1878 3561; x_wconf 79' lang='grc' dir='ltr'>εὐθὺς</span> <span class='ocrx_word' id='word_1_478' title='bbox 1938 3499 1990 3552; x_wconf 75' lang='grc' dir='ltr'>οἱ</span> <span class='ocrx_word' id='word_1_479' title='bbox 2047 3503 2277 3573; x_wconf 90' lang='grc' dir='ltr'>Τοῦρκοι</span> <span class='ocrx_word' id='word_1_480' title='bbox 2336 3493 2536 3558; x_wconf 76' lang='grc' dir='ltr'>δαλοὺς</span> <span class='ocrx_word' id='word_1_481' title='bbox 2593 3493 2831 3572; x_wconf 71' lang='grc' dir='ltr'>α’ίροντες</span> <span class='ocrx_word' id='word_1_482' title='bbox 2880 3493 2968 3548; x_wconf 88' lang='grc' dir='ltr'>καὶ</span> <span class='ocrx_word' id='word_1_483' title='bbox 3001 3492 3140 3563; x_wconf 79' lang='grc' dir='ltr'>ὕλην</span> <span class='ocrx_word' id='word_1_484' title='bbox 3200 3489 3500 3564; x_wconf 71' lang='grc' dir='ltr'>εὔπρηστον</span> <span class='ocrx_word' id='word_1_485' title='bbox 3531 3488 3848 3560; x_wconf 73' lang='grc' dir='ltr'>ἐξάπτοντες</span> 
     </span>
    </p>
   </div>
   <div class='ocr_carea' id='block_1_69' title="bbox 425 3577 3845 3664">
    <p class='ocr_par' dir='ltr' id='par_1_69' title="bbox 425 3577 3845 3664">
     <span class='ocr_line' id='line_1_70' title="bbox 425 3577 3845 3664; baseline -0.001 -30"><span class='ocrx_word' id='word_1_486' title='bbox 425 3580 717 3656; x_wconf 66' lang='grc' dir='ltr'>ἒρρίπτουν</span> <span class='ocrx_word' id='word_1_487' title='bbox 777 3579 832 3635; x_wconf 78' lang='grc' dir='ltr'>έν</span> <span class='ocrx_word' id='word_1_488' title='bbox 886 3587 1004 3643; x_wconf 83' lang='grc' dir='ltr'>τοῖς</span> <span class='ocrx_word' id='word_1_489' title='bbox 1059 3579 1323 3656; x_wconf 75' lang='grc' dir='ltr'>δώμασινο</span> <span class='ocrx_word' id='word_1_490' title='bbox 1383 3586 1707 3664; x_wconf 69' lang='grc' dir='ltr'>ἀναφθέντος</span> <span class='ocrx_word' id='word_1_491' title='bbox 1767 3587 1824 3643; x_wconf 72' lang='grc' dir='ltr'>δὲ</span> <span class='ocrx_word' id='word_1_492' title='bbox 1886 3593 1983 3643; x_wconf 90' lang='grc' dir='ltr'>τοῦ</span> <span class='ocrx_word' id='word_1_493' title='bbox 2039 3588 2207 3664; x_wconf 86' lang='grc' dir='ltr'>πυρὸς</span> <span class='ocrx_word' id='word_1_494' title='bbox 2261 3585 2598 3661; x_wconf 75' lang='grc' dir='ltr'>πανταχόθεν</span> <span class='ocrx_word' id='word_1_495' title='bbox 2658 3585 2746 3640; x_wconf 82' lang='grc' dir='ltr'>καὶ</span> <span class='ocrx_word' id='word_1_496' title='bbox 2806 3587 3073 3659; x_wconf 80' lang='grc' dir='ltr'>πυρκαϊᾶς</span> <span class='ocrx_word' id='word_1_497' title='bbox 3137 3583 3395 3658; x_wconf 87' lang='grc' dir='ltr'>μεγίστης</span> <span class='ocrx_word' id='word_1_498' title='bbox 3446 3577 3845 3654; x_wconf 79' lang='grc' dir='ltr'>ἀνεγερθείσης,</span> 
     </span>
    </p>
   </div>
   <div class='ocr_carea' id='block_1_70' title="bbox 433 3667 3844 3750">
    <p class='ocr_par' dir='ltr' id='par_1_70' title="bbox 433 3667 3844 3750">
     <span class='ocr_line' id='line_1_71' title="bbox 433 3667 3844 3750; baseline -0.006 -9"><span class='ocrx_word' id='word_1_499' title='bbox 433 3671 486 3722; x_wconf 49' lang='grc' dir='ltr'>οἱ</span> <span class='ocrx_word' id='word_1_500' title='bbox 544 3671 836 3745; x_wconf 75' lang='grc' dir='ltr'>Ἀρτζηνοῖ</span> <span class='ocrx_word' id='word_1_501' title='bbox 905 3667 1042 3744; x_wconf 74' lang='grc' dir='ltr'>πρὸς</span> <span class='ocrx_word' id='word_1_502' title='bbox 1094 3693 1154 3727; x_wconf 81' lang='grc' dir='ltr'><strong>τε</strong></span> <span class='ocrx_word' id='word_1_503' title='bbox 1208 3673 1272 3728; x_wconf 78' lang='grc' dir='ltr'>τὸ</span> <span class='ocrx_word' id='word_1_504' title='bbox 1329 3680 1436 3750; x_wconf 83' lang='grc' dir='ltr'>πῦρ</span> <span class='ocrx_word' id='word_1_505' title='bbox 1505 3677 1644 3749; x_wconf 89' lang='grc' dir='ltr'>πρός</span> <span class='ocrx_word' id='word_1_506' title='bbox 1690 3699 1748 3732; x_wconf 91' lang='grc' dir='ltr'>τε</span> <span class='ocrx_word' id='word_1_507' title='bbox 1793 3679 1887 3739; x_wconf 88' lang='grc' dir='ltr'>τάς</span> <span class='ocrx_word' id='word_1_508' title='bbox 1941 3678 2000 3732; x_wconf 80' lang='grc' dir='ltr'>ἐκ</span> <span class='ocrx_word' id='word_1_509' title='bbox 2052 3681 2160 3732; x_wconf 83' lang='grc' dir='ltr'>τῶν</span> <span class='ocrx_word' id='word_1_510' title='bbox 2217 3676 2386 3747; x_wconf 83' lang='grc' dir='ltr'>τόξων</span> <span class='ocrx_word' id='word_1_511' title='bbox 2450 3673 2618 3750; x_wconf 76' lang='grc' dir='ltr'>βολὰς</span> <span class='ocrx_word' id='word_1_512' title='bbox 2678 3675 2754 3747; x_wconf 79' lang='grc' dir='ltr'>μή</span> <span class='ocrx_word' id='word_1_513' title='bbox 2819 3671 3131 3743; x_wconf 68' lang='grc' dir='ltr'>δυνηθέντες</span> <span class='ocrx_word' id='word_1_514' title='bbox 3187 3669 3430 3746; x_wconf 78' lang='grc' dir='ltr'>ἀντέχειν</span> <span class='ocrx_word' id='word_1_515' title='bbox 3463 3667 3734 3724; x_wconf 76' lang='grc' dir='ltr'>ἐνέκλιναν</span> <span class='ocrx_word' id='word_1_516' title='bbox 3769 3667 3844 3728; x_wconf 79' lang='grc' dir='ltr'>εἰς</span> 
     </span>
    </p>
   </div>
   <div class='ocr_carea' id='block_1_71' title="bbox 434 3757 3844 3842">
    <p class='ocr_par' dir='ltr' id='par_1_71' title="bbox 434 3757 3844 3842">
     <span class='ocr_line' id='line_1_72' title="bbox 434 3757 3844 3842; baseline -0.001 -29"><span class='ocrx_word' id='word_1_517' title='bbox 434 3761 627 3837; x_wconf 65' lang='grc' dir='ltr'>φυγήν.</span> <span class='ocrx_word' id='word_1_518' title='bbox 660 3761 760 3814; x_wconf 81' lang='grc' dir='ltr'>Καὶ</span> <span class='ocrx_word' id='word_1_519' title='bbox 791 3759 1003 3833; x_wconf 89' lang='grc' dir='ltr'>λέγεται</span> <span class='ocrx_word' id='word_1_520' title='bbox 1034 3760 1334 3826; x_wconf 87' lang='grc' dir='ltr'>ἀπολέσθαι</span> <span class='ocrx_word' id='word_1_521' title='bbox 1364 3765 1488 3840; x_wconf 86' lang='grc' dir='ltr'>περὶ</span> <span class='ocrx_word' id='word_1_522' title='bbox 1516 3766 1611 3830; x_wconf 79' lang='grc' dir='ltr'>τὰς</span> <span class='ocrx_word' id='word_1_523' title='bbox 1642 3769 1717 3839; x_wconf 88' lang='grc' dir='ltr'>ρν¹</span> <span class='ocrx_word' id='word_1_524' title='bbox 1738 3764 1997 3842; x_wconf 77' lang='grc' dir='ltr'>χιλιάδας</span> <span class='ocrx_word' id='word_1_525' title='bbox 2027 3765 2384 3840; x_wconf 78' lang='grc' dir='ltr'>ἀνδρῶν,,τῶν</span> <span class='ocrx_word' id='word_1_526' title='bbox 2418 3766 2510 3837; x_wconf 73' lang='grc' dir='ltr'>μὲν</span> <span class='ocrx_word' id='word_1_527' title='bbox 2545 3763 2821 3840; x_wconf 88' lang='grc' dir='ltr'>μαχαίρας</span> <span class='ocrx_word' id='word_1_528' title='bbox 2852 3767 2959 3817; x_wconf 80' lang='grc' dir='ltr'>τῶν</span> <span class='ocrx_word' id='word_1_529' title='bbox 2993 3759 3050 3816; x_wconf 70' lang='grc' dir='ltr'>δὲ</span> <span class='ocrx_word' id='word_1_530' title='bbox 3073 3761 3243 3836; x_wconf 81' lang='grc' dir='ltr'>πυρὸς</span> <span class='ocrx_word' id='word_1_531' title='bbox 3275 3757 3655 3834; x_wconf 84' lang='grc' dir='ltr'>παρανάλωμα</span> <span class='ocrx_word' id='word_1_532' title='bbox 3682 3777 3844 3831; x_wconf 86' lang='grc' dir='ltr'>γεγο-</span> 
     </span>
    </p>
   </div>
   <div class='ocr_carea' id='block_1_72' title="bbox 428 3843 3844 3934">
    <p class='ocr_par' dir='ltr' id='par_1_72' title="bbox 428 3843 3844 3934">
     <span class='ocr_line' id='line_1_73' title="bbox 428 3843 3844 3934; baseline -0.001 -32"><span class='ocrx_word' id='word_1_533' title='bbox 428 3849 623 3902; x_wconf 86' lang='grc' dir='ltr'>νότων·</span> <span class='ocrx_word' id='word_1_534' title='bbox 659 3846 806 3902; x_wconf 75' lang='grc' dir='ltr'>οῦτοι</span> <span class='ocrx_word' id='word_1_535' title='bbox 839 3849 942 3923; x_wconf 79' lang='grc' dir='ltr'>γὰρ</span> <span class='ocrx_word' id='word_1_536' title='bbox 977 3850 1089 3905; x_wconf 74' lang='grc' dir='ltr'>έπεὶ</span> <span class='ocrx_word' id='word_1_537' title='bbox 1119 3855 1512 3928; x_wconf 86' lang='grc' dir='ltr'>κατισχυμένοι</span> <span class='ocrx_word' id='word_1_538' title='bbox 1543 3854 1779 3930; x_wconf 77' lang='grc' dir='ltr'>ἔγνωσαν</span> <span class='ocrx_word' id='word_1_539' title='bbox 1807 3857 2262 3934; x_wconf 75' lang='grc' dir='ltr'>ἀποσφάττεσθαι,</span> <span class='ocrx_word' id='word_1_540' title='bbox 2295 3854 2552 3930; x_wconf 87' lang='grc' dir='ltr'>γυναῖκάς</span> <span class='ocrx_word' id='word_1_541' title='bbox 2583 3874 2641 3908; x_wconf 91' lang='grc' dir='ltr'>τε</span> <span class='ocrx_word' id='word_1_542' title='bbox 2673 3852 2762 3907; x_wconf 82' lang='grc' dir='ltr'>καὶ</span> <span class='ocrx_word' id='word_1_543' title='bbox 2791 3853 2952 3906; x_wconf 86' lang='grc' dir='ltr'>τέκνα</span> <span class='ocrx_word' id='word_1_544' title='bbox 2982 3851 3184 3905; x_wconf 73' lang='grc' dir='ltr'>ἑαυτῶν</span> <span class='ocrx_word' id='word_1_545' title='bbox 3219 3848 3294 3912; x_wconf 60' lang='grc' dir='ltr'>εἴς</span> <span class='ocrx_word' id='word_1_546' title='bbox 3324 3849 3386 3902; x_wconf 86' lang='grc' dir='ltr'>τὸ</span> <span class='ocrx_word' id='word_1_547' title='bbox 3433 3851 3539 3922; x_wconf 90' lang='grc' dir='ltr'>πῦρ</span> <span class='ocrx_word' id='word_1_548' title='bbox 3580 3843 3844 3922; x_wconf 68' lang='grc' dir='ltr'>ἀπερρίπ-</span> 
     </span>
    </p>
   </div>
   <div class='ocr_carea' id='block_1_73' title="bbox 428 3933 3842 4022">
    <p class='ocr_par' dir='ltr' id='par_1_73' title="bbox 428 3933 3842 4022">
     <span class='ocr_line' id='line_1_74' title="bbox 428 3933 3842 4022; baseline -0.001 -32"><span class='ocrx_word' id='word_1_549' title='bbox 428 3958 576 3994; x_wconf 86' lang='grc' dir='ltr'>τουν.</span> <span class='ocrx_word' id='word_1_550' title='bbox 614 3936 772 3994; x_wconf 73' lang='grc' dir='ltr'>Οὒτω</span> <span class='ocrx_word' id='word_1_551' title='bbox 795 3942 893 3992; x_wconf 69' lang='grc' dir='ltr'>τοῦ</span> <span class='ocrx_word' id='word_1_552' title='bbox 924 3945 1124 4014; x_wconf 79' lang='grc' dir='ltr'>”Δρτζε</span> <span class='ocrx_word' id='word_1_553' title='bbox 1160 3939 1486 4020; x_wconf 74' lang='grc' dir='ltr'>ληφθέντος,</span> <span class='ocrx_word' id='word_1_554' title='bbox 1517 3943 1662 3999; x_wconf 80' lang='grc' dir='ltr'>πολὺ</span> <span class='ocrx_word' id='word_1_555' title='bbox 1695 3946 1920 4021; x_wconf 88' lang='grc' dir='ltr'>χρυσίον</span> <span class='ocrx_word' id='word_1_556' title='bbox 1952 3933 2124 4022; x_wconf 84' lang='grc' dir='ltr'>εὑρὼν</span> <span class='ocrx_word' id='word_1_557' title='bbox 2153 3946 2180 4000; x_wconf 90' lang='grc' dir='ltr'>ὁ</span> <span class='ocrx_word' id='word_1_558' title='bbox 2212 3939 2510 4020; x_wconf 85' lang='grc' dir='ltr'>Ἀϐράμιος</span> <span class='ocrx_word' id='word_1_559' title='bbox 2538 3943 2627 3997; x_wconf 87' lang='grc' dir='ltr'>καὶ</span> <span class='ocrx_word' id='word_1_560' title='bbox 2659 3939 2804 3996; x_wconf 77' lang='grc' dir='ltr'>ὅπλα</span> <span class='ocrx_word' id='word_1_561' title='bbox 2833 3939 2922 3995; x_wconf 79' lang='grc' dir='ltr'>καὶ</span> <span class='ocrx_word' id='word_1_562' title='bbox 2955 3939 3100 3994; x_wconf 75' lang='grc' dir='ltr'>ἄλλα</span> <span class='ocrx_word' id='word_1_563' title='bbox 3128 3939 3248 3993; x_wconf 78' lang='grc' dir='ltr'>τινὰ</span> <span class='ocrx_word' id='word_1_564' title='bbox 3275 3933 3733 4013; x_wconf 85' lang='grc' dir='ltr'>χρειώδη,ὁπόσα</span> <span class='ocrx_word' id='word_1_565' title='bbox 3766 3934 3842 4007; x_wconf 80' lang='grc' dir='ltr'>μὴ</span> 
     </span>
    </p>
   </div>
   <div class='ocr_carea' id='block_1_74' title="bbox 437 4023 3842 4108">
    <p class='ocr_par' dir='ltr' id='par_1_74' title="bbox 437 4023 3842 4108">
     <span class='ocr_line' id='line_1_75' title="bbox 437 4023 3842 4108; baseline -0.003 -24"><span class='ocrx_word' id='word_1_566' title='bbox 437 4030 521 4096; x_wconf 67' lang='grc' dir='ltr'>τῷ</span> <span class='ocrx_word' id='word_1_567' title='bbox 550 4025 677 4097; x_wconf 76' lang='grc' dir='ltr'>πυρὶ</span> <span class='ocrx_word' id='word_1_568' title='bbox 702 4028 1036 4098; x_wconf 72' lang='grc' dir='ltr'>κατέστησαν</span> <span class='ocrx_word' id='word_1_569' title='bbox 1064 4027 1333 4105; x_wconf 66' lang='grc' dir='ltr'>ἄχρηστα,</span> <span class='ocrx_word' id='word_1_570' title='bbox 1368 4028 1805 4108; x_wconf 87' lang='grc' dir='ltr'>περιϐαλόμενος</span> <span class='ocrx_word' id='word_1_571' title='bbox 1837 4031 1895 4088; x_wconf 74' lang='grc' dir='ltr'>δὲ</span> <span class='ocrx_word' id='word_1_572' title='bbox 1923 4034 2010 4088; x_wconf 74' lang='grc' dir='ltr'>καὶ</span> <span class='ocrx_word' id='word_1_573' title='bbox 2036 4030 2206 4087; x_wconf 65' lang='grc' dir='ltr'>Ἵππον</span> <span class='ocrx_word' id='word_1_574' title='bbox 2241 4031 2340 4086; x_wconf 83' lang='grc' dir='ltr'>οὐκ</span> <span class='ocrx_word' id='word_1_575' title='bbox 2369 4031 2566 4106; x_wconf 81' lang='grc' dir='ltr'>ὀλίγην</span> <span class='ocrx_word' id='word_1_576' title='bbox 2597 4029 2685 4085; x_wconf 84' lang='grc' dir='ltr'>καὶ</span> <span class='ocrx_word' id='word_1_577' title='bbox 2721 4028 3004 4104; x_wconf 84' lang='grc' dir='ltr'>ὑποζύγια,</span> <span class='ocrx_word' id='word_1_578' title='bbox 3047 4028 3134 4082; x_wconf 86' lang='grc' dir='ltr'>καὶ</span> <span class='ocrx_word' id='word_1_579' title='bbox 3167 4028 3258 4082; x_wconf 85' lang='grc' dir='ltr'>τὸν</span> <span class='ocrx_word' id='word_1_580' title='bbox 3289 4027 3484 4081; x_wconf 73' lang='grc' dir='ltr'>ἑαυτοῦ</span> <span class='ocrx_word' id='word_1_581' title='bbox 3515 4023 3646 4079; x_wconf 87' lang='grc' dir='ltr'>λαὸν</span> <span class='ocrx_word' id='word_1_582' title='bbox 3681 4033 3842 4086; x_wconf 73' lang='grc' dir='ltr'>καθοο</span> 
     </span>
    </p>
   </div>
   <div class='ocr_carea' id='block_1_75' title="bbox 443 4111 2305 4195">
    <p class='ocr_par' dir='ltr' id='par_1_75' title="bbox 443 4111 2305 4195">
     <span class='ocr_line' id='line_1_76' title="bbox 443 4111 2305 4195; baseline 0.006 -28"><span class='ocrx_word' id='word_1_583' title='bbox 443 4111 641 4175; x_wconf 84' lang='grc' dir='ltr'>πλίσας</span> <span class='ocrx_word' id='word_1_584' title='bbox 671 4115 739 4176; x_wconf 86' lang='grc' dir='ltr'>ὡς</span> <span class='ocrx_word' id='word_1_585' title='bbox 767 4111 897 4184; x_wconf 80' lang='grc' dir='ltr'>ἔδει,</span> <span class='ocrx_word' id='word_1_586' title='bbox 933 4116 1256 4193; x_wconf 80' lang='grc' dir='ltr'>ὑπέστρεψεν</span> <span class='ocrx_word' id='word_1_587' title='bbox 1285 4120 1565 4192; x_wconf 81' lang='grc' dir='ltr'>ἀναζητῶν</span> <span class='ocrx_word' id='word_1_588' title='bbox 1586 4123 1683 4191; x_wconf 80' lang='grc' dir='ltr'>τήν</span> <span class='ocrx_word' id='word_1_589' title='bbox 1711 4123 2027 4195; x_wconf 78' lang='grc' dir='ltr'>Ῥωμαϊκὴν</span> <span class='ocrx_word' id='word_1_590' title='bbox 2058 4119 2305 4194; x_wconf 86' lang='grc' dir='ltr'>δύναμιν.</span> 
     </span>
    </p>
   </div>
   <div class='ocr_carea' id='block_1_76' title="bbox 511 4200 2157 4285">
    <p class='ocr_par' dir='ltr' id='par_1_76' title="bbox 511 4200 2157 4285">
     <span class='ocr_line' id='line_1_77' title="bbox 511 4200 2157 4285; baseline 0.005 -28"><span class='ocrx_word' id='word_1_591' title='bbox 511 4201 655 4271; x_wconf 68' lang='grc' dir='ltr'>Αὕτη</span> <span class='ocrx_word' id='word_1_592' title='bbox 691 4200 745 4258; x_wconf 74' lang='grc' dir='ltr'>δὲ</span> <span class='ocrx_word' id='word_1_593' title='bbox 789 4201 1194 4269; x_wconf 83' lang='grc' dir='ltr'>καταλαϐόντος</span> <span class='ocrx_word' id='word_1_594' title='bbox 1225 4205 1334 4280; x_wconf 75' lang='grc' dir='ltr'>ἤδη</span> <span class='ocrx_word' id='word_1_595' title='bbox 1385 4210 1476 4265; x_wconf 81' lang='grc' dir='ltr'>καὶ</span> <span class='ocrx_word' id='word_1_596' title='bbox 1505 4216 1602 4266; x_wconf 90' lang='grc' dir='ltr'>τοῦ</span> <span class='ocrx_word' id='word_1_597' title='bbox 1658 4209 1960 4285; x_wconf 88' lang='grc' dir='ltr'>Λιπαρίτου</span> <span class='ocrx_word' id='word_1_598' title='bbox 1993 4231 2083 4265; x_wconf 82' lang='grc' dir='ltr'>κα·</span> <span class='ocrx_word' id='word_1_599' title='bbox 2115 4214 2157 4280; x_wconf 79' lang='lat' dir='ltr'>C</span> 
     </span>
    </p>
   </div>
   <div class='ocr_carea' id='block_1_77' title="bbox 431 4286 2086 4375">
    <p class='ocr_par' dir='ltr' id='par_1_77' title="bbox 431 4286 2086 4375">
     <span class='ocr_line' id='line_1_78' title="bbox 431 4286 2086 4375; baseline 0.007 -30"><span class='ocrx_word' id='word_1_600' title='bbox 431 4286 637 4346; x_wconf 77' lang='grc' dir='ltr'>ταϐἆσα</span> <span class='ocrx_word' id='word_1_601' title='bbox 691 4293 798 4348; x_wconf 81' lang='grc' dir='ltr'>ἀπὸ</span> <span class='ocrx_word' id='word_1_602' title='bbox 851 4299 949 4348; x_wconf 89' lang='grc' dir='ltr'>τοῦ</span> <span class='ocrx_word' id='word_1_603' title='bbox 1011 4294 1268 4371; x_wconf 80' lang='grc' dir='ltr'>ῥηθέντος</span> <span class='ocrx_word' id='word_1_604' title='bbox 1297 4297 1662 4375; x_wconf 81' lang='grc' dir='ltr'>ὀχυρώματος</span> <span class='ocrx_word' id='word_1_605' title='bbox 1709 4295 1880 4355; x_wconf 78' lang='grc' dir='ltr'>ἔκειτο</span> <span class='ocrx_word' id='word_1_606' title='bbox 1907 4299 1958 4354; x_wconf 83' lang='grc' dir='ltr'>ἐν</span> <span class='ocrx_word' id='word_1_607' title='bbox 2016 4303 2086 4374; x_wconf 78' lang='grc' dir='ltr'>τῇ</span> 
     </span>
    </p>
   </div>
   <div class='ocr_carea' id='block_1_78' title="bbox 429 4379 2087 4466">
    <p class='ocr_par' dir='ltr' id='par_1_78' title="bbox 429 4379 2087 4466">
     <span class='ocr_line' id='line_1_79' title="bbox 429 4379 2087 4466; baseline 0.005 -30"><span class='ocrx_word' id='word_1_608' title='bbox 429 4379 646 4436; x_wconf 75' lang='grc' dir='ltr'>πεδιάδι</span> <span class='ocrx_word' id='word_1_609' title='bbox 700 4383 838 4437; x_wconf 84' lang='grc' dir='ltr'>κατά</span> <span class='ocrx_word' id='word_1_610' title='bbox 893 4384 1023 4446; x_wconf 76' lang='grc' dir='ltr'>τοὺς</span> <span class='ocrx_word' id='word_1_611' title='bbox 1086 4385 1370 4461; x_wconf 86' lang='grc' dir='ltr'>πρόποδας</span> <span class='ocrx_word' id='word_1_612' title='bbox 1425 4395 1524 4445; x_wconf 89' lang='grc' dir='ltr'>τοῦ</span> <span class='ocrx_word' id='word_1_613' title='bbox 1606 4392 1803 4466; x_wconf 86' lang='grc' dir='ltr'>βουνοῦ</span> <span class='ocrx_word' id='word_1_614' title='bbox 1861 4388 2087 4465; x_wconf 77' lang='grc' dir='ltr'>ἔνθαπερ</span> 
     </span>
    </p>
   </div>
   <div class='ocr_carea' id='block_1_79' title="bbox 430 4469 2086 4555">
    <p class='ocr_par' dir='ltr' id='par_1_79' title="bbox 430 4469 2086 4555">
     <span class='ocr_line' id='line_1_80' title="bbox 430 4469 2086 4555; baseline 0.006 -30"><span class='ocrx_word' id='word_1_615' title='bbox 430 4469 646 4546; x_wconf 72' lang='grc' dir='ltr'>ἵδρυται</span> <span class='ocrx_word' id='word_1_616' title='bbox 675 4472 740 4526; x_wconf 87' lang='grc' dir='ltr'>τὸ</span> <span class='ocrx_word' id='word_1_617' title='bbox 772 4473 1056 4548; x_wconf 81' lang='grc' dir='ltr'>Καπετροῦ</span> <span class='ocrx_word' id='word_1_618' title='bbox 1097 4475 1378 4553; x_wconf 79' lang='grc' dir='ltr'>φρούριον,</span> <span class='ocrx_word' id='word_1_619' title='bbox 1442 4479 1794 4555; x_wconf 84' lang='grc' dir='ltr'>Ἑρχομένων</span> <span class='ocrx_word' id='word_1_620' title='bbox 1856 4481 1946 4535; x_wconf 83' lang='grc' dir='ltr'>οὗν</span> <span class='ocrx_word' id='word_1_621' title='bbox 1978 4484 2086 4534; x_wconf 80' lang='grc' dir='ltr'>τῶν</span> 
     </span>
    </p>
   </div>
   <div class='ocr_carea' id='block_1_80' title="bbox 427 4559 2087 4642">
    <p class='ocr_par' dir='ltr' id='par_1_80' title="bbox 427 4559 2087 4642">
     <span class='ocr_line' id='line_1_81' title="bbox 427 4559 2087 4642; baseline 0.004 -25"><span class='ocrx_word' id='word_1_622' title='bbox 427 4559 696 4637; x_wconf 83' lang='grc' dir='ltr'>Τούρκων</span> <span class='ocrx_word' id='word_1_623' title='bbox 759 4560 1038 4638; x_wconf 87' lang='grc' dir='ltr'>σποράδην</span> <span class='ocrx_word' id='word_1_624' title='bbox 1097 4561 1452 4623; x_wconf 87' lang='grc' dir='ltr'>συνεϐούλευε</span> <span class='ocrx_word' id='word_1_625' title='bbox 1503 4569 1668 4624; x_wconf 88' lang='grc' dir='ltr'>πάλιν</span> <span class='ocrx_word' id='word_1_626' title='bbox 1729 4571 1757 4624; x_wconf 81' lang='grc' dir='ltr'>ὁ</span> <span class='ocrx_word' id='word_1_627' title='bbox 1810 4569 2087 4642; x_wconf 82' lang='grc' dir='ltr'>Κεκαυμέ-</span> 
     </span>
    </p>
   </div>
   <div class='ocr_carea' id='block_1_81' title="bbox 429 4645 2090 4732">
    <p class='ocr_par' dir='ltr' id='par_1_81' title="bbox 429 4645 2090 4732">
     <span class='ocr_line' id='line_1_82' title="bbox 429 4645 2090 4732; baseline 0.007 -31"><span class='ocrx_word' id='word_1_628' title='bbox 429 4671 524 4709; x_wconf 88' lang='grc' dir='ltr'>νος</span> <span class='ocrx_word' id='word_1_629' title='bbox 585 4645 889 4720; x_wconf 80' lang='grc' dir='ltr'>συμϐαλεῖν</span> <span class='ocrx_word' id='word_1_630' title='bbox 947 4652 1131 4718; x_wconf 78' lang='grc' dir='ltr'>αὐτοῖς</span> <span class='ocrx_word' id='word_1_631' title='bbox 1157 4651 1568 4732; x_wconf 81' lang='grc' dir='ltr'>διεσπαρμένοις</span> <span class='ocrx_word' id='word_1_632' title='bbox 1629 4659 1748 4712; x_wconf 80' lang='grc' dir='ltr'>οὖσι</span> <span class='ocrx_word' id='word_1_633' title='bbox 1805 4659 1892 4713; x_wconf 85' lang='grc' dir='ltr'>καὶ</span> <span class='ocrx_word' id='word_1_634' title='bbox 1933 4660 2090 4713; x_wconf 78' lang='grc' dir='ltr'>ἀσυν-</span> 
     </span>
    </p>
   </div>
   <div class='ocr_carea' id='block_1_82' title="bbox 428 4732 2091 4820">
    <p class='ocr_par' dir='ltr' id='par_1_82' title="bbox 428 4732 2091 4820">
     <span class='ocr_line' id='line_1_83' title="bbox 428 4732 2091 4820; baseline 0.008 -30"><span class='ocrx_word' id='word_1_635' title='bbox 428 4739 655 4798; x_wconf 81' lang='grc' dir='ltr'>τάκτοις</span> <span class='ocrx_word' id='word_1_636' title='bbox 707 4732 806 4793; x_wconf 79' lang='grc' dir='ltr'>ἔτι.</span> <span class='ocrx_word' id='word_1_637' title='bbox 864 4737 1026 4796; x_wconf 85' lang='grc' dir='ltr'>Ἀλλ’</span> <span class='ocrx_word' id='word_1_638' title='bbox 1081 4743 1109 4796; x_wconf 90' lang='grc' dir='ltr'>ὁ</span> <span class='ocrx_word' id='word_1_639' title='bbox 1169 4745 1476 4820; x_wconf 87' lang='grc' dir='ltr'>Λιπαρίτης</span> <span class='ocrx_word' id='word_1_640' title='bbox 1531 4747 1633 4802; x_wconf 87' lang='grc' dir='ltr'>οὐκ</span> <span class='ocrx_word' id='word_1_641' title='bbox 1677 4745 1842 4816; x_wconf 80' lang='grc' dir='ltr'>ἤθελε</span> <span class='ocrx_word' id='word_1_642' title='bbox 1873 4745 1962 4802; x_wconf 71' lang='grc' dir='ltr'>διὰ</span> <span class='ocrx_word' id='word_1_643' title='bbox 1989 4749 2091 4817; x_wconf 75' lang='grc' dir='ltr'>τὴν</span> 
     </span>
    </p>
   </div>
   <div class='ocr_carea' id='block_1_83' title="bbox 431 4825 2090 4911">
    <p class='ocr_par' dir='ltr' id='par_1_83' title="bbox 431 4825 2090 4911">
     <span class='ocr_line' id='line_1_84' title="bbox 431 4825 2090 4911; baseline 0.008 -32"><span class='ocrx_word' id='word_1_644' title='bbox 431 4827 673 4911; x_wconf 71' lang='grc' dir='ltr'>ημέραν·</span> <span class='ocrx_word' id='word_1_645' title='bbox 736 4827 802 4896; x_wconf 84' lang='grc' dir='ltr'>ἧν</span> <span class='ocrx_word' id='word_1_646' title='bbox 863 4829 962 4903; x_wconf 74' lang='grc' dir='ltr'>γὰρ</span> <span class='ocrx_word' id='word_1_647' title='bbox 1004 4825 1296 4902; x_wconf 86' lang='grc' dir='ltr'>σάϐϐατον,</span> <span class='ocrx_word' id='word_1_648' title='bbox 1337 4837 1405 4905; x_wconf 87' lang='grc' dir='ltr'>ιη’</span> <span class='ocrx_word' id='word_1_649' title='bbox 1461 4832 1692 4911; x_wconf 72' lang='grc' dir='ltr'>ἄγοντος</span> <span class='ocrx_word' id='word_1_650' title='bbox 1716 4841 1815 4891; x_wconf 87' lang='grc' dir='ltr'>τοῦ</span> <span class='ocrx_word' id='word_1_651' title='bbox 1847 4843 2090 4910; x_wconf 85' lang='grc' dir='ltr'>Σεπτεμ-</span> 
     </span>
    </p>
   </div>
   <div class='ocr_carea' id='block_1_84' title="bbox 433 4909 2090 4999">
    <p class='ocr_par' dir='ltr' id='par_1_84' title="bbox 433 4909 2090 4999">
     <span class='ocr_line' id='line_1_85' title="bbox 433 4909 2090 4999; baseline 0.008 -31"><span class='ocrx_word' id='word_1_652' title='bbox 433 4909 621 4989; x_wconf 84' lang='grc' dir='ltr'>ϐρίου,</span> <span class='ocrx_word' id='word_1_653' title='bbox 655 4917 848 4989; x_wconf 88' lang='grc' dir='ltr'>μηνὸς,</span> <span class='ocrx_word' id='word_1_654' title='bbox 894 4925 993 4988; x_wconf 79' lang='grc' dir='ltr'>τῆς</span> <span class='ocrx_word' id='word_1_655' title='bbox 1031 4921 1076 4996; x_wconf 89' lang='grc' dir='ltr'>β’</span> <span class='ocrx_word' id='word_1_656' title='bbox 1125 4909 1665 4999; x_wconf 52' lang='grc' dir='ltr'>έπινεμήσεωςί38),</span> <span class='ocrx_word' id='word_1_657' title='bbox 1727 4925 1779 4980; x_wconf 82' lang='grc' dir='ltr'>ὲν</span> <span class='ocrx_word' id='word_1_658' title='bbox 1804 4931 1923 4988; x_wconf 88' lang='grc' dir='ltr'>ταῖς</span> <span class='ocrx_word' id='word_1_659' title='bbox 1957 4909 2090 4981; x_wconf 83' lang='grc' dir='ltr'>ἀπο-</span> 
     </span>
    </p>
   </div>
   <div class='ocr_carea' id='block_1_85' title="bbox 436 5002 2089 5091">
    <p class='ocr_par' dir='ltr' id='par_1_85' title="bbox 436 5002 2089 5091">
     <span class='ocr_line' id='line_1_86' title="bbox 436 5002 2089 5091; baseline 0.008 -34"><span class='ocrx_word' id='word_1_660' title='bbox 436 5005 602 5082; x_wconf 79' lang='grc' dir='ltr'>φράσι</span> <span class='ocrx_word' id='word_1_661' title='bbox 659 5002 717 5060; x_wconf 74' lang='grc' dir='ltr'>δὲ</span> <span class='ocrx_word' id='word_1_662' title='bbox 783 5007 891 5061; x_wconf 87' lang='grc' dir='ltr'>τὼν</span> <span class='ocrx_word' id='word_1_663' title='bbox 960 5011 1184 5085; x_wconf 82' lang='grc' dir='ltr'>ἡμερῶν</span> <span class='ocrx_word' id='word_1_664' title='bbox 1252 5018 1334 5086; x_wconf 77' lang='grc' dir='ltr'>τῷ</span> <span class='ocrx_word' id='word_1_665' title='bbox 1389 5015 1660 5091; x_wconf 79' lang='grc' dir='ltr'>Λιπαρίτῃ</span> <span class='ocrx_word' id='word_1_666' title='bbox 1713 5017 1777 5071; x_wconf 87' lang='grc' dir='ltr'>τὸ</span> <span class='ocrx_word' id='word_1_667' title='bbox 1822 5012 2089 5071; x_wconf 82' lang='grc' dir='ltr'>σάϐϐατον</span> 
     </span>
    </p>
   </div>
   <div class='ocr_carea' id='block_1_86' title="bbox 436 5093 2090 5180">
    <p class='ocr_par' dir='ltr' id='par_1_86' title="bbox 436 5093 2090 5180">
     <span class='ocr_line' id='line_1_87' title="bbox 436 5093 2090 5180; baseline 0.012 -34"><span class='ocrx_word' id='word_1_668' title='bbox 436 5093 743 5165; x_wconf 77' lang='grc' dir='ltr'>ἐνομίζετο,</span> <span class='ocrx_word' id='word_1_669' title='bbox 773 5094 904 5172; x_wconf 76' lang='grc' dir='ltr'>ὅπερ</span> <span class='ocrx_word' id='word_1_670' title='bbox 954 5098 1494 5177; x_wconf 63' lang='grc' dir='ltr'>ἀποτροπιαζόμενος</span> <span class='ocrx_word' id='word_1_671' title='bbox 1521 5103 1772 5160; x_wconf 81' lang='grc' dir='ltr'>ἀνεδύετο</span> <span class='ocrx_word' id='word_1_672' title='bbox 1802 5106 2090 5180; x_wconf 87' lang='grc' dir='ltr'>πολεμεῖν.</span> 
     </span>
    </p>
   </div>
   <div class='ocr_carea' id='block_1_87' title="bbox 437 5181 2096 5271">
    <p class='ocr_par' dir='ltr' id='par_1_87' title="bbox 437 5181 2096 5271">
     <span class='ocr_line' id='line_1_88' title="bbox 437 5181 2096 5271; baseline 0.008 -36"><span class='ocrx_word' id='word_1_673' title='bbox 437 5182 540 5236; x_wconf 84' lang='grc' dir='ltr'>Καὶ</span> <span class='ocrx_word' id='word_1_674' title='bbox 571 5181 636 5237; x_wconf 79' lang='grc' dir='ltr'>τὰ</span> <span class='ocrx_word' id='word_1_675' title='bbox 669 5183 764 5257; x_wconf 78' lang='grc' dir='ltr'>μὶν</span> <span class='ocrx_word' id='word_1_676' title='bbox 785 5190 894 5241; x_wconf 81' lang='grc' dir='ltr'>τῶν</span> <span class='ocrx_word' id='word_1_677' title='bbox 925 5187 1213 5262; x_wconf 84' lang='grc' dir='ltr'>Ῥωμαίων</span> <span class='ocrx_word' id='word_1_678' title='bbox 1244 5191 1296 5247; x_wconf 72' lang='grc' dir='ltr'>έν</span> <span class='ocrx_word' id='word_1_679' title='bbox 1327 5193 1565 5264; x_wconf 88' lang='grc' dir='ltr'>τούτοις,</span> <span class='ocrx_word' id='word_1_680' title='bbox 1627 5196 1655 5250; x_wconf 82' lang='grc' dir='ltr'>ὁ</span> <span class='ocrx_word' id='word_1_681' title='bbox 1705 5193 1764 5250; x_wconf 73' lang='grc' dir='ltr'>δὲ</span> <span class='ocrx_word' id='word_1_682' title='bbox 1794 5189 2096 5271; x_wconf 83' lang='grc' dir='ltr'>’Δϐράμιος</span> 
     </span>
    </p>
   </div>
   <div class='ocr_carea' id='block_1_88' title="bbox 2306 4201 3849 4279">
    <p class='ocr_par' dir='ltr' id='par_1_88' title="bbox 2306 4201 3849 4279">
     <span class='ocr_line' id='line_1_89' title="bbox 2306 4201 3849 4279; baseline -0.007 -12"><span class='ocrx_word' id='word_1_683' title='bbox 2306 4211 2551 4267; x_wconf 83' lang='lat' dir='ltr'><strong>Romani</strong></span> <span class='ocrx_word' id='word_1_684' title='bbox 2583 4215 2803 4276; x_wconf 85' lang='lat' dir='ltr'><strong>autem,</strong></span> <span class='ocrx_word' id='word_1_685' title='bbox 2837 4225 2967 4264; x_wconf 89' lang='lat' dir='ltr'>cum</span> <span class='ocrx_word' id='word_1_686' title='bbox 2994 4209 3116 4279; x_wconf 85' lang='lat' dir='ltr'><strong>jam</strong></span> <span class='ocrx_word' id='word_1_687' title='bbox 3140 4207 3423 4277; x_wconf 85' lang='lat' dir='ltr'><strong>Liparites</strong></span> <span class='ocrx_word' id='word_1_688' title='bbox 3447 4204 3517 4259; x_wconf 92' lang='lat' dir='ltr'>ad</span> <span class='ocrx_word' id='word_1_689' title='bbox 3541 4219 3640 4258; x_wconf 89' lang='lat' dir='ltr'>eos</span> <span class='ocrx_word' id='word_1_690' title='bbox 3656 4201 3849 4257; x_wconf 84' lang='lat' dir='ltr'><strong>venis-</strong></span> 
     </span>
    </p>
   </div>
   <div class='ocr_carea' id='block_1_89' title="bbox 2199 4291 3847 4372">
    <p class='ocr_par' dir='ltr' id='par_1_89' title="bbox 2199 4291 3847 4372">
     <span class='ocr_line' id='line_1_90' title="bbox 2199 4291 3847 4372; baseline -0.008 -15"><span class='ocrx_word' id='word_1_691' title='bbox 2199 4306 2306 4372; x_wconf 87' lang='lat' dir='ltr'><strong>set,</strong></span> <span class='ocrx_word' id='word_1_692' title='bbox 2337 4319 2370 4356; x_wconf 90' lang='lat' dir='ltr'>a</span> <span class='ocrx_word' id='word_1_693' title='bbox 2399 4302 2554 4356; x_wconf 90' lang='lat' dir='ltr'><strong>dicta</strong></span> <span class='ocrx_word' id='word_1_694' title='bbox 2595 4298 2920 4355; x_wconf 89' lang='lat' dir='ltr'><strong>munitione</strong></span> <span class='ocrx_word' id='word_1_695' title='bbox 2957 4299 3374 4354; x_wconf 90' lang='lat' dir='ltr'><strong>descenderant</strong></span> <span class='ocrx_word' id='word_1_696' title='bbox 3415 4294 3473 4348; x_wconf 92' lang='lat' dir='ltr'>in</span> <span class='ocrx_word' id='word_1_697' title='bbox 3520 4291 3847 4364; x_wconf 88' lang='lat' dir='ltr'><strong>planitiem,</strong></span> 
     </span>
    </p>
   </div>
   <div class='ocr_carea' id='block_1_90' title="bbox 2202 4380 3847 4458">
    <p class='ocr_par' dir='ltr' id='par_1_90' title="bbox 2202 4380 3847 4458">
     <span class='ocr_line' id='line_1_91' title="bbox 2202 4380 3847 4458; baseline -0.008 -12"><span class='ocrx_word' id='word_1_698' title='bbox 2202 4393 2269 4446; x_wconf 91' lang='lat' dir='ltr'>ad</span> <span class='ocrx_word' id='word_1_699' title='bbox 2297 4392 2522 4446; x_wconf 90' lang='lat' dir='ltr'><strong>radices</strong></span> <span class='ocrx_word' id='word_1_700' title='bbox 2536 4389 2701 4445; x_wconf 88' lang='lat' dir='ltr'><strong>collis</strong></span> <span class='ocrx_word' id='word_1_701' title='bbox 2719 4388 2810 4443; x_wconf 91' lang='lat' dir='ltr'>cui</span> <span class='ocrx_word' id='word_1_702' title='bbox 2830 4388 3145 4458; x_wconf 87' lang='lat' dir='ltr'><strong>Capetrum</strong></span> <span class='ocrx_word' id='word_1_703' title='bbox 3166 4383 3474 4440; x_wconf 86' lang='lat' dir='ltr'><strong>castellum</strong></span> <span class='ocrx_word' id='word_1_704' title='bbox 3492 4386 3583 4438; x_wconf 90' lang='lat' dir='ltr'>est</span> <span class='ocrx_word' id='word_1_705' title='bbox 3605 4380 3847 4451; x_wconf 85' lang='lat' dir='ltr'><strong>imposi-</strong></span> 
     </span>
    </p>
   </div>
   <div class='ocr_carea' id='block_1_91' title="bbox 2199 4469 3845 4548">
    <p class='ocr_par' dir='ltr' id='par_1_91' title="bbox 2199 4469 3845 4548">
     <span class='ocr_line' id='line_1_92' title="bbox 2199 4469 3845 4548; baseline -0.008 -12"><span class='ocrx_word' id='word_1_706' title='bbox 2199 4477 2826 4536; x_wconf 84' lang='lat' dir='ltr'><strong>tum.Adventantibus</strong></span> <span class='ocrx_word' id='word_1_707' title='bbox 2856 4493 2994 4548; x_wconf 84' lang='lat' dir='ltr'><strong>ergo</strong></span> <span class='ocrx_word' id='word_1_708' title='bbox 3022 4476 3229 4531; x_wconf 91' lang='lat' dir='ltr'><strong>Turcis</strong></span> <span class='ocrx_word' id='word_1_709' title='bbox 3257 4473 3543 4544; x_wconf 85' lang='lat' dir='ltr'><strong>dissipato</strong></span> <span class='ocrx_word' id='word_1_710' title='bbox 3594 4469 3845 4539; x_wconf 84' lang='lat' dir='ltr'><strong>agmine,</strong></span> 
     </span>
    </p>
   </div>
   <div class='ocr_carea' id='block_1_92' title="bbox 2201 4558 3849 4633">
    <p class='ocr_par' dir='ltr' id='par_1_92' title="bbox 2201 4558 3849 4633">
     <span class='ocr_line' id='line_1_93' title="bbox 2201 4558 3849 4633; baseline -0.009 -7"><span class='ocrx_word' id='word_1_711' title='bbox 2201 4586 2436 4626; x_wconf 89' lang='lat' dir='ltr'><strong>rursum</strong></span> <span class='ocrx_word' id='word_1_712' title='bbox 2469 4567 2769 4625; x_wconf 87' lang='lat' dir='ltr'><strong>consuluit</strong></span> <span class='ocrx_word' id='word_1_713' title='bbox 2791 4567 3109 4622; x_wconf 83' lang='lat' dir='ltr'><strong>Ambustus</strong></span> <span class='ocrx_word' id='word_1_714' title='bbox 3131 4569 3196 4620; x_wconf 92' lang='lat' dir='ltr'>ut</span> <span class='ocrx_word' id='word_1_715' title='bbox 3222 4563 3283 4618; x_wconf 89' lang='lat' dir='ltr'>in</span> <span class='ocrx_word' id='word_1_716' title='bbox 3315 4561 3613 4633; x_wconf 87' lang='lat' dir='ltr'><strong>dispersos</strong></span> <span class='ocrx_word' id='word_1_717' title='bbox 3635 4563 3691 4615; x_wconf 92' lang='lat' dir='ltr'>et</span> <span class='ocrx_word' id='word_1_718' title='bbox 3712 4558 3849 4613; x_wconf 83' lang='lat' dir='ltr'><strong>nul-</strong></span> 
     </span>
    </p>
   </div>
   <div class='ocr_carea' id='block_1_93' title="bbox 2202 4648 3848 4723">
    <p class='ocr_par' dir='ltr' id='par_1_93' title="bbox 2202 4648 3848 4723">
     <span class='ocr_line' id='line_1_94' title="bbox 2202 4648 3848 4723; baseline -0.01 -8"><span class='ocrx_word' id='word_1_719' title='bbox 2202 4661 2274 4715; x_wconf 89' lang='lat' dir='ltr'>lis</span> <span class='ocrx_word' id='word_1_720' title='bbox 2333 4658 2526 4714; x_wconf 90' lang='lat' dir='ltr'><strong>adhuc</strong></span> <span class='ocrx_word' id='word_1_721' title='bbox 2576 4656 2883 4712; x_wconf 86' lang='lat' dir='ltr'><strong>ordinibus</strong></span> <span class='ocrx_word' id='word_1_722' title='bbox 2938 4653 3245 4710; x_wconf 87' lang='lat' dir='ltr'><strong>instructis</strong></span> <span class='ocrx_word' id='word_1_723' title='bbox 3321 4653 3601 4723; x_wconf 85' lang='lat' dir='ltr'><strong>vagantes</strong></span> <span class='ocrx_word' id='word_1_724' title='bbox 3686 4648 3848 4702; x_wconf 83' lang='lat' dir='ltr'><strong>fieret</strong></span> 
     </span>
    </p>
   </div>
   <div class='ocr_carea' id='block_1_94' title="bbox 2199 4737 3847 4820">
    <p class='ocr_par' dir='ltr' id='par_1_94' title="bbox 2199 4737 3847 4820">
     <span class='ocr_line' id='line_1_95' title="bbox 2199 4737 3847 4820; baseline -0.01 -16"><span class='ocrx_word' id='word_1_725' title='bbox 2199 4749 2458 4820; x_wconf 85' lang='lat' dir='ltr'><strong>impetus</strong></span> <span class='ocrx_word' id='word_1_726' title='bbox 2507 4765 2522 4815; x_wconf 84' lang='lat'><strong>;</strong></span> <span class='ocrx_word' id='word_1_727' title='bbox 2606 4747 2706 4802; x_wconf 87' lang='lat' dir='ltr'>sed</span> <span class='ocrx_word' id='word_1_728' title='bbox 2771 4743 3052 4817; x_wconf 77' lang='lat' dir='ltr'><strong>Liparites</strong></span> <span class='ocrx_word' id='word_1_729' title='bbox 3101 4761 3134 4799; x_wconf 91' lang='lat' dir='ltr'>a</span> <span class='ocrx_word' id='word_1_730' title='bbox 3222 4757 3415 4814; x_wconf 88' lang='lat' dir='ltr'><strong>pugna</strong></span> <span class='ocrx_word' id='word_1_731' title='bbox 3475 4737 3847 4797; x_wconf 84' lang='lat' dir='ltr'><strong>abhorrebat,</strong></span> 
     </span>
    </p>
   </div>
   <div class='ocr_carea' id='block_1_95' title="bbox 2201 4826 3850 4912">
    <p class='ocr_par' dir='ltr' id='par_1_95' title="bbox 2201 4826 3850 4912">
     <span class='ocr_line' id='line_1_96' title="bbox 2201 4826 3850 4912; baseline -0.01 -17"><span class='ocrx_word' id='word_1_732' title='bbox 2201 4839 2356 4912; x_wconf 90' lang='lat' dir='ltr'><strong>quod</strong></span> <span class='ocrx_word' id='word_1_733' title='bbox 2391 4835 2887 4894; x_wconf 89' lang='lat' dir='ltr'><strong>sabbatuminter</strong></span> <span class='ocrx_word' id='word_1_734' title='bbox 2924 4834 3049 4889; x_wconf 89' lang='lat' dir='ltr'><strong>dies</strong></span> <span class='ocrx_word' id='word_1_735' title='bbox 3107 4838 3265 4888; x_wconf 88' lang='lat' dir='ltr'><strong>atros</strong></span> <span class='ocrx_word' id='word_1_736' title='bbox 3325 4834 3499 4901; x_wconf 89' lang='lat' dir='ltr'><strong>atque</strong></span> <span class='ocrx_word' id='word_1_737' title='bbox 3555 4826 3850 4881; x_wconf 88' lang='lat' dir='ltr'><strong>infaustos</strong></span> 
     </span>
    </p>
   </div>
   <div class='ocr_carea' id='block_1_96' title="bbox 2202 4915 3853 4983">
    <p class='ocr_par' dir='ltr' id='par_1_96' title="bbox 2202 4915 3853 4983">
     <span class='ocr_line' id='line_1_97' title="bbox 2202 4915 3853 4983; baseline -0.009 0"><span class='ocrx_word' id='word_1_738' title='bbox 2202 4928 2462 4983; x_wconf 85' lang='lat' dir='ltr'><strong>haberet.</strong></span> <span class='ocrx_word' id='word_1_739' title='bbox 2499 4927 2628 4981; x_wconf 86' lang='lat' dir='ltr'><strong>Erat</strong></span> <span class='ocrx_word' id='word_1_740' title='bbox 2661 4929 2855 4979; x_wconf 90' lang='lat' dir='ltr'><strong>autem</strong></span> <span class='ocrx_word' id='word_1_741' title='bbox 2898 4927 3025 4977; x_wconf 87' lang='lat' dir='ltr'>tum</span> <span class='ocrx_word' id='word_1_742' title='bbox 3074 4921 3393 4976; x_wconf 87' lang='lat' dir='ltr'><strong>Sabhatum</strong></span> <span class='ocrx_word' id='word_1_743' title='bbox 3445 4917 3570 4972; x_wconf 92' lang='lat' dir='ltr'><strong>dies</strong></span> <span class='ocrx_word' id='word_1_744' title='bbox 3623 4915 3853 4971; x_wconf 89' lang='lat' dir='ltr'><strong>decima</strong></span> 
     </span>
    </p>
   </div>
   <div class='ocr_carea' id='block_1_97' title="bbox 2201 5005 3852 5087">
    <p class='ocr_par' dir='ltr' id='par_1_97' title="bbox 2201 5005 3852 5087">
     <span class='ocr_line' id='line_1_98' title="bbox 2201 5005 3852 5087; baseline -0.01 -14"><span class='ocrx_word' id='word_1_745' title='bbox 2201 5022 2410 5072; x_wconf 89' lang='lat' dir='ltr'><strong>octava</strong></span> <span class='ocrx_word' id='word_1_746' title='bbox 2439 5013 2805 5087; x_wconf 83' lang='lat' dir='ltr'><strong>Septembris</strong></span> <span class='ocrx_word' id='word_1_747' title='bbox 2827 5012 3149 5068; x_wconf 88' lang='lat' dir='ltr'><strong>indictione</strong></span> <span class='ocrx_word' id='word_1_748' title='bbox 3189 5009 3470 5066; x_wconf 88' lang='lat' dir='ltr'><strong>secunda.</strong></span> <span class='ocrx_word' id='word_1_749' title='bbox 3501 5007 3612 5062; x_wconf 89' lang='lat' dir='ltr'><strong>Sed</strong></span> <span class='ocrx_word' id='word_1_750' title='bbox 3666 5005 3852 5059; x_wconf 78' lang='lat' dir='ltr'><strong>Abra-</strong></span> 
     </span>
    </p>
   </div>
   <div class='ocr_carea' id='block_1_98' title="bbox 2201 5093 3855 5176">
    <p class='ocr_par' dir='ltr' id='par_1_98' title="bbox 2201 5093 3855 5176">
     <span class='ocr_line' id='line_1_99' title="bbox 2201 5093 3855 5176; baseline -0.009 -13"><span class='ocrx_word' id='word_1_751' title='bbox 2201 5107 2358 5163; x_wconf 91' lang='lat' dir='ltr'><strong>mius</strong></span> <span class='ocrx_word' id='word_1_752' title='bbox 2389 5105 2543 5162; x_wconf 70' lang='lat'>579</span> <span class='ocrx_word' id='word_1_753' title='bbox 2568 5120 2637 5159; x_wconf 82' lang='lat' dir='ltr'>ex</span> <span class='ocrx_word' id='word_1_754' title='bbox 2679 5101 3142 5176; x_wconf 64' lang='lat' dir='ltr'><strong>praecursoribus</strong></span> <span class='ocrx_word' id='word_1_755' title='bbox 3199 5097 3536 5169; x_wconf 87' lang='lat' dir='ltr'><strong>intelligens</strong></span> <span class='ocrx_word' id='word_1_756' title='bbox 3565 5112 3678 5167; x_wconf 89' lang='lat' dir='ltr'>quo</span> <span class='ocrx_word' id='word_1_757' title='bbox 3727 5093 3855 5149; x_wconf 91' lang='lat' dir='ltr'><strong>loco</strong></span> 
     </span>
    </p>
   </div>
   <div class='ocr_carea' id='block_1_99' title="bbox 2205 5188 3859 5262">
    <p class='ocr_par' dir='ltr' id='par_1_99' title="bbox 2205 5188 3859 5262">
     <span class='ocr_line' id='line_1_100' title="bbox 2205 5188 3859 5262; baseline -0.01 -10"><span class='ocrx_word' id='word_1_758' title='bbox 2205 5195 2455 5252; x_wconf 84' lang='lat' dir='ltr'><strong>Romani</strong></span> <span class='ocrx_word' id='word_1_759' title='bbox 2497 5200 2690 5250; x_wconf 88' lang='lat' dir='ltr'><strong>castra</strong></span> <span class='ocrx_word' id='word_1_760' title='bbox 2723 5192 3002 5248; x_wconf 88' lang='lat' dir='ltr'><strong>haberent</strong></span> <span class='ocrx_word' id='word_1_761' title='bbox 3034 5195 3214 5262; x_wconf 88' lang='lat' dir='ltr'><strong>utque</strong></span> <span class='ocrx_word' id='word_1_762' title='bbox 3245 5188 3638 5258; x_wconf 89' lang='lat' dir='ltr'><strong>quiescerent,</strong></span> <span class='ocrx_word' id='word_1_763' title='bbox 3697 5201 3859 5240; x_wconf 87' lang='lat' dir='ltr'><strong>com-</strong></span> 
     </span>
    </p>
   </div>
   <div class='ocr_carea' id='block_1_100' title="bbox 1645 5341 2659 5402">
    <p class='ocr_par' dir='ltr' id='par_1_100' title="bbox 1645 5341 2659 5402">
     <span class='ocr_line' id='line_1_101' title="bbox 1645 5341 2659 5402; baseline -0.005 0"><span class='ocrx_word' id='word_1_764' title='bbox 1645 5345 2023 5402; x_wconf 79' lang='lat' dir='ltr'>XYLANDRI</span> <span class='ocrx_word' id='word_1_765' title='bbox 2061 5346 2153 5401; x_wconf 90' lang='lat' dir='ltr'><strong>ET</strong></span> <span class='ocrx_word' id='word_1_766' title='bbox 2188 5344 2405 5402; x_wconf 81' lang='lat' dir='ltr'>GOARI</span> <span class='ocrx_word' id='word_1_767' title='bbox 2443 5341 2659 5399; x_wconf 65' lang='lat' dir='ltr'>NOTIE</span> 
     </span>
    </p>
   </div>
   <div class='ocr_carea' id='block_1_101' title="bbox 515 5455 2093 5542">
    <p class='ocr_par' dir='ltr' id='par_1_101' title="bbox 515 5455 2093 5542">
     <span class='ocr_line' id='line_1_102' title="bbox 515 5455 2093 5542; baseline 0.01 -32"><span class='ocrx_word' id='word_1_768' title='bbox 515 5455 835 5542; x_wconf 46' lang='lat' dir='ltr'>(38)‘Anno</span> <span class='ocrx_word' id='word_1_769' title='bbox 867 5462 1094 5521; x_wconf 86' lang='lat' dir='ltr'><strong>scilicet</strong></span> <span class='ocrx_word' id='word_1_770' title='bbox 1124 5467 1817 5542; x_wconf 85' lang='lat' dir='ltr'><strong>mundi6557.siquidem</strong></span> <span class='ocrx_word' id='word_1_771' title='bbox 1852 5470 2093 5526; x_wconf 91' lang='lat' dir='ltr'><strong>indictio</strong></span> 
     </span>
    </p>
   </div>
   <div class='ocr_carea' id='block_1_102' title="bbox 440 5531 2093 5613">
    <p class='ocr_par' dir='ltr' id='par_1_102' title="bbox 440 5531 2093 5613">
     <span class='ocr_line' id='line_1_103' title="bbox 440 5531 2093 5613; baseline 0.01 -31"><span class='ocrx_word' id='word_1_772' title='bbox 440 5531 994 5613; x_wconf 79' lang='lat' dir='ltr'><strong>secundum_annos_</strong></span> <span class='ocrx_word' id='word_1_773' title='bbox 1016 5542 1302 5613; x_wconf 88' lang='lat' dir='ltr'><strong>mutatur,</strong></span> <span class='ocrx_word' id='word_1_774' title='bbox 1328 5546 1384 5596; x_wconf 90' lang='lat' dir='ltr'>et</span> <span class='ocrx_word' id='word_1_775' title='bbox 1413 5531 1749 5613; x_wconf 76' lang='lat' dir='ltr'><strong>quindecim</strong></span> <span class='ocrx_word' id='word_1_776' title='bbox 1803 5559 2093 5598; x_wconf 89' lang='lat' dir='ltr'><strong>annorum</strong></span> 
     </span>
    </p>
   </div>
   <div class='ocr_carea' id='block_1_103' title="bbox 438 5605 2095 5687">
    <p class='ocr_par' dir='ltr' id='par_1_103' title="bbox 438 5605 2095 5687">
     <span class='ocr_line' id='line_1_104' title="bbox 438 5605 2095 5687; baseline 0.011 -34"><span class='ocrx_word' id='word_1_777' title='bbox 438 5605 801 5687; x_wconf 39' lang='lat' dir='ltr'><strong>circuituﬂad.</strong></span> <span class='ocrx_word' id='word_1_778' title='bbox 821 5608 1355 5687; x_wconf 85' lang='lat' dir='ltr'><strong>eumdem_reditur</strong></span> <span class='ocrx_word' id='word_1_779' title='bbox 1385 5605 1967 5687; x_wconf 62' lang='lat' dir='ltr'><strong>numerumﬂonstat</strong></span> <span class='ocrx_word' id='word_1_780' title='bbox 1997 5632 2095 5670; x_wconf 88' lang='lat' dir='ltr'><strong>au-</strong></span> 
     </span>
    </p>
   </div>
   <div class='ocr_carea' id='block_1_104' title="bbox 438 5676 2095 5759">
    <p class='ocr_par' dir='ltr' id='par_1_104' title="bbox 438 5676 2095 5759">
     <span class='ocr_line' id='line_1_105' title="bbox 438 5676 2095 5759; baseline 0.01 -33"><span class='ocrx_word' id='word_1_781' title='bbox 438 5678 560 5759; x_wconf 69' lang='lat' dir='ltr'>tem</span> <span class='ocrx_word' id='word_1_782' title='bbox 595 5676 983 5759; x_wconf 78' lang='lat' dir='ltr'><strong>indictionem</strong></span> <span class='ocrx_word' id='word_1_783' title='bbox 1007 5683 1379 5759; x_wconf 75' lang='lat' dir='ltr'><strong>undecimam</strong></span> <span class='ocrx_word' id='word_1_784' title='bbox 1405 5681 1590 5742; x_wconf 82' lang='lat' dir='ltr'><strong>fuisse</strong></span> <span class='ocrx_word' id='word_1_785' title='bbox 1611 5687 2095 5759; x_wconf 68' lang='lat' dir='ltr'><strong>annum,etc.,54,</strong></span> 
     </span>
    </p>
   </div>
   <div class='ocr_carea' id='block_1_105' title="bbox 441 5745 2097 5832">
    <p class='ocr_par' dir='ltr' id='par_1_105' title="bbox 441 5745 2097 5832">
     <span class='ocr_line' id='line_1_106' title="bbox 441 5745 2097 5832; baseline 0.007 -30"><span class='ocrx_word' id='word_1_786' title='bbox 441 5751 494 5803; x_wconf 87' lang='lat' dir='ltr'>et</span> <span class='ocrx_word' id='word_1_787' title='bbox 525 5745 952 5806; x_wconf 87' lang='lat' dir='ltr'><strong>duodecimam</strong></span> <span class='ocrx_word' id='word_1_788' title='bbox 984 5767 1204 5811; x_wconf 88' lang='lat' dir='ltr'><strong>annum</strong></span> <span class='ocrx_word' id='word_1_789' title='bbox 1232 5755 1325 5827; x_wconf 87' lang='lat'>52,</span> <span class='ocrx_word' id='word_1_790' title='bbox 1347 5772 1417 5813; x_wconf 81' lang='lat' dir='ltr'><strong>ex</strong></span> <span class='ocrx_word' id='word_1_791' title='bbox 1445 5745 1938 5832; x_wconf 49' lang='lat' dir='ltr'><strong>superioribus,“</strong></span> <span class='ocrx_word' id='word_1_792' title='bbox 1965 5745 2097 5830; x_wconf 60' lang='lat' dir='ltr'><strong>(iure</strong></span> 
     </span>
    </p>
   </div>
   <div class='ocr_carea' id='block_1_106' title="bbox 2205 5456 3860 5543">
    <p class='ocr_par' dir='ltr' id='par_1_106' title="bbox 2205 5456 3860 5543">
     <span class='ocr_line' id='line_1_107' title="bbox 2205 5456 3860 5543; baseline -0.008 -18"><span class='ocrx_word' id='word_1_793' title='bbox 2205 5470 2277 5525; x_wconf 91' lang='lat' dir='ltr'>de</span> <span class='ocrx_word' id='word_1_794' title='bbox 2312 5468 2642 5543; x_wconf 66' lang='lat' dir='ltr'><strong>Theodore</strong></span> <span class='ocrx_word' id='word_1_795' title='bbox 2706 5464 2954 5543; x_wconf 77' lang='lat' dir='ltr'><strong>imperio</strong></span> <span class='ocrx_word' id='word_1_796' title='bbox 3013 5463 3168 5543; x_wconf 79' lang='lat' dir='ltr'><strong>infra</strong></span> <span class='ocrx_word' id='word_1_797' title='bbox 3223 5460 3538 5543; x_wconf 34' lang='lat' dir='ltr'><strong>dicunturn</strong></span> <span class='ocrx_word' id='word_1_798' title='bbox 3605 5456 3860 5543; x_wconf 85' lang='lat' dir='ltr'><strong>aliisque</strong></span> 
     </span>
    </p>
   </div>
   <div class='ocr_carea' id='block_1_107' title="bbox 2205 5529 3852 5603">
    <p class='ocr_par' dir='ltr' id='par_1_107' title="bbox 2205 5529 3852 5603">
     <span class='ocr_line' id='line_1_108' title="bbox 2205 5529 3852 5603; baseline -0.008 -7"><span class='ocrx_word' id='word_1_799' title='bbox 2205 5540 2424 5596; x_wconf 80' lang='lat' dir='ltr'><strong>multis.</strong></span> <span class='ocrx_word' id='word_1_800' title='bbox 2460 5543 2546 5596; x_wconf 89' lang='lat' dir='ltr'>Ita</span> <span class='ocrx_word' id='word_1_801' title='bbox 2576 5529 3123 5602; x_wconf 82' lang='lat' dir='ltr'><strong>Torniciidefnctio,</strong></span> <span class='ocrx_word' id='word_1_802' title='bbox 3157 5551 3283 5603; x_wconf 66' lang='lat' dir='ltr'><strong>qua;</strong></span> <span class='ocrx_word' id='word_1_803' title='bbox 3333 5533 3389 5587; x_wconf 93' lang='lat' dir='ltr'>in</span> <span class='ocrx_word' id='word_1_804' title='bbox 3453 5529 3703 5603; x_wconf 86' lang='lat' dir='ltr'><strong>primam</strong></span> <span class='ocrx_word' id='word_1_805' title='bbox 3760 5529 3852 5584; x_wconf 88' lang='lat' dir='ltr'><strong>in-</strong></span> 
     </span>
    </p>
   </div>
   <div class='ocr_carea' id='block_1_108' title="bbox 2205 5603 3852 5674">
    <p class='ocr_par' dir='ltr' id='par_1_108' title="bbox 2205 5603 3852 5674">
     <span class='ocr_line' id='line_1_109' title="bbox 2205 5603 3852 5674; baseline -0.008 -6"><span class='ocrx_word' id='word_1_806' title='bbox 2205 5611 2521 5668; x_wconf 89' lang='lat' dir='ltr'><strong>dictionem</strong></span> <span class='ocrx_word' id='word_1_807' title='bbox 2555 5609 2710 5666; x_wconf 87' lang='lat' dir='ltr'><strong>dicta</strong></span> <span class='ocrx_word' id='word_1_808' title='bbox 2739 5613 2826 5664; x_wconf 83' lang='lat' dir='ltr'>est</span> <span class='ocrx_word' id='word_1_809' title='bbox 2853 5607 3152 5674; x_wconf 89' lang='lat' dir='ltr'><strong>incidisse,</strong></span> <span class='ocrx_word' id='word_1_810' title='bbox 3188 5606 3296 5660; x_wconf 82' lang='lat' dir='ltr'><strong>fuit</strong></span> <span class='ocrx_word' id='word_1_811' title='bbox 3353 5621 3505 5659; x_wconf 88' lang='lat' dir='ltr'><strong>anno</strong></span> <span class='ocrx_word' id='word_1_812' title='bbox 3559 5603 3704 5674; x_wconf 72' lang='grc'>6556</span> <span class='ocrx_word' id='word_1_813' title='bbox 3758 5615 3852 5656; x_wconf 88' lang='lat' dir='ltr'><strong>se-</strong></span> 
     </span>
    </p>
   </div>
   <div class='ocr_carea' id='block_1_109' title="bbox 2205 5672 3852 5740">
    <p class='ocr_par' dir='ltr' id='par_1_109' title="bbox 2205 5672 3852 5740">
     <span class='ocr_line' id='line_1_110' title="bbox 2205 5672 3852 5740; baseline -0.009 0"><span class='ocrx_word' id='word_1_814' title='bbox 2205 5684 2467 5740; x_wconf 90' lang='lat' dir='ltr'><strong>cundum</strong></span> <span class='ocrx_word' id='word_1_815' title='bbox 2500 5686 2789 5738; x_wconf 91' lang='lat' dir='ltr'><strong>nostrum.</strong></span> <span class='ocrx_word' id='word_1_816' title='bbox 2815 5679 2933 5735; x_wconf 89' lang='lat' dir='ltr'>Hoc</span> <span class='ocrx_word' id='word_1_817' title='bbox 2956 5672 3263 5734; x_wconf 87' lang='lat' dir='ltr'><strong>rudiorum</strong></span> <span class='ocrx_word' id='word_1_818' title='bbox 3287 5692 3465 5732; x_wconf 86' lang='lat' dir='ltr'><strong>causa</strong></span> <span class='ocrx_word' id='word_1_819' title='bbox 3495 5672 3648 5730; x_wconf 89' lang='lat' dir='ltr'><strong>volui</strong></span> <span class='ocrx_word' id='word_1_820' title='bbox 3678 5687 3852 5728; x_wconf 85' lang='lat' dir='ltr'><strong>anno-</strong></span> 
     </span>
    </p>
   </div>
   <div class='ocr_carea' id='block_1_110' title="bbox 2209 5756 2518 5812">
    <p class='ocr_par' dir='ltr' id='par_1_110' title="bbox 2209 5756 2518 5812">
     <span class='ocr_line' id='line_1_111' title="bbox 2209 5756 2518 5812; baseline -0.006 0"><span class='ocrx_word' id='word_1_821' title='bbox 2209 5760 2352 5812; x_wconf 89' lang='lat' dir='ltr'><strong>tare.</strong></span> <span class='ocrx_word' id='word_1_822' title='bbox 2374 5756 2518 5811; x_wconf 66' lang='grc' dir='ltr'>ΧΠ..</span> 
     </span>
    </p>
   </div>
  </div>
