4164 6416
346 384 456 444 311

1685 373 2002 435 GEORGII
2047 371 2387 433 CEDHENI

3640 387 3758 447 312

346 514 536 586 posito
567 514 639 570 ad
672 529 933 587 pugnam
966 513 1198 588 agmine
1245 512 1319 568 ad
1360 527 1459 566 eos
1512 508 1780 565 accessit.
1831 505 1992 571 Quod

2120 500 2196 556 5ιὰ
2225 506 2333 557 τῶν
2362 498 2707 577 προδρόμων,
2733 506 2920 576 μαθὼν
2947 506 3077 563 ὅποι
3124 530 3184 564 τε
3208 510 3261 565 οἱ
3291 511 3553 585 Ῥωμαῖνι
3595 514 3757 585 ηὐλί-

341 603 594 659 Romani
615 602 881 658 videntes
915 603 1024 675 ipsi
1058 618 1287 673 quoque
1312 598 1752 670 iuviti‘ordiues
1786 598 1995 649 instru-

347 697 579 747 xerunt.
616 692 831 747 Dextro
854 696 1058 747 cornui
1081 694 1431 755 Ambustus,
1464 688 1603 742 laevo
1625 690 1811 740 Aaron
1850 700 1995 754 pras-

348 782 575 837 fectus:
609 782 898 852 Liparites
933 781 1181 836 inediam
1216 781 1466 834 ducebat
1498 775 1995 831 aciemAmbustO

343 871 651 943 oppositus
674 877 798 926 erat
825 872 1162 935 Abramius,
1181 867 1395 923 Aaroni
1427 867 1573 921 alter
1602 865 1819 918 ducum
1859 862 1998 915 Tur-

344 960 603 1040 cicorum
647 960 1085 1029 Chorosanites,
1134 958 1400 1029 Liparitae
1460 958 1668 1024 Aspam
1716 950 1995 1014 Selarius,

344 1048 609 1105 Abramii
684 1065 753 1103 ex
823 1048 1006 1103 altero
1070 1049 1355 1102 duntaxat
1430 1049 1732 1116 parentum
1801 1040 1999 1103 frater,

347 1136 851 1193 Praaliuminitum
892 1144 983 1192 est
1029 1137 1171 1192 solis
1197 1138 1319 1206 jam
1348 1135 1696 1188 imminente
1753 1145 1996 1195 occasu;

349 1234 407 1280 et
438 1241 571 1280 cum
598 1227 920 1280 Ambustus
946 1233 1068 1279 tum
1088 1229 1273 1280 Aaron
1299 1230 1542 1293 uterque
1565 1220 1677 1276 sibi
1699 1219 2000 1291 oppositos

349 1314 551 1370 hostes
597 1315 895 1380 fuderunt,
947 1319 1118 1385 atque
1167 1329 1356 1392 usque
1414 1312 1484 1365 ad
1548 1309 1687 1382 galli
1761 1314 1999 1363 cantum

348 1404 638 1474 persecuti
679 1409 840 1459 sunt.
883 1403 1168 1474 Liparites
1206 1408 1404 1457 autem
1454 1399 1778 1473 patruelem
1823 1413 1999 1451 suum

346 1492 695 1547 occubuisse
714 1507 863 1564 aegre
914 1493 1126 1558 ferens,
1172 1492 1315 1546 dum
1367 1490 1651 1561 impetum
1700 1487 2000 1542 vehemen-

351 1581 562 1636 tiorem
605 1581 728 1651 dat,
774 1597 925 1652 equo
957 1597 1063 1636 suo
1115 1580 1308 1635 occiso
1356 1578 1603 1650 capitur.
1674 1577 1919 1632 Romani
1969 1589 2004 1627 a

346 1670 751 1742 persecutione
786 1671 1001 1725 reversi
1030 1672 1102 1724 ab
1132 1669 1302 1740 equis
1349 1668 1737 1731 descendunt,
1772 1681 2003 1735 unaque

347 1774 487 1814 voce
522 1759 637 1815 Deo
686 1775 789 1830 pro
834 1758 1076 1815 victoria
1127 1762 1311 1829 agunt
1339 1759 1582 1828 gratias,
1630 1761 1688 1811 et
1723 1760 1998 1810 cantant:

2109 597 2263 659 ζοντο
2309 591 2399 645 καί
2458 590 2543 645 ὅτι
2594 594 2887 667 ἠρεμοῦσι,
2948 598 3205 667 συντάξας
3260 600 3355 662 τὰς
3387 603 3579 657 ἑαυτοῦ
3612 601 3763 660 δυνά-

2111 702 2226 752 μεις
2286 678 2493 756 ἤρχετο
2555 685 2973 758 συντεταγμένος
3032 687 3171 758 πρὸς
3229 689 3438 764 μάχην.
3474 696 3643 748 Τοῦτο
3703 691 3761 749 δὲ

2106 768 2195 822 καί
2226 771 2260 836 ἡ
2310 767 2610 831 ἀντίπαλος
2662 767 2889 844 δηῦναμις
2942 772 3131 829 ἰδοῦσα
3172 777 3442 841 ἀκουσίως
3498 781 3589 835 καὶ
3621 781 3757 852 αὐτή

2108 857 2607 931 ἀντιπαρετάττετο,
2669 860 2730 913 τὸ
2792 862 2886 934 μὶν
2947 860 3119 932 δεξιὸν
3170 861 3398 941 ἔχοντος
3453 870 3612 945 κέρας
3663 876 3763 927 τοῦ

2110 948 2474 1020 Κεκαυμὲνου,
2532 953 2628 1002 τοῦ
2678 947 2735 1004 δὲ
2793 951 2999 1024 Ἀαρὼν
3056 954 3120 1009 τὸ
3179 955 3481 1030 εὐώνυμον,
3543 960 3595 1014 ἐν
3644 967 3767 1026 τοῖς

2113 1037 2298 1128 μέσοις
2350 1034 2408 1128 δὲ
2466 1038 2494 1091 6
2547 1038 2848 1113 Λιπαρίτης
2877 1040 3147 1100 ἐτάττετο.
3182 1046 3283 1102 Ἦν
3336 1044 3392 1102 δὲ
3448 1049 3539 1103 καὶ
3582 1052 3618 1119 ἢ
3648 1050 3767 1128 ὥρα

2108 1126 2233 1199 περὶ
2265 1125 2552 1211 βουλυτόν.
2612 1130 2707 1199 Τῷ
2743 1130 2837 1201 μὲν
2869 1128 2961 1183 οὖν
2996 1134 3318 1207 Κεκαυμὲνῳ
3383 1125 3759 1211 ἀντιμέτωπος

2109 1214 2175 1282 ἧν
2231 1216 2259 1269 6
2319 1210 2643 1291 Άϐράμιος,
2673 1222 2754 1289 τῷ
2802 1215 2848 1271 δ’
2909 1220 3119 1294 ’Δαρὼν
3154 1210 3538 1299 Χωροσανίτης
3573 1229 3763 1302 ἅτερος

2112 1305 2436 1378 στρατηγὸς,
2501 1306 2824 1381 καταντικρὺ
2897 1306 2954 1363 δὲ
3040 1315 3134 1364 τοῦ
3193 1314 3488 1388 Διπαρίτου
3547 1318 3767 1391 Ἀσπάμ

2114 1390 2379 1484 Σελάρίος
2438 1394 2465 1447 6
2539 1399 2637 1484 τοῦ
2718 1391 3023 1484 Ἀϐραμίου
3100 1400 3430 1475 ὲτεροθαλής
3503 1390 3764 1484 ἀδελφός.

2110 1482 2191 1553 [Ρ.
2218 1484 2343 1550 774]
2405 1482 2744 1554 Συμπλοκῆς
2800 1482 2857 1538 δὲ
2885 1488 3181 1559 γενομένης
3214 1491 3243 1544 6
3293 1490 3388 1562 μὲν
3424 1482 3769 1566 Κεκαυμένος

2110 1571 2201 1623 καὶ
2253 1572 2281 1625 6
2340 1571 2548 1646 Ἀαρὼν
2601 1574 2668 1627 τὰ
2695 1574 2813 1628 κατ’
2841 1574 3037 1637 αὐτοὺς
3093 1576 3383 1653 ἐτρέψαντο
3432 1582 3630 1656 κέρατα
3676 1584 3770 1638 καὶ

2118 1661 2283 1734 μέχρι
2338 1666 2525 1737 φωνῆς
2581 1660 2953 1735 ἀλεκτρυόνων
2989 1662 3242 1737 ἐδίωκον,
3278 1668 3306 1721 6
3355 1665 3413 1723 δὲ
3439 1671 3769 1743 Αιπαρίτης,

2111 1747 2373 1811 πεσόντος
2431 1749 2576 1821 αὐτῷ
2622 1754 2722 1805 τοῦ
2778 1751 3001 1826 ἀνεψιοῦ
3052 1750 3449 1827 δεινοπαθήσας
3507 1760 3598 1813 καὶ
3651 1761 3771 1833 μεθ’

348 1871 376 1899 ‹‹
425 1848 569 1912 Quis
612 1848 768 1903 Deus
818 1847 899 1902 ita
949 1863 1200 1919 magnus
1241 1853 1415 1917 atque
1473 1852 1619 1900 Deus
1670 1850 1869 1899 noster
1905 1843 1933 1897 ?
1971 1864 1997 1892 η

2120 1837 2291 1910 ὁρμῆς
2350 1838 2528 1913 βιαίας
2598 1838 2815 1909 ἐλάσας,
2865 1846 2962 1896 τοῦ
3013 1840 3189 1898 ἵππου
3244 1844 3416 1901 αὐτοῦ
3465 1849 3771 1923 τρωθέντος

349 1936 785 2009 Liparitamque
810 1943 1187 2007 exspectant,
1239 1952 1408 2004 quem
1454 1941 1512 1989 et
1559 1935 1749 2004 ipsum
1796 1936 2006 2004 putant

348 2025 735 2097 insequendis
756 2025 1028 2080 hostibus
1052 2042 1113 2080 se
1140 2025 1393 2080 dedisse.
1417 2029 1558 2078 Cum
1584 2030 1778 2078 autem
1805 2022 2004 2076 nullus

350 2120 737 2187 compareret,
806 2113 1142 2169 sollicitudo
1226 2131 1325 2169 eos
1403 2112 1669 2178 incessit,
1753 2113 2006 2166 incertos

352 2204 639 2276 quidnam
670 2202 723 2258 ei
752 2202 1439 2259 evenisset.Hasrentibus
1469 2202 1553 2257 eis
1586 2202 1743 2257 venit
1764 2201 2004 2271 quidam

352 2292 456 2365 qui
485 2292 596 2348 sub
623 2291 879 2364 Liparita
902 2298 1026 2346 tum
1053 2291 1429 2362 militaverat,
1479 2308 1735 2361 eumque
1790 2290 2007 2344 victum

348 2386 665 2453 etcaptum
698 2380 854 2438 580
899 2380 1160 2448 nuntiat,
1185 2387 1367 2452 utque
1423 2381 1731 2436 Abramius
1789 2396 1822 2434 a
1875 2379 2009 2448 fuga

350 2486 625 2527 reversus
674 2476 733 2526 et
777 2486 911 2525 cum
957 2487 1062 2528 suo
1112 2471 1463 2541 conjunctus
1505 2471 1680 2524 fratre
1727 2483 2008 2539 germano

350 2561 515 2631 (nam
544 2560 702 2615 Asan
740 2560 799 2614 in
835 2576 1032 2632 pugna
1054 2560 1365 2629 ceciderat)
1419 2560 1740 2614 accelerate
1782 2559 2009 2621 itinere,

359 2648 610 2705 abducto
642 2664 841 2703 secum
876 2647 1135 2720 Liparita
1165 2654 1221 2703 et
1252 2647 1500 2718 captivis
1527 2646 2015 2716 lberis,redierint

359 2736 851 2793 Castrocomium.
885 2737 1074 2792 Duces
1119 2736 1363 2791 Romani
1396 2737 1467 2791 ad
1515 2752 1650 2791 eum
1696 2738 2012 2807 obstupue-

362 2833 504 2883 runt
534 2826 833 2895 nuntium,
862 2831 1152 2898 nocteque
1199 2842 1268 2881 ea
1315 2826 1571 2881 insomni
1624 2831 1845 2895 exacta,
1886 2832 2015 2880 orta

365 2916 496 2971 luce
525 2914 938 2972 consultarunt
958 2916 1097 2986 quid
1133 2916 1507 2987 potissimum
1560 2921 1839 2986 agerent;
1895 2914 2014 2986 pla-

369 3005 608 3077 cuitque
656 3006 899 3060 domum
966 3005 1197 3059 reverti.
1251 3006 1451 3075 Itaque
1498 3007 1686 3060 Aaron
1729 3022 1862 3059 cum
1906 3020 2015 3059 suo

368 3095 622 3151 exercitu
691 3094 931 3148 lbanem
987 3094 1178 3162 rediit,
1235 3110 1362 3165 quae
1421 3099 1511 3150 est
1577 3094 2016 3166 Baaspracaniaa

369 3182 752 3254 metropolis:
786 3182 1096 3237 Catacalon
1131 3200 1270 3238 suos
1303 3184 1513 3238 Anium
1549 3185 1795 3238 reduxit.
1839 3187 2014 3239 Caete-

2112 1927 2199 1980 καὶ
2253 1927 2514 1990 πεσόντος
2573 1927 2876 1986 ἁλίσκεται.
2938 1930 3039 1986 Καὶ
3073 1933 3100 1986 6
3136 1933 3230 2004 μὲν
3263 1934 3328 2003 ἦν
3363 1933 3414 1989 ἐν
3447 1935 3686 2005 τούτοις,
3721 1938 3775 1992 οἱ

2116 2012 2173 2069 δὲ
2245 2017 2509 2090 Ῥωμαῖοι
2582 2019 2871 2081 παυθέντες
2946 2018 3007 2075 ἐκ
3071 2029 3171 2091 τῆς
3219 2019 3455 2094 διώξεως
3512 2026 3601 2081 καὶ
3658 2024 3769 2083 τῶν

2108 2102 2294 2159 ’ίππων
2354 2102 2655 2170 ἀποϐάντες
2708 2107 2796 2162 καὶ
2853 2113 2932 2181 τῷ
2961 2114 3076 2182 Θεῷ
3118 2108 3301 2176 δόντες
3335 2112 3538 2186 ὕμνους
3597 2114 3775 2170 ἐπινι-

2115 2193 2288 2264 κίους,
2346 2196 2397 2250 ἐν
2462 2200 2559 2269 μιᾷ
2615 2200 2766 2274 φωνῇ
2822 2199 3115 2272 βοήσαντες
3148 2205 3230 2270 τὸ,
3267 2226 3291 2256 ε
3317 2202 3412 2265 Τίς
3443 2205 3573 2265 Θεὸς
3606 2205 3775 2281 μιγας

2119 2285 2193 2347 ὡς
2255 2285 2281 2339 6
2308 2285 2439 2349 Θεὸς
2469 2288 2629 2358 ἡμῶν
2659 2305 2671 2355 ;
2716 2310 2744 2337 »
2776 2285 3111 2361 προσέμενον
3137 2290 3226 2344 τὸν
3261 2292 3589 2367 Λιπαρίτην,
3620 2292 3779 2348 ἐκπίο

2122 2379 2300 2443 ζοντες
2357 2374 2446 2428 καὶ
2481 2374 2639 2429 αὐτὸν
2677 2372 2890 2431 διώκειν
2948 2371 3168 2442 ὄπισθεν
3198 2384 3307 2434 τῶν
3342 2378 3581 2457 ἐχθρῶν.
3627 2382 3783 2439 Ἐπεὶ

2121 2461 2178 2518 δὲ
2230 2463 2476 2541 ὶφαίνετο
2533 2461 2804 2537 οὐδαμοῦ,
2836 2464 2888 2519 ἐν
2941 2466 3228 2542 ἀμηχανίᾳ
3256 2469 3415 2537 ἦσαν,
3458 2467 3784 2547 διαποροῦν-

2119 2574 2208 2616 τες
2264 2555 2293 2607 6'
2348 2575 2400 2607 τι
2430 2554 2520 2608 καὶ
2553 2554 2789 2628 γένοιτο.
2822 2554 2981 2611 Οὕτω
3014 2552 3071 2610 δὲ
3103 2554 3563 2633 διαπορουμὲνοις
3590 2560 3782 2623 αὐτοῖς

2123 2638 2341 2716 ἔρχεταί
2366 2662 2449 2703 τις
2479 2643 2815 2719 στρατιώτης
2847 2649 2954 2698 τῶν
2989 2644 3075 2699 ὑπ’
3100 2645 3287 2719 ἐκείνῳ
3317 2649 3785 2722 ταττομένων,καὶ

2125 2730 2318 2803 μηνύει
2349 2736 2465 2792 τοῖς
2522 2738 2843 2807 στρατηγοῖς
2900 2734 2999 2801 τήι
3034 2734 3238 2790 ἐκείνου
3284 2741 3494 2811 τροπὴν
3555 2739 3645 2793 καὶ
3676 2741 3780 2808 τὴν

2124 2817 2352 2890 ἅλωσιν,
2412 2820 2500 2874 καὶ
2562 2820 2713 2882 ὅπως
2765 2823 2793 2876 ὁ
2850 2817 3151 2897 Ἀϐράμιος
3207 2824 3260 2879 ἐν
3318 2833 3419 2895 τῆς
3474 2834 3656 2905 φυγῆς
3686 2826 3778 2883 ἐπ-

2123 2907 2484 3000 ανελθὼν-καὶ
2515 2914 2593 2982 τῷ
2643 2909 2834 2983 οἰκείῳ
2884 2912 3103 3000 ὲνωθεὶς
3160 2910 3379 3000 ἀδελφῴ
3411 2917 3463 2988 (6
3491 2917 3592 2991 γὰρ
3618 2918 3781 2973 Ἀσὰν

2125 2996 2306 3052 ἔπεσεν
2368 2997 2420 3052 ἐν
2453 3003 2530 3070 τῷ
2585 2997 2842 3072 πολέμῳ)
2898 2996 3261 3065 ἀναλαϐόντες
3306 2996 3441 3062 τδνε
3477 3007 3786 3080 Λιπαρίτην

2124 3087 2213 3141 καὶ
2265 3086 2394 3149 τοὺς
2452 3086 2683 3150 ἁλόντας
2736 3093 2845 3143 τῶν
2896 3083 3126 3164 Ἰϐήρων
3186 3090 3549 3163 ὑπενόστησαν
3582 3092 3658 3154 εἷς
3717 3094 3786 3149 τὸ

2128 3176 2422 3253 λεγόμενον
2476 3177 2926 3252 Καστροκώμιον,
2979 3176 3273 3235 σπουδαίαν
3329 3181 3430 3250 τὴν
3462 3178 3783 3256 ὁδοιπορίαν

363 3288 495 3327 rum
524 3242 844 3327 Abramius
881 3271 1133 3343 Liparita
1165 3278 1333 3343 capto
1366 3279 1697 3337 contentus,
1730 3278 1785 3329 et
1837 3273 2009 3341 hujus

2130 3265 2477 3338 ποιούμενοι.
2511 3266 2901 3341 Ἀπεπάγησαν
2934 3267 3071 3343 πρὸς
3099 3271 3199 3338 τὴν
3234 3270 3403 3339 ἀκοὴν
3435 3271 3488 3325 οἱ
3518 3267 3786 3346 ἄρχοντες

366 3376 678 3417 successus
702 3377 883 3415 causa
904 3360 1211 3416 hominum
1236 3379 1366 3417 sese
1403 3362 1800 3417 felicissimum
1835 3363 2018 3433 depu-

367 3449 805 3518 tans,omnibus
836 3448 970 3504 aliis
1001 3449 1157 3505 curis
1188 3450 1687 3520 0missis,magnis
1709 3450 2019 3505 itineribus

367 3538 438 3593 ad
473 3541 552 3593 Re
582 3537 846 3608 quinque
877 3539 1105 3592 dierum
1138 3540 1328 3609 spatio
1363 3541 1621 3610 pervenit
1647 3559 1660 3605 ;
1686 3546 1861 3610 atque
1885 3539 2020 3594 inde

367 3625 680 3680 discedens
712 3625 788 3679 rei
818 3625 1067 3680 feliciter
1088 3633 1269 3697 gestae
1302 3629 1542 3682 nuntios
1590 3628 1660 3681 ad
1714 3629 2018 3683 sultanum

372 3711 570 3781 mittit,
637 3712 946 3782 Lipurltam
1017 3720 1255 3785 captum
1317 3715 1664 3771 indicantes.
1735 3716 2019 3772 Sultanus

373 3801 654 3857 simulata
683 3801 885 3857 laetitia
905 3802 976 3857 ob
1000 3811 1237 3875 captum
1269 3808 1499 3859 tantum
1543 3806 1756 3871 virum,
1780 3806 2017 3861 interim

373 3896 599 3947 tantam
660 3891 826 3946 fratri
876 3892 956 3947 rei
1010 3894 1277 3963 gerenda)
1329 3894 1665 3949 felicitatem
1728 3895 2017 3964 invidens,

370 3979 609 4037 assidue
638 3981 710 4037 de
759 3997 826 4036 eo
874 3980 1135 4037 tollendo
1193 3983 1466 4055 cogitavit
1512 4000 1836 4055 ansamque
1883 4000 2019 4055 cap-

367 4069 530 4126 tavit.

2129 3360 2225 3409 τοῦ
2308 3359 2554 3429 στρατοῦ.
2641 3356 2834 3427 Ὅμως
2897 3353 3434 3424 διανυκτερεόσαντες
3495 3360 3781 3436 ἄγρυπνοι,

2130 3443 2348 3519 επείπερ
2420 3445 2601 3516 ἡμέρα
2650 3442 2932 3518 ἐπέλαμψε
2990 3447 3076 3500 καὶ
3143 3447 3319 3522 βουλή
3377 3448 3638 3520 προετέθη
3686 3448 3779 3503 καί

2127 3538 2243 3595 τοῖς
2304 3538 2433 3587 πᾶσι
2462 3532 2761 3610 ,συμφίρον
2794 3533 3055 3606 ἐνομίσθη
3108 3531 3333 3590 ἕκαστον
3393 3535 3578 3591 ο”καδε
3607 3536 3781 3593 ἀπελ-

2130 3629 2237 3687 θεῖν
2276 3665 2290 3689 ,
2340 3623 2367 3677 6
2435 3624 2530 3695 μὲν
2590 3622 2799 3697 Ἀαρὼν
2857 3625 2949 3679 τὸν
3010 3624 3211 3678 οἰκεῖον
3272 3624 3588 3704 ἀνειληφὼς
3645 3624 3780 3681 λαὸν

2131 3712 2338 3768 ἄπεισιν
2399 3713 2475 3775 εἶς
2529 3711 2591 3766 τὸ
2640 3707 2787 3767 Ἰϐαν
2823 3709 3195 3786 ἷμητρόπολις
3233 3709 3291 3767 δὲ
3348 3713 3483 3785 αὕτη
3513 3718 3611 3769 τοῦ
3644 3716 3787 3771 Βαα-

2130 3803 2417 3879 σπρακάν),
2447 3802 2474 3855 6
2533 3798 2589 3855 δὲ
2624 3802 2961 3874 Κεκαυμὲνος
2989 3802 3123 3874 μετὰ
3151 3807 3259 3857 τῶν
3292 3799 3445 3857 ἰδίων
3479 3801 3785 3873 ἐπανῆλθεν

2131 3892 2208 3953 εἰς
2259 3892 2321 3945 τὸ
2380 3889 2577 3947 Ἀνίον.
2637 3890 2697 3946 Ὀ
2748 3886 2805 3944 δὲ
2862 3885 3163 3965 Ἀϐράμιος
3215 3894 3284 3964 τῇ
3340 3896 3438 3946 τοῦ
3477 3893 3787 3968 Λιπαρίτου

2129 3981 2408 4056 ἀρκεσθεὶς
2467 3978 2671 4034 ἁλώσει
2706 4022 2721 4049 ,
2797 3979 2884 4033 καὶ
2966 3975 3298 4055 ὀλϐιώτερον
3356 3981 3542 4036 ἑαυτὸν
3598 3982 3792 4057 κρίνας

2129 4071 2327 4132 παντὸς
2388 4069 2677 4144 ἀνθρώπου
2710 4065 2799 4122 διὰ
2825 4069 2888 4123 τὸ
2920 4070 3090 4144 παρὸν
3125 4069 3433 4145 εὐτύχημα,
3470 4068 3640 4144 μηδὲν
3672 4068 3791 4126 ἓτε-

369 4175 460 4231 ρον
520 4154 1085 4232 πολυπραγμονήσας,
1136 4158 1265 4215 ἀλλ’
1325 4158 1585 4222 ἰπιτείνας
1640 4162 1738 4230 τήν
1800 4158 2137 4237 ὁδοιπορίαν,
2199 4158 2289 4214 διὰ
2346 4168 2502 4213 πέντε
2558 4160 2780 4231 ἡμερῶν
2840 4157 3192 4234 παραγίνεται
3249 4159 3325 4223 εἷς
3370 4159 3433 4214 τὸ
3491 4157 3794 4237 λεγόμενον

365 4243 474 4315 Ῥὲ,
532 4247 776 4299 κακεῖθεν
842 4244 1052 4301 ἄπεισιν
1102 4247 1178 4310 εἷς
1225 4250 1317 4303 τὸν
1378 4249 1678 4305 σουλτάνον
1735 4253 2064 4326 προπέμψας
2117 4251 2184 4305 τὰ
2241 4246 2533 4325 εὐαγγέλια
2589 4249 2677 4304 καὶ
2724 4252 2824 4320 τήν
2869 4253 2965 4304 τοῦ
2997 4248 3295 4323 Λιπαρίτου
3348 4248 3590 4320 μηνύσας
3622 4248 3794 4304 κατά-

366 4353 577 4409 σχεσιν.
636 4334 699 4390 Ὁ
758 4331 817 4389 δὲ
842 4340 922 4409 τῷ
955 4333 1132 4391 δοκεῖν
1170 4339 1265 4410 μὲν
1298 4339 1579 4413 ηὐφράνθη
1616 4340 1705 4394 καὶ
1737 4340 2117 4414 ἠγαλλιάσατο
2147 4338 2232 4394 ἐπὶ
2265 4343 2333 4411 τῇ
2364 4338 2568 4394 ἁλώσει
2600 4344 2695 4395 τοῦ
2727 4336 3047 4413 Λιπαρίτου,
3082 4337 3342 4415 ἐφθόνησε
3373 4335 3431 4393 δὲ
3459 4343 3537 4410 τῷ
3566 4335 3792 4413 ἀδελφῷ

364 4424 626 4478 τοιούτου
660 4423 1040 4495 καταξιωθέντι
1090 4431 1188 4482 τοῦ
1237 4428 1640 4504 εὐτυχήματος,
1690 4432 1779 4484 καὶ
1825 4427 1916 4484 διὰ
1960 4430 2161 4492 παντὸς
2210 4427 2443 4501 ἐμελέτα
2486 4430 2575 4484 καὶ
2607 4429 2875 4507 πρόφασιν
2903 4428 3081 4500 ἐζήτει
3112 4432 3303 4483 τοῦτον
3337 4429 3666 4499 ποιήσασθαι
3698 4426 3786 4483 ἐκ·

367 4508 578 4569 ποδών.

438 4639 767 4730 Imperator
796 4642 1114 4714 Liparitam
1147 4650 1384 4718 captum
1419 4664 1549 4704 esse
1579 4649 1827 4705 audiens
1861 4655 2009 4704 lotus

2196 4645 2302 4701 T6v
2359 4643 2455 4718 μὶν
2513 4645 2604 4699 οὗν
2656 4644 2979 4718 Λιπαρίτην,
3039 4643 3113 4704 ὡς
3169 4641 3394 4705 ἰπύθετο
3439 4641 3537 4711 τὴν
3587 4640 3788 4697 τούτου

364 4727 425 4784 in
454 4728 565 4785 hoc
592 4728 703 4785 fuit
732 4736 796 4787 ut
825 4748 959 4789 eum
993 4732 1293 4791 liberaret.
1327 4737 1506 4793 Misso
1540 4739 1737 4810 itaque
1776 4740 1847 4794 ad
1898 4738 2016 4795 sul-

359 4822 567 4875 tanum
599 4819 846 4894 Georgio
874 4823 1080 4893 Droso,
1103 4823 1298 4881 scriba
1340 4827 1608 4893 A'aronis,
1642 4844 1774 4883 cum
1810 4845 2017 4883 mune-

359 4906 526 4964 ribus
558 4924 663 4980 pro
695 4913 1037 4968 redimendo
1069 4929 1136 4968 eo
1168 4915 1464 4985 pretiosis,
1517 4916 1693 4972 simul
1746 4923 1801 4972 et
1859 4917 2016 4973 hunc

363 4996 474 5051 sibi
501 4996 665 5052 reddi
718 5003 775 5054 et
822 5018 1022 5071 pacem
1076 5003 1347 5074 componi
1402 5005 1682 5076 postulat.
1737 5006 2018 5062 Sultanus

364 5085 623 5153 acceptis
670 5086 899 5158 legatis,
949 5096 1013 5146 ut
1078 5094 1430 5165 magniﬁcus
1502 5095 1648 5151 58l
1723 5096 2021 5151 videretur

364 5169 560 5241 potius
611 5190 710 5229 rex
755 5193 931 5247 quam
977 5180 1074 5250 qui
1129 5181 1347 5237 bellum
1400 5189 1849 5255 cauponaretur,
1914 5202 2017 5255 pro

367 5257 521 5314 dono
552 5260 888 5334 imperatori
944 5270 1127 5324 mittit
1180 5270 1538 5343 Liparitam;
1602 5279 1659 5328 et
1707 5292 1829 5344 qum
1887 5276 2014 5345 ejus

366 5347 691 5405 redimendi
724 5368 902 5410 causa
926 5357 1245 5428 imperator
1271 5361 1752 5434 miserat,accipit
1773 5363 2014 5433 quidem

363 5437 467 5491 sed
501 5439 778 5497 omnibus
801 5443 872 5498 iis
906 5445 1218 5517 Liparitam
1246 5450 1446 5519 donat,
1470 5451 1742 5508 hortatus
1791 5457 1856 5507 ut
1885 5454 2014 5522 ejus

359 5522 419 5613 in
456 5531 755 5595 posterum
788 5532 898 5587 diei
937 5538 1271 5592 memoriam
1313 5539 1552 5610 coleret,
1577 5558 1766 5613 neque
1812 5547 2013 5597 contra

360 5612 587 5700 Turoas
622 5634 791 5687 porro
814 5638 979 5676 arma
1012 5633 1286 5681 sumeret.
1340 5629 1592 5700 Legatus
1635 5612 1853 5685 sultani
1900 5631 2012 5685 luit

360 5701 434 5757 ad
464 5699 877 5776 imperatorem
910 5710 960 5767 is
1002 5729 1177 5784 quem
1229 5716 1340 5787 ipsi
1390 5717 1700 5790 Seriphum
1761 5723 2008 5788 vocant;

2126 4733 2447 4809 κατάσχεσιν
2503 4735 2531 4789 6
2587 4731 2864 4809 βασιλεὺς,
2923 4731 3053 4794 ὅλος
3097 4731 3308 4806 ἐγένετο
3362 4730 3785 4807 ἀναῤῥύσασθαι,

2127 4822 2218 4878 καὶ
2259 4820 2408 4899 δῶρα
2458 4821 2739 4891 πολυτελῆ
2795 4820 2884 4877 καί
2936 4821 3107 4897 λύτρα
3137 4821 3357 4894 πέμψας
3389 4824 3468 4891 τῷ
3500 4818 3788 4893 σουλτάνῳ

2131 4909 2218 4967 διὰ
2250 4914 2521 4986 Γεωργίου
2570 4916 2667 4968 τοῦ
2698 4909 3003 4985 λεγομᾶνου
3051 4905 3257 4984 Δρόσου
3300 4908 3787 4984 (ὑπογραμματεὺς

2131 4998 2189 5056 δὶ
2242 5003 2309 5071 ἧν
2363 5004 2391 5057 6
2451 5001 2653 5078 Δρόσος
2683 5002 2780 5056 τοῦ
2838 5000 3077 5076 Ἀαρὼν)
3119 4999 3527 5073 ἐξαιτεῖταιτήν
3570 4996 3788 5060 ἐλευθε-

2129 5090 2243 5165 ρίαν
2271 5090 2360 5146 καὶ
2410 5088 2646 5153 σπονδὰς
2695 5089 2941 5164 εἰρήνης.
2995 5090 3056 5146 Ὀ
3109 5085 3167 5142 δὶ
3211 5086 3506 5149 σουλτάνος
3532 5086 3625 5146 τὰς
3655 5105 3789 5158 πρε-

2127 5175 2307 5241 σϐείας
2382 5177 2692 5253 δεξάμενος,
2761 5178 2851 5233 καὶ
2925 5177 3354 5253 μεγαλοπρεπῂ
3421 5173 3596 5239 θέλων
3653 5175 3787 5229 εἶναι

2129 5269 2382 5345 βασιλεὺς
2413 5267 2627 5342 μᾶλλον
2660 5268 2696 5338 ἢ
2751 5266 3003 5338 κάπηλος
3046 5264 3417 5341 ἀνελεύθερος,
3478 5260 3789 5318 ἀποδίδωσι

2122 5363 2311 5414 τοῦτον
2348 5357 2520 5431 δῶρον
2569 5363 2648 5430 τῷ
2682 5354 2918 5433 βασιλεῖ,
2949 5351 3135 5411 λαϐὼν
3169 5355 3264 5429 μὶν
3291 5355 3356 5409 τὰ
3385 5353 3579 5428 λύτρα,
3611 5353 3787 5408 πάντα

2125 5446 2183 5504 δὶ
2232 5454 2312 5520 τῷ
2366 5449 2637 5522 Λιπαρίτῃ
2692 5446 3100 5522 παρεσχηκὼς,
3160 5445 3252 5499 καὶ
3314 5444 3619 5517 μεμνῆσθαι
3679 5448 3782 5511 τῆς

2124 5537 2403 5613 παρούσης
2452 5539 2663 5613 ἡμέρας
2711 5534 2800 5591 διὰ
2845 5536 3046 5597 παντὸς
3097 5531 3638 5609 παρεγγυησάμενος,
3684 5532 3778 5585 καὶ

2125 5626 2401 5700 μηδέποτε
2431 5624 2577 5681 ὅπλα
2606 5626 2832 5695 θελῆσαι
2888 5626 2946 5679 τὸ
3004 5624 3109 5679 ἀπὸ
3164 5620 3324 5678 τοῦδε
3372 5624 3590 5687 κινῆσαι
3642 5620 3782 5674 κατά

2116 5720 2224 5772 τῶν
2285 5716 2560 5793 Τούρκων.
2612 5718 2693 5790 [Ρ.
2754 5715 2882 5788 775]
2941 5710 3329 5796 Ἀνεπλήρωσε
3387 5708 3434 5767 δ’
3472 5709 3621 5783 αὐτῷ
3675 5709 3777 5778 τήν
