4164 6408
367 397 480 460 313

1525 399 2070 465 HISTORIARUM
2117 399 2666 462 COMPENDIUM.

3685 395 3805 454 3M

375 529 508 605 πρὸς
531 530 630 583 τὸν
669 528 906 604 βασιλέα
961 527 1248 608 πρεσϐείαν
1284 533 1310 587 6
1345 531 1644 608 λεγόμενος
1693 533 1820 606 παρ’
1848 532 2037 593 αὐτοῖς

2153 534 2320 601 cujus
2368 549 2436 588 ea
2485 535 2576 586 est
2625 533 2696 586 ad
2743 532 3006 600 ipsorum
3054 527 3403 600 Chalipham
3453 525 3622 594 ratio,
3675 543 3805 597 qua:

381 621 612 694 σέριφος·
677 617 906 676 δύναται
965 618 1022 676 δὲ
1079 627 1240 678 τοῦτο
1283 623 1345 677 τὸ
1394 617 1572 694 ὄνομα
1600 624 1736 695 πρὸς
1763 622 1856 676 τὸν
1908 621 2036 695 παρ’

377 709 560 770 αὐτοῖς
619 715 904 784 χαλυφᾶν,
939 712 1072 786 ὅπερ
1123 712 1150 764 6
1207 713 1330 785 παρ’
1361 714 1498 784 ἡμῖν
1548 708 1854 787 σόγκελλος
1900 711 2034 783 πρὸς

369 799 458 852 τὸν
491 801 852 873 πατριάρχην
903 798 1074 854 πάλαι
1119 798 1368 854 ἐδύνατο·
1419 800 1625 856 ἐκείνου
1675 803 1778 874 γὰρ
1828 799 2034 862 ἀποθα-

363 886 556 948 νόντος
585 887 756 950 αὐτὸς
791 889 952 950 εὐθὺς
979 887 1058 952 εἲς
1087 891 1178 943 τὸν
1229 891 1426 944 τούτου
1477 891 1668 964 θρόνον
1729 885 2039 963 ἐγκαθίδρυ-

369 996 480 1030 ται.
516 975 700 1038 Οὗτος
733 977 921 1031 τοίνυν
956 978 984 1031 6
1015 976 1232 1052 σὲριφος
1265 977 1524 1034 εἰσελθὼν
1557 977 1608 1033 ἐν
1669 982 1738 1050 τῇ
1793 973 2038 1052 βασιλίδι

379 1065 464 1118 xui
498 1064 554 1126 ἐς
585 1063 886 1138 πρόσωπον
922 1065 1092 1122 ἐλθὼν
1125 1070 1206 1138 τῷ
1230 1065 1446 1141 βασιλεῖ
1473 1067 1564 1122 καὶ
1587 1063 1830 1138 ὁμιλίαν,
1849 1061 2038 1118 πολλά

379 1174 436 1207 τε
491 1153 924 1231 μεγαλαυχήσας
981 1154 1071 1209 xui
1133 1157 1528 1232 φρυαξάμενος,
1580 1154 1668 1209 καὶ
1725 1152 2033 1208 τελευταῖον

387 1244 660 1322 ὖπό-ρορον
711 1248 896 1310 θέσθαι
947 1247 1179 1310 σπεύσας
1229 1247 1329 1316 τήν
1375 1245 1659 1318 Ῥωμαίων
1718 1248 1797 1315 τῷ
1845 1243 2036 1297 ἑαυτοῦ

377 1332 684 1406 σουλτάνῳ,
723 1332 836 1388 ἐπεὶ
873 1336 948 1406 μή
979 1335 1100 1410 εὗρε
1126 1336 1219 1389 τὸν
1255 1333 1484 1408 βασιλέα
1538 1331 1818 1400 ἐπικλινῆ,
1865 1327 2036 1403 ἄπρα-

371 1441 498 1482 κτος
526 1423 864 1498 ὑπεχώρησε
893 1423 1029 1495 πρὸς
1057 1424 1150 1478 τὸν
1191 1425 1499 1496 πέμψαντα.
1535 1422 1632 1478 Καὶ
1692 1422 1720 1476 ὁ
1783 1417 2036 1495 βασιλεὺς

365 1516 430 1570 τὸ
459 1514 558 1568 ἀπ’
585 1513 793 1568 ἐκείνου
821 1511 1183 1589 ἐκδεχόμενος
1219 1515 1466 1588 πόλεμον
1516 1513 1623 1568 ἀπὸ
1669 1510 1767 1566 τοῦ
1798 1508 2033 1564 σουλτάά

363 1625 486 1672 νου,
519 1604 646 1666 καθ’
676 1602 803 1658 ὅσον
857 1603 976 1658 οἷόν
1023 1624 1082 1657 τε
1128 1604 1220 1675 ἦν,
1249 1603 1314 1658 τὰ
1364 1605 1680 1676 ὁμοροῦντα
1708 1604 1778 1672 τῇ
1813 1601 2030 1673 Περσῶν

2149 622 2478 692 antiquitus
2527 620 2768 692 syncell‘i
2819 621 2890 674 ad
2947 619 3337 690 patriarcham
3396 633 3408 672 :
3462 614 3596 671 huic
3647 615 3806 671 enim

2150 713 2378 765 mortuo
2427 709 2524 764 ille
2571 709 2770 763 statim
2818 709 3187 764 succedebat.
3243 707 3298 762 Is
3345 722 3482 777 ergo
3523 705 3807 776 Seriphus

2149 800 2490 870 Byzantium
2525 799 2816 870 profectus
2849 805 2906 852 et
2935 798 3006 852 ad
3031 796 3396 866 colloquium
3429 793 3806 864 imperatoris

2148 889 2468 956 admissus,
2518 905 2652 943 cum
2705 888 2892 942 multa
2939 887 3054 940 alia
3103 886 3355 956 superbe
3405 900 3470 938 ac
3515 883 3809 953 jactanter

2148 976 2313 1044 dixit,
2349 981 2472 1032 tum
2505 976 2562 1030 id
2596 992 2831 1046 quoque
2883 973 3202 1044 postulavit
3233 976 3296 1027 ut
3331 971 3575 1026 Romani
3609 986 3670 1025 se
3701 969 3804 1025 sti-

2149 1065 2485 1134 pendiarios
2518 1065 2749 1120 sultano
2785 1065 3056 1118 facerent.
3091 1063 3158 1116 Et
3189 1077 3322 1117 cum
3355 1061 3577 1114 videret
3617 1061 3806 1130 impe-

2151 1158 2402 1210 ratorem
2427 1171 2492 1208 eo
2527 1170 2899 1225 nequaquam
2921 1152 3226 1217 inclinare,
3245 1167 3306 1204 re
3326 1149 3542 1204 infecta
3563 1150 3806 1202 domum

2149 1242 2344 1297 rediit.
2379 1243 2600 1298 Exinde
2629 1259 2664 1298 a
2689 1243 2925 1297 sultano
2957 1239 3176 1296 bellum
3229 1241 3570 1309 exspectans
3603 1237 3804 1291 Mono-

2151 1331 2396 1385 machus
2429 1347 2666 1401 cperam
2699 1331 2860 1384 dedit
2881 1335 2945 1384 ut
2974 1347 3102 1400 qua:
3135 1329 3382 1382 ﬁnitima
3413 1331 3580 1381 erant
3606 1325 3805 1380 Persa-

2149 1436 2280 1474 rum
2328 1435 2504 1489 regno
2555 1419 2968 1474 communiret.
3007 1419 3232 1472 Interea
3281 1417 3563 1488 temporis
3613 1413 3805 1468 Patzi-

2151 1524 2306 1562 nacaa
2354 1508 2529 1563 etiam
2583 1525 2644 1562 se
2692 1511 3160 1564 commoverunt.
3215 1506 3294 1560 Ea
3343 1521 3436 1559 res
3479 1504 3588 1560 hoc
3630 1504 3805 1558 modo

2149 1603 2299 1651 acta.
2639 1613 2643 1616 '

371 1697 444 1766 γῇ
479 1691 706 1764 πέμψας
737 1691 1206 1766 κατησφαλίσατο.
1240 1693 1326 1748 Ἐν
1359 1693 1406 1764 ᾧ
1437 1689 1494 1746 δὶ
1522 1695 1688 1746 ταῦτα
1718 1689 1945 1763 ἐγίνετο,
1977 1683 2068 1740 xui
2097 1685 2132 1753 ἡ
2176 1689 2282 1738 τῶν
2321 1683 2670 1754 Πατζινάκων
2724 1678 3012 1754 ἰπισυνὲὄη
3049 1682 3282 1752 κίνησις·
3311 1686 3427 1744 πῶς
3462 1678 3520 1736 δὲ
3548 1679 3639 1736 καὶ
3689 1679 3808 1734 τίνα

371 1782 612 1858 τρόπον,
647 1779 892 1837 λεκτέον.

437 1907 512 1960 Τὸ
571 1904 725 1969 ἔθνος
775 1909 882 1959 τῶν
937 1906 1283 1974 Πατζινάκων
1320 1905 1579 1970 Σκυθικὸν
1611 1907 1880 1982 ὑπάρχον,
1913 1909 2018 1964 ἀπὸ

2201 1901 2642 1958 Patzinacarum
2694 1917 2838 1972 gens
2887 1901 3158 1973 Scythica
3224 1903 3342 1967 est,
3399 1914 3600 1953 eorum
3661 1895 3806 1968 Scy-

369 1999 482 2050 τῶν
519 1993 837 2067 λεγομένων
889 1994 1178 2070 βασιλείων
1221 2001 1462 2059 Σκυθων.
1502 1999 1637 2070 μέγα
1679 1997 1737 2052 τὲ
1786 1997 1895 2055 ἐστι
1946 2004 2038 2057 xui

383 2082 842 2159 πολυάνθρωπον,
877 2084 1014 2158 πρὸς
1046 2085 1075 2138 ὃ
1107 2081 1232 2138 οὐδὲ
1267 2083 1322 2138 ἓν
1374 2086 1506 2140 αὐτὸ
1552 2089 1673 2150 καθ’
1703 2089 1860 2144 ἑαυτὸ
1906 2097 2042 2146 Σκυ-

392 2175 540 2228 θικὸν
595 2173 748 2248 γένος
828 2173 1141 2243 ἀντιστῆναι
1222 2171 1461 2230 δόναται.
1527 2175 1792 2249 Διῄρηται
1853 2177 1910 2234 δὲ
1969 2182 2044 2244 εἰς

393 2259 730 2332 τρισκαίδεκα
757 2259 1191 2338 γενεὰς,α⁹ίτινες
1241 2261 1534 2318 καλοῦνται
1593 2266 1686 2338 μὲν
1743 2272 1910 2324 πᾶσαι
1963 2275 2044 2342 τῷ

392 2356 566 2422 κοινῷ
599 2351 836 2424 ὀνόματι,
871 2347 1061 2426 ἔχουσι
1096 2349 1152 2406 δὲ
1187 2351 1381 2423 ἑκάστη
1433 2354 1524 2408 xui
1585 2353 1722 2410 ἴδιον
1778 2355 1884 2412 ἀπὸ
1945 2363 2043 2414 τοῦ

389 2438 558 2507 αὐτῆς
587 2441 854 2513 προγόνου
887 2439 976 2494 xui
1011 2441 1263 2516 ἀρχηγοῦ
1315 2443 1416 2510 τήν
1469 2445 1846 2520 προσηγορίαν
1901 2447 2042 2518 κλη-

379 2530 694 2602 ρωσαμένη.
731 2529 1005 2600 Νὲμονται
1049 2526 1105 2583 δὶ
1163 2529 1256 2590 τὰς
1315 2530 1480 2606 πίραν
1515 2531 1726 2604 Ἴστρου
1784 2533 1888 2588 ἀπὸ
1945 2539 2043 2590 τοῦ

377 2619 744 2692 Βορυσθένους
773 2623 1031 2688 ποταμοῦ
1061 2617 1150 2672 xui
1210 2619 1376 2694 μέχρι
1431 2621 1718 2683 Παννονίας
1773 2622 2040 2696 ἡπλωμὲ-

375 2727 468 2768 νας
501 2703 785 2770 πεδιάδας,
818 2705 1053 2780 νομάδες
1074 2729 1134 2762 τε
1165 2703 1316 2770 ὄντες
1351 2709 1437 2762 xui
1489 2709 1580 2763 τὸν
1629 2711 1890 2782 σκηνίτην
1956 2709 2044 2767 διὰ

379 2797 580 2858 παντὸς
617 2797 987 2868 ἀσπαζόμενοι
1023 2798 1163 2872 βίον.
1197 2795 1407 2853 Τούτου
1434 2802 1528 2852 τοῦ
1562 2798 1746 2873 γένους
1798 2802 2042 2877 ἀρχηγὸς

371 2887 439 2954 ἦν
469 2891 550 2958 τῷ
579 2887 708 2940 τότε
739 2885 928 2961 Τυρὰχ
959 2887 986 2940 6
1016 2890 1112 2940 τοῦ
1149 2885 1342 2961 Κιλτὲρ
1401 2888 1539 2956 οἷὸς,
1572 2888 1836 2965 εὐγενείας
1889 2888 2040 2959 ἥκων

371 2975 426 3036 it;
457 2976 522 3029 τὸ
556 2975 886 3050 ἀκρότατον,
919 2969 1136 3047 ἀμϐλὺς
1167 2973 1224 3030 δὲ
1275 2973 1462 3037 ἄλλως
1509 2978 1598 3032 καὶ
1653 2980 1752 3046 τὴν
1803 2981 2040 3054 ἡσυχίαν

371 3068 576 3140 φιλῶν.
615 3065 720 3119 Ἦν
756 3061 814 3118 δὲ
844 3063 933 3119 καὶ
965 3061 1138 3128 ἄλλος
1165 3086 1249 3128 τις
1278 3064 1332 3119 ἐν
1374 3064 1454 3138 τῷ
1501 3064 1636 3122 ἔθνει
1685 3068 1786 3136 τὴν
1843 3067 2043 3137 κλῆσιν

367 3153 640 3228 Κεγίνης,
674 3153 792 3214 υἱὸς
825 3157 924 3206 τοῦ
965 3150 1232 3228 Bal-cap,
1261 3154 1323 3208 τὸ
1359 3154 1454 3227 μὶν
1503 3154 1656 3230 γὲνος
1698 3157 1906 3228 ἄσημος
1952 3156 2040 3211 καὶ

2155 1993 2388 2047 tharum
2440 1993 2538 2066 qui
2573 1993 2710 2064 regii
2747 1993 3046 2058 dicuntur,
3079 2009 3294 2063 magna
3324 1995 3380 2046 et
3411 1988 3717 2062 p0pulosa,
3753 1991 3811 2042 et

2154 2082 2246 2135 cui
2281 2081 2442 2136 nulla
2473 2082 2587 2137 alia
2628 2099 2770 2154 gens
2820 2081 3092 2154 Scythica
3126 2081 3398 2136 resistere
3442 2077 3567 2134 sola
3599 2077 3807 2149 possit.

2157 2171 2447 2225 Dividitur
2489 2177 2686 2226 autem
2737 2171 2794 2225 in
2849 2172 3124 2226 tredecim
3159 2170 3370 2234 tribus,
3407 2185 3531 2239 quae
3583 2172 3647 2221 ut
3677 2165 3810 2220 uni-

2153 2277 2330 2314 versae
2388 2277 2698 2315 commune
2751 2261 3187 2314 I'atzinacarum
3239 2275 3442 2312 nomen
3493 2259 3806 2327 usurpant,

2155 2349 2236 2404 ita
2283 2349 2502 2420 quaevis
2561 2367 2593 2405 a
2643 2367 2748 2406 suc
2807 2351 3040 2421 generis
3094 2335 3355 2420 principe
3415 2345 3570 2403 582
3631 2349 3808 2414 atque

2154 2445 2390 2494 auctore
2451 2439 2804 2511 peculiarem
2880 2438 3090 2493 sortita
3169 2441 3258 2492 est
3327 2434 3806 2507 appellationem.

2157 2528 2430 2583 Incolunt
2459 2533 2622 2583 trans
2655 2528 2865 2583 Istrum
2897 2528 3168 2600 planities
3191 2543 3222 2582 a
3255 2523 3611 2596 Borysthene
3631 2521 3808 2576 ﬂuvio

2156 2618 2225 2671 ad
2261 2617 2620 2672 Pannoniam
2679 2633 2866 2689 usque
2918 2619 3235 2688 porrectas,
3271 2613 3507 2668 incertis
3547 2615 3810 2666 errantes

2155 2707 2396 2761 sedibus
2429 2723 2780 2779 semperque
2817 2707 2872 2760 in
2909 2704 3307 2761 tabernaculis
3341 2703 3638 2773 degentes.
3665 2699 3810 2754 Huic

2154 2796 2310 2868 genti
2344 2801 2484 2851 tunc
2537 2801 2782 2868 praeerat
2809 2795 3113 2868 Tyrachus
3165 2792 3367 2848 Kilteri
3421 2791 3599 2856 ﬁlius,
3632 2789 3808 2844 homo

2157 2885 2584 2950 nobilissimus,
2617 2885 2910 2955 ceteroqui
2965 2883 3164 2955 segnis
3213 2886 3270 2936 et
3317 2879 3530 2952 quietis
3578 2894 3807 2932 amans.

2152 2979 2293 3029 Erat
2320 2973 2378 3029 in
2421 2976 2620 3030 eadem
2672 2979 2842 3043 gente
2890 2976 3065 3028 etiam
3101 2972 3253 3028 alius
3283 2970 3524 3042 quidam
3551 2969 3808 3039 Kegenes

2155 3063 2412 3128 nomine,
2444 3064 2728 3119 Baltzaris
2773 3063 2931 3118 illius
2981 3079 3190 3135 genere
3220 3058 3642 3116 obscurissima
3677 3055 3806 3110 nul-

2152 3151 2344 3224 lisque
2376 3152 2692 3218 natalibus,
2725 3153 2824 3208 sed
2859 3152 3010 3208 bello
3041 3150 3444 3220 ducendisque
3466 3145 3808 3202 cohortibus

372 3239 574 3318 σχεδόν
611 3241 924 3314 ἀνώνυμος,
957 3242 1081 3318 περὶ
1111 3239 1168 3296 δὶ
1195 3243 1262 3298 τά
1293 3242 1574 3315 πολεμικά
1605 3244 1694 3298 xui
1719 3245 1814 3308 τὰς
1846 3266 2037 3321 στρατ-

2158 3239 2326 3312 longe
2379 3241 2950 3312 praestantissimus:
2997 3255 3131 3294 nam
3182 3238 3396 3309 saepius
3443 3235 3592 3291 Uzos
3639 3234 3807 3306 (gens

375 3331 536 3406 ηγίας
564 3331 743 3406 κάρτα
775 3329 1276 3406 δραστηριώτατος,
1309 3332 1368 3393 ὃς
1399 3331 1490 3386 καὶ
1527 3330 1801 3396 πολλάκις
1855 3331 2038 3388 ἐπιόν-

369 3441 464 3481 τας
524 3421 668 3476 κατᾶ
723 3423 832 3474 τῶν
895 3417 1243 3489 Πατζινάκων
1320 3421 1449 3484 τοὺς
1502 3419 1712 3491 Οὕζους
1759 3424 1931 3499 (γένος
1986 3421 2043 3478 δὲ

373 3509 638 3566 Οῦννικὸν
674 3509 732 3562 οἱ
765 3507 948 3582 Οῦζοι)
1006 3509 1240 3572 ὑποστὰς
1299 3509 1558 3585 ἐτρέψατο
1615 3511 1703 3566 καὶ
1762 3511 2040 3584 ἀπώσατο,

379 3601 479 3650 τοῦ
509 3597 708 3672 Τυρᾶχ
740 3598 853 3673 οὑχ
884 3597 1034 3660 ὅπως
1066 3598 1467 3669 ἀντεπεξελοεῖν
1520 3602 1594 3672 μή
1647 3600 2039 3677 θαρρήσαντος,

389 3683 536 3740 ἀλλὰ
559 3686 646 3738 xui
675 3684 1006 3750 καταδύντος
1035 3686 1114 3750 εἷς
1139 3687 1206 3742 τὰ
1253 3688 1400 3758 παρᾶ
1442 3693 1524 3760 τῷ
1555 3689 1750 3764 Ἴστρῳ
1799 3687 1898 3760 ἴλη
1949 3691 2038 3745 xui

391 3771 490 3832 τὰς
519 3769 736 3844 λίμνας.
771 3774 870 3828 Τὸν
899 3775 994 3848 μὲν
1045 3772 1136 3828 οῦν
1196 3777 1391 3851 Τυρὰχ
1448 3777 1501 3830 οἱ
1559 3775 1882 3846 Ηατζινάκαι
1935 3777 2041 3833 ὶτί-

387 3881 509 3932 μων
543 3858 632 3914 δια
663 3861 722 3916 τὸ
753 3862 928 3937 γένος,
957 3863 1050 3918 τὸν
1105 3860 1162 3917 Si
1221 3863 1424 3939 Κεγὲνη
1479 3865 1789 3935 ἠσπάζοντο
1850 3864 2040 3945 διαφε-

389 3949 596 4023 ρόντως
655 3947 740 4004 διὰ
789 3951 852 4006 τὸ
902 3954 1002 4021 τῆς
1066 3950 1285 4026 ἀνδρίας
1335 3949 1682 4026 ὑπερϐάλλον
1712 3955 1800 4008 xui
1832 3957 1930 4023 τήν
1991 3957 2041 4012 ἐν

391 4043 514 4097 τοῖς
544 4037 804 4108 πολεμοις
854 4037 1163 4111 δεινότητα.
1191 4043 1367 4116 ’Ἃπερ
1399 4042 1616 4097 ἀκούων
1666 4043 1757 4098 xui
1821 4043 2038 4119 βλᾶπων

396 4125 426 4179 6
459 4127 652 4201 Τυράχ
681 4126 920 4184 ἐδάκνετο
949 4131 1052 4198 τήν
1084 4132 1295 4206 ψυχὴν,
1329 4129 1521 4196 δεδιὼς
1550 4132 1672 4207 περὶ
1702 4139 1802 4202 τῆς
1835 4133 2039 4208 ἀρχῆς,

388 4216 480 4268 xui
541 4217 732 4288 τρόπον
795 4217 974 4290 ἐζήτει
1035 4217 1184 4282 ὅπως
1240 4219 1298 4276 ἂν
1349 4223 1437 4276 τὸν
1476 4219 1708 4295 Κεγίνην
1743 4222 2040 4277 ἀποσκευά-

383 4325 566 4372 σηται.
601 4307 912 4383 Ἐφίστησιν
975 4307 1066 4363 οῦν
1124 4309 1274 4382 αὐτῷ
1334 4307 1542 4386 λόχους
1599 4309 1893 4382 πολλάκις,
1928 4312 2040 4388 ἐγί-

377 4415 538 4448 νοντο
569 4392 626 4449 δὲ
665 4396 862 4459 πάντες
894 4397 1074 4473 ἀργοί.
1103 4400 1250 4455 Ἐπεῖ
1314 4397 1371 4454 δὲ
1419 4399 1691 4463 πολλάκις
1749 4400 2040 4477 ἐπιχειρή-

373 4505 469 4546 σας
502 4484 748 4562 κρυφίως
779 4485 1265 4563 ἠστόχησενλγνω
1298 4485 1406 4543 δεῖν
1445 4489 1520 4562 μὴ
1555 4486 2040 4562 διαμέλλειν,ἀλλ’

375 4573 682 4650 ἐπιχειρεῖν
744 4580 1002 4652 φανερῶς.
1040 4577 1134 4631 Διὸ
1183 4579 1272 4632 xui
1335 4576 1551 4648 πλῆθος
1608 4579 1828 4652 πέμψας
1874 4600 2038 4634 κατα-

379 4659 572 4718 λαϐεῖν
661 4662 906 4719 ἐκέλευσε
987 4665 1080 4721 τὸν
1165 4663 1329 4742 ἄνδρα
1410 4667 1501 4722 καὶ
1580 4667 1816 4725 ἀνελεῖν.
1874 4671 1935 4727 Ὁ
1985 4667 2042 4724 δὲ

375 4753 652 4828 προγνοὺς
703 4753 803 4820 τὴν
862 4748 1165 4826 ἐπιϐουλήν
1221 4755 1390 4834 φυγὰς
1449 4757 1585 4832 πρὸς
1637 4759 1704 4812 τὰ
1749 4755 1852 4827 ἕλη
1887 4758 2038 4832 γίνε-

373 4861 460 4895 ται
520 4845 621 4895 τοῦ
671 4842 1066 4917 Βορυσθένους,
1118 4845 1207 4898 καὶ
1291 4845 1432 4900 οὕτω
1522 4845 1876 4924 διαφυγγάνει
1941 4847 2034 4901 τὸν

374 4927 630 5005 ὄλεθρον.
717 4933 799 5004 [Ρ.
859 4934 984 5006 776]
1045 4935 1285 4998 Ἐκεῖθεν
1345 4932 1402 4990 δὲ
1483 4935 1860 5010 κρυπτόμενος
1945 4936 2036 5002 xui

375 5019 558 5095 λάθρα
617 5020 851 5092 πέμπων
907 5021 1204 5096 μηνύματα
1289 5024 1427 5098 πρός
1500 5045 1556 5079 τε
1635 5023 1764 5088 τοὺς
1843 5025 2034 5079 ἑαυτοῦ

371 5113 656 5184 συγγενεῖς
714 5107 803 5163 xui
880 5112 980 5177 τήν
1057 5111 1258 5188 φυλὴν,
1317 5109 1563 5181 ἠδυνήθη
1608 5113 1708 5181 τήν
1775 5131 1833 5166 τε
1891 5109 2030 5166 ἰδίαν

367 5197 562 5270 γενεὰν
625 5197 928 5268 ἀποστῆσαι
982 5204 1083 5267 τῆς
1109 5202 1208 5253 τοῦ
1243 5197 1515 5274 βασιλέως
1565 5199 1775 5264 εὐνοίας
1829 5199 1916 5274 (ἦν
1976 5197 2033 5255 δὲ

365 5290 402 5356 ἡ
465 5284 830 5361 Βελεμαρνῖς)
890 5287 978 5342 καὶ
1062 5288 1200 5361 πρὸς
1280 5289 1446 5364 ταύτῃ
1525 5289 1616 5344 καὶ
1693 5288 1871 5359 ἄλλην
1929 5291 2029 5359 τὴν

369 5373 764 5450 Παγουμανίδα
797 5396 808 5408 ·
871 5375 962 5431 xui
1019 5373 1244 5450 δύναμιν
1305 5373 1760 5452 προσλαϐόμενος
1811 5379 2030 5432 ἀντιπα-

371 5465 687 5538 ρατάττεται
747 5467 883 5538 μετᾶ
937 5467 1045 5520 τῶν
1089 5463 1186 5520 δύο
1244 5473 1442 5543 γενεῶν
1500 5467 1636 5543 πρὸς
1687 5468 1776 5522 τὸν
1838 5467 2032 5543 Τυρᾶχ

367 5553 464 5614 τᾶς
497 5555 564 5608 ια’
593 5551 814 5629 ἔχοντα.
844 5554 948 5610 Καὶ
981 5552 1070 5608 ἐπὶ
1105 5554 1320 5619 πολλὰς
1373 5558 1466 5630 μὲν
1525 5557 1798 5632 ἀντισχὼν
1859 5555 2028 5631 ὥραις,

371 5645 525 5716 ὅμως
589 5645 692 5699 ὑπὸ
759 5643 856 5700 τοῦ
945 5645 1198 5712 πλήθους
1282 5646 1678 5715 καταπονηθεὶς
1753 5644 2026 5721 τρέπεται.

371 5733 869 5810 Περιπλανώμενος
929 5731 990 5788 δὶ
1041 5731 1092 5788 ἐν
1155 5740 1274 5798 τοῖς
1350 5733 1496 5792 ἕλεσι
1581 5736 1671 5792 καὶ
1757 5735 2030 5812 σωτηρίαν

2072 4625 2120 4690 D

2152 3348 2218 3386 ea
2277 3331 2460 3386 Unica
2519 3337 2627 3400 est)
2691 3331 2984 3388 irruentes
3049 3330 3384 3386 subsistens
3445 3325 3804 3397 proﬂigarat,

2151 3421 2414 3492 Tyracho
2444 3439 2556 3475 non
2591 3422 2762 3476 modo
2793 3427 2996 3476 contra
3038 3437 3136 3475 eos
3169 3419 3324 3474 exire
3353 3434 3468 3472 non
3501 3431 3668 3483 auso,
3702 3415 3802 3468 sed

2153 3511 2328 3565 etiam
2363 3509 2417 3564 in
2453 3510 2617 3566 lacus
2663 3527 2728 3566 ac
2761 3509 3004 3581 paludes
3039 3510 3188 3564 Istro
3219 3507 3440 3562 vicinas
3485 3522 3547 3560 se
3577 3503 3804 3558 subdu-

2152 3605 2338 3654 cente.
2411 3600 2613 3671 Itaque
2667 3601 2999 3671 Tyrachum
3067 3599 3304 3670 quidem
3354 3595 3674 3652 Patzinacas
3731 3593 3804 3647 ob

2151 3689 2384 3760 generis
2416 3689 2781 3744 nobilitatem
2811 3689 3260 3752 venerabantur,
3293 3686 3584 3756 Kegenem
3604 3688 3802 3736 tamen

2153 3777 2400 3833 mirifice
2431 3777 2936 3848 amplectebantur
2965 3778 3037 3832 ob
3071 3776 3476 3831 fortitudinem
3509 3771 3803 3842 insignem

2153 3867 2325 3936 inque
2382 3867 2657 3937 gerendis
2715 3865 2882 3922 bellis
2958 3863 3395 3920 strenuitatem.
3477 3865 3604 3915 Haec
3668 3875 3802 3914 vero

2149 3955 2390 4026 Tyrachi
2438 3955 2688 4010 videntis
2737 3955 2852 4010 ista
2899 3960 3074 4025 atque
3122 3951 3483 4008 inaudientis
3536 3947 3799 4004 animum

2153 4045 2521 4112 mordebant,
2554 4045 2625 4100 de
2652 4044 2901 4115 imperio
2932 4061 3039 4099 suo
3071 4039 3329 4109 solliciti,
3362 4041 3442 4094 ita
3473 4053 3615 4093 sane
3648 4041 3710 4092 ut
3731 4038 3800 4090 de

2153 4133 2409 4188 tollendo
2441 4133 2668 4204 Kegcne
2701 4134 3002 4204 cogitaret.
3043 4131 3156 4192 _Cui
3191 4146 3325 4185 cum
3357 4143 3510 4198 saepe
3541 4125 3802 4181 occultas

2155 4223 2398 4277 tendens
2448 4221 2694 4277 insidias
2749 4221 2892 4276 nihil
2943 4222 3268 4291 proficeret,
3317 4218 3552 4273 tandem
3605 4218 3802 4286 aperte

2151 4327 2284 4366 eum
2346 4312 2562 4366 adoriri
2619 4311 2847 4379 statuit,
2906 4310 3207 4380 missaque
3263 4307 3442 4362 turba
3499 4305 3800 4360 hominem

2151 4399 2364 4472 corripi
2423 4400 2788 4472 interficique
2834 4400 3025 4470 jubet.
3087 4397 3199 4453 Sed
3255 4398 3516 4468 Kegenes
3569 4392 3801 4448 insidiis

2151 4489 2521 4561 praecognitis
2579 4489 2651 4544 ad
2711 4487 2956 4560 paludes
3009 4486 3460 4560 Borysthenicas
3519 4482 3797 4556 profugit,

2151 4577 2350 4648 itaque
2381 4578 2622 4634 exitium
2674 4579 2930 4634 evitavit.
2964 4577 3119 4634 588
3153 4576 3236 4632 Ibi
3267 4575 3615 4636 occultatus,
3648 4572 3796 4626 clam

2152 4667 2223 4720 ad
2256 4673 2535 4739 cognatos
2565 4667 2905 4738 tribumque
2955 4667 3152 4722 missis
3185 4663 3582 4731 internuntiis,
3613 4661 3804 4715 ellecit

2151 4759 2214 4810 ut
2242 4761 2298 4810 et
2329 4755 2450 4814 haec
2475 4775 2507 4811 a
2539 4773 2672 4829 rege
2702 4757 3054 4812 descisceret
3083 4755 3421 4826 (vocabatur
3439 4748 3801 4806 Belemarnis

2147 4844 2363 4918 tribus)
2411 4851 2468 4901 et
2508 4845 2622 4902 alia
2652 4846 2828 4901 etiam
2879 4846 3115 4900 nomine
3165 4841 3538 4914 Pagumanis.
3581 4837 3802 4893 Exinde

2147 4935 2464 4990 contractis
2504 4935 2684 5006 copiis
2731 4951 2864 4990 cum
2914 4935 3148 4989 duabus
3197 4932 3472 4986 tribubus
3521 4929 3802 4984 adversus

2147 5023 2501 5094 Tyrachum,
2553 5023 2646 5080 cui
2699 5024 2762 5078 11
2815 5023 3006 5080 tribus
3065 5025 3326 5086 aderant,
3360 5035 3616 5091 pugnam
3667 5015 3800 5070 init.

2147 5109 2412 5182 Cumque
2447 5128 2547 5182 per
2576 5110 2801 5182 aliquot
2847 5112 3020 5166 horas
3051 5110 3342 5188 durasset,
3377 5105 3613 5162 tandem
3648 5101 3800 5160 mul-

2145 5201 2400 5256 titudine
2449 5217 2770 5272 oppressus
2817 5201 3072 5273 fugatur.
3127 5199 3362 5272 Vagans
3409 5196 3546 5251 inde
3577 5195 3798 5250 circum

2145 5289 2407 5360 paludes,
2441 5307 2508 5345 ac
2559 5290 2810 5346 salutem
2863 5305 3128 5360 quarens
3177 5288 3286 5344 sibi
3322 5286 3585 5357 suisque,
3621 5299 3798 5338 unam

2143 5378 2292 5432 hanc
2328 5380 2548 5434 invenit
2579 5381 2888 5443 rationem,
2931 5379 2980 5434 si
3013 5379 3083 5434 ad
3117 5379 3446 5433 Romanum
3477 5375 3802 5446 imperato-

2143 5485 2266 5523 rem
2293 5471 2707 5538 transfugeret.
2723 5474 2928 5538 Itaque
2951 5469 3247 5540 profectus
3270 5464 3666 5530 Dcrostolum,
3686 5477 3803 5532 quo

2141 5563 2310 5614 tutus
2357 5559 2428 5614 ab
2479 5557 2712 5614 insidiis
2760 5563 2936 5626 esset,
2982 5574 3044 5613 se
3093 5562 3150 5612 et
3187 5573 3349 5618 suos,
3399 5554 3498 5626 qui
3529 5555 3696 5608 erant
3729 5551 3798 5605 ad

2136 5649 2205 5701 20
2259 5647 2464 5719 millia,
2519 5648 2574 5702 in
2630 5646 2888 5701 insulam
2942 5647 3264 5717 quamdam
3317 5645 3476 5700 ﬂuvii
3527 5641 3796 5712 exiguam

2135 5729 2414 5810 includit,
2466 5735 2842 5809 regionisque
2892 5735 3162 5808 praefecto
3209 5736 3286 5810 (is
3313 5739 3440 5792 erat
3480 5729 3802 5790 Michaelus
