4164 6422
387 401 502 460 315

1725 400 2045 462 GEORGII
2089 399 2433 462 GEDRENI

3685 398 3803 457 316

387 530 677 586 Anastasii
714 531 893 603 ﬁlius)
919 532 1215 604 signiﬁcat
1245 533 1378 604 quis
1401 537 1555 588 esset
1578 537 1633 587 et
1663 549 1772 602 qua
1811 533 2041 588 fortuna

2169 537 2332 600 ζητῶν
2387 530 2511 604 μίαν
2571 525 2713 605 ἔγνω
2753 530 2944 584 ἑαυτοῦ
2999 549 3058 583 τε
3113 527 3201 582 καὶ
3245 532 3353 582 τῶν
3382 527 3473 581 σὺν
3506 529 3804 598 αύτῷ,τήν

385 623 553 674 actus
585 619 699 672 huc
729 621 1022 685 venisset;
1051 625 1109 674 et
1140 638 1202 676 se
1232 637 1444 691 cupere
1490 621 1547 674 in
1584 622 1756 676 ﬁdem
1790 623 2041 715 impera-

385 708 530 762 toris
606 711 943 776 concedere,
1007 716 1422 780 receptumque
1492 727 1554 766 se
1631 713 1806 766 rebus
1865 708 2042 782 h'ujus

389 813 740 868 magnopere
772 801 1289 854 commodaturum
1342 801 1674 870 pollicetur.
1732 803 2044 855 Praefectus

389 902 522 940 cum
554 886 842 958 extemplo
875 905 995 942 rem
1045 890 1112 941 ad
1167 889 1574 960 imperatorem
1612 891 1942 956 detulisset,
1972 892 2044 945 ab

388 992 455 1029 eo
499 977 746 1044 jubetur
800 978 1002 1030 statim
1063 977 1351 1048 Kegenem
1413 995 1545 1033 cum
1606 997 1713 1035 suo
1764 980 2044 1035 comitatu

389 1065 673 1134 accipere,
707 1071 880 1136 atque
923 1067 1059 1120 huic
1109 1069 1344 1137 quidem
1404 1069 1734 1123 necessaria
1766 1071 2044 1140 prmbere,

390 1155 586 1223 ipsum
619 1159 816 1209 autem
852 1155 1140 1227 Kegenem
1176 1156 1497 1211 honorifice
1527 1157 1869 1230 Byzantium
1907 1159 2044 1212 mit-

389 1247 530 1296 tere.
583 1244 689 1309 Qui
743 1249 807 1298 ut
837 1261 904 1298 eo
957 1245 1136 1312 venit,
1188 1245 1439 1315 benigne
1483 1253 1573 1300 est
1625 1247 2046 1318 splendideque

389 1337 686 1401 exceptus,
712 1350 774 1385 ac
798 1350 928 1387 cum
957 1333 1306 1405 imperatore
1327 1335 1673 1401 collocutus,
1693 1353 1754 1390 se
1772 1343 2044 1390 sanctum

390 1420 752 1491 baptismum
801 1422 1203 1477 admissurum
1255 1423 1757 1496 popularibusque
1799 1426 1951 1480 idem
1987 1433 2050 1480 ut

390 1506 609 1561 faciant
665 1525 1086 1580 persuasurum
1141 1513 1514 1583 promittens,
1574 1516 1645 1570 ab
1693 1515 2048 1586 imperatore

389 1595 633 1665 patricio
680 1598 898 1654 honore
947 1599 1102 1656 584
1156 1607 1440 1669 ornatur;
1491 1603 1661 1674 eique
1709 1609 1827 1657 tres
1887 1620 2046 1659 arces

389 1684 770 1756 assignantur
798 1688 870 1743 de
915 1689 987 1743 iis
1021 1706 1145 1759 quae
1195 1691 1265 1744 ad
1300 1692 1486 1762 ripam
1538 1697 1679 1746 sunt
1710 1693 1860 1758 Istri,
1895 1693 2046 1747 mul-

389 1777 566 1844 taque
596 1775 718 1846 agri
746 1777 957 1848 jugera
985 1795 998 1844 ;
1035 1783 1211 1849 atque
1234 1780 1377 1834 adeo
1411 1781 1466 1835 in
1492 1797 1805 1837 numerum
1829 1783 2046 1838 amico-

391 1879 524 1920 rum
556 1864 972 1937 sociorumque
1005 1866 1096 1921 PR
1127 1868 1463 1934 ascribitur,
1497 1887 1623 1924 eam
1659 1871 1948 1942 praecipue
1973 1873 2044 1926 ob

388 1968 630 2007 causam
672 1955 850 2026 quod,
886 1955 970 2008 uti
1023 1955 1321 2027 pollicitus
1369 1959 1577 2025 fuerat,
1611 1964 1670 2014 et
1699 1959 1825 2030 ipse
1856 1959 2044 2030 bapti-

387 2041 505 2095 zari
535 2041 724 2096 voluit
751 2047 808 2098 et
841 2044 940 2115 qui
975 2061 1106 2098 cum
1148 2046 1275 2117 ipso
1307 2051 1494 2101 erant.
1547 2048 1737 2119 anue
1771 2049 1828 2103 in
1863 2065 1923 2103 re
1953 2049 2043 2104 usi

389 2134 530 2184 sunt
562 2129 814 2202 religiosi
850 2133 1160 2201 cujusdam
1194 2135 1469 2190 monachi
1518 2137 1817 2209 Euthymii
1847 2154 2045 2209 opera,

390 2219 462 2272 ad
499 2217 660 2290 ipsos
694 2221 884 2283 missi,
916 2221 1016 2292 qui
1060 2223 1129 2278 ad
1169 2223 1380 2278 Istrum
1415 2241 1647 2281 amnem
1680 2226 1807 2296 ejus
1851 2244 2044 2281 sacra-

389 2307 567 2361 menti
602 2308 965 2364 ceremonias
994 2310 1428 2369 administravit
1460 2313 1876 2387 universosque
1901 2317 2044 2388 bap-

389 2395 609 2450 tizavit.

2154 620 2229 681 εί⁷ς
2257 621 2348 674 τὸν
2399 619 2628 693 βασιλέα
2673 625 2780 673 τῶν
2813 619 3104 690 Ῥωμαίων
3163 618 3503 693 καταφυγήν.
3556 617 3648 670 Διὸ
3713 618 3800 670 καὶ

2151 707 2290 782 πρὸς
2317 710 2379 763 τὸ
2411 709 2752 780 Δορόστολον
2781 708 3134 782 ἀφικόμενος,
3167 706 3255 760 καὶ
3289 704 3340 759 ἔν
3392 726 3500 758 τινι
3559 705 3809 777 ποταμίᾳ

2152 796 2331 866 νησίδι
2390 797 2734 872 περικλείσας
2792 798 2976 852 ἑαυτὸν
3066 793 3154 850 διὰ
3217 796 3278 849 τὸ
3353 790 3805 849 ἀνεπιϐούλευτον

2158 889 2293 956 μετὰ
2348 893 2456 942 τῶν
2515 887 2606 942 σὺν
2665 886 2811 957 αύτῷ
2857 887 3010 954 (ἦσαν
3040 883 3097 939 δὲ
3126 884 3265 961 ἀμφὶ
3297 885 3391 945 τὰς
3423 885 3467 937 κ’
3499 881 3808 957 χιλιάδας),

2155 973 2512 1048 διαμηνύεται
2542 981 2620 1047 τῷ
2652 983 2752 1043 τῆς
2783 977 2974 1049 χώρας
3006 973 3232 1049 ἄρχοντι
3266 974 3353 1046 (ἦν
3401 971 3458 1027 δὶ
3513 969 3746 1047 Μιχαὴλ
3782 973 3811 1026 ὁ

2152 1070 2248 1119 τοῦ
2282 1065 2632 1122 Ἀναστασίου
2664 1065 2826 1137 υἱὸς),
2859 1064 2949 1118 καὶ
2982 1063 3234 1137 γνωρίζει
3294 1061 3441 1123 ὅστις
3487 1083 3546 1116 τε
3591 1059 3676 1130 εἷή
3716 1061 3813 1115 καὶ

2157 1153 2273 1216 ο’ίας
2309 1152 2710 1228 διαδιδράσκων
2743 1154 2918 1227 τύχας
2949 1153 3192 1227 ἀφῖκται,
3223 1151 3313 1205 καὶ
3363 1149 3444 1205 ὅτι
3495 1147 3815 1222 αὐτόμολος

2162 1243 2416 1318 βούλεται
2449 1244 2696 1316 γενέσθαι
2721 1246 2800 1313 τῷ
2849 1241 3081 1317 βασιλεῖ,
3115 1239 3554 1314 ὑπισχνούμενος
3609 1235 3667 1292 δὲ
3719 1237 3815 1292 καὶ

2158 1331 2202 1387 εἰ
2261 1329 2656 1406 προσδεχθείη,
2716 1331 2792 1393 εἰς
2853 1329 3096 1406 μεγάλην
3164 1325 3348 1398 ὄνησιν
3423 1326 3634 1391 ἔσεσθαι
3687 1333 3813 1387 τοῖς

2156 1421 2352 1474 τούτου
2409 1422 2746 1495 πράγμασιν.
2781 1421 2838 1472 '0
2898 1417 2956 1473 δέ
3011 1419 3077 1472 τὰ
3139 1417 3432 1491 μηνύματα
3481 1415 3649 1491 λόγου
3680 1421 3814 1480 θᾶτο

2156 1531 2246 1564 τον
2307 1511 2443 1584 πρὸς
2499 1511 2590 1564 τὸν
2656 1509 2882 1584 βασιλέα
2958 1506 3392 1583 διαπορθμεύσας
3451 1503 3541 1560 διὰ
3595 1503 3813 1579 ταχέων

2156 1599 2432 1654 κελεύεται
2516 1600 2608 1653 τὸν
2697 1595 2864 1674 ἄνδρα
2953 1598 3088 1670 μετὰ
3167 1601 3278 1650 τῶν
3338 1595 3602 1649 συνόντων
3662 1593 3817 1664 αὐτῷ

2157 1687 2570 1761 προσδέξασθαι,
2637 1689 2724 1742 καὶ
2783 1687 2998 1748 τούτοις
3061 1687 3155 1759 μὶν
3210 1686 3278 1739 τά
3334 1681 3615 1754 ἐπιτήδεια
3670 1701 3812 1758 χορ-

2155 1783 2328 1851 ηγεῖν,
2354 1778 2514 1832 αὐτὸν
2546 1775 2603 1831 δὲ
2629 1773 2858 1849 ἱνδόξως
2892 1776 2944 1837 ἐς
2993 1776 3056 1830 τὸ
3108 1775 3394 1844 Βυζάντιον
3443 1772 3815 1846 πεπομφέναι.

2161 1869 2260 1922 Καὶ
2295 1868 2321 1920 6
2377 1867 2469 1938 μὶν
2532 1868 2604 1927 ὡς
2658 1865 2946 1935 ἐκελεύσθη
2999 1862 3342 1939 διεπράξατο,
3376 1864 3403 1917 6
3460 1859 3517 1916 δὲ
3575 1861 3815 1936 Κεγένης

2159 1957 2233 2016 εἷς
2278 1959 2373 2025 τήν
2432 1953 2688 2031 βασιλίδα
2735 1957 3001 2024 φοιτήσας
3043 1954 3133 2008 καὶ
3166 1952 3219 2014 ές
3251 1951 3448 2026 λόγους
3504 1950 3676 2015 ἐλθὼν
3731 1954 3817 2022 τῷ

2161 2043 2378 2120 βασιλεῖ
2462 2045 2811 2123 φιλοφρόνως
2868 2065 2927 2098 τε
2977 2043 3068 2097 καὶ
3152 2039 3589 2117 μεγαλοπρεπῶς
3669 2039 3805 2094 ὑπε-

2158 2133 2354 2209 δέχθη,
2386 2134 2474 2188 καὶ
2539 2134 2918 2208 ὑποσχόμενος
2978 2132 3142 2193 αὐτός
3183 2153 3241 2186 τε
3284 2131 3348 2186 τὸ
3380 2132 3530 2205 ἅγιον
3562 2126 3813 2199 δέξασθαι

2161 2223 2461 2298 βάπτισμα,
2511 2228 2840 2284 παραπεῖσαι
2900 2220 2957 2276 δὲ
3011 2221 3100 2276 καὶ
3156 2220 3286 2283 τοὺς
3346 2219 3600 2280 συνόντας
3659 2217 3816 2288 αὐτῷ

2153 2318 2315 2368 τοῦτο
2374 2320 2622 2381 ποιῆσαι,
2685 2312 2761 2376 είς
2834 2310 3229 2385 πατρικιότητά
3298 2330 3358 2365 τε
3422 2308 3660 2384 ἀνήχθη,
3718 2305 3818 2360 καὶ

2157 2402 2390 2480 φρούρια
2419 2403 2542 2476 τρία
2571 2402 2677 2456 ἀπὸ
2706 2405 2814 2456 τῶν
2845 2400 2895 2456 έν
2949 2406 3063 2462 ταῖς
3109 2396 3302 2474 ὄχθαις
3359 2396 3659 2473 ἱδρυμένων
3712 2399 3818 2450 τοῦ

391 2483 607 2558 Ἴστρου
667 2482 882 2562 εἰλήφει
938 2485 1027 2539 καὶ
1085 2491 1186 2560 γῆς
1244 2487 1431 2544 πολλά
1489 2488 1699 2561 στάδια,
1731 2492 1820 2546 καὶ
1873 2489 1970 2546 τοῦ
2021 2489 2220 2546 λοιποῦ
2247 2497 2363 2553 τοῖς
2395 2490 2580 2569 φίλοις
2615 2490 2879 2568 ἐνεγράφη
2911 2490 2999 2544 καὶ
3034 2490 3358 2563 συμμάχοις
3385 2487 3698 2560 Ῥωμαίων.
3735 2485 3820 2542 Τὸ

394 2569 560 2627 πλέον
593 2569 636 2626 δ’
669 2571 751 2627 ὅτι
783 2575 870 2628 καὶ
897 2574 970 2636 ὡς
1006 2575 1271 2652 ὑπέσχετο
1303 2575 1584 2650 ἀνεδέξατο
1609 2582 1672 2636 τὸ
1703 2582 1858 2656 ἅγιον
1891 2581 2169 2656 βάπτισμα
2198 2580 2359 2642 αὐτός
2389 2602 2448 2635 τε
2475 2582 2563 2635 καὶ
2597 2582 2648 2635 οἱ
2700 2579 2790 2634 σὺν
2834 2579 3000 2651 αύτῷ,
3038 2578 3312 2651 Εὐθυμίου
3361 2583 3505 2638 τινος
3547 2569 3820 2634 εύλαϐοῦς

399 2666 646 2734 μοναχοῦ
677 2662 995 2736 πεμθέντος,
1026 2669 1124 2718 τοῦ
1152 2666 1220 2721 τὰ
1241 2671 1338 2721 τοῦ
1369 2668 1512 2722 θείου
1543 2667 1779 2744 λουτροῦ
1810 2671 1956 2746 παρὰ
1983 2675 2064 2742 τῷ
2093 2671 2289 2744 Ἲστρῳ
2318 2674 2553 2743 ποταμῷ
2583 2668 2960 2730 έκτελέσαντος
3013 2667 3103 2722 καὶ
3152 2673 3282 2721 πᾶσι
3335 2662 3661 2738 μεταδόντος
3716 2664 3819 2717 τοῦ

400 2751 563 2825 ἁγίου
597 2750 993 2824 βαπτίσματος.

472 2879 669 2934 Rebus
727 2879 786 2934 in
845 2885 974 2938 tuto
1023 2884 1364 2941 constitutis
1425 2885 1706 2959 Kegenes,
1760 2904 1890 2943 cum
1936 2889 2056 2960 iam

402 2975 610 3022 contra
642 2969 872 3026 subitos
907 2971 1166 3028 hostium
1204 2974 1458 3045 impetus
1490 2993 1553 3031 se
1585 2977 1950 3047 munivisset,
1985 2979 2055 3032 ad

407 3056 808 3113 ulciscendum
861 3059 1089 3115 hostem
1141 3078 1202 3117 se
1253 3064 1494 3129 confert,
1546 3068 1812 3137 Istroque
1865 3073 2055 3121 trans-

405 3145 588 3200 misso
616 3163 771 3201 nunc
801 3164 934 3204 cum
970 3149 1259 3218 millibus.
1292 3151 1437 3209 alias
1459 3169 1592 3209 cum
1625 3156 1853 3210 duobus
1885 3153 2057 3210 milli-

2243 2887 2538 2957 Γενόμενος
2579 2882 2636 2939 δὶ
2686 2884 2738 2939 έν
2787 2885 2866 2956 τῷ
2927 2883 3178 2961 ἀσφαλεῖ,
3221 2883 3311 2937 καὶ
3359 2881 3454 2946 τὰς
3513 2875 3819 2958 αἰφνιδίους

2167 2973 2394 3053 ἐφόδους
2454 2972 2916 3051 ἀσφαλισάμενος,
2956 2973 3093 3048 πρὸς
3150 2969 3355 3044 ἄμυναν
3416 2969 3674 3045 έτράπετο
3721 2973 3824 3022 τοῦ

2167 3063 2390 3139 ἐχθροῦ,
2433 3063 2520 3118 καὶ
2579 3062 2974 3139 περαιούμενος
3029 3061 3119 3115 τὸν
3153 3063 3360 3135 Ἵστρον
3418 3064 3508 3113 νῦν
3569 3059 3662 3132 μὲν
3724 3057 3824 3111 σὺν

2170 3152 2402 3228 χιλίοις,
2435 3153 2548 3207 εἶτα
2595 3153 2687 3207 σὺν
2740 3149 3045 3227 δισχιλίοις
3080 3150 3168 3205 καὶ
3202 3151 3265 3204 αὖ
3323 3148 3414 3204 σὺν
3475 3146 3722 3203 πλείοσιν
3788 3149 3824 3218 ἢ

403 3234 536 3302 bus,
570 3240 628 3289 et
657 3235 976 3306 aliquando
1008 3237 1280 3310 pluribus
1331 3243 1648 3314 aliquando
1683 3246 2054 3316 paucioribus

2170 3243 2442 3312 ἐλάττοσι,
2494 3242 2582 3296 καὶ
2635 3240 2685 3314 ἐξ
2746 3239 2944 3316 ἐφόδου
3021 3238 3537 3331 προσπίπτωνζτά-
3594 3239 3827 3312 μέγιστα

403 3322 637 3388 ductis,
725 3326 1214 3396 impressionibus
1308 3332 1638 3388 subitaneis
1719 3335 2059 3389 Patzinacas

403 3411 719 3482 Tyrachios
778 3418 1032 3486 graviter
1061 3418 1287 3487 afﬂixit,
1321 3420 1498 3490 viros,
1528 3421 1585 3475 in
1641 3439 1788 3493 quos
1822 3424 2062 3478 incidis-

407 3505 520 3564 set,
547 3499 845 3567 occidens,
881 3505 1159 3561 mulieres
1209 3513 1406 3564 autem
1459 3515 1517 3566 et
1547 3528 1759 3579 pueros
1791 3511 1848 3566 in
1883 3513 2063 3567 servi-

411 3592 592 3642 tutem
644 3591 942 3647 abducens
987 3611 1054 3648 ac
1097 3600 1380 3653 Romanis
1429 3601 1710 3657 vendens.
1763 3601 2063 3674 Tyrachus

410 3677 807 3734 clandestinae
841 3681 946 3737 has
989 3687 1240 3752 Kegenis
1273 3687 1692 3759 impressiones
1725 3708 1838 3746 non
1876 3692 2064 3746 ferens

411 3767 482 3821 ad
520 3766 930 3839 imperatorem
986 3773 1170 3828 mittit
1216 3774 1457 3848 legatos,
1490 3780 1591 3849 qui
1627 3779 1747 3834 haec
1779 3798 2064 3853 propone-

413 3860 545 3909 rent
595 3873 607 3911 :
662 3857 1075 3929 Imperatorem
1134 3863 1486 3937 Romanum,
1547 3867 1640 3923 cui
1700 3886 1832 3924 cum
1892 3876 2065 3942 gente

414 3945 854 4004 Patzinacarum
905 3951 1094 4007 fmdus
1143 3961 1318 4022 esset,
1353 3957 1592 4013 omnino
1641 3976 1756 4014 non
1788 3960 2066 4018 debuisse

415 4034 672 4106 recipere
700 4054 834 4093 eum
869 4041 968 4110 qui
1015 4042 1086 4095 ab
1118 4042 1266 4114 ipsis
1297 4045 1674 4114 descivisset;
1725 4054 1827 4104 aut
1855 4050 2062 4104 saltem

415 4129 649 4195 recepto
698 4125 1065 4195 interdicere,
1118 4148 1188 4185 ne
1237 4137 1384 4188 Istro
1431 4136 1674 4205 trajecto
1723 4139 1936 4194 amicos
1976 4138 2067 4194 PR

415 4211 671 4269 lederet.
712 4214 964 4272 Proinde
1017 4224 1120 4274 aut
1148 4221 1396 4292 Kegenis
1444 4233 1840 4298 compesceret
1865 4244 2066 4282 excur-

418 4301 635 4368 siones,
668 4307 770 4358 aut
797 4305 1083 4361 auxilium
1104 4309 1154 4362 ei
1186 4327 1299 4365 non
1335 4313 1606 4382 praebeat.
1628 4315 1686 4370 Si
1722 4332 1891 4372 secus
1918 4319 2065 4372 face-

418 4396 525 4456 ret,
561 4391 734 4446 sciret
763 4408 825 4447 se
856 4395 1006 4452 585
1042 4398 1460 4465 gravissimum
1505 4408 1708 4459 contra
1736 4421 1798 4460 se
1830 4422 1896 4461 ac
1928 4423 2069 4462 suos

416 4478 638 4534 bellum
672 4483 984 4538 concitare.
1018 4487 1252 4543 Auditis
1282 4489 1600 4562 imperator
1631 4493 1718 4549 his
1753 4495 2067 4565 postulatis

417 4568 771 4625 cachinnum
805 4573 1067 4643 sustulit,
1093 4579 1248 4644 quod
1273 4579 1591 4636 ludibrium
1628 4587 1880 4654 putaret,
1911 4585 1960 4639 si
1995 4584 2066 4639 ob

418 4658 944 4717 Patzinacasminas
958 4643 1518 4738 proderecogeretur
1538 4643 1673 4726 eum
1697 4673 1794 4743 qui
1815 4643 2066 4728 intidem
2101 4643 2148 4708 Β

418 4749 609 4821 ipsius
642 4751 1025 4825 confugisset,
1058 4759 1160 4809 aut
1206 4773 1334 4811 eum
1382 4760 1454 4813 ab
1486 4759 1824 4818 ulciscenda
1854 4762 2072 4834 injuria

419 4843 754 4912 abstinere;
807 4845 1148 4918 legatosque
1206 4865 1265 4903 re
1315 4845 1532 4906 infecta
1580 4852 1840 4908 dimittit.
1879 4854 2070 4910 Simul

422 4930 648 4987 litteras
678 4935 748 4987 ad
785 4933 1134 4991 Michaelum
1180 4937 1300 5004 dat,
1335 4939 1569 4994 urbium
1622 4941 1768 4997 Istro
1798 4943 2072 5013 adjacen-

421 5020 569 5074 tium
606 5023 962 5093 praefectum,
994 5031 1051 5079 et
1098 5027 1170 5079 ad
1203 5025 1540 5095 Kegenum;
1589 5029 1781 5102 iisque
1813 5031 2074 5104 injungit

424 5113 488 5161 ut
518 5108 675 5178 ripas
707 5111 832 5164 latri
869 5118 1140 5167 accurate
1171 5117 1526 5186 custodiant,
1553 5135 1617 5172 ac
1641 5121 1687 5174 si
1722 5120 1855 5192 quis
1881 5122 2072 5193 gravis

423 5198 706 5251 exercitus
740 5206 998 5269 appetat,
1032 5203 1087 5256 id
1123 5203 1232 5258 sibi
1286 5223 1388 5275 per
1439 5206 1661 5262 litteras
1693 5210 1974 5276 indicent,
2007 5215 2072 5266 ut

423 5285 495 5339 de
526 5283 999 5344 Occidentalibus
1044 5291 1220 5346 etiam
1254 5292 1581 5365 legionibus
1629 5297 1858 5353 mittere
1889 5299 2076 5370 possit

426 5370 524 5440 qui
560 5371 705 5442 ipsis
729 5375 1026 5445 conjuncti
1062 5382 1395 5437 Patzinacas
1425 5386 1676 5439 transitu
1711 5386 1839 5441 Istri
1872 5387 2075 5458 prohi-

426 5459 622 5514 beant.
674 5462 848 5518 Mittit
901 5465 1072 5521 etiam
1119 5471 1390 5526 triremes
1438 5481 1694 5542 centum,
1757 5491 1884 5546 qua:
1946 5477 2075 5534 Istri

426 5548 586 5619 ripas
619 5547 819 5621 legant
866 5558 923 5608 et
969 5555 1305 5615 Patzinacas
1334 5563 1580 5631 trajectu
1631 5569 1885 5620 arceant.
1925 5571 2072 5624 Cum

425 5635 598 5708 legati
631 5637 795 5695 irrita
827 5658 930 5712 spe
965 5645 1298 5713 rediissent,
1323 5649 1624 5722 Tyrachus
1656 5653 2076 5725 indignabatur

427 5742 494 5782 ac
523 5726 832 5803 fremebat,
863 5732 1197 5806 hiemisque
1244 5738 1560 5797 adventum
1592 5743 1921 5814 exaptabat.
1953 5744 2075 5803 Sub

2173 3331 2367 3386 ἰκάκου
2423 3330 2539 3386 καί.
2569 3329 2898 3402 ἐλυμαίνετο
2955 3328 3082 3392 τοὺς
3123 3329 3246 3404 περὶ
3273 3326 3364 3383 τὸν
3399 3328 3596 3402 Τυράχ
3625 3331 3825 3395 Πατζι-

2171 3422 2356 3491 νάκας,
2419 3417 2614 3496 ἄνδρας
2683 3419 2777 3491 μὶν
2851 3419 2980 3482 τοὺς
3063 3417 3504 3494 προσπίπτοντας
3565 3418 3822 3490 ἀναιρῶν,

2172 3510 2366 3585 γύναια
2397 3507 2572 3564 δὲκαὶ
2625 3505 2824 3570 παῖδας
2887 3505 3417 3582 ἀνδραποδιζόμενος
3473 3506 3562 3560 καὶ
3614 3500 3819 3558 πωλῶν

2171 3606 2288 3661 τοῖς
2346 3598 2665 3672 Ῥωμαίοις.
2713 3597 2927 3661 Ταύτας
2985 3595 3042 3651 δὲ
3090 3597 3184 3659 τὰς
3245 3595 3505 3671 λαθραίας
3562 3593 3826 3657 ἐπιθέσεις

2171 3693 2267 3744 τοῦ
2324 3687 2585 3764 Κεγένους
2638 3689 2714 3760 μή
2796 3688 2973 3765 φέρων
3027 3688 3056 3741 6
3114 3685 3304 3761 Τυράχ
3382 3677 3825 3758 διαπρεσϐεύεται

2173 3779 2310 3853 πρὸς
2366 3779 2458 3833 τὸν
2521 3775 2767 3852 βασιλέα,
2832 3775 3075 3848 μηνύσας
3135 3776 3209 3838 ὡς
3287 3772 3394 3829 ἔδει
3476 3773 3568 3828 τὸν
3657 3773 3824 3846 μέγαν

2179 3867 2448 3943 βασιλέα,
2510 3863 2745 3927 σπονδὰς
2827 3861 3032 3940 ἔχοντα
3119 3863 3252 3937 μετά
3323 3866 3419 3916 τοῦ
3475 3861 3661 3937 γένους
3715 3864 3824 3914 τῶν

2176 3957 2544 4027 Πατζινάκων,
2579 3958 2662 4029 [Ρ.
2706 3957 2834 4025 777]
2895 3950 3036 4027 μηδὲ
3094 3949 3480 4026 προσδέξασθαι
3540 3949 3686 4012 ὅλως
3733 3949 3826 4004 τὸν

2177 4046 2484 4115 ἀποστάτην
2541 4044 2737 4111 αὐτῶν,
2775 4041 2888 4098 ἰπεὶ
2931 4041 2987 4097 δὶ
3035 4038 3413 4117 προσεδέξατο,
3446 4035 3680 4094 κωλύειν
3747 4040 3828 4110 μή

2176 4133 2433 4210 διαπερᾷν
2491 4133 2582 4188 καὶ
2638 4133 2770 4195 τοὺς
2822 4128 3200 4193 ὑποσπόνδους
3255 4129 3627 4202 λυμαίνεσθαι·
3662 4129 3698 4198 ἢ
3733 4125 3828 4180 οὖν

2174 4222 2484 4293 κωλυθήτω
2515 4223 2542 4276 6
2591 4223 2728 4298 ἀνὴρ
2779 4221 2846 4276 τὰ
2899 4225 3125 4275 τοιαῦτα
3170 4221 3446 4294 πράττειν,
3478 4216 3514 4286 ἢ
3551 4215 3834 4290 μηδεμιᾶς

2175 4314 2390 4386 τυχέτω
2439 4310 2786 4386 συμμαχίας,
2844 4309 2880 4380 ἢ
2958 4308 3270 4385 γινωσκέτω
3337 4310 3364 4363 ὁ
3435 4304 3690 4382 βασιλεὺς
3751 4305 3830 4366 ὡς

2174 4404 2290 4456 καθ’
2346 4402 2540 4456 ἑαυτοῦ
2591 4421 2650 4455 τε
2705 4401 2794 4455 καὶ
2847 4406 2947 4469 τῆς
3007 4400 3200 4454 ἑαυτοῦ
3287 4398 3478 4473 χώρας
3546 4394 3830 4474 ἐφέλκεται

2181 4491 2478 4565 βαρύτατον
2536 4489 2801 4562 πόλεμον.
2863 4489 2960 4543 Καὶ
3035 4492 3201 4542 ταῦτα
3262 4487 3356 4560 μὲν
3409 4486 3477 4540 τὰ
3537 4483 3836 4557 μηνύματα

2176 4584 2273 4634 τοῦ
2330 4579 2544 4655 Τυράχ,
2579 4581 2606 4634 6
2665 4575 2723 4632 δὲ
2787 4575 3040 4652 βασιλεὺς
3097 4576 3192 4638 τὰς
3251 4574 3508 4650 ἀγγελίας
3542 4571 3836 4646 δεξάμενος

2177 4669 2313 4743 πρὸς
2363 4668 2559 4730 ταύτας
2619 4669 2715 4740 μὲν
2764 4667 2854 4722 καὶ
2911 4664 3302 4740 ἐπεκάγχασεν,
3337 4663 3381 4718 εἰ
3435 4660 3524 4717 διὰ
3570 4661 3838 4730 Πατζινά-

2177 4779 2277 4812 κου
2307 4755 2535 4820 ἀπειλὰς
2568 4754 2844 4832 προδότης
2872 4756 3086 4832 γένοιτο
3114 4758 3209 4809 τοῦ
3243 4753 3320 4818 είς
3375 4753 3536 4808 αὐτὸν
3585 4771 3835 4828 προσφυ-

2177 4847 2392 4924 γόντος,
2423 4845 2513 4902 καὶ
2544 4845 2777 4902 κωλύειν
2809 4849 2906 4900 τοῦ
2969 4846 3043 4917 μὴ
3106 4847 3302 4897 κακοῦν
3357 4843 3486 4904 τοὺς
3543 4840 3835 4896 κακώσαν-

2178 4920 2274 4998 τας
2309 4983 2324 5007 ,
2382 4935 2512 4997 τοὺς
2591 4933 2648 4989 δὶ
2729 4929 3059 5011 πρεσϐευτὰς
3139 4931 3450 5008 ἀπράκτους
3531 4930 3833 5004 ἐξέπεμψε.

2182 5027 2488 5100 Γράμματα
2545 5022 2602 5079 δὶ
2659 5023 2796 5098 πρός
2835 5043 2894 5078 τε
2952 5019 3188 5097 Μιχαὴλ
3251 5023 3341 5075 τὸν
3429 5021 3671 5096 ἄρχοντα
3723 5024 3841 5074 τῶν

2179 5114 2512 5191 παριστρίων
2558 5112 2798 5185 πόλεων,
2857 5107 2934 5166 ἔτι
3012 5108 3068 5165 δὶ
3140 5111 3229 5165 καὶ
3303 5111 3441 5184 πρὸς
3504 5110 3665 5165 αὐτὸν
3737 5110 3837 5163 τὸν

2181 5205 2414 5280 Κεγένην
2500 5202 2793 5277 ἐκπέμπει,
2841 5199 3129 5280 φυλάττειν
3209 5194 3450 5275 ἀκριϐῶς
3508 5198 3603 5260 τὰς
3660 5194 3839 5272 ὄχθας

2179 5299 2276 5350 τοῦ
2356 5291 2646 5366 ποταμοῦ·
2711 5291 2755 5348 εἶ
2824 5289 2884 5346 δέ
2956 5311 3038 5352 τις
3112 5288 3240 5364 ἐπίῃ
3324 5289 3515 5364 βαρεῖα
3582 5285 3841 5360 δύναμις,

2181 5383 2466 5459 γράμμασι
2502 5382 2746 5456 μηνύειν,
2773 5379 2866 5437 ’ίνα
2893 5379 2985 5436 καὶ
3017 5381 3121 5434 ἀπὸ
3161 5383 3265 5433 τῶν
3328 5382 3570 5432 Δυτικῶν
3626 5375 3839 5452 ταγμά-

2181 5493 2288 5528 των
2374 5471 2759 5546 ἐκπεμπόμενά
2831 5491 2954 5526 τινα
3033 5468 3126 5524 σὺν
3198 5468 3384 5531 αὐτοῖς
3442 5465 3658 5542 εἷργωσι
3715 5471 3838 5528 τοῖς

2183 5559 2539 5631 Πατζινᾶκαις
2592 5563 2692 5630 τὴν
2750 5565 2848 5616 τοῦ
2891 5563 3144 5633 ποταμοῦ
3175 5552 3442 5613 διάϐασιν.
3472 5558 3722 5630 Ἔπεμψε
3781 5552 3843 5610 δὲ

2181 5651 2273 5708 καὶ
2345 5653 2591 5728 τριήρεις
2677 5651 2863 5708 ἑκατὸν
2899 5692 2914 5719 ,
2972 5648 3276 5720 ἐπισκήψας
3357 5645 3662 5721 παραπλεῖν
3745 5645 3840 5699 τὸν

2182 5743 2396 5818 Ἵστρον
2442 5741 2534 5796 καὶ
2584 5740 2960 5818 πειρωμένους
3012 5735 3337 5796 διακωλύειν
3391 5734 3520 5799 τοὺς
3577 5735 3842 5804 Πατζινά-
