4164 6400
311 377 430 435 31Ἳ

1483 376 2034 440 HISTORIARUM
2079 375 2621 438 COMPENDIUM.

3645 371 3766 430 318

310 528 419 569 κας
476 511 674 581 περᾷν.
741 507 1160 578 Ἑπανηκόντων
1219 505 1265 563 δ’
1322 509 1614 585 ἀπράκτων
1671 513 1780 564 τῶν
1827 507 1992 564 αὐτοῦ

2111 509 2284 566 linem
2318 509 2612 574 autumni,
2645 525 2712 563 ac
2743 507 2935 564 hieme
2966 506 3224 572 ineunte,
3257 520 3390 559 cum
3416 505 3542 574 jam
3569 502 3656 560 sol
3689 505 3761 559 ad

326 591 628 672 πρέσϐεων,
695 597 726 650 6
786 598 978 672 Τυράχ
1027 595 1352 672 ἐχαλέπαινε
1414 599 1504 653 καὶ
1589 597 1852 674 ὠργίζετο
1911 596 2000 652 καὶ

329 690 520 740 θᾶττον
572 683 794 760 ηὔχετο
859 682 1185 741 καταλαϐεῖν
1255 688 1348 742 τὸν
1408 692 1680 764 χειμῶνα.
1740 685 1879 758 Ἤδη
1944 683 2001 740 δὲ

321 784 424 844 τῆς
456 782 884 852 φθινοπωρινῆς
915 774 1200 850 ληγούσης
1232 776 1374 851 ὥρας
1422 777 1511 832 καὶ
1577 782 1674 832 τοῦ
1721 781 2001 852 χειμῶνος

316 864 676 935 ἐπιστάντος,
739 868 835 918 τοῦ
904 864 1070 934 ἡλίου
1129 863 1282 928 ὄντος
1336 865 1424 921 ἐπὶ
1486 867 1574 922 τὸν
1625 866 1996 941 Αἷγοκὲρωτα,

324 961 526 1033 ἄνεμος
588 956 842 1016 ἔπνευσεν
905 962 1200 1037 ἀπαρκτίας
1259 961 1455 1032 πολὺς,
1490 964 1562 1025 ὡς
1613 960 1998 1034 ἀποκρυσταλ-

333 1052 573 1120 λωθῆναι
642 1053 814 1127 μέχρι
873 1049 1252 1106 πεντεκαίδεκα
1310 1054 1536 1128 πήχεων
1591 1051 1643 1114 ἧς
1688 1053 1854 1126 βάθος
1907 1052 1998 1106 τὸν

337 1140 601 1212 ποταμόν.
670 1141 855 1211 Πάσης
920 1139 1011 1194 οῦν
1062 1140 1310 1218 φυλακῆς
1372 1139 1743 1216 σχολασάσης,
1807 1139 1996 1216 δραξά-

343 1252 502 1303 μενος
531 1230 719 1292 ἁδείας
750 1233 816 1299 ἧς
860 1231 1139 1306 ἐπιτυχεῖν
1171 1227 1378 1306 ηὔχετο
1440 1231 1467 1284 6
1517 1231 1712 1307 Τυράχ
1771 1228 2000 1304 διαπερᾷ

336 1321 426 1373 τὸν
478 1323 696 1396 Ἴστρον
762 1319 898 1392 μετά
940 1319 1152 1374 πάντων
1208 1325 1314 1374 τῶν
1379 1322 1744 1388 Πατζινάκων,
1806 1318 1995 1390 ὄντων,

331 1410 406 1470 ὡς
435 1408 690 1484 ἰλὲγετο,
723 1406 996 1484 χιλιάδων
1032 1408 1386 1480 ὀκτακοσίων,
1416 1409 1505 1464 καὶ
1538 1409 1591 1471 ἂς
1622 1411 1721 1479 τήν
1771 1409 1994 1483 περαίαν

324 1497 571 1573 ἱδρύετο,
634 1499 830 1572 κείρων
898 1498 989 1552 καὶ
1072 1499 1339 1576 ἀφανίζων
1417 1499 1484 1554 τὰ
1558 1498 1993 1573 παραπίπτοντα.

323 1589 646 1661 Γράμματα
691 1585 750 1641 δὶ
795 1587 932 1661 πρὸς
988 1589 1080 1642 τὸν
1145 1587 1373 1662 βασιλέα
1426 1585 1713 1643 ἐστέλλετο
1775 1589 1994 1661 βοηθεῖν

319 1675 563 1749 δεόμενα
588 1677 692 1745 την
730 1678 1021 1751 ταχίστην.
1053 1678 1113 1734 Ὀ
1161 1675 1218 1732 δί
1270 1675 1399 1750 μηδ’
1448 1677 1554 1732 ὅλα
1583 1678 1649 1732 τὰ
1701 1677 1998 1753 γράμματα

315 1766 592 1839 ἀναγνοὺς
652 1771 732 1838 τῷ
784 1763 937 1821 δουκὶ
987 1764 1492 1842 Ἀδριανουπόλεως
1549 1769 1744 1844 γράφει
1803 1768 1891 1841 (ἦν
1938 1764 1995 1820 δὲ

2110 600 2523 670 Capricornum
2555 597 2905 669 appulisset,
2936 599 3142 652 ventus
3173 594 3464 666 aparetias
3493 592 3762 664 copiosus

2110 686 2269 742 ﬂavit
2298 688 2559 759 Isterque
2587 686 2647 740 in
2679 684 2926 756 glaciem
2961 683 3297 754 quindecim
3330 681 3558 736 cubitos
3585 680 3760 735 altum

2109 776 2453 848 congelavit.
2489 776 2686 831 Otiosa
2736 773 2933 843 itaque
2982 772 3144 828 omni
3190 769 3456 826 custodia
3499 774 3759 842 Optatam

2111 867 2409 938 Tyrachus
2440 873 2649 920 nactus
2697 864 3014 928 licentiam,
3051 867 3265 917 Istrum
3319 877 3452 914 cum
3483 859 3761 916 omnibus

2110 955 2450 1022 Patzinacis,
2484 972 2737 1026 quorum
2773 953 3090 1008 multitudo
3119 951 3590 1021 octingentorum
3625 965 3760 1004 cen-

2109 1051 2351 1105 sebatur
2402 1048 2675 1115 millium,
2723 1052 3152 1117 transgressus,
3200 1045 3258 1098 in
3313 1042 3648 1098 ulteriorem
3699 1057 3762 1096 se

2109 1139 2313 1195 ell‘udit
2360 1138 2664 1202 ditionem,
2718 1136 3000 1208 diripiens
3052 1139 3228 1206 atque
3276 1132 3476 1188 delens
3524 1131 3582 1186 in
3631 1147 3764 1202 quae

2108 1237 2403 1292 incidebat
2431 1237 2651 1292 omnia.
2684 1235 2998 1290 Mittuntur
3045 1249 3182 1305 ergo
3227 1233 3298 1287 ad
3344 1231 3756 1302 imperatorem

2109 1326 2335 1388 littera,
2373 1325 2589 1396 quibus
2638 1326 2706 1378 ad
2751 1325 3047 1379 ferendam
3098 1321 3538 1392 quamprimum
3589 1334 3758 1390 opem

2107 1417 2479 1472 incitabatur.
2515 1420 2566 1469 Is
2596 1415 2828 1468 vixdum
2862 1410 3360 1484 perlectislitteris
3378 1411 3450 1464 ad
3474 1410 3760 1464 Adriano-

2108 1505 2255 1576 polis
2289 1505 2443 1562 586
2489 1505 2698 1557 ducem
2731 1501 3180 1556 Constantinum
3216 1499 3562 1570 magistrum
3593 1497 3756 1552 Aria-

2107 1597 2292 1649 nitam
2343 1593 2566 1660 scribit,
2603 1598 2664 1644 ut
2711 1589 3101 1645 Macedonicis
3150 1604 3284 1642 cum
3337 1586 3542 1658 copiis,
3584 1591 3642 1640 et
3688 1587 3760 1640 ad

2107 1682 2390 1738 Basilium
2418 1679 2768 1736 Monachum
2804 1678 3088 1751 Bulgaria-
3121 1679 3353 1740 ducem,
3378 1681 3444 1731 ut
3464 1692 3596 1731 cum
3622 1675 3760 1730 Bul-

2107 1772 2302 1841 garico
2334 1771 2590 1825 exercitu
2622 1767 2905 1823 Michaelo
2957 1783 3023 1822 ac
3056 1767 3272 1838 Kegeni
3306 1782 3367 1820 se
3397 1765 3762 1836 conjungant

321 1858 750 1916 Κωνσταντῖνος
811 1855 1109 1930 μάγιστρος
1160 1856 1188 1911 6
1244 1855 1586 1931 Ἀριανίτης)
1643 1857 1740 1918 τὰς
1817 1863 1991 1910 Μακε-

2104 1867 2162 1916 et
2192 1867 2395 1915 contra
2425 1859 2766 1912 Patzinacas
2793 1859 3150 1928 depugnent.
3175 1856 3338 1925 lique
3361 1855 3535 1923 jussa
3557 1854 3756 1908 statim

319 1943 551 2006 δονικάς
576 1944 839 2018 εἰληφότι
867 1941 1147 2017 δυνάμεις,
1177 1939 1256 1999 ἔτι
1289 1943 1346 1999 δὲ
1375 1945 1464 2000 καὶ
1518 1948 1655 2020 πρὸς
1704 1942 1992 2002 Βασίλειον

340 2035 602 2109 Μοναχὸν
651 2035 744 2088 τὸν
799 2035 1049 2108 ἡγεμόνα
1103 2041 1203 2104 τῆς
1266 2032 1607 2109 Βουλγαρίας
1661 2036 1761 2102 τὴν
1822 2032 1995 2089 Βουλ-

347 2125 578 2197 γαρικὴν
610 2119 878 2197 εἰληφότα
908 2128 1071 2198 χεῖρα
1128 2113 1408 2199 ἀφικέσθαι
1453 2123 1544 2178 καὶ
1604 2124 1866 2192 ἑνωθῆναι
1917 2127 1996 2195 τῷ

351 2209 593 2285 Μιχαὴλ
646 2211 730 2264 καὶ
785 2215 868 2282 τῷ
919 2211 1122 2286 Κεγὲνῃ
1179 2212 1265 2265 καὶ
1331 2212 1448 2285 μετ’
1477 2211 1650 2267 αὐτῶν
1708 2212 1842 2287 πρὸς
1869 2210 1997 2273 τοὺς

353 2303 690 2367 Πατζινάκας
738 2296 1175 2374 διαγωνίσασθαι.
1234 2306 1326 2354 Ὧν
1385 2303 1522 2356 κατὰ
1577 2302 1639 2356 τὸ
1711 2302 1994 2377 βασιλικὸν

352 2389 694 2455 ποιησάντων
753 2387 1031 2463 ἐπίταγμα
1103 2389 1190 2443 καὶ
1250 2391 1464 2444 πάντων
1517 2390 1605 2463 ὑφ’
1653 2389 1708 2444 ἓν
1771 2391 1997 2465 γενομε-

344 2499 477 2543 νων,
513 2471 794 2531 ἀναλαϐὼν
852 2478 880 2531 ὁ
931 2477 1161 2552 Κεγένης
1217 2477 1312 2539 τὰς
1364 2478 1672 2550 Ῥωμαϊκὰς
1718 2476 1995 2556 φάλαγγας

337 2565 392 2619 ἐν
427 2571 548 2626 τοῖς
601 2565 884 2640 ὑπαίθροις
941 2564 1442 2641 στρατοπεδεύεται,
1474 2567 1563 2621 καὶ
1621 2569 1739 2622 καθ’
1767 2567 1993 2637 ἑκάστην

339 2654 588 2726 ἐπιὼνὲξ
619 2654 818 2732 ἐφόδου
863 2655 924 2710 ού
990 2656 1156 2730 μικρά
1210 2655 1337 2718 τοὺς
1392 2659 1724 2726 Ῐῐατζινάκας
1783 2654 1992 2712 ἐλύπει.

339 2755 573 2815 Τούτοις
601 2753 707 2828 γάρ
750 2754 864 2825 ἅμα
891 2757 960 2828 τῇ
991 2758 1089 2808 τοῦ
1137 2759 1392 2827 ποταμοῦ
1443 2749 1684 2810 διαϐάσει
1735 2755 1993 2831 ἀφθονίαν

334 2843 492 2910 ζώων
528 2841 749 2917 εὑροῦσι
780 2840 1004 2910 πολλὴν
1037 2842 1126 2896 καὶ
1158 2840 1304 2897 οί¹νου
1362 2844 1451 2898 καὶ
1505 2848 1612 2897 τῶν
1672 2843 1732 2898 ἐκ
1776 2843 1998 2916 μέλιτος

331 2929 886 3002 κατασκευαζομένων
945 2931 1231 3004 πομάτων,
1288 2933 1363 2984 ὧν
1424 2929 1552 2986 οὐδὲ
1614 2932 1783 3000 ἀκοήν
1830 2927 1996 3006 ἔσχον

335 3022 586 3085 πώποτε,
645 3020 738 3074 καὶ
820 3017 1014 3091 ἀνέδην
1073 3024 1180 3075 τῶν
1234 3019 1498 3075 τοιούτων
1559 3020 1996 3097 ἐμφορουμένοις

330 3110 489 3169 νόσος
589 3109 840 3163 ἐσπίπτει
926 3108 1217 3179 κοιλιακήν
1297 3108 1531 3174 διάθεσιν
1620 3107 1844 3187 ἔχουσα,
1905 3111 1996 3166 καὶ

326 3196 670 3252 ἀπώλλυντο
754 3199 984 3270 ἑκάστης
1069 3201 1278 3274 ἡμέρας
1355 3199 1699 3276 ἀναρίθμητα
1772 3200 1985 3271 πλήθη.

333 3289 415 3359 [Ρ.
471 3290 605 3360 778]
657 3289 831 3363 ’Όπερ
911 3287 1220 3361 πυθόμενος
1276 3290 1304 3344 6
1365 3290 1594 3363 Κεγένης
1680 3286 1769 3343 διά
1844 3311 1988 3352 τινος

333 3375 678 3447 αὐτομόλου,
727 3377 818 3431 καὶ
894 3377 1082 3452 καιρὸν
1166 3375 1473 3448 ἐπιτήδειον
1547 3379 1734 3454 κρίνας
1801 3383 1990 3434 τοῦτον

332 3465 464 3519 εἶναι
513 3470 635 3528 τοῖς
693 3463 919 3539 ἐχθροῖς
973 3464 1342 3537 ἐπιθήσεσθαι,
1394 3465 1560 3521 ὁπότε
1605 3467 1695 3521 καὶ
1755 3472 1992 3540 χειμῶνι

331 3553 424 3607 καὶ
468 3553 613 3626 νόσῳ
671 3554 971 3623 πιέζονται,
1017 3554 1305 3618 ἀναπείσας
1355 3555 1444 3610 καὶ
1499 3555 1628 3618 τοὺς
1678 3558 1991 3630 Ῥωμαίους

341 3641 628 3703 ὀκνοῦντας
655 3643 746 3696 καὶ
804 3641 1049 3706 δεδιότας
1096 3645 1232 3719 πρὸς
1275 3644 1538 3707 τοσαύτας
1602 3646 1992 3722 ἀντιπαρατάτ-

342 3743 530 3794 τεσθαι
581 3730 869 3805 μυριάδας,
901 3736 1307 3808 προσρήγνυται
1354 3740 1473 3796 τοῖς
1533 3733 1777 3810 ἐχθροῖς.
1813 3736 1881 3792 υἱ
1936 3733 1994 3789 δὲ

336 3821 440 3888 τήν
517 3821 684 3892 ὀξεῖαν
763 3819 972 3876 ἔλευσιν
1074 3820 1426 3897 ἐκπλαγέντες
1511 3823 1600 3878 καὶ
1675 3824 1810 3898 πρὸς
1898 3825 1990 3879 τὸν

336 3908 588 3981 πόλεμον
649 3908 1144 3982 ἀποδειλιάσαντες,
1199 3911 1447 3988 ῥίψαντες
1503 3914 1570 3967 τὰ
1629 3911 1776 3969 ὅπλα
1831 3911 1991 3976 αὐτός

343 4017 406 4051 τε
457 3999 486 4050 6
539 4000 726 4075 Τυραχ
777 4001 867 4056 καὶ
926 4000 1122 4063 πάντες
1179 4003 1231 4056 οἱ
1262 4000 1526 4078 ἄρχοντες
1555 4003 1643 4058 καὶ
1676 4003 1738 4057 τὸ
1796 4002 1988 4058 λοιπὸν

347 4085 571 4153 πλῆθος
608 4088 812 4152 ἑαυτοὺς
873 4089 1295 4167 ἐγχειρίζουσιν.
1330 4092 1390 4148 Ὀ
1447 4091 1540 4164 μὶν
1599 4091 1689 4146 οὖν
1753 4091 1992 4167 Κεγὲνης

340 4178 698 4240 συνεϐούλευε
741 4189 828 4242 καὶ
879 4185 1277 4264 διεμαρτύρατο
1326 4187 1524 4252 πάντας
1581 4184 1790 4261 ἡϐηδὸν
1851 4190 1991 4245 ἀπο-

336 4274 556 4349 σφάξαι,
590 4269 742 4350 ἔλεγε
775 4275 832 4331 δὶ
877 4277 966 4332 καὶ
1022 4278 1328 4352 παροιμίαν
1393 4273 1664 4355 βάρϐαρον
1716 4280 1833 4353 μὲν,
1864 4285 1988 4334 νοῦν

329 4360 392 4417 δὲ
423 4362 600 4418 πολὺν
643 4361 900 4440 ἔχουσαν,
929 4366 1003 4428 ὡς
1037 4368 1156 4424 Ἔτι
1216 4372 1496 4443 χειμῶνος
1553 4363 1708 4431 ὄντος
1769 4366 1850 4424 δεῖ
1897 4369 1988 4424 τὸν

324 4450 452 4528 ὅφιν
513 4452 850 4528 ἀποκτεῖναι,
907 4456 1144 4527 ὁπηνίκα
1229 4458 1329 4528 τὴν
1416 4458 1608 4532 κίρκον
1676 4463 1845 4513 κινεῖν
1929 4457 1991 4513 ού

328 4539 553 4596 δύναται
589 4562 602 4575 ⁸
668 4543 771 4598 ὑπὸ
853 4543 1016 4613 ἡλίου
1091 4545 1195 4622 γὰρ
1274 4545 1534 4624 θαλφθείς
1590 4547 1794 4609 κόπους
1850 4549 1986 4620 ἡμῖν

2107 1955 2248 2004 sunt
2298 1947 2578 2004 exsecuti.
2637 1945 2976 2016 Conjunctis
3025 1945 3303 2000 omnibus
3359 1944 3757 1998 Romanorum

2106 2038 2291 2109 c0piis
2323 2037 2584 2108 Kegenes
2614 2052 2713 2090 eas
2762 2035 2980 2099 eduxit,
3013 2033 3340 2104 castrisque
3384 2032 3495 2088 sub
3525 2031 3620 2086 dio
3652 2047 3758 2101 po-

2107 2128 2259 2193 sitis,
2307 2126 2668 2197 quotidianis
2719 2123 3160 2179 incursionibus
3209 2122 3546 2178 Patzinacas
3601 2120 3757 2174 haud

2105 2216 2308 2271 leviter
2326 2215 2573 2270 vexavit.
2612 2213 2673 2282 li,
2707 2229 2878 2267 amne
2911 2213 3175 2282 trajecto,
3200 2211 3258 2264 in
3294 2211 3609 2282 pecudum,
3640 2208 3759 2263 vini

2106 2311 2164 2361 et
2213 2312 2384 2376 potus
2431 2321 2462 2359 e
2520 2302 2693 2358 melle
2750 2302 2997 2357 confecti
3058 2302 3377 2356 maximam
3430 2299 3762 2354 inciderant

2106 2395 2357 2465 capiam,
2393 2409 2465 2448 ne
2507 2391 2707 2447 auditu
2763 2391 3001 2460 quidem
3052 2395 3224 2444 antea
3253 2388 3397 2459 ipsis
3442 2388 3586 2443 noti.
3620 2386 3758 2451 Qui-

2107 2485 2218 2538 bus
2251 2499 2385 2537 cum
2418 2480 2638 2536 affatim
2672 2480 3028 2543 fruerentur,
3064 2478 3305 2532 morbus
3336 2493 3435 2532 eos
3485 2476 3756 2532 cceliacus

2104 2572 2341 2636 invasit,
2374 2576 2431 2626 et
2461 2570 2724 2642 quotidie
2753 2568 3157 2628 moriebantur
3185 2566 3502 2621 innumeri.
3539 2565 3618 2620 De
3642 2581 3758 2636 quo

2105 2662 2320 2716 certior
2350 2677 2383 2714 a
2413 2661 2720 2729 transfuga
2751 2658 3005 2728 quodam
3039 2658 3226 2711 factus
3252 2656 3530 2724 Kegenes,
3582 2655 3759 2725 idque

2107 2748 2420 2805 invadendi
2453 2749 2638 2804 hostis
2660 2753 3062 2820 opportunum
3086 2751 3322 2817 tempus
3353 2750 3538 2812 ratus,
3562 2761 3678 2814 quo
3705 2748 3761 2799 et

2106 2839 2299 2895 hieme
2342 2843 2398 2893 et
2427 2838 2632 2892 morbo
2683 2836 3120 2907 premebantur,
3154 2835 3462 2906 pertractis
3493 2832 3554 2888 in
3586 2849 3756 2888 suam

2105 2929 2456 2985 sententiam
2491 2928 2664 2982 etiam
2716 2926 3016 2991 Romanis,
3048 2924 3576 2997 tergiversantibus
3608 2939 3758 2978 non-

2105 3019 2254 3073 nihil
2287 3024 2342 3072 et
2369 3021 2574 3072 contra
2607 3021 2830 3070 tantam
2867 3013 3306 3069 multitudinem
3340 3028 3602 3084 pugnare
3635 3027 3755 3067 me-

2104 3107 2431 3174 tuentibus,
2465 3105 2522 3159 in
2576 3104 2912 3159 Patzinacas
2949 3105 3234 3174 impetum
3267 3105 3386 3156 dat.
3422 3101 3530 3166 Qui
3564 3100 3760 3156 celeri-

2103 3201 2222 3250 tate
2279 3194 2632 3249 irruentium
2710 3192 2965 3247 hostium
3031 3191 3321 3262 perterriti
3377 3196 3434 3244 et
3498 3205 3758 3261 pugnam

2106 3283 2553 3340 reformidantes
2586 3281 2825 3352 abjectis
2856 3280 3034 3336 armis
3053 3297 3180 3335 sese
3202 3278 3484 3334 Romanis
3514 3279 3759 3344 dedunt,

2104 3399 2241 3437 cum
2310 3380 2612 3454 Tyrachus
2680 3380 2805 3450 ipse
2871 3383 2929 3434 et
2995 3376 3188 3434 caeteri
3258 3376 3574 3448 principes,
3633 3379 3760 3430 tum

2105 3471 2328 3542 reliqua
2382 3470 2559 3525 etiam
2610 3469 2804 3524 turba.
2856 3467 3214 3524 Consulebat
3265 3467 3550 3536 Kegenes,
3590 3469 3764 3537 atque

2103 3560 2281 3615 etiam
2314 3560 2723 3614 obtestabatur
2753 3557 2837 3613 uti
2871 3558 2941 3613 ad
2979 3574 3163 3612 unum
3197 3572 3403 3612 omnes
3436 3554 3764 3611 occideren-

2102 3655 2201 3704 tur
2228 3649 2449 3704 hostes.
2502 3652 2572 3702 Et
2621 3648 2900 3719 adagium
2952 3646 3247 3711 afferebat,
3281 3645 3600 3700 barbarum
3634 3646 3766 3715 qui-

2103 3739 2261 3801 dem,
2311 3739 2412 3793 sed
2461 3737 2631 3792 valde
2687 3742 2961 3808 argutum
3011 3751 3022 3791 :
3075 3751 3328 3806 anguem
3390 3733 3581 3788 hieme
3637 3749 3768 3788 esse

2103 3829 2455 3885 necandum.
2489 3825 2638 3883 587
2675 3842 2809 3881 cum
2844 3842 2958 3880 non
3001 3828 3192 3896 potest
3234 3825 3478 3878 caudam
3513 3839 3766 3890 movere,

2102 3933 2174 3970 ne
2229 3915 2374 3971 solis
2431 3913 2621 3970 calore
2677 3915 2927 3970 refectus
2987 3912 3318 3968 molestiam
3382 3911 3764 3982 laboremque

2100 4004 2247 4076 ipsis
2279 4009 2453 4059 creet.
2481 4003 2761 4059 Romanis
2793 4003 3139 4058 ductoribus
3159 4002 3214 4056 id
3241 4018 3354 4055 non
3381 3999 3763 4070 probabatur,

2103 4092 2332 4148 facinus
2365 4093 2473 4148 hoc
2523 4092 2898 4148 barbaricum
2951 4092 3070 4146 fore
3101 4096 3158 4145 et
3199 4089 3447 4160 impium
3491 4105 3557 4143 ac
3591 4105 3624 4142 ο.
3654 4091 3764 4142 Ro-

2103 4199 2279 4237 mana
2326 4181 2637 4237 clementia
2681 4181 2940 4237 alienum
2976 4179 3377 4235 censentibus.
3428 4177 3631 4232 Potius
3662 4194 3763 4232 eos

2101 4289 2206 4344 per
2281 4274 2542 4327 desertas
2603 4270 2883 4342 Bulgaria
2970 4268 3244 4342 planities
3316 4267 3764 4339 dispergendos,

2101 4366 2277 4431 atque
2308 4360 2443 4414 hinc
2475 4360 2613 4415 inde
2652 4358 2957 4430 dissipatis
2987 4358 3277 4413 tributum
3309 4356 3762 4428 imponendum,

2100 4450 2220 4506 Hoc
2253 4450 2424 4504 modo
2456 4453 2513 4504 et
2539 4450 2834 4519 ingentem
2871 4449 2940 4504 ab
2973 4448 3044 4502 iis
3088 4447 3340 4502 reditum
3375 4446 3453 4502 rei
3489 4448 3761 4500 Romana:

2103 4555 2504 4606 accessurum,
2525 4543 2731 4593 etcum
2761 4537 3084 4609 imperator
3113 4535 3406 4592 militibus
3435 4551 3585 4607 opus
3605 4537 3765 4590 esset

329 4632 550 4705 παρέξει
590 4631 682 4686 καὶ
727 4633 1039 4708 πράγματα.
1068 4615 1238 4689 Τοῦτο
1299 4631 1355 4689 δὲ
1393 4615 1521 4696 ’τοῖς
1577 4636 1840 4712 ἄρχουσιν
1875 4615 1992 4691 βούκ

2104 4628 2418 4683 habiturus
2476 4629 2757 4683 adversus
2813 4631 3034 4682 Turcos
3093 4630 3195 4681 aut
3251 4625 3397 4680 alios
3455 4625 3758 4692 barbaros,

329 4717 508 4774 ἐδόκει
556 4721 874 4793 Ῥωμαίων,
934 4722 1079 4778 ἀλλὰ
1148 4718 1481 4799 βαρϐαρικὸν
1551 4727 1614 4779 τὸ
1687 4718 1840 4800 ἔργον
1899 4726 1989 4782 καὶ

333 4809 552 4865 ἀνόσιον
601 4809 882 4883 ἐνομίζετο
923 4811 1012 4866 καὶ
1060 4813 1379 4885 Ῥωμαϊκῆς
1438 4814 1651 4885 ἀνάξιον
1707 4815 1989 4891 ἡμερότη-

328 4919 441 4962 τος.
474 4897 708 4954 Μᾶλλον
743 4900 839 4973 μὲν
872 4899 962 4955 οῦν
1008 4901 1281 4979 συμφέρον
1341 4901 1592 4976 ἐνόμιζον
1647 4900 1989 4959 διασκεδάσαι

324 4990 564 5049 τούτους
597 4989 650 5043 ἰν
682 4995 802 5052 ταῖς
833 4989 1062 5065 ἐρήμοις
1088 4995 1186 5058 τῆς
1235 4991 1578 5068 Βουλγαρίας
1634 4989 1850 5048 πεδιάσι
1897 4993 1988 5048 καὶ

327 5075 544 5141 ἄλλους
575 5075 830 5154 ἅλλαχοῦ
859 5077 1225 5156 ἐγκατοικίσαι
1254 5082 1345 5136 καὶ
1390 5080 1592 5158 φόρους
1641 5081 1826 5144 αὐτοῖς
1865 5080 1988 5138 ἐπι-

327 5172 527 5230 θεῖναι’
563 5163 773 5232 ἔσεσθαι
832 5169 936 5246 γὰρ
997 5168 1096 5224 οὐκ
1153 5170 1518 5245 εὐαρίθμητον
1574 5169 1665 5225 τδν
1716 5169 1822 5225 ἀπὸ
1877 5175 1986 5226 τῶν

325 5256 598 5312 τοιούτων
664 5254 908 5333 δασμόν·
973 5258 1018 5312 εἰ
1089 5256 1268 5331 δεήσει
1346 5257 1403 5314 δὲ
1479 5263 1558 5332 τῷ
1627 5257 1840 5336 βασιλεῖ
1897 5261 1984 5315 καὶ

328 5349 562 5418 στρατοῦ
617 5347 754 5424 πρός
805 5369 866 5402 τε
922 5346 1052 5411 τοὺς
1108 5349 1383 5425 Τούρκους
1463 5347 1555 5405 καὶ
1637 5349 1774 5426 πρὸς
1843 5347 1990 5406 ἄλλα

331 5433 630 5511 ἑτερόφυλα
660 5440 815 5514 γένη,
851 5434 1204 5507 καθοπλίζειν
1262 5437 1354 5494 ἀπ’
1383 5438 1582 5494 αὐτῶν.
1615 5437 1851 5496 Πολλῶν
1894 5437 1988 5495 οὖν

331 5522 502 5601 λόγων
559 5526 838 5605 ῥηθέντων
897 5526 1146 5596 ἐνίκησεν
1192 5529 1227 5599 ἠ
1273 5531 1380 5582 τῶν
1425 5527 1715 5602 Ῥωμαίων
1763 5528 1983 5603 γνώμη·

331 5619 407 5670 καί
454 5618 480 5674 ό
531 5620 631 5694 μὲν
693 5613 950 5694 Κεγένης
998 5613 1160 5678 ὅσους
1208 5611 1370 5672 ἔλαϐε
1411 5617 1670 5693 ζωγρίας,
1701 5613 1849 5686 πλὴν
1909 5615 1984 5672 ὧν

2099 4721 2242 4771 tunc
2291 4733 2388 4772 eos
2436 4715 2652 4772 armari
2713 4733 2906 4788 posse.
2965 4719 3044 4771 Re
3104 4715 3203 4770 diu
3266 4713 3568 4785 disputata
3619 4713 3762 4769 vicit

2098 4800 2358 4861 tandem.
2389 4807 2784 4862 Romanorum
2829 4803 3140 4860 sententia.
3173 4803 3281 4858 Sed
3313 4807 3578 4874 Kegenes
3607 4802 3756 4856 occi-

2100 4895 2183 4950 sis
2217 4899 2507 4967 quotquot
2531 4899 2766 4967 ceperat
2787 4894 3134 4962 Patzinacis,
3155 4893 3270 4949 nisi
3301 4909 3450 4964 quos
3471 4889 3758 4955 vendidit,

2100 4985 2342 5039 domum
2391 4988 2482 5039 est
2527 5000 2814 5040 reversus.
2848 4982 3127 5038 Caeterum
3172 4997 3372 5038 eorum
3427 4979 3759 5035 multitudi-

2099 5087 2232 5128 nem
2288 5072 2571 5145 Bulgarisa
2621 5074 2933 5145 praefectus
2984 5071 3234 5127 Basilius
3283 5069 3608 5126 Monachus
3658 5085 3761 5142 per

2099 5162 2452 5233 campestria
2482 5161 2755 5230 Serdicae,
2801 5161 2961 5219 Naisi
2995 5166 3050 5218 et
3099 5159 3400 5232 Eutzapeli
3431 5159 3754 5228 distribuit,

2099 5252 2377 5306 omnibus
2409 5251 2701 5322 ademptis
2733 5249 2936 5317 armis,
2973 5267 3045 5306 ne
3092 5249 3230 5322 quid
3267 5249 3458 5305 moliri
3491 5254 3752 5320 possent.

2099 5349 2404 5421 Tyrachus
2434 5353 2490 5404 et
2540 5364 2671 5404 cum
2719 5365 2785 5405 eo
2817 5356 3050 5404 centum
3103 5347 3498 5421 quadraginta
3544 5345 3652 5401 viri
3687 5347 3758 5402 ad

2097 5439 2509 5511 imperatorem
2555 5441 2794 5496 abducti
2828 5445 3008 5510 sunt;
3042 5444 3214 5513 atque
3264 5443 3335 5496 ab
3365 5439 3477 5496 hoc
3507 5441 3758 5512 benigne

2098 5531 2340 5601 accepti,
2399 5530 2674 5602 baptizati
2723 5529 3116 5602 maximisque
3165 5530 3492 5586 honoribus
3541 5529 3756 5598 affecti,

2097 5619 2280 5676 vitam
2316 5620 2394 5674 ibi
2418 5620 2746 5691 jucundam
2781 5624 3048 5691 egerunt.

331 5715 710 5798 ἀπημπόληκε,
766 5715 906 5778 τοὺς
963 5715 1170 5777 πάντας
1216 5715 1524 5794 ἀποσφάξας
1585 5713 1940 5786 ὑπενόστησεν
2025 5713 2230 5787 οἴκαδε,
2289 5716 2385 5778 τὰς
2473 5713 2530 5770 δὶ
2613 5719 2721 5770 τῶν
2803 5717 3149 5786 Πατζινάκων
3230 5715 3494 5795 μυριάδας
3578 5718 3607 5771 6
3653 5723 3756 5785 τῆς
