4164 6398
465 390 583 452 319

1819 394 2140 457 GEORGII
2183 395 2525 458 OEDRENI

3766 400 3887 458 320

468 522 813 598 Βουλγαρίας
860 517 1195 597 παραλαϐὼν
1254 522 1441 600 ἄρχων
1496 524 1774 588 Βασίλειος
1836 526 1864 580 6
1924 525 2181 601 Μοναχὸς
2237 524 2577 604 ἐγκαθιδρύει
2637 529 2736 583 ἀνά
2797 550 2853 583 τε
2927 530 3025 589 τὰς
3098 525 3355 590 πεδιάδας
3424 535 3522 597 τῆς
3589 524 3880 601 Σαρδικῆς.

463 614 564 680 τῆς
656 614 862 668 Ναϊσοῦ
938 613 1027 667 καὶ
1116 613 1467 683 Εύτζαπέλου
1546 613 1861 691 διασπείρας
1944 615 2145 677 πάντας
2207 618 2293 670 καὶ
2351 622 2455 670 πᾶν
2516 616 2689 673 ὅπλον
2748 618 3090 697 ἀφελόμενος
3143 618 3233 673 διὰ
3288 620 3349 672 τὸ
3405 614 3884 673 ἀνεπιϐούλευτον.

464 701 529 759 Ὀ
589 699 646 756 δὲ
699 703 885 777 Τυρὰχ
936 703 1025 757 καὶ
1081 704 1172 757 σὺν
1228 703 1374 775 αὐτῷ
1444 702 1631 773 ἄνδρες
1682 706 1868 759 ἑκατὸν
1927 704 2017 759 καὶ
2102 706 2504 778 τεσσαράκοντα
2584 707 2800 793 ἄγονται
2871 708 2947 770 εἰς
3029 709 3121 763 τὸν
3216 705 3442 783 βασιλέα
3476 727 3487 739 ·

2184 795 2466 870 μεγίστοις
2562 798 2861 871 ἀξιώμασιν
2960 797 3158 871 ἐπάρας

470 791 685 869 φρόνως
767 793 925 857 οὗτος
1005 791 1404 866 ἀποδεξάμενος
1490 795 1578 849 καὶ
1660 795 1921 870 βαπτίσας
2007 794 2095 849 καὶ

472 902 496 935 ε
507 900 619 956 ιχεν
630 926 642 937 .

3551 707 3643 770 οὖς
3721 705 3887 785 φιλο-

3238 797 3289 852 ἐν
3370 797 3676 858 εὐπαθείαις
3755 803 3917 850 κατ-’

470 1040 471 1043 η
539 1009 611 1062 At
641 1025 771 1064 vero
803 1009 1075 1066 sultanus
1123 1011 1194 1066 ob
1247 1010 1473 1067 irritam
1509 1011 1856 1085 legationem
1909 1011 2113 1077 iratus,

2301 1010 2361 1066 Ὀ
2421 1008 2478 1065 δὲ
2527 1010 2821 1075 σουλτάνος
2877 1013 2975 1083 τήν
3030 1017 3138 1067 τῶν
3170 1010 3333 1067 αὐτοῦ
3386 1004 3653 1085 πρέσϐεω·.
3714 1007 3892 1085 ἄπρα-

471 1098 787 1153 contractis
819 1115 849 1153 e
885 1098 1113 1155 Perside
1145 1104 1202 1155 et
1236 1099 1551 1172 Babylonia
1575 1100 1780 1173 copiis,
1816 1100 2030 1156 bellum
2065 1101 2122 1155 in

474 1188 755 1243 Romanos
801 1194 1009 1243 movet.
1050 1190 1104 1244 ld
1139 1207 1271 1245 cum
1307 1192 1506 1246 auditu
1544 1192 1899 1263 percepisset
1930 1191 2125 1246 Mono-

476 1278 745 1343 machus,
777 1295 911 1333 cum
946 1297 1086 1334 suas
1134 1280 1333 1352 copias
1384 1297 1678 1353 apponere
1731 1280 1882 1336 hosti
1918 1280 2127 1335 statuit

472 1372 599 1423 tum
632 1367 785 1425 588
818 1367 1152 1439 quindecim
1201 1368 1387 1425 millia
1420 1371 1859 1425 Patzinacarum
1894 1374 2121 1437 armat;

474 1456 666 1529 iisque
695 1458 872 1513 duces
905 1463 1158 1528 quatuor
1177 1459 1247 1514 de
1278 1459 1603 1516 Patzinacis
1628 1459 1883 1532 Byzantii
1915 1460 2125 1527 degen-

478 1545 639 1600 tibus
698 1547 958 1617 praaﬁcit,
1012 1548 1407 1615 Sultzumum,
1456 1548 1703 1618 Selzten,
1754 1549 2035 1603 Caraman
2070 1553 2127 1603 et

473 1634 879 1703 Cataleimum,
914 1636 1279 1709 donatosque
1323 1638 1478 1693 haud
1510 1637 1824 1711 vulgariter
1854 1642 1912 1693 et
1943 1637 2123 1692 armis

476 1723 884 1795 pulcherrimis
959 1733 1196 1782 ornatos
1284 1726 1665 1799 Chrysopolin
1750 1725 2122 1789 transmittit,

473 1812 672 1868 addito
730 1814 831 1885 qui
877 1830 977 1870 eos
1034 1815 1090 1870 in
1155 1815 1401 1871 lberiam
1455 1817 1694 1872 duceret
1744 1815 2122 1872 Constantino

475 1902 721 1973 patricio
750 1903 1140 1959 Adrobalano.
1187 1905 1329 1960 Mari
1363 1907 1603 1975 trajecto
1635 1905 1956 1960 Patzinacze
1986 1921 2120 1959 cum

472 2007 650 2060 equos
717 1993 1200 2048 conscendissent
1262 2000 1320 2049 et
1383 1994 1495 2050 iter
1555 1993 1615 2049 in
1682 1994 1974 2049 Orientem
2033 1992 2120 2047 in-

472 2080 659 2150 gressi
711 2097 898 2152 usque
947 2083 1017 2136 ad
1068 2082 1400 2137 Melitenam
1450 2083 1873 2155 pervenissent,
1908 2081 2006 2137 ubi
2048 2083 2120 2138 ad

472 2166 790 2241 Damatryn
842 2170 1409 2243 appropinquavere,
1442 2172 1779 2228 subsistunt
1809 2176 1865 2227 et
1896 2171 2121 2227 delibe-

475 2257 762 2312 rationem
826 2259 960 2330 (ipsi
1019 2276 1419 2316 commentum
1490 2261 1719 2330 vocant)
1778 2261 2118 2316 instituunt.

472 2349 650 2400 Erant
681 2346 779 2417 qui
813 2347 1243 2418 procedendum
1290 2354 1564 2421 putarent
1592 2367 1782 2422 neque
1826 2350 2121 2405 mandatis

476 2434 848 2506 imperatoris
873 2435 930 2490 in
958 2437 1145 2507 ipsius
1171 2438 1387 2494 ditione
1414 2440 1883 2511 repugnandum,
1911 2457 2045 2495 cum
2068 2445 2125 2494 et

474 2524 662 2581 avulsi
695 2542 728 2579 a
758 2527 886 2581 suis
923 2535 1144 2593 essent,
1178 2545 1367 2600 neque
1417 2528 1524 2584 soli
1560 2528 1957 2584 Romanorum
1992 2546 2124 2600 pos-

473 2619 606 2669 sent
650 2614 916 2671 resistere
964 2616 1208 2681 viribus,
1257 2634 1444 2688 neque
1494 2617 1778 2673 haberent
1821 2634 2013 2673 arcem
2064 2619 2124 2673 in

473 2720 654 2773 quam
686 2720 768 2771 se,
802 2704 848 2759 si
882 2705 1020 2774 quid
1054 2712 1263 2777 praeter
1300 2707 1637 2763 institutum
1672 2707 1817 2761 forte
1846 2707 2122 2775 eveniret,

475 2792 819 2862 reciperent.
843 2792 988 2848 Aliis
1016 2794 1327 2849 videbatur
1348 2796 1720 2867 occupandos
1742 2812 1873 2851 esse
1896 2794 2126 2867 aliquos

475 2880 762 2953 Bithyniae
808 2889 1039 2938 montes
1088 2884 1143 2938 in
1179 2884 1368 2956 iisque
1418 2886 1798 2952 manendum,
1829 2886 1957 2941 etsi
1991 2885 2125 2956 quis

474 2969 825 3038 adoriretur,
879 2972 1310 3028 defendendum
1342 2990 1355 3028 :
1387 2990 1500 3029 non
1552 2980 1748 3029 autem
1781 2974 2124 3030 intrandum

476 3057 531 3112 in
589 3058 860 3126 lberiam,
914 3061 1211 3133 regionem
1271 3067 1556 3118 remotam
1620 3069 1797 3135 atque
1857 3063 2124 3129 alienam,

473 3153 651 3217 atque
681 3147 780 3203 ubi
813 3165 925 3203 non
961 3150 1156 3206 hostes
1184 3151 1357 3206 modo
1388 3152 1806 3222 Romanorum,
1840 3154 1938 3208 sed
1967 3152 2125 3225 ipsos

472 3235 645 3291 etiam
714 3237 1006 3294 Romanos
1076 3238 1274 3294 hostes
1341 3246 1540 3296 essent
1606 3241 1886 3298 habituri.
1949 3242 2123 3297 Solus

467 3324 788 3382 Catalimus
805 3327 993 3382 suasit
1014 3329 1421 3384 revertendum
1446 3346 1570 3385 esse
1614 3336 1672 3385 et
1688 3347 1752 3386 se
1781 3347 1913 3386 cum
1941 3347 2123 3401 pepu-

471 3413 693 3470 laribus
751 3417 1250 3489 conjungendum.
1302 3417 1371 3473 Et
1426 3419 1682 3490 quodam
1745 3424 2124 3492 percontante

470 3519 727 3574 quanam
762 3507 984 3562 ratione
1032 3522 1190 3562 mare
1239 3507 1476 3563 transiri
1530 3512 1745 3579 posset,
1776 3509 1921 3563 nihil
1964 3508 2122 3564 aliud

471 3592 618 3647 dixit
648 3611 823 3665 quam
850 3594 998 3664 quod
1026 3596 1276 3666 sejussit
1301 3595 1488 3667 sequi.
1515 3597 1663 3669 Ergo
1684 3597 2119 3653 Adrobalanum

470 3680 623 3738 589
647 3681 975 3738 interﬁcere
1000 3685 1217 3740 frustra
1237 3686 1427 3741 conati
1452 3687 1672 3758 (effugit
1692 3686 1847 3741 enim
1867 3687 1921 3741 in
1942 3687 2123 3758 quod-

2234 1118 2357 1152 κτον
2422 1100 2767 1175 ὑποστροφὴν
2826 1102 2903 1174 μή
2954 1101 3155 1178 φέρων,
3187 1101 3282 1163 τὰς
3332 1098 3385 1155 ἐν
3448 1095 3666 1176 Περσίδι
3710 1095 3892 1159 πάσας

2904 1185 3282 1253 Βαϐυλωνίους
3358 1190 3443 1265 ὑφ’
3499 1188 3555 1243 ’ὲν
3633 1186 3895 1262 ἀθροίσας

2236 1272 2494 1346 εἷσϐολὴν
2551 1284 2787 1333 ποιεῖται
2843 1279 2979 1334 κατά
3033 1278 3339 1351 Ῥωμαίων.
3397 1281 3566 1333 Τοῦτο
3634 1274 3692 1331 δὲ
3749 1297 3893 1352 προ-

2236 1368 2490 1436 σκηκοὼς
2548 1369 2577 1422 6
2628 1369 2965 1444 Μονομάχος
3026 1365 3248 1423 ἔσπευδε
3326 1367 3422 1440 μὶν
3481 1365 3571 1421 καὶ
3631 1362 3720 1419 διὰ
3774 1370 3891 1419 τῶν

2236 1455 2449 1510 οἰκείων
2512 1453 2792 1529 δυνάμεων
2852 1457 3264 1532 ἀντιπαράταξιν
3343 1463 3534 1525 στῆσαι
3587 1459 3666 1527 τῷ
3716 1453 3893 1508 πολε-

2238 1544 2372 1616 μίῳ,
2406 1544 2614 1601 ὥπλισε
2645 1544 2701 1600 δὲ
2739 1546 2828 1601 καὶ
2884 1546 2991 1601 ἀπὸ
3048 1552 3152 1601 τῶν
3218 1544 3562 1614 Ιιάτζινάκων
3626 1539 3893 1618 χιλιάδας

2236 1183 2490 1261 δυνάμεις
2561 1189 2651 1244 καὶ
2722 1190 2818 1251 τὰς

2238 1635 2316 1688 ιε’.
2378 1634 2474 1688 Καὶ
2533 1631 2811 1710 ἡγεμόνας
2856 1637 3119 1710 τέσσαρας
3169 1634 3277 1689 ἀπὸ
3331 1639 3441 1690 τῶν
3503 1633 3554 1688 ἐν
3604 1639 3891 1688 Κωνσταν-

2232 1721 2549 1779 τινουπόλει
2584 1727 2930 1794 Ηατζινάκων
2978 1724 3163 1787 αὐτοῖς
3213 1723 3528 1795 ἐπιστήσας,
3560 1723 3653 1779 τὸν
3706 1720 3895 1776 Σουλο

2231 1817 2409 1884 τζοῦν,
2440 1814 2530 1869 τὸν
2591 1813 2778 1883 Σελτὲ,
2807 1816 2896 1869 τὸν
2957 1816 3217 1890 Καραμᾶν
3279 1814 3368 1869 καὶ
3426 1813 3516 1868 τὸν
3576 1811 3892 1883 Καταλεῖμ,

2234 1898 2431 1974 δώροις
2462 1923 2520 1956 τε
2555 1901 3064 1980 φιλοτιμησάμενος
3124 1904 3189 1958 οὐ
3251 1907 3490 1976 μικροῖς,
3519 1902 3611 1957 καὶ
3670 1901 3896 1975 ἅρματα

2233 1987 2501 2045 κάλλιστα
2559 1989 2685 2052 δοὺς
2739 1992 2831 2047 καὶ
2900 1989 3106 2055 ’ίππους
3165 1989 3499 2065 διαπρεπεῖς,
3556 1995 3777 2067 περαιοῖ
3837 1989 3892 2043 ἐν

2233 2077 2634 2153 Χρυσουπόλει,
2671 2080 2795 2142 δοὺς
2847 2081 3035 2143 αὐτοῖς
3085 2078 3287 2156 ὁδηγὸν
3345 2082 3436 2136 τὸν
3493 2080 3688 2151 ἀπάξαι
3743 2078 3891 2153 μέλα

2233 2165 2403 2223 λοντα
2474 2168 2698 2231 τούτους
2803 2169 2878 2232 εἷς
2953 2164 3193 2244 Ἰϐηρίαν
3292 2172 3693 2226 Κωνσταντῖνον
3790 2168 3893 2222 τὸν

2231 2257 2538 2334 πατρίκιον,
2571 2261 2652 2332 [Ρ.
2703 2260 2833 2333 779]
2889 2259 2935 2332 ᾧ
2993 2253 3396 2335 Ἀδροϐάλανος
3449 2258 3513 2314 τὸ
3573 2256 3896 2330 ἐπώνυμον.

2157 2347 2630 2445 ΒΙῐεραιωθέντες
2687 2344 2745 2402 δὶ
2813 2348 2961 2402 οῦτοι
3019 2347 3110 2402 καὶ
3158 2347 3284 2410 τοὺς
3338 2346 3543 2409 ’ίππους
3601 2340 3902 2408 ἀναϐάντες

2235 2435 2324 2490 καὶ
2382 2439 2480 2501 τῆς
2559 2436 2694 2509 πρὸς
2736 2433 3040 2505 Ἀνατολὴν
3131 2436 3399 2512 φερούσης
3477 2435 3746 2510 ἁψάμενοι
3801 2437 3901 2489 καὶ

2235 2524 2595 2600 προελθόντες
2650 2527 2781 2601 ἁχρι
2841 2525 3040 2599 μιλίων
3089 2529 3250 2579 τινῶν
3318 2525 3407 2579 καὶ
3471 2529 3549 2597 τῷ
3607 2521 3901 2600 λεγομένῳ

2237 2615 2517 2689 Δαματρύϊ
2583 2615 3034 2690 προσεγγίσαντες
3095 2613 3327 2690 ἐπέσχον
3385 2614 3483 2682 τὴν
3526 2613 3770 2687 πορείαν,
3803 2614 3900 2668 καὶ

2236 2704 2449 2766 στάντες
2508 2703 2593 2759 ἐπὶ
2652 2708 2751 2770 τῆς
2807 2701 2937 2759 ὁδοῦ
2997 2698 3320 2775 συμϐουλήν
3358 2701 3734 2778 προετίθεσαν,
3769 2700 3899 2770 ἥτις

2234 2793 2360 2867 παρ’
2416 2791 2595 2854 αὐτοῖς
2669 2793 2932 2866 κομέντον
3004 2790 3336 2865 ὠνόμασται.
3398 2793 3516 2847 Τισί
3613 2791 3706 2864 μὶν
3798 2790 3890 2845 οὖν

2236 2878 2409 2936 ἐδόκει
2469 2881 2733 2956 πορευτέα
2790 2880 2923 2936 εἶναι
2990 2881 3079 2934 καὶ
3139 2882 3215 2953 μή
3275 2874 3597 2935 ἀντιϐαίνειν
3657 2878 3745 2934 ἐπὶ
3790 2886 3891 2948 τῆς

2235 2971 2425 3045 χώρας
2482 2975 2579 3026 τοῦ
2641 2969 2913 3046 βασιλέως
2967 2974 3086 3032 τοῖς
3149 2970 3460 3043 βασιλικοῖς
3485 2969 3892 3044 προστάγμασι,

2233 3064 2329 3113 τοῦ
2379 3080 2438 3114 τε
2493 3058 2692 3115 λοιποῦ
2744 3057 2929 3123 ἔθνους
2970 3058 3399 3133 κεχωρισμένοις
3430 3058 3520 3111 καὶ
3574 3058 3715 3129 μήτε
3772 3060 3896 3121 καθ’

2234 3147 2457 3211 ἑαυτοὺς
2566 3149 2860 3217 ὑποστῆναι
2966 3144 3287 3219 δυναμένοις
3381 3146 3481 3215 τὴν
3566 3147 3895 3219 Ῥωμαϊκὴν

2235 3235 2464 3310 δύναμιν
2495 3240 2633 3310 μήτε
2664 3238 3007 3313 ὁρμητήριον
3035 3230 3224 3311 ἔχουσι
3257 3237 3393 3310 πρὸς
3446 3235 3514 3290 τὰ
3561 3241 3661 3304 τῆς
3709 3233 3893 3309 τύχης

2234 3322 2518 3397 ἀϐούλητα
2551 3345 2563 3359 ·
2624 3324 2820 3387 ἄλλοις
2875 3324 3039 3380 πάλιν
3104 3321 3300 3393 ἐδόκει,
3346 3327 3710 3400 κατασχοῦσιν
3780 3319 3887 3398 ὄρη

2232 3415 2354 3471 τινὰ
2396 3423 2496 3486 τῆς
2560 3414 2831 3483 Βιθυνίας,
2865 3413 2917 3469 ἐν
2975 3413 3189 3475 τούτοις
3232 3415 3559 3489 παραμένειν
3616 3414 3699 3467 καὶ
3755 3411 3889 3473 τοὺς

2234 3504 2489 3567 ἐπιόντας
2570 3504 2873 3578 ἀμύνασθαι
2910 3548 2925 3572 ,
2988 3502 3231 3559 ἀνελθεῖν
3312 3499 3371 3558 δὲ
3458 3499 3724 3575 μηδαμῶς
3807 3500 3887 3562 εἷς

2233 3590 2495 3669 Ἰϐηρίαν,
2551 3593 2603 3657 ἐς
2690 3595 2879 3670 χώραν
2941 3592 3148 3669 μακρὰν
3226 3591 3317 3647 καὶ
3375 3589 3706 3660 ἀλλόκοτον,
3766 3584 3890 3644 ἔνθα

2237 3682 2533 3758 μέλλουσιν
2568 3681 2701 3753 ἕξειν
2763 3681 3069 3757 πολεμίους
3130 3680 3192 3735 οὐ
3252 3681 3417 3755 μόνον
3471 3680 3600 3743 τοὺς
3657 3679 3891 3757 ἐχθροὺς

471 3773 606 3825 dam
631 3773 787 3843 apud
822 3772 1133 3846 Damatryn
1156 3749 1504 3846 palatiorum
1530 3749 1810 3831 solarium
1828 3749 2021 3832 tribus
2046 3777 2120 3831 fa-

2237 3749 2539 3848 ἶΡωμαίων,
2597 3749 2742 3828 ἀλλὰ
2814 3749 2924 3828 καὶ.
2987 3770 3182 3833 αὐτοὺς
3256 3770 3388 3825 τοὺς
3441 3771 3772 3842 Ῥωμαίους.
3832 3771 3893 3823 ’0

472 3859 666 3930 stigiis
696 3862 939 3932 tectum)
969 3862 1320 3918 Catalimum
1355 3871 1687 3937 sequuntur
1709 3866 1776 3921 ad
1804 3882 1985 3936 mare,
2010 3884 2125 3922 non

472 3950 710 4021 quidem
745 3955 1050 4023 sperantes
1080 3969 1213 4008 eum
1249 3954 1481 4027 navigia
1510 3954 1725 4010 habere
1760 3956 2126 4027 parata.qui-

477 4040 587 4094 bus
649 4056 807 4095 mare
850 4041 1210 4111 trajicerent,
1260 4042 1361 4098 sed
1415 4042 1754 4100 haesitantes
1811 4061 1878 4099 ac
1931 4045 2128 4101 videre

475 4126 779 4198 cupientes
824 4144 1093 4202 quanam
1144 4135 1300 4186 esset
1350 4133 1545 4188 futura
1592 4133 1923 4205 trajiciendi
1957 4135 2126 4189 ratio.

474 4214 549 4271 Ut
578 4216 647 4269 ad
675 4214 845 4272 littus
865 4223 1104 4273 ventum
1125 4219 1563 4285 est,Catalimus
1583 4221 1691 4278 hoc
1720 4239 1904 4278 unum
1932 4223 2087 4278 fatus
2113 4240 2128 4278 ι

480 4328 508 4356 κ
540 4305 648 4369 Qui
680 4323 742 4361 se
772 4306 968 4376 ipsum
1019 4313 1077 4362 et
1121 4309 1420 4366 universos
1469 4311 1807 4367 Patzinacas
1847 4312 1973 4367 vult
2001 4327 2130 4368 esse

479 4393 1114 4466 salvos,mesequatur,
1139 4421 1165 4446 υ
1190 4415 1338 4469 equo
1360 4399 1687 4455 calcaribus
1713 4401 1954 4456 incitato
1976 4417 2134 4456 mare

479 4489 570 4541 est
604 4484 928 4556 ingressus.
960 4486 1119 4551 Quod
1151 4486 1302 4542 alius
1351 4506 1707 4561 rursumque
1751 4490 1903 4546 alius
1932 4491 2131 4545 imita-

486 4580 602 4640 tus,
635 4579 692 4630 et
723 4576 960 4631 tandem
993 4576 1187 4631 omnis
1217 4577 1656 4634 Patzinacarum
1691 4579 2011 4634 multitudo
2042 4596 2130 4635 se-

484 4669 619 4721 cuta
648 4668 759 4732 est,
794 4665 1035 4735 quidam
1069 4670 1132 4720 ut
1160 4672 1328 4721 erant
1369 4667 1600 4735 armati,
1634 4667 1733 4723 alii
1765 4669 2010 4737 abjectis
2041 4685 2131 4724 ar-

482 4754 615 4810 mis.
648 4757 799 4809 Mare
846 4770 983 4827 ergo
1013 4758 1272 4823 tranant,
1303 4761 1361 4811 et
1394 4756 1473 4830 ad
1506 4757 1783 4812 Sanctum
1825 4757 2134 4814 Tarasium

481 4845 538 4899 in
573 4844 910 4916 oppositum
946 4842 1087 4899 litus
1136 4845 1411 4912 evadunt,
1454 4850 1512 4901 et
1557 4845 1790 4918 magnis
1823 4847 2134 4903 itineribus

480 4935 550 4989 ad
584 4951 722 4990 suos
756 4934 909 5005 apud
944 4934 1300 4989 Triaditzam
1352 4935 1718 5005 perveniunt,
1755 4936 1987 4992 nemine
2031 4936 2134 4991 ob-

481 5027 636 5077 stare
666 5028 765 5077 aut
786 5040 886 5079 eos
914 5021 1220 5094 prohibere
1242 5039 1406 5089 auso,
1430 5039 1561 5078 cum
1588 5024 1823 5080 subitus
1845 5026 2136 5083 adventus

2238 3861 2521 3937 Καταλεέμ
2567 3860 2625 3917 δὶ
2685 3862 2849 3936 μόνος
2905 3860 3131 3936 γνώμην
3177 3856 3355 3915 ἐδίδοο
3417 3860 3753 3933 ὑποστρέψαι
3798 3858 3887 3913 καὶ

2236 3954 2506 4021 ἐνωθῆναι
2591 3956 2710 4013 τοῖς
2797 3948 3123 4026 συγγενέσιν.
3204 3948 3465 4010 Εἰπόντος
3554 3946 3611 4003 δέ
3694 3969 3842 4009 τινος
3877 3966 3890 3978 ·

2240 4068 2267 4094 ‹‹
2302 4041 2400 4097 Καὶ
2447 4046 2567 4103 πῶς
2621 4038 2683 4095 ἂν
2737 4035 2912 4095 ἔσεται
2969 4040 3177 4114 περατή
3235 4040 3270 4108 ἠ
3322 4035 3602 4107 θάλασσα;
3640 4062 3667 4088 ››
3722 4035 3896 4112 μηδὲν

2238 4132 2412 4187 πλέον
2472 4130 2638 4185 εἰπὼν
2710 4125 2931 4193 ἕπεσθαί
3017 4129 3068 4182 οἱ
3146 4124 3381 4183 κελεύει.
3439 4127 3543 4184 Τὸν
3618 4127 3715 4200 μὶν
3802 4126 3898 4181 οὖν

2238 4214 2645 4295 Ἃδροόάλανον
2707 4218 3047 4294 ὁρμήσαντες
3107 4215 3429 4271 ἀποκτεῖοαι
3489 4216 3592 4271 οὐκ
3664 4217 3902 4291 ἳσχυσαν

2242 4309 2449 4386 (φυγὼν
2480 4309 2581 4385 γὰρ
2611 4305 2845 4378 διεσώθη
2878 4300 2930 4361 ἔν
2987 4327 3094 4360 τινι
3151 4305 3447 4382 τριωρόφῳ
3502 4305 3732 4378 ὑπερῴῳ
3787 4310 3906 4359 τῶν

2241 4395 2294 4451 ἐν
2348 4398 2427 4470 τῷ
2487 4395 2769 4472 Δαματρύϊ
2814 4392 3137 4466 παλατίων),
3185 4397 3266 4464 τῷ
3330 4391 3615 4465 Καταλείμ
3660 4389 3718 4447 δὶ
3765 4391 3902 4446 ἐπόο

2245 4507 2397 4560 μενοι
2456 4487 2803 4561 κατήρχοντο
2847 4484 2983 4559 πρὸς
3036 4483 3136 4551 τὴν
3219 4480 3513 4553 θάλασσαν,
3556 4482 3657 4537 οὐκ
3737 4479 3903 4537 ἐλπί-

2246 4581 2426 4645 ζοντες
2480 4576 2628 4650 τάχα
2681 4571 2854 4629 πλοῖα
2912 4568 3056 4647 ἔχειν
3137 4570 3298 4626 αὐτὸν
3371 4569 3776 4645 ηὐτρεπισμένα
3831 4574 3907 4628 τὰ

2244 4661 2432 4741 ῥᾳδίαν
2462 4662 2680 4725 τούτοις
2716 4660 2992 4735 μέλλοντα
3022 4661 3252 4729 ποιῆσαι
3306 4659 3406 4727 τήν
3464 4666 3566 4729 τῆς
3619 4657 3906 4732 θαλάσσης

2243 4752 2560 4829 περαίωσιν,
2592 4749 2739 4807 ἀλλὰ
2781 4748 3166 4825 διαποροῦντες
3222 4748 3311 4803 καὶ
3374 4754 3561 4821 μαθεῖν
3621 4746 3906 4813 ἐθέλοντες

2242 4842 2325 4907 τίς
2355 4844 2383 4898 6
2412 4842 2615 4914 τρόπος
2642 4847 2743 4910 τῆς
2772 4834 3088 4900 διαϐάσεως.
3126 4837 3274 4893 Ἐπεί
3309 4834 3366 4892 δὲ
3417 4837 3468 4892 ἐν
3516 4842 3595 4910 τῷ
3654 4836 3909 4914 αΐγιαλῷ

2244 4930 2513 5007 ἐγένοντο,
2580 4927 2746 5005 μηδὲν
2806 4926 2974 4984 πλέον
3031 4926 3198 4982 εἰπὼν
3255 4926 3284 4981 ὁ
3342 4924 3630 5000 Καταλεὶμ
3683 4925 3812 4982 ἀλλ’
3866 4928 3905 4998 ἢ

2248 5020 2437 5095 μόνον,
2474 5042 2503 5071 ‹‹
2534 5017 2778 5083 Ἐπέσθω
2832 5018 2860 5073 6
2913 5013 3247 5092 βουλόμενος
3304 5014 3466 5070 αὐτόν
3513 5036 3572 5070 τε
3628 5022 3907 5091 περιεῖναι

485 5110 627 5180 ipsis
658 5112 971 5166 transitum
1004 5112 1321 5183 expediret.
1367 5112 1672 5182 Conjuncti
1706 5130 1838 5169 cum
1872 5115 2125 5171 Patzina-

2241 5110 2331 5165 καὶ
2390 5108 2589 5172 πάντας
2628 5106 2755 5169 τοὺς
2787 5104 3141 5175 Πατζινάκας.
3178 5127 3202 5158 ι
3235 5104 3327 5159 τὸν
3382 5101 3555 5159 ’ίππον
3616 5106 3912 5179 μυωπίσας

484 5199 569 5253 cis
602 5201 699 5271 qui
736 5202 887 5274 apud
919 5201 1269 5257 Triaditzam
1304 5204 1578 5274 agebant,
1607 5220 1706 5259 eos
1737 5221 2001 5277 quosque
2032 5206 2134 5277 qui

484 5288 616 5345 aliis
647 5289 703 5345 in
738 5290 1079 5363 regionibus
1098 5292 1481 5346 morabantur
1497 5292 1784 5348 sollieant.
1814 5294 2131 5366 Postquam

484 5378 738 5435 universi
771 5379 827 5434 in
862 5397 1045 5434 unum
1079 5384 1217 5435 sunt
1239 5379 1485 5445 collecti,
1511 5382 1793 5453 correptis
1826 5384 2133 5440 securibus

485 5467 780 5525 ruralibus
814 5468 1180 5540 falcibusque
1208 5474 1264 5525 et
1312 5469 1446 5525 aliis
1495 5471 1863 5529 ferramentis
1894 5473 2132 5531 rusticis

485 5574 547 5613 se
599 5563 851 5625 armant,
901 5558 1449 5631 Philippopolinque
1500 5561 1735 5631 profecti
1786 5566 1840 5616 et
1897 5563 2128 5618 [Emum

484 5648 836 5719 transgressi
868 5649 938 5702 ad
974 5648 1191 5703 ﬂumen
1214 5651 1457 5705 Osmum
1487 5649 1544 5704 in
1578 5651 1802 5722 campis
1826 5652 1970 5707 lstro
1999 5668 2131 5723 pro-

480 5737 721 5809 pinquis
770 5741 966 5795 castra
1011 5741 1239 5808 ponunt
1278 5754 1292 5795 :
1338 5737 1504 5796 solus
1551 5738 1741 5796 Seltes
1787 5739 1849 5799 in
1899 5741 2132 5799 Lobitzo

2246 5197 2465 5254 εἷ’σεισιν
2522 5197 2600 5262 εἰς
2648 5198 2749 5267 τὴν
2806 5194 3100 5260 θάλασσαν.
3156 5195 3333 5251 Τοῦτο
3393 5193 3482 5248 καὶ
3541 5192 3713 5258 ἄλλος
3771 5193 3911 5251 ἰδὼν

2243 5287 2489 5359 ἐποίησε,
2520 5286 2610 5342 καὶ
2641 5285 2725 5341 ἐπ’
2773 5283 2963 5357 ἐκείνῳ
2994 5281 3186 5349 ἄλλος,
3216 5282 3307 5338 καὶ
3360 5282 3515 5345 εὐθὺς
3565 5283 3627 5338 τὸ
3685 5282 3913 5352 πλῆθος

2243 5379 2380 5433 ἅπαν
2416 5396 2429 5409 ·
2510 5375 2601 5432 καὶ
2688 5372 3070 5446 διανηξάμενοι
3143 5375 3495 5445 περαιοῦνται
3596 5374 3734 5427 κατά
3810 5376 3910 5429 τὸν

2240 5470 2436 5541 ’Ἃγιον
2506 5463 2779 5541 Ταράσον,
2836 5463 2888 5517 οἱ
2976 5460 3072 5535 μὶν
3149 5459 3337 5523 αὐτοῖς
3423 5460 3685 5535 ἅρμασιν,
3743 5462 3797 5517 οἱ
3848 5460 3912 5518 δὲ

2241 5554 2504 5631 πρότερον
2577 5553 2645 5609 τὰ
2719 5553 2935 5627 ἅρματα
2999 5548 3415 5626 ἀπορρίψαντες.
3486 5551 3581 5604 Καὶ
3661 5571 3906 5624 περαιω-

2241 5643 2415 5706 θέντες
2508 5643 2599 5699 καὶ
2696 5644 2796 5711 τήν
2900 5638 3121 5717 πορείαν
3215 5637 3571 5702 ἐπιτείναντες
3673 5638 3901 5717 ἴσχυσαν

2243 5733 2580 5807 διασωθῆναι
2609 5733 2746 5812 πρὸς
2769 5729 2897 5796 τοὺς
2926 5729 3160 5794 οἰκείους
3214 5729 3353 5787 κατὰ
3398 5728 3499 5800 τὴν
3552 5727 3900 5807 Τριαδίτζαν,
