4164 6466
301 395 404 452 321
1463 384 2008 448 HISTORIARUM

2123 384 2610 444 3MPENDlUM.
3629 387 3745 446 322

305 521 538 596 μηδενὸς
603 523 929 590 ἀντιστῆναι
993 519 1030 589 ἢ
1089 517 1334 574 κωλῦσαι
1407 514 1795 590 τολμήσαντος
1827 533 1840 547 ”
1917 513 1978 568 τὸ

2123 514 2462 569 abstiterat.
2524 514 2678 570 590
2736 514 2969 570 Inlerim
3029 515 3293 572 Arianila
3356 517 3746 573 Macedonicis

309 615 408 690 γὶ)
465 607 740 688 αιφνίδιον
787 615 890 678 τῆς
919 606 1120 686 ἐφόδου
1152 605 1379 662 εὔκολον
1410 605 1594 667 αὐτοῖς
1629 605 1728 673 τὴν
1762 603 1983 676 πορείαν

2123 604 2448 660 νκθιιοῑιὶουδ
2481 604 2923 666 contractis.eos
2955 623 2987 660 a
3014 611 3172 678 tergo
3207 608 3559 680 insequitur,
3583 625 3747 664 cum-

325 667 336 690 ι
383 677 390 687 ι
537 667 548 688 ι
847 667 888 678 "
958 667 968 686 δ
1688 667 1696 673 -
1839 667 1847 676 1

317 701 629 775 εἶςγάσατο.
696 699 1020 758 Ἐνωθέντες
1078 697 1170 752 οὖν
1228 701 1346 758 τοῖς
1401 694 1451 749 ἐν
1511 691 1810 767 Τριαδίτζῃ
1869 694 1982 764 (39)

2123 711 2209 766 [ue
2242 693 2428 747 Seltes
2459 693 2686 747 Lobitzo
2739 667 3326 766 aut‘ugisset,‘castris
3359 667 3496 768 .ejus
3528 667 3750 768 potitus

321 791 677 858 Ηπζινάκοις
794 784 1282 860 διακηρυκεύονται
1367 784 1456 838 καὶ
1528 783 1663 856 πρὸς
1731 781 1858 844 τοὺς
1929 780 1983 834 ἐν

2123 783 2340 836 lomum
2377 783 2704 836 revertitur.

309 887 420 942 ταῖς
501 877 712 938 ἄλλαις
789 877 1012 951 χώραις
1090 871 1536 948 καθιδρυμένους.
1615 870 1901 943 Γενόμενοι
1969 867 2059 924 οὖν
2139 869 2190 922 οἱ
2265 867 2458 931 πάντες
2531 866 2802 943 ἄθροισμα
2871 867 2968 938 'a'v,'
3008 872 3098 924 καὶ
3153 871 3262 926 ἀνθ’
3321 869 3507 928 ὅπλων
3566 873 3742 944 ἀξίνας

722 965 814 1020 καὶ
888 963 1126 1040 δρέπανα
1199 963 1288 1017 καὶ
1361 960 1506 1018 ἄλλα
1581 959 1805 1034 σιδήρια
1877 953 2249 1031 λαμϐάνοντες
2331 957 2435 1011 ἀπὸ
2502 961 2608 1011 τῶν
2703 959 2884 1032 ἀγρῶν
2977 959 3454 1030 καθοπλίζονται,
3524 964 3613 1017 καὶ
3698 963 3750 1019 ὲν

325 1041 783 1114 ᾢελιέτπτωπὸλει
859 1052 1146 1126 γενόμενοι
1226 1051 1314 1105 καὶ
1386 1051 1478 1105 τὸν
1557 1050 1734 1122 Αἷμον
1797 1041 2078 1110 διαϐάντες
2121 1048 2182 1101 τὸ
2237 1047 2330 1117 μὲν
2391 1045 2603 1115 πλῆθος
2660 1048 2794 1100 ἅπαν
2857 1047 2980 1124 περί
3032 1050 3121 1104 τὸν
3185 1051 3478 1126 λεγόμενον
3538 1053 3747 1124 Ὂσμον

327 1148 564 1219 ποταμὸν
629 1146 1038 1214 κατεσκήνωσεν
1100 1141 1150 1196 ἰν
1209 1144 1277 1214 τῇ
1339 1139 1647 1215 παριστρίῳ
1705 1134 1941 1204 πεδιάδι,
2002 1137 2168 1209 μόνος
2221 1134 2276 1190 δὲ
2326 1137 2352 1190 ὁ
2422 1137 2590 1192 Σελτέ
2648 1138 2699 1193 ἐν
2758 1143 2836 1210 τῷ
2905 1133 3153 1211 Λοϐιτζῷ
3228 1140 3562 1214 προσμείνας
3611 1139 3754 1195 διαν-

333 1235 576 1292 ετιόετο.
653 1235 736 1308 ]P'
801 1235 932 1306 780]
1005 1233 1161 1302 Ἀρτι
1244 1227 1301 1283 δὲ
1360 1228 1451 1282 καὶ
1505 1228 1601 1290 τὰς
1665 1223 2038 1287 Μακεδονικὰς
2100 1225 2359 1300 ἀθροίσας
2427 1223 2683 1300 δυνάμεις
2744 1228 3113 1304 ὁἈριανίτης
3162 1227 3487 1284 καταδιώκει
3535 1227 3750 1284 ὄπισθεν

333 1329 522 1380 αὑτῶν,
559 1322 666 1376 Καὶ
691 1315 1019 1376 καταλαϐὼν
1053 1319 1106 1373 ἦν
1139 1323 1216 1392 τῷ
1247 1312 1496 1389 Λοϐιτζῷ
1525 1317 1616 1370 τὸν
1654 1315 1822 1370 Σελτὶ
1851 1315 2357 1386 κατεσκηνωμένον.
2391 1319 2580 1370 τοῦτον
2617 1317 2710 1390 μὲν
2742 1320 3005 1393 κρατῆσαι
3036 1317 3135 1372 οὐκ
3165 1314 3380 1392 ἴσχυσεν
3408 1315 3624 1396 (ἔφθασε
3653 1320 3755 1394 γὰρ

330 1411 598 1485 διαδρὰς),
633 1411 736 1480 τὴν
770 1407 827 1464 δὲ
875 1415 1047 1464 πᾶσαν
1099 1407 1262 1462 αὐτοῦ
1309 1403 1725 1476 στρατοπεδείαν
1773 1403 2063 1478 κατασχὼν
2117 1403 2425 1476 ἐπέστρεψε.
2467 1403 2666 1460 Καὶτᾶ
2700 1407 2792 1480 μὲν
2825 1413 2924 1476 τῆς
2962 1407 3224 1483 Ἑσπέρας
3261 1411 3452 1462 τοῦτον
3483 1405 3616 1484 ἔσχε
3657 1410 3749 1463 τὸν

449 1471 458 1488 .

311 969 624 1046 γεωργικὰς

322 1525 378 1574 τρ
387 1503 458 1556 όπ
463 1523 523 1556 ον
535 1545 550 1558 .

387 1611 450 1666 Ὁ
513 1607 574 1662 δὶ
635 1603 962 1672 σουλτάνος,
1014 1605 1090 1666 ὡς
1139 1601 1384 1674 εἴπομεν,
1448 1601 1836 1678 βαρυθυμήσας
1902 1597 1994 1653 διὰ

311 1701 414 1766 τὴν
471 1701 587 1752 τῶν
644 1695 808 1749 αὐτοῦ
867 1691 1267 1772 καταφρόνησιν
1322 1685 1600 1765 πρέσϐεων
1628 1688 1719 1744 καὶ
1749 1689 1848 1757 τὴν
1881 1692 1988 1743 τῶν

319 1787 658 1860 θελημάτων
717 1782 1002 1858 ἀστοχίαν,
1066 1781 1198 1856 ἄρας
1253 1781 1387 1853 μετὰ
1444 1779 1621 1849 πάσης
1679 1778 1846 1832 αὐτοῦ
1893 1785 1992 1847 τῆς

319 1875 613 1948 δυνάμεως
665 1871 822 1944 ἔξεισι
876 1871 1013 1925 κατὰ
1059 1877 1160 1938 τῆς
1223 1867 1473 1939 ὑπηκόου
1526 1865 1844 1940 Ῥωμαίοις·
1901 1866 1990 1920 καὶ

316 1965 602 2020 κατελθὼν
667 1959 798 2038 ἄχρι
863 1965 960 2016 τοῦ
1019 1958 1320 2035 λεγομένου
1377 1961 1625 2028 Κωμιοῦ,
1671 1957 1757 2010 καὶ
1820 1953 1988 2028 μηδὲν

2179 1605 2324 1656 Dum
2375 1601 2497 1657 haec
2546 1603 2603 1658 in
2656 1602 2970 1659 Occidente
3019 1609 3324 1677 geruntur,
3359 1606 3632 1662 sultanus
3682 1609 3756 1663 ob

2101 1695 2474 1762 contemptos
2524 1709 2663 1748 suos
2709 1693 2929 1762 legatos
2962 1702 3018 1748 et
3048 1695 3430 1750 consiliorum
3482 1698 3758 1754 adversos

2102 1786 2347 1835 eventus
2399 1782 2654 1838 fremens
2685 1799 2818 1838 cum
2870 1783 3147 1838 omnibus
3180 1785 3301 1839 suis
3339 1785 3524 1857 copiis
3555 1787 3611 1841 in
3645 1793 3758 1842 Ro-

2105 1886 2339 1924 manam
2390 1870 2672 1926 ditionem
2724 1872 2926 1926 intrat.
2960 1873 3103 1928 Cum
3139 1891 3271 1929 vero
3321 1891 3508 1946 usque
3548 1877 3616 1930 ad
3651 1878 3756 1932 Co-

2105 1959 2290 2012 mium
2327 1962 2712 2030 pervenisset,
2745 1961 3006 2033 nihilque
3042 1964 3416 2020 memorabile
3454 1981 3626 2036 agere
3659 1981 3760 2037 po-

329 2057 356 2110 δ
385 2077 438 2110 τι
469 2053 562 2108 καὶ
595 2051 772 2127 λόγου
803 2049 950 2120 ἄξιον
999 2047 1388 2122 διαπράξασθαι
1441 2044 1688 2116 δυνηθεὶς
1740 2041 1990 2120 (ἔφθασαν

2123 2047 2507 2119 ,uisset,quod
2540 2049 2740 2104 incola:
2774 2067 2836 2106 se
2867 2056 2922 2106 et
2953 2068 3044 2106 res
3078 2057 3443 2110 necessarias
3475 2055 3758 2124 castellis,

335 2145 442 2220 γὰρ
473 2143 526 2198 oi.
561 2149 662 2211 τῆς
709 2141 897 2216 χώρας
955 2134 1462 2212 προασφαλίσασθαι
1517 2132 1737 2195 ἑαυτούς
1785 2155 1844 2188 τε
1899 2133 1988 2188 καὶ

337 2233 412 2287 τα
456 2231 637 2292 αὗτοῖς
690 2226 1083 2302 ἀναγκαιότατα
1135 2225 1186 2280 έν
1241 2231 1360 2286 τοῖς
1417 2223 1716 2302 φρουρίοις·
1747 2224 1900 2299 γέμει
1935 2221 1994 2277 δὲ

341 2327 382 2392 ἡ
441 2315 658 2394 Ἰϐηρία
699 2317 967 2396 φρουρίων
1018 2314 1475 2390 ἐρυμνοτάτων),
1545 2311 1876 2388 προσωτέρω
1937 2309 1994 2366 δὲ

341 2405 616 2485 προϐῆναι
673 2409 744 2479 μὴ
803 2405 1078 2483 θαρῥήσας
1135 2409 1213 2476 τῷ
1267 2403 1526 2458 πυθέσθαι
1558 2401 1652 2466 τὰς
1688 2401 1996 2474 Ῥωμαϊκὰς

337 2501 392 2554 ἐν
451 2497 740 2570 Καισαρείᾳ
793 2493 1052 2568 δυνάμεις
1110 2491 1487 2567 ἀθροίζεσθαι,
1553 2488 1852 2565 ὑπέστρεψε
1915 2493 1994 2560 τῷ

331 2591 498 2662 θυμῷ
556 2584 908 2661 φλεγμαίνων
984 2583 1075 2636 καὶ
1136 2582 1270 2658 μέγα
1328 2602 1379 2634 τι
1442 2580 1616 2649 ζητῶν
1673 2580 1995 2654 κατεργάζε-

335 2689 480 2738 σθαι.
567 2672 860 2746 Γενόμενος
936 2669 994 2726 δὲ
1078 2671 1212 2725 κατὰ
1290 2670 1353 2724 τὸ
1439 2669 1822 2744 Βαασπρακᾶν,
1906 2666 1996 2721 καὶ

335 2761 744 2838 παραπλησίως
797 2760 954 2815 κάκεῖ
1007 2760 1073 2813 τὰ
1127 2758 1294 2812 πάντα
1351 2758 1586 2831 τιι·χήρη
1648 2755 1838 2830 εὑρὼν,
1900 2753 1966 2809 ἐπ

327 2849 496 2907 ἐϐαλε
549 2855 670 2911 ταῖς
731 2848 1105 2924 πολιορκίαις,
1157 2846 1246 2901 καὶ
1305 2845 1703 2921 ἆπεπειράσατο
1735 2844 1996 2920 πρότερον

329 2945 428 2995 τοῦ
487 2939 797 3013 λεγομένου
847 2937 1262 3007 Μαντζικίερτε·
1321 2933 1484 2997 πόλις
1551 2931 1608 2988 δὲ
1653 2935 1715 2988 τὸ
1765 2937 2000 3001 Μαντζι-

337 3031 518 3106 κῖερτε
579 3028 634 3082 ἐν
693 3031 768 3102 γῇ
826 3024 1013 3099 ὁμαλῇ
1070 3026 1161 3098 μὲν
1223 3025 1474 3098 κειμένη,
1523 3023 1728 3098 τείχεσι
1760 3021 1816 3077 δὲ
1859 3023 2002 3098 τρισὶ

341 3117 756 3196 στεφανουμένη
815 3114 901 3170 καί
959 3113 1114 3169 ὕδασι
1175 3111 1410 3176 πολλοῖς
1465 3110 1615 3167 ἔνδον
1674 3111 2008 3188 κατάρῥυτος

341 3207 712 3282 πηγιμαίοις’
783 3203 906 3258 τότε
943 3201 1012 3257 ’δὶ
1067 3203 1156 3257 καὶ
1213 3198 1401 3278 ἔτυχεν
1466 3203 1709 3280 ἀφθόνως
1769 3199 2010 3272 εἰσκομί-

351 3318 486 3350 σασα
563 3294 632 3349 τὰ
705 3293 990 3368 ἀναγκαῖα.
1068 3290 1284 3362 Ταύτην
1360 3291 1568 3361 οἰηθεὶς
1625 3291 1652 3344 ὁ
1719 3287 2012 3351 σουλτάνος

2101 2137 2298 2208 qualia
2333 2154 2434 2209 per
2471 2139 2716 2193 lberiam
2750 2143 2806 2193 et
2837 2139 3094 2211 plurima
3143 2154 3282 2196 sunt
3324 2147 3380 2197 et
3431 2143 3761 2200 munitissi-

2103 2233 2456 2292 mn,mature
2490 2227 2877 2296 incluserant,
2913 2229 3160 2286 uiterius
3197 2233 3459 2302 progredi
3513 2250 3626 2288 non
3658 2250 3764 2288 au-

2105 2315 2375 2384 sus,quia
2409 2315 2703 2370 Romanas
2735 2317 2932 2388 copias
2966 2319 3242 2374 audiebat
3289 2321 3560 2376 Caesarem
3598 2322 3762 2378 colli-

2106 2403 2365 2474 gi,rediit
2396 2403 2482 2458 ira
2516 2404 2770 2476 ﬂagrans
2823 2423 3224 2478 magnumque
3262 2408 3499 2481 aliquod
3531 2411 3762 2467 facinus

2106 2494 2274 2547 edere
2307 2493 2573 2564 cupiens.
2611 2495 2924 2566 Postquam
2959 2496 3016 2549 in
3069 2497 3558 2570 Baaspracaniam
3607 2501 3766 2556 venit

2108 2585 2283 2652 atque
2316 2581 2396 2634 ibi
2447 2581 2626 2636 etiam
2679 2583 2878 2638 omnia
2929 2585 3115 2640 muris
3148 2587 3377 2641 defendi
3437 2587 3600 2658 vidit,
3635 2589 3766 2644 ani-

2111 2686 2268 2724 mum
2305 2671 2372 2724 ad
2410 2672 2874 2742 oppugnationes
2903 2673 3163 2744 appellit,
3183 2691 3249 2729 ac
3281 2675 3471 2747 primo
3500 2679 3765 2734 omnium

2111 2759 2512 2816 Mantzikierte
2563 2763 2921 2833 aggreditur.
2957 2761 3105 2819 Urbs
3137 2769 3227 2819 est
3275 2766 3675 2822 Mantzikierte
3707 2769 3766 2824 in

2113 2847 2354 2919 planitie
2380 2848 2587 2920 posita,
2607 2850 2820 2921 triplici
2859 2867 3025 2906 muro
3057 2852 3420 2909 circumdata
3448 2855 3769 2926 multisque

2113 2937 2273 2990 intus
2309 2936 2564 2992 fontibus
2594 2937 2813 3010 irrigua
2847 2957 2858 2994 :
2897 2945 3020 2994 tum
3067 2958 3300 3013 quoque
3333 2959 3528 2998 rerum
3562 2963 3764 3001 neces-

2115 3025 2404 3080 sariarum
2459 3027 2796 3082 invexerant
2843 3029 3120 3100 oppidani
3171 3031 3420 3102 copiam.
3455 3033 3617 3089 Hanc
3669 3052 3766 3090 ur-

2117 3114 2246 3168 bem
2281 3115 2521 3186 se,quod
2557 3115 2720 3171 locus
2751 3133 2876 3172 eam
2909 3119 3116 3173 adortu
3149 3119 3378 3176 facilem
3412 3121 3770 3189 faceret,non

2123 3219 2334 3275 magno
2365 3211 2835 3276 expugnaturum
2871 3214 3034 3262 ratus
3065 3209 3294 3280 negotio
3325 3211 3619 3278 sultanus,
3651 3215 3774 3268 val-

2123 3291 2176 3346 lo
2211 3292 2472 3362 proxime
2503 3294 2690 3348 deﬁxo
2721 3297 2914 3350 on‘inis
2944 3299 3174 3368 generis
3225 3300 3518 3356 machinis
3569 3307 3774 3373 tentat,

355 3383 558 3460 ῥαδίως
585 3379 1020 3456 ἐκπολιορκῆσαι
1077 3384 1158 3453 τῷ
1187 3379 1238 3434 ἐν
1300 3375 1735 3452 εὐεπιϐουλεότῳ
1767 3377 2008 3456 ἰδρόσθαι

2127 3397 2192 3434 ac
2221 3383 2366 3438 591
2399 3399 2499 3452 per
2529 3384 2772 3454 triginta
2804 3385 2924 3440 dies
2956 3387 3178 3458 absque
3197 3388 3314 3442 ulla
3345 3389 3782 3446 intermissione

351 3473 532 3545 τόπῳ,
591 3473 814 3548 χάρακα
873 3469 1182 3542 πηξάμενος
1238 3464 1460 3544 ἔγγιστα
1524 3467 1791 3544 ἐπεχείρει
1854 3467 2014 3523 πολι-

349 3567 556 3636 ορκεῖν,
615 3561 704 3614 καὶ
765 3557 1030 3632 διέμεινεν
1089 3557 1176 3612 ἐπὶ
1219 3560 1510 3634 τριάκοντα
1568 3556 1783 3631 ἠμέρπς
1814 3557 2013 3629 ταύτην

355 3648 656 3712 ἆνινδότως
713 3647 1056 3722 πολιορκῶν,
1089 3646 1367 3710 ποικίλαις
1403 3644 1689 3702 ἐλεπόλεσι
1726 3647 2019 3722 χρώμενος

359 3740 454 3793 καὶ
513 3740 790 3799 παντοίοις
849 3733 1012 3791 εἶ’δσι
1077 3737 1494 3812 μηχανημάτων
1529 3779 1542 3792 .
1598 3735 1902 3808 Εὐρώστως
1962 3732 2018 3789 δὲ

349 3833 464 3883 τῶν
522 3825 666 3882 ἔνδον
725 3825 1188 3902 ἀποκρουομένων
1246 3827 1342 3888 τὰς
1399 3821 1720 3900 προσϐολὰς
1765 3823 2021 3899 ἐμπειρίᾳ

346 3917 445 3972 καὶ
499 3917 707 3970 συνέσει
763 3920 857 3970 τοῦ
917 3919 1226 3990 στρατηγοῦ
1286 3914 1368 3988 (ἧν
1399 3912 1456 3969 δέ
1509 3913 1792 3976 Βασίλειος
1826 3914 2017 3986 πατρί-

355 4026 482 4066 κιος
537 4007 566 4058 δ
615 4005 718 4058 ἀπὸ
775 4006 1020 4075 Κάπης),
1075 4003 1295 4080 ἐπείπερ
1355 3998 1494 4078 ἔγνω
1552 3991 1852 4064 ἀδυνάτοις
1897 4001 2018 4057 ἐπι-

363 4099 622 4172 χειρῶν,
691 4091 1040 4152 ἐϐουλεύσατο
1102 4095 1260 4151 λῦσαι
1339 4096 1438 4163 τήν
1521 4094 1846 4169 πολιορκίαν
1928 4093 2019 4148 καὶ

361 4186 720 4262 ὑποστρέψαι.
769 4187 1028 4260 Ἀνέκοψε
1088 4183 1145 4241 δὲ
1201 4193 1302 4255 τῆς
1360 4187 1539 4261 ὁρμῆς
1595 4185 1755 4240 αὐτὸν
1819 4185 2016 4242 Ἀλκὰν

355 4279 388 4331 ὀ
453 4279 562 4330 τῶν
621 4276 966 4352 Χωρασμίων
1023 4273 1290 4351 ἡγεμὼν,
1353 4273 1710 4347 αἶ’τησάμενος
1765 4274 1890 4348 μίαν
1941 4269 2018 4328 ἔτι

351 4371 688 4438 προσμεῖναι
745 4367 956 4440 ἡμέραν
989 4364 1080 4419 καὶ
1120 4363 1266 4436 αὖτῷ
1320 4363 1601 4437 ἐπιτρέψαι
1631 4365 1721 4418 τὸν
1756 4363 1894 4418 κατὰ
1922 4365 2020 4433 τῆς

343 4454 578 4516 πόλεως
625 4455 890 4528 πόλεμον.
953 4453 1163 4517 Ἡσθεὶς
1193 4453 1250 4507 δὶ
1279 4453 1358 4524 τῷ
1385 4453 1646 4526 αἰτήματι
1691 4451 1890 4528 ἐπέσχε
1915 4454 2014 4522 τήν

343 4545 652 4618 ἀναζυγήν.
725 4544 927 4599 Ἕιωθεν
1008 4542 1100 4596 οὖν
1178 4542 1206 4596 ὁ
1266 4541 1465 4598 Ἀλκᾶν
1515 4542 1606 4596 τὸν
1677 4541 1812 4619 ἀμφ’
1861 4541 2020 4596 αὐτὸν

351 4633 616 4706 ἀθροίσας
669 4633 876 4686 ἅπαντα
923 4629 1093 4701 λαὸν,
1146 4630 1235 4684 καὶ
1279 4631 1496 4706 θεωρὼν
1557 4629 1643 4685 ἐπί
1673 4651 1821 4692 τινος
1881 4653 2014 4704 γεω-

353 4721 532 4798 λόςσου
593 4721 734 4776 κατὰ
782 4721 881 4788 τὴν
939 4720 1078 4792 ἑῴαν
1128 4722 1328 4790 στήσας
1362 4718 1542 4790 πύλην
1597 4721 1688 4774 τὸν
1722 4719 2016 4775 σουλτάνον

2129 3477 2450 3542 oppugnat.
2502 3471 2748 3528 Praeerat
2801 3479 2856 3529 et
2907 3475 3034 3530 urbi
3100 3475 3350 3533 Basilius
3409 3480 3691 3551 patricius
3752 3499 3786 3536 a

2127 3563 2298 3630 Capa,
2350 3559 2525 3615 homo
2575 3563 2834 3633 prudens
2885 3581 2950 3618 ac
3005 3567 3248 3635 peritus.
3297 3568 3437 3637 Ejus
3494 3569 3788 3625 industria

2129 3649 2347 3703 factum
2386 3655 2444 3704 ut
2477 3650 2574 3721 qui
2610 3651 2667 3705 in
2705 3653 2845 3708 urbe
2876 3659 3062 3722 erant,
3096 3663 3510 3728 oppugnantes
3561 3659 3787 3714 fortiter

2129 3737 2493 3810 repellerent.
2515 3740 2644 3794 Jam
2679 3742 2750 3796 de
2782 3760 2837 3798 re
2871 3759 3048 3814 quam
3083 3745 3304 3800 frustra
3334 3747 3446 3801 sibi
3478 3748 3786 3804 videbatur

2128 3835 2372 3884 conatus
2403 3830 2728 3886 omittenda
2761 3839 2818 3886 et
2858 3833 3164 3888 obsidione
3194 3835 3472 3891 solvenda
3521 3839 3784 3910 cogitan-

2131 3922 2244 3972 tem
2280 3918 2582 3974 sultanum
2637 3921 2814 3976 Alcan
2850 3921 3328 3978 Chorasmiorum
3356 3926 3471 3980 dux
3503 3935 3685 3997 rogat,
3721 3933 3788 3981 ut

2131 4007 2324 4061 adhuc
2349 4025 2532 4062 unum
2584 4009 2737 4064 diem
2773 4019 3100 4082 perseveret
3132 4012 3363 4082 sibique
3395 4016 3790 4085 Oppugnatio-

2131 4112 2264 4150 nem
2285 4097 2542 4151 mandet.
2578 4097 2737 4160 Quod
2771 4098 3124 4170 perlibenter
3163 4102 3457 4156 concessit
3495 4101 3787 4160 sultanus.

2131 4184 2320 4238 Prima
2354 4183 2505 4252 luce,
2541 4185 2716 4240 Alcan
2743 4187 3020 4242 omnibus
3045 4188 3170 4244 suis
3205 4189 3462 4246 collectis
3486 4190 3787 4267 sultanum

2128 4279 2184 4327 et
2205 4273 2640 4330 illustrissimos
2662 4280 2980 4330 Turcarum
3007 4278 3068 4332 in
3093 4278 3319 4334 tumulo
3343 4281 3596 4351 quodam
3619 4283 3791 4353 juxta

2129 4367 2354 4434 portam
2395 4363 2736 4419 orientalem
2776 4368 3076 4437 spectandi
3116 4385 3295 4425 causa
3316 4369 3581 4440 collocat,
3615 4377 3793 4443 atque

2127 4450 2251 4522 ipse
2275 4452 2343 4504 ad
2371 4468 2496 4506 eam
2523 4459 2748 4523 portam
2768 4472 2900 4510 cum
2945 4457 3232 4513 machinis
3256 4459 3434 4514 subit.
3469 4459 3794 4516 Videbatur

2127 4540 2280 4595 enim
2320 4558 2384 4596 eo
2417 4540 2542 4596 loco
2577 4559 2782 4599 murus
2817 4543 2978 4600 urbis
3031 4545 3311 4602 humilior
3361 4564 3426 4604 ac
3479 4549 3791 4620 inﬁrmior,

2125 4628 2402 4700 locusque
2419 4631 2725 4702 oppositus
2739 4633 3040 4706 aliquanto
3053 4637 3264 4691 editior
3285 4639 3788 4711 oppugnationem

2132 4719 2426 4789 adjuvare,
2480 4721 2618 4791 quia
2667 4722 2821 4776 intra
2873 4741 3074 4779 muros
3123 4726 3222 4795 qui
3275 4733 3491 4794 essent,
3541 4729 3792 4799 desuper

441 4780 450 4798 ι
839 4780 849 4788 -
985 4780 995 4792 .
1215 4780 1224 4790 .
1498 4780 1507 4790 .

357 4809 516 4864 αὐτὸν
579 4810 670 4864 καὶ
731 4809 856 4870 τοὺς
913 4809 1164 4863 δσοιτῶν
1192 4807 1446 4884 Τούρκων
1487 4809 1622 4878 ἦσαν
1681 4807 2008 4882 ἐπισημότα-

2133 4780 2268 4862 telis
2317 4780 2519 4879 impeti
2569 4810 2640 4864 ab
2691 4780 3174 4883 oppugnantibus
3229 4780 3491 4884 possent:

355 4921 463 4970 τοι,
521 4899 622 4960 τας
655 4897 940 4960 ἑλεπόλεις
994 4891 1178 4952 λαϐὼν
1233 4893 1442 4951 ἄπεισιν
1475 4897 1553 4959 εἷς
1584 4898 1682 4966 τὴν
1724 4897 2022 4974 εἰρημένην

353 4985 589 5058 τύλην·
671 4985 842 5041 ἐκεῖσε
913 4987 1014 5063 γὰρ
1079 4984 1252 5040 ἐδόκει
1313 4989 1380 5041 τὰ
1433 4987 1595 5062 τείχη
1650 4993 1750 5056 τῆς
1807 4985 2026 5049 πόλεως

349 5075 722 5150 taxatio-rapat
764 5097 823 5130 τε
874 5077 964 5130 καὶ
1025 5075 1392 5148 ἀσθενέστερα,
1452 5077 1538 5130 καὶ
1603 5076 1631 5130 ὁ
1683 5076 1850 5140 τόπος
1900 5075 2024 5130 ἀνά-

355 5189 550 5238 στημα
607 5162 753 5240 ἔχων
813 5164 901 5220 καὶ
932 5167 1002 5238 τῇ
1033 5163 1328 5238 πολιορκίᾳ
1381 5160 1770 5240 προσϐοηθῶν,
1823 5162 2024 5220 ἄνωθεν

356 5255 546 5319 διδοὺς
609 5253 912 5333 βάλλεσθαι
971 5253 1100 5316 τοὺς
1157 5251 1286 5310 εἷ’σω
1342 5259 1440 5308 τοῦ
1498 5254 1720 5330 τείχους
1777 5256 1880 5310 ὑπὸ
1917 5259 2026 5311 τῶν

353 5343 480 5416 ἔξω.
545 5344 752 5401 Διελὼν
815 5344 910 5398 οὗν
975 5340 1110 5417 διχῆ
1160 5343 1258 5410 τήν
1319 5339 1570 5416 δύναμιν,
1613 5343 1706 5398 καὶ
1765 5344 1864 5412 τὴν
1932 5345 2024 5417 μὲν

357 5438 560 5506 στήσας
642 5433 730 5491 ἐπὶ
801 5437 902 5489 τοῦ
984 5431 1366 5504 ἀταστήματος
1452 5432 1702 5506 ἰπιμόνῳ
1787 5435 2028 5509 ’χρῆσθαι

2136 4897 2286 4952 duas
2317 4903 2512 4968 partes
2544 4901 2864 4955 exercitum
2899 4919 3073 4956 suum
3125 4903 3352 4965 dividit,
3388 4921 3638 4972 quarum
3675 4923 3792 4962 una

2137 4987 2381 5042 editiore
2411 4985 2512 5042 illo
2547 4989 2670 5043 loco
2701 4993 2883 5045 staret
2915 4993 3402 5064 continentcrque
3430 4995 3650 5066 sagitas
3681 4997 3794 5066 eja-

2137 5075 2471 5132 cularetur:
2508 5076 2752 5133 alteram
2803 5079 3120 5150 ligonibus,
3154 5081 3492 5138 bidentibus
3541 5083 3794 5155 aliisque

2139 5165 2378 5220 rusticis
2431 5166 2844 5224 instrumentis
2889 5175 3174 5224 armatam
3207 5170 3360 5226 lesas
3408 5172 3796 5241 (tabernaculi

2138 5269 2325 5326 genus
2349 5259 2438 5309 est
2459 5253 2601 5323 less,
2636 5274 2704 5310 ex
2729 5257 3045 5314 viminibus
3067 5263 3408 5316 contextum
3452 5278 3519 5317 ac
3542 5279 3799 5333 superne

2139 5343 2294 5400 corio
2329 5343 2552 5399 bubulo
2587 5345 2919 5414 inductum,
2956 5347 3112 5418 quod
3147 5365 3179 5403 a
3209 5350 3503 5408 columnis
3545 5352 3798 5408 sustine-

2140 5440 2257 5504 tur,
2292 5452 2542 5508 quarum
2581 5436 2822 5493 basibus
2869 5443 3006 5494 rota
3059 5445 3199 5496 sunt
3249 5441 3549 5515 subjectae)
3581 5443 3802 5517 subire,

1565 5615 1944 5672 XYLANDRI
1986 5615 2074 5671 ET
2113 5615 2336 5672 GOARI
2373 5615 2604 5674 NOTAE.

415 5727 526 5796 (39)
553 5724 714 5783 Olim
753 5713 1082 5774 Sardicen.
1119 5709 1292 5766 Gesn.
