4164 6390
479 405 598 466 323

1832 405 2150 466 GEORGII
2194 404 2534 464 CEDRENI

3773 405 3896 463 324

476 554 694 610 easque
717 537 1001 610 paulatim
1025 537 1346 611 impellere,
1381 554 1668 610 muroque
1695 538 1804 593 sub
1827 537 1900 593 iis
1931 552 2112 593 suece'

2239 533 2447 590 κελεύει
2504 537 2572 608 τῇ
2632 533 2830 606 τοξείᾳ,
2889 533 3051 596 αὐτὸς
3101 531 3158 588 δὲ
3214 534 3415 604 σκηνὰς
3447 532 3507 589 ἐκ
3536 531 3718 610 λόγων
3753 529 3902 611 ἔχων

477 628 614 681 dere
645 631 702 681 et
731 631 891 682 tutos
921 626 1033 682 isto
1065 628 1321 699 tegmine
1371 628 1755 682 fundamenta
1784 627 1937 684 592
1973 625 2133 681 omni

477 716 527 768 vi
591 716 877 771 subruere
925 716 1120 786 jubet,
1155 717 1334 771 animi
1393 721 1587 771 certus
1648 716 1721 771 ob
1781 715 2132 788 sagittarum

476 805 747 860 nimbum
798 805 1094 861 neminem
1144 823 1429 861 ausurum
1464 806 1534 860 de
1581 823 1746 860 muro
1780 805 2132 877 prospicere,

477 899 654 964 atque
685 893 766 950 ita
796 911 857 950 se
891 895 1092 949 urbem
1128 900 1602 967 expugnaturum
1647 895 1970 950 somnians.
2005 895 2135 948 Ηεεο

478 985 549 1037 de
611 1000 778 1038 muro
823 1000 1070 1040 cernens
1121 984 1373 1040 Basilius
1423 985 1494 1039 iis
1545 985 1764 1056 quibus
1828 999 2134 1039 murorum

477 1072 982 1128 defendendorum
1017 1091 1236 1128 munus
1271 1075 1670 1139 incumbebat,
1705 1074 1950 1129 mandat
1979 1078 2043 1128 ut
2073 1089 2135 1128 se

477 1163 834 1229 contineant,
872 1179 1056 1233 neque
1115 1163 1428 1233 quisquam
1491 1179 1547 1215 se
1602 1168 1852 1226 cxserat,
1912 1161 2011 1216 sed
2074 1160 2133 1214 in

476 1255 750 1324 promptu
806 1252 1056 1306 habeant
1104 1252 1350 1323 grandia
1410 1269 1572 1322 saxa,
1606 1252 1849 1321 sagittas
1902 1250 2134 1322 aliaque

479 1340 812 1410 missilia,et
834 1345 1171 1412 exspectent
1193 1342 1451 1412 signum,
1477 1357 1592 1410 quo
1616 1341 1753 1395 dato
1777 1342 2133 1410 (eratantem

473 1434 702 1486 tessera
736 1447 749 1486 :
786 1429 1020 1496 Christe,
1042 1431 1202 1502 juva)
1255 1447 1374 1485 rem
1425 1435 1646 1499 gerant.
1681 1430 1749 1484 Et
1779 1430 2031 1485 habebat
2060 1429 2131 1484 ad

475 1536 595 1574 rem
632 1520 783 1574 hane
815 1523 1052 1590 paratas
1088 1519 1284 1574 trabes
1334 1520 1618 1574 maximas
1651 1520 1874 1574 inferne
1907 1524 2129 1574 auctas.

474 1608 713 1662 Interim
738 1608 1080 1672 Alcan,cum
1103 1607 1271 1662 Turci
1295 1607 1603 1680 grandinis
1636 1608 1691 1661 in
1717 1624 1936 1662 morem
1961 1607 2134 1661 emis-

473 1697 556 1751 sis
615 1697 846 1767 sagittis
908 1703 1374 1769 propugnatores
1428 1696 1771 1752 viderentur
1841 1695 2129 1767 abegisse,

471 1786 755 1857 paulatim
793 1786 943 1840 lesas
977 1803 1143 1841 muro
1177 1788 1467 1842 admovet.
1501 1786 1637 1842 Cum
1665 1803 1795 1842 cum
1823 1784 1904 1839 ita
1935 1802 2129 1841 acces-

2244 623 2645 698 πεπλεγμένας,
2707 625 2913 700 βοείαις
2995 623 3219 700 βύρσαις
3295 621 3499 678 ἄνωθεν
3561 623 3901 698 ἐσκεπασμέ-

2243 735 2336 776 νας
2397 715 2488 768 καὶ
2547 713 2784 790 τροχοὺς
2830 713 3062 788 ἐχούσας
3119 713 3220 768 ὑπὸ
3250 714 3344 775 τὰς
3375 718 3480 768 τῶν
3529 715 3905 788 βασταζόντων

2243 803 2441 858 κιόνων
2493 803 2676 879 βάσεις
2727 803 2946 874 (λὲσσας
3003 804 3098 865 τὰς
3155 802 3409 865 τοιαύτας
3466 807 3904 876 κατονομάζουσι

2246 897 2331 964 [Ρ.
2362 896 2489 968 781]
2539 894 2837 969 μηχανὰς),
2903 893 3038 948 λαοῦ
3101 891 3315 963 πλήσας
3347 891 3607 955 δικέλλας
3641 893 3907 972 φέροντος

2243 983 2332 1037 καὶ
2405 983 2671 1045 σκαπάνας
2747 983 2832 1038 καὶ
2897 981 3042 1038 ἄλλα
3114 983 3384 1058 γεωργικᾶ
3460 978 3686 1058 ὄργανα,
3760 983 3906 1058 ᾤετο

2243 1071 2380 1124 κατὰ
2435 1071 2628 1144 μικρὸν
2687 1071 2920 1134 ὑπωθεῖν
2975 1073 3067 1132 τὰς
3125 1072 3327 1142 σκηνάς
3387 1072 3475 1127 καὶ
3524 1077 3640 1136 τοῖς
3695 1073 3908 1150 τείχεσι

2244 1161 2624 1235 προσαρμόσαι
2674 1159 2767 1214 καί
2797 1160 2970 1224 οὕτως
3003 1159 3317 1236 ὑπορύττειν
3351 1160 3556 1224 ἀνέτως
3605 1162 3695 1217 καὶ
3727 1160 3909 1226 ἀδεῶς

2241 1249 2309 1303 τὰ
2375 1248 2638 1321 θεμέλια,
2711 1249 2998 1312 πιστεύσας
3071 1251 3147 1312 ὡς
3218 1247 3396 1315 οὐδεὶς
3461 1252 3737 1325 προκύψαι
3805 1258 3909 1308 τοῦ

2240 1339 2459 1414 τείχους
2531 1341 3018 1415 συγχωρηθήσεται
3109 1339 3212 1393 ὑπὸ
3279 1343 3377 1394 τοῦ
3458 1337 3711 1411 πλήθους
3791 1347 3908 1397 τῶν

2248 1429 2424 1502 βελῶν
2459 1448 2469 1458 ·
2523 1427 2613 1482 καὶ
2681 1433 2872 1483 τοῦτον
2940 1427 3262 1504 ἐφαντάζετο
3310 1429 3401 1482 τὸν
3460 1429 3664 1504 τρόπον
3720 1451 3906 1506 παρα-

2245 1511 2510 1587 λήψεσθαι
2567 1516 2665 1584 τὴν
2740 1514 2926 1571 πόλιν.
3006 1517 3189 1571 Ταῦτα
3245 1512 3303 1569 δὲ
3362 1515 3577 1590 βλέπων
3638 1518 3743 1573 ἀπὸ
3802 1523 3907 1574 τοῦ

2239 1602 2458 1677 τείχους
2519 1604 2546 1658 6
2601 1605 2918 1672 Ἀποκάπης
2943 1609 3060 1665 τοῖς
3097 1604 3190 1676 μὲν
3216 1603 3710 1682 τειχοφυλακοῦσιν
3740 1607 3904 1682 ἀτρε-

2245 1698 2363 1765 μεῖν
2411 1692 2499 1746 καὶ
2561 1690 2768 1766 μηδένα
2824 1693 3155 1769 προκύπτειν
3216 1691 3576 1762 διτκελεύετο,
3616 1695 3778 1768 μόνον
3845 1695 3908 1752 δῖε

2241 1778 2426 1844 λίθους
2481 1781 2875 1857 χειροπληθεῖς
2927 1779 3073 1856 ἔχειν
3136 1781 3604 1857 ηὐτρεπισμένους
3651 1785 3741 1839 καὶ
3770 1786 3911 1856 τόξα

472 1874 692 1930 sissent
723 1880 788 1930 ut
811 1875 937 1944 jam
973 1879 1127 1930 retro
1159 1875 1316 1930 abire
1351 1875 1512 1930 nullo
1544 1876 1719 1930 modo
1770 1892 1941 1947 posse
1971 1875 2112 1928 vide-

2240 1870 2330 1925 καὶ
2388 1867 2534 1924 ἄλλα
2591 1866 2834 1942 ἑκηϐόλα
2889 1867 3127 1946 ὄργανα,
3188 1872 3277 1925 καὶ
3337 1872 3662 1945 προσμένειν
3726 1875 3785 1929 τὸ
3855 1876 3908 1948 ἐξ

2283 1959 2598 1975 ...,-
2810 1961 2856 1975 ,ν
2961 1958 3718 1975 ωςνηημ.
3877 1964 3906 1975 ..

472 1969 696 2032 rentur,
732 1964 928 2019 subito
960 1964 1094 2019 dato
1118 1982 1151 2018 a
1192 1963 1404 2019 Basilio
1441 1965 1609 2035 signo
1641 1964 1677 2018 ii
1711 1965 1923 2033 quibus
1950 1981 2128 2036 nego-

472 2053 618 2107 tium
653 2059 777 2108 erat
828 2053 1214 2108 commissum
1267 2055 1462 2108 trabes
1513 2053 1651 2108 lesis
1703 2054 1994 2123 injiciunt,
2029 2054 2125 2108 alii

470 2141 796 2197 missilibus
828 2147 884 2196 et
913 2141 1211 2212 lapidibus
1245 2142 1557 2212 impetunt.
1599 2143 1798 2214 Itaque
1848 2143 1968 2197 lesa
2013 2159 2144 2214 qua_

472 2231 602 2301 ipse
651 2231 827 2285 Alcan
878 2231 1202 2302 tegebatur,
1239 2231 1493 2301 pondere
1547 2230 1935 2301 impactorum
1982 2232 2128 2286 sub-

469 2335 636 2374 versa
685 2324 869 2374 tectos
923 2319 1210 2386 nudavit;
1267 2319 1366 2390 qui
1419 2320 1678 2390 undique
1727 2319 2022 2390 lapidibus
2072 2327 2127 2375 et

467 2407 703 2479 sagittis
753 2407 1028 2478 impetiti,
1072 2423 1204 2463 cum
1259 2423 1428 2478 opem
1483 2408 1630 2463 ferre
1687 2424 1856 2462 nemo
1907 2416 2122 2480 posset,

467 2512 672 2551 omnes
732 2497 1050 2566 perierunt.
1114 2496 1396 2550 Alcancm
1447 2496 1760 2567 splendore
1825 2514 2124 2552 armorum

466 2585 733 2656 agnitum
772 2584 952 2638 fortes
975 2585 1354 2654 duojuvenes
1378 2590 1544 2656 porta
1588 2584 1751 2639 urbis
1790 2585 2125 2640 exsilientes

465 2672 730 2727 crinibus
769 2673 1261 2743 comprehensum
1311 2673 1367 2726 in
1419 2673 1620 2727 urbem
1672 2678 2118 2744 pertraxerunt;

467 2762 621 2818 598
655 2762 747 2816 cui
781 2761 978 2818 statim
1029 2767 1206 2832 caput
1253 2763 1580 2832 amputavit
1624 2761 1898 2828 Basilius,
1949 2763 2123 2832 idque

469 2851 528 2905 in
558 2851 778 2906 'l‘urcos
807 2857 897 2905 est
917 2850 1239 2921 jaculatus.
1275 2850 1563 2905 Sultanus
1612 2851 1965 2921 gravissimo
2017 2852 2119 2905 dn-

467 2939 589 2994 lore
610 2940 684 2993 ob
706 2956 833 2994 eam
855 2939 1077 2994 cladem
1108 2945 1379 3010 percepto
1420 2945 1611 2994 castra
1645 2944 1858 3004 movet,
1893 2941 2120 3011 fingens

465 3045 528 3084 se
555 3029 904 3084 necessariis
928 3029 1283 3099 quibusdam
1310 3029 1485 3083 rebus
1509 3029 1859 3099 urgentibus
1880 3031 2118 3085 domum

465 3119 713 3182 avocari,
750 3117 1127 3190 minatusque
1159 3117 1492 3188 insequenti
1526 3133 1656 3173 vere
1699 3134 1762 3173 se
1795 3118 2118 3188 majoribus

457 3224 592 3262 cum
627 3207 813 3279 copiis
844 3208 903 3262 in
938 3207 1232 3262 Romanos
1263 3205 1694 3277 expeditionem
1731 3207 2043 3262 facturum.

2238 1959 2404 2014 αὐτοῦ
2482 1959 2728 2032 σύνθημα
2802 1961 2888 2029 (ἦν
2958 1958 3015 2014 δὲ
3090 1960 3173 2027 τὸ,
3239 1961 3457 2035 Χριστὶ,
3512 1962 3774 2035 βοήθει),
3841 1964 3909 2020 οὗ

2239 2046 2486 2112 δοθέντος
2542 2045 2701 2125 ἔργου
2761 2047 3017 2124 ἔχεσθαι·
3081 2049 3197 2124 εἶχε
3275 2047 3333 2103 δὲ
3389 2051 3515 2126 παρ’
3575 2051 3749 2124 ἑαυτῷ
3805 2054 3908 2109 καὶ

2238 2136 2431 2200 δοκοὺς
2494 2139 2775 2212 μεγίστας,
2811 2139 2948 2192 κατά
2977 2139 3076 2206 τήν
3124 2139 3275 2212 βάσιν
3331 2138 3524 2210 ὀξείαςο
3588 2142 3686 2194 Καὶ
3721 2142 3750 2196 6
3802 2143 3909 2214 μὲν

2237 2226 2541 2283 διετάττετο
2608 2224 2735 2300 ὧδε,
2811 2229 2838 2282 ὁ
2898 2225 2954 2282 δὲ
3008 2227 3205 2284 Ἀλκᾶν
3261 2233 3370 2282 τῶν
3426 2226 3579 2290 ἐκτὸς
3631 2230 3905 2306 Τούρκων

2235 2314 2552 2394 χαλαζηδὸν
2631 2314 3021 2389 ἐκπεμπόντων
3097 2316 3162 2371 τὰ
3245 2315 3380 2393 βέλη
3442 2318 3529 2372 γαὶ
3576 2317 3706 2378 τοὺς
3760 2318 3904 2376 εἷ’σω

2233 2405 2459 2483 τείχους
2498 2405 2817 2461 ἀνακόπτειν
2863 2403 3192 2477 δοκούντων,
3243 2408 3361 2460 κατ’
3420 2405 3610 2482 ὀλίγον
3673 2409 3916 2483 ὑπωθῶν

2231 2497 2326 2558 τὰς
2386 2493 2584 2556 λέσσας
2641 2492 2972 2570 προσήρειδε
3021 2500 3100 2565 τῷ
3149 2496 3365 2571 τείχει.
3400 2495 3546 2552 Ἐπεὶ
3579 2493 3634 2551 δὲ
3665 2493 3908 2575 ’ἔφθασαν

2235 2585 2288 2638 αἱ
2349 2583 2543 2654 σκηναὶ
2611 2583 2963 2660 προσεγγίσαι
3014 2585 3102 2640 καὶ
3164 2581 3337 2640 ἐδόκει
3393 2582 3654 2651 ἀδύνατος
3707 2587 3906 2652 αύττιῖς

2234 2673 2364 2728 εἶναι
2398 2676 2432 2743 ἠ
2466 2672 2540 2735 είς
2572 2673 2814 2728 τούπίσω
2869 2673 3205 2752 ἀναστροφὴ,
3266 2671 3531 2751 αἰφνίδιον
3572 2679 3668 2729 τοῦ
3723 2677 3898 2733 Ἀπο-

2232 2761 2378 2830 κάπη
2452 2763 2514 2817 τὸ
2587 2763 2838 2835 σύνθημα
2912 2759 3098 2824 δόντος
3177 2761 3229 2817 οἳ
3299 2783 3357 2819 τε
3404 2762 3491 2818 ἰπὶ
3545 2768 3652 2818 τῶν
3713 2762 3895 2820 δοκῶν

2229 2853 2548 2928 τεταγμένοι
2608 2851 2704 2913 τὰς
2765 2849 2958 2915 δοκοὺς
3021 2851 3246 2926 ἠφίεσαν
3315 2852 3450 2906 κατὰ
3504 2858 3612 2908 τῶν
3672 2859 3887 2924 σκηνῶν

2230 2941 2319 2996 καὶ
2379 2942 2429 2995 οἱ
2490 2940 2679 2996 λοιποὶ
2725 2941 2902 3011 τόξοις
2957 2941 3049 2996 καὶ
3105 2939 3281 3005 λίθοις
3336 2936 3598 2999 ἔϐαλλον.
3657 2943 3788 2998 Τότε
3824 2942 3897 3014 δὴ

2231 3027 2321 3084 οὖν
2368 3032 2402 3098 ἡ
2461 3031 2551 3084 τὸν
2585 3027 2788 3084 ’Λλκὲιν
2818 3027 3020 3105 ἔχουσα
3053 3031 3227 3100 σκηνή
3262 3028 3504 3093 πολλαῖς
3531 3039 3899 3109 περιπαρεῖσα

2227 3117 2364 3172 κατὰ
2419 3119 2517 3188 τὴν
2575 3119 2762 3194 στέγην
2835 3115 3018 3180 δοκοῖς
3070 3118 3339 3194 ἀνετράπη
3402 3119 3502 3174 ὑπὸ
3531 3119 3628 3173 τοῦ
3682 3120 3890 3196 βάρους

2226 3208 2432 3262 τοότων
2511 3212 2931 3283 περιτραπεῖσα·
3009 3206 3077 3275 ἧς
3137 3207 3572 3282 περιτραπείσης
3631 3210 3681 3263 οἱ
3745 3207 3905 3267 ἓνδον

453 3296 659 3364 ταύτης
693 3295 1179 3370 ἀπογυμνωθέντες
1212 3289 1514 3349 ἐϐάλλοντο
1543 3293 1803 3358 πάντοθεν
1834 3291 2011 3356 λίθοις
2041 3295 2128 3349 καὶ
2159 3295 2362 3366 τόξοις,
2398 3294 2633 3369 μηδεδὸς
2665 3296 2932 3369 ἐπαμῦναι
2964 3295 3179 3358 τούτοις
3213 3295 3534 3370 ἷσχύοντος.
3588 3299 3685 3352 Καὶ
3711 3301 3763 3352 οἱ
3798 3302 3898 3372 μὲν

453 3380 619 3437 ἄλλοι
650 3385 844 3444 πάντες
877 3378 1064 3438 ἔπεσον
1095 3383 1302 3453 έλεῖση,
1338 3381 1551 3460 ἐλήφθη
1587 3380 1644 3437 δὶ
1676 3385 1703 3437 6
1735 3382 1930 3439 Ἀλκὰν
1967 3383 2222 3458 ζωγρίας,
2256 3385 2532 3458 γνώριμος
2567 3386 2671 3440 άπὸ
2694 3387 2791 3454 τῆς
2822 3383 3212 3460 λαμπρότητος
3238 3390 3345 3440 τῶν
3380 3383 3570 3440 δπλων
3606 3386 3893 3462 ὑπάρχων’

454 3467 550 3525 δύο
583 3479 686 3547 γάρ
717 3492 856 3534 τινες
887 3471 1048 3527 καλοὶ
1080 3472 1304 3546 κάγαθοὶ
1340 3472 1543 3526 νεανίαι
1574 3469 2026 3547 προπηδήσαντες
2053 3478 2162 3529 τῶν
2193 3471 2384 3529 πυλῶν
2416 3481 2516 3543 τῆς
2545 3473 2762 3537 πόλεως
2783 3475 2871 3528 καὶ
2905 3479 3010 3528 τῶν
3045 3479 3272 3550 τριχῶν
3324 3474 3523 3530 τούτου
3559 3473 3886 3551 δραξάμενοι

451 3558 703 3632 σύροντες
735 3560 1018 3636 εἰσήγαγον
1049 3561 1125 3623 εἷς
1159 3563 1255 3630 τὴν
1289 3560 1476 3631 πόλιν,
1510 3561 1607 3615 Καὶ
1638 3559 1832 3616 τούτου
1859 3562 1952 3634 μὶν
1980 3563 2137 3624 εὐθὺς
2167 3565 2266 3633 τήν
2292 3564 2533 3640 κεφαλήν
2563 3563 2853 3636 ἀποτεμὼν
2889 3563 2916 3616 6
2949 3561 3236 3626 Βασίλειος
3269 3564 3537 3633 ἀκοντίζει
3569 3568 3682 3625 τοῖς
3709 3564 3876 3639 Τούρ-

450 3671 590 3716 κοις,
626 3653 654 3706 6
687 3649 744 3706 δὲ
776 3649 1071 3715 σουλτάνος
1121 3651 1494 3727 περιαλγήσας
1541 3653 1620 3723 τῷ
1663 3653 1819 3715 πάθει
1871 3650 1988 3708 λύει
2036 3655 2135 3722 τὴν
2181 3652 2504 3726 πολιορκίαν
2553 3655 2643 3709 καὶ
2689 3654 3057 3728 ἀναζεύγνυσι,
3086 3652 3434 3728 πλασάμενος
3461 3655 3728 3729 ἀναγκαῖά
3754 3675 3877 3713 τινα

449 3744 742 3816 πράγματα
768 3742 1101 3818 κατεπείγειν
1149 3743 1310 3797 αὐτὸν
1351 3738 1538 3796 οἷ’καδε
1585 3741 1958 3819 ὑποστρέφειν,
2009 3742 2250 3798 ἀπειλῶν
2303 3744 2379 3806 εἷς
2428 3744 2650 3799 τούπιὸν
2695 3741 2789 3821 ἓαρ
2825 3744 2959 3818 μετὰ
2992 3743 3248 3816 μείζονος
3276 3745 3414 3798 κακᾶ
3443 3749 3550 3800 τῶν
3587 3745 3871 3820 Ῥωμαίων

447 3830 855 3906 ἐπιστρατεῦσαι
887 3830 1194 3905 δυνάμεως.

516 3962 641 4024 Qua
671 3959 740 4013 de
772 3975 829 4014 re
859 3958 1176 4029 imperalor
1206 3955 1702 4026 sollicitus,simul
1735 3961 1790 4013 et
1819 3957 2105 4029 deAples-

2288 3958 2416 4033 Περὶ
2476 3957 2544 4026 ἧς
2602 3957 2898 4036 φροντίζων
2954 3959 2982 4013 6
3032 3959 3388 4034 Μονομάχος,
3431 3954 3512 4012 ἓτι
3570 3955 3628 4012 δὲ
3658 3959 3748 4014 καὶ
3779 3961 3870 4015 τὸν

443 4047 644 4118 phare,
675 4047 775 4117 qui
799 4047 1010 4102 violato
1038 4047 1193 4118 quod
1219 4062 1352 4100 cum
1378 4045 1761 4102 Constantino
1801 4045 2100 4118 pepigerat

444 4136 659 4191 foedere
691 4136 1009 4191 Romanam
1063 4135 1343 4190 ditionem
1388 4135 1726 4202 infestabat,
1759 4135 2098 4191 ulciscendo

443 4225 732 4296 cogitans,
795 4242 998 4280 omnes
1056 4224 1112 4277 in
1177 4240 1360 4278 unum
1420 4223 1714 4278 contrahit
1772 4223 2098 4279 Orientales

440 4316 662 4386 copias,
696 4315 886 4387 iisque
922 4315 1160 4387 przeficit
1189 4313 1578 4384 Nicephorum
1623 4314 1940 4385 quemdam
1991 4329 2096 4369 en-

440 4403 723 4470 nuchum,
757 4405 855 4475 qui
887 4402 1206 4475 aliquando
1257 4403 1533 4457 sacerdos
1585 4402 1966 4459 Monomaeho
2002 4404 2098 4459 ad-

2206 4314 2382 4367 πάντα

2205 4046 2605 4126 Ἀπλησφάρην
2686 4049 2775 4102 τὸν
2841 4051 2938 4102 τοῦ
3011 4042 3209 4104 Τιϐίου
3292 4048 3538 4122 ἄρχοντα
3614 4048 3714 4110 τὰς
3782 4048 3874 4104 ἐπὶ

2209 4135 2618 4191 Κωνσταντίνου
2675 4133 2906 4198 σπονδὰς
2964 4133 3295 4190 διαλύσαντα
3343 4136 3431 4191 καὶ
3464 4135 3531 4190 τὰ
3582 4140 3695 4191 τῶν
3727 4139 3872 4192 Ῥω-

2211 4223 2387 4296 μαίων
2462 4228 2730 4279 κακοῦντα
2799 4223 3170 4297 ἀμυνόμενος,
3257 4224 3319 4278 τὸ
3398 4225 3541 4296 Ἑῷα
3613 4223 3876 4299 τάγματα

2481 4312 2738 4389 ἀθροίσας
2817 4314 2906 4367 καὶ
3004 4314 3357 4389 ἡγεμονεύειν
3442 4313 3601 4383 τάξας
3684 4315 3871 4368 αὐτῶν

2208 4401 2517 4478 Νικηφόρον
2595 4401 2717 4456 τινὰ
2792 4401 3080 4475 εὐνοῦχον,
3159 4401 3304 4476 ἱερέα
3370 4401 3467 4474 μὶν
3523 4402 3874 4477 τυγχάνοντα

2205 4489 2468 4566 πρότερον
2527 4490 2616 4545 καὶ
2672 4495 2751 4562 τῷ
2811 4490 3029 4565 βασιλεῖ
3073 4491 3443 4566 ὑπηρετοῦντα
3505 4487 3866 4559 ἰδιωτεύοντι,

2208 4577 2297 4634 διὰ
2347 4581 2618 4652 κοσμικὴν
2683 4579 2738 4635 δὲ
2767 4580 3110 4658 περιφάνειαν
3158 4580 3251 4635 καὶ
3303 4578 3456 4653 δόξαν
3505 4581 3871 4654 ἀπωσάμενον

2205 4671 2303 4738 τήν
2363 4669 2686 4745 ἱερωσύνην,
2748 4668 3022 4746 ραίκτωρα
3073 4674 3264 4724 τοῦτον
3314 4672 3554 4742 τιμήσας
3582 4667 3670 4724 καί
3713 4690 3876 4745 στρα-

2204 4755 2551 4832 τοπεδάρχην
2610 4758 2884 4830 ὀνομάσας
2945 4757 3021 4820 είς
3075 4759 3174 4827 τὴν
3235 4759 3410 4830 Ἐῲαν
3443 4756 3733 4830 ἐκπέμπει,
3768 4757 3878 4813 οὐκ

2204 4845 2390 4917 ἐπειδή
2471 4846 2796 4922 δραστήριος
2870 4849 2936 4916 ἧν
3011 4848 3098 4901 καὶ
3159 4846 3373 4923 ἐνεργὸς
3439 4846 3507 4901 τὰ
3564 4845 3875 4919 πολεμικὰ,

2203 4935 2331 4993 ἀλλ’
2388 4934 2574 5004 ἐπειδὴ
2634 4933 2838 4990 εὔνοιαν
2891 4935 3072 5011 ἆτήρει
3104 4940 3182 5008 τῷ
3228 4934 3462 5011 βασιλεῖ.
3499 4937 3672 4997 Οὗτος
3704 4933 3870 4989 ἀνελ-

2204 5027 2311 5080 θὼν
2373 5027 2506 5098 μετὰ
2555 5029 2652 5080 τοῦ
2711 5029 2939 5100 στρατοῦ
2970 5023 3102 5100 ἄχρι
3132 5031 3231 5095 τῆς
3263 5027 3344 5099 [Ρ.
3371 5027 3499 5098 782]
3551 5022 3872 5100 λεγομένης

2204 5113 2444 5186 Σιδῆρας
2491 5115 2725 5193 γεφύρας
2773 5115 2864 5170 καὶ
2908 5119 3003 5170 τοῦ
3050 5113 3386 5184 Καντζακίου
3444 5113 3711 5188 Τούρκοις
3765 5115 3869 5186 μὶν

2202 5205 2302 5260 οὐκ
2344 5203 2592 5280 ἐνέτυχεν
2651 5203 2730 5272 (ἐν
2761 5208 2830 5277 τῇ
2889 5201 3104 5258 πεδιάδι
3163 5206 3268 5280 γάρ
3326 5211 3424 5273 τῆς
3455 5203 3874 5280 Περσαρμενίας

2202 5291 2712 5368 στρατοπεδεύοντες
2775 5295 2909 5366 μετὰ
2968 5288 3277 5368 ’Λϐιμέλεχ
3321 5294 3471 5355 τινὸς
3525 5294 3866 5366 στρατηγοῦ,

2203 5381 2441 5458 ἀδελφοῦ
2500 5387 2600 5437 τοῦ
2659 5381 3079 5455 Κουτλουμοῦς.
3119 5383 3209 5436 καὶ
3269 5381 3566 5454 πυθόμενοι
3624 5382 3869 5449 τὴντῶν

2199 5472 2480 5544 Ῥωμαίων
2528 5473 2747 5546 βαρεῖαν
2795 5468 3014 5548 ἔφοδον,
3065 5474 3140 5544 μὴ
3176 5472 3386 5547 στέρξαι
3422 5473 3525 5539 τὴν
3578 5468 3862 5524 ἐπέλευσιν

2197 5561 2577 5634 τολμήσαντες
2633 5560 2995 5629 ὑπεοόσττβαν
3052 5557 3297 5634 οἷ’καδε),
3358 5562 3385 5615 6
3446 5558 3502 5614 δὲ
3551 5557 3864 5632 Ῥωμαϊκὸς

2201 5672 2427 5725 στρατος
2472 5651 2562 5704 τὸν
2598 5649 2992 5725 Ἀπλησφάρην
3025 5648 3152 5704 εἷ’σω
3191 5655 3289 5705 τοῦ
3339 5649 3560 5726 τείχους
3604 5646 3867 5723 συγκλεί-

2200 5761 2406 5809 σαντες,
2460 5739 2549 5794 καὶ
2587 5741 2686 5807 τὴν
2735 5739 3047 5816 περίχωρον
3098 5745 3271 5794 πᾶσαν
3321 5738 3667 5812 ληϊσάμενοι,
3723 5735 3868 5791 ἔπει-

437 4492 553 4548 hue
603 4493 828 4564 privato
887 4493 1234 4548 inservierat
1284 4496 1339 4548 et
1397 4491 1729 4564 splendoris
1783 4510 1847 4548 ac
1900 4492 2097 4564 gloriae

438 4582 693 4653 profanae
717 4583 914 4637 studio
939 4581 1333 4638 sacerdotium
1373 4581 1722 4652 ejuraverat.
1757 4581 1923 4636 Hune
1958 4599 2096 4654 ergo

436 4671 683 4726 rectoris
716 4671 884 4726 titulo
914 4672 1253 4726 decoratum
1290 4674 1347 4724 et
1385 4673 1712 4724 castrorum
1750 4670 2005 4740 praefecti
2037 4671 2094 4725 in

437 4760 733 4816 Orientem
760 4760 965 4829 mittit,
998 4777 1112 4815 non
1145 4759 1296 4830 quod
1333 4758 1385 4823 is
1417 4758 1591 4812 homo
1624 4763 1906 4813 strenuus
1939 4766 2097 4816 esset

435 4854 538 4906 aut
560 4849 770 4906 bellica
800 4867 860 4905 re
892 4849 1246 4914 industrius,
1281 4848 1380 4903 sed
1414 4848 1555 4919 quia
1600 4847 1938 4918 imperatori
1971 4854 2096 4904 erat

435 4938 648 4994 fidelis.
683 4941 736 4994 Is
756 4940 1119 5012 Nicephorus
1139 4954 1271 4994 cum
1294 4936 1548 4994 exercitu
1572 4952 1756 5007 usque
1785 4938 1856 4992 ad
1889 4942 2095 5009 pontes

434 5029 673 5083 Ferreos
695 5028 825 5100 (loci
849 5028 958 5085 hoc
984 5027 1219 5099 nomen)
1243 5030 1299 5082 et
1345 5024 1717 5082 Cantzacium
1745 5042 2093 5098 progressus

435 5115 496 5169 in
530 5116 754 5172 Turcos
787 5119 1024 5189 quidem
1057 5134 1168 5174 non
1206 5115 1413 5172 incidit
1447 5133 1457 5170 :
1490 5115 1548 5169 hi
1575 5114 1730 5169 enim
1767 5113 1824 5169 in
1851 5113 2093 5186 planitie

437 5203 849 5261 Persarmenize
872 5213 1061 5262 castra
1107 5205 1334 5268 metati,
1371 5205 1517 5260 duce
1540 5202 1921 5260 Abimelecho
1953 5207 2088 5261 Cut-

435 5291 655 5346 lumusi
691 5293 886 5358 fratre,
922 5311 1056 5350 cum
1090 5296 1160 5349 de
1193 5295 1590 5349 Romanorum
1643 5291 1803 5362 gravi
1854 5294 2088 5363 expedi-

433 5383 591 5439 tione
625 5385 900 5440 nuntium
938 5386 1447 5456 accepissentmon
1480 5383 1607 5438 ausi
1641 5401 1842 5438 eorum
1874 5387 2091 5440 adven-

433 5477 559 5526 tum
585 5479 922 5545 exspectare
948 5477 1186 5530 domum
1214 5476 1497 5529 abierant.
1519 5472 1871 5544 Aplespbare
1893 5479 2087 5530 autem

434 5561 594 5616 intra
621 5579 819 5616 muros
854 5564 1159 5634 compulso
1189 5564 1460 5619 viciniam
1513 5559 1928 5631 depopulatur,
1963 5565 2086 5619 adi-

433 5653 639 5723 gitque
670 5667 804 5706 eum
867 5657 930 5707 ut
987 5653 1073 5707 vel
1125 5652 1344 5707 invitus
1395 5652 1584 5706 fmdus
1636 5658 1892 5720 renovet,
1935 5653 2088 5709 594

433 5740 823 5812 obsidemque
854 5745 948 5799 det
976 5745 1312 5813 Artasyram
1343 5740 1530 5796 ﬁlium
1565 5738 1856 5796 Phatlumi
1891 5743 2090 5799 fratris

2124 5342 2168 5406 D
