4164 6394
351 372 473 430 3'25

1499 369 2042 432 HISTORIARUM
2087 371 2636 435 GOMPENDIUM.

3658 374 3778 435 326

355 523 448 557 σιν
499 502 592 556 καὶ
650 499 852 556 ἄκοντα
907 501 1307 565 ἀνανεώσασθαι
1357 501 1454 564 τὰς
1481 497 1714 562 σπονδὰς
1743 499 1834 554 καὶ
1867 498 2008 574 δμη-

2133 504 2241 572 sui,
2275 508 2644 561 Cantzacenaa
2677 507 2934 580 regionis
2967 507 3277 580 principis.
3299 508 3441 564 Cum
3477 507 3584 564 hoc
3611 507 3778 562 Nice-

360 614 450 666 ρον
481 589 666 646 δοῦναι
700 591 1029 665 Ἀρτασύραν
1059 591 1149 644 τὸν
1176 590 1292 644 υἱὸν
1342 588 1617 662 Φατλοὺμ
1656 592 1755 644 τοῦ
1807 587 2011 644 οἰκείου

358 680 596 756 αδελφοῦ
653 685 754 736 τοῦ
811 687 911 750 τῆς
965 683 1359 749 Καντζακηνῶν
1435 680 1811 753 κατάρχοντος
1865 684 2010 754 γῆς·

355 774 411 825 ὃν
443 770 697 847 εἰληφὼς
731 771 760 824 6
793 770 1106 847 Νικηφόρος
1137 767 1375 823 ἐπάνεισι
1406 767 1543 838 πρὸς
1569 769 1668 836 τήν
1703 765 1889 824 πόλιν.

423 896 491 952 Οἱ
525 892 860 962 Πατζινάκαι
907 889 965 947 δὶ
1010 893 1102 946 τὸν
1151 894 1350 965 Αἷμον,
1388 891 1463 954 ὡς
1519 890 1768 964 εἷ’πομεν,
1803 886 2018 946 διαϐάν-

356 1009 466 1055 τες,
512 987 605 1041 καὶ
663 987 767 1054 τήν
820 984 1014 1058 μεταξὺ
1057 982 1252 1038 τούτου
1301 982 1390 1037 καὶ
1448 986 1546 1037 τοῦ
1589 983 1804 1056 Ἴστρου
1860 1003 2018 1037 κατα-

367 1079 735 1145 σιεοπήσαντες
765 1071 996 1129 πεδιάδα
1023 1074 1123 1142 τὴν
1157 1070 1450 1143 διήκουσαν
1507 1069 1673 1148 μέχρι
1719 1070 2014 1143 θαλάσσης,

370 1167 452 1219 καὶ
505 1166 674 1220 τόπον
737 1163 986 1238 εὑρόντες
1041 1161 1207 1225 νάπας
1272 1162 1362 1216 καὶ
1440 1158 1582 1231 ἄλση
1654 1156 1855 1236 ἔχοντα
1927 1161 2016 1215 καὶ

371 1255 587 1331 λόχμας
643 1250 996 1315 παντοδαπάς
1050 1250 1140 1306 καὶ
1197 1247 1345 1326 ὕδωρ
1405 1249 1496 1304 καὶ
1550 1250 1722 1323 νομὰς
1775 1250 2016 1322 (Ἑκατὸν

367 1342 594 1418 βουνοὺς
623 1343 719 1396 τὸν
747 1340 915 1395 τόπον
965 1339 1322 1413 ὀνομάζουσιν
1385 1340 1438 1393 οἱ
1497 1337 1811 1414 ἐγχώριοι),
1847 1337 2020 1392 ἐκεῖσε

362 1428 945 1506 ἐγκαθιδρύονται,καὶ
986 1426 1259 1504 ἐκδρομὰς
1289 1427 1517 1492 αὐτόθεν
1576 1427 1900 1501 ποιούμενοι
1956 1427 2018 1482 οὐ

361 1522 534 1596 μικρὰ
590 1522 692 1590 τήν
747 1520 847 1573 ὑπὸ
877 1517 1186 1591 Ῥωμαίους
1240 1515 1493 1575 ἐλύπουν.
1527 1518 1588 1574 Ὁ
1643 1514 1702 1571 δὶ
1763 1515 2017 1592 βασιλεὺς

361 1611 779 1685 μεταπέμπεται
834 1609 925 1664 τὸν
984 1606 1216 1682 Κεγὲνην
1276 1607 1365 1662 ἰπὶ
1438 1601 1728 1680 συμϐουλῇ
1788 1606 1863 1668 εἷς
1918 1607 2018 1676 τὴν

361 1697 657 1776 βασιλίδα·
709 1699 800 1754 καὶ
855 1698 930 1760 ὡς
988 1694 1205 1752 εἷ’σεισιν
1265 1695 1420 1761 εὐθὺς
1483 1696 1618 1770 μετᾶ
1673 1696 1873 1757 παντὸς
1924 1699 2020 1750 τοῦ

360 1790 569 1846 οἰκείου
627 1792 880 1862 στρατοῦ,
907 1787 1000 1842 καὶ
1063 1791 1400 1856 κατασκηνοῖ
1456 1786 1593 1839 κατᾶ
1649 1785 1747 1854 τὴν
1807 1785 2020 1859 ἀφωρι-

359 1879 568 1953 σμένην
630 1873 862 1932 πεδιάδα
918 1875 1229 1946 Βυζαντίοις
1291 1873 1370 1937 εἷς
1445 1871 1632 1928 πεδίαν
1697 1871 1935 1944 (Μαΐτοις
1995 1874 2022 1927 6

361 1969 534 2030 τόπος
563 1966 1018 2039 κατονομάζεται)
1052 1963 1143 2018 σὺν
1195 1966 1387 2018 ἅπαντι
1427 1968 1508 2036 τῷ
1567 1966 1800 2037 στρατῷ.
1837 1963 2025 2032 Μήπω

369 2057 429 2112 εὶ
457 2057 702 2135 ἐντυχὼν
746 2060 827 2127 τῷ
874 2053 1112 2129 βασιλεῖ,
1147 2051 1277 2126 μηδ’
1309 2053 1436 2108 ὅτου
1490 2050 1801 2126 μετεκλήθη
1863 2053 2026 2127 χάριν

385 2147 588 2218 μαθὼν,
615 2139 1027 2200 ἐπιϐουλεύεται
1059 2141 1227 2217 ταύτῃ
1259 2145 1328 2216 τῇ
1356 2143 1505 2196 νυκτὶ
1545 2141 1648 2197 ὑπὸ
1682 2140 2028 2209 Πατζινάκων

383 2241 549 2311 τριῶν
585 2236 708 2307 μετᾶ
733 2237 901 2311 ξιφῶν
935 2230 1273 2296 ἑπελθόντων
1333 2233 1672 2304 κοιμωμένῳ
1729 2230 1819 2284 καὶ
1877 2228 2024 2300 πλη-

385 2327 487 2400 γάς
538 2323 920 2398 ἒπενεγκόντων
986 2321 1153 2394 αὐτῷ,
1209 2322 1282 2394 μή
1349 2321 1534 2394 μέντοι
1590 2320 1825 2394 καιρίαςο
1877 2339 2025 2394 γνω-

385 2415 596 2478 σθέντες
616 2413 708 2488 γάρ
740 2411 896 2476 εὐθὺς
951 2411 1057 2466 ὑπὸ
1113 2414 1220 2465 τῶν
1263 2408 1881 2487 σωματοφυλακούντων
1933 2408 2026 2470 τάς

372 2525 430 2559 τε
490 2502 708 2578 πληγὰς
785 2502 1021 2562 ἀσθενεῖς
1097 2499 1431 2578 ἰπιφὲρουσι,
1490 2498 1579 2553 καὶ
1646 2497 1781 2568 πρὸς
1850 2498 2022 2575 φυγὴν

373 2595 708 2666 ὁρμήσαντες
745 2588 1236 2666 βοηδρομήσαντος
1275 2592 1373 2642 τοῦ
1403 2585 1653 2658 πλήθους
1687 2587 1822 2660 μετὰ
1875 2583 2024 2642 Βαλ-

371 2683 503 2756 τζὰρ
562 2681 684 2736 υἳοῦ
740 2684 836 2734 τοῦ
894 2678 1159 2753 Κεγὲνους
1217 2675 1554 2732 ἁλίσκονται.
1589 2677 1791 2733 Ἕωθεν
1845 2673 1936 2729 οὖν
1996 2674 2024 2729 ὁ

372 2771 623 2845 Βαλτζᾶρ
654 2768 737 2837 ἐφ’
770 2767 980 2842 ἀμάξης
1029 2761 1398 2841 τετρατρόχου
1451 2765 1542 2819 τὸν
1602 2765 1792 2820 ἑαυτοῦ
1823 2763 2026 2837 πατέρα

369 2862 506 2930 θεὶς,
538 2856 792 2918 καὶτοὺς
843 2851 1327 2916 ἐπιϐουλεύσαντας
1378 2849 1594 2918 ὄπισθεν
1651 2860 1751 2923 τῆς
1812 2853 2023 2926 ἁμάξης

365 2949 548 3007 ’ἕλκων
580 2943 995 3018 πεπεδτιμένους
1029 2941 1204 3018 (οὐδὲν
1251 2943 1352 3018 γὰρ
1404 2942 1482 3004 εἷς
1536 2940 1732 3004 αὐτοὺς
1793 2939 2026 3016 διαπρά-

367 3040 557 3110 ξασθαι
589 3034 762 3091 πλάον
805 3033 1105 3106 ἐτόλμησεν
1157 3027 1568 3105 ἐπιϐοωμάνους
1615 3031 1705 3085 τὸν
1755 3027 2024 3104 βασιλέα),

370 3130 488 3201 ἅμα
518 3125 686 3181 παντὶ
720 3123 938 3202 ἐφίππῳ
987 3126 1066 3194 τῷ
1115 3125 1350 3197 στρατῷ,
1381 3120 1543 3182 αὐτὸς
1599 3120 1760 3188 πεζὸς
1807 3117 1899 3172 σὺν
1948 3122 2026 3190 τῷ

363 3216 592 3294 ἀδελφῷ
625 3213 872 3286 ΓουΛίνῳ
904 3211 1168 3284 ἰπόμενος
1194 3213 1263 3284 τῇ
1297 3209 1473 3284 ἁμάξῃ
1504 3209 1608 3264 ὑπὸ
1659 3206 1806 3263 δυοῖν
1867 3207 2022 3263 ἑλκο-

371 3309 502 3381 μὲνῃ
530 3303 750 3371 ἵππων,
773 3299 991 3377 ἔρχεται
1022 3301 1160 3375 πρὸς
1205 3300 1298 3354 τὸν
1349 3298 1595 3374 βασιλέα.
1630 3297 1735 3353 Καὶ
1786 3297 1921 3352 κατᾶ
1960 3297 2021 3352 τὸ

367 3393 743 3470 ἱπποδρόμιον
797 3389 1088 3464 γενόμενος
1143 3389 1344 3458 ταύτην
1409 3388 1502 3460 μὲν
1556 3385 1774 3456 ’ἱστησιν
1826 3384 2020 3458 ἐκεῖσε,

366 3485 528 3546 αὐτὸς
572 3480 632 3537 δὲ
664 3479 853 3536 εἷ’σεισι
885 3480 1022 3554 πρὸς
1059 3477 1153 3532 τὸν
1206 3473 1456 3552 βασιλέα,
1485 3479 1586 3541 τῆς
1635 3474 1827 3554 φήμης
1884 3494 2020 3550 προ-

371 3572 687 3648 δραμούσης
733 3570 823 3624 καὶ
874 3564 1393 3644 προοδοποιησάσης
1439 3565 1588 3636 αύτῷ
1625 3553 1752 3633 τῆν’
1785 3561 2020 3620 εἷ’σαδον.

372 3664 470 3718 Ὃν
501 3659 812 3736 εέσαχθέντα
843 3658 870 3711 ὁ
906 3655 1156 3734 βασιλεὺς
1209 3654 1440 3729 ἐπήρετο
1491 3650 1579 3708 διὰ
1627 3652 1679 3706 τί
1732 3654 1808 3725 μή
1869 3653 2023 3716 εὐθὺς

374 3751 618 3826 τιμωρὸς
677 3748 886 3824 ἐγένετο
941 3749 1046 3800 τῶν
1105 3748 1204 3800 τοῦ
1261 3745 1464 3817 πατρὸς
1516 3743 1757 3813 φονέων⁸
1809 3746 1906 3797 τοῦ
1965 3739 2024 3797 δὲ

375 3841 906 3919 φήσαντος,”()τιπερ
936 3837 999 3890 τὸ
1031 3836 1116 3902 σὸ,
1149 3831 1512 3888 ἐπεκαλοῦντο
1546 3836 1792 3907 συνεχῶς
1824 3829 2020 3904 ὄνομα,

375 3931 452 3992 εἷς
488 3927 724 4000 ὑποψίας
779 3925 1020 3986 ἀτόπους
1068 3922 1311 3978 ἐνεπεσεν
1345 3922 1372 3975 ὁ
1409 3919 1684 3996 βασιλεὺς,
1714 3920 1805 3975 καὶ
1851 3920 2022 3996 Λόγου

377 4024 571 4080 θᾶττον
623 4017 892 4090 ἐκπέμψας
953 4011 1072 4088 ἄγει
1129 4011 1258 4076 τοὺς
1316 4007 1572 4084 δεσμίους
1623 4010 1759 4085 πρὸς
1810 4010 2021 4079 ἑαυτὸν,

377 4106 472 4160 καὶ
502 4107 601 4175 τὴν
633 4105 792 4160 αῗτέαν
824 4105 1150 4167 ἐπυνθάνετο
1193 4098 1262 4156 δι’
1288 4099 1461 4175 ἥνπερ
1512 4099 1872 4174 ἐπεχείρησαν
1929 4099 2020 4154 τὸν

365 4196 656 4268 πατρίκιον
685 4192 911 4250 ἀνελεῖν.
947 4196 1029 4266 [Ρ.
1063 4193 1192 4264 783]
1224 4193 1344 4247 Τῶν
1379 4185 1437 4243 δὲ
1466 4189 2019 4266 φησάντων,”οτιπερ

366 4285 630 4346 κακόνους
684 4286 751 4354 ἦν
799 4287 869 4357 τῇ
923 4279 1176 4358 βασιλείᾳ
1235 4300 1332 4333 σου
1389 4277 1480 4333 καὶ
1511 4278 1582 4348 τῇ
1602 4277 1785 4345 πόλει,
1820 4273 2020 4353 ὄρθρου

361 4375 612 4448 μελετῶν
643 4372 900 4430 εἰσελθεῖν
945 4373 1034 4426 καὶ
1091 4370 1295 4430 πάντας
1351 4368 1445 4441 μὶν
1503 4366 1836 4443 κατασφάξαι
1892 4367 2018 4430 τοὺς

353 4463 538 4535 ἔνδον,
574 4462 1047 4540 λαφυραγωγῆσαι
1106 4457 1164 4514 δὲ
1218 4457 1309 4513 καὶ
1363 4458 1462 4526 τήν
1513 4455 1677 4512 πόλιν
1733 4456 1823 4511 καὶ
1882 4459 2018 4532 πρὸς

354 4555 488 4616 τοὺς
554 4551 888 4622 ΙΙατζινάκας
974 4545 1396 4624 ἐπαναδραμεῖν,
1458 4543 1576 4600 δεον
1661 4544 1898 4618 ἐξετάσαι
1954 4547 2021 4601 τὰ

2125 593 2348 665 pborus
2377 593 2436 649 in
2471 596 2677 651 urbem
2717 597 2912 654 rediit.

2197 896 2518 952 Patzinacaa
2569 902 2766 953 autem
2819 898 3042 964 Haemo,
3078 903 3140 953 ut
3187 899 3578 965 ostendimus,
3610 915 3784 970 supe-

2127 992 2276 1052 rato,
2313 985 2615 1057 planitiem
2639 988 2937 1059 quaeinter
2965 988 3120 1042 hunc
3154 992 3211 1043 et
3244 989 3456 1042 Istrum
3481 987 3789 1059 interjacet

2128 1075 2198 1130 ad
2235 1091 2393 1130 mare
2425 1092 2612 1147 usque
2639 1082 2906 1148 porrecta
2936 1077 3392 1149 speculati,cum
3426 1077 3790 1133 invenissent

2127 1163 2323 1220 locum
2355 1164 2433 1220 ibi
2467 1165 2654 1222 saltus
2686 1171 2738 1222 et
2786 1165 2950 1221 lucos
2980 1167 3293 1239 omnisque
3334 1166 3569 1238 generis
3611 1166 3791 1222 silvas

2128 1259 2186 1308 et
2215 1270 2429 1324 aquam
2463 1271 2528 1310 ac
2551 1271 2771 1326 pascua
2801 1255 3116 1312 habentem
3149 1255 3375 1324 (incolae
3416 1256 3606 1310 locum
3641 1256 3790 1310 Cen-

2129 1345 2255 1397 tum
2308 1342 2487 1398 colles
2519 1344 2942 1416 appellabant),
2975 1344 3030 1398 in
3064 1361 3130 1399 eo
3170 1345 3582 1410 consederunt,
3615 1353 3789 1416 alque

2129 1430 2265 1486 inde
2291 1431 2459 1487 factis
2481 1433 2928 1489 excursionibus
2954 1433 3220 1489 subditos
3250 1435 3646 1489 Romanorum
3671 1451 3786 1490 non

2129 1521 2333 1576 leviter
2362 1528 2666 1577 vexarunt.
2699 1523 2846 1594 Ergo
2879 1523 3139 1595 Kegenes
3189 1522 3561 1578 consultandi
3611 1540 3793 1580 causa

2132 1611 2204 1666 ab
2237 1610 2589 1680 imperatore
2637 1617 2910 1666 evocatus
2943 1628 3076 1666 cum
3121 1613 3398 1667 omnibus
3446 1612 3573 1667 suis
3605 1613 3792 1684 copiis

2132 1699 2204 1754 ad
2238 1699 2443 1754 urbem
2477 1699 2719 1768 accedit,
2745 1704 2803 1755 et
2832 1705 3028 1756 castra
3073 1700 3211 1755 facit
3250 1700 3308 1756 in
3333 1717 3541 1773 campo
3573 1702 3792 1774 Byzan-

2132 1788 2231 1843 tiis
2264 1788 2594 1861 designato,
2622 1789 2716 1843 cui
2747 1788 2872 1844 loco
2903 1790 3112 1845 Maitas
3145 1807 3355 1845 nomen
3375 1794 3484 1845 est.
3517 1790 3790 1846 Nondum

2055 1885 2103 1950 Β
2136 1882 2332 1933 autem
2365 1895 2495 1933 cum
2530 1879 2886 1951 imperatore
2916 1895 3484 1952 cougressus,neque
3507 1896 3612 1934 cur
3639 1885 3796 1936 esset

2138 1971 2382 2021 vocatus
2400 1967 2612 2035 sciens,
2635 1967 2741 2023 hac
2758 1968 2886 2039 ipsa
2903 1974 3073 2024 nocte
3091 1967 3326 2023 insidiis
3348 1968 3792 2024 Patzinacarum

2138 2055 2318 2109 trium
2355 2057 2593 2126 petitur,
2625 2056 2724 2127 qui
2767 2056 2988 2111 strictis
3036 2057 3278 2112 ensibus
3329 2055 3623 2113 irruentes
3667 2058 3796 2112 dor-

2140 2144 2340 2198 mienti
2376 2143 2616 2199 vulnera
2647 2145 3101 2216 imponunt,non
3142 2150 3340 2201 tamen
3371 2145 3788 2201 letbalia.Nam

2138 2249 2171 2288 a
2202 2232 2553 2288 satellitibus
2581 2235 2779 2290 statim
2813 2235 3029 2306 cogniti
3064 2235 3216 2289 ictus
3268 2234 3670 2306 languidiores
3698 2235 3790 2290 in-

2137 2321 2369 2378 ferunt:
2404 2327 2460 2375 et
2490 2323 2636 2394 fugae
2678 2339 2741 2378 se
2791 2323 2996 2377 dantes
3047 2328 3388 2378 accurrente
3436 2322 3791 2394 opitulatum

2138 2410 2517 2466 multitudine
2547 2427 2680 2467 cum
2716 2411 2952 2467 Balzaro
2999 2412 3249 2485 Kegenis
3284 2411 3401 2467 ﬁlio
3456 2413 3792 2484 capiuntur.

2136 2500 2304 2554 Mane
2334 2499 2561 2555 Baltzar
2582 2501 2781 2556 currui
2813 2506 3066 2573 quatuor
3086 2501 3326 2556 habenti
3362 2505 3520 2581 rotas
3542 2502 3795 2573 imponit

2138 2597 2386 2662 patrem,
2439 2595 2494 2646 et
2541 2596 3103 2663 percussorespost
3154 2607 3286 2646 eum
3336 2591 3563 2647 vinctos
3609 2592 3794 2648 trahit

2137 2678 2306 2749 (nihil
2338 2680 2494 2734 enim
2527 2679 2786 2751 amplius
2814 2685 3075 2735 statuere
3103 2681 3173 2735 de
3203 2681 3289 2736 eis
3329 2681 3602 2749 audebat,
3636 2683 3790 2753 quod

2136 2767 2545 2838 imperatorem
2575 2769 3019 2841 appellassent),
3045 2774 3102 2824 et
3131 2770 3290 2825 omni
3324 2786 3430 2824 suo
3462 2787 3594 2825 cum
3627 2787 3792 2827 exer-

2137 2857 2254 2913 citu
2287 2859 2542 2930 equestri
2585 2860 2761 2930 pedes
2810 2859 2959 2916 595
2995 2859 3122 2930 ipse
3165 2875 3300 2914 cum
3350 2860 3530 2915 fratre
3579 2860 3792 2917 Gulino

2137 2947 2696 3002 currumaduobus
2757 2952 3010 3002 tractum
3062 2947 3230 3020 equis
3281 2964 3533 3019 sequens
3584 2951 3786 3006 urbem

2139 3036 2320 3090 intrat
2348 3053 2361 3102 ;
2395 3052 2650 3107 cumque
2682 3037 2753 3091 ad
2788 3035 3020 3091 Circum
3053 3036 3680 3108 pervenisset,currum
3712 3039 3792 3093 ibi

2137 3123 2354 3178 sistens
2385 3125 2455 3178 ad
2506 3125 2919 3196 imperatorem
2981 3143 3040 3180 se
3083 3124 3326 3191 confert,
3359 3143 3471 3194 quo
3493 3127 3620 3198 jam
3653 3133 3789 3183 ante

2139 3213 2294 3267 fama
2319 3219 2697 3282 praecurrerat
2729 3212 2993 3284 ipsisque
3040 3213 3265 3268 aditum
3292 3216 3521 3270 fecerat.
3548 3215 3786 3270 Admis-

2139 3317 2271 3356 sum
2328 3302 2646 3373 imperator
2691 3306 3066 3371 percontatur
3095 3319 3199 3358 cur
3248 3319 3359 3358 non
3393 3301 3552 3359 illico
3601 3305 3787 3376 patris

2134 3407 2509 3463 percussores
2539 3391 2827 3462 supplicio
2859 3391 3132 3446 effecerit.
3169 3392 3520 3462 Respondet,
3552 3392 3698 3457 Quia
3729 3398 3786 3449 te
3835 3458 3850 3473 _

2131 3479 2452 3534 identidem
2505 3480 2853 3536 nominatim
2910 3481 3276 3536 invocabant.
3323 3481 3470 3536 Hinc
3518 3482 3786 3538 absurdae

2133 3567 2351 3624 obortae,
2407 3569 2790 3625 Monomacbo
2848 3569 3240 3641 suspiciones,
3275 3587 3340 3625 ac
3398 3570 3553 3626 dicto
3611 3571 3786 3627 citius

2134 3657 2302 3712 missi
2367 3659 2465 3729 qui
2525 3658 2750 3714 vinctos
2803 3659 2945 3714 istos
3004 3659 3384 3724 adducerent,
3429 3676 3786 3734 causamque

2133 3746 2386 3817 exquirit
2415 3764 2532 3819 qua
2560 3749 2632 3803 ad
2659 3765 2859 3804 necem
2895 3748 3140 3820 Kegenis
3175 3748 3403 3819 patricii
3434 3749 3651 3805 fuerint
3679 3750 3785 3805 im-

2133 3835 2311 3908 pulsi.
2344 3835 2428 3890 Illi
2462 3836 2613 3892 hanc
2663 3837 2966 3908 proferunt
2997 3836 3244 3891 infidum
3297 3838 3543 3908 imperio
3576 3838 3785 3894 Roma-

2133 3942 2208 3980 no
2241 3925 2425 3980 fuisse
2470 3930 2762 3998 Kegenem
2811 3931 2987 3997 atque
3036 3925 3189 3992 urbi,
3244 3930 3300 3981 et
3345 3926 3402 3981 in
3435 3927 3630 3982 animo
3680 3927 3783 3982 ha-

2132 4013 2334 4070 buisse
2392 4015 2582 4085 prima
2634 4016 2762 4070 luce
2820 4015 3025 4070 urbem
3075 4015 3324 4086 ingredi,
3356 4015 3784 4087 trucidatisque

2133 4104 2409 4159 omnibus
2443 4105 2540 4176 qui
2591 4105 2752 4159 intus
2783 4110 3137 4169 essent,eam
3189 4104 3464 4176 diripere,
3499 4108 3679 4176 atque
3709 4106 3782 4162 ad

2131 4193 2472 4249 Patzinacas
2504 4193 2732 4249 reverti.
2755 4193 2853 4249 ilic
2886 4194 3204 4265 imperator
3232 4211 3368 4249 cum
3398 4193 3693 4264 inquirere
3722 4194 3782 4251 in

2130 4284 2284 4339 dicta
2318 4292 2373 4338 et
2420 4284 2722 4339 veritatem
2779 4283 3128 4354 perscrutari
3163 4283 3432 4350 debebat,
3466 4283 3687 4341 omissa
3716 4302 3783 4342 ea

2130 4390 2272 4428 cura
2307 4373 2480 4428 ﬁdem
2515 4372 2754 4428 incertis
2773 4378 2829 4427 et
2857 4372 3008 4427 male
3029 4371 3459 4430 cohaerentibus
3475 4373 3784 4431 calumniis

2129 4463 2420 4532 deferens,
2451 4467 2744 4534 Kegenem
2792 4462 2849 4517 in
2884 4461 3167 4533 palatium
3217 4461 3621 4518 introductum
3672 4463 3784 4519 sub

2127 4551 2450 4606 curationis
2481 4567 2547 4606 ac
2571 4550 2876 4605 medicina:
2898 4549 3164 4622 speciein
3197 4550 3584 4622 Elephantina
3603 4551 3787 4607 inclu-

356 4643 631 4719 λεχθέντα
688 4641 780 4696 καὶ
834 4641 1008 4714 εὑρεῖν
1069 4640 1168 4708 τὴν
1228 4636 1513 4707 ἀλήθειαν,
1546 4635 1574 4689 6
1613 4632 1670 4689 δὲ
1697 4640 1864 4690 τοῦτο
1927 4637 2019 4709 μὲν

2133 4641 2235 4706 dit,
2269 4639 2420 4696 filios
2452 4641 2580 4712 ejus
2611 4657 2644 4695 a
2674 4657 2736 4695 se
2767 4639 3018 4695 invicem
3050 4639 3312 4695 divulsos
3361 4639 3607 4695 diversis
3637 4640 3782 4697 locis

359 4734 460 4788 οὐκ
512 4731 789 4801 ἐποίησεν,
848 4728 972 4785 ἀλλ’
1025 4724 1346 4787 ἀδεσπότοις
1406 4724 1692 4787 πιστεύσας
1748 4745 2011 4801 συκοφαν-

358 4823 501 4884 τίαις
534 4821 629 4875 καὶ
665 4818 1006 4886 ἀσυστάτοις,
1037 4817 1128 4872 τὸν
1167 4816 1262 4890 μὶν
1310 4812 1545 4888 Κεγὲνην
1594 4810 1709 4888 ἄγει
1759 4813 1896 4889 πρός
1953 4815 2020 4869 τὰ

360 4911 622 4986 βασίλεια
667 4910 754 4964 καὶ
805 4908 857 4962 ἐν
915 4907 1278 4982 προσχήματι
1343 4902 1491 4978 τάχα
1569 4901 1854 4975 θεραπείας
1926 4904 2013 4958 καὶ

357 4999 604 5075 ἷατρείας
637 4996 690 5053 ἐν
732 5002 800 5072 τῇ
861 4994 1174 5074 ἐλεφαντίνη
1216 4991 1584 5066 καθείργνυσι,
1615 4989 1742 5052 τοὺς
1790 4989 1847 5046 δὲ
1887 4992 2017 5046 τού-

345 5111 452 5144 του
512 5087 666 5150 υἱοὺς
723 5085 773 5140 ἐν
825 5087 993 5160 ἒτὲρῳ
1048 5083 1138 5138 καὶ
1187 5082 1352 5156 ἑτέρῳ
1396 5080 1552 5152 τόπῳ
1603 5076 1870 5149 διίστησιν
1927 5081 2020 5136 ἀπ’

353 5179 557 5232 αὐτοῦ.
588 5177 660 5230 Τὸ
690 5173 746 5232 δὲ
791 5173 1004 5244 πλῆθος
1050 5177 1157 5227 τῶν
1212 5169 1561 5238 Πατζινάκων
1618 5169 1869 5244 βρώμασι
1927 5169 2018 5224 καὶ

349 5267 567 5340 πόμασι
599 5267 879 5326 παντοίοις
909 5263 1045 5337 πρὸς
1075 5261 1138 5316 τὸ
1182 5259 1358 5315 δοκεῖν
1407 5259 1611 5313 εὐνοεῖν
1654 5253 2016 5331 ἀνελάμϐανε,

356 5354 704 5422 σπεύδων,εἰ
767 5353 882 5410 οἷόν
942 5373 1022 5423 τε,
1047 5355 1155 5405 τῶν
1207 5349 1463 5422 ἁρμάτων
1519 5346 1748 5410 τούτους
1805 5347 2018 5424 ἀπογυ-

359 5447 577 5517 μνῶσαι
603 5445 691 5500 καὶ
722 5450 832 5498 τῶν
860 5442 1053 5496 ἳππων
1079 5440 1167 5494 καὶ
1200 5442 1493 5512 κατασχεῖν
1539 5435 1630 5491 καὶ
1689 5440 2015 5513 φρουρῆσαι,

351 5535 486 5598 τοὺς
517 5535 874 5609 ἐπιθεμένους
922 5533 1003 5600 τῷ
1055 5529 1205 5607 φόνῳ
1263 5525 1464 5588 άνὲτως
1525 5526 1614 5580 καὶ
1674 5523 2016 5602 ἐλευθερίως,

347 5625 453 5696 ὅπη
486 5626 571 5682 κεί
621 5626 698 5690 ὡς
752 5619 1078 5699 βούλονται,
1112 5614 1312 5694 διάγειν
1365 5613 1655 5676 κελεύσας.
1693 5615 1790 5669 Καὶ
1843 5613 2016 5670 ἐδόκει

354 5716 444 5789 μὲν
465 5723 630 5775 ταῦτα
664 5706 1114 5790 διαπραξάμενος
1161 5704 1466 5776 λανθάνειν,
1499 5701 1646 5759 ἀλλᾶ
1690 5704 1781 5759 τὸν
1839 5701 2016 5778 δῆμον

2128 4729 2394 4796 collocat,
2425 4729 2821 4799 simulataque
2852 4727 3277 4798 benevolentia,
3332 4728 3778 4785 multitudinem

2129 4819 2490 4874 Patzicarum
2539 4834 2810 4873 recreans
2842 4818 2954 4873 cibi
2999 4835 3064 4873 ac
3114 4823 3290 4889 potus
3337 4817 3497 4873 omni
3547 4833 3780 4890 genere,

2125 4907 2182 4963 id
2215 4908 2420 4978 quaerit
2459 4914 2525 4962 ut
2555 4907 2604 4962 si
2636 4924 2749 4976 qua
2798 4907 2923 4962 fieri
2957 4907 3143 4978 possit
3193 4907 3440 4973 ratione,
3471 4907 3651 4962 armis
3682 4925 3782 4963 eos

2126 4998 2414 5070 equisque
2447 4997 2699 5052 nudatos
2729 4996 2788 5050 in
2822 4996 3148 5050 custodiam
3184 4996 3378 5051 dedat.
3416 4995 3781 5052 Percussori-

2126 5087 2258 5154 bus,
2291 5085 2627 5155 ubicunque
2677 5084 2891 5140 vellent
2920 5083 3100 5139 libere
3145 5085 3394 5156 degendi
3443 5085 3781 5141 facultatem

2125 5175 2415 5231 concedit.
2448 5175 2602 5233 596
2635 5175 2703 5229 Et
2746 5175 2991 5246 putabat
3043 5190 3185 5229 sane
3229 5191 3345 5230 non
3393 5174 3785 5231 animadverti

2127 5265 2268 5336 quid
2301 5269 2534 5336 ageret:
2561 5264 2662 5319 sed
2687 5264 3024 5320 Patzinacas
3046 5267 3238 5318 tamen
3281 5263 3526 5319 minime
3551 5263 3778 5320 fefellit.

2126 5354 2270 5410 Nam
2327 5352 2475 5408 nihil
2536 5352 2674 5409 boni
2731 5351 3053 5425 signiﬁcari
3111 5368 3176 5408 eo
3219 5352 3567 5424 judicabant
3623 5354 3782 5426 quod

2126 5444 2333 5498 ducem
2367 5443 2633 5512 ipsorum
2665 5442 2963 5497 detinebat
2994 5459 3059 5496 ac
3111 5443 3264 5514 quod
3299 5441 3450 5498 filios
3503 5443 3631 5514 ejus
3662 5443 3782 5499 dis-

2121 5533 2436 5603 junxerat;
2471 5537 2527 5586 et
2559 5531 2887 5586 libertatem
2939 5533 3381 5601 percussoribus
3431 5531 3783 5604 permissam

2127 5639 2233 5694 pro
2265 5625 2463 5693 aperto
2513 5620 2932 5675 malevolentiae
2984 5622 3152 5693 signo
3201 5621 3520 5677 habebant.
3573 5623 3782 5693 Itaque

2130 5728 2203 5766 ea
2230 5727 2357 5781 quis
2391 5711 2783 5766 mittebantur
2829 5709 2902 5763 ab
2936 5708 3290 5782 imperatore
3320 5711 3466 5766 actis
3497 5710 3701 5783 gratiis
3729 5715 3788 5766 et
