4164 6390
391 387 507 445 3ὶ7

1747 373 2062 435 GEORGII
2111 373 2452 435 CEDRENI
3696 380 3815 438 328

393 520 585 574 fausta
616 517 665 573 ei
701 519 1004 586 precantes
1036 513 1424 585 accipiebant,
1448 526 1810 583 prorsusque
1841 526 1956 580 pris
1989 525 2039 563 se

2167 505 2265 560 οὐκ
2295 504 2453 561 ἔλαθε
2482 511 2589 562 τῶν
2642 509 3009 577 11ατζινάκων.
3043 511 3156 580 Τήν
3215 531 3271 565 τε
3329 511 3432 585 γὰρ
3492 515 3588 566 τοῦ
3647 513 3825 567 αὐτῶν

395 609 656 663 ferebant
686 607 884 660 omnia
924 603 1035 659 sibi
1089 603 1342 674 probari.
1377 602 1485 655 Sed
1523 605 1692 654 nocte
1743 599 1914 662 facta,
1951 615 2049 652 ne-

394 697 552 752 mine
602 695 961 766 suspicante,
995 709 1024 747 e
1054 692 1266 746 castris
1313 692 1734 753 discesserunt,
1769 704 1835 742 ac
1867 688 2054 742 conti-

395 791 602 840 uenter
646 800 747 856 per
790 788 974 837 totam
1026 788 1253 836 noctem
1309 781 1458 834 facto
1486 779 1718 842 itinere,
1752 777 1926 830 tertio
1960 776 2055 829 die

341 937 349 953 ἡ
397 875 656 928 Haemum
680 870 1038 941 transgressi
1064 868 1305 939 reliquis
1331 884 1392 922 se
1415 867 1842 935 conjunxerunt
1866 863 2052 918 Patzi-

397 964 580 1018 nacis.
629 962 770 1016 Cum
825 976 1030 1015 omnes
1085 959 1142 1012 in
1199 975 1381 1012 unum
1435 956 1769 1020 coivissent,
1808 955 2054 1024 jamque

395 1055 571 1108 etiam
608 1068 905 1106 armorum
953 1049 1098 1103 satis
1132 1064 1407 1119 magnam
1463 1049 1772 1118 parassent
1801 1042 2052 1114 copiam,

394 1149 654 1199 Haemum
705 1145 1033 1209 transeunt,
1068 1139 1396 1209 castrisque
1447 1137 1518 1192 ad
1570 1135 1776 1190 Aulam
1824 1134 1903 1204 (id
1943 1140 2052 1201 est,

395 1233 703 1289 castellum
749 1233 806 1286 in
843 1247 1115 1302 processu
1173 1229 1386 1282 montis
1439 1225 1640 1290 ilu'mi,
1679 1224 1829 1278 haud
1890 1223 2056 1291 longe

394 1321 769 1393 Adrianopoli
831 1321 1033 1391 situm)
1115 1318 1281 1373 factis
1359 1317 1570 1388 praedis
1651 1314 1896 1384 agendis
1961 1329 2055 1367 se-

393 1413 559 1467 dant

2163 595 2541 669 καθηγεμόνος
2603 597 2927 672 κατάσχεσιν
2983 599 3073 651 xui
3125 600 3224 668 τὴν
3272 605 3376 653 τῶν
3438 599 3642 655 ἐκείνου
3696 603 3831 655 υἱῶν

2166 681 2430 754 διάζευξιν
2462 682 2522 739 oi)
2556 686 2800 760 χρηστὸν
2835 686 3031 740 οἰωνὸν
3079 685 3418 763 ἐλογίζοντο,
3450 690 3537 743 xui
3597 696 3832 763 σημεῖον

2163 773 2455 835 κακονοίας
2533 776 2804 852 προφανὲς
2886 775 3131 848 ἐνόμιζεν
3189 778 3288 845 τὴν
3347 783 3454 832 τῶν
3517 775 3835 834 ἐπιϐούλων

2164 862 2492 935 ἐλευθερίαν.
2549 864 2642 916 Διὸ
2718 864 2806 917 xui
2886 865 2953 918 τὰ
3035 866 3130 938 μὶν
3205 867 3516 942 πεμφθέντα
3583 866 3832 938 ἐδέξαντο

2169 953 2282 1024 μετ’
2335 951 2708 1028 εὐχαριστίας,
2766 954 2855 1006 xui
2914 954 3004 1008 τὸν
3068 954 3292 1027 βασιλέα
3340 956 3684 1031 εὐφήμησαν,
3733 959 3830 1012 xui

2166 1039 2234 1094 δι’
2266 1039 2338 1093 ὦν
2368 1039 2584 1094 ἐποίουν
2618 1039 3056 1117 ἀποδεχομένοις
3093 1043 3326 1115 ἰῴκεσαν
3375 1047 3442 1099 τά
3487 1047 3827 1122 πραχθένταο

2163 1131 2354 1193 νυκτὸς
2436 1127 2492 1184 δὲ
2575 1129 2965 1205 ἐπιγενομένης
3001 1176 3014 1197 ,
3077 1129 3311 1204 μηδενὸς
3387 1136 3830 1199 ὑποτοπάσαντος

2166 1216 2388 1294 ἄραντες
2444 1218 2503 1274 ἐκ
2561 1222 2655 1288 τῆς
2715 1217 3077 1295 παρεμϐολῆς
3138 1222 3229 1276 καὶ
3284 1224 3524 1296 συντόνῳ
3584 1222 3652 1278 δι’
3685 1223 3832 1297 ὅλης

2165 1309 2352 1372 νυκτὸς
2384 1307 2722 1382 χρησάμενοι
2755 1313 2823 1382 τῇ
2860 1307 3166 1386 ὁδοιπορίᾳ,
3197 1317 3431 1385 τριταῖοι
3489 1313 3578 1368 τὸν
3640 1317 3829 1386 Αἷμον

2167 1393 2443 1459 διαϐάντες
2495 1397 2740 1452 ἇνοῦνται
2798 1398 2889 1453 καὶ
2943 1399 3098 1454 αὐτοὶ
3156 1405 3235 1472 τῷ
3291 1399 3490 1471 πλήθει
3554 1408 3661 1458 τῶν
3712 1410 3827 1459 Πα-

390 1501 674 1570 τζινάκων.
711 1501 996 1571 Γενόμενοι
1057 1503 1188 1571 γοῦν
1247 1497 1474 1555 ἅπαντες
1530 1494 1614 1567 ὑφ’
1674 1493 1752 1559 ἓν,
1812 1488 1918 1560 ἤδη
1975 1487 2032 1544 δὲ
2079 1490 2169 1543 καὶ
2228 1487 2414 1543 ὅπλων
2466 1488 2843 1563 ἀποχρώντως
2914 1491 3295 1563 ηὑπορηγότες
3346 1489 3646 1568 διαπερῶσι
3722 1497 3826 1551 τὸν

394 1594 619 1662 Αἷμον,
680 1589 770 1643 xui
829 1582 1192 1660 παρεμϐολὴν
1247 1587 1340 1658 μὲν
1402 1583 1706 1658 πηγνύουσι
1762 1581 1899 1635 κατὰ
1952 1580 2053 1646 τήν
2111 1576 2298 1645 Αύλήν
2360 1577 2641 1655 (φρούριον
2704 1576 2760 1633 δὲ
2818 1582 2852 1648 ἡ
2912 1579 3069 1649 Αὑλὴ
3155 1583 3292 1636 κατᾶ
3375 1583 3469 1644 τὰς
3549 1584 3830 1660 ὑπωρείας

392 1680 792 1754 [κειμένη]τοῦ
846 1677 1025 1751 Αἵμου
1075 1677 1163 1732 καὶ
1223 1676 1286 1731 ού
1335 1675 1473 1730 πάνυ
1531 1673 1721 1750 πόρῥω
1779 1672 2025 1744 κείμενον
2082 1667 2613 1742 Ἀδριανουπόλεως)
2669 1671 2755 1724 xui
2817 1671 2953 1747 πρὸς
3011 1671 3306 1742 λεηλασίαν
3362 1673 3451 1728 καὶ
3502 1674 3648 1729 λείαν
3694 1678 3825 1752 τρὲ-

391 1793 606 1826 πονται.

464 1863 624 1926 Quod
661 1861 756 1916 ubi
792 1859 1065 1932 cognovit
1097 1859 1214 1913 dux
1258 1855 1596 1912 Occidentis
1627 1853 2050 1910 Constantinus
2085 1852 2131 1917 B

393 1953 677 2024 magister
702 1951 1014 2013 Arianites,
1033 1949 1156 2020 ipse
1185 1962 1416 2018 quoque
1445 1946 1799 2000 instructum
1826 1941 2047 1996 exerci-

392 2047 515 2096 tum
562 2040 937 2111 Adrianopoli
971 2044 1173 2092 contra
1203 2053 1302 2091 eos
1353 2035 1578 2100 educit;
1612 2039 1667 2088 et
1700 2033 1886 2104 primo
1915 2030 2046 2102 qui-

391 2131 524 2185 dem
558 2131 614 2182 in
667 2129 957 2199 quosdam
1006 2126 1273 2197 palantes
1321 2123 1585 2178 incidens
1638 2139 1759 2176 rem
1808 2120 2050 2175 feliciter

391 2218 561 2291 gerit,
586 2219 685 2272 sed
715 2218 783 2271 ad
811 2215 1114 2271 castellum
1141 2213 1350 2268 deinde
1376 2211 1705 2281 Dampolim
1735 2225 2048 2264 occurrens

392 2307 760 2364 multitudini
793 2305 1048 2361 hostium
1079 2303 1353 2370 vincitur,
1387 2302 1590 2356 multis
1628 2298 2047 2354 Macedonibus

391 2413 457 2451 ac
483 2397 810 2451 Thracibus
837 2393 1092 2449 amissis.
1121 2392 1468 2447 Ceciderunt
1490 2389 1664 2444 etiam
1703 2387 2045 2442 Theodorus

391 2487 540 2542 597
577 2485 947 2555 Strabomyta
979 2489 1035 2537 et
1061 2481 1250 2552 Polys,
1309 2479 1525 2534 illustri
1576 2478 1702 2533 loco
1733 2478 1850 2532 nati
1885 2483 1941 2530 et
1970 2477 2042 2531 ob

387 2576 663 2629 violatam
697 2572 969 2628 Tornicio
993 2572 1168 2625 ﬁdem
1203 2569 1482 2623 illustres.
1521 2567 1797 2638 Magister
1844 2565 2043 2619 Adria-

387 2663 647 2735 nopolim
683 2677 952 2716 reversus
986 2676 1085 2730 per
1117 2658 1340 2711 litteras
1375 2657 1786 2727 imperatorem
1821 2655 1892 2707 de
1942 2671 2041 2706 ac-

387 2758 555 2823 cepta
583 2752 746 2806 clade
779 2750 966 2812 docet,
999 2753 1313 2816 monetque
1346 2761 1491 2799 novo
1523 2759 1653 2798 esse
1703 2759 1850 2813 opus
1879 2758 2038 2797 exer-

386 2841 544 2906 citu;
579 2855 712 2893 nam
748 2853 882 2892 cum
934 2835 1322 2907 praesentibus
1367 2832 1554 2903 cepiis
1604 2832 1886 2886 adversus
1919 2837 2034 2884 tam

388 2944 771 2985 numerosum
806 2925 1064 2981 hostium
1119 2923 1460 2987 exercitum,
1495 2921 1583 2975 cui
1617 2938 1695 2975 eae
1719 2921 1843 2989 jam
1878 2925 2040 2990 terga

387 3018 800 3080 obvertissent,
835 3014 998 3069 nullo
1031 3014 1203 3068 modo
1247 3029 1368 3066 rem
1403 3011 1521 3079 geri
1557 3027 1746 3082 posse.
1780 3009 1907 3064 Jam
1943 3028 2042 3063 an-

387 3111 624 3176 tequam
658 3103 884 3158 litteras
916 3101 1210 3171 acciperet
1240 3098 1577 3168 imperator,
1612 3097 1683 3152 de
1708 3099 1939 3166 jactura
1970 3114 2037 3150 ea

2233 1851 2400 1921 ’Ὀπερ
2465 1851 2834 1924 μαοὼνὸτῆς
2895 1851 3104 1912 Δύσεως
3164 1851 3349 1927 ἄρχων
3412 1858 3827 1917 Κωνσταντῖνος

2162 1939 2455 2013 μάγιστρος
2516 1940 2544 1993 ὁ
2606 1939 2932 2014 Ἀριανίτης,
2991 1941 3077 1994 καὶ
3158 1939 3318 2002 αὑτὸς
3380 1944 3827 2017 παρεσκευασμέ-

2156 2049 2248 2088 νας
2283 2024 2426 2102 ἔχων
2484 2028 2577 2090 τὰς
2609 2028 2744 2104 ἀμφ’
2776 2029 2938 2082 αὑτὸν
3003 2025 3278 2102 δυνάμεις,
3314 2031 3444 2105 ἄρας
3506 2029 3556 2103 ἒξ
3593 2030 3818 2108 Ἀδρια-

2156 2115 2472 2171 νουπόλεως
2527 2112 2746 2192 ἔρχεται
2830 2119 2944 2170 κατ’
2994 2117 3191 2174 αὐτῶν.
3249 2121 3347 2173 Καὶ
3417 2121 3648 2196 σποράσι
3711 2122 3818 2193 μὲν

2155 2227 2292 2259 τισιν
2349 2206 2401 2260 ἐν
2455 2211 2534 2276 τῷ
2591 2207 2802 2260 ἀπιέναι
2859 2207 3170 2282 περιτυχὼν
3205 2207 3522 2282 εὐτύχησεν·
3560 2211 3669 2264 εἶτα
3720 2212 3820 2264 καὶ

2156 2295 2302 2368 παρᾶ
2347 2296 2408 2349 τὸ
2466 2294 2761 2369 λεγόμενον
2823 2294 3106 2367 Δάμπολιν
3169 2297 3430 2372 φρούριον
3473 2301 3817 2369 συναντήσας

2155 2389 2235 2456 τῷ
2266 2381 2467 2454 πλήθει
2501 2383 2591 2437 xui
2622 2378 2951 2458 προσϐαλὼν
3013 2387 3263 2453 ἡττᾶται,
3298 2386 3570 2441 πεσόντων
3617 2386 3668 2442 ἐν
3728 2394 3818 2461 τῷ

2153 2471 2389 2545 πολέμῳ
2449 2470 2774 2529 Μακεδόνων
2831 2473 2919 2527 καὶ
2983 2479 3203 2548 Θρᾳκῶν
3256 2474 3353 2529 οὐκ
3399 2476 3622 2550 ὀλίγων,
3657 2478 3817 2532 ἀναιο

2157 2564 2413 2638 ρεθέντων
2444 2560 2499 2616 δὲ
2528 2562 2614 2616 xui
2649 2559 2933 2638 Θεοδώρου
2963 2568 3058 2617 τοῦ
3109 2559 3502 2639 Στραϐομύτου
3559 2567 3646 2620 καὶ
3708 2573 3813 2622 τοῦ

2154 2651 2326 2718 Πολῦ,
2361 2649 2569 2725 ἀνδρῶν
2601 2650 2662 2706 ἐκ
2690 2650 2876 2727 γένους
2909 2651 3169 2728 λαμπροῦ
3227 2653 3316 2708 xui
3375 2653 3662 2726 ἐπισήμων
3719 2678 3814 2730 γε-

2151 2743 2391 2814 νομένων
2448 2739 2507 2794 ix
2562 2747 2661 2809 τῆς
2722 2739 2796 2802 sic
2842 2740 2931 2794 τὸν
2965 2743 3254 2815 Τορνίκιον
3289 2743 3555 2806 ἀπιστίας.
3589 2745 3650 2800 Ὁ
3709 2746 3808 2817 μὶν

2153 2831 2244 2885 οὗν
2300 2830 2592 2904 μάγιστρος
2673 2829 2994 2903 ὑπέστρεψεν
3081 2829 3132 2884 ἐν
3194 2828 3665 2904 Ἀδριανουπόλει,
3721 2839 3800 2906 τῷ

2155 2919 2370 2996 βασιλεῖ
2403 2917 2459 2972 δὲ
2491 2916 2581 2972 διὰ
2610 2917 2952 2993 γραμμάτων
3003 2917 3234 2994 ἅγγελος
3291 2925 3388 2974 τοῦ
3445 2921 3806 2996 ἀτυχήματος

2147 3009 2368 3085 γίνεται,
2403 3005 2570 3076 δηλοῖ
2599 3005 2657 3062 δὲ
2699 3007 2787 3062 καὶ
2829 3009 2903 3070 ὡς
2953 3005 3035 3062 δεῖ
3084 3007 3312 3083 στρατοῦ
3369 3009 3614 3073 νεαλοῦς·
3669 3013 3813 3084 μετὰ

2149 3101 2252 3173 γὰρ
2280 3102 2387 3152 τῶν
2435 3098 2718 3172 παρόντων
2775 3095 3030 3151 ἀδύνατον
3082 3097 3603 3172 ἀντιπαρατάξασθαι
3664 3103 3812 3174 πρὸς

386 3195 719 3250 rcsciverat.
754 3195 808 3247 Is
833 3191 1156 3263 Tyrachum
1191 3194 1248 3243 et
1288 3187 1545 3258 reliquos
1596 3187 2032 3240 Patzinacarum

2152 3187 2418 3257 τοσαύτην
2479 3186 2691 3256 πληθὺν
2745 3184 2853 3257 ἤδη
2897 3188 2964 3240 τὰ
3020 3191 3164 3242 νῶτα
3193 3190 3521 3262 τρεψάντων.
3557 3191 3641 3260 [Ρ.
3674 3194 3812 3266 784]

383 3283 703 3354 principes,
737 3281 835 3352 qui
871 3282 928 3334 in
981 3281 1121 3334 urbe
1168 3277 1602 3342 detinebantur,
1638 3276 1806 3330 donis
1838 3293 1902 3330 ac
1934 3276 2036 3330 be—

387 3373 618 3427 neﬁciis
678 3388 818 3426 suos
871 3369 1025 3433 facit,
1068 3368 1417 3438 juratosque
1466 3382 1528 3420 se.
1582 3370 1814 3436 gentem
1865 3382 2033 3419 suam

340 3461 720 3532 ’placaturns
779 3458 1016 3514 emittit.
1063 3456 1295 3511 Litteris
1355 3473 1524 3524 porro
1586 3454 1784 3508 missis
1837 3471 2038 3509 omnes

384 3549 713 3604 Orientales
764 3554 962 3604 evocat
1009 3546 1289 3615 legiones.
1319 3545 1424 3607 Qui
1458 3560 1594 3599 cum
1643 3545 1714 3598 ab
1750 3545 1948 3615 Abydo
1979 3550 2036 3599 et

379 3637 722 3708 Chrysopoli
755 3638 1151 3707 trajecissent,
1187 3634 1601 3704 imperatorem
1653 3633 1738 3687 eis
1781 3634 2034 3704 prieferit

377 3727 769 3797 Nicephorum
805 3729 1110 3794 rectorem,
1131 3727 1190 3778 et
1211 3727 1410 3776 contra
1435 3722 1772 3776 Patzinacas
1795 3722 2032 3790 emittit,

379 3815 675 3884 simulque
705 3811 1110 3870 Catacalonem
1134 3811 1387 3866 Orientis
1416 3811 1623 3865 ducem
1656 3811 2030 3882 designatum

375 3905 765 3959 etErbebium
798 3901 1275 3972 FrancOpullum,
1311 3899 1684 3972 popularium
1726 3906 1866 3956 tunc
1897 3918 2029 3956 suo-

374 4010 505 4048 rum
541 3995 772 4058 ducem,
806 3993 1012 4047 adesse
1043 4008 1143 4046 eos
1175 3991 1380 4045 rectori
1433 3990 1682 4060 ejusque
1734 3990 2032 4062 obtempe-

373 4099 501 4137 rare
549 4083 852 4136 sententia;
893 4087 950 4135 et
1001 4081 1295 4134 mandatis
1337 4079 1574 4147 jubens.
1612 4078 1664 4132 Is
1713 4079 2026 4133 exercitum

374 4175 539 4225 trans
560 4171 818 4225 Haemum
840 4167 1148 4239 perlocum
1169 4168 1262 4222 cui
1291 4168 1493 4221 Ferrea
1525 4183 1731 4222 nomen
1754 4169 2027 4237 traducit,

375 4275 744 4330 pergensque
775 4259 1055 4312 adversus
1108 4256 1461 4321 Paizinacas,
1498 4256 1554 4309 in
1600 4256 1722 4309 loco
1772 4257 2025 4326 quodam

375 4365 488 4402 non
545 4347 745 4417 procul
779 4365 809 4402 a
841 4347 1085 4401 Centum
1121 4345 1378 4399 Collibus
1409 4345 1520 4399 sito
1555 4345 1824 4406 (Diacene
1855 4346 1906 4400 is
1933 4364 2030 4417 ap-

373 4437 720 4507 pellabatur)
769 4443 959 4490 castra
1010 4435 1145 4489 facit
1175 4433 1443 4504 valloque
1477 4437 1688 4488 munit.
1724 4433 2028 4504 Cogitabat

375 4531 565 4581 autem
603 4525 882 4596 postridie
915 4523 1131 4580 relictis
1172 4524 1248 4578 ibi
1293 4523 1752 4592 impedimentis,
1780 4530 1836 4576 et
1866 4541 2024 4594 quaa-

2150 3280 2206 3330 Ὀ
2267 3275 2323 3331 δὲ
2377 3273 2632 3350 βασιλεὺς
2692 3275 2782 3330 καὶ
2836 3276 2941 3345 πρὸ
2971 3281 3078 3330 τῶν
3113 3276 3313 3332 ἐκείνου
3344 3281 3682 3352 γραμμάτων
3742 3282 3812 3336 τὸ

2149 3361 2357 3438 συμϐὰν
2404 3367 2480 3437 μή
2511 3365 2798 3439 ἀγνοήσας,
2829 3365 2920 3419 τὸν
2954 3365 3048 3438 μὶν
3083 3366 3280 3441 Τυρὰχ
3329 3367 3419 3420 καὶ
3466 3369 3594 3431 τοὺς
3642 3367 3694 3422 ἐν
3731 3373 3804 3442 τῇ

2145 3453 2305 3510 πόλει
2355 3454 2757 3528 κατεχομένους
2802 3452 3070 3530 ἄρχοντας
3120 3460 3226 3510 τῶν
3286 3458 3629 3525 Πατζινάκων
3686 3455 3794 3511 δω-

2147 3550 2294 3620 ρεαῖς
2339 3545 2426 3598 xui
2511 3545 2728 3618 χάρισιν
2816 3545 3293 3617 ὑποποιησάμενος
3384 3546 3798 3622 ὑποσχομένους

2149 3635 2264 3706 μεθ’
2310 3635 2485 3705 ὅρκων
2545 3630 2882 3705 ἐξημερῶσαι
2942 3633 3005 3688 τὸ
3064 3629 3217 3708 γένος
3276 3633 3562 3707 ἐκπέμπει,
3616 3635 3795 3710 γράμ-

2147 3743 2274 3795 μασι
2336 3718 2393 3776 δὲ
2451 3719 2609 3782 αὐτὸς
2667 3721 2732 3775 τὰ
2765 3723 2910 3794 Ἑῷα
2969 3723 3175 3777 ἅπαντα
3239 3725 3648 3797 μεταπέμπεται
3711 3727 3802 3780 τά·

2141 3833 2339 3888 γματα.
2372 3819 2464 3866 *Ων
2509 3809 2776 3874 ἆλθόντων
2837 3813 2924 3866 καὶ
2984 3811 3074 3866 διὰ
3128 3820 3229 3882 τῆς
3261 3810 3494 3870 Ἀϐύδου
3554 3835 3796 3890 περαιω-

2143 3903 2337 3957 Θεντων
2422 3901 2510 3956 xui
2597 3899 3034 3969 Χρυσουπόλεως
3103 3904 3368 3977 στατηγὸν
3417 3904 3798 3979 αὐτοκράτορα

2141 3993 2534 4067 χειροτονήσας
2610 3991 2700 4044 τὸν
2780 3989 3055 4065 ραίκτωρα
3130 3993 3446 4069 Νικηφόρον
3527 3993 3802 4066 ἰκπὲμπει

2139 4081 2274 4136 κατὰ
2332 4085 2438 4134 τῶν
2500 4078 2865 4147 Πατζινάκων.
2921 4080 3295 4154 Συνεξὲπεμψε
3349 4079 3406 4136 δὲ
3485 4082 3632 4154 αὐτῷ
3708 4084 3803 4138 καὶ

2141 4168 2478 4226 Κατακαλὼν
2509 4168 2600 4222 τὸν
2654 4170 3022 4240 Κεκαυμενον,
3077 4169 3458 4240 στρατηλάτην
3515 4174 3612 4239 τῆς
3644 4177 3807 4228 Ἀνα-

2137 4259 2310 4327 τολῆς
2366 4253 2806 4332 προϐαλόμενος,
2847 4259 2934 4312 καὶ
2977 4254 3258 4329 Ἐρϐἐϐιον
3307 4261 3399 4315 τὸν
3447 4260 3804 4334 Φραγγόπω-

2141 4348 2235 4404 λον
2273 4351 2400 4416 (/10),
2431 4345 2675 4422 ἄρχοντα
2721 4352 2798 4416 τῷ
2853 4348 2976 4402 τότε
3029 4353 3136 4402 τῶν
3199 4350 3501 4419 ὁμοεθνῶν,
3535 4349 3801 4412 κελεύσας

2140 4443 2371 4491 συνεῖναι
2404 4441 2482 4506 τῷ
2515 4435 2772 4510 ῥαίκτωρι
2794 4437 2882 4489 καὶ
2915 4443 3013 4505 τῆς
3045 4437 3212 4491 αὐτοῦ
3263 4439 3494 4511 γνώμης
3524 4459 3536 4470 '
3570 4437 3794 4513 ἔχεσθαι

2139 4527 2228 4580 καὶ
2283 4531 2398 4586 τοῖς
2457 4523 2662 4578 ἐκείνου
2727 4524 3103 4600 προστάγμασι
3167 4526 3256 4580 καὶ
3321 4526 3625 4599 θελήμασιι
3675 4524 3802 4581 ἓπε-

372 4631 632 4686 cumque
663 4615 720 4670 in
745 4615 999 4670 exercitu
1033 4619 1201 4669 erant
1225 4628 1673 4682 supervacanea,
1709 4630 1841 4667 cum
1867 4631 2032 4682 expe-

2152 4627 2283 4678 σθαι.
2343 4615 2439 4674 ’Ὸς
2498 4607 2786 4667 ἀναλαϐὼν
2841 4583 2958 4673 τὰς.
3001 4610 3254 4686 δυνάμεις
3332 4615 3421 4670 xui
3465 4583 3563 4670 ιτὸν
3625 4616 3806 4688 Αἶμον

372 4710 496 4764 dito
528 4709 783 4764 exercitu
819 4709 888 4763 ad
926 4709 1152 4762 hostem
1184 4705 1334 4761 598
1368 4706 1640 4759 accedere
1671 4711 1727 4760 et
1771 4722 2027 4775 pugnam

370 4816 692 4857 conserere.
725 4798 907 4853 Stulte
948 4797 1103 4850 enim
1142 4795 1251 4850 sibi
1298 4801 1669 4863 persuaserat
1715 4793 1902 4864 primo
1933 4811 2032 4849 eos

369 4891 591 4960 impetu
625 4894 681 4943 et
713 4887 1091 4958 profligatum
1125 4884 1194 4938 iri
1222 4899 1437 4952 ;eaque
1469 4883 1820 4953 curaipsum
1853 4900 2030 4954 ange-

371 4979 490 5039 bat,
544 4994 613 5031 ne
660 4977 791 5047 quis
841 4977 978 5046 fuga
1021 4974 1311 5028 evaderet.
1355 4969 1555 5041 Neque
1603 4971 1728 5040 ipse
1782 4978 2031 5035 tantum,

369 5067 470 5122 sed
525 5066 701 5120 etiam
760 5069 1070 5120 universus
1133 5062 1468 5117 exercitus:
1503 5061 1826 5116 aﬂ‘erebant
1874 5062 2028 5116 enim

373 5171 570 5209 secum
606 5159 662 5208 et
689 5156 854 5209 funes
887 5160 943 5208 et
983 5153 1354 5222 lora,quibus
1385 5155 1589 5219 captos
1643 5150 2030 5206 devincirent.

371 5242 488 5296 Hoc
522 5241 666 5312 ipsis
697 5242 1094 5313 suspicionem
1124 5241 1390 5303 movit,et
1423 5239 1576 5309 quod
1612 5239 1779 5294 initio
1815 5240 2029 5295 factum

2143 4702 2560 4776 διαπεραιωθεὶς
2621 4698 2710 4754 διὰ
2763 4709 2863 4770 τῆς
2943 4701 3248 4776 λεγομένης
3321 4701 3558 4778 Σιδηρᾶς
3635 4705 3804 4777 ἀπῄει

2142 4793 2279 4847 κατά
2331 4797 2439 4846 τῶν
2505 4789 2874 4858 Πατζινάκων·
2939 4789 3112 4845 ἐλθὼν
3171 4789 3228 4845 δὲ
3284 4796 3689 4862 κατεσκήνωσεν
3745 4791 3800 4848 ἓν

2140 4903 2246 4935 τινι
2280 4879 2455 4954 χώρῳ
2491 4877 2552 4932 οὑ
2589 4880 2794 4952 μακρὰν
2836 4879 3096 4952 ἀπέχοντι
3147 4884 3252 4934 τῶν
3281 4880 3504 4936 Ἑκατὸν
3571 4883 3801 4955 βουνῶν,

2141 4974 2218 5039 τῷ
2267 4967 2552 5041 λεγομένῳ
2601 4967 2838 5022 Διακενε.
2893 4968 3117 5022 Κάκεῖσε
3190 4968 3406 5043 χάρακα
3482 4969 3798 5041 πηξάμενος

2145 5058 2346 5133 ὀχυρὸν
2400 5061 2468 5129 τῇ
2530 5054 2784 5129 ἐπαύριον
2845 5055 3076 5128 ἐμελᾶτα
3145 5059 3244 5125 τήν
3321 5061 3416 5130 μὶν
3490 5059 3799 5126 ἀποσκευὴν

2145 5148 2314 5202 ἐκεῖσε
2345 5145 2526 5200 λιπεῖν
2558 5146 2646 5199 xui
2677 5145 2743 5200 τὰ
2772 5149 2997 5219 περιττὰ
3027 5151 3122 5200 τοῦ
3151 5153 3406 5221 στρατοῦ,
3438 5147 3596 5209 αὐτὸς
3629 5144 3685 5201 δὶ
3708 5144 3797 5202 εὕ-

2147 5244 2312 5306 ζωνος
2346 5234 2598 5297 ἀπελθεῖν
2630 5236 2716 5289 xui
2751 5236 3014 5306 συμμῖξαι
3041 5241 3156 5298 τοῖς
3187 5235 3468 5298 ἐναντίοις.
3505 5244 3663 5315 ᾭετο
3693 5239 3799 5310 γὰρ

1559 5381 1933 5436 XYLANDRI
1974 5383 2065 5438 ET
2106 5381 2326 5438 GOARl
2367 5379 2602 5435 ΝΟΤίΕ.

442 5492 554 5562 (40)
584 5491 745 5545 Sicut
795 5496 929 5545 ante
979 5490 1207 5562 Bulgari
1271 5489 2028 5562 comitopuliidicebantur,

369 5560 456 5618 ita
496 5560 654 5617 hunc
703 5578 808 5633 ego
841 5580 870 5615 a
908 5561 1142 5616 Francis
1191 5563 1508 5617 oriundum
1563 5561 1745 5633 fuisse
1794 5560 2026 5633 colligo,

370 5631 921 5707 Francigenam,qui
950 5633 1217 5707 fortassis
1245 5651 1390 5707 cum,
1413 5639 1608 5707 turma
1632 5631 1831 5707 aliqua
1856 5631 2030 5707 Fran-

371 5703 872 5778 corum'equitum
908 5705 1200 5777 stipendia
1232 5707 1342 5761 sub
1374 5703 1762 5761 Monomacho
1809 5705 2025 5773 fecerit,

2143 5494 2207 5544 ut
2238 5505 2417 5559 supra
2449 5487 2758 5559 Arduenus
2818 5486 2926 5559 sub
2979 5487 3283 5542 Michaelo.
3341 5488 3409 5541 Et
3458 5505 3599 5542 sane
3648 5486 3804 5542 infra

2143 5561 2347 5615 Franci
2380 5559 2660 5612 dicuntur
2689 5558 2744 5612 in
2782 5558 2969 5614 Iberia
3001 5559 3322 5628 militasse;
3355 5564 3411 5614 et
3442 5561 3498 5613 in
3545 5560 3796 5614 Stratio-

2139 5633 2254 5760 ἔξω
2287 5632 2504 5686 diserte
2552 5630 2883 5685 ostenditur
2928 5631 3061 5702 quis
3113 5631 3288 5687 fuerit
3328 5632 3440 5687 iste
3489 5631 3800 5687 Erbebius.

2197 5722 2282 5759 YL.
