4164 6392
375 319 498 378 399

1519 317 2070 380 HISTORIARUM
2116 317 2668 384 COMPENDIUM.

3690 343 3812 405 330

371 443 628 504 αὐτοϐοεὶ
681 447 932 524 ἀφρόνως
987 448 1218 509 τούτους
1265 447 1535 521 αἱρήσειν,
1568 447 1656 502 καὶ
1703 446 1894 503 ἐδεδίει
1952 470 2019 504 κα

2157 451 2266 506 fuit
2297 469 2434 524 erga
2458 471 2540 524 se,
2575 461 2631 510 et
2661 456 2910 530 Kegenis
2943 476 3135 516 casus.
3190 466 3272 520 Ad
3305 473 3632 530 extremum
3672 491 3808 532 cum

379 535 638 614 φροντίδα
689 537 896 601 ἐτίθετο
945 538 1022 608 μή
1073 559 1156 598 τις
1206 535 1388 590 λαθὼν
1437 534 1742 612 διαδράσειε
1783 541 1920 612 (41),
1951 540 2040 594 καὶ

385 605 480 683 όύκ
537 628 705 690 αὐτὸς
757 626 944 700 μόνος.
985 625 1132 682 ἀλλὰ
1187 625 1278 680 καὶ
1337 627 1364 679 ὁ
1415 626 1630 698 σύμπας
1663 629 1909 701 στρατός·
1945 629 2041 683 ἐπ-

377 717 632 790 εφέροντο
684 717 790 790 γὰρ
841 715 930 770 καὶ
979 712 1359 769 καλώδιιίκαὶ
1407 713 1626 788 λώρους
1659 717 1790 790 πρὸς
1831 719 1894 772 τὸ
1953 715 2040 772 δε-

373 783 532 878 σμεῖν
593 783 723 866 τοὺς
785 803 1198 877 ἁλισκομένους.
1259 806 1434 862 Τοῦτο
1489 801 1545 860 δὲ
1588 803 1770 860 ἐδίδου
1828 807 2040 870 τούτοις

371 896 634 950 ὑπονοεῖν
665 895 732 949 τὸ
759 895 876 948 κατ’
909 894 1084 968 ἀρχὰς
1135 893 1516 968 ἰπιγενόμενον
1578 894 1654 958 εἰς
1710 895 1904 959 αὐτοὺς
1953 897 2040 952 ἐπὶ

371 989 470 1038 τοῗ)
559 985 824 1058 Κεγένους
909 987 1131 1056 πτῶμα.
1217 981 1436 1055 Ἀμέλει
1513 983 1603 1038 καὶ

377 1069 662 1128 λαϐόντων
696 1077 806 1127 τῶν
837 1071 1185 1140 [Ιατζινάκων
1225 1073 1324 1140 τῆς
1373 1069 1706 1135 ἐπιλεύσεως
1751 1078 1858 1128 τῶν
1905 1081 2035 1128 Ῥω-

381 1163 554 1236 μαίων
615 1159 752 1233 (ἤδη
811 1161 914 1236 γὰρ
947 1161 1036 1216 καὶ
1068 1161 1312 1235 ὁΤυράχ
1341 1161 1428 1215 καὶ
1485 1162 1536 1215 οἱ
1591 1161 1682 1214 σὺν
1735 1163 1882 1234 αὐτῷ
1935 1171 2034 1234 τῆς

375 1251 590 1316 πόλεως
615 1250 984 1314 ἀπολυθέντες
1016 1247 1277 1325 ἄρχοντες
1309 1248 1597 1311 ἐνωθέντες
1655 1252 1794 1319 ἦσαν
1853 1252 2037 1315 αὐτοῖς

369 1339 458 1395 καὶ
487 1343 556 1396 τά
591 1341 943 1416 συμφέροντα
971 1337 1186 1402 τούτοις
1219 1336 1566 1407 ἐσπούδαζον,
1603 1341 1782 1416 μακρᾶ
1821 1343 2033 1417 χαίρειν

359 1431 619 1494 εῗπόντες
663 1435 783 1490 ταῖς
831 1429 966 1502 πρὸς
1015 1429 1105 1483 τὸν
1159 1429 1495 1504 Μονομάχον
1553 1431 1902 1506 ὑποσχέσεσι)
1943 1433 2030 1486 καὶ

353 1517 804 1596 προδραμόντων
848 1522 958 1573 τῶν
1011 1516 1430 1591 ἀλκιμωτέρων,
1464 1519 1552 1572 καὶ
1593 1523 1688 1574 τού
1757 1521 2033 1594 Κεκαυμέ-

353 1631 462 1664 νου
499 1608 764 1684 μέγιστον
791 1603 1136 1669 ἀναϐοῶντος
1165 1607 1254 1661 καὶ
1283 1606 1729 1682 παρακαλοῦντος
1773 1613 1864 1664 νῦν
1899 1611 2031 1665 εἶναι

355 1699 556 1772 καιρὸν
621 1697 974 1770 συμπλοκῆς,
1027 1697 1260 1766 ὁπηνίκα
1319 1694 1586 1774 σποράδες
1641 1697 1743 1752 ιῖσὶ
1797 1699 1888 1753 καὶ
1950 1697 2028 1754 δι-

1693 986 2036 1056 συναίσθησιν

2153 543 2586 612 persensissent
2599 546 2746 600 Patzi
2758 565 2910 602 nscas
2925 550 3174 608 adventu
3186 571 3239 609 rn
3255 558 3650 616 Romanorum
3665 565 3807 634 (jam

2151 631 2306 686 enim
2339 637 2396 685 et
2434 633 2678 704 Tyrach,
2712 641 2768 690 et
2815 637 2916 707 qui
2949 655 3081 694 cum
3131 641 3258 714 ipso
3289 651 3454 702 erant
3485 631 3806 724 principes,

2151 722 2223 775 ab
2271 721 2409 775 urbe
2460 721 2684 778 dimissi
2737 742 2868 780 cum
2907 727 3050 798 ipsis
3096 747 3226 787 sese
3272 721 3716 808 conjunxerant,
3750 746 3814 798 et.

2149 811 2432 880 quidquid
2461 811 2544 865 eis
2576 815 2868 884 expediret
2904 818 3165 874 studiose
3196 823 3525 897 curabant),
3563 829 3803 887 omissis

2150 898 2222 952 iis
2246 917 2372 970 quae
2397 900 2782 958 Monmuacho
2817 904 3060 976 polliciti
3095 909 3348 982 fuerant,
3373 922 3426 970 el
3457 917 3805 976 conﬂuenti-

2151 989 2259 1044 bus
2293 989 2633 1046 fortioribus
2665 993 3020 1066 quibusque,
3044 1014 3106 1052 se
3132 1001 3349 1070 optime
3373 1004 3800 1076 instruxerant;

2147 1083 2204 1131 et
2233 1079 2554 1134 Comhusto
2587 1079 2742 1136 clara
2773 1099 2910 1138 voce
2950 1085 3316 1146 exclamante
3349 1098 3405 1146 et
3451 1095 3804 1153 admonente

2148 1185 2306 1223 nunc
2356 1185 2566 1241 pugnre
2617 1176 2848 1242 tempus
2892 1190 3043 1240 esse,
3094 1193 3226 1232 cum
3278 1179 3388 1251 ipsi
3443 1182 3690 1254 dispersi
3735 1203 3803 1242 ac

2146 1257 2417 1327 dissipati
2449 1265 2606 1328 sunt,
2641 1277 2830 1330 neque
2877 1269 3334 1334 exspectandum
3375 1273 3567 1342 quoad
3601 1291 3804 1331 omnes

2146 1346 2324 1400 simul
2376 1353 2746 1419 cogerentur,
2803 1349 3085 1410 laudabat
3135 1355 3358 1428 reliqua
3407 1363 3802 1420 Romanorum

2146 1435 2463 1490 multitudo
2507 1437 2636 1506 ejus
2666 1439 2997 1495 consilium.
3036 1447 3112 1497 At
3143 1453 3334 1502 rector
3372 1455 3570 1520 aperte
3603 1453 3804 1509 irride-

2145 1525 2260 1579 bat.
2319 1525 2544 1591 Desine,
2607 1526 2817 1597 inquit,
2874 1547 2906 1584 ο
2967 1531 3175 1588 ductor
3233 1538 3541 1609 exercitus,
3602 1547 3658 1596 et
3707 1560 3800 1600 me

2141 1615 2422 1668 exercitui
2455 1614 2780 1686 imperante
2811 1634 2883 1673 ne
2913 1625 3118 1676 contra
3154 1621 3408 1695 imperes
3443 1645 3455 1682 :
3495 1645 3606 1684 non
3638 1631 3795 1687 enim

2142 1703 2392 1774 dispersi
2437 1705 2761 1760 Patzinacze
2809 1713 2950 1762 sunt
2997 1709 3332 1780 invadendi,
3369 1733 3438 1771 ne
3487 1717 3635 1774 forte
3665 1737 3796 1792 per-

359 1787 728 1861 εσπαρμένοι,
783 1787 870 1840 καὶ
934 1785 1010 1858 μὴ
1065 1785 1374 1860 περιμένειν
1427 1786 1490 1840 τὸ
1542 1787 1679 1840 ἅπαν
1731 1787 2019 1862 ἄθροισμα,

2141 1792 2359 1847 turbati
2421 1793 2614 1864 sylvas
2666 1795 2932 1851 subeant.
2991 1797 3080 1853 Me
3129 1807 3323 1858 autem
3372 1785 3710 1877 sequentes,
3761 1827 3794 1866 0

363 1876 466 1932 οὐκ
493 1876 689 1950 ἐπῄνει
727 1877 825 1948 μὶν
863 1875 953 1930 καὶ
983 1875 1046 1929 τὸ
1078 1873 1271 1930 λοιπὸν
1325 1873 1541 1944 πλῆθος
1599 1880 1706 1930 τῶν
1739 1877 2028 1950 Ῥωμαίων

365 1965 492 2028 τους
551 1965 762 2020 ἰκείνου
821 1961 1047 2038 λόγους,
1095 1965 1123 2018 ὁ
1181 1961 1239 2018 δὲ
1297 1963 1534 2040 ῥαίκτωρ
1591 1965 1682 2019 καὶ
1740 1973 2028 2045 προφανῶς

371 2051 658 2128 κατεγέλα,
719 2077 748 2105 ι(
833 2057 1064 2120 Παῦσαι,
1125 2049 1320 2127 λέγων,
1381 2053 1426 2107 ὦ
1511 2053 1876 2129 στρατηλάτα,
1935 2057 2024 2111 καὶ

379 2142 510 2214 ὲμοῦ
567 2146 998 2218 στρατηγοῦντος
1049 2140 1206 2204 αὐτὸς
1287 2144 1363 2214 μὴ
1420 2146 1896 2220 παραστρατήγει·
1962 2147 2022 2200 ού

383 2235 494 2307 χρὴ
550 2233 646 2308 γαρ
704 2229 1124 2306 διεσπαρμένοις
1178 2231 1524 2301 ἐπιθήσεσθαι
1582 2239 1700 2295 τοῖς
1759 2235 2021 2304 Ηατζινά-

385 2343 522 2386 κοις,
569 2324 640 2392 μή
687 2341 800 2382 πως
855 2321 1143 2394 πτυρέντες
1197 2318 1572 2376 ὑποδύσωνται
1624 2321 1719 2383 τὰς
1775 2321 2018 2398 λόχμας.

379 2411 538 2484 Ὲμοί
569 2408 623 2464 δὲ
649 2409 1094 2474 ἀκολουθοῦντες,
1128 2411 1172 2464 ὦ
1217 2415 1336 2480 τᾶν,
1370 2411 1431 2464 ού
1475 2412 1808 2486 παρέπονται
1860 2425 2023 2488 θηρα-

367 2499 510 2555 τικοὶ
567 2499 742 2566 κύνες,
773 2497 968 2560 οἵτινες
1026 2499 1446 2574 ῥινηλατοῢντες
1501 2499 1768 2574 ἐξάξουσιν
1825 2501 2018 2566 αὐτοὺς

359 2595 468 2644 τῶν
502 2593 848 2666 καταφυγῶν.
879 2611 908 2639 τι
947 2587 1044 2642 Καὶ
1091 2589 1158 2642 τὰ
1216 2589 1310 2660 μὶν
1367 2592 1474 2643 τὼν
1533 2591 1825 2663 Ῥωμαίων
1881 2592 2016 2660 ἦσαν

361 2679 412 2733 ἐν
439 2679 680 2748 τούτοις,
717 2679 770 2732 οἱ
795 2675 856 2732 δὲ
901 2675 1210 2752 πρόδρομοι
1241 2682 1348 2732 τῶν
1381 2679 1726 2747 Πατζιντέκων
1783 2679 2020 2748 πλησίον

353 2767 638 2840 γενόμενοι
691 2773 794 2834 τῆς
865 2759 1230 2840 παρεμϐολῆς
1287 2769 1394 2820 τῶν
1454 2766 1763 2838 Ῥωμαίων,
1822 2769 2016 2844 μικρὸν

351 2855 732 2918 ἐκκλίναντες,
791 2851 1276 2928 στρατοπεδεύουσι
1332 2854 1422 2908 καὶ
1498 2855 1676 2922 αὐτοὶ,
1727 2855 1816 2910 καὶ
1901 2862 2018 2922 τοῖς

349 2941 582 3008 ὄπισθεν
617 2941 878 3014 δηλοῦσιν
920 2943 1072 3012 ἥκειν
1119 2943 1218 3011 τήν
1256 2944 1547 3019 ταχίστην.
1601 2947 1680 3017 [Ρ.
1711 2947 1836 3018 785]
1872 2947 2017 3000 Πάν-

341 3057 462 3090 των
523 3033 573 3087 δ’
634 3031 901 3086 ἐλθόντων
959 3034 1048 3086 καὶ
1107 3031 1431 3100 ἑνωθέντων,
1491 3036 1558 3106 τῇ
1619 3032 1872 3106 ἐπαύριον
1933 3035 2008 3107 ἐξ-

339 3124 658 3200 αγαγόντος
715 3125 812 3176 τοῦ
862 3121 1160 3197 ῥοίκτωρος
1215 3123 1310 3182 τὰς
1367 3121 1678 3194 Ῥωμαϊκὰς
1758 3121 2011 3196 δυνάμεις

2140 1880 2344 1948 amice,
2381 1899 2492 1936 non
2527 1883 2746 1938 adsunt
2775 1886 3021 1942 venatici
3051 1905 3250 1956 canes,
3293 1893 3392 1963 qui
3443 1894 3794 1970 indagantes

2136 1967 2297 2038 ipsos
2329 1987 2360 2024 e
2391 1969 2554 2038 locis,
2588 1987 2703 2043 quo
2727 1975 3120 2048 confugerint,
3149 1980 3423 2036 educant.
3457 1985 3526 2039 Et
3556 1967 3648 2041 res
3679 1987 3794 2044 Ro-

2139 2074 2448 2114 manorum
2475 2059 2556 2114 ita
2579 2078 2639 2115 se
2661 2061 2976 2120 habebant.
2995 2067 3376 2140 Antesignani
3400 2079 3594 2129 autem
3613 2077 3796 2131 Patzi-

2137 2163 2410 2202 nacarum
2447 2149 2599 2206 599
2637 2166 2770 2205 cum
2817 2154 3024 2210 castris
3069 2160 3648 2232 appropinquassent
3682 2165 3794 2222 Ro-

2135 2252 2468 2299 manorum,
2499 2237 2740 2308 paulum
2777 2241 3151 2300 deﬂectentes
3183 2246 3296 2318 ipsi
3329 2265 3565 2322 quoque
3595 2257 3792 2309 castra

2133 2324 2347 2394 locant,
2381 2331 2436 2381 et
2462 2329 2848 2398 sequentibus
2896 2330 3234 2402 significant
3283 2353 3460 2408 quam
3488 2341 3792 2400 celerrime

2133 2415 2552 2470 accedendum.
2587 2418 2854 2488 Cumque
2887 2436 3090 2476 omnes
3125 2425 3424 2482 venissent
3452 2434 3510 2484 et
3537 2432 3786 2502 conjun-

2131 2504 2204 2558 cti
2262 2511 2480 2567 essent,
2541 2522 2606 2558 ac
2661 2508 2943 2577 postridie
2995 2516 3188 2567 rector
3249 2519 3542 2575 Romanas
3590 2521 3787 2592 copias

2130 2595 2453 2661 eduxisset,
2484 2593 2595 2666 ipsi
2645 2613 2892 2669 quoque
2929 2605 3131 2656 contra
3181 2603 3454 2662 instructi
3505 2609 3562 2664 in
3596 2611 3782 2668 aciem

2130 2684 2470 2754 procedunt.
2520 2685 2834 2742 Ohtinebat
2866 2687 3133 2745 Romanas
3175 2693 3486 2768 phalangis
3517 2699 3781 2756 medium

2131 2777 2319 2826 rector
2351 2772 2496 2844 ipse,
2532 2775 2736 2829 dextro
2767 2792 2946 2832 cornu
2979 2786 3223 2850 praeerat
3243 2783 3620 2856 Combustus,
3645 2790 3784 2846 sini-

2130 2867 2251 2916 stro
2287 2861 2708 2932 Fraucopulus,
2741 2868 3179 2940 commissaque
3229 2889 3426 2944 pugna
3464 2878 3782 2951 proﬂigan-

2130 2959 2222 3004 tur
2243 2951 2513 3015 Romani,
2540 2969 2672 3008 cum
2703 2955 2957 3024 primum
2983 2959 3161 3015 duces
3183 2960 3294 3032 ipsi
3319 2963 3377 3017 in
3406 2965 3606 3037 fugam
3629 2969 3781 3026 versi

2127 3045 2345 3094 essent.
2381 3039 2486 3102 Qui
2523 3057 2594 3096 ne
2627 3043 2841 3112 pedum
2893 3046 3127 3114 quidem
3176 3067 3464 3120 equorum
3497 3057 3782 3128 sonitum,

2129 3137 2192 3180 ut
2222 3129 2406 3194 aiunt,
2442 3129 2802 3186 sustinentes
2832 3133 2943 3187 fusi
2979 3141 3118 3190 sunt
3146 3143 3204 3192 et
3233 3139 3418 3212 fugati
3445 3161 3458 3198 :
3485 3145 3648 3201 solus
3681 3164 3781 3203 au-

335 3213 908 3287 ἆντιπαρατάττονται
961 3212 1053 3265 καὶ
1105 3211 1283 3280 αὐτοὶ,
1341 3211 1430 3265 καὶ
1485 3216 1602 3273 τοῖς
1657 3210 1873 3275 ὄπισθεν
1934 3208 2010 3267 ἔτι

2132 3223 2242 3270 tem
2276 3217 2632 3274 Combustus
2675 3237 2806 3276 cum
2857 3222 2982 3278 suis
3015 3191 3392 3285 ministriscet
3420 3233 3781 3302 quibusdam

345 3301 620 3372 δηλοῦσιν
683 3299 836 3368 ἣκειν
888 3302 988 3368 τὴν
1046 3301 1335 3376 ταχίστην.
1370 3301 1592 3355 Πάντων
1650 3299 1696 3354 δ’
1742 3299 2010 3364 ἐλθόντων

345 3393 434 3446 κιὶ
481 3391 818 3456 ἑνωθέντων,
871 3389 949 3449 ὡς
1021 3385 1245 3466 ἔφαμεν,
1303 3387 1658 3464 ἐξαγαγόντος
1724 3395 1819 3444 τοῦ
1895 3389 2008 3467 Ιξαί-

1910 3502 2010 3550 της

357 3501 574 3544 κτωρος
653 3480 752 3539 τὰς
801 3479 1108 3550 Ῥωμαϊκὰς
1189 3475 1458 3551 δυνάμεις,
1521 3480 1638 3554 εἶχε
1727 3480 1821 3552 μὲν

357 3573 676 3638 Ῥωμαϊκῆς
711 3565 1000 3645 φάλαγγος
1045 3567 1208 3631 αὐτὸς
1235 3569 1298 3623 τὸ
1334 3567 1494 3640 μέσον
1547 3569 1574 3623 ὁ
1625 3567 1884 3646 ῥαίκτωρ,
1915 3574 2011 3624 τοῦ

359 3658 534 3728 ἱεῖςιοῦ
584 3656 642 3713 δὲ
699 3659 926 3732 κέρατος
987 3657 1159 3732 ἦρχεν
1211 3657 1237 3712 ὁ
1281 3656 1641 3729 Κεκαυμένος,
1677 3657 1902 3732 θατέρου
1955 3657 2012 3714 δὲ

363 3748 386 3800 '3
421 3745 854 3822 Φραγγόπωλος.
889 3741 1190 3818 Συμϐολῆς
1233 3743 1290 3800 δὶ
1335 3748 1638 3821 γενομένης
1671 3746 1766 3801 οὐκ
1818 3743 2006 3819 ἔμενον

364 3838 406 3890 ii.
463 3842 748 3909 Ῥωμαῖοι,
805 3839 913 3889 τῶν
977 3840 1298 3910 στρατηγῶν
1349 3837 1580 3911 πρώτων
1643 3835 2006 3892 ἐκκλινάντων

355 3929 492 3996 τρος
545 3927 646 3994 τὴν
697 3927 890 4003 φυγήν.
925 3923 1094 3978 Αὐτοὶ
1159 3924 1252 3995 μὲν
1312 3924 1414 3998 γὰρ
1479 3921 1618 3996 μηδὲ
1655 3927 1748 3979 τὸν
1781 3925 2008 3998 κτύπον,

373 4017 442 4074 Ϊ-’.ς
476 4035 654 4089 φασιν,
680 4020 782 4068 τῶν
827 4011 1016 4067 ποδῶν
1075 4017 1182 4066 τῶν
1245 4009 1426 4068 ἵππων
1487 4013 1794 4088 ἐνεγκόντες
1855 4015 2008 4089 ἐτρά-

492 4075 502 4092 ,
644 4075 652 4080 .
1587 4075 1596 4088 .
1784 4075 1788 4076 ν
1916 4075 1924 4089 .

367 4125 566 4173 πησαν,
602 4103 752 4174 μόνος
810 4101 868 4158 δὲ
932 4103 960 4156 ὁ
1023 4101 1362 4174 Κεκαυμένος
1435 4103 1568 4176 μετὰ
1639 4107 1748 4157 τῶν
1818 4105 2010 4158 ἑαυτοῦ

369 4194 496 4252 στάς
525 4194 860 4262 Θεραπόντων
889 4189 979 4246 καί
1028 4213 1186 4244 τινων
1237 4196 1507 4268 συγγενῶν
1559 4189 1886 4267 ὀλιγοστῶν,
1919 4195 2006 4248 καὶ

369 4287 614 4344 ἶοωϊκῶς
655 4281 1063 4356 ἀγωνισάμενος
1111 4277 1265 4335 ἔπεσε
1316 4281 1449 4354 μετὰ
1496 4282 1710 4335 πάντων
1759 4286 1868 4336 τῶν
1920 4281 2012 4335 σὺν

357 4372 522 4440 τ·3τῷ.
583 4374 784 4424 Tui-cev
859 4371 953 4440 μὲν
1021 4367 1112 4422 οὖν
1187 4367 1284 4423 οὐκ
1343 4369 1653 4441 ἐτόλμησαν
1711 4367 1900 4439 διῶξαι
1958 4370 2009 4424 οἷ

351 4460 686 4528 Ξῗατζινάκοι
760 4455 974 4532 ἐνέδρας
1067 4459 1417 4526 πτοηθέντες,
1475 4457 1564 4513 καὶ
1649 4459 1794 4533 παρὰ
1849 4464 2009 4514 τοῦτο

2124 3305 2327 3376 paucis
2377 3308 2642 3376 cognatis
2691 3315 2928 3365 strenue
2975 3313 3284 3372 decertans
3315 3335 3450 3375 cum
3503 3323 3782 3380 omnibus

2123 3395 2250 3450 suis
2281 3397 2338 3450 in
2376 3397 2572 3468 praelio
2622 3401 2916 3456 occubuit.
2965 3403 3122 3460 Alios
3175 3409 3450 3480 persequi
3499 3428 3614 3467 non
3649 3415 3778 3472 ausi

2122 3490 2262 3540 sunt
2293 3487 2632 3555 Patzinacae,
2667 3488 2918 3546 insidias
2937 3493 3062 3547 'veri
3076 3493 3117 3548 ti
3145 3513 3160 3562 ;
3193 3501 3250 3550 et
3279 3497 3496 3556 idcirco
3527 3501 3776 3558 Romani

2121 3574 2338 3628 servari
2360 3579 2676 3645 potuerunt
2693 3577 3040 3638 incolumes.
3065 3585 3305 3642 Interim
3331 3593 3528 3644 autem
3553 3607 3652 3647 eos
3671 3593 3774 3664 qui

2121 3664 2451 3718 ceciderant
2496 3667 2758 3736 praedati,
2793 3669 3094 3742 armisque
3125 3673 3331 3731 multis
3366 3679 3532 3748 potiti
3563 3688 3619 3736 et
3659 3681 3774 3737 Ro-

2122 3767 2428 3807 manorum
2476 3753 2942 3824 impedimentis,
2975 3760 3357 3820 tabernacula
3387 3774 3617 3837 ponunt
3665 3771 3778 3825 sub

2121 3840 2519 3896 Romanorum
2567 3843 2908 3901 vallum.Et
2939 3848 3182 3918 quidam
3230 3851 3598 3922 Patzinacus,
3624 3857 3779 3913 Cali-

2122 3947 2228 3984 nos
2261 3931 2520 3994 nomine,
2545 3932 2644 4002 qui
2679 3942 2913 3989 noverat
2935 3937 3128 4007 qualis
3159 3947 3314 3996 esset
3333 3943 3690 4002 Combustus
3712 3963 3782 4002 ex

2121 4034 2234 4089 quo
2268 4017 2366 4073 ille
2399 4020 2628 4088 praefuit
2676 4022 2911 4092 oppidis
2955 4026 3028 4079 ad
3057 4029 3272 4084 Istrum
3325 4031 3457 4086 sitis
3485 4040 3544 4088 et
3573 4040 3782 4102 gentes

2121 4107 2273 4162 inter
2305 4125 2366 4161 se
2395 4107 2576 4163 libero
2609 4113 2960 4166 commercio
2993 4115 3417 4184 miscebantur,
3450 4137 3584 4177 cum
3617 4139 3780 4195 repe-

2121 4195 2294 4251 risset
2325 4213 2460 4250 eum
2493 4196 2645 4252 inter
2691 4201 2976 4257 cadavera
3009 4203 3304 4273 jacentem
3358 4225 3426 4264 ac
3473 4211 3779 4282 spoliaret,

2121 4286 2218 4340 ubi
2273 4302 2618 4341 conversum
2670 4288 2864 4358 ipsum
2917 4307 2950 4344 a
3002 4293 3146 4348 facie
3198 4298 3436 4366 agnovit
3487 4305 3542 4355 et
3587 4302 3782 4357 adhuc

2121 4374 2440 4442 spirantem
2474 4376 2878 4447 deprehendit,
2913 4379 2972 4434 in
3004 4396 3222 4453 equum
3256 4385 3540 4458 imposuit
3575 4407 3588 4445 :
3625 4392 3781 4448 (ὃθο

2113 4464 2351 4534 jacebat
2396 4465 2552 4519 enim
2605 4472 2828 4530 mutus,
2877 4471 3031 4539 quod
3085 4471 3328 4530 lethales
3379 4476 3586 4549 plagas
3626 4497 3786 4538 acce-

349 4547 374 4602 ζ
405 4554 692 4616 ασωθῆναι
757 4547 988 4622 ἴσχυσαν
1046 4545 1249 4608 ἀσινεῖς
1305 4547 1356 4600 οἱ
1417 4547 1718 4620 Ῥωμαῖοιι
1764 4547 1900 4609 τέως
1954 4546 2010 4603 δὲ

2132 4553 2324 4622 sisset,
2371 4555 2614 4608 alteram
2669 4556 2726 4609 in
2759 4573 2826 4612 ea
2877 4566 3039 4629 parte
3088 4562 3300 4632 capitis
3348 4581 3478 4636 qua
3528 4568 3784 4626 calvaria

351 4635 476 4698 ’τὼς
535 4637 797 4696 πεσόντας
841 4633 1267 4698 σκυλεύσαντες,
1323 4637 1412 4690 καὶ
1465 4635 1694 4692 πολλῶν
1747 4639 2002 4711 ἁρμάτων

349 4726 638 4798 πενόμενοι
697 4725 878 4799 κύριοι
931 4725 1020 4779 καὶ
1076 4725 1246 4794 αὐτῆς
1274 4733 1374 4794 τῆς
1426 4727 1742 4798 Ῥωμαϊκῆς
1793 4747 2004 4802 παρεμ-

349 4815 526 4884 ἷξιλῆς
583 4817 678 4869 σὺν
734 4819 800 4888 τῇ
861 4817 1160 4888 ἀποσκευῇ,
1220 4821 1646 4886 κπασκηνοῦσιν
1720 4818 1824 4872 ὑπὸ
1905 4821 2005 4888 τὴν

339 4905 667 4976 ’θομαϊκῆν
733 4905 956 4976 τάφρον.
1023 4904 1118 4958 Καί
1199 4925 1280 4966 τις
1364 4903 1422 4959 δὶ
1504 4909 1832 4974 Πατζινάκος
1909 4908 2008 4976 τήν

335 4997 544 5062 ,κυλῖσιν
607 4991 853 5056 Γαλῖνος,
915 4991 1074 5055 εἰδὼς
1129 4994 1224 5048 τὸν
1285 4995 1629 5068 Κεκαυμένον
1691 4995 1806 5058 οἷός
1863 4995 2004 5052 ἐστιν

443 5083 684 5156 ὅτουπερ
717 5081 862 5157 ἦρχε
889 5087 998 5136 τῶν
1030 5083 1175 5158 παρὰ
1217 5087 1297 5155 τῷ
1343 5085 1540 5160 Ἴστρῳ
1592 5084 1866 5160 φρουρίων
1916 5085 2006 5140 καὶ

2119 4641 2353 4708 dicitur,
2403 4645 2562 4697 nuda
2611 4643 2851 4716 (quippe
2900 4649 3028 4716 ejus
3062 4651 3227 4718 galea
3275 4653 3616 4729 deciderat),
3652 4675 3784 4728 per-

2117 4731 2404 4786 tinentem
2436 4749 2469 4786 a
2499 4733 2710 4788 vertice
2741 4736 2811 4789 ad
2846 4738 3200 4807 supercilia;
3235 4741 3480 4798 alteram
3517 4746 3574 4798 in
3609 4747 3780 4815 collo,

2119 4821 2218 4874 ubi
2239 4820 2440 4890 lingua
2465 4821 2718 4876 radicem
2746 4824 2941 4892 habet,
2963 4843 3151 4897 usque
3175 4830 3244 4884 ad
3267 4847 3333 4886 0s
3358 4839 3781 4900 penetrantem:

2119 4925 2597 4981 exsanguemque
2641 4911 2808 4968 illum
2862 4915 2920 4968 in
2967 4931 3140 4970 suum
3196 4921 3642 4978 tabernaculum
3676 4926 3782 4980 ad-

2120 4998 2308 5053 duxit.
2343 5001 2521 5062 Quem
2559 5016 2692 5054 cum
2723 5001 3038 5073 diligenter
3061 5009 3118 5059 et
3149 5015 3420 5064 accurate
3440 5011 3633 5067 curari
3665 5019 3786 5068 stu-

2122 5087 2372 5153 duisset,
2411 5089 2487 5142 ita
2537 5091 2792 5146 servavit
2841 5099 2906 5147 ut
2955 5101 3311 5164 superesset.
3365 5099 3432 5154 Et
3463 5102 3783 5160 Patzinaca:

1549 5226 1926 5282 XYLANDRI
1965 5228 2058 5283 ET
2098 5227 2322 5284 GOARI
2363 5228 2592 5284 NOTIE.

421 5343 542 5412 (-it)
574 5341 676 5396 Hic
707 5340 998 5424 inpudice
1023 5340 1388 5424 fereintegra
1421 5341 1636 5422 pagina
1669 5345 1794 5424 erat
1814 5359 2018 5424 vacua.

351 5405 549 5478 Deest,
579 5421 644 5468 ut
664 5413 935 5495 conjicio,
965 5405 1566 5495 descriptioiadvcrs'as
1599 5414 1653 5495 in
1681 5413 2020 5495 P-atzinacas

355 5503 574 5557 pugnae
605 5483 918 5557 Nicephori
969 5484 1234 5552 rectoris,
1269 5489 1324 5539 et
1355 5484 1764 5557 impressiouis
1812 5487 2022 5540 deinde

355 5551 804 5638 l’alhinacarum
840 5555 1094 5638 alicujus
1143 5561 1202 5611 et
1233 5557 1300 5610 ad
1351 5551 2020 5638 ipsum_usquc__Byzan-

355 5631 502 5688 tium
557 5628 952 5694 excursionis,
1007 5645 1112 5684 nec
1157 5645 1272 5684 non
1318 5644 1436 5700 qua
1495 5631 1719 5686 ratione
1767 5634 2024 5703 Kegenes

677 5757 946 5818 Pareat.
994 5757 1104 5819 Gn.
1155 5757 1396 5820 CXXII.

2131 5343 2278 5398 urbe
2307 5343 2566 5399 emissus
2617 5345 2810 5427 fuerit.
2841 5349 2976 5429 [δεό-
3005 5349 3100 5429 hic
3125 5353 3400 5429 Zonaras
3435 5373 3540 5413 nos
3590 5359 3790 5429 iuvare

2131 5431 2247 5490 ῊΟΠ
2287 5421 2496 5490 Ωοῖθεῖτ
2529 5423 2595 5470 ut
2625 5418 2766 5490 certi
2801 5419 3020 5490 aliquid
3055 5424 3334 5490 sciamus,
3369 5445 3501 5483 cum
3533 5418 3628 5485 vi'x
3660 5432 3787 5486 atti-

2173 5489 2276 5540 erit
2314 5488 2462 5542 hanc
2496 5489 2881 5560 tarnlongam
2903 5488 2962 5546 et
2992 5494 3210 5548 variam
3237 5488 3542 5556 histbriam
3565 5502 3696 5559 XYL.
3721 5535 3788 5544 —

2179 5575 2428 5616 acunam
2466 5559 2870 5633 supplevimus
2892 5581 2960 5621 ex
2981 5565 3228 5640 Scylitza
3283 5569 3464 5628 Gom.

3391 5773 3460 5830 11
