4164 6418
401 424 525 485 333

1548 422 2102 487 HISTORIARUM
2148 423 2698 486 COMPENDIUM.

3714 431 3840 493 334

408 549 641 623 Γλαϐἆς,
693 556 1092 629 τοποτηρητὴς
1148 553 1221 610 ὢν
1251 559 1349 611 τοῦ
1378 555 1656 632 τάγματος
1686 559 1795 609 τῶν
1828 553 2076 629 σχολῶν,
2105 552 2182 618 εἷς
2229 554 2510 630 βοήθειαν*
2563 555 2652 609 καὶ
2703 552 2910 617 ἰδόντες
2957 553 3175 628 τοῦτον,
3223 556 3313 611 καὶ
3361 555 3833 634 προσδοκήσαντες

409 646 499 700 τὸν
530 642 840 719 σύγκελλον
891 644 1175 700 Βασίλειον
1212 646 1349 718 μετὰ
1398 650 1506 700 τῶν
1540 643 1925 721 Βαυλγαρικῶν
1958 641 2243 720 ἀφικέσθαι
2273 640 2553 717 δυνάμεων
2587 642 2979 721 (προσεδοκᾶτο
3010 645 3113 721 γὰρ
3139 645 3230 700 καὶ
3279 644 3439 709 οὗτος
3490 645 3689 723 ἐλθεῖν)
3737 649 3828 705 καὶ

406 732 776 797 δειλιάσαντες
806 736 860 790 οἱ
886 735 1215 804 ΙΙατζινάκοι
1243 731 1510 811 σποράδες
1542 731 1702 796 ἄλλις
1733 732 1988 809 ἄλλοιχοῦ
2019 731 2306 811 φεύγοντες
2358 734 2748 809 ὑπεχώρησαν,
2782 734 2893 809 [καὶ
2924 732 3148 790 πανσυδι
3201 734 3259 790 ἂν
3316 734 3597 792 ἀπολώλει
3654 740 3683 795 6
3720 744 3830 795 τῶν

395 823 689 896 Ῥωμαίων
726 824 954 899 στρατός
979 826 1109 897 (α)].

468 914 720 988 Ἐγίνετο
780 911 839 968 δὶ
896 914 1036 968 κατὰ
1091 917 1282 968 τοῦτον
1342 912 1435 968 τὸν
1482 913 1687 988 χρόνον
1744 912 1829 968 καὶ
1863 932 2049 986 τυραν·

2250 914 2365 969 Hoe
2400 914 2536 971 item
2570 919 2835 987 tempore
2866 915 3145 971 affectata;
3194 916 3526 988 tyrannidis
3556 919 3825 974 accusati

394 1000 548 1066 νὶδος
615 997 854 1071 διαϐολὴ
921 1002 1058 1058 κατά
1111 1023 1274 1057 τινων
1335 1002 1620 1078 ἀρχόντων
1669 1002 1936 1065 πολιτῶν,
1983 1002 2055 1055 ὧν

402 1086 622 1167 ἔξαρχοι
656 1090 960 1167 ἐτύγχανον
994 1091 1317 1167 Νικηφόρος
1360 1091 1446 1146 καὶ
1498 1089 1728 1167 Μιχαὴλ
1777 1092 1829 1145 οἱ
1866 1086 2056 1151 παῖδες

400 1186 497 1237 τοῦ
543 1180 852 1253 Εὐθυμίου,
883 1184 968 1236 καὶ
996 1179 1163 1237 ἄλλοι
1191 1181 1330 1243 τινὶς
1359 1184 1467 1235 τῶν
1502 1179 1577 1242 εἷς
1613 1181 1675 1235 τὸ
1719 1179 1852 1235 αὐτὸ
1906 1179 2057 1255 γένος

403 1271 806 1349 ἀναφερόντων.
864 1270 1024 1326 ἈλΛ’
1082 1271 1135 1325 οἱ
1184 1270 1279 1342 μὶν
1309 1268 1472 1325 ἄλλοι
1504 1267 1696 1331 πάντες
1725 1266 2060 1336 διεσώθησαν

400 1358 571 1431 μόνος
640 1356 701 1414 δὲ
772 1360 801 1414 6
858 1361 1173 1437 Νικηφόρος
1228 1358 1657 1434 ἀνεξερευνήτως
1714 1357 2056 1431 κατα-κριθεὶς

388 1446 692 1522 ἐξωρίσθη,
723 1454 827 1517 τῆς
855 1446 1048 1509 οὐσίας
1078 1448 1247 1503 αὐτοῦ
1276 1446 1542 1522 πρότερον
1576 1443 1964 1519 δημευθείσης.

463 1541 554 1609 [Ρ.
610 1540 743 1610 787]
798 1538 990 1599 ’Όπως
1067 1534 1126 1591 δε
1199 1540 1307 1591 τῶν
1368 1536 1719 1605 Πατζινάκων
1774 1533 2055 1610 ἐπικρατέ-

385 1646 557 1701 στερα
615 1627 841 1701 γὲνηται
889 1627 958 1681 τὰ
1009 1625 1296 1698 Ῥωμαίων
1359 1626 1387 1680 6
1448 1623 1702 1701 βασιλεὺς
1732 1623 2054 1700 φροντίζων,

381 1717 482 1771 τὸν
536 1716 776 1790 Κεγέηην
837 1714 1008 1791 ἐξάγει
1080 1722 1182 1784 τῆς
1235 1713 1483 1793 φυλακῆς
1537 1713 1628 1768 καὶ
1688 1712 1742 1775 ἐς
1801 1713 2057 1782 Πατζινά-

384 1826 521 1867 κους
582 1804 876 1877 ἐκπέμπει,
937 1804 1317 1880 ὓποσχόμενον
1379 1800 1658 1877 διασχίσαι
1706 1800 1933 1863 τούτους
1964 1801 2053 1856 καὶ

389 1892 582 1955 εὔνους
614 1895 897 1965 θεῖναιτῷ
931 1890 1165 1968 βασιλεῖ.
1223 1892 1321 1947 Καὶ
1377 1893 1445 1947 τὰ
1502 1891 1830 1966 συμμαχικὰ
1884 1893 2054 1946 πάντα

390 1983 752 2057 συναθροίσας
803 1982 891 2059 ὑφ’
934 1979 1011 2049 ἓν,
1065 1982 1352 2056 Φράγγους
1411 1981 1551 2058 φημὶ
1594 1981 1684 2035 γαῖ
1718 1981 2050 2055 Βαράγγους,

399 2070 897 2145 μεταπεμψάμενος
973 2068 1032 2125 δὲ
1105 2070 1196 2124 καὶ
1263 2069 1624 2142 ἱπποτοξότας
1682 2067 1788 2124 ἀπό
1840 2089 1897 2123 τε
1950 2077 2052 2140 τῆς

396 2159 612 2235 Τελουχ
670 2159 763 2214 καὶ
818 2163 917 2214 τοῦ
975 2158 1197 2232 Μαύρου
1251 2154 1412 2232 ὅρους
1460 2158 1550 2213 καὶ
1606 2163 1704 2213 τοῦ
1736 2157 2049 2234 Καρκάρου,

2171 1009 2310 1059 sunt
2340 1004 2580 1076 quidam
2625 1006 2799 1074 cives,
2833 1021 3084 1076 quorum
3137 1005 3430 1078 principes
3462 1011 3630 1063 erant
3656 1007 3827 1063 Nice-

2171 1093 2392 1164 phorus
2430 1098 2488 1148 et
2520 1093 2789 1162 Michael,
2832 1094 3127 1166 Euthymii
3162 1093 3288 1163 filii,
3337 1100 3394 1150 et
3442 1095 3542 1151 alii
3590 1097 3829 1168 quidam

2169 1183 2239 1237 ad
2276 1182 2428 1237 idem
2465 1199 2652 1253 genus
2700 1182 3019 1237 referentes
3074 1181 3380 1254 originem.
3432 1183 3542 1239 Sed
3575 1184 3674 1240 alii
3706 1201 3827 1240 om-

2172 1288 2274 1325 nes
2300 1271 2514 1326 servati
2549 1276 2708 1340 sunt,
2743 1269 2907 1327 solus
2958 1277 3153 1327 autem
3208 1272 3572 1343 Nicephorus
3606 1273 3829 1329 indicta

2169 1376 2344 1415 causa
2376 1360 2804 1415 condemnatus
2850 1359 2905 1414 in
2960 1359 3232 1415 exsilium
3267 1361 3488 1416 missus
3519 1365 3627 1428 est,
3663 1361 3827 1434 prius

2168 1455 2359 1504 tamen
2394 1448 2524 1518 ejus
2556 1448 2724 1503 bonis
2758 1447 3093 1520 publicatis.

2241 1538 2565 1609 Imperator
2597 1541 2791 1592 autem
2828 1537 2882 1591 id
2918 1554 3101 1593 unum
3129 1538 3375 1594 studens
3407 1541 3471 1594 ut
3501 1555 3595 1594 res
3626 1542 3826 1595 Roma-

2168 1643 2375 1681 norum
2409 1627 2745 1699 superiores
2772 1631 2992 1697 essent,
3026 1631 3316 1698 Kegenem
3361 1643 3392 1682 e
3421 1644 3651 1684 carcere
3680 1629 3822 1684 edn.

2166 1723 2324 1770 ctum
2360 1717 2428 1771 ad
2466 1715 2800 1771 Patzinacas
2852 1715 3050 1787 mittit,
3100 1715 3432 1788 pollicitum
3474 1733 3574 1773 eos
3605 1718 3674 1773 ad
3709 1718 3820 1773 im-

2163 1805 2452 1876 peratoris
2487 1804 2946 1860 benevolentiam
2982 1822 3044 1861 se
3073 1806 3489 1861 traducturum
3519 1824 3534 1874 ;
3563 1807 3814 1862 coactis-

2164 1911 2277 1965 que
2312 1896 2367 1948 in
2402 1911 2583 1949 unum
2621 1893 2795 1949 sociis
2840 1894 3138 1960 omnibus,
3172 1894 3432 1959 Francis,
3462 1894 3728 1967 inquam,
3760 1901 3820 1952 et

2163 1984 2467 2056 Barangis,
2500 1982 2799 2039 accersitis
2845 1988 3041 2039 autem
3091 1987 3149 2038 et
3174 1983 3475 2054 equitibus
3523 2001 3558 2040 a
3596 1983 3816 2041 Teluch

2161 2078 2217 2128 et
2248 2073 2451 2128 Mauro
2483 2078 2680 2128 monte
2723 2076 2780 2127 et
2829 2070 3098 2137 Carcaro,
3129 2089 3262 2127 cum
3300 2072 3651 2144 praefecisset
3675 2073 3818 2130 viris

2162 2162 2495 2218 illustribus
2542 2177 2610 2216 ex
2661 2160 2911 2234 singulis
2957 2160 3235 2232 gentibus
3287 2178 3497 2230 unum,
3539 2162 3818 2219 omnibus

406 2249 527 2323 περὶ
582 2249 672 2309 τὰς
727 2244 898 2303 εῩκοσι
960 2245 1241 2323 χιλιάδας,
1300 2247 1390 2302 καὶ
1445 2245 1698 2320 ἀνδράσιν
1752 2247 2049 2320 ἐπισήμοις

2166 2256 2356 2307 autem
2391 2252 2597 2306 ducem
2629 2250 2941 2322 patricium
2973 2251 3128 2305 603
3171 2250 3567 2322 Nicephorum
3601 2252 3814 2322 Bryen-

408 2342 516 2392 τὼν
559 2338 719 2413 γενῶν
771 2334 999 2392 ἕκαστον
1054 2336 1287 2403 ἀναθεὶς,
1320 2336 1409 2391 καὶ
1458 2336 1545 2391 ἐπὶ
1596 2340 1756 2391 πᾶσιν
1802 2336 2050 2412 ἡγεμόνα

407 2427 729 2495 καταστήσας
792 2427 887 2481 τὸν
942 2424 1224 2499 πατρίκιον
1270 2425 1581 2503 Νικηφόρον
1620 2426 1711 2480 τὸν
1765 2426 2050 2499 Βρυέννιον

397 2516 488 2570 καί
561 2514 835 2590 ἐθνάρχην
907 2518 1099 2568 τοῦτον
1153 2516 1553 2585 κατονομάσας,
1618 2514 1715 2576 τὰς
1775 2512 2045 2588 ἐκδρομὰς

394 2603 661 2676 ἐκπέμπει
737 2602 973 2659 κωλύειν
1044 2603 1135 2657 καὶ
1205 2601 1424 2678 ἐπέχειν
1488 2607 1597 2658 τῶν
1650 2603 1996 2673 ΙΙατζινάκων
2030 2624 2043 2637 ·

392 2694 539 2748 οὗτοι
603 2695 705 2768 γὰρ
768 2693 907 2765 μετὰ
958 2693 1058 2761 τὴν
1118 2692 1169 2747 ἐν
1230 2690 1685 2768 Ἀδριανουπόλει
1733 2691 1917 2767 μάχην
1948 2713 2046 2748 κα-

386 2784 824 2858 ταφρονήσαντες
882 2781 1203 2856 ὁλοσχερῶς
1256 2785 1363 2835 τῶν
1432 2781 1717 2855 Ῥωμαίων
1747 2778 1917 2845 ἀδεῶς
1945 2783 2043 2850 τὴν

382 2893 441 2928 τε
486 2868 833 2927 Μακεδονίαν
891 2870 982 2924 καὶ
1031 2870 1246 2946 Θρᾴκην
1296 2868 1492 2946 ἐδῄουν
1551 2870 1640 2925 καὶ
1672 2869 2042 2941 ἐπυρπόλουν,

382 2962 744 3036 ἀναιροῖητες
794 2958 1053 3020 ἀνοίκτως
1109 2958 1199 3014 καὶ
1229 2959 1368 3014 αύτᾶ
1417 2959 1485 3014 τὰ
1513 2957 1822 3030 θηλάζοντα
1851 2962 2041 3030 νήπια,

380 3049 458 3110 ὡς
516 3050 611 3105 καὶ
680 3047 808 3120 μίαν
869 3047 1043 3103 αὐτῶν
1109 3053 1302 3125 μοῖραν
1347 3047 1478 3124 ἄχρι
1539 3053 1644 3103 τῶν
1681 3049 2043 3122 Κατασύρτων

375 3136 633 3213 (ἔγγιστα
690 3134 753 3192 δὲ
809 3136 862 3192 οἱ
920 3137 1262 3213 Κατασύρται
1317 3144 1419 3206 τῆς
1487 3135 1791 3213 βασιλίδος)
1847 3136 2040 3194 ἐλθεῖν.

379 3226 563 3283 Ἀλλᾶ
622 3226 835 3281 τούτων
893 3226 989 3299 μὲν
1020 3227 1055 3296 ἡ
1116 3228 1463 3305 καταστροφὴ
1493 3227 1770 3302 ταχυτάτη
1809 3226 2041 3300 ἐγένετο.

383 3317 522 3371 Λαὸν
573 3317 681 3390 γὰρ
716 3315 746 3369 6
782 3312 1040 3390 βασιλεὺς
1073 3314 1303 3376 ὁπλίσας
1352 3315 1458 3369 ἀπό
1490 3336 1547 3369 τε
1575 3319 1683 3369 τῶν
1715 3314 1768 3369 ἐν
1797 3318 1864 3387 τῇ
1897 3313 2040 3389 αὐλῇ

379 3400 776 3481 φυλασσόντων
807 3404 898 3459 καὶ
955 3424 1118 3459 τινων
1176 3401 1363 3460 ἄλλων
1425 3405 1484 3459 ἐκ
1535 3409 1632 3459 τοῦ
1690 3404 2042 3477 παρείκοντος

379 3492 736 3567 εὑρεθέντων,
792 3493 880 3548 καὶ
936 3492 1159 3568 Ἰωάννῃ
1219 3492 1489 3569 πατρικίῳ
1547 3494 1622 3548 ἐνὶ
1653 3498 1761 3547 τῶν
1793 3492 2041 3567 θαλαμη-

384 3582 570 3638 πόλων
629 3582 912 3657 εὐνούχων
967 3580 1379 3658 τῆςβασιλίδο)
1438 3589 1615 3653 Ζωῆς,
1647 3583 1693 3656 ᾧ
1727 3581 2039 3660 Φιλόσοφος

2161 2340 2348 2406 nium,
2391 2356 2563 2411 quem
2616 2338 3017 2408 ethnarcham,
3051 2339 3108 2393 id
3158 2344 3247 2394 est
3293 2339 3558 2410 gentium
3593 2340 3814 2412 princi-

2158 2447 2312 2502 pem,
2343 2428 2678 2501 appellavit,
2710 2428 2779 2483 ad
2812 2426 3208 2500 prohibendas
3238 2432 3296 2483 et
3337 2430 3813 2501 comprimendas

2158 2518 2532 2576 excursiones
2587 2517 3030 2572 Patzinacarum
3095 2516 3291 2573 mittit.
3344 2517 3412 2573 Hi
3461 2517 3617 2573 enim
3678 2524 3814 2590 post

2154 2607 2562 2678 Adrianopolis
2595 2623 2855 2679 pugnam
2903 2605 3143 2680 omnino
3186 2607 3481 2676 aspernati
3514 2607 3809 2665 Romanos

2157 2696 2336 2752 libere
2369 2713 2432 2751 ac
2463 2697 2590 2751 sine
2623 2701 2778 2750 metu
2816 2695 3215 2750 Macedoniam
3239 2700 3296 2750 et
3325 2696 3631 2752 Thraciam
3667 2697 3807 2752 diri-

2159 2802 2313 2858 pere,
2346 2784 2679 2854 incendere,
2729 2783 3006 2853 infantes,
3040 2781 3125 2838 vel
3159 2783 3336 2839 etiam
3384 2783 3473 2841 lac
3505 2789 3808 2858 augentes,

2156 2875 2502 2939 interficere,
2538 2872 2698 2929 nulla
2746 2872 3149 2931 misericordia
3197 2873 3360 2942 moti,
3391 2873 3477 2929 ita
3524 2879 3590 2930 ut
3632 2876 3808 2932 etiam

2156 2981 2291 3036 pars
2353 2963 2615 3036 ipsorum
2664 2978 2851 3033 usque
2899 2962 2967 3017 ad
3021 2962 3354 3035 Catasyrtas
3401 2964 3501 3034 qui
3549 2964 3810 3037 proxime

2156 3055 2359 3108 urbem
2395 3057 2554 3120 sunt,
2588 3053 2830 3107 venerit.
2849 3051 3066 3106 Verum
3089 3052 3146 3107 hi
3166 3051 3468 3109 celerrime
3490 3054 3806 3126 perierunt.

2155 3143 2332 3198 Manu
2365 3142 2521 3197 enim
2572 3141 2894 3213 imperator
2944 3141 3254 3197 hominum
3288 3146 3533 3207 armata,
3567 3142 3810 3201 collecta

2153 3248 2220 3287 ex
2251 3230 2459 3286 aulicis
2487 3230 2836 3285 custodibus
2868 3230 3115 3300 aliisque
3147 3231 3291 3286 forte
3320 3229 3554 3299 oblatis,
3587 3235 3644 3287 et
3665 3248 3805 3302 pras-

2155 3322 2275 3376 ficit
2303 3321 2586 3375 Joannem
2615 3319 2947 3391 patricium,
2981 3319 3327 3389 cognomine
3358 3318 3803 3391 Philosophum,

2153 3427 2336 3466 unum
2372 3409 2439 3463 de
2470 3407 2760 3464 eunuchis
2786 3406 3165 3463 cubiculariis
3189 3412 3313 3463 Zoaa
3344 3410 3619 3481 Augusta:
3650 3425 3663 3465 :
3700 3409 3802 3481 qui

2152 3506 2323 3554 noctu
2357 3514 2457 3554 eos
2488 3497 2682 3553 ebrios
2703 3514 2907 3553 omnes
2926 3513 2992 3553 ac
3024 3497 3240 3569 sopiles
3272 3504 3481 3554 nactus
3509 3497 3672 3555 nullo
3695 3515 3798 3555 ne-

2150 3586 2310 3660 gotio
2342 3586 2651 3653 interfecit,
2685 3592 2739 3642 et
2791 3585 2981 3657 capita
3023 3603 3222 3642 eorum
3256 3586 3528 3644 curribus
3561 3588 3800 3645 rusticis

388 3675 449 3726 τὸ
507 3671 793 3743 ἐπώνυμον
828 3714 845 3739 ,
912 3669 1219 3748 ἐγχειρίσας
1253 3717 1268 3743 ,
1341 3673 1732 3748 κατειργάσατο
1791 3658 1993 3748 ῥᾳδίως
2026 3691 2037 3703 ·

2166 3658 2432 3746 imposita
2464 3675 2533 3730 ad
2567 3674 2980 3746 imperatorem
3012 3675 3260 3731 advexit.

392 3761 583 3821 νυκτὸς
611 3761 711 3836 γὰρ
743 3760 903 3822 οὗτος
935 3760 1179 3825 ἐπελθὼν
1201 3762 1288 3815 καὶ
1326 3758 1623 3834 μεθύοντας
1653 3760 1741 3814 καὶ
1768 3760 2152 3834 κοιμωμένους
2182 3762 2389 3823 πάντας
2420 3761 2591 3838 εὑρὼν
2631 3759 2917 3839 ἀπέσφαξε,
2944 3762 3031 3817 καὶ
3064 3763 3162 3825 τὰς
3191 3762 3431 3842 κεφαλὰς
3454 3764 3634 3820 αὐτῶν
3666 3765 3811 3841 ἁμά-

397 3851 512 3921 ξαις
540 3856 865 3927 γεωργικαῖς
895 3849 1100 3914 ἐπιθεὶς
1130 3851 1348 3924 κομίζει
1378 3854 1459 3922 τῷ
1485 3847 1720 3926 βασιλεῖ.

467 3938 526 3989 '0
584 3938 678 4008 μὲν
738 3936 829 3992 οὖν
868 3936 1111 4012 Κεγένης
1169 3936 1397 4008 ἐξελθὼν
1450 3931 1888 4014 διαπρεσϐεύεται
1933 3941 2051 3998 τοῖς

406 4028 775 4093 ῐὶατζινάκοις,
832 4027 923 4082 καὶ
980 4026 1187 4082 τούτων
1251 4026 1655 4101 ὑποσγομένων
1716 4032 1831 4099 μεθ’
1888 4026 2053 4101 ὅρκου

412 4116 663 4183 ποιήσειν
712 4116 768 4169 τὸ
817 4116 986 4171 αὐτοῦ
1044 4114 1295 4189 θέλημα,
1355 4116 1642 4176 πιστεύσας
1698 4121 1816 4176 τοῖς
1872 4113 2057 4189 ὅρκοις

404 4204 497 4258 καὶ
580 4202 822 4260 ἀπελθὼν
900 4205 1057 4269 εὐθὺς
1138 4205 1455 4277 ἀναιρεῖται,
1527 4204 1894 4277 κατατμηθεὶς
1977 4204 2053 4266 ε”ς

404 4293 577 4369 μικρᾶ
637 4294 773 4369 μέρη
830 4294 921 4350 καὶ
984 4294 1170 4369 μόρια.
1231 4296 1293 4352 Ὁ
1360 4291 1418 4349 δὲ
1452 4295 1732 4369 Βρυὲννιος
1760 4294 1857 4355 τὰς
1889 4293 2054 4366 ἐμπι-

398 4382 703 4445 στευθείσας
752 4383 901 4455 αύτῷ
947 4378 1280 4459 παραλαϐὼν
1335 4381 1589 4456 δυνάμεις
1632 4382 1719 4437 καὶ
1753 4382 1803 4437 ἐν
1841 4379 2056 4458 Ἀδρια-

389 4472 661 4528 νουπόλει
689 4472 981 4546 γενόμενος
1038 4472 1315 4549 ἐφρόντιζε
1370 4479 1470 4542 τῆς
1519 4470 1767 4550 φυλακῆς
1798 4475 1905 4526 τῶν
1938 4491 2054 4547 χω-

394 4563 552 4637 ρῖων.
611 4559 910 4616 Στέλλεται
972 4560 1029 4617 δὲ
1058 4561 1149 4616 καὶ
1199 4566 1297 4616 τοῦ
1344 4561 1542 4623 παντὸς
1573 4562 1795 4636 ἡγεμὼν
1827 4565 2057 4637 στρατοῦ

397 4649 631 4727 Ἁιχαὴλ
690 4652 977 4727 πατρίκιος
1027 4652 1056 4705 6
1115 4650 1448 4715 Ἀκόλουθος
1493 4652 1631 4720 (42),
1690 4651 2059 4725 προπαχθεῖς

397 4740 452 4795 δὲ
507 4740 603 4795 καὶ
662 4739 824 4802 αὐτὸς
878 4740 1178 4809 ωθολικῆς
1234 4741 1329 4814 μὶν
1391 4739 1579 4815 μάχης
1637 4741 1713 4812 μή
1773 4738 2053 4807 ἅπτεσθαι,

396 4828 600 4905 ε’ργειν
660 4827 717 4884 δὲ
763 4830 853 4884 καὶ
898 4830 1219 4885 ἀνακόπτειν
1272 4830 1366 4891 τὰς
1422 4827 1717 4903 ἐκδρομάς.
1758 4830 1857 4891 ’⁸ος
1905 4828 2055 4902 ἐξελ-

399 4920 503 4973 ηὼν
561 4918 653 4972 καὶ
713 4916 794 4990 τῷ
845 4918 1119 4993 Βρυεννίῳ
1174 4919 1392 4983 ἑνωθεὶς
1453 4917 1618 4994 ἔργου
1676 4917 1902 4987 ἥπτετο,
1967 4918 2055 4972 καὶ

2236 3944 2489 4011 Kegenes
2503 3955 2640 4011 ergo
2654 3955 2925 4009 egressus
2940 3938 3161 4011 legatos
3175 3941 3243 3995 ad
3261 3940 3596 3998 Patzinacas
3613 3943 3816 4013 mittit;

2165 4029 2262 4100 qui
2297 4044 2430 4083 cum
2468 4028 2861 4099 jurejurando
2911 4027 3362 4085 conﬁrmassent
3392 4047 3453 4087 se
3504 4031 3694 4104 ipsius
3719 4050 3818 4088 vo-

2166 4117 2377 4171 luntati
2429 4117 2898 4184 satisfacturum,
2948 4118 3192 4173 credens
3233 4118 3575 4190 juramento
3615 4122 3686 4178 ad
3717 4138 3821 4178 eos

2166 4224 2228 4263 se
2260 4207 2502 4275 confert,
2536 4205 2858 4277 statimque
2890 4206 3263 4278 interficitur,
3286 4207 3346 4263 in
3380 4208 3567 4265 multa
3594 4211 3823 4268 minuta

2165 4296 2434 4352 conr-isus
2469 4296 2675 4351 frusta.
2710 4295 3036 4372 Bryennius
3070 4313 3241 4368 porro
3273 4297 3471 4371 copias
3517 4300 3630 4356 sibi
3657 4318 3820 4357 com-

2168 4384 2380 4440 missas
2413 4385 2729 4456 accipiens,
2755 4391 2818 4439 ut
2842 4384 3258 4457 Atlrianopolin
3287 4388 3463 4459 venit,
3482 4391 3827 4446 custodien-

2167 4475 2259 4529 dis
2291 4474 2435 4529 locis
2465 4491 2667 4529 curam
2709 4473 3020 4546 impendit.
3068 4475 3315 4531 Mittitur
3344 4477 3522 4533 etiam
3568 4478 3827 4535 universi

2167 4550 2626 4628 duxexercitus,
2661 4563 2984 4618 Michaelus
3031 4564 3313 4636 patricius
3348 4565 3698 4635 Acoluthus;
3732 4568 3827 4623 cui

2168 4658 2223 4710 et
2245 4653 2354 4725 ipsi
2381 4653 2726 4707 mandatum
2746 4652 2855 4706 fuit
2871 4652 3115 4723 utjusto
3141 4652 3504 4725 praelioﬁﬂ‘
3518 4657 3826 4712 abstinens

2166 4742 2542 4798 excursiones
2573 4741 2836 4797 hostium
2872 4742 3242 4813 reprimeret.
3275 4743 3328 4798 Is
3361 4759 3495 4799 cum
3536 4745 3827 4819 Bryennio

2169 4849 2231 4887 se
2275 4831 2708 4902 conjunxisset,
2758 4847 2878 4885 rem
2929 4846 3132 4903 gerere
3164 4830 3385 4902 incipit.
3434 4834 3514 4888 Ac
3559 4833 3817 4904 primum

2169 4922 2323 4993 apud
2360 4919 2599 4976 Goloam
2635 4921 2690 4974 in
2746 4918 3043 4974 cohortem
3084 4919 3528 4976 Patzinacarum
3560 4922 3830 4979 incidens

396 5008 667 5082 πρότερον
727 5007 821 5081 μὲν
893 5007 946 5063 ἐν
1004 5005 1187 5083 Γολόῃ
1227 5012 1324 5081 μιᾷ
1358 5007 1523 5082 μοίρᾳ
1561 5011 1668 5061 τῶν
1711 5006 2049 5076 Πατζινάκωα

2169 5027 2295 5065 eam
2332 5009 2507 5065 delet.
2544 5008 2765 5064 Deinde
2806 5025 3038 5063 rursum
3070 5009 3141 5063 ad
3167 5007 3521 5081 Toplitzum,
3556 5013 3710 5084 quod
3743 5018 3835 5068 est

395 5097 718 5171 περιτυχὼν
772 5096 860 5151 καὶ
923 5097 1128 5166 ταύτην
1187 5096 1529 5174 τρεψάμενος
1586 5095 1886 5174 ἠφάνισεν,
1946 5098 2062 5151 εἷτα

398 5186 571 5241 πάλιν
602 5184 655 5238 ἐν
710 5190 790 5257 τῷ
843 5185 1144 5258 Τοπλιτζῷ
1170 5186 1456 5263 (φρούριον
1491 5183 1549 5240 δὲ
1580 5185 1739 5250 οὗτος
1766 5185 1914 5260 παρὰ
1967 5186 2059 5241 τὸν

392 5269 606 5351 ’Ἑϐρον
637 5274 911 5349 κείμενον)
944 5274 1127 5352 ἑτέραν
1189 5272 1476 5331 ἀποσπάδα
1531 5279 1727 5349 μοῖραν
1778 5279 1883 5329 τῶν
1950 5283 2059 5331 Πα-

2172 5097 2476 5154 castellum
2510 5098 2579 5153 ad
2618 5098 2874 5152 Hebrum
2912 5097 3119 5163 situm,
3165 5096 3336 5153 aliam
3365 5098 3664 5157 cohortem
3697 5105 3834 5157 Pat-

2171 5189 2508 5243 zinacarum
2534 5203 2563 5239 a
2600 5185 2841 5258 reliquis
2869 5186 3131 5242 avulsam
3159 5192 3366 5243 nactus
3398 5189 3692 5247 mterﬁcit.
3726 5195 3834 5247 Ex-

2174 5277 2310 5331 inde
2334 5277 2653 5331 Patzinacse
2686 5274 2757 5331 ab
2780 5275 2871 5330 his
2906 5275 3090 5348 copiis
3122 5275 3232 5331 sibi
3267 5282 3539 5334 caventes
3559 5280 3831 5354 populari

1605 5401 1972 5457 XYLANDRI
2012 5401 2097 5455 ET
2133 5400 2354 5457 GOARI
2392 5400 2628 5457 NOT/E.

473 5508 589 5578 (42)
622 5492 880 5594 οράῑιευε
912 5511 989 5565 de
1018 5509 1207 5594 οῖδαζ
1246 5511 1400 5594 0.,53
1467 5505 2068 5594 το,εικςςλορθαοςεεδριΓ

400 5576 587 5634 sue-cat
639 5579 735 5653 μὶν
783 5578 984 5656 ἔνοχος
1015 5584 1122 5635 τῶν
1172 5579 1484 5657 Βαράγγων,
1538 5579 1832 5635 ἀκολουθεῖ
1890 5576 1949 5633 δὲ
1980 5576 2068 5651 ’τῷ

2181 5505 2396 5583 βασιλεῖ
2425 5500 2727 5583 ἔμπροσθεν
2761 5506 2959 5562 αὐτῶν.
2978 5508 3077 5562 Διά
3107 5527 3192 5562 τοι
3220 5511 3382 5563 τοῦτο
3412 5506 3504 5564 καί
3533 5508 3838 5575 ἀκόλουθος

2180 5581 2420 5655 λέγεται.
2458 5581 2641 5637 GOAR.

466 5706 539 5770 (α)
572 5706 700 5766 Qua;
730 5709 947 5759 uncinis
982 5705 1313 5773 inclusimus,
1343 5706 1459 5758 loco
1488 5710 1773 5773 suo_m_ota_
1793 5720 1919 5773 esse
1937 5706 2205 5766 videntur,
2241 5705 2675 5770 retrahendaque
2703 5703 2953 5769 superius
2981 5709 3104 5758 ante
3131 5720 3228 5759 sex
3263 5707 3455 5768 lineas,
3487 5719 3683 5773 nempe
3711 5711 3835 5773 post

400 5767 531 5821 hac
550 5773 715 5822 verba
743 5774 827 5821 καὶ
852 5772 1001 5838 τάχα
1033 5767 1095 5825 ἄν
1123 5767 1316 5833 ἐγένετο
1342 5773 1547 5821 τοῦτο...
1578 5768 1714 5822 Edit.
1748 5768 1939 5820 Patrol.
