4164 6454
340 436 459 498 335

1695 436 2013 496 Gl-‘ORGll
2059 435 2401 496 CEDRl‘ZNl

3644 434 3769 493 336

341 570 640 642 regionem
663 569 735 625 ad
759 568 984 625 radices
1004 568 1183 623 Hmmi
1217 568 1391 623 sitam
1415 575 1816 633 cessaverunt,
1835 570 1991 623 omni

2108 567 2373 635 τζινάκων
2434 567 2604 640 εὓρων
2663 562 2965 620 ἀπώλεσεν.
2998 564 3156 627 Ὃθεν
3217 558 3614 634 εὐλαϐηθέντες
3672 567 3770 619 τὰς

341 660 562 730 impetu
619 659 675 713 in
728 658 1065 714 Macedonia
1115 674 1443 712 converso:
1498 658 1552 710 in
1606 660 1776 727 cujus
1825 673 1996 728 agros

341 749 768 821 grassabantur
783 749 1006 802 delecto
1026 748 1334 803 robustissi
1348 764 1510 802 moru
1527 764 1573 801 .u
1598 746 1873 811 exercitu,
1896 763 1993 817 pa-

342 838 452 893 rati
510 836 711 892 hostes
771 838 1109 909 ingruentes
1168 837 1498 891 defendere.
1562 837 1886 908 Bryennius
1940 842 1998 890 et

344 926 665 982 Michaelus
699 926 787 981 his
838 925 1281 993 animadversis,
1318 930 1491 979 noctu
1547 927 1723 979 motis
1762 925 1993 988 castris,

343 1016 425 1070 ita
453 1020 517 1070 ut
547 1031 718 1070 nemo
768 1016 1015 1069 sentiret
1065 1030 1348 1085 quorsum
1401 1016 1727 1083 tenderent,
1763 1018 1995 1084 magnis

339 1105 650 1160 itineribus
668 1104 1035 1173 Chariopolin
1060 1104 1337 1168 veniunt;
1372 1118 1555 1174 eoque
1583 1120 1715 1156 cum
1738 1104 1992 1157 exercitu

340 1193 592 1266 ingressi
633 1193 1134 1265 opportunitatem
1188 1192 1268 1246 rei
1317 1194 1584 1263 gerendae
1633 1199 1990 1262 exspectant.

340 1284 663 1339 Patzinacaa
694 1283 907 1353 praedis
936 1297 1003 1336 ex
1054 1281 1212 1352 agris
1261 1286 1318 1335 et
1369 1281 1672 1336 suburbiis
1705 1281 1850 1335 actis
1882 1284 1991 1336 sub

338 1388 643 1445 vesperam
679 1371 891 1426 reversi
924 1370 1183 1442 proxime
1200 1368 1595 1440 Cbariopolin,
1618 1371 1796 1425 nescii
1828 1386 1991 1441 pror-

342 1478 445 1517 sus
472 1461 530 1515 in
566 1461 708 1516 urbe
740 1458 1011 1515 hostilem
1044 1474 1174 1515 esse
1207 1459 1551 1525 exercitum,
1586 1459 1643 1513 in
1672 1464 1861 1514 castra
1888 1476 1995 1513 sua

341 1567 403 1607 se
435 1550 765 1615 conferunt,
797 1564 1000 1605 secure
1031 1548 1186 1605 inter
1219 1547 1447 1602 ﬁstulas
1490 1552 1548 1602 et
1595 1547 1861 1617 cymbala
1894 1565 1990 1602 eo-

341 1645 693 1696 messantes.
725 1637 1170 1694 Intendentibus
1201 1652 1263 1691 se
1286 1636 1566 1703 tenebris,
1593 1638 1915 1707 Bryennius
1938 1642 1994 1691 et

341 1727 664 1784 Michaelus
693 1725 915 1798 egressi
962 1743 1063 1781 eos
1094 1726 1318 1797 sopitos
1366 1731 1796 1796 stertentesque
1828 1725 1989 1779 invc-

340 1817 513 1873 niunt
542 1821 601 1872 et
629 1816 929 1871 occidione
977 1815 1194 1870 delent.
1245 1814 1377 1869 Haec
1427 1814 1622 1869 clades
1658 1814 1989 1869 Patzinacas

334 1905 636 1977 repressit,
668 1905 1059 1976 timoremque
1091 1904 1359 1969 incussit,
1395 1910 1460 1958 ut
1483 1904 1608 1971 jam
1641 1920 1757 1958 non
1785 1903 1986 1971 effuse,

337 1999 403 2051 ut
430 1999 588 2060 ante,
621 1993 722 2049 sed
756 1993 991 2064 parcius
1024 1992 1250 2063 praedas
1280 1997 1540 2063 agerent,
1563 1991 1987 2048 indictionibus

333 2088 544 2155 quarta
570 2088 629 2138 et
659 2081 886 2153 quinta.

2105 655 2358 715 τοιαύτας
2414 656 2467 708 οἱ
2517 653 2847 722 [Ιατζινάκαι
2888 650 3145 725 δυνάμεις
3204 654 3274 707 τά
3336 654 3430 726 μὲν
3484 656 3631 728 ποιρά
3676 656 3773 718 τὰς

2111 744 2382 819 ὑπωρείας
2430 748 2528 798 τοῦ
2586 744 2769 816 Αἴμου
2814 742 3039 815 κείμενα
3096 740 3282 817 χωρία
3338 740 3621 812 ληίζεσθαι
3663 744 3769 798 ἀπ-

2106 834 2357 908 έσχοντο,
2434 838 2605 887 πᾶσαν
2686 831 2743 886 δὲ
2808 833 2906 900 τὴν
2985 832 3165 905 ὁρμὴν
3240 830 3566 902 ἐποιήσαντο
3634 834 3772 889 κο.τά

2107 920 2467 983 Μακεδονίας.
2530 922 2626 976 Κάὶ
2685 928 2794 975 ωᾶν
2852 922 2974 974 ὅσον
3008 923 3072 988 ἦν
3122 918 3358 992 ἀλκιμον
3411 918 3773 996 διακριθέντες

2102 1012 2426 1085 κατέτρεχον
2477 1011 2544 1064 τά
2575 1010 2625 1064 έν
2678 1007 2982 1080 Μακεδονίᾳ
3030 1007 3235 1083 χωρία,
3285 1008 3375 1063 καὶ
3430 1008 3497 1078 ἤν
3532 1031 3614 1071 τις
3650 1010 3771 1085 ἐπίῃ

2104 1097 2371 1170 πόλεμος,
2425 1099 2712 1174 εὗρώστως
2778 1098 2937 1153 αὐτὸν
3015 1096 3406 1171 προσδέξασθαι
3471 1098 3767 1171 ἐμελέτων,

2104 1188 2270 1262 Ὀπερ
2306 1188 2566 1259 μαθόντες
2616 1190 2645 1243 6
2694 1190 2976 1263 Βρυέννιος
3026 1187 3115 1241 καὶ
3150 1188 3177 1240 ὁ
3213 1187 3471 1262 Μιχαὴλ,
3516 1190 3598 1263 [Ρ.
3638 1192 3769 1264 788]

2106 1274 2326 1348 ἄραντες
2360 1279 2550 1338 νυκτὸς
2605 1272 2678 1339 ὡς
2738 1275 2947 1349 μηδένα
2997 1275 3346 1346 συναίσθησιν
3395 1272 3583 1332 λαϐεῖν
3637 1277 3766 1333 ὅποι

2105 1366 2315 1435 ἀπίασι,
2365 1367 2456 1420 καὶ
2489 1366 2728 1438 συντόνῳ
2786 1367 3128 1440 χρησάμενοι
3174 1363 3465 1440 οδοιπορίᾳ
3509 1360 3766 1442 ἔρχονται

2103 1453 2178 1517 εἷς
2208 1453 2605 1528 Χαριοόπολιν,
2657 1455 2747 1509 καὶ
2799 1453 2851 1509 ἐν
2903 1455 3042 1528 αὐτῇ
3095 1454 3427 1518 εἰσελθόντες
3481 1457 3616 1528 μετά
3669 1461 3767 1512 τοῦ

2104 1548 2333 1616 στρατοῦ
2391 1541 2704 1619 ἐξεδέχοντο
2762 1544 2853 1597 τὸν
2913 1544 3126 1614 καιρόν.
3192 1544 3260 1599 ()i
3314 1541 3373 1598 δὲ
3438 1546 3766 1613 ΙΙατζινάκαι

2100 1632 2226 1693 τοὺς
2284 1632 2480 1707 ἀγροὺς
2540 1633 2628 1686 xui
2681 1633 2748 1688 τὰ
2804 1632 3101 1705 προάστεια
3162 1631 3487 1705 ληϊσάμενοι
3544 1636 3765 1701 πάντα,

2101 1722 2187 1775 καὶ
2242 1723 2362 1796 περὶ
2429 1721 2694 1797 βουλυτὸν
2757 1723 3189 1796 ὑποστρέψαντες
3241 1718 3460 1798 ἔγγιστα
3525 1725 3763 1799 Χαριου-

2100 1808 2341 1881 πόλεως,
2387 1812 2767 1885 προστίθενται
2797 1815 2865 1884 τῇ
2907 1805 3261 1886 παρεμϐολῇ,
3291 1811 3615 1884 ἀγνοοῦντες
3645 1812 3762 1866 ὅτι-

2100 1921 2200 1973 περ
2256 1900 2614 1975 ἐπιχωριάζει
2678 1899 2983 1973 στράτευμα
3038 1898 3185 1959 ὅλως
3250 1900 3301 1955 ἰν
3354 1900 3517 1974 αὖτῇ²
3555 1898 3761 1956 διὸκαὶ

2098 1989 2267 2053 ἀδεῶς
2318 1986 2523 2045 ἔκειντο
2572 1989 2623 2044 ἐν
2653 1990 2847 2051 αὐλοῖς
2890 1990 2979 2044 καὶ
3019 1984 3330 2062 κυμϐάλοις
3386 1990 3756 2063 κωμάζοντες⁸

2096 2081 2307 2141 Νυκτὸς
2366 2078 2410 2134 δ’
2468 2079 2862 2154 ἐπιγενομένης
2920 2080 2973 2133 oi
3029 2079 3151 2154 περὶ
3212 2080 3301 2133 τὸν
3347 2081 3634 2155 Βρυέννιον
3665 2080 3759 2135 καὶ

337 2172 431 2227 τὸν
464 2168 696 2245 Μιχαὴλ
728 2167 1033 2241 ἐξελθόντες
1062 2169 1149 2222 καὶ
1183 2169 1568 2240 κοιμωμένους
1599 2169 1685 2222 καὶ
1724 2168 2012 2243 ῥέγχοντας
2043 2169 2287 2244 εὑρόντες
2338 2169 2619 2244 ἀναιροῦσι
2667 2169 3005 2241 σύμπαντας.
3056 2171 3230 2222 Τοῦτο
3288 2165 3345 2223 δὲ
3391 2170 3454 2222 τὸ
3501 2168 3771 2244 ἀτύχημα

341 2256 612 2327 συστολὴν
645 2257 735 2312 καὶ
767 2254 975 2312 δειλίαν
1009 2254 1227 2327 ἐνέθηκε
1253 2261 1370 2318 τοῖς
1402 2256 1777 2325 Πατζινάκοις.
1808 2260 1900 2311 Διὸ
1930 2257 2137 2319 καὶτὰς
2169 2255 2440 2334 ἐκδρομὰς
2473 2258 2573 2312 οὐκ
2621 2257 2819 2320 ἀνέτως
2868 2258 2941 2318 ὡς
2987 2257 3051 2312 τὸ
3100 2256 3386 2332 πρότερον,
3436 2257 3581 2313 ἀλλά
3634 2260 3775 2332 μετά

341 2346 558 2425 φειδοῦς
590 2345 898 2414 ἐποιοῦντο,
930 2346 1067 2400 κατά
1095 2365 1153 2400 τε
1180 2346 1278 2414 τήν
1313 2342 1359 2398 δ’
1384 2345 1475 2399 καὶ
1506 2351 1542 2399 ε’
1573 2342 1903 2401 ίνδικτιῶνα.

414 2456 566 2512 005
602 2461 711 2510 Per
740 2454 849 2510 hoc
879 2454 1078 2526 ipsum
1106 2458 1343 2525 tempus
1369 2454 1668 2509 Romanus
1693 2454 1877 2509 Boilas
1904 2471 1997 2509 su-

342 2547 465 2601 bito
482 2554 567 2601 est
591 2545 659 2600 ad
690 2559 991 2599 summum
1007 2547 1258 2599 evectus.
1275 2542 1329 2597 Is
1351 2559 1483 2598 cum
1509 2544 1568 2597 in
1590 2542 1999 2598 sodalitatibus

346 2640 615 2701 mereret,
649 2634 824 2689 humo
857 2632 1057 2703 lingua
1106 2638 1411 2703 promptus
1451 2648 1517 2686 ac
1550 2649 1652 2703 pro
1687 2633 1912 2687 urbano
1944 2638 1996 2687 et

343 2725 531 2779 faceto
561 2723 820 2788 habitus,
856 2737 990 2775 cum
1032 2720 1212 2775 semel
1243 2721 1300 2775 in
1334 2727 1713 2792 conspectum
1741 2720 1967 2793 impera

343 2813 488 2868 toris
518 2811 791 2880 venisset,
824 2809 1304 2881 elegantissimus
1353 2826 1417 2864 ex
1452 2809 1741 2879 colloquio
1766 2810 1997 2877 judica-

339 2908 459 2968 tus,
489 2916 794 2971 nunquam
827 2900 899 2953 ab
931 2915 998 2953 eo
1031 2898 1240 2952 deinde
1271 2897 1557 2952 dimissus
1594 2905 1703 2963 est,
1738 2900 1836 2953 sed
1866 2914 1995 2953 cum

340 2990 763 3046 Monomachus
808 2992 865 3043 et
889 2985 1296 3042 consiliarium
1332 3003 1502 3059 porro
1533 2996 1581 3041 et
1618 2987 1821 3058 quavis
1851 2987 1904 3041 in
1942 3003 1998 3042 re

338 3079 678 3134 ministrum
698 3077 932 3132 habuit:
958 3075 1440 3147 paulatimqueeo
1456 3076 1639 3131 evexit
1657 3081 1720 3131 ut
1739 3078 1994 3147 primum

338 3169 397 3222 in
431 3168 565 3223 aula
598 3169 793 3221 locum
824 3166 1133 3220 obtineret.
1182 3166 1236 3219 Is
1271 3170 1334 3219 ut
1360 3170 1485 3219 erat
1515 3165 1690 3219 homo
1721 3171 1995 3220 versutus

338 3261 515 3328 atque
543 3255 763 3321 varius,
794 3254 1076 3309 diuturna
1100 3254 1328 3324 imperii
1355 3253 1672 3326 cupiditate
1695 3253 1992 3320 laborans,

337 3350 627 3417 quotquot
654 3348 997 3400 senatorum
1024 3343 1178 3413 apud
1212 3342 1622 3414 imperatorem
1645 3343 1701 3397 in
1722 3342 1992 3415 indigna-

337 3435 500 3490 tione
545 3437 732 3500 erant,
785 3448 984 3487 eorum
1040 3447 1251 3486 arcano
1294 3448 1399 3486 suo
1448 3432 1712 3503 exposito
1763 3433 1993 3487 animos

2181 2453 2330 2509 Κατὰ
2358 2458 2549 2507 τοῦτον
2595 2454 2685 2507 τὸν
2737 2454 2939 2528 χρόνον
2973 2454 3062 2507 καὶ
3094 2455 3128 2523 ἡ
3178 2455 3461 2525 Ῥωμανοῦ
3490 2458 3588 2509 τοῦ
3616 2452 3776 2528 λεγο-

2112 2542 2275 2613 μένου
2328 2540 2499 2597 Βοΐλα
2556 2540 2825 2616 αἰφνίδιος
2879 2543 3095 2616 γέγονεν
3150 2539 3388 2612 αὔξησις.
3444 2543 3614 2604 Οὗτος
3660 2545 3771 2619 γάρ

2109 2629 2160 2684 έν
2210 2636 2330 2691 ταῖς
2385 2627 2678 2704 ἓταιρείαις
2726 2632 3189 2706 κατατεταγμένος
3232 2630 3322 2685 καὶ
3370 2638 3469 2699 τήν
3519 2629 3774 2707 γλῶτταν

2109 2718 2267 2793 ὑγρὸς
2330 2715 2426 2785 ὣν,
2473 2718 2561 2771 xui
2598 2716 2771 2772 δοκῶν
2804 2720 2940 2772 κατὰ
2985 2723 3147 2773 τοῦτο
3206 2718 3418 2780 ἀστεῖος
3447 2721 3537 2773 καὶ
3576 2718 3772 2796 εὐτρά-

2106 2806 2295 2872 πελος,
2373 2806 2487 2860 ἐπεί
2562 2828 2694 2861 ποτε
2748 2806 2822 2867 εἶς
2883 2802 3005 2880 ὄψιν
3084 2805 3224 2877 ἦλθε
3270 2812 3350 2879 τῷ
3411 2808 3625 2883 βασιλεῖ
3677 2810 3770 2864 καὶ

2106 2893 2383 2967 ὁμιλήσας
2437 2897 2797 2971 χαριέστατος
2843 2890 3012 2965 ἔδοξε,
3069 2897 3132 2951 τὸ
3179 2896 3284 2951 ἀπὸ
3341 2894 3501 2951 τοῦδε
3557 2898 3768 2972 ἀχώρι-

2106 3005 2229 3047 στος
2288 2985 2353 3053 ἦν
2410 2983 2574 3039 αὐτοῦ
2629 2981 2719 3039 διὰ
2775 2985 2995 3051 παντὸς,
3055 2984 3143 3039 xui
3201 2984 3380 3057 τούτῳ
3408 2986 3614 3061 ἐχρῆτο
3672 2989 3766 3042 xui

2105 3069 2409 3145 συμϐούλῳ
2465 3074 2552 3126 καὶ
2616 3071 2853 3145 διακόνῳ
2921 3073 3010 3127 xui
3073 3075 3330 3149 ὑπουργῷ
3384 3076 3519 3150 πρὸς
3587 3082 3766 3131 πᾶσαν

2103 3162 2421 3239 ὐπηρεσίαψ
2481 3162 2539 3217 ὅν
2592 3164 2729 3217 κατὰ
2791 3163 2983 3238 μικρὸν
3043 3168 3162 3226 ταῖς
3190 3169 3380 3237 τιμαῖς
3410 3159 3770 3235 προϐιϐάζων

2105 3252 2180 3313 εἰς
2244 3252 2379 3328 μέγα
2439 3251 2595 3325 ἐξῆρε
2650 3252 2740 3306 καὶ
2801 3251 3033 3325 ὕψωσεν,
3080 3253 3154 3314 ὡς
3183 3252 3249 3307 τά
3278 3257 3467 3327 πρῶτα
3498 3252 3675 3330 φέρειν
3711 3254 3766 3310 ἐν

2106 3340 2429 3416 βασιλείοις.
2464 3340 2637 3402 Οὗτος
2669 3342 2697 3394 6
2732 3341 2868 3415 ἀνὴρ
2902 3340 3217 3416 εὐμήχανος
3248 3338 3322 3396 ὢν
3353 3342 3443 3396 xui
3484 3343 3764 3414 ποικίλος,

2100 3429 2188 3484 xui
2241 3436 2341 3497 τῆς
2406 3428 2684 3505 βασιλείας
2735 3428 2874 3504 ἱρῶν
2933 3429 3015 3483 ἀεί
3069 3451 3221 3502 ποτε,
3282 3430 3611 3506 ἀπεπειρᾶτο
3647 3434 3760 3487 τῶν

334 3523 621 3579 teutabat.
637 3529 716 3577 Ac
734 3521 949 3591 quibus
967 3519 1193 3574 insidia)
1214 3520 1632 3591 probabantur,
1654 3537 1752 3575 eos
1770 3522 1989 3576 sensim

2106 3517 2221 3571 ὅσοι
2291 3522 2402 3571 τῶν
2479 3517 2857 3592 συγκλητικῶν
2930 3518 3395 3593 προκεκρουκότες
3463 3521 3597 3590 ἦσαν
3673 3526 3758 3593 τῷ

338 3628 405 3668 ac
438 3611 665 3682 placide
709 3610 818 3665 sibi
869 3608 1262 3679 conjungebal
1285 3609 1762 3680 juramentisque
1795 3611 1990 3664 devin-

335 3701 524 3756 ciebat
557 3717 570 3755 :
606 3697 704 3771 qui
735 3702 929 3753 autem
959 3696 1146 3768 primo
1176 3696 1352 3751 etiam
1378 3696 1581 3751 auditu
1611 3697 1682 3751 ab
1714 3714 1781 3752 ea
1814 3716 1871 3752 re
1893 3699 1991 3753 ab-

334 3790 670 3853 horrebant,
712 3803 909 3843 eorum
965 3786 1209 3857 probare
1259 3802 1321 3840 se
1370 3793 1544 3856 atque
1593 3786 1737 3840 adeo
1788 3787 1987 3842 mirari

333 3879 507 3935 fidem
542 3894 682 3949 erga
713 3876 1126 3948 imperatorem
1160 3872 1501 3939 simulabat,
1537 3889 1718 3945 seque
1758 3880 1988 3931 tantum

332 3965 667 4039 experiendi
699 3982 897 4020 eorum
935 3963 1167 4018 animos
1199 3978 1378 4016 causa
1411 3961 1523 4017 ista
1556 3962 1815 4017 locutum
1837 3964 1989 4019 dice-

335 4058 456 4121 bat,
486 4056 845 4127 jurabatque
872 4069 935 4107 se
965 4068 1167 4107 eorum
1219 4051 1619 4121 integritatem
1654 4053 1991 4123 imperatori

337 4144 742 4199 laudaturum.
766 4142 910 4197 Cum
946 4140 1160 4196 mullos
1192 4139 1404 4194 civium
1440 4141 1989 4213 corrupisset,jam-

342 4248 456 4303 que
506 4231 885 4285 insidiaretur
932 4229 1294 4299 imperatori,
1346 4244 1438 4283 res
1486 4231 1713 4284 detecta
1759 4237 1867 4286 est.
1918 4239 1994 4286 Ac

342 4320 485 4376 socii
510 4320 745 4392 quidem
775 4317 1229 4389 conspirationis
1258 4318 1579 4387 quaestione
1599 4319 1821 4389 agitata
1844 4321 1993 4374 mw!»

343 4415 484 4465 sunt
514 4409 759 4480 accepti,
813 4406 1192 4461 facultatibus
1240 4406 1365 4460 suis
1399 4406 1631 4476 spoliati
1666 4413 1721 4461 et
1756 4409 1809 4462 in
1844 4411 1992 4463 misi-

344 4498 484 4553 lium
517 4498 627 4553 acti
665 4513 677 4552 :
715 4494 1677 4563 Ronianusimpunisevasit.Nam
1701 4513 1833 4551 cum
1860 4515 1993 4552 eum

338 4588 657 4660 imperator
689 4584 992 4656 paululum
1045 4585 1218 4638 modo
1268 4590 1565 4638 aversatus
1603 4584 1830 4654 fuisset,
1866 4603 1996 4641 mox

335 4676 394 4731 in
432 4676 748 4748 pristinum
783 4673 1041 4728 restituit
1072 4671 1286 4726 locum.

2108 3608 2342 3681 βασιλεῖ,
2405 3607 2490 3660 xui
2544 3609 2606 3661 τὸ
2669 3609 2970 3682 μυστήριον
3023 3607 3348 3682 ἀνεκάλυψε.
3410 3611 3509 3664 Καὶ
3552 3609 3754 3664 τούτων

2101 3696 2294 3749 ὁπόσοι
2359 3695 2455 3767 μὶν
2515 3691 2712 3770 ἔτυχον
2771 3693 3214 3771 προσδεχόμενοι
3271 3697 3399 3758 τοὺς
3433 3696 3630 3775 λόγους
3661 3706 3764 3768 τῆς

2100 3779 2423 3852 ἐπιϐουλῆς,
2500 3782 2684 3859 ἡμέρα
2757 3784 2847 3838 καὶ
2918 3790 3211 3858 προσηνῶς
3269 3783 3613 3859 ἀνελάμϐανε
3670 3790 3767 3844 xui

2101 3872 2286 3947 ὅρκοις
2343 3871 2755 3949 έξτγσφαλίζετο·
2816 3872 2944 3936 τοὺς
2997 3872 3114 3928 ὅσοι
3177 3872 3234 3928 δὲ
3276 3876 3363 3929 καὶ
3420 3878 3559 3950 πρὸς
3592 3877 3770 3950 μόνην

2100 3958 2498 4015 ἀπεδυσπέτουν
2558 3962 2655 4030 τήν
2712 3962 2903 4031 ἀκοὴν,
2960 3960 3324 4038 ἀποδέχεσθαι
3374 3973 3765 4038 προσεποιεῖτο

2102 4050 2191 4104 καὶ
2251 4050 2539 4123 θαυμάζειν
2598 4058 2699 4119 τῆς
2756 4050 2832 4113 ε’ς
2862 4052 2954 4106 τὸν
3016 4051 3243 4128 βασιλέα
3309 4052 3543 4125 εὐνοίας,
3573 4056 3665 4110 xui
3696 4057 3768 4112 τὰ

2105 4136 2366 4214 λεχθέντα
2446 4138 2766 4213 δοκιμασίας
2841 4135 2998 4215 ἔλεγε
3076 4141 3306 4216 ῥηθῆναι
3385 4144 3597 4217 χάρ.ν,
3672 4147 3769 4201 καὶ

2110 4225 2485 4303 ὑπερλαλῆσαι
2537 4229 2743 4282 τούτων
2806 4229 2859 4290 ἐς
2912 4230 3004 4284 τὸν
3062 4228 3286 4304 βασιλέα
3327 4230 3769 4304 έπώμνυτο.Τε-

2106 4315 2353 4369 ἓῖνιττςῖην
2408 4315 2463 4371 δὲ
2494 4315 2739 4380 πολλοὺς
2775 4315 3090 4394 διαφθείρας
3119 4325 3225 4373 τῶν
3260 4319 3502 4376 πολιτῶν
3532 4322 3621 4376 καὶ
3646 4323 3765 4378 ἐπι-

2106 4402 2314 4475 ϐουλήν
2350 4405 2616 4481 ἐξαρτ·3ιυν
2646 4406 2918 4484 ἐφωράθη.
2946 4407 3042 4461 Καὶ
3074 4409 3126 4462 οἱ
3161 4409 3254 4479 μὲν
3288 4407 3451 4465 ἄλλοι
3484 4411 3676 4474 πάντες
3712 4415 3769 4467 οἱ

2108 4494 2253 4566 αἱ)τῴ
2286 4495 2679 4567 συνομόσαντες
2708 4500 2887 4557 κακῶς
2927 4494 3124 4559 ἔπαθον
3175 4496 3480 4562 έτασθέντες
3521 4500 3609 4554 καὶ
3650 4506 3762 4555 τῶν

2107 4583 2321 4638 οἷκεῖων
2371 4583 2641 4656 ὑπάρξεων
2688 4586 3065 4659 γυμνωθέντες
3109 4584 3198 4639 καὶ
3250 4586 3562 4661 ὑπερορίαις
3595 4610 3767 4664 παρα-

2106 4675 2459 4749 πεμφθέντες,
2522 4674 2550 4726 ὁ
2611 4670 2667 4727 δε
2717 4674 3016 4744 Ῥωμανὸς,
3052 4671 3202 4728 οὐδὲν
3260 4677 3495 4739 πέπονθε
3527 4677 3768 4754 φαῦλονο

334 4765 472 4820 κατά
502 4764 697 4838 μικρὸν
726 4762 825 4839 γὰρ
858 4759 1292 4836 ἀποστραφέντος
1313 4757 1473 4813 αὐτὸν
1501 4765 1598 4814 τοῦ
1634 4760 1925 4833 βασιλέως,
1960 4763 2125 4819 πάλιν
2160 4766 2519 4838 συνεχωρήθη
2555 4763 2643 4817 x:.i
2680 4763 2777 4832 τὴν
2809 4763 3073 4839 προτέραν
3104 4766 3217 4839 εἶχε
3249 4765 3593 4825 κατάστασιν,

407 4874 562 4930 000
599 4878 771 4928 Porro
804 4872 1079 4926 sultanus
1104 4885 1259 4931 cum,
1286 4874 1347 4922 ut
1379 4868 1657 4933 diximus,
1694 4872 1854 4925 fratri
1890 4889 1995 4927 suo
2031 4879 2071 4942 Ο

333 4963 610 5020 Abramio
655 4965 1047 5024 succenserrt,
1092 4959 1363 5011 assiduas
1396 4960 1524 5028 ejus
1558 4959 1686 5012 vitae
1720 4959 1994 5031 (Ιυὶιιιννρε

337 5051 808 5107 struxitinsidias
839 5050 1000 5116 Quod
1019 5046 1599 5101 sentiensAbramius
1616 5047 1997 5103 adCutlumu-

341 5154 474 5192 sum
506 5139 758 5211 aufugit,
791 5156 963 5194 suum
998 5135 1439 5201 consobrinum,
1476 5139 1533 5189 et
1560 5135 1655 5189 illo
1678 5138 1994 5208 adjuvante

342 5225 561 5281 bellum
586 5227 817 5281 sultano
840 5227 997 5286 facit,
1027 5226 1122 5294 qui
1160 5239 1293 5277 cum
1325 5223 1397 5277 iis
1419 5240 1771 5295 congressus
1798 5226 1994 5297 praelio

343 5317 499 5388 apud
524 5316 702 5371 Pasar
723 5316 904 5371 victor
926 5314 1266 5369 Abramium
1291 5314 1784 5384 comprehensum
1822 5332 1992 5371 neca-

341 5408 445 5461 vit.
474 5405 857 5462 Cutlumusus
890 5404 1120 5475 fugiens
1149 5419 1284 5457 cum
1319 5419 1417 5457 sex
1450 5401 1713 5459 millibus
1744 5409 1799 5459 et
1822 5406 1991 5461 Mele-

340 5495 450 5551 cho
483 5494 735 5551 Abramii
780 5494 901 5549 ﬁlio
932 5511 1034 5566 per
1066 5494 1288 5563 legatos
1342 5490 1485 5561 petit
1532 5494 1604 5546 ab
1641 5493 1992 5564 imperatore

337 5586 449 5640 reci
462 5584 516 5655 pi
540 5585 598 5640 in
613 5584 788 5639 ﬁdem
809 5583 1266 5652 societatemque
1280 5584 1609 5636 Romanoru
1622 5598 1809 5651 m;pro
1820 5584 1992 5639 fectu-

334 5690 482 5746 sque
495 5670 1022 5730 inPersarmeniam
1039 5671 1286 5726 adCarse
1302 5687 1647 5739 responsum
1664 5669 1987 5742 legatorum

332 5767 649 5835 exspectat.
702 5758 1063 5829 lnterimque
1111 5763 1282 5812 Carae
1329 5774 1704 5830 oppugnaris,
1752 5760 1990 5833 dempta

2174 4872 2228 4921 ἰ)
2288 4868 2345 4923 δὲ
2395 4868 2690 4932 σουλτάνος
2745 4870 3001 4946 ἐγκοτῶν,
3064 4872 3139 4935 ὡς
3197 4871 3412 4948 ἐρρέθη,
3474 4873 3761 4951 Ἀϐραμίῳ

2104 4964 2182 5029 τῷ
2242 4956 2462 5034 ἀδελφῷ
2518 4959 2604 5012 καὶ
2662 4958 2748 5013 δια
2808 4960 3006 5021 παντὸς
3056 4955 3430 5015 ἐπιϐουλε-Βων
3464 4967 3529 5037 τῇ
3564 4964 3761 5021 rod-.03

2109 5051 2243 5122 ζωῇ,
2278 5046 2507 5119 ἐμελέτα
2534 5046 2795 5117 διηνεκῶς
2828 5047 3033 5103 ἀνελεῖν
3066 5048 3250 5106 αὐτόν.
3282 5053 3456 5123 ’Ὅπερ
3490 5055 3766 5129 προγνοὺς

2105 5135 2307 5197 ἐκεῖνος
2391 5134 2593 5211 ἀπέδρα
2678 5137 2815 5210 πρὸς
2894 5138 3283 5210 Κουτλουμοῦς
3382 5140 3471 5194 τὸν
3570 5144 3768 5199 ἑαυτοῦ

2105 5226 2346 5298 ἀνεψιὸν,
2395 5226 2484 5280 καὶ
2552 5226 2665 5299 ἅμα
2721 5224 2912 5299 ἐκείνῳ
2968 5227 3058 5281 τὸν
3116 5229 3253 5282 κατά
3306 5233 3404 5283 τοῦ
3458 5230 3766 5289 σουλτάνου

2105 5312 2419 5389 ἀναδέχεται
2478 5315 2724 5387 πόλεμον
2760 5317 2842 5389 [Ρ.
2892 5318 3020 5390 789]
3074 5319 3169 5378 Οἷς
3202 5312 3499 5391 συμϐαλὼν
3532 5324 3668 5376 κατά
3695 5326 3765 5378 τὸ

2101 5402 2399 5478 κεγόμενον
2478 5406 2658 5479 Πάσαρ
2734 5403 2937 5466 ἐκεῖνος
3010 5406 3283 5479 τρέπεται,
3358 5410 3446 5461 καὶ
3503 5410 3595 5463 τὸν
3660 5411 3762 5484 μὶν

2104 5488 2404 5566 Ἀϐράμιον
2437 5494 2646 5567 ἀναιρεῖ
2703 5494 3121 5568 κατασχεθέντω
3183 5495 3210 5549 6
3244 5493 3300 5550 δὶ
3362 5495 3762 5571 Κουτλουμοῦς

2101 5582 2281 5658 φυγὼν
2341 5583 2474 5655 μετά
2526 5580 2798 5657 χιλιάδων
2855 5585 2897 5645 ς’
2953 5585 3043 5637 καὶ
3107 5584 3299 5660 Μέλεχ
3355 5590 3452 5641 τοῦ
3493 5588 3613 5641 υἱοῦ
3661 5595 3764 5644 τοῦ

2099 5665 2405 5745 Ἀϐραμίου
2476 5666 2916 5744 διαπρεσϐεύεται
2982 5673 3119 5749 πρὸς
3182 5673 3438 5747 βασιλέα,
3499 5678 3762 5735 ἱκετεύων

2097 5757 2503 5835 προσδεχθῆναι
2577 5759 2667 5815 καὶ
2736 5759 3032 5836 σύμμαχος
3098 5762 3189 5817 καὶ
3262 5761 3425 5837 φίλος
3503 5769 3764 5842 γενέσθαι
