4164 6402
424 377 548 438 337

1585 377 1948 436 HISTORIA
1963 376 2127 438 HUM
2178 375 2692 436 GOMPIENDIUM
2711 419 2724 435 .

3745 377 3894 438 338-

425 505 742 578 Ῥωμαίω-ι.
807 505 906 560 Καὶ
965 503 1138 560 ἐλθὼν
1184 506 1318 581 πρὸς
1371 507 1470 576 τήν
1527 505 1926 580 Ιιερσαρμενίαν
1997 508 2070 561 κα

2202 524 2355 573 arce,
2391 507 2564 578 capit.
2603 507 2767 562 Hunc
2801 525 2832 562 a
2863 513 3026 579 tergo
3057 507 3375 580 insequens
3411 509 3684 564 sultanus
3721 524 3858 564 cum

431 596 492 648 τὸ
541 594 860 668 λεγόμενον.
923 595 1100 668 Κάρσε
1147 595 1446 670 προσέμενε
1503 595 1593 655 τὰς
1642 601 1740 663 τῆς
1801 589 2086 660 πρεσϐείας

425 683 758 754 ἀποκρίσεις·
823 683 874 736 ἐν
925 687 1004 754 τῷ
1053 683 1249 756 μεταξὺ
1301 681 1356 736 δὲ
1387 682 1764 756 πολιορκήσας
1799 685 1859 738 τὸ
1895 685 2082 756 Κάρσε,

419 773 568 840 πλήν
621 776 720 836 τῆς
761 769 1143 848 ἀκροπόλεως,
1177 772 1504 848 παρειλήφει
1557 774 1656 842 τὴν
1709 773 1892 828 πόλιν.
1951 779 2086 826 lia:-

417 861 544 916 ὁπιν
601 860 656 916 δὲ
685 861 886 916 τούτου
933 859 1147 916 διώκων
1207 862 1236 916 ὁ
1295 861 1590 923 σουλτάνος
1643 862 1778 930 ἦλθε
1814 863 2082 934 μετὰτῶν

419 951 590 1012 αὖτοῦ
644 949 926 1022 δυνάμεων
981 949 1036 1004 έν
1069 946 1297 1021 Ἰϐηρίᾳο
1333 951 1466 1024 ὅπερ
1503 951 1687 1022 μαθὼν
1740 953 1768 1006 ὁ
1803 957 2082 1006 ΚουτΛου-

431 1045 562 1112 μοῦς
613 1037 778 1116 ἔφυγε
827 1037 966 1112 πρὸς
1021 1041 1089 1093 τὲ
1121 1035 1271 1094 Σαδᾶ
1303 1040 1392 1094 καὶ
1438 1042 1538 1110 τὴν
1591 1037 1900 1112 Εὐδαίμονα
1929 1043 2084 1111 Ἀρα-

427 1125 562 1184 ϐίαν.
609 1130 672 1186 Ὀ
731 1126 790 1182 δὲ
821 1127 1114 1190 σουλτάνος
1149 1127 1199 1182 έν
1253 1123 1464 1204 Ἰϐηρίᾳ
1511 1127 1801 1204 γενόμενος
1831 1125 2080 1196 ἐληίζετο

423 1220 486 1272 τὰ
532 1215 924 1293 παρατυχόντα
961 1218 1048 1272 καὶ
1083 1215 1400 1292 έπυρπόλει.
1455 1218 1548 1272 Διὸ
1590 1217 1678 1271 καὶ
1724 1218 1859 1272 κατα
1909 1237 2080 1272 σπου-

417 1305 514 1375 δήν
577 1309 606 1362 ὁ
671 1305 929 1382 βασιλεὺς
957 1307 1048 1360 τὸν
1087 1306 1418 1370 Ἀκόλουθον
1463 1304 1692 1382 Μιχαὴλ
1730 1307 2080 1379 μεταπεμψά-

413 1417 578 1469 μενος
611 1395 672 1450 ἐκ
701 1399 801 1461 τῆς
831 1396 1092 1471 Ἑσπέρας
1143 1396 1196 1459 ἐς
1246 1391 1489 1472 Ἰϐηρίαν
1541 1394 1829 1468 ἐκπέμπει·
1887 1395 1943 1456 ὅς
1969 1395 2080 1450 ἐκεῖ

405 1485 710 1562 γενόμενος
759 1485 1006 1546 καὶτοὺς
1039 1482 1464 1559 διεσπαρμένους
1517 1481 1569 1540 ἓν
1617 1506 1678 1540 τε
1736 1481 1948 1555 Χαλδίᾳ
1987 1485 2076 1538 καὶ

405 1569 632 1648 Ἰϐηρίᾳ
681 1575 970 1648 Φράγγους
1021 1573 1113 1628 καί
1159 1576 1478 1649 Βαράγγους
1531 1574 1811 1648 ἀγηοχὼς,
1843 1572 2076 1627 κωλύειν

405 1665 680 1736 ἠπείγετο
727 1663 818 1716 τὸν
865 1661 1051 1716 ἐνόντα
1096 1663 1298 1736 τρόπον
1335 1665 1428 1724 τὰς
1461 1660 1730 1734 ἐκδρομὰς
1759 1667 1856 1717 τοῦ
1914 1662 2074 1718 σουλ-

402 1751 598 1807 τάνου.
657 1749 820 1808 Ἀλλ’
871 1751 1076 1814 ἐκεῖνος
1101 1752 1200 1818 τὴν
1234 1751 1409 1822 ὀξεῖαν
1455 1747 1648 1828 ἔφοδον
1707 1751 1906 1806 τοίτου
1971 1771 2072 1824 μα-

2199 595 2323 651 suis
2356 597 2542 668 copiis
2575 596 2632 650 in
2672 597 2918 652 lberiam
2951 598 3144 664 venit;
3195 597 3441 670 ideoque
3471 598 3859 654 Cultumusus

2199 688 2268 741 ad
2305 689 2515 742 Sabam
2551 693 2605 740 et
2663 686 2906 741 Felicem
2945 687 3217 742 Arabiam
3273 687 3438 759 fugit.
3485 688 3766 742 Sultanus
3793 687 3852 741 in

2199 777 2386 830 Iberia
2439 775 2611 832 obvia
2659 792 2908 846 quaeque
2960 777 3295 846 populando
3345 782 3520 846 atque
3565 777 3852 832 incendiis

2195 871 2404 918 vastat.
2453 867 2650 936 Itaque
2675 864 2939 918 celeriter
2971 866 3292 935 imperator
3327 864 3674 920 Michaelum
3708 869 3850 920 Aco-

2197 953 2428 1008 luthum
2465 971 2530 1008 ex
2561 955 2874 1010 Occidente
2907 963 3238 1008 revocatum
3275 953 3328 1008 in
3365 955 3610 1008 lberiam
3647 954 3850 1008 mittit.

2195 1043 2301 1108 Qui
2353 1060 2482 1096 cum
2535 1059 2601 1098 eo
2661 1042 2935 1104 venisset,
2988 1041 3248 1096 collectis
3291 1059 3393 1114 per
3448 1041 3752 1098 Chaldiam
3787 1059 3852 1097 ac

2193 1133 2444 1186 Iberiam
2477 1133 2760 1202 dispersis
2793 1131 3033 1186 Francis
3065 1148 3132 1186 ac
3165 1132 3450 1204 Barangis
3481 1147 3852 1202 compescere

2193 1236 2546 1292 quocunque
2574 1221 2747 1276 modo
2773 1220 3175 1292 graesationes
3203 1219 3422 1276 sultani
3446 1225 3709 1276 conatur.
3729 1219 3853 1275 Sul-

2191 1315 2364 1364 tanus
2411 1309 2580 1364 celeri
2641 1310 2820 1378 hujus
2868 1311 3120 1364 adventu
3179 1309 3432 1380 cognito,
3477 1309 3852 1381 sentiensque

2189 1399 2335 1454 velle
2365 1399 2528 1453 illum
2554 1399 2810 1454 exercitu
2834 1397 3075 1453 collecto
3101 1415 3300 1453 secum
3329 1415 3527 1470 pugna
3547 1399 3848 1469 congredi,

2190 1493 2468 1558 reputans
2503 1487 2556 1540 id
2591 1488 2744 1557 quod
2781 1503 2874 1542 res
2904 1491 3048 1550 erat,
3090 1493 3410 1556 utrumque
3449 1486 3562 1542 sibi
3592 1485 3846 1558 ignomi-

2189 1576 2420 1630 niosum
2457 1577 2594 1640 fore,
2625 1576 2746 1630 sive
2780 1577 3038 1630 vinceret
3069 1576 3444 1645 imperatoris
3479 1575 3842 1644 ministrum,

2186 1665 2305 1720 sive
2336 1666 2408 1719 ab
2435 1681 2500 1719 eo
2520 1666 2874 1730 vinceretur,
2903 1664 3111 1718 castris
3133 1663 3308 1718 motis
3336 1665 3496 1720 omni
3519 1681 3654 1720 cum
3687 1665 3835 1720 607

2186 1753 2440 1808 exercitu
2475 1771 2582 1808 suo
2614 1755 2684 1808 ad
2719 1753 3064 1808 Tabrezium
3099 1753 3240 1808 abit.

405 1842 544 1906 θὼν,
577 1841 672 1894 καὶ
703 1839 782 1894 δτι
819 1839 951 1896 λαὸν
987 1839 1241 1916 ἀθροίσας
1273 1838 1490 1895 σπεύδει
1520 1861 1582 1895 το
1599 1841 1698 1912 Ξτῳ
1729 1838 2154 1912 συμπλέκεσθαι,
2190 1838 2550 1916 λογισάμενος
2585 1840 2716 1912 ὅπερ
2745 1843 2814 1910 ἧν
2843 1841 3011 1908 είκὸς,
3055 1842 3117 1896 τὸ
3151 1841 3478 1916 ἑκατέρωθεν
3521 1839 3618 1896 τοῦ
3665 1839 3840 1916 πράγ-

411 1951 588 2002 ματος
623 1927 834 2000 ἄδοξον,
869 1929 956 1984 καὶ
990 1929 1070 1984 ὅτι
1103 1932 1329 1999 νικήσας
1364 1932 1458 2004 μὲν
1493 1928 1689 1986 δοῦλον
1725 1925 1870 1984 ἔσται
1909 1927 2178 2004 βασιλέως
2210 1932 2525 2004 νενικηκὼς,
2560 1929 2796 2000 νικηθεὶς
2831 1927 2888 1984 δὲ
2913 1929 2974 1984 οὐ
3011 1930 3206 2005 μικρὰν
3241 1928 3508 2006 αίσχύνην
3537 1927 3840 1998 ἀποίσεται,

411 2018 544 2094 ἄρας
573 2021 736 2074 παντὶ
769 2023 850 2092 τῷ
882 2023 1096 2093 στρατῷ
1125 2018 1358 2090 ἐνέζευξε
1386 2020 1521 2093 πρὸς
1549 2021 1611 2074 τὸ
1645 2015 1961 2096 Ταϐρέζιον.

485 2127 616 2182 Τότε
671 2125 740 2194 δὴ
799 2127 888 2181 καὶ
955 2127 1260 2201 Μιχαηλᾶς
1293 2128 1444 2181 ὁτοῦ
1507 2127 1780 2204 Στεφάνου
1811 2127 1949 2194 υἱὸς,
1981 2127 2068 2181 καὶ

2255 2129 2372 2183 Hoc
2403 2129 2530 2200 ipso
2563 2133 2826 2200 tempore
2859 2125 3176 2183 Michaelas
3207 2127 3492 2200 Stephani
3527 2127 3706 2198 filius,
3741 2127 3843 2199 qui

419 2211 738 2291 Τριῦαλλῶν
799 2215 890 2270 καὶ
943 2210 1164 2290 Σέρϐιον
1215 2217 1350 2287 μετᾶ
1395 2217 1486 2270 τὸν
1547 2217 1753 2292 πατέρα
1805 2215 2072 2279 καταστὰς

423 2305 686 2380 ἀρχηγὸς,
741 2302 1024 2360 σπένδεται
1077 2309 1156 2376 τῷ
1215 2304 1451 2380 βασιλεῖ,
1482 2305 1570 2360 καὶ
1601 2311 1718 2368 τοῖς
1751 2306 2071 2379 συμμάγοις

421 2395 510 2449 καί
567 2392 742 2470 φίλοις
795 2397 905 2449 τῶν
981 2394 1265 2466 Ῥωμαίων
1341 2393 1682 2472 ἐγγράφεται,
1743 2414 2069 2467 πρωτοσπα-

413 2485 600 2554 θάριος
673 2483 956 2556 τιμηθείς.
1019 2483 1300 2561 Ἐπέμφθη
1355 2480 1412 2538 δὲ
1467 2487 1544 2555 τῷ
1601 2484 1817 2559 βασιλεῖ
1871 2483 1959 2538 καὶ
2018 2482 2068 2552 ἐξ

409 2571 710 2648 Αἶγῦπτου·
767 2573 914 2643 παρᾶ
969 2576 1071 2625 τοῦ
1122 2571 1324 2642 ταύτης
1382 2573 1652 2649 ἀρχηγοῦ,
1687 2577 1822 2642 ζῶον
1873 2571 2067 2648 ἐλέφας

405 2663 493 2715 καὶ
563 2657 1090 2734 καμηλοπάρδαλις.
1163 2660 1514 2734 Βουλόμενος
1589 2660 1646 2716 δὲ
1717 2663 1744 2716 ὁ
1817 2661 2069 2737 βασιλεὺς

403 2748 610 2812 τελέως
663 2751 980 2814 ἀπώσασθαι
1035 2749 1165 2812 τοὺς
1219 2753 1576 2820 Πατζινάκας,
1609 2751 1705 2813 τὰς
1738 2749 2070 2820 ὁθενδήποτε.

407 2837 670 2912 δυνάμεις
731 2839 982 2914 ἀθροίσας
1039 2838 1100 2894 ἐκ
1143 2847 1243 2909 τῆς
1301 2840 1473 2912 Ἑῲας
1503 2841 1592 2895 καὶ
1649 2848 1750 2910 τῆς
1807 2841 2069 2915 Ἑσπέρας

403 2929 498 2984 καὶ
559 2927 802 3003 Μιχαὴλ
859 2927 1134 3004 παραδοὺς
1181 2933 1262 3002 τῷ
1321 2927 1658 3002 Ἀκολούθῳ,
1708 2931 1794 2984 καὶ
1827 2931 1920 2984 τὸν
1953 2931 2072 3004 σύγ-

403 3015 614 3073 κελλον
675 3015 736 3072 δὲ
801 3017 1084 3074 Βασίλειον
1158 3020 1226 3073 τὰ
1290 3018 1638 3094 Βουλγαρικά
1697 3020 2070 3094 στρατεύματα

407 3105 774 3183 ἀνειληφέναι
808 3106 1090 3176 κελεύσας,
1151 3109 1240 3162 καὶ
1298 3107 1464 3184 ἄμφω
1521 3109 1658 3163 κατὰ
1707 3113 1814 3163 τῶν
1869 3111 2070 3176 Ηατζι-

399 3195 584 3251 νάκων
653 3195 940 3269 ἐκπέμπει.
1013 3200 1186 3272 ’Ὀπερ
1246 3195 1442 3252 ἐκεῖνοι
1500 3197 1795 3270 πυθόμενοι
1855 3197 2070 3272 χάρακα

401 3285 679 3356 ἐπήξαντο
751 3288 888 3342 κατὰ
954 3287 1055 3354 τήν
1129 3286 1372 3363 μεγάλην
1426 3283 1826 3364 Περισθλάϐαν,
1879 3288 2070 3364 τάφρῳ

407 3375 604 3449 βαθείᾳ
689 3376 780 3429 καὶ
858 3375 1212 3449 σταυρώμασι
1274 3375 1476 3446 ταύτην
1562 3377 2066 3451 κατοχυρώσαντες.

405 3465 792 3540 Ἀφικομένων
895 3461 986 3518 οὖν
1084 3468 1192 3518 τῶν
1289 3465 1574 3537 Ῥωμαίων
1661 3464 2068 3542 συγκλείσαντες

407 3551 634 3614 homo:
691 3547 844 3608 ἔνδον
899 3559 1000 3623 τῆς
1053 3554 1260 3630 τάφρου
1317 3553 1767 3629 ἐπολιορκοῦντο.
1825 3555 1974 3611 Ἐπεὶ
2009 3553 2066 3610 δὲ

415 3647 532 3703 τοῖς
569 3640 866 3711 Ῥωμαίοις
921 3640 1214 3711 τηνάλλως
1263 3645 1290 3696 6
1319 3644 1506 3717 καιρὸς
1538 3639 1799 3716 ἐτρίϐετο,
1835 3641 2004 3716 μηδὲν
2038 3643 2068 3698 ὅ

417 3749 472 3782 τι
500 3732 586 3782 καί
636 3728 807 3806 λόγου
865 3727 1010 3799 ἄξιον
1061 3727 1470 3805 διαπράττουσι,
1501 3731 1734 3806 κατέσχε
1765 3729 1823 3787 δὲ
1871 3732 2065 3794 αὐτοὺς

415 3817 504 3871 καί
545 3819 742 3880 σπάνες
769 3822 876 3872 τῶν
911 3819 1241 3894 ἀναγκαίων,
1299 3819 1509 3895 βουλὴν
1559 3819 1914 3896 προότίθεσαν
1941 3823 2063 3895 περὶ

411 3911 512 3961 τοῦ
569 3907 858 3981 πρακτέου,
917 3907 1006 3962 καὶ
1068 3905 1220 3980 δόξαν
1284 3909 1476 3963 ἅπασιν
1534 3909 1888 3982 ὑποστρέψαι,
1930 3909 2064 3984 ἀωρὶ

418 3999 530 4048 ’τῖυν
583 4001 776 4050 νυκτῶν
855 3997 1016 4070 σιγήν
1071 3997 1532 4072 παραγγείλαντες
1593 3997 1680 4052 καὶ
1737 3999 1831 4056 τὰς
1891 3998 2066 4061 πύλας

429 4083 840 4148 ἀναπετάσαντες
882 4088 982 4155 τῆς
1039 4081 1404 4161 παρεμϐολῆς
1467 4087 1808 4162 έπεχώρουν.
1889 4091 2067 4144 Τοῦτο

425 4169 482 4225 δὲ
532 4171 630 4228 οὐκ
671 4171 828 4238 ἔλαθε
873 4175 965 4230 τὸν
997 4177 1202 4250 Τυράχ·
1238 4173 1382 4231 ἀλλὰ
1434 4179 1617 4249 μαθὼν
1669 4179 1742 4239 ὡς
1775 4177 2066 4252 βούλονται

417 4259 654 4338 φε-ἇγειν,
705 4261 834 4318 λαὸν
898 4263 980 4318 ὅτι
1033 4263 1292 4320 πλεῖστον
1349 4269 1446 4320 τοῦ
1507 4265 1748 4340 χάρακος
1797 4265 2069 4342 ἐξαγαγὼν

411 4350 464 4404 ἑν
509 4355 630 4412 ταῖς
681 4347 886 4414 διόδοις
935 4352 1200 4425 ἐκπέμπει
1229 4397 1242 4420 ,
1291 4355 1374 4427 [Ρ.
1421 4355 1552 4428 790]
1612 4355 1853 4426 ὅπουπερ
1903 4350 2068 4429 ἔμελ-

407 4437 510 4495 λον
561 4439 614 4493 οἱ
663 4442 927 4513 Ῥωμαῖοι
959 4440 1293 4518 διέρχεσθαι·
1344 4441 1504 4504 αὐτὸς
1543 4439 1600 4496 δὲ
1631 4441 1932 4513 έξελθοῦσιν
1983 4443 2067 4499 εὖ·

407 4528 506 4591 θὺς
565 4528 880 4585 ἐπιτίθεται.
947 4533 1046 4585 Καὶ
1115 4531 1316 4606 γίνεται
1378 4533 1556 4606 τροπή
1620 4537 1728 4586 τῶν
1777 4533 2066 4606 Ῥωμαίων

407 4619 638 4694 φρικτὴ,
689 4619 778 4672 καὶ
819 4621 868 4674 οἱ
923 4621 1016 4694 μὲν
1053 4621 1159 4677 ὑπὸ
1205 4626 1315 4676 τῶν
1367 4621 1594 4676 κατόπιν
1645 4620 2068 4696 καταλαμλανό-

409 4727 570 4777 μενοι
621 4707 1046 4784 ἀπεσφάττοντο,
1093 4711 1147 4764 οἱ
1175 4707 1234 4764 δὲ
1266 4711 1370 4764 ὑπὸ
1401 4713 1506 4764 τῶν
1539 4709 2064 4784 προκατειληφότων

402 4795 502 4856 τὰς
552 4792 866 4870 δυσχωρίας
909 4797 1221 4873 εἰργόμενοι
1277 4798 1655 4869 ἀνηλίσκοντο.
1709 4801 1931 4856 "Encas:
1964 4801 2061 4855 οὖν

2188 2225 2320 2287 post
2347 2217 2528 2289 patris
2554 2223 2796 2272 mortem
2821 2217 3216 2272 Triballorum
3239 2234 3305 2272 ac
3335 2217 3650 2272 Serborum
3685 2217 3841 2289 prin-

2181 2307 2439 2377 cipatum
2477 2308 2733 2372 tenebat,
2768 2323 2902 2360 cum
2936 2306 3290 2377 imperatore
3325 2307 3512 2361 foedus
3552 2306 3673 2370 icit,
3703 2323 3838 2378 pro-

2181 2396 2643 2466 tospathariique
2661 2396 2969 2450 decoratus
2993 2395 3212 2450 honore
3232 2396 3287 2449 in
3315 2394 3513 2449 album
3539 2395 3834 2450 sociorum

2181 2501 2247 2539 ac
2279 2486 2602 2540 amicorum
2640 2483 2864 2555 imperii
2915 2483 3160 2538 Romani
3211 2483 3547 2539 ascribitur.
3583 2483 3836 2538 Mittitur

2179 2573 2356 2626 etiam
2391 2573 2775 2628 Monomaoho
2822 2574 2894 2626 ab
2926 2573 3146 2645 {Egypti
3203 2573 3463 2644 principe
3513 2571 3752 2644 elephas
3777 2579 3834 2628 et

2179 2661 2682 2733 carm-lopardalis.
2735 2663 3070 2716 Secundum
3127 2661 3246 2716 haec
3297 2661 3616 2732 imperator
3645 2661 3832 2716 Patzi-

2181 2769 2355 2806 nacas
2391 2769 2630 2822 prorsus
2665 2751 2895 2807 amoliri
2929 2751 3192 2822 cupiens,
3227 2767 3430 2806 omnes
3475 2751 3736 2822 undique
3767 2769 3830 2806 ex

2179 2840 2414 2895 Oriente
2482 2845 2542 2894 et
2573 2841 2884 2896 Occidente
2931 2841 3128 2911 copias
3159 2839 3454 2906 conducit,
3505 2841 3696 2910 iisque
3721 2839 3836 2895 Mi-

2180 2929 2446 2984 chaelum
2473 2929 2826 2984 Acoluthum
2845 2929 3086 3000 praeficit
3110 2947 3120 2982 :
3146 2927 3426 2983 Basiliam
3448 2943 3678 3000 quoque.
3701 2929 3834 2998 syn-

2179 3017 2394 3074 cellum
2419 3017 2756 3090 Bulgaricos
2773 3018 3092 3087 exercitusj
3106 3021 3242 3071 abet
3255 3017 3594 3083 excitare,et
3611 3021 3837 3074 utrum-

2181 3127 2292 3181 que
2334 3115 2534 3164 contra
2568 3110 2905 3164 Patzinaeas
2951 3108 3262 3180 proﬁcisci.
3299 3109 3578 3164 Nuntiata
3620 3108 3694 3163 iis
3727 3109 3838 3162 bac

2181 3217 2260 3264 re,
2295 3199 2616 3254 Patzinaca:
2651 3199 2722 3253 ad
2757 3215 3029 3269 magnam
3068 3195 3498 3252 Peristhlabam
3528 3202 3721 3252 castra
3750 3195 3833 3250 lo-

2180 3295 2333 3352 cant,
2369 3305 2554 3358 eaque
2585 3287 2736 3342 vallo
2767 3305 2834 3342 ac
2883 3288 3040 3342 fossa
3079 3285 3494 3340 communiunt
3524 3285 3834 3351 profunda,
3887 3285 3896 3292 ”

2179 3386 2236 3433 et
2265 3378 2546 3432 Romanis
2575 3377 3026 3432 advenientibus
3052 3376 3107 3428 in
3143 3393 3210 3430 ea
3233 3392 3294 3430 se
3315 3373 3653 3442 includunt,
3687 3373 3838 3429 obsi-

2100 3497 2143 3563 C
2181 3468 2538 3536 dioncmque
2573 3463 3310 3536 perferunt.Romani,cum
3335 3467 3566 3534 tempus
3589 3463 3644 3516 in
3680 3461 3834 3517 obsi-

2182 3558 2356 3612 dione
2387 3555 2548 3610 nullo
2576 3555 2768 3608 fructu
2807 3560 3090 3608 tereretur
3113 3553 3351 3621 jamque
3383 3553 3558 3608 etiam
3591 3551 3836 3623 penuria

2175 3645 2444 3701 laborare
2473 3642 3162 3714 inciperent,consultant
3177 3641 3460 3712 quidnam
3479 3647 3635 3696 esset
3660 3658 3802 3714 agen
3823 3671 3836 3678 -

2179 3737 2342 3790 dum.
2379 3733 2604 3788 Placuit
2635 3733 3002 3788 obsidionem
3036 3731 3280 3786 solvere.
3318 3731 3522 3800 Itaque
3556 3731 3840 3801 imperato

2180 3825 2416 3878 silentio
2449 3823 2804 3893 intempesta
2835 3827 3004 3876 nocte
3037 3820 3220 3890 portis
3259 3823 3588 3873 castrorum
3622 3819 3840 3890 apertis

2179 3911 2517 3966 discedunt.
2551 3911 2758 3980 Neque
2791 3911 2896 3963 hoc
2925 3908 3252 3980 Tyracbum
3292 3907 3482 3972 latuit,
3500 3906 3598 3962 sed
3637 3906 3834 3977 fugam

2180 4018 2278 4056 eos
2312 4001 2500 4054 moliri
2561 4001 2772 4053 certior
2824 3999 3012 4052 factus
3059 4012 3331 4068 magnam
3395 3994 3838 4050 multitudinem

2181 4089 2389 4144 castris
2423 4088 2694 4142 emissam
2745 4087 2870 4142 vias
2921 4086 3176 4140 insidere
3219 4085 3392 4156 jubet
3449 4101 3564 4152 qua
3593 4084 3839 4139 Romani

2179 4188 2340 4235 erant
2363 4175 2875 4245 transituri,atque
2895 4175 3019 4246 ipse
3041 4173 3406 4245 egredientes
3429 4173 3628 4228 statim
3653 4173 3838 4228 adori-

2178 4267 2454 4322 tur.608
2480 4271 2653 4322 Atrox
2677 4266 2756 4320 ibi
2781 4265 3176 4321 Romanorum
3213 4264 3321 4317 fuit
3342 4261 3561 4328 clades,
3579 4279 3712 4318 cum
3735 4263 3836 4316 alii

2178 4358 2378 4413 hostes
2411 4375 2442 4412 a
2475 4363 2634 4428 tergo
2667 4354 2916 4410 insecuti
2951 4352 3356 4420 necarent,alii
3389 4353 3462 4406 ab
3485 4351 3558 4407 iis
3584 4351 3686 4423 qui
3713 4350 3834 4405 vias

2179 4451 2606 4516 occupaverant
2636 4443 3060 4499 occiderentur.
3115 4441 3326 4496 Cecidit
3381 4457 3596 4512 magna
3629 4439 3834 4494 multi-

2179 4537 2340 4600 tudo,
2377 4541 2550 4605 atque
2581 4533 2705 4604 ipse.
2737 4531 2912 4586 etiam
2947 4529 3240 4603 syncellus
3263 4547 3282 4582 :
3315 4527 3524 4600 reliqui
3556 4544 3689 4584 cum
3723 4528 3838 4583 Mi-

2179 4624 2382 4679 chaelo
2413 4621 2829 4693 Adrianopolin
2865 4625 3274 4691 pervenerunt.
3317 4617 3738 4673 Monomacbus
3767 4635 3834 4670 ex

2181 4715 2288 4768 hac
2319 4711 2653 4766 calamitate
2675 4711 2972 4779 ingentem
2997 4708 3152 4778 cepit
3171 4707 3429 4762 dolorem
3456 4725 3470 4774 ;
3495 4711 3552 4762 et
3573 4705 3832 4761 collectis

2180 4804 2276 4873 qui
2311 4805 2618 4857 evaserant
2649 4798 2958 4860 militibus,
2993 4798 3274 4865 novisque
3303 4795 3540 4865 scriptis
3575 4795 3832 4850 cohorti-

405 4883 630 4953 πλῆθος
659 4867 824 4952 πολὺ,
877 4867 1160 4942 πίπτει-δὲ
1197 4887 1288 4942 καὶ
1319 4867 1477 4949 αὖτὸς
1504 4889 1532 4942 ὁ
1565 4887 1887 4963 σόγκελλος,
1921 4891 1970 4944 οἱ
2006 4889 2062 4945 δὲ

2184 4867 2620 4954 aus,conductis
2648 4888 2822 4943 etiam
2859 4883 3486 4954 mercenariis,bellum
3517 4883 3826 4952 reparavit,

405 4971 604 5028 λοιποί
663 4973 756 5028 σὺ)
785 4981 865 5047 τῷ
897 4975 1128 5052 Μιχαὴλ
1189 4976 1240 5030 ἐν
1293 4975 1740 5048 Ἀδριανουπόλει
1775 4975 2066 5048 διασώζον-

399 5083 517 5116 ται.
583 5063 892 5140 Περιαλγής
949 5067 1042 5121 οὖν
1093 5067 1120 5121 6
1189 5065 1445 5141 βασιλεὺς
1487 5069 1782 5142 γενόμενος
1833 5067 1920 5123 ἐπὶ
1987 5073 2066 5140 τῷ

403 5151 728 5225 ἀτυχήματι
803 5153 932 5217 τούς
1009 5175 1068 5210 τε
1139 5155 1198 5210 ἐκ
1268 5162 1368 5225 τῆς
1441 5164 1653 5230 τροπῆς
1709 5154 2063 5222 διασωθέντας

401 5236 744 5313 ἀνελάμϐανε
792 5243 886 5298 καὶ
915 5242 1046 5300 λαὸν
1094 5241 1277 5320 ἕτερον
1321 5241 1699 5320 ἐστρατολόγει
1743 5247 1833 5302 καὶ
1870 5259 2063 5320 μισθο-

401 5329 609 5407 φόρους
657 5331 930 5408 συνέλεγε,
991 5332 1080 5388 καὶ
1140 5329 1374 5390 ἀϐίωτον
1426 5334 1615 5410 ᾐγεῖτο
1663 5337 1754 5390 τὸν
1819 5337 1958 5412 βίον,
2019 5337 2064 5390 εἷ

2175 4981 2353 5052 quod,
2387 4979 2500 5034 nisi
2535 4979 2848 5033 excidisset
2897 4975 3255 5040 Patzinacas,
3301 4973 3480 5027 vitam
3529 4973 3638 5028 sibi
3668 4989 3829 5026 acer-

2176 5074 2308 5126 bam
2343 5069 2616 5124 ducebat.
2651 5068 2968 5122 Patzinacae
3001 5080 3031 5120 θ
3066 5067 3306 5135 perfuga
3365 5063 3622 5133 quodam
3656 5078 3724 5117 eo
3755 5063 3828 5116 do

2173 5159 2446 5214 instituto
2479 5157 2610 5212 facti
2667 5155 2966 5222 certiores,
3003 5153 3201 5208 missis
3249 5152 3460 5224 legatis
3509 5167 3711 5222 pacem
3753 5151 3826 5205 ab

2175 5249 2528 5318 imperatore
2562 5247 2875 5318 petierunt.
2908 5241 3132 5309 Quibus
3163 5241 3439 5310 assensit,
3471 5245 3530 5296 et
3559 5239 3828 5295 inducias

2175 5337 2496 5392 triennales
2530 5335 2766 5406 pepigit.

403 5419 482 5491 μή
517 5415 684 5494 ἄρδην
717 5423 970 5500 ἀφανίσει
999 5423 1060 5477 τὸ
1091 5424 1248 5498 γένος
1277 5428 1385 5478 τῶν
1415 5429 1784 5494 Πατζινακων.
1819 5423 1974 5481 Ἀλλ’
2007 5424 2200 5480 ἐκεῖνοι
2235 5421 2305 5479 δι’
2336 5421 2650 5495 αὐτομόλου
2679 5426 2839 5476 τοῦτο
2871 5421 3171 5491 πυθόμενοι
3192 5413 3664 5492 διαπρεσὸεὗονται
3686 5417 3824 5490 πρὸς

397 5509 492 5562 τὸν
523 5509 776 5586 βασιλέα,
811 5511 1034 5586 εἰρήνην
1066 5512 1364 5576 αίτοῦντες.
1398 5515 1496 5567 Καὶ
1527 5511 1959 5589 προσδεξάμενος
1989 5511 2147 5577 οὗτος
2185 5515 2285 5582 τήν
2335 5507 2620 5590 πρεσϐείαν
2677 5507 2956 5564 σπένδεται
3004 5510 3118 5582 μετ’
3167 5507 3340 5563 αὐτῶν
3386 5505 3822 5583 τριακοντούτεις

391 5598 626 5664 σπονδάς
659 5605 926 5674 θέμενος.

445 5711 860 5788 Μοναστήριον
939 5704 995 5762 δὲ
1071 5705 1390 5785 οἰκοδομῶν
1437 5709 1466 5764 ὁ
1515 5708 1769 5786 βασιλεὺς
1813 5709 1948 5766 κατὰ
1994 5709 2062 5765 τὰ

2241 5711 2526 5768 Ceterum
2555 5707 2979 5767 Monomacbus
3007 5703 3437 5764 monasterium
3468 5701 3730 5760 condens
3758 5701 3820 5756 in
