  <div class='ocr_page' id='page_1' title='image "/cluster/home/n/w/nwhite01/storage/ocr_20150623/122:no.2/coo.31924054870278/177.png"; bbox 0 0 4164 6390; ppageno 0'>
   <div class='ocr_carea' id='block_1_1' title="bbox 336 364 455 425">
    <p class='ocr_par' dir='ltr' id='par_1_1' title="bbox 336 364 455 425">
     <span class='ocr_line' id='line_1_1' title="bbox 336 364 455 425; baseline 0 -1"><span class='ocrx_word' id='word_1_1' title='bbox 336 364 455 425; x_wconf 82' lang='grc'>339</span> 
     </span>
    </p>
   </div>
   <div class='ocr_carea' id='block_1_2' title="bbox 1692 354 2396 424">
    <p class='ocr_par' dir='ltr' id='par_1_2' title="bbox 1692 354 2396 424">
     <span class='ocr_line' id='line_1_2' title="bbox 1692 354 2396 424; baseline 0.001 -2"><span class='ocrx_word' id='word_1_2' title='bbox 1692 354 2009 422; x_wconf 74' lang='lat' dir='ltr'>GEORGII</span> <span class='ocrx_word' id='word_1_3' title='bbox 2055 360 2396 424; x_wconf 77' lang='lat' dir='ltr'>GEDRENI</span> 
     </span>
    </p>
   </div>
   <div class='ocr_carea' id='block_1_3' title="bbox 3631 359 3754 420">
    <p class='ocr_par' dir='ltr' id='par_1_3' title="bbox 3631 359 3754 420">
     <span class='ocr_line' id='line_1_3' title="bbox 3631 359 3754 420; baseline 0 -1"><span class='ocrx_word' id='word_1_4' title='bbox 3631 359 3754 420; x_wconf 63' lang='lat'>340</span> 
     </span>
    </p>
   </div>
   <div class='ocr_carea' id='block_1_4' title="bbox 339 488 1996 571">
    <p class='ocr_par' dir='ltr' id='par_1_4' title="bbox 339 494 1981 568">
     <span class='ocr_line' id='line_1_4' title="bbox 339 494 1981 568; baseline -0.001 -19"><span class='ocrx_word' id='word_1_5' title='bbox 339 494 670 568; x_wconf 81' lang='lat' dir='ltr'>Manganis,</span> <span class='ocrx_word' id='word_1_6' title='bbox 692 511 818 568; x_wconf 63' lang='lat' dir='ltr'>qua:</span> <span class='ocrx_word' id='word_1_7' title='bbox 839 495 1649 562; x_wconf 87' lang='lat' dir='ltr'>vocantur,denominandum</span> <span class='ocrx_word' id='word_1_8' title='bbox 1672 512 1705 550; x_wconf 90' lang='lat' dir='ltr'>a</span> <span class='ocrx_word' id='word_1_9' title='bbox 1729 500 1981 567; x_wconf 81' lang='lat' dir='ltr'>martyre</span> 
     </span>
    </p>
   </div>
   <div class='ocr_carea' id='block_1_5' title="bbox 2106 488 3755 571">
    <p class='ocr_par' dir='ltr' id='par_1_5' title="bbox 2106 488 3755 571">
     <span class='ocr_line' id='line_1_5' title="bbox 2106 488 3755 571; baseline -0.001 -25"><span class='ocrx_word' id='word_1_10' title='bbox 2106 490 2375 566; x_wconf 87' lang='grc' dir='ltr'>λεγόμενα</span> <span class='ocrx_word' id='word_1_11' title='bbox 2431 496 2693 571; x_wconf 83' lang='grc' dir='ltr'>Μάγγανα</span> <span class='ocrx_word' id='word_1_12' title='bbox 2746 493 2830 549; x_wconf 87' lang='grc' dir='ltr'>ἐπ’</span> <span class='ocrx_word' id='word_1_13' title='bbox 2886 493 3113 567; x_wconf 84' lang='grc' dir='ltr'>ὀνόματι</span> <span class='ocrx_word' id='word_1_14' title='bbox 3159 496 3256 548; x_wconf 85' lang='grc' dir='ltr'>τοῦ</span> <span class='ocrx_word' id='word_1_15' title='bbox 3300 493 3460 566; x_wconf 77' lang='grc' dir='ltr'>ἁγίου</span> <span class='ocrx_word' id='word_1_16' title='bbox 3513 488 3755 565; x_wconf 82' lang='grc' dir='ltr'>μεγάλου</span> 
     </span>
    </p>
   </div>
   <div class='ocr_carea' id='block_1_6' title="bbox 338 583 1991 656">
    <p class='ocr_par' dir='ltr' id='par_1_6' title="bbox 338 583 1991 656">
     <span class='ocr_line' id='line_1_6' title="bbox 338 583 1991 656; baseline -0.002 -17"><span class='ocrx_word' id='word_1_17' title='bbox 338 584 606 656; x_wconf 86' lang='lat' dir='ltr'>Georgio,</span> <span class='ocrx_word' id='word_1_18' title='bbox 626 585 926 656; x_wconf 89' lang='lat' dir='ltr'>productis</span> <span class='ocrx_word' id='word_1_19' title='bbox 951 586 1124 640; x_wconf 87' lang='lat' dir='ltr'>modo</span> <span class='ocrx_word' id='word_1_20' title='bbox 1141 586 1481 639; x_wconf 67' lang='lat' dir='ltr'>aediﬁcando</span> <span class='ocrx_word' id='word_1_21' title='bbox 1505 584 1677 638; x_wconf 87' lang='lat' dir='ltr'>modo</span> <span class='ocrx_word' id='word_1_22' title='bbox 1704 583 1991 637; x_wconf 90' lang='lat' dir='ltr'>diruendo</span> 
     </span>
    </p>
   </div>
   <div class='ocr_carea' id='block_1_7' title="bbox 338 673 1987 744">
    <p class='ocr_par' dir='ltr' id='par_1_7' title="bbox 338 673 1987 744">
     <span class='ocr_line' id='line_1_7' title="bbox 338 673 1987 744; baseline -0.001 -17"><span class='ocrx_word' id='word_1_23' title='bbox 338 673 411 727; x_wconf 90' lang='lat' dir='ltr'>iis</span> <span class='ocrx_word' id='word_1_24' title='bbox 442 689 567 743; x_wconf 66' lang='lat' dir='ltr'>quas</span> <span class='ocrx_word' id='word_1_25' title='bbox 597 679 765 727; x_wconf 87' lang='lat' dir='ltr'>erant</span> <span class='ocrx_word' id='word_1_26' title='bbox 799 675 855 728; x_wconf 90' lang='lat' dir='ltr'>in</span> <span class='ocrx_word' id='word_1_27' title='bbox 888 674 1089 728; x_wconf 67' lang='lat' dir='ltr'>aerario</span> <span class='ocrx_word' id='word_1_28' title='bbox 1120 674 1418 729; x_wconf 89' lang='lat' dir='ltr'>omnibus.</span> <span class='ocrx_word' id='word_1_29' title='bbox 1453 675 1524 728; x_wconf 86' lang='lat' dir='ltr'>ad</span> <span class='ocrx_word' id='word_1_30' title='bbox 1583 690 1855 744; x_wconf 73' lang='lat' dir='ltr'>magnam</span> <span class='ocrx_word' id='word_1_31' title='bbox 1894 688 1987 741; x_wconf 92' lang='lat' dir='ltr'>pe-</span> 
     </span>
    </p>
   </div>
   <div class='ocr_carea' id='block_1_8' title="bbox 338 761 1990 833">
    <p class='ocr_par' dir='ltr' id='par_1_8' title="bbox 338 761 1990 833">
     <span class='ocr_line' id='line_1_8' title="bbox 338 761 1990 833; baseline -0.001 -17"><span class='ocrx_word' id='word_1_32' title='bbox 338 761 521 816; x_wconf 70' lang='lat' dir='ltr'>cunia:</span> <span class='ocrx_word' id='word_1_33' title='bbox 544 762 929 833; x_wconf 77' lang='lat' dir='ltr'>indigentiam</span> <span class='ocrx_word' id='word_1_34' title='bbox 956 764 1196 818; x_wconf 81' lang='lat' dir='ltr'>decidit.</span> <span class='ocrx_word' id='word_1_35' title='bbox 1220 763 1472 833; x_wconf 84' lang='lat' dir='ltr'>Ideoque</span> <span class='ocrx_word' id='word_1_36' title='bbox 1493 763 1647 816; x_wconf 70' lang='lat' dir='ltr'>varia</span> <span class='ocrx_word' id='word_1_37' title='bbox 1669 761 1990 816; x_wconf 84' lang='lat' dir='ltr'>admodum</span> 
     </span>
    </p>
   </div>
   <div class='ocr_carea' id='block_1_9' title="bbox 339 852 1992 922">
    <p class='ocr_par' dir='ltr' id='par_1_9' title="bbox 339 852 1992 922">
     <span class='ocr_line' id='line_1_9' title="bbox 339 852 1992 922; baseline -0.001 -18"><span class='ocrx_word' id='word_1_38' title='bbox 339 852 712 922; x_wconf 88' lang='lat' dir='ltr'>cauponandi</span> <span class='ocrx_word' id='word_1_39' title='bbox 754 868 967 920; x_wconf 77' lang='lat' dir='ltr'>genera</span> <span class='ocrx_word' id='word_1_40' title='bbox 1013 852 1226 922; x_wconf 81' lang='lat' dir='ltr'>reperit</span> <span class='ocrx_word' id='word_1_41' title='bbox 1270 859 1326 905; x_wconf 90' lang='lat' dir='ltr'>et</span> <span class='ocrx_word' id='word_1_42' title='bbox 1372 852 1662 906; x_wconf 81' lang='lat' dir='ltr'>absurdus</span> <span class='ocrx_word' id='word_1_43' title='bbox 1695 866 1992 905; x_wconf 88' lang='lat' dir='ltr'>commen-</span> 
     </span>
    </p>
   </div>
   <div class='ocr_carea' id='block_1_10' title="bbox 338 940 1990 1012">
    <p class='ocr_par' dir='ltr' id='par_1_10' title="bbox 338 940 1990 1012">
     <span class='ocr_line' id='line_1_10' title="bbox 338 940 1990 1012; baseline -0.001 -18"><span class='ocrx_word' id='word_1_44' title='bbox 338 940 622 1012; x_wconf 87' lang='lat' dir='ltr'>titiasque</span> <span class='ocrx_word' id='word_1_45' title='bbox 650 941 1003 995; x_wconf 80' lang='lat' dir='ltr'>exactiones.</span> <span class='ocrx_word' id='word_1_46' title='bbox 1027 940 1171 995; x_wconf 87' lang='lat' dir='ltr'>Nam</span> <span class='ocrx_word' id='word_1_47' title='bbox 1201 941 1466 1010; x_wconf 88' lang='lat' dir='ltr'>publicos</span> <span class='ocrx_word' id='word_1_48' title='bbox 1499 940 1755 995; x_wconf 72' lang='lat' dir='ltr'>instituit</span> <span class='ocrx_word' id='word_1_49' title='bbox 1785 957 1990 1010; x_wconf 88' lang='lat' dir='ltr'>proco-</span> 
     </span>
    </p>
   </div>
   <div class='ocr_carea' id='block_1_11' title="bbox 343 1029 1994 1100">
    <p class='ocr_par' dir='ltr' id='par_1_11' title="bbox 343 1029 1994 1100">
     <span class='ocr_line' id='line_1_11' title="bbox 343 1029 1994 1100; baseline -0.001 -17"><span class='ocrx_word' id='word_1_50' title='bbox 343 1034 587 1094; x_wconf 90' lang='lat' dir='ltr'>ratores,</span> <span class='ocrx_word' id='word_1_51' title='bbox 616 1030 869 1084; x_wconf 80' lang='lat' dir='ltr'>nefarios</span> <span class='ocrx_word' id='word_1_52' title='bbox 901 1030 1193 1094; x_wconf 88' lang='lat' dir='ltr'>homines,</span> <span class='ocrx_word' id='word_1_53' title='bbox 1242 1046 1493 1100; x_wconf 89' lang='lat' dir='ltr'>quorum</span> <span class='ocrx_word' id='word_1_54' title='bbox 1545 1046 1721 1100; x_wconf 80' lang='lat' dir='ltr'>opera</span> <span class='ocrx_word' id='word_1_55' title='bbox 1756 1029 1994 1099; x_wconf 83' lang='lat' dir='ltr'>injustis</span> 
     </span>
    </p>
   </div>
   <div class='ocr_carea' id='block_1_12' title="bbox 344 1118 1993 1189">
    <p class='ocr_par' dir='ltr' id='par_1_12' title="bbox 344 1118 1993 1189">
     <span class='ocr_line' id='line_1_12' title="bbox 344 1118 1993 1189; baseline -0.001 -17"><span class='ocrx_word' id='word_1_56' title='bbox 344 1118 670 1174; x_wconf 79' lang='lat' dir='ltr'>rationibus</span> <span class='ocrx_word' id='word_1_57' title='bbox 703 1121 1012 1189; x_wconf 83' lang='lat' dir='ltr'>pecuniam</span> <span class='ocrx_word' id='word_1_58' title='bbox 1045 1121 1393 1186; x_wconf 79' lang='lat' dir='ltr'>conﬁceret;</span> <span class='ocrx_word' id='word_1_59' title='bbox 1428 1126 1485 1173; x_wconf 89' lang='lat' dir='ltr'>et</span> <span class='ocrx_word' id='word_1_60' title='bbox 1516 1119 1801 1173; x_wconf 88' lang='lat' dir='ltr'>lbericum</span> <span class='ocrx_word' id='word_1_61' title='bbox 1834 1134 1993 1173; x_wconf 83' lang='lat' dir='ltr'>exer-</span> 
     </span>
    </p>
   </div>
   <div class='ocr_carea' id='block_1_13' title="bbox 345 1206 1993 1279">
    <p class='ocr_par' dir='ltr' id='par_1_13' title="bbox 345 1206 1993 1279">
     <span class='ocr_line' id='line_1_13' title="bbox 345 1206 1993 1279; baseline -0.002 -17"><span class='ocrx_word' id='word_1_62' title='bbox 345 1208 552 1273; x_wconf 87' lang='lat' dir='ltr'>citum,</span> <span class='ocrx_word' id='word_1_63' title='bbox 584 1206 685 1279; x_wconf 88' lang='lat' dir='ltr'>qui</span> <span class='ocrx_word' id='word_1_64' title='bbox 713 1214 838 1263; x_wconf 87' lang='lat' dir='ltr'>erat</span> <span class='ocrx_word' id='word_1_65' title='bbox 869 1209 939 1263; x_wconf 88' lang='lat' dir='ltr'>ad</span> <span class='ocrx_word' id='word_1_66' title='bbox 972 1209 1136 1275; x_wconf 79' lang='grc'>5000,</span> <span class='ocrx_word' id='word_1_67' title='bbox 1168 1224 1269 1278; x_wconf 89' lang='lat' dir='ltr'>per</span> <span class='ocrx_word' id='word_1_68' title='bbox 1298 1209 1547 1263; x_wconf 89' lang='lat' dir='ltr'>Leonem</span> <span class='ocrx_word' id='word_1_69' title='bbox 1579 1206 1868 1263; x_wconf 77' lang='lat' dir='ltr'>Serblium</span> <span class='ocrx_word' id='word_1_70' title='bbox 1902 1207 1993 1260; x_wconf 89' lang='lat' dir='ltr'>di-</span> 
     </span>
    </p>
   </div>
   <div class='ocr_carea' id='block_1_14' title="bbox 348 1295 1996 1367">
    <p class='ocr_par' dir='ltr' id='par_1_14' title="bbox 348 1295 1996 1367">
     <span class='ocr_line' id='line_1_14' title="bbox 348 1295 1996 1367; baseline -0.001 -16"><span class='ocrx_word' id='word_1_71' title='bbox 348 1296 529 1364; x_wconf 84' lang='lat' dir='ltr'>misit,</span> <span class='ocrx_word' id='word_1_72' title='bbox 555 1312 621 1351; x_wconf 90' lang='lat' dir='ltr'>ac</span> <span class='ocrx_word' id='word_1_73' title='bbox 645 1313 747 1367; x_wconf 87' lang='lat' dir='ltr'>pro</span> <span class='ocrx_word' id='word_1_74' title='bbox 771 1297 1056 1352; x_wconf 81' lang='lat' dir='ltr'>militibus</span> <span class='ocrx_word' id='word_1_75' title='bbox 1078 1298 1300 1363; x_wconf 85' lang='lat' dir='ltr'>reditus</span> <span class='ocrx_word' id='word_1_76' title='bbox 1322 1298 1535 1352; x_wconf 89' lang='lat' dir='ltr'>multos</span> <span class='ocrx_word' id='word_1_77' title='bbox 1560 1298 1631 1351; x_wconf 89' lang='lat' dir='ltr'>iis</span> <span class='ocrx_word' id='word_1_78' title='bbox 1654 1313 1723 1351; x_wconf 83' lang='lat' dir='ltr'>ex</span> <span class='ocrx_word' id='word_1_79' title='bbox 1743 1295 1996 1366; x_wconf 68' lang='lat' dir='ltr'>regioni-</span> 
     </span>
    </p>
   </div>
   <div class='ocr_carea' id='block_1_15' title="bbox 345 1385 1998 1457">
    <p class='ocr_par' dir='ltr' id='par_1_15' title="bbox 345 1385 1998 1457">
     <span class='ocr_line' id='line_1_15' title="bbox 345 1385 1998 1457; baseline -0.001 -16"><span class='ocrx_word' id='word_1_80' title='bbox 345 1385 459 1441; x_wconf 88' lang='lat' dir='ltr'>bus</span> <span class='ocrx_word' id='word_1_81' title='bbox 476 1385 710 1456; x_wconf 81' lang='lat' dir='ltr'>recepit,</span> <span class='ocrx_word' id='word_1_82' title='bbox 723 1385 1055 1457; x_wconf 88' lang='lat' dir='ltr'>multasque</span> <span class='ocrx_word' id='word_1_83' title='bbox 1068 1386 1215 1441; x_wconf 88' lang='lat' dir='ltr'>alias</span> <span class='ocrx_word' id='word_1_84' title='bbox 1230 1386 1482 1457; x_wconf 89' lang='lat' dir='ltr'>injustas</span> <span class='ocrx_word' id='word_1_85' title='bbox 1494 1393 1551 1441; x_wconf 90' lang='lat' dir='ltr'>et</span> <span class='ocrx_word' id='word_1_86' title='bbox 1566 1391 1891 1440; x_wconf 90' lang='lat' dir='ltr'>memoratu</span> <span class='ocrx_word' id='word_1_87' title='bbox 1916 1386 1998 1439; x_wconf 89' lang='lat' dir='ltr'>in-</span> 
     </span>
    </p>
   </div>
   <div class='ocr_carea' id='block_1_16' title="bbox 346 1473 1997 1546">
    <p class='ocr_par' dir='ltr' id='par_1_16' title="bbox 346 1473 1997 1546">
     <span class='ocr_line' id='line_1_16' title="bbox 346 1473 1997 1546; baseline 0 -18"><span class='ocrx_word' id='word_1_88' title='bbox 346 1473 555 1546; x_wconf 84' lang='lat' dir='ltr'>dignas</span> <span class='ocrx_word' id='word_1_89' title='bbox 567 1476 899 1530; x_wconf 81' lang='lat' dir='ltr'>exactiones</span> <span class='ocrx_word' id='word_1_90' title='bbox 912 1476 1276 1546; x_wconf 84' lang='lat' dir='ltr'>excogitavit.</span> <span class='ocrx_word' id='word_1_91' title='bbox 1296 1475 1449 1530; x_wconf 74' lang='lat'>009</span> <span class='ocrx_word' id='word_1_92' title='bbox 1472 1475 1530 1529; x_wconf 85' lang='lat' dir='ltr'>id</span> <span class='ocrx_word' id='word_1_93' title='bbox 1553 1473 1783 1545; x_wconf 89' lang='lat' dir='ltr'>quidem</span> <span class='ocrx_word' id='word_1_94' title='bbox 1805 1480 1997 1528; x_wconf 75' lang='lat' dir='ltr'>tacere</span> 
     </span>
    </p>
   </div>
   <div class='ocr_carea' id='block_1_17' title="bbox 348 1563 1997 1635">
    <p class='ocr_par' dir='ltr' id='par_1_17' title="bbox 348 1563 1997 1635">
     <span class='ocr_line' id='line_1_17' title="bbox 348 1563 1997 1635; baseline 0.001 -18"><span class='ocrx_word' id='word_1_95' title='bbox 348 1580 463 1617; x_wconf 89' lang='lat' dir='ltr'>non</span> <span class='ocrx_word' id='word_1_96' title='bbox 496 1580 759 1635; x_wconf 90' lang='lat' dir='ltr'>possum,</span> <span class='ocrx_word' id='word_1_97' title='bbox 793 1565 973 1635; x_wconf 90' lang='lat' dir='ltr'>hujus</span> <span class='ocrx_word' id='word_1_98' title='bbox 1007 1563 1633 1635; x_wconf 81' lang='lat' dir='ltr'>imperatorisluxuria</span> <span class='ocrx_word' id='word_1_99' title='bbox 1663 1580 1729 1618; x_wconf 88' lang='lat' dir='ltr'>ac</span> <span class='ocrx_word' id='word_1_100' title='bbox 1753 1564 1997 1619; x_wconf 84' lang='lat' dir='ltr'>libidine</span> 
     </span>
    </p>
   </div>
   <div class='ocr_carea' id='block_1_18' title="bbox 348 1653 1996 1723">
    <p class='ocr_par' dir='ltr' id='par_1_18' title="bbox 348 1653 1996 1723">
     <span class='ocr_line' id='line_1_18' title="bbox 348 1653 1996 1723; baseline 0.001 -17"><span class='ocrx_word' id='word_1_101' title='bbox 348 1656 566 1708; x_wconf 81' lang='lat' dir='ltr'>factum</span> <span class='ocrx_word' id='word_1_102' title='bbox 598 1670 729 1709; x_wconf 89' lang='lat' dir='ltr'>esse</span> <span class='ocrx_word' id='word_1_103' title='bbox 763 1660 826 1707; x_wconf 89' lang='lat' dir='ltr'>ut</span> <span class='ocrx_word' id='word_1_104' title='bbox 857 1670 949 1708; x_wconf 92' lang='lat' dir='ltr'>res</span> <span class='ocrx_word' id='word_1_105' title='bbox 983 1654 1240 1708; x_wconf 79' lang='lat' dir='ltr'>Romana</span> <span class='ocrx_word' id='word_1_106' title='bbox 1264 1654 1623 1708; x_wconf 81' lang='lat' dir='ltr'>decresceret</span> <span class='ocrx_word' id='word_1_107' title='bbox 1656 1660 1831 1723; x_wconf 85' lang='lat' dir='ltr'>atque</span> <span class='ocrx_word' id='word_1_108' title='bbox 1863 1653 1996 1707; x_wconf 92' lang='lat' dir='ltr'>inde</span> 
     </span>
    </p>
   </div>
   <div class='ocr_carea' id='block_1_19' title="bbox 354 1741 1995 1813">
    <p class='ocr_par' dir='ltr' id='par_1_19' title="bbox 354 1741 1995 1813">
     <span class='ocr_line' id='line_1_19' title="bbox 354 1741 1995 1813; baseline 0 -17"><span class='ocrx_word' id='word_1_109' title='bbox 354 1741 636 1813; x_wconf 83' lang='lat' dir='ltr'>paulatim</span> <span class='ocrx_word' id='word_1_110' title='bbox 658 1744 1078 1797; x_wconf 88' lang='lat' dir='ltr'>contabescens</span> <span class='ocrx_word' id='word_1_111' title='bbox 1094 1744 1164 1796; x_wconf 88' lang='lat' dir='ltr'>ad</span> <span class='ocrx_word' id='word_1_112' title='bbox 1183 1747 1504 1797; x_wconf 82' lang='lat' dir='ltr'>extremam</span> <span class='ocrx_word' id='word_1_113' title='bbox 1524 1742 1629 1797; x_wconf 94' lang='lat' dir='ltr'>ded</span> <span class='ocrx_word' id='word_1_114' title='bbox 1643 1748 1776 1797; x_wconf 86' lang='lat' dir='ltr'>ucta</span> <span class='ocrx_word' id='word_1_115' title='bbox 1798 1743 1875 1797; x_wconf 90' lang='lat' dir='ltr'>sit</span> <span class='ocrx_word' id='word_1_116' title='bbox 1892 1743 1995 1796; x_wconf 89' lang='lat' dir='ltr'>im-</span> 
     </span>
    </p>
   </div>
   <div class='ocr_carea' id='block_1_20' title="bbox 351 1830 2076 1929">
    <p class='ocr_par' dir='ltr' id='par_1_20' title="bbox 351 1830 2076 1929">
     <span class='ocr_line' id='line_1_20' title="bbox 351 1830 2076 1929; baseline 0.001 -44"><span class='ocrx_word' id='word_1_117' title='bbox 351 1830 910 1887; x_wconf 87' lang='lat' dir='ltr'>becillitatem.Nam</span> <span class='ocrx_word' id='word_1_118' title='bbox 936 1833 1076 1885; x_wconf 91' lang='lat' dir='ltr'>dum</span> <span class='ocrx_word' id='word_1_119' title='bbox 1111 1831 1304 1902; x_wconf 87' lang='lat' dir='ltr'>inepte</span> <span class='ocrx_word' id='word_1_120' title='bbox 1333 1834 1686 1929; x_wconf 64' lang='lat' dir='ltr'>studetesse</span> <span class='ocrx_word' id='word_1_121' title='bbox 1714 1831 1996 1901; x_wconf 85' lang='lat' dir='ltr'>liberalis,</span> <span class='ocrx_word' id='word_1_122' title='bbox 2028 1864 2076 1929; x_wconf 83' lang='lat' dir='ltr'><strong>B</strong></span> 
     </span>
    </p>
   </div>
   <div class='ocr_carea' id='block_1_21' title="bbox 355 1920 2000 1993">
    <p class='ocr_par' dir='ltr' id='par_1_21' title="bbox 355 1920 2000 1993">
     <span class='ocr_line' id='line_1_21' title="bbox 355 1920 2000 1993; baseline 0.001 -18"><span class='ocrx_word' id='word_1_123' title='bbox 355 1921 424 1975; x_wconf 90' lang='lat' dir='ltr'>ad</span> <span class='ocrx_word' id='word_1_124' title='bbox 456 1929 781 1977; x_wconf 82' lang='lat' dir='ltr'>extremum</span> <span class='ocrx_word' id='word_1_125' title='bbox 835 1921 1263 1993; x_wconf 90' lang='lat' dir='ltr'>prodigalitatis</span> <span class='ocrx_word' id='word_1_126' title='bbox 1294 1926 1384 1976; x_wconf 91' lang='lat' dir='ltr'>est</span> <span class='ocrx_word' id='word_1_127' title='bbox 1436 1920 1765 1992; x_wconf 80' lang='lat' dir='ltr'>prolapsus.</span> <span class='ocrx_word' id='word_1_128' title='bbox 1801 1922 2000 1992; x_wconf 85' lang='lat' dir='ltr'>Neque</span> 
     </span>
    </p>
   </div>
   <div class='ocr_carea' id='block_1_22' title="bbox 350 2009 1997 2082">
    <p class='ocr_par' dir='ltr' id='par_1_22' title="bbox 350 2009 1997 2082">
     <span class='ocr_line' id='line_1_22' title="bbox 350 2009 1997 2082; baseline 0 -17"><span class='ocrx_word' id='word_1_129' title='bbox 350 2016 551 2066; x_wconf 84' lang='lat' dir='ltr'>tamen</span> <span class='ocrx_word' id='word_1_130' title='bbox 583 2026 826 2082; x_wconf 85' lang='lat' dir='ltr'>prorsus</span> <span class='ocrx_word' id='word_1_131' title='bbox 861 2009 1003 2065; x_wconf 87' lang='lat' dir='ltr'>nihil</span> <span class='ocrx_word' id='word_1_132' title='bbox 1038 2010 1169 2065; x_wconf 92' lang='lat' dir='ltr'>boni</span> <span class='ocrx_word' id='word_1_133' title='bbox 1222 2011 1374 2078; x_wconf 81' lang='lat' dir='ltr'>fecit,</span> <span class='ocrx_word' id='word_1_134' title='bbox 1407 2011 1507 2065; x_wconf 87' lang='lat' dir='ltr'>sed</span> <span class='ocrx_word' id='word_1_135' title='bbox 1544 2011 1811 2064; x_wconf 81' lang='lat' dir='ltr'>teruntur</span> <span class='ocrx_word' id='word_1_136' title='bbox 1837 2028 1997 2082; x_wconf 72' lang='lat' dir='ltr'>qua:-</span> 
     </span>
    </p>
   </div>
   <div class='ocr_carea' id='block_1_23' title="bbox 351 2098 1995 2171">
    <p class='ocr_par' dir='ltr' id='par_1_23' title="bbox 351 2098 1995 2171">
     <span class='ocr_line' id='line_1_23' title="bbox 351 2098 1995 2171; baseline 0.001 -18"><span class='ocrx_word' id='word_1_137' title='bbox 351 2100 486 2154; x_wconf 79' lang='lat' dir='ltr'>dam</span> <span class='ocrx_word' id='word_1_138' title='bbox 506 2099 883 2171; x_wconf 90' lang='lat' dir='ltr'>ipsiusopera</span> <span class='ocrx_word' id='word_1_139' title='bbox 898 2100 1077 2169; x_wconf 88' lang='lat' dir='ltr'>digna</span> <span class='ocrx_word' id='word_1_140' title='bbox 1094 2116 1220 2170; x_wconf 69' lang='lat' dir='ltr'>quae</span> <span class='ocrx_word' id='word_1_141' title='bbox 1241 2098 1297 2152; x_wconf 90' lang='lat' dir='ltr'>in</span> <span class='ocrx_word' id='word_1_142' title='bbox 1319 2098 1626 2154; x_wconf 88' lang='lat' dir='ltr'>historiam</span> <span class='ocrx_word' id='word_1_143' title='bbox 1648 2102 1995 2156; x_wconf 80' lang='lat' dir='ltr'>referentur.</span> 
     </span>
    </p>
   </div>
   <div class='ocr_carea' id='block_1_24' title="bbox 349 2188 1999 2261">
    <p class='ocr_par' dir='ltr' id='par_1_24' title="bbox 349 2188 1999 2261">
     <span class='ocr_line' id='line_1_24' title="bbox 349 2188 1999 2261; baseline 0.001 -19"><span class='ocrx_word' id='word_1_144' title='bbox 349 2188 496 2243; x_wconf 85' lang='lat' dir='ltr'>Nam</span> <span class='ocrx_word' id='word_1_145' title='bbox 529 2188 588 2243; x_wconf 90' lang='lat' dir='ltr'>id</span> <span class='ocrx_word' id='word_1_146' title='bbox 611 2189 767 2261; x_wconf 86' lang='lat' dir='ltr'>quod</span> <span class='ocrx_word' id='word_1_147' title='bbox 799 2188 914 2243; x_wconf 81' lang='lat' dir='ltr'>dixi</span> <span class='ocrx_word' id='word_1_148' title='bbox 950 2190 1397 2254; x_wconf 85' lang='lat' dir='ltr'>monasterium,</span> <span class='ocrx_word' id='word_1_149' title='bbox 1429 2194 1486 2243; x_wconf 93' lang='lat' dir='ltr'>et</span> <span class='ocrx_word' id='word_1_150' title='bbox 1516 2204 1643 2259; x_wconf 69' lang='lat' dir='ltr'>quae</span> <span class='ocrx_word' id='word_1_151' title='bbox 1674 2188 1732 2242; x_wconf 91' lang='lat' dir='ltr'>in</span> <span class='ocrx_word' id='word_1_152' title='bbox 1760 2206 1827 2242; x_wconf 92' lang='lat' dir='ltr'>eo</span> <span class='ocrx_word' id='word_1_153' title='bbox 1859 2195 1999 2243; x_wconf 89' lang='lat' dir='ltr'>sunt</span> 
     </span>
    </p>
   </div>
   <div class='ocr_carea' id='block_1_25' title="bbox 347 2276 1994 2349">
    <p class='ocr_par' dir='ltr' id='par_1_25' title="bbox 347 2276 1994 2349">
     <span class='ocr_line' id='line_1_25' title="bbox 347 2276 1994 2349; baseline 0.001 -18"><span class='ocrx_word' id='word_1_154' title='bbox 347 2278 416 2331; x_wconf 88' lang='lat' dir='ltr'>ad</span> <span class='ocrx_word' id='word_1_155' title='bbox 444 2293 638 2343; x_wconf 85' lang='lat' dir='ltr'>senes,</span> <span class='ocrx_word' id='word_1_156' title='bbox 662 2279 999 2349; x_wconf 88' lang='lat' dir='ltr'>peregrinos</span> <span class='ocrx_word' id='word_1_157' title='bbox 1021 2277 1360 2347; x_wconf 89' lang='lat' dir='ltr'>mendicosq</span> <span class='ocrx_word' id='word_1_158' title='bbox 1372 2294 1441 2331; x_wconf 90' lang='lat' dir='ltr'>ue</span> <span class='ocrx_word' id='word_1_159' title='bbox 1463 2276 1704 2332; x_wconf 91' lang='lat' dir='ltr'>alendos</span> <span class='ocrx_word' id='word_1_160' title='bbox 1725 2278 1994 2342; x_wconf 66' lang='lat' dir='ltr'>aediﬁcia,</span> 
     </span>
    </p>
   </div>
   <div class='ocr_carea' id='block_1_26' title="bbox 344 2366 1991 2438">
    <p class='ocr_par' dir='ltr' id='par_1_26' title="bbox 344 2366 1991 2438">
     <span class='ocr_line' id='line_1_26' title="bbox 344 2366 1991 2438; baseline 0.002 -17"><span class='ocrx_word' id='word_1_161' title='bbox 344 2367 687 2421; x_wconf 89' lang='lat' dir='ltr'>nonnullam</span> <span class='ocrx_word' id='word_1_162' title='bbox 713 2373 1012 2422; x_wconf 85' lang='lat' dir='ltr'>merentur</span> <span class='ocrx_word' id='word_1_163' title='bbox 1041 2366 1387 2421; x_wconf 81' lang='lat' dir='ltr'>laudem.Ad</span> <span class='ocrx_word' id='word_1_164' title='bbox 1417 2367 1472 2420; x_wconf 90' lang='lat' dir='ltr'>id</span> <span class='ocrx_word' id='word_1_165' title='bbox 1507 2373 1742 2438; x_wconf 89' lang='lat' dir='ltr'>tempus</span> <span class='ocrx_word' id='word_1_166' title='bbox 1765 2374 1991 2424; x_wconf 82' lang='lat' dir='ltr'>tantum</span> 
     </span>
    </p>
   </div>
   <div class='ocr_carea' id='block_1_27' title="bbox 341 2456 1996 2528">
    <p class='ocr_par' dir='ltr' id='par_1_27' title="bbox 341 2456 1996 2528">
     <span class='ocr_line' id='line_1_27' title="bbox 341 2456 1996 2528; baseline 0.003 -19"><span class='ocrx_word' id='word_1_167' title='bbox 341 2456 764 2528; x_wconf 89' lang='lat' dir='ltr'>insignioribus</span> <span class='ocrx_word' id='word_1_168' title='bbox 782 2456 1257 2510; x_wconf 87' lang='lat' dir='ltr'>solemnitatibus</span> <span class='ocrx_word' id='word_1_169' title='bbox 1273 2456 1329 2509; x_wconf 89' lang='lat' dir='ltr'>in</span> <span class='ocrx_word' id='word_1_170' title='bbox 1352 2471 1565 2527; x_wconf 87' lang='lat' dir='ltr'>magno</span> <span class='ocrx_word' id='word_1_171' title='bbox 1588 2457 1679 2510; x_wconf 83' lang='lat' dir='ltr'>Dei</span> <span class='ocrx_word' id='word_1_172' title='bbox 1703 2457 1921 2527; x_wconf 84' lang='lat' dir='ltr'>templo</span> <span class='ocrx_word' id='word_1_173' title='bbox 1941 2465 1996 2513; x_wconf 91' lang='lat' dir='ltr'>et</span> 
     </span>
    </p>
   </div>
   <div class='ocr_carea' id='block_1_28' title="bbox 339 2543 1994 2601">
    <p class='ocr_par' dir='ltr' id='par_1_28' title="bbox 339 2543 1994 2601">
     <span class='ocr_line' id='line_1_28' title="bbox 339 2543 1994 2601; baseline 0.001 -2"><span class='ocrx_word' id='word_1_174' title='bbox 339 2545 398 2599; x_wconf 87' lang='lat' dir='ltr'>in</span> <span class='ocrx_word' id='word_1_175' title='bbox 429 2545 700 2600; x_wconf 73' lang='lat' dir='ltr'>Sabbatis</span> <span class='ocrx_word' id='word_1_176' title='bbox 730 2561 798 2599; x_wconf 92' lang='lat' dir='ltr'>ac</span> <span class='ocrx_word' id='word_1_177' title='bbox 819 2543 1141 2599; x_wconf 90' lang='lat' dir='ltr'>Dominicis</span> <span class='ocrx_word' id='word_1_178' title='bbox 1171 2544 1380 2599; x_wconf 90' lang='lat' dir='ltr'>diebus</span> <span class='ocrx_word' id='word_1_179' title='bbox 1402 2545 1776 2600; x_wconf 91' lang='lat' dir='ltr'>incruentum</span> <span class='ocrx_word' id='word_1_180' title='bbox 1810 2548 1994 2601; x_wconf 88' lang='lat' dir='ltr'>sacri-</span> 
     </span>
    </p>
   </div>
   <div class='ocr_carea' id='block_1_29' title="bbox 340 2632 1987 2707">
    <p class='ocr_par' dir='ltr' id='par_1_29' title="bbox 340 2632 1987 2707">
     <span class='ocr_line' id='line_1_29' title="bbox 340 2632 1987 2707; baseline 0.001 -18"><span class='ocrx_word' id='word_1_181' title='bbox 340 2634 541 2689; x_wconf 81' lang='lat' dir='ltr'>licium</span> <span class='ocrx_word' id='word_1_182' title='bbox 574 2634 999 2705; x_wconf 84' lang='lat' dir='ltr'>peragebatur;</span> <span class='ocrx_word' id='word_1_183' title='bbox 1034 2632 1278 2703; x_wconf 89' lang='lat' dir='ltr'>reliquie</span> <span class='ocrx_word' id='word_1_184' title='bbox 1317 2634 1525 2689; x_wconf 84' lang='lat' dir='ltr'>diebus</span> <span class='ocrx_word' id='word_1_185' title='bbox 1578 2651 1987 2707; x_wconf 85' lang='lat' dir='ltr'>nequaquam:</span> 
     </span>
    </p>
   </div>
   <div class='ocr_carea' id='block_1_30' title="bbox 342 2722 1997 2781">
    <p class='ocr_par' dir='ltr' id='par_1_30' title="bbox 342 2722 1997 2781">
     <span class='ocr_line' id='line_1_30' title="bbox 342 2722 1997 2781; baseline 0.002 -4"><span class='ocrx_word' id='word_1_186' title='bbox 342 2723 726 2777; x_wconf 90' lang='lat' dir='ltr'>omittebatur</span> <span class='ocrx_word' id='word_1_187' title='bbox 754 2722 910 2776; x_wconf 91' lang='lat' dir='ltr'>enim</span> <span class='ocrx_word' id='word_1_188' title='bbox 933 2723 1006 2776; x_wconf 93' lang='lat' dir='ltr'>ob</span> <span class='ocrx_word' id='word_1_189' title='bbox 1033 2722 1329 2777; x_wconf 90' lang='lat' dir='ltr'>redituum</span> <span class='ocrx_word' id='word_1_190' title='bbox 1354 2722 1667 2777; x_wconf 86' lang='lat' dir='ltr'>defectum.</span> <span class='ocrx_word' id='word_1_191' title='bbox 1697 2725 1857 2779; x_wconf 66' lang='lat' dir='ltr'>Hum:</span> <span class='ocrx_word' id='word_1_192' title='bbox 1880 2725 1997 2781; x_wconf 89' lang='lat' dir='ltr'>Mo-</span> 
     </span>
    </p>
   </div>
   <div class='ocr_carea' id='block_1_31' title="bbox 2104 579 3752 659">
    <p class='ocr_par' dir='ltr' id='par_1_31' title="bbox 2104 579 3752 659">
     <span class='ocr_line' id='line_1_31' title="bbox 2104 579 3752 659; baseline -0.002 -22"><span class='ocrx_word' id='word_1_193' title='bbox 2104 586 2374 657; x_wconf 80' lang='grc' dir='ltr'>μάρτυρος</span> <span class='ocrx_word' id='word_1_194' title='bbox 2438 582 2707 659; x_wconf 84' lang='grc' dir='ltr'>Γεωργίου</span> <span class='ocrx_word' id='word_1_195' title='bbox 2762 584 2851 637; x_wconf 83' lang='grc' dir='ltr'>καὶ</span> <span class='ocrx_word' id='word_1_196' title='bbox 2909 581 3145 659; x_wconf 78' lang='grc' dir='ltr'>ἀφειδῶς</span> <span class='ocrx_word' id='word_1_197' title='bbox 3204 584 3269 636; x_wconf 78' lang='grc' dir='ltr'>τά</span> <span class='ocrx_word' id='word_1_198' title='bbox 3320 579 3561 653; x_wconf 87' lang='grc' dir='ltr'>δημόσια</span> <span class='ocrx_word' id='word_1_199' title='bbox 3618 600 3752 634; x_wconf 86' lang='grc' dir='ltr'>κατ-</span> 
     </span>
    </p>
   </div>
   <div class='ocr_carea' id='block_1_32' title="bbox 2100 670 3755 747">
    <p class='ocr_par' dir='ltr' id='par_1_32' title="bbox 2100 670 3755 747">
     <span class='ocr_line' id='line_1_32' title="bbox 2100 670 3755 747; baseline -0.002 -21"><span class='ocrx_word' id='word_1_200' title='bbox 2100 672 2403 727; x_wconf 83' lang='grc' dir='ltr'>αναλίσκων</span> <span class='ocrx_word' id='word_1_201' title='bbox 2483 671 2535 727; x_wconf 90' lang='grc' dir='ltr'>ἐν</span> <span class='ocrx_word' id='word_1_202' title='bbox 2605 679 2724 736; x_wconf 85' lang='grc' dir='ltr'>ταῖς</span> <span class='ocrx_word' id='word_1_203' title='bbox 2785 670 3106 744; x_wconf 63' lang='grc' dir='ltr'>οτκοδομαῖς</span> <span class='ocrx_word' id='word_1_204' title='bbox 3161 673 3449 747; x_wconf 74' lang='grc' dir='ltr'>χρήματα,</span> <span class='ocrx_word' id='word_1_205' title='bbox 3506 674 3598 723; x_wconf 71' lang='grc' dir='ltr'>νῦν</span> <span class='ocrx_word' id='word_1_206' title='bbox 3659 671 3755 741; x_wconf 77' lang='grc' dir='ltr'>μὲν</span> 
     </span>
    </p>
   </div>
   <div class='ocr_carea' id='block_1_33' title="bbox 2102 756 3749 838">
    <p class='ocr_par' dir='ltr' id='par_1_33' title="bbox 2102 756 3749 838">
     <span class='ocr_line' id='line_1_33' title="bbox 2102 756 3749 838; baseline -0.001 -25"><span class='ocrx_word' id='word_1_207' title='bbox 2102 759 2437 834; x_wconf 71' lang='grc' dir='ltr'>οἷ’κοδομῶν,</span> <span class='ocrx_word' id='word_1_208' title='bbox 2490 766 2581 815; x_wconf 73' lang='grc' dir='ltr'>νῦν</span> <span class='ocrx_word' id='word_1_209' title='bbox 2614 758 2671 816; x_wconf 78' lang='grc' dir='ltr'>δέ</span> <span class='ocrx_word' id='word_1_210' title='bbox 2698 762 3100 838; x_wconf 73' lang='grc' dir='ltr'>καταστρέφων,</span> <span class='ocrx_word' id='word_1_211' title='bbox 3136 760 3211 822; x_wconf 77' lang='grc' dir='ltr'>εἰς</span> <span class='ocrx_word' id='word_1_212' title='bbox 3250 757 3495 834; x_wconf 76' lang='grc' dir='ltr'>μεγάλην</span> <span class='ocrx_word' id='word_1_213' title='bbox 3545 756 3749 826; x_wconf 80' lang='grc' dir='ltr'>ἤλασεν</span> 
     </span>
    </p>
   </div>
   <div class='ocr_carea' id='block_1_34' title="bbox 2101 846 3753 921">
    <p class='ocr_par' dir='ltr' id='par_1_34' title="bbox 2101 846 3753 921">
     <span class='ocr_line' id='line_1_34' title="bbox 2101 846 3753 921; baseline -0.003 -17"><span class='ocrx_word' id='word_1_214' title='bbox 2101 848 2325 921; x_wconf 78' lang='grc' dir='ltr'>ἔνδειαν,</span> <span class='ocrx_word' id='word_1_215' title='bbox 2385 852 2457 912; x_wconf 84' lang='grc' dir='ltr'>ὡς</span> <span class='ocrx_word' id='word_1_216' title='bbox 2524 856 2682 905; x_wconf 77' lang='grc' dir='ltr'>πᾶσιν</span> <span class='ocrx_word' id='word_1_217' title='bbox 2749 850 3035 915; x_wconf 71' lang='grc' dir='ltr'>ἐπινοῆσαι</span> <span class='ocrx_word' id='word_1_218' title='bbox 3090 847 3180 904; x_wconf 78' lang='grc' dir='ltr'>διὰ</span> <span class='ocrx_word' id='word_1_219' title='bbox 3229 853 3389 903; x_wconf 72' lang='grc' dir='ltr'>τοῦτο</span> <span class='ocrx_word' id='word_1_220' title='bbox 3448 846 3753 918; x_wconf 81' lang='grc' dir='ltr'>καπηλείαν</span> 
     </span>
    </p>
   </div>
   <div class='ocr_carea' id='block_1_35' title="bbox 2100 935 3756 1017">
    <p class='ocr_par' dir='ltr' id='par_1_35' title="bbox 2100 935 3756 1017">
     <span class='ocr_line' id='line_1_35' title="bbox 2100 935 3756 1017; baseline -0.004 -23"><span class='ocrx_word' id='word_1_221' title='bbox 2100 939 2190 993; x_wconf 84' lang='grc' dir='ltr'>καὶ</span> <span class='ocrx_word' id='word_1_222' title='bbox 2242 940 2476 1001; x_wconf 76' lang='grc' dir='ltr'>ἀτόπους</span> <span class='ocrx_word' id='word_1_223' title='bbox 2525 940 2614 994; x_wconf 84' lang='grc' dir='ltr'>καὶ</span> <span class='ocrx_word' id='word_1_224' title='bbox 2676 940 3067 1017; x_wconf 74' lang='grc' dir='ltr'>σεσοφισμένας</span> <span class='ocrx_word' id='word_1_225' title='bbox 3113 937 3414 1012; x_wconf 72' lang='grc' dir='ltr'>εἰσπράξεις</span> <span class='ocrx_word' id='word_1_226' title='bbox 3463 935 3756 1012; x_wconf 77' lang='grc' dir='ltr'>ἐφευρηκέ-</span> 
     </span>
    </p>
   </div>
   <div class='ocr_carea' id='block_1_36' title="bbox 2102 1025 3760 1104">
    <p class='ocr_par' dir='ltr' id='par_1_36' title="bbox 2102 1025 3760 1104">
     <span class='ocr_line' id='line_1_36' title="bbox 2102 1025 3760 1104; baseline -0.003 -21"><span class='ocrx_word' id='word_1_227' title='bbox 2102 1050 2208 1083; x_wconf 89' lang='grc' dir='ltr'>ναι·</span> <span class='ocrx_word' id='word_1_228' title='bbox 2289 1027 2590 1101; x_wconf 78' lang='grc' dir='ltr'>δημοσίους</span> <span class='ocrx_word' id='word_1_229' title='bbox 2665 1050 2724 1084; x_wconf 91' lang='grc' dir='ltr'>τε</span> <span class='ocrx_word' id='word_1_230' title='bbox 2798 1029 2899 1104; x_wconf 80' lang='grc' dir='ltr'>γὰρ</span> <span class='ocrx_word' id='word_1_231' title='bbox 2968 1028 3381 1103; x_wconf 83' lang='grc' dir='ltr'>προεχειρίζετο</span> <span class='ocrx_word' id='word_1_232' title='bbox 3436 1025 3760 1100; x_wconf 73' lang='grc' dir='ltr'>φροντιστὰς</span> 
     </span>
    </p>
   </div>
   <div class='ocr_carea' id='block_1_37' title="bbox 2104 1113 3759 1190">
    <p class='ocr_par' dir='ltr' id='par_1_37' title="bbox 2104 1113 3759 1190">
     <span class='ocr_line' id='line_1_37' title="bbox 2104 1113 3759 1190; baseline -0.002 -18"><span class='ocrx_word' id='word_1_233' title='bbox 2104 1113 2313 1180; x_wconf 72' lang='grc' dir='ltr'>ἀσεϐεῖς</span> <span class='ocrx_word' id='word_1_234' title='bbox 2372 1118 2460 1173; x_wconf 83' lang='grc' dir='ltr'>καὶ</span> <span class='ocrx_word' id='word_1_235' title='bbox 2518 1117 2844 1190; x_wconf 73' lang='grc' dir='ltr'>ἀλάστορας,</span> <span class='ocrx_word' id='word_1_236' title='bbox 2893 1118 2985 1172; x_wconf 84' lang='grc' dir='ltr'>καὶ</span> <span class='ocrx_word' id='word_1_237' title='bbox 3035 1115 3105 1171; x_wconf 83' lang='grc' dir='ltr'>δι’</span> <span class='ocrx_word' id='word_1_238' title='bbox 3151 1116 3325 1171; x_wconf 80' lang='grc' dir='ltr'>αὐτῶν</span> <span class='ocrx_word' id='word_1_239' title='bbox 3388 1117 3655 1190; x_wconf 78' lang='grc' dir='ltr'>χρήματα</span> <span class='ocrx_word' id='word_1_240' title='bbox 3705 1113 3759 1184; x_wconf 79' lang='grc' dir='ltr'>ἐξ</span> 
     </span>
    </p>
   </div>
   <div class='ocr_carea' id='block_1_38' title="bbox 2103 1202 3758 1283">
    <p class='ocr_par' dir='ltr' id='par_1_38' title="bbox 2103 1202 3758 1283">
     <span class='ocr_line' id='line_1_38' title="bbox 2103 1202 3758 1283; baseline -0.004 -21"><span class='ocrx_word' id='word_1_241' title='bbox 2103 1205 2306 1262; x_wconf 83' lang='grc' dir='ltr'>ἀδίκων</span> <span class='ocrx_word' id='word_1_242' title='bbox 2383 1207 2567 1281; x_wconf 82' lang='grc' dir='ltr'>πόρων</span> <span class='ocrx_word' id='word_1_243' title='bbox 2642 1209 2979 1283; x_wconf 77' lang='grc' dir='ltr'>συνήθροιζε.</span> <span class='ocrx_word' id='word_1_244' title='bbox 3054 1204 3328 1262; x_wconf 84' lang='grc' dir='ltr'>Κατέλυσε</span> <span class='ocrx_word' id='word_1_245' title='bbox 3380 1202 3438 1259; x_wconf 73' lang='grc' dir='ltr'>δὲ</span> <span class='ocrx_word' id='word_1_246' title='bbox 3495 1205 3585 1258; x_wconf 84' lang='grc' dir='ltr'>καὶ</span> <span class='ocrx_word' id='word_1_247' title='bbox 3661 1204 3758 1257; x_wconf 85' lang='grc' dir='ltr'>τὸν</span> 
     </span>
    </p>
   </div>
   <div class='ocr_carea' id='block_1_39' title="bbox 2106 1289 3762 1373">
    <p class='ocr_par' dir='ltr' id='par_1_39' title="bbox 2106 1289 3762 1373">
     <span class='ocr_line' id='line_1_39' title="bbox 2106 1289 3762 1373; baseline -0.005 -19"><span class='ocrx_word' id='word_1_248' title='bbox 2106 1292 2377 1371; x_wconf 78' lang='grc' dir='ltr'>Ἰϐηρικὸν</span> <span class='ocrx_word' id='word_1_249' title='bbox 2456 1297 2681 1370; x_wconf 90' lang='grc' dir='ltr'>στρατὸν</span> <span class='ocrx_word' id='word_1_250' title='bbox 2759 1296 2899 1373; x_wconf 69' lang='grc' dir='ltr'>ἀμφὶ</span> <span class='ocrx_word' id='word_1_251' title='bbox 2953 1295 3049 1359; x_wconf 70' lang='grc' dir='ltr'>τὰς</span> <span class='ocrx_word' id='word_1_252' title='bbox 3091 1296 3434 1365; x_wconf 69' lang='grc' dir='ltr'>πεντήκοντα</span> <span class='ocrx_word' id='word_1_253' title='bbox 3491 1289 3762 1368; x_wconf 82' lang='grc' dir='ltr'>χιλιάδας</span> 
     </span>
    </p>
   </div>
   <div class='ocr_carea' id='block_1_40' title="bbox 2105 1378 3764 1459">
    <p class='ocr_par' dir='ltr' id='par_1_40' title="bbox 2105 1378 3764 1459">
     <span class='ocr_line' id='line_1_40' title="bbox 2105 1378 3764 1459; baseline -0.004 -19"><span class='ocrx_word' id='word_1_254' title='bbox 2105 1386 2509 1459; x_wconf 67' lang='grc' dir='ltr'>ἀριθμούμενον</span> <span class='ocrx_word' id='word_1_255' title='bbox 2565 1383 2654 1440; x_wconf 76' lang='grc' dir='ltr'>διὰ</span> <span class='ocrx_word' id='word_1_256' title='bbox 2712 1385 2941 1445; x_wconf 79' lang='grc' dir='ltr'>Λέοντος</span> <span class='ocrx_word' id='word_1_257' title='bbox 2996 1388 3092 1439; x_wconf 78' lang='grc' dir='ltr'>τοῦ</span> <span class='ocrx_word' id='word_1_258' title='bbox 3152 1378 3443 1457; x_wconf 75' lang='grc' dir='ltr'>Σερϐλίου,</span> <span class='ocrx_word' id='word_1_259' title='bbox 3496 1380 3587 1436; x_wconf 84' lang='grc' dir='ltr'>καὶ</span> <span class='ocrx_word' id='word_1_260' title='bbox 3640 1380 3764 1435; x_wconf 81' lang='grc' dir='ltr'>ἀντὶ</span> 
     </span>
    </p>
   </div>
   <div class='ocr_carea' id='block_1_41' title="bbox 2106 1471 3764 1551">
    <p class='ocr_par' dir='ltr' id='par_1_41' title="bbox 2106 1471 3764 1551">
     <span class='ocr_line' id='line_1_41' title="bbox 2106 1471 3764 1551; baseline -0.003 -23"><span class='ocrx_word' id='word_1_261' title='bbox 2106 1478 2450 1549; x_wconf 81' lang='grc' dir='ltr'>στρατιωτῶν</span> <span class='ocrx_word' id='word_1_262' title='bbox 2501 1474 2703 1551; x_wconf 82' lang='grc' dir='ltr'>φόρους</span> <span class='ocrx_word' id='word_1_263' title='bbox 2749 1472 2997 1537; x_wconf 78' lang='grc' dir='ltr'>πολλοὺς</span> <span class='ocrx_word' id='word_1_264' title='bbox 3028 1471 3310 1545; x_wconf 75' lang='grc' dir='ltr'>ἐπορίζετο</span> <span class='ocrx_word' id='word_1_265' title='bbox 3370 1471 3477 1525; x_wconf 83' lang='grc' dir='ltr'>ἀπὸ</span> <span class='ocrx_word' id='word_1_266' title='bbox 3504 1475 3616 1526; x_wconf 86' lang='grc' dir='ltr'>τῶν</span> <span class='ocrx_word' id='word_1_267' title='bbox 3645 1489 3764 1545; x_wconf 86' lang='grc' dir='ltr'>χω-</span> 
     </span>
    </p>
   </div>
   <div class='ocr_carea' id='block_1_42' title="bbox 2108 1558 3766 1638">
    <p class='ocr_par' dir='ltr' id='par_1_42' title="bbox 2108 1558 3766 1638">
     <span class='ocr_line' id='line_1_42' title="bbox 2108 1558 3766 1638; baseline -0.002 -22"><span class='ocrx_word' id='word_1_268' title='bbox 2108 1563 2238 1638; x_wconf 86' lang='grc' dir='ltr'>ρίων</span> <span class='ocrx_word' id='word_1_269' title='bbox 2314 1562 2552 1618; x_wconf 81' lang='grc' dir='ltr'>ἐκείνων·</span> <span class='ocrx_word' id='word_1_270' title='bbox 2624 1563 2715 1618; x_wconf 86' lang='grc' dir='ltr'>καὶ</span> <span class='ocrx_word' id='word_1_271' title='bbox 2780 1562 2953 1623; x_wconf 76' lang='grc' dir='ltr'>ἄλλας</span> <span class='ocrx_word' id='word_1_272' title='bbox 3023 1560 3246 1623; x_wconf 77' lang='grc' dir='ltr'>πλείους</span> <span class='ocrx_word' id='word_1_273' title='bbox 3306 1559 3606 1635; x_wconf 76' lang='grc' dir='ltr'>εἰσπράξεις</span> <span class='ocrx_word' id='word_1_274' title='bbox 3664 1558 3766 1613; x_wconf 88' lang='grc' dir='ltr'>ἐπ-</span> 
     </span>
    </p>
   </div>
   <div class='ocr_carea' id='block_1_43' title="bbox 2107 1646 3766 1726">
    <p class='ocr_par' dir='ltr' id='par_1_43' title="bbox 2107 1646 3766 1726">
     <span class='ocr_line' id='line_1_43' title="bbox 2107 1646 3766 1726; baseline -0.004 -20"><span class='ocrx_word' id='word_1_275' title='bbox 2107 1654 2368 1721; x_wconf 78' lang='grc' dir='ltr'>ενοήσατο</span> <span class='ocrx_word' id='word_1_276' title='bbox 2423 1652 2666 1726; x_wconf 76' lang='grc' dir='ltr'>πονηράς</span> <span class='ocrx_word' id='word_1_277' title='bbox 2710 1651 2799 1705; x_wconf 88' lang='grc' dir='ltr'>καὶ</span> <span class='ocrx_word' id='word_1_278' title='bbox 2859 1652 3155 1724; x_wconf 83' lang='grc' dir='ltr'>ἀθέσμους,</span> <span class='ocrx_word' id='word_1_279' title='bbox 3205 1647 3269 1712; x_wconf 75' lang='grc' dir='ltr'>ἃς</span> <span class='ocrx_word' id='word_1_280' title='bbox 3320 1648 3410 1703; x_wconf 82' lang='grc' dir='ltr'>καὶ</span> <span class='ocrx_word' id='word_1_281' title='bbox 3441 1646 3766 1723; x_wconf 70' lang='grc' dir='ltr'>καταλέγειν</span> 
     </span>
    </p>
   </div>
   <div class='ocr_carea' id='block_1_44' title="bbox 2107 1734 3765 1817">
    <p class='ocr_par' dir='ltr' id='par_1_44' title="bbox 2107 1734 3765 1817">
     <span class='ocr_line' id='line_1_44' title="bbox 2107 1734 3765 1817; baseline -0.003 -22"><span class='ocrx_word' id='word_1_282' title='bbox 2107 1742 2365 1817; x_wconf 67' lang='grc' dir='ltr'>αἶ’σχόνη.</span> <span class='ocrx_word' id='word_1_283' title='bbox 2427 1744 2497 1798; x_wconf 78' lang='grc' dir='ltr'>’Ὁ</span> <span class='ocrx_word' id='word_1_284' title='bbox 2560 1738 2617 1796; x_wconf 80' lang='grc' dir='ltr'>δὶ</span> <span class='ocrx_word' id='word_1_285' title='bbox 2676 1740 2844 1796; x_wconf 75' lang='grc' dir='ltr'>εἰπεῖν</span> <span class='ocrx_word' id='word_1_286' title='bbox 2896 1739 3036 1795; x_wconf 84' lang='grc' dir='ltr'>ἐστιν</span> <span class='ocrx_word' id='word_1_287' title='bbox 3098 1739 3415 1813; x_wconf 83' lang='grc' dir='ltr'>ἀναγκαῖον,</span> <span class='ocrx_word' id='word_1_288' title='bbox 3469 1741 3633 1791; x_wconf 79' lang='grc' dir='ltr'>τοῦτο</span> <span class='ocrx_word' id='word_1_289' title='bbox 3691 1734 3765 1805; x_wconf 79' lang='grc' dir='ltr'>δὴ</span> 
     </span>
    </p>
   </div>
   <div class='ocr_carea' id='block_1_45' title="bbox 2109 1825 3769 1905">
    <p class='ocr_par' dir='ltr' id='par_1_45' title="bbox 2109 1825 3769 1905">
     <span class='ocr_line' id='line_1_45' title="bbox 2109 1825 3769 1905; baseline -0.004 -20"><span class='ocrx_word' id='word_1_290' title='bbox 2109 1830 2266 1902; x_wconf 81' lang='grc' dir='ltr'>λέξω,</span> <span class='ocrx_word' id='word_1_291' title='bbox 2327 1831 2514 1905; x_wconf 78' lang='grc' dir='ltr'>ὅτιπερ</span> <span class='ocrx_word' id='word_1_292' title='bbox 2567 1829 2618 1900; x_wconf 81' lang='grc' dir='ltr'>ἐξ</span> <span class='ocrx_word' id='word_1_293' title='bbox 2676 1828 2883 1885; x_wconf 85' lang='grc' dir='ltr'>ἐκείνου</span> <span class='ocrx_word' id='word_1_294' title='bbox 2929 1833 3028 1883; x_wconf 76' lang='grc' dir='ltr'>τοῦ</span> <span class='ocrx_word' id='word_1_295' title='bbox 3063 1825 3334 1905; x_wconf 81' lang='grc' dir='ltr'>βασιλέως</span> <span class='ocrx_word' id='word_1_296' title='bbox 3379 1827 3469 1882; x_wconf 85' lang='grc' dir='ltr'>καὶ</span> <span class='ocrx_word' id='word_1_297' title='bbox 3498 1832 3600 1896; x_wconf 85' lang='grc' dir='ltr'>τῆς</span> <span class='ocrx_word' id='word_1_298' title='bbox 3622 1825 3769 1879; x_wconf 85' lang='grc' dir='ltr'>ἐκεί-</span> 
     </span>
    </p>
   </div>
   <div class='ocr_carea' id='block_1_46' title="bbox 2107 1912 3771 1989">
    <p class='ocr_par' dir='ltr' id='par_1_46' title="bbox 2107 1912 3771 1989">
     <span class='ocr_line' id='line_1_46' title="bbox 2107 1912 3771 1989; baseline -0.004 -15"><span class='ocrx_word' id='word_1_299' title='bbox 2107 1941 2203 1975; x_wconf 84' lang='grc' dir='ltr'>νου</span> <span class='ocrx_word' id='word_1_300' title='bbox 2260 1920 2490 1981; x_wconf 79' lang='grc' dir='ltr'>ἀσωτίας</span> <span class='ocrx_word' id='word_1_301' title='bbox 2548 1920 2635 1974; x_wconf 86' lang='grc' dir='ltr'>καὶ</span> <span class='ocrx_word' id='word_1_302' title='bbox 2707 1916 3045 1980; x_wconf 84' lang='grc' dir='ltr'>σαλακωνίας</span> <span class='ocrx_word' id='word_1_303' title='bbox 3102 1918 3170 1972; x_wconf 78' lang='grc' dir='ltr'>τὰ</span> <span class='ocrx_word' id='word_1_304' title='bbox 3219 1915 3508 1989; x_wconf 85' lang='grc' dir='ltr'>Ῥωμαίων</span> <span class='ocrx_word' id='word_1_305' title='bbox 3558 1912 3771 1987; x_wconf 65' lang='grc' dir='ltr'>ἤρξατο</span> 
     </span>
    </p>
   </div>
   <div class='ocr_carea' id='block_1_47' title="bbox 2107 2002 3767 2088">
    <p class='ocr_par' dir='ltr' id='par_1_47' title="bbox 2107 2002 3767 2088">
     <span class='ocr_line' id='line_1_47' title="bbox 2107 2002 3767 2088; baseline -0.004 -25"><span class='ocrx_word' id='word_1_306' title='bbox 2107 2009 2306 2088; x_wconf 71' lang='grc' dir='ltr'>φθίνειν</span> <span class='ocrx_word' id='word_1_307' title='bbox 2367 2008 2678 2085; x_wconf 88' lang='grc' dir='ltr'>πράγματα,</span> <span class='ocrx_word' id='word_1_308' title='bbox 2737 2007 2827 2063; x_wconf 81' lang='grc' dir='ltr'>καὶ</span> <span class='ocrx_word' id='word_1_309' title='bbox 2882 2004 3066 2062; x_wconf 80' lang='grc' dir='ltr'>ἔκτοτε</span> <span class='ocrx_word' id='word_1_310' title='bbox 3092 2006 3181 2061; x_wconf 82' lang='grc' dir='ltr'>καὶ</span> <span class='ocrx_word' id='word_1_311' title='bbox 3242 2004 3407 2081; x_wconf 80' lang='grc' dir='ltr'>μέχρι</span> <span class='ocrx_word' id='word_1_312' title='bbox 3465 2006 3563 2073; x_wconf 77' lang='grc' dir='ltr'>τῆς</span> <span class='ocrx_word' id='word_1_313' title='bbox 3597 2002 3767 2079; x_wconf 78' lang='grc' dir='ltr'>δεῦρο</span> 
     </span>
    </p>
   </div>
   <div class='ocr_carea' id='block_1_48' title="bbox 2106 2088 3768 2173">
    <p class='ocr_par' dir='ltr' id='par_1_48' title="bbox 2106 2088 3768 2173">
     <span class='ocr_line' id='line_1_48' title="bbox 2106 2088 3768 2173; baseline -0.005 -20"><span class='ocrx_word' id='word_1_314' title='bbox 2106 2099 2241 2153; x_wconf 79' lang='grc' dir='ltr'>κατά</span> <span class='ocrx_word' id='word_1_315' title='bbox 2302 2099 2492 2173; x_wconf 85' lang='grc' dir='ltr'>μικρὸν</span> <span class='ocrx_word' id='word_1_316' title='bbox 2541 2096 2618 2161; x_wconf 84' lang='grc' dir='ltr'>είς</span> <span class='ocrx_word' id='word_1_317' title='bbox 2662 2097 2724 2151; x_wconf 88' lang='grc' dir='ltr'>τὸ</span> <span class='ocrx_word' id='word_1_318' title='bbox 2790 2096 3018 2151; x_wconf 87' lang='grc' dir='ltr'>κατόπιν</span> <span class='ocrx_word' id='word_1_319' title='bbox 3078 2097 3370 2170; x_wconf 79' lang='grc' dir='ltr'>χωροῦντα</span> <span class='ocrx_word' id='word_1_320' title='bbox 3398 2091 3453 2154; x_wconf 82' lang='grc' dir='ltr'>ές</span> <span class='ocrx_word' id='word_1_321' title='bbox 3512 2088 3768 2159; x_wconf 78' lang='grc' dir='ltr'>παντελῆ</span> 
     </span>
    </p>
   </div>
   <div class='ocr_carea' id='block_1_49' title="bbox 2106 2180 3767 2259">
    <p class='ocr_par' dir='ltr' id='par_1_49' title="bbox 2106 2180 3767 2259">
     <span class='ocr_line' id='line_1_49' title="bbox 2106 2180 3767 2259; baseline -0.005 -16"><span class='ocrx_word' id='word_1_322' title='bbox 2106 2191 2411 2258; x_wconf 77' lang='grc' dir='ltr'>κατήντησε</span> <span class='ocrx_word' id='word_1_323' title='bbox 2451 2188 2550 2255; x_wconf 71' lang='grc' dir='ltr'>τὴν</span> <span class='ocrx_word' id='word_1_324' title='bbox 2600 2187 2888 2241; x_wconf 81' lang='grc' dir='ltr'>ἀσθένειαν·</span> <span class='ocrx_word' id='word_1_325' title='bbox 2923 2186 2985 2240; x_wconf 83' lang='grc' dir='ltr'>τὸ</span> <span class='ocrx_word' id='word_1_326' title='bbox 3022 2186 3123 2259; x_wconf 74' lang='grc' dir='ltr'>γάρ</span> <span class='ocrx_word' id='word_1_327' title='bbox 3156 2181 3461 2254; x_wconf 75' lang='grc' dir='ltr'>ἐλευθέριον</span> <span class='ocrx_word' id='word_1_328' title='bbox 3511 2180 3767 2255; x_wconf 84' lang='grc' dir='ltr'>ἀτέχνως</span> 
     </span>
    </p>
   </div>
   <div class='ocr_carea' id='block_1_50' title="bbox 2107 2269 3773 2348">
    <p class='ocr_par' dir='ltr' id='par_1_50' title="bbox 2107 2269 3773 2348">
     <span class='ocr_line' id='line_1_50' title="bbox 2107 2269 3773 2348; baseline -0.005 -16"><span class='ocrx_word' id='word_1_329' title='bbox 2107 2274 2320 2332; x_wconf 79' lang='grc' dir='ltr'>διώκων</span> <span class='ocrx_word' id='word_1_330' title='bbox 2363 2276 2440 2337; x_wconf 79' lang='grc' dir='ltr'>είς</span> <span class='ocrx_word' id='word_1_331' title='bbox 2479 2280 2642 2348; x_wconf 79' lang='grc' dir='ltr'>ακραν</span> <span class='ocrx_word' id='word_1_332' title='bbox 2692 2272 2954 2345; x_wconf 81' lang='grc' dir='ltr'>ἐληλάκει</span> <span class='ocrx_word' id='word_1_333' title='bbox 3003 2275 3101 2342; x_wconf 77' lang='grc' dir='ltr'>τὴν</span> <span class='ocrx_word' id='word_1_334' title='bbox 3136 2272 3393 2327; x_wconf 76' lang='grc' dir='ltr'>ἀσωτίαν.</span> <span class='ocrx_word' id='word_1_335' title='bbox 3432 2269 3511 2326; x_wconf 80' lang='grc' dir='ltr'><strong>Οὐ</strong></span> <span class='ocrx_word' id='word_1_336' title='bbox 3559 2272 3667 2342; x_wconf 73' lang='grc' dir='ltr'>μήν</span> <span class='ocrx_word' id='word_1_337' title='bbox 3697 2290 3773 2343; x_wconf 89' lang='grc' dir='ltr'>γε</span> 
     </span>
    </p>
   </div>
   <div class='ocr_carea' id='block_1_51' title="bbox 2103 2356 3770 2437">
    <p class='ocr_par' dir='ltr' id='par_1_51' title="bbox 2103 2356 3770 2437">
     <span class='ocr_line' id='line_1_51' title="bbox 2103 2356 3770 2437; baseline -0.005 -16"><span class='ocrx_word' id='word_1_338' title='bbox 2103 2366 2191 2421; x_wconf 80' lang='grc' dir='ltr'>καὶ</span> <span class='ocrx_word' id='word_1_339' title='bbox 2239 2367 2545 2420; x_wconf 87' lang='grc' dir='ltr'>παντάπασι</span> <span class='ocrx_word' id='word_1_340' title='bbox 2590 2365 2835 2435; x_wconf 64' lang='grc' dir='ltr'>πράξεων</span> <span class='ocrx_word' id='word_1_341' title='bbox 2885 2363 3095 2436; x_wconf 78' lang='grc' dir='ltr'>ἀγαθῶν</span> <span class='ocrx_word' id='word_1_342' title='bbox 3145 2360 3424 2437; x_wconf 83' lang='grc' dir='ltr'>ἐστέρητο,</span> <span class='ocrx_word' id='word_1_343' title='bbox 3470 2356 3618 2415; x_wconf 86' lang='grc' dir='ltr'>ἀλλά</span> <span class='ocrx_word' id='word_1_344' title='bbox 3665 2361 3770 2436; x_wconf 62' lang='lat' dir='ltr'>cpi—</span> 
     </span>
    </p>
   </div>
   <div class='ocr_carea' id='block_1_52' title="bbox 2106 2446 3767 2530">
    <p class='ocr_par' dir='ltr' id='par_1_52' title="bbox 2106 2446 3767 2530">
     <span class='ocr_line' id='line_1_52' title="bbox 2106 2446 3767 2530; baseline -0.005 -21"><span class='ocrx_word' id='word_1_345' title='bbox 2106 2476 2289 2530; x_wconf 78' lang='grc' dir='ltr'>ρονται</span> <span class='ocrx_word' id='word_1_346' title='bbox 2334 2453 2424 2509; x_wconf 84' lang='grc' dir='ltr'>καί</span> <span class='ocrx_word' id='word_1_347' title='bbox 2452 2476 2572 2509; x_wconf 86' lang='grc' dir='ltr'>τινα</span> <span class='ocrx_word' id='word_1_348' title='bbox 2602 2450 2734 2527; x_wconf 81' lang='grc' dir='ltr'>ἔργα</span> <span class='ocrx_word' id='word_1_349' title='bbox 2765 2451 2928 2508; x_wconf 71' lang='grc' dir='ltr'>αὐτοῦ</span> <span class='ocrx_word' id='word_1_350' title='bbox 2975 2452 3255 2526; x_wconf 69' lang='grc' dir='ltr'>ἱστορικῆς</span> <span class='ocrx_word' id='word_1_351' title='bbox 3292 2452 3514 2523; x_wconf 71' lang='grc' dir='ltr'>μνήμης</span> <span class='ocrx_word' id='word_1_352' title='bbox 3546 2446 3767 2520; x_wconf 79' lang='grc' dir='ltr'>ἐπάξια.</span> 
     </span>
    </p>
   </div>
   <div class='ocr_carea' id='block_1_53' title="bbox 2103 2538 3771 2619">
    <p class='ocr_par' dir='ltr' id='par_1_53' title="bbox 2103 2538 3771 2619">
     <span class='ocr_line' id='line_1_53' title="bbox 2103 2538 3771 2619; baseline -0.006 -21"><span class='ocrx_word' id='word_1_353' title='bbox 2103 2544 2173 2598; x_wconf 87' lang='grc' dir='ltr'>Τό</span> <span class='ocrx_word' id='word_1_354' title='bbox 2204 2566 2261 2598; x_wconf 89' lang='grc' dir='ltr'>τε</span> <span class='ocrx_word' id='word_1_355' title='bbox 2288 2545 2390 2618; x_wconf 73' lang='grc' dir='ltr'>γὰρ</span> <span class='ocrx_word' id='word_1_356' title='bbox 2442 2543 2599 2619; x_wconf 72' lang='grc' dir='ltr'>ῥηθὲν</span> <span class='ocrx_word' id='word_1_357' title='bbox 2637 2544 3005 2616; x_wconf 71' lang='grc' dir='ltr'>μοναστήριον</span> <span class='ocrx_word' id='word_1_358' title='bbox 3044 2540 3231 2595; x_wconf 82' lang='grc' dir='ltr'>καὶτᾶ</span> <span class='ocrx_word' id='word_1_359' title='bbox 3276 2538 3327 2593; x_wconf 80' lang='grc' dir='ltr'>ἐν</span> <span class='ocrx_word' id='word_1_360' title='bbox 3380 2538 3527 2610; x_wconf 82' lang='grc' dir='ltr'>αὐτῷ</span> <span class='ocrx_word' id='word_1_361' title='bbox 3575 2549 3771 2612; x_wconf 67' lang='grc' dir='ltr'>γηριὺς</span> 
     </span>
    </p>
   </div>
   <div class='ocr_carea' id='block_1_54' title="bbox 2103 2625 3769 2711">
    <p class='ocr_par' dir='ltr' id='par_1_54' title="bbox 2103 2625 3769 2711">
     <span class='ocr_line' id='line_1_54' title="bbox 2103 2625 3769 2711; baseline -0.005 -24"><span class='ocrx_word' id='word_1_362' title='bbox 2103 2639 2327 2711; x_wconf 77' lang='grc' dir='ltr'>τροφεῖα</span> <span class='ocrx_word' id='word_1_363' title='bbox 2372 2633 2463 2687; x_wconf 81' lang='grc' dir='ltr'>καὶ</span> <span class='ocrx_word' id='word_1_364' title='bbox 2511 2633 2562 2685; x_wconf 77' lang='grc' dir='ltr'>οἱ</span> <span class='ocrx_word' id='word_1_365' title='bbox 2612 2632 2834 2702; x_wconf 83' lang='grc' dir='ltr'>ξενῶνες</span> <span class='ocrx_word' id='word_1_366' title='bbox 2879 2629 2970 2685; x_wconf 83' lang='grc' dir='ltr'>καὶ</span> <span class='ocrx_word' id='word_1_367' title='bbox 3016 2631 3083 2684; x_wconf 79' lang='grc' dir='ltr'>τά</span> <span class='ocrx_word' id='word_1_368' title='bbox 3137 2631 3561 2705; x_wconf 76' lang='grc' dir='ltr'>πτωχοτροφεῖα</span> <span class='ocrx_word' id='word_1_369' title='bbox 3608 2625 3769 2680; x_wconf 84' lang='grc' dir='ltr'>ἐπαί-</span> 
     </span>
    </p>
   </div>
   <div class='ocr_carea' id='block_1_55' title="bbox 2103 2713 3767 2796">
    <p class='ocr_par' dir='ltr' id='par_1_55' title="bbox 2103 2713 3767 2796">
     <span class='ocr_line' id='line_1_55' title="bbox 2103 2713 3767 2796; baseline -0.004 -21"><span class='ocrx_word' id='word_1_370' title='bbox 2103 2744 2208 2776; x_wconf 83' lang='grc' dir='ltr'>νων</span> <span class='ocrx_word' id='word_1_371' title='bbox 2269 2721 2369 2776; x_wconf 76' lang='grc' dir='ltr'>υύκ</span> <span class='ocrx_word' id='word_1_372' title='bbox 2415 2721 2727 2796; x_wconf 75' lang='grc' dir='ltr'>ἀμοιροῦσι,</span> <span class='ocrx_word' id='word_1_373' title='bbox 2777 2719 2865 2774; x_wconf 81' lang='grc' dir='ltr'>καὶ</span> <span class='ocrx_word' id='word_1_374' title='bbox 2911 2721 2972 2773; x_wconf 89' lang='grc' dir='ltr'>τὸ</span> <span class='ocrx_word' id='word_1_375' title='bbox 3013 2718 3299 2795; x_wconf 84' lang='grc' dir='ltr'>γενόμενον</span> <span class='ocrx_word' id='word_1_376' title='bbox 3346 2713 3498 2791; x_wconf 82' lang='grc' dir='ltr'>ἔργον</span> <span class='ocrx_word' id='word_1_377' title='bbox 3553 2714 3630 2779; x_wconf 81' lang='grc' dir='ltr'>εἷς</span> <span class='ocrx_word' id='word_1_378' title='bbox 3658 2716 3767 2782; x_wconf 76' lang='grc' dir='ltr'>τὴν</span> 
     </span>
    </p>
   </div>
   <div class='ocr_carea' id='block_1_56' title="bbox 343 2806 1996 2888">
    <p class='ocr_par' dir='ltr' id='par_1_56' title="bbox 343 2808 1993 2881">
     <span class='ocr_line' id='line_1_56' title="bbox 343 2808 1993 2881; baseline 0.002 -15"><span class='ocrx_word' id='word_1_379' title='bbox 343 2811 672 2866; x_wconf 88' lang='lat' dir='ltr'>nomachus</span> <span class='ocrx_word' id='word_1_380' title='bbox 701 2809 1021 2865; x_wconf 88' lang='lat' dir='ltr'>liberaliter</span> <span class='ocrx_word' id='word_1_381' title='bbox 1068 2808 1384 2881; x_wconf 84' lang='lat' dir='ltr'>supplevit,</span> <span class='ocrx_word' id='word_1_382' title='bbox 1419 2815 1482 2865; x_wconf 88' lang='lat' dir='ltr'>ut</span> <span class='ocrx_word' id='word_1_383' title='bbox 1526 2812 1787 2881; x_wconf 87' lang='lat' dir='ltr'>quotidie</span> <span class='ocrx_word' id='word_1_384' title='bbox 1821 2817 1993 2869; x_wconf 79' lang='lat' dir='ltr'>Missa</span> 
     </span>
    </p>
   </div>
   <div class='ocr_carea' id='block_1_57' title="bbox 2106 2806 3762 2888">
    <p class='ocr_par' dir='ltr' id='par_1_57' title="bbox 2106 2806 3762 2888">
     <span class='ocr_line' id='line_1_57' title="bbox 2106 2806 3762 2888; baseline -0.004 -22"><span class='ocrx_word' id='word_1_385' title='bbox 2106 2818 2198 2868; x_wconf 81' lang='grc' dir='ltr'>τοῦ</span> <span class='ocrx_word' id='word_1_386' title='bbox 2249 2817 2383 2868; x_wconf 77' lang='grc' dir='ltr'>Θεοῦ</span> <span class='ocrx_word' id='word_1_387' title='bbox 2414 2810 2669 2888; x_wconf 81' lang='grc' dir='ltr'>Μεγάλην</span> <span class='ocrx_word' id='word_1_388' title='bbox 2716 2808 3044 2879; x_wconf 80' lang='grc' dir='ltr'>Ἐκκλησίαν</span> <span class='ocrx_word' id='word_1_389' title='bbox 3075 2807 3365 2883; x_wconf 75' lang='grc' dir='ltr'>ἐγκωμίων</span> <span class='ocrx_word' id='word_1_390' title='bbox 3400 2807 3503 2861; x_wconf 79' lang='grc' dir='ltr'>οὐκ</span> <span class='ocrx_word' id='word_1_391' title='bbox 3530 2806 3726 2862; x_wconf 87' lang='grc' dir='ltr'>ἀπολεί</span> <span class='ocrx_word' id='word_1_392' title='bbox 3753 2842 3762 2848; x_wconf 92' lang='grc'><strong><em>-</em></strong></span> 
     </span>
    </p>
   </div>
   <div class='ocr_carea' id='block_1_58' title="bbox 344 2898 1989 2973">
    <p class='ocr_par' dir='ltr' id='par_1_58' title="bbox 344 2898 1989 2973">
     <span class='ocr_line' id='line_1_58' title="bbox 344 2898 1989 2973; baseline 0.001 -18"><span class='ocrx_word' id='word_1_393' title='bbox 344 2900 730 2956; x_wconf 86' lang='lat' dir='ltr'>celebraretur</span> <span class='ocrx_word' id='word_1_394' title='bbox 762 2916 828 2954; x_wconf 93' lang='lat' dir='ltr'>eo</span> <span class='ocrx_word' id='word_1_395' title='bbox 853 2900 911 2953; x_wconf 90' lang='lat' dir='ltr'>in</span> <span class='ocrx_word' id='word_1_396' title='bbox 935 2898 1156 2970; x_wconf 90' lang='lat' dir='ltr'>templo</span> <span class='ocrx_word' id='word_1_397' title='bbox 1184 2917 1197 2960; x_wconf 86' lang='lat'><strong>;</strong></span> <span class='ocrx_word' id='word_1_398' title='bbox 1222 2898 1506 2954; x_wconf 90' lang='lat' dir='ltr'>laudabili</span> <span class='ocrx_word' id='word_1_399' title='bbox 1535 2918 1676 2956; x_wconf 90' lang='lat' dir='ltr'>sane</span> <span class='ocrx_word' id='word_1_400' title='bbox 1699 2903 1989 2973; x_wconf 87' lang='lat' dir='ltr'>instituto,</span> 
     </span>
    </p>
   </div>
   <div class='ocr_carea' id='block_1_59' title="bbox 344 2986 1984 3060">
    <p class='ocr_par' dir='ltr' id='par_1_59' title="bbox 344 2986 1984 3060">
     <span class='ocr_line' id='line_1_59' title="bbox 344 2986 1984 3060; baseline 0.002 -18"><span class='ocrx_word' id='word_1_401' title='bbox 344 2990 499 3060; x_wconf 90' lang='lat' dir='ltr'>quod</span> <span class='ocrx_word' id='word_1_402' title='bbox 533 2986 823 3057; x_wconf 89' lang='lat' dir='ltr'>hodieque</span> <span class='ocrx_word' id='word_1_403' title='bbox 854 2986 1096 3041; x_wconf 87' lang='lat' dir='ltr'>obtinet.</span> <span class='ocrx_word' id='word_1_404' title='bbox 1129 2987 1279 3050; x_wconf 84' lang='lat' dir='ltr'>Quin</span> <span class='ocrx_word' id='word_1_405' title='bbox 1311 2994 1370 3041; x_wconf 88' lang='lat' dir='ltr'>et</span> <span class='ocrx_word' id='word_1_406' title='bbox 1397 3004 1539 3042; x_wconf 88' lang='lat' dir='ltr'>vasa</span> <span class='ocrx_word' id='word_1_407' title='bbox 1567 2989 1638 3044; x_wconf 90' lang='lat' dir='ltr'>ad</span> <span class='ocrx_word' id='word_1_408' title='bbox 1673 2989 1781 3046; x_wconf 89' lang='lat' dir='ltr'>hoc</span> <span class='ocrx_word' id='word_1_409' title='bbox 1814 2994 1984 3059; x_wconf 88' lang='lat' dir='ltr'>perti-</span> 
     </span>
    </p>
   </div>
   <div class='ocr_carea' id='block_1_60' title="bbox 344 3075 1989 3147">
    <p class='ocr_par' dir='ltr' id='par_1_60' title="bbox 344 3075 1989 3147">
     <span class='ocr_line' id='line_1_60' title="bbox 344 3075 1989 3147; baseline 0.003 -16"><span class='ocrx_word' id='word_1_410' title='bbox 344 3076 545 3132; x_wconf 88' lang='lat' dir='ltr'>nentia</span> <span class='ocrx_word' id='word_1_411' title='bbox 595 3080 1030 3132; x_wconf 88' lang='lat' dir='ltr'>sacramcntum</span> <span class='ocrx_word' id='word_1_412' title='bbox 1083 3075 1133 3131; x_wconf 90' lang='lat' dir='ltr'>ei</span> <span class='ocrx_word' id='word_1_413' title='bbox 1184 3075 1404 3147; x_wconf 88' lang='lat' dir='ltr'>templo</span> <span class='ocrx_word' id='word_1_414' title='bbox 1453 3077 1761 3144; x_wconf 86' lang='lat' dir='ltr'>dedicavit,</span> <span class='ocrx_word' id='word_1_415' title='bbox 1794 3097 1989 3136; x_wconf 89' lang='lat' dir='ltr'>aurea.</span> 
     </span>
    </p>
   </div>
   <div class='ocr_carea' id='block_1_61' title="bbox 343 3165 1987 3241">
    <p class='ocr_par' dir='ltr' id='par_1_61' title="bbox 343 3165 1987 3241">
     <span class='ocr_line' id='line_1_61' title="bbox 343 3165 1987 3241; baseline 0.002 -20"><span class='ocrx_word' id='word_1_416' title='bbox 343 3165 734 3237; x_wconf 87' lang='lat' dir='ltr'>pretiosisque</span> <span class='ocrx_word' id='word_1_417' title='bbox 754 3170 961 3221; x_wconf 87' lang='lat' dir='ltr'>ornata</span> <span class='ocrx_word' id='word_1_418' title='bbox 984 3165 1300 3221; x_wconf 88' lang='lat' dir='ltr'>unionibus</span> <span class='ocrx_word' id='word_1_419' title='bbox 1324 3171 1383 3221; x_wconf 92' lang='lat' dir='ltr'>et</span> <span class='ocrx_word' id='word_1_420' title='bbox 1411 3168 1682 3238; x_wconf 88' lang='lat' dir='ltr'>gemmis,</span> <span class='ocrx_word' id='word_1_421' title='bbox 1717 3186 1843 3241; x_wconf 73' lang='lat' dir='ltr'>quis</span> <span class='ocrx_word' id='word_1_422' title='bbox 1868 3188 1987 3225; x_wconf 80' lang='lat' dir='ltr'>ma-</span> 
     </span>
    </p>
   </div>
   <div class='ocr_carea' id='block_1_62' title="bbox 2101 2896 3773 2975">
    <p class='ocr_par' dir='ltr' id='par_1_62' title="bbox 2101 2896 3773 2975">
     <span class='ocr_line' id='line_1_62' title="bbox 2101 2896 3773 2975; baseline -0.005 -18"><span class='ocrx_word' id='word_1_423' title='bbox 2101 2923 2278 2957; x_wconf 84' lang='grc' dir='ltr'>πεται.</span> <span class='ocrx_word' id='word_1_424' title='bbox 2325 2907 2467 2964; x_wconf 81' lang='grc' dir='ltr'>Ἕως</span> <span class='ocrx_word' id='word_1_425' title='bbox 2522 2901 2724 2956; x_wconf 79' lang='grc' dir='ltr'>ἐκείνου</span> <span class='ocrx_word' id='word_1_426' title='bbox 2779 2899 2883 2975; x_wconf 75' lang='grc' dir='ltr'>γάρ</span> <span class='ocrx_word' id='word_1_427' title='bbox 2944 2898 2994 2954; x_wconf 90' lang='grc' dir='ltr'>ἐν</span> <span class='ocrx_word' id='word_1_428' title='bbox 3052 2899 3240 2971; x_wconf 84' lang='grc' dir='ltr'>μόναις</span> <span class='ocrx_word' id='word_1_429' title='bbox 3286 2901 3405 2958; x_wconf 89' lang='grc' dir='ltr'>ταῖς</span> <span class='ocrx_word' id='word_1_430' title='bbox 3464 2896 3773 2968; x_wconf 76' lang='grc' dir='ltr'>ἐπισήμοις</span> 
     </span>
    </p>
   </div>
   <div class='ocr_carea' id='block_1_63' title="bbox 2104 2980 3769 3066">
    <p class='ocr_par' dir='ltr' id='par_1_63' title="bbox 2104 2980 3769 3066">
     <span class='ocr_line' id='line_1_63' title="bbox 2104 2980 3769 3066; baseline -0.004 -21"><span class='ocrx_word' id='word_1_431' title='bbox 2104 2992 2315 3066; x_wconf 71' lang='grc' dir='ltr'>ἑορταῖς</span> <span class='ocrx_word' id='word_1_432' title='bbox 2375 2989 2427 3044; x_wconf 87' lang='grc' dir='ltr'>έν</span> <span class='ocrx_word' id='word_1_433' title='bbox 2480 2988 2671 3063; x_wconf 64' lang='grc' dir='ltr'>ταύτῃ,</span> <span class='ocrx_word' id='word_1_434' title='bbox 2716 2985 2794 3043; x_wconf 84' lang='grc' dir='ltr'>ἔτι</span> <span class='ocrx_word' id='word_1_435' title='bbox 2848 2985 2905 3043; x_wconf 78' lang='grc' dir='ltr'>δέ</span> <span class='ocrx_word' id='word_1_436' title='bbox 2944 2987 3034 3042; x_wconf 87' lang='grc' dir='ltr'>καὶ</span> <span class='ocrx_word' id='word_1_437' title='bbox 3082 2993 3202 3051; x_wconf 87' lang='grc' dir='ltr'>τοῖς</span> <span class='ocrx_word' id='word_1_438' title='bbox 3247 2980 3490 3040; x_wconf 76' lang='grc' dir='ltr'>Σάϐὄασι</span> <span class='ocrx_word' id='word_1_439' title='bbox 3519 2986 3607 3039; x_wconf 80' lang='grc' dir='ltr'>καὶ</span> <span class='ocrx_word' id='word_1_440' title='bbox 3640 2990 3769 3046; x_wconf 84' lang='grc' dir='ltr'>ταῖς</span> 
     </span>
    </p>
   </div>
   <div class='ocr_carea' id='block_1_64' title="bbox 2104 3073 3766 3155">
    <p class='ocr_par' dir='ltr' id='par_1_64' title="bbox 2104 3073 3766 3155">
     <span class='ocr_line' id='line_1_64' title="bbox 2104 3073 3766 3155; baseline -0.004 -20"><span class='ocrx_word' id='word_1_441' title='bbox 2104 3085 2394 3154; x_wconf 65' lang='grc' dir='ltr'>Κυριακαῖς</span> <span class='ocrx_word' id='word_1_442' title='bbox 2442 3079 2676 3155; x_wconf 74' lang='grc' dir='ltr'>ἡμέραις</span> <span class='ocrx_word' id='word_1_443' title='bbox 2718 3081 2753 3148; x_wconf 75' lang='grc' dir='ltr'>ἡ</span> <span class='ocrx_word' id='word_1_444' title='bbox 2794 3076 3127 3149; x_wconf 86' lang='grc' dir='ltr'>ἀναίμακτος</span> <span class='ocrx_word' id='word_1_445' title='bbox 3156 3080 3234 3147; x_wconf 79' lang='grc' dir='ltr'>τῷ</span> <span class='ocrx_word' id='word_1_446' title='bbox 3284 3078 3401 3148; x_wconf 81' lang='grc' dir='ltr'>Θεῷ</span> <span class='ocrx_word' id='word_1_447' title='bbox 3451 3073 3766 3130; x_wconf 78' lang='grc' dir='ltr'>ἐπετελεῖτο</span> 
     </span>
    </p>
   </div>
   <div class='ocr_carea' id='block_1_65' title="bbox 2101 3160 3761 3244">
    <p class='ocr_par' dir='ltr' id='par_1_65' title="bbox 2101 3160 3761 3244">
     <span class='ocr_line' id='line_1_65' title="bbox 2101 3160 3761 3244; baseline -0.005 -20"><span class='ocrx_word' id='word_1_448' title='bbox 2101 3169 2399 3244; x_wconf 72' lang='grc' dir='ltr'>ἱερουργία,</span> <span class='ocrx_word' id='word_1_449' title='bbox 2473 3167 2523 3222; x_wconf 79' lang='grc' dir='ltr'>ἐν</span> <span class='ocrx_word' id='word_1_450' title='bbox 2604 3165 2661 3223; x_wconf 81' lang='grc' dir='ltr'>δέ</span> <span class='ocrx_word' id='word_1_451' title='bbox 2724 3171 2841 3228; x_wconf 89' lang='grc' dir='ltr'>ταῖς</span> <span class='ocrx_word' id='word_1_452' title='bbox 2909 3165 3133 3229; x_wconf 87' lang='grc' dir='ltr'>λοιπαῖς</span> <span class='ocrx_word' id='word_1_453' title='bbox 3181 3161 3436 3237; x_wconf 80' lang='grc' dir='ltr'>οὐδαμῶς</span> <span class='ocrx_word' id='word_1_454' title='bbox 3499 3160 3761 3238; x_wconf 79' lang='grc' dir='ltr'>ἡμέραις.</span> 
     </span>
    </p>
   </div>
   <div class='ocr_carea' id='block_1_66' title="bbox 340 3229 1996 3331">
    <p class='ocr_par' dir='ltr' id='par_1_66' title="bbox 340 3229 1990 3327">
     <span class='ocr_line' id='line_1_66' title="bbox 340 3229 1990 3327; baseline 0.004 -19"><span class='ocrx_word' id='word_1_455' title='bbox 340 3229 1540 3327; x_wconf 57' lang='grc' dir='ltr'>ξςηίὶυὰίοέφιιοῐίοαορυΙοὺι-ίιυόὶοοέιίὶε</span> <span class='ocrx_word' id='word_1_456' title='bbox 1558 3229 1990 3327; x_wconf 77' lang='lat' dir='ltr'>antecellerent;</span> 
     </span>
    </p>
   </div>
   <div class='ocr_carea' id='block_1_67' title="bbox 2106 3229 3767 3331">
    <p class='ocr_par' dir='ltr' id='par_1_67' title="bbox 2106 3249 3767 3331">
     <span class='ocr_line' id='line_1_67' title="bbox 2106 3249 3767 3331; baseline -0.004 -19"><span class='ocrx_word' id='word_1_457' title='bbox 2106 3262 2277 3316; x_wconf 77' lang='grc' dir='ltr'>Τοῦτο</span> <span class='ocrx_word' id='word_1_458' title='bbox 2318 3254 2376 3312; x_wconf 81' lang='grc' dir='ltr'>δὶ</span> <span class='ocrx_word' id='word_1_459' title='bbox 2424 3255 2624 3331; x_wconf 85' lang='grc' dir='ltr'>ἐγίνετο</span> <span class='ocrx_word' id='word_1_460' title='bbox 2673 3253 2763 3311; x_wconf 73' lang='grc' dir='ltr'>διὰ</span> <span class='ocrx_word' id='word_1_461' title='bbox 2810 3252 3085 3329; x_wconf 75' lang='grc' dir='ltr'>προσόδου</span> <span class='ocrx_word' id='word_1_462' title='bbox 3130 3250 3363 3320; x_wconf 66' lang='grc' dir='ltr'>ἔνδειαν,</span> <span class='ocrx_word' id='word_1_463' title='bbox 3393 3254 3456 3321; x_wconf 76' lang='grc' dir='ltr'>ἣν</span> <span class='ocrx_word' id='word_1_464' title='bbox 3484 3251 3640 3313; x_wconf 76' lang='grc' dir='ltr'>οὗτος</span> <span class='ocrx_word' id='word_1_465' title='bbox 3672 3249 3767 3306; x_wconf 79' lang='grc' dir='ltr'>δα-</span> 
     </span>
    </p>
   </div>
   <div class='ocr_carea' id='block_1_68' title="bbox 342 3343 1991 3416">
    <p class='ocr_par' dir='ltr' id='par_1_68' title="bbox 342 3343 1991 3416">
     <span class='ocr_line' id='line_1_68' title="bbox 342 3343 1991 3416; baseline 0.004 -18"><span class='ocrx_word' id='word_1_466' title='bbox 342 3344 663 3415; x_wconf 88' lang='lat' dir='ltr'>multisque</span> <span class='ocrx_word' id='word_1_467' title='bbox 688 3343 821 3398; x_wconf 89' lang='lat' dir='ltr'>aliis</span> <span class='ocrx_word' id='word_1_468' title='bbox 850 3343 1111 3398; x_wconf 86' lang='lat' dir='ltr'>donariis</span> <span class='ocrx_word' id='word_1_469' title='bbox 1143 3344 1300 3398; x_wconf 88' lang='lat' dir='ltr'>istud</span> <span class='ocrx_word' id='word_1_470' title='bbox 1327 3344 1610 3416; x_wconf 85' lang='lat' dir='ltr'>templum</span> <span class='ocrx_word' id='word_1_471' title='bbox 1669 3352 1991 3406; x_wconf 79' lang='lat' dir='ltr'>exornavit.</span> 
     </span>
    </p>
   </div>
   <div class='ocr_carea' id='block_1_69' title="bbox 2105 3342 3762 3424">
    <p class='ocr_par' dir='ltr' id='par_1_69' title="bbox 2105 3342 3762 3424">
     <span class='ocr_line' id='line_1_69' title="bbox 2105 3342 3762 3424; baseline -0.004 -22"><span class='ocrx_word' id='word_1_472' title='bbox 2105 3346 2284 3421; x_wconf 75' lang='grc' dir='ltr'>ψιλῶς</span> <span class='ocrx_word' id='word_1_473' title='bbox 2339 3346 2599 3424; x_wconf 77' lang='grc' dir='ltr'>ἀφορίσας</span> <span class='ocrx_word' id='word_1_474' title='bbox 2633 3347 2784 3419; x_wconf 84' lang='grc'>[791]</span> <span class='ocrx_word' id='word_1_475' title='bbox 2839 3343 2928 3400; x_wconf 85' lang='grc' dir='ltr'>καὶ</span> <span class='ocrx_word' id='word_1_476' title='bbox 2975 3342 3349 3419; x_wconf 87' lang='grc' dir='ltr'>ἀποχρώντως</span> <span class='ocrx_word' id='word_1_477' title='bbox 3378 3343 3496 3406; x_wconf 77' lang='grc' dir='ltr'>καθ’</span> <span class='ocrx_word' id='word_1_478' title='bbox 3528 3342 3762 3411; x_wconf 72' lang='grc' dir='ltr'>ἑκάστην</span> 
     </span>
    </p>
   </div>
   <div class='ocr_carea' id='block_1_70' title="bbox 338 3428 3761 3515">
    <p class='ocr_par' dir='ltr' id='par_1_70' title="bbox 338 3428 3761 3515">
     <span class='ocr_line' id='line_1_70' title="bbox 338 3428 3761 3515; baseline -0.001 -28"><span class='ocrx_word' id='word_1_479' title='bbox 338 3430 612 3487; x_wconf 80' lang='grc' dir='ltr'>τελεῖσθαι</span> <span class='ocrx_word' id='word_1_480' title='bbox 645 3432 744 3499; x_wconf 77' lang='grc' dir='ltr'>την</span> <span class='ocrx_word' id='word_1_481' title='bbox 773 3430 921 3506; x_wconf 72' lang='grc' dir='ltr'>ἱεράν</span> <span class='ocrx_word' id='word_1_482' title='bbox 946 3429 1311 3504; x_wconf 80' lang='grc' dir='ltr'>παρεσκεύασε</span> <span class='ocrx_word' id='word_1_483' title='bbox 1343 3429 1708 3507; x_wconf 88' lang='grc' dir='ltr'>λειτουργίαν·</span> <span class='ocrx_word' id='word_1_484' title='bbox 1744 3434 1774 3489; x_wconf 86' lang='lat'>6&#39;</span> <span class='ocrx_word' id='word_1_485' title='bbox 1802 3437 1891 3490; x_wconf 84' lang='grc' dir='ltr'>καὶ</span> <span class='ocrx_word' id='word_1_486' title='bbox 1921 3443 2109 3515; x_wconf 86' lang='grc' dir='ltr'>κρατεῖ</span> <span class='ocrx_word' id='word_1_487' title='bbox 2137 3437 2426 3512; x_wconf 86' lang='grc' dir='ltr'>γινόμενον</span> <span class='ocrx_word' id='word_1_488' title='bbox 2463 3435 2661 3510; x_wconf 80' lang='grc' dir='ltr'>μέχρις</span> <span class='ocrx_word' id='word_1_489' title='bbox 2693 3436 2876 3507; x_wconf 76' lang='grc' dir='ltr'>ἡμῶν.</span> <span class='ocrx_word' id='word_1_490' title='bbox 2940 3432 3043 3489; x_wconf 83' lang='grc' dir='ltr'>Καὶ</span> <span class='ocrx_word' id='word_1_491' title='bbox 3091 3430 3253 3502; x_wconf 66' lang='grc' dir='ltr'>σκεύη</span> <span class='ocrx_word' id='word_1_492' title='bbox 3307 3428 3363 3486; x_wconf 76' lang='grc' dir='ltr'>δὶ</span> <span class='ocrx_word' id='word_1_493' title='bbox 3414 3431 3483 3485; x_wconf 82' lang='grc' dir='ltr'>τά</span> <span class='ocrx_word' id='word_1_494' title='bbox 3519 3434 3587 3504; x_wconf 75' lang='grc' dir='ltr'>τῇ</span> <span class='ocrx_word' id='word_1_495' title='bbox 3642 3431 3761 3504; x_wconf 81' lang='grc' dir='ltr'>ἰερᾷ</span> 
     </span>
    </p>
   </div>
   <div class='ocr_carea' id='block_1_71' title="bbox 344 3517 3754 3603">
    <p class='ocr_par' dir='ltr' id='par_1_71' title="bbox 344 3517 3754 3603">
     <span class='ocr_line' id='line_1_71' title="bbox 344 3517 3754 3603; baseline -0.004 -20"><span class='ocrx_word' id='word_1_496' title='bbox 344 3520 596 3592; x_wconf 68' lang='grc' dir='ltr'>ἀνειμένα</span> <span class='ocrx_word' id='word_1_497' title='bbox 626 3517 885 3589; x_wconf 72' lang='grc' dir='ltr'>σπονδιίᾳ</span> <span class='ocrx_word' id='word_1_498' title='bbox 911 3522 980 3592; x_wconf 71' lang='grc' dir='ltr'>τῇ</span> <span class='ocrx_word' id='word_1_499' title='bbox 1009 3518 1240 3593; x_wconf 79' lang='grc' dir='ltr'>τοιαύνῃ</span> <span class='ocrx_word' id='word_1_500' title='bbox 1276 3520 1490 3583; x_wconf 69' lang='grc' dir='ltr'>ἀνέθετο</span> <span class='ocrx_word' id='word_1_501' title='bbox 1521 3519 1804 3594; x_wconf 68' lang='grc' dir='ltr'>ἐκκλησίᾳ,</span> <span class='ocrx_word' id='word_1_502' title='bbox 1838 3524 1898 3580; x_wconf 89' lang='grc' dir='ltr'>ἐκ</span> <span class='ocrx_word' id='word_1_503' title='bbox 1926 3531 2134 3603; x_wconf 77' lang='grc' dir='ltr'>χρυσοῦ</span> <span class='ocrx_word' id='word_1_504' title='bbox 2165 3527 2252 3580; x_wconf 80' lang='grc' dir='ltr'>καὶ</span> <span class='ocrx_word' id='word_1_505' title='bbox 2286 3522 2616 3595; x_wconf 83' lang='grc' dir='ltr'>πολυτίμων</span> <span class='ocrx_word' id='word_1_506' title='bbox 2649 3523 2943 3597; x_wconf 87' lang='grc' dir='ltr'>μαργάρων</span> <span class='ocrx_word' id='word_1_507' title='bbox 2977 3522 3067 3576; x_wconf 87' lang='grc' dir='ltr'>καὶ</span> <span class='ocrx_word' id='word_1_508' title='bbox 3098 3519 3266 3576; x_wconf 88' lang='grc' dir='ltr'>λίθων</span> <span class='ocrx_word' id='word_1_509' title='bbox 3297 3519 3754 3591; x_wconf 62' lang='grc' dir='ltr'>κατεσκευασμένα</span> 
     </span>
    </p>
   </div>
   <div class='ocr_carea' id='block_1_72' title="bbox 349 3605 3757 3690">
    <p class='ocr_par' dir='ltr' id='par_1_72' title="bbox 349 3605 3757 3690">
     <span class='ocr_line' id='line_1_72' title="bbox 349 3605 3757 3690; baseline -0.001 -27"><span class='ocrx_word' id='word_1_510' title='bbox 349 3614 541 3685; x_wconf 85' lang='grc' dir='ltr'>μακρῷ</span> <span class='ocrx_word' id='word_1_511' title='bbox 570 3605 948 3683; x_wconf 82' lang='grc' dir='ltr'>παρελάσαντα</span> <span class='ocrx_word' id='word_1_512' title='bbox 975 3608 1044 3663; x_wconf 76' lang='grc' dir='ltr'>τὰ</span> <span class='ocrx_word' id='word_1_513' title='bbox 1074 3607 1247 3664; x_wconf 85' lang='grc' dir='ltr'>λοιπά</span> <span class='ocrx_word' id='word_1_514' title='bbox 1280 3608 1489 3685; x_wconf 79' lang='grc' dir='ltr'>μεγέθει</span> <span class='ocrx_word' id='word_1_515' title='bbox 1523 3611 1610 3665; x_wconf 83' lang='grc' dir='ltr'>καὶ</span> <span class='ocrx_word' id='word_1_516' title='bbox 1642 3611 1838 3668; x_wconf 85' lang='grc' dir='ltr'>κάλλει</span> <span class='ocrx_word' id='word_1_517' title='bbox 1868 3616 1959 3670; x_wconf 82' lang='grc' dir='ltr'>καὶ</span> <span class='ocrx_word' id='word_1_518' title='bbox 1989 3621 2198 3690; x_wconf 78' lang='grc' dir='ltr'>τιμαῖς.</span> <span class='ocrx_word' id='word_1_519' title='bbox 2234 3614 2333 3672; x_wconf 79' lang='grc' dir='ltr'>Καὶ</span> <span class='ocrx_word' id='word_1_520' title='bbox 2369 3611 2590 3674; x_wconf 87' lang='grc' dir='ltr'>λοιποῖς</span> <span class='ocrx_word' id='word_1_521' title='bbox 2619 3610 2813 3674; x_wconf 78' lang='grc' dir='ltr'>ἀλλοις</span> <span class='ocrx_word' id='word_1_522' title='bbox 2844 3608 3164 3684; x_wconf 86' lang='grc' dir='ltr'>κειμηλίοις</span> <span class='ocrx_word' id='word_1_523' title='bbox 3188 3609 3291 3664; x_wconf 80' lang='grc' dir='ltr'>οὐκ</span> <span class='ocrx_word' id='word_1_524' title='bbox 3311 3606 3527 3685; x_wconf 77' lang='grc' dir='ltr'>ὀλίγοις</span> <span class='ocrx_word' id='word_1_525' title='bbox 3557 3607 3757 3678; x_wconf 80' lang='grc' dir='ltr'>ταύτην</span> 
     </span>
    </p>
   </div>
   <div class='ocr_carea' id='block_1_73' title="bbox 347 3695 1460 3775">
    <p class='ocr_par' dir='ltr' id='par_1_73' title="bbox 347 3695 1460 3775">
     <span class='ocr_line' id='line_1_73' title="bbox 347 3695 1460 3775; baseline 0.001 -22"><span class='ocrx_word' id='word_1_526' title='bbox 347 3695 651 3775; x_wconf 79' lang='grc' dir='ltr'>ἐφαίδρυνε.</span> <span class='ocrx_word' id='word_1_527' title='bbox 687 3696 781 3752; x_wconf 78' lang='grc' dir='ltr'>Καὶ</span> <span class='ocrx_word' id='word_1_528' title='bbox 813 3697 879 3751; x_wconf 81' lang='grc' dir='ltr'>τὰ</span> <span class='ocrx_word' id='word_1_529' title='bbox 914 3697 1006 3769; x_wconf 78' lang='grc' dir='ltr'>μὶν</span> <span class='ocrx_word' id='word_1_530' title='bbox 1039 3697 1245 3751; x_wconf 79' lang='grc' dir='ltr'>ἐκείνου</span> <span class='ocrx_word' id='word_1_531' title='bbox 1273 3703 1460 3755; x_wconf 80' lang='grc' dir='ltr'>ταῦτα.</span> 
     </span>
    </p>
   </div>
   <div class='ocr_carea' id='block_1_74' title="bbox 420 3788 1997 3859">
    <p class='ocr_par' dir='ltr' id='par_1_74' title="bbox 420 3788 1997 3859">
     <span class='ocr_line' id='line_1_74' title="bbox 420 3788 1997 3859; baseline 0.003 -14"><span class='ocrx_word' id='word_1_532' title='bbox 420 3788 847 3845; x_wconf 85' lang='lat' dir='ltr'>Indictionibus</span> <span class='ocrx_word' id='word_1_533' title='bbox 868 3788 1120 3859; x_wconf 86' lang='lat' dir='ltr'>septima</span> <span class='ocrx_word' id='word_1_534' title='bbox 1137 3794 1195 3844; x_wconf 90' lang='lat' dir='ltr'>et</span> <span class='ocrx_word' id='word_1_535' title='bbox 1223 3795 1427 3845; x_wconf 86' lang='lat' dir='ltr'>octava</span> <span class='ocrx_word' id='word_1_536' title='bbox 1448 3795 1607 3845; x_wconf 87' lang='lat' dir='ltr'>tanta</span> <span class='ocrx_word' id='word_1_537' title='bbox 1630 3792 1741 3846; x_wconf 80' lang='lat' dir='ltr'>fuit</span> <span class='ocrx_word' id='word_1_538' title='bbox 1770 3793 1827 3848; x_wconf 90' lang='lat' dir='ltr'>in</span> <span class='ocrx_word' id='word_1_539' title='bbox 1855 3795 1997 3850; x_wconf 91' lang='lat' dir='ltr'>urbe</span> 
     </span>
    </p>
   </div>
   <div class='ocr_carea' id='block_1_75' title="bbox 346 3876 1992 3951">
    <p class='ocr_par' dir='ltr' id='par_1_75' title="bbox 346 3876 1992 3951">
     <span class='ocr_line' id='line_1_75' title="bbox 346 3876 1992 3951; baseline 0.002 -17"><span class='ocrx_word' id='word_1_540' title='bbox 346 3878 531 3951; x_wconf 87' lang='lat' dir='ltr'>pestis</span> <span class='ocrx_word' id='word_1_541' title='bbox 563 3882 628 3933; x_wconf 89' lang='lat' dir='ltr'>ut</span> <span class='ocrx_word' id='word_1_542' title='bbox 676 3877 925 3932; x_wconf 90' lang='lat' dir='ltr'>mortuis</span> <span class='ocrx_word' id='word_1_543' title='bbox 973 3876 1284 3932; x_wconf 72' lang='lat' dir='ltr'>efferendis</span> <span class='ocrx_word' id='word_1_544' title='bbox 1326 3878 1431 3932; x_wconf 90' lang='lat' dir='ltr'>viri</span> <span class='ocrx_word' id='word_1_545' title='bbox 1472 3897 1584 3933; x_wconf 82' lang='lat' dir='ltr'>non</span> <span class='ocrx_word' id='word_1_546' title='bbox 1636 3881 1992 3938; x_wconf 78' lang='lat' dir='ltr'>sufﬁcerent.</span> 
     </span>
    </p>
   </div>
   <div class='ocr_carea' id='block_1_76' title="bbox 347 3965 1996 4039">
    <p class='ocr_par' dir='ltr' id='par_1_76' title="bbox 347 3965 1996 4039">
     <span class='ocr_line' id='line_1_76' title="bbox 347 3965 1996 4039; baseline 0.001 -15"><span class='ocrx_word' id='word_1_547' title='bbox 347 3968 416 4024; x_wconf 87' lang='lat' dir='ltr'>Et</span> <span class='ocrx_word' id='word_1_548' title='bbox 445 3968 708 4038; x_wconf 77' lang='lat' dir='ltr'>septimae</span> <span class='ocrx_word' id='word_1_549' title='bbox 738 3965 1078 4020; x_wconf 88' lang='lat' dir='ltr'>indictionis</span> <span class='ocrx_word' id='word_1_550' title='bbox 1100 3971 1299 4021; x_wconf 70' lang='lat' dir='ltr'>aestate</span> <span class='ocrx_word' id='word_1_551' title='bbox 1334 3984 1545 4038; x_wconf 82' lang='lat' dir='ltr'>magna</span> <span class='ocrx_word' id='word_1_552' title='bbox 1574 3969 1659 4022; x_wconf 89' lang='lat' dir='ltr'>vis</span> <span class='ocrx_word' id='word_1_553' title='bbox 1691 3971 1996 4039; x_wconf 84' lang='lat' dir='ltr'>grandinis</span> 
     </span>
    </p>
   </div>
   <div class='ocr_carea' id='block_1_77' title="bbox 345 4053 1995 4126">
    <p class='ocr_par' dir='ltr' id='par_1_77' title="bbox 345 4053 1995 4126">
     <span class='ocr_line' id='line_1_77' title="bbox 345 4053 1995 4126; baseline 0.003 -15"><span class='ocrx_word' id='word_1_554' title='bbox 345 4057 503 4111; x_wconf 72' lang='lat'>010</span> <span class='ocrx_word' id='word_1_555' title='bbox 527 4054 743 4121; x_wconf 76' lang='lat' dir='ltr'>delata,</span> <span class='ocrx_word' id='word_1_556' title='bbox 777 4053 962 4109; x_wconf 89' lang='lat' dir='ltr'>multa</span> <span class='ocrx_word' id='word_1_557' title='bbox 993 4054 1273 4109; x_wconf 71' lang='lat' dir='ltr'>animalia</span> <span class='ocrx_word' id='word_1_558' title='bbox 1305 4060 1480 4126; x_wconf 88' lang='lat' dir='ltr'>atque</span> <span class='ocrx_word' id='word_1_559' title='bbox 1510 4057 1685 4113; x_wconf 85' lang='lat' dir='ltr'>etiam</span> <span class='ocrx_word' id='word_1_560' title='bbox 1722 4057 1995 4116; x_wconf 87' lang='lat' dir='ltr'>homines</span> 
     </span>
    </p>
   </div>
   <div class='ocr_carea' id='block_1_78' title="bbox 344 4143 1994 4218">
    <p class='ocr_par' dir='ltr' id='par_1_78' title="bbox 344 4143 1994 4218">
     <span class='ocr_line' id='line_1_78' title="bbox 344 4143 1994 4218; baseline 0.003 -18"><span class='ocrx_word' id='word_1_561' title='bbox 344 4144 658 4201; x_wconf 81' lang='lat' dir='ltr'>interfecit.</span> <span class='ocrx_word' id='word_1_562' title='bbox 690 4149 767 4197; x_wconf 83' lang='lat' dir='ltr'>At</span> <span class='ocrx_word' id='word_1_563' title='bbox 794 4143 1116 4214; x_wconf 88' lang='lat' dir='ltr'>imperator</span> <span class='ocrx_word' id='word_1_564' title='bbox 1160 4151 1438 4200; x_wconf 84' lang='lat' dir='ltr'>consueto</span> <span class='ocrx_word' id='word_1_565' title='bbox 1489 4147 1757 4218; x_wconf 65' lang='lat' dir='ltr'>podagra</span> <span class='ocrx_word' id='word_1_566' title='bbox 1790 4150 1994 4205; x_wconf 90' lang='lat' dir='ltr'>morbo</span> 
     </span>
    </p>
   </div>
   <div class='ocr_carea' id='block_1_79' title="bbox 344 4232 1994 4304">
    <p class='ocr_par' dir='ltr' id='par_1_79' title="bbox 344 4232 1994 4304">
     <span class='ocr_line' id='line_1_79' title="bbox 344 4232 1994 4304; baseline 0.003 -16"><span class='ocrx_word' id='word_1_567' title='bbox 344 4234 621 4297; x_wconf 77' lang='lat' dir='ltr'>afﬂictus,</span> <span class='ocrx_word' id='word_1_568' title='bbox 652 4249 785 4287; x_wconf 89' lang='lat' dir='ltr'>cum</span> <span class='ocrx_word' id='word_1_569' title='bbox 837 4232 1215 4287; x_wconf 85' lang='lat' dir='ltr'>decumberet</span> <span class='ocrx_word' id='word_1_570' title='bbox 1262 4234 1317 4287; x_wconf 91' lang='lat' dir='ltr'>in</span> <span class='ocrx_word' id='word_1_571' title='bbox 1376 4234 1750 4304; x_wconf 84' lang='lat' dir='ltr'>Magunorum</span> <span class='ocrx_word' id='word_1_572' title='bbox 1791 4254 1994 4293; x_wconf 85' lang='lat' dir='ltr'>mona-</span> 
     </span>
    </p>
   </div>
   <div class='ocr_carea' id='block_1_80' title="bbox 344 4322 1994 4393">
    <p class='ocr_par' dir='ltr' id='par_1_80' title="bbox 344 4322 1994 4393">
     <span class='ocr_line' id='line_1_80' title="bbox 344 4322 1994 4393; baseline 0.002 -15"><span class='ocrx_word' id='word_1_573' title='bbox 344 4322 524 4378; x_wconf 90' lang='lat' dir='ltr'>sterio</span> <span class='ocrx_word' id='word_1_574' title='bbox 556 4337 590 4376; x_wconf 92' lang='lat' dir='ltr'>a</span> <span class='ocrx_word' id='word_1_575' title='bbox 620 4338 682 4376; x_wconf 91' lang='lat' dir='ltr'>se</span> <span class='ocrx_word' id='word_1_576' title='bbox 710 4336 914 4376; x_wconf 87' lang='lat' dir='ltr'>recens</span> <span class='ocrx_word' id='word_1_577' title='bbox 956 4322 1214 4388; x_wconf 89' lang='lat' dir='ltr'>condito,</span> <span class='ocrx_word' id='word_1_578' title='bbox 1245 4338 1309 4376; x_wconf 84' lang='lat' dir='ltr'>ac</span> <span class='ocrx_word' id='word_1_579' title='bbox 1356 4329 1630 4393; x_wconf 68' lang='lat' dir='ltr'>presteres</span> <span class='ocrx_word' id='word_1_580' title='bbox 1679 4325 1837 4380; x_wconf 89' lang='lat' dir='ltr'>aliud</span> <span class='ocrx_word' id='word_1_581' title='bbox 1873 4344 1994 4382; x_wconf 87' lang='lat' dir='ltr'>ma-</span> 
     </span>
    </p>
   </div>
   <div class='ocr_carea' id='block_1_81' title="bbox 344 4409 1996 4485">
    <p class='ocr_par' dir='ltr' id='par_1_81' title="bbox 344 4409 1996 4485">
     <span class='ocr_line' id='line_1_81' title="bbox 344 4409 1996 4485; baseline 0.003 -19"><span class='ocrx_word' id='word_1_582' title='bbox 344 4411 471 4466; x_wconf 91' lang='lat' dir='ltr'>lum</span> <span class='ocrx_word' id='word_1_583' title='bbox 503 4409 870 4475; x_wconf 74' lang='lat' dir='ltr'>accessisset,</span> <span class='ocrx_word' id='word_1_584' title='bbox 914 4411 1159 4481; x_wconf 86' lang='lat' dir='ltr'>jamque</span> <span class='ocrx_word' id='word_1_585' title='bbox 1208 4427 1364 4466; x_wconf 89' lang='lat' dir='ltr'>mors</span> <span class='ocrx_word' id='word_1_586' title='bbox 1417 4412 1635 4468; x_wconf 85' lang='lat' dir='ltr'>instare</span> <span class='ocrx_word' id='word_1_587' title='bbox 1682 4414 1996 4485; x_wconf 88' lang='lat' dir='ltr'>videretur,</span> 
     </span>
    </p>
   </div>
   <div class='ocr_carea' id='block_1_82' title="bbox 346 4497 1997 4569">
    <p class='ocr_par' dir='ltr' id='par_1_82' title="bbox 346 4497 1997 4569">
     <span class='ocr_line' id='line_1_82' title="bbox 346 4497 1997 4569; baseline 0.003 -14"><span class='ocrx_word' id='word_1_588' title='bbox 346 4502 419 4555; x_wconf 86' lang='lat' dir='ltr'>de</span> <span class='ocrx_word' id='word_1_589' title='bbox 465 4515 804 4556; x_wconf 86' lang='lat' dir='ltr'>successore</span> <span class='ocrx_word' id='word_1_590' title='bbox 859 4500 988 4569; x_wconf 84' lang='lat' dir='ltr'>ejus</span> <span class='ocrx_word' id='word_1_591' title='bbox 1048 4497 1435 4555; x_wconf 84' lang='lat' dir='ltr'>deliberatum</span> <span class='ocrx_word' id='word_1_592' title='bbox 1497 4508 1587 4556; x_wconf 83' lang='lat' dir='ltr'>est</span> <span class='ocrx_word' id='word_1_593' title='bbox 1644 4503 1795 4558; x_wconf 91' lang='lat' dir='ltr'>inter</span> <span class='ocrx_word' id='word_1_594' title='bbox 1850 4505 1997 4560; x_wconf 66' lang='lat' dir='ltr'>auls:</span> 
     </span>
    </p>
   </div>
   <div class='ocr_carea' id='block_1_83' title="bbox 347 4589 1996 4664">
    <p class='ocr_par' dir='ltr' id='par_1_83' title="bbox 347 4589 1996 4664">
     <span class='ocr_line' id='line_1_83' title="bbox 347 4589 1996 4664; baseline 0.002 -18"><span class='ocrx_word' id='word_1_595' title='bbox 347 4606 637 4662; x_wconf 87' lang='lat' dir='ltr'>proceres.</span> <span class='ocrx_word' id='word_1_596' title='bbox 670 4589 743 4643; x_wconf 85' lang='lat' dir='ltr'>Hi</span> <span class='ocrx_word' id='word_1_597' title='bbox 801 4595 968 4643; x_wconf 89' lang='lat' dir='ltr'>erant</span> <span class='ocrx_word' id='word_1_598' title='bbox 1017 4592 1275 4644; x_wconf 88' lang='lat' dir='ltr'>Joannes</span> <span class='ocrx_word' id='word_1_599' title='bbox 1330 4590 1644 4660; x_wconf 78' lang='lat' dir='ltr'>logotbeta,</span> <span class='ocrx_word' id='word_1_600' title='bbox 1692 4609 1865 4664; x_wconf 92' lang='lat' dir='ltr'>quem</span> <span class='ocrx_word' id='word_1_601' title='bbox 1898 4594 1996 4650; x_wconf 92' lang='lat' dir='ltr'>de-</span> 
     </span>
    </p>
   </div>
   <div class='ocr_carea' id='block_1_84' title="bbox 2181 3783 3766 3865">
    <p class='ocr_par' dir='ltr' id='par_1_84' title="bbox 2181 3783 3766 3865">
     <span class='ocr_line' id='line_1_84' title="bbox 2181 3783 3766 3865; baseline -0.005 -17"><span class='ocrx_word' id='word_1_602' title='bbox 2181 3791 2475 3865; x_wconf 79' lang='grc' dir='ltr'>Ἐνέσκηψε</span> <span class='ocrx_word' id='word_1_603' title='bbox 2522 3787 2579 3844; x_wconf 76' lang='grc' dir='ltr'>δέ</span> <span class='ocrx_word' id='word_1_604' title='bbox 2627 3790 2711 3844; x_wconf 78' lang='grc' dir='ltr'>καὶ</span> <span class='ocrx_word' id='word_1_605' title='bbox 2750 3788 2983 3861; x_wconf 83' lang='grc' dir='ltr'>λοιμική</span> <span class='ocrx_word' id='word_1_606' title='bbox 3033 3787 3186 3850; x_wconf 84' lang='grc' dir='ltr'>νόσος</span> <span class='ocrx_word' id='word_1_607' title='bbox 3214 3791 3282 3861; x_wconf 80' lang='grc' dir='ltr'>τῇ</span> <span class='ocrx_word' id='word_1_608' title='bbox 3336 3783 3576 3863; x_wconf 82' lang='grc' dir='ltr'>βασιλίδι</span> <span class='ocrx_word' id='word_1_609' title='bbox 3624 3787 3766 3841; x_wconf 72' lang='grc' dir='ltr'>κατά</span> 
     </span>
    </p>
   </div>
   <div class='ocr_carea' id='block_1_85' title="bbox 2106 3875 3765 3952">
    <p class='ocr_par' dir='ltr' id='par_1_85' title="bbox 2106 3875 3765 3952">
     <span class='ocr_line' id='line_1_85' title="bbox 2106 3875 3765 3952; baseline -0.004 -18"><span class='ocrx_word' id='word_1_610' title='bbox 2106 3902 2164 3936; x_wconf 87' lang='grc' dir='ltr'>τε</span> <span class='ocrx_word' id='word_1_611' title='bbox 2197 3882 2296 3950; x_wconf 77' lang='grc' dir='ltr'>τὴν</span> <span class='ocrx_word' id='word_1_612' title='bbox 2352 3882 2391 3950; x_wconf 80' lang='grc' dir='ltr'>ζ’</span> <span class='ocrx_word' id='word_1_613' title='bbox 2439 3880 2530 3935; x_wconf 84' lang='grc' dir='ltr'>καὶ</span> <span class='ocrx_word' id='word_1_614' title='bbox 2569 3880 2619 3950; x_wconf 83' lang='grc' dir='ltr'>η’</span> <span class='ocrx_word' id='word_1_615' title='bbox 2681 3876 3009 3949; x_wconf 75' lang='grc' dir='ltr'>ίνδικτιῶνα,</span> <span class='ocrx_word' id='word_1_616' title='bbox 3075 3878 3148 3939; x_wconf 86' lang='grc' dir='ltr'>ὡς</span> <span class='ocrx_word' id='word_1_617' title='bbox 3200 3877 3276 3950; x_wconf 73' lang='grc' dir='ltr'>μὴ</span> <span class='ocrx_word' id='word_1_618' title='bbox 3319 3875 3583 3952; x_wconf 73' lang='grc' dir='ltr'>ἐξισχόειν</span> <span class='ocrx_word' id='word_1_619' title='bbox 3632 3875 3765 3937; x_wconf 76' lang='grc' dir='ltr'>τοὺς</span> 
     </span>
    </p>
   </div>
   <div class='ocr_carea' id='block_1_86' title="bbox 2109 3961 3766 4047">
    <p class='ocr_par' dir='ltr' id='par_1_86' title="bbox 2109 3961 3766 4047">
     <span class='ocr_line' id='line_1_86' title="bbox 2109 3961 3766 4047; baseline -0.002 -23"><span class='ocrx_word' id='word_1_620' title='bbox 2109 3974 2311 4039; x_wconf 85' lang='grc' dir='ltr'>ζῶντας</span> <span class='ocrx_word' id='word_1_621' title='bbox 2369 3969 2608 4047; x_wconf 72' lang='grc' dir='ltr'>ἐκφέρειν</span> <span class='ocrx_word' id='word_1_622' title='bbox 2652 3967 2778 4030; x_wconf 80' lang='grc' dir='ltr'>τοὺς</span> <span class='ocrx_word' id='word_1_623' title='bbox 2843 3969 3157 4028; x_wconf 85' lang='grc' dir='ltr'>τεθνεῶτας.</span> <span class='ocrx_word' id='word_1_624' title='bbox 3227 3966 3462 4042; x_wconf 85' lang='grc' dir='ltr'>Ἠνέχθη</span> <span class='ocrx_word' id='word_1_625' title='bbox 3515 3961 3572 4020; x_wconf 68' lang='grc' dir='ltr'>δέ</span> <span class='ocrx_word' id='word_1_626' title='bbox 3623 3966 3766 4020; x_wconf 85' lang='grc' dir='ltr'>κατά</span> 
     </span>
    </p>
   </div>
   <div class='ocr_carea' id='block_1_87' title="bbox 2104 4052 3765 4134">
    <p class='ocr_par' dir='ltr' id='par_1_87' title="bbox 2104 4052 3765 4134">
     <span class='ocr_line' id='line_1_87' title="bbox 2104 4052 3765 4134; baseline -0.003 -21"><span class='ocrx_word' id='word_1_627' title='bbox 2104 4060 2168 4114; x_wconf 82' lang='grc' dir='ltr'>τὸ</span> <span class='ocrx_word' id='word_1_628' title='bbox 2210 4059 2360 4134; x_wconf 65' lang='grc' dir='ltr'>θέρος</span> <span class='ocrx_word' id='word_1_629' title='bbox 2412 4066 2511 4127; x_wconf 76' lang='grc' dir='ltr'>τῆς</span> <span class='ocrx_word' id='word_1_630' title='bbox 2543 4064 2579 4127; x_wconf 58' lang='grc' dir='ltr'>ζί</span> <span class='ocrx_word' id='word_1_631' title='bbox 2610 4054 2949 4119; x_wconf 83' lang='grc' dir='ltr'>ίνδικτιῶνος</span> <span class='ocrx_word' id='word_1_632' title='bbox 2989 4055 3243 4131; x_wconf 78' lang='grc' dir='ltr'>μέγιστόν</span> <span class='ocrx_word' id='word_1_633' title='bbox 3274 4076 3332 4110; x_wconf 93' lang='grc' dir='ltr'>τε</span> <span class='ocrx_word' id='word_1_634' title='bbox 3358 4061 3555 4130; x_wconf 78' lang='grc' dir='ltr'>χρῆμα</span> <span class='ocrx_word' id='word_1_635' title='bbox 3585 4052 3765 4129; x_wconf 80' lang='grc' dir='ltr'>χαλά-</span> 
     </span>
    </p>
   </div>
   <div class='ocr_carea' id='block_1_88' title="bbox 2110 4143 3764 4217">
    <p class='ocr_par' dir='ltr' id='par_1_88' title="bbox 2110 4143 3764 4217">
     <span class='ocr_line' id='line_1_88' title="bbox 2110 4143 3764 4217; baseline -0.004 -13"><span class='ocrx_word' id='word_1_636' title='bbox 2110 4153 2206 4217; x_wconf 85' lang='grc' dir='ltr'>ζης</span> <span class='ocrx_word' id='word_1_637' title='bbox 2250 4148 2339 4203; x_wconf 82' lang='grc' dir='ltr'>καὶ</span> <span class='ocrx_word' id='word_1_638' title='bbox 2383 4147 2567 4203; x_wconf 82' lang='grc' dir='ltr'>πολλά</span> <span class='ocrx_word' id='word_1_639' title='bbox 2624 4147 2711 4201; x_wconf 85' lang='grc' dir='ltr'>ὑπ’</span> <span class='ocrx_word' id='word_1_640' title='bbox 2756 4145 2922 4201; x_wconf 73' lang='grc' dir='ltr'>αὐτοῦ</span> <span class='ocrx_word' id='word_1_641' title='bbox 2975 4144 3037 4200; x_wconf 76' lang='grc' dir='ltr'>οὐ</span> <span class='ocrx_word' id='word_1_642' title='bbox 3095 4149 3205 4215; x_wconf 83' lang='grc' dir='ltr'>ζῶα</span> <span class='ocrx_word' id='word_1_643' title='bbox 3258 4143 3442 4217; x_wconf 87' lang='grc' dir='ltr'>μόνον,</span> <span class='ocrx_word' id='word_1_644' title='bbox 3476 4143 3623 4199; x_wconf 71' lang='grc' dir='ltr'>ἀλλὰ</span> <span class='ocrx_word' id='word_1_645' title='bbox 3669 4143 3764 4199; x_wconf 82' lang='grc' dir='ltr'>καὶ</span> 
     </span>
    </p>
   </div>
   <div class='ocr_carea' id='block_1_89' title="bbox 2107 4232 3765 4313">
    <p class='ocr_par' dir='ltr' id='par_1_89' title="bbox 2107 4232 3765 4313">
     <span class='ocr_line' id='line_1_89' title="bbox 2107 4232 3765 4313; baseline -0.002 -22"><span class='ocrx_word' id='word_1_646' title='bbox 2107 4238 2384 4313; x_wconf 76' lang='grc' dir='ltr'>ἄνθρωποι</span> <span class='ocrx_word' id='word_1_647' title='bbox 2447 4234 2832 4313; x_wconf 77' lang='grc' dir='ltr'>διεφθάρησαν.</span> <span class='ocrx_word' id='word_1_648' title='bbox 2879 4236 2940 4292; x_wconf 85' lang='grc' dir='ltr'>Ὁ</span> <span class='ocrx_word' id='word_1_649' title='bbox 2989 4232 3048 4290; x_wconf 74' lang='grc' dir='ltr'>δὲ</span> <span class='ocrx_word' id='word_1_650' title='bbox 3103 4232 3357 4308; x_wconf 81' lang='grc' dir='ltr'>βασιλεὺς</span> <span class='ocrx_word' id='word_1_651' title='bbox 3388 4232 3765 4309; x_wconf 87' lang='grc' dir='ltr'>κατεχόμενος</span> 
     </span>
    </p>
   </div>
   <div class='ocr_carea' id='block_1_90' title="bbox 2109 4319 3765 4399">
    <p class='ocr_par' dir='ltr' id='par_1_90' title="bbox 2109 4319 3765 4399">
     <span class='ocr_line' id='line_1_90' title="bbox 2109 4319 3765 4399; baseline -0.004 -18"><span class='ocrx_word' id='word_1_652' title='bbox 2109 4325 2211 4380; x_wconf 86' lang='grc' dir='ltr'>ὑπὸ</span> <span class='ocrx_word' id='word_1_653' title='bbox 2241 4333 2340 4395; x_wconf 78' lang='grc' dir='ltr'>τῆς</span> <span class='ocrx_word' id='word_1_654' title='bbox 2389 4327 2650 4396; x_wconf 77' lang='grc' dir='ltr'>συνήθους</span> <span class='ocrx_word' id='word_1_655' title='bbox 2679 4325 2842 4379; x_wconf 88' lang='grc' dir='ltr'>νόσου</span> <span class='ocrx_word' id='word_1_656' title='bbox 2891 4330 2990 4393; x_wconf 84' lang='grc' dir='ltr'>τῆς</span> <span class='ocrx_word' id='word_1_657' title='bbox 3037 4320 3313 4399; x_wconf 80' lang='grc' dir='ltr'>ποδάγρας</span> <span class='ocrx_word' id='word_1_658' title='bbox 3358 4319 3537 4377; x_wconf 66' lang='grc' dir='ltr'>ἓκειτο</span> <span class='ocrx_word' id='word_1_659' title='bbox 3590 4319 3642 4375; x_wconf 92' lang='grc' dir='ltr'>ἐν</span> <span class='ocrx_word' id='word_1_660' title='bbox 3692 4323 3765 4393; x_wconf 74' lang='grc' dir='ltr'>τῇ</span> 
     </span>
    </p>
   </div>
   <div class='ocr_carea' id='block_1_91' title="bbox 2106 4410 3763 4491">
    <p class='ocr_par' dir='ltr' id='par_1_91' title="bbox 2106 4410 3763 4491">
     <span class='ocr_line' id='line_1_91' title="bbox 2106 4410 3763 4491; baseline -0.002 -24"><span class='ocrx_word' id='word_1_661' title='bbox 2106 4415 2234 4489; x_wconf 84' lang='grc' dir='ltr'>παρ’</span> <span class='ocrx_word' id='word_1_662' title='bbox 2284 4414 2448 4469; x_wconf 77' lang='grc' dir='ltr'>αὐτοῦ</span> <span class='ocrx_word' id='word_1_663' title='bbox 2494 4413 2887 4491; x_wconf 79' lang='grc' dir='ltr'>νεουργηθείσῃ</span> <span class='ocrx_word' id='word_1_664' title='bbox 2921 4416 3063 4485; x_wconf 84' lang='grc' dir='ltr'>μονῆ</span> <span class='ocrx_word' id='word_1_665' title='bbox 3095 4417 3203 4467; x_wconf 87' lang='grc' dir='ltr'>τῶν</span> <span class='ocrx_word' id='word_1_666' title='bbox 3256 4412 3580 4488; x_wconf 84' lang='grc' dir='ltr'>Μαγγάνων.</span> <span class='ocrx_word' id='word_1_667' title='bbox 3608 4410 3763 4468; x_wconf 76' lang='grc' dir='ltr'>Ἐπεὶ</span> 
     </span>
    </p>
   </div>
   <div class='ocr_carea' id='block_1_92' title="bbox 2108 4498 3766 4579">
    <p class='ocr_par' dir='ltr' id='par_1_92' title="bbox 2108 4498 3766 4579">
     <span class='ocr_line' id='line_1_92' title="bbox 2108 4498 3766 4579; baseline -0.001 -22"><span class='ocrx_word' id='word_1_668' title='bbox 2108 4500 2166 4558; x_wconf 74' lang='grc' dir='ltr'>δὲ</span> <span class='ocrx_word' id='word_1_669' title='bbox 2212 4504 2302 4558; x_wconf 86' lang='grc' dir='ltr'>καὶ</span> <span class='ocrx_word' id='word_1_670' title='bbox 2366 4500 2547 4579; x_wconf 77' lang='grc' dir='ltr'>ἓτερον</span> <span class='ocrx_word' id='word_1_671' title='bbox 2611 4501 3025 4573; x_wconf 74' lang='grc' dir='ltr'>ἐπηκολούθησε</span> <span class='ocrx_word' id='word_1_672' title='bbox 3076 4500 3389 4575; x_wconf 73' lang='grc' dir='ltr'>σύμπτωμα</span> <span class='ocrx_word' id='word_1_673' title='bbox 3435 4500 3525 4556; x_wconf 87' lang='grc' dir='ltr'>καὶ</span> <span class='ocrx_word' id='word_1_674' title='bbox 3573 4498 3683 4571; x_wconf 77' lang='grc' dir='ltr'>ἤδη</span> <span class='ocrx_word' id='word_1_675' title='bbox 3737 4501 3766 4555; x_wconf 98' lang='lat'>6</span> 
     </span>
    </p>
   </div>
   <div class='ocr_carea' id='block_1_93' title="bbox 2106 4588 3767 4669">
    <p class='ocr_par' dir='ltr' id='par_1_93' title="bbox 2106 4588 3767 4669">
     <span class='ocr_line' id='line_1_93' title="bbox 2106 4588 3767 4669; baseline -0.002 -22"><span class='ocrx_word' id='word_1_676' title='bbox 2106 4593 2332 4656; x_wconf 82' lang='grc' dir='ltr'>θάνατος</span> <span class='ocrx_word' id='word_1_677' title='bbox 2391 4590 2629 4669; x_wconf 76' lang='grc' dir='ltr'>ἤγγιζεν,</span> <span class='ocrx_word' id='word_1_678' title='bbox 2679 4593 3003 4647; x_wconf 73' lang='grc' dir='ltr'>ἐσκέπτοντο</span> <span class='ocrx_word' id='word_1_679' title='bbox 3045 4591 3098 4645; x_wconf 80' lang='grc' dir='ltr'>οἱ</span> <span class='ocrx_word' id='word_1_680' title='bbox 3146 4592 3213 4644; x_wconf 73' lang='grc' dir='ltr'>τά</span> <span class='ocrx_word' id='word_1_681' title='bbox 3262 4595 3453 4667; x_wconf 85' lang='grc' dir='ltr'>πρῶτα</span> <span class='ocrx_word' id='word_1_682' title='bbox 3503 4588 3555 4645; x_wconf 88' lang='grc' dir='ltr'>ἐν</span> <span class='ocrx_word' id='word_1_683' title='bbox 3606 4591 3767 4665; x_wconf 85' lang='grc' dir='ltr'>βασι-</span> 
     </span>
    </p>
   </div>
   <div class='ocr_carea' id='block_1_94' title="bbox 345 4664 1996 4760">
    <p class='ocr_par' dir='ltr' id='par_1_94' title="bbox 345 4675 1993 4738">
     <span class='ocr_line' id='line_1_94' title="bbox 345 4675 1993 4738; baseline 0.004 -6"><span class='ocrx_word' id='word_1_684' title='bbox 345 4683 512 4733; x_wconf 89' lang='lat' dir='ltr'>truso</span> <span class='ocrx_word' id='word_1_685' title='bbox 545 4675 841 4732; x_wconf 87' lang='lat' dir='ltr'>Leicbuda</span> <span class='ocrx_word' id='word_1_686' title='bbox 884 4692 1080 4731; x_wconf 89' lang='lat' dir='ltr'>rerum</span> <span class='ocrx_word' id='word_1_687' title='bbox 1129 4677 1736 4735; x_wconf 87' lang='lat' dir='ltr'>administrandarum</span> <span class='ocrx_word' id='word_1_688' title='bbox 1769 4682 1993 4738; x_wconf 88' lang='lat' dir='ltr'>socium</span> 
     </span>
    </p>
   </div>
   <div class='ocr_carea' id='block_1_95' title="bbox 2106 4664 3769 4760">
    <p class='ocr_par' dir='ltr' id='par_1_95' title="bbox 2106 4664 3769 4760">
     <span class='ocr_line' id='line_1_95' title="bbox 2106 4664 3769 4760; baseline -0.002 -24"><span class='ocrx_word' id='word_1_689' title='bbox 2106 4679 2275 4744; x_wconf 89' lang='grc' dir='ltr'>λείοις</span> <span class='ocrx_word' id='word_1_690' title='bbox 2326 4664 2595 4760; x_wconf 73' lang='grc' dir='ltr'>φερόντες,</span> <span class='ocrx_word' id='word_1_691' title='bbox 2626 4682 2655 4736; x_wconf 88' lang='lat'>6</span> <span class='ocrx_word' id='word_1_692' title='bbox 2689 4680 2989 4756; x_wconf 80' lang='grc' dir='ltr'>λογοθέτης</span> <span class='ocrx_word' id='word_1_693' title='bbox 3019 4664 3393 4749; x_wconf 54' lang='grc' dir='ltr'>Ἰωάννηςὸν</span> <span class='ocrx_word' id='word_1_694' title='bbox 3439 4680 3468 4735; x_wconf 91' lang='lat'>6</span> <span class='ocrx_word' id='word_1_695' title='bbox 3505 4677 3769 4756; x_wconf 77' lang='grc' dir='ltr'>βασιλεὺς</span> 
     </span>
    </p>
   </div>
   <div class='ocr_carea' id='block_1_96' title="bbox 348 4767 1996 4838">
    <p class='ocr_par' dir='ltr' id='par_1_96' title="bbox 348 4767 1996 4838">
     <span class='ocr_line' id='line_1_96' title="bbox 348 4767 1996 4838; baseline 0.001 -14"><span class='ocrx_word' id='word_1_696' title='bbox 348 4769 635 4824; x_wconf 64' lang='lat' dir='ltr'>aeciverat</span> <span class='ocrx_word' id='word_1_697' title='bbox 692 4767 1028 4838; x_wconf 88' lang='lat' dir='ltr'>imperator,</span> <span class='ocrx_word' id='word_1_698' title='bbox 1088 4768 1525 4837; x_wconf 83' lang='lat' dir='ltr'>protonotarius</span> <span class='ocrx_word' id='word_1_699' title='bbox 1601 4770 1790 4825; x_wconf 89' lang='lat' dir='ltr'>dromi</span> <span class='ocrx_word' id='word_1_700' title='bbox 1848 4770 1996 4826; x_wconf 89' lang='lat' dir='ltr'>Con-</span> 
     </span>
    </p>
   </div>
   <div class='ocr_carea' id='block_1_97' title="bbox 346 4855 1997 4933">
    <p class='ocr_par' dir='ltr' id='par_1_97' title="bbox 346 4855 1997 4933">
     <span class='ocr_line' id='line_1_97' title="bbox 346 4855 1997 4933; baseline 0.002 -21"><span class='ocrx_word' id='word_1_701' title='bbox 346 4858 668 4927; x_wconf 71' lang='lat' dir='ltr'>stantinus,</span> <span class='ocrx_word' id='word_1_702' title='bbox 721 4855 968 4917; x_wconf 82' lang='lat' dir='ltr'>Basilius</span> <span class='ocrx_word' id='word_1_703' title='bbox 1015 4856 1255 4911; x_wconf 90' lang='lat' dir='ltr'>caniclei</span> <span class='ocrx_word' id='word_1_704' title='bbox 1310 4860 1644 4929; x_wconf 75' lang='lat' dir='ltr'>praefectus,</span> <span class='ocrx_word' id='word_1_705' title='bbox 1682 4865 1738 4915; x_wconf 89' lang='lat' dir='ltr'>et</span> <span class='ocrx_word' id='word_1_706' title='bbox 1786 4859 1997 4933; x_wconf 89' lang='lat' dir='ltr'>reliqui</span> 
     </span>
    </p>
   </div>
   <div class='ocr_carea' id='block_1_98' title="bbox 344 4946 1997 5020">
    <p class='ocr_par' dir='ltr' id='par_1_98' title="bbox 344 4946 1997 5020">
     <span class='ocr_line' id='line_1_98' title="bbox 344 4946 1997 5020; baseline 0.003 -20"><span class='ocrx_word' id='word_1_707' title='bbox 344 4949 474 5017; x_wconf 89' lang='lat' dir='ltr'>ejus</span> <span class='ocrx_word' id='word_1_708' title='bbox 530 4946 869 5003; x_wconf 88' lang='lat' dir='ltr'>necessarii.</span> <span class='ocrx_word' id='word_1_709' title='bbox 931 4946 1218 5001; x_wconf 77' lang='lat' dir='ltr'>O&#39;nnibus</span> <span class='ocrx_word' id='word_1_710' title='bbox 1272 4947 1440 5001; x_wconf 89' lang='lat' dir='ltr'>visus</span> <span class='ocrx_word' id='word_1_711' title='bbox 1509 4952 1601 5002; x_wconf 88' lang='lat' dir='ltr'>est</span> <span class='ocrx_word' id='word_1_712' title='bbox 1652 4948 1997 5020; x_wconf 85' lang='lat' dir='ltr'>aptissimus</span> 
     </span>
    </p>
   </div>
   <div class='ocr_carea' id='block_1_99' title="bbox 341 5033 1996 5105">
    <p class='ocr_par' dir='ltr' id='par_1_99' title="bbox 341 5033 1996 5105">
     <span class='ocr_line' id='line_1_99' title="bbox 341 5033 1996 5105; baseline 0.004 -19"><span class='ocrx_word' id='word_1_713' title='bbox 341 5034 706 5104; x_wconf 87' lang='lat' dir='ltr'>Nicephorus</span> <span class='ocrx_word' id='word_1_714' title='bbox 763 5037 1052 5089; x_wconf 89' lang='lat' dir='ltr'>Protenon</span> <span class='ocrx_word' id='word_1_715' title='bbox 1104 5033 1297 5104; x_wconf 88' lang='lat' dir='ltr'>(quasi</span> <span class='ocrx_word' id='word_1_716' title='bbox 1357 5035 1670 5104; x_wconf 91' lang='lat' dir='ltr'>primatem</span> <span class='ocrx_word' id='word_1_717' title='bbox 1729 5037 1996 5105; x_wconf 89' lang='lat' dir='ltr'>diceres),</span> 
     </span>
    </p>
   </div>
   <div class='ocr_carea' id='block_1_100' title="bbox 344 5121 1993 5195">
    <p class='ocr_par' dir='ltr' id='par_1_100' title="bbox 344 5121 1993 5195">
     <span class='ocr_line' id='line_1_100' title="bbox 344 5121 1993 5195; baseline 0.004 -20"><span class='ocrx_word' id='word_1_718' title='bbox 344 5121 715 5193; x_wconf 86' lang='lat' dir='ltr'>mittiturque</span> <span class='ocrx_word' id='word_1_719' title='bbox 747 5122 817 5176; x_wconf 92' lang='lat' dir='ltr'>ad</span> <span class='ocrx_word' id='word_1_720' title='bbox 850 5139 982 5176; x_wconf 89' lang='lat' dir='ltr'>eum</span> <span class='ocrx_word' id='word_1_721' title='bbox 1018 5138 1225 5178; x_wconf 88' lang='lat' dir='ltr'>cursor</span> <span class='ocrx_word' id='word_1_722' title='bbox 1257 5122 1312 5175; x_wconf 93' lang='lat' dir='ltr'>in</span> <span class='ocrx_word' id='word_1_723' title='bbox 1347 5122 1710 5195; x_wconf 86' lang='lat' dir='ltr'>Bulgariam,</span> <span class='ocrx_word' id='word_1_724' title='bbox 1732 5126 1836 5181; x_wconf 84' lang='lat' dir='ltr'>.cui</span> <span class='ocrx_word' id='word_1_725' title='bbox 1870 5132 1993 5182; x_wconf 90' lang='lat' dir='ltr'>tum</span> 
     </span>
    </p>
   </div>
   <div class='ocr_carea' id='block_1_101' title="bbox 342 5209 1990 5282">
    <p class='ocr_par' dir='ltr' id='par_1_101' title="bbox 342 5209 1990 5282">
     <span class='ocr_line' id='line_1_101' title="bbox 342 5209 1990 5282; baseline 0.003 -17"><span class='ocrx_word' id='word_1_726' title='bbox 342 5214 592 5282; x_wconf 73' lang='lat' dir='ltr'>prmerat</span> <span class='ocrx_word' id='word_1_727' title='bbox 635 5209 969 5281; x_wconf 70' lang='lat' dir='ltr'>provinciae,</span> <span class='ocrx_word' id='word_1_728' title='bbox 1018 5211 1116 5282; x_wconf 75' lang='lat' dir='ltr'>qui</span> <span class='ocrx_word' id='word_1_729' title='bbox 1169 5212 1241 5266; x_wconf 91' lang='lat' dir='ltr'>ad</span> <span class='ocrx_word' id='word_1_730' title='bbox 1296 5212 1495 5268; x_wconf 90' lang='lat' dir='ltr'>urbem</span> <span class='ocrx_word' id='word_1_731' title='bbox 1540 5229 1674 5268; x_wconf 87' lang='lat' dir='ltr'>eum</span> <span class='ocrx_word' id='word_1_732' title='bbox 1708 5221 1990 5270; x_wconf 77' lang='lat' dir='ltr'>evocaret.</span> 
     </span>
    </p>
   </div>
   <div class='ocr_carea' id='block_1_102' title="bbox 2106 4765 3763 4846">
    <p class='ocr_par' dir='ltr' id='par_1_102' title="bbox 2106 4765 3763 4846">
     <span class='ocr_line' id='line_1_102' title="bbox 2106 4765 3763 4846; baseline -0.003 -21"><span class='ocrx_word' id='word_1_733' title='bbox 2106 4768 2644 4846; x_wconf 80' lang='grc' dir='ltr'>παραδυναστεόοντα</span> <span class='ocrx_word' id='word_1_734' title='bbox 2691 4771 2826 4845; x_wconf 74' lang='grc' dir='ltr'>εἶχε,</span> <span class='ocrx_word' id='word_1_735' title='bbox 2857 4768 3253 4846; x_wconf 86' lang='grc' dir='ltr'>παρωσάμενος</span> <span class='ocrx_word' id='word_1_736' title='bbox 3300 4772 3390 4823; x_wconf 83' lang='grc' dir='ltr'>τὸν</span> <span class='ocrx_word' id='word_1_737' title='bbox 3423 4765 3763 4843; x_wconf 79' lang='grc' dir='ltr'>Λειχούδην,</span> 
     </span>
    </p>
   </div>
   <div class='ocr_carea' id='block_1_103' title="bbox 2108 4854 3767 4935">
    <p class='ocr_par' dir='ltr' id='par_1_103' title="bbox 2108 4854 3767 4935">
     <span class='ocr_line' id='line_1_103' title="bbox 2108 4854 3767 4935; baseline -0.002 -22"><span class='ocrx_word' id='word_1_738' title='bbox 2108 4859 2136 4913; x_wconf 97' lang='lat'>6</span> <span class='ocrx_word' id='word_1_739' title='bbox 2186 4858 2624 4935; x_wconf 83' lang='grc' dir='ltr'>πρωτονοτάριος</span> <span class='ocrx_word' id='word_1_740' title='bbox 2672 4863 2769 4913; x_wconf 79' lang='grc' dir='ltr'>τοῦ</span> <span class='ocrx_word' id='word_1_741' title='bbox 2818 4855 3025 4932; x_wconf 72' lang='grc' dir='ltr'>δρόμου</span> <span class='ocrx_word' id='word_1_742' title='bbox 3074 4858 3102 4911; x_wconf 88' lang='lat'>6</span> <span class='ocrx_word' id='word_1_743' title='bbox 3151 4863 3563 4922; x_wconf 81' lang='grc' dir='ltr'>Κωνσταντῑνος,</span> <span class='ocrx_word' id='word_1_744' title='bbox 3613 4857 3641 4911; x_wconf 91' lang='lat'>6</span> <span class='ocrx_word' id='word_1_745' title='bbox 3674 4854 3767 4910; x_wconf 78' lang='grc' dir='ltr'>ἐπὶ</span> 
     </span>
    </p>
   </div>
   <div class='ocr_carea' id='block_1_104' title="bbox 2104 4943 3767 5014">
    <p class='ocr_par' dir='ltr' id='par_1_104' title="bbox 2104 4943 3767 5014">
     <span class='ocr_line' id='line_1_104' title="bbox 2104 4943 3767 5014; baseline -0.002 -11"><span class='ocrx_word' id='word_1_746' title='bbox 2104 4952 2202 5003; x_wconf 79' lang='grc' dir='ltr'>τοῦ</span> <span class='ocrx_word' id='word_1_747' title='bbox 2250 4946 2565 5004; x_wconf 88' lang='grc' dir='ltr'>κανικλείου</span> <span class='ocrx_word' id='word_1_748' title='bbox 2620 4947 2936 5014; x_wconf 85' lang='grc' dir='ltr'>Βασίλειος,</span> <span class='ocrx_word' id='word_1_749' title='bbox 2987 4946 3077 5002; x_wconf 82' lang='grc' dir='ltr'>καὶ</span> <span class='ocrx_word' id='word_1_750' title='bbox 3128 4946 3180 5001; x_wconf 72' lang='grc' dir='ltr'>οἱ</span> <span class='ocrx_word' id='word_1_751' title='bbox 3235 4945 3425 5001; x_wconf 84' lang='grc' dir='ltr'>λοιποὶ</span> <span class='ocrx_word' id='word_1_752' title='bbox 3470 4946 3522 5000; x_wconf 79' lang='grc' dir='ltr'>οὶ</span> <span class='ocrx_word' id='word_1_753' title='bbox 3575 4943 3767 5008; x_wconf 74' lang='grc' dir='ltr'>ἄλλως</span> 
     </span>
    </p>
   </div>
   <div class='ocr_carea' id='block_1_105' title="bbox 2106 5032 3765 5112">
    <p class='ocr_par' dir='ltr' id='par_1_105' title="bbox 2106 5032 3765 5112">
     <span class='ocr_line' id='line_1_105' title="bbox 2106 5032 3765 5112; baseline -0.002 -20"><span class='ocrx_word' id='word_1_754' title='bbox 2106 5038 2252 5109; x_wconf 76' lang='grc' dir='ltr'>αὖτῷ</span> <span class='ocrx_word' id='word_1_755' title='bbox 2315 5035 2826 5112; x_wconf 85' lang='grc' dir='ltr'>προσῳκειωμένοι,</span> <span class='ocrx_word' id='word_1_756' title='bbox 2887 5036 3009 5091; x_wconf 85' lang='grc' dir='ltr'>τίνα</span> <span class='ocrx_word' id='word_1_757' title='bbox 3076 5032 3143 5105; x_wconf 76' lang='grc' dir='ltr'>δὴ</span> <span class='ocrx_word' id='word_1_758' title='bbox 3214 5034 3265 5098; x_wconf 83' lang='grc' dir='ltr'>ἐς</span> <span class='ocrx_word' id='word_1_759' title='bbox 3331 5036 3423 5090; x_wconf 88' lang='grc' dir='ltr'>τὸν</span> <span class='ocrx_word' id='word_1_760' title='bbox 3486 5033 3765 5110; x_wconf 88' lang='grc' dir='ltr'>βασίλειον</span> 
     </span>
    </p>
   </div>
   <div class='ocr_carea' id='block_1_106' title="bbox 2105 5121 3770 5201">
    <p class='ocr_par' dir='ltr' id='par_1_106' title="bbox 2105 5121 3770 5201">
     <span class='ocr_line' id='line_1_106' title="bbox 2105 5121 3770 5201; baseline -0.002 -20"><span class='ocrx_word' id='word_1_761' title='bbox 2105 5123 2486 5201; x_wconf 77' lang='grc' dir='ltr'>καθιδρόσουσι</span> <span class='ocrx_word' id='word_1_762' title='bbox 2530 5126 2741 5201; x_wconf 84' lang='grc' dir='ltr'>θρόνον.</span> <span class='ocrx_word' id='word_1_763' title='bbox 2791 5122 3010 5196; x_wconf 80' lang='grc' dir='ltr'>Ἕδοξεν</span> <span class='ocrx_word' id='word_1_764' title='bbox 3063 5125 3157 5179; x_wconf 80' lang='grc' dir='ltr'>οὗν</span> <span class='ocrx_word' id='word_1_765' title='bbox 3205 5121 3400 5178; x_wconf 81' lang='grc' dir='ltr'>ἅπασιν</span> <span class='ocrx_word' id='word_1_766' title='bbox 3451 5121 3770 5194; x_wconf 76' lang='grc' dir='ltr'>ἐπιτήδειος</span> 
     </span>
    </p>
   </div>
   <div class='ocr_carea' id='block_1_107' title="bbox 2108 5211 3766 5293">
    <p class='ocr_par' dir='ltr' id='par_1_107' title="bbox 2108 5211 3766 5293">
     <span class='ocr_line' id='line_1_107' title="bbox 2108 5211 3766 5293; baseline -0.001 -24"><span class='ocrx_word' id='word_1_767' title='bbox 2108 5214 2185 5277; x_wconf 73' lang='grc' dir='ltr'>εἷς</span> <span class='ocrx_word' id='word_1_768' title='bbox 2215 5220 2377 5270; x_wconf 78' lang='grc' dir='ltr'>τοῦτο</span> <span class='ocrx_word' id='word_1_769' title='bbox 2411 5216 2724 5293; x_wconf 71' lang='grc' dir='ltr'>Νικηφόρος</span> <span class='ocrx_word' id='word_1_770' title='bbox 2765 5216 2794 5270; x_wconf 88' lang='lat'>6</span> <span class='ocrx_word' id='word_1_771' title='bbox 2829 5213 3129 5291; x_wconf 79' lang='grc' dir='ltr'>Πρωτεύων</span> <span class='ocrx_word' id='word_1_772' title='bbox 3180 5216 3315 5288; x_wconf 81' lang='grc'>(43).</span> <span class='ocrx_word' id='word_1_773' title='bbox 3370 5213 3467 5272; x_wconf 84' lang='grc' dir='ltr'>Καὶ</span> <span class='ocrx_word' id='word_1_774' title='bbox 3500 5211 3566 5283; x_wconf 78' lang='grc' dir='ltr'>δὴ</span> <span class='ocrx_word' id='word_1_775' title='bbox 3625 5212 3766 5286; x_wconf 88' lang='grc' dir='ltr'>πέμ-</span> 
     </span>
    </p>
   </div>
   <div class='ocr_carea' id='block_1_108' title="bbox 1529 5383 2571 5444">
    <p class='ocr_par' dir='ltr' id='par_1_108' title="bbox 1529 5383 2571 5444">
     <span class='ocr_line' id='line_1_108' title="bbox 1529 5383 2571 5444; baseline 0.005 -7"><span class='ocrx_word' id='word_1_776' title='bbox 1529 5383 1906 5439; x_wconf 81' lang='lat' dir='ltr'>XYLANDRI</span> <span class='ocrx_word' id='word_1_777' title='bbox 1946 5384 2037 5440; x_wconf 91' lang='lat' dir='ltr'><strong>ET</strong></span> <span class='ocrx_word' id='word_1_778' title='bbox 2075 5385 2296 5444; x_wconf 81' lang='lat' dir='ltr'>GOARI</span> <span class='ocrx_word' id='word_1_779' title='bbox 2336 5385 2571 5442; x_wconf 62' lang='lat' dir='ltr'>NOTAE.</span> 
     </span>
    </p>
   </div>
   <div class='ocr_carea' id='block_1_109' title="bbox 419 5520 2017 5601">
    <p class='ocr_par' dir='ltr' id='par_1_109' title="bbox 419 5520 2017 5601">
     <span class='ocr_line' id='line_1_109' title="bbox 419 5520 2017 5601; baseline 0.003 -21"><span class='ocrx_word' id='word_1_780' title='bbox 419 5525 535 5601; x_wconf 68' lang='grc'>(43)</span> <span class='ocrx_word' id='word_1_781' title='bbox 567 5525 672 5590; x_wconf 84' lang='lat' dir='ltr'>Qui</span> <span class='ocrx_word' id='word_1_782' title='bbox 706 5528 763 5581; x_wconf 89' lang='lat' dir='ltr'>et</span> <span class='ocrx_word' id='word_1_783' title='bbox 796 5523 963 5601; x_wconf 82' lang='grc' dir='ltr'>μέγας</span> <span class='ocrx_word' id='word_1_784' title='bbox 985 5520 1203 5601; x_wconf 61' lang='grc' dir='ltr'>ἀρχων.</span> <span class='ocrx_word' id='word_1_785' title='bbox 1254 5526 1408 5582; x_wconf 85' lang='lat' dir='ltr'>Inter</span> <span class='ocrx_word' id='word_1_786' title='bbox 1438 5522 1707 5601; x_wconf 78' lang='grc' dir='ltr'>ἄρχοντας</span> <span class='ocrx_word' id='word_1_787' title='bbox 1756 5528 1911 5583; x_wconf 88' lang='lat' dir='ltr'>enim</span> <span class='ocrx_word' id='word_1_788' title='bbox 1946 5532 2017 5584; x_wconf 83' lang='lat' dir='ltr'>et‘</span> 
     </span>
    </p>
   </div>
   <div class='ocr_carea' id='block_1_110' title="bbox 350 5598 1998 5672">
    <p class='ocr_par' dir='ltr' id='par_1_110' title="bbox 350 5598 1998 5672">
     <span class='ocr_line' id='line_1_110' title="bbox 350 5598 1998 5672; baseline 0.003 -22"><span class='ocrx_word' id='word_1_789' title='bbox 350 5598 749 5672; x_wconf 75' lang='grc' dir='ltr'>κατάρχοντας,</span> <span class='ocrx_word' id='word_1_790' title='bbox 796 5598 1069 5672; x_wconf 70' lang='lat' dir='ltr'>praesides</span> <span class='ocrx_word' id='word_1_791' title='bbox 1096 5598 1410 5672; x_wconf 46' lang='lat' dir='ltr'>&#39;rectoresq</span> <span class='ocrx_word' id='word_1_792' title='bbox 1424 5598 1492 5653; x_wconf 78' lang='lat' dir='ltr'>ue</span> <span class='ocrx_word' id='word_1_793' title='bbox 1512 5598 1517 5599; x_wconf 49' lang='grc'><strong>“</strong></span> <span class='ocrx_word' id='word_1_794' title='bbox 1534 5598 1908 5672; x_wconf 29' lang='lat' dir='ltr'>‘provinciaru</span> <span class='ocrx_word' id='word_1_795' title='bbox 1922 5618 1998 5669; x_wconf 89' lang='lat' dir='ltr'>m,</span> 
     </span>
    </p>
   </div>
   <div class='ocr_carea' id='block_1_111' title="bbox 351 5668 2000 5747">
    <p class='ocr_par' dir='ltr' id='par_1_111' title="bbox 351 5668 2000 5747">
     <span class='ocr_line' id='line_1_111' title="bbox 351 5668 2000 5747; baseline -0.001 -21"><span class='ocrx_word' id='word_1_796' title='bbox 351 5668 507 5726; x_wconf 88' lang='lat' dir='ltr'>unus</span> <span class='ocrx_word' id='word_1_797' title='bbox 530 5668 830 5742; x_wconf 77' lang='lat' dir='ltr'>quispiam</span> <span class='ocrx_word' id='word_1_798' title='bbox 863 5669 1101 5724; x_wconf 88' lang='lat' dir='ltr'>honoris</span> <span class='ocrx_word' id='word_1_799' title='bbox 1132 5670 1321 5742; x_wconf 82' lang='lat' dir='ltr'>gratia</span> <span class='ocrx_word' id='word_1_800' title='bbox 1356 5668 1651 5745; x_wconf 76' lang='grc' dir='ltr'>πρωτεῦων</span> <span class='ocrx_word' id='word_1_801' title='bbox 1688 5688 1791 5729; x_wconf 90' lang='lat' dir='ltr'>seu</span> <span class='ocrx_word' id='word_1_802' title='bbox 1829 5670 2000 5747; x_wconf 77' lang='grc' dir='ltr'>μέγας</span> 
     </span>
    </p>
   </div>
   <div class='ocr_carea' id='block_1_112' title="bbox 2113 5525 3767 5659">
    <p class='ocr_par' dir='ltr' id='par_1_112' title="bbox 2113 5525 3767 5659">
     <span class='ocr_line' id='line_1_112' title="bbox 2113 5525 3767 5659; baseline 0.003 -77"><span class='ocrx_word' id='word_1_803' title='bbox 2113 5525 2406 5659; x_wconf 60' lang='grc' dir='ltr'>ἅρχωνῦαι)</span> <span class='ocrx_word' id='word_1_804' title='bbox 2436 5530 2792 5604; x_wconf 86' lang='lat' dir='ltr'>imperatore</span> <span class='ocrx_word' id='word_1_805' title='bbox 2814 5532 3160 5605; x_wconf 87' lang='lat' dir='ltr'>designatus</span> <span class='ocrx_word' id='word_1_806' title='bbox 3181 5530 3569 5588; x_wconf 80' lang='lat' dir='ltr'>salutabatur.</span> <span class='ocrx_word' id='word_1_807' title='bbox 3595 5531 3767 5587; x_wconf 72' lang='lat' dir='ltr'>Core~</span> 
     </span>
     <span class='ocr_line' id='line_1_113' title="bbox 2114 5620 2477 5659; baseline 0.006 -2"><span class='ocrx_word' id='word_1_808' title='bbox 2114 5620 2259 5658; x_wconf 84' lang='lat' dir='ltr'>sius.</span> <span class='ocrx_word' id='word_1_809' title='bbox 2346 5620 2477 5659; x_wconf 69' lang='lat' dir='ltr'>om.</span> 
     </span>
    </p>
   </div>
   <div class='ocr_carea' id='block_1_113' title="bbox 2114 5620 2477 5659">
    <p class='ocr_par' dir='ltr' id='par_1_113' title="bbox 2114 5620 2477 5659">
     <span class='ocr_line' id='line_1_114' title="bbox 2114 5620 2477 5659; baseline 0.006 -2"><span class='ocrx_word' id='word_1_810' title='bbox 2114 5620 2259 5658; x_wconf 72' lang='lat'>8108.</span> <span class='ocrx_word' id='word_1_811' title='bbox 2295 5620 2477 5659; x_wconf 77' lang='lat' dir='ltr'>UOAR.</span> 
     </span>
    </p>
   </div>
  </div>
