4164 6398
447 411 554 470 341

1600 413 1964 471 ΗιδτυιιιΑ
1982 411 2144 472 RUM
2194 411 2348 471 CUM
2365 409 2730 470 l’ENDlUM.

3756 395 3878 454 342

453 561 601 595 πεται
656 537 1016 614 ταχυδρόμος
1080 541 1130 595 ὲν
1185 539 1482 616 Βυλγαρίᾳ,
1533 538 1668 610 ἄξων
1732 541 1890 595 αὐτὸν
1967 539 2100 594 ἐκεῖ·

2221 543 2384 608 Quod
2420 541 2501 595 ibi
2558 540 2969 609 compererunt
3026 536 3294 604 Augustis
3353 528 3666 583 Theodorus
3714 524 3872 616 (nam

453 624 754 705 Θενοέτυχε
778 630 879 705 γὰρ
937 629 1062 684 τότε
1110 632 1208 699 τήν
1266 633 1373 698 τῆς
1441 629 1781 704 Βουλγαρῖας
1842 635 2106 704 περιεζω-

449 720 641 792 σμένος
704 720 909 796 ἀρχήν.
945 718 1121 774 ’.Ἀλλὰ
1179 725 1340 774 τοῦτο
1401 719 1623 792 γνόντες
1674 721 1724 773 οἱ
1754 725 1821 792 τῇ
1856 717 2113 795 Θεοδώρᾳ

548 807 800 884 βασιλίδι
835 800 1269 885 ὑπηρετούμενοι
1296 813 1351 879 (ἡ
1386 811 1509 878 Ζωὴ
1542 810 1642 884 γὰρ
1699 807 1805 879 ἤδη
1870 830 2108 882 προκατ-

443 899 671 972 έστρεψε
721 901 821 966 τήν
881 900 1072 970 ζωήν),
1106 898 1136 952 6'
1190 919 1246 953 τε
1293 901 1534 970 Νικῆτας
1568 901 1594 954 6
1626 897 1948 968 Ξυλινίτης,
1983 897 2110 952 Θεό-

444 988 622 1062 δωρος
680 989 768 1042 καὶ
831 986 1122 1056 Μανουὴλ,
1184 985 1424 1062 δρόμωνι
1486 987 1653 1056 αὐτην
1714 982 2108 1060 ἐμϐιϐάσαντες

452 1077 670 1153 ἄγουσιν
708 1077 785 1139 εἷς
817 1078 884 1131 τὰ
910 1082 1006 1130 τοῦ
1071 1077 1310 1152 μεγάλου
1366 1075 1638 1132 παλατίου
1696 1076 1963 1151 ἀνάκτορα
2020 1076 2108 1130 καὶ

449 1165 827 1240 αὐτοκράτορα
908 1166 1316 1240 ἀναγορεύουσι.
1377 1167 1478 1220 Καὶ
1558 1168 1585 1220 6
1668 1167 1761 1238 μὲν
1855 1165 2108 1240 βασιλεὺς

444 1257 733 1310 ἀποθανὼν
791 1255 930 1310 κατὰ
987 1267 1085 1323 την
1152 1259 1343 1310 ια’τοῦ
1385 1254 1716 1330 Ἰανουαρίου
1780 1255 1976 1328 μηνὸς,
2007 1259 2108 1320 τῆς

1558 1168 1585 1220 6
1668 1167 1761 1238 μὲν

2218 634 2326 688 Zoe
2353 633 2471 702 jam
2506 636 2634 684 tum
2661 628 2906 696 obierat)
2928 621 3258 680 administri
3289 620 3524 674 Nicetas
3553 615 3875 687 Xyliniota,

2218 723 2559 777 Theodorus
2592 726 2648 774 et
2683 714 3014 780 Manuelus,
3051 712 3229 767 celoci
3261 726 3389 764 eam
3447 708 3781 777 impositam
3817 703 3874 755 in

2223 813 2420 883 magni
2455 809 2653 882 palatii
2710 807 2928 878 regiam
2979 804 3280 857 deducunt
3309 803 3365 852 et
3416 801 3743 883 Augustam
3776 793 3878 883 de-

2220 881 2467 954 clarant.
2505 895 2924 952 Monomachus
2952 907 3088 962 ergo
3121 905 3250 943 cum
3287 885 3440 940 diem
3490 899 3663 936 suum
3696 881 3878 936 obiis-

2221 994 2328 1053 set,
2362 988 2414 1040 in
2451 985 2758 1057 Manganis
2807 983 3114 1052 magniﬁce
3164 977 3432 1047 sepultus
3473 977 3580 1027 est.
3615 973 3879 1040 Augusta

2220 1083 2412 1132 autem
2451 1076 2610 1130 misit
2648 1074 2744 1146 qui
2803 1073 3210 1126 Proteuontem
3262 1060 3693 1120 Thessalonica
3723 1059 3877 1113 deti-

2221 1171 2465 1221 nerent:
2501 1165 2635 1218 inde
2681 1163 2736 1216 in
2788 1158 3213 1215 monasterium
3260 1150 3476 1208 Cuzeni
3524 1164 3657 1204 eum
3691 1147 3874 1202 abdu-

2223 1261 2365 1312 cunt
2394 1257 2451 1311 in
2483 1253 2828 1319 Thracensi,
2861 1257 3034 1322 atque
3065 1267 3131 1305 eo
3163 1248 3443 1318 relegant.

439 1353 488 1415 η’
551 1344 1040 1413 ἶνδικτιῶνος,τοῦ
1096 1346 1263 1422 ,ςφξγν
1325 1342 1499 1412 ἔτους,
1535 1344 1586 1400 ἐν
1621 1350 1740 1408 τοῖς
1774 1345 2083 1419 Μαγγάνοις
2121 1351 2297 1423 ταφῆς
2361 1342 2522 1419 ἔτυχε
2578 1350 2676 1412 τῆς
2734 1339 3033 1415 τυχούσης,
3072 1337 3123 1392 οἳ
3176 1335 3231 1390 δὲ
3279 1332 3400 1408 περὶ
3457 1331 3556 1398 τὴν
3622 1323 3877 1402 βασιλίδα

435 1435 754 1508 πέμψαντες
811 1433 1046 1510 ἐπέσχον
1112 1435 1201 1488 τὸν
1265 1435 1620 1510 Πρωτεύοντα
1680 1434 1731 1488 ἐν
1792 1432 2186 1508 Θεσσαλονίκῃ,
2217 1435 2460 1488 κάκεῖθεν
2518 1430 2811 1507 ἀπάγουσιν
2847 1427 2920 1489 εἷς
2949 1427 3012 1481 τὸ
3051 1426 3354 1499 Θρᾳκήσιον
3389 1420 3440 1476 ἐν
3472 1423 3540 1492 τῇ
3577 1419 3718 1490 μονῇ
3777 1419 3874 1470 τοῦ

437 1529 750 1594 Κουζηνοῦ,
781 1525 998 1578 κάκεῖσε
1031 1523 1426 1598 περιορίζουσι.

510 1634 622 1701 Τἢν
656 1633 994 1707 προγονικὴν
1030 1631 1088 1686 δὲ
1117 1627 1516 1707 παραλαϐοῦσα
1559 1631 1838 1706 βασιλείαν
1887 1634 1921 1700 ἡ
1976 1639 2105 1686 Θεο-

435 1724 596 1796 δώρα
655 1724 812 1788 εὐθὺς
879 1725 972 1796 μὶν
1028 1726 1232 1796 μέτεισι
1290 1724 1418 1787 τοὺς
1469 1723 1584 1778 ὅσοι
1642 1724 1955 1798 βασιλεῦσαι
2013 1724 2106 1777 τὸν

435 1814 812 1890 Ηρωτεύοντα
869 1808 1282 1884 ἐϐουλεύσαντο,
1346 1817 1453 1867 τῶν
1516 1813 1870 1887 ὑπαρχόντων
1931 1812 2110 1886 ψιλώ-

2288 1633 2594 1688 Tbeodora
2625 1633 2778 1687 avito
2833 1627 3076 1701 imperio
3127 1624 3310 1697 potita
3341 1620 3538 1677 statim
3591 1634 3690 1674 eos
3723 1615 3870 1671 ulci-

2217 1723 2402 1776 scitur
2431 1722 2529 1792 qui
2560 1721 2870 1793 imperium
2923 1720 2982 1772 in
3033 1717 3180 1772 6|]
3235 1711 3625 1782 Nicephorum
3670 1704 3868 1760 volue-

2215 1818 2345 1866 rant
2376 1813 2712 1873 transferre,
2773 1809 3024 1865 fortunis
3073 1823 3172 1861 eos
3218 1804 3343 1859 suis
3378 1799 3638 1856 multans
3691 1801 3747 1851 et
3778 1813 3865 1850 re-

435 1925 581 1958 σασα
637 1904 730 1958 καὶ
767 1903 1150 1978 ὑπερορίσασα.
1187 1897 1516 1978 Προϐιϐἀζει
1575 1900 1631 1956 δὲ
1686 1902 1772 1956 καὶ
1832 1900 1960 1962 τοὺς
2017 1900 2100 1955 εύ-

2217 1901 2436 1971 legans.
2464 1899 2761 1956 Eunuchis
2781 1904 2974 1954 autem
2997 1897 3120 1952 suis
3139 1891 3461 1966 praecipuos
3487 1886 3868 1958 magistratus

434 1993 677 2068 νούχους
738 1991 905 2060 αὐτῆς
993 1993 1226 2053 ἅπαντας
1295 1990 1371 2052 εἷς
1444 1991 1538 2052 τὰς
1590 1992 1843 2064 μεγίστας
1903 1990 2100 2066 ἀρχὰς,

440 2081 765 2152 δομέστικον
802 2081 900 2154 μὲν
936 2085 1044 2134 τῶν
1075 2079 1295 2156 σχολῶν
1327 2087 1427 2149 τῆς
1459 2079 1761 2149 Ἀνατολής
1815 2080 1908 2134 τὸν
1967 2080 2102 2134 Θεό-

449 2169 619 2245 δωρον
667 2165 1091 2244 προϐαλομένη,
1125 2169 1213 2224 καὶ
1274 2169 1351 2231 εἷς
1410 2170 1511 2238 τὴν
1565 2169 1736 2241 Ἑῴαν
1784 2167 2103 2242 ἐκπέμψασα

457 2259 538 2336 ἐφ’
569 2260 726 2330 ᾦτᾶς
756 2255 1035 2333 ἐκδρομὰς
1086 2262 1192 2313 τῶν
1248 2257 1504 2332 Τούρκων
1562 2256 1818 2324 κωλύειν,
1847 2259 1938 2312 τὸν
1997 2260 2100 2330 μά-

463 2369 677 2422 γιστρον
726 2349 992 2405 Ἰσαάκιον
1049 2348 1138 2402 τὸν
1202 2347 1483 2420 Κομνηνὸν
1547 2349 1948 2420 μετακινήσασα
2002 2355 2101 2416 τῆς

452 2435 1207 2513 στρατοπεδαρχίας.Ἕτυχε
1263 2436 1363 2512 γὰρ
1424 2437 1451 2490 6
1511 2437 1850 2512 Μονομάχος
1909 2434 2102 2491 διαπε-

449 2527 829 2601 ραιωσάμενος
873 2527 1047 2588 πάσας
1081 2524 1130 2580 ἰν
1163 2526 1309 2597 Ἑῴᾳ
1360 2526 1456 2586 τὰς
1508 2523 1881 2587 Μακεδονικὰς
1941 2523 2102 2580 δυνά-

448 2637 590 2687 μεις,
654 2614 944 2691 ἀρχηγοὺς
1013 2614 1248 2690 έχούσας
1334 2615 1570 2678 ἅπαντας
1638 2611 1968 2682 Μακεδόνας,
2027 2614 2100 2669 ὧν

445 2706 522 2765 εἷς
584 2705 652 2772 ἦν
713 2704 802 2758 καὶ
859 2705 887 2758 6
931 2705 1248 2778 Βρυέννιος·
1300 2701 1516 2779 ὶφὲρετο
1573 2705 1670 2777 γὰρ
1733 2703 1783 2758 έν
1833 2703 2102 2778 Τούρκοις

444 2791 721 2868 λόγοςὼς
776 2791 860 2862 εἶή
894 2797 1253 2867 πεπρωμένον
1311 2800 1748 2870 καταστραφῆναι
1805 2793 1866 2847 τὸ
1925 2793 2103 2869 Τούρ-

435 2903 551 2936 κων
608 2882 770 2955 γένος
823 2883 924 2936 ὑπὸ
957 2881 1214 2951 τοιαύτης
1245 2879 1524 2953 δυνάμεως
1559 2881 1750 2936 ὁποίαν
1785 2883 1812 2936 ὁ
1843 2880 2102 2937 Μακεδὼν

437 2967 814 3041 Ἀλέξανδρος
845 2965 988 3045 ἔχων
1047 2970 1444 3046 κατεστρέψατο
1475 2972 1704 3044 Πέρσας.
1761 2967 2103 3045 Προεϐάλετο

443 3057 503 3114 δὲ
562 3059 657 3113 καὶ
720 3056 1018 3134 λογοθέτην
1069 3064 1167 3115 τοῦ
1226 3057 1436 3136 δρόμου
1510 3061 1602 3115 τὸν
1680 3062 1942 3130 Νικήταν,
2012 3061 2099 3115 καὶ

442 3146 818 3223 δρουγγάριον
877 3155 976 3217 τῆς
1040 3146 1230 3224 βίγλας
1316 3150 1408 3203 τὸν
1484 3145 1771 3218 Μανουήλ.
1828 3152 1908 3222 [Ρ.
1977 3152 2103 3222 792]

2211 1992 2605 2046 commendat.
2645 1987 3037 2046 Domesticum
3066 1983 3320 2041 Orientis
3353 1977 3685 2036 scholarum
3711 1984 3871 2029 creat

2212 2081 2612 2145 Theodorum,
2638 2084 2695 2135 et
2739 2079 2798 2134 in
2839 2078 3136 2134 Orientem
3189 2074 3259 2128 ad
3291 2068 3688 2141 grassationes
3717 2067 3856 2120 Tur-

2213 2187 2414 2225 corum
2474 2169 2832 2225 cohibendas
2885 2166 3087 2235 mittit,
3139 2164 3482 2236 praefectura
3537 2161 3862 2212 castrorum

2214 2266 2486 2334 adempta
2527 2263 2810 2334 magistro
2856 2260 3076 2316 Isaacio
3125 2257 3441 2312 Comneno.
3477 2248 3702 2306 Etenim
3736 2248 3861 2303 Mo-

2213 2353 2538 2409 nomacbus
2561 2369 2768 2408 omnes
2783 2348 3184 2405 Macedonicas
3205 2345 3464 2416 legiones
3486 2341 3542 2396 in
3567 2339 3861 2395 Orientem

2211 2443 2539 2511 trajecerat,
2574 2440 2825 2495 ducibus
2863 2437 3140 2492 omnibus
3192 2430 3630 2492 Macedonibus,
3662 2443 3692 2481 θ
3724 2427 3858 2497 qui-

2215 2531 2326 2585 bus
2385 2529 2493 2584 fuit
2550 2530 2728 2584 etiam
2803 2526 3166 2599 Bryennius:
3229 2537 3360 2576 nam
3429 2519 3580 2572 inter
3634 2517 3858 2571 Turcos

2215 2621 2509 2675 ferebatur
2566 2635 2767 2673 rumor
2810 2633 2938 2672 esse
2997 2616 3055 2669 in
3109 2613 3262 2675 fatis,
3316 2614 3378 2664 ut
3433 2624 3577 2679 gens
3617 2605 3861 2661 Turcica

2215 2727 2246 2762 a
2277 2707 2376 2762 tali
2421 2708 2790 2779 opprimatur
2837 2704 3093 2759 exercitu
3145 2698 3304 2771 quali
3350 2713 3495 2752 usus
3547 2694 3864 2750 Alexander

2215 2797 2450 2852 Macedo
2483 2801 2690 2852 Persas
2722 2795 2976 2866 subegit.
3019 2792 3232 2847 Eadem
3268 2786 3457 2843 dromi
3509 2783 3864 2853 logothetam

2219 2887 2349 2940 fecit
2391 2887 2675 2948 Nicetam,
2707 2889 2763 2940 et
2814 2881 3199 2952 drungarium
3252 2875 3463 2948 vigilias
3505 2870 3864 2928 Manuelum.

2215 2980 2282 3030 Et
2305 2977 2379 3030 ob
2410 2976 2492 3030 rei
2517 2973 2828 3046 republica;
2851 2968 3333 3027 administrandae
3369 2961 3634 3036 peritiam
3664 2961 3869 3015 ascivit
3915 3039 3922 3046 ⁷

2219 3066 2461 3120 Leonem
2507 3061 3091 3134 Strabospondylum,
3124 3058 3222 3126 qui
3275 3055 3412 3110 olim
3446 3049 3722 3106 Michaelo
3755 3049 3865 3103 im-

2218 3154 2464 3224 peratori
2503 3153 2769 3208 minister
2801 3152 3006 3204 fuerat.
3041 3151 3109 3201 At
3144 3143 3465 3217 Bryennius
3493 3135 3862 3195 Monomachi

436 3231 828 3311 ιιροσελάϐετο
861 3233 916 3291 δὲ
947 3235 1036 3291 διὰ
1055 3235 1412 3313 πολυπειρίαν
1442 3237 1518 3299 εἷς
1565 3238 1627 3292 τὸ
1682 3240 1750 3292 τὰ
1777 3239 1932 3291 κοινὰ
1959 3235 2098 3291 διοι-

2217 3245 2422 3299 mortis
2455 3243 2659 3297 nuntio
2692 3245 2948 3311 accepto,
2981 3254 3112 3292 cum
3165 3232 3582 3290 Macedonibus
3613 3229 3860 3300 Chryso‘

433 3333 551 3382 κεῖν
600 3327 695 3380 τὸν
747 3323 1051 3400 σύγκελλον
1104 3324 1313 3381 Λέοντα
1361 3327 1450 3380 τὸν
1510 3325 1808 3400 λεγόμενον
1857 3321 2098 3400 Στραϐοο

439 3412 782 3483 σπόνδυλον,
813 3415 908 3469 τὸν
940 3413 1109 3469 πάλαι
1140 3419 1219 3487 τῷ
1264 3412 1480 3490 βασιλεῖ
1537 3413 1774 3490 Μιχαὴλ
1821 3415 2098 3490 ὑπουργή-

439 3527 631 3562 σαντα.
675 3504 775 3558 Καὶ
827 3504 894 3558 τὰ
947 3503 1040 3576 μὶν
1085 3511 1185 3574 τῆς
1241 3503 1458 3566 πόλεως
1515 3503 1732 3580 ἐφέρετο
1778 3502 1932 3578 τῇδε,
1966 3506 1993 3559 ὁ
2043 3502 2100 3559 δὲ

448 3599 736 3669 Βρυέννιος
794 3595 889 3649 τὸν
974 3599 1070 3648 τοῦ
1157 3593 1428 3669 βασιλέως
1485 3595 1788 3657 ἐνωτισθεῖς
1849 3598 2097 3669 θάνατον,

452 3684 577 3759 ἄρας
611 3685 748 3757 μετὰ
794 3689 900 3738 τῶν
958 3680 1308 3749 Μακεδόνων,
1361 3684 1598 3738 κάτεισιν
1658 3683 1710 3738 ἐν
1784 3685 2097 3754 Χρυσουπό-

440 3774 544 3830 λει.
577 3775 675 3828 Καὶ
705 3777 900 3828 τοῦτον
939 3772 1032 3846 μὶν
1077 3774 1112 3841 ἡ
1173 3771 1416 3847 βασιλὶς,
1449 3773 1532 3828 ὅτι
1593 3773 1937 3836 ἀσυντάκτως
1992 3777 2095 3830 ὑπ-

427 3866 710 3938 εχώρησε,
759 3865 1110 3937 κατασχοῦσα
1161 3858 1390 3934 δημεύει
1451 3860 1544 3916 καὶ
1605 3861 1680 3924 εἷς
1735 3863 1952 3946 ’ἐξορίαν
2007 3862 2098 3918 ἐκ-

2215 3331 2370 3402 polin
2408 3331 2697 3402 profectus
2725 3335 2832 3384 est.
2885 3331 3061 3394 Quem
3103 3327 3387 3394 Augusta,
3421 3319 3575 3391 quod
3625 3318 3857 3388 injussu

2207 3421 2396 3492 ipsius
2427 3419 2817 3483 discessisset,
2852 3423 3088 3486 captum
3140 3410 3522 3468 facultatibus
3567 3407 3692 3462 suis
3723 3422 3856 3476 spo-

2212 3510 2368 3565 liavit
2398 3515 2453 3563 et
2502 3508 2808 3579 relegavit:
2869 3505 3102 3566 milites,
3134 3503 3289 3556 unde
3337 3502 3634 3562 venerant,
3669 3495 3857 3550 redire

2204 3602 2404 3670 jussit.
2435 3599 2581 3654 Cum
2617 3617 2753 3670 ergo
2788 3604 2965 3653 totam
3003 3595 3378 3650 indictionem
3412 3607 3650 3655 nonam,
3684 3588 3739 3642 id
3770 3592 3860 3642 cst

2208 3707 2427 3743 annum
2467 3689 2669 3744 mundi
2703 3689 2842 3743 6565
2895 3688 3134 3740 vixisset
3176 3683 3330 3738 θη
3387 3681 3714 3742 Theodora,
3747 3677 3858 3732 sub

2207 3781 2424 3834 exitum
2462 3780 2705 3850 Augusti
2762 3777 2980 3833 mensis
3029 3775 3295 3847 ejusdem
3345 3771 3484 3826 anni
3541 3768 3733 3826 tenuis
3767 3767 3860 3821 in—

2207 3868 2409 3922 testini
2438 3870 2637 3923 morbo
2671 3871 2876 3922 necata
2904 3870 3012 3920 est.

439 3953 666 4024 πέμπει,
710 3953 800 4006 τὸν
869 3948 926 4005 δὲ
1001 3948 1131 4005 λαὸν
1218 3951 1553 4024 ὑποστρέψαι
1623 3951 1698 4013 εἰς
1735 3940 2019 4007 ’τούπίσω
2070 3954 2484 4029 παρασκευάζει,
2545 3953 2723 4026 Ὅλην
2782 3952 2873 4008 οὖν
2930 3954 3030 4020 τήν
3085 3953 3126 4014 θ’
3185 3947 3500 4004 ἷνδικτιῶνα
3553 3948 3650 3999 τοῦ
3708 3940 3859 4019 ,ςφξδ

450 4038 608 4100 ἔτους
652 4041 952 4115 βιώσασαὴ
1021 4036 1259 4115 βασιλὶς,
1291 4039 1381 4094 καὶ
1414 4039 1634 4115 περὶτὰ
1656 4037 1788 4111 τέλη
1845 4043 1941 4096 τοῦ
1998 4041 2311 4120 Αὐγούστου
2366 4045 2540 4117 μηνὸς
2597 4048 2697 4110 τῆς
2750 4042 2916 4108 αὐτῆς
2978 4038 3314 4100 ἷνδικτιῶνος
3369 4033 3532 4108 εἱλεῷ
3589 4034 3858 4104 νοσήματι

447 4134 798 4202 περιπεσοῦσα
829 4129 1086 4184 ἀπέθανεν
1097 4172 1108 4184 .

510 4238 570 4290 Οἱ
603 4235 658 4292 δὲ
693 4237 895 4307 ταύτης
938 4236 1198 4311 εὐνοῦχοι
1259 4235 1350 4290 σὺν
1410 4240 1490 4308 τῷ
1551 4236 1840 4311 συγκέλλῳ
1900 4240 2090 4294 Λέοντι

432 4321 855 4395 ἀναϐιϐάζουσιν
890 4325 968 4386 είς
998 4325 1090 4379 τὸν
1122 4331 1222 4394 τῆς
1268 4322 1551 4399 βασιλίδος
1611 4325 1827 4397 θρόνον,
1858 4323 1935 4381 ἔτι
1991 4331 2092 4399 ψυ-

429 4414 829 4492 χορῥαγούσης
861 4412 1097 4483 ἐκείνης.
1145 4412 1379 4488 Μιχαὴλ
1437 4414 1720 4488 πατρίκιον
1773 4417 1862 4470 τὸν
1920 4423 2091 4492 Στρα-

427 4505 715 4571 τιωτικὸν,
776 4501 1063 4577 ἄνθρωπον
1120 4500 1180 4556 ἐκ
1239 4503 1530 4571 Βυζαντίου
1593 4504 1686 4574 μὲν
1743 4505 2093 4579 ὁρμώμενον,

428 4594 611 4672 ἀφελῆ
675 4591 734 4647 δὲ
791 4593 881 4647 καὶ
925 4589 1218 4646 ἀποίκιλον
1250 4592 1339 4645 καὶ
1377 4590 1566 4664 μόνοις
1594 4599 1714 4654 τοῖς
1775 4615 2094 4666 στρατιωτι-

2273 4242 2537 4297 Eunuchi
2573 4248 2764 4297 autem
2800 4241 2989 4312 ipsius
3027 4244 3086 4294 et
3119 4245 3224 4294 Leo
3257 4234 3550 4310 syncellus
3599 4234 3858 4304 impera-

2201 4335 2384 4385 torem
2420 4331 2737 4396 declarant,
2785 4330 2914 4401 ipsa
2951 4331 3278 4385 etiamnum
3331 4327 3590 4381 animam
3622 4327 3854 4394 agente,

2206 4418 2554 4474 Michaelum
2581 4418 3317 4483 Stratioticum,hominem
3341 4412 3597 4487 Byzantii
3615 4417 3846 4474 natum,

2206 4507 2536 4579 simplicem
2588 4514 2762 4580 atque
2811 4508 3156 4576 innocuum,
3190 4513 3247 4560 et
3292 4523 3323 4559 a
3382 4520 3562 4575 puero
3593 4501 3655 4556 in
3686 4499 3854 4554 bellis

2207 4601 2436 4650 tantum
2461 4602 2782 4665 versatum,
2808 4595 3151 4666 nulliusque
3181 4598 3458 4666 praeterea
3481 4590 3559 4646 rei
3583 4604 3855 4661 gnarum,

432 4690 558 4745 κοῖς
585 4683 648 4737 ἐκ
676 4679 886 4736 παίδων
919 4679 1382 4755 ἀπασχοληθέντα
1410 4680 1500 4735 καὶ
1531 4681 1698 4736 πλέον
1732 4681 1872 4738 ἄλλο
1923 4680 2100 4738 εἰδότα

2217 4685 2448 4755 iamque
2507 4690 2672 4740 (etate
2729 4686 2800 4740 ad
2833 4689 3128 4740 senectam
3192 4687 3477 4754 provecta,
3524 4679 3617 4734 cui
3670 4679 3855 4732 otium

439 4770 640 4844 μηδὶν,
700 4771 788 4824 καὶ
842 4767 948 4840 ἤδη
1011 4762 1374 4843 παρηϐηκότα
1429 4771 1518 4824 καὶ
1573 4777 1673 4838 τῆς
1729 4767 2094 4846 πρεσϐυτικῆς

430 4865 718 4936 ἁψάμενον
779 4860 1020 4932 ἡλικίας,
1078 4861 1224 4932 ᾗτινι
1285 4862 1577 4940 συμφέρειν
1634 4865 1734 4932 τὴν
1812 4865 2095 4940 ἀπραγμο-

431 4953 606 5020 σύνην
639 4949 982 5026 ’Δρχίλοχος
1039 4951 1067 5004 6
1121 4951 1360 5019 ποιητὴς
1417 4950 1750 5022 ἀπεφήνατο.
1812 4958 1984 5009 Τοῦτο
2041 4950 2098 5008 δὲ

432 5044 829 5111 πεποιήκασιν,
857 5038 951 5094 ἵνα
974 5042 1172 5114 σχῆμα
1204 5039 1367 5111 μόνον
1414 5042 1502 5095 καὶ
1554 5038 1728 5115 ὄνομα
1778 5043 1936 5106 αὐτὸς
1995 5040 2098 5118 ἔχῃ

434 5139 541 5200 τῆς
579 5128 886 5206 βασιλείας,
917 5128 1070 5183 αὐτοὶ
1105 5125 1162 5182 δὶ
1195 5125 1504 5205 διεξάγωσιν
1564 5132 1637 5194 ὡς
1695 5131 1984 5206 βούλονται
2034 5131 2100 5186 τὰ

435 5222 601 5279 κοινὰ
651 5219 741 5274 καὶ
787 5219 1000 5274 πάντων
1057 5216 1373 5292 τυγχάνωσι
1417 5219 1620 5296 κύριοι,
1680 5220 2098 5295 ἐπομοσαμένου

436 5311 708 5385 πρότερον
736 5307 826 5363 καὶ
860 5305 1026 5362 αὐτοῦ
1055 5302 1222 5378 μηδέν
1255 5329 1306 5362 τι
1353 5309 1550 5384 πρᾶξαί
1608 5331 1740 5366 ποτε
1793 5319 1896 5381 τῆς
1955 5310 2098 5366 ἰκεί-

434 5424 546 5457 νων
578 5399 711 5474 δίχα
732 5397 961 5474 γνώμης
993 5415 1051 5450 τε
1089 5395 1182 5450 καὶ
1217 5395 1514 5468 θελήσεως.

518 5487 945 5565 Ἀναρῥηθέντος
979 5481 1037 5538 δὲ
1085 5489 1180 5539 τοῦ
1231 5486 1460 5561 Μιχαὴλ
1507 5488 1906 5565 αὐτοκράτορος
1964 5491 2100 5544 κατὰ

441 5583 540 5650 τὴν
600 5579 681 5636 λα’
712 5576 927 5650 ἡμέραν
985 5576 1082 5627 τοῦ
1111 5571 1457 5650 ,Αὐγούστου
1502 5579 1693 5649 μηνὸς,
1725 5585 1825 5647 τῆς
1856 5589 1882 5641 θ
1927 5577 2100 5632 ἐπινε-

440 5672 678 5744 μήσεως,
713 5661 1009 5722 Θεοδόσιος
1058 5658 1324 5737 πρόεδρος
1363 5665 1391 5719 6
1423 5670 1521 5720 τοῦ
1570 5663 1954 5745 πατραδέλφου
2001 5671 2100 5722 τοῦ

431 5761 710 5843 βασιλέως
762 5750 1179 5813 Κωνσυιαντίνου
1221 5755 1317 5808 τοῦ
1363 5758 1706 5832 Μονομάχου
1753 5755 1892 5830 υἱὸς,
1935 5756 2100 5812 πυθό-

2209 4774 2426 4846 optime
2501 4791 2821 4846 congruere
2893 4772 3235 4827 Archilocus
3311 4765 3730 4840 pronuntiavit.
3795 4766 3854 4818 Id

2207 4867 2402 4917 autem
2437 4879 2502 4917 eo
2533 4863 2775 4918 consilio
2827 4864 3106 4930 fecerunt,
3139 4865 3204 4913 ut
3251 4857 3351 4913 illo
3395 4871 3606 4910 nomen
3637 4859 3691 4908 et
3722 4869 3854 4924 spc-

2208 4951 2351 5006 ciem
2386 4951 2617 5023 imperii
2659 4957 2895 5022 gerente
2934 4951 3058 5021 ipse
3107 4966 3214 5004 suo
3244 4948 3528 5002 arbitratu
3579 4960 3701 4998 rem
3745 4961 3854 5013 pu-

2209 5042 2419 5099 bllcam
2452 5043 2936 5099 administrarent
2965 5040 3348 5110 omniumque
3382 5039 3720 5109 potestatem
3756 5049 3852 5104 pe-

2210 5149 2312 5187 nes
2345 5149 2407 5188 se
2439 5133 2741 5199 baberent,
2790 5133 2989 5203 jurato
3036 5132 3196 5202 prius
3250 5132 3359 5184 isto
3420 5124 3565 5181 nihil
3617 5140 3678 5179 se
3709 5123 3853 5195 ipsis

2210 5221 2422 5276 nesciis
2455 5227 2553 5276 aut
2582 5221 2918 5277 nolentibus
2949 5226 3238 5276 acturum.

2281 5492 2617 5548 Declaratus
2661 5497 2749 5545 est
2782 5488 3100 5545 Michaelus
3149 5488 3468 5556 imperator
3508 5480 3715 5536 ultima
3743 5482 3860 5534 Au-

2211 5581 2368 5652 gusti
2420 5581 2536 5647 die,
2597 5578 2919 5635 indictione
2967 5593 3141 5630 nona.
3197 5575 3356 5638 Quod
3419 5572 3518 5627 ubi
3577 5569 3864 5640 comperit

2213 5670 2582 5726 Theodosius
2642 5684 2896 5741 praeses,
2959 5670 3168 5738 patruo
3241 5659 3609 5718 Monomachi
3665 5660 3863 5723 natus,

2215 5759 2519 5833 egerrime
2576 5757 2730 5815 tulit.
2791 5757 2861 5812 Et
2940 5773 3057 5812 non
3115 5753 3483 5812 considerata
3539 5748 3620 5806 rei
3685 5758 3864 5818 quam
