4164 6388
376 414 497 477 343

1713 410 2029 473 GEORGII
2077 411 2419 474 CEDRENI

3679 406 3798 465 3M

382 543 834 618 aggrediebatur
864 543 1234 613 difﬁcultate,
1258 546 1315 600 et
1345 541 1404 599 in
1428 547 1720 616 quantum
1744 561 1806 599 se
1837 543 2031 617 ipsum

2154 564 2313 617 μενος
2340 544 2438 612 τήν
2480 540 2775 620 ἀνάρρησιν
2818 539 2908 596 καί
2953 538 3370 609 δεινοπαθήσας,
3400 537 3489 594 καὶ
3542 538 3620 610 μὴ
3672 538 3798 613 βου’

382 633 701 690 discrimen
735 634 1075 702 adduceret,
1103 631 1363 687 collectis
1393 633 1583 686 vernis
1615 633 1740 687 suis
1774 640 1830 688 et
1858 634 2041 689 servis

385 726 563 794 atque
622 719 932 786 ministris,
998 718 1315 789 multisque
1365 719 1537 774 etiam
1599 720 1924 775 vicinorum
1987 727 2044 775 et

386 812 789 878 familiarium,
823 813 922 883 qui
972 813 1170 867 animo
1226 816 1394 866 erant
1453 811 1675 878 leviori,
1711 813 2042 883 vespertino

386 901 733 974 crepusculo
787 903 859 956 ab
918 902 1141 956 aedibus
1201 900 1327 956 suis
1387 902 1487 972 (ea:
1545 909 1713 956 erant
1765 902 1919 956 618
1969 902 2041 956 ad

388 990 863 1060 Leomacellium,
897 989 1050 1062 quod
1098 988 1293 1060 populi
1345 988 1650 1045 macellum
1702 989 1837 1044 licet
1868 992 2042 1044 inter-

391 1078 626 1152 pretari)
687 1095 789 1151 per
860 1077 1079 1149 plateas
1141 1077 1418 1149 palatium
1482 1095 1687 1134 versus
1742 1079 2043 1149 processit,

389 1167 714 1222 vociferans
771 1171 1093 1221 extremam
1156 1166 1268 1222 sibi
1330 1167 1609 1238 injuriam
1669 1168 1813 1235 ﬁeri,
1857 1169 2046 1239 deque

388 1273 455 1311 ea
485 1254 673 1310 obviis
728 1254 1085 1327 quibusdam
1138 1264 1525 1327 conquestus,
1558 1258 1708 1328 quod
1761 1258 1870 1312 sibi
1905 1275 2046 1312 san-

390 1343 567 1416 guine
598 1344 941 1399 defunctum
977 1344 1391 1414 imperatorem
1440 1347 1701 1416 proxime
1732 1346 2042 1417 attingenti

393 1432 706 1505 imperium
739 1432 1095 1487 haereditatis
1120 1434 1254 1502 jure
1285 1434 1354 1488 ad
1388 1451 1449 1488 se
1486 1433 1826 1490 devolutum
1858 1435 2043 1507 eripe-

392 1527 572 1577 retur.
631 1525 774 1575 Cum
832 1522 902 1575 ad
955 1522 1295 1593 prwtorium
1354 1523 1733 1594 pervenisset,
1768 1526 2048 1580 custodia

394 1610 688 1683 perruptis
722 1611 907 1681 portis
939 1612 1199 1681 captivos
1239 1611 1457 1677 emisit,
1490 1629 1736 1684 sperans
1768 1614 2046 1668 nimirum

391 1716 594 1755 eorum
627 1697 844 1753 auxilio
861 1716 924 1754 se
946 1698 1170 1771 aliquid
1195 1700 1455 1772 praeclari
1480 1701 2045 1757 ell‘ecturudeem-

392 1804 506 1860 que
537 1789 594 1843 in
625 1787 838 1843 Chalce
880 1789 1031 1844 fecit.
1081 1789 1343 1845 Eunuchi
1396 1789 1454 1845 in
1489 1790 1704 1863 palatio
1742 1792 2046 1847 seditione

393 1876 746 1932 annuntiata
776 1875 1040 1933 celeriter
1094 1878 1290 1948 palatii
1334 1881 1610 1934 custodes
1658 1879 1878 1935 milites
1910 1897 2044 1935 cum

395 1966 688 2021 Romanos
759 1970 886 2021 tum
962 1965 1263 2039 Barangos
1339 1969 1735 2024 mereenarios
1791 1976 2045 2025 armant.

401 2054 534 2110 Mox
562 2054 736 2111 etiam
768 2055 1099 2110 triremium
1132 2056 1645 2127 imperatoriarum
1681 2059 1930 2113 ministri
1963 2058 2046 2111 in-

398 2148 734 2214 struuntur,
765 2142 1182 2217 colligiturque
1210 2145 1290 2200 ita
1313 2162 1523 2217 agmen
1557 2145 1710 2201 haud
1746 2149 2044 2218 exiguum,

312 2270 315 2273 λ
398 2233 557 2304 quod
606 2236 812 2287 contra
856 2232 1249 2288 Theodosium
1300 2236 1653 2290 mitteretur.
1691 2236 1746 2291 ls
1794 2236 1892 2291 ubi
1939 2236 2046 2290 hoc

398 2321 678 2393 percepit,
710 2321 935 2377 omissa
962 2322 1032 2376 ad
1068 2322 1352 2393 palatium
1390 2325 1480 2379 via
1510 2324 1580 2379 ad
1634 2324 1910 2396 Magnum
1944 2324 2042 2379 Dei

389 2410 701 2482 Templum
735 2409 1009 2481 deﬂectit,
1043 2428 1289 2483 sperans
1321 2429 1383 2468 se
1416 2430 1482 2468 eo
1514 2414 1844 2484 ingressum
1881 2431 1914 2467 a
1946 2430 2045 2484 pa-

391 2498 649 2554 triarcha
677 2503 734 2554 et
764 2499 916 2554 clero
937 2505 1243 2572 acceptum
1273 2502 1780 2573 iri.plurimosque
1806 2520 2042 2558 concur-

391 2604 565 2643 suros
597 2588 695 2659 qui
729 2588 924 2659 ipsum
975 2588 1391 2661 imperatorem
1443 2591 1794 2646 salutarent.
1829 2592 2043 2646 Verum

391 2676 442 2732 ei
477 2676 648 2747 plane
678 2674 976 2732 diversum
998 2680 1227 2733 evenit:
1264 2695 1397 2733 nam
1424 2679 1673 2734 venienti
1710 2679 2045 2751 patriarcha

391 2769 450 2820 et
478 2763 671 2821 clerus
703 2764 907 2836 templi
941 2766 1092 2822 fores
1135 2766 1529 2823 obdideruntt
1581 2785 1771 2839 neque
1801 2771 2047 2825 aderant

392 2853 627 2924 uspiam
655 2854 695 2907 ii
727 2853 828 2925 qui
859 2855 932 2909 ad
965 2854 1107 2912 tales
1139 2873 1230 2912 res
1276 2862 1475 2928 utpote
1506 2858 1650 2928 ipsis
1679 2864 1875 2929 gratas
1906 2875 2041 2915 con-

282 3005 292 3017 .
391 2957 625 2997 currere
682 2941 993 3013 solebant;
1050 2951 1108 2999 et
1164 2944 1262 3016 qui
1320 2946 1516 3018 ipsum
1576 2964 1642 3001 eo
1700 2964 1887 3017 usque
1942 2965 2043 3004 co-

393 3031 581 3085 mitati
604 3031 761 3086 614
794 3032 1045 3101 fuerant,
1083 3033 1324 3089 missum
1372 3040 1574 3090 contra
1606 3036 1673 3090 iri
1723 3038 2041 3092 exercitum

391 3118 717 3185 audientes,
753 3120 1039 3190 paulatim
1073 3120 1281 3193 dilapsi
1315 3128 1474 3178 sunt.
1515 3124 1774 3180 Tandem
1808 3128 1881 3181 ab
1912 3145 2035 3181 om-

389 3210 568 3263 nibus
597 3208 887 3279 desertus,
940 3212 1294 3267 miserabilis
1347 3213 1597 3284 supplex
1646 3231 1781 3269 cum
1816 3216 1934 3272 lilio
1968 3218 2038 3273 ad

2153 631 2480 705 λευσάμενος
2517 630 2659 705 μηδέ
2690 630 3053 707 λογισάμενος
3082 629 3181 697 τήν
3240 632 3338 682 τοῦ
3390 622 3553 701 ἔργου
3603 623 3797 700 δυσχέ-

2152 742 2298 794 ρειαν
2358 722 2447 776 καὶ
2504 721 2811 791 ἀπότευξιν,
2848 717 2976 791 μηδ’
3009 720 3125 773 οἷον
3176 712 3345 772 κύϐον
3398 716 3593 789 μέλλει
3637 716 3803 790 αναρο

2153 811 2384 887 ῥιπτεῖν,
2414 809 2724 888 ἀνειληφὼς
2771 809 2898 870 τοὺς
2946 807 3243 883 οἰκογενεῖς
3286 807 3373 861 καὶ
3422 803 3656 867 δούλους
3714 808 3805 860 καὶ

2148 899 2276 962 τοὺς
2328 898 2517 963 ἄλλως
2556 899 3032 973 ὑπηρετουμένους
3082 898 3254 969 αὐτῷ,
3294 893 3546 956 πολλοὺς
3605 892 3662 949 δὲ
3715 896 3806 950 καὶ

2150 994 2256 1043 τῶν
2290 983 2548 1063 γειτόνων
2581 988 2670 1043 καί
2698 1009 2849 1050 τινας
2881 992 2989 1042 τῶν
3043 988 3311 1056 συνήθων,
3344 984 3463 1039 ὅσοι
3511 1005 3612 1060 περ
3670 986 3808 1053 ἦσαν

2150 1079 2245 1139 τὰς
2294 1076 2483 1154 φρένας
2530 1078 2873 1155 κουφότεροι,
2928 1074 3059 1147 ἄρας
3107 1076 3228 1149 περὶ
3285 1070 3473 1143 δείλην
3526 1073 3683 1147 ὀψίαν
3745 1072 3811 1129 ἐκ

2150 1174 2253 1235 τῆς
2298 1166 2472 1229 οἰκίας
2522 1169 2715 1237 (κεῖται
2762 1162 2819 1220 δὲ
2866 1164 3001 1234 αὕτη
3048 1163 3171 1239 περί
3223 1162 3287 1218 τὸ
3333 1161 3627 1236 λεγόμενον
3660 1170 3815 1218 Λεω-

2158 1254 2482 1328 μακὲλλιον)
2513 1254 2710 1331 προῄει
2735 1252 2825 1308 διὰ
2852 1260 2951 1321 τῆς
2977 1251 3237 1314 πλατείας
3271 1253 3346 1313 ὡς
3400 1250 3476 1313 εἰς
3521 1251 3585 1305 τὸ
3634 1251 3815 1307 παλά-

2154 1365 2292 1412 τιον,
2342 1344 2655 1419 ἀγανακτῶν
2706 1343 2795 1397 καὶ
2853 1340 3244 1417 δυσχεραίνων,
3294 1340 3382 1394 καὶ
3435 1342 3535 1408 τήν
3595 1337 3813 1396 ἀδικίαν

2156 1435 2231 1495 ὡς
2263 1433 2323 1488 ἃν
2372 1434 2441 1488 τὰ
2469 1432 2669 1508 ἔσχατα
2694 1430 3031 1503 ἠδικημένος
3082 1432 3217 1506 πρὸς
3272 1429 3400 1492 τοὺς
3454 1431 3816 1506 παρατυχόν-

2152 1542 2249 1583 τας
2298 1518 2694 1594 ἐπιϐοώμενος,
2743 1521 2834 1576 καὶ
2882 1521 2981 1589 τήν
3033 1519 3311 1595 βασιλείαν
3369 1518 3820 1592 ἀνακαλούμενος

2156 1611 2231 1674 ὡς
2259 1609 2694 1686 κληρονομιαῖον
2734 1611 2880 1684 τάχα
2936 1611 3121 1681 κτῆμα
3177 1607 3268 1663 καὶ
3325 1607 3473 1680 αὐτῷ
3529 1615 3818 1681 προσῆκον

2156 1698 2229 1759 ὡς
2261 1697 2475 1770 μᾶλλον
2504 1702 2613 1752 τῶν
2646 1695 2834 1753 ἄλλων
2864 1695 3134 1772 ἐγγύτατα
3164 1692 3349 1772 ἔχοντι
3385 1695 3616 1769 αἵματος
3676 1699 3823 1768 πρὸς

2153 1788 2245 1841 τὸν
2327 1786 2633 1842 ἀπελθόντα
2697 1786 2942 1861 βασιλέα.
3002 1792 3087 1848 Ὡς
3158 1783 3217 1841 δὲ
3272 1784 3485 1861 ἐγένετο
3557 1787 3695 1841 κατά
3749 1788 3822 1841 τὸ

2153 1877 2515 1951 πραιτώριον,
2544 1874 2836 1952 διαρρήξας
2866 1876 2962 1938 τὰς
2992 1874 3172 1936 πύλας
3200 1882 3303 1945 τῆς
3328 1874 3579 1950 φυλακῆς
3633 1874 3821 1949 ἐξάγει

2154 1964 2279 2027 τοὺς
2330 1966 2772 2041 καθειργμένους,
2823 1963 3048 2027 ἐλπίσας
3098 1966 3253 2035 οἶμαι
3313 1962 3384 2018 δι’
3432 1963 3608 2019 αὐτῶν
3674 1966 3825 2040 μέγα

2155 2075 2205 2108 τι
2235 2052 2620 2129 διαπράξασθαι
2652 2052 2741 2110 καῖ
2785 2059 3054 2129 γενναῖον.
3090 2055 3169 2111 Τὸ
3218 2050 3275 2108 δὶ
3325 2053 3458 2108 αὐτὸ
3512 2058 3674 2109 τοῦτο
3719 2055 3825 2109 καὶ

2157 2142 2209 2197 ἐν
2254 2141 2453 2217 Χαλκῇ
2512 2144 2714 2207 φθάσας
2769 2141 2968 2200 ἐποίει.
3001 2139 3180 2198 ’Δλλὰ
3234 2148 3336 2211 τῆς
3398 2139 3825 2205 ἐπαναστάσεως

2155 2238 2273 2295 τοῖς
2305 2232 2357 2288 ὲν
2388 2238 2533 2295 τοῖς
2571 2231 2873 2307 βασιλείοις
2925 2233 3264 2308 γνωσθείσης
3321 2230 3633 2306 εὐνούχοις,
3663 2231 3822 2307 ταχὺ

2161 2323 2254 2395 μὲν
2314 2323 2365 2376 οἱ
2426 2321 2791 2384 φυλάσσοντες
2861 2321 2912 2377 ἐν
2997 2326 3079 2394 τῷ
3156 2319 3411 2393 παλατίῳ
3482 2326 3822 2395 στρατιῶται

2155 2411 2425 2483 Ῥωμαῖοί
2488 2432 2548 2466 τε
2621 2410 2711 2466 καὶ
2771 2412 3039 2485 Βάραγγοι
3096 2409 3270 2485 (γένος
3329 2408 3388 2464 δὲ
3444 2407 3703 2464 Κελτικὸν
3760 2411 3824 2464 οἱ

2156 2501 2427 2576 Βάραγγοι
2491 2502 2949 2578 μισθοφοροῦντες
2990 2499 3308 2572 Ῥωμαίοις)
3359 2496 3823 2567 κασοπλίζονται,

2155 2591 2297 2667 ταχὺ
2346 2589 2403 2645 δὲ
2467 2590 2557 2645 καὶ
2624 2591 2677 2645 οἱ
2736 2590 2787 2645 ἐν
2854 2595 2976 2653 ταῖς
3039 2591 3351 2665 βασιλικαῖς
3414 2590 3823 2662 ὑπηρετοῦντες

2153 2683 2429 2756 τριήρεσιν
2470 2680 2774 2755 ἠγείροντο.
2812 2680 2910 2735 Καὶ
2962 2679 3087 2754 χεὶρ
3144 2680 3304 2748 ἱκανὴ
3365 2684 3445 2752 [Ρ.
3500 2680 3629 2750 793]
3686 2700 3817 2733 συν-

2154 2769 2419 2843 ηθροίσθη
2453 2770 2542 2824 καὶ
2574 2770 2710 2824 κατὰ
2748 2772 2846 2824 τοῦ
2878 2766 3174 2823 Θεοδοσίου
3232 2764 3437 2839 ἔμελλε
3480 2766 3815 2840 πέμπεσθαι.

2152 2861 2206 2912 Ὀ
2238 2856 2295 2913 δέ
2323 2864 2484 2913 τοῦτο
2516 2858 2844 2931 πυθόμενος,
2875 2854 3131 2920 ἐκκλίνας
3170 2860 3268 2911 τοῦ
3322 2856 3459 2931 πρὸς
3510 2857 3573 2911 τὸ
3631 2854 3813 2911 παλά-

2151 2969 2266 3003 τιον
2299 2947 2535 3015 ἀπιέναι,
2578 2948 2903 3024 ὑποστρέφει
2961 2947 3099 3020 πρὸς
3144 2946 3248 3014 την
3295 2948 3391 2999 τοῦ
3445 2949 3581 3000 Θεοῦ
3632 2946 3814 3020 Μεγά-

2156 3036 2257 3107 λην
2291 3036 2633 3103 Ἐκκλησίαν’
2663 3035 2867 3106 ¹ἤλπισε
2890 3036 2992 3110 γάρ
3025 3035 3099 3097 ὡς
3150 3032 3464 3089 εἰσελθόντα
3507 3038 3700 3089 τοῦτον
3760 3034 3818 3090 ὲν

2152 3126 2291 3198 αὐτῇ
2347 3127 2375 3180 ὁ
2424 3127 2775 3202 πατριάρχης
2830 3145 2890 3179 τε
2946 3123 3037 3178 καὶ
3086 3123 3114 3177 ὁ
3170 3123 3378 3197 κλῆρος
3433 3119 3819 3196 προσδέξεται,

2150 3216 2240 3269 καὶ
2273 3214 2404 3276 λαὸς
2437 3216 2852 3289 ἀθροισθήσεται
2901 3212 3180 3275 πλεῖστος,
3204 3211 3294 3266 καὶ
3349 3210 3575 3286 βασιλέα
3620 3211 3827 3287 ἀναγο-

385 3296 674 3369 templum
706 3299 992 3366 consedit,
1025 3301 1347 3373 statimque
1386 3317 1455 3357 ex
1483 3319 1550 3357 eo
1593 3305 1871 3376 abreptus
1905 3307 2038 3361 Per-

2155 3303 2423 3379 ρεύσουσι.
2477 3306 2662 3360 Ταῦτα
2738 3300 2796 3357 δὶ
2875 3303 3050 3356 πάντα
3134 3301 3286 3372 αὐτῷ
3360 3299 3438 3362 εἰς
3495 3299 3818 3355 τούναντίον

386 3400 628 3454 gamum
663 3384 769 3439 soli
803 3387 1063 3442 vertendi
1096 3404 1274 3443 causa
1303 3395 1542 3446 coactus
1571 3398 1661 3446 est
1694 3396 1790 3447 ire.
1829 3395 2040 3449 Eodem

386 3472 558 3527 modo
590 3473 778 3543 puniti
822 3475 998 3529 etiam
1050 3478 1487 3547 praestantiores
1518 3479 1638 3547 alii,
1691 3481 1790 3552 qui
1835 3499 1897 3537 se
1929 3483 2041 3553 ipsi

386 3561 801 3630 adjunxerant.

2155 3390 2351 3462 ἀπέϐη.
2383 3395 2536 3447 Ὅτε
2569 3392 2668 3467 γάρ
2729 3393 3080 3466 πατριάρχης
3133 3392 3223 3445 καὶ
3274 3390 3303 3444 ὁ
3360 3396 3460 3459 τῆς
3517 3389 3817 3459 ἐκκλησίας

2151 3480 2360 3555 κλῆρος
2437 3480 2728 3556 ἐρχομένῳ
2786 3481 2880 3544 τὰς
2934 3479 3137 3550 ταύτης
3202 3476 3557 3534 ἀποκλείουσι
3613 3478 3814 3543 πύλας,

2149 3570 2239 3625 καὶ
2271 3571 2324 3625 οἱ
2356 3573 2605 3641 συνήθως
2639 3570 2690 3625 ἐν
2717 3576 2833 3631 τοῖς
2864 3570 3139 3630 τοιούτοις
3198 3567 3488 3644 χαίροντες
3537 3568 3629 3623 καὶ
3684 3588 3806 3622 συν-

387 3646 684 3722 τρέχονττς
736 3648 874 3718 ἦσαν
934 3647 1200 3723 οὐδαμοῦ,
1262 3651 1349 3707 καὶ
1410 3653 1463 3708 οἱ
1521 3655 1887 3729 παρεπόμενοι
1943 3679 2124 3732 τουτῳ
2180 3659 2375 3735 μέχρις
2428 3659 2640 3715 ἐκείνου
2681 3664 2778 3715 τοῦ
2808 3659 3000 3720 τόπου.
3038 3658 3300 3731 μαθόντες
3329 3659 3428 3728 τὴν
3502 3655 3816 3731 μέλλουσαν

390 3735 700 3808 πέμπεσθαι
760 3735 988 3813 δύναμιν
1045 3741 1161 3795 κατ’
1217 3741 1421 3810 αὐτῶν,
1476 3744 1611 3798 κατά
1686 3748 1879 3821 μικρὸν
1952 3747 2304 3824 ὑπορρέοντες
2378 3747 2794 3819 ἐσκεδάσθησαν,
2853 3749 2943 3803 καὶ
3023 3747 3215 3804 λοιπὸν
3303 3745 3510 3822 ἔρημος
3595 3747 3820 3802 πάντων

392 3824 768 3904 καταλειφθεὶς
825 3828 1009 3899 ἱκέτης
1065 3826 1296 3892 ἐλεεινὸς
1351 3831 1486 3904 μετὰ
1533 3838 1631 3888 τοῦ
1687 3833 1883 3898 παιδὸς
1940 3838 2080 3911 πρὸς
2136 3841 2235 3908 την
2322 3836 2614 3909 ἐκκλησίαν
2702 3838 2956 3907 καθίζει·
3004 3838 3063 3892 ὃν
3159 3835 3315 3901 εὺθὺς
3394 3834 3821 3899 ἀποστείλαντες

389 3911 637 3988 ἐξάγουσι
665 3919 766 3985 τῆς
827 3915 1121 3988 ἐκκλησίας
1172 3919 1261 3974 καὶ
1309 3917 1639 3996 ἐξορίζουσιν
1692 3923 1743 3979 ἐν
1808 3926 2103 4001 Περγάμῳ.
2131 3928 2209 3985 Τὸ
2269 3925 2316 3983 δ’
2367 3928 2499 3983 αὐτὸ
2554 3933 2715 3983 τοῦτο
2772 3928 2861 3982 καὶ
2924 3926 3000 3989 εἰς
3059 3926 3186 3988 τοῦς
3239 3924 3669 4003 ἐμφανεστέρους
3705 3930 3820 3980 τῶν

386 4004 545 4075 αὐτῷ
600 4006 1057 4082 συναπαχθέντων
1104 4006 1389 4080 ἐποίησαν.
1448 4010 1549 4068 Καὶ
1603 4013 1666 4066 τὸ
1715 4014 1821 4069 ἀπὸ
1894 4015 2089 4071 τούτου
2134 4017 2162 4071 ὁ
2213 4016 2442 4092 Μιχαὴλ
2517 4012 3008 4095 ἐναμιρισϐητήτως
3093 4013 3453 4092 ἀνηγορεύετο
3537 4014 3822 4091 αὐτοκρά-

384 4110 521 4164 τωρ.

458 4200 835 4259 Stratioticus
864 4206 1100 4261 nemine
1131 4212 1638 4280 repugnantejam
1662 4212 1908 4285 imperio
1941 4231 2041 4285 po-

386 4291 535 4348 titus
564 4293 821 4350 delectos
852 4301 1175 4361 senatores,
1199 4316 1495 4371 quemque
1527 4304 1596 4356 ad
1625 4306 1906 4372 majorem
1941 4322 2042 4359 ex-

384 4379 639 4437 tollendo
668 4381 1040 4454 dignitatem,
1063 4388 1343 4456 pepulum
1370 4388 1787 4447 beneﬁciorum
1814 4393 2041 4464 pollici-

386 4469 729 4538 tationibus,
764 4472 1075 4528 demeruit.
1108 4474 1251 4530 Cum
1304 4482 1498 4532 autem
1535 4486 1691 4533 esset
1719 4481 2039 4535 admodum

386 4575 563 4614 senex
594 4559 897 4632 multaque
942 4564 1188 4634 antiqua
1237 4566 1661 4634 recordaretur,
1696 4570 1916 4625 multas
1946 4587 2038 4626 ve-
2068 4596 2117 4660 D

384 4653 578 4703 terum
611 4652 1111 4707 consuetudinum
1146 4656 1423 4711 reducere
1462 4658 1736 4723 intendit,
1773 4659 1915 4714 nihil
1951 4660 2037 4715 vel

386 4737 635 4811 imperio
667 4740 753 4796 vel
787 4740 868 4796 rei
922 4743 1169 4813 publicas
1203 4747 1559 4815 profuturas.
1611 4752 1871 4815 Quorum
1910 4751 2039 4820 fuit,

384 4829 538 4897 quod
574 4832 912 4901 praetorium
946 4834 1256 4903 expurgari
1283 4826 1489 4905 jussit,
1516 4838 1672 4906 quod
1703 4840 1919 4893 factum
1945 4841 2038 4909 jo-

381 4934 518 4974 eose
560 4921 997 4977 subsannantes
1049 4923 1204 4979 cives
1267 4924 1541 4980 dicebant
1597 4944 1856 4995 quaerere
1903 4946 2037 4984 eum

379 5007 651 5064 taxiltum
683 5027 858 5067 suum
879 5028 1053 5082 quem
1087 5012 1409 5084 aliquando
1435 5016 1643 5072 ludens
1667 5019 1743 5073 ibi
1771 5020 2037 5089 perdide-

378 5103 493 5161 rat,
525 5097 773 5169 ideoque
801 5117 1066 5158 averrere
1101 5105 1438 5173 pulverem;
1491 5108 1647 5177 quod
1695 5108 1909 5164 civium
1943 5127 2037 5164 ca-

382 5183 505 5252 pita
537 5201 649 5240 non
682 5186 914 5257 litteris,
950 5197 1012 5243 ut
1043 5210 1221 5261 nunc,
1255 5195 1355 5249 sed
1393 5195 1647 5265 byssinis
1682 5197 1871 5265 pileis,
1908 5215 2034 5252 ma-

381 5271 519 5343 gnis
548 5271 718 5330 lineis
751 5276 1064 5349 purpureis
1091 5281 1438 5349 intertextis,
1473 5284 1586 5355 trgi
1624 5284 1838 5349 voluit;
1877 5289 2030 5357 quod

2226 4208 2568 4288 Παραλαϐὼν
2623 4211 2680 4268 δὲ
2748 4212 2843 4275 τὰς
2901 4212 3057 4282 ἡνίας
3113 4217 3212 4281 τῆς
3267 4207 3553 4285 βασιλείας
3613 4208 3825 4275 πάντας

2157 4304 2254 4376 μὶν
2283 4303 2411 4365 τοὺς
2445 4300 2682 4377 λογάδας
2713 4308 2815 4372 τῆς
2848 4299 3159 4378 συγκλήτου
3209 4298 3287 4361 εἰς
3349 4297 3593 4375 βαθμοὺς
3649 4298 3818 4369 ἀξιω-

2156 4396 2339 4467 μάτων
2375 4392 2749 4469 ὑψηλοτέρους
2779 4393 3046 4467 ἀνήγαγε,
3075 4390 3167 4445 καὶ
3197 4391 3289 4445 τὸν
3341 4386 3517 4462 δῆμον
3574 4388 3818 4463 ὑποσχέ-

2152 4504 2295 4537 σεσιν
2353 4484 2664 4538 ὑπεποιεῖτο
2724 4480 2954 4538 πολλῶν
2999 4481 3231 4555 ἀγαθῶν
3265 4479 3338 4542 ὡς
3401 4477 3474 4532 ὣν
3528 4475 3586 4532 δὲ.
3640 4477 3820 4553 κάρτα

2149 4573 2320 4647 γέρων
2351 4572 2441 4627 καὶ
2473 4570 2699 4628 πολλῶν
2737 4570 3086 4643 μεμνημένος
3143 4567 3415 4644 ἀρχαίων,
3465 4562 3809 4622 ἐπεϐάλλετο

2146 4663 2236 4716 καὶ
2267 4660 2454 4717 πολλὰ
2480 4665 2587 4717 τῶν
2634 4659 2884 4717 παλαιῶν
2938 4657 3290 4734 σχολάσαντα
3348 4656 3552 4729 ἐθίμων
3612 4655 3814 4710 ἐπανα-

2147 4753 2468 4822 κτησασθαι,
2509 4748 2679 4824 μηδὲν
2704 4750 2840 4826 πρὸς
2895 4747 3235 4804 λυσιτέλειαν
3297 4744 3661 4801 συντελοῦντα
3710 4751 3819 4814 τῆς

2153 4838 2429 4916 βασιλείας
2459 4841 2494 4910 ἢ
2526 4844 2626 4893 τοῦ
2658 4844 2865 4894 κοινοῦ.
2897 4838 2968 4893 Τό
3016 4858 3077 4892 τε
3106 4839 3211 4911 γάρ
3262 4835 3564 4911 λεγόμενον
3614 4854 3814 4908 στρατ-

2148 4932 2303 5005 ήγιον
2388 4932 2501 5003 (44)
2584 4929 3037 5003 ἀνακαθαίρεσθαι
3104 4924 3355 4981 ἐκέλευσε
3388 4967 3403 4993 ,
3453 4924 3588 5000 πρὸς
3671 4925 3812 4999 ὅπερ

2149 5019 2600 5081 ἀποσκώπτοντες
2634 5019 2692 5072 οἱ
2748 5015 2973 5073 πολῖται
3033 5011 3264 5093 ἔφασκον
3322 5014 3398 5076 ὡς
3453 5014 3546 5068 τὸν
3607 5011 3816 5068 οἰκεῖον

2146 5105 2488 5182 ἀστράγαλον
2536 5106 2845 5175 ἀναζητῶν,
2893 5107 2952 5162 ’ὀν
3010 5105 3182 5160 ἐκεῖσε
3238 5104 3449 5172 παίζων
3498 5102 3812 5170 ἀπώλεσεν,

2145 5194 2453 5272 ἐκκαθαίρει
2510 5197 2602 5251 τὸν
2659 5199 2819 5272 χοῦν·
2847 5194 2939 5250 καὶ
2987 5196 3082 5256 τὰς
3131 5198 3239 5248 τῶν
3293 5192 3539 5249 πολιτῶν
3570 5188 3814 5269 κεφαλὰς

2144 5286 2429 5348 σκέπεσθαι
2493 5286 2569 5357 μὴ
2626 5283 2695 5339 δι’
2756 5284 3135 5360 ἀγραμμάτων
3188 5285 3327 5357 (4⁵⁷),
3360 5281 3435 5344 ὡς
3491 5284 3609 5352 νῦν,
3661 5278 3813 5336 ἀλλὰ

1564 5418 1945 5476 XYLANDRI
1991 5421 2078 5476 ET
2118 5421 2334 5478 GOARl
2380 5422 2595 5477 NOTAE.

442 5503 555 5586 (44)
591 5505 777 5589 Locus
808 5510 901 5562 est
948 5508 1006 5562 in
1039 5511 1251 5589 quinta
1303 5515 1467 5589 urbis
1518 5519 1776 5589 regione.
1825 5517 2037 5573 Censet

370 5571 741 5659 .Pa'ncirollus
770 5571 1124 5659 ess_e__castr_a
1164 5588 1535 5653 prmlnriana.
1568 5571 1625 5642 ἦ
1656 5571 1872 5657 quibus
1896 5571 2033 5659 quia

366 5643 592 5772 3153;“
626 5651 818 5705 lorsau
856 5651 1126 5722 Michael,
1164 5643 1250 5709 lad
1301 5658 1443 5714 illud
1494 5643 1823 5716 alluse'runt
1853 5643 2027 5717 cives.

2217 5521 2330 5592 (45)
2362 5520 2529 5575 Hunc
2560 5518 2751 5593 locum
2786 5535 2898 5593 non
2933 5520 3200 5593 intelligo
3229 5519 3576 5593 etiamnnm,
3608 5526 3805 5586 neque

2145 5586 2684 5662 co'intrrpretando
2713 5590 2802 5645 vel
2837 5607 2929 5646 me
2960 5586 3160 5648 verum
3190 5590 3455 5661 attigisse
3476 5586 3561 5641 vel
3595 5602 3799 5662 quem-

2141 5680 2316 5735 quam
2344 5661 2556 5738 falsum
2590 5663 2742 5738 nolo.
2778 5665 2921 5738 Χγι.
2949 5694 3015 5705 --
3050 5662 3283 5738 Γράμμα
3313 5662 3510 5732 capitis
3533 5661 3799 5738 tegimen.

2135 5731 2379 5806 formam
2402 5737 2548 5808 pilai
2575 5733 2664 5791 vel
2707 5735 2893 5803 galeri
2936 5752 3057 5792 una
3092 5731 3327 5793 ratione
3372 5731 3550 5805 caput
3578 5731 3793 5811 obum-
