4164 6404
315 375 434 434 349

1483 377 1714 439 HISTO
1725 377 2030 439 RIARUM
2075 377 2232 438 (ΣοΜ
2247 377 2621 438 PENDIUM.

3633 369 3755 430 350

321 507 580 564 πίπτουσι
644 507 742 580 μὲν
793 507 846 560 οἱ
903 505 1158 581 πλείους,
1217 509 1268 562 o't
1327 505 1384 562 δὶ
1424 506 1612 564 λοιποὶ
1645 505 1980 578 διεσώθησαν

2100 516 2260 565 etum
2298 510 2443 582 ipsis
2475 509 2894 578 intercedebat)
2937 505 3312 577 intrarent,in
3341 521 3456 578 qua
3489 520 3754 562 recreare

329 597 464 674 πρὸς
507 597 570 650 τὸ
627 593 814 652 Χλέατ
893 595 1050 665 πεζοὶ
1131 597 1219 652 καὶ
1289 597 1510 673 γυμνοί.
1561 599 1622 655 Ὁ
1695 597 1749 652 δὶ
1806 593 1990 672 Ἐρϐέ-

327 684 442 746 ὄιος
471 685 816 760 ὕποστρέψας
847 685 952 740 ἀπὸ
981 691 1081 740 τοῦ
1113 683 1364 760 διωγμοῦ
1415 688 1548 758 μετὰ
1576 693 1682 741 τῶν
1717 686 1988 762 Φράγγων

320 781 743 844 κατασκηνῶσαι
797 774 849 829 ἐν
909 779 978 848 τῇ
1039 771 1370 850 παρεμϐολῇ
1429 771 1836 831 συνεϐούλευεν.
1873 778 1988 830 Ἐν-

321 864 531 918 ἐκειντο
567 861 624 918 δὲ
673 865 726 917 οἱ
776 865 1024 940 Φράγγοι
1073 863 1456 940 ἀνάγκάζοντες
1509 863 1772 930 εἰσελθεῖν
1817 863 1870 919 ἐν
1919 868 1988 939 τῇ

321 953 486 1010 πόλει
527 958 628 1008 τοῦ
689 951 896 1020 Χλέατ,
929 953 1314 1028 κοινοπραγίαν
1369 952 1588 1030 ἔχοντες
1645 955 1736 1008 καὶ
1793 953 1988 1030 ὅρκους

333 1044 466 1116 μετᾶ
489 1047 588 1097 τοῦ
637 1042 1016 1118 ἀμηρεύοντος
1073 1042 1125 1098 ἐν
1193 1044 1356 1118 αὐτῇ,
1414 1043 1696 1108 εὐπαθείας
1735 1045 1794 1098 τέ
1839 1065 1987 1106 τινος

332 1133 424 1186 καὶ
454 1130 688 1198 λουτροῦ
723 1137 1018 1207 μετασχεῖν
1052 1133 1144 1187 καὶ
1173 1133 1262 1186 τὸν
1303 1131 1362 1186 ἐκ
1407 1137 1502 1188 τοῦ
1547 1130 1798 1204 πολέμου
1848 1132 1988 1186 ἀπο-

331 1220 631 1284 πλύνασθαι
695 1220 920 1296 λύθρον.
955 1223 1016 1278 Ὁ
1078 1219 1134 1275 δὲ
1189 1218 1364 1282 πολὺς
1423 1221 1490 1290 ἦν
1545 1221 1852 1296 ἐγκείμενος
1901 1219 1990 1276 καὶ

325 1310 686 1364 καθικετεύων
743 1310 836 1365 τὸν
915 1314 1164 1364 τοιοῦτον
1243 1310 1654 1380 ἀποτινάξασθαι
1723 1311 1988 1385 Λογισμὸν

321 1400 410 1453 καί
449 1401 526 1474 μή
561 1399 706 1453 πάνυ
735 1421 786 1454 τι
817 1397 1088 1453 πιστεύειν
1122 1398 1268 1474 ὅρκῳ
1301 1398 1650 1454 ἀλλοπίστων
1682 1401 1768 1453 καὶ
1817 1397 1987 1454 ἀλλο-

319 1488 516 1566 ⁹ξύλων
583 1488 912 1562 ἀνθρώπων,
959 1487 1048 1542 καὶ
1117 1483 1348 1544 εὐσεϐεῖν
1411 1489 1886 1561 ἀναπεπεισμένων
1943 1487 1988 1544 εί

320 1580 560 1640 θανάτου
591 1575 830 1640 πολλοῖς
877 1579 1224 1651 Χριστιανοῖς
1267 1573 1435 1632 αἴτιοι
1485 1585 1747 1652 γένοιντο.
1783 1579 1870 1640 Ὡς
1931 1575 1988 1632 δὲ

315 1667 500 1742 λέγων
555 1663 754 1722 οὐδένα
800 1667 892 1721 τὸν
953 1668 1296 1742 προσέχοντα
1363 1665 1528 1742 εἶχεν,
1581 1666 1726 1722 ἀλλὰ
1794 1665 1987 1730 πάντες

319 1763 452 1828 psic
511 1755 808 1830 γενόμενοι
867 1758 1096 1830 γνώμης
1175 1755 1546 1832 ἀπαραίτητον
1612 1759 1710 1826 τήν
1775 1754 1984 1812 εἷ’σοδον

317 1843 674 1920 ἐλογίζοντο,
714 1843 846 1918 ἄρας
874 1845 962 1900 καὶ
995 1844 1156 1906 αὐτὸς
1190 1843 1374 1899 εἷ’σεισι
1416 1845 1507 1899 σὺν
1559 1846 1763 1914 αὐτοῖς,
1799 1843 1985 1900 πολλὰ

315 1935 592 2008 πρότερον
683 1931 1053 2004 θεοκλυτήσας
1141 1937 1228 1989 καὶ
1307 1931 1812 2010 διαμαρτυράμενος
1895 1935 1986 1990 καὶ

323 2022 700 2100 παραγγείλας
767 2021 856 2076 διὰ
919 2023 1121 2085 παντὸς
1183 2023 1475 2099 προσέχειν
1547 2025 1635 2079 καὶ
1687 2024 1738 2078 ἐν
1795 2030 1982 2099 χεροῖν

327 2113 580 2186 κατέχειν
629 2112 698 2166 τὰ
727 2111 892 2166 ὅπλα.
931 2111 1279 2174 Εἷσελθόντες
1339 2110 1430 2166 οὗν
1478 2114 1530 2167 oi
1590 2116 1860 2188 Φράγγοι,
1893 2113 1984 2168 καὶ

329 2205 444 2254 τῶν
487 2206 584 2254 τοῦ
637 2204 946 2274 στρατηγοῦ
1009 2200 1476 2276 παραγγελμάτων
1538 2205 1981 2278 καταφρονήσαν-

330 2311 446 2358 τες,
483 2289 534 2344 έν
565 2289 810 2364 λουτροῖς
843 2291 932 2345 καὶ
965 2289 1156 2351 πότοις
1187 2295 1276 2344 καὶ
1327 2289 1587 2365 εὐωχίαις
1626 2291 1782 2359 ἦσαν.
1816 2293 1876 2348 Ὁ
1927 2289 1984 2346 δὲ

337 2379 562 2452 ἁμηρᾶς
593 2379 892 2454 Ἀπονάσαρ
926 2381 1042 2451 ἅμα
1087 2378 1166 2450 τῷ
1217 2378 1453 2454 Σαμοὺχ
1496 2383 1586 2434 καὶ
1630 2385 1746 2444 τοῖς
1803 2380 1852 2434 έν
1912 2385 1980 2454 τῇ

329 2463 490 2521 πόλει
553 2473 892 2540 Σαρακηνοῖς
955 2464 1411 2542 βουλευσάμενος,
1461 2469 1548 2522 καὶ
1609 2468 1980 2545 παραγγείλας

319 2563 438 2617 τοῖς
469 2553 806 2631 ξενοδόχοις,
840 2557 930 2610 ὅτε
957 2557 1020 2610 τὸ
1051 2554 1303 2628 σύνθημα
1348 2554 1503 2630 δοθῇ,
1551 2557 1800 2632 κατέχειν
1852 2556 1981 2619 τοὺς

323 2643 738 2714 έπ·ξενωθέντας
771 2645 859 2700 καὶ
897 2642 1112 2718 δεσμεῖν
1145 2645 1200 2714 ἢ,
1235 2645 1433 2700 τούτου
1473 2645 1804 2721 φαινομένου
1853 2643 1979 2700 ἄδυ-

319 2733 512 2802 νάτου,
575 2735 960 2811 ἀποσφάττειν,
993 2733 1128 2796 τέως
1191 2735 1285 2806 μὲν
1345 2734 1560 2808 ἠρέμει·
1596 2735 1709 2789 ἐπεὶ
1769 2733 1826 2790 δὲ
1857 2735 1979 2797 ἅλις

2101 615 2162 654 se
2247 599 2302 654 in
2393 597 2598 654 balneo
2657 614 2922 653 cruorem
2985 595 3120 652 belli
3173 594 3408 650 abluere
3487 600 3750 666 possent.

2099 689 2488 744 Vehementer
2522 689 2778 744 instabat
2809 693 3014 742 contra
3044 685 3350 750 Erbebius,
3377 689 3550 756 atque
3581 685 3753 740 obse-

2099 779 2300 833 crabat
2325 785 2386 832 ut
2417 779 2560 833 hanc
2607 777 2986 848 cupiditatem
3050 777 3431 846 deponerent,
3491 789 3630 829 neve
3661 773 3752 828 ni-

2101 868 2284 922 mium
2319 868 2967 938 fiderentjurijurando
2999 865 3308 920 hominum
3342 864 3582 918 diversae
3617 861 3750 916 reli-

2099 958 2292 1028 gionis
2325 974 2391 1012 ac
2423 957 2762 1022 nationis,et
2795 957 3010 1027 quibus
3063 970 3414 1026 persuasum
3475 957 3631 1007 esset
3689 967 3752 1006 se

2100 1047 2367 1116 piissime
2397 1064 2563 1116 agere
2596 1046 2641 1100 si
2681 1049 2899 1100 multos
2930 1044 3298 1100 Christianos
3325 1041 3748 1096 interimerent.

2098 1133 2203 1188 Sed
2241 1150 2396 1201 cum,
2421 1135 2698 1188 omnibus
2729 1133 2788 1188 in
2813 1133 3014 1188 eadem
3039 1131 3332 1186 sententia
3354 1129 3750 1198 manentibus,

2099 1221 2278 1276 surdo
2305 1221 2562 1276 fabulam
2589 1221 3118 1292 narraret,tandem
3133 1237 3264 1275 cum
3292 1217 3437 1290 ipsis
3461 1219 3518 1274 in
3543 1219 3750 1273 urbem

2100 1310 2661 1382 ingreditur,multis
2693 1328 2791 1366 eos
2823 1311 3152 1366 obtestatus
3185 1314 3247 1363 ut
3278 1309 3392 1364 sibi
3445 1323 3747 1379 nunquam

2099 1417 2210 1454 non
2233 1405 2500 1455 caverent
2530 1417 2878 1471 semperque
2909 1417 3072 1455 arma
3103 1399 3174 1454 ad
3203 1414 3415 1452 manus
3447 1397 3746 1452 haberent.

2097 1489 2204 1543 Sed
2244 1489 2452 1544 Franci
2516 1489 2722 1544 Chleat
2775 1489 3049 1560 ingressi,
3101 1485 3457 1560 posthabitis
3517 1485 3748 1540 Erbebii

2099 1579 2340 1632 monitis
2371 1581 2439 1634 ad
2475 1577 2940 1648 lavacra,pocula
2970 1585 3028 1632 et
3053 1577 3318 1632 convivia
3339 1592 3400 1632 se
3422 1575 3746 1630 contulere.

2097 1668 2334 1722 Interim
2372 1668 2534 1722 urbis
2566 1684 2796 1722 ameras
2855 1669 3176 1738 Aponasar,
3229 1683 3290 1720 re
3349 1681 3484 1720 cum
3536 1665 3739 1718 Samu-

2095 1757 2203 1812 cho
2234 1761 2292 1810 et
2323 1757 2628 1812 Saracenis
2671 1757 2750 1810 ibi
2802 1757 3152 1828 degentibus
3201 1755 3353 1810 019
3413 1751 3748 1808 communi-

2097 1856 2244 1912 cata,
2299 1846 2632 1916 hospitibus
2681 1846 3118 1917 peregrinorum
3185 1845 3425 1900 mandat
3487 1849 3551 1896 ut
3610 1842 3746 1896 dato

2098 1936 2266 2006 signo
2299 1935 2562 2006 hospites
2611 1951 2750 1990 suos
2799 1935 3299 2006 comprehendant
3358 1949 3424 1988 ac
3465 1931 3745 1995 vinciant,

2097 2029 2198 2078 aut
2257 2025 2302 2078 si
2367 2026 2420 2079 id
2483 2025 2606 2079 fieri
2667 2041 2780 2078 non
2830 2025 3036 2095 possit,
3087 2024 3374 2080 occidant.
3435 2023 3744 2091 Postquam

2099 2113 2300 2168 Franci
2333 2113 2674 2168 deliciarum
2709 2113 2892 2168 saturi
2926 2130 3134 2168 somno
3175 2129 3238 2167 se
3297 2113 3604 2176 dederunt,
3666 2111 3746 2163 si-

2093 2219 2274 2274 gnum
2310 2205 2506 2267 datur,
2539 2209 2596 2257 et
2624 2219 2824 2256 eorum
2862 2202 2960 2255 alii
2994 2202 3192 2257 statim
3243 2201 3596 2256 occiduntur
3645 2198 3744 2253 alii

2091 2292 2427 2362 capiuntur,
2447 2291 2686 2362 quidam
2717 2290 2892 2346 etiam
2925 2292 2996 2345 de
3022 2291 3206 2345 muris
3230 2291 3383 2344 foras
3406 2288 3744 2343 desilientes

2091 2385 2418 2445 evaserunt,
2457 2379 2734 2434 Erbebius
2757 2383 2964 2450 captus
3002 2383 3091 2434 est
3121 2385 3178 2432 et
3225 2378 3284 2432 in
3339 2376 3587 2434 vinculis
3645 2393 3743 2430 as-

2093 2475 2379 2524 eervatus.
2435 2468 2531 2523 llis
2584 2469 2661 2522 ita
2727 2469 2892 2538 actis,
2937 2485 3168 2522 ameras
3221 2466 3560 2538 imperatori
3641 2480 3744 2536 per

2089 2559 2491 2613 internuntios
2550 2558 2844 2630 signiﬁcat
2884 2573 2944 2612 se
2990 2557 3040 2612 ei
3074 2557 3283 2622 favere,
3323 2561 3379 2610 et
3422 2555 3522 2625 qui
3554 2553 3742 2624 ipsius

2090 2649 2266 2704 rebus
2299 2648 2559 2702 insidiati
2595 2648 2860 2710 fuissent,
2895 2663 2992 2702 eos
3025 2661 3087 2700 se
3120 2645 3470 2716 perdidisse,
3502 2645 3738 2698 ducem-

2091 2754 2202 2806 que
2233 2737 2441 2791 borum
2475 2743 2715 2807 captum
2749 2736 3032 2790 detinere.

313 2823 434 2898 εἶχε
491 2829 613 2884 τοῖς
671 2824 950 2898 Φράγγοις
993 2824 1028 2892 ἡ
1085 2820 1498 2898 ἡδυπάθειαμ).
1551 2827 1681 2898 796]
1719 2825 1804 2879 καὶ
1865 2827 2002 2900 πρὸς
2060 2824 2260 2886 ὕπνους
2315 2823 2646 2898 ἐτράπησαν,
2677 2821 2802 2885 δοὺς
2853 2823 2914 2878 τὸ
2973 2823 3224 2895 σόνθημα
3281 2821 3596 2884 ἐπιτίθεται.
3634 2817 3736 2875 Καὶ

311 2913 364 2966 οἱ
417 2913 516 2984 μὲν
565 2917 676 2966 τῶν
727 2913 996 2988 Φράγγων
1047 2911 1204 2975 εὐθὺς
1252 2911 1707 2989 ἀποσφάττονται,
1768 2915 1818 2968 οἱ
1863 2914 1918 2968 δὶ
1975 2913 2400 2988 κατεσχέθησαν,
2432 2915 2573 2976 τινες
2635 2911 2692 2968 δὲ
2748 2913 2838 2968 καὶ
2896 2913 3000 2966 ἀπὸ
3053 2917 3150 2966 τοῦ
3204 2911 3425 2986 τείχους
3479 2909 3738 2985 ῥιπτοῦν-

312 3021 396 3064 τες
455 3001 690 3062 ἑαυτοὺς
743 2999 844 3070 ἔξω
901 2998 1230 3070 διασωθῆναι
1291 2999 1542 3076 ἴσχυσαν.
1585 3001 1767 3058 Ἑάλω
1826 2999 1882 3056 δὶ
1938 2997 2395 3077 καὶὸἘρϐέϐιος
2451 3003 2539 3056 καὶ
2601 2999 2852 3071 πεδηθεῖς
2913 2999 3257 3079 ἐφυλάττετο.
3293 3001 3349 3054 Ὀ
3403 2999 3460 3054 δὶ
3521 3000 3737 3072 ἀμηρᾶς

313 3085 760 3164 διαπραξάμενος
818 3093 985 3142 ταῦτα
1045 3086 1491 3164 διακηρυκεύεται
1547 3091 1683 3164 πρὸς
1736 3091 1827 3144 τὸν
1891 3089 2119 3165 βασιλέα
2177 3093 2251 3154 ὡς
2309 3091 2453 3165 τάχα
2496 3088 2681 3154 εὔνους
2731 3087 2852 3164 [ὢν]
2911 3091 3058 3159 αὐτῷ
3121 3089 3394 3152 καθεστὼς
3469 3089 3557 3143 καὶ
3612 3086 3742 3148 τοὺς

309 3173 784 3240 ἐπιϐουλεύοντας
813 3183 928 3239 τοῖς
957 3177 1121 3232 αὐτοῦ
1151 3181 1430 3254 πράγμασι
1464 3177 1776 3256 διαφθείρας
1831 3177 1920 3234 καί
1973 3180 2065 3234 τὸν
2123 3179 2334 3234 τούτων
2388 3179 2638 3255 ἀρχηγὸν
2699 3180 3010 3254 κατασχών.
3046 3179 3142 3233 Καὶ
3198 3179 3264 3233 τά
3323 3179 3417 3252 μὶν
3469 3175 3589 3253 περὶ
3647 3175 3740 3230 τὸν

313 3267 738 3346 Φραγγόπωλον
770 3268 1078 3344 συνηνέχθη
1114 3267 1240 3325 ὧδε.

382 3395 448 3452 Οἱ
503 3391 564 3448 δί
621 3400 726 3462 τῆς
785 3394 957 3466 Ἑῴας
1019 3393 1312 3469 στρατηγοὶ
1373 3394 1839 3471 ἀποπεμφθέντες,
1902 3395 1974 3456 ὡς

2157 3397 2715 3452 CmterumOrientis
2731 3398 2912 3452 duces
2943 3396 3050 3452 hoc
3084 3413 3200 3468 quo
3233 3395 3546 3450 docuimus
3571 3397 3742 3448 modo

315 3481 618 3558 ἔμπροσθεν
675 3479 914 3556 εἴρηται,
979 3483 1126 3556 παρα
1202 3487 1300 3536 τοῦ
1381 3480 1648 3558 βασιλέως
1703 3479 1977 3558 ’δευτέραν

317 3567 554 3646 ἔγνωσαν
595 3577 793 3644 πεῖραν
853 3577 1239 3645 προσαγαγεῖν,
1273 3571 1360 3625 καὶ
1531 3575 1612 3643 τῷ
1652 3593 1980 3646 πρωτοσυγ-

321 3659 506 3732 γέλλῳ
541 3661 735 3714 λέοντι
785 3663 866 3730 τῷ
897 3654 1412 3734 Στραϐοσπονδύλῳ
1461 3659 1854 3734 προσελθόντες
1907 3661 1982 3714 τὰ

329 3749 486 3802 κοινᾶ
542 3747 836 3802 διοικοῦντι
894 3753 974 3820 τῷ
1030 3748 1155 3803 τότε
1215 3749 1440 3821 μεσίτην
1505 3749 1558 3811 ἐς
1607 3750 1698 3804 τὸν
1753 3749 1980 3825 βασιλέα

321 3842 514 3891 τοῦτον
573 3833 1024 3914 προύϐάλλοντο,
1079 3837 1166 3892 καὶ
1250 3839 1324 3910 μὴ
1384 3840 1531 3912 παρά
1585 3837 1716 3900 τοὺς
1775 3837 1980 3900 ἄλλους

320 3931 682 4003 περιοφθῆναι
740 3927 982 3982 ἱκέτευον
1037 3923 1168 3999 μηδ’
1207 3925 1420 4000 ἀτίμως
1471 3927 1861 4006 ἆπορῥιφῆναι,
1889 3927 1979 3982 καὶ

329 4015 480 4070 ἄλλα
507 4011 950 4090 προϐαλλόμενοι
983 4013 1183 4090 δίκαια,
1216 4019 1524 4072 τελευταῖον
1587 4015 1644 4072 δὲ
1689 4017 1980 4094 ἐπαγαγόν-

329 4127 422 4168 τες
457 4101 592 4177 μηδ’
622 4105 756 4175 ἄξιον
807 4107 941 4160 εἶναι
1000 4105 1127 4168 τοὺς
1190 4107 1285 4180 μὶν
1345 4104 1575 4168 πολίτας
1619 4111 1724 4161 τῶν
1763 4105 1978 4182 βασιλι-

325 4199 440 4249 κῶν
501 4193 816 4270 εὖμοιρῆσαι
858 4200 1057 4268 τιμῶν,
1096 4198 1236 4268 μήτε
1291 4201 1412 4272 παρ’
1469 4191 1690 4267 ἔπαλξιν
1753 4199 1978 4260 στάντας

327 4285 468 4356 μήτε
497 4285 634 4358 πρὸς
679 4282 986 4357 πολεμίους
1045 4282 1542 4360 διαγωνισαμένους
1599 4286 1752 4355 ποτὲ,
1785 4285 1980 4349 αὐτοὺς

317 4371 376 4428 δὲ
405 4373 534 4434 τοὺς
565 4373 626 4428 ἐκ
657 4372 866 4428 παίδων
893 4373 1384 4449 προπολεμοῦντας
1417 4374 1506 4429 καὶ
1547 4375 1976 4450 ἆγρυπνοῦντας,

307 4461 386 4516 ’ἶν’
443 4460 622 4524 ἀδεῶς
704 4463 852 4517 οὗτοι
922 4461 1258 4531 καθεύδοιεν,
1311 4465 1684 4538 παροραθῆναι
1741 4465 1828 4518 καὶ
1877 4471 1976 4532 τῆς

323 4551 616 4627 βασιλικῆς
655 4551 979 4629 φιλοτιμίας
1017 4550 1340 4609 διεκπεσεῖν.
1395 4551 1548 4608 Ἀλλ’
1592 4552 1775 4620 οὗτος,
1817 4574 1974 4629 στρυ-

321 4641 450 4716 sive:
481 4641 558 4696 ὣν
591 4642 680 4696 καὶ
719 4637 1094 4715 δυσπρόσιτος,
1128 4641 1188 4696 οὗ
1219 4641 1379 4716 μόνον
1411 4641 1511 4697 οὖκ
1541 4639 1758 4712 ἐδέξατο
1795 4641 1974 4712 ἠπίως

319 4731 416 4799 τήν
473 4729 900 4806 προσαγομένην
950 4731 1174 4800 ἱκεσίαν,
1233 4729 1379 4786 ἀλλὰ
1435 4731 1526 4786 καὶ
1594 4731 1706 4803 μεθ’
1767 4725 1974 4806 ὕϐρεων

317 4819 684 4894 ἀπεπέμψατο
715 4820 842 4884 τοὺς
896 4817 1460 4898 ἱκέτας,ἐκφαυλίσας
1514 4821 1616 4874 οὐκ
1675 4819 1832 4895 ὀλίγα
1885 4821 1976 4874 καὶ

317 4909 370 4972 ἐς
415 4907 649 4964 ἕκαστον
717 4912 822 4962 τῶν
883 4905 1114 4984 ἀνδρῶν.
1178 4909 1244 4966 Oi
1296 4905 1353 4964 δὲ
1409 4909 1498 4964 καὶ
1559 4906 1806 4982 δεύτερον
1863 4907 1974 4980 ἤδη

311 4999 740 5075 παρῳνημένοι,
782 5005 952 5053 πᾶσαν
1013 4995 1212 5054 ἐλπίδα
1269 4999 1688 5071 ἀποσεισάμενοι
1747 4995 1976 5077 ἐσφάδαο

315 5093 410 5158 ζον
440 5087 534 5142 καὶ
591 5085 899 5162 διεπρίοντο
951 5088 1030 5159 τῷ
1089 5092 1267 5161 θυμῷ.
1301 5089 1408 5144 Καὶ
1454 5087 1570 5142 κατ’
1623 5087 1796 5163 ἀρχάς
1855 5087 1974 5161 μὲν,

315 5179 392 5242 ὥς
421 5199 502 5246 πη
533 5173 762 5240 ἕκαστος
791 5175 1006 5252 Ιτυχεν,
1040 5175 1092 5232 έν
1139 5182 1257 5241 ταῖς
1313 5174 1560 5248 ὁμιλίαις
1615 5177 1976 5252 ὑποτονθορύ-

317 5271 505 5336 ζοντες
538 5261 922 5340 ἐλοιδοροῦντο
953 5269 1034 5337 τῷ
1069 5263 1307 5340 βασιλεῖ,
1333 5266 1422 5320 καὶ
1460 5265 1536 5338 μή
1585 5265 1773 5340 πράως
1827 5265 1973 5342 ἐνεγ-

311 5359 428 5410 κεῖν
486 5351 706 5408 ’ἓκαστον
767 5352 1112 5430 παρεκάλουν
1172 5353 1400 5424 ἱκάσττ,ν
1463 5354 1772 5430 παροινίαν,
1829 5353 1973 5410 ἀλλᾶ

318 5441 662 5512 διαναστῆναι
747 5443 1090 5516 παρώρμουν
1163 5443 1300 5519 πρὸς
1389 5441 1596 5498 δικαίαν
1669 5439 1969 5514 ἐκδίκησιν,

315 5535 536 5589 Ἔπειτα
565 5534 652 5588 καί
697 5533 788 5608 ὑφ’
817 5531 875 5588 ’ἐν
909 5531 962 5586 ἐν
1090 5531 1318 5609 Μεγάλῃ
1349 5531 1626 5608 γενόμενοι
1649 5531 1969 5606 Ἐκκλησία,

317 5623 400 5678 καὶ
447 5623 644 5698 ὅρκους
695 5619 884 5684 δόντες
929 5619 1021 5674 καὶ
1071 5615 1330 5685 λαϐόντες
1386 5623 1462 5695 μὴ
1510 5629 1786 5692 σιωπῆσαι
1840 5620 1970 5696 μηδ’

321 5713 656 5794 ἀνασχέσθαι,
689 5709 847 5771 ἀλλὰ
899 5709 1032 5772 τοὺς
1095 5703 1473 5788 ένυϐρίσαντας
1526 5713 1968 5787 τιμωρήσασθαι,

2091 3485 2322 3542 dimissi
2355 3487 2426 3541 ab
2457 3487 2810 3557 imperatore
2835 3487 3027 3541 denuo
3075 3486 3418 3541 tentandam
3451 3501 3571 3538 rem
3619 3487 3741 3538 sta-

2090 3581 2560 3646 tuerunt.ltaque
2592 3593 2654 3630 se
2675 3577 2746 3630 ad
2771 3575 3116 3648 primarium
3143 3573 3466 3648 syncellum
3493 3573 3740 3629 Leonem

2088 3665 2652 3737 Strabospondylum
2686 3667 3018 3730 conferunt,
3051 3669 3193 3718 tunc
3255 3663 3588 3735 reipublicae
3636 3679 3740 3732 gu-

2093 3756 2484 3822 bernatorem,
2510 3771 2694 3825 eoque
2724 3755 2878 3826 apud
2913 3755 3322 3825 imperatorem
3357 3752 3744 3808 intercessore

2091 3849 2357 3910 utuntur,
2384 3849 2558 3914 atque
2588 3848 2756 3898 orant
2788 3859 2858 3898 ne
2891 3843 3050 3914 ipsos
3084 3843 3162 3896 ita
3212 3840 3504 3912 neglectos
3563 3845 3741 3910 atque

2091 3931 2480 4002 ignominiose
2531 3932 2788 4001 abjectos
2849 3933 3166 4004 imperator
3223 3929 3381 3985 velit.
3421 3929 3740 3998 Multisque

2089 4021 2360 4076 adductis
2392 4021 2776 4094 argumentis,
2809 4021 2866 4076 id
2891 4037 3121 4091 quoque
3148 4023 3214 4075 ad
3249 4025 3572 4075 extremum
3607 4035 3736 4087 pro-

2091 4119 2338 4182 ponunt,
2371 4109 2680 4181 indignum
2707 4111 2885 4164 videri
2922 4112 3074 4165 cives
3105 4111 3178 4166 ab
3219 4109 3570 4181 imperatore
3629 4107 3736 4162 ho-

2091 4215 2261 4254 nores
2284 4199 2584 4270 consequi,
2619 4215 2754 4253 cum
2789 4198 2824 4252 ii
2861 4215 3050 4270 neque
3081 4197 3526 4270 propugnacula
3565 4197 3735 4250 tutati

2090 4305 2278 4360 neque
2309 4305 2441 4342 cum
2477 4287 2642 4342 hoste
2673 4289 2970 4360 congressi
3005 4305 3266 4359 unquam
3301 4287 3441 4354 sint,
3476 4302 3537 4342 se
3581 4300 3736 4352 vero,

2090 4378 2192 4449 qui
2223 4379 2297 4432 'ab
2329 4377 2566 4432 ineunte
2598 4383 2761 4432 aetate
2783 4395 2886 4448 pro
2931 4375 3078 4448 ipsis
3137 4374 3638 4448 propugnaverint
3685 4379 3741 4428 et

2089 4467 2544 4532 excubarint,ut
2593 4483 2796 4522 secure
2842 4467 2936 4522 alii
2990 4467 3240 4522 dormire
3293 4471 3552 4538 possent,
3599 4481 3740 4536 prae-

2087 4555 2246 4610 teriri
2283 4572 2470 4626 neque
2500 4571 2570 4609 ex
2599 4555 2972 4627 imperatoris
3000 4556 3362 4628 benignitate
3385 4554 3574 4610 ullum
3607 4570 3738 4624 per-

2087 4644 2278 4716 cipere
2314 4645 2588 4699 fructum.
2623 4643 2834 4699 Verum
2869 4645 3204 4716 imperator,
3239 4661 3510 4698 morosus
3541 4641 3737 4712 ,homo

2089 4733 2369 4805 adituque
2399 4732 2680 4797 difﬁcilis,
2707 4733 2862 4789 620
2894 4751 3006 4787 non
3043 4733 3214 4788 modo
3245 4749 3360 4786 non
3410 4730 3576 4788 audit
3635 4731 3734 4784 be-

2091 4824 2264 4894 nigne
2321 4839 2447 4878 eam
2501 4821 2995 4893 deprecationem,
3060 4821 3162 4876 sed
3223 4819 3517 4892 supplices
3556 4819 3732 4874 etiam

2089 4911 2504 4967 contumeliose
2526 4911 2772 4978 dimisit,
2809 4910 3074 4982 singulos
3132 4910 3324 4966 verbis
3385 4910 3731 4964 insectatus.

2089 5006 2163 5055 At
2189 5019 2315 5057 vero
2345 5001 2405 5056 hi
2433 5001 2626 5057 denuo
2657 5001 3002 5073 ignominiis
3034 5000 3285 5072 superbe
3322 4999 3532 5064 affecti,
3573 4997 3734 5053 omni

2087 5107 2335 5146 excussa
2359 5107 2463 5162 spe
2496 5089 2743 5146 fremere
2793 5090 3109 5160 animoque
3165 5089 3609 5146 excandescere.
3655 5091 3734 5143 Ac

2087 5180 2374 5252 principio
2405 5178 2641 5250 quidem
2666 5197 2770 5251 pro
2795 5197 2856 5234 se
2888 5179 3141 5251 quisque
3171 5178 3434 5234 susurris
3482 5178 3733 5250 impera-

2085 5271 2194 5324 tori
2228 5269 2835 5340 conviciari,alterque
2867 5268 3117 5324 alterum
3151 5268 3372 5324 hortari
3404 5285 3476 5323 ne
3534 5274 3735 5324 contu-

2086 5360 2318 5414 meliam
2341 5359 2515 5414 istam
2541 5359 2743 5415 leviter
2774 5359 3052 5424 ferat,sed
3068 5359 3136 5414 ad
3153 5359 3384 5428 justam
3415 5358 3734 5414 vindictam

2083 5465 2214 5505 sese
2246 5453 2427 5521 paret.
2465 5449 2598 5504 Post
2627 5448 2684 5502 in
2719 5463 2902 5502 unum
2927 5447 3152 5505 collecti
3186 5453 3400 5504 coetum
3434 5447 3494 5504 in
3527 5451 3734 5521 Magno

2082 5537 2348 5610 Templo,
2383 5537 2554 5594 dictis
2588 5537 2739 5593 ultro
2771 5537 3033 5609 citroque
3065 5539 3453 5594 sacramentis
3501 5555 3618 5594 non
3651 5538 3734 5594 si-

2081 5627 2260 5682 lentio
2316 5633 2374 5682 et
2439 5625 2624 5682 otiose
2689 5631 2910 5682 tantam
2984 5629 3238 5698 perferre
3297 5627 3732 5699 indignitatem,

2081 5717 2182 5774 sed
2240 5715 2491 5788 injurias
2553 5714 2758 5773 ulcisci
2817 5716 3088 5789 aversati,
3155 5721 3316 5786 sunt,
3401 5716 3733 5772 adamanti-
