4164 6416
388 391 498 452 351

1739 389 2054 451 GEORGII
2098 389 2439 451 CEDRENI

3686 385 3809 444 352

388 524 618 595 nisque,
652 524 804 594 quod
838 522 1026 590 aiunt,
1078 523 1329 579 vinculis
1386 524 1881 595 conspirationem
1946 542 2036 579 ro-

2168 520 2398 596 ἴεσμοῖς,
2460 520 2490 576 ὅ
2547 543 2725 600 φασιν,
2798 520 3161 595 ἀδαμαντίνος
3243 518 3624 597 ἠσφαλίσαντο
3702 518 3805 584 τὴν

390 615 692 668 borarunt.
779 612 1052 667 Ambusti
1134 613 1423 668 sententia
1504 619 1629 669 erat
1688 612 2041 685 Bryennium

392 719 623 774 quoque
654 704 711 757 in
771 704 1107 757 societatem
1169 705 1594 773 ascisccndum,
1656 696 1751 775 qui
1812 706 1881 757 ad
1938 704 2046 759 hoc

390 791 728 847 institutum
767 791 1088 863 plurimum
1125 793 1332 847 aﬁ‘erre
1365 794 1647 847 momenti
1685 798 1901 864 posset,
1936 810 2044 846 nu-

395 897 620 936 meroxo
656 882 962 952 praefectus
992 879 1267 936 exercitui
1304 883 1695 938 Macedonico.
1746 888 1937 952 Atque
1998 882 2047 935 is

390 976 653 1025 tentatus
689 970 963 1025 facillime
988 970 1261 1026 assensit.
1298 972 1546 1026 Proinde
1578 974 1637 1025 in
1670 972 2040 1026 deliberatio-

392 1075 524 1114 nem
556 1060 714 1114 venit
754 1060 844 1114 cui
896 1060 1234 1130 imperium,
1297 1077 1359 1115 re
1405 1078 1472 1115 ex
1523 1060 1703 1115 animi
1756 1062 2048 1116 sententia

390 1149 762 1214 succedente,
791 1149 1298 1204 deferretur.ldem
1335 1167 1574 1220 prorsus
1605 1151 1882 1205 omnibus
1905 1167 2040 1205 con-

383 1238 606 1309 juratis
636 1238 1149 1303 visum,Ambusto
1181 1238 1236 1293 id
1273 1240 2044 1307 deberi,a3tate,fortitudine

391 1332 450 1382 et
480 1326 689 1398 peritia
714 1328 941 1382 caeteris
974 1328 1291 1398 praestanti.
1327 1328 1544 1383 Verum
1583 1328 1676 1383 hic
1715 1346 1866 1384 onus
1895 1329 2038 1383 illud

392 1421 663 1472 excutere
694 1417 958 1487 cupiens,
993 1417 1341 1488 compendio
1372 1418 1683 1473 verborum
1714 1417 2044 1473 multitudi-

393 1521 528 1560 nem
563 1505 1092 1577 sustulit.Surgcns
1133 1505 1287 1560 enim
1319 1506 1470 1561 illico
1504 1511 1897 1562 Romanorum
1934 1508 2042 1562 im-

392 1600 716 1666 peratorem
743 1595 1070 1666 designavit
1094 1596 1443 1667 magistrum
1484 1597 1772 1652 Isaacium
1797 1596 2043 1652 Comne-

396 1698 562 1747 num,
597 1687 918 1754 auctorque
950 1681 1193 1753 reliquis
1224 1684 1333 1738 luit
1366 1684 1519 1739 idem
1546 1690 1611 1739 ut
1642 1684 2043 1740 facerent.I-loc

397 1771 571 1825 modo
602 1787 733 1825 cum
770 1787 831 1826 se
857 1776 1063 1826 mutuo
1088 1772 1505 1840 devinxissent,
1532 1790 1598 1829 ac
1628 1778 1915 1844 quantum
1953 1790 2043 1828 res

2155 606 2475 681 ἐπιϐουλήν.
2509 613 2600 682 Τῷ
2633 609 2691 666 δὲ
2722 613 3045 684 Κεκαυμὲνῳ
3087 608 3261 663 ἐδόκει
3319 606 3409 661 καὶ
3455 608 3548 662 τὸν
3608 604 3807 679 Βρυένο

2154 722 2267 755 νιον
2295 697 2697 774 προσλαϐέσθαι
2752 700 3100 773 συνωμότην,
3135 697 3270 753 λαοῦ
3323 718 3382 752 τε
3433 694 3655 750 πολλοῦ
3716 693 3808 768 ἅρ-

2155 809 2274 864 χειν
2345 791 2672 865 τεταγμένον
2750 795 2857 844 τῶν
2930 786 3310 843 Μακεδονικῶν
3370 784 3658 859 ταγμάτων
3718 784 3808 838 καὶ

2161 881 2296 954 μέγα
2358 883 2520 956 μέρος
2573 878 2779 945 ἔσεσθαι
2872 878 3148 953 μέλλοντα
3199 882 3296 933 τοῦ
3367 872 3808 947 σπουδάσματος.

2155 976 2242 1031 Ὡς
2296 968 2353 1024 δὲ
2400 971 2489 1025 καὶ
2543 970 2726 1037 οὗτος,
2766 969 2957 1045 πείρας
3001 968 3149 1040 αύτῷ
3192 964 3667 1042 προσενεχθείσης,
3716 983 3811 1017 τα-

2157 1062 2305 1134 χέως
2339 1059 2635 1129 ὑπήκουσε,
2672 1058 2867 1113 Λοιπὸν
2911 1057 3027 1112 τίνα
3078 1054 3469 1111 διεσκοποῦντο
3523 1051 3598 1114 εἰς
3654 1047 3811 1127 ἔργον

2155 1153 2583 1224 προχωροῦντος
2616 1148 2793 1203 αὐτῶν
2841 1150 2937 1202 τοῖ’)
2981 1144 3356 1222 βουλεύματος
3414 1144 3651 1198 ἀνειπεῖν
3715 1140 3807 1215 βα-

2157 1236 2330 1294 σιλέα.
2364 1237 2459 1291 Καὶ
2519 1243 2681 1292 πᾶσιν
2737 1233 2929 1298 ἁπλῶς
2989 1232 3237 1314 ἐφαίνετο
3293 1238 3410 1294 τοῖς
3467 1230 3812 1303 συνωμόταις

2156 1328 2230 1389 ὡς
2287 1327 2375 1381 καὶ
2435 1328 2583 1401 γήρᾳ
2635 1326 2723 1381 καὶ
2786 1323 2976 1401 ἀνδρίᾳ
3030 1325 3119 1379 καὶ
3172 1321 3428 1399 ἑμπειρίᾳ
3454 1325 3563 1376 τῶν
3623 1316 3813 1375 ἄλλων

2153 1414 2416 1490 προύχων
2478 1417 2505 1469 ὁ
2569 1414 2912 1488 Κεκαυμένος
2970 1415 3115 1487 ἄξιος
3164 1412 3238 1473 είς
3292 1416 3476 1468 τοῦτο.
3510 1410 3570 1467 Ὀ
3629 1406 3686 1462 δὲ
3723 1408 3815 1484 ἀφ’

2155 1506 2345 1559 ἑαυτοῦ
2414 1504 2476 1558 τὸ
2556 1506 2721 1578 βάρος
2796 1504 3177 1558 ἀποσείσασθαι
3249 1498 3494 1556 σπεύδων
3554 1498 3809 1570 συντόμῳ

2156 1593 2306 1668 λόγῳ
2363 1591 2579 1648 διέλυσε
2626 1596 2721 1655 τὰς
2779 1591 3135 1667 πολυλογίας·
3173 1590 3398 1651 ἀναστὰς
3454 1589 3557 1665 γὰρ
3612 1585 3811 1647 εὐθέως

2158 1680 2385 1757 βασιλέα
2441 1683 2730 1755 Ῥωμαίων
2791 1683 2975 1737 ἀνεῖπε
3047 1681 3140 1736 τὸν
3204 1681 3497 1755 μάγιστρον
3547 1676 3810 1733 Ἰσαάκιον

2154 1773 2241 1825 τὸν
2278 1773 2584 1844 Κομνηνὸν,
2620 1774 2703 1845 [Ρ.
2737 1772 2866 1846 797]
2923 1775 3085 1825 τοῦτο
3143 1767 3201 1824 δὶ
3256 1768 3387 1823 αὐτὸ
3446 1768 3669 1833 ποιῆσαι
3720 1762 3813 1819 καὶ

394 1859 617 1914 ferebat
645 1860 983 1915 institutum
1028 1861 1176 1916 621
1233 1862 1631 1931 roborassent,
1672 1867 1911 1933 accepto
1971 1862 2042 1916 ab

2168 1860 2278 1923 τοὺς
2351 1860 2585 1922 λοιποὺς
2655 1859 3067 1935 παρεσκεύασεν.
3118 1858 3274 1913 Οὕτω
3348 1854 3405 1912 δὶ
3460 1850 3811 1925 καταδεσμή-

2384 1948 2546 1960 η...
2794 1941 3777 1960 ..,.........ηι

391 1947 749 2020 imperatore
782 1955 1110 2005 commeatu
1171 1952 1411 2006 domum
1475 1951 1671 2023 quivis
1729 1967 1924 2019 suam,
1984 1956 2048 2006 ut

390 2041 727 2110 putabatur,
765 2038 1186 2095 discesserunt.

466 2251 597 2307 Jam
629 2255 686 2307 et
716 2251 1045 2323 Bryennius
1079 2251 1250 2308 rebus
1281 2253 1406 2309 suis
1437 2270 1504 2309 ex
1535 2253 1779 2310 arbitrio
1804 2254 2050 2327 impera-

404 2341 551 2395 toris
583 2340 919 2395 conslitutis
951 2340 1009 2395 in
1034 2341 1327 2397 Orientem
1388 2344 1606 2399 abibat.
1656 2344 2055 2399 Comitabatur

403 2445 540 2485 eum
581 2428 861 2500 patricius
889 2428 1147 2486 Joannes
1169 2431 1674 2503 Opsaras,missus
1702 2435 1773 2489 ab
1805 2434 2053 2505 impera-

407 2522 533 2574 tore
563 2536 697 2574 cum
730 2524 965 2587 auro,ut
997 2519 1286 2576 militibus
1344 2522 1641 2594 stipendia
1694 2528 2054 2578 numeraret.

408 2611 549 2661 Cum
585 2608 986 2679 pervenissent
1014 2608 1070 2662 in
1101 2610 1375 2681 supinam
1400 2614 1718 2682 quamdam
1752 2611 2053 2683 planitiem

405 2695 464 2750 in
509 2695 792 2752 Orientali
854 2697 1173 2767 provincia,
1232 2699 1677 2771 Cappadocibus
1737 2701 2058 2773 Bryennius

408 2786 661 2856 pendere
693 2785 868 2858 C(Bpit
890 2804 1012 2856 quae
1036 2803 1105 2842 ex
1124 2786 1475 2844 liberalitate
1494 2788 1868 2862 imperatoris
1891 2791 2062 2846 debe-

408 2875 644 2930 bantur.
677 2875 761 2929 lbi
795 2893 926 2930 cum
964 2875 1134 2947 plura
1165 2877 1285 2932 dari
1312 2878 1549 2949 juberet
1578 2895 1756 2951 quam
1811 2880 2058 2952 impera-

406 2968 501 3018 tor
523 2964 1333 3031 mandaverat,adversarium
1364 2967 1573 3023 habuit
1602 2968 1908 3040 Opsaram,
1944 2986 2055 3024 non

411 3052 629 3107 audere
650 3069 711 3107 se
733 3054 1020 3109 dicentem
1046 3055 1370 3126 quidquam
1392 3057 1604 3112 addere
1627 3058 1857 3129 injussu
1885 3059 2063 3128 impe-

410 3141 637 3197 ratoris.
652 3141 915 3215 Cumque
944 3143 1268 3215 Bryennius
1298 3161 1432 3199 eum
1466 3146 1765 3217 quiescere
1795 3151 1854 3200 et
1875 3147 2059 3201 omis-

2159 1971 2344 2012 σαντες
2374 1948 2684 2020 ἀλλήλους,
2718 1951 2809 2004 καὶ
2837 1950 2938 2018 τὴν
2981 1945 3190 2024 βουλὴν
3224 1946 3299 2008 ὡς
3331 1945 3453 2010 ἦνῆν
3507 1941 3816 2022 ἀσφαλισά-

2162 2060 2337 2112 μενοι,
2395 2038 2488 2093 καὶ
2543 2043 2623 2111 τῷ
2704 2035 2921 2113 βασιλεῖ
2972 2036 3364 2112 προσειπόντες
3422 2034 3489 2090 τὰ
3548 2032 3814 2107 ἐξιτήρια,

2156 2125 2382 2189 ἵκαστος
2414 2124 2601 2183 οῖ’καδε
2637 2132 2718 2199 τῷ
2751 2125 2929 2182 δοκεῖν
2962 2126 3348 2202 ἀπεφοίτησεν.

2232 2255 2388 2330 Ἀρτι
2451 2250 2510 2309 δὲ
2567 2253 2718 2308 καὶὸ
2776 2236 3054 2326 Βρυέννιος
3111 2255 3220 2306 τῶν
3273 2247 3611 2325 πραγμάτων
3670 2248 3826 2322 αὐτῷ

2160 2342 2570 2414 καθισταμένων
2629 2342 2704 2404 ὥς
2760 2363 2837 2412 πη
2910 2337 3085 2396 ἐδόκει
3151 2343 3229 2411 τῷ
3291 2336 3525 2415 βασιλεῖ,
3589 2335 3824 2414 διαπερᾷ

2162 2431 2298 2508 πρὸς
2331 2433 2429 2502 τὴν
2462 2434 2598 2499 Ἕω,
2631 2430 2775 2507 ἔχων
2831 2431 2949 2503 μεθ’
2996 2431 3191 2485 ἑαυτοῦ
3237 2428 3327 2483 καὶ
3386 2428 3477 2483 τὸν
3538 2427 3826 2502 πατρίκιον

2164 2520 2418 2590 Ἰωάννην
2497 2521 2588 2576 τὸν
2648 2522 2903 2595 Ὀψαρᾶν,
2960 2516 3368 2590 ἀπεσταλμένον
3432 2516 3490 2571 ὲκ
3549 2513 3827 2592 βασιλεως

2169 2610 2304 2684 μετά
2352 2610 2583 2686 χρυσίου
2629 2610 2709 2681 ἐφ’
2847 2614 2964 2670 τοῖς
3010 2608 3367 2682 στρατιώταις
3425 2603 3829 2679 διανεμηθῆναι

2164 2701 2227 2755 τὸ
2254 2701 2585 2774 σιτηρέσιον.
2620 2698 2918 2771 Γενόμενος
2952 2696 3010 2753 δὲ
3039 2699 3176 2753 κατά
3221 2718 3344 2752 τινα
3397 2695 3566 2751 τόπον
3621 2693 3828 2764 ἥπλω-

2172 2789 2329 2862 μενον
2362 2788 2451 2842 καὶ
2484 2787 2672 2842 ὕπτιον
2707 2786 2757 2841 ἐν
2789 2792 2869 2859 τῷ
2902 2787 3097 2859 θὲματι
3135 2790 3243 2840 τῶν
3279 2782 3647 2841 Ἀνατολικῶν
3706 2783 3824 2846 τοῖς

2170 2872 2559 2939 Καππαδόκαις
2606 2874 2843 2949 διένειμε
2897 2876 2997 2945 τήν
3048 2873 3479 2953 φιλοφροσύνην.
3538 2872 3823 2943 Ἐπαύξων

2169 2963 2351 3028 δὲτὰς
2384 2963 2582 3037 δόσεις,
2614 2966 2702 3020 καὶ
2762 2964 2933 3021 πλείω
2992 2968 3100 3019 τῶν
3151 2962 3496 3038 τεταγμένων
3555 2962 3827 3036 παρέχειν

2167 3056 2428 3125 κελεύων,
2480 3055 2867 3111 ἀντιπίπτοντα
2939 3053 3057 3129 εἶχε
3123 3053 3215 3108 τὸν
3274 3054 3513 3126 Ὀψαρᾶν
3591 3051 3681 3106 καὶ
3743 3052 3829 3123 μή

2174 3145 2533 3201 ὑπακούοντα*
2564 3144 2759 3223 ἔφασκε
2789 3144 2894 3220 γὰρ
2925 3144 3082 3205 οὗτος
3138 3143 3214 3215 μὴ
3245 3139 3459 3214 τολμᾷν
3508 3141 3838 3215 προσθήκας

408 3229 492 3285 sis
521 3229 714 3286 verbis
763 3248 938 3287 suum
999 3233 1341 3288 mandatum
1394 3234 1630 3305 exsequi
1677 3235 1934 3305 juberet,
1990 3251 2056 3290 ac

2172 3231 2378 3289 διδόναι
2407 3239 2524 3296 τοῖς
2588 3234 2967 3309 στρατιώταις,
3004 3228 3172 3304 μηδεν
3221 3233 3322 3285 τοῦ
3376 3226 3645 3305 βασιλέως
3702 3228 3837 3304 περὶ

406 3322 657 3391 Opsaras
726 3320 976 3375 ferocius
1051 3325 1423 3393 repugnaret,
1482 3323 1568 3378 ira
1652 3322 2058 3379 inflammatus

410 3408 735 3479 Bryennius
769 3425 801 3463 a
823 3408 969 3464 sella
991 3409 1262 3480 prosiluit
1283 3417 1341 3465 et
1371 3411 1653 3483 Opsaram
1679 3413 1895 3485 pugnis
1918 3413 2061 3468 ceci-

412 3495 521 3563 dit,
557 3495 912 3567 tandemque
945 3497 1208 3552 crinibus
1239 3502 1295 3553 et
1327 3499 1505 3554 barba
1528 3506 1858 3572 correptum
1894 3500 2060 3556 humi

410 3586 744 3656 prostravit,
778 3589 835 3639 et
863 3584 1114 3641 vinculis
1143 3586 1376 3658 injectis
1407 3588 1462 3642 in
1513 3606 1619 3644 suo
1668 3590 1916 3644 tentorio
1963 3607 2060 3645 as-

410 3673 677 3728 servavit.
713 3679 839 3746 Ipse
870 3691 1079 3730 aurum
1114 3675 1552 3748 imperatorium
1585 3678 1808 3750 accepit
1837 3696 1902 3733 ac
1961 3679 2062 3734 sti-

413 3761 630 3832 pendia
659 3762 983 3832 distribuit,
1028 3781 1252 3834 augens
1284 3783 1350 3821 ea
1383 3784 1485 3838 pro
1517 3784 1625 3823 suo
1674 3768 1937 3824 arbitrio.
1998 3772 2059 3825 In

414 3850 744 3924 propinquo
767 3859 958 3909 castra
990 3858 1115 3909 tum
1149 3854 1296 3911 forte
1319 3855 1573 3913 habebat
1608 3858 1931 3930 Lycanthes
1964 3875 2063 3931 pa-

412 3940 1023 4014 tricius,Lycaonibus
1054 3947 1109 3997 et
1144 3943 1355 4000 Pisidis
1387 3945 1780 4016 praefectust
1812 3948 1883 4002 de
1915 3946 2065 4003 male

411 4033 663 4085 tractato
691 4030 913 4103 Opsara
947 4031 1153 4087 nuntio
1180 4039 1437 4105 accepto,
1459 4035 1882 4107 suspicatus,id
1907 4038 2062 4108 quod

416 4118 721 4190 probabile
750 4125 894 4189 erat,
929 4137 1049 4175 rem
1083 4136 1211 4176 eam
1246 4123 1317 4177 ad
1358 4123 1688 4195 tyrannidis
1748 4124 2064 4181 affectatio-

419 4223 553 4262 nem
584 4213 869 4279 spectare,
903 4209 1140 4278 ignarus
1171 4210 1390 4283 quippe
1437 4212 1666 4269 consilii
1724 4232 1757 4268 a
1814 4214 2067 4272 ducibus

418 4295 806 4351 orientalibus
838 4296 1144 4365 initi,duas
1166 4299 1481 4356 orientales
1512 4300 1769 4374 legiones
1799 4304 1953 4360 622
1972 4321 2065 4359 ar-

422 4390 566 4451 mat,
598 4384 1066 4457 Michaelumque
1094 4386 1508 4458 imperatorem
1541 4390 1843 4448 celebrans
1873 4398 2065 4449 tento-

420 4473 571 4530 rium
603 4474 870 4546 Bryennii
893 4476 1069 4547 capit,
1105 4477 1458 4552 Bryennium
1489 4480 1690 4549 vincit,
1731 4482 2065 4554 eumquein

421 4568 770 4636 potestatem
803 4570 1035 4635 Opsara;
1063 4566 1311 4624 vinculis
1343 4569 1533 4624 soluto
1575 4570 1755 4629 dedit.
1801 4570 1905 4627 Hic
1936 4589 2064 4627 eam

2168 3322 2366 3379 τούτου
2434 3323 2847 3400 προστάξαντος.
2916 3324 3029 3378 Τοῦ
3103 3316 3161 3375 δὶ
3232 3317 3521 3393 Βρυεννίου
3592 3315 3837 3391 ἀτρέμας

2169 3407 2317 3488 ἔχειν
2377 3411 2627 3474 εἰπόντος
2684 3411 2775 3466 καὶ
2832 3416 3008 3465 ποιεῖν
3070 3412 3251 3481 σιωπῇ
3309 3408 3372 3462 τὸ
3401 3405 3827 3478 κεκελευσμένον

2169 3503 2675 3577 παρεγγυήσαντος,
2728 3500 3121 3561 ἀντιτείνοντος
3201 3494 3259 3552 δὲ
3313 3502 3414 3551 τοῦ
3478 3496 3676 3570 Ὀψαρᾶ
3730 3492 3827 3547 καὶ

2172 3591 2599 3667 θρασυνομένου,
2624 3589 2878 3667 ἀναφθεῖς
2911 3587 3112 3651 ἐκεῖνος
3156 3590 3234 3658 τῷ
3291 3590 3449 3659 θυμῷ
3489 3588 3585 3640 τοῦ
3630 3581 3831 3657 θρόνου

2169 3703 2229 3736 τε
2286 3679 2562 3735 ἀνίσταται
2620 3679 2710 3734 καὶ
2766 3675 3070 3740 κονδύλους
3129 3674 3308 3748 τούτῳ
3361 3668 3700 3749 προστρίϐει·
3736 3692 3834 3728 τε·-

2175 3770 2422 3827 λευταῖον
2466 3766 2524 3824 δὶ
2570 3768 2659 3824 καὶ
2689 3773 2797 3824 τῶν
2828 3772 3037 3843 τριχῶν
3069 3765 3157 3821 καὶ
3206 3772 3305 3835 τῆς
3359 3762 3631 3839 γενειάδος
3689 3763 3833 3836 ἀψά-

2178 3880 2340 3934 μανος
2368 3853 2701 3914 καταϐάλλει
2740 3862 2932 3913 τοῦτον
2966 3855 3044 3920 εἷς
3072 3857 3200 3931 γῆν,
3231 3854 3321 3909 καὶ
3364 3850 3536 3926 δεσμά
3587 3849 3833 3927 περιθεὶς

2174 3947 2227 4003 ἓν
2273 3951 2338 4022 τῇ
2388 3944 2501 4019 ἰδίᾳ
2557 3945 2808 4024 ἐφρούρει
2854 3949 3053 4019 σκηνῇ,
3088 3943 3246 4006 αὐτὸς
3304 3940 3363 3997 δὶ
3415 3943 3479 3997 τὸ
3541 3940 3828 4016 βασιλικὸν

2173 4036 2403 4113 ’χρυσίον
2443 4033 2755 4114 ἀνειληφὼς
2788 4034 3029 4090 ἔποεεῖτο
3061 4035 3157 4100 τήν
3202 4029 3471 4104 διανομὴν
3524 4031 3597 4093 ὡς
3655 4024 3833 4100 ἠϐούο

2175 4123 2301 4180 λετο
2361 4126 2479 4199 μεθ’
2514 4126 2824 4201 ὑπεροχῶν.
2884 4126 3092 4199 Ἔτυχε
3145 4119 3202 4176 δὶ
3257 4120 3380 4176 τότε
3450 4139 3837 4195 παραστρατο-

2173 4210 2390 4269 πεδύων
2451 4213 2613 4290 ἐγγὺς
2655 4214 2684 4268 ὁ
2717 4211 2999 4285 πατρίκιος
3059 4211 3366 4279 Λυκάνθης,
3425 4210 3512 4264 καὶ
3571 4213 3680 4263 τῶν
3734 4214 3837 4263 Πι-

2235 4300 2300 4357 δ..
2474 4301 2488 4323 κ
2716 4303 2728 4321 ,
3011 4300 3024 4321 ,
3304 4299 3331 4319 ν
3528 4297 3542 4314 ι
3633 4297 3653 4330 ι.

2176 4324 2225 4357 σι
2268 4326 2341 4357 ων
2399 4324 2490 4359 και
2549 4311 2840 4358 Λυκαόνων
2891 4304 3220 4375 ἡγουμενος.
3254 4301 3429 4361 Ουτος
3486 4319 3553 4353 τα
3606 4318 3682 4359 ες
3739 4298 3835 4352 τὸν

2174 4393 2412 4465 Ὀψαρᾶν
2471 4386 2860 4465 συμϐεϐηκότα
2934 4388 3294 4457 ἀκουτισθεὶς,
3353 4389 3441 4443 καὶ
3514 4382 3836 4461 τυραννίδος

2179 4480 2441 4551 ἐπίθεσιν,
2503 4482 2684 4555 ὥσπερ
2759 4478 2825 4547 ἦν
2901 4479 3067 4547 εἰκὸς,
3126 4480 3226 4548 τὴν
3285 4477 3475 4551 πρᾶξιν
3537 4469 3839 4531 ὑπολαϐὼν

2179 4569 2269 4644 (ἦν
2299 4570 2400 4646 γὰρ
2430 4574 2538 4625 τῶν
2561 4575 2679 4632 τοῖς
2712 4569 2873 4642 ἑῴοις
2904 4565 3138 4643 ἄρχουσι
3175 4560 3621 4641 βεϐουλευμένων
3651 4563 3836 4637 ἀμύη-

421 4634 629 4709 nactus
662 4634 959 4711 licentiam
989 4656 1275 4729 Bryennio
1303 4658 1500 4714 statim
1529 4660 1762 4715 occulos
1784 4661 2056 4728 elfodit,e1

2176 4663 2314 4733 τος),
2348 4657 2684 4717 καθοπλίσας
2743 4658 2809 4713 τὰ
2868 4654 2963 4712 δύο
3019 4660 3127 4711 τῶν
3159 4654 3537 4710 Ἀνατολικῶν
3584 4652 3842 4730 τάγματα

418 4742 681 4798 vinctum
716 4744 785 4799 ad
820 4745 1228 4818 imperatorem
1266 4748 1465 4824 mittit,
1489 4747 1872 4805 defectionem
1898 4750 1969 4805 ab
2000 4766 2067 4805 eo

418 4837 704 4889 tentatam
736 4834 915 4889 simul
951 4842 1405 4909 exponens.Ipse
1425 4854 1492 4893 eo
1515 4836 1621 4893 loci
1646 4843 2067 4909 commoratur,

420 4922 646 4980 scilicet
675 4932 740 4979 ut
761 4924 1046 4997 reliquam
1082 4926 1556 4982 distributionem
1588 4928 1919 4984 conﬁceret.
1953 4929 2069 4984 Has

420 5029 539 5067 suae
565 5014 916 5070 temeritatis
947 5032 1012 5069 ac
1042 5016 1396 5086 pertinaciae,
1425 5032 1499 5071 ne
1530 5017 1719 5071 dicam
1781 5017 2066 5074 stolidita-

419 5101 518 5168 tis,
547 5120 743 5173 paanas
771 5105 929 5159 dedit
958 5104 1304 5178 Bryennins.
1342 5112 1409 5163 At
1461 5105 1752 5177 principes
1805 5108 1909 5162 viri
1967 5107 2067 5179 qui

419 5190 476 5246 in
512 5192 782 5247 orientali
814 5194 1113 5265 provincia
1144 5194 1735 5266 habitabant,prasses
1766 5196 2067 5253 Romanus

420 5280 794 5349 Durus(nam
825 5288 882 5337 et
915 5284 962 5339 is
994 5284 1420 5355 conjurationis
1443 5290 1567 5339 erat
1588 5285 2063 5358 socius).Burtza,

416 5369 1014 5435 Botaneiates,Basilii
1045 5372 1249 5446 Argyri
1281 5373 1407 5441 filii,
1443 5379 1499 5428 et
1530 5374 1761 5445 reliqui,
1795 5392 1927 5431 cum
1962 5377 2064 5432 ba-

420 5464 626 5515 ctenus
645 5475 707 5514 se
736 5460 1167 5519 continuissent
1192 5468 1249 5519 et
1277 5462 1620 5519 defectionis
1660 5464 1897 5521 initium
1956 5466 2063 5523 ali-

418 5550 577 5605 unde
646 5556 1098 5620 exspectassent,
1169 5559 1481 5625 postquam
1532 5553 1948 5612 inaudiverunt
2002 5558 2063 5613 in

421 5654 597 5710 quam
632 5655 691 5692 se
754 5655 860 5694 sua
920 5641 1202 5697 vzscor-lia
1257 5642 1607 5714 conjecisset
1662 5645 2061 5702 calamitatem

419 5726 769 5801 Bryennius,
802 5727 1010 5786 callide
1039 5735 1390 5802 ruputantes
1416 5747 1554 5790 eum
1606 5735 1930 5805 quaestione
1959 5736 2062 5794 sd-

2181 4748 2476 4806 ἰπιτίθεται
2502 4752 2572 4823 τῇ
2604 4752 2779 4822 σκηνῇ
2826 4751 2923 4801 τοῦ
2972 4743 3281 4821 Βρυεννίου,
3312 4741 3688 4820 αὐτοκράτορα
3737 4742 3835 4798 τὸν

2177 4836 2410 4914 Μιχαὴλ
2441 4837 2728 4914 εὐφημῶν.
2760 4835 2861 4891 Καὶ
2890 4839 3082 4891 τοῦτον
3127 4834 3221 4907 μὶν
3268 4831 3457 4905 δεσμεῖ
3515 4829 3838 4906 κατασχὼν,

2178 4925 2412 4982 ἀπολύει
2467 4923 2525 4981 δὲ
2579 4925 2669 4982 καὶ
2721 4926 2813 4980 τὸν
2859 4925 3100 4999 Ὀψαρᾶν
3158 4926 3265 4977 τῶν
3326 4917 3565 4994 δεσμῶν,
3595 4918 3685 4975 καὶ
3733 4921 3833 4976 τὸν

2179 5016 2468 5091 Βρυὲννιον
2528 5014 2680 5088 αὐτῷ
2736 5011 3018 5088 παραδοὺς
3073 5010 3246 5073 οὕτως
3306 5012 3380 5073 ὡς
3432 5010 3549 5085 εἶχε
3600 5008 3837 5078 κλοιῶν,

2178 5108 2419 5183 χρῆσθαι
2477 5104 2657 5177 τούτῳ
2713 5102 2925 5160 κελεύει
2978 5102 3053 5163 ὡς
3111 5098 3388 5176 βούλεται.
3420 5099 3481 5157 Ὁ
3532 5095 3589 5154 δὶ
3626 5097 3839 5163 ἀνεθεὶς

2175 5203 2275 5266 τῆς
2304 5193 2479 5265 πέδης
2532 5196 2620 5250 καὶ
2653 5193 2906 5269 πράττειν
2934 5193 2964 5248 ὃ
2995 5189 3141 5246 θὲλει
3198 5189 3387 5264 κύριος
3442 5188 3682 5264 γεγονὼς
3735 5193 3838 5243 τοῖς

2181 5285 2274 5359 μὶν
2309 5285 2596 5361 Βρυεννίου
2628 5282 2824 5347 εὐθέως
2874 5280 3141 5358 ἐξορύττει
3189 5277 3316 5340 τοὺς
3365 5277 3687 5353 ὀφθαλμοὺς
3741 5279 3836 5333 καὶ

2175 5373 2231 5437 ἐς
2269 5372 2495 5451 βασιλία
2544 5371 2738 5429 τοῦτον
2784 5368 3071 5444 δεσμώτην
3117 5367 3408 5441 ὶκπὲμπει,
3444 5367 3687 5441 μηνύσας
3742 5366 3837 5422 καὶ

2173 5465 2273 5535 τήν
2326 5462 2702 5537 τολμηθεῖσαν
2750 5458 3077 5517 ἀποστασίαν
3110 5476 3124 5492 ο
3187 5458 3218 5514 ὁ
3277 5453 3334 5511 δδ
3399 5456 3701 5532 προσέμενε
3754 5460 3838 5528 τῷ

2170 5553 2329 5627 τόπῳ
2359 5553 2437 5615 ὡς
2461 5551 2606 5628 τάχα
2633 5552 2733 5620 τὴν
2767 5550 2845 5615 εἷς
2893 5549 2984 5604 τὸν
3017 5543 3213 5603 λοιπὸν
3273 5543 3405 5601 λαὸν
3464 5542 3828 5620 διενεργῆσων

2173 5640 2468 5716 διανομήν.
2526 5640 2625 5696 Καὶ
2685 5641 2714 5695 ὁ
2777 5639 2871 5715 μὶν
2932 5636 3219 5714 Βρυὲννιος
3273 5632 3528 5698 τοιαύτας
3579 5631 3832 5689 ἀπέδωκε

2173 5730 2326 5797 δίκας
2382 5737 2483 5804 τῆς
2542 5730 2736 5789 tu.ch
2792 5723 3114 5806 προπετείας
3142 5722 3234 5782 καὶ
3263 5718 3565 5796 αὐθαδείας,
3593 5720 3688 5780 ’ίνα
3747 5725 3830 5799 μὴ
