4164 6402
322 373 446 432 353

1493 374 2037 437 HISTORIARUM
2083 375 2237 436 C011
2255 377 2481 437 PENDl
2496 379 2535 436 [τ
2552 377 2601 435 Μ
2615 421 2628 435 .

3653 393 3773 452 354

329 501 582 578 λεγωμεν
637 503 860 567 ἀνοίας’
893 507 944 560 οἱ
974 502 1032 560 δὲ
1066 505 1201 561 κατά
1229 506 1292 561 τὸ
1323 505 1463 580 θὲμα
1490 509 1597 560 τῶν
1626 502 2000 594 Ἂνατολικῷν

2131 505 2304 562 Jibita
2334 508 2828 579 conspirationem
2863 510 3259 571 indicaturum
3286 521 3344 573 et
3373 535 3490 576 rem
3516 522 3645 594 ejus
3675 541 3767 580 so-

345 595 443 656 τὶς
473 591 720 664 ο⁸κήσεις
754 590 979 669 ἔχοντες
1002 591 1288 669 ἄρχοντες,
1339 596 1367 650 6
1410 592 1688 672 πρόοδρος
1729 593 2007 666 Ῥωμανὸς

350 683 377 736 ὁ
414 680 665 753 Σκληρὸς
701 682 794 755 (ἦν
825 681 928 757 γὰρ
956 678 1069 736 οὐδ’
1099 681 1261 745 αὐτὸς
1290 679 1391 752 ἔξω
1420 685 1527 737 τῶν
1580 679 2007 754 ὀμωμοκότων),

347 774 374 826 ὁ
436 771 746 846 Βοῦρτζης,
807 772 835 825 6
872 770 1253 839 Βοτανειάτης,
1284 772 1336 825 οἱ
1371 769 1662 828 Βασιλείου
1689 774 1788 825 τοῦ
1820 770 2009 845 Ἀργυ-

343 865 450 933 ροῦ
480 857 673 922 παῖδες
705 860 795 914 καὶ
846 862 874 915 6
909 859 1103 922 λοιπὸς
1136 858 1361 933 ὅμιλος,
1384 859 1520 924 τὲως
1552 860 1647 933 μὲν
1686 860 1820 929 ἦσαν
1874 865 2008 932 ἦρε-

350 955 581 1022 μ·›ὖντες
629 950 720 1004 καί
781 950 961 1024 ἀρχὴν
1012 948 1340 1013 ἀποστασίας
1385 946 1695 1025 ἀλλαχόθεν
1756 948 2005 1024 προσμέ-

349 1060 554 1102 νοντεςθ
603 1038 720 1093 ἐπεὶ
781 1035 838 1093 δὲ
897 1037 1156 1094 ἐπύθοντο
1212 1039 1281 1094 τὰ
1342 1037 1479 1093 κατὰ
1528 1038 1621 1092 τὸν
1677 1044 1964 1112 Βρυεννιον
1993 1080 2007 1107 ,

353 1131 448 1202 ζὶ).
484 1130 606 1201 798]
659 1126 750 1182 καὶ
810 1125 952 1190 οἵαις
981 1127 1166 1181 ἑαυτὸν
1225 1123 1383 1188 οὗτος
1429 1120 1824 1205 φρενοϐλαϐῶς
1877 1137 2009 1190 καθ-

355 1214 593 1272 υπέὅαλε
637 1215 858 1292 τύχαις,
892 1216 1163 1290 ἐντρεχῶς
1196 1214 1540 1290 λνγισάμενοι
1572 1216 1646 1277 ὡς
1684 1213 2010 1289 ἐταζόμενος

349 1308 510 1369 οὗτος
560 1305 860 1383 ἀποφήνειε
915 1307 1013 1375 τὴν
1049 1304 1390 1378 συνωμοσίαν
1433 1303 1522 1359 καὶ
1567 1304 1669 1359 οὐκ
1708 1304 1787 1367 εἰς
1843 1303 2011 1360 καλὸν

340 1401 464 1456 τοῖς
525 1393 868 1468 συνωμόταις
923 1392 986 1448 td
1043 1392 1202 1456 τέλος
1261 1393 1726 1469 ὲπενεχθήσεται,
1788 1391 2012 1468 ἄραντες

2119 595 2227 651 ciis
2259 595 2407 651 male
2437 602 2773 661 cessuram;
2796 600 3050 658 universi
3084 606 3140 658 in
3173 605 3633 680 Paphlagoniam
3666 614 3768 670 Ca-

2119 687 2560 753 stamonem(sic
2582 687 2989 760 appellabatur
3009 693 3221 750 domus
3239 698 3443 753 Isaacii
3468 705 3766 778 Comneni)

2120 791 2181 829 se
2213 777 2567 846 conferunt;
2611 794 2863 849 cumque
2896 781 3089 850 ipsum
3120 800 3356 857 quoque
3384 789 3577 846 adhuc
3601 777 3773 864 quie-

2119 871 2379 920 scentem
2413 866 2937 936 deprehenderent,
2973 872 3228 928 excitant
3259 876 3344 931 vel
3370 877 3642 952 invitum,
3701 902 3768 940 ac

2120 969 2250 1007 cum
2286 971 2352 1009 eo
2386 955 2627 1011 veniunt
2656 956 2725 1010 ad
2760 959 3038 1027 Gunaria,
3071 963 3170 1033 qui
3210 971 3300 1018 est
3359 966 3521 1023 locus
3555 970 3765 1042 planus

2121 1048 2297 1114 atque
2327 1044 2582 1113 amplus.
2616 1045 2695 1100 Eo
2718 1050 3049 1103 convocatis
3080 1051 3180 1122 qui
3216 1052 3273 1108 in
3330 1055 3547 1113 vicinia
3604 1068 3770 1117 erant

2121 1132 2275 1186 823
2312 1132 2804 1199 militibus,etiam
2836 1143 3042 1208 sponte
3073 1157 3179 1195 sua
3204 1144 3405 1200 multis
3436 1163 3502 1202 eo
3534 1151 3769 1221 cognito

2122 1236 2213 1274 res
2247 1237 2426 1276 novas
2458 1221 2662 1294 agitari
2696 1224 3153 1300 confluentibus,
3192 1232 3451 1288 omnium
3478 1253 3765 1295 consensu

2122 1308 2407 1364 Isaacinm
2433 1312 2793 1367 Comnenum
2832 1313 3242 1386 imperatorem
3279 1323 3558 1390 salutant,
3591 1327 3684 1384 die
3738 1331 3772 1384 8

2120 1398 2276 1452 Judii
2312 1400 2553 1464 mensis,
2582 1398 2901 1458 indictione
2930 1404 3013 1471 10,
3048 1422 3202 1462 anno
3228 1411 3431 1466 mundi
3461 1415 3625 1471 6565.

340 1486 582 1545 ἅπαντες
611 1484 946 1558 ἀπέρχονται
979 1481 1030 1537 ἐν
1064 1479 1421 1558 Παφλαγονίᾳ
1448 1482 1585 1538 κατά
1610 1484 1711 1553 τήν
1746 1484 2095 1557 Κασταμόνα·
2131 1488 2283 1548 οἶκος
2316 1484 2373 1541 δὲ
2420 1490 2454 1557 ἡ
2502 1489 2806 1560 Κασταμὼν
2856 1495 2954 1546 τοῦ
3004 1493 3275 1551 Ἰσαακίου
3328 1500 3626 1577 μαγίστρου
3674 1511 3770 1561 τοῦ

342 1575 671 1644 Κομνηνοῦ.
708 1565 1107 1633 Καταλαϐόντες
1138 1568 1196 1625 δὲ
1223 1571 1311 1625 καὶ
1344 1570 1504 1626 αὐτὸν
1537 1573 1851 1644 ἠρεμοῦντα
1883 1570 1959 1626 ἔτι
1992 1572 2240 1628 ἀνιστῶσι
2274 1575 2363 1629 καὶ
2395 1576 2615 1644 ἄκοντα,
2647 1578 2736 1631 καὶ
2775 1576 3029 1655 ἔρχονται
3084 1590 3202 1655 μετ’
3250 1585 3416 1641 αὐτοῦ
3466 1592 3602 1646 κατά
3652 1615 3773 1650 τινα

339 1662 519 1716 τῦπον
545 1658 756 1733 ὁμαλὸν
784 1659 872 1714 καὶ
905 1657 1116 1722 πλάτος
1147 1657 1332 1714 ἱκανὸν
1353 1654 1573 1735 ἔχοντα’
1610 1661 1870 1734 Γουνάρια
1901 1661 1928 1715 6
1958 1660 2127 1725 τόπος
2154 1664 2606 1734 κατονομάζεται.
2642 1666 2869 1721 Κάκεῖσε
2915 1668 3043 1731 τοὺς
3092 1670 3532 1751 πλησιοχώρους
3581 1680 3772 1758 ἀθροί-

345 1770 533 1811 σαντες
568 1747 924 1824 στρατιώτας,
956 1748 1043 1802 καὶ
1073 1746 1200 1809 τοὺς
1234 1746 1352 1802 ὅσοι
1381 1748 1688 1820 πυθόμενοι
1715 1750 1815 1817 τὴν
1845 1748 2059 1816 κίνησιν
2091 1749 2365 1805 ἐθελονταῖ
2399 1752 2785 1826 παρεγένοντο,
2821 1759 2956 1828 μετὰ
2985 1758 3199 1815 πάντων
3254 1764 3429 1819 αὐτῶν
3482 1767 3771 1846 ἀναγοριῦ.

344 1861 467 1893 ουσι
496 1843 692 1893 τοῦτον
724 1835 1097 1913 αὓτοκράτορα
1130 1838 1357 1912 βασιλέα
1384 1835 1697 1911 Ῥωμαίων,
1727 1835 1930 1913 ὀγδόην
1960 1835 2183 1914 ἄγοντος
2222 1839 2345 1894 τότε
2392 1844 2489 1896 τοῦ
2541 1843 2769 1897 Ἰουνίου
2822 1847 3015 1917 μηνὸς,
3066 1856 3167 1919 τῆς
3223 1853 3254 1905 ι’
3280 1850 3616 1914 ῗνδικτιῶνος
3671 1866 3770 1918 τοῦ

340 1930 503 2007 ’ςερξέ
534 1927 711 1990 ἔτους.

420 2053 833 2129 Ἀναγορευθεὶς
877 2050 935 2107 δὲ
991 2050 1272 2129 βασιλεὺς,
1332 2049 1742 2127 στρατοπεδείαν
1805 2052 2012 2129 ὀχυρὰν
2047 2059 2093 2123 Β

358 2142 681 2216 πηξάμενος,
728 2144 1031 2217 προσέμενε
1076 2146 1155 2213 τῷ
1195 2137 1374 2215 τόπῳ,
1406 2138 1773 2217 ἑκδεχόμενος
1821 2142 2006 2219 ἀθροιο

357 2239 555 2303 σθῆναι
607 2232 693 2286 καὶ
747 2230 876 2293 τοὺς
944 2229 1199 2298 λοιποὺς,
1250 2230 1443 2286 ὁπόσοι
1512 2233 1880 2307 μετεσχήκασι
1908 2238 2011 2301 τῆς

353 2321 718 2394 συνωμοσίας.
764 2317 939 2375 Πλέον
988 2317 1045 2375 δὲ
1093 2319 1254 2375 αὐτὸν
1305 2325 1585 2395 καρτερεῖν
1620 2320 1864 2384 ἀνέπειθε
1919 2321 2010 2376 καὶ

352 2412 438 2483 μή
518 2407 945 2485 προεξά).λεσθαι
1026 2410 1061 2480 ἠ
1129 2413 1227 2464 τοῦ
1299 2410 1652 2483 Κεκαυμένου
1714 2406 2007 2485 βραδύτης·

350 2499 818 2572 διασκοπουμένφ
886 2498 991 2575 γὰρ
1063 2498 1214 2571 αὖτῷ
1270 2497 1361 2554 καὶ
1407 2499 1470 2553 τὸ
1523 2496 1696 2553 α’ίτιον
1758 2502 2010 2569 ζητοῦντι

343 2598 452 2660 τῆς
512 2586 852 2666 βραδυτῆτος
911 2586 1145 2663 ἄγγελός
1195 2609 1281 2651 τις
1329 2588 1388 2643 ἐκ
1442 2594 1545 2657 τῆς
1603 2588 1776 2661 Ἐῲας
1834 2586 2009 2651 ἐλθὼν

352 2674 682 2753 ἀπήγγειλεν
714 2675 792 2736 ὡς
827 2673 1230 2749 μεταμεληθεὶς
1262 2673 1462 2736 ἐκεῖνος
1492 2677 1601 2728 τῶν
1643 2695 1701 2729 τε
1746 2671 2008 2729 δοθέντων

351 2766 534 2838 ὅρκιον
591 2762 841 2840 ἠλόγησε
891 2763 982 2819 καὶ
1038 2768 1104 2817 τά
1165 2760 1441 2840 βασιλέως
1483 2769 1674 2838 φρονεῖ
1727 2762 1817 2818 καὶ
1877 2760 2009 2818 λαὸν

343 2855 595 2929 ἀθροιζει
656 2853 739 2928 ἐφ’
790 2853 835 2927 ᾦ
892 2858 1008 2914 τοῖς
1067 2852 1406 2925 ἀνταίρουςιν
1457 2850 1829 2923 ἐπιθήσεσθαι.
1863 2851 2011 2923 Αὕτη

344 2943 402 3000 δὲ
462 2948 499 3013 ἡ
564 2940 802 3019 ἀγγελία
859 2942 963 2997 οὐκ
1017 2962 1093 3003 εις
1155 2941 1349 3015 μικρὰν
1383 2940 1618 3016 ἀγωνίαν
1646 2941 2012 3018 καὶταραχήν

345 3029 577 3090 ἐνέϐαλε
622 3031 752 3094 τοὺς
804 3031 928 3107 περὶ
987 3031 1078 3085 τὸν
1134 3030 1443 3104 Κομνηνὸν,
1478 3029 1524 3085 εί
1561 3027 1816 3103 μέλλοιεν
1878 3026 2007 3101 ἕξειν

340 3127 604 3179 τοιοῦτον
670 3120 870 3197 ἐχθρὸν
926 3120 1063 3176 κατὰ
1117 3120 1342 3175 νώτων·
1398 3116 1482 3174 διὸ
1546 3119 1633 3174 καὶ
1691 3118 2010 3194 ἐκαρτέρουν

345 3213 399 3268 ἐν
460 3217 547 3283 τῷ
604 3210 805 3287 χάρακι
886 3214 1076 3283 μαθεῖν
1151 3210 1254 3279 τήν
1310 3207 1569 3280 ἀλήθειαν
1628 3207 2016 3285 ὀριγνώμενοι.

347 3300 515 3357 ’Δλλ⁹
578 3301 631 3355 οἱ
665 3300 763 3373 μὲν
791 3298 923 3367 ἦσαν
958 3297 1012 3353 ἐν
1037 3298 1274 3366 τούτοις,
1327 3299 1355 3353 ὁ
1387 3295 1445 3352 δὲ
1476 3297 1812 3371 Κεκαυμένος
1842 3297 2021 3373 ἔμεινε

349 3393 451 3462 τὴν
539 3389 745 3444 οἰκείαν
823 3388 1053 3464 γνώμην
1130 3385 1416 3465 φυλάττων
1489 3393 1605 3450 τοῖς
1680 3389 2021 3462 συνωμόταις

352 3480 549 3555 ἐπεῖχε
603 3476 663 3534 δὲ
723 3479 912 3534 ἑαυτὸν
970 3478 1063 3533 καὶ
1123 3472 1379 3552 ἐϐράδυνε
1409 3473 1498 3532 διὰ
1526 3477 1782 3549 τοιαύτην
1816 3477 2016 3537 αῗτίαν.

358 3571 493 3626 Ὀτε
547 3575 650 3638 τῆς
716 3564 1000 3642 βασιλίδος
1080 3566 1313 3637 ἐξελθὼν
1371 3566 1649 3621 ἀπενόστει
1703 3564 1786 3622 ἐπ’
1842 3565 2019 3640 οἶόιου,

362 3658 651 3732 γενόμενος
694 3658 747 3713 ἐν
800 3654 1145 3730 Νικομηδείᾳ
1169 3655 1261 3711 καὶ
1289 3652 1630 3732 ταχυδρόμῳ
1686 3660 2021 3728 συναντήσας

368 3742 642 3821 βασιλικῷ
702 3745 897 3820 μηνύει
953 3742 1026 3799 δι’
1083 3745 1250 3799 αὐτοῦ
1278 3749 1358 3817 τῷ
1390 3743 1657 3820 λογοθὲτῃ
1682 3750 1778 3800 τοῦ
1811 3743 2022 3823 δρόμου

362 3837 580 3906 Nor/,1;
620 3839 700 3907 τῷ
739 3831 1029 3910 Ξυλινίτῃ,
1095 3831 1166 3889 δι’
1217 3834 1432 3911 ἀφελῶν
1494 3835 1584 3889 καὶ
1616 3841 2018 3911 στρατιωτικῶν

366 3924 652 3999 ῥημάτων·
713 3948 739 3975 ι‹
799 3924 887 3985 Ὠς
948 3919 1089 3992 οῖδα,
1150 3922 1195 3976 ὧ
1253 3919 1473 4001 ἀδελφὶ,
1526 3923 1678 3985 ὁσὸς
1710 3923 1902 3999 κύριος
1931 3925 2022 3980 καὶ

373 4010 632 4086 βασιλεὺς
670 4012 794 4087 παρ’
850 4008 1003 4066 οὐδὲν
1057 4009 1423 4086 λογισάμενος
1467 4011 1560 4066 τὸν
1602 4014 1900 4085 Κομνηνὸν
1929 4015 2022 4069 καὶ

374 4099 497 4172 ἐμὲ,
549 4100 633 4153 καὶ
680 4101 765 4163 τὰς
800 4097 1013 4172 δεήσεις
1061 4102 1222 4173 ἡμῶν
1283 4100 1773 4175 ἀποπεμψάμενος,
1807 4102 2021 4177 ἀτίμως

370 4189 467 4245 ἐπ’
520 4189 669 4244 οῩκου
716 4189 1059 4264 ἂπίπεμψεν.
1114 4187 1272 4246 Ἀλλ’
1332 4187 1439 4254 ἴσθι
1490 4188 1573 4245 ὅτι
1604 4192 1769 4263 ἡμεῖς
1800 4192 2022 4266 ἄπιμεν,

367 4280 426 4333 Ὀ
485 4276 545 4334 δὲ
599 4276 713 4352 ἅμα
764 4280 872 4351 eoi,
905 4278 953 4334 εἷ
986 4277 1351 4353 ἀπαρέσκεσθε
1396 4283 1466 4354 τῇ
1516 4280 1760 4356 ἡμετέρᾳ
1790 4281 2022 4358 ὑποχω-

360 4371 547 4446 ρήσει,
602 4367 933 4443 ὑποστρέψαι
994 4368 1082 4423 καὶ
1132 4366 1361 4430 ἄκοντας
1411 4368 1487 4430 εἴς
1543 4369 1793 4425 τούπίσω
1845 4393 2023 4448 παρα-

357 4460 679 4517 σκευάσατε,
729 4456 1149 4520 ἀποστείλαντες
1200 4454 1427 4531 δύναμιν
1459 4501 1473 4517 .
1538 4460 1640 4514 Καὶ
1700 4464 1866 4515 ταῦτα
1928 4464 2021 4536 μὲν

362 4547 533 4602 εἰπὼν
611 4550 692 4617 τῷ
767 4544 1108 4623 ταχυδρόμῳ
1173 4553 1275 4616 τῆς
1340 4546 1566 4622 πορείας
1635 4549 2025 4624 συντονώτερον

364 4637 573 4711 ε”γετοο
634 4632 822 4703 ἐπειδὴ
883 4632 942 4690 δὲ
999 4630 1184 4689 οἷ’καδε
1238 4633 1452 4711 γένοιτο
1502 4634 1592 4690 καὶ
1650 4637 1679 4693 6
1740 4639 2028 4711 Κομνηνὸς

365 4726 566 4797 ἠρέμει
645 4724 719 4786 ὡς
776 4724 923 4799 τάχα
986 4720 1153 4797 μηδὲν
1217 4722 1463 4799 μετέχων
1528 4728 1626 4779 τοῦ
1680 4723 1837 4802 ἔργον
1873 4772 1887 4799 ,
1948 4728 2026 4794 εἷς

2204 2057 2525 2129 imperator
2553 2063 2787 2117 creatus
2839 2064 3047 2119 castris
3092 2071 3476 2129 communitis
3530 2091 3598 2132 eo
3643 2075 3771 2135 loco

2121 2147 2468 2218 permansit,
2503 2146 2863 2220 reliquorum
2896 2153 3071 2209 etiam
3097 2158 3523 2229 conjurationis
3584 2182 3771 2239 popu-

2120 2233 2330 2290 larium
2363 2242 2706 2309 exspectans
2737 2241 3171 2304 adventu'm.Ne
3203 2254 3398 2307 autem
3430 2233 3609 2311 citius
3637 2233 3773 2329 pro-

2121 2324 2329 2392 siliret,
2363 2327 2462 2381 sed
2500 2343 2723 2383 moram
2757 2330 3059 2401 perferret,
3082 2337 3332 2394 maxime
3363 2356 3496 2397 eum
3525 2324 3773 2403 tarditas

2118 2413 2388 2469 Ambusti
2424 2416 2621 2471 movit.
2656 2416 2838 2488 Cujus
2869 2420 2939 2475 de
2969 2438 3148 2479 causa
3178 2441 3307 2481 cum
3341 2446 3541 2486 secum
3572 2432 3772 2505 dispu-

2120 2506 2292 2569 taret,
2328 2503 2484 2558 venit
2514 2505 2753 2575 quidam
2778 2524 2847 2562 ex
2881 2508 3116 2567 Oriente
3177 2516 3444 2587 nuntius,
3503 2503 3775 2580 indicans

2121 2606 2256 2645 eum
2296 2597 2519 2647 mutata
2542 2595 2835 2651 sententia
2855 2599 3329 2670 etjurejnrandu
3354 2611 3572 2678 spreto,
3623 2616 3776 2669 stra-

2121 2679 2305 2734 tiotici
2341 2681 2516 2738 rebus
2546 2684 2805 2753 studere,
2839 2689 3275 2762 exercitumque
3317 2700 3665 2756 contrahere
3706 2703 3775 2758 ad

2124 2767 2536 2825 debellandum
2569 2772 2955 2833 adversarios.
2982 2778 3113 2834 Haec
3144 2797 3236 2837 res
3268 2800 3381 2840 non
3415 2784 3597 2844 levem
3664 2791 3779 2848 sol-

2126 2854 2491 2913 licitudinem
2517 2864 2693 2932 atque
2716 2866 3216 2934 perturbationem
3240 2871 3441 2929 attulit
3461 2875 3780 2949 Comneno,

2126 2945 2304 3001 talem
2337 2947 2563 3004 hostem
2596 2968 2629 3006 a
2656 2955 2816 3024 tergo
2848 2954 3062 3012 habere
3095 2957 3447 3033 intelligenti
3474 2966 3596 3023 fure
3628 2945 3780 3040 peri;

2129 3033 2595 3093 culosissimum.
2630 3042 2833 3113 Itaque
2872 3060 2934 3099 se
2991 3048 3203 3103 castris
3259 3051 3576 3125 continuit,
3628 3033 3774 3114 dum

2128 3125 2266 3178 certi
2300 3125 2523 3197 aliquid
2556 3137 2954 3202 cognosceret.
2987 3135 3269 3193 Craterum
3304 3142 3774 3214 Ambusto,tam-

2128 3214 2237 3267 etsi
2263 3216 2320 3271 in
2344 3218 2546 3272 eadem
2589 3222 2882 3276 sententia
2916 3226 3235 3296 perstabat,
3256 3246 3438 3287 causa
3459 3239 3776 3293 cunctandi

2131 3308 2254 3363 hazc
2286 3307 2543 3373 fnitQuo
2576 3314 2834 3381 tempore
2868 3315 3138 3385 Byzantio
3171 3317 3411 3375 domum
3446 3324 3779 3393 proﬁcisce-

2131 3398 2324 3461 batur,
2359 3396 2704 3453 Nicomediae
2740 3399 2793 3454 in
2826 3418 3124 3460 cursorem
3148 3405 3588 3478 imperatorium
3639 3415 3781 3471 inci-

2133 3487 2316 3550 derat,
2350 3492 2527 3576 atque
2583 3485 2741 3543 hunc
2798 3489 3008 3546 Nicetis
3055 3493 3323 3565 Xylinitai
3382 3498 3571 3556 dromi
3623 3502 3781 3576 logo-

2128 3575 2304 3631 thetar
2332 3574 2702 3647 simplicibus
2730 3595 2798 3634 ac
2831 3580 3186 3639 militaribus
3214 3587 3403 3644 verbis
3434 3588 3556 3646 haec
3578 3574 3782 3662 jusse-

2132 3671 2224 3719 rat
2252 3664 2547 3720 indicare:
2589 3689 2614 3714 ‹‹
2662 3667 2955 3732 Quantum
3008 3671 3194 3743 video,
3251 3675 3449 3748 frater,
3500 3680 3780 3741 dominus

2132 3759 2273 3809 tuus
2301 3754 2617 3825 imperator
2646 3762 3005 3814 Comnenum
3041 3766 3097 3815 et
3130 3778 3221 3818 me
3251 3782 3355 3835 pro
3387 3766 3570 3825 nihilo
3619 3776 3787 3842 puta-

2136 3843 2230 3910 vit,
2289 3844 2445 3899 624
2501 3846 2840 3917 nostrisque
2893 3848 3275 3918 petitionibus
3359 3860 3784 3918 contumeliose

2133 3933 2364 4002 rejectis
2395 3932 2638 3988 domum
2670 3952 2774 3989 nos
2810 3935 3053 3992 dimisit.
3089 3939 3244 3995 Scito
3275 3959 3412 4014 ergo
3446 3962 3553 4001 nos
3601 3948 3784 4006 abire.

2136 4020 2235 4076 llle
2266 4029 2458 4077 autem
2492 4026 2549 4076 et
2581 4023 2730 4092 tu,si
2757 4024 3102 4096 improbatis
3125 4035 3394 4086 nostrum
3427 4033 3784 4108 discessum,

2136 4128 2242 4166 nos
2274 4111 2472 4166 missis
2498 4113 2684 4183 COpliS
2713 4113 2799 4167 vel
2835 4114 3048 4172 invitos
3081 4119 3382 4177 retrahite.
3415 4144 3443 4173 »
3482 4124 3608 4180 llaec
3649 4143 3784 4184 cum

2134 4200 2377 4255 dixisset
2421 4200 2742 4272 tabellario,
2803 4204 2914 4258 iter
2959 4206 3297 4265 institutum
3350 4211 3635 4271 intentius
3694 4223 3788 4274 est

2135 4292 2502 4360 prosecutus.
2539 4295 2857 4363 Postquam
2891 4295 3131 4351 domum
3164 4298 3323 4355 venit
3343 4308 3400 4355 et
3422 4300 3785 4363 Comnenum

2134 4379 2436 4451 quiescere
2466 4381 2672 4446 sensit,
2704 4384 2943 4454 perinde
2973 4402 3039 4440 ac
3075 4386 3124 4441 si
3186 4387 3330 4444 nihil
3388 4391 3440 4446 ei
3493 4410 3628 4450 cum
3679 4396 3790 4453 hoc

2138 4468 2367 4540 negotio
2400 4468 2480 4524 rei
2504 4476 2681 4539 esset,
2711 4472 2867 4527 haud
2910 4473 3116 4531 leviter
3173 4478 3359 4534 vereri
3407 4497 3475 4536 ac
3531 4489 3791 4542 metuere

2136 4557 2311 4629 ccepit
2334 4575 2406 4613 ne
2453 4562 2787 4617 Comnenus
2846 4567 2904 4617 et
2952 4564 3163 4636 reliqui
3222 4574 3450 4626 mutata
3497 4573 3793 4632 sententia

2137 4646 2372 4701 silentio
2405 4647 2775 4719 supprimere
2806 4650 3021 4707 vellent
3068 4657 3557 4727 conjurationem,
3591 4662 3789 4735 itaque

2133 4736 2261 4807 ipse
2293 4736 2455 4791 solus
2485 4738 2830 4794 defectionis
2854 4758 3055 4811 pcenas
3076 4742 3355 4812 lueret,ut
3380 4748 3480 4819 qui
3507 4765 3570 4805 se
3590 4749 3788 4821 ipsum

368 4809 643 4889 ὀρρωδίαν
723 4810 1023 4881 ἐνέπιπτε,
1099 4812 1189 4866 καὶ
1270 4810 1497 4885 δείματα
1553 4813 1714 4869 αὐτὸν
1777 4815 2018 4892 ἐτάραττε

2131 4805 2255 4895 jam
2290 4824 2401 4881 isto
2432 4828 2502 4880 ad
2539 4805 2897 4899 logothetam
2927 4833 3205 4889 mandato
3250 4805 3630 4906 prodidisset:

365 4900 587 4958 δεδιότα
639 4902 715 4975 μή
774 4922 893 4964 πως
926 4901 953 4955 6
1014 4901 1293 4973 Κομνηνὸς
1322 4901 1412 4956 καὶ
1444 4902 1495 4956 οἱ
1550 4904 1651 4971 τῆς
1682 4906 2027 4978 συνωμοσίας

367 4993 609 5067 μὲτοχοι.
662 4991 846 5063 ἑτερου
918 4989 1206 5066 γενόμενοι
1266 4994 1472 5046 σκοποῦ
1530 4994 1656 5066 σιγῇ
1709 4991 2029 5068 βουληθῶσι

364 5079 615 5153 καλύψαι
671 5080 769 5148 τὴν
822 5073 1148 5147 ἐπιϐουλὴν,
1204 5078 1292 5133 καὶ
1355 5080 1524 5152 μόνος
1583 5080 1743 5143 αὐτὸς
1801 5082 2028 5149 εὐθύνας

364 5169 672 5243 κομίσηται
719 5176 821 5239 τῆς
882 5168 1216 5229 ἀποστασίας
1265 5169 1339 5230 ὡς
1367 5165 1476 5241 ἤδη
1532 5174 1812 5249 καταφανῆ
1843 5172 2030 5230 ἑαυτὸν

368 5260 483 5323 θεὶς
534 5255 625 5313 διὰ
670 5262 766 5313 τοῦ
823 5255 1165 5331 μηνῦματος.
1201 5257 1299 5311 Καὶ
1358 5257 1645 5313 ἐσκέπτετο
1676 5260 1766 5314 καὶ
1798 5260 2029 5335 ἐμελέτα

365 5351 489 5411 πῶς
565 5347 655 5402 καὶ
729 5346 853 5403 τίνα
919 5344 1122 5421 τρόπον
1198 5346 1373 5418 ἐαυτῷ
1438 5350 1855 5423 περιποιήσεται
1927 5354 2025 5423 τήν

367 5438 686 5518 ἀσφάλειαν·
766 5441 853 5513 [Ρ.
897 5439 1028 5511 799]
1092 5433 1216 5493 οὔτε
1270 5439 1374 5513 γὰρ
1430 5435 1658 5512 δύναμιν
1726 5462 2030 5521 προηυτρι-

366 5532 635 5604 πισμὲνην
694 5531 871 5605 εἶχεν,
940 5525 1064 5582 οὔτε
1103 5530 1138 5597 ἡ
1183 5532 1462 5604 προσοῦσα
1491 5528 1649 5599 ἱκανὴ
1683 5529 1857 5588 ἐδόκει
1890 5534 2032 5591 ἀντι-

366 5621 800 5692 παρατάττεσθαι
876 5614 1094 5692 βασιλεῖ
1138 5616 1445 5691 Ῥωμαίων,
1502 5618 1565 5672 τὸ
1619 5617 1787 5675 πλέον
1849 5619 1895 5677 δ’
1945 5624 2029 5680 ὅτι

369 5707 503 5784 μηδὲ
558 5703 1112 5781 κοινολογησάμενος
1141 5712 1259 5770 τοῖς
1312 5705 1635 5784 ἐπιχωρίοις
1694 5712 2029 5789 στρατεύμα.

2142 4932 2256 4987 que
2288 4914 2801 4987 circumspiciebat
2823 4936 2890 4974 ac
2923 4922 3589 4997 meditabatnrquonam
3616 4931 3789 4987 modo

2140 5021 2202 5059 se
2240 5005 2433 5076 ipsum
2467 5012 2662 5062 tutum
2695 5008 2981 5065 redderet.
3014 5010 3157 5066 Nam
3182 5030 3372 5086 neque
3395 5023 3665 5086 paratum
3685 5017 3789 5076 ha-

2140 5097 2312 5152 bebat
2343 5097 2702 5168 exercitum;
2736 5107 2795 5155 et
2825 5117 2974 5171 quos
3006 5118 3210 5158 secum
3236 5105 3511 5174 habebat,
3546 5126 3661 5166 non
3712 5111 3791 5167 vi-

2139 5184 2427 5240 debantur
2456 5186 2726 5243 sufficere
2748 5190 2819 5243 ad
2872 5188 3089 5246 bellum
3134 5199 3337 5249 contra
3379 5194 3790 5268 imperatorem

2139 5275 2485 5345 gerendum,
2518 5276 2769 5331 maxime
2802 5279 2956 5349 quod
2989 5296 3119 5335 cum
3152 5282 3506 5340 exercitibus
3537 5286 3790 5345 istarum

2141 5362 2445 5434 regionum
2478 5366 2738 5421 nondum
2772 5366 3097 5425 collocutus
3120 5370 3525 5447 fuerat,neque
3552 5382 3790 5436 consta-

2141 5452 2240 5507 bat
2264 5458 2458 5508 utrum
2487 5453 2539 5509 ei
2570 5471 2633 5510 se
2664 5454 2749 5510 illi
2781 5463 2982 5513 essent
3009 5459 3229 5515 daturi.
3290 5460 3613 5537 EnprOpter
3667 5484 3793 5525 ces-

2140 5542 2329 5609 sabat,
2364 5548 2422 5597 et
2453 5543 2525 5599 iis
2554 5543 2653 5616 qui
2704 5561 2817 5599 non
2850 5547 2994 5600 satis
3025 5548 3274 5604 consilia
3295 5550 3484 5621 ipsius
3513 5570 3792 5628 asseque-

2143 5632 2375 5698 bantur,
2408 5633 2776 5705 tergiversari
2810 5634 3137 5692 videbatur.
3188 5639 3257 5694 Et
3306 5647 3472 5698 erant
3513 5643 3587 5699 iis
3643 5645 3791 5703 locis

2138 5720 2198 5776 in
2234 5719 2495 5780 hibernis
2534 5724 2663 5779 duis
2720 5723 3010 5782 Francicae
3050 5726 3311 5801 legiones
3365 5748 3431 5789 ac
3487 5748 3605 5787 una
3648 5733 3789 5791 Ros-
