  <div class='ocr_page' id='page_1' title='image "/cluster/home/n/w/nwhite01/storage/ocr_20150623/122:no.2/coo.31924054870278/185.png"; bbox 0 0 4122 6386; ppageno 0'>
   <div class='ocr_carea' id='block_1_1' title="bbox 391 383 3816 455">
    <p class='ocr_par' dir='ltr' id='par_1_1' title="bbox 391 383 3816 455">
     <span class='ocr_line' id='line_1_1' title="bbox 391 383 3816 455; baseline 0.002 -6"><span class='ocrx_word' id='word_1_1' title='bbox 391 390 508 450; x_wconf 77' lang='lat'><strong>335</strong></span> <span class='ocrx_word' id='word_1_2' title='bbox 1732 384 2051 445; x_wconf 76' lang='lat' dir='ltr'><strong>GEORGII</strong></span> <span class='ocrx_word' id='word_1_3' title='bbox 2096 383 2435 446; x_wconf 80' lang='lat' dir='ltr'><strong>CEDRENI</strong></span> <span class='ocrx_word' id='word_1_4' title='bbox 3688 396 3816 455; x_wconf 80' lang='lat'><strong>356</strong></span> 
     </span>
    </p>
   </div>
   <div class='ocr_carea' id='block_1_2' title="bbox 388 513 2016 599">
    <p class='ocr_par' dir='ltr' id='par_1_2' title="bbox 388 515 2016 595">
     <span class='ocr_line' id='line_1_2' title="bbox 388 515 2016 595; baseline -0.008 -13"><span class='ocrx_word' id='word_1_5' title='bbox 388 526 512 582; x_wconf 90' lang='lat' dir='ltr'><strong>sica</strong></span> <span class='ocrx_word' id='word_1_6' title='bbox 545 525 646 581; x_wconf 89' lang='lat' dir='ltr'><strong>:de</strong></span> <span class='ocrx_word' id='word_1_7' title='bbox 677 521 893 595; x_wconf 85' lang='lat' dir='ltr'><strong>quibus</strong></span> <span class='ocrx_word' id='word_1_8' title='bbox 922 536 1136 592; x_wconf 89' lang='lat' dir='ltr'><strong>magna</strong></span> <span class='ocrx_word' id='word_1_9' title='bbox 1167 535 1301 574; x_wconf 87' lang='lat' dir='ltr'><strong>eum</strong></span> <span class='ocrx_word' id='word_1_10' title='bbox 1330 518 1563 574; x_wconf 86' lang='lat' dir='ltr'><strong>tenebat</strong></span> <span class='ocrx_word' id='word_1_11' title='bbox 1594 515 2016 582; x_wconf 70' lang='lat' dir='ltr'><strong>sollicitudo,n¢</strong></span> 
     </span>
    </p>
   </div>
   <div class='ocr_carea' id='block_1_3' title="bbox 2178 513 3806 599">
    <p class='ocr_par' dir='ltr' id='par_1_3' title="bbox 2183 513 3806 599">
     <span class='ocr_line' id='line_1_3' title="bbox 2183 513 3806 599; baseline 0.006 -30"><span class='ocrx_word' id='word_1_12' title='bbox 2183 536 2230 568; x_wconf 93' lang='grc' dir='ltr'><strong>ιν</strong></span> <span class='ocrx_word' id='word_1_13' title='bbox 2263 516 2353 588; x_wconf 79' lang='grc' dir='ltr'>ἦν,</span> <span class='ocrx_word' id='word_1_14' title='bbox 2410 513 2552 589; x_wconf 75' lang='grc' dir='ltr'>μηδὲ</span> <span class='ocrx_word' id='word_1_15' title='bbox 2598 515 2983 593; x_wconf 67' lang='grc' dir='ltr'><strong>πληροφορίαν</strong></span> <span class='ocrx_word' id='word_1_16' title='bbox 3032 516 3285 595; x_wconf 68' lang='grc' dir='ltr'>ἔσχηκὼς</span> <span class='ocrx_word' id='word_1_17' title='bbox 3319 521 3364 575; x_wconf 78' lang='grc' dir='ltr'><strong>εί</strong></span> <span class='ocrx_word' id='word_1_18' title='bbox 3395 520 3806 599; x_wconf 77' lang='grc' dir='ltr'>προσδεχθήσε-</span> 
     </span>
    </p>
   </div>
   <div class='ocr_carea' id='block_1_4' title="bbox 386 604 2014 686">
    <p class='ocr_par' dir='ltr' id='par_1_4' title="bbox 386 605 2014 686">
     <span class='ocr_line' id='line_1_4' title="bbox 386 605 2014 686; baseline -0.007 -16"><span class='ocrx_word' id='word_1_19' title='bbox 386 615 460 670; x_wconf 90' lang='lat' dir='ltr'><strong>iis</strong></span> <span class='ocrx_word' id='word_1_20' title='bbox 494 611 823 686; x_wconf 76' lang='lat' dir='ltr'><strong>conjuratjo</strong></span> <span class='ocrx_word' id='word_1_21' title='bbox 873 608 1170 664; x_wconf 82' lang='lat' dir='ltr'><strong>suboleret</strong></span> <span class='ocrx_word' id='word_1_22' title='bbox 1208 608 1279 663; x_wconf 88' lang='lat' dir='ltr'><strong>ab</strong></span> <span class='ocrx_word' id='word_1_23' title='bbox 1327 608 1516 679; x_wconf 90' lang='lat' dir='ltr'><strong>iisque</strong></span> <span class='ocrx_word' id='word_1_24' title='bbox 1575 605 2014 678; x_wconf 77' lang='lat' dir='ltr'><strong>comprehensu:</strong></span> 
     </span>
    </p>
   </div>
   <div class='ocr_carea' id='block_1_5' title="bbox 2179 604 3807 686">
    <p class='ocr_par' dir='ltr' id='par_1_5' title="bbox 2179 604 3807 683">
     <span class='ocr_line' id='line_1_5' title="bbox 2179 604 3807 683; baseline 0.008 -27"><span class='ocrx_word' id='word_1_25' title='bbox 2179 625 2252 660; x_wconf 78' lang='grc' dir='ltr'>αι.</span> <span class='ocrx_word' id='word_1_26' title='bbox 2320 606 2421 662; x_wconf 87' lang='grc' dir='ltr'>Καὶ</span> <span class='ocrx_word' id='word_1_27' title='bbox 2490 604 2582 662; x_wconf 72' lang='grc' dir='ltr'><strong>διὰ</strong></span> <span class='ocrx_word' id='word_1_28' title='bbox 2646 612 2809 662; x_wconf 75' lang='grc' dir='ltr'>τοῦτο</span> <span class='ocrx_word' id='word_1_29' title='bbox 2879 604 3058 683; x_wconf 77' lang='grc' dir='ltr'>ἤργει,</span> <span class='ocrx_word' id='word_1_30' title='bbox 3105 610 3194 664; x_wconf 88' lang='lat' dir='ltr'><strong>xui</strong></span> <span class='ocrx_word' id='word_1_31' title='bbox 3252 608 3569 675; x_wconf 68' lang='grc' dir='ltr'><strong>ἀναδύεσθαι</strong></span> <span class='ocrx_word' id='word_1_32' title='bbox 3630 610 3807 669; x_wconf 72' lang='grc' dir='ltr'>ἒδὸκει</span> 
     </span>
    </p>
   </div>
   <div class='ocr_carea' id='block_1_6' title="bbox 385 693 2013 775">
    <p class='ocr_par' dir='ltr' id='par_1_6' title="bbox 385 696 2013 775">
     <span class='ocr_line' id='line_1_6' title="bbox 385 696 2013 775; baseline -0.007 -15"><span class='ocrx_word' id='word_1_33' title='bbox 385 702 721 775; x_wconf 75' lang='lat' dir='ltr'><strong>imperatori</strong></span> <span class='ocrx_word' id='word_1_34' title='bbox 756 699 1111 755; x_wconf 80' lang='lat' dir='ltr'><strong>mitteretur.</strong></span> <span class='ocrx_word' id='word_1_35' title='bbox 1146 698 1275 753; x_wconf 69' lang='lat' dir='ltr'><strong>Haec</strong></span> <span class='ocrx_word' id='word_1_36' title='bbox 1306 714 1442 769; x_wconf 88' lang='lat' dir='ltr'><strong>ergo</strong></span> <span class='ocrx_word' id='word_1_37' title='bbox 1474 696 1670 752; x_wconf 84' lang='lat' dir='ltr'><strong>omnia</strong></span> <span class='ocrx_word' id='word_1_38' title='bbox 1707 697 2013 750; x_wconf 77' lang='lat' dir='ltr'><strong>Ambustu:</strong></span> 
     </span>
    </p>
   </div>
   <div class='ocr_carea' id='block_1_7' title="bbox 2177 693 3805 775">
    <p class='ocr_par' dir='ltr' id='par_1_7' title="bbox 2178 693 3805 771">
     <span class='ocr_line' id='line_1_7' title="bbox 2178 693 3805 771; baseline 0.007 -23"><span class='ocrx_word' id='word_1_39' title='bbox 2178 698 2262 755; x_wconf 83' lang='grc' dir='ltr'>οἷς</span> <span class='ocrx_word' id='word_1_40' title='bbox 2325 695 2400 766; x_wconf 79' lang='grc' dir='ltr'>μὴ</span> <span class='ocrx_word' id='word_1_41' title='bbox 2441 693 2624 757; x_wconf 88' lang='grc' dir='ltr'>καλῶς</span> <span class='ocrx_word' id='word_1_42' title='bbox 2654 694 3079 771; x_wconf 75' lang='grc' dir='ltr'>ἐσοοχασμὲνοις</span> <span class='ocrx_word' id='word_1_43' title='bbox 3110 699 3216 753; x_wconf 84' lang='grc' dir='ltr'><strong>τῶν</strong></span> <span class='ocrx_word' id='word_1_44' title='bbox 3250 702 3367 754; x_wconf 86' lang='grc' dir='ltr'>κατ’</span> <span class='ocrx_word' id='word_1_45' title='bbox 3397 701 3576 756; x_wconf 76' lang='grc' dir='ltr'>αὐτόν’</span> <span class='ocrx_word' id='word_1_46' title='bbox 3637 704 3770 759; x_wconf 80' lang='grc' dir='ltr'><strong>Ἐτυ</strong></span> <span class='ocrx_word' id='word_1_47' title='bbox 3792 738 3805 747; x_wconf 86' lang='grc'><strong>-</strong></span> 
     </span>
    </p>
   </div>
   <div class='ocr_carea' id='block_1_8' title="bbox 386 782 2014 867">
    <p class='ocr_par' dir='ltr' id='par_1_8' title="bbox 386 786 2009 863">
     <span class='ocr_line' id='line_1_8' title="bbox 386 786 2009 863; baseline -0.004 -14"><span class='ocrx_word' id='word_1_48' title='bbox 386 794 677 863; x_wconf 81' lang='lat' dir='ltr'><strong>metuens,</strong></span> <span class='ocrx_word' id='word_1_49' title='bbox 711 791 998 861; x_wconf 80' lang='lat' dir='ltr'><strong>tantisper</strong></span> <span class='ocrx_word' id='word_1_50' title='bbox 1053 789 1191 842; x_wconf 86' lang='lat' dir='ltr'><strong>dum</strong></span> <span class='ocrx_word' id='word_1_51' title='bbox 1256 804 1317 843; x_wconf 81' lang='lat' dir='ltr'><strong>se</strong></span> <span class='ocrx_word' id='word_1_52' title='bbox 1371 787 1427 841; x_wconf 93' lang='lat' dir='ltr'><strong>in</strong></span> <span class='ocrx_word' id='word_1_53' title='bbox 1479 792 1603 843; x_wconf 88' lang='lat' dir='ltr'><strong>tuto</strong></span> <span class='ocrx_word' id='word_1_54' title='bbox 1663 786 2009 843; x_wconf 80' lang='lat' dir='ltr'><strong>collocasset</strong></span> 
     </span>
    </p>
   </div>
   <div class='ocr_carea' id='block_1_9' title="bbox 2169 782 3797 867">
    <p class='ocr_par' dir='ltr' id='par_1_9' title="bbox 2169 782 3797 867">
     <span class='ocr_line' id='line_1_9' title="bbox 2169 782 3797 867; baseline 0.008 -32"><span class='ocrx_word' id='word_1_55' title='bbox 2169 803 2244 854; x_wconf 56' lang='grc' dir='ltr'>[ον</span> <span class='ocrx_word' id='word_1_56' title='bbox 2275 785 2378 859; x_wconf 73' lang='grc' dir='ltr'><strong>γάρ</strong></span> <span class='ocrx_word' id='word_1_57' title='bbox 2408 788 2488 856; x_wconf 78' lang='grc' dir='ltr'>τῷ</span> <span class='ocrx_word' id='word_1_58' title='bbox 2530 783 2654 839; x_wconf 78' lang='grc' dir='ltr'>τότε</span> <span class='ocrx_word' id='word_1_59' title='bbox 2681 789 2857 860; x_wconf 83' lang='grc' dir='ltr'>καιρῷ</span> <span class='ocrx_word' id='word_1_60' title='bbox 2905 782 3000 840; x_wconf 71' lang='grc' dir='ltr'><strong>δύο</strong></span> <span class='ocrx_word' id='word_1_61' title='bbox 3056 787 3310 863; x_wconf 79' lang='grc' dir='ltr'><strong>τάγματα</strong></span> <span class='ocrx_word' id='word_1_62' title='bbox 3368 792 3654 867; x_wconf 72' lang='grc' dir='ltr'>Φραγγικά</span> <span class='ocrx_word' id='word_1_63' title='bbox 3708 793 3797 848; x_wconf 85' lang='lat' dir='ltr'><strong>xui</strong></span> 
     </span>
    </p>
   </div>
   <div class='ocr_carea' id='block_1_10' title="bbox 386 869 2014 959">
    <p class='ocr_par' dir='ltr' id='par_1_10' title="bbox 386 877 2014 949">
     <span class='ocr_line' id='line_1_10' title="bbox 386 877 2014 949; baseline -0.007 -8"><span class='ocrx_word' id='word_1_64' title='bbox 386 885 663 940; x_wconf 68' lang='lat' dir='ltr'><strong>625mm</strong></span> <span class='ocrx_word' id='word_1_65' title='bbox 693 878 1151 935; x_wconf 72' lang='lat' dir='ltr'><strong>diti&#39;erebatJam</strong></span> <span class='ocrx_word' id='word_1_66' title='bbox 1184 883 1379 932; x_wconf 88' lang='lat' dir='ltr'><strong>autem</strong></span> <span class='ocrx_word' id='word_1_67' title='bbox 1440 877 1731 947; x_wconf 79' lang='lat' dir='ltr'><strong>negotium</strong></span> <span class='ocrx_word' id='word_1_68' title='bbox 1793 892 2014 949; x_wconf 86' lang='lat' dir='ltr'><strong>aggres-</strong></span> 
     </span>
    </p>
   </div>
   <div class='ocr_carea' id='block_1_11' title="bbox 2166 869 3794 959">
    <p class='ocr_par' dir='ltr' id='par_1_11' title="bbox 2166 869 3794 959">
     <span class='ocr_line' id='line_1_11' title="bbox 2166 869 3794 959; baseline 0.006 -31"><span class='ocrx_word' id='word_1_69' title='bbox 2166 873 2399 928; x_wconf 87' lang='grc' dir='ltr'>Ρωσικὸν</span> <span class='ocrx_word' id='word_1_70' title='bbox 2449 869 2504 927; x_wconf 74' lang='grc' dir='ltr'>ἓν</span> <span class='ocrx_word' id='word_1_71' title='bbox 2564 872 3003 951; x_wconf 78' lang='grc' dir='ltr'><strong>ἐπιχωριάζοντα</strong></span> <span class='ocrx_word' id='word_1_72' title='bbox 3022 880 3101 948; x_wconf 83' lang='grc' dir='ltr'>τῷ</span> <span class='ocrx_word' id='word_1_73' title='bbox 3146 875 3301 950; x_wconf 81' lang='grc' dir='ltr'>τόπῳ</span> <span class='ocrx_word' id='word_1_74' title='bbox 3358 880 3495 954; x_wconf 82' lang='grc' dir='ltr'>πρὸς</span> <span class='ocrx_word' id='word_1_75' title='bbox 3529 902 3794 959; x_wconf 70' lang='grc' dir='ltr'>παραχειο</span> 
     </span>
    </p>
   </div>
   <div class='ocr_carea' id='block_1_12' title="bbox 386 960 2014 1045">
    <p class='ocr_par' dir='ltr' id='par_1_12' title="bbox 386 966 2014 1045">
     <span class='ocr_line' id='line_1_12' title="bbox 386 966 2014 1045; baseline -0.007 -13"><span class='ocrx_word' id='word_1_76' title='bbox 386 992 563 1032; x_wconf 81' lang='lat' dir='ltr'><strong>eurus</strong></span> <span class='ocrx_word' id='word_1_77' title='bbox 601 973 789 1045; x_wconf 89' lang='lat' dir='ltr'><strong>primo</strong></span> <span class='ocrx_word' id='word_1_78' title='bbox 820 969 1081 1025; x_wconf 88' lang='lat' dir='ltr'><strong>omnium</strong></span> <span class='ocrx_word' id='word_1_79' title='bbox 1115 968 1612 1039; x_wconf 77' lang='lat' dir='ltr'><strong>conspiratimem</strong></span> <span class='ocrx_word' id='word_1_80' title='bbox 1648 966 1886 1022; x_wconf 79' lang='lat' dir='ltr'><strong>famulis</strong></span> <span class='ocrx_word' id='word_1_81' title='bbox 1935 985 2014 1021; x_wconf 37' lang='lat' dir='ltr'><strong>co‘</strong></span> 
     </span>
    </p>
   </div>
   <div class='ocr_carea' id='block_1_13' title="bbox 2164 960 3792 1045">
    <p class='ocr_par' dir='ltr' id='par_1_13' title="bbox 2164 960 3792 1043">
     <span class='ocr_line' id='line_1_13' title="bbox 2164 960 3792 1043; baseline 0.007 -28"><span class='ocrx_word' id='word_1_82' title='bbox 2164 961 2362 1015; x_wconf 75' lang='grc' dir='ltr'>ιασίαν·</span> <span class='ocrx_word' id='word_1_83' title='bbox 2413 963 2537 1038; x_wconf 86' lang='grc' dir='ltr'><strong>περῖ</strong></span> <span class='ocrx_word' id='word_1_84' title='bbox 2591 960 2664 1017; x_wconf 82' lang='grc' dir='ltr'>ὧν</span> <span class='ocrx_word' id='word_1_85' title='bbox 2725 962 2893 1018; x_wconf 78' lang='grc' dir='ltr'>πλὲον</span> <span class='ocrx_word' id='word_1_86' title='bbox 2948 963 3275 1043; x_wconf 82' lang='grc' dir='ltr'>ἐφρόντιζεν,</span> <span class='ocrx_word' id='word_1_87' title='bbox 3329 965 3424 1022; x_wconf 72' lang='grc' dir='ltr'>’ίνα</span> <span class='ocrx_word' id='word_1_88' title='bbox 3485 971 3560 1042; x_wconf 79' lang='grc' dir='ltr'>μή</span> <span class='ocrx_word' id='word_1_89' title='bbox 3613 992 3792 1026; x_wconf 86' lang='grc' dir='ltr'>συναι-</span> 
     </span>
    </p>
   </div>
   <div class='ocr_carea' id='block_1_14' title="bbox 382 1050 2010 1138">
    <p class='ocr_par' dir='ltr' id='par_1_14' title="bbox 382 1056 2009 1135">
     <span class='ocr_line' id='line_1_14' title="bbox 382 1056 2009 1135; baseline -0.004 -17"><span class='ocrx_word' id='word_1_90' title='bbox 382 1063 693 1135; x_wconf 80' lang='lat' dir='ltr'><strong>gnatisque</strong></span> <span class='ocrx_word' id='word_1_91' title='bbox 724 1059 848 1115; x_wconf 84' lang='lat' dir='ltr'><strong>suis</strong></span> <span class='ocrx_word' id='word_1_92' title='bbox 878 1058 1098 1129; x_wconf 89' lang='lat' dir='ltr'><strong>detegit</strong></span> <span class='ocrx_word' id='word_1_93' title='bbox 1121 1074 1135 1124; x_wconf 92' lang='lat'><strong>;</strong></span> <span class='ocrx_word' id='word_1_94' title='bbox 1156 1058 1355 1128; x_wconf 88' lang='lat' dir='ltr'><strong>etjam</strong></span> <span class='ocrx_word' id='word_1_95' title='bbox 1378 1056 1613 1128; x_wconf 90' lang='lat' dir='ltr'><strong>agnime</strong></span> <span class='ocrx_word' id='word_1_96' title='bbox 1637 1057 1891 1111; x_wconf 90' lang='lat' dir='ltr'><strong>virorum</strong></span> <span class='ocrx_word' id='word_1_97' title='bbox 1924 1057 2009 1111; x_wconf 90' lang='lat' dir='ltr'><strong>cir</strong></span> 
     </span>
    </p>
   </div>
   <div class='ocr_carea' id='block_1_15' title="bbox 2161 1050 3789 1138">
    <p class='ocr_par' dir='ltr' id='par_1_15' title="bbox 2161 1050 3789 1138">
     <span class='ocr_line' id='line_1_15' title="bbox 2161 1050 3789 1138; baseline 0.007 -35"><span class='ocrx_word' id='word_1_98' title='bbox 2161 1052 2384 1121; x_wconf 65' lang='grc' dir='ltr'>ιθήσεως</span> <span class='ocrx_word' id='word_1_99' title='bbox 2414 1050 2713 1126; x_wconf 72' lang='grc' dir='ltr'>γενομένης</span> <span class='ocrx_word' id='word_1_100' title='bbox 2747 1050 3082 1132; x_wconf 70' lang='grc' dir='ltr'><strong>συλληφθεὶς</strong></span> <span class='ocrx_word' id='word_1_101' title='bbox 3115 1054 3204 1109; x_wconf 82' lang='grc' dir='ltr'>ὑπ’</span> <span class='ocrx_word' id='word_1_102' title='bbox 3236 1054 3410 1110; x_wconf 79' lang='grc' dir='ltr'>αὐτῶν</span> <span class='ocrx_word' id='word_1_103' title='bbox 3456 1056 3789 1138; x_wconf 65' lang='grc' dir='ltr'>ἐκπεμφθειη</span> 
     </span>
    </p>
   </div>
   <div class='ocr_carea' id='block_1_16' title="bbox 381 1139 2009 1222">
    <p class='ocr_par' dir='ltr' id='par_1_16' title="bbox 381 1144 2009 1218">
     <span class='ocr_line' id='line_1_16' title="bbox 381 1144 2009 1218; baseline -0.006 -11"><span class='ocrx_word' id='word_1_104' title='bbox 381 1152 527 1207; x_wconf 89' lang='lat' dir='ltr'><strong>citer</strong></span> <span class='ocrx_word' id='word_1_105' title='bbox 558 1146 717 1204; x_wconf 90' lang='lat' dir='ltr'><strong>mille</strong></span> <span class='ocrx_word' id='word_1_106' title='bbox 744 1145 1014 1218; x_wconf 83' lang='lat' dir='ltr'><strong>stipatus,</strong></span> <span class='ocrx_word' id='word_1_107' title='bbox 1054 1144 1260 1199; x_wconf 79' lang='lat' dir='ltr'><strong>exinde</strong></span> <span class='ocrx_word' id='word_1_108' title='bbox 1301 1144 1477 1198; x_wconf 88' lang='lat' dir='ltr'><strong>etiam</strong></span> <span class='ocrx_word' id='word_1_109' title='bbox 1536 1161 1739 1199; x_wconf 83' lang='lat' dir='ltr'><strong>eorum</strong></span> <span class='ocrx_word' id='word_1_110' title='bbox 1799 1144 2009 1200; x_wconf 75' lang='lat' dir='ltr'><strong>animo:</strong></span> 
     </span>
    </p>
   </div>
   <div class='ocr_carea' id='block_1_17' title="bbox 2160 1139 3788 1222">
    <p class='ocr_par' dir='ltr' id='par_1_17' title="bbox 2160 1139 3788 1222">
     <span class='ocr_line' id='line_1_17' title="bbox 2160 1139 3788 1222; baseline 0.007 -29"><span class='ocrx_word' id='word_1_111' title='bbox 2160 1144 2214 1211; x_wconf 69' lang='grc' dir='ltr'><strong>τῷ</strong></span> <span class='ocrx_word' id='word_1_112' title='bbox 2273 1139 2510 1215; x_wconf 85' lang='grc' dir='ltr'>βασιλεῖ.</span> <span class='ocrx_word' id='word_1_113' title='bbox 2569 1144 2745 1196; x_wconf 78' lang='grc' dir='ltr'>Ταῦτα</span> <span class='ocrx_word' id='word_1_114' title='bbox 2812 1142 2984 1197; x_wconf 81' lang='grc' dir='ltr'>πάντα</span> <span class='ocrx_word' id='word_1_115' title='bbox 3038 1141 3296 1207; x_wconf 82' lang='grc' dir='ltr'>δεδοικὼς</span> <span class='ocrx_word' id='word_1_116' title='bbox 3352 1144 3568 1222; x_wconf 69' lang='grc' dir='ltr'>ἐπεῖχεν</span> <span class='ocrx_word' id='word_1_117' title='bbox 3630 1149 3788 1205; x_wconf 75' lang='grc' dir='ltr'>αὐτὸν</span> 
     </span>
    </p>
   </div>
   <div class='ocr_carea' id='block_1_18' title="bbox 377 1227 2005 1309">
    <p class='ocr_par' dir='ltr' id='par_1_18' title="bbox 377 1232 2005 1309">
     <span class='ocr_line' id='line_1_18' title="bbox 377 1232 2005 1309; baseline -0.006 -14"><span class='ocrx_word' id='word_1_118' title='bbox 377 1240 589 1309; x_wconf 84' lang='lat' dir='ltr'><strong>quibus</strong></span> <span class='ocrx_word' id='word_1_119' title='bbox 640 1237 839 1291; x_wconf 90' lang='lat' dir='ltr'><strong>minus</strong></span> <span class='ocrx_word' id='word_1_120' title='bbox 889 1239 1044 1289; x_wconf 90' lang='lat' dir='ltr'><strong>certo</strong></span> <span class='ocrx_word' id='word_1_121' title='bbox 1094 1232 1309 1287; x_wconf 85' lang='lat' dir='ltr'><strong>iidebat</strong></span> <span class='ocrx_word' id='word_1_122' title='bbox 1368 1232 1630 1297; x_wconf 74' lang='lat' dir='ltr'><strong>tentavit,</strong></span> <span class='ocrx_word' id='word_1_123' title='bbox 1663 1232 2005 1305; x_wconf 41' lang='lat' dir='ltr'><strong>ﬁsingulatin</strong></span> 
     </span>
    </p>
   </div>
   <div class='ocr_carea' id='block_1_19' title="bbox 2163 1227 3791 1309">
    <p class='ocr_par' dir='ltr' id='par_1_19' title="bbox 2163 1227 3791 1309">
     <span class='ocr_line' id='line_1_19' title="bbox 2163 1227 3791 1309; baseline 0.007 -26"><span class='ocrx_word' id='word_1_124' title='bbox 2163 1228 2336 1305; x_wconf 74' lang='grc' dir='ltr'>ιὲχρις</span> <span class='ocrx_word' id='word_1_125' title='bbox 2386 1227 2445 1283; x_wconf 77' lang='grc' dir='ltr'><strong>ἃν</strong></span> <span class='ocrx_word' id='word_1_126' title='bbox 2507 1227 2801 1303; x_wconf 84' lang='grc' dir='ltr'>ἀσφάλειαν</span> <span class='ocrx_word' id='word_1_127' title='bbox 2854 1234 3281 1306; x_wconf 77' lang='grc' dir='ltr'>περιποιήσηται</span> <span class='ocrx_word' id='word_1_128' title='bbox 3329 1234 3698 1309; x_wconf 72' lang='grc' dir='ltr'><strong>ἑαυτῷ.“ΙΙδη</strong></span> <span class='ocrx_word' id='word_1_129' title='bbox 3734 1237 3791 1295; x_wconf 72' lang='grc' dir='ltr'>δὲ</span> 
     </span>
    </p>
   </div>
   <div class='ocr_carea' id='block_1_20' title="bbox 377 1316 2005 1401">
    <p class='ocr_par' dir='ltr' id='par_1_20' title="bbox 377 1319 2005 1400">
     <span class='ocr_line' id='line_1_20' title="bbox 377 1319 2005 1400; baseline -0.006 -17"><span class='ocrx_word' id='word_1_130' title='bbox 377 1326 662 1400; x_wconf 86' lang='lat' dir='ltr'><strong>principio</strong></span> <span class='ocrx_word' id='word_1_131' title='bbox 695 1322 1009 1379; x_wconf 80' lang='lat' dir='ltr'><strong>nobiliores</strong></span> <span class='ocrx_word' id='word_1_132' title='bbox 1041 1322 1169 1391; x_wconf 84' lang='lat' dir='ltr'><strong>ejus</strong></span> <span class='ocrx_word' id='word_1_133' title='bbox 1228 1319 1339 1375; x_wconf 89' lang='lat' dir='ltr'><strong>loci</strong></span> <span class='ocrx_word' id='word_1_134' title='bbox 1399 1320 1755 1389; x_wconf 79' lang='lat' dir='ltr'><strong>periclitans,</strong></span> <span class='ocrx_word' id='word_1_135' title='bbox 1818 1320 2005 1377; x_wconf 58' lang='lat' dir='ltr'><strong>deindt</strong></span> 
     </span>
    </p>
   </div>
   <div class='ocr_carea' id='block_1_21' title="bbox 2158 1316 3786 1401">
    <p class='ocr_par' dir='ltr' id='par_1_21' title="bbox 2158 1316 3786 1401">
     <span class='ocr_line' id='line_1_21' title="bbox 2158 1316 3786 1401; baseline 0.006 -28"><span class='ocrx_word' id='word_1_136' title='bbox 2158 1316 2361 1375; x_wconf 80' lang='grc' dir='ltr'>ιὲλλων</span> <span class='ocrx_word' id='word_1_137' title='bbox 2441 1317 2741 1395; x_wconf 73' lang='grc' dir='ltr'>ἐπιχειρεῖν</span> <span class='ocrx_word' id='word_1_138' title='bbox 2808 1325 2889 1393; x_wconf 76' lang='grc' dir='ltr'>τῷ</span> <span class='ocrx_word' id='word_1_139' title='bbox 2958 1318 3123 1397; x_wconf 81' lang='grc' dir='ltr'>ἔργῳ,</span> <span class='ocrx_word' id='word_1_140' title='bbox 3204 1322 3293 1377; x_wconf 84' lang='grc' dir='ltr'>καὶ</span> <span class='ocrx_word' id='word_1_141' title='bbox 3370 1323 3562 1380; x_wconf 78' lang='grc' dir='ltr'>ἑαυτοῦ</span> <span class='ocrx_word' id='word_1_142' title='bbox 3631 1329 3786 1401; x_wconf 86' lang='grc' dir='ltr'>θερά-</span> 
     </span>
    </p>
   </div>
   <div class='ocr_carea' id='block_1_22' title="bbox 379 1407 2007 1490">
    <p class='ocr_par' dir='ltr' id='par_1_22' title="bbox 379 1409 2007 1490">
     <span class='ocr_line' id='line_1_22' title="bbox 379 1409 2007 1490; baseline -0.005 -17"><span class='ocrx_word' id='word_1_143' title='bbox 379 1415 661 1490; x_wconf 86' lang='lat' dir='ltr'><strong>paulatim</strong></span> <span class='ocrx_word' id='word_1_144' title='bbox 735 1412 1001 1468; x_wconf 81' lang='lat' dir='ltr'><strong>fortiores</strong></span> <span class='ocrx_word' id='word_1_145' title='bbox 1048 1426 1113 1464; x_wconf 86' lang='lat' dir='ltr'><strong>ac</strong></span> <span class='ocrx_word' id='word_1_146' title='bbox 1173 1409 1592 1465; x_wconf 88' lang='lat' dir='ltr'><strong>bellicosiores.</strong></span> <span class='ocrx_word' id='word_1_147' title='bbox 1657 1410 1882 1475; x_wconf 81' lang='lat' dir='ltr'><strong>Quibus</strong></span> <span class='ocrx_word' id='word_1_148' title='bbox 1970 1411 2007 1465; x_wconf 83' lang='lat' dir='ltr'><strong>ii</strong></span> 
     </span>
    </p>
   </div>
   <div class='ocr_carea' id='block_1_23' title="bbox 2126 1407 3754 1490">
    <p class='ocr_par' dir='ltr' id='par_1_23' title="bbox 2134 1407 3754 1487">
     <span class='ocr_line' id='line_1_23' title="bbox 2134 1407 3754 1487; baseline 0.006 -24"><span class='ocrx_word' id='word_1_149' title='bbox 2134 1431 2295 1464; x_wconf 89' lang='grc' dir='ltr'>πουσι</span> <span class='ocrx_word' id='word_1_150' title='bbox 2351 1407 2441 1464; x_wconf 86' lang='grc' dir='ltr'><strong>καὶ</strong></span> <span class='ocrx_word' id='word_1_151' title='bbox 2499 1407 2773 1485; x_wconf 67' lang='grc' dir='ltr'>συγγενέσι</span> <span class='ocrx_word' id='word_1_152' title='bbox 2828 1412 3093 1487; x_wconf 86' lang='grc' dir='ltr'>πρότερον</span> <span class='ocrx_word' id='word_1_153' title='bbox 3149 1413 3249 1482; x_wconf 72' lang='grc' dir='ltr'><strong>τὴν</strong></span> <span class='ocrx_word' id='word_1_154' title='bbox 3297 1408 3597 1483; x_wconf 67' lang='grc' dir='ltr'>ἐπιϐουλὴν</span> <span class='ocrx_word' id='word_1_155' title='bbox 3656 1416 3754 1472; x_wconf 80' lang='grc' dir='ltr'><strong>ἀνα</strong></span> 
     </span>
    </p>
   </div>
   <div class='ocr_carea' id='block_1_24' title="bbox 376 1495 2004 1578">
    <p class='ocr_par' dir='ltr' id='par_1_24' title="bbox 376 1498 2004 1571">
     <span class='ocr_line' id='line_1_24' title="bbox 376 1498 2004 1571; baseline -0.006 -9"><span class='ocrx_word' id='word_1_156' title='bbox 376 1522 544 1562; x_wconf 87' lang='lat' dir='ltr'><strong>suam</strong></span> <span class='ocrx_word' id='word_1_157' title='bbox 579 1501 931 1559; x_wconf 88' lang='lat' dir='ltr'><strong>sententiam</strong></span> <span class='ocrx_word' id='word_1_158' title='bbox 967 1501 1295 1571; x_wconf 85' lang='lat' dir='ltr'><strong>pertractis,</strong></span> <span class='ocrx_word' id='word_1_159' title='bbox 1329 1505 1530 1570; x_wconf 89' lang='lat' dir='ltr'><strong>postea</strong></span> <span class='ocrx_word' id='word_1_160' title='bbox 1584 1498 2004 1554; x_wconf 74' lang='lat' dir='ltr'><strong>multitudinea</strong></span> 
     </span>
    </p>
   </div>
   <div class='ocr_carea' id='block_1_25' title="bbox 2160 1495 3788 1578">
    <p class='ocr_par' dir='ltr' id='par_1_25' title="bbox 2160 1495 3788 1578">
     <span class='ocr_line' id='line_1_25' title="bbox 2160 1495 3788 1578; baseline 0.006 -25"><span class='ocrx_word' id='word_1_161' title='bbox 2160 1495 2414 1573; x_wconf 70' lang='grc' dir='ltr'>ιαλύψαςς</span> <span class='ocrx_word' id='word_1_162' title='bbox 2469 1497 2560 1553; x_wconf 80' lang='grc' dir='ltr'>καὶ</span> <span class='ocrx_word' id='word_1_163' title='bbox 2617 1495 2726 1568; x_wconf 76' lang='grc' dir='ltr'>ἤδη</span> <span class='ocrx_word' id='word_1_164' title='bbox 2788 1504 2952 1575; x_wconf 89' lang='grc' dir='ltr'>χεῖρα</span> <span class='ocrx_word' id='word_1_165' title='bbox 3006 1500 3133 1577; x_wconf 83' lang='grc' dir='ltr'>περὶ</span> <span class='ocrx_word' id='word_1_166' title='bbox 3191 1500 3352 1557; x_wconf 79' lang='grc' dir='ltr'>αὐτὸν</span> <span class='ocrx_word' id='word_1_167' title='bbox 3385 1504 3788 1578; x_wconf 79' lang='grc' dir='ltr'><strong>συστησάμενος</strong></span> 
     </span>
    </p>
   </div>
   <div class='ocr_carea' id='block_1_26' title="bbox 376 1584 2004 1668">
    <p class='ocr_par' dir='ltr' id='par_1_26' title="bbox 376 1588 2004 1667">
     <span class='ocr_line' id='line_1_26' title="bbox 376 1588 2004 1667; baseline -0.004 -16"><span class='ocrx_word' id='word_1_168' title='bbox 376 1611 605 1667; x_wconf 92' lang='lat' dir='ltr'><strong>quoque</strong></span> <span class='ocrx_word' id='word_1_169' title='bbox 637 1591 745 1647; x_wconf 88' lang='lat' dir='ltr'><strong>sibi</strong></span> <span class='ocrx_word' id='word_1_170' title='bbox 770 1588 1082 1645; x_wconf 88' lang='lat' dir='ltr'><strong>conciliare</strong></span> <span class='ocrx_word' id='word_1_171' title='bbox 1113 1604 1431 1658; x_wconf 83' lang='lat' dir='ltr'><strong>aggressus</strong></span> <span class='ocrx_word' id='word_1_172' title='bbox 1465 1594 1573 1644; x_wconf 90' lang='lat' dir='ltr'><strong>est.</strong></span> <span class='ocrx_word' id='word_1_173' title='bbox 1609 1589 1836 1643; x_wconf 86' lang='lat' dir='ltr'><strong>Etenim</strong></span> <span class='ocrx_word' id='word_1_174' title='bbox 1865 1588 2004 1644; x_wconf 88' lang='lat' dir='ltr'><strong>litte-</strong></span> 
     </span>
    </p>
   </div>
   <div class='ocr_carea' id='block_1_27' title="bbox 2154 1584 3782 1668">
    <p class='ocr_par' dir='ltr' id='par_1_27' title="bbox 2154 1584 3782 1668">
     <span class='ocr_line' id='line_1_27' title="bbox 2154 1584 3782 1668; baseline 0.006 -27"><span class='ocrx_word' id='word_1_175' title='bbox 2154 1584 2339 1661; x_wconf 77' lang='grc' dir='ltr'>ινδρῶν</span> <span class='ocrx_word' id='word_1_176' title='bbox 2390 1585 2617 1662; x_wconf 81' lang='grc' dir='ltr'>χιλίων,</span> <span class='ocrx_word' id='word_1_177' title='bbox 2667 1586 2861 1643; x_wconf 84' lang='grc' dir='ltr'>λοιπὸν</span> <span class='ocrx_word' id='word_1_178' title='bbox 2914 1589 3003 1642; x_wconf 80' lang='grc' dir='ltr'>καὶ</span> <span class='ocrx_word' id='word_1_179' title='bbox 3060 1593 3170 1644; x_wconf 89' lang='grc' dir='ltr'><strong>τῶν</strong></span> <span class='ocrx_word' id='word_1_180' title='bbox 3223 1590 3285 1645; x_wconf 75' lang='grc' dir='ltr'>οὗ</span> <span class='ocrx_word' id='word_1_181' title='bbox 3344 1593 3485 1647; x_wconf 87' lang='grc' dir='ltr'>πάνυ</span> <span class='ocrx_word' id='word_1_182' title='bbox 3548 1589 3782 1668; x_wconf 74' lang='grc' dir='ltr'>βεϐαίων</span> 
     </span>
    </p>
   </div>
   <div class='ocr_carea' id='block_1_28' title="bbox 371 1673 1999 1756">
    <p class='ocr_par' dir='ltr' id='par_1_28' title="bbox 371 1677 1999 1752">
     <span class='ocr_line' id='line_1_28' title="bbox 371 1677 1999 1752; baseline -0.004 -12"><span class='ocrx_word' id='word_1_183' title='bbox 371 1702 467 1740; x_wconf 87' lang='lat' dir='ltr'><strong>ras</strong></span> <span class='ocrx_word' id='word_1_184' title='bbox 492 1682 657 1738; x_wconf 82' lang='lat' dir='ltr'><strong>ﬁnxit</strong></span> <span class='ocrx_word' id='word_1_185' title='bbox 685 1680 901 1752; x_wconf 89' lang='lat' dir='ltr'><strong>quibus</strong></span> <span class='ocrx_word' id='word_1_186' title='bbox 931 1678 1003 1733; x_wconf 88' lang='lat' dir='ltr'><strong>ab</strong></span> <span class='ocrx_word' id='word_1_187' title='bbox 1035 1677 1386 1748; x_wconf 80' lang='lat' dir='ltr'><strong>imperatore</strong></span> <span class='ocrx_word' id='word_1_188' title='bbox 1408 1678 1740 1748; x_wconf 88' lang='lat' dir='ltr'><strong>juberetur,</strong></span> <span class='ocrx_word' id='word_1_189' title='bbox 1766 1679 1999 1750; x_wconf 80' lang='lat' dir='ltr'><strong>accepti:</strong></span> 
     </span>
    </p>
   </div>
   <div class='ocr_carea' id='block_1_29' title="bbox 2149 1673 3777 1756">
    <p class='ocr_par' dir='ltr' id='par_1_29' title="bbox 2149 1673 3777 1756">
     <span class='ocr_line' id='line_1_29' title="bbox 2149 1673 3777 1756; baseline 0.006 -27"><span class='ocrx_word' id='word_1_190' title='bbox 2149 1677 2526 1751; x_wconf 77' lang='grc' dir='ltr'>ἱποπειρᾶσθαι</span> <span class='ocrx_word' id='word_1_191' title='bbox 2579 1673 2823 1752; x_wconf 77' lang='grc' dir='ltr'>ἤρχετο,</span> <span class='ocrx_word' id='word_1_192' title='bbox 2882 1679 2998 1733; x_wconf 86' lang='grc' dir='ltr'>καθ’</span> <span class='ocrx_word' id='word_1_193' title='bbox 3052 1676 3142 1734; x_wconf 71' lang='grc' dir='ltr'><strong>ἕνα</strong></span> <span class='ocrx_word' id='word_1_194' title='bbox 3198 1680 3293 1752; x_wconf 77' lang='grc' dir='ltr'>μὶν</span> <span class='ocrx_word' id='word_1_195' title='bbox 3350 1680 3613 1756; x_wconf 84' lang='grc' dir='ltr'>πρότερον</span> <span class='ocrx_word' id='word_1_196' title='bbox 3668 1689 3777 1739; x_wconf 89' lang='grc' dir='ltr'><strong>τῶν</strong></span> 
     </span>
    </p>
   </div>
   <div class='ocr_carea' id='block_1_30' title="bbox 369 1764 1997 1840">
    <p class='ocr_par' dir='ltr' id='par_1_30' title="bbox 369 1766 1993 1837">
     <span class='ocr_line' id='line_1_30' title="bbox 369 1766 1993 1837; baseline -0.004 -8"><span class='ocrx_word' id='word_1_197' title='bbox 369 1774 559 1829; x_wconf 87' lang='lat' dir='ltr'><strong>tribus</strong></span> <span class='ocrx_word' id='word_1_198' title='bbox 588 1771 878 1826; x_wconf 92' lang='lat' dir='ltr'><strong>sociorum</strong></span> <span class='ocrx_word' id='word_1_199' title='bbox 913 1773 969 1824; x_wconf 89' lang='lat' dir='ltr'><strong>et</strong></span> <span class='ocrx_word' id='word_1_200' title='bbox 1001 1768 1231 1822; x_wconf 89' lang='lat' dir='ltr'><strong>duabus</strong></span> <span class='ocrx_word' id='word_1_201' title='bbox 1254 1766 1703 1837; x_wconf 65' lang='lat' dir='ltr'><strong>;Coloniensium</strong></span> <span class='ocrx_word' id='word_1_202' title='bbox 1738 1784 1804 1822; x_wconf 88' lang='lat' dir='ltr'><strong>ac</strong></span> <span class='ocrx_word' id='word_1_203' title='bbox 1851 1768 1993 1823; x_wconf 83' lang='lat' dir='ltr'><strong>Chal</strong></span> 
     </span>
    </p>
   </div>
   <div class='ocr_carea' id='block_1_31' title="bbox 2152 1764 3780 1840">
    <p class='ocr_par' dir='ltr' id='par_1_31' title="bbox 2154 1766 3780 1840">
     <span class='ocr_line' id='line_1_31' title="bbox 2154 1766 3780 1840; baseline 0.007 -22"><span class='ocrx_word' id='word_1_204' title='bbox 2154 1766 2537 1838; x_wconf 75' lang='grc' dir='ltr'>πισημοτὲρων</span> <span class='ocrx_word' id='word_1_205' title='bbox 2596 1770 2693 1819; x_wconf 80' lang='grc' dir='ltr'><strong>τοῦ</strong></span> <span class='ocrx_word' id='word_1_206' title='bbox 2743 1767 2916 1821; x_wconf 85' lang='grc' dir='ltr'>τόπου</span> <span class='ocrx_word' id='word_1_207' title='bbox 2969 1766 3297 1840; x_wconf 86' lang='grc' dir='ltr'>ἀπτόμενος,</span> <span class='ocrx_word' id='word_1_208' title='bbox 3333 1770 3444 1824; x_wconf 71' lang='grc' dir='ltr'>εἶτα</span> <span class='ocrx_word' id='word_1_209' title='bbox 3495 1772 3582 1826; x_wconf 84' lang='lat' dir='ltr'><strong>xui</strong></span> <span class='ocrx_word' id='word_1_210' title='bbox 3642 1775 3780 1829; x_wconf 75' lang='grc' dir='ltr'>κατὰ</span> 
     </span>
    </p>
   </div>
   <div class='ocr_carea' id='block_1_32' title="bbox 367 1855 1995 1956">
    <p class='ocr_par' dir='ltr' id='par_1_32' title="bbox 367 1855 1984 1931">
     <span class='ocr_line' id='line_1_32' title="bbox 367 1855 1984 1931; baseline -0.005 -13"><span class='ocrx_word' id='word_1_211' title='bbox 367 1863 574 1918; x_wconf 87' lang='lat' dir='ltr'><strong>dorum</strong></span> <span class='ocrx_word' id='word_1_212' title='bbox 602 1858 955 1931; x_wconf 88' lang='lat' dir='ltr'><strong>legionibus,</strong></span> <span class='ocrx_word' id='word_1_213' title='bbox 987 1857 1267 1912; x_wconf 88' lang='lat' dir='ltr'><strong>adversus</strong></span> <span class='ocrx_word' id='word_1_214' title='bbox 1299 1856 1659 1911; x_wconf 87' lang='lat' dir='ltr'><strong>Samuchum</strong></span> <span class='ocrx_word' id='word_1_215' title='bbox 1697 1855 1984 1927; x_wconf 80' lang='lat' dir='ltr'><strong>proﬁcisci</strong></span> 
     </span>
    </p>
   </div>
   <div class='ocr_carea' id='block_1_33' title="bbox 2146 1855 3774 1956">
    <p class='ocr_par' dir='ltr' id='par_1_33' title="bbox 2146 1856 3774 1935">
     <span class='ocr_line' id='line_1_33' title="bbox 2146 1856 3774 1935; baseline 0.006 -28"><span class='ocrx_word' id='word_1_216' title='bbox 2146 1857 2321 1929; x_wconf 76' lang='grc' dir='ltr'>ιικρὸν</span> <span class='ocrx_word' id='word_1_217' title='bbox 2369 1859 2475 1909; x_wconf 84' lang='grc' dir='ltr'><strong>τῶν</strong></span> <span class='ocrx_word' id='word_1_218' title='bbox 2505 1856 2894 1931; x_wconf 68' lang='grc' dir='ltr'>γενναιοτέρων</span> <span class='ocrx_word' id='word_1_219' title='bbox 2944 1858 3033 1911; x_wconf 80' lang='grc' dir='ltr'><strong>καὶ</strong></span> <span class='ocrx_word' id='word_1_220' title='bbox 3064 1863 3175 1912; x_wconf 90' lang='grc' dir='ltr'><strong>τῶν</strong></span> <span class='ocrx_word' id='word_1_221' title='bbox 3230 1861 3774 1935; x_wconf 73' lang='grc' dir='ltr'>στρατιωτικωτέρων</span> 
     </span>
    </p>
   </div>
   <div class='ocr_carea' id='block_1_34' title="bbox 365 1942 1993 2023">
    <p class='ocr_par' dir='ltr' id='par_1_34' title="bbox 365 1947 1993 2023">
     <span class='ocr_line' id='line_1_34' title="bbox 365 1947 1993 2023; baseline -0.004 -15"><span class='ocrx_word' id='word_1_222' title='bbox 365 1953 481 2009; x_wconf 87' lang='lat' dir='ltr'><strong>Has</strong></span> <span class='ocrx_word' id='word_1_223' title='bbox 526 1951 787 2023; x_wconf 90' lang='lat' dir='ltr'><strong>quinque</strong></span> <span class='ocrx_word' id='word_1_224' title='bbox 844 1947 1099 2019; x_wconf 80' lang='lat' dir='ltr'><strong>legiones</strong></span> <span class='ocrx_word' id='word_1_225' title='bbox 1140 1948 1197 2002; x_wconf 92' lang='lat' dir='ltr'><strong>in</strong></span> <span class='ocrx_word' id='word_1_226' title='bbox 1246 1963 1519 2018; x_wconf 86' lang='lat' dir='ltr'><strong>campum</strong></span> <span class='ocrx_word' id='word_1_227' title='bbox 1578 1948 1648 2002; x_wconf 89' lang='lat' dir='ltr'><strong>ad</strong></span> <span class='ocrx_word' id='word_1_228' title='bbox 1707 1947 1993 2020; x_wconf 78' lang='lat' dir='ltr'><strong>NicOpolir</strong></span> 
     </span>
    </p>
   </div>
   <div class='ocr_carea' id='block_1_35' title="bbox 2145 1942 3773 2023">
    <p class='ocr_par' dir='ltr' id='par_1_35' title="bbox 2145 1942 3773 2023">
     <span class='ocr_line' id='line_1_35' title="bbox 2145 1942 3773 2023; baseline 0.006 -26"><span class='ocrx_word' id='word_1_229' title='bbox 2145 1944 2597 2018; x_wconf 76' lang='grc' dir='ltr'>ὶποπειρώμενος.</span> <span class='ocrx_word' id='word_1_230' title='bbox 2661 1944 2810 1999; x_wconf 85' lang='grc' dir='ltr'>Ἐπεὶ</span> <span class='ocrx_word' id='word_1_231' title='bbox 2870 1942 2928 2000; x_wconf 67' lang='grc' dir='ltr'>δὲ</span> <span class='ocrx_word' id='word_1_232' title='bbox 2984 1943 3228 2018; x_wconf 76' lang='grc' dir='ltr'>ἠδυνήθη</span> <span class='ocrx_word' id='word_1_233' title='bbox 3257 1948 3396 2012; x_wconf 71' lang='grc' dir='ltr'>τέως</span> <span class='ocrx_word' id='word_1_234' title='bbox 3426 1949 3552 2011; x_wconf 76' lang='grc' dir='ltr'>τοὺς</span> <span class='ocrx_word' id='word_1_235' title='bbox 3582 1949 3739 2023; x_wconf 73' lang='grc' dir='ltr'>ἐπιση</span> <span class='ocrx_word' id='word_1_236' title='bbox 3760 1986 3773 1994; x_wconf 86' lang='grc'><strong>-</strong></span> 
     </span>
    </p>
   </div>
   <div class='ocr_carea' id='block_1_36' title="bbox 363 2033 1991 2117">
    <p class='ocr_par' dir='ltr' id='par_1_36' title="bbox 363 2036 1977 2110">
     <span class='ocr_line' id='line_1_36' title="bbox 363 2036 1977 2110; baseline -0.003 -11"><span class='ocrx_word' id='word_1_237' title='bbox 363 2041 676 2099; x_wconf 86' lang='lat' dir='ltr'><strong>convenire</strong></span> <span class='ocrx_word' id='word_1_238' title='bbox 702 2039 902 2110; x_wconf 84' lang='lat' dir='ltr'><strong>jussit,</strong></span> <span class='ocrx_word' id='word_1_239' title='bbox 935 2045 1112 2110; x_wconf 75' lang='lat' dir='ltr'><strong>atque</strong></span> <span class='ocrx_word' id='word_1_240' title='bbox 1144 2036 1250 2092; x_wconf 85' lang='lat' dir='ltr'><strong>hac</strong></span> <span class='ocrx_word' id='word_1_241' title='bbox 1281 2045 1367 2092; x_wconf 89' lang='lat' dir='ltr'><strong>est</strong></span> <span class='ocrx_word' id='word_1_242' title='bbox 1401 2054 1546 2092; x_wconf 90' lang='lat' dir='ltr'><strong>usus</strong></span> <span class='ocrx_word' id='word_1_243' title='bbox 1577 2037 1635 2091; x_wconf 93' lang='lat' dir='ltr'><strong>in</strong></span> <span class='ocrx_word' id='word_1_244' title='bbox 1670 2037 1742 2093; x_wconf 87' lang='lat' dir='ltr'><strong>iis</strong></span> <span class='ocrx_word' id='word_1_245' title='bbox 1776 2038 1885 2093; x_wconf 92' lang='lat' dir='ltr'><strong>sibi</strong></span> <span class='ocrx_word' id='word_1_246' title='bbox 1909 2039 1977 2094; x_wconf 92' lang='lat' dir='ltr'><strong>ob</strong></span> 
     </span>
    </p>
   </div>
   <div class='ocr_carea' id='block_1_37' title="bbox 2146 2033 3774 2117">
    <p class='ocr_par' dir='ltr' id='par_1_37' title="bbox 2146 2033 3774 2117">
     <span class='ocr_line' id='line_1_37' title="bbox 2146 2033 3774 2117; baseline 0.029 -48"><span class='ocrx_word' id='word_1_247' title='bbox 2146 2033 2388 2108; x_wconf 56' lang='grc' dir='ltr'>,πέτρους</span> <span class='ocrx_word' id='word_1_248' title='bbox 2436 2034 2571 2104; x_wconf 68' lang='grc' dir='ltr'>πρὸς</span> <span class='ocrx_word' id='word_1_249' title='bbox 2620 2034 2805 2089; x_wconf 64' lang='grc' dir='ltr'>ἑαυτὸν</span> <span class='ocrx_word' id='word_1_250' title='bbox 2857 2034 3271 2105; x_wconf 76' lang='grc' dir='ltr'>ἐπισπάσασθαι,</span> <span class='ocrx_word' id='word_1_251' title='bbox 3317 2036 3516 2096; x_wconf 86' lang='grc' dir='ltr'>λοιπὸν</span> <span class='ocrx_word' id='word_1_252' title='bbox 3570 2038 3774 2117; x_wconf 69' lang='grc' dir='ltr'><strong>ἤρξατο</strong></span> 
     </span>
    </p>
   </div>
   <div class='ocr_carea' id='block_1_38' title="bbox 364 2120 1992 2208">
    <p class='ocr_par' dir='ltr' id='par_1_38' title="bbox 364 2125 1992 2205">
     <span class='ocr_line' id='line_1_38' title="bbox 364 2125 1992 2205; baseline -0.004 -17"><span class='ocrx_word' id='word_1_253' title='bbox 364 2130 723 2205; x_wconf 90' lang='lat' dir='ltr'><strong>stringendis</strong></span> <span class='ocrx_word' id='word_1_254' title='bbox 754 2136 899 2183; x_wconf 89' lang='lat' dir='ltr'><strong>arte.</strong></span> <span class='ocrx_word' id='word_1_255' title='bbox 945 2125 1207 2198; x_wconf 85' lang='lat' dir='ltr'><strong>Singulis</strong></span> <span class='ocrx_word' id='word_1_256' title='bbox 1251 2127 1459 2181; x_wconf 90' lang='lat' dir='ltr'><strong>diebus</strong></span> <span class='ocrx_word' id='word_1_257' title='bbox 1516 2126 1864 2181; x_wconf 88' lang='lat' dir='ltr'><strong>adnumium</strong></span> <span class='ocrx_word' id='word_1_258' title='bbox 1909 2127 1992 2181; x_wconf 75' lang='lat' dir='ltr'><strong>(in</strong></span> 
     </span>
    </p>
   </div>
   <div class='ocr_carea' id='block_1_39' title="bbox 2145 2120 3773 2208">
    <p class='ocr_par' dir='ltr' id='par_1_39' title="bbox 2145 2120 3773 2208">
     <span class='ocr_line' id='line_1_39' title="bbox 2145 2120 3773 2208; baseline 0.007 -32"><span class='ocrx_word' id='word_1_259' title='bbox 2145 2122 2208 2177; x_wconf 79' lang='lat' dir='ltr'><strong>:ui</strong></span> <span class='ocrx_word' id='word_1_260' title='bbox 2264 2126 2381 2185; x_wconf 87' lang='grc' dir='ltr'>τοῖς</span> <span class='ocrx_word' id='word_1_261' title='bbox 2440 2120 2673 2192; x_wconf 80' lang='grc' dir='ltr'>πλήθεσι</span> <span class='ocrx_word' id='word_1_262' title='bbox 2731 2123 2990 2200; x_wconf 86' lang='grc' dir='ltr'>παρέχειν</span> <span class='ocrx_word' id='word_1_263' title='bbox 3050 2131 3261 2200; x_wconf 88' lang='grc' dir='ltr'>πεῖραν·</span> <span class='ocrx_word' id='word_1_264' title='bbox 3320 2128 3621 2203; x_wconf 75' lang='grc' dir='ltr'>γράμματα</span> <span class='ocrx_word' id='word_1_265' title='bbox 3667 2130 3773 2208; x_wconf 72' lang='grc' dir='ltr'><strong>γὰρ</strong></span> 
     </span>
    </p>
   </div>
   <div class='ocr_carea' id='block_1_40' title="bbox 359 2210 1987 2296">
    <p class='ocr_par' dir='ltr' id='par_1_40' title="bbox 359 2216 1987 2296">
     <span class='ocr_line' id='line_1_40' title="bbox 359 2216 1987 2296; baseline -0.003 -21"><span class='ocrx_word' id='word_1_266' title='bbox 359 2239 505 2296; x_wconf 85' lang='lat' dir='ltr'><strong>gens</strong></span> <span class='ocrx_word' id='word_1_267' title='bbox 535 2235 771 2278; x_wconf 78' lang='lat' dir='ltr'><strong>summo</strong></span> <span class='ocrx_word' id='word_1_268' title='bbox 795 2234 967 2273; x_wconf 90' lang='lat' dir='ltr'><strong>mane</strong></span> <span class='ocrx_word' id='word_1_269' title='bbox 997 2234 1175 2288; x_wconf 83' lang='lat' dir='ltr'><strong>eques</strong></span> <span class='ocrx_word' id='word_1_270' title='bbox 1206 2217 1437 2284; x_wconf 82' lang='lat' dir='ltr'><strong>exibat;</strong></span> <span class='ocrx_word' id='word_1_271' title='bbox 1459 2233 1525 2272; x_wconf 89' lang='lat' dir='ltr'><strong>ac</strong></span> <span class='ocrx_word' id='word_1_272' title='bbox 1559 2216 1759 2287; x_wconf 84' lang='lat' dir='ltr'><strong>procul</strong></span> <span class='ocrx_word' id='word_1_273' title='bbox 1785 2220 1858 2272; x_wconf 88' lang='lat' dir='ltr'><strong>ab</strong></span> <span class='ocrx_word' id='word_1_274' title='bbox 1876 2216 1987 2271; x_wconf 78' lang='lat' dir='ltr'><strong>alii:</strong></span> 
     </span>
    </p>
   </div>
   <div class='ocr_carea' id='block_1_41' title="bbox 2147 2210 3775 2296">
    <p class='ocr_par' dir='ltr' id='par_1_41' title="bbox 2147 2210 3775 2293">
     <span class='ocr_line' id='line_1_41' title="bbox 2147 2210 3775 2293; baseline 0.006 -27"><span class='ocrx_word' id='word_1_275' title='bbox 2147 2210 2469 2284; x_wconf 68' lang='grc' dir='ltr'>πλασάμενος</span> <span class='ocrx_word' id='word_1_276' title='bbox 2531 2210 2790 2287; x_wconf 85' lang='grc' dir='ltr'>βασιλικᾶ</span> <span class='ocrx_word' id='word_1_277' title='bbox 2847 2213 2920 2275; x_wconf 83' lang='grc' dir='ltr'>ὡς</span> <span class='ocrx_word' id='word_1_278' title='bbox 2980 2210 3061 2284; x_wconf 50' lang='grc' dir='ltr'><strong>εἵη</strong></span> <span class='ocrx_word' id='word_1_279' title='bbox 3123 2218 3590 2292; x_wconf 68' lang='grc' dir='ltr'>προστεταγμένον</span> <span class='ocrx_word' id='word_1_280' title='bbox 3622 2218 3775 2293; x_wconf 81' lang='grc' dir='ltr'>αὐτῷ</span> 
     </span>
    </p>
   </div>
   <div class='ocr_carea' id='block_1_42' title="bbox 358 2297 1986 2379">
    <p class='ocr_par' dir='ltr' id='par_1_42' title="bbox 358 2304 1986 2379">
     <span class='ocr_line' id='line_1_42' title="bbox 358 2304 1986 2379; baseline -0.005 -13"><span class='ocrx_word' id='word_1_281' title='bbox 358 2310 692 2365; x_wconf 88' lang='lat' dir='ltr'><strong>subsistens</strong></span> <span class='ocrx_word' id='word_1_282' title='bbox 724 2307 915 2379; x_wconf 89' lang='lat' dir='ltr'><strong>primo</strong></span> <span class='ocrx_word' id='word_1_283' title='bbox 949 2305 1155 2359; x_wconf 73' lang='lat' dir='ltr'><strong>ducem</strong></span> <span class='ocrx_word' id='word_1_284' title='bbox 1188 2304 1258 2359; x_wconf 86' lang='lat' dir='ltr'><strong>ad</strong></span> <span class='ocrx_word' id='word_1_285' title='bbox 1284 2320 1346 2359; x_wconf 78' lang='lat' dir='ltr'><strong>se</strong></span> <span class='ocrx_word' id='word_1_286' title='bbox 1377 2304 1639 2370; x_wconf 82' lang='lat' dir='ltr'><strong>vocabat,</strong></span> <span class='ocrx_word' id='word_1_287' title='bbox 1677 2305 1846 2376; x_wconf 88' lang='lat' dir='ltr'><strong>eique</strong></span> <span class='ocrx_word' id='word_1_288' title='bbox 1899 2322 1986 2359; x_wconf 76' lang='grc' dir='ltr'>ευ(</span> 
     </span>
    </p>
   </div>
   <div class='ocr_carea' id='block_1_43' title="bbox 2147 2297 3775 2379">
    <p class='ocr_par' dir='ltr' id='par_1_43' title="bbox 2147 2297 3775 2379">
     <span class='ocr_line' id='line_1_43' title="bbox 2147 2297 3775 2379; baseline 0.007 -26"><span class='ocrx_word' id='word_1_289' title='bbox 2147 2297 2438 2371; x_wconf 77' lang='grc' dir='ltr'>,νειληφότι</span> <span class='ocrx_word' id='word_1_290' title='bbox 2467 2300 2533 2355; x_wconf 77' lang='grc' dir='ltr'><strong>τά</strong></span> <span class='ocrx_word' id='word_1_291' title='bbox 2556 2305 2663 2355; x_wconf 86' lang='grc' dir='ltr'><strong>τῶν</strong></span> <span class='ocrx_word' id='word_1_292' title='bbox 2705 2301 3017 2378; x_wconf 76' lang='grc' dir='ltr'>συμμάχων</span> <span class='ocrx_word' id='word_1_293' title='bbox 3045 2301 3172 2377; x_wconf 90' lang='grc' dir='ltr'>τρία</span> <span class='ocrx_word' id='word_1_294' title='bbox 3201 2302 3451 2379; x_wconf 83' lang='grc' dir='ltr'>τάγματα</span> <span class='ocrx_word' id='word_1_295' title='bbox 3497 2308 3588 2362; x_wconf 83' lang='grc' dir='ltr'>καὶ</span> <span class='ocrx_word' id='word_1_296' title='bbox 3644 2309 3775 2373; x_wconf 71' lang='grc' dir='ltr'>τοὺς</span> 
     </span>
    </p>
   </div>
   <div class='ocr_carea' id='block_1_44' title="bbox 356 2388 1984 2467">
    <p class='ocr_par' dir='ltr' id='par_1_44' title="bbox 356 2393 1978 2467">
     <span class='ocr_line' id='line_1_44' title="bbox 356 2393 1978 2467; baseline -0.002 -14"><span class='ocrx_word' id='word_1_297' title='bbox 356 2398 628 2454; x_wconf 88' lang='lat' dir='ltr'><strong>instituto</strong></span> <span class='ocrx_word' id='word_1_298' title='bbox 657 2396 917 2467; x_wconf 82' lang='lat' dir='ltr'><strong>exposito</strong></span> <span class='ocrx_word' id='word_1_299' title='bbox 943 2394 1288 2449; x_wconf 86' lang='lat' dir='ltr'><strong>ostendebat</strong></span> <span class='ocrx_word' id='word_1_300' title='bbox 1317 2399 1419 2447; x_wconf 87' lang='lat' dir='ltr'><strong>aut</strong></span> <span class='ocrx_word' id='word_1_301' title='bbox 1477 2393 1846 2448; x_wconf 86' lang='lat' dir='ltr'><strong>moriendum</strong></span> <span class='ocrx_word' id='word_1_302' title='bbox 1905 2411 1978 2449; x_wconf 89' lang='lat' dir='ltr'><strong>au</strong></span> 
     </span>
    </p>
   </div>
   <div class='ocr_carea' id='block_1_45' title="bbox 2142 2388 3770 2467">
    <p class='ocr_par' dir='ltr' id='par_1_45' title="bbox 2142 2388 3770 2462">
     <span class='ocr_line' id='line_1_45' title="bbox 2142 2388 3770 2462; baseline 0.004 -19"><span class='ocrx_word' id='word_1_303' title='bbox 2142 2389 2211 2444; x_wconf 67' lang='grc' dir='ltr'>ῑῦο</span> <span class='ocrx_word' id='word_1_304' title='bbox 2258 2394 2368 2445; x_wconf 88' lang='grc' dir='ltr'><strong>τῶν</strong></span> <span class='ocrx_word' id='word_1_305' title='bbox 2417 2411 2476 2445; x_wconf 91' lang='grc' dir='ltr'><strong>τε</strong></span> <span class='ocrx_word' id='word_1_306' title='bbox 2526 2388 2917 2445; x_wconf 74' lang='grc' dir='ltr'>Κολωνειατῶν</span> <span class='ocrx_word' id='word_1_307' title='bbox 2961 2390 3188 2447; x_wconf 77' lang='grc' dir='ltr'>καὶτῶν</span> <span class='ocrx_word' id='word_1_308' title='bbox 3237 2391 3493 2451; x_wconf 87' lang='grc' dir='ltr'>Χαλδίων</span> <span class='ocrx_word' id='word_1_309' title='bbox 3523 2396 3770 2462; x_wconf 81' lang='grc' dir='ltr'>ἀνελθεῖν</span> 
     </span>
    </p>
   </div>
   <div class='ocr_carea' id='block_1_46' title="bbox 353 2478 1981 2557">
    <p class='ocr_par' dir='ltr' id='par_1_46' title="bbox 353 2480 1980 2552">
     <span class='ocr_line' id='line_1_46' title="bbox 353 2480 1980 2552; baseline -0.002 -11"><span class='ocrx_word' id='word_1_310' title='bbox 353 2485 796 2543; x_wconf 87' lang='lat' dir='ltr'><strong>assentiendum</strong></span> <span class='ocrx_word' id='word_1_311' title='bbox 829 2499 979 2551; x_wconf 82' lang='lat' dir='ltr'><strong>esse,</strong></span> <span class='ocrx_word' id='word_1_312' title='bbox 1016 2480 1228 2537; x_wconf 90' lang='lat' dir='ltr'><strong>deinde</strong></span> <span class='ocrx_word' id='word_1_313' title='bbox 1260 2481 1610 2552; x_wconf 86' lang='lat' dir='ltr'><strong>singulatim</strong></span> <span class='ocrx_word' id='word_1_314' title='bbox 1645 2482 1883 2537; x_wconf 88' lang='lat' dir='ltr'><strong>ordines</strong></span> <span class='ocrx_word' id='word_1_315' title='bbox 1913 2499 1980 2538; x_wconf 91' lang='lat' dir='ltr'><strong>eo</strong></span> 
     </span>
    </p>
   </div>
   <div class='ocr_carea' id='block_1_47' title="bbox 2143 2478 3771 2557">
    <p class='ocr_par' dir='ltr' id='par_1_47' title="bbox 2143 2478 3771 2557">
     <span class='ocr_line' id='line_1_47' title="bbox 2143 2478 3771 2557; baseline 0.008 -25"><span class='ocrx_word' id='word_1_316' title='bbox 2143 2480 2247 2534; x_wconf 33' lang='grc' dir='ltr'>κατὰ</span> <span class='ocrx_word' id='word_1_317' title='bbox 2295 2482 2393 2534; x_wconf 79' lang='grc' dir='ltr'><strong>τοῦ</strong></span> <span class='ocrx_word' id='word_1_318' title='bbox 2454 2478 2709 2555; x_wconf 70' lang='grc' dir='ltr'>Σαμοὺχ,</span> <span class='ocrx_word' id='word_1_319' title='bbox 2774 2480 2866 2535; x_wconf 80' lang='grc' dir='ltr'>καὶ</span> <span class='ocrx_word' id='word_1_320' title='bbox 2922 2479 2990 2535; x_wconf 78' lang='grc' dir='ltr'>τὰ</span> <span class='ocrx_word' id='word_1_321' title='bbox 3045 2480 3204 2537; x_wconf 64' lang='grc' dir='ltr'>πέντε</span> <span class='ocrx_word' id='word_1_322' title='bbox 3252 2488 3422 2538; x_wconf 70' lang='grc' dir='ltr'>ταῦτα</span> <span class='ocrx_word' id='word_1_323' title='bbox 3473 2487 3610 2542; x_wconf 84' lang='grc' dir='ltr'>κατὰ</span> <span class='ocrx_word' id='word_1_324' title='bbox 3665 2489 3771 2557; x_wconf 77' lang='grc' dir='ltr'>τὴν</span> 
     </span>
    </p>
   </div>
   <div class='ocr_carea' id='block_1_48' title="bbox 351 2566 1979 2644">
    <p class='ocr_par' dir='ltr' id='par_1_48' title="bbox 351 2570 1979 2641">
     <span class='ocr_line' id='line_1_48' title="bbox 351 2570 1979 2641; baseline -0.004 -10"><span class='ocrx_word' id='word_1_325' title='bbox 351 2576 485 2631; x_wconf 89' lang='lat' dir='ltr'><strong>dem</strong></span> <span class='ocrx_word' id='word_1_326' title='bbox 510 2575 685 2630; x_wconf 92' lang='lat' dir='ltr'><strong>modo</strong></span> <span class='ocrx_word' id='word_1_327' title='bbox 716 2589 783 2629; x_wconf 87' lang='lat' dir='ltr'><strong>ac</strong></span> <span class='ocrx_word' id='word_1_328' title='bbox 809 2571 1144 2627; x_wconf 88' lang='lat' dir='ltr'><strong>conditione</strong></span> <span class='ocrx_word' id='word_1_329' title='bbox 1179 2587 1193 2637; x_wconf 86' lang='lat'><strong>;</strong></span> <span class='ocrx_word' id='word_1_330' title='bbox 1227 2574 1403 2641; x_wconf 88' lang='lat' dir='ltr'><strong>atque</strong></span> <span class='ocrx_word' id='word_1_331' title='bbox 1434 2570 1542 2625; x_wconf 89' lang='lat' dir='ltr'><strong>hoc</strong></span> <span class='ocrx_word' id='word_1_332' title='bbox 1583 2576 1752 2641; x_wconf 90' lang='lat' dir='ltr'><strong>pacto</strong></span> <span class='ocrx_word' id='word_1_333' title='bbox 1796 2588 1979 2626; x_wconf 76' lang='lat' dir='ltr'><strong>omne:</strong></span> 
     </span>
    </p>
   </div>
   <div class='ocr_carea' id='block_1_49' title="bbox 2140 2566 3768 2644">
    <p class='ocr_par' dir='ltr' id='par_1_49' title="bbox 2140 2566 3768 2644">
     <span class='ocr_line' id='line_1_49' title="bbox 2140 2566 3768 2644; baseline 0.006 -21"><span class='ocrx_word' id='word_1_334' title='bbox 2140 2566 2339 2624; x_wconf 70' lang='grc' dir='ltr'>πεδιάδα</span> <span class='ocrx_word' id='word_1_335' title='bbox 2389 2575 2489 2638; x_wconf 83' lang='grc' dir='ltr'><strong>τῆς</strong></span> <span class='ocrx_word' id='word_1_336' title='bbox 2545 2567 2900 2631; x_wconf 77' lang='grc' dir='ltr'>Νικοπόλεως</span> <span class='ocrx_word' id='word_1_337' title='bbox 2920 2570 3268 2643; x_wconf 79' lang='grc' dir='ltr'>ἀθροισθῆναι</span> <span class='ocrx_word' id='word_1_338' title='bbox 3308 2572 3587 2644; x_wconf 81' lang='grc' dir='ltr'>κελεύσας,</span> <span class='ocrx_word' id='word_1_339' title='bbox 3623 2576 3768 2633; x_wconf 76' lang='grc' dir='ltr'>οὕτω</span> 
     </span>
    </p>
   </div>
   <div class='ocr_carea' id='block_1_50' title="bbox 350 2657 1978 2741">
    <p class='ocr_par' dir='ltr' id='par_1_50' title="bbox 350 2661 1978 2722">
     <span class='ocr_line' id='line_1_50' title="bbox 350 2661 1978 2722; baseline -0.004 0"><span class='ocrx_word' id='word_1_340' title='bbox 350 2665 527 2722; x_wconf 88' lang='lat' dir='ltr'><strong>etiam</strong></span> <span class='ocrx_word' id='word_1_341' title='bbox 558 2664 776 2719; x_wconf 90' lang='lat' dir='ltr'><strong>invitos</strong></span> <span class='ocrx_word' id='word_1_342' title='bbox 805 2663 876 2717; x_wconf 91' lang='lat' dir='ltr'><strong>ad</strong></span> <span class='ocrx_word' id='word_1_343' title='bbox 909 2668 1345 2717; x_wconf 87' lang='lat' dir='ltr'><strong>sacramentum</strong></span> <span class='ocrx_word' id='word_1_344' title='bbox 1380 2661 1694 2715; x_wconf 82' lang='lat' dir='ltr'><strong>dicendum</strong></span> <span class='ocrx_word' id='word_1_345' title='bbox 1726 2661 1841 2715; x_wconf 87' lang='lat' dir='ltr'><strong>sibi</strong></span> <span class='ocrx_word' id='word_1_346' title='bbox 1893 2662 1978 2716; x_wconf 90' lang='lat' dir='ltr'><strong>ad</strong></span> 
     </span>
    </p>
   </div>
   <div class='ocr_carea' id='block_1_51' title="bbox 2141 2657 3769 2741">
    <p class='ocr_par' dir='ltr' id='par_1_51' title="bbox 2142 2657 3769 2741">
     <span class='ocr_line' id='line_1_51' title="bbox 2142 2657 3769 2741; baseline 0.007 -32"><span class='ocrx_word' id='word_1_347' title='bbox 2142 2658 2208 2725; x_wconf 67' lang='grc' dir='ltr'><strong>ἡν</strong></span> <span class='ocrx_word' id='word_1_348' title='bbox 2277 2661 2468 2731; x_wconf 84' lang='grc' dir='ltr'>πεῖραν</span> <span class='ocrx_word' id='word_1_349' title='bbox 2540 2657 2903 2732; x_wconf 58' lang='grc' dir='ltr'>προσήγαγεν·</span> <span class='ocrx_word' id='word_1_350' title='bbox 2984 2657 3065 2735; x_wconf 80' lang='grc' dir='ltr'><strong>ἐφ’</strong></span> <span class='ocrx_word' id='word_1_351' title='bbox 3138 2658 3333 2734; x_wconf 74' lang='grc' dir='ltr'>ἑκάστῃ</span> <span class='ocrx_word' id='word_1_352' title='bbox 3405 2661 3512 2737; x_wconf 67' lang='grc' dir='ltr'><strong>γάρ</strong></span> <span class='ocrx_word' id='word_1_353' title='bbox 3582 2664 3769 2741; x_wconf 67' lang='grc' dir='ltr'>ἡμέρᾳ</span> 
     </span>
    </p>
   </div>
   <div class='ocr_carea' id='block_1_52' title="bbox 348 2742 1976 2825">
    <p class='ocr_par' dir='ltr' id='par_1_52' title="bbox 348 2748 1970 2825">
     <span class='ocr_line' id='line_1_52' title="bbox 348 2748 1970 2825; baseline -0.002 -16"><span class='ocrx_word' id='word_1_354' title='bbox 348 2754 487 2825; x_wconf 89' lang='lat' dir='ltr'><strong>egit.</strong></span> <span class='ocrx_word' id='word_1_355' title='bbox 523 2753 716 2808; x_wconf 90' lang='lat' dir='ltr'><strong>Primo</strong></span> <span class='ocrx_word' id='word_1_356' title='bbox 742 2751 1036 2806; x_wconf 82' lang='lat' dir='ltr'><strong>Romanas</strong></span> <span class='ocrx_word' id='word_1_357' title='bbox 1064 2748 1327 2821; x_wconf 88' lang='lat' dir='ltr'><strong>legiones</strong></span> <span class='ocrx_word' id='word_1_358' title='bbox 1360 2748 1530 2817; x_wconf 83' lang='lat' dir='ltr'><strong>duas,</strong></span> <span class='ocrx_word' id='word_1_359' title='bbox 1562 2749 1772 2804; x_wconf 90' lang='lat' dir='ltr'><strong>deinde</strong></span> <span class='ocrx_word' id='word_1_360' title='bbox 1799 2750 1970 2805; x_wconf 89' lang='lat' dir='ltr'><strong>dome</strong></span> 
     </span>
    </p>
   </div>
   <div class='ocr_carea' id='block_1_53' title="bbox 2226 2742 3854 2825">
    <p class='ocr_par' dir='ltr' id='par_1_53' title="bbox 2226 2742 3854 2824">
     <span class='ocr_line' id='line_1_53' title="bbox 2226 2742 3854 2824; baseline 0.007 -26"><span class='ocrx_word' id='word_1_361' title='bbox 2226 2744 2401 2819; x_wconf 65' lang='grc' dir='ltr'>νόμιον</span> <span class='ocrx_word' id='word_1_362' title='bbox 2452 2747 2559 2817; x_wconf 79' lang='grc'><strong>(49)</strong></span> <span class='ocrx_word' id='word_1_363' title='bbox 2605 2742 3003 2818; x_wconf 80' lang='grc' dir='ltr'>πλαττόμενος,</span> <span class='ocrx_word' id='word_1_364' title='bbox 3039 2745 3274 2821; x_wconf 73' lang='grc' dir='ltr'>πρωίθεν</span> <span class='ocrx_word' id='word_1_365' title='bbox 3330 2748 3766 2824; x_wconf 70' lang='grc' dir='ltr'>ἑξιππαζόμενος</span> <span class='ocrx_word' id='word_1_366' title='bbox 3844 2802 3854 2809; x_wconf 89' lang='grc'>.</span> 
     </span>
    </p>
   </div>
   <div class='ocr_carea' id='block_1_54' title="bbox 349 2830 1977 2913">
    <p class='ocr_par' dir='ltr' id='par_1_54' title="bbox 349 2837 1977 2913">
     <span class='ocr_line' id='line_1_54' title="bbox 349 2837 1977 2913; baseline -0.004 -15"><span class='ocrx_word' id='word_1_367' title='bbox 349 2843 793 2913; x_wconf 70' lang='grc' dir='ltr'>ειιεδε,’ροεὶρο</span> <span class='ocrx_word' id='word_1_368' title='bbox 841 2838 1015 2893; x_wconf 89' lang='lat' dir='ltr'><strong>etiam</strong></span> <span class='ocrx_word' id='word_1_369' title='bbox 1072 2837 1409 2908; x_wconf 81' lang='lat' dir='ltr'><strong>peregrinas</strong></span> <span class='ocrx_word' id='word_1_370' title='bbox 1457 2837 1721 2891; x_wconf 88' lang='lat' dir='ltr'><strong>tentavit.</strong></span> <span class='ocrx_word' id='word_1_371' title='bbox 1773 2838 1977 2901; x_wconf 76' lang='lat' dir='ltr'><strong>Quibu:</strong></span> 
     </span>
    </p>
   </div>
   <div class='ocr_carea' id='block_1_55' title="bbox 2133 2830 3761 2913">
    <p class='ocr_par' dir='ltr' id='par_1_55' title="bbox 2133 2830 3761 2912">
     <span class='ocr_line' id='line_1_55' title="bbox 2133 2830 3761 2912; baseline 0.005 -23"><span class='ocrx_word' id='word_1_372' title='bbox 2133 2835 2199 2890; x_wconf 76' lang='lat' dir='ltr'><strong>:ui</strong></span> <span class='ocrx_word' id='word_1_373' title='bbox 2229 2834 2419 2912; x_wconf 70' lang='grc' dir='ltr'>πόρῥω</span> <span class='ocrx_word' id='word_1_374' title='bbox 2467 2838 2576 2888; x_wconf 87' lang='grc' dir='ltr'><strong>τῶν</strong></span> <span class='ocrx_word' id='word_1_375' title='bbox 2609 2830 2795 2888; x_wconf 71' lang='grc' dir='ltr'>ἄλλων</span> <span class='ocrx_word' id='word_1_376' title='bbox 2852 2835 3112 2909; x_wconf 76' lang='grc' dir='ltr'>ἀφιστῶν,</span> <span class='ocrx_word' id='word_1_377' title='bbox 3171 2840 3390 2910; x_wconf 81' lang='grc' dir='ltr'>πρῶτον</span> <span class='ocrx_word' id='word_1_378' title='bbox 3448 2840 3544 2912; x_wconf 75' lang='grc' dir='ltr'>μὶν</span> <span class='ocrx_word' id='word_1_379' title='bbox 3576 2837 3761 2897; x_wconf 77' lang='grc' dir='ltr'>ἐκάλει</span> 
     </span>
    </p>
   </div>
   <div class='ocr_carea' id='block_1_56' title="bbox 347 2922 1975 3006">
    <p class='ocr_par' dir='ltr' id='par_1_56' title="bbox 347 2925 1975 3003">
     <span class='ocr_line' id='line_1_56' title="bbox 347 2925 1975 3003; baseline -0.004 -17"><span class='ocrx_word' id='word_1_380' title='bbox 347 2932 495 3003; x_wconf 88' lang='lat' dir='ltr'><strong>ipsis</strong></span> <span class='ocrx_word' id='word_1_381' title='bbox 526 2944 763 3002; x_wconf 89' lang='lat' dir='ltr'><strong>quoque</strong></span> <span class='ocrx_word' id='word_1_382' title='bbox 791 2926 956 2982; x_wconf 77' lang='lat' dir='ltr'><strong>facile</strong></span> <span class='ocrx_word' id='word_1_383' title='bbox 980 2925 1262 2998; x_wconf 83' lang='lat' dir='ltr'><strong>perculsis</strong></span> <span class='ocrx_word' id='word_1_384' title='bbox 1288 2925 1747 2996; x_wconf 86' lang='lat' dir='ltr'><strong>juramentoque</strong></span> <span class='ocrx_word' id='word_1_385' title='bbox 1777 2927 1975 2981; x_wconf 87' lang='lat' dir='ltr'><strong>obstri-</strong></span> 
     </span>
    </p>
   </div>
   <div class='ocr_carea' id='block_1_57' title="bbox 2130 2922 3758 3006">
    <p class='ocr_par' dir='ltr' id='par_1_57' title="bbox 2130 2922 3758 3006">
     <span class='ocr_line' id='line_1_57' title="bbox 2130 2922 3758 3006; baseline 0.002 -27"><span class='ocrx_word' id='word_1_386' title='bbox 2130 2925 2195 2979; x_wconf 62' lang='grc' dir='ltr'>ὃν</span> <span class='ocrx_word' id='word_1_387' title='bbox 2249 2924 2494 2999; x_wconf 81' lang='grc' dir='ltr'>ἡγεμόνα</span> <span class='ocrx_word' id='word_1_388' title='bbox 2521 2922 2611 2978; x_wconf 88' lang='grc' dir='ltr'>καὶ</span> <span class='ocrx_word' id='word_1_389' title='bbox 2638 2925 2741 2993; x_wconf 74' lang='grc' dir='ltr'>τὴν</span> <span class='ocrx_word' id='word_1_390' title='bbox 2776 2922 2983 2999; x_wconf 73' lang='grc' dir='ltr'>βουλήν</span> <span class='ocrx_word' id='word_1_391' title='bbox 3016 2922 3406 2996; x_wconf 81' lang='grc' dir='ltr'>ἀνεκάλυπτεν,</span> <span class='ocrx_word' id='word_1_392' title='bbox 3441 2927 3517 2990; x_wconf 80' lang='grc' dir='ltr'><strong>ὡς</strong></span> <span class='ocrx_word' id='word_1_393' title='bbox 3548 2928 3758 3006; x_wconf 80' lang='grc' dir='ltr'>ἀνάγκη</span> 
     </span>
    </p>
   </div>
   <div class='ocr_carea' id='block_1_58' title="bbox 343 3011 1971 3097">
    <p class='ocr_par' dir='ltr' id='par_1_58' title="bbox 343 3013 1970 3089">
     <span class='ocr_line' id='line_1_58' title="bbox 343 3013 1970 3089; baseline -0.004 -14"><span class='ocrx_word' id='word_1_394' title='bbox 343 3022 476 3085; x_wconf 87' lang='lat' dir='ltr'><strong>ctis,</strong></span> <span class='ocrx_word' id='word_1_395' title='bbox 503 3021 627 3089; x_wconf 89' lang='lat' dir='ltr'><strong>jam</strong></span> <span class='ocrx_word' id='word_1_396' title='bbox 663 3022 820 3072; x_wconf 88' lang='lat' dir='ltr'><strong>metu</strong></span> <span class='ocrx_word' id='word_1_397' title='bbox 854 3032 1102 3078; x_wconf 86' lang='lat' dir='ltr'><strong>vacuus,</strong></span> <span class='ocrx_word' id='word_1_398' title='bbox 1133 3013 1393 3069; x_wconf 86' lang='lat' dir='ltr'><strong>collectis</strong></span> <span class='ocrx_word' id='word_1_399' title='bbox 1440 3013 1596 3069; x_wconf 73' lang='lat'><strong>620</strong></span> <span class='ocrx_word' id='word_1_400' title='bbox 1632 3014 1970 3070; x_wconf 87' lang='lat' dir='ltr'><strong>Sebastenis</strong></span> 
     </span>
    </p>
   </div>
   <div class='ocr_carea' id='block_1_59' title="bbox 2132 3011 3760 3097">
    <p class='ocr_par' dir='ltr' id='par_1_59' title="bbox 2132 3011 3760 3097">
     <span class='ocr_line' id='line_1_59' title="bbox 2132 3011 3760 3097; baseline 0.002 -28"><span class='ocrx_word' id='word_1_401' title='bbox 2132 3020 2217 3069; x_wconf 84' lang='grc' dir='ltr'>οἶν</span> <span class='ocrx_word' id='word_1_402' title='bbox 2275 3011 2422 3069; x_wconf 87' lang='grc' dir='ltr'>δυοῖν</span> <span class='ocrx_word' id='word_1_403' title='bbox 2484 3015 2704 3088; x_wconf 82' lang='grc' dir='ltr'>θάτερον</span> <span class='ocrx_word' id='word_1_404' title='bbox 2747 3015 2964 3089; x_wconf 77' lang='grc' dir='ltr'>πρᾶξαι,</span> <span class='ocrx_word' id='word_1_405' title='bbox 3024 3013 3059 3083; x_wconf 73' lang='grc' dir='ltr'><strong>ἢ</strong></span> <span class='ocrx_word' id='word_1_406' title='bbox 3119 3015 3396 3070; x_wconf 69' lang='grc' dir='ltr'>συνθέσθαι</span> <span class='ocrx_word' id='word_1_407' title='bbox 3452 3022 3571 3079; x_wconf 87' lang='grc' dir='ltr'>τοῖς</span> <span class='ocrx_word' id='word_1_408' title='bbox 3630 3022 3760 3097; x_wconf 89' lang='grc' dir='ltr'>παρ’</span> 
     </span>
    </p>
   </div>
   <div class='ocr_carea' id='block_1_60' title="bbox 343 3100 1971 3182">
    <p class='ocr_par' dir='ltr' id='par_1_60' title="bbox 343 3103 1971 3179">
     <span class='ocr_line' id='line_1_60' title="bbox 343 3103 1971 3179; baseline -0.004 -15"><span class='ocrx_word' id='word_1_409' title='bbox 343 3104 1040 3179; x_wconf 85' lang='lat' dir='ltr'><strong>Melitenis,Tephricanis</strong></span> <span class='ocrx_word' id='word_1_410' title='bbox 1054 3103 1416 3175; x_wconf 90' lang='lat' dir='ltr'><strong>reliquisque</strong></span> <span class='ocrx_word' id='word_1_411' title='bbox 1431 3103 1724 3158; x_wconf 84' lang='lat' dir='ltr'><strong>Armeniis</strong></span> <span class='ocrx_word' id='word_1_412' title='bbox 1742 3105 1773 3156; x_wconf 90' lang='lat' dir='ltr'><strong>d</strong></span> <span class='ocrx_word' id='word_1_413' title='bbox 1786 3106 1971 3160; x_wconf 76' lang='lat' dir='ltr'><strong>ucibu:</strong></span> 
     </span>
    </p>
   </div>
   <div class='ocr_carea' id='block_1_61' title="bbox 2131 3100 3759 3182">
    <p class='ocr_par' dir='ltr' id='par_1_61' title="bbox 2131 3100 3759 3182">
     <span class='ocr_line' id='line_1_61' title="bbox 2131 3100 3759 3182; baseline 0.002 -23"><span class='ocrx_word' id='word_1_414' title='bbox 2131 3104 2269 3159; x_wconf 72' lang='grc' dir='ltr'>ιῦτοῦ</span> <span class='ocrx_word' id='word_1_415' title='bbox 2326 3101 2651 3177; x_wconf 63' lang='grc' dir='ltr'>λεγομένοις</span> <span class='ocrx_word' id='word_1_416' title='bbox 2684 3100 2720 3171; x_wconf 74' lang='grc' dir='ltr'><strong>ἢ</strong></span> <span class='ocrx_word' id='word_1_417' title='bbox 2768 3109 2869 3172; x_wconf 78' lang='grc' dir='ltr'><strong>τῆς</strong></span> <span class='ocrx_word' id='word_1_418' title='bbox 2905 3101 3150 3181; x_wconf 78' lang='grc' dir='ltr'>κεφαλῆς</span> <span class='ocrx_word' id='word_1_419' title='bbox 3202 3104 3480 3182; x_wconf 79' lang='grc' dir='ltr'>ἀφαίρεσιν</span> <span class='ocrx_word' id='word_1_420' title='bbox 3517 3107 3759 3179; x_wconf 73' lang='grc' dir='ltr'>ὑποστή-</span> 
     </span>
    </p>
   </div>
   <div class='ocr_carea' id='block_1_62' title="bbox 337 3191 1965 3266">
    <p class='ocr_par' dir='ltr' id='par_1_62' title="bbox 337 3192 1960 3266">
     <span class='ocr_line' id='line_1_62' title="bbox 337 3192 1960 3266; baseline -0.004 -10"><span class='ocrx_word' id='word_1_421' title='bbox 337 3217 403 3256; x_wconf 89' lang='lat' dir='ltr'><strong>ac</strong></span> <span class='ocrx_word' id='word_1_422' title='bbox 438 3199 750 3264; x_wconf 85' lang='lat' dir='ltr'><strong>militibus,</strong></span> <span class='ocrx_word' id='word_1_423' title='bbox 782 3197 892 3251; x_wconf 87' lang='lat' dir='ltr'><strong>iter</strong></span> <span class='ocrx_word' id='word_1_424' title='bbox 912 3200 1002 3251; x_wconf 88' lang='lat' dir='ltr'><strong>est</strong></span> <span class='ocrx_word' id='word_1_425' title='bbox 1031 3195 1362 3266; x_wconf 81' lang='lat' dir='ltr'><strong>ingressus,</strong></span> <span class='ocrx_word' id='word_1_426' title='bbox 1395 3192 1603 3248; x_wconf 90' lang='lat' dir='ltr'><strong>nuntio</strong></span> <span class='ocrx_word' id='word_1_427' title='bbox 1639 3195 1709 3248; x_wconf 92' lang='lat' dir='ltr'><strong>ad</strong></span> <span class='ocrx_word' id='word_1_428' title='bbox 1742 3193 1960 3250; x_wconf 89' lang='lat' dir='ltr'><strong>Comne</strong></span> 
     </span>
    </p>
   </div>
   <div class='ocr_carea' id='block_1_63' title="bbox 2126 3191 3754 3266">
    <p class='ocr_par' dir='ltr' id='par_1_63' title="bbox 2126 3191 3754 3266">
     <span class='ocr_line' id='line_1_63' title="bbox 2126 3191 3754 3266; baseline 0.006 -23"><span class='ocrx_word' id='word_1_429' title='bbox 2126 3195 2304 3258; x_wconf 68' lang='lat' dir='ltr'><strong>reuﬂut,</strong></span> <span class='ocrx_word' id='word_1_430' title='bbox 2367 3192 2479 3247; x_wconf 75' lang='grc' dir='ltr'>εἶτα</span> <span class='ocrx_word' id='word_1_431' title='bbox 2528 3191 2676 3262; x_wconf 80' lang='grc' dir='ltr'>τάξιν</span> <span class='ocrx_word' id='word_1_432' title='bbox 2706 3191 2834 3265; x_wconf 84' lang='grc' dir='ltr'>μίαν</span> <span class='ocrx_word' id='word_1_433' title='bbox 2868 3191 3051 3246; x_wconf 66' lang='grc' dir='ltr'>ἐκάλει</span> <span class='ocrx_word' id='word_1_434' title='bbox 3108 3192 3198 3248; x_wconf 82' lang='grc' dir='ltr'><strong>καὶ</strong></span> <span class='ocrx_word' id='word_1_435' title='bbox 3230 3192 3395 3249; x_wconf 85' lang='grc' dir='ltr'>πάλιν</span> <span class='ocrx_word' id='word_1_436' title='bbox 3428 3191 3631 3266; x_wconf 80' lang='grc' dir='ltr'>ἄλλην,</span> <span class='ocrx_word' id='word_1_437' title='bbox 3662 3200 3754 3253; x_wconf 89' lang='lat' dir='ltr'><strong>xui</strong></span> 
     </span>
    </p>
   </div>
   <div class='ocr_carea' id='block_1_64' title="bbox 339 3239 1967 3361">
    <p class='ocr_par' dir='ltr' id='par_1_64' title="bbox 339 3239 1967 3358">
     <span class='ocr_line' id='line_1_64' title="bbox 339 3239 1959 3266; baseline -0.004 -11"><span class='ocrx_word' id='word_1_438' title='bbox 339 3239 402 3256; x_wconf 63' lang='grc' dir='ltr'><strong>μυ</strong></span> <span class='ocrx_word' id='word_1_439' title='bbox 439 3239 750 3264; x_wconf 61' lang='grc' dir='ltr'><strong>,μη-..-νη</strong></span> <span class='ocrx_word' id='word_1_440' title='bbox 786 3239 880 3251; x_wconf 71' lang='grc' dir='ltr'><strong>ην.</strong></span> <span class='ocrx_word' id='word_1_441' title='bbox 914 3239 1002 3251; x_wconf 72' lang='grc' dir='ltr'><strong>ν..-</strong></span> <span class='ocrx_word' id='word_1_442' title='bbox 1034 3239 1362 3266; x_wconf 48' lang='lat' dir='ltr'><strong>manu--.</strong></span> <span class='ocrx_word' id='word_1_443' title='bbox 1397 3239 1601 3248; x_wconf 59' lang='grc' dir='ltr'><strong>κη---</strong></span> <span class='ocrx_word' id='word_1_444' title='bbox 1639 3239 1709 3248; x_wconf 75' lang='lat'><strong>_..</strong></span> <span class='ocrx_word' id='word_1_445' title='bbox 1747 3239 1959 3250; x_wconf 68' lang='lat'><strong>..-.....-</strong></span> 
     </span>
     <span class='ocr_line' id='line_1_65' title="bbox 339 3282 1967 3358; baseline -0.003 -15"><span class='ocrx_word' id='word_1_446' title='bbox 339 3306 482 3343; x_wconf 88' lang='lat' dir='ltr'><strong>num</strong></span> <span class='ocrx_word' id='word_1_447' title='bbox 516 3284 842 3358; x_wconf 69' lang='lat' dir='ltr'><strong>praemisso,</strong></span> <span class='ocrx_word' id='word_1_448' title='bbox 875 3300 984 3338; x_wconf 91' lang='lat' dir='ltr'><strong>sua</strong></span> <span class='ocrx_word' id='word_1_449' title='bbox 1008 3299 1070 3338; x_wconf 91' lang='lat' dir='ltr'><strong>se</strong></span> <span class='ocrx_word' id='word_1_450' title='bbox 1101 3287 1256 3338; x_wconf 90' lang='lat' dir='ltr'><strong>recte</strong></span> <span class='ocrx_word' id='word_1_451' title='bbox 1287 3282 1711 3354; x_wconf 87' lang='lat' dir='ltr'><strong>composuisse,</strong></span> <span class='ocrx_word' id='word_1_452' title='bbox 1738 3283 1967 3354; x_wconf 64' lang='lat' dir='ltr'><strong>jamqut</strong></span> 
     </span>
    </p>
   </div>
   <div class='ocr_carea' id='block_1_65' title="bbox 2126 3239 3754 3361">
    <p class='ocr_par' dir='ltr' id='par_1_65' title="bbox 2126 3239 3754 3361">
     <span class='ocr_line' id='line_1_66' title="bbox 2126 3239 3754 3266; baseline 0.002 -20"><span class='ocrx_word' id='word_1_453' title='bbox 2126 3239 2304 3258; x_wconf 72' lang='grc'><strong>,---..-,</strong></span> <span class='ocrx_word' id='word_1_454' title='bbox 2367 3239 2479 3247; x_wconf 63' lang='grc' dir='ltr'><strong>-.η</strong></span> <span class='ocrx_word' id='word_1_455' title='bbox 2540 3239 2669 3262; x_wconf 52' lang='grc' dir='ltr'><strong>ην.</strong></span> <span class='ocrx_word' id='word_1_456' title='bbox 2706 3239 2829 3265; x_wconf 53' lang='grc' dir='ltr'><strong>μη-</strong></span> <span class='ocrx_word' id='word_1_457' title='bbox 2869 3239 3050 3246; x_wconf 83' lang='grc'><strong>-......--</strong></span> <span class='ocrx_word' id='word_1_458' title='bbox 3110 3239 3198 3248; x_wconf 82' lang='grc'><strong>.-...</strong></span> <span class='ocrx_word' id='word_1_459' title='bbox 3430 3239 3631 3266; x_wconf 72' lang='grc'><strong>-,.,..,.,</strong></span> <span class='ocrx_word' id='word_1_460' title='bbox 3663 3239 3754 3253; x_wconf 50' lang='grc' dir='ltr'><strong>,ηε</strong></span> 
     </span>
     <span class='ocr_line' id='line_1_67' title="bbox 2126 3279 3754 3361; baseline 0.002 -24"><span class='ocrx_word' id='word_1_461' title='bbox 2126 3284 2189 3337; x_wconf 73' lang='grc' dir='ltr'><strong>τὸν</strong></span> <span class='ocrx_word' id='word_1_462' title='bbox 2246 3280 2366 3337; x_wconf 75' lang='grc' dir='ltr'>’ίσον</span> <span class='ocrx_word' id='word_1_463' title='bbox 2396 3281 2598 3354; x_wconf 85' lang='grc' dir='ltr'>τρόπον</span> <span class='ocrx_word' id='word_1_464' title='bbox 2647 3285 2822 3335; x_wconf 87' lang='grc' dir='ltr'>ποιῶν</span> <span class='ocrx_word' id='word_1_465' title='bbox 2873 3281 3073 3343; x_wconf 82' lang='grc' dir='ltr'>πάντας</span> <span class='ocrx_word' id='word_1_466' title='bbox 3118 3282 3208 3336; x_wconf 85' lang='lat' dir='ltr'><strong>xui</strong></span> <span class='ocrx_word' id='word_1_467' title='bbox 3260 3283 3490 3346; x_wconf 83' lang='grc' dir='ltr'>ἄκοντας</span> <span class='ocrx_word' id='word_1_468' title='bbox 3531 3279 3754 3361; x_wconf 83' lang='grc' dir='ltr'>ὥρκισε.</span> 
     </span>
    </p>
   </div>
   <div class='ocr_carea' id='block_1_66' title="bbox 335 3369 1963 3448">
    <p class='ocr_par' dir='ltr' id='par_1_66' title="bbox 335 3371 1963 3444">
     <span class='ocr_line' id='line_1_68' title="bbox 335 3371 1963 3444; baseline -0.002 -13"><span class='ocrx_word' id='word_1_469' title='bbox 335 3394 469 3432; x_wconf 89' lang='lat' dir='ltr'><strong>cum</strong></span> <span class='ocrx_word' id='word_1_470' title='bbox 502 3374 711 3431; x_wconf 88' lang='lat' dir='ltr'><strong>validis</strong></span> <span class='ocrx_word' id='word_1_471' title='bbox 740 3372 926 3444; x_wconf 83' lang='lat' dir='ltr'><strong>copiis</strong></span> <span class='ocrx_word' id='word_1_472' title='bbox 956 3373 1293 3427; x_wconf 89' lang='lat' dir='ltr'><strong>adventare.</strong></span> <span class='ocrx_word' id='word_1_473' title='bbox 1325 3371 1424 3426; x_wconf 84' lang='lat' dir='ltr'><strong>His</strong></span> <span class='ocrx_word' id='word_1_474' title='bbox 1466 3371 1685 3426; x_wconf 90' lang='lat' dir='ltr'><strong>auditis</strong></span> <span class='ocrx_word' id='word_1_475' title='bbox 1738 3374 1963 3428; x_wconf 88' lang='lat' dir='ltr'><strong>Comne</strong></span> 
     </span>
    </p>
   </div>
   <div class='ocr_carea' id='block_1_67' title="bbox 2128 3369 3756 3448">
    <p class='ocr_par' dir='ltr' id='par_1_67' title="bbox 2128 3369 3756 3448">
     <span class='ocr_line' id='line_1_69' title="bbox 2128 3369 3756 3448; baseline 0.002 -20"><span class='ocrx_word' id='word_1_476' title='bbox 2128 3371 2198 3429; x_wconf 70' lang='lat' dir='ltr'><strong>iui</strong></span> <span class='ocrx_word' id='word_1_477' title='bbox 2274 3376 2490 3446; x_wconf 86' lang='grc' dir='ltr'>πρῶτον</span> <span class='ocrx_word' id='word_1_478' title='bbox 2579 3369 2672 3443; x_wconf 75' lang='grc' dir='ltr'>μὶν</span> <span class='ocrx_word' id='word_1_479' title='bbox 2753 3370 3056 3447; x_wconf 83' lang='grc' dir='ltr'>ὑπηγάγετο</span> <span class='ocrx_word' id='word_1_480' title='bbox 3139 3370 3207 3426; x_wconf 81' lang='grc' dir='ltr'><strong>τὰ</strong></span> <span class='ocrx_word' id='word_1_481' title='bbox 3281 3369 3377 3427; x_wconf 74' lang='grc' dir='ltr'><strong>δύο</strong></span> <span class='ocrx_word' id='word_1_482' title='bbox 3462 3375 3756 3448; x_wconf 81' lang='grc' dir='ltr'>Ῥωμαϊκὰ</span> 
     </span>
    </p>
   </div>
   <div class='ocr_carea' id='block_1_68' title="bbox 334 3456 1962 3538">
    <p class='ocr_par' dir='ltr' id='par_1_68' title="bbox 334 3461 1961 3537">
     <span class='ocr_line' id='line_1_70' title="bbox 334 3461 1961 3537; baseline -0.002 -17"><span class='ocrx_word' id='word_1_483' title='bbox 334 3483 470 3531; x_wconf 79' lang='lat' dir='ltr'><strong>nus,</strong></span> <span class='ocrx_word' id='word_1_484' title='bbox 504 3466 605 3537; x_wconf 91' lang='lat' dir='ltr'><strong>qui</strong></span> <span class='ocrx_word' id='word_1_485' title='bbox 645 3465 928 3518; x_wconf 86' lang='lat' dir='ltr'><strong>hactenus</strong></span> <span class='ocrx_word' id='word_1_486' title='bbox 960 3461 1207 3516; x_wconf 89' lang='lat' dir='ltr'><strong>timidus</strong></span> <span class='ocrx_word' id='word_1_487' title='bbox 1240 3461 1428 3515; x_wconf 84' lang='lat' dir='ltr'><strong>fuerat</strong></span> <span class='ocrx_word' id='word_1_488' title='bbox 1483 3466 1658 3531; x_wconf 86' lang='lat' dir='ltr'><strong>atque</strong></span> <span class='ocrx_word' id='word_1_489' title='bbox 1716 3462 1961 3532; x_wconf 89' lang='lat' dir='ltr'><strong>pavidus</strong></span> 
     </span>
    </p>
   </div>
   <div class='ocr_carea' id='block_1_69' title="bbox 2114 3456 3742 3538">
    <p class='ocr_par' dir='ltr' id='par_1_69' title="bbox 2114 3456 3742 3538">
     <span class='ocr_line' id='line_1_71' title="bbox 2114 3456 3742 3538; baseline 0.002 -23"><span class='ocrx_word' id='word_1_490' title='bbox 2114 3461 2341 3536; x_wconf 77' lang='grc' dir='ltr'>εάγματα</span> <span class='ocrx_word' id='word_1_491' title='bbox 2375 3505 2389 3529; x_wconf 88' lang='grc'><strong>,</strong></span> <span class='ocrx_word' id='word_1_492' title='bbox 2455 3460 2568 3533; x_wconf 73' lang='grc' dir='ltr'>μετ’</span> <span class='ocrx_word' id='word_1_493' title='bbox 2625 3457 2805 3514; x_wconf 76' lang='grc' dir='ltr'>ἐκεῖνα</span> <span class='ocrx_word' id='word_1_494' title='bbox 2864 3456 2922 3514; x_wconf 80' lang='grc' dir='ltr'>δὶ</span> <span class='ocrx_word' id='word_1_495' title='bbox 2975 3459 3065 3515; x_wconf 80' lang='grc' dir='ltr'><strong>καὶ</strong></span> <span class='ocrx_word' id='word_1_496' title='bbox 3122 3459 3252 3521; x_wconf 69' lang='grc' dir='ltr'>τοὺς</span> <span class='ocrx_word' id='word_1_497' title='bbox 3309 3460 3547 3525; x_wconf 77' lang='grc' dir='ltr'>οἴκείους</span> <span class='ocrx_word' id='word_1_498' title='bbox 3607 3468 3742 3538; x_wconf 85' lang='grc'>(50),</span> 
     </span>
    </p>
   </div>
   <div class='ocr_carea' id='block_1_70' title="bbox 331 3546 1959 3627">
    <p class='ocr_par' dir='ltr' id='par_1_70' title="bbox 331 3550 1941 3622">
     <span class='ocr_line' id='line_1_72' title="bbox 331 3550 1941 3622; baseline -0.002 -12"><span class='ocrx_word' id='word_1_499' title='bbox 331 3556 597 3610; x_wconf 89' lang='lat' dir='ltr'><strong>animum</strong></span> <span class='ocrx_word' id='word_1_500' title='bbox 626 3552 845 3622; x_wconf 89' lang='lat' dir='ltr'><strong>recepit</strong></span> <span class='ocrx_word' id='word_1_501' title='bbox 878 3553 983 3605; x_wconf 89' lang='lat' dir='ltr'><strong>hoc</strong></span> <span class='ocrx_word' id='word_1_502' title='bbox 1013 3550 1138 3605; x_wconf 90' lang='lat' dir='ltr'><strong>viso</strong></span> <span class='ocrx_word' id='word_1_503' title='bbox 1170 3556 1377 3621; x_wconf 88' lang='lat' dir='ltr'><strong>estque</strong></span> <span class='ocrx_word' id='word_1_504' title='bbox 1426 3551 1615 3606; x_wconf 76' lang='lat' dir='ltr'><strong>factus</strong></span> <span class='ocrx_word' id='word_1_505' title='bbox 1663 3550 1941 3608; x_wconf 83' lang='lat' dir='ltr'><strong>audacior</strong></span> 
     </span>
    </p>
   </div>
   <div class='ocr_carea' id='block_1_71' title="bbox 2112 3546 3740 3627">
    <p class='ocr_par' dir='ltr' id='par_1_71' title="bbox 2112 3546 3740 3627">
     <span class='ocr_line' id='line_1_73' title="bbox 2112 3546 3740 3627; baseline 0.004 -24"><span class='ocrx_word' id='word_1_506' title='bbox 2112 3547 2279 3605; x_wconf 75' lang='grc' dir='ltr'>ἷπειτα</span> <span class='ocrx_word' id='word_1_507' title='bbox 2307 3550 2393 3605; x_wconf 90' lang='grc' dir='ltr'>καὶ</span> <span class='ocrx_word' id='word_1_508' title='bbox 2440 3554 2558 3611; x_wconf 87' lang='grc' dir='ltr'>τοῖς</span> <span class='ocrx_word' id='word_1_509' title='bbox 2591 3547 2642 3619; x_wconf 78' lang='grc' dir='ltr'>ἐξ</span> <span class='ocrx_word' id='word_1_510' title='bbox 2674 3546 2839 3611; x_wconf 79' lang='grc' dir='ltr'>ἐθνῶν</span> <span class='ocrx_word' id='word_1_511' title='bbox 2873 3550 3196 3625; x_wconf 76' lang='grc' dir='ltr'>προσήγαγε</span> <span class='ocrx_word' id='word_1_512' title='bbox 3250 3549 3346 3612; x_wconf 73' lang='grc' dir='ltr'>τὰς</span> <span class='ocrx_word' id='word_1_513' title='bbox 3403 3546 3740 3627; x_wconf 76' lang='grc' dir='ltr'>προσϐολάς.</span> 
     </span>
    </p>
   </div>
   <div class='ocr_carea' id='block_1_72' title="bbox 331 3635 1959 3714">
    <p class='ocr_par' dir='ltr' id='par_1_72' title="bbox 331 3639 1959 3711">
     <span class='ocr_line' id='line_1_74' title="bbox 331 3639 1959 3711; baseline -0.002 -12"><span class='ocrx_word' id='word_1_514' title='bbox 331 3647 650 3700; x_wconf 85' lang='lat' dir='ltr'><strong>adventum</strong></span> <span class='ocrx_word' id='word_1_515' title='bbox 682 3650 877 3697; x_wconf 88' lang='lat' dir='ltr'><strong>tamen</strong></span> <span class='ocrx_word' id='word_1_516' title='bbox 913 3639 1182 3698; x_wconf 80' lang='lat' dir='ltr'><strong>Ambusti</strong></span> <span class='ocrx_word' id='word_1_517' title='bbox 1214 3640 1651 3711; x_wconf 86' lang='lat' dir='ltr'><strong>exspectavit.ls</strong></span> <span class='ocrx_word' id='word_1_518' title='bbox 1682 3641 1740 3695; x_wconf 93' lang='lat' dir='ltr'><strong>in</strong></span> <span class='ocrx_word' id='word_1_519' title='bbox 1774 3642 1959 3698; x_wconf 64' lang='lat' dir='ltr'><strong>itineri</strong></span> 
     </span>
    </p>
   </div>
   <div class='ocr_carea' id='block_1_73' title="bbox 2118 3635 3746 3714">
    <p class='ocr_par' dir='ltr' id='par_1_73' title="bbox 2118 3635 3746 3714">
     <span class='ocr_line' id='line_1_75' title="bbox 2118 3635 3746 3714; baseline 0.002 -20"><span class='ocrx_word' id='word_1_520' title='bbox 2118 3636 2313 3711; x_wconf 75' lang='grc' dir='ltr'>Ρᾳδίως</span> <span class='ocrx_word' id='word_1_521' title='bbox 2348 3635 2407 3693; x_wconf 71' lang='grc' dir='ltr'>δὲ</span> <span class='ocrx_word' id='word_1_522' title='bbox 2431 3638 2659 3702; x_wconf 72' lang='grc' dir='ltr'>τούτους</span> <span class='ocrx_word' id='word_1_523' title='bbox 2687 3635 3176 3710; x_wconf 76' lang='grc' dir='ltr'>καταπληξάμενος</span> <span class='ocrx_word' id='word_1_524' title='bbox 3225 3639 3317 3693; x_wconf 81' lang='grc' dir='ltr'>καὶ</span> <span class='ocrx_word' id='word_1_525' title='bbox 3366 3636 3514 3714; x_wconf 81' lang='grc' dir='ltr'>ὅρκῳ</span> <span class='ocrx_word' id='word_1_526' title='bbox 3571 3640 3746 3714; x_wconf 73' lang='grc' dir='ltr'>ἐμπε-</span> 
     </span>
    </p>
   </div>
   <div class='ocr_carea' id='block_1_74' title="bbox 333 3723 1961 3804">
    <p class='ocr_par' dir='ltr' id='par_1_74' title="bbox 333 3728 1953 3801">
     <span class='ocr_line' id='line_1_76' title="bbox 333 3728 1953 3801; baseline 0.001 -15"><span class='ocrx_word' id='word_1_527' title='bbox 333 3734 740 3789; x_wconf 83' lang='lat' dir='ltr'><strong>Armeniacam</strong></span> <span class='ocrx_word' id='word_1_528' title='bbox 763 3730 935 3786; x_wconf 85' lang='lat' dir='ltr'><strong>etiam</strong></span> <span class='ocrx_word' id='word_1_529' title='bbox 964 3728 1645 3801; x_wconf 84' lang='lat' dir='ltr'><strong>legionem,quamquam</strong></span> <span class='ocrx_word' id='word_1_530' title='bbox 1667 3729 1953 3787; x_wconf 90' lang='lat' dir='ltr'><strong>nolentem</strong></span> 
     </span>
    </p>
   </div>
   <div class='ocr_carea' id='block_1_75' title="bbox 2117 3723 3745 3804">
    <p class='ocr_par' dir='ltr' id='par_1_75' title="bbox 2123 3723 3745 3804">
     <span class='ocr_line' id='line_1_77' title="bbox 2123 3723 3745 3804; baseline 0.002 -21"><span class='ocrx_word' id='word_1_531' title='bbox 2123 3730 2400 3802; x_wconf 88' lang='grc' dir='ltr'>ωσάμενος</span> <span class='ocrx_word' id='word_1_532' title='bbox 2448 3728 2539 3783; x_wconf 88' lang='grc' dir='ltr'><strong>καὶ</strong></span> <span class='ocrx_word' id='word_1_533' title='bbox 2586 3724 2696 3797; x_wconf 72' lang='grc' dir='ltr'>ἤδη</span> <span class='ocrx_word' id='word_1_534' title='bbox 2752 3725 2803 3781; x_wconf 78' lang='grc' dir='ltr'>ἐι</span> <span class='ocrx_word' id='word_1_535' title='bbox 2868 3731 2949 3799; x_wconf 77' lang='grc' dir='ltr'><strong>τῷ</strong></span> <span class='ocrx_word' id='word_1_536' title='bbox 2996 3723 3187 3804; x_wconf 73' lang='grc' dir='ltr'>ἀφόϐῳ</span> <span class='ocrx_word' id='word_1_537' title='bbox 3242 3727 3555 3804; x_wconf 85' lang='grc' dir='ltr'>γενόμενος,</span> <span class='ocrx_word' id='word_1_538' title='bbox 3613 3730 3745 3790; x_wconf 79' lang='grc' dir='ltr'>τοὺς</span> 
     </span>
    </p>
   </div>
   <div class='ocr_carea' id='block_1_76' title="bbox 328 3813 1956 3894">
    <p class='ocr_par' dir='ltr' id='par_1_76' title="bbox 328 3820 1956 3894">
     <span class='ocr_line' id='line_1_78' title="bbox 328 3820 1956 3894; baseline -0.001 -14"><span class='ocrx_word' id='word_1_539' title='bbox 328 3826 418 3881; x_wconf 90' lang='lat' dir='ltr'><strong>sui</strong></span> <span class='ocrx_word' id='word_1_540' title='bbox 445 3825 599 3892; x_wconf 83' lang='lat' dir='ltr'><strong>juris</strong></span> <span class='ocrx_word' id='word_1_541' title='bbox 633 3823 785 3884; x_wconf 82' lang='lat' dir='ltr'><strong>fecit.</strong></span> <span class='ocrx_word' id='word_1_542' title='bbox 823 3821 1135 3894; x_wconf 68' lang='lat' dir='ltr'><strong>provincia:</strong></span> <span class='ocrx_word' id='word_1_543' title='bbox 1163 3820 1529 3892; x_wconf 89' lang='lat' dir='ltr'><strong>principibus</strong></span> <span class='ocrx_word' id='word_1_544' title='bbox 1574 3822 1786 3893; x_wconf 88' lang='lat' dir='ltr'><strong>partim</strong></span> <span class='ocrx_word' id='word_1_545' title='bbox 1824 3826 1956 3878; x_wconf 62' lang='lat' dir='ltr'><strong>ultrt</strong></span> 
     </span>
    </p>
   </div>
   <div class='ocr_carea' id='block_1_77' title="bbox 2113 3813 3741 3894">
    <p class='ocr_par' dir='ltr' id='par_1_77' title="bbox 2113 3813 3741 3889">
     <span class='ocr_line' id='line_1_79' title="bbox 2113 3813 3741 3889; baseline 0.001 -16"><span class='ocrx_word' id='word_1_546' title='bbox 2113 3813 2462 3888; x_wconf 73' lang='grc' dir='ltr'>Ξεϐαστηνοὺς</span> <span class='ocrx_word' id='word_1_547' title='bbox 2505 3816 2596 3870; x_wconf 87' lang='lat' dir='ltr'><strong>xui</strong></span> <span class='ocrx_word' id='word_1_548' title='bbox 2644 3814 2769 3870; x_wconf 80' lang='grc' dir='ltr'>τοὺς</span> <span class='ocrx_word' id='word_1_549' title='bbox 2823 3813 3162 3886; x_wconf 81' lang='grc' dir='ltr'>Μελιτηνοὺς</span> <span class='ocrx_word' id='word_1_550' title='bbox 3208 3818 3296 3872; x_wconf 83' lang='grc' dir='ltr'>καὶ</span> <span class='ocrx_word' id='word_1_551' title='bbox 3349 3817 3475 3880; x_wconf 73' lang='grc' dir='ltr'>τοὺς</span> <span class='ocrx_word' id='word_1_552' title='bbox 3522 3820 3585 3874; x_wconf 65' lang='lat' dir='ltr'><strong>ix</strong></span> <span class='ocrx_word' id='word_1_553' title='bbox 3639 3827 3741 3889; x_wconf 75' lang='grc' dir='ltr'><strong>τῆς</strong></span> 
     </span>
    </p>
   </div>
   <div class='ocr_carea' id='block_1_78' title="bbox 327 3904 1955 3987">
    <p class='ocr_par' dir='ltr' id='par_1_78' title="bbox 327 3908 1955 3983">
     <span class='ocr_line' id='line_1_80' title="bbox 327 3908 1955 3983; baseline -0.001 -14"><span class='ocrx_word' id='word_1_554' title='bbox 327 3930 387 3969; x_wconf 86' lang='lat' dir='ltr'><strong>se</strong></span> <span class='ocrx_word' id='word_1_555' title='bbox 420 3914 470 3968; x_wconf 91' lang='lat' dir='ltr'><strong>ei</strong></span> <span class='ocrx_word' id='word_1_556' title='bbox 502 3908 1204 3983; x_wconf 76' lang='lat' dir='ltr'><strong>adjungentibus,partim</strong></span> <span class='ocrx_word' id='word_1_557' title='bbox 1234 3909 1341 3964; x_wconf 89' lang='lat' dir='ltr'><strong>hoc</strong></span> <span class='ocrx_word' id='word_1_558' title='bbox 1375 3915 1441 3965; x_wconf 92' lang='lat' dir='ltr'><strong>ut</strong></span> <span class='ocrx_word' id='word_1_559' title='bbox 1462 3910 1719 3965; x_wconf 87' lang='lat' dir='ltr'><strong>facerent</strong></span> <span class='ocrx_word' id='word_1_560' title='bbox 1739 3913 1955 3969; x_wconf 86' lang='lat' dir='ltr'><strong>coactis</strong></span> 
     </span>
    </p>
   </div>
   <div class='ocr_carea' id='block_1_79' title="bbox 2116 3904 3744 3987">
    <p class='ocr_par' dir='ltr' id='par_1_79' title="bbox 2116 3904 3744 3987">
     <span class='ocr_line' id='line_1_81' title="bbox 2116 3904 3744 3987; baseline 0 -24"><span class='ocrx_word' id='word_1_561' title='bbox 2116 3914 2352 3987; x_wconf 80' lang='grc' dir='ltr'>ἐφρικῆς</span> <span class='ocrx_word' id='word_1_562' title='bbox 2402 3907 2490 3961; x_wconf 79' lang='grc' dir='ltr'>καὶ</span> <span class='ocrx_word' id='word_1_563' title='bbox 2538 3910 2645 3960; x_wconf 90' lang='grc' dir='ltr'><strong>τῶν</strong></span> <span class='ocrx_word' id='word_1_564' title='bbox 2704 3904 2917 3960; x_wconf 81' lang='grc' dir='ltr'>λοιπῶν</span> <span class='ocrx_word' id='word_1_565' title='bbox 2976 3906 3272 3980; x_wconf 77' lang='grc' dir='ltr'>Ἀρμενίων</span> <span class='ocrx_word' id='word_1_566' title='bbox 3334 3909 3605 3984; x_wconf 77' lang='grc' dir='ltr'>ἄρχοντας</span> <span class='ocrx_word' id='word_1_567' title='bbox 3652 3910 3744 3965; x_wconf 82' lang='grc' dir='ltr'><strong>καὶ</strong></span> 
     </span>
    </p>
   </div>
   <div class='ocr_carea' id='block_1_80' title="bbox 327 3993 1955 4074">
    <p class='ocr_par' dir='ltr' id='par_1_80' title="bbox 327 3999 1952 4074">
     <span class='ocr_line' id='line_1_82' title="bbox 327 3999 1952 4074; baseline 0 -18"><span class='ocrx_word' id='word_1_568' title='bbox 327 4009 518 4074; x_wconf 84' lang='lat' dir='ltr'><strong>Atque</strong></span> <span class='ocrx_word' id='word_1_569' title='bbox 576 4002 892 4057; x_wconf 90' lang='lat' dir='ltr'><strong>itineribus</strong></span> <span class='ocrx_word' id='word_1_570' title='bbox 939 3999 1169 4067; x_wconf 89' lang='lat' dir='ltr'><strong>magnis</strong></span> <span class='ocrx_word' id='word_1_571' title='bbox 1218 3999 1290 4053; x_wconf 89' lang='lat' dir='ltr'><strong>ad</strong></span> <span class='ocrx_word' id='word_1_572' title='bbox 1363 4002 1726 4054; x_wconf 89' lang='lat' dir='ltr'><strong>Comnenum</strong></span> <span class='ocrx_word' id='word_1_573' title='bbox 1801 4002 1952 4057; x_wconf 83' lang='lat' dir='ltr'><strong>venit</strong></span> 
     </span>
    </p>
   </div>
   <div class='ocr_carea' id='block_1_81' title="bbox 2117 3993 3745 4074">
    <p class='ocr_par' dir='ltr' id='par_1_81' title="bbox 2117 3993 3745 4074">
     <span class='ocr_line' id='line_1_83' title="bbox 2117 3993 3745 4074; baseline 0.002 -24"><span class='ocrx_word' id='word_1_574' title='bbox 2117 3997 2419 4057; x_wconf 79' lang='grc' dir='ltr'>τοατιώτας</span> <span class='ocrx_word' id='word_1_575' title='bbox 2478 3994 2829 4069; x_wconf 85' lang='grc' dir='ltr'>συναθροίσας</span> <span class='ocrx_word' id='word_1_576' title='bbox 2875 3993 3056 4068; x_wconf 76' lang='grc' dir='ltr'>ἥψατο</span> <span class='ocrx_word' id='word_1_577' title='bbox 3094 4003 3195 4065; x_wconf 79' lang='grc' dir='ltr'>τῆς</span> <span class='ocrx_word' id='word_1_578' title='bbox 3241 3996 3486 4071; x_wconf 83' lang='grc' dir='ltr'>πορείας,</span> <span class='ocrx_word' id='word_1_579' title='bbox 3530 3998 3745 4074; x_wconf 80' lang='grc' dir='ltr'>προάγ-</span> 
     </span>
    </p>
   </div>
   <div class='ocr_carea' id='block_1_82' title="bbox 323 4083 1951 4161">
    <p class='ocr_par' dir='ltr' id='par_1_82' title="bbox 323 4086 1951 4158">
     <span class='ocr_line' id='line_1_84' title="bbox 323 4086 1951 4158; baseline -0.004 -12"><span class='ocrx_word' id='word_1_580' title='bbox 323 4092 655 4147; x_wconf 88' lang='lat' dir='ltr'><strong>Comnenus</strong></span> <span class='ocrx_word' id='word_1_581' title='bbox 681 4088 880 4145; x_wconf 90' lang='lat' dir='ltr'><strong>omnia</strong></span> <span class='ocrx_word' id='word_1_582' title='bbox 923 4089 1048 4158; x_wconf 90' lang='lat' dir='ltr'><strong>jam</strong></span> <span class='ocrx_word' id='word_1_583' title='bbox 1108 4103 1218 4141; x_wconf 89' lang='lat' dir='ltr'><strong>sua</strong></span> <span class='ocrx_word' id='word_1_584' title='bbox 1262 4092 1425 4142; x_wconf 84' lang='lat' dir='ltr'><strong>extra</strong></span> <span class='ocrx_word' id='word_1_585' title='bbox 1475 4086 1799 4157; x_wconf 89' lang='lat' dir='ltr'><strong>periculum</strong></span> <span class='ocrx_word' id='word_1_586' title='bbox 1848 4107 1951 4146; x_wconf 61' lang='lat' dir='ltr'><strong>ess.</strong></span> 
     </span>
    </p>
   </div>
   <div class='ocr_carea' id='block_1_83' title="bbox 2117 4083 3745 4161">
    <p class='ocr_par' dir='ltr' id='par_1_83' title="bbox 2117 4083 3745 4159">
     <span class='ocr_line' id='line_1_85' title="bbox 2117 4083 3745 4159; baseline 0.002 -19"><span class='ocrx_word' id='word_1_587' title='bbox 2117 4085 2246 4141; x_wconf 86' lang='grc' dir='ltr'>ελον</span> <span class='ocrx_word' id='word_1_588' title='bbox 2307 4083 2521 4145; x_wconf 87' lang='grc' dir='ltr'>στείλας</span> <span class='ocrx_word' id='word_1_589' title='bbox 2580 4085 2714 4159; x_wconf 78' lang='grc' dir='ltr'>πρὸς</span> <span class='ocrx_word' id='word_1_590' title='bbox 2770 4084 2861 4138; x_wconf 88' lang='grc' dir='ltr'><strong>τὸν</strong></span> <span class='ocrx_word' id='word_1_591' title='bbox 2918 4084 3227 4157; x_wconf 77' lang='grc' dir='ltr'>Κομνηνὸν,</span> <span class='ocrx_word' id='word_1_592' title='bbox 3289 4085 3364 4147; x_wconf 86' lang='grc' dir='ltr'><strong>ὡς</strong></span> <span class='ocrx_word' id='word_1_593' title='bbox 3424 4084 3506 4155; x_wconf 67' lang='grc' dir='ltr'>ε’ίη</span> <span class='ocrx_word' id='word_1_594' title='bbox 3561 4107 3621 4142; x_wconf 90' lang='grc' dir='ltr'><strong>τε</strong></span> <span class='ocrx_word' id='word_1_595' title='bbox 3674 4090 3745 4143; x_wconf 78' lang='grc' dir='ltr'><strong>τά</strong></span> 
     </span>
    </p>
   </div>
   <div class='ocr_carea' id='block_1_84' title="bbox 321 4169 1949 4248">
    <p class='ocr_par' dir='ltr' id='par_1_84' title="bbox 321 4174 1949 4244">
     <span class='ocr_line' id='line_1_86' title="bbox 321 4174 1949 4244; baseline -0.004 -9"><span class='ocrx_word' id='word_1_596' title='bbox 321 4180 637 4244; x_wconf 86' lang='lat' dir='ltr'><strong>arbitrans,</strong></span> <span class='ocrx_word' id='word_1_597' title='bbox 663 4195 902 4234; x_wconf 88' lang='lat' dir='ltr'><strong>uxorem</strong></span> <span class='ocrx_word' id='word_1_598' title='bbox 935 4182 993 4232; x_wconf 90' lang='lat' dir='ltr'><strong>et</strong></span> <span class='ocrx_word' id='word_1_599' title='bbox 1020 4177 1364 4231; x_wconf 86' lang='lat' dir='ltr'><strong>thesaurum</strong></span> <span class='ocrx_word' id='word_1_600' title='bbox 1397 4174 1613 4230; x_wconf 85' lang='lat' dir='ltr'><strong>Joanni</strong></span> <span class='ocrx_word' id='word_1_601' title='bbox 1651 4178 1814 4232; x_wconf 84' lang='lat' dir='ltr'><strong>fratri</strong></span> <span class='ocrx_word' id='word_1_602' title='bbox 1869 4195 1949 4235; x_wconf 79' lang='grc' dir='ltr'><strong>Βυι</strong></span> 
     </span>
    </p>
   </div>
   <div class='ocr_carea' id='block_1_85' title="bbox 2117 4169 3745 4248">
    <p class='ocr_par' dir='ltr' id='par_1_85' title="bbox 2119 4169 3745 4248">
     <span class='ocr_line' id='line_1_87' title="bbox 2119 4169 3745 4248; baseline 0.002 -19"><span class='ocrx_word' id='word_1_603' title='bbox 2119 4177 2200 4229; x_wconf 86' lang='grc' dir='ltr'><strong>ατ⁹</strong></span> <span class='ocrx_word' id='word_1_604' title='bbox 2258 4173 2417 4229; x_wconf 83' lang='grc' dir='ltr'>αὐτὸν</span> <span class='ocrx_word' id='word_1_605' title='bbox 2474 4174 2528 4227; x_wconf 73' lang='grc' dir='ltr'>εὖ</span> <span class='ocrx_word' id='word_1_606' title='bbox 2587 4169 2829 4241; x_wconf 85' lang='grc' dir='ltr'>διαθεὶς,</span> <span class='ocrx_word' id='word_1_607' title='bbox 2896 4172 2986 4228; x_wconf 86' lang='grc' dir='ltr'><strong>καὶ</strong></span> <span class='ocrx_word' id='word_1_608' title='bbox 3046 4174 3120 4235; x_wconf 84' lang='grc' dir='ltr'>ὡς</span> <span class='ocrx_word' id='word_1_609' title='bbox 3171 4170 3280 4244; x_wconf 72' lang='grc' dir='ltr'>ἤδη</span> <span class='ocrx_word' id='word_1_610' title='bbox 3339 4175 3547 4230; x_wconf 83' lang='grc' dir='ltr'>κάτεισι</span> <span class='ocrx_word' id='word_1_611' title='bbox 3603 4178 3745 4248; x_wconf 84' lang='grc' dir='ltr'>μετά</span> 
     </span>
    </p>
   </div>
   <div class='ocr_carea' id='block_1_86' title="bbox 321 4258 1949 4340">
    <p class='ocr_par' dir='ltr' id='par_1_86' title="bbox 321 4264 1949 4340">
     <span class='ocr_line' id='line_1_88' title="bbox 321 4264 1949 4340; baseline 0.001 -17"><span class='ocrx_word' id='word_1_612' title='bbox 321 4284 601 4340; x_wconf 86' lang='lat' dir='ltr'><strong>germano</strong></span> <span class='ocrx_word' id='word_1_613' title='bbox 631 4264 1342 4334; x_wconf 81' lang='lat' dir='ltr'><strong>tradit,Pemolissamque</strong></span> <span class='ocrx_word' id='word_1_614' title='bbox 1367 4265 1666 4325; x_wconf 83' lang='lat' dir='ltr'><strong>amandat.</strong></span> <span class='ocrx_word' id='word_1_615' title='bbox 1699 4267 1851 4337; x_wconf 89' lang='lat' dir='ltr'><strong>quod</strong></span> <span class='ocrx_word' id='word_1_616' title='bbox 1886 4285 1949 4324; x_wconf 91' lang='lat' dir='ltr'><strong>es</strong></span> 
     </span>
    </p>
   </div>
   <div class='ocr_carea' id='block_1_87' title="bbox 2113 4258 3741 4340">
    <p class='ocr_par' dir='ltr' id='par_1_87' title="bbox 2113 4258 3741 4339">
     <span class='ocr_line' id='line_1_89' title="bbox 2113 4258 3741 4339; baseline 0.001 -21"><span class='ocrx_word' id='word_1_617' title='bbox 2113 4264 2308 4339; x_wconf 76' lang='grc' dir='ltr'>ιαρείας</span> <span class='ocrx_word' id='word_1_618' title='bbox 2362 4260 2670 4333; x_wconf 89' lang='grc' dir='ltr'>δυνάμεως·</span> <span class='ocrx_word' id='word_1_619' title='bbox 2727 4259 2897 4318; x_wconf 77' lang='grc' dir='ltr'>Αὗται</span> <span class='ocrx_word' id='word_1_620' title='bbox 2955 4258 3012 4316; x_wconf 74' lang='grc' dir='ltr'>δὲ</span> <span class='ocrx_word' id='word_1_621' title='bbox 3066 4262 3121 4316; x_wconf 80' lang='grc' dir='ltr'><strong>αἱ</strong></span> <span class='ocrx_word' id='word_1_622' title='bbox 3180 4261 3430 4338; x_wconf 79' lang='grc' dir='ltr'>ἀγγελίαι</span> <span class='ocrx_word' id='word_1_623' title='bbox 3465 4262 3741 4338; x_wconf 75' lang='grc' dir='ltr'>θυμηδίας</span> 
     </span>
    </p>
   </div>
   <div class='ocr_carea' id='block_1_88' title="bbox 321 4348 1949 4427">
    <p class='ocr_par' dir='ltr' id='par_1_88' title="bbox 321 4351 1949 4427">
     <span class='ocr_line' id='line_1_90' title="bbox 321 4351 1949 4427; baseline -0.002 -17"><span class='ocrx_word' id='word_1_624' title='bbox 321 4356 450 4427; x_wconf 87' lang='lat' dir='ltr'><strong>rupi</strong></span> <span class='ocrx_word' id='word_1_625' title='bbox 486 4356 730 4411; x_wconf 90' lang='lat' dir='ltr'><strong>insitum</strong></span> <span class='ocrx_word' id='word_1_626' title='bbox 766 4354 1071 4409; x_wconf 88' lang='lat' dir='ltr'><strong>castellum</strong></span> <span class='ocrx_word' id='word_1_627' title='bbox 1098 4352 1167 4406; x_wconf 91' lang='lat' dir='ltr'><strong>ad</strong></span> <span class='ocrx_word' id='word_1_628' title='bbox 1204 4352 1387 4423; x_wconf 84' lang='lat' dir='ltr'><strong>ripam</strong></span> <span class='ocrx_word' id='word_1_629' title='bbox 1428 4351 1585 4406; x_wconf 90' lang='lat' dir='ltr'><strong>Ilalis</strong></span> <span class='ocrx_word' id='word_1_630' title='bbox 1619 4352 1801 4407; x_wconf 88' lang='lat' dir='ltr'><strong>Fuvii.</strong></span> <span class='ocrx_word' id='word_1_631' title='bbox 1852 4356 1949 4427; x_wconf 77' lang='grc' dir='ltr'>’ρει</span> 
     </span>
    </p>
   </div>
   <div class='ocr_carea' id='block_1_89' title="bbox 2112 4348 3740 4427">
    <p class='ocr_par' dir='ltr' id='par_1_89' title="bbox 2118 4348 3740 4425">
     <span class='ocr_line' id='line_1_91' title="bbox 2118 4348 3740 4425; baseline 0.001 -18"><span class='ocrx_word' id='word_1_632' title='bbox 2118 4374 2140 4407; x_wconf 86' lang='grc' dir='ltr'><strong>ε</strong></span> <span class='ocrx_word' id='word_1_633' title='bbox 2190 4352 2280 4406; x_wconf 84' lang='grc' dir='ltr'>καὶ</span> <span class='ocrx_word' id='word_1_634' title='bbox 2343 4349 2593 4422; x_wconf 79' lang='grc' dir='ltr'>λήματος</span> <span class='ocrx_word' id='word_1_635' title='bbox 2644 4348 2966 4422; x_wconf 78' lang='grc' dir='ltr'>ἐμπιπλῶσι</span> <span class='ocrx_word' id='word_1_636' title='bbox 3018 4350 3110 4405; x_wconf 77' lang='grc' dir='ltr'><strong>τὸν</strong></span> <span class='ocrx_word' id='word_1_637' title='bbox 3166 4352 3479 4425; x_wconf 72' lang='grc' dir='ltr'>Κομνηνὸν,</span> <span class='ocrx_word' id='word_1_638' title='bbox 3511 4352 3601 4408; x_wconf 82' lang='grc' dir='ltr'>καὶ</span> <span class='ocrx_word' id='word_1_639' title='bbox 3632 4351 3740 4416; x_wconf 79' lang='grc' dir='ltr'>ἕως</span> 
     </span>
    </p>
   </div>
   <div class='ocr_carea' id='block_1_90' title="bbox 320 4438 1948 4519">
    <p class='ocr_par' dir='ltr' id='par_1_90' title="bbox 320 4440 1943 4511">
     <span class='ocr_line' id='line_1_92' title="bbox 320 4440 1943 4511; baseline 0 -11"><span class='ocrx_word' id='word_1_640' title='bbox 320 4461 454 4500; x_wconf 91' lang='lat' dir='ltr'><strong>cum</strong></span> <span class='ocrx_word' id='word_1_641' title='bbox 489 4444 760 4499; x_wconf 87' lang='lat' dir='ltr'><strong>universo</strong></span> <span class='ocrx_word' id='word_1_642' title='bbox 782 4442 1037 4497; x_wconf 84' lang='lat' dir='ltr'><strong>exercitu</strong></span> <span class='ocrx_word' id='word_1_643' title='bbox 1095 4440 1444 4511; x_wconf 58' lang='lat' dir='ltr'><strong>Sangarium</strong></span> <span class='ocrx_word' id='word_1_644' title='bbox 1495 4456 1727 4495; x_wconf 89' lang='lat' dir='ltr'><strong>amnem</strong></span> <span class='ocrx_word' id='word_1_645' title='bbox 1779 4449 1943 4501; x_wconf 86' lang='lat' dir='ltr'><strong>trans</strong></span> 
     </span>
    </p>
   </div>
   <div class='ocr_carea' id='block_1_91' title="bbox 2109 4438 3737 4519">
    <p class='ocr_par' dir='ltr' id='par_1_91' title="bbox 2110 4438 3737 4519">
     <span class='ocr_line' id='line_1_93' title="bbox 2110 4438 3737 4519; baseline 0.001 -23"><span class='ocrx_word' id='word_1_646' title='bbox 2110 4442 2285 4497; x_wconf 84' lang='grc' dir='ltr'>κείνου</span> <span class='ocrx_word' id='word_1_647' title='bbox 2368 4438 2743 4513; x_wconf 83' lang='grc' dir='ltr'>ἀτολμότατος</span> <span class='ocrx_word' id='word_1_648' title='bbox 2834 4440 2925 4495; x_wconf 86' lang='grc' dir='ltr'>καὶ</span> <span class='ocrx_word' id='word_1_649' title='bbox 3018 4441 3380 4517; x_wconf 81' lang='grc' dir='ltr'>κατεπτηχὼς</span> <span class='ocrx_word' id='word_1_650' title='bbox 3473 4442 3737 4519; x_wconf 75' lang='grc' dir='ltr'>ὑπάρχων</span> 
     </span>
    </p>
   </div>
   <div class='ocr_carea' id='block_1_92' title="bbox 318 4528 1946 4609">
    <p class='ocr_par' dir='ltr' id='par_1_92' title="bbox 318 4528 1946 4605">
     <span class='ocr_line' id='line_1_94' title="bbox 318 4528 1946 4605; baseline -0.001 -18"><span class='ocrx_word' id='word_1_651' title='bbox 318 4549 579 4605; x_wconf 87' lang='lat' dir='ltr'><strong>gressus,</strong></span> <span class='ocrx_word' id='word_1_652' title='bbox 608 4533 817 4589; x_wconf 78' lang='lat' dir='ltr'><strong>faustis</strong></span> <span class='ocrx_word' id='word_1_653' title='bbox 848 4528 1370 4586; x_wconf 84' lang='lat' dir='ltr'><strong>acclamationibus</strong></span> <span class='ocrx_word' id='word_1_654' title='bbox 1391 4528 1449 4583; x_wconf 88' lang='lat' dir='ltr'><strong>et</strong></span> <span class='ocrx_word' id='word_1_655' title='bbox 1476 4529 1946 4599; x_wconf 87' lang='lat' dir='ltr'><strong>gratulationibu</strong></span> 
     </span>
    </p>
   </div>
   <div class='ocr_carea' id='block_1_93' title="bbox 2109 4528 3737 4609">
    <p class='ocr_par' dir='ltr' id='par_1_93' title="bbox 2109 4528 3737 4609">
     <span class='ocr_line' id='line_1_95' title="bbox 2109 4528 3737 4609; baseline 0 -22"><span class='ocrx_word' id='word_1_656' title='bbox 2109 4529 2496 4606; x_wconf 83' lang='grc' dir='ltr'>ολμηρότερος</span> <span class='ocrx_word' id='word_1_657' title='bbox 2552 4529 2641 4584; x_wconf 83' lang='grc' dir='ltr'>ἀπ’</span> <span class='ocrx_word' id='word_1_658' title='bbox 2700 4528 2905 4584; x_wconf 76' lang='grc' dir='ltr'>ἐκείνου</span> <span class='ocrx_word' id='word_1_659' title='bbox 2952 4529 3043 4584; x_wconf 87' lang='grc' dir='ltr'><strong>καὶ</strong></span> <span class='ocrx_word' id='word_1_660' title='bbox 3099 4529 3540 4607; x_wconf 76' lang='grc' dir='ltr'>θαρῥαλεώτερος</span> <span class='ocrx_word' id='word_1_661' title='bbox 3594 4532 3737 4609; x_wconf 84' lang='grc' dir='ltr'>γίνε-</span> 
     </span>
    </p>
   </div>
   <div class='ocr_carea' id='block_1_94' title="bbox 319 4610 1947 4696">
    <p class='ocr_par' dir='ltr' id='par_1_94' title="bbox 319 4616 1939 4690">
     <span class='ocr_line' id='line_1_96' title="bbox 319 4616 1939 4690; baseline 0 -12"><span class='ocrx_word' id='word_1_662' title='bbox 319 4621 671 4690; x_wconf 88' lang='lat' dir='ltr'><strong>celebratus,</strong></span> <span class='ocrx_word' id='word_1_663' title='bbox 695 4619 851 4676; x_wconf 89' lang='lat' dir='ltr'><strong>lento</strong></span> <span class='ocrx_word' id='word_1_664' title='bbox 879 4619 1112 4674; x_wconf 86' lang='lat' dir='ltr'><strong>incessu</strong></span> <span class='ocrx_word' id='word_1_665' title='bbox 1138 4618 1210 4673; x_wconf 88' lang='lat' dir='ltr'><strong>ad</strong></span> <span class='ocrx_word' id='word_1_666' title='bbox 1243 4616 1497 4673; x_wconf 67' lang='lat' dir='ltr'><strong>Nicaeam</strong></span> <span class='ocrx_word' id='word_1_667' title='bbox 1530 4619 1737 4675; x_wconf 87' lang='lat' dir='ltr'><strong>tendit.</strong></span> <span class='ocrx_word' id='word_1_668' title='bbox 1784 4620 1939 4679; x_wconf 90' lang='lat' dir='ltr'><strong>Nove</strong></span> 
     </span>
    </p>
   </div>
   <div class='ocr_carea' id='block_1_95' title="bbox 2110 4610 3738 4696">
    <p class='ocr_par' dir='ltr' id='par_1_95' title="bbox 2115 4616 3738 4696">
     <span class='ocr_line' id='line_1_97' title="bbox 2115 4616 3738 4696; baseline 0.001 -21"><span class='ocrx_word' id='word_1_669' title='bbox 2115 4642 2206 4677; x_wconf 87' lang='grc' dir='ltr'><strong>αι.</strong></span> <span class='ocrx_word' id='word_1_670' title='bbox 2274 4622 2467 4692; x_wconf 84' lang='grc' dir='ltr'>Ὅμως</span> <span class='ocrx_word' id='word_1_671' title='bbox 2523 4616 2826 4691; x_wconf 69' lang='grc' dir='ltr'>προσίμενε</span> <span class='ocrx_word' id='word_1_672' title='bbox 2881 4620 2979 4688; x_wconf 77' lang='grc' dir='ltr'>τὴν</span> <span class='ocrx_word' id='word_1_673' title='bbox 3038 4617 3246 4674; x_wconf 73' lang='grc' dir='ltr'>ἐκείνου</span> <span class='ocrx_word' id='word_1_674' title='bbox 3298 4621 3618 4696; x_wconf 84' lang='grc' dir='ltr'>παρουσίαν.</span> <span class='ocrx_word' id='word_1_675' title='bbox 3678 4623 3738 4677; x_wconf 77' lang='grc' dir='ltr'>Ὀ</span> 
     </span>
    </p>
   </div>
   <div class='ocr_carea' id='block_1_96' title="bbox 1515 4760 2528 4824">
    <p class='ocr_par' dir='ltr' id='par_1_96' title="bbox 1515 4760 2528 4824">
     <span class='ocr_line' id='line_1_98' title="bbox 1515 4760 2528 4824; baseline 0.001 -8"><span class='ocrx_word' id='word_1_676' title='bbox 1515 4760 1873 4821; x_wconf 79' lang='lat' dir='ltr'><strong>XYLANDRI</strong></span> <span class='ocrx_word' id='word_1_677' title='bbox 1912 4767 2002 4824; x_wconf 88' lang='lat' dir='ltr'>ET</span> <span class='ocrx_word' id='word_1_678' title='bbox 2039 4767 2256 4823; x_wconf 82' lang='lat' dir='ltr'><strong>GOARI</strong></span> <span class='ocrx_word' id='word_1_679' title='bbox 2297 4763 2528 4820; x_wconf 65' lang='lat' dir='ltr'><strong>NOTzE.</strong></span> 
     </span>
    </p>
   </div>
   <div class='ocr_carea' id='block_1_97' title="bbox 382 4858 3733 4937">
    <p class='ocr_par' dir='ltr' id='par_1_97' title="bbox 382 4858 3733 4937">
     <span class='ocr_line' id='line_1_99' title="bbox 382 4858 3733 4937; baseline -0 -16"><span class='ocrx_word' id='word_1_680' title='bbox 382 4866 497 4937; x_wconf 70' lang='lat'><strong>(49)</strong></span> <span class='ocrx_word' id='word_1_681' title='bbox 520 4865 668 4937; x_wconf 88' lang='lat' dir='ltr'><strong>Quid</strong></span> <span class='ocrx_word' id='word_1_682' title='bbox 700 4864 811 4937; x_wconf 84' lang='lat' dir='ltr'><strong>hoe</strong></span> <span class='ocrx_word' id='word_1_683' title='bbox 840 4860 1109 4937; x_wconf 73' lang='lat' dir='ltr'><strong>vocabuli</strong></span> <span class='ocrx_word' id='word_1_684' title='bbox 1141 4859 1238 4937; x_wconf 80' lang='lat' dir='ltr'><strong>sit,</strong></span> <span class='ocrx_word' id='word_1_685' title='bbox 1263 4858 1476 4937; x_wconf 77' lang='lat' dir='ltr'><strong>quidve</strong></span> <span class='ocrx_word' id='word_1_686' title='bbox 1504 4858 1598 4937; x_wconf 72' lang='lat' dir='ltr'><strong>rei</strong></span> <span class='ocrx_word' id='word_1_687' title='bbox 1646 4861 1958 4937; x_wconf 76' lang='lat' dir='ltr'><strong>signiﬁcet,</strong></span> <span class='ocrx_word' id='word_1_688' title='bbox 2072 4864 2341 4937; x_wconf 77' lang='lat' dir='ltr'><strong>essehoc</strong></span> <span class='ocrx_word' id='word_1_689' title='bbox 2372 4880 2405 4918; x_wconf 88' lang='lat' dir='ltr'><strong>a</strong></span> <span class='ocrx_word' id='word_1_690' title='bbox 2436 4861 2855 4937; x_wconf 87' lang='lat' dir='ltr'><strong>congressibus</strong></span> <span class='ocrx_word' id='word_1_691' title='bbox 2891 4861 3368 4937; x_wconf 88' lang='lat' dir='ltr'><strong>militum.Verba</strong></span> <span class='ocrx_word' id='word_1_692' title='bbox 3397 4864 3527 4935; x_wconf 87' lang='lat' dir='ltr'><strong>ejus</strong></span> <span class='ocrx_word' id='word_1_693' title='bbox 3559 4869 3733 4921; x_wconf 90' lang='lat' dir='ltr'><strong>sunt:</strong></span> 
     </span>
    </p>
   </div>
   <div class='ocr_carea' id='block_1_98' title="bbox 313 4928 1941 5007">
    <p class='ocr_par' dir='ltr' id='par_1_98' title="bbox 313 4928 1941 5007">
     <span class='ocr_line' id='line_1_100' title="bbox 313 4928 1941 5007; baseline -0.001 -16"><span class='ocrx_word' id='word_1_694' title='bbox 313 4928 576 4993; x_wconf 67' lang='lat' dir='ltr'><strong>nondum</strong></span> <span class='ocrx_word' id='word_1_695' title='bbox 592 4935 790 4991; x_wconf 90' lang='lat' dir='ltr'><strong>didici.</strong></span> <span class='ocrx_word' id='word_1_696' title='bbox 828 4928 1301 5007; x_wconf 73' lang='grc' dir='ltr'>Χγι.⁷Αδνούμιον</span> <span class='ocrx_word' id='word_1_697' title='bbox 1334 4928 1903 5007; x_wconf 39' lang='grc' dir='ltr'>ἀεριξνίρίἰο-ηῇιὶιιιιπ</span> <span class='ocrx_word' id='word_1_698' title='bbox 1937 4959 1941 4989; x_wconf 62' lang='grc' dir='ltr'><em>λ</em></span> 
     </span>
    </p>
   </div>
   <div class='ocr_carea' id='block_1_99' title="bbox 2104 4928 3732 5007">
    <p class='ocr_par' dir='ltr' id='par_1_99' title="bbox 2104 4928 3732 5007">
     <span class='ocr_line' id='line_1_101' title="bbox 2104 4928 3732 5007; baseline 0.001 -21"><span class='ocrx_word' id='word_1_699' title='bbox 2104 4933 2350 5007; x_wconf 73' lang='grc' dir='ltr'>Ανοίκεια</span> <span class='ocrx_word' id='word_1_700' title='bbox 2459 4928 2649 5007; x_wconf 58' lang='grc' dir='ltr'>ταυτα</span> <span class='ocrx_word' id='word_1_701' title='bbox 2705 4936 2823 4993; x_wconf 88' lang='grc' dir='ltr'>ταῖς</span> <span class='ocrx_word' id='word_1_702' title='bbox 2906 4936 3014 5007; x_wconf 86' lang='grc' dir='ltr'><strong>τῶν</strong></span> <span class='ocrx_word' id='word_1_703' title='bbox 3102 4928 3447 5007; x_wconf 71' lang='grc' dir='ltr'>στρατιωτῶν</span> <span class='ocrx_word' id='word_1_704' title='bbox 3538 4954 3732 4988; x_wconf 80' lang='grc' dir='ltr'>συντυ-</span> 
     </span>
    </p>
   </div>
   <div class='ocr_carea' id='block_1_100' title="bbox 315 5003 3735 5077">
    <p class='ocr_par' dir='ltr' id='par_1_100' title="bbox 315 5003 3735 5077">
     <span class='ocr_line' id='line_1_102' title="bbox 315 5003 3735 5077; baseline 0 -15"><span class='ocrx_word' id='word_1_705' title='bbox 315 5010 589 5069; x_wconf 72' lang='lat' dir='ltr'><strong>tribunis.</strong></span> <span class='ocrx_word' id='word_1_706' title='bbox 623 5008 911 5063; x_wconf 86' lang='lat' dir='ltr'><strong>exercitus</strong></span> <span class='ocrx_word' id='word_1_707' title='bbox 942 5003 1571 5077; x_wconf 71' lang='lat' dir='ltr'><strong>duce,velquandoque</strong></span> <span class='ocrx_word' id='word_1_708' title='bbox 1602 5003 1674 5077; x_wconf 86' lang='lat' dir='ltr'><strong>ab</strong></span> <span class='ocrx_word' id='word_1_709' title='bbox 1704 5005 1835 5076; x_wconf 89' lang='lat' dir='ltr'><strong>ipso</strong></span> <span class='ocrx_word' id='word_1_710' title='bbox 1858 5008 1965 5061; x_wconf 86' lang='lat' dir='ltr'><strong>im-</strong></span> <span class='ocrx_word' id='word_1_711' title='bbox 2078 5005 2252 5077; x_wconf 81' lang='grc' dir='ltr'>χίαις.</span> <span class='ocrx_word' id='word_1_712' title='bbox 2288 5007 2356 5060; x_wconf 86' lang='lat' dir='ltr'><strong>Et</strong></span> <span class='ocrx_word' id='word_1_713' title='bbox 2387 5022 2529 5059; x_wconf 81' lang='lat' dir='ltr'><strong>sane</strong></span> <span class='ocrx_word' id='word_1_714' title='bbox 2561 5005 2835 5077; x_wconf 87' lang='lat' dir='ltr'><strong>videntur</strong></span> <span class='ocrx_word' id='word_1_715' title='bbox 2864 5005 3049 5060; x_wconf 90' lang='lat' dir='ltr'><strong>multo</strong></span> <span class='ocrx_word' id='word_1_716' title='bbox 3074 5003 3297 5073; x_wconf 79' lang='lat' dir='ltr'><strong>justius</strong></span> <span class='ocrx_word' id='word_1_717' title='bbox 3329 5008 3468 5061; x_wconf 88' lang='lat' dir='ltr'><strong>talia</strong></span> <span class='ocrx_word' id='word_1_718' title='bbox 3531 5024 3735 5077; x_wconf 86' lang='lat' dir='ltr'><strong>repre-</strong></span> 
     </span>
    </p>
   </div>
   <div class='ocr_carea' id='block_1_101' title="bbox 313 5028 3728 5150">
    <p class='ocr_par' dir='ltr' id='par_1_101' title="bbox 313 5028 3728 5150">
     <span class='ocr_line' id='line_1_103' title="bbox 315 5028 3728 5077; baseline 0 -15"><span class='ocrx_word' id='word_1_719' title='bbox 315 5028 589 5069; x_wconf 57' lang='lat' dir='ltr'><strong>ll‘lDUDlS‘</strong></span> <span class='ocrx_word' id='word_1_720' title='bbox 623 5028 911 5063; x_wconf 67' lang='grc' dir='ltr'>εχθτυιιυδ</span> <span class='ocrx_word' id='word_1_721' title='bbox 942 5028 1571 5073; x_wconf 52' lang='grc' dir='ltr'>(ιυσεμυιιιυαυυυιειυῠ</span> <span class='ocrx_word' id='word_1_722' title='bbox 1602 5028 1674 5057; x_wconf 80' lang='lat' dir='ltr'><strong>uu</strong></span> <span class='ocrx_word' id='word_1_723' title='bbox 1707 5028 1835 5076; x_wconf 73' lang='lat' dir='ltr'><strong>IPSO</strong></span> <span class='ocrx_word' id='word_1_724' title='bbox 1858 5028 1965 5061; x_wconf 56' lang='lat' dir='ltr'><strong>Im.</strong></span> <span class='ocrx_word' id='word_1_725' title='bbox 2078 5028 2099 5042; x_wconf 82' lang='lat'>&quot;</span> <span class='ocrx_word' id='word_1_726' title='bbox 2128 5028 2252 5066; x_wconf 80' lang='grc' dir='ltr'>ιαις.</span> <span class='ocrx_word' id='word_1_727' title='bbox 2288 5028 2356 5060; x_wconf 74' lang='grc' dir='ltr'><strong>ω</strong></span> <span class='ocrx_word' id='word_1_728' title='bbox 2387 5028 2529 5059; x_wconf 69' lang='lat' dir='ltr'><strong>sane</strong></span> <span class='ocrx_word' id='word_1_729' title='bbox 2562 5028 2835 5060; x_wconf 76' lang='lat' dir='ltr'><strong>vmeutur</strong></span> <span class='ocrx_word' id='word_1_730' title='bbox 2865 5028 3049 5060; x_wconf 79' lang='grc' dir='ltr'>ωυιῐυ</span> <span class='ocrx_word' id='word_1_731' title='bbox 3074 5028 3297 5073; x_wconf 70' lang='lat' dir='ltr'><strong>JUSHUS</strong></span> <span class='ocrx_word' id='word_1_732' title='bbox 3329 5028 3468 5061; x_wconf 67' lang='grc' dir='ltr'>ιᾶιιᾶ</span> <span class='ocrx_word' id='word_1_733' title='bbox 3531 5028 3728 5077; x_wconf 83' lang='lat' dir='ltr'><strong>repre-</strong></span> 
     </span>
     <span class='ocr_line' id='line_1_104' title="bbox 313 5028 3728 5150; baseline 0.001 -17"><span class='ocrx_word' id='word_1_734' title='bbox 313 5086 579 5150; x_wconf 76' lang='lat' dir='ltr'><strong>peratore</strong></span> <span class='ocrx_word' id='word_1_735' title='bbox 600 5079 864 5134; x_wconf 82' lang='lat' dir='ltr'><strong>facienda</strong></span> <span class='ocrx_word' id='word_1_736' title='bbox 882 5078 988 5133; x_wconf 90' lang='lat' dir='ltr'><strong>:illi</strong></span> <span class='ocrx_word' id='word_1_737' title='bbox 1010 5092 1143 5131; x_wconf 90' lang='lat' dir='ltr'><strong>vero</strong></span> <span class='ocrx_word' id='word_1_738' title='bbox 1165 5074 1441 5150; x_wconf 78' lang='lat' dir='ltr'><strong>exol‘licto</strong></span> <span class='ocrx_word' id='word_1_739' title='bbox 1463 5076 1848 5150; x_wconf 74' lang='lat' dir='ltr'><strong>attendebatb</strong></span> <span class='ocrx_word' id='word_1_740' title='bbox 1868 5078 1965 5149; x_wconf 71' lang='grc' dir='ltr'><strong>μέ·</strong></span> <span class='ocrx_word' id='word_1_741' title='bbox 2080 5028 2258 5133; x_wconf 61' lang='grc' dir='ltr'><strong>ἐθοᾶί</strong></span> <span class='ocrx_word' id='word_1_742' title='bbox 2292 5094 2467 5150; x_wconf 86' lang='lat' dir='ltr'><strong>quam</strong></span> <span class='ocrx_word' id='word_1_743' title='bbox 2494 5076 2697 5132; x_wconf 86' lang='lat' dir='ltr'><strong>Glauci</strong></span> <span class='ocrx_word' id='word_1_744' title='bbox 2720 5093 2857 5150; x_wconf 81' lang='lat' dir='ltr'><strong>cum</strong></span> <span class='ocrx_word' id='word_1_745' title='bbox 2878 5078 3532 5150; x_wconf 87' lang='lat' dir='ltr'><strong>Diomedecolloquium</strong></span> <span class='ocrx_word' id='word_1_746' title='bbox 3558 5079 3728 5136; x_wconf 90' lang='lat' dir='ltr'><strong>illud.</strong></span> 
     </span>
    </p>
   </div>
   <div class='ocr_carea' id='block_1_102' title="bbox 310 5145 1938 5222">
    <p class='ocr_par' dir='ltr' id='par_1_102' title="bbox 310 5145 1931 5222">
     <span class='ocr_line' id='line_1_105' title="bbox 310 5145 1931 5222; baseline 0.004 -20"><span class='ocrx_word' id='word_1_747' title='bbox 310 5145 409 5222; x_wconf 79' lang='grc' dir='ltr'><strong>γας</strong></span> <span class='ocrx_word' id='word_1_748' title='bbox 500 5146 923 5221; x_wconf 71' lang='grc' dir='ltr'>άδνουμιαστής,</span> <span class='ocrx_word' id='word_1_749' title='bbox 1010 5163 1250 5222; x_wconf 69' lang='lat' dir='ltr'><strong>magnus</strong></span> <span class='ocrx_word' id='word_1_750' title='bbox 1306 5145 1721 5222; x_wconf 51' lang='lat' dir='ltr'><strong>adnumerafor,</strong></span> <span class='ocrx_word' id='word_1_751' title='bbox 1795 5145 1931 5222; x_wconf 80' lang='lat' dir='ltr'><strong>cuju</strong></span> 
     </span>
    </p>
   </div>
   <div class='ocr_carea' id='block_1_103' title="bbox 2106 5145 3734 5222">
    <p class='ocr_par' dir='ltr' id='par_1_103' title="bbox 2106 5145 3734 5222">
     <span class='ocr_line' id='line_1_106' title="bbox 2106 5145 3734 5222; baseline 0.002 -19"><span class='ocrx_word' id='word_1_752' title='bbox 2106 5152 2181 5206; x_wconf 69' lang='lat' dir='ltr'><strong>led</strong></span> <span class='ocrx_word' id='word_1_753' title='bbox 2216 5145 2322 5204; x_wconf 78' lang='lat' dir='ltr'><strong>nos</strong></span> <span class='ocrx_word' id='word_1_754' title='bbox 2351 5148 2444 5203; x_wconf 89' lang='lat' dir='ltr'><strong>hic</strong></span> <span class='ocrx_word' id='word_1_755' title='bbox 2474 5149 2796 5204; x_wconf 80' lang='lat' dir='ltr'><strong>adnotandi</strong></span> <span class='ocrx_word' id='word_1_756' title='bbox 2833 5148 3006 5222; x_wconf 83' lang='lat' dir='ltr'><strong>ﬁnem</strong></span> <span class='ocrx_word' id='word_1_757' title='bbox 3059 5145 3359 5222; x_wconf 61' lang='lat' dir='ltr'><strong>facimus.~</strong></span> <span class='ocrx_word' id='word_1_758' title='bbox 3390 5154 3605 5206; x_wconf 77' lang='lat' dir='ltr'><strong>Caetera</strong></span> <span class='ocrx_word' id='word_1_759' title='bbox 3663 5168 3734 5207; x_wconf 83' lang='lat' dir='ltr'><strong>ex</strong></span> 
     </span>
    </p>
   </div>
   <div class='ocr_carea' id='block_1_104' title="bbox 313 5217 3726 5293">
    <p class='ocr_par' dir='ltr' id='par_1_104' title="bbox 313 5217 3726 5293">
     <span class='ocr_line' id='line_1_107' title="bbox 313 5217 3726 5293; baseline 0 -16"><span class='ocrx_word' id='word_1_760' title='bbox 313 5217 417 5293; x_wconf 79' lang='lat' dir='ltr'><strong>per</strong></span> <span class='ocrx_word' id='word_1_761' title='bbox 446 5237 509 5293; x_wconf 83' lang='lat' dir='ltr'><strong>se</strong></span> <span class='ocrx_word' id='word_1_762' title='bbox 540 5217 696 5277; x_wconf 82' lang='lat' dir='ltr'><strong>vices</strong></span> <span class='ocrx_word' id='word_1_763' title='bbox 729 5222 821 5276; x_wconf 88' lang='lat' dir='ltr'><strong>hic</strong></span> <span class='ocrx_word' id='word_1_764' title='bbox 847 5217 1192 5291; x_wconf 81' lang='lat' dir='ltr'><strong>exsequitur</strong></span> <span class='ocrx_word' id='word_1_765' title='bbox 1224 5217 1775 5293; x_wconf 69' lang='lat' dir='ltr'><strong>imperator._GoAa.</strong></span> <span class='ocrx_word' id='word_1_766' title='bbox 1812 5291 1840 5293; x_wconf 16' lang='grc' dir='ltr'><strong>ΑΛ</strong></span> <span class='ocrx_word' id='word_1_767' title='bbox 1864 5217 1882 5222; x_wconf 61' lang='grc'>⁷</span> <span class='ocrx_word' id='word_1_768' title='bbox 2076 5221 2339 5293; x_wconf 80' lang='lat' dir='ltr'><strong>lectione</strong></span> <span class='ocrx_word' id='word_1_769' title='bbox 2412 5225 2469 5275; x_wconf 90' lang='lat' dir='ltr'><strong>et</strong></span> <span class='ocrx_word' id='word_1_770' title='bbox 2554 5219 2994 5293; x_wconf 85' lang='lat' dir='ltr'><strong>comparatione</strong></span> <span class='ocrx_word' id='word_1_771' title='bbox 3070 5220 3319 5276; x_wconf 87' lang='lat' dir='ltr'><strong>aliorum</strong></span> <span class='ocrx_word' id='word_1_772' title='bbox 3372 5222 3726 5293; x_wconf 86' lang='lat' dir='ltr'><strong>scriptorum</strong></span> 
     </span>
    </p>
   </div>
   <div class='ocr_carea' id='block_1_105' title="bbox 383 5288 3730 5365">
    <p class='ocr_par' dir='ltr' id='par_1_105' title="bbox 383 5288 3730 5365">
     <span class='ocr_line' id='line_1_108' title="bbox 383 5288 3730 5365; baseline 0 -18"><span class='ocrx_word' id='word_1_773' title='bbox 383 5291 494 5363; x_wconf 84' lang='lat'><strong>(50)</strong></span> <span class='ocrx_word' id='word_1_774' title='bbox 512 5297 690 5365; x_wconf 66' lang='lat' dir='ltr'><strong>Forte</strong></span> <span class='ocrx_word' id='word_1_775' title='bbox 724 5294 822 5364; x_wconf 93' lang='lat' dir='ltr'><strong>qui</strong></span> <span class='ocrx_word' id='word_1_776' title='bbox 881 5310 949 5347; x_wconf 84' lang='lat' dir='ltr'><strong>ex</strong></span> <span class='ocrx_word' id='word_1_777' title='bbox 994 5288 1061 5346; x_wconf 82' lang='lat' dir='ltr'><strong>ea</strong></span> <span class='ocrx_word' id='word_1_778' title='bbox 1114 5289 1437 5365; x_wconf 47' lang='lat' dir='ltr'><strong>provincia</strong></span> <span class='ocrx_word' id='word_1_779' title='bbox 1473 5288 1673 5365; x_wconf 75' lang='lat' dir='ltr'><strong>scripti</strong></span> <span class='ocrx_word' id='word_1_780' title='bbox 1718 5291 1961 5365; x_wconf 27' lang='lat' dir='ltr'><strong>Amilita-</strong></span> <span class='ocrx_word' id='word_1_781' title='bbox 2078 5299 2301 5364; x_wconf 84' lang='lat' dir='ltr'><strong>repetat</strong></span> <span class='ocrx_word' id='word_1_782' title='bbox 2329 5291 2510 5347; x_wconf 89' lang='lat' dir='ltr'><strong>lector</strong></span> <span class='ocrx_word' id='word_1_783' title='bbox 2542 5309 2553 5347; x_wconf 94' lang='lat'>:</span> <span class='ocrx_word' id='word_1_784' title='bbox 2590 5288 2706 5346; x_wconf 39' lang='lat' dir='ltr'><strong>nns—</strong></span> <span class='ocrx_word' id='word_1_785' title='bbox 2735 5292 2899 5365; x_wconf 85' lang='lat' dir='ltr'><strong>enim</strong></span> <span class='ocrx_word' id='word_1_786' title='bbox 2949 5308 3137 5365; x_wconf 54' lang='lat' dir='ltr'><strong>neque</strong></span> <span class='ocrx_word' id='word_1_787' title='bbox 3193 5288 3507 5349; x_wconf 54' lang='lat' dir='ltr'><strong>voluimus&#39;</strong></span> <span class='ocrx_word' id='word_1_788' title='bbox 3538 5310 3730 5365; x_wconf 90' lang='lat' dir='ltr'><strong>neque</strong></span> 
     </span>
    </p>
   </div>
   <div class='ocr_carea' id='block_1_106' title="bbox 310 5358 3726 5437">
    <p class='ocr_par' dir='ltr' id='par_1_106' title="bbox 310 5358 3726 5437">
     <span class='ocr_line' id='line_1_109' title="bbox 310 5358 3726 5437; baseline 0.001 -20"><span class='ocrx_word' id='word_1_789' title='bbox 310 5358 485 5437; x_wconf 50' lang='lat' dir='ltr'><strong>bant.</strong></span> <span class='ocrx_word' id='word_1_790' title='bbox 510 5358 1076 5437; x_wconf 30' lang='lat' dir='ltr'><strong>PeregrinasAautem</strong></span> <span class='ocrx_word' id='word_1_791' title='bbox 1111 5358 1374 5432; x_wconf 81' lang='lat' dir='ltr'><strong>intelligo</strong></span> <span class='ocrx_word' id='word_1_792' title='bbox 1397 5358 1652 5437; x_wconf 59' lang='lat' dir='ltr'><strong>Gallicas</strong></span> <span class='ocrx_word' id='word_1_793' title='bbox 1701 5362 1849 5437; x_wconf 86' lang='lat' dir='ltr'><strong>duas</strong></span> <span class='ocrx_word' id='word_1_794' title='bbox 1906 5372 1965 5419; x_wconf 91' lang='lat' dir='ltr'><strong>et</strong></span> <span class='ocrx_word' id='word_1_795' title='bbox 2077 5358 2379 5435; x_wconf 74' lang='lat' dir='ltr'><strong>potuimus</strong></span> <span class='ocrx_word' id='word_1_796' title='bbox 2410 5364 2611 5437; x_wconf 79' lang='lat' dir='ltr'><strong>omnia</strong></span> <span class='ocrx_word' id='word_1_797' title='bbox 2639 5363 2927 5437; x_wconf 65' lang='lat' dir='ltr'><strong>persequi.</strong></span> <span class='ocrx_word' id='word_1_798' title='bbox 2959 5363 3022 5418; x_wconf 86' lang='lat' dir='ltr'><strong>Et</strong></span> <span class='ocrx_word' id='word_1_799' title='bbox 3045 5358 3180 5434; x_wconf 73' lang='lat' dir='ltr'><strong>quis</strong></span> <span class='ocrx_word' id='word_1_800' title='bbox 3214 5372 3490 5437; x_wconf 67' lang='lat' dir='ltr'><strong>praeterea</strong></span> <span class='ocrx_word' id='word_1_801' title='bbox 3529 5367 3602 5421; x_wconf 91' lang='lat' dir='ltr'><strong>de</strong></span> <span class='ocrx_word' id='word_1_802' title='bbox 3634 5358 3726 5422; x_wconf 77' lang='lat' dir='ltr'><strong>re-</strong></span> 
     </span>
    </p>
   </div>
   <div class='ocr_carea' id='block_1_107' title="bbox 309 5431 3725 5508">
    <p class='ocr_par' dir='ltr' id='par_1_107' title="bbox 309 5431 3725 5508">
     <span class='ocr_line' id='line_1_110' title="bbox 309 5431 3725 5508; baseline 0.001 -19"><span class='ocrx_word' id='word_1_803' title='bbox 309 5431 823 5508; x_wconf 54' lang='lat' dir='ltr'><strong>Rossicamfipse</strong></span> <span class='ocrx_word' id='word_1_804' title='bbox 864 5432 912 5504; x_wconf 75' lang='grc' dir='ltr'>ἐξ</span> <span class='ocrx_word' id='word_1_805' title='bbox 972 5433 1139 5486; x_wconf 76' lang='grc' dir='ltr'>ἐθνῶν</span> <span class='ocrx_word' id='word_1_806' title='bbox 1191 5439 1372 5508; x_wconf 78' lang='lat' dir='ltr'><strong>vocat.</strong></span> <span class='ocrx_word' id='word_1_807' title='bbox 1428 5431 1589 5508; x_wconf 78' lang='lat' dir='ltr'><strong>Quod</strong></span> <span class='ocrx_word' id='word_1_808' title='bbox 1644 5435 1815 5503; x_wconf 86' lang='lat' dir='ltr'><strong>paulo</strong></span> <span class='ocrx_word' id='word_1_809' title='bbox 1875 5444 1963 5491; x_wconf 83' lang='lat' dir='ltr'><strong>est</strong></span> <span class='ocrx_word' id='word_1_810' title='bbox 2077 5431 2185 5492; x_wconf 89' lang='lat' dir='ltr'><strong>bus</strong></span> <span class='ocrx_word' id='word_1_811' title='bbox 2222 5431 2769 5508; x_wconf 75' lang='lat' dir='ltr'><strong>imperii_(;politani</strong></span> <span class='ocrx_word' id='word_1_812' title='bbox 2802 5431 3112 5508; x_wconf 73' lang='lat' dir='ltr'><strong>habemus,</strong></span> <span class='ocrx_word' id='word_1_813' title='bbox 3145 5431 3252 5490; x_wconf 71' lang='lat' dir='ltr'><strong>suo</strong></span> <span class='ocrx_word' id='word_1_814' title='bbox 3279 5443 3539 5508; x_wconf 87' lang='lat' dir='ltr'><strong>tempore</strong></span> <span class='ocrx_word' id='word_1_815' title='bbox 3587 5437 3725 5498; x_wconf 82' lang='lat' dir='ltr'><strong>(Deo</strong></span> 
     </span>
    </p>
   </div>
   <div class='ocr_carea' id='block_1_108' title="bbox 304 5502 3729 5578">
    <p class='ocr_par' dir='ltr' id='par_1_108' title="bbox 304 5502 3729 5578">
     <span class='ocr_line' id='line_1_111' title="bbox 304 5502 3729 5578; baseline 0.001 -18"><span class='ocrx_word' id='word_1_816' title='bbox 304 5507 593 5575; x_wconf 88' lang='lat' dir='ltr'><strong>sequitur.</strong></span> <span class='ocrx_word' id='word_1_817' title='bbox 629 5502 953 5577; x_wconf 78' lang='lat' dir='ltr'><strong>antequam</strong></span> <span class='ocrx_word' id='word_1_818' title='bbox 986 5505 1367 5578; x_wconf 82' lang='lat' dir='ltr'><strong>Comneniani</strong></span> <span class='ocrx_word' id='word_1_819' title='bbox 1399 5519 1531 5578; x_wconf 85' lang='lat' dir='ltr'><strong>cum</strong></span> <span class='ocrx_word' id='word_1_820' title='bbox 1567 5502 1962 5578; x_wconf 81' lang='lat' dir='ltr'><strong>imperatoriis</strong></span> <span class='ocrx_word' id='word_1_821' title='bbox 2072 5502 2771 5575; x_wconf 56' lang='lat' dir='ltr'><strong>volentelevulgabimw,</strong></span> <span class='ocrx_word' id='word_1_822' title='bbox 2808 5513 2871 5561; x_wconf 88' lang='lat' dir='ltr'><strong>ut</strong></span> <span class='ocrx_word' id='word_1_823' title='bbox 2921 5506 3282 5562; x_wconf 72' lang='lat' dir='ltr'><strong>doctioribus</strong></span> <span class='ocrx_word' id='word_1_824' title='bbox 3324 5502 3498 5563; x_wconf 82' lang='lat' dir='ltr'><strong>simul</strong></span> <span class='ocrx_word' id='word_1_825' title='bbox 3553 5516 3729 5578; x_wconf 85' lang='lat' dir='ltr'><strong>atque</strong></span> 
     </span>
    </p>
   </div>
   <div class='ocr_carea' id='block_1_109' title="bbox 308 5574 3729 5650">
    <p class='ocr_par' dir='ltr' id='par_1_109' title="bbox 308 5574 3729 5650">
     <span class='ocr_line' id='line_1_112' title="bbox 308 5574 3729 5650; baseline 0.001 -19"><span class='ocrx_word' id='word_1_826' title='bbox 308 5574 873 5650; x_wconf 78' lang='lat' dir='ltr'><strong>pugnarent,mutua</strong></span> <span class='ocrx_word' id='word_1_827' title='bbox 900 5577 1051 5650; x_wconf 88' lang='lat' dir='ltr'><strong>inter</strong></span> <span class='ocrx_word' id='word_1_828' title='bbox 1079 5593 1177 5650; x_wconf 83' lang='lat' dir='ltr'><strong>eos</strong></span> <span class='ocrx_word' id='word_1_829' title='bbox 1212 5576 1394 5650; x_wconf 73' lang='lat' dir='ltr'><strong>fuisse</strong></span> <span class='ocrx_word' id='word_1_830' title='bbox 1424 5574 1648 5650; x_wconf 80' lang='lat' dir='ltr'><strong>agitata</strong></span> <span class='ocrx_word' id='word_1_831' title='bbox 1670 5575 1963 5650; x_wconf 86' lang='lat' dir='ltr'><strong>colloquia</strong></span> <span class='ocrx_word' id='word_1_832' title='bbox 2076 5574 2782 5636; x_wconf 88' lang='lat' dir='ltr'><strong>indoctioribuslaborcm</strong></span> <span class='ocrx_word' id='word_1_833' title='bbox 2819 5579 2931 5650; x_wconf 85' lang='lat' dir='ltr'><strong>ista</strong></span> <span class='ocrx_word' id='word_1_834' title='bbox 2968 5580 3351 5649; x_wconf 86' lang='lat' dir='ltr'><strong>conquirendi</strong></span> <span class='ocrx_word' id='word_1_835' title='bbox 3394 5574 3729 5635; x_wconf 77' lang='lat' dir='ltr'><strong>scrutandi-</strong></span> 
     </span>
    </p>
   </div>
   <div class='ocr_carea' id='block_1_110' title="bbox 303 5645 3725 5725">
    <p class='ocr_par' dir='ltr' id='par_1_110' title="bbox 303 5645 3725 5725">
     <span class='ocr_line' id='line_1_113' title="bbox 303 5645 3725 5725; baseline 0.002 -23"><span class='ocrx_word' id='word_1_836' title='bbox 303 5645 360 5725; x_wconf 61' lang='grc' dir='ltr'><strong>ει</strong></span> <span class='ocrx_word' id='word_1_837' title='bbox 390 5645 607 5725; x_wconf 72' lang='lat' dir='ltr'><strong>alteros</strong></span> <span class='ocrx_word' id='word_1_838' title='bbox 641 5651 712 5705; x_wconf 89' lang='lat' dir='ltr'><strong>ab</strong></span> <span class='ocrx_word' id='word_1_839' title='bbox 741 5649 944 5725; x_wconf 79' lang='lat' dir='ltr'><strong>alteris</strong></span> <span class='ocrx_word' id='word_1_840' title='bbox 976 5648 1235 5725; x_wconf 80' lang='lat' dir='ltr'><strong>vicissim</strong></span> <span class='ocrx_word' id='word_1_841' title='bbox 1270 5647 1338 5725; x_wconf 72' lang='lat' dir='ltr'><strong>ad</strong></span> <span class='ocrx_word' id='word_1_842' title='bbox 1363 5645 1772 5725; x_wconf 34' lang='lat' dir='ltr'><strong>d.el&#39;ect_ionem_</strong></span> <span class='ocrx_word' id='word_1_843' title='bbox 1798 5645 1957 5705; x_wconf 81' lang='lat' dir='ltr'><strong>solli-</strong></span> <span class='ocrx_word' id='word_1_844' title='bbox 2072 5668 2185 5725; x_wconf 87' lang='lat' dir='ltr'><strong>que</strong></span> <span class='ocrx_word' id='word_1_845' title='bbox 2213 5651 2574 5725; x_wconf 61' lang='lat' dir='ltr'><strong>minuemus,</strong></span> <span class='ocrx_word' id='word_1_846' title='bbox 2609 5666 2674 5705; x_wconf 89' lang='lat' dir='ltr'><strong>ac</strong></span> <span class='ocrx_word' id='word_1_847' title='bbox 2710 5649 2991 5705; x_wconf 87' lang='lat' dir='ltr'><strong>nonnulla</strong></span> <span class='ocrx_word' id='word_1_848' title='bbox 3021 5645 3197 5725; x_wconf 71' lang='lat' dir='ltr'><strong>etiam</strong></span> <span class='ocrx_word' id='word_1_849' title='bbox 3234 5669 3360 5725; x_wconf 68' lang='lat' dir='ltr'><strong>qum</strong></span> <span class='ocrx_word' id='word_1_850' title='bbox 3391 5651 3583 5707; x_wconf 86' lang='lat' dir='ltr'><strong>adhuc</strong></span> <span class='ocrx_word' id='word_1_851' title='bbox 3619 5669 3725 5709; x_wconf 86' lang='lat' dir='ltr'><strong>nos</strong></span> 
     </span>
    </p>
   </div>
   <div class='ocr_carea' id='block_1_111' title="bbox 302 5716 3191 5795">
    <p class='ocr_par' dir='ltr' id='par_1_111' title="bbox 302 5716 3191 5795">
     <span class='ocr_line' id='line_1_114' title="bbox 302 5716 3191 5795; baseline 0.001 -20"><span class='ocrx_word' id='word_1_852' title='bbox 302 5721 541 5791; x_wconf 82' lang='lat' dir='ltr'><strong>citatos,</strong></span> <span class='ocrx_word' id='word_1_853' title='bbox 577 5738 695 5778; x_wconf 85' lang='lat' dir='ltr'><strong>non</strong></span> <span class='ocrx_word' id='word_1_854' title='bbox 727 5721 983 5776; x_wconf 89' lang='lat' dir='ltr'><strong>absurde</strong></span> <span class='ocrx_word' id='word_1_855' title='bbox 1013 5718 1313 5777; x_wconf 87' lang='lat' dir='ltr'><strong>adnotavit</strong></span> <span class='ocrx_word' id='word_1_856' title='bbox 1367 5716 1669 5789; x_wconf 88' lang='lat' dir='ltr'><strong>librarius,</strong></span> <span class='ocrx_word' id='word_1_857' title='bbox 1699 5718 1959 5779; x_wconf 85' lang='lat' dir='ltr'><strong>alienum</strong></span> <span class='ocrx_word' id='word_1_858' title='bbox 2072 5716 2351 5795; x_wconf 83' lang='lat' dir='ltr'><strong>fugerunt</strong></span> <span class='ocrx_word' id='word_1_859' title='bbox 2377 5721 2575 5777; x_wconf 85' lang='lat' dir='ltr'><strong>venati</strong></span> <span class='ocrx_word' id='word_1_860' title='bbox 2608 5737 3025 5795; x_wconf 85' lang='lat' dir='ltr'><strong>proponamus.</strong></span> <span class='ocrx_word' id='word_1_861' title='bbox 3059 5723 3191 5779; x_wconf 78' lang='grc' dir='ltr'>Χγι..</span> 
     </span>
    </p>
   </div>
  </div>
