4122 6404
241 354 355 414 357

1403 347 1771 410 HISTORIA
1784 347 1883 407 RU
1894 346 1946 407 Μ
1995 346 2152 408 COM
2167 346 2546 410 PENDIUM.

3573 355 3696 417 358

250 481 307 539 δῖε
353 482 405 537 ἐν
464 485 549 554 τῷ
596 482 841 537 κατιέναι
892 483 989 538 καὶ
1035 481 1099 538 τὸ
1154 479 1339 557 τάγμα
1385 485 1492 535 τῶν
1552 480 1919 553 Ἀρμενιακῶν

2042 485 2131 535 rat
2160 480 2337 547 enim,
2369 481 2417 535 si
2447 481 2555 538 hac
2586 483 2729 538 urbe
2770 483 3078 556 potiretur,
3110 502 3174 543 se
3215 487 3288 542 ad
3319 487 3545 546 incerta
3576 491 3692 547 for-

271 573 362 627 καὶ
412 592 541 626 ακον
596 569 1018 647 ὑπαγαγόμενος
1072 570 1317 632 καὶτοὺς
1362 574 1459 624 τοῦ
1505 568 1735 642 θέματος
1768 586 1929 639 κορυ-

273 661 481 739 φαίους,
540 659 636 722 οὓς
701 660 798 732 μὲν
849 659 1073 722 ἑκόντας
1127 658 1218 721 οὕς
1275 656 1333 713 δὲ
1386 655 1634 727 ἄκοντας,
1693 655 1784 711 καὶ
1827 656 1928 724 τήν

265 750 482 825 πορείαν
550 749 845 815 ἐπιτείνας,
913 748 1090 813 ἐλθὼν
1172 747 1385 803 ἐνοῦται
1468 750 1548 818 τῷ
1629 749 1920 818 Κομνηνῷ.

252 841 391 897 Τότε
438 837 533 894 οὖν
596 836 803 901 ἐκεῖνος
860 836 912 891 ἐν
940 840 1018 908 τῷ
1049 836 1282 913 ἀσφαλεῖ
1325 835 1393 890 τὰ
1445 837 1562 890 κατ’
1594 833 1754 889 αὐτὸν
1789 834 1921 888 εἶναι

247 928 508 1001 νομίσας,
573 929 659 1000 [Ρ.
732 928 859 1000 800]
938 925 1040 994 τὴν
1125 925 1222 997 μὲν
1268 929 1498 1001 γυναῖκα
1553 923 1643 979 καὶ
1695 922 1754 978 δν
1808 923 1924 998 εἶχε

256 1017 501 1073 πλοῦτον
562 1015 783 1088 Ἰωάννῃ
830 1019 910 1085 τῷ
962 1011 1285 1091 αύταδέλφῳ
1336 1010 1613 1089 παραδοὺς
1655 1012 1922 1084 ἐκπέμπει

258 1111 399 1182 πρῦς
438 1108 501 1161 τὸ
553 1104 816 1183 φρούριον
869 1106 969 1173 τήν
1018 1102 1378 1176 Πημόλισσαν
1407 1100 1601 1177 (πέτρα
1640 1098 1698 1156 δὲ
1726 1103 1761 1169 ἡ
1804 1107 1920 1170 Πη-

265 1197 502 1269 μόλισσα
544 1194 693 1271 παρὰ
736 1194 802 1248 τὸ
845 1192 1042 1268 χεῖλος
1090 1192 1317 1267 κειμένη
1368 1195 1467 1247 τοῦ
1509 1190 1718 1252 ’Ἅλυος
1750 1210 1921 1244 ποτα-

262 1291 416 1359 μοῦ),
470 1284 632 1344 αὐτὸς
677 1281 737 1337 δὲ
781 1282 914 1357 ἄρας
964 1282 1101 1355 μετὰ
1146 1281 1346 1345 παντὸς
1399 1284 1496 1335 τοῦ
1518 1284 1782 1355 στρατοῦ,
1832 1279 1922 1333 καὶ

252 1377 347 1430 τὸν
376 1375 681 1451 Σαγγάριον
733 1371 1060 1446 περαιωθεὶς
1106 1370 1383 1445 ποταμὸν,
1419 1371 1705 1446 ἀπήρχετο
1738 1367 1921 1445 σχολῇ

248 1465 337 1518 καί
400 1460 580 1537 βάδην
639 1461 777 1537 πρὸς
835 1459 1082 1531 Νίκαιαν,
1116 1458 1456 1532 ὑμνούμενός
1512 1478 1573 1513 τε
1624 1457 1715 1513 καὶ
1770 1458 1920 1511 ἀνευ-

248 1552 619 1630 φημούμενος
649 1569 662 1582 ·
724 1549 950 1625 ἐγνώκει
1013 1550 1116 1625 γὰρ
1172 1548 1375 1617 ταύτην
1435 1545 1920 1619 παραστησάμενος

2041 574 2197 625 tunae
2228 585 2298 625 ea
2324 586 2426 641 pro
2457 572 2825 643 receptaculo
2856 573 2939 628 uti
2972 590 3143 645 posse
3169 600 3183 639 ς
3214 581 3270 631 et
3301 584 3532 652 tempus
3559 597 3695 636 cou-

2041 658 2284 713 cedebat
2320 660 2674 715 exercitibus
2724 678 2789 716 ac
2833 662 3083 717 ducibus
3132 664 3467 736 imperatori
3501 670 3695 725 adhuc

2034 745 2209 801 ﬁdem
2258 748 2631 804 servantibus
2661 765 2727 804 ea
2758 751 2902 807 urbe
2944 753 3282 809 excedendi.
3335 756 3562 812 Etenim
3597 775 3695 814 co-

2031 835 2192 906 gnito
2238 837 2489 892 adventu
2549 838 2847 907 Comneni,
2909 840 3013 912 qui
3071 841 3271 897 Nicaeae
3328 846 3480 902 627
3530 852 3699 904 erant

2033 925 2212 979 duces
2245 930 2416 994 atque
2467 926 2705 994 milites,
2764 929 2906 984 urbe
2939 929 3160 1000 relicta,
3216 932 3434 991 milites
3477 936 3693 1009 dilapsi

2033 1013 2274 1069 domum
2306 1016 2575 1085 quisquis
2606 1032 2775 1071 suam
2810 1034 2872 1072 se
2904 1025 3269 1089 receperunt,
3296 1023 3366 1078 do
3391 1026 3692 1092 uxoribus,

2033 1103 2240 1158 liberis
2270 1104 2522 1176 aliisque
2567 1106 2940 1162 charissimis
2990 1110 3166 1164 rebus
3197 1111 3433 1168 solliciti
3468 1130 3481 1168 :
3515 1116 3695 1172 duces

2032 1193 2104 1247 ad
2141 1192 2555 1264 imperatorem
2591 1195 3019 1262 discesserunt,
3073 1201 3342 1255 nuntium
3378 1201 3429 1257 ei
3484 1205 3556 1259 de
3589 1206 3694 1259 ad-

2032 1286 2205 1336 ventu
2274 1283 2555 1338 Comneni
2624 1285 2958 1341 atterentes.
3019 1286 3086 1341 Ηι
3146 1295 3315 1344 erant
3371 1292 3696 1365 Lychantes

2032 1369 2402 1426 orientalium
2435 1373 2555 1427 dux
2597 1374 2927 1444 copiarum,
2955 1375 3428 1450 Theophylactus
3471 1382 3694 1438 Mauia-

2032 1476 2128 1515 ces
2160 1465 2219 1515 et
2250 1460 2566 1533 Phyemius
2603 1463 2824 1533 Iberus,
2850 1463 3355 1523 Charsianitarum
3382 1470 3695 1544 phalangis

2034 1550 2235 1615 duces,
2271 1549 2558 1622 multique
2588 1551 2683 1606 alii
2718 1569 2831 1606 non
2865 1554 3182 1611 admodum
3217 1556 3498 1614 illustres.

251 1643 610 1715 ὁρμητήριον
641 1635 788 1713 ἔχειν
821 1638 957 1712 πρὸς
979 1638 1049 1693 τὰ
1075 1644 1174 1707 τῆς
1203 1637 1384 1712 τύχης
1412 1631 1699 1706 ἀϐούλητα
1722 1635 1812 1689 καὶ
1844 1634 2018 1697 οὕτως
2048 1634 2134 1690 ἐπὶ
2165 1638 2231 1690 τὰ
2261 1635 2450 1711 πρόσω
2480 1643 2707 1712 χωρεῖν.
2742 1635 2958 1694 Ἐδίδου
2982 1637 3040 1694 δὲ
3063 1641 3153 1696 καὶ
3182 1644 3368 1718 καιρὸν
3393 1645 3692 1722 ἀναχωρή-

257 1751 399 1791 σεως
429 1735 553 1791 τοῖς
584 1726 948 1803 στρατεύμασι
977 1727 1067 1782 καὶ
1097 1732 1216 1789 τοῖς
1248 1730 1576 1801 στρατηγοῖς
1607 1728 1725 1786 τοῖς
1756 1723 1873 1779 ὅσοι
1912 1724 2091 1779 πίστιν
2125 1723 2350 1799 ἐτήρουν
2381 1730 2460 1797 τῷ
2495 1724 2729 1800 βασιλεῖ.
2763 1728 2867 1783 Καὶ
2900 1728 3002 1803 γὰρ
3035 1726 3101 1799 δὴ
3124 1730 3216 1785 καὶ
3252 1733 3512 1805 μαθόντες
3542 1736 3696 1792 οὗτοι

254 1822 359 1888 τῂν
388 1819 531 1894 πρὸς
560 1816 791 1873 Νίκαιαν
820 1813 1033 1871 ἓλευσιν
1065 1815 1230 1871 αὐτοῦ
1263 1816 1557 1890 ὑπεχώρου
1588 1814 1773 1886 ἡρέμα
1802 1812 1891 1867 καὶ
1925 1810 2234 1880 διελύοντο,
2263 1815 2316 1868 οἱ
2364 1815 2458 1886 μὲν
2511 1821 2837 1890 στρατιῶται
2890 1815 3074 1872 ο⁹ίκαδε
3104 1817 3330 1883 ’ἕκαστος
3377 1821 3553 1878 ἀπιὼν
3607 1826 3696 1880 οἷα

257 1909 385 1982 περὶ
416 1904 680 1982 γυναικὸς
714 1905 805 1960 καὶ
836 1902 1045 1959 παίδων
1075 1903 1166 1959 καὶ
1195 1909 1303 1958 τῶν
1336 1901 1523 1959 ἄλλων
1557 1898 1750 1964 δεδιὼς
1783 1902 2242 1976 ἀναγκαιοτάτων
2274 1904 2325 1957 οἱ
2358 1901 2415 1958 δὲ
2439 1906 2737 1979 στρατηγοὶ
2768 1905 3009 1979 ἀπῄεσαν
3033 1908 3170 1984 πρὸς
3195 1908 3443 1984 βασιλέα,
3468 1910 3693 1989 ἄγγελοι

256 2005 363 2067 τῆς
394 1997 630 2074 ἀφίξεως
654 1999 754 2049 τοῦ
786 1998 1079 2067 Κομνηνοῦ
1106 1993 1288 2065 τούτῳ
1312 1992 1617 2077 γινόμενοι,
1667 1993 1835 2048 Ἦσαν
1883 1989 1943 2046 δὲ
1991 1992 2272 2062 Λυκάνθης
2322 2013 2380 2047 τε
2409 1994 2437 2047 6
2483 1998 2592 2047 τῶν
2627 1995 2998 2050 Ἀνατολικῶν
3030 1997 3320 2074 κατάρχων
3376 2003 3692 2077 ταγμάτων,

269 2086 650 2164 Θεοφύλακτος
685 2086 714 2140 6
745 2083 1029 2154 Μανιάκης
1058 2083 1148 2138 καὶ
1173 2084 1444 2156 ιινυὲμιος
1472 2083 1497 2136 ⁹ί
1527 2075 1690 2155 ’Ἰϐηρ
1717 2084 1817 2151 τῆς
1846 2080 2126 2158 φάλαγγος
2155 2087 2262 2136 τῶν
2297 2083 2669 2158 Χαρσιανιτῶν
2702 2084 3153 2158 ἡγεμονεύοντες,
3170 2089 3260 2142 καὶ
3289 2075 3466 2145 ἄλλοι.
3485 2090 3690 2148 πολλοὶ

273 2177 338 2229 οὗ
372 2175 495 2231 λίαν
524 2172 747 2250 ἔχοντες
776 2174 838 2228 τὸ
869 2172 1163 2245 ἐπίσημον.

347 2281 495 2352 Ἤδη
527 2280 582 2336 δὲ
609 2281 696 2336 καὶ
727 2282 757 2335 6
814 2278 1073 2357 βασιλεὺς
1111 2278 1445 2355 γνωσθείσης
1475 2281 1628 2353 αὐτῷ
1649 2286 1750 2349 τῆς
1782 2278 1922 2333 ἀπο-

2108 2284 2450 2347 Imperator,
2484 2284 2549 2334 ut
2577 2280 2649 2334 de
2675 2296 2744 2334 ea
2774 2281 3099 2337 defectione
3131 2285 3367 2340 rescivit
3393 2303 3460 2342 ac
3490 2293 3694 2346 contra

263 2372 500 2432 στισίας
533 2413 548 2438 ,
606 2371 685 2425 καὶ
744 2370 932 2434 ὅτιπερ
988 2371 1024 2438 ἡ
1081 2373 1225 2423 πᾶσα
1292 2369 1402 2441 ἑῴα
1452 2370 1733 2443 Ῥωμαϊκὴ
1795 2368 1921 2442 χεὶρ

259 2462 418 2529 πλὴν
481 2460 685 2534 ὀλιγων
749 2459 1028 2528 κεκίνηται
1083 2460 1201 2513 κατ’
1260 2457 1449 2530 αὐτοῦ,
1512 2454 1787 2531 πρέσϐεις.
1825 2458 1920 2529 μὲν

258 2549 389 2626 περί
446 2548 679 2623 εἰρήνης
727 2548 827 2603 οὐκ
856 2545 1148 2620 ἐδοκίμαζε
1202 2548 1462 2619 πέμπειν,
1519 2547 1699 2622 ἀρχὴν
1743 2544 1800 2601 δὲ
1822 2553 1922 2616 τῆς

265 2637 604 2698 ἀποστασίας
674 2634 753 2691 ἔτι
809 2636 1049 2712 ἐχούσης
1104 2636 1194 2690 καὶ
1245 2634 1560 2714 φλεγμονὴν
1617 2640 1725 2691 τῶν
1785 2655 1921 2701 πρα-

266 2728 493 2805 γμάτων
543 2724 910 2800 ηὗτρεπίζετο
969 2726 1062 2779 καὶ
1122 2724 1308 2794 αύτὸς,
1360 2724 1450 2780 καὶ
1509 2726 1647 2802 πρὸς
1700 2726 1925 2779 ἀντιπα-

264 2816 484 2886 ράταξιν
541 2816 636 2870 τὸν
691 2813 877 2869 ἐνόντα
931 2813 1133 2890 τρόπον
1190 2812 1494 2884 ὡπλίζετο.
1555 2812 1926 2872 Μεταστειλά-

266 2926 427 2979 μενος
454 2906 562 2981 γὰρ
609 2905 707 2965 τὰς
756 2901 974 2967 Suriaci:
1022 2904 1226 2965 ἁπάσας
1278 2900 1551 2976 δυνάμεις,
1600 2903 1692 2957 καὶ
1737 2904 1923 2979 ἄρχειν

259 2995 474 3051 τούτων
536 2993 647 3048 ἀπὸ
702 2998 814 3064 τῷν
872 2990 1193 3048 Μακεδόνων
1241 2991 1403 3063 τάξας
1457 2992 1585 3055 τοὺς
1635 2990 1695 3047 ἐκ
1740 2991 1929 3067 γένους

265 3083 535 3159 λαμπροῦ
629 3086 721 3137 καὶ
813 3080 875 3136 ἐκ
954 3082 1425 3158 προηγησαμένων
1519 3081 1925 3156 ἀριστευμάτων

266 3171 605 3246 εὐδοκίμους
661 3172 940 3243 φανέντας,
1000 3169 1273 3243 ἀξιώμασί
1331 3191 1390 3226 τε
1445 3169 1536 3226 καὶ
1597 3167 1799 3245 δώροις
1839 3170 1930 3224 καὶ

267 3261 565 3335 διανομαῖς
658 3262 965 3336 χρημάτων
1053 3260 1301 3338 ἀφθόνως
1385 3258 1930 3338 φιλοφρονησάμενος

267 3352 354 3406 καί
409 3351 547 3411 τοὺς
596 3349 886 3429 ⁹ἡγεμόνας
946 3348 1036 3403 καὶ
1092 3348 1220 3411 τοὺς
1251 3350 1607 3425 στρατιώτας,
1664 3348 1732 3403 τὸ.
1759 3369 1931 3424 παρα-

272 3440 482 3511 πλήσια
536 3437 597 3494 δὲ
650 3440 885 3508 ποιήσας
936 3438 1027 3493 καὶ
1085 3439 1220 3513 πρὸς
1265 3438 1334 3494 τὰ
1392 3438 1468 3511 μή
1528 3437 1935 3512 συναπτχθέντα

271 3529 381 3600 ἑῴα
427 3527 690 3603 τάγματα
742 3530 822 3598 τῷ
880 3528 1152 3599 Κομνηνῷ
1207 3525 1331 3595 ἤτοι
1388 3524 1514 3586 τοὺς
1581 3523 1935 3586 ἀνατολικοὺς

276 3618 365 3670 καὶ
391 3616 524 3677 τοὺς
575 3616 639 3669 ἐκ
685 3619 784 3669 τοῦ
816 3618 1148 3690 Χαρσιανοῦ,
1198 3614 1287 3669 καὶ
1336 3613 1638 3689 στρατηγὸν
1671 3612 1934 3688 αὐτοκρά-

280 3725 415 3759 τοςα
456 3705 542 3759 καὶ
572 3703 818 3780 ἄρχοντα
842 3704 992 3776 αύτῷ
1036 3698 1455 3778 προϐαλομενος
1483 3703 1576 3757 τὸν
1611 3700 1931 3775 δομέστικον

274 3800 377 3863 τῆς
412 3793 712 3863 Ἀνατολῆς
744 3790 1149 3865 Θεόδωρον,τὸν
1172 3800 1274 3863 τῆς
1303 3791 1628 3868 βασιλίσσης
1648 3789 1930 3865 Θεοδώρας

269 3882 562 3957 εὐνοῦχον,
614 3878 894 3955 παραδοὺς
947 3880 1094 3954 αύτῷ
1125 3881 1215 3936 καὶ
1248 3884 1590 3957 συνάρχοντα
1638 3879 1728 3935 καὶ
1789 3878 1932 3953 σύμ-

275 3966 509 4037 ϐουλον,
569 3971 645 4032 ὡς
674 3970 733 4025 ἃν
766 3969 821 4026 ἐν
881 3968 1120 4033 πολλοῖς
1151 3970 1488 4045 ἀγωνίσμασι
1517 3969 1765 4038 κατηθλη
1777 3968 1932 4042 μὲνον

282 4055 459 4134 ἄνδρα
511 4058 602 4113 καὶ
657 4056 888 4135 ἀδελφὸν
968 4060 1286 4134 ὑπάρχοντα
1356 4066 1455 4128 τῆς
1523 4058 1780 4135 γυναικὸς
1839 4062 1935 4112 τοῦ

286 4149 605 4218 Κομνηνοῦ,
675 4149 764 4203 τὸν
848 4149 1146 4224 μάγιστρον
1224 4148 1455 4222 Ἀαρὼν,
1529 4148 1621 4203 καὶ
1706 4146 1933 4215 Δούκαν,

2034 2385 2095 2424 se
2128 2368 2244 2423 fere
2273 2384 2477 2424 omnes
2511 2368 2911 2424 Romanorum
2946 2372 3148 2442 copias
3181 2378 3412 2430 coortas
3442 2378 3691 2446 audivit,

2031 2455 2257 2527 legatos
2289 2457 2359 2511 de
2408 2472 2546 2528 pace
2590 2457 2820 2512 mittere
2852 2457 3060 2525 noluit,
3095 2460 3264 2515 initio
3297 2479 3486 2518 rerum
3522 2481 3696 2521 nova-

2033 2563 2164 2601 rum
2198 2547 2392 2601 adhuc
2423 2545 2702 2601 omnibus
2733 2545 3142 2618 ﬂagrantibus.
3182 2554 3385 2622 Itaque
3417 2558 3482 2608 ut
3509 2571 3602 2610 res
3634 2556 3692 2611 in

2035 2635 2344 2708 praesentia
2376 2636 2658 2699 ferebant,
2691 2626 2821 2706 ipse
2859 2653 3093 2707 quoque
3142 2640 3213 2693 ad
3247 2639 3464 2697 bellum
3497 2660 3559 2698 se
3590 2662 3691 2716 pa-

2035 2727 2143 2778 rat.
2177 2727 2394 2778 Omnes
2425 2723 2818 2779 occidentales
2862 2725 3059 2795 copias
3091 2732 3309 2789 evocat,
3343 2730 3535 2801 iisque
3577 2736 3692 2788 Ma-

2035 2813 2285 2866 cedones
2312 2812 2492 2867 duces
2545 2813 2804 2883 praeficit,
2856 2827 3068 2884 genere
3099 2819 3156 2870 et
3203 2816 3379 2872 rebus
3410 2821 3592 2889 gestis
3626 2821 3692 2876 il-

2036 2899 2290 2967 lustres;
2325 2907 2383 2956 et
2426 2917 2556 2955 cum
2591 2903 2792 2969 duces,
2844 2907 2971 2957 tum
3007 2903 3223 2959 milites
3276 2906 3597 2964 honoribus
3628 2927 3693 2966 ac

2036 2986 2450 3059 largitionibus
2481 2997 2538 3045 et
2566 2991 2863 3063 congiario
2893 2993 3241 3049 demeretur.
3271 2996 3485 3053 Eodem
3520 3001 3694 3055 modo

2037 3081 2253 3132 tractat
2284 3078 2455 3133 etiam
2507 3079 2817 3134 orientales
2868 3081 3174 3153 exercitus,
3208 3085 3306 3156 qui
3341 3087 3411 3140 ad
3444 3089 3692 3143 Comne-

2039 3182 2182 3220 num
2217 3182 2329 3222 non
2373 3168 2724 3237 defecerant,
2758 3174 2816 3223 et
2845 3169 3236 3238 Charsianos;
3288 3174 3479 3246 iisque
3511 3177 3697 3248 impe-

2041 3259 2291 3311 ratorem
2329 3257 2563 3324 praeﬁcit
2596 3258 2984 3313 domesticum
3013 3259 3268 3316 Orientis
3299 3262 3699 3335 Theodorum,

2038 3344 2354 3399 Theodore:
2407 3347 2682 3415 Augusta
2730 3347 3093 3413 eunuchum,
3125 3349 3278 3406 628
3328 3352 3607 3421 adjuncto
3650 3357 3699 3411 ei

2042 3432 2265 3504 collega
2295 3450 2362 3488 ac
2388 3433 2723 3489 consiliario
2758 3439 2975 3488 Aarone
3007 3435 3167 3492 Duca
3196 3440 3499 3512 magistro,
3525 3445 3702 3501 fratre

2044 3523 2242 3578 uxoris
2272 3523 2573 3589 Comneni,
2598 3523 2719 3577 viro
2750 3522 2954 3578 multis
2977 3526 3397 3585 certaminibus
3419 3535 3699 3589 exercita-

2044 3617 2121 3667 to.
2152 3616 2264 3666 Hos
2285 3627 2420 3681 ergo
2451 3612 2598 3667 duos
2630 3628 2762 3667 cum
2798 3612 2981 3683 copiis
3006 3615 3181 3670 mittit
3217 3618 3498 3676 adversus
3529 3624 3703 3678 Com-

2046 3717 2288 3763 nenum,
2319 3701 2481 3770 iique
2506 3718 2540 3753 a
2577 3701 2915 3771 Cbrysopoli
2950 3704 3338 3778 trajecerunt]
3358 3714 3417 3763 et
3439 3709 3706 3766 Nicome—

2041 3791 2198 3845 diam
2231 3795 2536 3858 venerunt,
2582 3790 2720 3844 inde
2773 3790 2972 3845 missis
3017 3793 3115 3863 qui
3164 3794 3431 3867 Sangarii
3468 3807 3702 3870 pontem

2041 3879 2344 3946 deﬁciant,
2380 3895 2451 3933 ne
2485 3879 2654 3934 facile
2686 3881 2962 3935 accedere
2985 3888 3184 3951 posset
3213 3886 3569 3949 Comnenus,
3601 3892 3703 3945 sed

2041 3969 2292 4025 circuitu
2327 3967 2410 4022 uti
2462 3973 2700 4022 coactus
2747 3984 2859 4022 non
2915 3970 3165 4026 falleret.
3194 3972 3339 4028 Hinc
3371 3976 3442 4030 ad
3478 3977 3698 4050 Sopho-

2043 4074 2177 4113 nem
2213 4062 2468 4111 montem
2505 4057 2984 4127 progrediuntur,
3000 4074 3068 4113 ac
3098 4062 3307 4131 positis
3336 4063 3414 4118 ibi
3441 4066 3708 4123 munitis-

2045 4163 2160 4218 que
2191 4146 2401 4201 castris
2430 4145 2579 4200 bello
2606 4162 2666 4200 se
2700 4153 2928 4217 parant.

280 4235 554 4307 ἐκπέμπει
584 4236 719 4310 πρὸς
745 4236 1163 4312 ἀντιπαράταξιν
1190 4240 1279 4309 τῷ
1307 4239 1600 4309 Κομνηνῷ.
1634 4229 2026 4298 Ἀναλαϐόντες
2059 4232 2149 4289 οὖν
2183 4232 2331 4288 οὗτοι
2355 4233 2408 4287 οἳ
2439 4230 2535 4286 δύο
2558 4234 2654 4295 τὰς
2683 4232 3287 4309 εἱρημένας’δι›νάμεις,
3335 4242 3426 4296 καὶ
3475 4239 3565 4298 διὰ
3607 4248 3709 4315 τῆς

272 4325 658 4401 ἀντιπόρθμου
684 4329 755 4399 τῇ
783 4324 943 4380 πόλει
976 4324 1408 4400 Χρυσουπόλεως
1438 4326 1850 4400 περαιωθέντες,
1881 4322 2129 4393 ἀπῆλθον
2163 4321 2214 4376 ἐν
2251 4319 2610 4395 Νικομηδεία.
2646 4322 2854 4378 Ἐκεῖσέ
2881 4344 2939 4378 τε
2967 4325 3250 4400 γενόμενοι
3270 4328 3580 4404 πέμψαντες
3610 4355 3705 4389 κα-

269 4418 526 4491 θαιροῦσι
556 4414 659 4482 τὴν
690 4418 788 4468 τοῦ
821 4415 1152 4491 Σαγγάρεως
1181 4419 1433 4487 ποταμοῦ
1463 4416 1722 4492 γέφυραν,
1749 4414 1899 4476 ὅπως
1935 4414 2010 4486 μὴ
2044 4409 2270 4472 εὔκολος
2300 4411 2386 4481 ε’ἰη
2413 4414 2493 4482 τῷ
2536 4414 2806 4497 Κομνηνῷ
2850 4415 2885 4482 ἡ
2928 4413 3005 4475 είς
3054 4415 3250 4481 αὐτοὺς
3297 4416 3511 4497 ἔφοδος,
3563 4422 3710 4481 ἀλλὰ

280 4501 370 4557 διὰ
397 4499 665 4578 περιὸδου
710 4504 973 4579 γινομένη
1013 4505 1088 4577 μὴ
1123 4502 1387 4578 λανθάνῃ.
1421 4504 1655 4560 Ἐκεῖθεν
1684 4524 1744 4559 τε
1773 4501 2166 4563 ἀπαναστάντες
2198 4498 2436 4568 ἀνῆλθον
2468 4499 2545 4563 είς
2571 4500 2635 4555 τὸ
2666 4495 2793 4576 ὄρος
2821 4504 2914 4557 τὸν
2950 4503 3200 4583 Σόφωνα,
3251 4495 3467 4567 κάκεῖσε
3515 4532 3710 4589 τρατο-

278 4592 495 4649 πεδεὶαν
527 4594 835 4666 πηξάμενοι
869 4594 1074 4671 ὀχυρὰν
1107 4595 1175 4648 τὰ
1204 4593 1256 4656 ἐς
1284 4594 1376 4649 τὸν
1403 4593 1651 4668 πόλεμον
1678 4593 2026 4670 ἐξηρτύοντο.

352 4698 450 4754 Καὶ
481 4700 512 4753 6
564 4699 852 4772 Κομνηνὸς
914 4696 972 4754 δὲ
1024 4698 1343 4775 ἁπανταχοῦ
1375 4699 1613 4772 σκοποὺς
1644 4697 1937 4773 ἐκπέμπων

283 4789 365 4841 διαέ
416 4794 793 4861 κατοπτῆρας,
848 4790 933 4862 [Ρ.
965 4790 1092 4862 801]
1151 4786 1288 4843 ὥστε
1339 4786 1507 4862 μηδὲν
1574 4792 1682 4844 τῶν
1716 4789 1938 4863 γινομέ-

276 4899 380 4930 νων
412 4876 751 4951 ἀγνοηθῆναι
792 4876 960 4944 αύτῷ,
1010 4876 1230 4953 ἐπείπερ
1279 4871 1444 4951 ἔμαθε
1489 4879 1585 4939 τάς
1636 4877 1939 4953 ἀκρωρείας

270 4971 369 5021 τοῦ
434 4967 699 5040 Σόφωνος
744 4962 854 5037 ἤδη
911 4971 1204 5042 κατασχεῖν
1254 4967 1383 5029 τοὺς
1412 4968 1537 5042 περὶ
1566 4968 1657 5021 τὸν
1686 4964 1938 5040 δομὲστι-

266 5077 388 5125 κον,
467 5056 562 5110 καὶ
637 5055 797 5117 αὐτὸς
879 5058 1272 5131 ταχυπορήσας
1354 5051 1761 5130 καταλαμϐάνει
1837 5057 1937 5125 τὴν

2122 4699 2458 4754 Comnenus
2507 4701 2726 4768 autem,
2761 4700 2861 4771 qui
2915 4700 2974 4755 in
3008 4718 3216 4760 omnes
3264 4710 3460 4778 partes
3500 4708 3710 4764 dimis-

2051 4788 2133 4845 sis
2164 4786 2634 4859 exploratoribus
2683 4786 2829 4842 nihil
2861 4805 3060 4846 eorum
3114 4809 3245 4864 quae
3293 4795 3707 4867 ﬁebantigno-

2048 4879 2239 4946 rabat,
2289 4892 2421 4930 cum
2476 4876 2914 4932 renuntiaretur
2962 4880 3354 4938 domesticum
3404 4902 3536 4941 cum
3583 4887 3710 4944 suis

2042 4968 2167 5039 jam
2201 4964 2428 5019 radices
2477 4964 2771 5036 Sophonis
2824 4983 3165 5039 occupasse,
3216 4972 3480 5030 celeriter
3532 4976 3714 5047 profe-

2052 5061 2184 5113 ctus
2228 5054 2481 5109 Nicaeam
2534 5053 2725 5124 primo
2757 5055 2918 5111 aditu
2970 5065 3238 5132 occupat,
3290 5061 3490 5135 ibique
3535 5065 3711 5137 depo-

274 5144 524 5200 Νίκαιαν,
585 5145 683 5200 Καὶ
731 5145 937 5216 ταύτης
986 5144 1037 5216 ἐξ
1087 5141 1284 5225 ἐφόδου
1313 5145 1500 5222 κύριος
1537 5146 1795 5222 γεγονὼς,
1851 5145 1929 5200 καί

2054 5144 2186 5201 sitis
2217 5142 2429 5215 opibus
2473 5143 2602 5197 suis
2652 5148 2829 5215 atque
2878 5148 3196 5218 superfluis
3246 5134 3711 5224 impedimentis,

273 5234 482 5311 ὅσαπερ
534 5236 649 5313 εἶχε
687 5237 956 5311 χρήματα
1012 5233 1062 5289 ἐν
1115 5234 1251 5310 αὐτῇ
1303 5235 1526 5300 ἀποθεὶς
1580 5235 1669 5290 καὶ
1726 5236 1792 5289 τὰ
1848 5255 1942 5289 πε·

276 5325 436 5400 ριττά
476 5328 575 5395 τῆς
612 5326 952 5394 ἀποσκευῆς,
1002 5324 1093 5379 καὶ
1147 5324 1606 5403 ἀσφαλισάμενος,
1675 5326 1942 5402 πήγνυται

276 5410 642 5489 παρεμϐολήν
720 5414 865 5472 κατὰ
927 5413 991 5468 τὸ
1050 5414 1293 5489 ἀρκτῷον
1358 5414 1518 5491 μέρος
1577 5421 1677 5484 τῆς
1727 5414 1943 5477 πόλεῶς

277 5505 522 5570 Νικαίας.
584 5507 719 5563 ὅσον
787 5503 898 5559 ἀπό
958 5502 1188 5559 σταδίων
1220 5501 1453 5577 δώδεκα,
1483 5505 1699 5560 κάκεῖσε
1727 5502 1945 5573 αὐλίζε-

276 5614 378 5654 ται,
439 5596 845 5676 Ἐξερχόμενοι
907 5590 1001 5645 οὗν
1057 5590 1146 5668 ἀφ’
1200 5594 1466 5671 ἐκατερων
1519 5597 1628 5648 τῶν
1652 5593 1944 5670 στρατοπέ-

276 5680 375 5742 δων
421 5687 509 5744 ἐπέ
536 5680 933 5766 χορτολογίαν
983 5677 1034 5734 ο⁰ί
1083 5702 1141 5737 τε
1167 5687 1264 5738 τοῦ
1298 5685 1589 5758 Κομνηνοῢ
1620 5686 1946 5758 στρατιῶται

2054 5236 2200 5291 urbe
2242 5251 2305 5288 ea
2355 5233 2628 5306 praesidio
2681 5237 2932 5307 munita,
2969 5247 3163 5297 castra
3213 5247 3471 5300 metatus
3522 5251 3611 5301 est
3644 5248 3713 5302 ad

2053 5321 2577 5397 septentrionalem
2630 5323 2832 5380 Nicaeae
2881 5333 3128 5400 partem,
3183 5331 3249 5386 12
3299 5333 3416 5389 fere
3465 5335 3538 5390 ab
3572 5336 3715 5393 urbe

2055 5412 2283 5471 stadiis.
2333 5412 2480 5467 Cum
2526 5413 2599 5467 ab
2654 5419 2907 5488 utraque
2958 5424 3121 5489 parte
3153 5422 3371 5478 milites
3421 5441 3451 5478 e
3501 5426 3716 5483 castris

2055 5500 2403 5576 pabulatum
2438 5502 2867 5572 processissent
2897 5505 3190 5580 alterique
3223 5511 3281 5566 in
3314 5512 3534 5570 alteros
3566 5513 3716 5570 inci-

2056 5593 2303 5659 dissent,
2339 5595 2404 5644 ut
2431 5594 2600 5645 erant
2645 5593 2893 5662 gentiles
2944 5600 3176 5669 cognati
3229 5602 3521 5675 amicique
3563 5602 3719 5659 inter

2056 5698 2139 5746 se,
2198 5679 2418 5735 hortati
2468 5683 2610 5734 sunt
2674 5680 3032 5754 imperatorii
3100 5691 3447 5749 Comnenios
3513 5694 3579 5747 ut
3636 5693 3710 5746 ad
