4122 6386
355 343 472 404 359

1704 344 2021 405 GEORGII
2069 342 2408 405 CEDRENI

3660 347 3782 406 360

354 476 507 532 οπο
540 475 951 546 imperatorem
998 491 1030 529 a
1079 474 1375 530 Comneno
1408 474 1724 531 deficerent
1756 481 1997 547 tyranno

2115 473 2203 528 καὶ
2240 474 2291 528 o't
2319 478 2417 528 τοῦ
2448 474 2726 529 ἀντιθέτου
2779 474 3003 549 μέρους,
3037 475 3127 528 καὶ
3160 471 3449 545 ἀλλήλους
3480 473 3776 549 ἐπιμιγνύ-

353 582 419 621 ac
452 562 766 636 perduelle,
800 579 983 634 neque
1014 563 1088 618 ob
1122 563 1296 618 unius
1329 563 1589 618 hominis
1620 563 2003 637 cupiditatem

352 671 420 711 eo
451 672 512 710 se
543 655 752 709 darent
782 652 878 708 ubi
913 653 1085 724 paulo
1132 658 1262 723 post
1310 652 1667 708 exauctorati
1700 670 1766 708 ac
1817 655 2004 709 fortu-

355 744 447 799 nis
476 743 682 809 eversi,
716 741 891 796 etiam
924 742 995 795 de
1027 740 1367 796 emittendis
1398 742 1583 797 oculis
1614 747 1812 797 essent
1855 741 2004 814 peri-

352 832 629 889 clitaturi.
663 836 875 886 Contra
896 830 1216 886 Commenii
1255 831 1652 901 imperatoriis
1680 832 2005 887 suadebant

352 928 419 979 ut
459 923 530 978 ab
561 938 628 977 eo
674 922 771 993 qui
824 937 1037 975 nomen
1089 920 1279 975 solum
1333 921 1706 991 imperatoris
1753 924 2002 993 gereret,

348 1012 525 1068 homo
558 1010 780 1082 alioqui
812 1010 1052 1081 putidus
1084 1015 1137 1065 et
1171 1009 1392 1066 delirus
1416 1026 1593 1065 senex
1624 1017 1801 1082 atque
1832 1010 2006 1064 inuti»

345 1102 439 1168 lia,
475 1106 533 1157 et
563 1100 663 1172 qui
715 1117 749 1154 a
797 1099 1162 1173 spadonibus
1214 1103 1534 1171 regeretur,
1581 1099 1901 1154 transirent
1931 1099 2001 1154 ad

346 1190 736 1254 Comnenum,
768 1189 955 1243 virum
993 1187 1141 1242 bello
1173 1187 1396 1243 clarum
1433 1195 1489 1243 ct
1529 1187 1707 1257 gestis
1741 1186 2003 1258 imperiis

345 1279 674 1343 illustrem;
726 1278 801 1332 ob
849 1293 977 1348 quae
1036 1277 1309 1332 universa
1358 1276 1751 1332 Romanorum
1801 1277 1887 1331 vis
1944 1277 2001 1331 in

343 1368 565 1440 ipsum,
596 1366 775 1422 veluti
808 1383 840 1421 a
871 1366 1088 1421 circulo
1134 1368 1203 1421 ad
1262 1383 1443 1421 unum
1483 1372 1765 1437 punctum
1799 1383 2001 1421 omnes

341 1456 513 1513 linem
546 1456 808 1511 unanimi
845 1454 1214 1511 etconstanti
1239 1455 1535 1511 voluntate
1558 1455 2000 1512 conﬂuxissent.

346 1547 546 1602 Neutri
595 1550 792 1601 tamen
843 1544 1059 1600 alteros
1110 1550 1539 1615 permoverunt.
1590 1548 1777 1616 Atque
1827 1546 2004 1600 ﬁebat

346 1635 459 1692 hoc
483 1636 680 1691 dedita
704 1651 881 1706 opera
913 1633 1188 1705 utrinque
1218 1635 1467 1690 ducibus
1499 1651 1598 1690 eos
1633 1634 2003 1689 mittentibus

344 1726 446 1798 qui
474 1725 545 1781 ad
592 1724 733 1780 talia
780 1722 1073 1795 colloquia
1122 1725 1428 1779 tractanda
1475 1729 1643 1780 erant
1690 1724 1903 1793 idonei,
1939 1728 2004 1779 ut

2118 584 2271 636 μενοι
2320 564 2408 618 οἷα
2459 561 2739 641 ὁμόφυλοι
2784 563 2874 617 καὶ
2934 568 3207 639 συγγενεῖς
3262 564 3351 617 καὶ
3397 562 3574 640 φίλοι,
3636 584 3775 637 προ-

2115 652 2403 728 ετρέποντι
2434 650 2744 724 ἀλλήλους,
2777 653 2829 705 o't
2865 652 2959 726 μὶν
3001 653 3067 707 τά
3129 650 3399 728 βασιλέως
3450 657 3775 728 φρονοῦντες

2112 742 2207 797 τὸν
2265 743 2547 815 Κομνηνὸν
2611 740 2929 797 καταλιπεῖν
2991 740 3453 817 παρακαλοῦντες,
3508 741 3771 815 τύραννον

2114 827 2282 905 ἄνδρα
2311 832 2399 885 καὶ
2449 830 2783 902 ἀποστάτην,
2832 830 2921 886 καὶ
2950 835 3032 903 τῷ
3077 829 3298 906 βασιλεῖ
3344 837 3772 906 προσχωρῆσαι,

2114 920 2199 974 καὶ
2240 920 2314 993 μή
2375 917 2445 975 δι’
2487 919 2777 991 ἐπιθυμίαν
2816 919 2905 974 καὶ
2954 914 3127 995 ὄρεξιν
3171 920 3288 981 ἑνὸς
3323 917 3515 993 ἀνδρὸς
3577 917 3628 981 ές
3676 940 3768 973 το-

2113 1012 2304 1063 σοῦτον
2350 1006 2591 1063 κίνδυνον
2636 1007 2813 1072 ἐλθεῖν
2873 1008 3011 1063 ὥστε
3063 1009 3196 1081 μετά
3248 1009 3441 1084 μικρὸν
3480 1008 3554 1081 μὴ
3603 1007 3769 1080 μόνον

2112 1092 2379 1152 ἔκπτωσιν
2430 1103 2684 1171 στρατιᾶς
2735 1098 2823 1152 καὶ
2882 1098 3196 1173 περιουσίας
3250 1098 3569 1167 ὑποστῆναι,
3623 1095 3771 1153 ἀλλά

2112 1187 2201 1242 καὶ
2263 1187 2395 1242 αὐτὸ
2443 1188 2505 1241 τὸ
2547 1185 2882 1262 γλυκύτατον
2938 1182 3240 1241 ἀποϐαλεῖν
3270 1184 3610 1241 κινδυνεῦσαι
3659 1191 3767 1240 τῶν

2113 1275 2379 1349 ὀμμάτων
2432 1277 2647 1354 φέγγος,
2707 1274 2925 1331 ἐκείνων
2974 1273 3032 1330 δὲ
3078 1273 3245 1331 πάλιν
3275 1274 3595 1331 καταλιπεῖν
3630 1296 3769 1351 παρ-

2111 1364 2405 1419 αινούντων
2462 1364 2554 1419 τὸν
2615 1363 2862 1440 βασιλέα,
2914 1359 3091 1438 ὄνομα
3147 1363 3312 1438 μόνον
3360 1362 3559 1440 ἔχοντα
3618 1365 3769 1441 βασι-

2113 1451 2275 1523 λέως,
2334 1451 2516 1509 τᾶλλα
2569 1450 2736 1529 ἄνδρα
2766 1453 2968 1527 σαπρὸν
3029 1453 3118 1508 καὶ
3151 1452 3489 1529 κρονόληρον
3521 1456 3633 1527 (51)
3673 1454 3767 1508 καὶ

2110 1543 2357 1619 ἀχρεῖον,
2422 1543 2525 1598 ὑπὸ
2579 1542 2858 1618 εὐνούχων
2916 1542 3250 1618 ἀρχόμενον,
3300 1542 3389 1598 καὶ
3422 1549 3764 1618 προσρυῆναι

2108 1637 2190 1705 τῷ
2240 1635 2537 1706 Κομνηνῷ,
2571 1631 2724 1708 ἀνδρὶ
2773 1633 2909 1687 κατά
2960 1638 3123 1708 χεῖρα
3149 1631 3379 1708 γενναίῳ
3402 1632 3493 1687 καὶ
3524 1630 3769 1708 λαμπρῷ

2109 1722 2200 1776 καὶ
2260 1720 2504 1800 διαφανεῖ
2557 1726 2674 1784 τοῖς
2734 1722 3220 1796 προηγησαμένοις
3289 1722 3767 1795 στρατηγήμασιν,

342 1814 604 1871 oratione
654 1813 724 1869 ad
777 1829 839 1868 se
883 1812 1097 1869 alteros
1147 1813 1527 1868 attraherent.
1577 1813 1841 1869 Tentatis
1900 1812 1996 1867 alii

2111 1811 2192 1889 ἐφ’
2245 1811 2290 1884 ᾧ
2348 1816 2492 1865 πᾶσα
2534 1813 2568 1881 ἡ
2611 1814 2719 1865 τῶν
2749 1810 3032 1883 Ῥωμαίων
3068 1809 3227 1886 ἰσχὺς
3260 1810 3439 1884 ὥσπερ
3472 1809 3532 1866 ἐκ
3560 1809 3767 1866 κύκλου

343 1903 607 1978 quandiu
659 1902 938 1974 utrinque
985 1901 1223 1967 animis,
1258 1907 1315 1957 et
1348 1902 1579 1958 nemine
1623 1902 1995 1966 assentiente,

344 1994 682 2050 Gomnenus
711 1991 945 2047 interim
970 2008 1108 2047 suos
1132 2008 1305 2063 quam
1334 1991 1676 2063 parcissime
1707 1991 1997 2063 lignatum

341 2080 807 2154 pabulatumque
836 2081 921 2135 ire
943 2080 1331 2152 jubet,neque
1361 2080 1616 2153 procula
1638 2080 1848 2136 castris
1879 2079 1997 2135 dis-

341 2172 565 2227 cedere.
621 2169 739 2225 Hoc
788 2169 1149 2225 domesticus
1207 2175 1265 2224 et
1321 2169 1609 2241 pracipue
1657 2170 2001 2225 Macedones

341 2278 457 2334 prae
494 2264 650 2315 metu
702 2258 823 2315 fieri
873 2258 1097 2330 opinati
1152 2258 1349 2330 praelio
1396 2259 1828 2315 decernendum
1874 2264 1998 2314 sta-

340 2347 771 2415 tuunt.0uibus
800 2364 933 2403 cum
961 2347 1164 2418 reliqui
1187 2348 1276 2403 vel
1311 2348 1473 2403 inviti
1504 2349 1997 2421 obtemperarent,

340 2444 536 2496 castra
559 2436 921 2507 imperatorii
955 2439 1319 2491 transierunt
1349 2438 1419 2492 ad
1456 2437 1746 2501 Petroam,
1780 2437 1878 2509 qui
1913 2437 1996 2492 lo-

340 2545 445 2584 cus
477 2548 508 2581 a
537 2527 692 2582 680
723 2525 931 2581 castris
965 2526 1221 2581 hostium
1272 2526 1475 2581 aberat
1507 2527 1573 2581 15
1619 2528 1736 2582 tere
1767 2525 1995 2582 stadiis.

340 2617 484 2674 Cum
518 2615 745 2671 adversi
778 2616 1068 2670 exercitus
1101 2616 1183 2669 ita
1229 2614 1288 2669 in
1336 2614 1666 2686 propinquo
1714 2622 1912 2670 essent
1943 2621 1999 2669 et

342 2723 375 2762 a
404 2705 655 2760 ducibus
685 2703 987 2776 pugnandi
1024 2702 1356 2759 facultatem
1393 2708 1718 2775 poscerent,
1750 2705 1996 2760 Comne-

342 2811 456 2850 nus
495 2794 619 2850 suis
667 2793 998 2864 obsequens
1045 2791 1244 2847 educit
1287 2792 1593 2862 aciemque
1641 2792 1907 2855 instruit,
1939 2797 1997 2846 et

343 2883 584 2939 sinistro
617 2880 821 2936 cornui
852 2880 1230 2943 Ambustum.
1281 2880 1482 2935 dextro
1515 2881 1843 2936 Romanum
1873 2881 1987 2936 Du-

342 2989 473 3028 rum
509 2971 769 3043 przeficit,
800 2969 928 3041 ipse
953 2970 1210 3025 medium
1242 2974 1439 3025 tuens.
1470 2971 1836 3025 Uomesticus
1858 2987 1996 3042 quu-

340 3077 455 3133 que
503 3065 562 3116 et
607 3062 796 3115 Aaron
847 3060 1002 3131 passi
1056 3065 1196 3113 sunt
1247 3058 1587 3129 persuaderi
1636 3059 1748 3114 sibi
1801 3064 1863 3113 ut
1921 3059 1992 3114 ad

340 3166 601 3223 pugnam
645 3148 946 3219 prodirent
995 3148 1297 3219 aciemque
1346 3147 1486 3203 aciei
1523 3148 1778 3203 hostium
1813 3164 1991 3219 oppo-

336 3216 563 3295 nervent.
624 3216 900 3293 ljsxtrum
962 3253 1145 3291 cornu
1196 3216 1381 3291 tenuit
1431 3236 1683 3293 Basilius
1732 3216 1991 3293 Tracba-
2022 3216 2064 3282 Ο

339 3329 519 3395 niota,
554 3326 884 3383 Occidentis
916 3332 1040 3380 tum
1067 3328 1291 3393 ductor,
1318 3325 1705 3397 omniumque
1736 3326 1995 3382 Macedo-

339 3434 481 3472 num
515 3432 745 3489 genere,
778 3416 1088 3487 prudentia
1115 3432 1181 3470 ac
1202 3416 1409 3486 peritia
1439 3413 1994 3483 excellentissimus,

338 3506 805 3576 auctoritateque
838 3510 1086 3575 primus.
1141 3504 1460 3559 Sinstrum
1501 3504 1712 3559 Aaroni
1748 3504 1996 3559 manda-

338 3600 465 3651 tum
502 3595 634 3660 fuit,
682 3593 935 3649 ducibus
988 3591 1286 3665 Lycantha
1337 3593 1611 3666 Pnyemio
1641 3599 1699 3648 et
1731 3593 1992 3649 Randul-

342 3685 459 3757 pho
496 3683 738 3757 patricio
770 3683 1009 3738 Franco.
1055 3681 1449 3737 Commissum
1501 3686 1591 3737 est
1637 3682 1900 3753 praelium
1935 3683 1993 3739 in

341 3772 469 3829 loco
500 3773 600 3845 qui
638 3773 802 3839 Ades,
831 3772 889 3826 id
939 3776 1029 3826 est
1057 3788 1251 3841 orcus,
1286 3772 1626 3826 nominatur
1655 3773 1728 3827 ab
1763 3772 1992 3827 incolis.

344 3865 425 3919 Ibi
461 3867 649 3918 Aaron
681 3862 953 3916 dextrum
989 3878 1166 3915 cornu
1202 3859 1460 3915 hostium
1497 3860 1678 3932 pellit,
1713 3862 1996 3933 fusosque

341 3953 408 4007 ad
445 3957 638 4008 castra
670 3968 859 4021 usque
892 3950 1286 4021 persequitur,
1318 3955 1488 4019 capto
1522 3949 1783 4005 Romano
1814 3949 1991 4006 Duro.

340 4042 501 4107 Quod
539 4039 652 4095 nisi
682 4056 818 4094 eum
852 4038 1035 4093 nimia
1076 4038 1269 4093 cautio
1319 4054 1353 4092 a
1401 4037 1751 4108 diripiendis
1784 4039 1995 4093 castris

342 4129 599 4185 hostium
633 4126 1040 4197 abstinuisset,
1075 4127 1279 4197 utique
1303 4126 1530 4197 integra
1564 4126 1770 4182 fuisset
1802 4127 1997 4199 potius

339 4219 604 4285 victoria,
655 4218 778 4288 jam
839 4216 1136 4271 Comnerio
1186 4216 1362 4271 etiam
1417 4232 1703 4271 concusso
1753 4223 1810 4270 et
1860 4217 1998 4287 fuga

341 4308 585 4363 Nicaeam
624 4312 819 4377 petere
859 4304 1170 4376 cogitante.
1226 4309 1296 4357 At
1343 4304 1670 4359 Ambustus
1720 4304 1863 4359 tusis
1895 4304 1995 4375 qui

339 4396 447 4468 ipsi
481 4393 941 4465 erantoppositi,
962 4396 1033 4447 ab
1056 4393 1417 4464 insequendo
1444 4393 1590 4448 68]
1623 4410 1992 4463 nequaquam

337 4485 586 4554 destitit,
620 4484 717 4539 sed
754 4484 821 4537 ad
856 4488 1049 4538 castra
1102 4481 1338 4537 hostilia
1388 4499 1576 4553 usque
1606 4482 1835 4538 delatus
1869 4500 1996 4554 per-

2104 1898 2358 1975 γραμμαὶ
2415 1900 2551 1972 πρὸς
2610 1900 2772 1953 αὐτὸν
2823 1898 2897 1961 ὡς
2955 1898 3030 1961 εἷς
3085 1920 3137 1953 τι
3199 1904 3429 1970 σημεῖον
3457 1898 3766 1955 νενεύκασιν

2107 1987 2158 2044 ἐν
2221 1986 2322 2061 ἴσῳ
2368 1988 2458 2043 καὶ
2517 1985 2929 2061 ἀπαραλλάκτῳ
2995 1985 3334 2063 βουλήματι.
3395 1987 3570 2045 Ἀλλά
3596 1991 3769 2044 ταῦτα

2107 2076 2361 2150 λέγοντες
2411 2076 2514 2132 οὐκ
2587 2074 2798 2140 ἔπειθον
2850 2073 3158 2146 ἀλλήλους.
3216 2080 3387 2131 Τοῦτο
3446 2073 3505 2132 δὲ
3564 2076 3768 2154 ἐγίνετο

2107 2163 2442 2238 ἐξεπίτηδες,
2496 2169 2603 2220 τῶν
2653 2166 2916 2241 ἀρχηγῶν
2977 2164 3243 2240 ἑκατέρων
3285 2169 3391 2219 τῶν
3427 2167 3765 2242 στρατευμά-

2103 2278 2215 2313 των
2273 2250 2596 2328 πεμπόντων
2646 2255 2792 2317 me;
2840 2258 2946 2308 τῶν
3003 2251 3329 2325 ἐπιτηδείων
3392 2255 3467 2317 εἰς
3500 2255 3562 2310 τὸ
3621 2276 3767 2333 προ-

2108 2344 2450 2421 διαλέγεσθαι
2500 2351 2617 2408 τοῖς
2669 2349 2767 2401 τοῦ
2816 2344 3117 2401 ἀντιπάλου
3171 2344 3572 2422 στρατεύματος
3603 2366 3768 2419 στρα-

2103 2434 2329 2499 τιώταις
2351 2434 2441 2489 καὶ
2491 2433 2722 2498 καθόσον
2776 2433 2888 2489 οἶον
2943 2454 3001 2489 τε
3054 2433 3182 2495 τοὺς
3214 2432 3574 2507 πειθομένους
3605 2432 3770 2513 ἐφέλ-

2104 2535 2309 2588 κεσθαι.
2342 2524 2431 2585 Ὠς
2457 2520 2515 2578 δὲ
2539 2523 2627 2578 ἐπὶ
2658 2523 2856 2599 χρόνον
2886 2523 3005 2578 τινά
3033 2524 3133 2591 τὴν
3163 2520 3444 2598 διάπειραν
3479 2520 3771 2579 ἐποιοῦντο

2105 2614 2193 2669 καὶ
2252 2610 2432 2674 οὐδεὶς
2488 2618 2756 2688 προσεῖχε
2810 2617 2928 2673 τοῖς
2978 2609 3299 2687 λεγομένοις
3332 2612 3420 2666 τὸν
3447 2616 3601 2680 νοῦν,
3631 2614 3774 2686 μετά

2104 2701 2366 2772 πλείστης
2402 2700 2460 2756 δὲ
2506 2697 2724 2780 φειδοῦς
2772 2699 2863 2755 καὶ
2891 2701 2919 2755 ὁ
2961 2701 3242 2773 Κομνηνὸς
3289 2700 3383 2762 τάς
3413 2697 3623 2771 ξυλείας
3672 2701 3769 2756 καὶ

2103 2792 2200 2855 τάς
2244 2788 2615 2866 χορτολογίας
2665 2795 2939 2853 ποιεῖσθαι
2989 2787 3279 2866 παρηγγύα
3320 2789 3410 2844 καὶ
3460 2789 3536 2863 μή
3570 2788 3770 2865 ποῤῥω

2101 2887 2201 2950 τῆς
2253 2876 2667 2956 στρατοπεδείας
2720 2877 3064 2954 ἀφίστασθαι,
3111 2879 3235 2932 τότε
3283 2876 3351 2948 δὴ
3401 2879 3454 2933 οἱ
3492 2880 3614 2955 περὶ
3666 2880 3766 2935 τὸν

2104 2967 2458 3043 δομέστικον,
2519 2969 2608 3024 καὶ
2672 2966 2886 3043 μᾶλλον
2943 2969 2995 3022 οἱ
3048 2964 3382 3036 Μακεδόνες,
3442 2967 3767 3024 ὑπόπτωσιν

2101 3060 2190 3115 καὶ
2248 3056 2452 3115 δειλίαν
2512 3059 2645 3113 εἶναι
2707 3058 2807 3126 τὴν
2842 3055 3155 3126 ὑποστολήν
3195 3056 3465 3128 οἰηθέντες
3498 3056 3763 3130 πολεμη-

2100 3150 2218 3205 τέον
2303 3148 2435 3204 εἶναι
2510 3145 2753 3202 ἐδόκουν.
2833 3147 2921 3209 Οἷς
2995 3146 3085 3202 καὶ
3164 3144 3381 3209 ἄκοντες
3449 3146 3763 3211 πεισθέντες

2105 3235 2618 3313 στρατοπεδεύονται
2670 3234 2805 3291 κατά
2867 3235 2960 3290 τὸν
3012 3235 3311 3309 λεγόμενον
3371 3235 3635 3312 Πετρόην,
3698 3236 3764 3292 οὐ

2104 3327 2243 3383 πάνυ
2311 3325 2503 3403 πόρρω
2569 3324 2820 3399 κείμενον
2896 3331 2997 3395 τῆς
3072 3324 3316 3388 ἐναντίας
3372 3321 3765 3401 παρεμϐολῆς,

2103 3417 2231 3473 ἀλλ’
2289 3415 2414 3471 ὅσον
2471 3415 2578 3470 ἀπὸ
2628 3412 2861 3470 σταδίων
2915 3412 3316 3471 πεντεκαίδεκα.
3372 3414 3532 3473 Οὕτω
3570 3412 3625 3471 δὶ
3652 3420 3766 3470 τῶν

2105 3504 2384 3579 δυνάμεων
2446 3499 2667 3581 ἔγγιστα
2723 3505 3033 3579 γενομένων
3096 3502 3373 3575 ἀλλήλαις
3408 3548 3422 3575 ,
3488 3504 3577 3559 καὶ
3631 3503 3765 3568 τοὺς

2104 3595 2441 3672 στρατηγοὺς
2524 3593 2863 3669 βιαζομένων
2936 3592 3140 3669 ἐξάγειν
3208 3593 3298 3649 καὶ
3371 3596 3447 3667 μὴ
3503 3593 3767 3664 κωλύειν,

2103 3685 2446 3749 ἀναπείθεται
2483 3683 2578 3758 μὶν
2612 3682 2639 3737 ό
2670 3683 2961 3755 Κομνηνὸς
2989 3682 3078 3737 καὶ
3114 3682 3209 3745 τάς
3257 3681 3456 3745 οῗκείας
3504 3678 3769 3738 ἕκϐάλλει

2105 3772 2386 3853 φάλαγγας
2456 3772 2547 3826 καὶ
2627 3771 2763 3845 πρὸς
2849 3770 3143 3846 παράταξιν
3234 3767 3434 3842 ξ’στησι,
3486 3770 3585 3827 τοῦ
3667 3773 3769 3845 μὶν

2105 3863 2391 3935 εὐωνύμου
2460 3860 2684 3935 κέρατος
2747 3861 3041 3934 κατάρχειν
3095 3860 3457 3935 προχειρίσας
3507 3861 3601 3915 τὸν
3663 3865 3760 3915 Κε-

2102 3952 2395 4025 καυμένον,
2450 3950 2514 4005 τὸ
2554 3946 2725 4021 δεξιὸν
2760 3946 2984 4024 ἔχοντος
3033 3949 3322 4021 Ῥωμανοῦ
3350 3952 3447 4002 τοῦ
3479 3947 3769 4024 Σκληροῦ,

2105 4041 2265 4101 αὐτὸς
2316 4036 2375 4094 δὶ
2421 4037 2473 4092 έν
2533 4036 2719 4111 μέσοις
2761 4035 3030 4105 ἐτάττετο,
3088 4036 3428 4101 ἀναπείθεται
3488 4034 3546 4091 δὲ
3604 4035 3696 4091 καί
3741 4039 3771 4093 ὁ

2106 4127 2429 4201 δομέστικος
2483 4125 2578 4181 σὺν
2636 4130 2717 4198 τῷ
2771 4126 3008 4198 Ἀαρὼν,
3065 4125 3156 4179 καὶ
3213 4125 3304 4179 τὸν
3341 4123 3544 4180 οἰκεῖον
3575 4124 3770 4199 ἐξαγα-

2104 4220 2219 4293 γὼν
2278 4216 2411 4272 λαὸν
2470 4214 2848 4288 ἀντιμέτωπον
2914 4213 3093 4284 ξ’στησι
3149 4219 3265 4276 τοῖς
3315 4213 3603 4276 ἐναντίοις.
3661 4219 3775 4269 Τοῦ

2110 4308 2204 4379 μὶν
2258 4304 2349 4360 οὖν
2405 4302 2579 4377 δεξιοῦ
2631 4304 2804 4376 κέρως
2835 4301 3023 4378 ἅρχων
3077 4303 3143 4373 ἦν
3172 4300 3457 4365 Βασίλειος
3490 4303 3767 4378 ὁΤαρχα-

2104 4397 2331 4465 νιώτης,
2383 4390 2765 4467 στρατηλάτης
2814 4393 2938 4447 τότε
2966 4393 3254 4468 τυγχάνων
3284 4399 3385 4461 τῆς
3417 4391 3632 4453 Addam:
3675 4393 3772 4447 καὶ

2106 4485 2322 4539 πάντων
2352 4486 2459 4536 τῶν
2493 4479 2818 4538 Μακεδόνων
2868 4478 2941 4535 ὣν
2971 4481 3314 4555 ἐξοχώτατος
3363 4482 3441 4543 ὡς
3488 4479 3577 4535 καὶ
3625 4481 3775 4556 γένει

339 4579 508 4646 rupto
543 4573 691 4629 vallo
726 4572 1065 4644 penetravit,
1092 4571 1346 4626 tentoria
1374 4570 1603 4642 direpta
1632 4572 1843 4641 gladiis
1874 4573 1993 4627 dis-

2106 4573 2193 4628 καῖ
2252 4573 2512 4650 φρονήσει
2540 4570 2630 4625 καὶ
2660 4569 2916 4645 ἐμπείρίᾳ
2946 4572 3031 4643 [Ρ.
3092 4572 3220 4643 802]
3281 4567 3767 4640 διαπρεπέστατος·

337 4664 500 4733 cidit,
533 4669 589 4718 et
620 4663 678 4717 in
706 4667 924 4717 terram
972 4660 1202 4731 dejecit.
1259 4661 1320 4715 Id
1352 4660 1585 4715 eminus
1615 4668 1994 4731 conspectum

336 4754 525 4828 (erant
552 4752 707 4809 enim
732 4756 932 4807 castra
963 4750 1088 4805 loco
1108 4750 1286 4819 edito)
1318 4750 1682 4805 Comnenum
1707 4766 1842 4805 cum
1869 4753 1998 4807 suis

338 4843 588 4899 audacia
606 4843 683 4897 im
696 4841 957 4913 plevit,et
979 4839 1076 4910 qui
1094 4839 1167 4893 ab
1184 4840 1412 4893 Aarone
1431 4838 1999 4905 stabant,metu.lta-

337 4947 450 5005 qua
472 4938 530 4987 et
547 4932 633 4986 illi
654 4931 973 4987 clamorem
999 4925 1371 4983 sustulerunt
1393 4925 1617 4982 alacres
1633 4934 1691 4981 et
1713 4928 1769 4982 hi
1800 4928 1996 5000 fugam

339 5022 623 5077 fecerunt.
653 5019 874 5075 Cecidit
903 5019 959 5072 in
997 5031 1192 5087 pugna
1223 5031 1256 5070 a
1293 5021 1456 5087 parte
1479 5015 1857 5086 imperatoris
1880 5033 1999 5072 ma-

338 5124 451 5181 gna
484 5108 827 5174 multitudo,
854 5106 1242 5163 Macedonum
1271 5104 1615 5176 praesertim,
1642 5121 1756 5159 non
1782 5104 2001 5161 milites

341 5200 515 5253 modo
545 5197 644 5253 sed
680 5199 860 5252 duces
905 5196 1105 5259 etiam,
1162 5194 1651 5262 Maurocatacalo,
1684 5196 2000 5267 Pbyemius

335 5287 747 5342 Catzamuntes
777 5285 995 5355 aliique
1019 5301 1129 5340 non
1158 5284 1347 5353 pauci.
1373 5283 1538 5354 Capti
1569 5282 1752 5339 multo
1776 5284 1995 5354 plures.

2105 4665 2169 4717 τὸ
2215 4659 2274 4717 δὲ
2319 4662 2598 4732 εὐώνυμον
2661 4658 3036 4735 ἐγκεχείριστο
3090 4660 3119 4714 ὁ
3180 4658 3473 4733 μάγιστρος
3531 4658 3769 4731 Ἀαρὼν,

2106 4750 2252 4826 ἔχων
2327 4747 2667 4823 στρατηγοὺς
2720 4748 2812 4803 τὸν
2871 4747 3155 4816 Λυκάνθην
3200 4747 3291 4802 καὶ
3339 4747 3430 4802 τὸν
3492 4746 3767 4820 Πνυέμιον

2105 4839 2196 4894 καὶ
2244 4836 2611 4914 Ῥανδοῦλφον
2663 4836 2924 4908 πατρίκον
2969 4836 3057 4889 τὸν
3111 4837 3386 4912 Φράγγον.
3448 4840 3651 4892 Τοῦτον
3708 4833 3772 4892 δὶ

2104 4929 2198 4983 τὸν
2250 4923 2452 5003 τρόπον
2524 4925 2824 5000 γενομένης
2890 4932 2992 4994 τῆς
3050 4924 3397 4997 παρατάξεως
3454 4925 3590 4981 κατά
3644 4945 3771 4980 τινα

2105 5016 2274 5072 τόπον
2323 5013 2499 5088 ’ᾍδην
2558 5014 2706 5086 παρά
2759 5019 2869 5068 τῶν
2900 5012 3183 5089 ἐγχωρίων
3218 5013 3653 5087 ὀνομαζόμενον,
3687 5015 3769 5076 ὡς

2107 5103 2270 5174 ἐδόθη
2333 5105 2396 5159 τὸ
2470 5108 2572 5157 τοῦ
2634 5101 2887 5175 πολέμου
2943 5101 3193 5175 σύνθημα
3246 5102 3334 5157 καὶ
3391 5101 3769 5180 προσέρῥαξαν

2108 5192 2387 5263 ἀλλήλαις
2450 5194 2505 5248 αἲ
2555 5189 2835 5264 δυνάμεις,
2892 5189 3144 5266 τρέπεται
3198 5191 3294 5263 μὲν
3351 5192 3379 5246 ὁ
3439 5190 3647 5266 Ἀαρὼν
3705 5191 3773 5246 τὸ

2111 5280 2281 5355 δεξιὸν
2342 5282 2506 5356 μέρος
2552 5283 2643 5335 καὶ
2706 5281 2903 5355 μέχρις
2935 5278 3100 5334 αὐτοῦ
3154 5276 3342 5335 διώκει
3371 5284 3468 5335 τοῦ
3499 5282 3769 5355 χάρακος,

334 5373 623 5449 κατασχὼν
673 5372 905 5447 ζωγρίαν
954 5372 1041 5425 καὶ
1090 5369 1371 5443 Ῥωμανόν
1421 5370 1511 5424 τὸν
1578 5372 1851 5446 Σκληρόν·
1901 5372 1992 5426 καὶ
2039 5372 2186 5449 τάχα
2218 5371 2275 5426 ἀν
2312 5370 2654 5447 ἀπηνέγκατο
2710 5369 2947 5443 καθαράν
2993 5368 3091 5438 τὴν
3148 5368 3331 5441 νίκην,
3392 5368 3437 5423 εί
3500 5371 3576 5441 μή
3638 5367 3767 5423 λίαν

1526 5504 1892 5561 XYLANDRI
1939 5507 2027 5561 ET
2064 5506 2282 5562 GOARI
2325 5505 2553 5561 NOTAE.

410 5606 493 5679 (51
505 5622 521 5677 )
553 5600 1223 5679 Κρανόληρον,.άείίνιιηι,
1256 5601 1425 5673 quasi
1461 5601 1685 5658 diceres
1728 5602 1963 5659 cerebro

2151 5605 2377 5662 ratione
2423 5601 2609 5659 delira
2656 5616 2879 5658 senem.
2928 5599 3028 5654 Τὸν
3059 5594 3399 5675 κρονόληρον
3443 5605 3512 5656 ad
3545 5600 3760 5675 Xylnn-

336 5675 512 5734 drum
546 5677 801 5734 remitto.
820 5675 901 5715 V—
932 5675 1114 5732 Goaa.
