4122 6402
345 430 474 492 361

1552 431 2094 496 HISTORIARUM
2142 428 2690 496 GOMPENDIUM.

3705 437 3826 500 363

367 559 584 638 ὶγένετο
618 559 882 635 εύλαϐἠς
914 565 1002 620 καὶ
1032 569 1128 620 τοῦ
1160 563 1449 621 σκυλεῦσαι
1483 564 1754 639 ἀπέσχετο
1783 565 1882 633 τὴν
1909 555 2295 637 παρεμϐολὴν,
2335 558 2438 632 ἤδη
2469 561 2560 616 καὶ
2592 566 2687 616 τοῦ
2714 563 3009 635 Κομνηνοό
3039 566 3475 628 κατασεισθέντος
3515 566 3606 621 καὶ
3639 572 3823 644 φυγεῖν

382 653 453 715 είς
500 655 750 710 Νίκαιαν
805 650 1236 716 ἀποϐλέποντος.
1287 655 1348 711 Ὁ
1390 651 1447 708 δὲ
1497 653 1835 726 Κεκαυμένος
1881 653 1943 706 τὸ
1992 652 2110 707 κατ’
2137 651 2299 706 αὐτὸν
2331 651 2667 726 τρεψάμενος
2699 649 2940 728 ἀκριϐῶς
2971 654 3073 708 οὐκ
3102 653 3299 729 ἐπέσχε
3322 655 3422 722 τήν
3455 651 3656 727 δίωξιν,
3699 654 3825 713 ἀλλ’

388 743 540 819 ἂγρις
572 745 753 799 αὐτοῦ
785 748 885 800 τοῦ
915 745 1158 820 χάρακος
1188 743 1394 820 φθάσας
1425 743 1586 798 αὐτόν
1616 764 1674 797 τε
1724 742 1976 817 ῥήγνυσι,
2008 739 2098 795 καὶ
2149 739 2277 794 ε’σω
2326 737 2615 814 γινόμενος
2667 741 2757 795 καὶ
2805 741 2899 804 τὰς
2945 742 3142 812 σκηνὰς
3203 740 3498 818 διαρπάσας
3558 745 3649 799 καὶ
3704 751 3822 808 τοῖς

388 834 556 910 ξίφεσι
585 833 793 896 ταύτας
823 819 1141 906 κατατεμὼν
1175 819 1250 895 εἷς
1308 840 1411 906 γῆν
1473 829 1708 908 ἔρῥιψεν.
1741 819 1908 905 Ὃπερ
1956 829 2137 893 θεαθέν
2194 833 2310 890 τοῖς
2365 828 2555 904 πόῤῥω
2618 826 2814 902 (ἔκειτο
2869 831 2971 905 γὰρ
3029 833 3063 899 ἡ
3118 827 3448 906 παρεμϐολὴ
3503 831 3590 887 έπὶ
3646 834 3818 890 τόπου

391 922 596 996 δίαρμα
626 918 886 997 ἔγοντος)
919 925 1115 996 θάρσος
1152 922 1246 994 μὶν
1276 916 1499 976 ἐνέϐαλε
1524 925 1642 982 τοῖς
1676 919 1814 997 ἀμφὶ
1843 920 1933 973 τὸν
1969 918 2272 991 Κομνηνὸν,
2306 914 2510 972 δειλίαν
2572 915 2629 972 δὲ
2675 924 2791 980 τοῖς
2835 918 2958 994 περὶ
3002 920 3092 974 τὸν
3155 921 3392 995 Ἀαρών·
3447 919 3816 996 σεσυλημένον

392 1013 490 1088 γὰρ
547 1009 758 1074 ἰδόντες
809 1012 900 1067 τὸν
951 1011 1166 1087 χάρακα
1206 1012 1258 1065 οἱ
1315 1009 1408 1082 μὲν
1447 1007 1816 1080 ἀνηλάλαξαν,
1861 1008 1912 1062 οἱ
1959 1004 2017 1062 δὲ
2063 1007 2200 1080 πρὸς
2248 1008 2420 1082 φυγὴν
2483 1005 2765 1081 ὥρμησαν.
2799 1008 2897 1062 Καὶ
2941 1009 3127 1062 πίπτει
3183 1009 3278 1080 μὲν
3324 1008 3429 1064 ἀπὸ
3476 1014 3572 1064 τοῦ
3625 1011 3823 1086 μέρους

395 1107 490 1156 τοῦ
525 1102 798 1177 βασιλέως
833 1099 966 1162 λαὸς
1002 1099 1202 1168 πολὺς,
1248 1101 1365 1154 κατ’
1396 1098 1662 1174 ἐξαίρετον
1705 1095 1762 1152 δὶ
1809 1093 2136 1162 Μακεδόνες,
2169 1095 2230 1149 ού
2278 1095 2443 1168 μόνον
2493 1097 2600 1150 ἀπὸ
2647 1101 2744 1151 τοῦ
2790 1102 3160 1171 στρατιωτῶν,
3195 1096 3340 1152 ἀλλά
3389 1097 3478 1152 καὶ
3527 1101 3823 1177 στρατηγοὶ

399 1189 622 1258 πολλοὶ,
656 1191 685 1244 6
715 1188 1256 1265 Μαυροκατακαλὼν,
1289 1190 1316 1243 6
1349 1187 1641 1261 Πνυὲμιος,
1674 1189 1702 1242 6
1735 1185 2154 1257 Κατζαμούντης
2180 1205 2270 1238 και
2302 1181 2466 1240 ἄλλοι
2499 1185 2600 1240 οὐκ
2629 1183 2836 1260 ὀλίγοι,
2869 1185 3113 1241 ἑάλωσαν
3149 1185 3206 1242 δὲ
3235 1187 3324 1241 καὶ
3355 1185 3557 1260 πολλῷ
3599 1187 3826 1255 πλείους

394 1285 498 1334 τῶν
527 1279 936 1352 ἀναιρεθέντων.

458 1371 553 1425 Ἐν
585 1367 762 1442 ταύτῃ
793 1370 862 1441 τῇ
899 1368 1051 1441 μάχῃ
1081 1365 1263 1445 φασὶν,
1298 1367 1380 1421 δτι
1410 1369 1518 1420 τῶν
1569 1365 1694 1440 περὶ
1743 1364 1834 1419 τὸν
1897 1364 2044 1439 βασι-

2237 1363 2296 1419 In
2331 1365 2440 1420 hoc
2473 1365 2673 1436 praelio
2721 1366 2935 1434 ferunt,
2972 1367 3158 1437 pulsis
3211 1367 3630 1439 imperatoriis,
3663 1369 3824 1425 Ran-

385 1457 488 1512 λέα
547 1457 861 1531 τραπᾶντων
919 1453 1285 1534 Ῥανδοῦλφος
1341 1455 1370 1509 6
1428 1454 1689 1530 Φράγγος
1746 1451 1798 1514 ές
1851 1453 2045 1525 μέσους

381 1545 883 1621 περιπλανώμενος
941 1544 1068 1607 τούς
1134 1565 1194 1599 τε
1269 1543 1562 1620 φεύγοντας
1631 1542 1719 1596 καὶ
1779 1542 1908 1602 τοὺς
1966 1537 2046 1594 δι-

382 1634 638 1696 ώκοντας
679 1632 857 1704 ἐζήτει
914 1631 1303 1706 συμπλακῆναι
1372 1653 1480 1686 τινι
1535 1636 1642 1686 τῶν
1704 1631 2043 1704 ὀνομαστῶν.

383 1722 544 1778 Ἐπεὶ
589 1720 646 1776 δὶ
681 1722 845 1795 μάθοι
876 1723 952 1786 ὡς
999 1721 1318 1796 Νικηφόρος
1348 1718 1538 1776 δίεισιν
1585 1721 1614 1774 6
1661 1724 2043 1787 Βοτανειάτης,

381 1811 517 1874 τοὺς
557 1808 766 1872 ἄλλους
803 1809 1120 1866 καταλιπὼν
1180 1809 1346 1884 ἀπῄει
1395 1809 1531 1886 πρὸς
1578 1808 1800 1875 ἐκεῖνον,
1836 1806 2049 1884 πόρῥω-

387 1912 476 1965 θεν
534 1900 754 1976 κράζων
812 1901 901 1954 καὶ
963 1899 1140 1973 μένειν
1199 1899 1672 1974 παρεγγυώμενος,
1715 1895 1898 1967 δηλῶν
1957 1895 2046 1950 καὶ

384 1984 644 2060 τοίὶνομα
698 1985 847 2048 ὅστις
905 1983 992 2058 εἴη
1049 1988 1138 2042 καὶ
1191 1985 1275 2061 ἐφ’
1335 1987 1381 2058 ᾦ
1429 1983 1842 2059 προσκαλεῖται.
1873 1985 2046 2056 “Ὀπερ

386 2076 551 2150 γνοὺς
602 2077 632 2130 6
691 2080 1052 2145 Βοτανειάτης
1101 2074 1288 2146 ’ίστησι
1329 2076 1421 2130 τὸν
1479 2073 1710 2149 δρόμον,
1763 2075 1853 2129 καὶ
1902 2071 2046 2150 ἐγγί-

396 2185 548 2219 σαντι
595 2170 674 2237 τῷ
731 2162 1088 2242 Ῥανδούλφῳ
1140 2165 1562 2240 προσμίγνυται,
1613 2163 1702 2218 καὶ
1756 2162 1900 2217 παίει
1955 2163 2048 2235 μὲν

403 2252 605 2315 ἐκεῖνος
659 2259 733 2326 τῷ
783 2254 921 2332 ξίφει
974 2256 1074 2324 τήν
1125 2251 1325 2309 ἀσπίδα
1390 2258 1488 2308 τοῦ
1534 2250 1904 2330 Ῥανδούλφου
1956 2252 2047 2306 καὶ

395 2345 590 2415 τέμνει
621 2340 767 2418 διχῆ,
802 2343 950 2397 παίει
983 2340 1041 2397 δὲ
1091 2345 1118 2398 6
1144 2339 1509 2418 Ῥανδοῦλφος
1556 2341 1714 2396 αὐτὸν
1766 2342 1904 2395 κατὰ
1947 2343 2047 2408 τῆς

392 2432 647 2506 κόρυθος,
681 2429 1034 2502 διολισθῆσαν
1095 2429 1153 2486 δὶ
1207 2433 1272 2486 τὸ
1318 2431 1466 2507 ξίφος
1524 2429 1627 2485 οὐκ
1681 2425 1886 2504 ἔϐλαψε
1915 2426 2048 2483 ’διὸ

389 2521 485 2577 καὶ
547 2519 943 2594 συνδραμόντες
1001 2521 1139 2597 πρὸς
1189 2521 1282 2576 τὸν
1345 2519 1699 2589 Βοτανειάτην
1731 2515 1907 2593 ἕτεροι
1936 2537 2051 2594 χει-

390 2615 612 2688 ροῦνται
655 2610 892 2685 ζωγρίαν
947 2610 1039 2665 τὸν
1097 2607 1266 2686 ἄνδρα
1311 2611 1401 2664 καὶ
1476 2608 1528 2670 ές
1602 2609 1694 2663 τὸν
1765 2609 2045 2681 Κομνηνὸν

390 2701 713 2775 ἀπάγουσιν.
775 2701 1005 2756 Ἔπεσον
1061 2697 1119 2756 δὶ
1174 2698 1264 2754 καὶ
1317 2703 1424 2754 τῶν
1485 2697 1544 2752 lx
1598 2702 1696 2792 τοῦ
1751 2701 2044 2792 Κομνηνοῖξ
2077 2727 2128 2792 Β

391 2789 691 2865 στραεηγὸς
744 2789 838 2861 εἷς,
912 2789 1064 2844 Λέων
1119 2789 1147 2843 6
1206 2787 1513 2863 ’Δντίοχος,
1546 2786 1658 2860 ίκαὶ
1722 2784 2044 2861 στρατιῶταί

384 2899 551 2940 τινες.

457 2966 766 3040 Γενομένης
799 2963 857 3021 δέ
895 2969 996 3031 τῆς
1044 2965 1216 3036 ἥττης
1269 2966 1361 3021 καὶ
1416 2969 1524 3020 τῶν
1577 2965 1637 3020 έκ
1677 2968 1778 3029 τῆς
1832 2970 2043 3038 τροπῆς

379 3055 476 3110 καὶ
504 3060 606 3110 τοῦ
637 3052 891 3128 πολέμου
922 3052 1294 3109 διασωθέντων
1327 3052 1380 3116 ές
1429 3054 1522 3108 τὸν
1576 3051 1803 3128 βασιλέα
1859 3051 2043 3107 έλθόν·

374 3167 490 3201 των
543 3146 660 3218 ἅμα
716 3149 796 3216 τῷ
854 3141 1159 3216 δομεστίκῳ
1216 3143 1304 3199 καὶ
1347 3142 1690 3216 τῷἊαρὼν,
1723 3141 1883 3203 αὐτὸς
1947 3142 2041 3214 μὲν

373 3233 691 3310 ἀπεγνώκει
748 3233 814 3286 τὰ
872 3233 1166 3309 πράγματα
1237 3231 1327 3287 καὶ
1384 3229 1490 3300 ἤδη
1547 3227 1919 3306 προσδόκιμος
1975 3230 2040 3300 ἦν

379 3329 492 3379 τῶν
527 3324 750 3377 πάντων
783 3321 1046 3400 ἀφέμενος
1103 3323 1415 3398 καταφυγὴν
1471 3319 1562 3375 καὶ
1621 3319 1891 3391 σωτηρίαν
1943 3325 2042 3389 ζη-

377 3419 510 3468 τεῖ-ι’
574 3410 702 3468 ἀλλ’
759 3412 810 3465 οἱ
867 3411 991 3486 περὶ
1061 3410 1219 3465 αὐτὸν
1293 3410 1355 3464 ού
1433 3409 1820 3484 συνεχώρησαν
1880 3415 2042 3464 τοῦτο

380 3505 635 3570 ποιῆσαι,
696 3498 844 3555 ἀλλά
939 3500 1116 3572 μένειν
1197 3497 1538 3570 παρεκάλουν
1616 3497 1705 3552 καὶ
1789 3497 2044 3568 τελευτᾷν

386 3590 643 3664 εὐγενῶς,
693 3588 741 3644 si
801 3585 1002 3658 δεήσει,
1054 3589 1177 3663 περὶ
1230 3595 1331 3658 τῆς
1387 3588 1687 3664 βασιλείας.
1726 3587 1896 3645 ΙΙάλιν
1945 3589 2039 3662 μὶν

393 3677 486 3734 οὖν
535 3677 919 3754 στρατολογεῖν
965 3677 1053 3732 καὶ
1097 3678 1234 3750 πρὸς
1296 3674 1543 3752 δευτέρας
1596 3677 2042 3754 ἀντιπαρατάξεις

398 3773 597 3843 χωρεῖν
658 3766 908 3843 ὀχληρὸν
967 3767 1056 3821 καὶ
1108 3764 1425 3844 ἀσύμφορον
1461 3770 1546 3837 [Ρ.
1580 3770 1705 3841 803]
1740 3767 2039 3840 ἐνομίζετο,

389 3855 528 3929 ᾤετο
585 3853 642 3912 δέ
694 3857 1056 3931 περιέσεσθαι,
1108 3855 1153 3910 εί
1200 3857 1300 3924 τήν
1359 3860 1469 3910 τῶο
1527 3854 1770 3911 πολιτῶν
1830 3855 2041 3912 εὔνοιαν

389 3946 710 4002 έπισπάσοι·
771 3943 891 4008 ὅθεν
949 3946 1040 4000 καὶ
1095 3942 1324 4007 τούτους
1381 3949 1628 4018 περιεῖπε
1685 3945 1773 3999 καὶ
1837 3942 2043 4017 δώροις

396 4040 616 4108 συνεῖχε
675 4034 759 4089 καὶ
847 4033 1312 4113 φιλοτιμήμασιν,
1369 4039 1424 4087 Ὀ
1508 4031 1566 4088 δὲ
1635 4035 1921 4108 Κομνηνὸς
1977 4035 2044 4090 τὰ

400 4121 610 4177 έναντία
701 4123 928 4199 θραύσας
1028 4122 1404 4198 στρατεύματα
1487 4124 1574 4178 καὶ
1666 4121 2040 4196 διασκεδάσας,

393 4212 698 4274 ἀπαναστὰς
755 4212 811 4268 έν
879 4213 1114 4274 Νικαίας
1184 4217 1426 4286 τριταῖος
1504 4212 1581 4274 εἷς
1666 4211 2039 4286 Νικομήδειαν

390 4301 628 4378 ἔρχεται.
690 4305 899 4358 Ἐκεῖσε
948 4299 1006 4356 δὲ
1053 4300 1199 4374 αὐτῷ
1284 4303 1566 4376 γενομένῳ
1635 4303 1893 4379 φθάνουσι
1955 4302 2045 4357 καὶ

384 4386 715 4467 πρεσϐευταὶ
787 4390 1080 4465 βασιλέως,
1138 4391 1166 4445 6
1225 4388 1491 4467 πρόεδρος
1569 4392 1974 4453 Κωνσταντῖνος
2017 4393 2043 4446 6

382 4478 722 4556 Δειχούδης,
757 4481 785 4534 6
819 4476 1086 4554 πρόεδρος
1118 4475 1399 4552 Θεόδωρος
1423 4480 1451 4532 6
1479 4477 2047 4547 ’Δλωπὸς,Κωνσταν-

381 4575 529 4631 τῖνος
566 4570 596 4623 6
628 4566 849 4630 Ψελλὸς
883 4569 921 4629 ὁ,
939 4565 1049 4623 τῶν
1081 4567 1399 4646 φιλοσόφων
1460 4566 1660 4630 ὕπατος
1709 4571 1841 4641 (52).
1878 4570 2044 4626 Οὗτοι

382 4659 484 4734 γὰρ
547 4659 600 4712 οἱ
659 4662 807 4732 τρεῖς
867 4654 1056 4730 ἄνδρες
1113 4655 1200 4711 ἐπὶ
1264 4656 1426 4735 σοφίᾳ
1469 4657 1558 4710 καὶ
1592 4655 1760 4731 λόγου
1818 4654 2042 4729 δυνάμει

384 4749 490 4800 τῶν
536 4747 678 4802 κατά
727 4747 828 4815 τὴν
882 4745 1094 4821 ἡμέραν
1165 4744 1368 4816 ἐκείνην
1419 4747 1721 4820 ἀνθρώπων
1774 4743 2040 4823 διαφέρειν

384 4833 694 4906 δοκοῦντες,
725 4834 814 4888 καὶ
873 4833 1208 4909 ἀσυγκρίτως
1250 4835 1278 4889 6
1311 4831 1554 4902 Ψελλὸς,
1589 4833 1908 4909 ἐξελέγησαν
1971 4835 2044 4896 εἷς

378 4925 443 4980 τὸ
476 4919 827 5001 πρεσϐεῦσαι·
859 4925 948 4978 καὶ
1002 4920 1402 5000 προσεδόκησεν
1438 4925 1467 4978 6
1520 4922 1775 4998 βασιλεὺς
1835 4923 2045 5000 μεγάλα

377 5014 823 5086 καταπράξασθαι
883 5010 973 5068 διὰ
1026 5020 1128 5082 τῆς
1185 5011 1401 5067 ἐκείνων
1459 5011 1747 5085 εὐστομίας
1789 5013 1878 5067 καὶ
1939 5013 2043 5088 χά-

381 5089 558 5178 ριτοξ.
611 5103 954 5178 ’Υπισχνεῖτο
1013 5099 1071 5156 δὶ
1125 5104 1160 5172 ἡ
1212 5096 1472 5174 πρεσϐεία
1541 5101 1903 5173 καταθέμενον
1979 5105 2046 5156 τὰ

381 5190 535 5248 ὅπλα
582 5191 673 5245 τὸν
738 5191 1024 5264 Κομνηνὸν
1087 5189 1246 5245 αὐτὸν
1303 5191 1397 5263 μὲν
1460 5191 1843 5261 υίοθετηθῆναι
1898 5192 2045 5266 παρά

380 5284 482 5336 τοῦ
545 5278 814 5355 βασιλέως
869 5279 960 5334 καὶ
1036 5279 1273 5353 Καίσαρα
1346 5277 1740 5356 ἀναρρηθῆναι,
1801 5284 1931 5334 πᾶσι
1988 5277 2045 5335 δὲ

2157 1453 2445 1524 dulphum
2482 1455 2768 1510 Francum
2822 1455 2975 1510 inter
3023 1456 3248 1512 medios
3300 1457 3592 1528 fugientes
3624 1475 3820 1530 perse-

2158 1547 2522 1614 quentesque
2571 1543 2941 1598 oberrantem
2992 1561 3126 1599 cum
3180 1544 3390 1600 celebri
3423 1544 3622 1617 aliquo
3654 1547 3816 1618 cupi-

2155 1630 2311 1685 visse
2369 1632 2666 1703 congredi.
2729 1636 2909 1703 Atque
2965 1633 3062 1688 ubi
3122 1635 3369 1689 sentiret
3415 1633 3814 1706 Nicephorum

2157 1720 2518 1774 Botaniatem
2555 1737 2622 1775 ea
2665 1721 2938 1786 transire,
2973 1721 3218 1792 reliquis
3266 1722 3505 1778 omissis
3552 1724 3612 1778 in
3642 1723 3812 1779 illum

2158 1809 2550 1876 contendisse,
2584 1811 2818 1864 eminus
2867 1810 3282 1866 vociferantem
3335 1815 3516 1881 utque
3549 1817 3816 1868 maneret

2157 1895 2516 1966 hortantem,
2548 1903 2605 1953 et
2653 1899 2787 1970 quis
2838 1899 2963 1970 ipse
3015 1903 3174 1954 esset
3222 1901 3572 1955 nominatim
3623 1901 3815 1972 expri-

2159 1991 2440 2053 mentem,
2470 1993 2528 2042 et
2554 1988 2627 2042 ad
2671 2005 2846 2058 quam
2881 2005 3000 2043 rem
3055 1994 3412 2059 provocaret.
3449 1991 3612 2055 Quod
3646 1994 3816 2045 Bota-

2157 2076 2375 2131 niatem
2408 2076 2974 2132 animadvertentem
3008 2077 3260 2134 inhibito
3291 2095 3469 2133 cursu
3500 2095 3634 2134 cum
3672 2079 3822 2134 Ran-

2159 2163 2380 2235 dulpho
2399 2181 2641 2220 manum
2659 2165 3051 2233 conseruisse,
3068 2171 3458 2238 secutumque
3473 2168 3604 2238 ejus
3625 2167 3821 2240 gladio

2158 2253 2552 2322 dissecuisse;
2588 2253 3008 2326 Randulphum
3041 2271 3242 2311 ensem
3275 2257 3332 2310 in
3367 2257 3686 2312 Botaniatze
3709 2274 3816 2329 ga-

2159 2341 2310 2398 leam
2343 2342 2680 2415 impegisse,
2706 2344 2944 2416 ictuque
2963 2361 3094 2400 eum
3119 2345 3273 2401 632
3296 2346 3605 2417 delapsum
3630 2347 3817 2404 irrito.

2161 2433 2342 2503 Atque
2375 2431 2453 2487 ita
2475 2433 2689 2487 factum
2718 2437 2781 2487 ut
2811 2433 2908 2488 alii
2931 2434 3001 2489 ad
3030 2434 3392 2488 Botaniatem
3419 2440 3817 2501 accurrerent,

2159 2526 2514 2592 captumque
2564 2521 2984 2594 Randulphum
3036 2522 3106 2577 ad
3136 2523 3502 2579 Comnenum
3553 2524 3815 2581 abduce-

2159 2614 2307 2663 rent.
2346 2615 2384 2662 A
2419 2613 2713 2666 Comneno
2744 2626 2901 2666 unus
2923 2611 3201 2667 occubuit
3232 2612 3442 2668 ductor
3471 2613 3584 2668 Leo
3615 2613 3814 2668 Antio-

2159 2697 2326 2765 chus,
2361 2703 2420 2754 et
2448 2699 2664 2755 milites
2695 2699 2945 2772 aliquot.

2227 2971 2476 3036 Accepta
2505 2965 2616 3021 hac
2664 2965 2848 3033 clade,
2883 2971 2939 3021 et
2987 2966 3061 3022 iis
3092 2967 3189 3038 qui
3220 2983 3289 3023 ex
3337 2969 3584 3024 adverso
3616 2969 3814 3041 prsalio

2154 3061 2460 3110 evaserant
2489 3056 2560 3111 ad
2595 3055 3010 3126 imperatorem
3037 3057 3286 3112 reversis
3317 3075 3452 3112 cum
3486 3059 3818 3115 domestico

2154 3150 2212 3200 et
2254 3149 2497 3213 Acrone,
2534 3144 2852 3214 imperator
2899 3146 2970 3200 de
3023 3163 3259 3201 summa
3290 3163 3488 3202 rerum
3536 3148 3815 3219 despera-

2153 3235 2273 3302 vit;
2306 3239 2659 3305 paratusque
2688 3239 2812 3288 erat
2843 3234 3134 3306 refugium
3188 3234 3427 3307 aliquod
3459 3239 3516 3290 et
3560 3235 3811 3292 salutem

2155 3339 2434 3394 quaerere,
2467 3323 2712 3393 imperio
2763 3322 3032 3391 dimisso,
3068 3325 3115 3378 si
3165 3324 3484 3380 familiares
3515 3324 3623 3380 hoc
3656 3327 3812 3397 passi

2152 3417 2373 3469 essent.
2425 3412 2534 3476 Qui
2585 3412 2799 3467 hortati
2845 3419 2986 3467 sunt
3018 3417 3082 3468 ut
3131 3415 3494 3484 perduraret,
3529 3431 3594 3470 ac
3644 3415 3694 3469 si
3727 3415 3810 3470 ita

2155 3502 2328 3556 ferret
2382 3517 2576 3571 casus,
2640 3518 3020 3573 propugnans
3078 3519 3181 3573 pro
3227 3502 3476 3574 imperio
3525 3519 3807 3576 generose

2153 3591 2348 3662 potius
2414 3595 2757 3644 moreretur.
2828 3590 3133 3646 Enimvero
3201 3608 3382 3648 novos
3460 3594 3803 3650 contrahere

2151 3679 2441 3735 exercitus
2467 3696 2534 3734 ac
2564 3680 2754 3734 denuo
2786 3695 2992 3751 pugnas
3024 3679 3208 3735 aleam
3243 3685 3470 3738 tentare
3499 3681 3808 3738 videbatur

2153 3769 2469 3824 molestum
2500 3784 2566 3823 ac
2597 3767 2824 3823 inutile.
2849 3769 3275 3840 Superaturum
3305 3787 3367 3826 se
3398 3772 3674 3843 sperabat
3693 3773 3806 3828 im-

2154 3862 2408 3931 perator,
2458 3858 2505 3912 si
2567 3857 2781 3913 civium
2844 3857 3302 3914 benevolentiam
3355 3859 3466 3915 sibi
3518 3865 3806 3933 parasset.

2152 3948 2355 4019 Itaque
2388 3947 2560 4001 modo
2608 3947 2716 4002 hos
2769 3947 2942 4002 modo
2990 3945 3124 4002 illos
3173 3949 3586 4005 demerebatur
3633 3950 3807 4006 donis

2155 4042 2331 4107 atque
2364 4035 2729 4090 muneribus.
2775 4035 3105 4092 Comnenus
3153 4041 3372 4107 autem,
3405 4038 3605 4094 fractis
3635 4037 3812 4095 dissi-

2156 4124 2422 4197 patisque
2453 4124 2714 4179 hostium
2747 4124 2992 4195 viribus,
3024 4143 3058 4180 a
3087 4125 3277 4181 Nicaea
3302 4125 3500 4194 movit,
3527 4127 3822 4200 tertioque.

2151 4215 2245 4269 die
2289 4213 2919 4270 Nicomediam'venit.
2975 4214 3058 4270 Ibi
3107 4215 3155 4270 ei
3208 4221 3591 4272 occurrerunt
3637 4217 3814 4289 legati

2153 4303 2550 4374 imperatoris,
2582 4321 2798 4376 praeses
2831 4305 3258 4360 Constantinus
3292 4306 3634 4377 Leichudes,
3667 4323 3812 4378 pra:-

2155 4410 2250 4448 ses
2282 4393 2580 4448 Thidorus
2610 4392 2854 4464 Alopus,
2885 4393 3310 4450 Constantinus
3343 4395 3569 4452 Psellus
3622 4395 3809 4468 philo-

2155 4482 2476 4553 sophorum
2515 4481 2806 4554 princeps.
2843 4483 3065 4537 Etenim
3119 4483 3178 4537 hi
3213 4489 3333 4540 tres
3383 4485 3488 4540 viri
3521 4483 3812 4556 sapientia

2155 4580 2210 4627 et
2277 4570 2550 4627 facundia
2613 4571 2876 4626 omnium
2936 4572 3039 4643 qui
3104 4577 3248 4628 tunc
3304 4573 3578 4630 vivebant
3633 4574 3808 4645 primi

2155 4661 2362 4725 habiti,
2421 4665 2477 4715 et
2543 4661 2778 4731 quidem
2847 4665 3011 4716 extra
3075 4663 3534 4732 comparationis
3590 4669 3808 4719 sortem

2155 4749 2406 4817 Psellus,
2440 4750 2510 4804 ad
2540 4766 2667 4804 eam
2719 4748 3068 4822 legationem
3122 4751 3355 4806 fuerant
3384 4752 3616 4818 delecti,
3652 4752 3808 4823 quod

2153 4836 2476 4907 imperator
2535 4852 2733 4890 eorum
2798 4835 3130 4906 eloquentia
3186 4843 3243 4892 et
3292 4839 3447 4894 683
3504 4839 3696 4911 gratia
3751 4856 3814 4895 se

2155 4926 2412 4980 maxima
2452 4929 2906 4980 consecuturum
2961 4927 3254 4996 sperabat.
3290 4928 3484 4999 Legati
3518 4928 3816 5000 promitte-

2153 5015 2296 5070 bant
2326 5018 2712 5078 Comoenum,
2745 5014 2792 5068 si
2828 5014 2900 5068 ab
2928 5015 3110 5069 armis
3143 5015 3537 5082 discessisset,
3567 5018 3812 5089 adopta-

2154 5109 2280 5158 tum
2313 5104 2386 5158 ab
2427 5104 2778 5173 imperatore
2826 5119 2893 5157 ac
2942 5103 3226 5158 Caesarem
3275 5107 3649 5178 designatum
3696 5107 3811 5174 iri;

2153 5197 2211 5247 et
2239 5192 2514 5247 omnibus
2557 5192 2654 5263 qui
2699 5191 2886 5262 ipsius
2918 5193 3103 5248 secuti
3137 5201 3336 5249 essent
3368 5199 3583 5267 partes,
3614 5197 3814 5268 impu-

2155 5283 2400 5336 nitatem
2459 5279 2932 5351 oblivionemque
2982 5281 3334 5353 injuriarum
3387 5285 3815 5357 promittebant

1582 5422 1959 5478 XYLANDRI
2001 5423 2085 5478 ET
2123 5423 2346 5481 GOARI
2385 5422 2616 5478 NOTAE.

458 5543 570 5613 (53)
605 5540 732 5595 Non
785 5555 854 5594 ex
900 5538 1113 5613 merito
1161 5536 1376 5605 solum,
1428 5539 1528 5594 sed
1575 5556 1644 5594 ex
1685 5538 1875 5613 officio
1913 5543 2045 5613 tam

382 5607 742 5686 exquisitum
812 5610 983 5686 Pselli
1056 5627 1299 5686 nomen,
1343 5628 1471 5686 quo
1543 5613 1652 5663 τῶν
1727 5607 2048 5686 φιλοσόφων

383 5681 609 5756 ὕπατος,
643 5685 754 5739 hoc
777 5689 867 5738 est
891 5681 1210 5756 ὑπέρτατος,
1244 5681 1495 5756 dicitur;
1527 5681 1867 5754 quanquam
1897 5681 2042 5756 non-

385 5759 497 5817 nisi
522 5754 602 5815 ex'
623 5756 836 5814 merito
868 5754 1229 5811 tribueretur
1259 5755 1546 5822 ol’ﬁcium,
1569 5771 1724 5812 nono
1746 5771 1929 5828 supra
1955 5755 2045 5812 vi-

709 5882 1139 5963 Ρηιιοι.δῦι.
1183 5880 1417 5945 CXXII.

2198 5541 2450 5594 esimum
2509 5537 2635 5593 loco
2690 5536 2843 5592 inter
2901 5539 3160 5608 palatina
3212 5548 3621 5600 enumeratum
3675 5543 3716 5598 l.
3779 5546 3816 5598 2

2195 5611 2317 5666 uris
2366 5611 2816 5666 Grcecoromani.
2870 5609 3064 5666 Gessit
3120 5612 3295 5668 etiam
3349 5615 3489 5670 illud
3544 5615 3812 5671 Theodo-

2156 5700 2257 5738 rus
2289 5682 2623 5755 patriarcha
2651 5682 2784 5751 CP.,
2830 5682 2901 5736 de
2933 5699 3050 5755 quo
3091 5685 3163 5740 ad
3212 5687 3478 5758 ejusdem
3531 5686 3667 5742 libri
3700 5686 3814 5743 cal-

2156 5771 2298 5812 cem.
2333 5758 2513 5812 Gesn.
