4122 6432
241 442 360 505 363

1603 428 1919 491 GEORGII
1963 424 2304 488 GEDHENI

3548 418 3666 478 36¢

236 573 543 630 Neminem
592 572 799 627 ferunt
834 574 974 625 tunc
1024 568 1098 624 iis
1146 582 1480 623 assensum.
1532 561 1767 620 Reversi
1816 562 1925 629 ad,

2037 562 2120 619 οῖς
2200 558 2622 630 συναπαχθεῖσιν
2707 550 2854 622 αὑτῷ
2932 548 3236 623 ἀμνηστίαν
3321 553 3502 605 κακῶν
3574 549 3666 604 καὶ

240 664 653 735 imperatorem
678 675 883 715 rursus
904 673 1037 713 cum
1062 656 1193 712 aliis
1224 654 1522 711 mandatis
1554 653 1895 717 mittuntur,

241 751 634 820 inciduntque
665 748 723 803 in
755 748 1119 804 Comnenum
1153 745 1309 816 apud
1343 744 1711 811 Reas.llujus
1742 739 1897 808 lega-

240 839 419 895 tionis
449 836 743 893 sententia
771 840 898 891 erat
922 850 1056 899 esse
1087 835 1430 905 adoptatum
1457 832 1585 902 jam
1618 847 1684 885 ac
1716 832 1901 885 Cassa-

242 945 366 985 rem
396 925 753 981 declaratum
780 923 1168 989 Comnenum,
1198 926 1255 977 et
1275 918 1668 991 imperatoriis
1693 916 1900 973 litteris

243 1016 522 1073 omnibus
569 1014 668 1085 qui
718 1029 852 1069 cum
904 1014 1032 1082 ipso
1086 1010 1338 1065 fuissent
1381 1008 1721 1080 dignitates,
1755 1022 1902 1077 quas

244 1107 443 1160 essent
472 1101 693 1173 adepti,
724 1100 1089 1156 conﬁrmari.
1113 1100 1224 1155 Eas
1253 1102 1587 1153 Comnenus
1619 1094 1903 1150 conditio-

246 1210 376 1262 nes,
405 1197 463 1248 et
491 1191 588 1261 qui
620 1206 751 1245 cum
785 1206 851 1245 eo
884 1194 1051 1244 erant
1079 1190 1281 1253 duces,
1316 1186 1752 1253 collaudarunt,
1776 1199 1904 1237 eas-

251 1297 363 1353 que
392 1296 571 1336 aurea
600 1277 764 1333 bulla
794 1277 1132 1333 conﬁrmari
1187 1274 1587 1348 postularunt,
1617 1271 1741 1327 solo
1771 1274 1906 1325 Am-

251 1373 427 1427 busto
456 1369 825 1439 improbante
854 1366 1073 1423 omnia.
1108 1366 1210 1420 Hic
1241 1364 1393 1419 enim
1425 1379 1624 1419 senem
1666 1360 1909 1433 imperio

254 1474 499 1532 prorsus
520 1456 757 1529 spoliari
783 1454 1049 1523 volebat;
1085 1452 1660 1525 indignumquafore
1683 1449 1911 1505 facinus

259 1547 609 1611 afﬁrmabat,
644 1543 715 1610 si,
766 1545 859 1598 cui
909 1542 1277 1614 interpositis
1326 1539 1720 1596 sanctissimis
1744 1539 1911 1609 jura-

261 1636 477 1692 mentis
507 1632 822 1705 imperium
846 1633 1253 1703 abrogassent,
1278 1646 1413 1685 eum
1438 1646 1644 1684 rursus
1664 1628 1720 1682 id
1751 1644 1917 1683 occu-

262 1739 401 1797 pare
450 1726 808 1795 paterentur,
859 1720 1080 1791 Deique
1109 1720 1256 1774 iram
1307 1719 1380 1773 ob
1426 1718 1535 1772 hoc
1591 1716 1914 1788 perjurium

265 1814 548 1869 adversus
578 1812 738 1881 ipsos
770 1825 1137 1865 exarsurum.
1173 1808 1306 1864 Jam
1340 1808 1396 1861 id
1432 1823 1499 1862 ex
1533 1823 1641 1861 usu
1675 1805 1917 1860 minime

265 1902 410 1966 fore,
442 1903 506 1955 ut
536 1901 608 1953 ab
640 1899 821 1953 armis
844 1898 1153 1953 discedant
1185 1914 1197 1951 :
1233 1913 1367 1951 mox
1397 1897 1552 1951 enim
1577 1899 1634 1950 et
1672 1896 1917 1949 Comne-

266 2005 411 2044 num
442 2003 663 2043 veneno
698 1992 971 2042 necatum
1003 1991 1061 2041 et
1091 1985 1266 2041 sociis
1294 1983 1752 2056 conspirationis
1780 1999 1918 2038 ocu-

267 2078 358 2135 los
387 2077 666 2133 eﬁ‘ossum
698 2076 790 2131 iri.
823 2078 902 2129 Ac
940 2075 1238 2147 proditum
1289 2081 1380 2130 est
1411 2073 1730 2138 memorie,
1761 2074 1922 2144 ipsos

270 2168 449 2224 etiam
478 2165 702 2237 legatos
750 2164 1156 2235 prrevaricatos
1211 2162 1413 2230 fuisse,
1457 2167 1514 2218 et
1562 2162 1735 2218 modo
1765 2161 1925 2217 hunc

273 2256 449 2312 modo
497 2256 653 2310 684
710 2252 879 2308 illum
929 2252 1177 2308 diversis
1225 2252 1590 2323 temporibus
1637 2252 1924 2307 Ambusto

272 2346 534 2401 suasisse
568 2348 630 2399 ut
660 2347 1025 2415 oppugnaret
1054 2341 1265 2397 acriter
1303 2342 1528 2396 oblatas
1560 2341 1927 2396 conditiones

272 2448 463 2505 neque
504 2431 827 2503 quidquam
878 2430 1242 2486 concederet.
1300 2431 1370 2484 Et
1398 2428 1638 2500 quidem
1690 2428 1797 2484 hoc
1827 2444 1927 2484 eos

274 2523 489 2593 egisse,
525 2536 627 2591 pro
660 2523 815 2575 certo
846 2518 1159 2590 perhibent
1208 2517 1247 2571 ii
1296 2517 1515 2588 quibus
1562 2517 1672 2572 ista
1708 2516 1928 2588 optime

269 2615 409 2667 sunt
441 2614 598 2680 nota,
632 2614 688 2664 et
730 2625 763 2662 a
814 2607 1106 2663 mendacii
1157 2607 1492 2677 suspicione
1540 2610 1680 2661 sunt
1710 2605 1925 2660 immu-

270 2717 374 2755 nes
403 2716 419 2766 ;
449 2699 734 2768 aiuntque
765 2713 887 2762 eos,
937 2698 1282 2767 interposito
1319 2695 1735 2765 jurejurando,
1766 2695 1923 2750 afﬁr-

270 2803 466 2842 masse
496 2786 794 2840 Comneno
826 2786 1099 2839 ardenter
1128 2801 1262 2839 eum
1295 2785 1368 2838 ab
1404 2784 1628 2839 urbana
1660 2783 1923 2838 multitu-

272 2876 408 2931 dine
457 2874 646 2947 diligi,
681 2890 747 2928 ac
794 2874 844 2928 si
896 2878 1132 2927 tantum
1184 2872 1528 2927 accessisset
1578 2873 1649 2927 ad
1695 2873 1927 2938 urbem,

272 2966 395 3021 fore
424 2969 489 3018 ut
517 2963 716 3034 ipsum
749 2978 837 3028 ea,
861 2978 1000 3018 sene
1025 2962 1355 3031 exturbato,
1375 2978 1507 3016 cum
1528 2960 1930 3032 gratulatoriis

272 3053 526 3109 victoriae
556 3056 614 3107 et
640 3051 871 3123 imperii
903 3050 1267 3106 carminibus
1296 3050 1568 3121 excipiat.
1593 3049 1723 3105 Haec
1756 3050 1813 3104 in
1841 3067 1930 3105 ca-

276 3142 418 3198 stris
444 3145 573 3196 acta
605 3140 894 3195 feruntur.

1948 1944 2000 2010 B

2007 643 2192 723 ἄφεσιν
2277 649 2384 699 τῶν
2468 640 3061 715 πεπλημμελημένων.
3121 644 3208 701 Ὠς
3274 634 3333 693 δὲ
3388 636 3663 713 λέγουσιν,

2010 733 2189 795 οὐδεὶς
2227 728 2529 809 προσέσχεν
2577 732 2786 799 αὐτοῖς,
2829 725 3218 790 ἐπανελθόντες
3251 724 3298 782 δ’
3329 727 3404 791 ὡς
3435 725 3665 802 βασιλέα

2009 823 2099 878 καὶ
2160 821 2340 894 ὲτέραν
2402 816 2688 897 πρεσϐείαν
2757 819 3045 897 εἰληφότες
3102 817 3519 892 ἐπανέρχονται,
3577 814 3664 869 καὶ

2011 906 2521 985 καταλαμϐάνουσιν
2583 909 2884 985 ἐρχόμενον
2955 909 3047 963 τὸν
3126 906 3417 980 Κομνηνὸν
3480 904 3557 967 είς
3603 903 3668 960 τὸ

2014 1000 2222 1077 χωρίον
2279 1000 2375 1063 τὰς
2430 998 2600 1061 Ῥέας.
2660 996 2902 1068 Ἐδήλου
2959 994 3016 1051 δέ
3061 999 3097 1066 ἡ
3154 989 3412 1071 πρεσϐεία
3479 993 3669 1069 ἀναγο·

2018 1097 2271 1167 ρευθῆναι
2327 1089 2419 1162 μὶν
2478 1089 2570 1143 τὸν
2638 1088 2921 1160 Κομνηνὸν
2982 1085 3211 1162 βασιλέα
3269 1083 3668 1153 υίοθετηθὲντα,

2016 1185 2147 1235 πᾶσι
2203 1176 2259 1233 δὲ
2312 1183 2430 1239 τοῖς
2482 1176 3034 1252 συστρατευσαμένοις
3096 1173 3244 1247 αὐτῷ
3305 1167 3672 1248 βεϐαιωθῆναι

2016 1269 2112 1330 τὰς
2153 1268 2299 1343 παρὰ
2326 1271 2424 1321 τοῦ
2457 1269 2750 1339 Κομνηνοῦ
2778 1266 2944 1338 τιμάς
3002 1266 3292 1340 γράμμασι
3336 1259 3668 1337 βασιλικοῖς.

2025 1356 2413 1431 Ἀγγελθείσης
2443 1353 2500 1411 δὲ
2527 1362 2630 1423 τῆς
2673 1354 2732 1410 ἐκ
2785 1354 3052 1429 βασιλέως
3105 1353 3456 1428 ὑποσχέσεως
3515 1349 3675 1412 αὐτὸς

2026 1446 2120 1518 μὲν
2155 1447 2183 1500 6
2233 1446 2521 1517 Κομνηνὸς
2574 1444 2666 1499 καὶ
2722 1445 2916 1507 πάντες
2970 1444 3022 1497 οἱ
3075 1442 3167 1497 σὺν
3212 1442 3361 1514 αύτῷ
3410 1439 3674 1516 ἄρχοντες

2023 1534 2435 1612 ἐπευφήμησαν,
2492 1533 2583 1588 καὶ
2646 1535 2742 1598 τὰς
2822 1535 3146 1609 ὑποσχέσεις
3217 1527 3677 1609 χρυσοϐουλλείῳ

2022 1628 2202 1701 γραφῇ
2265 1618 2628 1698 βεϐαιωθῆναι
2685 1623 2893 1693 ἠξίουν,
2925 1623 3092 1696 μόνος
3147 1621 3206 1677 δὲ
3254 1623 3283 1677 6
3329 1622 3677 1695 Κεκαυμένος

2025 1713 2362 1787 ἀπηρέσκετο
2411 1714 2548 1787 πρὸς
2596 1713 2772 1767 πάντα
2822 1712 2911 1767 καὶ
2952 1710 3270 1768 καταλιπεῖν
3303 1711 3537 1767 ἐνέκειτο
3584 1712 3675 1766 τὸν

2026 1803 2254 1877 γέροντα
2305 1802 2404 1871 τήν
2471 1799 2750 1877 βασιλείαν
2812 1801 2903 1856 καὶ
2966 1804 3353 1878 ὑποχωρῆσαι,
3408 1803 3483 1875 μὴ
3543 1802 3677 1856 εἶναι

2029 1888 2174 1961 ἄξιον
2220 1890 2393 1966 λέγων
2428 1894 2619 1945 τοῦτον
2676 1891 2768 1964 μὲν
2809 1889 2918 1963 ἤδη
2968 1893 3353 1967 καθαιρεθέντα
3402 1890 3492 1946 καὶ
3542 1891 3677 1945 ἀπο-

2030 1980 2377 2055 κηρυχθέντα
2426 1980 2610 2053 ὅρκοις
2654 1977 3109 2058 φρικωδεστάτοις
3165 1979 3318 2045 αὖθις
3380 1999 3680 2056 συγχωρη-

2032 2070 2189 2139 θῆναι
2252 2066 2557 2144 βασιλεύειν
2616 2068 2941 2142 Ῥωμαίων·
2999 2074 3161 2126 τοῦτο
3219 2070 3323 2147 γὰρ
3401 2071 3492 2125 καὶ
3549 2072 3684 2123 Θεοῦ

2035 2159 2202 2235 ὀργὴν
2259 2155 2413 2232 ἔλεγε
2477 2159 2719 2229 κινήσειν
2783 2155 2874 2213 διὰ
2918 2160 3019 2228 τὴν
3065 2159 3368 2235 ἐπιορκίαν,
3415 2160 3505 2215 καὶ
3555 2155 3686 2214 οὐδὲ

2034 2250 2223 2311 αὐτοῖς
2284 2248 2491 2304 ἔσεσθαι
2551 2250 2926 2326 συμφέρουσαν
2978 2252 3081 2319 τὴν
3126 2255 3237 2307 τῶν
3283 2249 3472 2307 ὅπλων
3526 2255 3687 2308 κατά-

2036 2341 2214 2395 θεσιν·
2269 2338 2433 2403 αὐτός
2504 2359 2565 2394 τε
2632 2341 2734 2415 γάρ
2806 2339 3140 2410 υἱοθετηθεὶς
3202 2340 3509 2419 φαρμάκοις
3557 2363 3685 2398 κατ-

2038 2426 2311 2504 εργασθεὶς
2400 2427 2689 2502 οἰχήσεται
2772 2430 3004 2503 θᾶττον,
3085 2429 3174 2484 καὶ
3265 2427 3492 2494 ἐκαστος
3576 2435 3686 2487 τῶν

2038 2517 2465 2591 συμπραξάντων
2546 2517 2698 2590 αὗτῷ
2760 2519 2840 2573 τὼ
2910 2516 3685 2597 ὀφθαλμὼζδιορυγήσεται.

2036 2606 2260 2681 Αέγεται
2314 2602 2371 2660 δὲ
2414 2605 2497 2660 ὅτι
2543 2606 2633 2661 καὶ
2688 2607 2739 2660 οἱ
2788 2603 3112 2682 πρεσϐευταὶ
3178 2604 3691 2684 παραπρεσϐεύσαν-

2039 2715 2149 2763 τες,
2183 2690 2385 2748 ἄλλοτε
2427 2692 2599 2757 ἄλλος
2632 2693 2805 2771 λάθρα
2832 2701 2913 2768 τῷ
2970 2699 3296 2772 Κεκαυμένῳ
3351 2699 3692 2772 προσιόντες,

2041 2782 2383 2858 παρεκάλουν
2443 2780 2660 2859 ἔχεσθαι
2712 2792 2811 2855 τῆς
2868 2786 3158 2849 ἐνστάσεως
3214 2788 3304 2843 καὶ
3366 2787 3497 2861 μηδ’
3543 2786 3693 2850 ὅλως

2043 2868 2283 2927 ἐνδοῦναι
2356 2874 2534 2928 Τοῦτο
2616 2871 2673 2928 δὶ
2747 2872 2904 2929 αὐτὸν
2963 2875 3192 2943 ποιῆσαι
3249 2876 3338 2932 καὶ
3403 2879 3454 2932 οἱ
3507 2877 3696 2942 καλῶς

2040 2957 2241 3023 εἰδότες
2271 2956 2712 3039 ἐπληροφὸρουν,
2747 2961 2936 3036 ἄνδρες
2990 2965 3097 3041 οὐχ
3127 2966 3236 3021 οἱοί
3267 2987 3325 3021 τε
3381 2966 3697 3041 ψεύδεσθαι,

2039 3050 2130 3104 καὶ
2163 3049 2238 3110 εἷς
2268 3049 2427 3105 αὐτὸν
2459 3051 2551 3105 τὸν
2574 3054 2857 3125 Κομνηνὸν
2891 3052 3377 3130 πληροφοροῦντες
3406 3054 3702 3129 ἐνωμότως

2041 3138 2118 3201 ὡς
2174 3138 2311 3193 ἅπαν
2363 3140 2425 3193 τὸ
2483 3140 2698 3195 ἀστικὸν
2760 3140 2977 3212 πλῆθος
3039 3147 3313 3219 περικαῶς
3378 3144 3455 3208 είς
3534 3145 3696 3201 αὐτὸν

276 3223 418 3304 ἔχει,
448 3227 540 3282 καὶ
568 3227 642 3289 ὡς
675 3225 727 3280 εἷ’
757 3227 918 3299 μόνον
954 3223 1156 3301 ἐγγίσει
1184 3228 1252 3298 τῇ
1280 3223 1463 3293 πόλει,
1490 3224 1581 3279 τὸν
1614 3222 1844 3300 γὲροντα
1874 3225 2238 3296 ἐξωθήσαντες
2274 3228 2390 3301 μετ’
2420 3227 2696 3285 ἐπινικίων
2728 3232 2819 3286 καὶ
2850 3232 3035 3305 ὕμνων
3068 3235 3231 3290 αὐτὸν
3288 3233 3697 3310 προσδεξονται.

278 3316 383 3374 Καὶ
411 3319 578 3371 ταῦτα
614 3316 706 3390 μὶν
739 3315 985 3391 γενέσθαι
1017 3313 1229 3389 λέγεται
1260 3313 1342 3368 ἐπὶ
1380 3311 1766 3389 στρατοπέδου.

350 3444 591 3499 Interim
624 3457 800 3497 senex
830 3442 1148 3512 imperator
1177 3440 1391 3495 civium
1423 3457 1561 3513 erga
1591 3457 1653 3496 se
1678 3441 1927 3496 benevo-
1958 3438 2000 3505 C

277 3531 544 3598 lentiam,
567 3529 1467 3599 donis,muneribus,honoribus
1486 3536 1542 3585 et
1564 3528 1695 3585 aliis
1718 3529 1934 3600 quibus

280 3620 441 3676 favor
498 3618 696 3691 populi
747 3624 988 3691 paratur
1041 3635 1107 3673 ac
1168 3619 1452 3673 retinetur
1507 3619 1931 3686 confirmabat;

284 3714 463 3781 utque
493 3709 740 3764 arctiore
767 3724 897 3764 eam
929 3708 1160 3763 vinculo
1192 3707 1639 3779 constringeret,
1674 3707 1932 3779 promul-

278 3804 414 3872 gato
464 3798 694 3855 decreto
742 3798 1127 3853 sacramentis
1189 3798 1461 3853 maximis
1512 3801 1569 3853 et
1619 3797 1937 3852 dirissimis

274 3888 800 3960 imprecationibus
832 3886 1130 3959 obligabat
1171 3885 1499 3959 Byzantios,
1537 3903 1839 3957 nunquam
1876 3903 1937 3942 se

281 3978 644 4033 Comnenum
668 3977 1080 4047 imperatorem
1100 3981 1202 4030 aut
1224 3975 1531 4030 dominum
1552 3975 1937 4047 salutaturos,

283 4072 383 4123 aut
415 4066 751 4137 imperatori
784 4065 1049 4119 debitum
1082 4064 1363 4120 honorem
1395 4064 1693 4119 delaturos
1721 4084 1734 4131 ;
1770 4064 1939 4135 eique

282 4154 548 4227 singulos
578 4158 882 4210 senatores
925 4152 1294 4209 subscribere
1324 4158 1380 4208 et
1412 4157 1601 4208 ratum
1635 4151 1692 4207 id
1726 4153 1940 4208 habere

283 4244 493 4314 coegit.
516 4242 677 4305 Quod
703 4241 742 4296 ii
766 4242 1030 4297 fecerunt
1055 4242 1324 4313 potentiae
1347 4242 1938 4305 cedentes,Comneno

284 4333 476 4388 adhuc
506 4330 709 4403 procul
760 4332 831 4386 ab
863 4331 1005 4385 urbe
1050 4335 1339 4387 versante.
1390 4333 1607 4386 Verum
1639 4331 1736 4386 ubi
1784 4331 1834 4386 is
1866 4331 1937 4385 ad

281 4420 520 4477 Almeas
553 4418 820 4489 accessit,
852 4424 910 4475 et
940 4419 1221 4490 postridie
1250 4424 1376 4475 erat
1407 4420 1463 4475 in
1498 4418 1713 4491 palatio
1740 4424 1941 4474 Dama-

279 4515 442 4582 tryos
476 4512 945 4581 pernoctaturus,
962 4510 1086 4579 jam
1123 4525 1334 4564 aurora
1378 4513 1707 4580 appetente,
1744 4508 1940 4565 subito

279 4599 560 4672 Magnum
607 4597 706 4653 Dei
757 4598 1043 4669 templum
1097 4599 1612 4653 circumsteterunt
1658 4599 1940 4670 magister

278 4687 603 4744 Michaelus
662 4687 957 4743 Anastasii
1013 4687 1191 4757 ﬁlius,
1252 4687 1537 4759 patricius
1595 4687 1937 4742 Theodorus

275 4778 634 4852 Chryselius,
669 4777 949 4848 patricius
982 4776 1437 4852 Christophorus
1467 4775 1619 4832 685
1656 4776 1934 4848 Pyrrhus,

276 4885 482 4925 omnes
503 4866 891 4924 sodalitatum
923 4869 1121 4933 duces,
1158 4866 1545 4937 nonnulliquo
1577 4866 1673 4921 alii
1719 4866 1933 4921 obscu-

274 4959 480 5023 riores,
516 4973 731 5029 magna
765 4973 901 5012 voce
951 4957 1305 5011 descendere
1339 4955 1732 5027 patriarcham
1766 4956 1837 5011 ad
1872 4973 1935 5011 se

268 5047 587 5117 jubentes:
623 5046 694 5100 de
716 5045 992 5101 maximis
1016 5045 1189 5100 rebus
1209 5044 1661 5100 consulendum.
1690 5044 1935 5099 Patriar-

277 5134 387 5188 cha
408 5134 465 5187 id
489 5133 676 5189 facere
707 5149 842 5189 cum
876 5137 1195 5202 recusaret,
1225 5149 1482 5204 suasque
1513 5133 1753 5189 obderet
1782 5131 1933 5189 fores

275 5224 597 5293 etjanuam
619 5221 867 5277 cochleas
900 5240 1024 5293 quas
1059 5223 1114 5276 in
1141 5222 1447 5294 superiora
1476 5221 1677 5292 templi
1702 5222 1929 5277 concla-

273 5311 367 5366 via
387 5311 603 5379 educit,
629 5326 695 5364 ac
718 5311 1112 5382 Nicephorum
1137 5312 1548 5366 tantummodo
1570 5317 1625 5365 et
1645 5311 1929 5366 Constan-

271 5400 460 5453 tinum
487 5400 718 5462 fratres,
744 5399 1036 5469 patrueles
1059 5417 1217 5467 suos,
1244 5400 1502 5455 mitteret
1524 5416 1588 5453 ac
1614 5416 1715 5470 per
1746 5416 1845 5455 eos
1867 5415 1929 5455 se

270 5487 499 5543 consuli
532 5487 858 5555 mandaret,
885 5488 923 5541 ii
945 5489 1043 5560 qui
1070 5506 1135 5545 eo
1158 5493 1552 5545 convenerant
1574 5504 1789 5559 magna
1807 5492 1925 5558 jam

267 5576 443 5631 turba
473 5576 628 5630 aucti
662 5577 818 5647 (nam
866 5577 1014 5631 fama
1047 5578 1232 5633 didita
1266 5579 1649 5649 undiquaque
1681 5593 1925 5632 concur-

266 5666 473 5722 rebant
505 5682 619 5719 non
656 5665 689 5718 ii
728 5667 896 5720 modo
919 5667 1019 5735 qui
1053 5669 1218 5722 novis
1239 5669 1575 5738 gaudebant
1602 5668 1797 5731 rebus,
1822 5669 1920 5723 sed

266 5760 320 5810 et
347 5752 794 5826 prudentiorum
818 5754 974 5809 haud
1010 5755 1180 5827 pauci
1202 5760 1259 5813 et
1287 5756 1457 5813 multi
1484 5759 1787 5813 senatores
1809 5772 1923 5813 non

2119 3443 2200 3514 [P.
2236 3445 2362 3516 804]
2385 3442 2446 3500 Ὁ
2477 3440 2533 3498 δέ
2556 3445 2729 3520 γέρων
2760 3447 3082 3526 συνέσφιγγε
3115 3450 3210 3522 μὲν
3235 3449 3314 3512 εἲς
3369 3451 3529 3507 αὐτὸν
3587 3458 3696 3509 τῶν

2040 3527 2283 3584 πολιτῶν
2315 3530 2523 3586 εὔνοιαν
2552 3535 2637 3588 καὶ
2673 3531 2902 3611 δωρεαῖς
2932 3538 3022 3591 καὶ
3045 3540 3297 3613 χρήμασι
3328 3541 3419 3595 καὶ
3449 3541 3696 3615 ἀξιωμά-

2039 3639 2147 3673 των
2185 3621 2482 3696 ὑπεροχαῖς
2514 3622 2603 3676 καὶ
2630 3628 2747 3686 τοῖς
2774 3625 3045 3689 τοιούτοις
3078 3630 3161 3692 οἷς
3189 3626 3435 3705 θέλγεται
3465 3630 3556 3685 καὶ
3599 3652 3699 3686 κα-

2042 3705 2522 3785 ταδημαγωγεῖται
2553 3712 2614 3765 τὸ
2644 3712 2983 3785 πλῆθος,καὶ
3016 3716 3153 3789 πρὸς
3178 3716 3390 3773 εὔνοιαν
3416 3716 3700 3793 δεσμεῖται

2044 3796 2134 3851 καὶ
2191 3797 2388 3852 πίστιν’
2425 3800 2642 3872 μείζονα
2674 3798 2731 3856 δέ
2779 3804 2868 3857 καὶ
2919 3804 3313 3882 ἀρῥηκτότερον
3357 3808 3449 3864 τὸν
3503 3806 3702 3883 δεσμὸν

2043 3888 2144 3954 τῆς
2201 3886 2410 3949 εὐνοίας
2464 3895 2690 3957 ποιῆσαι
2756 3890 3118 3966 βουλόμενος,
3171 3896 3258 3950 καὶ
3318 3905 3699 3972 γραμματεῖον

2046 3973 2335 4046 ἐκθέμενος
2367 3975 2552 4050 ὅρκοις
2577 3985 2824 4056 φρικτοῖς
2864 3982 2952 4035 καὶ
2989 3982 3145 4057 ἀραῖς
3195 3983 3701 4057 παλαμναιοτάταις

2045 4061 2583 4140 κατησφαλισμὲνον,
2645 4068 2718 4130 ὠς
2780 4067 3040 4127 οὐδέποτε
3098 4073 3328 4149 βασιλέα
3365 4074 3400 4143 ἢ
3434 4072 3707 4145 δεσπότην

2046 4152 2137 4206 τὸν
2190 4154 2478 4226 Κομνηνὸν
2511 4154 2875 4228 ὀνομάσουσιν
2907 4161 2941 4231 ἢ
2972 4163 3070 4229 τὴν
3123 4162 3341 4237 βασιλεῖ
3387 4166 3704 4239 πρεπουσαν

2045 4242 2215 4313 τιμὴν
2275 4242 2426 4313 αὐτῷ
2474 4244 2881 4318 προσοίσουσιν,
2912 4246 3135 4306 ἕκαστον
3176 4257 3282 4307 τῶν
3319 4252 3703 4330 συγκλητικῶν

2047 4329 2344 4405 ἠνάγκαζεν
2398 4332 2724 4412 ὑπογράφειν
2778 4334 2829 4389 ἐν
2883 4337 3031 4411 αὐτῷ
3088 4340 3177 4395 καὶ
3232 4341 3301 4397 τὰ
3347 4329 3705 4419 γεγραμμένα

2047 4423 2279 4509 κυροῦν,
2329 4421 2430 4475 Καὶ
2490 4424 2679 4486 πάντες
2721 4426 2816 4497 μὲν
2881 4430 2950 4501 τῇ
3010 4427 3221 4503 ἐξουσίᾳ
3278 4434 3705 4509 πειθαρχοῦντες

2183 4508 2372 4585 πόρῥω
2396 4596 2403 4599 μ
2430 4516 2525 4565 τοῦ
2579 4519 2873 4586 Κομνηνοῦ
2930 4514 3216 4593 διάγοντος
3255 4504 3585 4599 ὑπέγραψαν·
3621 4527 3699 4589 ὡς

2048 4593 2105 4688 ὑὶ
2135 4595 2339 4688 ἐκεῖνος
2367 4596 2590 4675 ἤγγισεν
2627 4600 2705 4665 εἵς
2754 4624 2805 4657 τι
2854 4606 3063 4680 χωρίον
3094 4608 3337 4682 Ἀλμὲας
3368 4593 3688 4688 ⁷λεγόμενον

2047 4682 2249 4757 ἔμελλε
2308 4685 2364 4742 δὲ
2417 4692 2485 4762 τῇ
2539 4690 2793 4765 ἐπαύριον
2853 4693 2905 4748 ἐν
2963 4701 3079 4759 τοῖς
3130 4696 3416 4762 παλατίοις
3468 4682 3689 4772 ἀύλίζεο

2048 4775 2168 4869 otia;
2243 4780 2338 4869 τοῦ
2424 4778 2764 4852 Δαματρύος,
2816 4781 3083 4862 αἰφνίδιον
3165 4791 3514 4864 περιστάντες
3570 4794 3694 4869 περὶ

2042 4864 2105 4917 τὸ
2134 4865 2461 4941 περίορθρον
2488 4872 2556 4941 τῇ
2588 4873 2685 4923 τοῦ
2715 4876 2849 4926 Θεοῦ
2889 4872 3116 4951 Μεγάλῃ
3178 4875 3444 4952 ἐκκλησίᾳ
3503 4882 3531 4936 ὁ
3589 4864 3695 4955 μά-

2044 4972 2265 5026 γιστρος
2315 4955 2502 5029 [καὶ]
2554 4958 2788 5033 Μιχαὴλ
2845 4963 2872 5015 6
2940 4967 3034 5017 τοῦ
3085 4965 3437 5024 ’Λναστασίου
3497 4971 3634 5038 υἱὸς,
3667 4973 3696 5026 6

2042 5042 2328 5135 πατρίκιος
2404 5043 2685 5122 Θεόδωρος
2761 5050 2789 5103 6
2865 5051 3218 5125 Χρυσήλιος,
3296 5057 3325 5112 ὁ
3408 5060 3694 5135 πατρίκίος

2042 5131 2418 5221 Χριστοφόρος
2471 5136 2513 5205 ὁ,
2548 5136 2782 5212 ΙΙυρῥὸς,
2846 5141 2897 5193 οἱ
2954 5146 3060 5195 τῶν
3149 5143 3428 5221 ἑταιρειῶν
3499 5131 3693 5215 πάντες

2041 5218 2328 5311 αρχοντες,
2359 5222 2448 5276 καί
2496 5244 2638 5287 τινες
2690 5223 2858 5281 ἄλλοι
2916 5235 3023 5284 τῶν
3084 5218 3480 5311 ἀφανεστέρων,
3513 5240 3695 5296 κάτω-

2043 5310 2128 5361 Θεν
2176 5305 2398 5384 ἔκραζον
2448 5312 2727 5369 κατελθεῖν
2774 5317 2909 5393 πρὸς
2956 5305 3152 5385 αὐτοὺς
3202 5323 3295 5378 τὸν
3342 5305 3691 5405 πατριάρχην

2040 5397 2113 5459 ὡς
2175 5397 2473 5470 μέλλοντες
2518 5403 2642 5477 περὶ
2687 5404 2987 5479 ἀναγκαίων
3037 5408 3183 5483 αύτῷ
3240 5397 3461 5478 πεύσεις⁷
3521 5397 3693 5490 προσ-

2037 5493 2294 5561 ενεγκεῖν.
2355 5494 2458 5543 Τοῦ
2519 5488 2575 5546 δὲ
2649 5494 2724 5565 μὴ
2796 5492 3092 5567 καταϐῆναι
3171 5504 3503 5574 πεισθέντος,
3564 5488 3692 5564 ἀλλ’

2038 5575 2461 5641 ἀποκλείσαντος
2489 5581 2584 5645 τὰς
2613 5582 2804 5638 ἑαυτοῦ
2838 5585 3004 5660 Θύρας
3041 5588 3130 5643 καὶ
3177 5592 3277 5659 τὴν
3324 5589 3534 5649 εἴσοδον
3589 5602 3691 5651 τοῦ

2036 5663 2327 5761 ἀνάγοντος
2357 5667 2533 5761 εἱς-τὰ
2564 5672 2784 5748 ὑπερῷα
2831 5682 2932 5745 τῆς
2991 5676 3284 5750 ἐκκλησίας
3336 5676 3687 5761 λαϐυρίνθου,

2035 5756 2394 5836 πεπομφότος
2446 5755 2502 5813 δὲ
2556 5762 2695 5839 πρὸς
2747 5763 2977 5830 τούτους
3007 5765 3326 5849 Νικηφόρον
3382 5755 3489 5829 καῖ’
3530 5755 3687 5834 Κωνλ
