4122 6406
1494 433 2041 498 HISTORIARUM
2087 435 2612 498 COMPENDIUM

3647 437 3769 502 366

321 571 586 622 nntivov
631 567 772 633 τοὺς
804 566 1182 645 αὖταδίλφους
1227 565 1318 623 καὶ
1370 563 1540 629 ἰδίους
1588 565 1862 640 ἀνεψιοὺς,
1895 565 1986 620 καὶ

2116 573 2252 623 bene
2297 585 2330 624 a
2381 568 2721 626 Stratiotico
2773 572 3030 643 tractati)
3067 571 3359 642 patrueles
3417 571 3766 643 patriarchae

330 655 392 712 δι’
417 655 590 712 αὐτῶν
633 657 738 718 τὰς
785 678 1003 718 πευσεις
1047 657 1485 732 προσενεχθῆναί
1538 657 1590 710 οἱ
1647 655 1993 727 κελεύοντος,

330 747 378 800 οἱ
405 742 766 808 συνελθόντες
815 745 908 800 καὶ
961 743 1104 801 ἄλλο
1143 744 1359 814 πλῆθος
1407 737 1854 816 προσλαϐόμενοι
1897 741 1996 796 οὐκ

331 834 519 908 ὀλίγον
549 832 688 906 (ἤδη
719 835 827 911 γὰρ
881 842 985 904 τῆς
1043 837 1234 912 φήμης
1283 830 1627 900 διαδοθείσης
1671 832 1992 906 συνέτρεχον

332 921 590 988 πανσυδὶ»,
625 921 692 978 ού
742 924 912 996 μόνον
960 925 1012 978 οἱ
1061 928 1178 984 τοῖς
1230 925 1622 997 νεωτερισμοῖς
1674 920 1994 994 ἐπιχαίρον-

333 1034 440 1082 τες,
471 1011 616 1068 ἀλλὰ
655 1013 752 1068 καὶ
808 1017 920 1067 τῶν
973 1010 1350 1087 συνετωτέρων
1384 1010 1484 1064 οὐκ
1515 1008 1694 1083 ὀλίγοι
1747 1011 1838 1063 καὶ
1886 1012 1993 1062 τῶν

343 1101 718 1178 συγκλητικῶν
749 1101 993 1172 πλῆθος,
1027 1101 1146 1156 ὅσοι
1196 1102 1272 1174 μὴ
1324 1101 1520 1160 ἱκανῶς
1547 1099 1694 1173 παρὰ
1720 1103 1816 1152 τοῦ
1850 1099 1998 1172 βασι-

351 1192 484 1252 λέως
523 1189 982 1265 ἐθεραπεύθησαν)
1023 1190 1378 1266 περισχόντες
1422 1187 1548 1250 τοὺς
1597 1192 1696 1242 τοῦ
1733 1187 1996 1262 πατριάρ-

344 1300 448 1356 χου
473 1279 736 1354 ἀνεψιοὺς
789 1279 1042 1355 ἀπάγξειν
1085 1276 1371 1348 ἠπείλουν,
1406 1275 1450 1330 εἰ
1505 1278 1580 1349 μή
1612 1283 1806 1352 τάχιον
1841 1275 2000 1340 αὐτὸς

333 1364 610 1440 καταϐαίη
659 1369 798 1443 πρὸς
860 1367 1110 1430 τούτους.
1161 1369 1220 1424 Ὁ
1254 1364 1311 1421 δὲ
1361 1364 1467 1421 εἴτε
1511 1363 1682 1434 ἄκων,
1712 1365 1810 1420 οὐκ
1855 1363 1996 1434 οἶδα,

331 1455 432 1524 εἴθ’
467 1459 632 1530 ἑκὼν,
666 1459 742 1522 ὡς
785 1459 814 1514 ὁ
855 1461 961 1512 τῶν
1007 1455 1279 1512 πλειόνων
1325 1457 1443 1530 εἶχε
1495 1453 1682 1530 λόγος,
1713 1455 1812 1522 τὴν
1847 1455 1993 1528 ἱερα-

331 1551 498 1616 τικὴν
555 1546 914 1623 περιθέμενος
986 1543 1246 1601 διπλοΐδα
1315 1547 1428 1618 (53)
1512 1544 1604 1598 καὶ
1685 1543 1752 1598 τὰ
1829 1540 1999 1597 λοιπά

331 1643 648 1714 παράσημα
725 1643 828 1705 τῆς
907 1633 1324 1711 ἀρχιερωσύνης
1409 1627 1696 1688 ἀναλαϐὼν
1760 1631 1996 1686 κάτεισιν

335 1726 700 1798 ἀκκιζόμενος
749 1724 840 1779 καὶ
908 1721 1059 1779 δεινοὶ
1121 1723 1393 1799 πάσχοντι
1447 1721 1640 1784 έυικώς
1673 1741 1684 1753 ·
1746 1721 1880 1790 ἦσαν
1943 1718 2000 1774 δὲ

333 1815 508 1872 ταῦτα
537 1815 718 1870 πάντα
769 1815 968 1884 σκηνὴ,
1007 1814 1084 1874 ὡς
1141 1813 1208 1867 τὰ
1255 1815 1553 1889 πράγματα
1601 1809 1826 1880 ἔδέιξαν.
1860 1816 1996 1864 Κατ-

335 1905 576 1970 ελθόντα
659 1903 764 1980 γὰρ
847 1902 1050 1958 ἐκεῖνον
1152 1902 1348 1963 εὐθέως
1439 1902 1490 1955 οἱ
1588 1901 1816 1954 ἁνάπται
1900 1903 1998 1953 τοῦ

335 1994 592 2064 πλήθους
649 1989 1077 2068 παρειληφότες,
1129 1991 1218 2045 καὶ
1281 1989 1470 2064 θρόνον
1531 1989 1855 2063 ἐνεγκόντες,
1908 1987 1996 2041 ἐπὶ

341 2089 440 2138 τοῦ
491 2081 666 2152 δεξιοῦ
729 2079 926 2155 μέρους
1005 2080 1284 2149 καθίζουσι
1361 2083 1456 2133 τοῦ
1509 2078 1662 2153 ἁγίου
1725 2079 1996 2154 βήματος.

351 2173 456 2229 Καὶ
503 2176 714 2245 πρῶτον
762 2171 882 2244 μὲν,
931 2170 1005 2230 ὡς
1045 2169 1098 2224 ἐν
1139 2169 1496 2243 προσχήματι
1528 2165 1695 2243 τάχα,
1726 2161 1996 2240 πρεσϐευ-

355 2263 456 2330 τὴν
503 2261 650 2316 αὐτὸν
707 2258 1053 2335 παρεκάλουν
1102 2259 1176 2320 ὡς
1241 2255 1470 2332 βασιλέα
1521 2258 1788 2332 γενέσθαι,
1849 2255 2000 2320 ὅπως

359 2347 648 2418 ἀποδοθείη
703 2349 890 2409 αὐτοῖς
935 2347 1000 2402 τὸ
1054 2346 1366 2424 ὑπογραφέν
1422 2347 1550 2421 παρ’
1587 2344 1760 2400 αὐτῶν
1807 2341 2002 2420 ἔγγρα-

361 2461 482 2518 φον,
517 2439 586 2500 ὡς
613 2436 716 2509 ἤδη
749 2442 848 2492 τοῦ
881 2436 1151 2512 βασιλέως
1199 2435 1564 2508 σπεισαμένου
1613 2440 1692 2506 τῷ
1725 2433 1999 2506 Κομνηνῷ

349 2529 440 2582 καὶ
505 2526 730 2602 βασιλέα
785 2527 1104 2587 ἀνειπόντος
1171 2525 1356 2580 αὐτόν.
1412 2527 1522 2582 Τοῦ
1573 2523 1674 2600 γὰρ
1729 2523 1999 2600 ἐγγράφου

347 2615 670 2688 σωζομένου
745 2613 1136 2692 ἀδιαῤῥήκτου,
1228 2611 1379 2669 δυοῖν
1467 2613 1693 2668 ἀτόποιν
1777 2612 2000 2683 θάτερον

349 2703 582 2784 ἔφασκον
625 2704 678 2774 ἒξ
735 2705 972 2779 ἀνάγκης
1027 2699 1284 2777 ἕψεσθαι’
1347 2701 1382 2772 ἤ
1432 2703 1535 2777 γὰρ
1590 2702 1998 2779 εύφημήσαντες

345 2795 510 2850 αὐτὸν
567 2794 644 2856 ὡς
705 2791 932 2869 βασιλέα
982 2793 1424 2868 ἰπιορκήσουσιν,
1469 2788 1506 2860 ἤ
1565 2791 1638 2852 ὡς
1695 2785 1998 2866 ἔνυϐρίσαν-

335 2906 428 2946 τες
465 2883 543 2946 εἰς
603 2880 832 2960 βασιλέα
885 2879 1344 2952 κολασθήσονταί.
1405 2883 1465 2938 Ὁ
1529 2878 1586 2935 δὲ
1633 2883 1850 2956 πρῶτον
1903 2880 1998 2952 μὶν

339 2967 726 3045 ἀνελάμϐανεν
807 2971 1026 3038 αὐτοὺς,
1105 2971 1196 3026 καὶ
1272 2968 1588 3045 πληρώσειν
1645 2970 1708 3024 τὸ
1793 2966 2004 3039 αἴτημα

335 3063 554 3117 τούτων
618 3059 1118 3134 κατεπηγγέλλετο.
1180 3062 1312 3114 Εἶτα
1390 3063 1588 3133 μικροῦ
1654 3055 2001 3119 διαλιπόντος

333 3155 540 3226 καιροῦ
599 3149 816 3204 πάντων
866 3149 1126 3227 ἀφέμενοι
1181 3147 1558 3223 αὐτοκράτορα
1608 3143 1833 3220 βασιλέα
1871 3145 2002 3198 ἀνα-

338 3239 640 3316 γορεύουσι
691 3239 782 3292 τὸν
845 3238 1158 3310 Κομνηνὸν,
1207 3237 1296 3291 καὶ
1351 3235 1478 3297 τοὺς
1537 3233 1654 3289 ὅσοι
1717 3235 1792 3306 μὴ
1842 3238 2002 3288 τοῦτο

2105 659 2458 730 corripuere,
2493 659 2968 730 strangulaturos
3003 661 3230 722 minati.
3266 661 3378 716 nisi
3410 661 3610 716 statim
3638 662 3764 732 ipse

2106 750 2504 804 descenderet.
2553 749 2756 818 Itaque
2806 750 3162 820 patriarcha,
3209 751 3328 805 sive
3374 751 3594 805 invitus
3627 755 3764 818 (non

2106 838 2260 892 enim
2321 838 2660 908 pronuntio)
2693 838 2836 906 sive,
2864 840 3018 908 quod
3075 839 3462 909 plurimorum
3495 855 3766 894 sermone

2107 927 2410 988 asseritur.
2453 927 2652 982 volens
2704 943 2768 981 ac
2819 933 3030 997 sponte
3079 944 3208 995 sua,
3261 933 3418 981 veste
3468 927 3769 997 pontiﬁcia

2109 1015 2451 1086 reliquoque
2495 1015 2694 1070 habitu
2731 1021 2788 1070 et
2818 1015 3154 1080 insignibus
3193 1017 3412 1070 summi
3459 1016 3768 1070 sacerdotii

2109 1111 2352 1160 ornatus
2385 1106 2712 1172 descendit,
2741 1104 3035 1160 simulans
3082 1123 3143 1160 se
3187 1106 3348 1175 gravi
3379 1105 3598 1174 injuria
3627 1105 3768 1160 affe-

2108 1197 2266 1249 ctum
2300 1194 2615 1264 indignari.
2651 1194 2764 1249 Res
2807 1194 2938 1265 ipsa
2969 1193 3168 1248 docuit
3207 1197 3329 1248 haec
3361 1194 3579 1261 omnia,
3613 1199 3678 1248 ut
3710 1195 3768 1248 in

2108 1299 2304 1348 scena,
2365 1300 2468 1354 per
2525 1283 2960 1338 simulationem
3025 1289 3170 1338 acta.
3207 1284 3336 1338 Mox
3385 1300 3520 1338 eum
3571 1282 3771 1354 populi

2109 1372 2496 1426 concitatores
2521 1372 2917 1443 arripuerunt,
2933 1372 3228 1443 allatoque
3246 1371 3390 1428 solio
3414 1373 3480 1426 ad
3506 1372 3769 1428 dextram

2111 1465 2334 1531 partem
2380 1476 2558 1514 sacrae
2609 1459 2764 1514 sella;
2816 1461 3196 1515 collocarunt.
3227 1463 3306 1515 Ac
3356 1461 3640 1532 primum,
3669 1461 3772 1515 sed

2110 1549 2220 1604 sub
2262 1553 2566 1620 praetextu,
2603 1548 2914 1603 hortantur
2943 1566 3074 1604 eum
3111 1554 3172 1604 ut
3205 1567 3307 1620 pro
3355 1549 3500 1620 ipsis
3542 1549 3774 1621 legatus

2111 1638 2522 1708 imperatorem
2553 1638 2746 1705 adeat,
2773 1643 3160 1709 reposcatque
3187 1640 3486 1694 decretum
3517 1639 3672 1694 636
3700 1639 3771 1694 ab

2111 1727 2256 1797 ipsis
2307 1727 2734 1796 subscriptum,
2767 1727 3248 1798 quandoquidem
3296 1728 3422 1796 jam
3465 1729 3590 1800 ipse
3637 1744 3772 1784 cum

2111 1815 2406 1870 Comneno
2449 1816 2600 1870 facta
2634 1833 2772 1887 pace
2804 1833 2938 1870 eum
2973 1816 3202 1884 imperii
3235 1834 3634 1872 successorem
3669 1817 3771 1872 de-

2113 1905 2428 1976 signasset.
2463 1905 2607 1958 Nam
2645 1905 2756 1960 nisi
2790 1921 2858 1960 ea
2877 1905 3081 1960 charta
3105 1907 3553 1976 discerperetur,
3579 1921 3776 1962 neces-

2106 1993 2260 2049 sario
2281 1993 2532 2048 alterum
2558 1995 2702 2060 fore,
2723 1999 2784 2048 ut
2806 1999 2907 2049 aut
2924 1994 3284 2050 Comnenum
3317 1996 3424 2066 ipsi
3455 1995 3776 2066 imperato-

2107 2099 2228 2138 rem
2261 2083 2574 2138 salutando
2607 2084 2862 2153 perfidiis
2895 2101 2957 2139 se
2989 2083 3440 2156 obligarent,vel
3480 2085 3764 2142 honorem

2107 2172 2158 2227 ei
2181 2173 2444 2226 debitum
2475 2189 2588 2227 non
2615 2172 2927 2228 deferendo
2955 2189 3155 2244 pcenas
3179 2173 3406 2230 darent.
3433 2173 3776 2230 Patriarcha

2110 2259 2400 2330 principio
2431 2275 2530 2314 eoe
2563 2259 2716 2314 bono
2748 2259 2944 2314 animo
2975 2277 3104 2315 esse
3128 2261 3330 2328 jussit,
3357 2278 3536 2333 seque
3566 2279 3768 2318 eorum

2110 2347 2404 2418 postulata
2435 2347 2818 2420 impleturum
2863 2349 3156 2419 promisit.
3191 2349 3368 2404 Paulo
3402 2357 3533 2422 post
3574 2355 3768 2406 autem

2109 2435 2214 2506 illi,
2249 2429 2526 2491 omnibus
2559 2435 2689 2492 aliis
2723 2438 2895 2491 rebus
2922 2437 3181 2502 omissis,
3210 2438 3622 2509 imperatorem
3655 2443 3769 2494 Au-

2111 2530 2351 2597 gustum
2413 2525 2780 2595 proclamant
2826 2525 3213 2594 Comnenum,
3256 2535 3312 2582 et
3359 2528 3774 2585 dissentientes

2114 2631 2214 2686 pro
2232 2614 2504 2668 hostibus
2521 2614 2766 2669 Romani
2791 2615 2865 2668 im
2879 2616 3020 2686 perii
3047 2615 3246 2670 haberi
3264 2633 3330 2670 ac
3349 2617 3774 2688 perduellibus,

2113 2709 2169 2758 et
2199 2720 2401 2758 eorum
2435 2705 2641 2758 domos
2670 2721 2702 2758 a
2735 2703 3114 2759 multitudine
3149 2705 3324 2776 diripi
3349 2707 3583 2776 jubent.
3616 2708 3776 2762 Prin-

2114 2809 2250 2862 ceps
2283 2792 2618 2862 patriarcha
2649 2809 2750 2864 per
2779 2793 3168 2865 Stephanum,
3203 2795 3298 2862 qui
3335 2796 3666 2866 proximum
3700 2798 3772 2852 ab

2115 2882 2242 2952 ipso
2274 2881 2334 2935 in
2359 2881 2608 2936 ecclesia
2629 2883 2940 2954 dignitatis
2966 2883 3156 2938 locum
3182 2884 3501 2952 obtinebat,
3523 2902 3775 2956 prasen-

2115 2977 2231 3025 tem
2255 2971 2365 3026 hoc
2398 2973 2701 3042 approbat,
2729 2989 2794 3025 ac
2823 2973 3194 3028 Theodorum
3231 2974 3556 3029 Antiochea:
3589 2975 3774 3046 patri-

2115 3059 2377 3128 archam,
2433 3059 2892 3129 proclamantem
2953 3061 3104 3116 hanc
3163 3063 3664 3134 designationem,
3717 3069 3776 3120 et

2115 3149 2553 3219 permittentem
2588 3155 2651 3203 ut
2681 3167 3049 3204 summorum
3087 3151 3344 3206 virorum
3379 3153 3480 3224 qui
3513 3152 3633 3207 haec
3667 3153 3776 3209 im-

2117 3239 2431 3308 probarent
2459 3237 2612 3293 .Ldes
2636 3237 2948 3292 diruantur
2980 3245 3153 3310 atque
3187 3239 3560 3311 diripiantur.
3585 3247 3776 3310 Atque

345 3327 646 3404 βούλονται
709 3326 944 3402 ἐχθροὺς
1020 3326 1300 3399 Ῥωμαίων
1378 3325 1467 3380 καὶ
1512 3323 1816 3384 ἀποστάτας
1866 3322 2002 3376 ὠνό-

2121 3327 2242 3381 ὺωο
2274 3327 2484 3398 agebat
2532 3327 2866 3398 patriarcha
2897 3327 3056 3382 intra
3093 3345 3322 3384 sacram
3371 3330 3546 3385 istam
3599 3335 3777 3402 atque

348 3424 548 3491 μαζον,
615 3417 708 3470 καὶ
781 3413 1167 3492 διαρπάζεσθαι
1233 3417 1329 3476 τὰς
1398 3413 1571 3476 οἰκίας
1644 3411 1815 3466 αὐτῶν
1905 3412 2008 3466 ὑπὸ

341 3511 444 3562 τοῦ
505 3505 760 3576 πλήθους
838 3502 1185 3578 ἐδοκίμαζον,
1263 3503 1430 3558 αὐτοῦ
1497 3507 1594 3557 τοῦ
1659 3501 2006 3576 πατριάρχου

350 3597 577 3670 πρώτοῦ
631 3592 724 3648 διὰ
771 3598 866 3648 τοῦ
928 3600 1029 3664 τῆς
1079 3592 1374 3664 ἐκκλησίας
1429 3589 1832 3667 δευτερεύοντος
1895 3591 2006 3662 (54)

361 3685 630 3760 Στεφάνου
689 3683 1066 3757 συμπαρόντος
1114 3681 1204 3736 καὶ
1253 3680 1729 3752 συνευδοκοῦντος,
1768 3678 1856 3733 καὶ
1884 3684 2008 3732 Θεο-

357 3771 538 3846 δώρου
591 3777 688 3828 τοῦ
749 3773 898 3845 [805]
948 3769 1290 3846 Ἀντιοχείας
1335 3771 1681 3845 πατριάρχου
1711 3769 1810 3837 τὴν
1839 3766 2006 3844 ἀνάρ-

349 3861 512 3940 ρησιν
541 3869 640 3930 τῆς
689 3859 962 3936 εὐφημίας
1009 3861 1331 3937 βοησαντος,
1363 3859 1454 3914 καὶ
1507 3857 1634 3920 τοὺς
1670 3855 1854 3919 οἴκους
1897 3861 2004 3911 τῶν

349 3952 402 4006 ἐν
477 3952 800 4025 ὗπεροχαῐς,
857 3946 976 4005 ὅσοι
1029 3950 1103 4022 μή
1165 3949 1461 4024 ἠρέσκοντο
1507 3953 1622 4009 τοῖς
1668 3947 2005 4022 γινομένοις,

359 4041 712 4094 ἀνασκεὶπτειν
754 4039 846 4094 καὶ
893 4037 1209 4114 διαρπάζειτ
1255 4039 1680 4114 προτρέποντος.
1713 4036 1813 4089 Καὶ
1841 4040 2008 4089 ταῦτα

365 4129 466 4201 μὲν
515 4123 760 4201 ἔπραττεν
814 4126 1012 4192 ἔσωθεν
1097 4132 1194 4182 τοῦ
1264 4127 1412 4180 θείου
1485 4125 1574 4180 καὶ
1654 4123 2006 4199 περιωνύμου

361 4221 500 4272 ναοῦ
537 4235 550 4248 ·
602 4213 828 4293 ἄγγελον
882 4214 942 4272 δὶ
972 4217 1108 4291 πρὸς
1136 4216 1228 4270 τὸν
1285 4216 1570 4289 Κομνηνὸν
1628 4215 1868 4287 πέμψας,
1919 4212 2006 4267 καὶ

355 4309 494 4377 πρὸς
541 4306 631 4360 τὸν
681 4307 910 4382 γέροντα
969 4303 1196 4373 ἄλλους,
1231 4303 1421 4377 ἰκείνῳ
1474 4303 1569 4376 μὶν
1610 4302 1803 4376 μηνύει
1852 4301 2012 4356 σπεύ-

351 4393 460 4451 δειν
543 4397 634 4450 καὶ
697 4397 772 4468 μή
857 4391 1162 4470 βραδύνειν,
1249 4394 1340 4448 καὶ
1402 4393 1591 4466 μισθὸν
1661 4391 1858 4465 ἀπῄτει
1906 4398 2007 4460 τῆς

349 4485 646 4560 συνεργίας
679 4484 754 4545 ὡς
787 4481 894 4554 ήδη
937 4481 1104 4545 τέλος
1154 4482 1391 4559 ἐχούσης
1431 4489 1530 4550 τῆς
1561 4481 1724 4536 αὐτοῦ
1754 4479 2008 4558 ἐφέσεως,

347 4575 534 4646 τούτῳ
595 4570 656 4627 δὲ
703 4572 941 4628 κατιέναι
987 4577 1097 4627 τῶν
1141 4571 1454 4646 ἀνακτόρων
1485 4571 1601 4624 κατ’
1659 4566 1816 4624 οὐδὲν
1863 4569 2010 4640 αὐτῷ

351 4657 775 4739 προσηκόντων.
807 4661 928 4718 Κὰκ
976 4661 1174 4716 τούτου
1228 4666 1345 4724 τοῖς
1391 4665 1550 4714 πᾶσιν
1602 4659 2007 4736 ἀπροφάσιστος
2045 4689 2087 4752 D

353 4751 524 4828 ἐφάνη
558 4753 590 4804 ἁ
619 4750 967 4827 πατριάρχης
1012 4751 1087 4822 μὴ
1139 4751 1302 4822 μόνον
1353 4749 1596 4822 μέτοχος
1644 4747 1716 4803 ὥν
1747 4746 1891 4803 ἀλλά
1921 4747 2010 4802 καὶ

352 4839 692 4916 πρωταίτιος
743 4847 843 4910 τῆς
905 4839 1252 4900 ἀποστασίας.
1287 4841 1400 4896 Τοῦ
1453 4835 1510 4891 δὶ
1557 4835 1685 4898 τοὺς
1733 4836 2014 4914 πεμφθέν-

349 4953 448 4994 τας
505 4929 586 4992 εἷς
645 4929 804 4984 αὐτὸν
867 4927 1279 5004 μητροπολίτας
1335 4927 1705 5003 έρωτὺσαντος
1741 4946 1752 4958 ·
1807 4924 1902 4980 Καῗ
1961 4923 2013 4979 τί

355 5041 454 5094 μοι
517 5017 636 5073 ἀντὶ
686 5025 784 5088 τῆς
843 5017 1124 5093 βασιλείας
1184 5019 1212 5072 ὁ
1270 5016 1617 5091 πατριάρχης
1665 5014 2009 5088 παρέχεταις

353 5109 574 5164 έκείνων
611 5105 670 5162 δὶ
716 5106 1163 5183 ἀποκριναμένων
1201 5128 1214 5140 ·
1250 5107 1364 5174 Τήν
1419 5104 1672 5178 ούράνιον
1711 5103 2012 5178 βασιλείαν,

355 5197 464 5274 ἄγα
491 5203 572 5270 τῷ
602 5196 752 5272 λόγῳ
807 5199 909 5266 τήν
966 5195 1246 5272 πορφύραν
1305 5189 1604 5250 ἀποϐαλὼν
1649 5194 1739 5248 καὶ
1795 5194 1862 5245 τὰ
1890 5213 2016 5247 κοκ-

353 5281 574 5364 κοϐαφῆ
605 5283 822 5359 πέλιδα,
854 5287 946 5340 καὶ
991 5282 1273 5354 ἴδιωτικὴν
1330 5280 1531 5353 ἔσθ-ἦτα
1576 5283 2008 5361 ἀμφιασάμενος,

351 5379 584 5432 κάτεισι.
618 5379 794 5434 Τοῦτο
844 5373 904 5430 δὲ
953 5375 1170 5436 πάντως
1219 5374 1424 5450 ἐγένετο
1485 5371 1544 5426 ἂν
1606 5373 1680 5435 ὡς
1726 5371 1926 5435 ἐκεῖνός
1953 5393 2013 5427 τε

2117 3415 2402 3471 celebrem
2427 3415 2778 3471 aedem.Mox
2803 3416 2948 3470 idem
2977 3417 3217 3472 nuntios
3241 3423 3296 3472 et
3317 3420 3387 3473 ad
3409 3419 3774 3476 Comnenum

2119 3505 2300 3559 mittit
2331 3510 2388 3560 et
2431 3506 2501 3560 ad
2536 3505 2962 3574 Stratioticum,
2997 3505 3167 3561 illum
3216 3523 3376 3562 mora
3407 3509 3566 3562 omni
3599 3525 3776 3580 repu-

2117 3594 2276 3648 diata
2297 3593 2872 3665 accelerarejubens,
2890 3597 3314 3668 praemiumque
3337 3614 3527 3674 operae
3551 3598 3776 3670 praesti-

2117 3688 2185 3736 ta:
2211 3686 2412 3754 utpote
2445 3698 2504 3736 re
2528 3683 2655 3752 jam
2689 3684 2953 3738 confecta
2995 3684 3323 3754 postulans,
3359 3686 3514 3741 hunc
3559 3687 3776 3757 palatio

2120 3771 2400 3825 nimirum
2437 3770 2580 3824 nihil
2616 3773 2688 3826 ad
2722 3771 2917 3842 ipsum
2944 3774 3093 3827 637
3123 3775 3446 3844 pertinente
3477 3777 3778 3832 discedere

2119 3860 2428 3914 mandans.
2457 3859 2619 3914 Unde
2650 3861 2928 3914 omnibus
2971 3862 3160 3931 patuit
3201 3863 3596 3933 patriarcham
3630 3865 3777 3920 nihil

2118 3965 2290 4020 posse
2339 3953 2673 4018 praetexere,
2707 3951 3027 4018 quominus
3057 3967 3172 4004 non
3221 3953 3418 4006 socius
3467 3954 3641 4008 modo
3671 3955 3774 4008 sed

2118 4043 2321 4092 auctor
2351 4038 2759 4109 praecipueque
2785 4055 2966 4093 causa
3006 4039 3184 4109 hujus
3219 4039 3402 4095 fuisse
3432 4041 3777 4097 defectionis

2119 4127 2472 4181 crederetur.
2509 4127 2717 4182 Missos
2768 4133 2960 4182 autem
2997 4130 3064 4182 ad
3109 4147 3171 4184 se
3206 4129 3608 4200 metropolitas
3639 4149 3774 4186 cum

2119 4215 2506 4286 interrogaret
2552 4216 2948 4280 Stratioticus,
2982 4219 3192 4289 ecquid
3235 4220 3344 4272 sibi
3395 4237 3498 4290 pro
3531 4221 3776 4292 imperio

2121 4305 2452 4376 patriarcha
2499 4305 2790 4371 redderet,
2825 4323 3068 4377 regnum
3124 4307 3356 4363 cmleste
3405 4310 3774 4366 redditurum

2119 4393 2334 4448 dixere.
2370 4397 2558 4464 Atque
2603 4393 2652 4446 is
2703 4393 2992 4466 extemplo
3027 4413 3346 4467 purpuram
3398 4415 3462 4453 ac
3513 4401 3779 4456 coccinos

2119 4481 2339 4536 calceos
2357 4481 3199 4554 abjecit,privatiqneindutus
3233 4487 3437 4542 habitu
3485 4489 3778 4545 discessit.

2119 4569 2426 4626 Enimvero
2459 4573 2611 4641 quod
2655 4571 2888 4627 volebat
2940 4579 2997 4628 et
3047 4575 3429 4646 metropolitas
3478 4578 3783 4648 promitte-

2121 4661 2284 4725 bant,
2319 4660 2470 4714 haud
2505 4660 2681 4715 dubie
2710 4667 3062 4716 consecutus
3097 4663 3320 4730 f'uisset,
3346 4667 3392 4720 si
3421 4667 3491 4720 ad
3521 4667 3780 4737 primum

2125 4754 2352 4803 motum
2404 4749 2748 4804 defectionis
2798 4752 3018 4821 regiam
3071 4753 3451 4809 deseruisset.
3485 4759 3652 4810 Nunc
3707 4758 3781 4812 ad

2123 4838 2340 4894 bellum
2379 4855 2564 4910 usque
2607 4839 2664 4893 in
2699 4857 2766 4894 ea
2799 4847 3082 4908 moratus,
3118 4861 3252 4897 cum
3285 4846 3671 4902 sustinuisset
3700 4852 3785 4904 tot

2123 4929 2333 4982 civium
2367 4928 2560 4982 videre
2591 4929 2744 4983 bello
2776 4931 3054 4985 intestino
3095 4931 3344 5001 cladem,
3377 4939 3578 5003 postea
3609 4937 3785 4992 rebus

2126 5017 2321 5071 tractis
2353 5023 2410 5071 et
2442 5017 2698 5072 subditis
2744 5021 3218 5096 opprimentibus
3265 5023 3513 5094 imperio
3561 5025 3784 5081 invitus

2123 5123 2185 5160 se
2217 5106 2517 5172 abdicans,
2545 5106 2694 5161 haud
2732 5111 2852 5162 scio
2885 5126 2957 5162 an
2991 5111 3493 5182 compensationis
3523 5113 3648 5169 loco
3682 5132 3784 5187 pro

2122 5195 2340 5249 caduco
2367 5201 2648 5248 aeternum
2676 5195 2754 5250 sit
2777 5205 3202 5253 consecuturus
3225 5201 3561 5272 imperium.
3589 5204 3696 5260 Sed
3727 5206 3785 5259 in

2121 5284 2230 5339 hac
2265 5301 2324 5338 re
2357 5284 2456 5338 {iet
2487 5285 2640 5354 quod
2679 5284 2794 5340 Deo
2829 5286 3098 5356 placebit.
3133 5289 3468 5346 Stratiotico
3501 5293 3559 5346 in
3594 5310 3787 5360 suam,

2123 5391 2250 5445 quae
2289 5379 2413 5428 erat
2463 5373 2522 5426 in
2574 5390 2726 5436 arce.
2763 5375 3001 5430 domum
3057 5378 3344 5448 digresso,
3378 5381 3519 5436 feria
3561 5389 3792 5453 quarta,

1565 5498 1938 5555 XYLANDRI
1979 5501 2068 5556 ET
2109 5499 2328 5557 GOARI
2371 5499 2600 5554 NOT/E.

423 5611 530 5683 (53)
589 5608 878 5666 Φελὼνιον
907 5655 921 5677 ,
993 5611 1053 5666 id
1122 5615 1212 5666 est
1277 5607 1701 5683 sacerdotalem
1731 5608 2014 5683 ⁸ςαειιιαγη

353 5679 740 5814 ἓοδθᾴοεειυε
775 5688 968 5744 totum
1014 5699 1228 5757 corpus
1273 5680 1596 5741 sacerdotis
1629 5679 2012 5737 ambientem.

399 5773 526 5816 osa.

2196 5607 2310 5684 (54)
2339 5605 2451 5660 Τοῦ
2499 5611 2868 5684 πρωτοπαπᾶ-
2897 5609 3202 5684 nimirum,
3237 5613 3334 5684 qui
3393 5615 3684 5670 secundas
3731 5616 3790 5670 in

2127 5679 2402 5750 omnibus
2435 5685 2566 5750 post
2598 5680 2993 5750 patriarcham
3027 5679 3276 5741 obtinet.
3303 5687 3564 5746 Codinus
3595 5691 3650 5746 et
3681 5687 3791 5744 Eu-

2129 5749 2488 5826 chologium.
2523 5749 2702 5810 (ἆθλα.
