4122 6382
343 434 460 494 367

1667 427 1805 487 JOA
1821 427 2000 486 NNIS
2049 427 2455 488 SCYLITZxE

3658 421 3777 482 368

343 563 555 618 ultima
611 561 704 617 die
757 559 1007 631 Augusti
1065 557 1308 624 mensis,
1364 556 1690 611 indictione
1748 557 1997 621 decima,

2115 550 2372 609 ἐϐούλετο
2430 555 2521 608 καὶ
2581 555 2631 608 οἱ
2713 559 3121 629 μητροποΛῖται
3193 553 3497 627 ὑπέσχοντο
3556 553 3602 606 εἱ
3661 549 3775 623 ἅμα

343 653 667 707 Ambustus
725 647 1094 719 curopalates
1151 664 1183 700 a
1233 646 1529 699 Comneno
1589 645 1810 699 missus
1869 661 2001 699 cum

343 740 500 796 haud
536 739 737 811 paucis
772 736 982 791 illustri
1017 736 1142 789 loco
1175 733 1503 799 natis,feria
1533 733 1740 803 quinta
1773 750 2004 788 summo

348 846 518 885 mane
550 830 741 884 celoce
773 827 843 881 ad
876 824 1160 896 palatium
1187 823 1428 894 appellit
1459 822 1636 892 idque
1658 823 1857 876 intrat.
1886 825 2004 876 Sub

345 933 650 989 vesperam
701 917 862 969 venit
913 914 1087 967 etiam
1121 913 1477 974 Comnenus,
1511 916 1566 965 et
1600 910 1883 981 palatium
1915 912 2001 965 in-

347 1007 628 1079 greditur.
661 1003 966 1069 Postridie,
995 1001 1149 1071 quod
1188 1001 1294 1053 fuit
1325 999 1592 1052 kalendis
1622 1000 2001 1070 Septembris,

345 1093 688 1148 indictionis
719 1090 1062 1151 undecimae,
1087 1087 1222 1141 anni
1247 1087 1320 1140 ab
1347 1086 1573 1156 origine
1608 1085 1814 1139 mundi
1848 1086 2000 1140 638

343 1184 508 1246 6566,
560 1180 794 1252 publica
845 1176 1217 1249 processione
1265 1176 1323 1228 in
1379 1191 1656 1245 magnum
1712 1176 2001 1245 templum

341 1271 466 1337 ivit,
501 1276 671 1340 atque
702 1268 781 1322 ibi
814 1284 995 1337 supra
1045 1270 1389 1335 suggestum
1443 1263 1786 1333 patriarcha:
1821 1281 1999 1318 manu

343 1360 652 1415 redimitus
679 1354 1056 1427 imperatorio
1077 1353 1434 1418 diademate,
1459 1353 1854 1406 Romanorum
1890 1353 1999 1406 im-

343 1456 574 1519 perator
604 1445 1042 1516 pronuntiatur.

2114 647 2181 706 τῆ
2214 643 2514 713 ἀποστασία
2562 641 2744 716 ᾤχετο
2795 641 2976 696 λιπὼν
3033 643 3099 696 τὰ
3163 641 3414 716 βασίλεια
3449 659 3462 672 ⁸
3514 639 3772 715 ἰγκαρτε-

2117 733 2285 806 ρήσας
2329 729 2385 784 δὲ
2437 730 2567 805 ἄχρι
2618 730 2890 803 πολέμου,
2943 733 3030 784 καὶ
3083 731 3453 805 ἀνασχόμενος
3500 729 3770 798 τοσαύτην

2114 824 2318 873 πτῶσιν
2359 818 2488 873 ἰδεῖν
2531 818 2742 894 ἀνδρῶν
2793 819 3120 896 ὁμοφύλων,
3172 819 3284 873 εἶτα
3342 820 3626 894 θραυσθεὶς
3681 818 3772 872 καὶ

2113 909 2476 970 κατασεισθεὶς
2510 907 2613 963 ὕπὸ
2654 915 2759 962 τῶν
2820 906 3065 963 πολιτῶν
3117 908 3204 962 καὶ
3265 910 3408 962 ἅκῶν
3458 911 3556 972 τῆς
3608 908 3769 982 βασι-

2115 995 2266 1058 λείας
2326 999 2784 1071 ὑπεξερχόμενος,
2846 998 2945 1052 οὐκ
3004 995 3123 1052 οἶδα
3176 997 3226 1052 εἷ’
3281 997 3622 1069 ἀντιμισθίαν
3676 1018 3770 1051 κο-

2119 1092 2318 1157 μιεῖται
2352 1093 2450 1155 τῆς
2498 1084 2737 1161 ἐπιγείου
2791 1086 3071 1160 βρσιλείας
3122 1087 3390 1160 [806]τὴν
3424 1085 3770 1159 ἐπουράνιον.

2113 1172 2292 1228 Ἀλλὰ
2319 1180 2480 1229 τοῦτο
2519 1175 2637 1248 μὲν,
2685 1176 2792 1249 ὅπῃ
2840 1180 2920 1247 τῷ
2953 1181 3071 1247 Θιῷ
3102 1174 3288 1253 φίλον,
3321 1178 3628 1249 γενήσεται.
3661 1177 3774 1230 Τοῦ

2115 1260 2171 1316 δὲ
2202 1264 2337 1317 κατὰ
2366 1265 2462 1332 τήν
2517 1263 2568 1318 ἐν
2618 1268 2686 1337 τῇ
2737 1263 3037 1338 ἀκροπόλει
3093 1264 3270 1318 οἰκίαν
3331 1263 3495 1318 αὐτοῦ
3550 1262 3772 1338 γινομε-

2112 1374 2206 1408 νου
2250 1354 2434 1424 ἡμέρᾳ
2479 1351 2720 1428 τετράδι,
2772 1355 3100 1427 τριακοστὴν
3153 1353 3382 1428 πρώτην
3415 1354 3639 1426 ἄγοντος
3669 1357 3769 1407 τοῦ

2113 1441 2428 1516 Αὐγούστου
2484 1443 2674 1513 μηνὸς,
2722 1449 2823 1511 τῆς
2871 1439 3101 1511 δεκάτης
3150 1441 3542 1513 ἐπινεμήσιως,
3593 1441 3771 1513 sintp-

342 1555 496 1610 χεται
553 1535 580 1586 ὁ
640 1529 981 1602 Κεκαυμὲνος
1042 1527 1464 1603 κουροπαλάτης
1527 1525 1627 1580 ὑπὸ
1683 1532 1780 1581 τοῦ
1843 1534 2136 1600 Κομνηνοῦ
2189 1531 2442 1601 τιμηθεὶς
2500 1534 2634 1602 μετά
2679 1552 2836 1584 τινων
2899 1531 3001 1584 οὐκ
3053 1529 3256 1605 ὀλίγων
3311 1527 3648 1605 εὐπατριδῶν
3699 1535 3768 1603 τῇ

344 1624 622 1698 ε’πρωῗας
681 1619 768 1676 διὰ
827 1618 1136 1692 δρὸμωνος,
1219 1617 1308 1670 καὶ
1391 1614 1648 1679 εἰσελθὼν
1721 1624 1910 1689 κρατεῖ
1985 1619 2051 1672 τὰ
2135 1620 2421 1692 ἀνάκτορα.
2495 1623 2756 1695 Ἔρχεται
2832 1618 2888 1674 δὲ
2939 1619 3066 1693 περῖ
3124 1617 3529 1692 δείληνοόψίαν
3588 1619 3678 1673 καὶ
3740 1621 3770 1672 ὁ

344 1713 653 1784 Κομνηνὸς,
711 1709 799 1764 καὶ
859 1705 1074 1761 εἴσεισιν
1129 1706 1180 1759 ἐν
1229 1706 1439 1770 αὐτοῖς,
1491 1705 1578 1759 καὶ
1656 1710 1723 1778 τῇ
1783 1705 2061 1780 ἐπαῦριον,
2125 1710 2348 1783 πρώνην
2414 1707 2637 1783 ἄγοντος
2691 1707 2787 1763 τοῦ
2850 1705 3225 1783 Σεπτεμϐρίου
3285 1710 3480 1781 μηνὸς,
3538 1713 3639 1773 τῆς
3701 1709 3771 1762 ια,

343 1800 740 1872 ἐπινεμήσεως,
799 1801 896 1851 τοῦ
953 1797 1108 1869 ,ςφξί
1181 1793 1354 1855 ἔτους.
1434 1791 1702 1864 δημοσίαν
1779 1798 2151 1867 ποιησάμενος
2235 1795 2471 1872 πρόοδον
2546 1799 2754 1852 ἄπεισιν
2810 1798 2884 1857 εἷς
2941 1799 3039 1866 τήν
3097 1797 3356 1872 Μεγάλην
3415 1795 3767 1867 Ἐκκλησίαν,

341 1891 558 1944 κάκεῖσε
606 1886 803 1949 ἄνωθεν
859 1889 956 1938 τοῦ
1023 1879 1278 1956 ἄμϐωνος
1339 1885 1452 1954 (55)
1515 1880 1603 1936 διὰ
1661 1887 1766 1936 τῶν
1828 1890 2030 1958 χειρῶν
2091 1890 2187 1939 τοῦ
2246 1888 2594 1960 πατριάρχου
2649 1892 2730 1957 τῷ
2783 1885 3051 1960 βασιλικῷ
3109 1891 3407 1941 ταινιοῦται
3467 1883 3768 1956 διαδήματι

341 1979 430 2034 καὶ
469 1975 726 2052 βασιλεὺς
757 1974 1106 2049 αὐτοκράτωρ
1131 1975 1240 2044 (56)
1272 1970 1558 2044 Ῥωμαίων
1592 1972 1998 2047 ἀναγορεύεται,

1538 2107 1907 2164 XYLANDRI
1950 2110 2040 2164 ET
2081 2109 2297 2166 GOABl
2339 2111 2566 2166 NOTAE.

414 2231 528 2301 (55)
593 2230 672 2286 De
736 2245 851 2300 quo
916 2227 1201 2298 legendus
1266 2225 1524 2280 Codinus
1595 2230 1715 2280 toto
1783 2242 1832 2280 ε.
1911 2228 1990 2281 t7.

342 2303 525 2445 6(ίὲἓῇ
585 2367 839 2444 βασιλεὺς
895 2365 1267 2443 αὐτοκράτωρ,
1317 2367 1636 2438 imperator
1685 2384 1994 2440 supremas

2106 2227 2382 2302 obtinens
2412 2228 2680 2283 diversus
2727 2235 2817 2284 est
2847 2229 2919 2283 ab
2969 2229 3184 2302 coqui
3240 2227 3540 2302 στρατηγὸς
3593 2226 3768 2302 αὐτο-

2107 2297 2345 2424 spinae,
2401 2305 2464 2354 ut
2510 2301 2781 2372 princeps
2831 2318 2864 2356 a
2917 2297 3178 2366 subdito,
3211 2297 3314 2356 rex'
3357 2301 3428 2356 ab
3461 2297 3772 2356 exercitus

2153 2388 2274 2424 uce.
2320 2387 2486 2425 JOAR.

2264 2411 2274 2423 .
2309 2392 2486 2425 'JOAR.

413 2525 497 2582 Ne
544 2525 616 2578 de
661 2523 880 2594 injuste
929 2521 1257 2594 proscripta
1303 2519 1573 2594 Xylandri
1611 2519 1914 2581 memoria.
1949 2521 1997 2575 si
2041 2522 2170 2591 ejus
2223 2523 2484 2577 rescissa;
2539 2523 2788 2577 fuissent
2837 2523 3246 2579 annotationes
3290 2523 3376 2578 vel
3420 2540 3489 2578 ex
3544 2523 3772 2594 integro

343 2597 651 2651 emendata
681 2592 1106 2664 interpretatio,
1141 2592 1409 2646 nonnulli
1455 2599 1859 2657 causarentur,
1894 2594 1952 2646 in
1985 2609 2050 2647 eo
2083 2610 2215 2648 cum
2250 2595 2510 2648 Cedreno
2554 2595 2779 2648 edendo
2829 2605 2884 2648 et
2933 2596 3284 2663 recudendo,
3317 2597 3404 2650 vir
3437 2592 3766 2650 clarissime

345 2670 611 2748 _Fabrote,_
641 2673 804 2748 tuam
840 2663 1332 2748 utne-probatam
1352 2666 1716 2748 sententiam
1752 2663 2007 2748 laudavi,
2039 2681 2125 2748 ac_
2157 2668 2404 2748 ut‘jam.
2431 2666 2680 2748 laudata;
2731 2667 3061 2748 subscribe.
3101 2667 3768 2748 Laboresquoscunque

342 2740 482 2796 boni
517 2734 734 2810 publici
766 2739 952 2810 gratia
984 2735 1118 2789 licet
1149 2734 1365 2810 infelici
1399 2741 1603 2810 eventu
1637 2741 1945 2810 susceptos
1976 2752 2084 2789 sua
2114 2736 2288 2790 laude
2322 2736 2533 2806 privari
2567 2739 2809 2810 nolunt,
2847 2740 2944 2809 qui
2978 2739 3314 2810 laborosius
3347 2734 3497 2793 bono
3529 2734 3764 2810 publico

343 2806 656 2876 insudant;
692 2806 968 2890 acivelut,
1004 2824 1071 2861 ne
1102 2823 1312 2860 sensus
1345 2806 1583 2890 humani
1622 2806 1804 2890 pietas
1837 2807 2104 2890 violetur,
2140 2810 2287 2890 fctus
2331 2809 2632 2890 monstris
2661 2806 3079 2890 penensiini‘les
3112 2827 3202 2864 res
3236 2810 3471 2890 publica
3521 2806 3765 2880 patitur,

345 2885 428 2937 ita
460 2899 530 2936 ne
563 2881 873 2952 quospiam
899 2885 1316 2952 nocturnarum
1342 2877 1677 2952 vigiliarum
1700 2879 1922 2931 (ructus
1947 2879 2205 2948 alioquin
2242 2880 2527 2950 insipidos
2550 2877 2706 2935 velut
2727 2880 3024 2935 delicatuli
3061 2877 3424 2936 fastidientes
3456 2877 3762 2951 respuant,

341 2954 475 3008 illos
506 2954 554 3008 si
581 2949 798 3006 nonut
828 2967 1058 3015 suaves,
1092 2950 1296 3003 saltem
1333 2956 1393 3002 ut
1426 2949 1778 3022 quibusdam
1815 2951 2106 3018 iucundos
2142 2949 2386 3018 l'uturos,
2420 2953 2523 3021 ipsi
2559 2955 2708 3006 bono
2742 2953 2973 3022 publico
3009 2955 3126 3007 nati
3155 2954 3378 3007 caeteris
3428 2949 3759 3016 asse—rvant,

341 3027 718 3096 depromunt,
748 3028 1071 3096 apponunt.
1092 3021 1490 3096 Quantumvis
1519 3023 1761 3075 acerbos
1793 3029 1913 3096 arte
1947 3027 2146 3076 nostra
2167 3025 2479 3096 jusserunt
2511 3021 2882 3096 dulcesc’ere;
2914 3025 3209 3078 industria
3240 3031 3342 3079 tua
3365 3025 3489 3096 jam
3523 3030 3764 3096 suntex

340 3093 551 3168 potiori
583 3103 744 3168 parte
774 3093 1312 3168 emolliti,_decocti,
1345 3109 1554 3168 suaves
1574 3109 1700 3168 "non
1737 3093 1930 3147 minus
1964 3110 2137 3164 quam
2165 3095 2414 3163 jucundi
2463 3095 2693 3150 redditi.
2729 3095 2799 3150 Ut
2827 3097 2983 3167 operi
3019 3102 3292 3168 suscepto
3323 3093 3492 3168 opem
3521 3095 3766 3150 tulisset

340 3163 643 3240 'gloriare'r,
675 3182 852 3238 opera
884 3180 1013 3219 mea
1045 3164 1239 3218 lumen
1274 3163 1528 3218 exhibui.
1564 3163 1743 3218 Gem.

2425 3365 2798 3373 V*———-—__.

1390 3506 1976 3600 MONITUM
2047 3506 2722 3602 EDITORUM.

419 3842 806 3922 Compendio
833 3840 1249 3922 Historiarum
1281 3838 1545 3898 Cedreni
1577 3836 1946 3922 subiicimus
1987 3835 2318 3922 historiam
2350 3838 2616 3922 Joannis
2649 3838 2934 3922 scylitzze
2967 3840 3354 3920 curopalata:
3386 3841 3533 3919 quia
3566 3842 3770 3920 prima

341 3944 486 4003 pars
511 3917 788 3984 historiis
817 3921 1078 3983 Joannis
1109 3922 1188 3980 ad
1221 3921 1497 4003 litteram
1541 3918 1855 4003 exscripta
1901 3925 2004 4003 est
2054 3936 2092 3976 a
2139 3917 2455 4003 Cedreno;
2491 3921 2671 3979 decet
2705 3921 2897 3997 igitur
2929 3928 2996 3980 ut
3028 3917 3305 3981 sec—unda
3349 3917 3494 3999 pars
3545 3917 3769 3983 imme-

341 3999 508 4066 diate
558 4006 760 4065 eidem
809 4004 1216 4080 adjungatur.
1256 4001 1614 4082 Notandum
1647 4007 1760 4082 est,
1796 3999 2143 4082 Cedrenum
2195 3999 2412 4059 sistere
2446 4003 2505 4082 in
2541 4019 2707 4082 anno
2761 4003 2938 4072 1067,
2971 4003 3119 4061 dum
3171 4004 3450 4062 Joannes
3499 4005 3778 4082 Scylitza

341 4085 765 4146 narrationem
799 4101 976 4143 suam
1004 4081 1407 4160 prosequitur
1454 4097 1650 4161 usque
1682 4080 1762 4161 ad
1793 4097 2029 4138 annum
2068 4081 2242 4150 lOSO,
2283 4099 2408 4158 quo
2438 4080 2707 4141 Michael
2744 4082 3080 4142 Botaniata
3127 4102 3160 4142 e
3210 4083 3440 4143 throno
3489 4080 3779 4161 dejectus

339 4173 434 4227 est
463 4172 524 4226 et
551 4165 806 4225 Alexius
837 4159 1192 4226 Comnenus
1224 4179 1485 4239 regnare
1515 4159 1773 4237 incepit.

1647 4397 2438 4485 EXCERPTA

1528 4580 1633 4638 EX
1682 4577 2111 4639 BREVIARIO
2158 4577 2568 4639 HISTORICO

1071 4755 1894 4918 JOANNIS
2045 4755 3047 4914 SCYLITZ/E

1353 5037 2753 5166 GUROPALATRE

1163 5265 1762 5325 EXCIPIENTIA
1821 5264 1966 5320 UB1
2023 5263 2498 5321 CEDRENUS
2555 5263 2933 5321 DESINIT.

2173 5569 2257 5639 [P.
2315 5571 2442 5640 807]
2503 5569 2608 5624 Τὸν
2679 5570 2774 5641 μὶν
2851 5571 2942 5622 οὖν
3020 5571 3222 5643 τρόπον
3287 5572 3343 5626 ὃν
3399 5570 3609 5646 εἴρηται
3659 5572 3767 5640 τὴν

2106 5656 2380 5732 βασιλείαν
2472 5659 2498 5710 ὁ
2586 5661 2868 5730 Κομνηνὸς
2954 5659 3394 5735 ἀναζωσάμενος,
3471 5657 3628 5731 δόξαν
3704 5683 3769 5717 τε

2100 5747 2467 5823 παρεσχηκὼς
2525 5745 2746 5823 ἀνδρίας
2826 5748 2916 5804 καὶ
2996 5756 3187 5826 πεῖραν
3269 5749 3581 5824 πολεμικῆς
3633 5772 3764 5827 γεν-

408 5582 624 5638 (διο-ι
648 5577 729 5634 Ad
747 5577 900 5630 hunc
923 5578 1159 5631 modum
1175 5592 1348 5646 quem
1367 5573 1990 5634 diximus,Comnenus

339 5675 586 5742 adeptus
617 5664 951 5735 imperium,
987 5665 1081 5734 qui
1112 5669 1168 5718 et
1198 5664 1428 5718 virtutis
1461 5663 1797 5731 opinionem
1827 5661 1897 5713 de
1929 5676 1991 5714 se

341 5761 672 5834 praebuerat
692 5759 749 5810 et
770 5754 1064 5823 specimen
1090 5752 1435 5826 praestantiae
1457 5752 1516 5806 in
1543 5751 1718 5805 rebus
1743 5749 1989 5820 bellicis,
