4122 6386
361 368 482 428 369

1887 364 2283 427 HISTORIA.

3678 373 3800 436 370

359 495 674 566 ναιότητος,
737 495 939 552 αὐτίκα
998 499 1079 568 τῷ
1141 492 1412 570 βασιλικῷ
1461 494 1762 568 νομίσματι
1819 507 1996 566 σπαθη

2109 558 2112 563 ,
2145 497 2344 552 statim
2379 497 2538 569 regio
2569 498 2926 554 numismate
2956 499 3221 555 districto
3252 515 3390 556 ense
3420 499 3796 576 insculpitur,

369 587 528 663 φόρος
583 583 1036 660 διαχαράττεται,
1075 586 1150 656 μὴ
1200 588 1278 656 τῷ
1321 589 1437 657 Θεῷ
1461 585 1522 638 τὸ
1553 591 1654 638 πᾶν
1683 583 2023 662 ἐπιγράφων,

367 675 510 730 ἀλλὰ
538 678 608 748 τῇ
643 671 757 745 ἰδίᾳ
788 675 947 750 ἰσχύϊ
976 675 1063 728 καὶ
1105 678 1172 748 τῇ
1227 674 1351 748 περὶ
1408 675 1690 746 πολέμους
1744 673 2020 746 ἐμπειρίᾳ,

357 765 444 818 καί
491 767 585 820 οἷα
642 764 1004 838 αὐτοκράτωρ
1061 768 1169 819 τῶν
1225 770 1326 832 τῆς
1382 762 1657 838 βασιλείας
1718 761 2022 838 ἀπάρχεται

353 855 628 929 πράξεων,
683 853 1006 931 φιλοτίμοις
1066 853 1328 928 πρότερον
1406 851 1532 914 τοὺς
1620 853 2022 924 συναραμένους

354 944 508 1015 αὐτῴ
555 943 694 1019 πρὸς
741 945 806 997 τὸ
859 940 1185 1016 σπούδασμα
1233 944 1516 1016 κοσμήσας
1570 947 1778 1014 τιμαῖς.
1829 936 1906 996 Τό
1962 961 2022 1015 γε

357 1031 660 1106 δημοτικὸν
719 1039 821 1102 τῆς
881 1032 1268 1106 προσηκούσης
1326 1032 1554 1102 ἀξιώσας
1607 1031 1888 1098 προνοίας,
1929 1029 2016 1083 καὶ

357 1123 682 1197 φροντιστὰς
739 1119 990 1182 πολλοὺς
1045 1125 1152 1174 τῶν
1209 1119 1493 1193 δημοσίων
1571 1117 1860 1192 συλλόγων
1925 1119 2015 1172 ἀν-

352 1209 538 1282 έδειξε.
570 1215 652 1284 Τῇ
680 1231 742 1266 τι
792 1209 1022 1285 Μεγάλῃ
1061 1209 1326 1281 ἐκκλησίᾳ
1362 1211 1425 1264 τὸ
1476 1206 1888 1282 οἰκονομεῖσοαᾶ
1946 1205 2015 1260 δι’

351 1302 552 1370 ἑαυτῆς
601 1301 670 1354 τὰ
727 1300 1024 1376 πράγματα
1091 1299 1326 1377 ἀφιεροῖ,
1384 1297 1762 1373 ἆλλοτριώσας
1821 1295 2014 1350 τούτου

341 1389 664 1444 παντάπασι
694 1391 796 1458 τὴν
835 1389 1110 1464 βασιλείαν
1137 1391 1239 1462 (1),
1273 1387 1408 1442 ὥστε
1443 1390 1570 1461 μήτ’
1601 1386 1687 1440 ἐπὶ
1719 1393 1817 1454 τῆς
1865 1385 2012 1438 0³κο-

329 1477 566 1548 νομίας,
601 1479 730 1552 μήτ’
764 1477 852 1532 ἐπὶ
882 1481 981 1546 τῆς
1012 1483 1118 1532 τῶν
1166 1479 1328 1552 ἱερῶν
1388 1475 1695 1548 κειμηλίων
1753 1473 2012 1549 προνοίας

327 1567 430 1621 καὶ
505 1567 842 1644 προστασίας
917 1566 1034 1621 τινὰ
1107 1566 1252 1642 παρὰ
1321 1565 1589 1642 βασιλέως
1659 1563 2008 1639 προχειρίζε-

329 1657 486 1724 σθαι,
525 1655 670 1710 ἀλλὰ
727 1662 828 1724 τῆς
887 1660 984 1710 τοῦ
1029 1657 1373 1730 πατριάρχου
1432 1653 1674 1727 ἐξουσίας
1734 1655 2006 1726 ἠρτῆσθαι

325 1745 398 1798 τὸ
453 1749 586 1812 πᾶν,
639 1743 728 1798 καὶ
797 1743 895 1812 τὴν
967 1748 1076 1799 τῶν
1144 1747 1452 1818 προσώπων
1513 1742 1855 1819 προχείρισιν
1914 1739 2004 1794 καὶ

327 1835 436 1902 τήν
491 1837 600 1887 τῶν
648 1833 986 1908 πραγμάτων
1039 1830 1330 1903 διοίκησιν.
1381 1833 1747 1908 Ἀγαγόμενος
1799 1827 1854 1884 δὲ
1911 1828 1999 1882 καὶ

325 1925 432 1990 τήν
477 1927 714 1996 γυναῖκα
764 1922 871 1976 ἀπὸ
902 1927 1000 1978 τοῦ
1059 1923 1322 1999 φρουρίου
1377 1921 1743 1996 Πημολίσσης
1783 1921 1999 1992 A6705-

335 2033 460 2066 σταν
497 2011 816 2085 ἀναγορεύει
872 2006 1160 2082 σεϐαστήν·
1190 2009 1446 2082 Ἰωάννην
1504 2008 1560 2064 δὲ
1619 2010 1708 2063 τὸν
1766 2004 1998 2083 ἀδελφὸν

335 2101 426 2155 καὶ
483 2098 818 2158 Κατακαλὼν
876 2101 968 2156 τὸν
1029 2099 1366 2174 Κεκαυμένον
1425 2097 1862 2175 κουροπαλάτας,
1907 2087 2006 2150 καὶ

343 2189 678 2267 ἀμφοτέρους
753 2194 909 2262 τιμᾷ,
989 2189 1156 2264 μέγαν
1238 2187 1556 2263 δομὲστικον
1633 2190 1724 2243 τὸν
1805 2190 1996 2244 ἑαυτοῦ

349 2275 584 2355 ἀδελφὸν
620 2273 1094 2352 προϐαλλόμενος.
1157 2282 1448 2348 Σκοπγςσας
1479 2277 1536 2332 δὲ
1583 2279 1645 2332 τὸ
1691 2283 1797 2333 τῶν
1850 2298 1993 2353 χρη-

355 2369 543 2438 μάτων
597 2367 898 2442 ἀναγκαῖον,
931 2367 1002 2421 ὧν
1064 2364 1215 2422 οὐδὲν
1279 2364 1400 2422 ἄνευ
1457 2367 1592 2422 κατὰ
1637 2369 1727 2422 τὸν
1788 2368 1996 2444 ῥήτορα

343 2455 668 2528 περαίνεται,
729 2453 820 2511 διὰ
903 2457 966 2510 τὸ
1052 2456 1116 2510 τὰ
1198 2457 1560 2532 στρατιωτικὰ
1637 2457 1990 2526 ἠσθενηκὲναι

335 2545 426 2598 καί
461 2544 648 2599 τέλεον
677 2549 1100 2608 τεταπεινῶσθαι
1138 2545 1196 2600 ἐκ
1231 2552 1332 2615 τῆς
1390 2544 1729 2620 κατεχούσης
1789 2543 1990 2608 ἐνδείας

335 2635 436 2700 τήν
503 2632 806 2706 βασιλείαν.
864 2636 948 2708 [Ρ.
1007 2636 1134 2708 808]
1191 2635 1282 2689 καὶ
1366 2633 1427 2688 τὸ
1486 2634 1822 2710 πανταχόθεν
1881 2639 1988 2690 τῶν

333 2721 622 2793 Ῥωμαίων
696 2722 898 2784 πάντας
976 2722 1414 2798 κατεπαίρεσθαι,
1468 2721 1498 2777 ὅ
1571 2725 1706 2798 πρὸς
1773 2721 1990 2794 ἀδοξίαν

325 2808 482 2882 αὖτῷ
537 2811 604 2879 ἦν
668 2810 760 2865 καὶ
815 2812 1030 2866 πάντων
1097 2812 1392 2887 βαρύτερον
1461 2809 1758 2888 ἐλογίζετο,
1824 2811 1991 2888 βαρὺς

326 2897 684 2973 ἂχρημάτισε
743 2898 1053 2975 φορολόγος
1111 2907 1225 2962 τοῖς
1283 2905 1622 2976 χρεωστοῢσι
1673 2897 1986 2973 δημοσίοις·

331 2987 428 3042 καὶ
487 2991 590 3050 τὰς
641 2993 748 3043 τῶν
798 2989 1066 3067 ὀφφικίων
1123 2987 1179 3044 δὲ
1225 2989 1400 3053 δόσεις
1432 2991 1592 3052 αὐτὸς
1623 2995 1839 3066 πρῶτος
1896 3011 1989 3045 πε-

321 3078 610 3151 ριέτεμεν.
658 3077 928 3150 Ἐμέλησε
987 3077 1032 3133 δ’
1091 3079 1237 3152 αὐτῷ
1293 3080 1382 3134 καὶ
1424 3077 1719 3158 φειδωλίας
1750 3081 1841 3135 καὶ
1895 3081 1990 3134 τοῦ

321 3168 665 3242 προσθήκην
698 3167 880 3240 ἀγρῶν
937 3171 1006 3240 τῇ
1061 3168 1312 3242 βασιλείᾳ
1366 3171 1848 3245 περιποιήσασθαι.
1898 3171 1990 3223 Διὸ

327 3255 420 3310 καὶ
451 3253 652 3310 πολλὰ
684 3255 778 3327 μὲν
816 3253 1064 3312 ἰδιωτικᾶ
1093 3257 1358 3332 πρόσωπα
1385 3257 1613 3314 πολλῶν
1665 3259 1994 3332 ἀπεστέρησε

329 3347 604 3414 κτήσεων,
637 3345 734 3406 τὰς
765 3340 1218 3420 χρυσοϐούλλους
1241 3346 1416 3402 αὐτῶν
1457 3347 1668 3425 γραφὰς
1724 3345 1990 3424 παριδὼν,

329 3432 600 3507 ἐνέσκηψε
659 3431 716 3488 δὲ
760 3435 849 3488 καί
895 3455 1005 3489 τισι
1048 3439 1155 3490 τῶν
1209 3437 1661 3513 φροντιστηρίων,
1709 3439 1800 3492 καὶ
1853 3431 1994 3494 πολῖ

333 3521 438 3584 λὰς
499 3521 681 3576 αὐτῶν
739 3525 960 3594 κτήσεις
1015 3522 1355 3599 ἀφελόμενος
1413 3524 1502 3580 διὰ
1554 3527 1872 3600 λογοποιίας
1931 3529 1992 3583 τὸ

339 3611 541 3684 ἀρκοῦν
612 3617 732 3674 τοῖς
808 3611 1120 3685 μονάζουςι,
1166 3618 1246 3686 τῷ
1322 3611 1572 3687 δημοσίῳ
1617 3615 1677 3669 τὸ
1735 3619 1989 3691 περισσὸν

341 3701 748 3777 προσαφώρισε,
833 3708 1058 3778 πρᾶγμα
1153 3703 1245 3775 μὲν
1337 3709 1453 3766 τοῖς
1528 3705 1766 3778 ἀκρίτως
1862 3728 1990 3761 σκο-

333 3793 534 3842 ποῦσιν
589 3789 650 3844 ἐκ
699 3794 797 3844 τοῦ
845 3789 1148 3866 προχείρου
1212 3787 1456 3854 ἀσεϐείας
1513 3794 1603 3848 καὶ
1652 3795 1991 3868 παρανομίας

339 3877 396 3938 ἐς
431 3875 566 3952 ἄγαν
593 3879 728 3953 πρὸς
761 3877 1070 3954 ἱεροσυλίαν
1106 3881 1788 3958 φερόμενον,ἀποτὲλεσμα
1809 3882 1865 3940 δὲ
1889 3907 1992 3956 μη-

339 3965 428 4021 δὲν
465 3969 666 4022 ἄτοπον
699 3967 860 4045 φέρον
893 3971 1009 4030 τοῖς
1055 3964 1330 4046 ἐμϐριθῶς
1384 3976 1642 4026 σκοποῦσι
1696 3974 1785 4028 καὶ
1837 3995 1991 4028 πνευ-

343 4055 724 4126 ματικῶς,ἆτε
766 4057 846 4119 εἷς
895 4057 1284 4130 ἀγτημοσόνην
1343 4059 1551 4134 ἀπάγον
1603 4066 1729 4124 τοὺς
1789 4063 1986 4134 ταύτην

337 4143 856 4218 ἐπαγγειλαμένους,
888 4146 980 4200 καὶ
1009 4148 1109 4215 τὴν
1159 4142 1524 4223 Συϐαριτικήν
1571 4150 1662 4204 καὶ
1711 4149 1991 4226 χλιδῶσαν

331 4233 660 4305 περικόπτον
689 4236 925 4311 τρυφὴν,
958 4235 1046 4289 καὶ
1107 4234 1247 4308 μηδέ
1283 4242 1391 4292 τῶν
1435 4239 1571 4314 πρὸς
1624 4239 1812 4314 χρείαν
1873 4239 1989 4294 ἐπι-

329 4319 564 4392 τηδείων
615 4325 706 4378 καὶ
743 4321 1050 4398 ἀναγκαίων
1101 4325 1450 4402 ἀποστεροῦν,
1500 4327 1590 4382 καὶ
1647 4329 1773 4392 τοὺς
1819 4329 1990 4404 ἀγρο-

2139 603 2252 640 non
2289 587 2486 641 omnia
2520 593 2756 658 accepta
2797 593 2907 643 Deo
2959 589 3233 657 referens,
3269 591 3367 644 sed
3403 591 3648 662 proprias
3679 592 3792 647 vir-

2136 677 2242 729 tuti
2279 679 2336 730 et
2368 676 2446 730 rei
2485 675 2758 730 militaris
2793 677 3044 746 peritiae;
3080 695 3144 732 ac
3177 677 3354 732 veluti
3387 696 3518 734 cum
3553 697 3790 738 summa

2135 769 2425 834 potestate
2458 765 2798 836 imperator,
2821 783 2946 836 qua:
2970 767 3038 820 ad
3071 767 3382 838 imperium
3407 771 3784 838 pertinerent,

2133 855 2492 926 aggreditur,
2517 856 2790 910 maximis
2825 858 2988 926 prius
3011 855 3333 912 honoribus
3357 857 3427 912 iis
3455 859 3554 928 qui
3577 859 3688 914 sibi
3712 860 3785 914 ad

2131 943 2364 1013 incepta
2413 944 2768 1015 perﬁcienda
2818 961 3052 1016 operam
3103 951 3384 1000 navarant
3431 947 3674 1003 ornatis.
3716 948 3787 1002 Et:

2131 1033 2328 1102 populi
2390 1033 2614 1100 habita,
2673 1051 2849 1104 quam
2913 1051 3017 1106 par
3063 1041 3209 1102 erat,
3269 1036 3511 1104 ratione,
3564 1036 3785 1092 multos

2129 1122 2498 1192 publicorum
2537 1123 2916 1194 collegiorum
2952 1129 3252 1178 curatores
3292 1124 3526 1180 creavit.
3561 1129 3626 1178 Et
3655 1125 3781 1180 Ma-

2125 1227 2251 1282 gnae
2271 1211 2526 1266 ecclesiae
2546 1213 2830 1283 permittit
2853 1230 3049 1268 sacras
3073 1230 3211 1268 suas
3227 1231 3319 1268 res
3341 1214 3408 1267 ad
3423 1213 3780 1282 ministrare,

2123 1297 2436 1356 interdicta
2469 1319 2709 1372 prorsus
2763 1301 3273 1357 administratione
3306 1302 3572 1373 imperio,
3606 1304 3686 1357 ita
3715 1308 3782 1358 ut

2124 1405 2314 1460 neque
2349 1391 2420 1444 ab
2453 1391 2720 1446 ebeunda
2761 1408 2928 1446 saera
2959 1409 3206 1446 munera
3233 1409 3419 1464 neque
3451 1392 3522 1446 ad
3557 1391 3777 1447 haben-

2122 1479 2256 1532 dam
2292 1480 2446 1535 642
2482 1479 2630 1534 sacri
2681 1479 2945 1534 thesauri
2994 1480 3282 1535 rationem
3316 1479 3530 1549 aliquis
3562 1480 3632 1536 ab
3663 1479 3775 1535 im-

2120 1573 2387 1637 peratore
2435 1569 2695 1624 delectus
2746 1574 3041 1640 praeesset,
3091 1587 3292 1624 verum
3345 1587 3378 1624 a
3427 1569 3772 1641 patriarcha

2121 1663 2408 1726 potestate
2439 1658 2640 1714 omnia
2661 1660 2999 1729 penderent,
3027 1663 3085 1713 et
3104 1675 3486 1730 personarum
3510 1657 3770 1714 delectus

2117 1751 2171 1799 et
2203 1763 2396 1800 rerum
2451 1747 2906 1804 administratio.
2949 1749 3210 1803 Evocans
3258 1748 3398 1802 item
3431 1764 3669 1802 uxorem
3701 1763 3770 1802 ex

2116 1835 2329 1906 oppido
2363 1835 2682 1892 Pemolissa
2714 1839 3039 1907 Augustum
3075 1836 3352 1902 declarat,
3393 1839 3450 1891 et
3475 1836 3764 1890 Joannem

2117 1923 2352 1979 fratrem
2379 1931 2435 1980 et
2457 1925 2762 1981 Catacalon
2783 1926 3168 1981 Combustum
3195 1927 3564 1997 curopalatas
3585 1927 3764 1990 creat,

2111 2014 2385 2068 etambos
2403 2014 2725 2070 honoribus
2742 2018 3002 2082 decorat;
3029 2017 3267 2069 fratrem
3287 2031 3459 2068 suum
3481 2029 3761 2084 magnum

2111 2103 2496 2158 domesticum
2557 2109 2732 2158 creat.
2796 2105 3188 2159 Considerans
3246 2107 3439 2158 autem
3500 2103 3758 2174 pecunias

2109 2191 2537 2256 necessitatem,
2571 2193 2695 2248 sine
2741 2209 2856 2264 qua
2909 2191 3054 2247 nihil
3088 2193 3410 2248 secundum
3465 2195 3755 2246 oratorem

2107 2281 2428 2349 perficitur,
2461 2299 2526 2336 eo
2560 2283 2714 2352 quod
2748 2299 2839 2336 res
2863 2280 3147 2337 militares
3177 2281 3330 2336 male
3362 2297 3423 2335 se
3447 2279 3750 2348 haberent,

2105 2367 2162 2420 in
2197 2371 2691 2440 angustissimum
2727 2371 2971 2426 redactas
3003 2372 3074 2426 ob
3109 2370 3334 2442 imperii
3381 2369 3662 2442 inopiam,
3694 2375 3750 2424 et

2105 2459 2364 2529 undique
2397 2476 2601 2516 omnes
2645 2463 2847 2514 contra
2894 2463 3188 2516 Romanos
3239 2458 3483 2528 incitati,
3517 2459 3671 2530 quod
3699 2458 3751 2514 ei

2100 2545 2434 2618 ignominiae
2466 2566 2595 2606 esse
2621 2555 2676 2604 et
2705 2550 2966 2614 omnium
2986 2549 3399 2622 gravissimum
3423 2549 3754 2618 videbatur,

2101 2639 2346 2692 acerbus
2401 2638 2774 2710 vectigalium
2823 2643 3055 2694 exactor
3103 2638 3214 2693 fuit
3262 2637 3335 2692 iis
3381 2637 3480 2708 qui
3536 2637 3614 2692 rei
3650 2653 3753 2708 pu-

2101 2727 2264 2782 blica:
2298 2729 2609 2800 debebant,
2643 2735 2700 2784 et
2728 2730 2854 2801 ipse
2883 2729 3110 2800 primus
3133 2727 3460 2782 ofﬁciorum
3494 2726 3756 2782 donatio-

2102 2833 2205 2871 nes
2239 2819 2585 2889 amputavit.
2638 2818 3006 2873 Parcimonia
3055 2833 3290 2888 quoque
3337 2815 3390 2870 ei
3439 2833 3588 2870 curae
3623 2815 3754 2886 fuit,

2104 2923 2208 2961 nec
2267 2924 2384 2962 non
2444 2913 2508 2962 ut
2564 2907 2812 2980 imperio
2870 2923 3042 2979 agros
3103 2907 3377 2973 adderet;
3428 2909 3486 2960 et
3540 2905 3754 2959 idcirco

2101 2995 2322 3051 multos
2355 2997 2610 3066 privatos
2641 2997 2914 3052 homines
2949 2995 3426 3066 possessionibus
3456 2993 3752 3065 spoliavit,

2101 3085 2383 3156 neglectis
2413 3086 2672 3156 ipsorum
2707 3086 2902 3140 aureis
2941 3085 3140 3142 bullis.
3174 3084 3538 3148 Quibusdam
3571 3082 3752 3137 etiam

2101 3176 2476 3230 monasteriis
2510 3175 2728 3231 multas
2753 3175 3158 3246 possessiones
3188 3171 3428 3236 ademit,
3451 3175 3510 3226 et
3533 3170 3752 3226 relictis

2111 3265 2413 3318 monachis
2471 3265 2701 3319 idoneis
2767 3263 3105 3335 sumptibus
3168 3263 3238 3317 ad
3299 3262 3539 3328 victum,
3601 3277 3751 3331 quos

2107 3354 2434 3424 computari
2462 3355 2738 3422 jusserat,
2771 3353 2825 3408 id
2855 3355 3006 3425 quod
3034 3355 3338 3422 supererat
3369 3349 3602 3423 publico
3623 3351 3748 3404 vin-

2105 3443 2339 3498 dicavit.
2376 3443 2536 3508 Quod
2571 3442 2810 3512 quidem
2860 3440 2932 3494 iis
2967 3440 3065 3511 qui
3117 3437 3546 3493 inconsiderate
3577 3441 3634 3490 et
3661 3439 3750 3489 te-

2105 3546 2260 3585 mere
2291 3530 2638 3599 judicarent,
2672 3529 2744 3582 ab
2775 3527 3080 3598 impietate
3127 3529 3184 3580 et
3215 3524 3524 3596 iniquitate
3556 3523 3626 3577 ad
3659 3539 3751 3578 sa-

2105 3619 2408 3690 crilegium
2439 3619 2674 3673 tendere
2717 3617 2898 3671 videri
2947 3619 3169 3687 queat:
3226 3614 3326 3669 sed
3376 3618 3574 3668 tamen
3605 3611 3752 3665 nihil

2103 3709 2342 3764 absurdi
2377 3725 2443 3762 eo
2489 3706 2792 3762 molimine
2841 3705 3195 3777 perﬁciebat,
3228 3707 3294 3758 ut
3340 3702 3416 3757 iis
3446 3701 3756 3755 videbatur

2103 3799 2200 3865 qui
2235 3815 2352 3852 rem
2389 3797 2644 3870 graviter
2682 3801 2855 3862 atque
2905 3792 3250 3864 spiritaliter
3279 3791 3750 3846 considerabant.

2101 3887 2322 3958 Nempe
2353 3902 2418 3940 eo
2443 3891 2608 3956 pacto
2633 3885 2702 3938 ad
2729 3887 3129 3955 paupertatem
3156 3897 3254 3935 eos
3277 3879 3376 3950 qui
3403 3879 3592 3950 ipsam
3619 3894 3750 3949 pro-

2103 3977 2238 4031 fessi
2291 3980 2486 4030 essent
2533 3974 2880 4036 adducebat,
2926 3979 2981 4026 et
3031 3969 3238 4025 molles
3280 3966 3753 4040 Sybariticasque

2103 4066 2255 4120 643
2289 4063 2530 4118 delicias
2581 4061 2900 4126 auferebat,
2935 4074 3119 4130 neque
3167 4061 3360 4112 tamen
3413 4054 3486 4109 iis
3518 4071 3645 4124 quae
3676 4053 3748 4107 ad

2101 4171 2276 4210 usum
2311 4152 2642 4208 necessaria
2671 4153 2870 4204 essent
2921 4147 3224 4219 privahat;
3274 4150 3329 4200 et
3355 4143 3658 4210 finitimos,
3689 4141 3748 4195 id

2101 4247 2188 4298 est
2219 4243 2316 4314 qui
2352 4242 2711 4314 prepinquos
2734 4255 2904 4311 agros
2932 4237 3237 4306 haberent,
3260 4252 3294 4290 a
3325 4231 3750 4289 monachorum

2105 4331 2374 4386 molestia
2395 4335 2452 4385 et
2481 4330 2724 4385 avaritia
2753 4327 3060 4382 liberabat.
3085 4325 3244 4390 Quod
3269 4324 3498 4378 utinam
3533 4322 3602 4377 ad
3637 4321 3752 4376 exi-

1662 4429 1904 4485 JACOBI
1946 4428 2162 4485 GOARI
2201 4429 2435 4484 NOT/E.

397 4513 476 4582 (1)
511 4513 882 4590 Religionem
929 4531 1020 4590 an_
1053 4515 1322 4590 Ecclesiae
1371 4517 1484 4573 sibi
1539 4524 1868 4590 arrogatam
1915 4520 1990 4580 ah
2023 4523 2069 4587 D
2101 4520 2259 4575 mine
2281 4533 2572 4589 cruceque
2598 4517 2862 4588 signatos
2887 4511 3477 4590 p_romovebant,_tbus
3503 4509 3561 4563 in
3586 4507 3754 4590 altari

331 4583 798 4661 imperatoribus
843 4585 1056 4661 Graecis
1105 4588 1358 4661 laudabo
1411 4583 1781 4661 potestatEm.
1815 4597 1872 4646 et
1921 4608 1990 4646 ex

331 4657 580 4711 ecclesia
612 4659 900 4728 quosdam
947 4658 1006 4712 in
1057 4657 1344 4729 palatium
1378 4657 1650 4718 inductos
1684 4665 1831 4718 ritus
1863 4679 1988 4716 me-

332 4729 626 4806 morabo?
671 4729 849 4784 Saceo
879 4736 936 4784 el
983 4731 1238 4806 mandya
1283 4733 1706 4798 vestiebantur,
1738 4751 1986 4806 quorum

334 4799 430 4872 ille
491 4817 908 4871 supremorum
971 4799 1318 4872 pontiﬁcum
1379 4809 1470 4860 est
1517 4807 1576 4860 in
1637 4799 1824 4862 sacris
1883 4806 1988 4860 ha-

333 4870 547 4948 bendis
579 4870 1150 4948 ornamentum,‘hic
1190 4873 1508 4948 lectorum,
1544 4881 1610 4931 ut
1655 4895 1723 4932 ex
1752 4877 1989 4948 scriptis

333 4942 650 5021 Symeonis
692 4943 1236 5002 Thessalonicensis
1283 4942 1756 5021 liquem-insigne
1785 4942 1988 5021 praeci-

373 5015 732 5092 uum._Crux
759 5021 1057 5092 sceptrum
1088 5015 1492 5092 erat,_regium
1535 5015 1834 5092 penetrale
1863 5017 1988 5074 κελ-

377 5083 454 5158 ίον
489 5087 690 5143 cellula
733 5083 1050 5158 postremis
1083 5083 1310 5146 seculis
1330 5083 1644 5158 audiebat,
1675 5109 1742 5148 ae
1773 5091 1825 5145 ἐν
1857 5091 1988 5146 ἀκα-

329 5154 450 5227 κία,
481 5159 716 5215 sacculo
735 5154 890 5214 terra
917 5159 1372 5236 repletojugiter
1389 5181 1562 5219 manu
1586 5154 1835 5236 gestato,
1863 5182 1991 5235 per-

333 5239 582 5308 petuum
631 5247 763 5286 cum
814 5231 1123 5308 monachis
1150 5231 1272 5308 "leti
1306 5236 1469 5304 quasi
1521 5231 1832 5308 praesentis
1863 5231 1991 5291 "sibi

336 5301 639 5370 ﬁngebant
669 5302 1096 5372 spectaculum.
1145 5301 1669 5363 Sacra—dona'cum
1717 5309 1990 5364 sacerdo-

331 5373 496 5445 tibus
530 5379 586 5426 et
614 5375 902 5441 diaeonis,
937 5375 1106 5445 quasi
1142 5375 1317 5432 choro
1349 5378 1634 5434 lectorum
1667 5379 1854 5445 asciti,
1889 5381 1988 5434 de-

333 5444 634 5500 ducebant
675 5447 744 5501 ad
797 5444 1018 5512 altare;
1071 5463 1136 5501 ac
1168 5455 1231 5503 ut
1261 5449 1692 5506 ecclesiasticos
1740 5444 1994 5506 canones

340 5516 416 5570 ab
445 5516 532 5571 eis
563 5517 822 5601 sancitos
865 5524 1110 5601 taceam,
1141 5522 1520 5601 episcopatus
1545 5523 1606 5578 in
1641 5522 1994 5592 metropoles

341 5603 544 5642 eorum
558 5589 764 5644 edictis
781 5594 1044 5645 mutatos
1075 5589 1466 5649 scribunt'Jus
1481 5589 1992 5650 Graecoromanum

337 5658 598 5716 Godinus
634 5667 692 5716 et
720 5668 928 5716 auctor
953 5677 1160 5718 versus
1190 5661 1447 5720 historia
1478 5666 1716 5723 calcem.
1741 5665 1996 5723 Patriar-

338 5729 482 5788 chae
524 5732 769 5807 insuper
819 5731 1212 5790 sanctissima
1243 5733 1547 5797 Trinitatis
1592 5737 1860 5797 invocato
1889 5753 1996 5796 no-

2102 4593 2435 4652 adolnbant.
2477 4578 2560 4644 lex
2615 4578 2818 4643 eodem
2880 4578 3055 4661 altari
3107 4584 3561 4661 tricipiti_cereo
3611 4578 3754 4661 solis

2100 4663 2480 4736 pontificibus
2506 4677 2782 4715 concesso
2812 4657 3154 4736 solemniter
3201 4652 3754 4736 populo‘benediee-

2103 4727 2241 4790 bant
2275 4731 2618 4805 pontificum
2651 4748 2833 4794 more,
2865 4732 3180 4805 ut__au(_:tor
3227 4731 3324 4805 est
3347 4727 3659 4779 Balsamon
3693 4727 3752 4802 in

2099 4807 2240 4862 Can.
2277 4793 2379 4868 .69,
2431 4803 2736 4874 Trullanae
2773 4793 3002 4874 synodi.
3055 4799 3650 4874 Prorogataquoque
3692 4793 3752 4847 in

2102 4879 2320 4934 aulicos
2355 4893 2418 4931 ac
2464 4871 2784 4933 πολιτικοὺς
2807 4867 3106 4943 ’ἄρχοντας
3157 4867 3342 4943 civilis
3381 4867 3566 4921 turba:
3596 4867 3752 4943 viros

2100 4936 3415 5018 hujusmodijurelegumGraieor._l.li.Pothum
3432 4936 3750 5009 quemdam

2101 5015 2638 5092 protospatharium
2699 5017 2873 5092 simul
2932 5015 3752 5092 ecclesim.Magnwdescono-

2103 5080 2287 5158 inum,
2307 5080 2713 5146 "Theodosium
2749 5087 2966 5160 pariter
2993 5085 3174 5160 alium
3209 5080 3750 5160 protospatharium

2104 5156 2395 5220 summam
2453 5156 3166 5217 lionorum'monastcriis
3227 5156 3596 5210 addictorum
3644 5169 3750 5207 cu-

2105 5254 2226 5292 ram
2275 5235 2524 5308 gessissn
2571 5234 2968 5308 leges,_quam
3021 5230 3116 5284 hic
3161 5235 3366 5308 auctor
3405 5222 3752 5308 rﬁc'oixovo:

2108 5309 2230 5382 μίας
2275 5293 2383 5359 υκαὶ
2448 5311 2547 5372 τῆς
2599 5293 2706 5357 τῶν
2737 5293 2920 5382 ’ἱερῶν
2988 5299 3296 5372 κειμηλίων
3347 5295 3614 5382 προνοίας.
3661 5293 3752 5379 καὶ

2103 5369 2429 5452 προστασίας
2448 5369 2696 5452 nomine
2724 5369 3041 5452 intelligit.
3075 5369 3551 5452 Ariqua_tan_dem
3583 5369 3755 5422 dein-

2104 5446 2250 5524 eeps
2289 5450 2672 5524 saecularibus
2717 5446 3004 5524 tradenda
3036 5449 3340 5524 potestate
3387 5447 3752 5524 Qomnenum

2104 5515 2461 5581 abstinuisse
2493 5521 2686 5585 refert,
2721 5516 2866 5572 belle
2896 5517 3188 5586 siquidem
3211 5515 3452 5586 scripsit
3475 5515 3758 5586 Synesius

2102 5579 2287 5664 Epist.
2339 5597 2408 5664 57
2451 5609 2469 5664 ζ
2507 5579 2800 5664 πολιτικὴν
2834 5579 3026 5659 ἀρετῆν
3058 5579 3350 5662 ἱερωσύνῃ·
3368 5579 3649 5639 συνάπτειν
3693 5579 3756 5634 τὸ

2101 5660 2334 5724 κλώθειν
2367 5663 2478 5719 ἐστὶ
2504 5663 2574 5720 τὰ
2597 5660 2932 5736 ἀσύγκωστα.
