4122 6388
471 397 600 457 373

1991 403 2388 465 HISTORIA.

3784 395 3902 468 374

471 531 554 598 τῷ
607 525 730 598 λαῷ
788 528 888 596 τὴν
945 527 1172 604 εἰρήνην
1223 531 1316 603 (5),
1381 531 1682 604 μεμένηκεν
1715 528 2000 606 ἄτρεπτος,
2055 535 2130 606 μὴ

2259 551 2456 606 guram
2492 535 2878 602 conformata,
2910 542 2976 592 ut
3009 553 3135 593 mos
3166 541 3256 593 est
3281 538 3654 593 benedicendi
3685 537 3901 610 populo

472 613 946 672 συναλλοιωθεῖσα
1011 621 1080 691 τῇ
1155 621 1410 696 νεκρώσει
1485 625 1583 676 τοῦ
1651 623 1926 694 σώματος.
1990 627 2134 694 Προ-

471 705 778 782 χειρίζεται
839 705 898 762 δὲ
956 708 1062 761 ἀντ’
1123 709 1288 763 αὐτοῦ
1345 709 1693 786 πατριάρχης
1727 717 2133 773 Κωνσταντῖνος

471 793 748 870 πρόεδρος
805 797 894 850 καὶ
953 793 1452 873 πρωτοϐεστιάριος
1485 801 1512 854 6
1573 799 1906 875 Λειχούδης,
1939 803 2133 876 πρότε-

475 905 572 960 ρον
633 888 824 960 ψήφου
871 883 1156 961 προϐἀσης
1215 889 1296 942 ἐπ’
1325 889 1472 961 αὐτῷ
1503 893 1646 964 παρᾶ
1703 895 1810 945 τῶν
1849 911 2132 964 μητροπο-

475 972 648 1028 λιτων
703 975 792 1029 καὶ
851 979 950 1030 τοῦ
999 977 1214 1052 κλήρου
1265 977 1356 1031 καὶ
1405 983 1502 1033 τοῦ
1534 977 1670 1032 λαοῦ
1721 981 1940 1049 παντὸς,
1995 981 2132 1055 ἀνὴρ

483 1063 736 1138 μέγιστον
825 1061 1140 1140 διαλάμψας
1223 1071 1340 1128 τοῖς
1430 1067 1738 1142 βασιλικοῖς
1819 1070 2130 1144 πράγμασιν

471 1151 578 1206 ἀπό
653 1173 712 1208 τε
791 1157 888 1207 τοῦ
967 1155 1312 1230 Μονομάχου
1389 1157 1480 1210 καὶ
1557 1159 1722 1234 μέχρι
1769 1162 1866 1212 τοῦ
1919 1158 2130 1232 καιροῦ,

473 1241 564 1294 καὶ
639 1241 780 1316 μέγα
853 1240 1016 1304 κλὲος
1057 1243 1146 1298 ἰπὶ
1201 1249 1281 1317 τῷ
1340 1251 1603 1318 μεσασμῷ
1655 1255 1756 1316 τῆς
1815 1252 1922 1301 τῶν
1984 1246 2128 1302 ὅλων

473 1327 806 1400 διοικήσεως
864 1331 1292 1406 ἀπενεγκάμενος
1359 1336 1448 1389 καὶ
1507 1343 1608 1406 τῆς
1659 1341 1767 1392 τῶν
1825 1336 2129 1412 Μαγγάνων

467 1420 774 1493 προνοίας,
833 1421 924 1476 καὶ
995 1429 1103 1478 τῶν
1183 1421 1570 1499 δικαιωμάτων
1629 1425 1800 1504 φύλαξ
1861 1431 1936 1500 (6)
1987 1429 2132 1502 παρὰ

467 1512 572 1562 τοῦ
619 1507 910 1584 εἰρημένου
964 1509 1232 1586 βασιλέως
1287 1513 1682 1588 καταλειφθείς.
1747 1515 1802 1569 Εἰ
1848 1515 1936 1570 καὶ
1989 1536 2131 1589 προ-

465 1591 722 1666 ϐέϐλητο
775 1603 924 1674 γοῦν,
983 1599 1084 1655 οὐκ
1139 1599 1554 1676 ἀνενδοιάσιμον
1586 1605 1685 1672 τὴν
1719 1602 2131 1680 ἀρχιερωσύνην

467 1686 564 1740 καὶ
625 1687 724 1754 τήν
783 1689 1151 1764 πατριαρχίαν
1221 1689 1478 1762 ἐκέκτητο
1549 1693 1636 1747 καὶ
1714 1693 2126 1770 ἀναμφήριτον,

465 1777 602 1832 ἀλλ’
651 1778 682 1832 6
717 1776 974 1854 βασιλεὺς
1003 1779 1303 1857 φροντίζων
1333 1783 1482 1844 ὅπως
1512 1787 1620 1837 τῶν
1651 1783 1914 1838 τοιούτων
1950 1781 2126 1837 δικαι-

2248 624 2596 679 acclamanti
2625 643 2848 696 pacem,
2875 628 2956 680 ita
2980 629 3149 682 ﬁrma
3181 628 3525 698 permansit,
3553 643 3742 700 neque
3763 643 3898 682 cum

2247 721 2478 768 mortuo
2527 731 2767 786 corpore
2817 721 2906 770 est
2955 717 3285 771 immutata.
3342 717 3648 772 Sufﬁcitur
3679 718 3737 772 in
3771 719 3900 787 ejus

2249 803 2438 860 locum
2489 805 2825 874 patriarcha
2873 805 3294 861 Constantinus
3345 805 3636 861 Lichudes
3688 823 3900 878 praeses

2246 899 2303 948 et
2331 895 2832 962 protovesliarius,
2867 896 2966 966 qui
3015 896 3176 966 prius
3228 895 3814 967 metrOpolitanorum
3847 898 3902 950 et

2243 983 2380 1038 cieri
2439 984 2736 1055 totiusque
2787 986 2984 1056 populi
3037 986 3336 1057 suffragiis
3384 985 3643 1040 delectus
3689 985 3900 1053 fuerat,

2241 1073 2332 1126 vir
2364 1073 2436 1126 ob
2469 1073 2620 1142 regia
2653 1079 2828 1144 atque
2851 1073 3043 1128 civilia
3075 1089 3318 1128 munera
3338 1074 3702 1129 clarissimus
3725 1090 3756 1128 a
3778 1073 3899 1128 Mo-

2245 1161 2532 1216 nomacho
2565 1179 2748 1233 usque
2783 1165 2850 1217 ad
2883 1163 3026 1217 illud
3063 1167 3337 1232 tempus;
3372 1164 3588 1234 quique
3619 1177 3895 1234 magnam

2243 1250 2490 1320 gloriam
2524 1253 2598 1306 ob
2633 1252 2711 1307 rei
2745 1252 2988 1324 publicae
3031 1253 3598 1307 administrationem
3637 1255 3896 1321 reporta-

2243 1347 2402 1395 verat
2458 1342 2608 1398 045
2674 1347 2729 1395 et
2785 1346 3208 1413 Manganorum
3271 1342 3768 1413 procurationem,
3831 1357 3896 1394 ac

2235 1429 2389 1500 juris
2421 1435 2620 1485 custos
2655 1431 2726 1486 ab
2759 1447 2824 1486 eo
2857 1433 3204 1501 imperatore
3255 1447 3431 1504 quem
3463 1431 3724 1484 diximus
3755 1427 3895 1484 reli-

2241 1523 2374 1573 ctus
2445 1520 2647 1574 fuerat.
2715 1521 2785 1573 Et
2842 1521 3109 1590 quamvis
3168 1521 3432 1575 delectus
3489 1518 3719 1583 fuisset,
3777 1535 3892 1572 non

2243 1609 2372 1663 sine
2403 1608 2775 1664 contentione
2826 1609 3395 1681 archiepiscopatum
3428 1613 3486 1664 et
3533 1606 3894 1679 patriarcha-

2240 1702 2388 1764 tum,
2427 1714 2614 1769 neque
2645 1701 2770 1752 sine
2798 1698 3195 1753 controversia
3237 1699 3486 1770 adeptus
3535 1701 3642 1752 est.
3677 1699 3894 1750 Verum

2241 1787 2560 1858 imperator
2608 1788 2848 1842 studens
2897 1787 3037 1842 talia
3085 1788 3196 1842 sibi
3237 1788 3378 1858 jura
3423 1785 3740 1852 vindicare,
3782 1785 3892 1838 hoc

463 1866 712 1938 ωμάτων
769 1867 1032 1942 ἐγκρατὴς
1089 1871 1335 1944 γένηται,
1364 1876 1555 1926 τοῦτον
1596 1873 1783 1948 καιρὸν
1819 1870 2124 1942 ἐπιτήδειον

501 1955 516 1974 9
571 1958 598 1974 ﬂ
635 1955 648 1972 ‘
953 1951 1014 1974 ρ’
1560 1973 1566 1974 ,
1591 1963 1600 1974 ι
1783 1963 1794 1974 α
1853 1963 1862 1974 ι
2076 1963 2088 1974 ι

2263 1877 2348 1946 psi
2377 1879 2612 1945 tempus
2633 1875 2910 1930 idoneum
2933 1877 3526 1947 ratus,presbyterum
3553 1874 3890 1928 ordinatum

465 1955 686 2026 οἰηθεὶς
715 1999 729 2023 ,
813 1951 1174 2030 πρεσϐύτερον
1252 1963 1705 2036 ’χειροτονηθέντα
1777 1963 1976 2037 ἐπέσχε
2029 1963 2130 2029 τήν

477 2043 678 2113 ἔντελῆ
725 2046 912 2120 χρίσιν
963 2053 1066 2116 τῆς
1113 2049 1549 2125 ἀρχιερωσύνης.
1611 2051 1774 2126 ἄχρις
1835 2049 1916 2118 ἃν,
1976 2051 2129 2127 φησὶ,

481 2133 552 2189 τὸ.
606 2134 1149 2211 ὑποτονθορυζόμενα
1197 2140 1336 2192 κατᾶ
1387 2143 1480 2194 σοῦ
1531 2142 1782 2214 σκοπηθῇ
1835 2137 2132 2202 συνοδικῶς

491 2242 550 2276 τε
591 2223 674 2276 καὶ
723 2229 1044 2287 κανονικῶς.
1095 2227 1156 2283 Ὁ
1207 2224 1264 2282 δὲ
1315 2234 1722 2292 Κωνσταντῖνος
1758 2231 1832 2302 μὴ
1869 2230 2133 2306 ἀγνοήσας

497 2307 568 2364 δι’
623 2311 676 2365 δν
727 2317 896 2368 ταῦτα
952 2313 1154 2390 τρόπον
1203 2317 1478 2389 τυρεύεται
1533 2323 1647 2373 κατ’
1705 2319 1887 2386 αὐτοῦ,
1945 2319 2006 2372 τὸ
2035 2320 2134 2385 τῆς

491 2399 750 2476 αἰσχύνης
809 2400 1078 2472 ἀδόκητον
1150 2404 1534 2480 λογισάμενος,
1582 2409 1757 2485 φὲρων
1815 2407 1881 2462 τὰ
1941 2407 2136 2476 ζητού-

487 2509 625 2562 μενα
673 2495 752 2559 τῷ
803 2491 1018 2566 βασιλεῖ
1068 2491 1374 2552 ἐπιδίδωσι.
1423 2497 1522 2551 Καὶ
1581 2494 1764 2552 ἔκτοτε
1803 2495 2136 2557 ἀδιστάκτως

477 2579 574 2632 καὶ
615 2575 750 2654 δίχα
803 2581 950 2644 τινὸς
1009 2584 1330 2658 προφάσεως
1369 2585 1542 2640 πάντα
1601 2585 1840 2641 τελεῖται
1877 2585 1958 2640 ἐπ’
1991 2585 2139 2656 αὐτῷ

483 2669 588 2722 ὅσα
643 2667 766 2731 ἔθος
823 2668 1000 2724 τελεῖν
1047 2669 1136 2726 ἐπὶ
1193 2678 1310 2734 τοῖς
1369 2675 1902 2749 χειροτονουμὲνοις.
1949 2675 2142 2749 Γέγονε

483 2755 544 2812 εὶ
605 2755 996 2832 δωρηματικὸς
1049 2759 1140 2814 καὶ
1187 2764 1576 2834 προνοητικὸς,
1638 2765 1702 2818 οὐ
1759 2768 1865 2818 τῶν
1897 2771 1997 2832 τῆς
2027 2764 2144 2818 Ἐκ-

477 2846 722 2917 κλησίας
773 2847 960 2920 μόνον,
995 2847 1140 2905 ἀλλὰ
1187 2851 1276 2906 καὶ
1305 2853 1514 2906 πάντων
1567 2851 1780 2924 ἁπλῶς,
1808 2853 1881 2914 ὡς
1939 2850 2144 2925 μηδένα

481 2933 896 3014 ὑπολειφθῆναι
929 2945 1030 3008 τῆς
1059 2939 1226 2993 αὐτοῦ
1255 2942 1518 3016 προνοίας
1547 2941 1848 3017 ἀμέτοχον,
1913 2941 2004 2996 τὸν
2065 2942 2140 3014 μή

475 3031 586 3094 τῆς
615 3024 786 3080 αὐτοῦ
817 3026 1004 3101 χειρὸς
1035 3025 1438 3088 ἀπολαύσαντα.

553 3117 686 3172 Τῶν
743 3115 1168 3191 Ούγγάρωντήν
1227 3119 1363 3193 πρὸς
1407 3120 1711 3193 Ῥωμαίους
1761 3119 1982 3194 εἷρηνην
2036 3117 2149 3174 δια-

479 3203 776 3260 λυσάντων
811 3207 896 3278 [Ρ.
927 3209 1058 3278 810]
1105 3207 1196 3262 καὶ
1241 3213 1350 3262 τῶν
1399 3210 1742 3278 Πατζινάκων
1812 3207 1870 3264 δὲ
1929 3209 2148 3284 ἐξερπυ-

479 3295 700 3348 σάντων
723 3297 834 3348 τῶν
879 3293 1106 3372 φωλεῶν
1160 3297 1240 3357 οἷς
1282 3292 1643 3372 ἐνεκρύϐησαν
1693 3298 1782 3353 καὶ
1829 3299 1928 3366 τήν
1976 3319 2146 3372 παρα-

480 3381 752 3456 κειμένην
816 3384 999 3460 χώραν
1055 3385 1336 3456 σινόντων,
1378 3387 1444 3440 τὰ
1491 3388 1628 3462 πρὸς
1659 3388 1758 3456 τὴν
1805 3387 2148 3460 ἐκστρατείαν

483 3473 790 3545 ἰξαρτύσας
863 3474 891 3527 6
951 3473 1206 3548 βασιλεὺς
1252 3472 1410 3545 ἔξεισι
1459 3475 1814 3552 πασίῤῥωμος
1865 3475 1940 3538 ε”ς
1988 3477 2148 3550 Τριά-

488 3560 676 3632 ὂιτζαν
717 3608 730 3620 .
805 3561 1012 3618 Ἐκεῖσέ
1067 3585 1124 3619 τε
1175 3559 1428 3639 πρέσϐεις
1485 3567 1622 3640 πρὸς
1677 3571 1784 3619 τῶν
1853 3565 2151 3640 Οὖγγάρων

497 3649 836 3724 δεξάμενος,
900 3651 997 3721 τὴν
1077 3659 1190 3726 μετ’
1261 3652 1437 3708 αὐτῶν
1497 3653 1720 3729 εἰρήνην
1773 3655 2024 3730 κυρώσας
2073 3655 2150 3716 ὡς

499 3737 770 3810 ἑνῆν,ἒπί
819 3738 946 3802 τοὺς
1003 3739 1368 3809 Πατζινάκους
1427 3740 1730 3814 ἐξώρμησε.
1794 3744 2147 3816 Διῃρημὲνων

497 3825 556 3882 δὲ
613 3827 790 3883 αὐτῶν
849 3829 986 3884 κατὰ
1042 3829 1228 3904 γενεὰς
1285 3831 1374 3885 καὶ
1432 3833 1680 3909 φατρίας,
1715 3832 1766 3886 οἱ
1818 3831 1912 3904 μὲν
1962 3829 2148 3886 λοιποὶ

493 3917 768 3992 ἡγεμόνες
817 3922 897 3990 τῷ
960 3917 1179 3994 βασιλεῖ
1212 3918 1594 3984 ὑποκλιθὲντες
1653 3920 1896 3994 εἰρηνικά
1949 3941 2008 3974 τε
2062 3920 2151 3975 καὶ

503 4004 665 4081 φίλια
717 4005 1040 4084 ἐφρόνησαν,
1095 4007 1258 4080 μόνος
1291 4005 1348 4062 δὶ
1392 4009 1420 4064 6
1477 4007 1648 4064 Σελτὶ
1673 4015 1833 4084 χεῖρα
1866 4005 2047 4064 δοῦναι
2074 4011 2154 4080 τῷ

513 4093 729 4168 βασιλεῖ
779 4095 879 4150 οὐκ
929 4094 1188 4168 ἠθέλησε,
1243 4103 1360 4159 τοῖς
1416 4095 1562 4153 ἕλεσι
1614 4103 1711 4154 τοῦ
1768 4100 2008 4174 Ἴστρου,
2070 4099 2154 4158 οἷς

507 4183 777 4262 συνέφυγε,
845 4185 936 4241 καὶ
997 4186 1066 4262 τῇ
1117 4187 1290 4242 ἐκεῖσε
1337 4190 1682 4262 ἀποκρήμνῳ
1720 4191 1890 4265 πέτρᾳ
1945 4187 2152 4262 ἐπερεί-

499 4272 734 4348 δόμενος
768 4297 780 4310 ο
848 4277 929 4340 οῖς
975 4277 1066 4332 καὶ
1119 4276 1393 4353 θαρρήσας
1451 4277 1528 4342 εἷς
1581 4279 1644 4334 τὸ
1701 4277 1891 4334 πεδίου
1941 4278 2154 4350 ἐξῆλθε,

495 4367 760 4444 συρῥάξαι
813 4373 892 4440 τῷ
943 4367 1160 4444 βασιλεῖ
1203 4367 1687 4444 προθυμούμενος.
1747 4369 1862 4428 Οὐκ
1919 4369 1994 4432 εἷς
2051 4391 2152 4442 μα-

489 4459 632 4532 κρὰν
693 4455 754 4512 δὲ
801 4460 900 4526 τῆς
959 4457 1160 4520 οἰκείας
1221 4458 1476 4521 ἀπονοίας
1524 4457 1816 4531 ἐκομίσατο
1846 4460 1912 4512 τὰ
1941 4457 2156 4533 ἐπίχει-

493 4567 583 4621 ρα·
651 4545 914 4622 βραχείας
973 4549 1076 4623 γὰρ
1141 4545 1360 4623 μερίδος
1417 4553 1523 4603 τῶν
1585 4545 1886 4622 βασιλικῶν
1945 4548 2156 4602 ἀντιτα-

2239 1965 2424 2018 vetuit
2471 1980 2544 2018 ne
2591 1965 3136 2036 archiepiscopatus
3185 1965 3524 2020 unctionem
3573 1963 3888 2034 perfectam

2241 2054 2552 2123 acciperet,
2587 2055 2802 2125 quoad,
2838 2053 3050 2126 inquit,
3085 2073 3148 2110 ea
3179 2071 3307 2126 quae
3350 2057 3552 2108 contra
3577 2058 3632 2108 te
3655 2053 3888 2123 jactan-

2243 2145 2340 2196 tur
2373 2159 2474 2214 per
2505 2145 2792 2215 synodum
2814 2145 3091 2199 canonice
3115 2145 3542 2199 examinentur.
3569 2140 3896 2198 Constanti-

2247 2249 2358 2286 nus
2389 2238 2586 2286 autem
2623 2249 2736 2286 non
2783 2233 3060 2302 ignorans
3109 2233 3227 2288 haec
3259 2233 3554 2304 quomodo
3603 2235 3805 2286 contra
3836 2245 3898 2284 se

2245 2321 2702 2388 inquirerentur,
2759 2321 3121 2394 inopinatum
3173 2323 3426 2376 dedecus
3475 2337 3676 2375 secum
3727 2335 3898 2390 repu-

2249 2415 2402 2476 tans,
2439 2427 2568 2481 quae
2597 2411 3013 2480 quaerebantur
3059 2409 3305 2465 tradidit
3337 2409 3694 2480 imperatori.
3731 2411 3806 2461 Ex
3837 2421 3902 2460 eo

2249 2503 2508 2570 tempore
2539 2499 2667 2553 sine
2698 2499 3094 2554 controversia
3127 2503 3184 2553 et
3213 2498 3340 2554 sine
3369 2497 3745 2552 excusatione
3776 2501 3905 2550 o'm-

2253 2589 2350 2642 nia
2381 2588 2452 2642 ab
2485 2589 2613 2658 ipso
2665 2589 3139 2659 perficiebantur,
3180 2603 3544 2659 quaecunque
3575 2585 3635 2640 in
3667 2583 3906 2638 initian-

2251 2676 2342 2730 dis
2376 2677 2752 2748 pontiﬁcibus
2786 2693 3161 2732 consuevere.
3197 2677 3330 2730 Fuit
3359 2675 3534 2732 etiam
3565 2673 3908 2736 munificus,

2252 2771 2310 2818 et
2377 2767 2662 2820 rationem
2729 2767 2936 2820 habuit
2995 2783 3108 2820 non
3177 2765 3450 2820 Ecclesia:
3516 2769 3746 2818 tantum
3804 2761 3906 2816 sed

2255 2855 2427 2909 etiam
2480 2856 2744 2910 omnium
2797 2856 3059 2922 omnino,
3111 2857 3190 2910 ita
3231 2861 3310 2910 ut‘
3343 2871 3494 2909 cura:
3523 2852 3686 2908 illius
3735 2867 3907 2906 nemo

2255 2959 2461 3014 expers
2511 2950 2687 3012 esset,
2752 2945 2850 3016 qui
2899 2945 3028 3014 ejus
3078 2943 3490 2999 liberalitatem
3541 2959 3654 2996 non
3707 2955 3907 3013 perce-

2257 3033 2458 3103 pisset.

2327 3123 2472 3178 Cum
2504 3139 2634 3176 vero
2669 3123 2882 3192 Ungari
2931 3139 3130 3195 pacem
3165 3123 3482 3178 violassent
3529 3137 3668 3190 erga
3698 3120 3908 3174 Roma-

2261 3228 2386 3276 nos,
2422 3217 2479 3266 et
2515 3211 2831 3265 Patzinacze
2859 3228 2888 3266 e
2919 3211 3146 3281 lustris,
3180 3212 3236 3266 in
3272 3211 3490 3282 quibus
3533 3209 3909 3276 delituerant,

2259 3299 2610 3370 erupissent,
2647 3300 3036 3371 laederentque
3085 3300 3398 3354 finitimam
3451 3299 3768 3370 regionem,
3799 3295 3912 3349 im-

2263 3395 2493 3460 perator
2526 3390 2742 3460 paratis
2775 3389 2847 3443 iis
2879 3406 3006 3459 quae
3057 3391 3128 3444 ad
3181 3389 3594 3460 perfectionem
3627 3385 3914 3442 exercitus

2265 3479 2396 3532 usui
2443 3483 2658 3544 essent,
2693 3493 2826 3532 cum
2875 3478 3154 3534 omnibus
3197 3477 3420 3533 viribus
3451 3493 3514 3532 se
3562 3475 3914 3530 Triaditzam

2263 3567 2507 3628 confert,
2543 3567 2736 3638 ibique
2771 3568 2844 3622 ab
2875 3567 3124 3638 Ungaris
3165 3573 3406 3639 accepta
3436 3565 3746 3637 legatione,
3777 3579 3912 3618 cum

2263 3672 2460 3727 pacem
2494 3655 2904 3710 confirmasset
2953 3673 3016 3710 ac
3065 3674 3168 3728 pro
3201 3657 3426 3710 viribus
3477 3654 3814 3718 stabilisset,
3852 3652 3914 3706 in

2263 3745 2599 3800 Patzinacas
2636 3747 2926 3814 profectus
2955 3751 3064 3800 est.
3098 3745 3322 3808 Quibus
3355 3743 3558 3798 divisis
3589 3741 3914 3798 secundum

2263 3839 2464 3904 gentes
2515 3837 2570 3888 et
2621 3835 2832 3898 tribus,
2885 3834 3091 3906 reliqui
3148 3835 3302 3889 646
3350 3834 3530 3888 duces
3579 3827 3914 3901 imperatori

2264 3939 2324 3976 se
2357 3921 2772 3978 submittentes
2804 3939 3004 3993 pacem
3038 3928 3094 3978 et
3124 3921 3440 3977 amicitiam
3466 3919 3720 3990 amplexi
3744 3923 3910 3973 sunt:

2263 4011 2426 4066 solus
2470 4011 2624 4066 Selte
2673 4029 2912 4066 manum
2967 4013 3104 4066 dare
3151 4011 3493 4083 imperatori
3541 4007 3750 4072 noluit,
3783 4005 3914 4062 lstri

2265 4102 2578 4174 paludibus
2619 4119 2734 4173 quo
2783 4105 3144 4174 confugerat,
3192 4107 3250 4158 et
3297 4105 3590 4173 praerupta
3640 4115 3766 4170 quae
3797 4095 3917 4152 illic

2266 4197 2388 4247 erat
2415 4199 2575 4262 petra
2607 4191 2799 4248 nixus.
2830 4193 3054 4258 Quibus
3085 4191 3260 4247 etiam
3296 4193 3476 4245 fretus
3517 4190 3574 4244 in
3609 4187 3914 4260 planitiem

2265 4280 2476 4352 erupit,
2529 4287 2798 4352 prompto
2847 4282 3042 4337 animo
3093 4281 3336 4354 cupiens
3385 4297 3518 4335 cum
3568 4279 3920 4349 imperatore

2267 4387 2510 4424 manum
2538 4387 2864 4425 conserere.
2899 4371 3012 4426 Sed
3047 4373 3200 4426 brevi
3229 4376 3493 4442 tempore
3525 4385 3642 4424 suae
3676 4367 3918 4422 demen-

2264 4459 2356 4513 tia:
2389 4460 2626 4530 praemia
2656 4460 2812 4526 tulit,
2846 4461 3140 4532 siquidem
3186 4477 3318 4516 cum
3366 4461 3576 4532 exigua
3604 4458 3918 4528 imperato-

2269 4549 2349 4602 ris
2379 4549 2626 4604 militum
2681 4567 2893 4604 manus
2927 4550 3072 4621 ipsis
3121 4551 3456 4614 restitisset,
3501 4547 3669 4618 fugit,
3703 4551 3760 4600 et
3788 4545 3918 4615 ejus

494 4635 734 4712 χθείσης
769 4635 914 4710 αὐτῷ
961 4636 1130 4716 φυγὰς
1187 4634 1387 4714 ᾤχετο,
1435 4637 1524 4692 καὶ
1581 4636 1950 4715 κρησφύγετον
1989 4636 2143 4692 αὐτοῦ

2263 4639 2488 4709 rei‘ugiu
2503 4655 2556 4692 m
2575 4645 2815 4709 captum
2835 4640 2908 4696 ab
2935 4639 3081 4710 ipsis
3101 4638 3502 4694 fundamentis
3525 4641 3614 4691 est
3631 4635 3914 4689 dirutum.

493 4724 716 4802 ληφθὲν
773 4726 1109 4800 κατεριζώθη
1155 4725 1216 4781 ἐκ
1266 4726 1476 4802 βάθρων
1528 4727 1723 4785 αὐτῶν.
1783 4727 1843 4784 Ὁ
1892 4724 1950 4780 δὲ
1999 4727 2153 4801 βασι-

495 4813 632 4875 λεὺς
707 4815 842 4888 μετὰ
908 4815 970 4870 τὸ
1045 4820 1235 4871 τοῦτον
1314 4815 1696 4892 τροπώσασθαι
1754 4815 1842 4870 καὶ
1901 4814 2154 4891 ἀφανίσαι

491 4901 676 4978 ἄρδην
757 4903 1040 4975 ἀναζεύξας
1117 4903 1422 4975 ἐσκήνωσεν
1497 4904 1548 4960 ἓν
1599 4909 1677 4976 τῷ
1732 4899 1980 4976 Λοϐιτζῷ
2030 4905 2150 4978 περὶ

491 4993 632 5054 τοὺς
707 4993 906 5056 αὐτοὺς
975 4991 1280 5068 πρόποδας.
1351 4992 1634 5070 Ῥαγδαῖος
1711 4991 1770 5048 δὲ
1825 4989 2034 5068 ὄμϐρος
2085 4997 2154 5066 τῇ

493 5077 834 5158 παρεμϐολῇ
937 5082 1381 5162 ἔπικαταῤῥαγεὶς
1480 5083 1570 5139 καὶ
1669 5083 1883 5160 νιφετὸς
1957 5081 2157 5158 ἔξωρος

2258 4733 2583 4798 Imperator
2628 4733 2826 4784 autem
2882 4733 3014 4800 post
3069 4728 3264 4799 ipsum
3317 4725 3686 4799 proﬂigatum
3739 4726 3916 4792 atque

2263 4815 2518 4870 deletum
2553 4817 2821 4874 funditus
2869 4818 3006 4872 inde
3037 4818 3330 4887 profectus
3379 4815 3450 4870 ad
3485 4813 3788 4868 Lobitzum
3822 4814 3916 4864 ta-

2267 4904 2582 4961 bernacula
2632 4907 2848 4978 posuit,
2899 4907 2966 4960 ad
3021 4905 3240 4960 montis
3290 4905 3536 4960 radices.
3587 4901 3918 4956 Vehemens

2266 5001 2458 5050 autem
2497 4995 2683 5049 imber
2712 4995 2766 5048 in
2802 5001 2995 5050 castra
3025 4995 3254 5050 delatus
3285 4999 3343 5048 et
3377 4995 3471 5048 nix
3515 4988 3922 5062 intempestiva

2265 5089 2413 5152 (erat
2443 5084 2596 5140 enim
2633 5085 2994 5156 Septembris
3041 5085 3166 5138 dies
3212 5081 3494 5140 vicesima
3540 5085 3770 5153 quarta,
3804 5094 3922 5150 qua

1825 5219 2074 5276 JACOBI
2114 5218 2334 5274 GOARI
2373 5219 2602 5274 ΝΟΤίΕ.

495 5335 570 5374 ex
603 5323 855 5390 utroque
905 5335 1044 5374 crux
1095 5319 1513 5389 componitur:
1547 5316 1754 5390 reliqui
1793 5334 1967 5390 porro,
1991 5317 2160 5387 digiti

499 5389 773 5462 manenti
801 5390 1046 5462 extensi,
1093 5391 1409 5462 cunctique
1465 5389 1644 5445 simul
1682 5405 1909 5462 qvocumi
1957 5389 2160 5444 harum

499 5461 726 5529 Ἰησοῦς
759 5461 989 5536 Χριστος
1015 5465 1138 5536 νικᾷ
1169 5459 1408 5536 litteras
1439 5459 1848 5536 primordiales
1880 5461 2160 5536 demons-

497 5538 684 5600 trant,
731 5532 1078 5591 auricularis
1125 5534 1396 5589 videlicet
1441 5532 1638 5589 rectus
1665 5532 1728 5585 τὸ
1763 5534 1804 5597 1,
1839 5533 2072 5586 medius
2104 5536 2161 5586 et

499 5605 696 5680 pollex
725 5605 780 5680 in
813 5623 1049 5680 crucem
1084 5605 1196 5680 a_c_ti
1225 5605 1286 5659 τὸ
1317 5607 1380 5680 Χ,
1407 5605 1639 5680 medius
1661 5605 1923 5680 etipdex
1953 5619 2158 5680 parum

497 5675 790 5807 diesitirg‘;
819 5679 889 5738 N.
923 5681 1058 5734 Haec
1099 5677 1636 5735 Thessalonicensis
1684 5679 1741 5732 et
1771 5675 2054 5746 Malaxus,
2088 5675 2160 5732 de

498 5765 625 5807 uno
655 5765 688 5806 ι
713 5767 732 5806 ι
799 5793 812 5807 .

498 5765 625 5823 quo
655 5749 812 5808 alibi.

2341 5319 2418 5388 (5)
2453 5317 2592 5371 Pace
2625 5317 2904 5372 nimirum
2953 5334 2986 5370 a
3037 5315 3308 5388 pontifice
3337 5317 3576 5370 vocibus
3607 5313 3700 5368 bis
3731 5311 3920 5388 εἰρήνη

2273 5387 2398 5459 ὑμῖν
2429 5389 2658 5444 ccelitus
2693 5391 2976 5456 invocata,
3011 5387 3476 5444 benedictionem
3511 5387 3794 5457 poscenti.

2342 5461 2417 5530 (ὃ)
2451 5461 2634 5516 Roma
2657 5461 2790 5528 jure
2839 5460 3090 5530 cuipiam
3143 5459 3558 5530 obvenientia._
3581 5474 3717 5530 non,
3747 5457 3924 5512 modo

2263 5524 2364 5602 jus
2397 5524 2588 5604 ipsum
2624 5524 2680 5586 et
2727 5531 2914 5604 legem
2939 5524 3174 5604 'vocant
3223 5529 3486 5604 moderni
3529 5524 3920 5604 _8txaubp.ata;

2271 5599 2497 5680 adid—eo
2548 5599 2930 5680 δικαιωμάτων
2978 5599 3150 5680 φύλάξ
3202 5603 3354 5675 apud
3407 5601 3644 5680 eosdem
3684 5599 3922 5680 estqui

2271 5674 2442 5731 nobis
2473 5673 2766 5750 regiorum
2785 5673 3012 5746 jurium
3043 5673 3335 5742 defensor,
3367 5673 3467 5746 qui
3488 5679 3546 5729 et
3575 5674 3772 5746 regius
3793 5687 3922 5742 pro-

2272 5751 2527 5804 curator.
