4122 6382
312 362 430 423 375

1634 369 1968 430 JOANNIS
2013 368 2421 432 SCYLITZE

3610 369 3729 428 370

312 495 762 567 protomartyris
801 496 1028 552 Tbecla-
1080 499 1425 556 memoriam
1477 499 1774 556 celebrant
1801 501 1959 557 Chri-

2079 495 2479 574 (Σεπτὲμϐριος
2535 498 2636 574 γὰρ
2695 499 2762 567 ἦν
2822 498 3032 571 ἡμέραν
3092 494 3238 571 ἄγων
3297 494 3395 564 κδ’,
3428 497 3548 560 καθ’
3574 495 3640 565 ἥν
3691 498 3728 566 ἡ

313 583 514 653 stiani)
545 584 796 640 multum
832 587 1165 642 detrimenti
1200 593 1257 644 et
1286 589 1639 646 calamitatis
1675 591 1964 646 militibus

315 671 531 727 attulit.
565 673 710 728 Nam
765 677 958 731 omnis
1006 677 1123 732 fere
1171 679 1490 750 equitatus,
1525 687 1579 735 et
1629 697 1828 736 eorum
1865 681 1961 752 qui

314 759 559 815 aderant
591 763 853 832 plurimi.
883 765 1093 836 frigore
1125 772 1181 821 et
1213 768 1570 830 imbre.cum
1607 771 1744 825 nudi
1770 775 1966 825 essent

315 854 372 904 et
400 849 697 920 imparati,
747 853 1118 926 interierunt,
1146 874 1211 911 ac
1261 865 1469 929 praeter
1513 875 1746 915 omnem
1799 876 1964 931 spem

314 938 384 992 ad
419 937 638 995 victum
690 945 1025 999 necessaria
1072 946 1434 1013 defecerunt,
1469 947 1686 1003 relictis
1731 954 1962 1003 tantum

315 1041 440 1096 quas
472 1027 787 1086 fluminum
815 1034 1038 1104 impetu
1071 1037 1483 1106 superfuerant
1513 1043 1569 1091 et
1599 1038 1794 1092 imbri.
1819 1038 1964 1093 Cum

316 1120 514 1170 autem
549 1119 926 1176 mediocriter
956 1123 1153 1194 pluvia
1181 1125 1507 1180 remisisset
1540 1128 1818 1198 nivesque
1841 1129 1972 1182 oesé

316 1210 572 1272 sassent,
591 1206 891 1278 ingressus
910 1211 1246 1283 imperator,
1270 1219 1327 1268 et
1351 1214 1617 1285 plurimis
1643 1216 1698 1270 in
1725 1215 1967 1270 ﬂumine

319 1293 576 1363 amissis,
608 1298 718 1352 sub
753 1300 1021 1355 umbram
1055 1303 1362 1372 cujusdam
1397 1305 1622 1359 arboris
1652 1322 1784 1359 cum
1823 1323 1965 1376 pau-

317 1381 406 1436 cis
427 1383 784 1454 quibusdam
809 1389 1168 1458 primoribus
1191 1409 1252 1447 se
1275 1393 1526 1464 recepit;
1551 1410 1616 1448 ac
1641 1393 1815 1464 paulo
1838 1398 1969 1465 post

316 1470 472 1527 edito
499 1489 532 1527 a
562 1491 778 1546 quercu
812 1495 957 1532 sono
991 1497 1198 1550 parum
1226 1481 1596 1553 progreditur
1626 1482 1964 1554 imperator,

316 1559 435 1616 fere
466 1568 752 1633 quantum
780 1568 1006 1622 arboris
1036 1569 1225 1640 ipsius
1257 1570 1560 1640 longitudo
1584 1573 1966 1643 contingeret,

318 1665 450 1720 quae
508 1651 791 1709 radicitus
840 1655 1042 1712 evulsa
1097 1659 1310 1730 supina
1357 1659 1414 1714 in
1467 1665 1680 1716 terram
1731 1649 1976 1716 decidit:

320 1746 633 1805 Obmutuit
656 1752 994 1824 imperator,
1014 1757 1163 1811 641
1186 1759 1568 1814 considerans
1600 1759 1793 1831 qualis
1819 1776 1968 1814 mor-

2072 592 2170 655 τῆς
2230 591 2388 662 ἀγίας
2446 589 2919 664 πρωτομάρτυρος
2995 585 3202 649 Θὲκλας
3270 586 3431 661 ἑορτὴ
3487 585 3728 642 τελεῑὶεαι

2075 680 2437 752 Χριστιανοῖς)
2471 676 2689 746 πολλῆς
2722 677 3012 738 κακώσεως
3040 676 3128 729 καὶ
3164 674 3347 746 λύμης
3379 672 3643 745 ἐνέπλησε
3667 675 3728 729 τὸ

2074 766 2476 840 στρατιωτικόν·
2516 768 2549 836 ἢ
2583 787 2639 820 τε
2661 767 2762 841 γὰρ
2798 764 2971 827 ’ίππος
3031 762 3228 839 σχεδὸν
3262 766 3438 819 ἅπασα
3483 769 3572 820 καὶ
3620 770 3730 819 τῶν

2074 855 2358 931 παρόντων
2391 857 2443 910 οἱ
2473 854 2697 916 πλείους
2724 859 2804 926 τῷ
2834 853 2984 929 κρύει
3015 854 3102 908 καὶ
3137 858 3216 924 τῷ
3266 847 3485 928 ὄμϐρῳ,
3529 853 3728 929 γυμνοὶ

2074 945 2162 998 καὶ
2223 945 2585 1018 ἀπαράσκευοι
2641 945 3008 1019 τυγχάνοντες
3047 989 3060 1013 ,
3119 942 3182 996 τὸ
3235 945 3330 1014 ζῇν
3386 942 3726 1019 ἀπέῤῥηξαν.

2075 1031 2493 1090 Ἐπιλελοίπασι
2539 1031 2597 1088 δὲ
2644 1033 2789 1108 παρὰ
2817 1036 2988 1088 πᾶσαν
3039 1033 3140 1099 τήν
3173 1028 3372 1086 ἐλπίδα
3402 1033 3490 1086 καὶ
3522 1033 3588 1086 τὰ
3619 1031 3730 1086 ἐπι-

2074 1121 2283 1192 τήδεια,
2335 1122 2619 1196 ποταμίων
2673 1121 2952 1197 ῥευμάτων
2986 1126 3156 1198 φορᾶς
3203 1121 3292 1175 καὶ
3324 1125 3422 1176 τοῦ
3451 1127 3733 1196 χειμῶνος

2073 1213 2338 1288 γενόμενα
2375 1214 2642 1288 πάρεργον
2672 1257 2684 1268 .
2733 1209 3063 1281 Ἀναστολῆς
3117 1208 3174 1264 δὲ
3227 1209 3448 1284 μετρίας
3500 1211 3728 1285 γενομὲ-

2073 1323 2172 1372 νης
2231 1301 2321 1354 καὶ
2378 1306 2484 1357 τῶν
2526 1305 2754 1378 νιφετῶν
2815 1301 3106 1374 ἀνακωχὴν
3167 1296 3444 1355 λαϐόντων
3496 1299 3638 1374 ἐξῄει
3701 1301 3730 1354 6

2080 1389 2354 1465 βασιλεὺς,
2414 1389 2702 1452 πλείστους
2761 1387 2818 1443 δὲ
2871 1394 2953 1461 τῷ
2997 1394 3229 1463 ποταμῷ
3285 1385 3587 1444 ἀποϐαλὼν
3625 1391 3730 1444 ὑπὸ

2077 1479 2226 1533 σκιὰν
2273 1477 2398 1549 ἔστη
2452 1475 2676 1553 δένδρου
2705 1478 2853 1539 τινὸς
2903 1479 3015 1549 ἅμα
3044 1483 3149 1532 τῶν
3188 1478 3566 1554 ὑπερεχόντων
3599 1479 3728 1534 τισί.

2075 1578 2205 1632 Μετ’
2255 1575 2444 1651 ὀλίγον
2479 1575 2536 1632 δὲ
2564 1580 2714 1651 ἠχῆς
2754 1575 3052 1652 γενομένης
3101 1576 3160 1630 ἐκ
3180 1583 3280 1646 τῆς
3313 1573 3483 1648 δρυὸς
3518 1576 3730 1651 πρόεισι

2080 1667 2272 1742 μικρὸν
2303 1667 2330 1720 6
2367 1665 2646 1741 βασιλεὺς,
2678 1665 2801 1720 ὅσον
2835 1667 2917 1737 μὴ
2949 1669 3028 1737 τῷ
3059 1667 3222 1738 μήκει
3256 1665 3424 1735 αὐτῆς
3454 1665 3734 1738 καταλαμ-

2077 1750 2328 1819 ϐάνεσθαι
2413 1754 2553 1827 ἤπερ
2633 1755 2838 1830 ῥιζόθεν
2927 1755 3325 1808 ἀνασπασθεῖσα
3411 1752 3574 1809 ὑπτία
3658 1758 3727 1827 τῇ

320 1835 397 1892 tis
429 1838 753 1910 periculum
785 1843 876 1898 vix
907 1847 1176 1901 evaserit.
1211 1847 1411 1919 Neque
1443 1848 1552 1904 hoc
1582 1854 1706 1903 erat
1748 1849 1959 1902 bonum

2077 1849 2149 1919 γῇ
2182 1847 2500 1919 προσήρισε.
2555 1845 2745 1918 Γέγονε
2796 1841 2854 1898 δὶ
2909 1843 3080 1904 ἐννεὸς
3132 1844 3160 1897 ὁ
3215 1840 3470 1918 βασιλεὺς
3503 1844 3730 1918 Λογισά-

321 1927 657 1997 augurium,
693 1933 845 2003 quod
880 1933 1189 2005 acciderat,
1213 1937 1312 1991 sed
1347 1937 1579 1992 initium
1613 1937 1969 1992 calamitatis

324 2030 499 2085 quam
534 2034 669 2074 mox
706 2026 864 2076 esset
913 2029 1283 2097 accepturus,
1333 2030 1390 2081 et
1439 2043 1639 2082 corum
1693 2028 1968 2098 quaejam

321 2107 720 2164 commisisset
751 2128 1054 2182 pcenarum
1088 2115 1329 2170 exactio.
1356 2115 1574 2171 Verum
1609 2133 1711 2188 pro
1743 2134 1808 2172 eo
1831 2133 1970 2171 casu

321 2195 542 2263 gratias
574 2213 754 2269 agens
783 2205 894 2255 Deo
945 2202 1228 2274 templum
1263 2204 1319 2258 in
1372 2204 1586 2276 palatio
1619 2205 1970 2261 Blacberna-

320 2300 449 2338 rum
475 2292 886 2361 prolomartyri
903 2291 1128 2346 Thecla:
1145 2292 1480 2348 dedicatum
1508 2294 1970 2364 pulcherrimum

320 2378 670 2443 construxit,
698 2385 756 2434 et
786 2381 1102 2436 exercitum
1156 2385 1480 2453 perducens
1532 2385 1649 2440 cito
1682 2402 1743 2439 se
1775 2387 1845 2440 ad
1881 2404 1968 2440 re-

317 2462 473 2534 giam
525 2467 727 2522 urbem
782 2469 1038 2542 recipere
1093 2472 1422 2538 festinabat,
1476 2474 1738 2543 cogitans
1782 2476 1853 2529 de
1884 2493 1970 2529 re-

315 2550 570 2608 bellione
631 2572 807 2626 quam
869 2559 1172 2615 audiverat
1228 2561 1285 2615 in
1337 2561 1590 2617 Oriente.
1642 2569 1765 2628 Qua
1826 2563 1973 2617 falsa

318 2647 638 2712 comperta,
673 2661 802 2700 sese
825 2649 1236 2703 venationibus
1258 2650 1549 2706 oblectare
1571 2651 1743 2722 cmpit
1765 2656 1821 2705 et
1841 2651 1973 2707 aliis

319 2745 450 2798 quae
479 2732 662 2787 animi
694 2733 992 2790 relaxandi
1017 2739 1207 2808 gratia
1229 2737 1397 2806 ﬁunt,
1432 2755 1534 2810 per
1554 2738 1789 2806 fretum,
1814 2741 1968 2811 quod

319 2821 410 2871 est
465 2824 598 2876 ante
665 2823 884 2894 regiam
945 2825 1147 2881 urbem
1214 2828 1559 2882 ascendens.
1633 2828 1782 2883 Hora
1839 2847 1970 2885 vero

319 2907 552 2976 prandii
584 2910 803 2968 fulmen
841 2913 898 2967 in
929 2930 997 2969 ea
1037 2914 1164 2970 loca
1194 2917 1410 2987 quibus
1453 2915 1725 2989 Neapolis
1758 2935 1970 2973 nomen

319 3008 410 3058 est
438 3004 649 3076 irruit;
683 3015 740 3064 et
773 3027 984 3081 porcus
1025 3013 1220 3068 nescio
1268 3015 1421 3069 unde
1473 3031 1783 3085 apparens,
1819 3017 1874 3070 in
1909 3032 1970 3072 se

323 3097 653 3162 provocavit
709 3099 1142 3170 imperatorem,
1206 3119 1382 3173 quem
1444 3121 1627 3173 usque
1676 3106 1744 3159 ad
1811 3122 1970 3160 mare

315 3189 660 3253 persecutus
726 3187 1048 3260 imperator
1129 3193 1368 3262 expulit.
1448 3192 1554 3248 Ubi
1609 3210 1741 3249 vero
1812 3211 1968 3251 mare

311 3245 555 3329 subiens
615 3245 829 3346 porcus
887 3245 1040 3334 haud
1093 3245 1344 3350 amplius
1393 3245 1965 3355 ap'paruilvrfulgore
1998 3245 2040 3311 Ο

310 3363 567 3431 quodam
600 3364 788 3420 instar
836 3367 1084 3439 fulguris
1135 3370 1479 3440 perstrictus
1525 3371 1847 3443 imperator
1890 3375 1960 3428 de

311 3463 461 3520 equo
483 3451 746 3521 dejectus
773 3461 954 3521 est,et
977 3457 1141 3512 humi
1163 3477 1435 3528 spumam
1461 3476 1528 3514 ex
1549 3477 1646 3516 ore
1669 3461 1847 3516 edens
1871 3463 1962 3516 de-

310 3537 672 3596 volvebatur.
709 3548 772 3596 In
807 3561 1047 3613 parvum
1084 3554 1278 3602 autem
1315 3548 1611 3620 navigium
1647 3551 1960 3621 impositus

313 3627 384 3682 ad
420 3629 638 3700 regiam
663 3632 939 3688 defertur.
967 3637 1263 3692 Attonitus
1297 3643 1488 3692 tamen
1513 3645 1570 3693 et
1600 3639 1671 3692 ob
1696 3640 1957 3694 afflatum

312 3733 375 3770 se
407 3717 599 3782 ipsum
633 3721 877 3777 minime
911 3725 1193 3794 sentiens,
1231 3727 1552 3798 morbaque
1583 3728 1708 3782 dies
1738 3728 1963 3800 aliquot

311 3806 585 3865 detentus
617 3817 862 3868 mortem
891 3817 1284 3886 exspectabat,
1307 3822 1364 3871 et
1393 3817 1609 3872 idcirco
1633 3819 1703 3873 ad
1732 3819 1962 3889 placan-

310 3896 450 3951 dum
487 3899 599 3955 sibi
633 3905 813 3957 Deum
847 3905 1250 3973 paenitentiam
1285 3905 1667 3977 amplectitur,
1695 3915 1750 3962 et
1773 3909 1958 3980 impe-

310 3987 587 4044 ratoriam
621 3996 992 4062 potestatem,
1027 4010 1205 4066 quam
1235 3995 1344 4050 sibi
1378 3995 1594 4066 injuria
1615 3997 1956 4065 vindicaret,

303 4080 496 4138 libens
527 4086 788 4158 deponit,
819 4088 930 4145 hoc
959 4097 1112 4146 certe
1144 4099 1296 4146 recte
1321 4093 1560 4162 faciens,
1592 4101 1649 4148 et
1677 4097 1958 4150 monasti-

305 4187 385 4226 caa
435 4189 498 4228 se
547 4176 673 4230 vita:
722 4177 973 4246 dedicat,
1024 4180 1274 4250 priorem
1336 4183 1552 4236 fastum
1603 4199 1669 4238 ac
1716 4184 1958 4240 delicias

302 4261 636 4319 voluntario
653 4272 992 4340 contemptu
1005 4276 1062 4324 et
1081 4268 1347 4325 molestia
1369 4273 1684 4343 corrigens.
1713 4273 1781 4328 Et
1801 4275 1955 4344 quod

303 4351 458 4407 648
492 4354 680 4425 magis
715 4358 971 4412 ostendit
1016 4357 1185 4413 illum
1236 4377 1366 4414 vere
1395 4366 1630 4432 totoque
1659 4379 1727 4416 ex
1758 4364 1955 4418 animo

303 4441 650 4508 pmnituisse
676 4459 876 4500 eorum
910 4462 1039 4517 qua:
1091 4455 1370 4518 patraret,
1407 4451 1820 4520 imperatorem
1857 4452 1953 4506 de-

303 4527 443 4600 legit
474 4547 585 4586 non
617 4531 905 4590 Joannem
937 4536 1048 4590 sibi
1081 4539 1365 4608 sanguine
1395 4541 1803 4608 conjunctum,
1837 4558 1951 4596 non

2086 1954 2243 2006 μενος
2301 1931 2414 1995 θ’ίας
2476 1931 2734 2002 τελευτῆς
2781 1929 3060 1987 ἰπωδύνου
3099 1931 3244 2006 παρά
3302 1932 3495 2006 μικρὸν
3543 1937 3730 2007 τυχεῖν

2081 2017 2333 2095 ἔμελλεν.
2394 2024 2494 2079 Ἦν
2541 2019 2598 2077 δὲ
2651 2022 2753 2076 οὐκ
2778 2022 2976 2096 ἀγαθὸς
3007 2021 3202 2082 οἰωνὸς
3233 2021 3294 2076 τὸ
3321 2016 3554 2093 συμϐὰν,
3588 2019 3735 2076 ἀλλὰ

2081 2111 2373 2187 προοίμιον
2424 2119 2523 2180 τῆς
2595 2109 2912 2185 μελλούσης
2960 2110 3117 2165 αὐτὸν
3175 2105 3502 2165 καταλαϐεῖν
3551 2110 3732 2186 τύχης

2080 2201 2168 2254 καὶ
2245 2206 2353 2256 τῶν
2430 2198 2538 2271 ⁴ἤδη
2615 2201 2921 2276 γενομένων
2997 2198 3268 2273 εἷ’σπραξις
3323 2199 3412 2254 καὶ
3466 2200 3736 2275 τιμωρία.

2083 2301 2436 2376 Εὐχαριστῶν
2473 2297 2519 2353 δ’
2576 2298 2662 2353 ἐπὶ
2710 2303 2789 2369 τῷ
2843 2292 3214 2371 συμϐεϐηκότι
3272 2302 3350 2368 τῷ
3406 2302 3545 2370 Θεῷ,
3605 2298 3732 2351 ναὸν

2081 2391 2132 2444 ἐν
2192 2395 2270 2461 τῷ
2327 2389 2578 2460 παλατίῳ
2620 2392 2727 2442 τῶν
2783 2386 3105 2462 Βλαχερνῶν
3152 2385 3239 2441 ἐπὶ
3268 2391 3348 2458 τῷ
3379 2386 3606 2460 ὀνόματι
3637 2389 3739 2451 τῆς

2081 2481 2548 2552 πρωτομάρτυρος
2598 2475 2804 2540 Θίκλας
2878 2478 3129 2551 ἀνήγειρε
3197 2473 3513 2532 κάλλιστον.
3592 2478 3738 2551 Upo-

2083 2564 2320 2636 ϐιϐάζων
2369 2565 2426 2622 δὶ
2454 2568 2544 2621 τὸν
2598 2567 2822 2642 στρατὸν
2853 2565 3017 2640 ἀπῄει
3065 2565 3279 2640 ταχέως
3329 2563 3416 2620 ἐπὶ
3445 2567 3546 2634 τήν
3582 2565 3736 2640 βασι-

2084 2657 2344 2712 λεύουσαν
2403 2655 2892 2730 λογοποιούμενος,
2950 2654 3278 2710 ἀποστασίαν
3333 2653 3384 2708 ἐν
3443 2657 3510 2719 τῆ
3573 2656 3735 2708 Ἀνα-

2081 2744 2220 2820 τολῇ
2261 2742 2668 2818 ἐνωτιζόμενος.
2717 2740 3054 2802 Καταλαϐὼν
3113 2742 3170 2798 δὲ
3215 2743 3303 2798 καὶ
3358 2745 3532 2798 πάντα
3560 2741 3734 2816 ψευδῆ

2084 2834 2329 2911 εὑρηκὼς
2387 2835 2734 2909 κυνηγεσίοις
2808 2834 2995 2888 ἑαυτὸν
3063 2832 3464 2909 ἐψυχαγώγησε
3519 2832 3609 2887 καὶ
3665 2836 3737 2906 τῇ

2083 2922 2228 2997 an“
2305 2924 2501 2992 ἀνέσει,
2565 2924 2700 2978 κατὰ
2774 2923 2866 2978 τὸν
2945 2926 3012 2996 τῇ
3077 2920 3319 2998 βασιλίδι
3382 2921 3741 2998 προκείμενον

2081 3014 2325 3089 πορθμὸν
2390 3014 2571 3069 ἀνιών.
2650 3016 2729 3086 [Ρ.
2795 3012 2922 3086 811]
2997 3012 3127 3082 Περὶ
3201 3009 3258 3066 δὲ
3315 3012 3458 3088 ὥραν
3519 3010 3744 3086 ἀρίστου

2081 3107 2194 3178 φῶς
2269 3097 2691 3179 ἀστραπήϐολον
2768 3107 2888 3163 τοῖς
2956 3101 3146 3162 τόποις
3189 3099 3416 3164 ἐκείνοις
3474 3096 3740 3174 ἐνέσκηψε

2079 3189 2376 3262 (Νεάπολις
2422 3192 2636 3252 τούτοις
2695 3192 2757 3246 τὸ
2812 3191 3142 3266 γνώρισμα),
3210 3189 3406 3266 χοῖρός
3463 3189 3520 3245 τὲ
3568 3192 3734 3245 ποθεν

2079 3282 2355 3359 ἐπιφανεὶς
2413 3280 2495 3355 ἐφ’
2560 3281 2744 3336 ἑαυτὸν
2797 3281 2890 3335 τὸν
2966 3278 3192 3354 βασιλία
3238 3277 3611 3350 ἐξεκαλέσατο,
3673 3278 3732 3333 δν

2071 3369 2378 3425 ἐπιδιώκων
2431 3371 2458 3424 6
2511 3369 2766 3444 βασιλεὺς
2827 3369 2958 3444 ἄχρι
3017 3368 3107 3423 καὶ
3140 3366 3418 3438 θαλάσσης
3447 3366 3732 3439 ἐξήλασεν.

2068 3472 2155 3530 Ὡς
2213 3466 2270 3522 δὶ
2321 3469 2349 3522 6
2407 3475 2602 3544 χοῖρος
2654 3468 2752 3535 τήν
2801 3469 3073 3530 θάλασσαν
3135 3465 3314 3529 εἰσδὺς
3365 3468 3575 3544 ἀφανὴς
3607 3466 3728 3539 ἐγί-

2069 3579 2210 3627 νετο,
2272 3558 2300 3611 6
2353 3555 2606 3631 βασιλεὺς
2653 3556 2906 3632 ἐξαίφνης
2935 3553 3173 3629 πληγεὶς
3206 3555 3286 3627 et};
3314 3549 3732 3630 ἀστραπηϐόλῳ

2071 3647 2210 3717 φωτὶ
2277 3651 2374 3700 τοῦ
2437 3644 2612 3700 ’ίππου
2686 3665 2744 3699 τε
2815 3643 3212 3721 ἀπεσφαιρίσθη
3280 3643 3370 3698 καί
3431 3644 3567 3718 πρὸς
3625 3645 3726 3712 τὴν

2068 3743 2170 3810 γῆν
2221 3735 2460 3813 ἀφρίζων
2520 3732 2784 3789 ἐκυλίετο.
2843 3733 3080 3805 ’Δκατίῳ
3140 3731 3196 3788 δὲ
3230 3728 3532 3806 ἐμϐληθεὶς
3590 3734 3731 3808 πρὸς

2067 3824 2134 3878 τὰ
2185 3824 2434 3900 βασίλεια
2497 3823 2817 3892 διασώζεται
2886 3821 3375 3897 παρακεκομμένος
3436 3822 3522 3876 καὶ
3604 3824 3725 3877 δαυ-

2067 3917 2163 3967 τοῦ
2232 3911 2363 3986 μηδ’
2435 3911 2581 3974 ὅλως
2645 3912 3122 3983 ἐπαισθανόμενος.
3185 3913 3605 3986 Νοσημαχήσας
3665 3908 3723 3966 δὶ

2070 4000 2149 4078 ἔφ’
2212 4003 2421 4076 ἡμέρας
2487 4003 2632 4062 τινας
2681 4002 2772 4055 τὸν
2844 4001 3012 4076 μόρον
3089 3996 3405 4074 ἆκαραδόκει
3473 3999 3565 4054 καὶ
3635 3997 3730 4054 διὰ

2065 4093 2226 4144 τοῦτο
2276 4092 2410 4166 πρὸς
2463 4088 2738 4162 ἐξιλὲωσιν
2787 4093 2885 4143 τοῦ
2926 4088 3071 4152 θείου
3129 4087 3422 4164 ἀσπάζεται
3471 4087 3570 4156 τὴν
3639 4109 3733 4161 με-

2064 4179 2304 4246 τάνοιαν,
2371 4180 2460 4233 καὶ
2518 4180 2618 4248 τὴν
2683 4177 2976 4253 βασιλικὴν
3044 4177 3306 4250 ἐξουσίαν,
3367 4177 3436 4246 ἧς
3480 4176 3729 4251 παρανό-

2070 4289 2186 4340 μως
2219 4266 2499 4342 ἐδράξατο,
2533 4267 2712 4321 ἑκοντὶ
2764 4266 3007 4337 μεθίησι,
3051 4267 3212 4320 τοῦτό
3259 4285 3321 4339 γε
3349 4263 3538 4326 καλῶς
3563 4285 3731 4335 ποιη-

2066 4356 2320 4428 σάμενος,
2391 4358 2477 4412 καὶ
2547 4357 2639 4411 τὸν
2719 4353 3011 4430 μοναδικὸν
3067 4356 3359 4424 ἀσπάζεται
3423 4354 3563 4430 βίον,
3621 4357 3726 4424 τὴν

2064 4448 2190 4522 πρὶν
2268 4447 2510 4518 εὐδοξίαν
2578 4447 2669 4501 καὶ
2716 4447 2929 4523 τρυφὴν
2978 4444 3293 4500 ἀποπτώσει
3351 4443 3574 4499 ἑκουσία
3631 4445 3721 4498 καὶ

2069 4535 2382 4612 μετριότητι
2455 4533 2862 4611 διορθούμενος.
2935 4536 3003 4592 Ὀ
3059 4532 3117 4588 δὲ
3179 4532 3392 4608 μᾶλλον
3451 4531 3718 4588 δείκνυσιν

301 4624 575 4688 nepotem
624 4637 693 4676 ex
741 4639 937 4678 sorore
985 4624 1356 4680 Theodorum
1407 4628 1780 4698 Docejanum,
1835 4646 1947 4684 non

2070 4625 2136 4686 ὡς
2196 4625 2505 4699 εἰλικρινῶς
2578 4625 2668 4679 καὶ
2728 4627 2912 4699 ψυχῆς
2971 4622 3021 4694 ἐξ
3075 4618 3212 4692 ὅλης
3269 4620 3721 4696 μεταμεμεληται

301 4705 432 4760 filiaa
468 4709 768 4777 maritum,
802 4728 991 4784 neque
1031 4713 1212 4768 alium
1258 4714 1514 4785 aliquem
1563 4716 1673 4770 sibi
1708 4733 1955 4771 consan-

301 4796 588 4867 guinitate
621 4800 976 4872 proximum,
1011 4803 1111 4858 sed
1148 4804 1454 4874 praesidem
1481 4805 1953 4876 Constantinum,

299 4895 390 4948 cui
418 4896 539 4966 jam
573 4897 710 4954 inde
759 4917 792 4955 a
839 4901 966 4955 suis
1011 4901 1337 4971 majoribus
1386 4907 1578 4957 Ducas
1629 4919 1951 4974 cognomen

297 4989 444 5050 erat,
477 4990 760 5058 tanquam
795 4989 1046 5060 peritum
1081 4994 1139 5044 et
1175 4990 1473 5045 conscium
1508 4995 1564 5045 et
1594 4991 1948 5063 adjutorem,

293 5073 511 5142 quique
563 5078 782 5146 optime
830 5084 1032 5133 nosset
1081 5079 1335 5134 rationes
1385 5080 1656 5150 parandae
1699 5081 1946 5151 copiosas

2070 4712 2150 4790 ἐφ’
2220 4717 2302 4776 οἷς
2352 4713 2563 4788 ἔπραξε,
2621 4713 2846 4788 βασιλέα
2889 4712 3300 4788 προχειρίζεται
3350 4710 3411 4765 οὐ
3440 4711 3532 4766 τὸν
3562 4709 3723 4784 ὁμαί-

2071 4824 2207 4874 μονα
2272 4803 2436 4857 αὐτοῦ
2496 4803 2781 4871 Ἰωάννην,
2860 4800 2922 4855 ού
2994 4801 3088 4854 τὸν
3145 4797 3476 4874 ἀδελφιδοῦν
3528 4798 3723 4854 ἰαυτοῦ

2065 4889 2345 4966 Θεόδωρον
2416 4891 2508 4946 τὸν
2587 4889 2891 4961 Δοκειανὸν,
2977 4889 3078 4943 οὐκ
3153 4885 3316 4964 ἄνδρα
3392 4889 3724 4964 προσζεύξας

2059 4985 2128 5053 τῇ
2189 4980 2433 5056 θυγατρὶ,
2488 4977 2601 5034 οὔτ’
2643 4976 2815 5034 ἄλλον
2868 4979 2987 5033 τινὰ
3014 4982 3122 5032 τῶν
3170 4978 3290 5041 καθ’
3333 4979 3474 5049 αἷμα
3503 4975 3718 5048 ᾠκειω-

2064 5071 2238 5143 μένων
2297 5069 2466 5142 αὐτῷ,
2517 5065 2664 5123 ἀλλὰ
2716 5069 2806 5122 τὸν
2865 5064 3129 5142 πρόεδρον
3192 5071 3619 5133 Κωνσταντῖνον,
3669 5065 3716 5138 ᾧ

2059 5164 2262 5221 Δοῦκας
2301 5161 2365 5213 τὸ
2414 5157 2833 5232 πατρωνυμικὸν
2887 5158 3137 5212 ἁνὲκαθεν
3170 5156 3262 5224 ἦν,
3322 5155 3396 5215 ὡς
3428 5154 3716 5230 συνίστορα

2055 5251 2142 5303 καὶ
2218 5249 2618 5324 συναγωνιστὴν
2696 5247 2785 5301 καὶ
2867 5251 2973 5301 τῶν
3051 5245 3357 5322 χρημάτων
3444 5245 3712 5318 ποριστὴν

292 5161 557 5230 pecunias
609 5165 680 5218 ad
740 5165 971 5237 imperii
1031 5169 1558 5223 conservationem.
1612 5169 1944 5224 Comnenus

289 5253 486 5304 autem
521 5255 878 5309 monasticae
909 5263 1098 5312 vestes
1145 5259 1408 5324 indutus,
1445 5275 1578 5312 cum
1627 5276 1942 5331 parumper

285 5345 678 5410 exspectasset
717 5342 766 5398 si
818 5361 935 5414 qua
982 5347 1205 5402 ratione
1253 5364 1286 5401 a
1336 5349 1534 5402 morbo
1568 5346 1934 5415 liberaretur,

286 5428 386 5484 ubi
421 5429 581 5484 novit
611 5448 672 5486 se
705 5431 1021 5489 insanabili
1055 5436 1257 5491 morbo
1289 5442 1550 5506 captum,
1585 5437 1776 5491 adhuc
1806 5437 1934 5508 ipso

2051 5348 2431 5422 ἀφθονώτατον
2485 5345 2559 5407 είς
2622 5345 2720 5414 τὴν
2770 5352 2870 5414 τῆς
2919 5343 3202 5421 βασιλείας
3249 5343 3598 5418 κατάσχεσιν.
3650 5343 3710 5398 Ὁ

2049 5435 2107 5491 δὲ
2168 5437 2452 5508 Κομνηνὸς
2527 5434 2664 5510 ῥακη
2737 5435 3012 5511 μοναχικά
3093 5429 3552 5508 περιϐαλόμενος,
3619 5430 3710 5502 ,ἐπ’

2045 5524 2235 5600 ἀλίγον
2283 5546 2341 5579 τε
2382 5525 2839 5598 γνωσιμαχήσας,
2890 5522 2944 5577 εἷ’
2986 5527 3103 5585 πῶς
3152 5521 3362 5587 ἀνεθείη
3388 5527 3487 5590 τῆς
3520 5519 3705 5591 νόσου,

2040 5613 2262 5688 ἐπείπερ
2313 5611 2452 5689 ἔγνω
2500 5613 2616 5668 κατ’
2666 5609 2832 5688 ἄκρας
2882 5612 3050 5687 ταύτῃ
3101 5611 3290 5680 ἁλοὺς,
3337 5609 3417 5664 In
3446 5612 3513 5683 τῇ
3562 5607 3704 5681 νόσῳ

2036 5702 2380 5780 τρυχόμενος
2421 5703 2521 5773 τήν
2569 5705 2667 5758 τοῦ
2705 5699 2974 5758 Στουδίου
3020 5694 3430 5776 καταλαμϐάνει
3495 5696 3697 5771 μονὴν,

283 5523 523 5573 vexatus
566 5521 750 5574 Studii
805 5525 1227 5580 monasterium
1277 5525 1626 5598 ingreditur,
1675 5525 1929 5581 multum

281 5607 606 5664 JEcaterina
655 5612 916 5682 Augusta
961 5613 1089 5681 ejus
1140 5613 1451 5670 consilium
1506 5614 1840 5685 adjuvante,
1873 5621 1930 5671 et

280 5714 386 5773 pro
428 5702 718 5756 terrarum
765 5697 1001 5772 imperii
1053 5701 1394 5770 amissione,
1425 5701 1680 5759 ccelestis
1725 5703 1925 5775 gaudii
