4122 6404
352 382 477 442 377

1872 384 2272 448 HISTORIA.

3659 381 3782 447 3'18

357 509 542 568 πολλᾶ
569 512 660 567 καὶ
691 512 788 578 τῆς
829 512 1144 588 Αὖγούστης
1200 515 1558 593 Δίκατερίνης
1614 512 2004 591 συμϐαλλομέ-

2125 517 2380 574 fructum
2438 516 2545 586 ipsi
2607 515 3004 588 promittente,
3066 531 3202 571 cum
3261 531 3448 572 annos
3505 516 3654 573 duos
3711 533 3778 572 ao

361 622 460 671 νης
512 601 656 673 αὐτῷ
714 601 853 674 πρὸς
914 602 976 657 τὸ
1035 604 1421 679 προκείμενον,
1451 605 1541 660 καὶ
1597 609 1665 679 τῇ
1725 608 1824 670 τῆς
1892 605 2010 659 ἐπι-

358 688 504 765 γείου
534 687 814 765 βασιλείας
847 686 1103 766 ἀποϐολῇ
1134 694 1236 760 τήν
1289 692 1340 748 ἐν
1397 693 1647 768 οὐρανοῖς
1708 693 2010 748 ἀπόλαυσιν

352 778 844 853 ἐπαγγελλομένης
888 780 1057 854 αύτῷ,
1111 780 1436 856 βασιλεύσας
1489 784 1582 856 μὲν
1634 777 1726 854 ἔτη
1780 781 1875 838 δύο
1923 783 2012 837 καὶ

356 874 540 941 μῆνας
578 875 748 942 τρεῖς,
800 868 1061 939 ἐπιζήσας
1108 868 1164 925 δὲ
1201 870 1408 926 τούτων
1463 870 1671 928 ἐλάττω
1715 877 1792 943 τῷ
1845 893 2010 944 μονα-

351 962 502 1032 χικῷ
561 959 837 1032 σχήματι,
887 963 1058 1013 πᾶσαν
1118 961 1361 1030 ὑπακοὴν
1425 961 1562 1036 πρὸς
1633 962 1726 1016 τὸν
1811 959 1863 1015 ἐν
1942 963 2012 1034 τῇ

358 1050 494 1118 μονῇ
567 1045 969 1120 ἡγεμονεύοντα
1038 1047 1477 1122 ἐπιδεκνύμενος,
1543 1050 1617 1112 ὡς
1681 1050 1770 1104 καὶ
1836 1051 2012 1124 θυρω-

358 1134 450 1208 ρὸς
483 1135 730 1208 γενέσθαι
758 1135 849 1189 καὶ
891 1140 1010 1198 ταῖς
1069 1135 1265 1199 ἄλλαις
1325 1139 1664 1214 ὑπηρετῆσαι
1719 1135 2012 1199 διακονίαις

360 1220 449 1277 διὰ
498 1220 719 1291 πολλὴν
771 1223 1060 1280 ἐπιείκειαν
1119 1227 1208 1281 καὶ
1267 1227 1734 1306 μετριοφροσύνην
1784 1224 2011 1282 καταδε-

352 1310 614 1384 ξάμενος.
687 1313 1145 1391 Σωφρονέστατος
1220 1313 1278 1370 δὲ
1346 1315 1558 1392 εἰσάγαν
1617 1316 1860 1392 γενέσθαι
1921 1313 2013 1369 λέ-

344 1421 520 1475 γεται.
557 1401 1034 1480 Στρατοπεδάρχῳ
1056 1405 1160 1480 γὰρ
1191 1400 1305 1460 ὅντι
1337 1405 1484 1479 αύτῷ
1530 1405 1686 1460 νόσον
1749 1403 2010 1478 ἕνσκῆψαι

342 1492 669 1565 νεφριτικήν
722 1513 904 1568 φασιν,
947 1491 1085 1548 ὥστε
1128 1493 1440 1568 ἀπογνῶναι
1489 1493 1657 1563 αὐτῆς
1705 1500 1806 1562 τῆς
1869 1498 2013 1562 ζωῆς

345 1575 437 1632 διὰ
491 1579 558 1634 τὸ
617 1582 836 1649 παρέσει
888 1581 1146 1638 παντελεῖ
1197 1583 1287 1638 καὶ
1349 1583 1603 1654 ἀκινησίᾳ
1662 1588 2010 1657 κατασχεθῆ-

338 1689 453 1728 ναι.
517 1673 636 1724 Τῶν
695 1667 753 1724 δὶ
813 1671 1034 1747 ἰατρῶν,
1092 1673 1228 1745 μετὰ
1280 1673 1344 1727 τὸ
1401 1678 1517 1734 τοῖς
1600 1669 1796 1734 ἄλλοις
1847 1673 2010 1726 ἅπασι

343 1759 666 1833 χρησασθαι
741 1760 828 1814 καὶ
905 1759 1193 1831 ἀνηνύτοις
1266 1760 1598 1838 ἐλεγχθῆναι
1690 1759 2008 1836 ἐπιχειρεῖν,

343 1841 842 1920 συμϐουλευόντων
921 1857 1150 1923 μιγῆναι
1219 1851 1453 1925 γυναικὶ,
1509 1851 1670 1912 αὐτὸς
1740 1849 1848 1925 ούχ
1908 1850 2009 1904 ὑπ-

347 1937 605 2006 ⁴ἤκουσεν.
656 1937 937 1994 Εἷπόντων
984 1937 1066 2007 δὲ,
1097 1939 1143 1993 εἰ
1187 1941 1262 2013 μὴ
1307 1944 1453 1994 τοῦτ’
1481 1939 1902 2015 ἐπιχειρήσειεν,
1956 1937 2008 2009 ἐξ

348 2027 586 2102 ἀνάγκης
665 2025 815 2105 ἔχειν
872 2037 1102 2104 καυτῆρι
1179 2033 1511 2106 χρησασθαι,
1565 2029 1625 2085 ἐκ
1681 2029 1878 2085 τούτου
1951 2027 2010 2084 Si

358 2113 571 2188 ἀπαιδίᾳ
625 2126 1032 2194 κατασχεθῆναι
1107 2115 1256 2192 δεινῇ
1314 2120 1404 2175 καὶ
1465 2125 1544 2191 [Ρ.
1607 2121 1737 2192 812]
1795 2118 2006 2194 ἆγονίᾳ,

366 2203 541 2273 αὐτὸς,
575 2230 600 2257 α
625 2207 876 2280 ’Λρκοῦςί
913 2215 1033 2281 μοι⁶
1069 2206 1196 2286 ἔφη,
1229 2210 1255 2263 ὁ
1289 2206 1551 2278 Μανουήλ
1583 2212 1675 2263 καὶ
1793 2207 2002 2281 Μαρία,

368 2293 422 2347 οἱ
465 2291 569 2363 ἤδη
622 2317 708 2368 μοι
762 2295 952 2370 χάριτι
999 2302 1133 2351 θεοῦ
1183 2295 1372 2358 παῖδες
1431 2296 1753 2371 γενόμενοι’
1799 2296 2006 2351 τούτων

369 2382 466 2454 μὲν
522 2384 620 2458 γὰρ
667 2383 788 2439 ἄνευ
849 2381 1020 2440 ἔνεστι
1097 2391 1286 2462 τυχεῖν
1366 2392 1466 2455 τῆς
1556 2385 1835 2460 βασιλείας
1900 2389 2005 2439 τῶν

357 2472 622 2546 οὐρανῶν,
673 2472 1032 2551 σωφροσύνης
1083 2471 1141 2528 δὲ
1202 2474 1380 2550 χωρὶς
1432 2471 1610 2536 οὐδεὶς
1657 2475 1750 2528 τὸν
1809 2473 2008 2546 Κύριον

347 2555 564 2634 ὄψεται.
600 2587 624 2615 ι
661 2560 836 2618 Ἀλλὰ
863 2561 953 2616 καὶ
985 2564 1020 2631 ἡ
1057 2561 1306 2637 βασίλεια
1334 2563 1658 2639 Αἷκατερῖνα
1697 2563 1787 2617 καὶ
1817 2564 1852 2631 ἡ
1878 2561 2006 2617 ταύ-

2124 623 2358 662 menses
2406 610 2526 662 tres
2575 605 2946 676 imperasset,
2979 612 3032 660 et
3084 610 3143 660 in
3193 605 3400 660 habitu
3454 606 3776 662 monastico

2123 696 2426 768 pauciores
2461 695 2550 749 his
2591 695 3008 765 supervixisset
3051 711 3281 749 omnem
3335 701 3620 766 praestans
3651 713 3775 752 mo-

2126 785 2366 840 nasterii
2399 785 2668 856 praefecto
2700 785 3118 850 obedientiam,
3154 784 3236 838 ita
3268 791 3329 837 ut
3359 790 3413 838 et
3435 785 3658 852 janitor
3686 801 3777 841 es-

2124 879 2214 930 set
2278 881 2334 929 et
2392 875 2506 929 alia
2573 874 2902 928 ministeria
2957 873 3168 942 obiret,
3229 880 3464 944 prOpter
3531 875 3776 930 multam

2125 963 2302 1018 animi
2340 963 2674 1034 aequitatem
2708 968 2763 1017 et
2785 962 3155 1018 modestiam.
3177 962 3558 1018 Castissimus
3578 969 3776 1018 autem

2125 1053 2306 1108 fuisse
2337 1051 2573 1114 dicitur,
2610 1057 2667 1107 et
2713 1068 2894 1121 supra
2934 1068 3113 1123 quam
3165 1051 3322 1106 credi
3376 1052 3563 1123 possit
3591 1052 3777 1107 conti-

2125 1157 2290 1196 nens.
2325 1141 2470 1196 Nam
2505 1156 2638 1194 cum
2682 1139 3196 1211 stratopedarches
3242 1147 3414 1207 esset,
3450 1140 3779 1212 nephritico

2123 1231 2323 1284 morbo
2356 1233 2643 1284 tentatum
2679 1229 2885 1284 dicunt
2917 1230 2994 1284 ita
3028 1234 3091 1284 ut
3119 1229 3295 1284 vitam
3328 1229 3681 1302 desperaret,
3713 1247 3780 1286 eo

2123 1320 2279 1390 quod
2314 1319 2496 1374 totius
2525 1321 2785 1390 corporis
2819 1319 3100 1390 languore
3131 1323 3188 1373 et
3219 1335 3525 1374 nervorum
3559 1319 3778 1374 resolu-

2123 1408 2280 1464 tione
2331 1406 2713 1463 detineretur.
2765 1407 3002 1462 Medicis
3047 1413 3266 1472 autem,
3302 1412 3615 1479 postquam
3648 1407 3780 1464 aliis

2123 1495 2398 1552 omnibus
2425 1497 2709 1552 adhibitis
2759 1496 3054 1564 remediis,
3105 1513 3174 1552 ea
3204 1514 3332 1568 quas
3381 1498 3620 1553 omnino
3654 1498 3780 1553 ﬁeri

2123 1601 2238 1639 non
2272 1592 2515 1656 possent
2546 1590 2767 1641 tentare
2819 1601 2880 1640 se
2931 1590 3352 1657 cognoverunt,
3385 1594 3447 1641 ut
3477 1602 3610 1641 cum
3645 1603 3778 1641 mu-

2122 1671 2261 1729 liere
2293 1675 2549 1745 quadam
2585 1674 2766 1729 coiret
2814 1675 3228 1743 suadentibus,
3263 1674 3452 1729 noluit
3481 1676 3779 1747 obtempe-

2123 1780 2271 1818 rare.
2304 1767 2569 1834 Cumque
2601 1764 2890 1819 dixissent
2915 1763 2999 1818 illi
3030 1764 3182 1818 649
3219 1763 3329 1818 nisi
3363 1763 3470 1819 hoc
3502 1767 3778 1835 tentaret,

2119 1854 2450 1907 necessario
2508 1853 2834 1908 cauterium
2880 1853 3301 1920 adhibendum,
3371 1868 3442 1908 ex
3489 1870 3602 1924 quo
3647 1869 3776 1924 pro-

2117 1941 2381 1996 creandas
2414 1941 2632 1996 sobolis
2670 1941 2957 1996 facultate
2993 1941 3319 2010 privaretur
3351 1958 3364 1995 :
3391 1965 3418 1992 «
3442 1941 3617 2012 Satis,
3648 1941 3776 2013 ipse

2117 2030 2328 2101 inquit,
2362 2030 2502 2084 mihi
2538 2036 2679 2084 sunt
2719 2029 2949 2085 Manuel
2999 2035 3055 2086 et
3106 2030 3290 2085 Maria
3340 2030 3480 2085 mihi
3505 2035 3632 2101 jam
3668 2029 3767 2084 Dei

2119 2119 2400 2174 beneﬁcio
2433 2119 2554 2174 nati
2593 2118 2757 2173 liberi
2793 2137 2806 2174 :
2843 2136 2978 2173 nam
3031 2119 3158 2174 sine
3208 2119 3300 2174 his
3331 2118 3466 2174 licet
3495 2119 3776 2189 consequi

2119 2224 2362 2279 regnum
2427 2207 2731 2274 ccelorum,
2793 2207 2920 2262 sine
2979 2207 3339 2262 continentia
3397 2225 3530 2264 vero
3594 2209 3775 2262 Deum

2117 2313 2288 2351 nemo
2339 2296 2578 2351 videbit.
2629 2319 2656 2344 »
2714 2296 2863 2360 Quin
2911 2297 3087 2351 etiam
3138 2301 3402 2368 Augusta
3451 2297 3780 2353 lEcaterina

2117 2386 2362 2456 ejusque
2395 2385 2516 2440 ﬁlia
2573 2385 2764 2440 Maria
2809 2385 3072 2440 detonsis
3121 2386 3348 2457 capillis
3397 2386 3686 2458 degebant
3716 2385 3776 2441 in

2117 2475 2352 2545 palatiis
2411 2474 2683 2546 Myrelasi,
2743 2475 2941 2529 omnia
3001 2475 3328 2530 monastica
3375 2491 3619 2530 munera
3667 2474 3774 2530 ob-

2117 2568 2344 2618 euntes.

348 2669 451 2720 της
497 2651 739 2727 θυγάτηρ
789 2650 975 2726 Μαρία
1021 2652 1122 2720 τὴν
1173 2650 1342 2728 τρίχα
1389 2653 1702 2727 κειράμεναι
1739 2649 1931 2726 διῆγον
1960 2648 2012 2706 ἐν
2041 2655 2162 2712 νοῖς
2193 2648 2483 2713 παλατίοις
2514 2654 2611 2706 τοῦ
2641 2643 2971 2724 Μυρελαίου,
2999 2657 3170 2706 πᾶσαν
3200 2649 3426 2721 ἄσκησιν
3465 2649 3768 2724 μοναδικήν
3839 2649 3842 2652 ’

353 2743 782 2816 μετερχόμεναι.

411 2829 856 2902 Τελευτήσαντος
910 2829 968 2886 δὲ
1012 2836 1110 2887 τοῦ
1165 2831 1434 2908 βασιλέως
1487 2832 1785 2907 ὑγρότητος
1837 2833 2004 2905 μεστὴ

342 2920 605 2974 θεαθεῖσα
653 2922 686 2973 ’λ
729 2925 922 2975 τοῦτον
965 2921 1274 2996 κατέχουσα
1322 2922 1482 2996 σορὸς
1535 2921 1790 2976 ὑπόνοιαν
1841 2920 2003 2994 napi-

338 3029 439 3084 σχε
472 3007 721 3070 πολλοῖς
747 3010 1016 3084 τιμωρίαν
1051 3009 1182 3065 εἶναι
1221 3011 1285 3065 τὸ
1331 3009 1549 3086 γεγονὸς
1587 3012 1677 3064 καὶ
1724 3009 2003 3072 κολάσεως

340 3095 619 3172 ἔνδειγμα
671 3103 768 3152 106
813 3097 1090 3177 ἐμφυλίου
1127 3096 1384 3172 πολέμου
1415 3099 1506 3154 καὶ
1536 3106 1636 3168 τῆς
1670 3106 1878 3176 σφαγῆς
1915 3097 2003 3153 καὶ

2188 2834 2322 2888 Vita
2349 2839 2543 2888 autem
2580 2834 2777 2888 functo
2808 2833 3185 2904 imperatore,
3226 2838 3539 2904 conspecta
3570 2833 3772 2905 sepul-

2116 2927 2250 2977 tura
2279 2924 2408 2992 ejus
2440 2922 2703 2978 humoris
2737 2923 2910 2994 plena
2941 2923 3339 2994 suspicionem
3376 2922 3579 2978 multis
3611 2921 3773 2978 dedit

2116 3027 2245 3068 esse
2277 3011 2437 3066 illam
2477 3028 2596 3066 rem
2631 3011 2912 3067 ultionem
2939 3015 2995 3067 et
3025 3011 3311 3067 indicium
3343 3010 3639 3084 supplicii,
3657 3026 3774 3082 quo

2115 3099 2449 3155 afﬁceretur
2499 3101 2572 3155 ob
2621 3099 2968 3155 intestinum
3010 3099 3229 3154 bellum
3263 3117 3329 3155 ac
3379 3101 3590 3155 caedem
3621 3104 3679 3155 et
3707 3115 3776 3154 ea

336 3191 446 3242 τῶν
509 3187 651 3260 μετὰ
704 3188 766 3242 τὸ
811 3187 1126 3262 βασιλεῦσαι
1176 3189 1574 3264 πεπραγμένων
1617 3187 1762 3260 αύτῷ
1811 3184 1888 3250 εἵς
1946 3208 2004 3242 τε

2120 3205 2242 3260 quae
2301 3195 2430 3260 post
2487 3194 2839 3260 usurpatum
2897 3189 3208 3260 imperium
3267 3191 3646 3244 commiserat
3706 3189 3763 3242 in

339 3276 434 3339 τὰς
513 3283 618 3345 τῆς
695 3275 1009 3350 συγκλήτου
1087 3279 1363 3353 στερήσεις
1411 3278 1545 3352 [καὶ]
1603 3281 1710 3332 τῶν
1767 3273 1998 3332 ἔκπαλαι

2120 3279 2398 3350 privando
2431 3286 2637 3334 senatu
2687 3278 2760 3332 iis
2788 3278 2960 3332 bonis
3010 3295 3136 3349 quae
3169 3279 3218 3332 ei
3275 3277 3605 3348 antiquitus
3633 3293 3772 3332 con-

343 3363 659 3438 διδομένων
715 3365 874 3440 αὐτῇ,
907 3365 996 3422 καὶ
1054 3367 1152 3437 τὴν
1196 3372 1304 3422 τῶν
1353 3367 1508 3430 θείων
1555 3387 1696 3421 ναων
1748 3366 1837 3421 καὶ
1894 3369 2003 3420 τῶν

336 3456 505 3531 ἱερῶν
555 3453 819 3527 σεμνείων
865 3454 1364 3530 ἀποστέρησιν,ἣν,
1418 3457 1491 3518 ὡς
1537 3450 1764 3534 ἔφημεν,
1814 3454 2004 3526 ἐποιή-

343 3564 504 3614 σατο,
528 3544 590 3597 τὸ
644 3541 929 3619 ἀπέριττον
994 3544 1088 3617 μὲν
1143 3545 1232 3599 καὶ
1292 3547 1390 3614 τὴν
1456 3544 1776 3620 αὐτάρκειαν
1827 3543 2003 3600 αὐτῶν

350 3631 788 3706 προνοούμενος,
841 3637 921 3706 τῷ
979 3631 1233 3706 δημοσίῳ
1311 3631 1368 3688 δὲ
1443 3633 1706 3712 εἰσφέρων
1785 3633 2001 3709 μετρίαν

353 3721 712 3794 παράκλησιν.
769 3722 971 3779 Ἄλλοι
1017 3721 1076 3778 δὲ
1121 3724 1184 3778 τὸ
1228 3722 1416 3798 ῥεῦσαν
1476 3722 1783 3798 ἁγιωσύνης
1847 3721 2001 3799 ἔργον

347 3808 607 3874 ἐτίθεντο,
662 3812 736 3872 ὡς
791 3813 1041 3887 καθαρῶς
1092 3811 1182 3867 καὶ
1237 3809 1571 3875 ἀδιστάκτως
1645 3811 2002 3886 μεταγνόντος

349 3897 518 3954 αύτοῦ
575 3899 656 3972 ἐφ’
714 3903 797 3963 οἷς
855 3897 1067 3975 ἔπραξε·
1108 3902 1183 3974 μὴ
1235 3902 1339 3976 γὰρ
1391 3901 1524 3956 εἶναι
1574 3899 1840 3976 ἁμαρτίαν
1901 3901 2001 3970 τὴν

354 3988 586 4041 νικῶσαν
605 3989 699 4055 τήν
734 3987 1150 4066 φιλανθρωπίαν
1201 3994 1304 4045 106
1355 3988 1509 4046 Θεοῦ.
1540 3989 1896 4067 Ἀμφοτέρων
1947 3985 2004 4044 δὲ

359 4076 463 4144 τὴν
519 4077 730 4152 γνώμην
780 4077 986 4133 ἐπαινῶ
1043 4078 1132 4134 καὶ
1201 4075 1548 4154 ἀποδέχομαι
1615 4082 1695 4151 τῷ
1759 4079 1857 4146 τήν
1907 4079 2001 4151 μὲν

358 4163 670 4235 κωλυτικὴν
702 4167 974 4223 εἶναιτῶν
1013 4165 1330 4240 μέλλόντων
1363 4172 1568 4239 κακῶν,
1609 4169 1708 4238 τήν
1753 4164 1812 4223 δὲ
1869 4188 2002 4242 προ-

347 4257 648 4330 τρεπικην
681 4256 786 4311 ἀπὸ
810 4260 908 4312 106
939 4256 1193 4334 χείρονος
1216 4257 1351 4334 πρὸς
1378 4258 1441 4313 τὸ
1475 4253 1715 4334 βέλτιον.

405 4440 526 4505 Τῆς
573 4430 634 4488 δὲ
685 4433 1008 4508 βασιλίσσης
1046 4434 1406 4512 Αἲκατερίνης
1449 4437 1551 4510 (7),
1601 4435 1654 4490 ἐν
1703 4439 1781 4507 τῷ
1831 4457 2000 4509 μονα-

328 4528 488 4599 χικῷ
549 4521 772 4593 Ἑλένης
851 4525 1374 4598 μετονομασθείσης,
1434 4523 1686 4580 ἐπετείως
1733 4524 2000 4596 τελούσης

2117 3386 2282 3425 cessa
2310 3369 2564 3433 fuerant,
2589 3372 2647 3422 et
2676 3367 3010 3422 adimendis
3039 3368 3224 3422 sacris
3253 3366 3488 3437 templis
3519 3373 3577 3422 et
3606 3365 3776 3421 delu-

2116 3459 2240 3514 bris
2273 3457 2654 3512 facultatibus
2685 3473 2833 3527 quas
2882 3456 3162 3522 diximus,
3197 3456 3250 3510 id
3287 3472 3501 3511 curans
3533 3460 3596 3510 ut
3627 3453 3776 3510 nihil

2115 3547 2260 3619 ipsis
2291 3550 2650 3617 superesset,
2677 3545 2777 3600 sed
2809 3561 2876 3600 ea
2909 3545 3319 3599 tantummodo
3343 3543 3625 3600 haberent
3647 3560 3776 3614 quas

2115 3637 2186 3691 ad
2233 3636 2448 3689 victum
2499 3634 2645 3689 satis
2677 3639 2896 3703 essent,
2950 3634 3301 3688 mediocrem
3355 3633 3643 3688 adhibens
3695 3631 3776 3687 rei

2117 3724 2361 3797 publica:
2393 3721 2878 3779 consolationem.
2904 3721 3016 3776 Alii
3048 3727 3243 3777 autem
3267 3722 3542 3777 ﬂuentem
3568 3721 3774 3776 humo-

2115 3831 2238 3868 rem
2291 3812 2624 3868 sanctitatis
2671 3812 3217 3882 interpretabantur
3264 3811 3574 3877 indicium,
3616 3809 3773 3880 quod

2117 3919 2259 3974 pure
2290 3919 2356 3957 ac
2386 3902 2513 3956 sine
2547 3899 2666 3956 ulla
2711 3899 3107 3956 controversia
3157 3917 3289 3955 eum
3339 3900 3625 3954 factorum
3657 3913 3775 3968 pm-

2115 3991 2393 4048 nituisset
2427 4009 2440 4047 :
2476 4006 2664 4062 neque
2693 3991 2848 4044 enim
2887 3996 3192 4060 peccatum
3219 3987 3404 4043 ullum
3435 4004 3585 4053 esse,
3620 3986 3775 4058 quod

2114 4080 2369 4135 divinam
2417 4083 2654 4150 superet
2697 4094 2836 4149 erga
2886 4077 3151 4132 homines
3201 4077 3571 4134 charitatem.
3609 4075 3775 4132 Utro-

2114 4185 2364 4241 rumque
2416 4185 2522 4240 ego
2570 4167 2920 4222 sententiam
2971 4165 3144 4222 laudo
3194 4170 3252 4221 et
3300 4167 3580 4238 approbo,
3615 4165 3771 4236 quod

2112 4259 2298 4314 altera
2344 4257 2498 4313 mala
2529 4257 2728 4311 futura
2759 4255 3080 4326 prohibeat,
3114 4255 3300 4311 altera
3345 4271 3484 4310 vero
3534 4271 3568 4309 a
3609 4255 3774 4310 dete-

2112 4348 2367 4403 rioribus
2397 4347 2468 4402 ad
2504 4345 2749 4401 meliora
2778 4343 3124 4399 adhortatur
3154 4361 3220 4400 ac
3252 4347 3500 4400 revocet.

2184 4438 2338 4494 650
2369 4437 2513 4491 Cum
2547 4438 2746 4490 autem
2778 4434 3110 4488 Ecaterina
3156 4435 3422 4504 Augusta
3474 4431 3533 4487 in
3569 4449 3772 4488 mona-

2111 4527 2290 4582 sterio
2323 4530 2551 4580 mutato
2592 4522 2830 4579 nomine
2877 4522 3095 4578 Helena
3128 4521 3425 4594 appellata
3455 4521 3774 4592 quotannis

323 4615 396 4669 τὸ.
423 4613 535 4668 106
567 4609 837 4688 βασιλέως
879 4612 1226 4687 μνημόσυνα,
1260 4613 1643 4690 συγκαλούσης
1691 4634 1750 4669 τε
1794 4612 1999 4676 ἄλλους

2120 4615 2488 4686 imperatoris
2519 4613 2866 4668 memoriam
2892 4611 3311 4668 anniversariis
3334 4611 3520 4666 sacris
3538 4610 3774 4681 coleret,

319 4705 480 4765 τινὰς
557 4701 837 4777 μοναχοὺς
887 4702 979 4758 καὶ
1060 4700 1127 4772 δὴ
1179 4703 1270 4758 καὶ
1317 4703 1447 4768 τοὺς
1495 4703 1549 4758 ἐν
1606 4707 1675 4777 τῇ
1737 4701 2004 4759 Στουδίου

322 4795 483 4866 μονῇ
542 4789 908 4862 ἀσκουμένους
959 4791 1296 4865 σύμπαντας,
1329 4789 1520 4860 ἐπειδὴ
1565 4789 1768 4864 ἔμελλε
1812 4790 2000 4847 τελευ-

317 4888 447 4954 τᾷν,
487 4877 670 4935 ἐτέλει
734 4879 826 4952 μὲν
885 4881 1132 4951 συνήθως
1173 4880 1265 4936 καὶ
1320 4881 1456 4936 κατᾶ
1503 4881 1564 4936 τὸ
1609 4879 1733 4942 ἔθος
1784 4879 1852 4935 τὰ
1905 4883 2004 4936 106

2115 4704 2378 4760 invitatis
2412 4702 2544 4758 aliis
2572 4701 2931 4774 quibusdam
2963 4699 3274 4756 monachis
3302 4705 3361 4754 et
3390 4699 3671 4754 omnibus
3701 4697 3776 4754 iis

2115 4794 2216 4866 qui
2248 4811 2310 4849 se
2340 4794 2399 4848 in
2431 4790 2738 4848 Studiensi
2758 4789 3115 4846 monasterio
3134 4791 3496 4857 exercerent;
3521 4802 3774 4859 cumque

2113 4883 2268 4940 diem
2319 4898 2492 4938 suum
2543 4886 2700 4936 esset
2756 4879 3014 4948 obitura,
3073 4876 3303 4934 solenni
3363 4892 3525 4932 more
3575 4891 3774 4931 annua

1653 4979 1902 5037 JACOBI
1943 4979 2161 5040 GOARI
2201 4980 2437 5037 NOT/E.

394 5073 487 5140 (7)
526 5071 751 5126 Habent
780 5067 961 5140 Graeci
990 5072 1202 5140 prater
1220 5068 1578 5140 familiarum
1597 5068 1880 5140 etpatriaa
1901 5073 2001 5140 τῆς

311 5133 538 5215 τιμῆς,
595 5147 693 5210 τῆς
741 5133 1014 5215 εὐσεϐείας
1071 5139 1160 5215 καὶ
1207 5145 1310 5208 τῆς
1355 5139 1535 5215 τύχην
1585 5133 1845 5215 ὀνόματα.
1896 5133 2002 5215 Illa

313 5211 654 5287 quibusvis
677 5215 734 5268 in
762 5211 1496 5287 baptismoimponuntur,
1520 5212 1641 5287 haec
1671 5229 1740 5267 ex
1763 5211 2000 5287 fortuito

315 5282 482 5357 casu,
506 5282 930 5357 excogitantur,
955 5282 1314 5357 qualia‘sunt
1336 5286 1492 5357 apud
1512 5285 1836 5339 Cedrenum
1860 5283 1997 5357 Κον-

310 5350 1124 5434 τοστέφανοξ-Στραᾷομύτης,
1159 5350 1495 5434 Ἀργυρόὖς,⁸
1515 5373 1550 5412 a
1579 5357 1841 5434 corporis
1869 5355 1997 5434 bre-

313 5425 536 5500 vitate,
573 5431 697 5487 nasi
727 5425 1037 5491 curvitate,
1072 5425 1302 5500 morum
1328 5425 1606 5484 'candore
1637 5425 1844 5500 indita.
1879 5425 2000 5500 Me-

314 5503 426 5557 dia.
461 5498 705 5558 tandem
739 5501 872 5556 usui
907 5503 1048 5555 sunt
1077 5498 1137 5552 in
1172 5500 1566 5567 monasteriis,
1601 5515 1708 5554 nec
1759 5498 1998 5552 fortuito

316 5580 534 5629 tamen
569 5579 669 5630 aut
718 5589 868 5628 mere
916 5587 1018 5644 pro
1068 5567 1256 5644 libito,
1290 5572 1392 5628 sed
1445 5570 1682 5644 pietatis
1727 5567 1906 5644 simul
1941 5574 1997 5624 et

317 5644 575 5716 honoris
596 5641 1059 5716 observata’lege
1084 5641 1236 5698 fiunt
1253 5641 1559 5716 monachis
1590 5641 1848 5716 propria,
1868 5645 1996 5697 tum

315 5714 376 5775 si
428 5716 806 5776 sanctitatem
849 5711 1174 5786 redolent,
1204 5718 1332 5772 tum
1382 5713 1434 5773 si
1483 5711 1619 5772 cum
1667 5711 1996 5786 baptisma-

2112 5069 2268 5124 libus
2301 5068 2509 5124 saltem
2545 5063 3029 5138 primordialibus
3059 5064 3119 5119 in
3154 5061 3365 5138 litteris
3397 5059 3773 5117 conveniant-

2117 5141 2275 5196 Unde
2309 5141 2500 5195 disces
2529 5135 2632 5194 cur
2678 5135 3046 5192 Andronicus
3093 5137 3290 5192 senior
3322 5135 3512 5189 factus
3565 5149 3773 5188 mona-

2112 5215 2258 5268 chus
2316 5213 2510 5268 dictus
2559 5210 2636 5265 sit
2681 5207 2966 5262 Antonius
3018 5209 3171 5278 apud
3221 5205 3539 5278 Gregoram
3588 5205 3626 5259 Ι.
3689 5221 3767 5278 Ix,

2108 5289 2366 5339 Joannes
2423 5283 2863 5337 Cantacuzenus
2904 5277 3078 5351 _apud
3138 5280 3465 5351 ipsummet
3512 5277 3770 5351 Joasaph

2111 5373 2326 5412 nomen
2371 5353 2680 5425 acceperit,
2709 5347 2994 5425 Georgius
3043 5347 3348 5425 Ph_ranzes_
3382 5365 3488 5402 cur
3517 5347 3774 5425 audierit

2111 5426 2426 5499 Gregorius
2457 5419 2720 5499 et'Elena
2748 5419 3056 5499 ejusluxor
3101 5421 3411 5499 Eupraxi_a,
3445 5425 3503 5474 et
3532 5419 3768 5499 tandem

2109 5491 2566 5556 cur‘I/Ecaterina
2602 5491 2947 5566 imperatrix
2990 5491 3205 5566 vocata
3228 5493 3306 5550 sit
3337 5491 3538 5566 Elena,
3568 5491 3766 5566 sinon

2108 5587 2176 5627 ex
2208 5568 2608 5642 primordialis
2653 5561 2885 5635 litteras,
2918 5564 3129 5623 saltem
3164 5582 3234 5622 ex
3263 5561 3766 5637 pronuntiationis

2107 5658 2423 5700 οοηεσηευ.
