4122 6474
330 415 452 475 379

1632 412 1962 476 JOANNIS
2008 407 2439 472 SCYLITZE.

3635 411 3758 474 380

331 561 498 604 sacra
527 545 751 618 peregit
778 545 1175 617 imperatoris,
1209 550 1267 600 et
1306 545 1452 617 ipsis
1483 545 1759 601 omnibus
1792 543 1988 615 dupli-

2120 537 2380 614 Βασιλέως
2410 537 2619 609 ἐτήσια,
2653 535 2824 594 διπλᾶ
2853 536 2910 594 δὶ
2957 538 3174 602 τούτοις
3228 542 3402 595 πάντα
3441 561 3508 596 τα
3555 539 3614 596 ἐκ
3660 542 3758 595 τό-

331 639 419 692 cia
478 654 544 690 ea
603 653 729 707 quas
789 637 916 689 dari
975 641 1400 690 consueverant
1448 634 1697 706 persolvi
1745 633 1983 705 jussit:

333 726 595 780 antistite
628 732 823 779 autem
874 725 1178 778 dubitante
1223 731 1279 778 et
1311 725 1531 780 sensim
1584 725 1894 778 accedente
1924 738 1988 776 ac

333 814 751 886 duplicationis
789 815 1074 867 rationem
1111 820 1406 884 quierente
1433 832 1444 868 :
1473 837 1497 862 α
1527 814 1672 879 Quia
1696 830 1805 866 non
1833 811 1986 877 novi,

335 904 546 974 inquit,
579 921 610 958 o
663 903 914 957 maxime
963 904 1310 968 venerande,
1344 921 1416 957 an
1450 902 1786 973 insequenti
1837 917 1990 955 anno

333 993 633 1048 vobiscum
663 994 858 1047 futura
880 994 1014 1056 sim,
1048 992 1161 1046 Deo
1191 994 1436 1047 fortasse
1457 992 1624 1046 aliter
1647 1008 1738 1046 res
1761 995 1991 1045 nostras

335 1099 438 1154 pro
463 1099 572 1136 sua
594 1081 894 1136 voluntate
921 1082 1278 1136 moderante.
1309 1104 1329 1131 υ
1359 1082 1518 1145 Quod
1548 1080 1720 1134 etiam
1749 1079 1988 1147 acciditl:

335 1170 437 1226 illa
484 1170 640 1225 enim
705 1175 838 1224 ante
889 1168 1034 1223 illud
1094 1174 1328 1241 tempus
1378 1170 1496 1224 vita
1554 1170 1827 1223 defuncta
1880 1173 1990 1236 est,

335 1260 633 1331 voluitque
667 1277 798 1314 cum
847 1260 1126 1314 fratribus
1155 1259 1214 1314 in
1265 1259 1598 1314 cmmeterin
1650 1258 1993 1313 monasterii

339 1349 530 1404 Studii
565 1347 819 1419 sepeliri.
873 1353 1169 1402 ()rnarunt
1218 1353 1411 1402 autem
1467 1352 1728 1416 uterque,
1761 1353 1817 1400 et
1867 1346 1996 1418 ipsa

336 1443 393 1492 et
415 1440 753 1510 imperator,
781 1438 1270 1508 augustissimum
1302 1437 1684 1492 Precursoris
1707 1435 1993 1506 templum

337 1527 410 1581 iis
486 1544 613 1598 quae
683 1543 1107 1581 connumerare
1175 1543 1240 1581 ac
1308 1524 1610 1596 sigillatim
1694 1541 1996 1580 recensere

338 1615 657 1671 Herculeus
689 1614 855 1669 labor
885 1619 1060 1670 esset.

411 1793 542 1848 Fuit
573 1794 893 1864 imperator
923 1793 1185 1848 moribus
1209 1798 1513 1858 constans,
1538 1809 1743 1864 aequus
1773 1792 1991 1859 animo,

2097 649 2201 682 που
2261 625 2518 701 διδόμενα
2558 628 2889 701 παραθέσθαι
2947 629 3257 705 προσέταξε.
3301 632 3410 686 Τοῦ
3471 627 3528 684 δὲ
3583 642 3757 700 καθη-

2096 717 2368 791 γουμένου
2403 722 2476 786 (8)
2508 715 2962 792 διαπορήσαντος,
2993 721 3080 773 καὶ
3114 719 3204 773 τὸν
3238 718 3405 793 λόγον
3430 724 3526 774 τοῦ
3558 717 3762 774 διπλα-

2100 811 2338 879 σιασμοῦ
2414 809 2601 882 ἡσυχῇ
2679 805 3078 883 προσελθόντος
3160 811 3248 862 καί
3335 808 3759 882 ἀπαιτήσαντας,

2107 917 2130 944 ι
2162 899 2280 950 Ὅτι
2310 895 2391 962 τὸ,
2436 892 2560 973 ἔφη,
2596 895 2640 949 ὦ
2685 898 3005 969 τιμιώτατε,
3055 896 3151 952 οὐκ
3203 895 3340 967 οἶδα,
3378 898 3427 952 εἲ
3480 899 3568 953 καὶ
3621 899 3766 954 κατά

2099 985 2161 1038 τὸ
2219 985 2370 1040 ἐπιὸν
2425 983 2544 1046 ἔτος
2597 985 2727 1058 ὑμῖν
2790 988 3101 1060 συνέσομαι,
3154 990 3252 1042 τοῦ
3327 991 3461 1043 Θεοῦ
3517 988 3584 1043 τὰ
3637 971 3762 1052 καθ’

2101 1077 2250 1146 ἡμᾶς
2307 1074 2440 1137 ἴσως
2499 1071 2686 1136 ἄλλως
2734 1075 2822 1130 καὶ
2855 1077 2933 1138 ὡς
2991 1077 3141 1148 αὖτῷ
3203 1076 3501 1152 βουλητὸν,
3538 1077 3762 1132 οἷκονο-
3847 1101 3852 1105 ·

2107 1166 2415 1236 μήσαντος.
2480 1188 2506 1215 ››
2563 1166 2632 1220 ⁸0
2712 1161 2779 1232 δὴ
2861 1165 2950 1219 καὶ
3035 1167 3291 1240 γὲγονεν⁹
3352 1166 3760 1236 ἐτετελευτήκει

2103 1254 2208 1327 γὰρ
2279 1253 2328 1306 ἐν
2401 1258 2482 1325 τῷ
2566 1253 2736 1326 μέσῳ,
2825 1255 3093 1324 ἀξιώσασα
3148 1262 3377 1332 ταφῆναι
3461 1256 3556 1310 σὺν
3629 1261 3749 1318 τοῖς

2103 1340 2360 1416 ἀδελφοῖς
2415 1341 2466 1396 ἐν
2525 1346 2602 1412 τῷ
2653 1343 3009 1418 κοιμητηρίῳ
3065 1351 3164 1414 τῆς
3220 1342 3483 1399 Στουδίου
3558 1351 3757 1416 μονῆς.

2105 1430 2530 1502 Κατεκόσμησαν
2583 1428 2639 1486 δέ
2665 1432 2754 1485 καὶ
2788 1431 3110 1507 ἀμφότεροι,
3146 1434 3282 1504 αὐτή
3334 1455 3392 1488 τε
3439 1433 3529 1488 καὶ
3581 1435 3608 1488 6
3653 1435 3757 1509 βα-

2105 1519 2311 1589 σιλεὺς,
2343 1520 2436 1573 τὸν
2497 1519 2801 1574 πάνσεπτον
2858 1526 2956 1575 τοῦ
3011 1519 3332 1596 προδρόμου
3390 1523 3539 1592 ναὸν,
3599 1522 3632 1577 ἃ
3689 1521 3759 1592 δὴ

2103 1609 2193 1664 καὶ
2251 1606 2566 1684 καταλέγειν
2627 1609 2716 1664 καὶ
2774 1611 2909 1664 κατὰ
2985 1609 3182 1666 λεπτὸν
3263 1610 3510 1683 διεξιέναι
3592 1611 3759 1674 ἆθλος

2103 1697 2448 1771 Ἡράκλειος.

2176 1789 2272 1844 Ἠν
2322 1785 2379 1841 δὲ
2411 1788 2437 1841 ὁ
2476 1786 2732 1860 βασιλεὺς
2787 1789 2849 1843 τὸ
2905 1791 3041 1856 ἦθος
3098 1790 3382 1862 στάσιμος,
3416 1790 3515 1859 τήν
3573 1790 3761 1864 ψυχὴν

339 1887 532 1937 mente
565 1887 790 1949 acutus,
818 1899 996 1936 manu
1020 1887 1323 1950 strenuus,
1349 1881 1735 1952 intelligentia
1760 1897 1990 1951 promp-

2120 1878 2370 1944 ἐπιεικὴς,
2429 1878 2529 1945 τὴν
2583 1879 2813 1951 γνώμην
2861 1877 3005 1948 ὀξὺς,
3050 1880 3149 1948 τήν
3197 1884 3358 1953 χεῖρα
3408 1876 3760 1954 δραστήριος,

338 1975 452 2041 tus,
487 1971 544 2024 in
581 1971 754 2026 rebus
787 1971 1013 2025 bellicis
1061 1971 1482 2043 peritissimus,
1519 1971 1788 2026 hostibus
1818 1969 1990 2024 terri-

340 2059 501 2128 bilis,
560 2059 684 2114 suis
747 2076 808 2114 re
869 2060 1206 2126 benevolus,
1268 2061 1459 2115 verbis
1507 2060 1782 2115 infestus.
1849 2060 1994 2113 Cum

338 2153 536 2204 tamen
572 2166 603 2202 a
636 2149 920 2220 principio
954 2149 1218 2204 moribus
1243 2149 1334 2205 his
1366 2149 1828 2220 haudquaquam
1851 2165 1997 2218 prae-

340 2238 499 2292 ditus
531 2243 706 2306 esset,
743 2239 933 2292 aiebat
984 2245 1249 2310 oportere
1301 2239 1710 2308 imperatorem
1745 2237 1999 2293 externis

341 2343 470 2382 esse
517 2326 859 2396 terribilem,
913 2327 1037 2381 suis
1089 2327 1348 2382 facilem.
1398 2327 1626 2381 Rursus
1679 2327 1870 2382 aiebat
1900 2342 1999 2380 eos

343 2417 443 2486 qui
479 2417 844 2488 tyrannidem
898 2415 1257 2482 aﬂ'ectarent,
1294 2416 1534 2471 libertos
1575 2417 1998 2487 imperatorum

341 2504 463 2560 fieri
507 2505 670 2560 velle.
704 2505 969 2576 Cumque
1022 2512 1401 2560 accusaretur
1431 2506 1584 2575 quod
1631 2504 1998 2576 tyrannidem

341 2594 657 2649 invasisset
678 2599 880 2648 contra
907 2594 1247 2649 Michaelem
1276 2612 1286 2649 :
1319 2617 1344 2646 ιι
1376 2595 1616 2666 Pigebat
1649 2611 1760 2659 me,
1786 2594 2000 2665 inquit,

320 2683 491 2743 .651
532 2699 810 2737 conservo
841 2683 1078 2751 servire,
1116 2700 1303 2754 neque
1328 2685 1494 2754 justa
1540 2684 1838 2754 consequi.
1877 2707 1898 2734 ι
1933 2683 2004 2737 Et

345 2771 554 2826 cavillo
613 2773 788 2826 etiam
845 2789 1080 2826 uxorem
1133 2778 1220 2827 est
1282 2779 1646 2843 prosecutus,
1708 2772 2000 2843 siquidem

348 2861 581 2915 dicebat
614 2859 774 2914 illam
811 2862 972 2930 prius
1027 2879 1274 2927 Servam,
1310 2878 1466 2916 nunc
1500 2879 1532 2915 a
1561 2879 1622 2916 se
1673 2863 1729 2915 in
1763 2861 2002 2916 liberta-

348 2954 467 3004 tem
520 2949 872 3004 vindicatum
947 2951 1155 3004 Aiebat
1204 2951 1342 3004 item
1392 2955 1670 3021 cognatos
1701 2950 1832 3004 aliis
1877 2967 2005 3006 esse

351 3054 606 3102 crucem,
685 3044 929 3110 tyranno
1009 3039 1340 3094 utilitatem.
1405 3040 1733 3094 [Ecaterina
1807 3046 2001 3095 autem

350 3128 618 3198 Augusta
642 3127 786 3180 nihil
814 3129 941 3182 novi
978 3128 1088 3182 sibi
1111 3129 1394 3183 accidisse
1413 3129 1764 3197 afﬁrmabat,
1789 3129 2004 3200 quippe

353 3233 481 3288 qua
514 3232 757 3286 regnum
792 3233 924 3271 cum
960 3232 1138 3288 regno
1170 3223 1617 3274 commutasset.

420 3305 557 3360 Post
616 3306 978 3360 Comnenum
1057 3311 1251 3360 autem
1333 3305 1754 3361 Constantinus
1812 3306 2003 3360 Ducas

351 3410 569 3466 praeses
633 3394 757 3449 sine
825 3395 1114 3465 sanguine
1181 3401 1238 3449 et
1301 3412 1498 3449 rerum
1568 3395 2012 3466 perturbatione

351 3482 578 3554 potitus
627 3482 896 3554 imperio,
931 3484 1001 3538 ad
1050 3489 1319 3538 senatum
1376 3490 1432 3540 et
1476 3501 1706 3539 omnem
1759 3483 2015 3538 civitatis

352 3571 637 3642 populum
691 3574 1027 3627 concionem
1078 3574 1286 3629 habuit
1337 3574 1631 3645 aequitatis
1666 3573 1925 3645 plenam,
1960 3578 2018 3628 et

351 3661 562 3714 deinde
621 3677 814 3715 rerum
875 3662 1451 3717 administrationem
1522 3680 1844 3734 aggressus
1905 3667 2015 3726 est,

355 3748 518 3803 nulla
557 3749 612 3803 in
667 3765 725 3804 re
756 3767 789 3804 a
841 3750 1105 3806 molestia
1155 3756 1212 3806 et
1259 3753 1536 3823 aequitate
1583 3753 1902 3818 recedens;
1963 3755 2020 3806 et

355 3837 678 3893 honoribus
727 3845 1029 3895 senatores
1079 3845 1134 3894 et
1187 3840 1446 3911 plebeios
1498 3841 1718 3896 multos
1763 3841 2017 3906 ornavit,

356 3931 530 3997 atque
563 3944 661 3982 eos
694 3929 790 3999 qui
827 3929 1151 4000 imperante
1197 3930 1491 3985 Comneno
1545 3929 1800 4002 propriis
1834 3930 2019 3986 hono-

358 4015 524 4070 ribus
563 4016 902 4072 exciderant
933 4017 989 4072 in
1043 4018 1358 4089 pristinum
1410 4024 1629 4075 statum
1679 4020 2015 4074 vindicavit-

359 4105 574 4160 Multos
604 4106 760 4162 enim
804 4106 900 4160 ille
947 4123 1014 4162 ex
1066 4108 1400 4163 illustribus
1452 4109 1755 4176 abscuros,
1793 4124 1859 4164 ex
1893 4107 2021 4179 glo-

359 4193 534 4249 riosis
587 4195 876 4266 ignobiles
935 4196 1086 4250 fecit.
1149 4197 1294 4252 Cum
1353 4197 1510 4252 enim
1571 4199 1760 4252 sancti
1816 4197 2015 4269 magni

359 4282 635 4354 martyris
667 4284 896 4355 Georgii
943 4285 1068 4340 dies
1119 4287 1303 4340 festus
1355 4287 1708 4355 advenisset,
1744 4304 1859 4358 quo
1891 4288 2021 4356 ejus

361 4373 646 4426 memoria
672 4372 907 4440 colitur,
943 4378 1014 4428 de
1046 4391 1206 4429 more
1247 4392 1308 4429 se
1339 4376 1566 4430 confert
1593 4375 1911 4445 imperator
1939 4377 2011 4431 ad

361 4461 650 4531 Mangana
681 4461 752 4516 ob
784 4462 1009 4517 cultum
1048 4464 1340 4535 martyris.
1379 4465 1617 4519 Peracta
1645 4470 1841 4520 autem
1875 4464 2020 4519 cele-

364 4548 574 4604 britate
607 4549 843 4619 quidam
883 4551 1123 4623 maligni
1173 4557 1230 4606 et
1280 4553 1531 4623 improbi
1567 4552 1786 4607 malum
1821 4554 2020 4608 consi-

2103 1968 2201 2034 τήν
2262 1966 2469 2020 σύνεσιν
2527 1963 2775 2038 ἕτοιμος,
2838 1966 3345 2042 στρατηγικώτατος
3397 1968 3463 2022 τὰ
3515 1967 3763 2039 πολέμια

2103 2055 2340 2118 καὶτοῖς
2380 2055 2601 2129 ἐχθροῖς
2651 2050 2904 2130 φοϐερὸς,
2935 2061 3054 2120 τοῖς
3102 2057 3226 2131 περὶ
3283 2056 3444 2111 αὐτὸν
3505 2055 3762 2130 εὐμενὴς,

2109 2145 2296 2219 λόγοις
2348 2145 2766 2218 προσκείμενος,
2801 2145 2888 2198 καὶ
2945 2150 3114 2200 ταῦτα
3171 2148 3245 2218 μή
3299 2151 3461 2202 τοῦτο
3493 2145 3545 2217 ἐξ
3585 2146 3764 2222 ἀρχῆς

2109 2230 2230 2296 ἔθος
2286 2231 2452 2306 ἔχων.
2512 2235 2594 2303 [Ρ.
2653 2235 2779 2306 813]
2837 2232 3035 2308 ’Έλεγε
3095 2233 3152 2289 δὲ
3210 2233 3318 2290 δεῖν
3377 2236 3469 2291 τὸν
3535 2236 3765 2311 βασιλέα

2109 2318 2341 2400 φοϐερὸν
2405 2323 2498 2394 μὲν
2548 2323 2678 2376 εἶναι
2743 2327 2862 2386 τοῖς
2941 2322 3064 2393 ἔξω,
3115 2323 3431 2399 εὐπρόσιτον
3516 2321 3575 2378 δὶ
3647 2327 3766 2385 τοῖς

2112 2409 2290 2473 ἷδίοις.
2355 2409 2526 2467 Πάλιν
2587 2403 2761 2486 ἔλεγε
2811 2411 2938 2474 τοὺς
3000 2417 3394 2487 τυραννιῶντας
3440 2420 3547 2470 τῶν
3604 2414 3767 2486 βασι-

2111 2501 2249 2556 λὲων
2310 2498 2709 2571 ἀπελευθέρους
2771 2500 2901 2555 εἶναι
2967 2499 3237 2559 σπεύδειν.
3307 2501 3644 2574 Λῖτιώμενος
3704 2498 3764 2556 δὲ

2112 2590 2194 2645 δτι
2223 2592 2584 2664 τετυραννηκε
2614 2590 2752 2644 κατὰ
2803 2594 2905 2645 τοῦ
2934 2589 3190 2664 Μιχαὴλ,
3216 2615 3242 2641 ‹‹
3278 2593 3528 2654 ”Ωκνουν,
3587 2586 3763 2665 ἔλεγε,

2110 2685 2188 2751 τῷ
2221 2677 2505 2751 συνδούλῳ
2538 2676 2818 2734 δουλεύειν
2864 2679 2954 2734 καὶ
3006 2684 3114 2734 τῶν
3148 2679 3370 2734 εῗκότων
3437 2680 3512 2751 μή
3562 2679 3771 2754 τυγχά-

2112 2790 2240 2826 νειν.
2303 2790 2328 2820 υ
2391 2768 2786 2824 Ἑπισκώπτων
2847 2766 2904 2822 δὲ
2951 2772 3020 2842 τῇ
3078 2768 3293 2842 γυναικὶ
3343 2765 3500 2843 ἔλεγε
3558 2765 3768 2836 δούλην

2118 2859 2211 2932 μὲν
2274 2858 2405 2912 εἶναι
2455 2857 2741 2931 πρότερον,
2773 2862 2861 2911 νῦν
2915 2854 2971 2912 δὲ
3020 2856 3426 2932 ἠλευθερῶσθαι
3463 2854 3765 2912 ὑπἀὐτοῦ.

2115 2947 2286 3003 Πάλιν
2337 2942 2491 3020 ἔλεγε
2547 2946 2674 3009 τοὺς
2737 2953 3006 3022 συγγενεῖς
3051 2953 3168 3010 τοῖς
3203 2948 3296 3020 μὲν
3332 2944 3526 3008 ἄλλοις
3557 2946 3769 3020 τυγχάο

2116 3058 2223 3092 νειν
2287 3035 2583 3105 σκόλοπας,
2616 3041 2696 3108 τῷ
2754 3035 2811 3091 δὲ
2867 3040 3217 3112 τυραννοῦντι
3252 3035 3539 3114 ὠφέλειαν.
3574 3033 3774 3110 Ἔλεγε

2119 3125 2174 3181 δέ
2229 3126 2316 3181 καὶ
2361 3129 2395 3194 ἡ
2452 3124 2668 3201 βασιλὶς
2725 3125 3041 3200 Αἶκατερῖνα
3093 3123 3261 3198 μηδὲν
3316 3130 3454 3195 ζῶον
3509 3123 3592 3179 ἐπ’
3622 3123 3760 3198 αὖτῇ

2115 3219 2433 3292 γεγενῆσθαι
2465 3215 2742 3291 βασιλείας
2771 3214 3050 3292 βασιλείαν
3084 3215 3460 3290 ἀλλαξαμὲνῃ.

2195 3305 2344 3363 Μετὰ
2402 3303 2458 3358 δὶ
2513 3306 2603 3360 τὸν
2634 3305 2922 3377 Κομνηνὸν
2974 3307 3385 3365 Κωνσταντῖνος
3431 3302 3699 3378 πρόεδρος
3752 3305 3781 3357 ὁ

2125 3396 2327 3456 Δοόκας
2374 3400 2481 3450 τῶν
2546 3397 2836 3471 σκήπτρων
2897 3391 3297 3467 ἐπιλαϐόμενος
3361 3393 3633 3467 ἀναιμωτὶ
3688 3395 3778 3448 καὶ

2127 3484 2255 3560 δίχα
2299 3485 2631 3561 πραγμάτων
2677 3488 2948 3560 ταραχῆς,
2999 3481 3198 3560 λόγους
3247 3484 3536 3546 ἐπιεικείας
3581 3484 3781 3558 γέμον-

2124 3597 2220 3636 τας
2248 3571 2642 3648 ἐδημηγόρησε
2671 3575 2807 3648 πρὸς
2836 3576 2934 3642 τήν
2970 3571 3276 3649 σύγκλητον
3317 3573 3406 3628 καὶ
3458 3573 3596 3645 πρὸς
3642 3573 3778 3626 ἅπαν

2125 3664 2188 3719 τὸ
2246 3661 2548 3735 δημοτικόν
2599 3665 2680 3736 (9)
2734 3684 2793 3716 τε
2849 3670 2949 3732 τῆς
3004 3663 3220 3725 πόλεως
3280 3662 3369 3716 καὶ
3426 3661 3628 3716 κοινόν.
3681 3663 3781 3714 Καὶ

2129 3752 2221 3808 ἀπ’
2272 3751 2480 3807 ἐκείνου
2539 3758 2639 3820 τῆς
2697 3756 2804 3806 τῶν
2864 3749 3200 3827 πραγμάτων
3244 3750 3500 3825 ἐνήρξατο
3552 3748 3782 3818 ἀντιλή-

2128 3844 2293 3915 ψεως,
2324 3845 2426 3894 τοῦ
2478 3839 2750 3903 ἐπιεικοῦς
2797 3838 2885 3894 καί
2936 3841 3156 3915 μετρίου
3210 3841 3327 3894 κατ’
3361 3837 3517 3894 οὐδὲν
3556 3836 3782 3915 ἀφιστά-

2134 3952 2313 4003 μενος,
2348 3929 2492 3985 ἀλλὰ
2548 3936 2677 3985 πᾶσι
2734 3929 2966 4004 τρόποις
3023 3929 3189 3985 αὐτοῦ
3245 3929 3592 4004 ἐξεχόμενος.
3639 3925 3783 3984 Ἐτὶ-

2134 4040 2276 4092 μησε
2307 4015 2364 4074 δὶ
2393 4023 2500 4073 τῶν
2532 4039 2592 4073 τε
2620 4025 2722 4088 τῆς
2768 4017 3078 4094 συγκλήτου
3125 4019 3215 4074 καὶ
3267 4023 3363 4073 τοῦ
3411 4015 3593 4090 δήμου
3642 4013 3789 4070 πολ-

2132 4107 2283 4172 λοῦς.
2337 4109 2656 4182 Ἀνὼροωσε
2730 4104 2788 4162 δὲ
2847 4107 2937 4161 καὶ
3011 4110 3139 4170 τοὺς
3199 4104 3307 4177 ἤδη
3369 4106 3457 4161 ἐπὶ
3497 4109 3794 4178 Κομνηνοῦ

2130 4196 2546 4258 ἐκπεπτωκότας
2639 4201 2746 4251 τῶν
2846 4196 3202 4252 οἷκειωτικῶν
3239 4217 3250 4228 ·
3339 4194 3586 4256 πολλοὺς
3685 4194 3794 4268 γὰρ

2131 4286 2336 4348 ἐκεῖνος
2395 4283 2622 4355 ἀδόξους
2680 4285 2731 4356 ἐξ
2790 4283 3017 4356 ἐνδόξων
3077 4287 3163 4341 καὶ
3229 4285 3457 4359 ἀτίμους
3493 4283 3554 4339 ἐκ
3588 4283 3797 4355 τιμίων

2130 4371 2421 4445 ἀπέδειξεν.
2484 4374 2808 4444 Ἐπιστάσης
2863 4375 2965 4448 γὰρ
3023 4381 3125 4444 τῆς
3191 4379 3288 4429 τοῦ
3341 4372 3496 4451 ἁγίου
3556 4369 3793 4446 μεγαλο-

2135 4464 2408 4537 μάρτυρος
2488 4463 2758 4538 Γεωργίου
2845 4465 3072 4536 μνήμης
3158 4466 3270 4535 (10)
3336 4462 3471 4517 κατά
3534 4461 3596 4516 τὸ
3669 4457 3798 4523 ἔθος

2129 4549 2342 4608 ἄπεισιν
2379 4553 2406 4606 6
2442 4550 2696 4628 βασιλεὺς
2728 4553 2804 4614 εἷς
2828 4552 2894 4606 τὰ
2927 4556 3186 4629 Μᾶγγανα
3225 4548 3372 4606 αῗδοῖ
3428 4554 3524 4606 τοῦ
3585 4549 3794 4624 μάρτυ-

364 4636 508 4691 lium
552 4638 807 4693 meditati
857 4640 1104 4694 insidias
1157 4641 1492 4711 imperatori
1549 4645 1831 4696 struxere.
1866 4641 2006 4697 Nihif

2133 4661 2247 4717 ρος,
2285 4642 2418 4713 μετᾶ
2468 4639 2524 4695 δὲ
2570 4641 2633 4695 τὸ
2681 4641 3004 4710 τελεσθῆναι
3070 4643 3169 4710 τὴν
3221 4641 3441 4714 ἑορτήν,
3489 4640 3632 4700 τινὲς
3680 4643 3792 4692 τῶν

361 4743 497 4782 vero
556 4728 945 4798 perfecerunt,
993 4733 1104 4783 Deo
1165 4735 1376 4783 coetum
1434 4727 1600 4784 illum
1653 4730 1900 4802 impium
1960 4735 2018 4785 et

361 4833 602 4888 pravum
653 4826 1051 4873 commentum
1105 4819 1463 4882 dissolvente
1497 4837 1508 4874 :
1546 4819 1652 4873 hoc
1699 4819 1855 4874 enim
1903 4819 2015 4874 sibi

362 4912 789 4977 [imposuerunt
828 4907 1182 4966 faciendum.
1217 4907 1355 4961 utin
1386 4908 1736 4976 profundum
1761 4907 1860 4962 ille
1882 4924 2016 4962 cum

358 4997 637 5050 omnibus
669 4996 792 5051 suis
839 4997 1300 5068 demergeretur,
1355 5001 1555 5068 utpote
1609 5014 1710 5067 per
1754 5013 1913 5052 mare
1946 4997 2018 5051 ad

363 5083 643 5152 palatium
693 5085 1100 5156 navigaturus.
1135 5085 1348 5139 Habita
1380 5091 1571 5140 autem
1607 5086 1929 5156 quaestione
1963 5089 2020 5140 et

363 5178 636 5226 accurata
680 5173 1064 5244 inquisitione
1113 5174 1309 5246 plures
1343 5175 1676 5245 optimates,
1710 5175 1768 5229 in
1803 5177 2018 5245 quibus

365 5259 517 5315 652
552 5259 674 5330 ipse
706 5278 937 5334 quoque
987 5262 1574 5335 eparchus,.convicti
1608 5268 1747 5318 sunt
1775 5263 2017 5320 insidia-

2125 4732 2414 4800 κακοήθων
2464 4729 2554 4784 καὶ
2605 4727 2848 4803 δολερῶν
2883 4729 3090 4805 βουλὴν
3151 4730 3401 4804 πονηρὰν
3459 4727 3789 4804 ἐξαρτύσαν-

2125 4823 2324 4890 τεςτῷ
2361 4818 2577 4893 βασιλεῖ
2633 4814 3027 4874 ἐπεϐούλευσαν
3085 4819 3203 4890 μὶν,
3234 4817 3437 4887 ἤνυσαν
3491 4815 3547 4872 δέ
3607 4813 3798 4882 οὐδὲν,

2128 4911 2262 4962 Θεοῦ
2302 4908 2393 4962 τὸν
2456 4905 2728 4982 σύλλογον
2787 4907 2877 4961 καὶ
2939 4908 3000 4962 τὸ
3057 4906 3300 4982 πονηρὸν
3358 4907 3449 4961 καὶ
3482 4903 3639 4960 ἄθεον
3673 4901 3797 4959 δια-

2131 4994 2442 5068 λυσαμίνου
2503 4998 2866 5072 σκαιώρημα·
2928 4997 2995 5065 ἦν
3049 4995 3153 5071 γὰρ
3212 4995 3396 5057 αὐτοῖς
3461 4995 3658 5069 γνώμη
3713 4998 3799 5066 τῷ

2134 5085 2284 5161 βυθῷ
2332 5081 2703 5161 παραδοθῆναι
2757 5084 2916 5139 αὐτὸν
2963 5084 3221 5160 παγγενεὶ
3285 5085 3377 5138 ἅτε
3435 5082 3524 5138 διὰ
3588 5081 3798 5138 θαλάσ-

2131 5195 2228 5243 σης
2259 5175 2395 5248 πρὸς
2424 5175 2485 5228 τὸ
2518 5172 2786 5229 παλάτιον
2844 5173 3111 5228 ἀποπλεῖν
3168 5171 3466 5246 μέλλοντα.
3497 5173 3797 5242 Ζητήσεως

2131 5260 2188 5317 δὲ
2218 5263 2306 5317 καὶ
2338 5261 2558 5337 ἐρεύνης
2610 5260 2734 5338 περί
2779 5267 2877 5319 τοῦ
2927 5257 3233 5336 συμϐάντος
3280 5261 3582 5338 γενομένης
3641 5257 3794 5315 πολ-

1694 5409 1939 5466 JACOBI
1981 5408 2195 5467 GOARI
2234 5409 2470 5466 NOTAE.

440 5523 519 5596 (8)
548 5521 876 5599 Ἠγούμενος
907 5533 995 5584 est
1024 5527 1363 5599 quicunque
1407 5524 1748 5599 monasterii
1779 5527 2019 5599 praefec-

368 5601 490 5662 tus,
522 5596 930 5672 καθηγούμενος
979 5596 1082 5671 qui
1127 5596 1302 5655 simul
1348 5599 1532 5654 sacris
1581 5596 1888 5653 ordinibus
1935 5601 2026 5654 est

367 5674 634 5746 ornatus,
671 5669 1091 5746 προηγοόμενος
1121 5672 1216 5742 qui
1247 5672 1647 5746 aspraefectus.

443 5739 518 5812 (9)
551 5739 857 5816 Δμηοτικὸν
889 5739 1043 5799 inter
1074 5739 1340 5799 δι’κοινόν
1360 5741 1506 5799 illud
1528 5744 1618 5798 est
1639 5739 2025 5812 discriminis,

2133 5527 2288 5596 quod
2320 5524 2477 5580 inter
2506 5525 2753 5599 collegia
2776 5526 3131 5584 factionesve
3151 5533 3206 5583 et
3236 5527 3539 5582 confusam
3565 5523 3793 5596 plebem

2134 5598 2498 5653 observatur.
2669 5598 2681 5599 ⁷“
2889 5657 2892 5662 _

2173 5669 2320 5742 _(lQ)
2352 5669 2431 5742 De
2457 5686 2595 5741 qua,
2629 5673 2686 5724 et
2715 5665 3138 5742 imperatorum
3171 5685 3310 5742 erga
3341 5671 3609 5742 sanctum
3645 5666 3794 5720 ﬁdu-

2138 5738 2230 5796 cia
2258 5738 2518 5799 C‘odinu‘s
2545 5738 2594 5797 ος
2627 5757 2722 5813 xv,
2754 5738 2819 5798 ni
2843 5741 2880 5796 9
2908 5747 2967 5798 et
2995 5757 3047 5799 ο.
3083 5743 3170 5815 17,
3203 5738 3264 5798 υἱ
3293 5741 3384 5796 50.
