4122 6438
423 448 536 512 381

1939 457 2312 520 HISTORIA
2325 501 2338 516 .

3731 451 3852 511 382

433 581 534 646 λῆς
561 579 760 636 πολλοὶ
792 586 904 637 τῶν
966 586 1304 658 μεγιστάνων
1362 585 1452 640 καὶ
1512 586 1672 652 αὐτὸς
1721 589 1749 641 ὁ
1778 593 2073 658 τηνικαῦτα

2191 607 2322 645 rum
2355 596 2412 646 et
2451 591 2596 646 laesa:
2628 590 2962 661 majestatio
3008 589 3089 644 rei
3124 589 3332 656 effecti,
3365 591 3421 642 et
3465 587 3682 642 idcirco
3713 600 3848 655 pos-

429 667 658 746 ἔπαρχος
715 670 966 727 εάλωσαν
1046 675 1124 736 ὡς
1197 670 1482 730 ἐπίϐουλοι
1558 677 1648 731 καὶ
1702 680 2081 741 καθοσιώσεως

429 759 577 831 αἰτίᾳ
632 761 928 829 ὑπέπεσον,
982 767 1090 818 τῶν
1163 764 1376 820 οἰκείων
1444 766 1786 842 στερηθέντες
1835 770 2078 838 κτήσεων

419 849 511 903 καὶ
561 851 740 920 πάσης
792 859 896 921 τῆς
957 853 1270 929 περιουσίας
1327 855 1524 910 αὐτῶν·
1578 858 1845 926 Ἐπόθησε
1893 855 1950 912 δὲ
1993 857 2080 912 καὶ

416 939 671 1035 ηγάπησε
718 937 1090 1018 διαφερόντως
1137 948 1247 998 τῶν
1297 941 1484 999 ἄλλων
1540 947 1791 1001 ἁπάντων
1847 949 1874 1002 ὁ
1925 948 2078 1021 βασι-

424 1026 549 1087 λεὺς
595 1028 696 1097 τήν
744 1048 806 1083 τε
850 1033 960 1083 τῶν
1021 1027 1302 1104 δημοσίων
1372 1033 1705 1108 πραγμάτων
1786 1032 2077 1107 ἲπαύξησιν

424 1116 645 1170 καὶτῶν
699 1114 996 1172 ῗδιωτικῶν
1041 1116 1204 1175 δικῶν
1254 1121 1353 1189 τὴν
1413 1123 1696 1196 ἀκρόασιν,
1730 1124 1827 1178 κάν
1864 1123 2081 1188 τούτοις

424 1207 522 1273 τήν
560 1205 782 1278 μείζονα
832 1206 1097 1285 φροντίδα
1145 1210 1430 1265 κατεκὲνου
1487 1219 1588 1281 τῆς
1641 1213 1938 1288 βασιλείας,
1971 1219 2077 1268 τῶν

419 1292 610 1349 ἀλλων
678 1297 845 1364 ἦττον
891 1296 1175 1372 ἐχόμενος,
1225 1305 1599 1376 στρατηγικῶν
1658 1323 1801 1379 φημι
1861 1302 2082 1358 πλεονε-

426 1384 736 1457 κτημάτων
824 1387 914 1441 καῖ
1044 1393 1447 1462 στρατιωτικῶν
1553 1387 2077 1466 ἄνδραγαθηματων.

433 1474 536 1528 Διὰ
613 1471 682 1543 δὴ
750 1479 918 1530 ταῦτα
995 1477 1085 1531 καὶ
1166 1486 1582 1555 συκοφαντικαῖς
1661 1481 1938 1555 ἐπηρείαις
1991 1480 2078 1536 καὶ

415 1569 767 1640 σοφιστικαῖς
886 1563 1139 1636 μεθόδοις
1257 1568 1347 1621 καὶ
1459 1565 1748 1623 δικανικῶν
1826 1565 2079 1641 προϐλη-

415 1652 612 1723 μάτων
653 1653 807 1725 ἆσμῷ
863 1655 953 1708 καὶ
1003 1661 1327 1728 σεκρετικῶν
1382 1659 1714 1730 ζητημάτων
1751 1658 2078 1720 ἐπιπλοκαῖς

417 1741 484 1794 τὸ
545 1741 858 1813 Ῥωμαϊκὸν
916 1742 1193 1799 ἐκλονεῖτο
1245 1747 1332 1800 καὶ
1395 1749 1479 1818 [Ρ.
1538 1750 1666 1821 814]
1714 1745 2076 1822 ἑκραδαίνετο,

408 1829 486 1891 ὡς
541 1831 634 1885 καὶ
691 1831 884 1894 αὐτοὺς
940 1833 1069 1895 τοὺς
1114 1835 1574 1910 στρατευομένους
1623 1839 1691 1893 τὰ
1747 1837 1894 1892 ὅπλα
1944 1837 2058 1902 καὶ,

406 1922 510 2028 τὴν
574 1922 858 2027 στρατείαν
911 1923 1202 2028 ιμεθένῖας
1275 1926 1612 2002 συνηγόρους
1681 1928 1771 1982 καὶ
1832 1931 2079 2000 νομικῶν
2114 1965 2160 2028 Β

409 2010 748 2081 ζητημάτων
835 2011 925 2064 καὶ
1002 2007 1415 2087 προϐλημάτων
1502 2017 1746 2090 γενέσθαι
1820 2018 2075 2090 ἐραστὰς-

421 2098 601 2173 μακρὰ
657 2097 872 2174 χαίρειν
927 2099 1175 2163 εἰπόντας
1232 2101 1468 2177 ἑνυαλίῳ
1532 2125 1592 2160 τε
1658 2108 1779 2181 ἠχῇ
1835 2107 1923 2160 καὶ
1981 2127 2072 2164 πο.

423 2184 628 2260 λεμικῇ
714 2188 946 2264 ὀρχήσει
1050 2191 1141 2244 καὶ
1249 2189 1587 2266 περιδινήσει
1687 2195 2074 2270 ἀγχιστθωόῳ,

442 2273 674 2344 Εὗσεῦὴς
702 2275 760 2332 δὲ
817 2274 890 2332 ὥν
956 2275 1109 2356 εἴπερ
1153 2301 1236 2342 τις
1291 2277 1499 2356 ἵτερος,
1555 2281 2076 2360 καὶφιλομόναχος

441 2365 790 2444 φιλόπτωχός
846 2388 906 2422 τε
963 2369 1050 2422 καὶ
1108 2370 1230 2442 περῖ
1287 2371 1348 2424 τὸ
1408 2376 1568 2444 σῶμα
1613 2375 1775 2441 ’ἧττον
1819 2371 2074 2428 κολαστι-

436 2457 536 2516 κὸς
575 2460 700 2528 (Η),
738 2456 878 2532 πρὸς
926 2455 1068 2513 ἄλλο
1117 2480 1170 2513 τι
1217 2454 1432 2532 ἀμϐλὺς
1457 2459 1720 2536 ἐτύγχανε
1748 2463 1838 2517 καὶ
1869 2465 2076 2538 νωθρὸς

422 2541 707 2619 φειδωλὸς
771 2543 814 2600 δ’
867 2547 1082 2622 εἷσάγαν
1141 2548 1228 2602 καὶ
1279 2549 1595 2621 ποριστικὸς
1649 2551 1876 2606 καὶτῶν
1903 2549 2075 2625 δημο-

433 2632 565 2687 σίων
621 2635 930 2709 χρημάτων
987 2635 1292 2707 αὐξητικός.
1345 2637 1654 2707 Ἐξουσίαζε
1709 2637 1767 2694 δὲ
1809 2642 1895 2695 καὶ
1957 2647 2074 2703 ταῖς

421 2722 655 2796 κρίσεσι,
689 2723 780 2777 καὶ
838 2722 1110 2786 πολλάκις
1151 2723 1312 2787 αὐτὰς
1348 2723 1436 2780 διὰ
1480 2729 1578 2797 τὴν
1612 2733 1718 2783 τῶν
1763 2730 2072 2805 προσώπων

421 2812 699 2881 ποιότητα
730 2812 1067 2882 ὑπήλλαττε,
1132 2814 1298 2888 βαρὺς
1357 2812 1702 2890 δεικνὺμενος
1748 2824 1867 2880 τοῖς
1917 2817 2076 2874 δυνα-

408 2906 534 2963 τοῖς
591 2901 686 2956 καὶ
765 2898 1062 2979 ἀφόρητος.
1125 2903 1528 2978 Προσκειμένου
1601 2903 1659 2962 δὲ
1734 2908 1904 2962 αὐτοῦ
1957 2915 2074 2971 τοῖς

407 2991 700 3051 τοιούτοις
732 2987 1022 3060 διηνεκῶς,
1069 2995 1177 3046 τῶν
1231 2991 1289 3047 δὲ
1337 3001 1737 3070 στρατιωτικῶν
1785 2995 2078 3069 ἠμεληκό-

407 3100 507 3142 τος
553 3080 648 3134 καὶ
706 3079 1144 3156 ῥᾳθυμήσαντος,
1175 3081 1241 3136 τὰ
1287 3090 1389 3152 τῆς
1437 3085 1762 3154 Ἀνατολῆς,
1807 3088 1896 3140 καὶ
1941 3087 2075 3159 μᾶλ-

410 3168 514 3224 λον
547 3169 620 3224 τὰ
653 3168 706 3223 ἐν
733 3175 850 3232 τοῖς
876 3169 1106 3245 τέρμασι
1128 3176 1237 3226 τῶν
1268 3177 1446 3245 μερῶν
1467 3179 1578 3228 τῶν
1599 3175 1948 3247 Ῥωμαϊκῶν,
1975 3177 2077 3232 ὑπὸ

398 3264 512 3314 τῶν
566 3257 864 3332 πολεμίων
907 3259 1164 3336 ἐφέροντό
1211 3282 1271 3316 τε
1301 3260 1390 3316 καί
1421 3260 1652 3337 ἤγοντο,
1677 3265 1765 3319 καὶ
1791 3263 2078 3335 ἐληίζοντο

406 3347 502 3402 καὶ
541 3346 913 3426 διεφθείροντο
947 3331 1155 3405 ἅπαντα
1184 3354 1252 3424 τῇ
1283 3371 1341 3406 τε
1370 3331 1488 3405 τῶν·
1509 3353 1768 3427 Τοόρκων
1803 3331 2077 3432 ἐπιδρομῇ
2109 3331 2152 3398 C

403 3437 499 3492 καί
531 3437 858 3514 κατισχύσει
905 3439 993 3495 καὶ
1043 3443 1113 3513 τῇ
1171 3439 1320 3515 βιαίᾳ
1371 3442 1730 3518 ὑποχωρήσει
1765 3444 1852 3499 καὶ
1896 3441 2080 3518 δειμα-

401 3529 570 3581 τώσει
630 3532 743 3582 τῶν
793 3526 1169 3600 ἠμελημένων
1226 3535 1575 3604 στρατιωτῶν
1609 3551 1622 3564 '
1684 3540 1934 3610 συνεχεῖς
1965 3536 2070 3610 γὰρ

426 3617 685 3692 bmjgxov
738 3613 1003 3694 ἐκδρομαὶ
1062 3617 1153 3672 καὶ
1204 3617 1496 3688 λεηλασίαι
1556 3622 1772 3696 συχναὶ,
1820 3624 2075 3701 ἀφανιζο-

426 3704 588 3774 μὲνου
613 3710 713 3760 τοῦ
761 3703 1172 3782 προστυχόντος
1203 3708 1423 3770 παντός.
1463 3709 1553 3764 Διὸ
1606 3711 1699 3765 καὶ
1729 3714 1763 3781 ἡ
1799 3710 2074 3786 εὐδαίμων

417 3795 576 3869 χώρα
603 3802 704 3863 τῆς
738 3790 976 3870 Ἰϐηρίας
1024 3795 1276 3870 ἡρίπωτο
1328 3795 1614 3860 παντελῶς
1667 3800 1757 3854 καὶ
1787 3801 2076 3878 ἠφάνιστο,

411 3880 523 3952 ἤδη
577 3887 1119 3959 προκατειργασμὲνη
1207 3885 1299 3940 καὶ
1379 3888 1719 3958 ἡσθενηκυῖα
1799 3889 1887 3945 καὶ
1946 3892 2083 3946 κατὰ

419 3973 616 4043 μικρὸν
666 3973 1025 4028 ἰπιλείπουσά
1081 3995 1139 4028 τε
1195 3974 1286 4030 καὶ
1347 3975 1627 4053 φθίνουσα,
1677 3979 2071 4054 συμμεταλαμ-

422 4054 720 4130 ὅανομένου
753 4058 810 4116 δὲ
865 4066 965 4116 τοῦ
1025 4059 1204 4116 δεινοῦ
1251 4063 1340 4117 καὶ
1389 4063 1512 4118 ὅσαι
1562 4066 1732 4142 ταύτῃ
1789 4069 2075 4140 παρέκεινο

418 4168 504 4216 το,
538 4149 923 4224 Μεσοποταμία
968 4171 1028 4206 τε
1075 4151 1165 4205 καὶ
1210 4149 1479 4222 Χαλδαία,
1511 4155 1646 4229 πρὸς
1697 4152 1755 4210 δὲ
1785 4155 2071 4228 Μελιτηνη

414 4238 508 4292 καί
566 4236 853 4295 Κυλώνειοι
933 4239 1024 4294 καὶ
1102 4241 1169 4294 τὰ
1244 4246 1323 4313 τῷ
1406 4243 1664 4320 Εὐφράτῃ
1747 4245 2073 4320 συγκείμενα

419 4332 682 4400 ποταμῷ,
713 4326 862 4384 ἀλλᾶ
909 4329 1016 4401 μὴν
1063 4327 1126 4384 τό
1168 4350 1229 4384 τε
1275 4330 1630 4405 Ἀρμενιακὸν
1685 4332 1774 4388 καί
1821 4334 1888 4389 τὰ
1942 4342 2073 4390 Βαα-

407 4417 680 4490 σπρακὰν,
724 4418 813 4472 καὶ
867 4418 917 4472 εἴ
980 4420 1055 4490 μὴ
1103 4417 1378 4482 πολλάκις
1437 4420 1854 4495 στρατεύμασιν,
1898 4422 2073 4480 ἐνίοτε

404 4503 464 4560 δὶ
493 4505 588 4560 καὶ
637 4508 851 4583 φήμαις
903 4507 1095 4580 μόναις
1149 4505 1432 4580 δυνάμεων
1497 4509 1810 4586 ἀνείργοντο
1859 4514 1926 4568 τὰ
1959 4519 2066 4569 τῶν

405 4589 734 4671 Βαρϐάρων.
795 4595 894 4651 Καί
937 4617 1082 4661 τινες
1151 4597 1398 4674 ἀρχηγοὶ
1453 4601 1682 4670 τούτων,
1742 4602 2070 4677 Χωροσαλά-

2195 681 2560 735 sessionibus
2586 685 2643 735 et
2673 681 2798 735 suis
2829 680 3104 735 omnibus
3138 678 3309 732 bonis
3359 677 3588 749 privati.
3622 677 3848 732 Concu-

2194 771 2336 840 pivit
2367 778 2558 825 autem
2595 777 2650 825 et
2677 787 2787 840 prae
2813 770 3037 824 caeteris
3063 767 3342 822 omnibus
3361 765 3613 820 maxime
3634 763 3851 818 amavit

2194 861 2512 931 imperatur
2569 859 2938 931 publicarum
3013 874 3207 913 rerum
3289 855 3741 919 incrementum,
3794 854 3850 904 et

2193 950 2484 1020 praecipuo
2517 949 2710 1004 studio
2763 949 3018 1020 privatas
3049 962 3258 1001 causas
3309 944 3585 999 audiendi
3617 942 3847 997 teneba-

2191 1043 2307 1100 tur,
2342 1040 2398 1093 in
2429 1041 2647 1110 quibus
2679 1039 2961 1108 majorem
3007 1053 3187 1106 quam
3219 1035 3277 1088 in
3310 1033 3556 1104 imperio
3589 1029 3847 1086 admini-

2193 1130 2434 1184 strando
2491 1145 2691 1183 curam
2754 1126 3157 1190 exhauriebat,
3222 1123 3355 1178 aliis
3413 1122 3589 1177 rebus
3649 1121 3848 1174 minus

2191 1234 2428 1282 vacans,
2460 1221 2676 1272 ducum
2725 1217 2968 1286 inquam
3003 1212 3434 1285 ampliﬁcandae
3465 1207 3760 1280 dignitati,
3792 1210 3850 1262 et

2189 1307 2263 1361 iis
2295 1325 2422 1378 quae
2454 1306 2746 1360 militibus
2779 1320 3050 1375 prospere
3083 1319 3150 1357 ac
3181 1309 3420 1356 strenue
3441 1305 3606 1370 gesta
3625 1301 3842 1352 essent.

2193 1398 2260 1452 Et
2295 1402 2598 1467 propterea
2631 1396 2687 1448 in
2721 1393 3214 1449 calumniatorum
3249 1387 3527 1444 conviciis
3557 1391 3614 1440 et
3644 1383 3843 1455 sophi-

2191 1486 2352 1541 sticis
2384 1484 2734 1540 commentis
2766 1499 2831 1537 ac
2873 1480 3246 1552 judicialium
3284 1478 3677 1550 quaestionum
3711 1489 3841 1528 exa-

2191 1575 2348 1629 mine
2395 1575 2656 1628 Romana
2714 1589 2806 1626 res
2856 1569 3091 1641 publica
3142 1585 3381 1622 versans
3425 1564 3844 1635 occupabatur,

2191 1665 2268 1719 ita
2330 1669 2395 1718 ut
2451 1662 2562 1734 ipsi
2625 1661 2842 1716 milites
2903 1659 3084 1714 armis
3135 1655 3420 1727 depositis
3468 1653 3729 1708 advocati
3789 1655 3846 1705 et

2191 1753 2421 1826 patroni
2454 1751 2842 1824 quaestionum
2878 1749 2949 1803 ad
2985 1747 3143 1819 leges
3192 1745 3584 1816 spectantium
3619 1746 3676 1796 et
3703 1756 3843 1794 cau-

2191 1860 2386 1900 sarum
2447 1843 2674 1906 ﬁerent,
2737 1840 2958 1894 omisso
3019 1835 3229 1891 Martio
3291 1850 3433 1888 sono
3500 1837 3558 1887 et
3618 1828 3844 1885 bellicis

2189 1931 2706 1988 exercitationibus
2751 1935 2809 1984 et
2836 1941 3122 1998 equorum
3167 1923 3505 1994 agitatione.
3541 1919 3679 1975 Pius
3709 1935 3842 1974 vero

2189 2040 2322 2078 cum
2376 2025 2531 2076 esset
2577 2025 2640 2074 ut
2699 2019 2746 2073 si
2803 2018 2937 2088 quis
2986 2014 3160 2084 alius,
3209 2018 3267 2068 et
3317 2010 3735 2066 monachorum
3787 2011 3844 2062 et

2187 2127 2512 2185 pauperum
2575 2108 2902 2168 studiosus,
2961 2115 3015 2157 et
3073 2104 3130 2158 in
3183 2103 3255 2157 iis
3307 2117 3434 2172 qua:
3493 2099 3563 2152 ad
3613 2096 3838 2151 cultum

2185 2199 2446 2272 corporis
2495 2197 2786 2270 pertinent
2840 2211 2954 2250 non
3017 2192 3337 2248 admodum
3388 2193 3731 2258 occupatus,
3781 2185 3841 2239 in

2185 2290 2316 2344 aliis
2347 2305 2579 2359 quoque
2610 2286 2790 2340 hebes
2822 2301 2888 2338 ac
2935 2282 3135 2353 segnis
3165 2285 3292 2335 erat
3327 2296 3338 2333 ε
3377 2283 3436 2333 at
3467 2278 3525 2331 in
3555 2274 3842 2347 augendis

2185 2378 2437 2450 publicis
2471 2375 2733 2448 pecuniis
2756 2374 3075 2427 admodum
3103 2386 3310 2440 parcus
3333 2371 3390 2422 et
3419 2364 3626 2421 civilis.
3651 2364 3840 2419 Nimis

2185 2467 2295 2522 sibi
2329 2467 2637 2538 arrogabat
2685 2465 2739 2517 in
2787 2461 3054 2532 judiciis,
3086 2465 3144 2512 et
3191 2475 3257 2512 ea
3305 2455 3556 2510 subinde
3605 2457 3840 2524 propter

2185 2571 2562 2628 personarum
2596 2551 2938 2624 qualitatem
2967 2548 3255 2611 mutabat,
3290 2561 3520 2616 gravem
3548 2559 3609 2597 se
3645 2548 3840 2611 poten-

2184 2647 2345 2700 tibus
2405 2645 2744 2708 ostendens,
2804 2649 2858 2694 et
2915 2636 3204 2709 ejusmodi
3267 2633 3359 2688 cui
3421 2649 3536 2686 non
3597 2632 3840 2701 possent

2184 2735 2475 2789 resistere.
2508 2737 2650 2786 Cum
2684 2731 2756 2783 iis
2796 2730 2972 2783 rebus
3021 2725 3116 2779 ille
3148 2729 3307 2778 totus
3356 2721 3743 2787 incumberet,
3779 2733 3839 2771 re

2187 2824 2425 2878 militari
2460 2823 2745 2892 neglecta,
2780 2835 2846 2872 ac
2893 2815 3139 2870 nimium
3176 2829 3238 2867 se
3286 2811 3402 2866 otio
3435 2809 3712 2874 dedisset,
3745 2822 3837 2860 res

2185 2912 2458 2978 Orientis,
2495 2909 2784 2981 praecipue
2817 2907 2941 2961 loca
2971 2905 3027 2958 in
3063 2902 3280 2957 finibus
3313 2905 3732 2958 Romanorum,
3767 2895 3837 2949 ab

2186 3000 2457 3054 hostibus
2487 2998 2578 3070 agi
2654 2997 2788 3052 ferri
2843 3011 2908 3050 ac
2942 2993 3138 3063 diripi,
3190 2996 3247 3045 et
3286 2989 3487 3045 omnia
3535 2985 3748 3041 vastari
3782 2987 3842 3038 et

2187 3090 2340 3146 653
2381 3089 2702 3143 Turcorum
2757 3081 3199 3139 excursionibus
3244 3085 3300 3134 et
3349 3075 3728 3148 oppressione
3777 3088 3842 3127 ac

2187 3178 2440 3233 violenta
2472 3177 2614 3246 fuga
2649 3179 2705 3228 et
2723 3181 2942 3228 terrore
2965 3170 3362 3240 neglectorum
3388 3164 3681 3219 militum:
3707 3177 3846 3216 con-

2187 3267 2441 3322 tinentes
2486 3265 2642 3320 enim
2696 3263 2912 3317 ﬁebant
2969 3258 3356 3320 incursiones,
3419 3253 3633 3308 crebras
3683 3251 3840 3305 dire-

2189 3356 2418 3428 ptiones
2451 3358 2505 3408 et
2538 3367 2902 3424 quascunque
2933 3347 3322 3403 occurrebant
3355 3341 3648 3406 hostibus,
3684 3355 3843 3393 ever-

2188 3447 2484 3504 tebantur.
2517 3447 2574 3496 et
2616 3442 2834 3496 idcirco
2886 3438 3019 3493 felix
3051 3435 3247 3490 lberiae
3281 3433 3439 3504 regio
3472 3430 3708 3485 omnino
3741 3428 3841 3482 de-

2187 3533 2373 3588 solata
2423 3534 2532 3586 fuit
2587 3537 2646 3586 et
2694 3545 2934 3601 prorsus
2983 3525 3196 3588 deleta,
3229 3523 3354 3594 jam
3405 3523 3540 3575 ante
3583 3519 3843 3572 confecta

2187 3628 2245 3678 et
2273 3621 2608 3688 imbecillis,
2640 3637 2705 3675 ac
2737 3618 2960 3674 sensim
2986 3617 3220 3670 deserta
3247 3620 3303 3666 et
3335 3612 3632 3680 corrupta.
3655 3609 3842 3676 Atque

2188 3713 2367 3782 hujus
2401 3711 2536 3766 mali
2571 3709 2885 3781 participes
2936 3709 3102 3760 erant
3130 3698 3553 3770 Mesopotamia
3581 3701 3639 3749 et
3667 3693 3840 3782 Chalf

2186 3781 2310 3856 daaa
2366 3805 2424 3856 et
2475 3802 2718 3868 insuper
2765 3795 3036 3852 Melitene
3085 3798 3142 3846 et
3193 3788 3433 3846 Colonia
3481 3791 3538 3840 et
3587 3783 3714 3839 loca
3771 3781 3841 3836 ad

2186 3891 2428 3945 fluvium
2477 3888 2832 3958 Euphratem
2883 3885 3018 3951 sita,
3052 3880 3195 3952 quin
3248 3877 3426 3932 etiam
3476 3872 3753 3928 Armenia
3784 3875 3843 3925 et

2185 3977 2634 4050 Baaspracania.
2667 3979 2746 4030 Ac
2795 3975 2906 4028 nisi
2956 3986 3105 4041 saepe
3152 3965 3405 4023 exercitu
3456 3967 3513 4017 et
3542 3961 3840 4015 interdum

2185 4069 2311 4124 sola
2340 4071 2491 4123 fama
2531 4065 2828 4137 copiarum
2861 4060 3179 4130 compressi
3220 4055 3470 4110 fuissent
3500 4049 3762 4110 Barbari,
3785 4051 3843 4101 et

2184 4159 2421 4228 quidam
2463 4136 2726 4228 ipsorum
2779 4154 2958 4207 duces
3006 4144 3451 4204 Chorosalarius
3497 4144 3554 4196 et
3583 4136 3837 4193 Samuch

2183 4227 2338 4302 bona
2389 4227 2656 4317 quaedam
2705 4245 2943 4298 fortuna
2992 4237 3313 4292 commisso
3363 4228 3561 4303 praelio
3611 4227 3840 4282 cladem

2181 4335 2370 4392 sortiti
2403 4315 2620 4399 essent,
2656 4333 2832 4388 etiam
2868 4345 3054 4399 usque
3087 4325 3157 4380 ad
3189 4322 3480 4377 Galatiam
3514 4322 3572 4373 et
3602 4315 3844 4372 Onoria-

2181 4427 2314 4480 dem
2364 4424 2780 4495 atqueipsam
2831 4417 3143 4490 Phrygiam
3176 4409 3496 4469 adversarii
3547 4404 3840 4462 excurris-

2179 4524 2308 4570 sent
2343 4532 2355 4569 :
2397 4513 2739 4567 mittebatur
2787 4509 2942 4564 enim
2990 4505 3280 4560 exercitus
3331 4499 3483 4556 male
3514 4497 3842 4551 instructus

2178 4609 2235 4659 et
2265 4603 2532 4666 inermis,
2565 4603 2719 4673 quod
2753 4614 2984 4669 semper
3028 4591 3464 4666 praestantiores
3493 4586 3839 4642 abdicaren-

405 4704 528 4757 ριος
558 4685 648 4738 καὶ
693 4683 946 4760 Σαμοὺχ,
992 4686 1039 4740 εἰ
1099 4689 1174 4760 μὴ
1226 4687 1401 4764 ἀγαθῇ
1447 4710 1555 4744 τινι
1598 4691 1742 4766 τύχῃ
1789 4675 1890 4760 τὴν
1921 4691 2071 4761 ἥττω

2185 4699 2279 4749 tur
2308 4694 2654 4765 praefectura
2673 4689 2965 4760 majorum
2991 4682 3416 4755 stipendiorum
3443 4683 3500 4733 et
3552 4675 3844 4729 honorum

406 4767 790 4845 συμϐαλόντες
876 4773 1284 4850 ἐκληρώσαντο,
1370 4776 1468 4832 κᾶν
1557 4780 1724 4855 μίχρι
1801 4780 2069 4845 Γαλατίας

403 4861 499 4917 καὶ
561 4861 893 4936 Ὀνωριάδος
953 4864 1043 4918 καὶ
1122 4864 1290 4936 αὐτῆς
1362 4867 1600 4944 Φρυγίας
1654 4869 1718 4924 τὸ
1771 4869 2066 4926 ἀντίπαλον

403 4948 794 5026 πριέδραμεν.
846 4951 1169 5010 Ἐστὲλλετο
1217 4955 1312 5028 μὶν
1371 4957 1475 5032 γὰρ
1531 4957 1596 5012 τὸ
1654 4961 2067 5034 στρατιωτικὸν,

404 5039 576 5114 ψιλὸν
629 5037 686 5094 δὲ
740 5041 828 5096 καὶ
868 5039 1078 5097 ἄοπλον
1137 5043 1226 5098 καὶ
1295 5045 1524 5120 γυμνὸν,
1574 5051 1684 5101 τῶν
1739 5049 2062 5122 κρειττόνων

401 5128 868 5202 ἀπελαυνομίνων
914 5131 1167 5187 ἑκάστοτε
1219 5134 1318 5202 τῆς
1381 5134 1712 5211 στρατηγίας
1769 5141 1866 5192 τοῦ
1922 5135 2067 5208 πλή-

402 5231 536 5282 θους
560 5223 669 5272 τῶν
700 5218 945 5292 ὀψωνίων
991 5217 1165 5276 ἕνεκεν
1219 5222 1309 5277 καὶ
1351 5227 1460 5278 τῶν
1510 5227 1776 5298 μειζόνων
1812 5227 2060 5302 βαθμῶν.

397 5310 472 5364 Ἀ
531 5308 622 5362 καὶ
680 5309 1066 5384 καταγνώσεως
1122 5310 1274 5374 ἐκτὸς
1340 5314 1444 5367 οὐκ
1493 5314 1582 5382 ἧν,
1643 5312 1880 5388 μηδενὸς
1941 5337 2062 5391 γεν-

396 5396 556 5451 ναίὸυ
588 5397 677 5451 καὶ
735 5395 1032 5472 ἀξιολόγου
1075 5403 1458 5475 πραττομένου
1519 5400 1608 5457 διὰ
1659 5408 1844 5461 τοῦτο.
1898 5405 2062 5460 Συνὲ-

397 5481 557 5542 ϐαινε
597 5483 656 5541 δὲ
711 5487 771 5542 ἐκ
821 5487 1030 5542 τούτων
1092 5488 1220 5553 τοὺς
1283 5491 1382 5564 μὶν
1443 5491 1746 5566 Ῥωμαίους
1781 5498 2065 5550 ταπεινοῦ-

2178 4799 2397 4849 causa;
2431 4799 2558 4852 quae
2589 4779 2829 4851 quidem
2862 4775 3035 4845 culpa
3092 4770 3335 4826 minime
3365 4764 3670 4830 vacabant,
3704 4773 3839 4814 cum

2179 4871 2324 4927 nihil
2383 4875 2690 4926 strenuum
2752 4873 2854 4922 aut
2912 4857 3294 4919 memorabile
3349 4856 3460 4910 hac
3528 4854 3601 4908 de
3656 4863 3834 4905 causa

2177 4965 2494 5033 gereretur.
2535 4957 2760 5023 Quibus
2811 4955 2985 5010 rebus
3033 4950 3304 5005 ell‘ectum
3356 4948 3454 5003 est,
3495 4947 3560 4996 ut
3593 4936 3840 5033 Romani

2176 5026 2597 5105 imbecilliores
2619 5044 2833 5102 redditi
2863 5049 3082 5098 terrore
3112 5034 3570 5107 complerentur,
3593 5026 3836 5084 Barbari

2172 5155 2308 5193 vero
2332 5138 2517 5192 inﬂati
2550 5135 2747 5192 animo
2781 5134 3126 5190 efferrentur
3159 5132 3215 5182 et
3267 5121 3453 5179 multa
3489 5115 3842 5175 conﬁdentia

2174 5228 2535 5299 irruptiones
2569 5227 2866 5290 facerent;
2903 5236 3035 5276 cum
3062 5218 3240 5274 etiam
3274 5214 3343 5268 ad
3375 5209 3587 5266 Anium
3614 5206 3836 5262 missus

2173 5318 2351 5373 fuerit
2379 5318 2498 5372 dux
2526 5314 2841 5370 Armenius
2889 5311 3149 5381 quidam,
3184 5303 3422 5360 nomine
3467 5296 3830 5366 Pancratius,

2177 5407 2476 5480 pollicitus
2511 5422 2605 5461 res
2623 5404 2693 5459 ad
2717 5401 3035 5458 exercitum
3061 5397 3162 5468 qui
3181 5394 3258 5451 ibi
3279 5393 3480 5447 aderat
3501 5389 3838 5459 spectantes

2171 5479 2235 5553 se
2287 5513 2391 5569 pro
2442 5494 2596 5553 virili
2654 5497 2819 5566 parte
2876 5487 3454 5547 administraturum.
3505 5479 3650 5534 Cum
3693 5489 3828 5530 vero

1735 5656 1981 5714 JACOBI
2019 5657 2240 5714 GOARI
2279 5658 2509 5716 NOTAE].

467 5774 588 5852 (11)
621 5777 835 5852 Corpus
864 5773 1118 5835 edomare
1150 5778 1208 5836 ei
1234 5781 1664 5842 amteritatibu:
1689 5781 1944 5856 tubicen
1969 5797 2073 5846 aut

2185 5801 2247 5856 ιδ,
2273 5787 2430 5847 circa
2457 5781 2813 5857 quodcunque
2832 5777 3000 5838 aliud
3026 5774 3214 5848 segnis
3239 5788 3305 5829 ac
3332 5768 3505 5826 hebes.
