4122 6468
282 429 403 492 383

1600 437 1932 500 JOANNIS
1979 436 2386 498 SCYLlTZxE

3583 433 3702 494 384

280 562 553 617 sultanus
615 563 748 620 illac
807 566 915 621 iter
983 566 1216 636 faceret,
1278 570 1434 625 654
1494 585 1683 639 neque
1737 572 1932 622 tamen

2051 576 2170 628 σθαι
2203 566 2291 619 καὶ
2350 565 2771 640 κατεπτηχέναι,
2797 562 2926 624 τοὺς
2973 557 3288 637 Βαρϐἀρους
3328 559 3385 616 δὲ
3434 562 3697 638 φυσᾶσθαι

285 651 673 708 Romanorum
719 656 1012 724 regionem
1061 664 1312 722 vexaret,
1359 659 1596 727 quidam
1630 674 1697 710 ex
1729 658 1802 709 iis
1834 655 1931 726 qui

281 755 415 794 cum
441 741 744 797 Pancratio
768 749 951 806 erant,
979 753 1355 816 erumpentes
1377 752 1700 800 extremum
1726 763 1933 816 agmen

284 829 556 884 sultanici
589 832 874 886 exercitus
928 834 1215 889 laedebant
1263 841 1321 889 et
1350 837 1668 890 caedebant.
1711 836 1936 898 Quibus

281 919 354 972 de
404 920 601 974 causis
652 921 926 977 sultanus
983 925 1238 993 graviter
1294 924 1636 995 indignatus
1690 924 1936 978 ulterius

281 1011 553 1081 progredi
586 1012 878 1068 desistens
912 1014 982 1067 ad
1015 1016 1227 1069 Anium
1261 1032 1528 1071 reversus
1559 1020 1668 1082 est,
1701 1022 1757 1069 et
1789 1033 1936 1086 pau-

282 1099 365 1152 cis
395 1099 604 1154 diebus
634 1105 760 1156 tum
795 1102 992 1173 ipsum
1027 1105 1257 1171 Anium,
1294 1110 1422 1158 tum
1456 1105 1705 1158 ﬁnitima
1737 1105 1938 1159 omnia

285 1187 408 1242 loca
473 1188 532 1243 in
601 1207 765 1245 suam
838 1197 1186 1261 potestatem
1260 1195 1496 1248 redacta
1553 1200 1609 1248 et
1665 1194 1936 1264 praesidio

285 1276 560 1347 imposito
593 1279 817 1333 munita
849 1296 912 1333 ac
943 1280 1192 1334 ducibus
1223 1281 1447 1337 idoneis
1484 1282 1694 1336 tradita
1729 1287 1934 1336 Roma-

289 1382 496 1420 norum
548 1367 760 1421 exemit
810 1367 1078 1433 imperio.
1132 1368 1261 1424 Haec
1291 1370 1470 1440 igitur
1509 1371 1571 1426 in
1622 1372 1729 1425 hoc
1780 1377 1935 1425 statu

288 1459 476 1521 erant,
508 1459 566 1509 et
596 1459 776 1509 tanta:
808 1457 1097 1510 vexationi
1149 1458 1396 1512 obnoxia
1442 1465 1607 1514 erant
1641 1460 1936 1514 Romano-

286 1559 414 1596 rum
448 1541 575 1598 loca
605 1544 661 1598 in
695 1545 836 1598 Asia
884 1550 940 1600 et
970 1545 1028 1598 in
1064 1547 1223 1600 omni
1256 1547 1510 1601 Orientis
1558 1549 1794 1618 regione
1829 1566 1840 1602 :
1877 1549 1933 1601 in

286 1630 596 1687 Occidente
651 1649 784 1687 vero
854 1634 1008 1688 circa
1063 1635 1290 1688 tertiam
1344 1636 1744 1698 indictionem,
1801 1653 1933 1690 cum

287 1727 605 1790 praeessent
635 1721 865 1792 Oppidis
889 1722 959 1775 ad
997 1722 1213 1776 Istrum
1249 1723 1487 1778 ﬂuvium
1509 1725 1642 1778 sitis
1663 1726 1937 1795 magister

287 1807 538 1864 Basilius
591 1816 888 1881 Apocepes
938 1815 994 1865 et
1042 1811 1322 1882 magister
1373 1813 1732 1884 Nicephorus
1773 1815 1934 1868 Bota-

2042 655 2128 708 καὶ
2192 653 2504 726 ἐπαίρεσθαι
2561 653 2650 708 καὶ
2734 654 2868 726 μετά
2953 649 3172 720 πολλῆς
3257 653 3698 725 προσρήγνυσθαι

2045 746 2423 812 πεποιθήσεως
2453 763 2463 775 ·
2499 740 2589 798 ὅτε
2632 740 2698 810 δὴ
2750 742 2838 797 καὶ
2897 740 2950 803 ἐς
3000 742 3062 795 τὸ
3091 745 3272 797 Ἀνιον
3305 738 3701 794 ἀποστέλλεται

2046 831 2170 902 δοὺξ
2229 834 2524 906 ’Λρμένιός
2595 854 2679 893 τις
2758 831 3095 905 Παγκράτης
3153 827 3420 902 τοῦνομα,
3480 828 3539 882 ἐκ
3589 832 3699 882 τῶν

2046 919 2275 975 ἔνόντων
2342 921 2723 996 ὑποσχόμενος
2778 921 2845 974 τὰ
2903 918 3074 975 ἔκεῖσε
3132 918 3506 992 στρατεύματα
3556 915 3697 972 διοι-

2044 1015 2179 1064 κεῖν.
2241 1013 2350 1066 Τοῦ
2414 1008 2472 1065 δὲ
2518 1010 2822 1065 σουλτάνου
2864 1012 2974 1082 (12)
3027 1009 3343 1084 παριόντος,
3402 1007 3476 1079 μή
3515 1007 3701 1078 μέντοι

2045 1120 2108 1173 γε
2165 1097 2578 1171 πημαινολένου
2634 1100 2734 1168 τήν
2789 1099 2979 1174 χώραν
3037 1099 3137 1167 τὴν
3197 1097 3536 1169 Ῥωμαϊκὴν,
3595 1100 3706 1151 τῶν

2045 1188 2169 1258 περὶ
2226 1189 2316 1242 τὸν
2379 1188 2716 1263 Παγκράτιον
2793 1186 3023 1257 ἐξιόντες
3081 1187 3220 1248 τινὲς
3278 1187 3377 1253 τὴν
3436 1184 3692 1260 οὐραγίαν

2043 1281 2140 1330 τοῦ
2199 1275 2558 1332 σουλτανικοῦ
2627 1273 2992 1346 στρατοπέδου
3063 1274 3303 1330 ἐσίνοντο
3378 1274 3469 1328 καὶ
3537 1274 3700 1328 κατέ-

2046 1387 2251 1420 καινον.
2315 1370 2466 1443 [815]
2522 1368 2637 1443 Ἐφ’
2697 1368 2778 1426 οἷς
2826 1365 2918 1420 καὶ
2979 1363 3329 1435 δυσθυμησας
3387 1365 3415 1417 ὁ
3468 1360 3701 1416 σουλτά-

2046 1476 2135 1516 νος
2169 1455 2352 1530 ἐφίησι
2382 1461 2478 1510 τοῦ
2526 1459 2716 1529 πρόσω
2765 1455 2922 1510 ἰέναι.
2970 1453 3117 1528 Πρὸς
3165 1453 3228 1507 τὸ
3261 1456 3448 1508 ”Ανιον
3483 1449 3540 1506 δὲ
3570 1452 3698 1514 ἀνθ-

2046 1545 2360 1617 υπέστρεψε,
2395 1545 2483 1598 καὶ
2517 1542 2586 1598 δι’
2618 1543 2818 1618 ὀλίγων
2871 1541 3091 1616 ἡμερῶν
3137 1542 3267 1597 αὐτό
3328 1563 3387 1596 τε
3417 1542 3478 1595 τὸ
3510 1547 3699 1594 ’Ἄνιον

2044 1633 2132 1686 καὶ
2201 1635 2266 1686 τὰ
2321 1633 2443 1708 περὶ
2488 1633 2619 1688 αὐτὸ
2693 1633 2868 1686 πάντα
2932 1631 3437 1707 περιποιησάμενος
3487 1627 3701 1705 στρατῷ

2043 1741 2102 1775 τε
2161 1722 2471 1796 ὀχυρώσας,
2523 1723 2610 1775 καὶ
2691 1725 2984 1795 τρατηγοῖς
3053 1716 3360 1792 ἀξιολόγοις
3415 1719 3481 1771 τὰ
3533 1716 3708 1771 ἐκεῖσε

2045 1808 2339 1882 παραδοὺς,
2392 1814 2491 1874 τῆς
2545 1814 2656 1863 τῶν
2716 1808 3000 1880 Ῥωμαίων
3050 1806 3392 1881 ἐπικρατείας
3452 1805 3584 1861 αὐτό
3641 1825 3709 1859 τε

286 1898 493 1952 niates.
565 1897 815 1954 Uzorum
885 1899 1042 1954 natio
1111 1900 1195 1970 (hi
1264 1902 1440 1955 etiam
1519 1909 1659 1956 sunt
1726 1917 1935 1971 genere

2051 1900 2135 1952 καὶ
2191 1901 2290 1966 τήν
2352 1900 2479 1952 αὑτὸ
2559 1897 2746 1973 χώραν
2814 1898 3197 1972 ἀπεστέρησεν.
3258 1895 3394 1970 Εἶχε
3451 1895 3544 1967 μὲν
3604 1892 3702 1947 οὖν

2086 1989 2112 2000 ,,
2314 1993 2340 2000 _
2563 1989 2574 2000 .
2688 1987 2700 2000 .
2950 1991 2974 2000 -
3267 1984 3286 2000 κ
3355 1986 3369 2000 κ
3472 1987 3578 2000 μη.
3685 1983 3699 2000 ε

286 1986 532 2057 Scythae,
586 1994 643 2042 et
691 1988 1015 2043 Patzinacis
1073 1989 1389 2045 nobiliores
1445 1997 1500 2046 et
1561 1991 1940 2045 multitudine

286 2077 638 2146 superiores)
671 2093 799 2132 cum
835 2083 956 2132 tota
984 2085 1156 2149 gente
1183 2084 1238 2132 et
1272 2080 1524 2150 propriis
1556 2081 1940 2151 impedimen-

287 2163 364 2217 tis
415 2166 768 2220 transmisso
821 2166 968 2220 Istro
1025 2166 1214 2238 longis
1265 2167 1512 2224 navibus
1559 2177 1613 2223 et
1659 2167 1870 2223 lembis
1909 2185 1939 2222 e

290 2255 530 2308 caudice
561 2261 758 2310 cavato
801 2257 965 2309 factis
999 2262 1056 2311 et
1087 2256 1340 2323 utribus,
1374 2257 1589 2312 milites
1622 2258 1935 2311 transitum

290 2342 690 2413 prohibentes,
725 2345 1004 2414 Bulgaros
1052 2346 1288 2416 inquam
1342 2351 1398 2400 et
1430 2345 1722 2401 Romanos
1752 2352 1807 2401 et
1838 2347 1939 2417 qui

289 2447 422 2486 cum
483 2431 628 2503 ipsis
692 2439 876 2498 erant,
938 2435 1130 2488 statim
1195 2434 1581 2501 debellarunt,
1640 2452 1705 2490 ac
1761 2437 1940 2490 duces

287 2519 550 2590 ipsorum
586 2521 866 2576 Basilium
900 2525 1224 2592 Apocapem
1247 2530 1305 2577 et
1339 2523 1728 2594 Nicephorum
1762 2524 1935 2578 Beta-

292 2609 508 2663 niatem
562 2613 819 2679 captivos
861 2611 1174 2675 abduxere,
1208 2627 1562 2682 omnemque
1614 2614 1684 2667 ad
1722 2613 1934 2667 Istrum

289 2697 596 2767 planitiem
647 2699 1032 2770 complerunt.
1085 2701 1424 2756 Excreverat
1469 2701 1624 2756 enim
1659 2703 1836 2767 natio,
1874 2708 1939 2756 ut

289 2785 328 2839 ii
361 2786 462 2856 qui
494 2786 758 2841 viderant
788 2791 1236 2854 confirmabant,
1272 2791 1339 2844 ad
1395 2797 1668 2845 sexcenta
1701 2790 1936 2844 bellico-

289 2891 487 2928 eorum
523 2876 778 2930 virorum
816 2877 1018 2932 millia.
1054 2878 1120 2932 Et
1149 2881 1416 2948 quaedam
1451 2879 1603 2934 haud
1639 2881 1788 2936 655
1827 2881 1932 2934 mi-

291 2963 449 3018 nima
485 2981 618 3035 pars
642 2965 902 3035 ipsorum
929 2967 1114 3021 divisa
1139 2984 1326 3038 usque
1357 2969 1424 3022 ad
1453 2968 1932 3024 Thessalonicam

286 3056 344 3106 et
373 3052 562 3122 ipsam
595 3052 873 3110 Graeciam
918 3054 1151 3124 irrupit,
1182 3063 1240 3110 et
1270 3057 1436 3110 obvia
1481 3057 1678 3111 omnia
1709 3058 1935 3113 vexavit

288 3141 674 3213 diripuitque,
727 3142 957 3197 infinita
1007 3145 1214 3198 abacta
1265 3145 1474 3214 praeda.
1526 3147 1633 3201 Sed
1686 3163 1818 3201 cum
1874 3148 1929 3202 in

285 3231 684 3286 vehementem
738 3231 968 3288 hiemen
1017 3233 1340 3299 incidisset,
1389 3237 1626 3306 quando
1674 3238 1744 3290 ad
1791 3253 1929 3291 suos

285 3409 504 3472 amisit,
538 3415 595 3464 et
627 3410 946 3465 infortunio
980 3417 1215 3481 accepto
1241 3412 1299 3466 in
1333 3419 1528 3467 castra
1558 3428 1789 3468 reversa
1819 3419 1929 3467 est.

285 3497 606 3567 Imperator
637 3504 830 3554 autem
862 3500 932 3553 de
964 3516 1166 3554 eorum
1200 3501 1578 3556 multitudine
1609 3503 1819 3558 certior
1850 3505 1932 3558 fa-

285 3591 414 3640 ctus
447 3587 820 3642 cruciabatur
850 3588 1046 3643 animo
1075 3595 1133 3642 et
1159 3605 1307 3658 aegre
1343 3590 1582 3655 ferebat,
1616 3591 1932 3646 exercitum

287 3681 486 3729 tamen
519 3691 722 3743 cogere
752 3682 810 3731 et
841 3677 1082 3731 idoneas
1130 3677 1328 3747 copias
1373 3684 1577 3733 contra
1605 3679 1766 3750 ipsos
1800 3681 1934 3735 mit-

290 3767 412 3816 tere
478 3765 888 3828 cunctabatur,
955 3781 1021 3819 ac
1085 3767 1283 3836 segnis
1348 3772 1491 3833 erat,
1566 3773 1627 3822 ut
1692 3770 1932 3839 quidam

288 3850 542 3917 aiebant,
583 3854 923 3923 sumptibus
971 3872 1216 3925 parcens
1253 3871 1264 3909 :
1300 3861 1425 3910 erat
1470 3857 1650 3921 enim,
1685 3864 1747 3911 ut
1788 3859 1934 3912 dixi-

289 3957 444 4009 mus,
478 3958 709 4010 avarus,
743 3949 798 3996 et
832 3959 1140 3997 nummum
1180 3945 1456 3998 omnibus
1490 3946 1664 4000 rebus
1696 3953 1936 4018 antepo-

291 4030 466 4084 nebat
495 4046 508 4086 ι
543 4036 607 4084 ut
637 4047 770 4085 vero
802 4031 919 4097 alii,
954 4033 1106 4102 quod
1161 4048 1274 4086 non
1310 4033 1626 4090 conﬁderet
1655 4036 1938 4091 adversus

291 4121 486 4172 tantas
534 4119 686 4173 vires
737 4136 908 4189 posse
957 4120 1077 4175 acie
1120 4120 1419 4177 decertare
1467 4140 1479 4178 :
1530 4140 1734 4179 omnes
1780 4127 1937 4180 enim

286 4206 633 4260 asserebant
675 4209 1142 4263 adversariorum
1181 4209 1617 4267 multitudinem
1650 4214 1936 4286 inexpug-

292 4293 970 4367 nabilem,omnibusque
986 4297 1370 4368 impossibilia
1387 4302 1703 4372 redemptio
1722 4304 1939 4359 ducum

291 4381 620 4449 videbatur,
652 4389 709 4438 et
734 4385 804 4440 de
837 4387 1324 4456 migrationejam
1365 4389 1562 4458 plures
1582 4392 1938 4463 cogitabant.

295 4470 619 4540 Imperator
667 4479 860 4528 autem
898 4475 1098 4530 missis
1152 4475 1356 4546 legatis
1387 4479 1458 4532 ad
1517 4480 1808 4552 principes
1841 4500 1943 4537 na-

292 4561 470 4615 tionis
504 4562 788 4628 tentabat,
821 4563 870 4617 si
922 4564 1078 4618 factu
1128 4565 1408 4635 possibile
1438 4572 1612 4633 esset,
1649 4571 1809 4641 ipsos
1841 4575 1940 4626 ab-

2051 1989 2195 2044 οὕτω
2245 1993 2433 2056 ταῦτα,
2490 1989 2578 2042 καὶ
2659 1987 2732 2048 εἷς
2815 1991 3072 2041 τοσιῦτον
3165 1984 3407 2057 σκυλμὸν
3466 1987 3581 2054 (13)
3639 1983 3709 2036 τὰ

2047 2079 2326 2151 Ῥωμαϊκὰ
2377 2097 2704 2152 περιηγοντο
2760 2077 2896 2130 κατά
2953 2096 3011 2130 τε
3059 2075 3158 2142 τὴν
3214 2073 3402 2128 Ἀσίαν
3457 2073 3545 2126 καὶ
3600 2073 3701 2140 τὴν

2050 2167 2227 2237 ἄλλην
2283 2173 2456 2221 πᾶσαν
2519 2163 2845 2234 Ἀνατολήν.
2879 2166 2964 2219 Ἐν
3010 2162 3066 2218 δὲ
3111 2167 3180 2236 τῇ
3238 2161 3392 2217 Δύσει
3442 2162 3579 2215 κατὰ
3600 2161 3702 2228 τὴν

2047 2257 2236 2332 τρίτην
2279 2254 2614 2322 ἷνδικτιῶνα,
2673 2254 2958 2329 ἀρχόντων
3015 2258 3122 2307 τῶν
3182 2251 3306 2326 περὶ
3354 2252 3443 2305 τὸν
3492 2251 3704 2323 Ἵστρον

2049 2345 2297 2417 ποταμὸν
2355 2348 2453 2398 τοῖ’)
2515 2341 2814 2418 μαγίσορου
2886 2339 3176 2398 Βασιλείου
3231 2344 3328 2394 τοῦ
3383 2339 3700 2396 Ἀπιικάπου

2048 2435 2137 2489 καὶ
2188 2438 2283 2488 τοῦ
2337 2433 2636 2506 μαγίστρου
2686 2432 3002 2508 Νικηφόρου
3058 2435 3154 2485 τοῦ
3214 2428 3591 2495 Βοτανειάτου,
3636 2427 3699 2482 τὸ

2046 2527 2154 2576 τῶν
2187 2519 2374 2590 υῧζων
2409 2520 2554 2582 ἔθνος
2618 2521 2788 2594 (γένος
2860 2517 2916 2574 δὶ
2972 2519 3064 2574 καὶ
3118 2517 3269 2573 οὗτοι
3318 2519 3578 2572 Σκυθικὸν
3610 2516 3702 2570 καὶ

2046 2617 2152 2665 τῶν
2184 2611 2532 2680 ΙΙατζινάκων
2576 2608 2946 2685 εὐγενέστερόν
3003 2629 3058 2663 τε
3111 2607 3201 2663 καὶ
3248 2605 3699 2676 πολυπληθέστε-

2049 2707 2163 2775 ρον)
2223 2699 2475 2775 παγγενεὶ
2558 2701 2692 2771 μετά
2771 2701 2870 2766 τῆς
2954 2697 3157 2759 οἰκείας
3244 2697 3550 2763 ἀποσκευῆς
3607 2696 3702 2749 τὸν

2046 2792 2256 2858 Ἵστρον
2318 2788 2615 2862 περαιωθὲν
2675 2785 2861 2857 ξύλοις
2922 2792 3153 2860 μακροῖς
3201 2785 3291 2840 καὶ
3343 2778 3574 2857 λέμϐοις
3609 2781 3700 2836 αύ-

2043 2878 2373 2952 τοπρίμνοις
2437 2880 2543 2948 (14)
2598 2877 2689 2931 καὶ
2771 2877 3014 2950 βύρσαις,
3085 2874 3211 2936 τοὺς
3287 2872 3696 2934 διακωλύοντας

2041 2976 2141 3038 τῆν
2196 2967 2370 3021 αότῶν
2430 2966 2721 3042 περαίωσιν
2805 2966 3159 3040 στρατιώτας,
3230 2962 3576 3036 Βουλγάρους
3635 2961 3696 3016 τέ

2043 3080 2187 3135 φημι
2230 3058 2320 3110 καὶ
2378 3055 2686 3127 Ῥωμαίους
2761 3056 2850 3109 καὶ
2916 3054 3146 3115 λοιπούς
3205 3054 3331 3114 τοὺς
3390 3051 3542 3112 ὄντας
3596 3049 3689 3104 σὺν

2042 3147 2248 3214 αὐτοῖς,
2299 3142 2742 3218 κατηγωνίσαντο
2791 3139 3100 3220 αἰφνιδίως,
3147 3141 3237 3196 καὶ
3296 3139 3424 3202 τοὺς
3483 3138 3690 3214 ἡγεμό-

2039 3257 2130 3297 νας
2187 3234 2362 3288 αύτῶν
2420 3233 2512 3287 τόν
2566 3253 2624 3287 τε
2679 3232 2995 3301 Ἀποκάπην
3076 3230 3360 3285 Βασίλειον
3437 3229 3526 3284 καὶ
3593 3229 3687 3283 τὸν

284 3319 532 3385 redibat,
558 3338 670 3374 non
695 3320 884 3376 solum
919 3321 1108 3377 aliena
1128 3323 1226 3377 sed
1253 3324 1427 3377 etiam
1462 3340 1569 3378 sua
1593 3327 1709 3378 fere
1731 3325 1930 3378 omnia

2051 3325 2397 3393 Βοτανειάτην
2487 3321 2798 3398 Νικηφόρον

2905 3319 3303 3395 αἰχμαλώτους
3379 3319 3691 3392 ἀπήγαγον,

2040 3414 2129 3468 καὶ
2162 3414 2260 3481 την
2288 3413 2412 3487 περί
2439 3411 2533 3466 τὸν
2571 3417 2784 3484 Ἵστρον
2816 3416 2989 3464 πᾶσαν
3023 3408 3354 3482 ἐπλήρωσαν
3389 3406 3651 3482 ὕπαιθρον
3679 3427 3691 3439 ·

2044 3506 2404 3557 συνεποσοῦτο
2486 3501 2590 3574 γὰρ
2648 3501 2708 3554 τὸ
2769 3495 2944 3567 ἔθνος,
3020 3500 3094 3561 ὡς
3155 3500 3206 3553 οἱ
3268 3495 3470 3559 εἰδότες
3531 3492 3706 3552 διεϐε-

2044 3587 2318 3658 ϐαιοῦντο,
2381 3589 2455 3652 εἷς
2515 3591 2780 3660 ἑξήκοντα
2844 3586 3111 3662 μυριάδας
3178 3587 3441 3662 μαχίμῶν
3491 3583 3704 3662 ἀνδρῶν

2042 3681 2132 3736 καὶ
2171 3680 2545 3751 πολεμιστῷν.
2579 3684 2763 3752 Μοῖρα
2809 3676 2866 3732 δέ
2915 3699 3000 3740 τις
3051 3676 3226 3731 αὐτῶν
3287 3675 3386 3730 οὐκ
3434 3675 3704 3750 ἐλαχίστη

2042 3769 2247 3824 τούτων
2309 3769 2688 3840 ἀποτμηθεῖσα
2745 3763 2878 3841 ἄχρι
2933 3762 3336 3834 Θεσσαλονίκης
3390 3764 3480 3818 καὶ
3540 3764 3708 3828 αὐτῆς

2044 3856 2313 3919 Ἑλλάδος
2343 3857 2659 3932 είσήῤῥησε,
2718 3855 2806 3911 καὶ
2848 3861 2952 3910 πᾶν
3007 3855 3071 3910 τὸ
3116 3854 3430 3929 προσουχὸν
3483 3851 3702 3908 κατελυι

2050 3950 2268 4021 μήνατο
2298 3947 2388 4001 καὶ
2434 3945 2700 4021 έκεράϊσε,
2751 3944 2841 4000 καὶ
2889 3942 3038 3998 λείαν
3085 3941 3286 4012 ἤλασεν
3336 3941 3434 3996 οὐκ
3465 3943 3703 4016 ἀριθμη-

2044 4040 2168 4106 τήν.
2228 4038 2470 4108 Χειμῶνι
2529 4032 2585 4089 δὲ
2633 4053 3083 4106 περιπεπτωκυια
3140 4027 3368 4103 πολλῷ,
3429 4029 3519 4085 ὅτε
3568 4031 3707 4105 πρὸς

2045 4126 2172 4189 τοὺς
2232 4127 2518 4203 σφετέρους
2571 4125 2913 4201 ὑπέστρεφεν,
2957 4123 3021 4177 ού
3076 4121 3242 4194 μόνον
3301 4121 3366 4176 τὰ
3413 4119 3707 4194 ἀλλότρια,

2049 4214 2197 4270 ἀλλὰ
2246 4214 2335 4269 καὶ
2393 4215 2462 4269 τὰ
2519 4212 2714 4282 ἑαυτῆς
2770 4210 2967 4287 σχεδὸν
3036 4205 3306 4266 ἀπέϐαλεν
3358 4207 3582 4276 ἅπαντα,
3615 4209 3708 4264 καὶ

2051 4301 2327 4378 δαστυχὴς
2378 4302 2454 4366 εἷς
2500 4304 2599 4372 τὴν
2677 4295 3044 4374 παρεμϐολὴν
3102 4299 3463 4371 ἐπανέζευξεν.
3523 4299 3584 4354 Ὁ
3654 4294 3714 4352 δὶ

2056 4391 2312 4468 βασιλεὺς
2343 4390 2751 4464 πυνθανόμενος
2780 4389 2904 4462 περὶ
2949 4393 3045 4443 τοῦ
3075 4387 3410 4460 πληθυσμοῦ
3450 4384 3710 4462 ἤσχαλλε

2057 4483 2150 4555 μὶν
2180 4482 2266 4536 καὶ
2300 4478 2595 4552 ἠδημόνει,
2623 4478 2875 4555 στρατιὰν
2925 4478 2983 4532 δὲ
3039 4478 3289 4552 ἀθροῖσαι
3336 4476 3428 4532 καὶ
3459 4473 3716 4547 δυνάμεις

2052 4569 2390 4644 ἀξιομάχους
2421 4569 2631 4646 ἀφεῖναι
2686 4568 2802 4623 κατ’
2861 4565 3036 4621 αὐτῶν
3107 4565 3468 4640 ὀκνηρότερος
3518 4564 3712 4634 ἧν,ὡς

293 4650 505 4705 ducere
535 4657 591 4706 et
641 4651 753 4705 sibi
803 4652 1137 4722 conciliare,
1186 4654 1392 4710 multis
1436 4656 1636 4712 missis
1686 4663 1937 4715 muneri-

2060 4659 2154 4731 μέν
2181 4679 2322 4720 τινες
2374 4655 2583 4732 ἔλεγον,
2629 4661 2739 4711 τῶν
2791 4654 3166 4729 ἀναλωμάτων
3223 4651 3404 4731 φειδοῖ
3457 4654 3544 4726 (ἦν
3584 4654 3710 4728 γὰρ,

292 4739 421 4809 bus,
482 4739 699 4811 quibus
749 4741 1157 4812 dclinirentur,
1192 4748 1370 4814 atque
1423 4746 1566 4800 adeo
1614 4746 1843 4819 aliquos
1885 4769 1953 4808 ex

292 4830 436 4901 ipsis
458 4830 678 4887 crebris
703 4831 1004 4886 beneficiis
1032 4836 1353 4900 exceperat.
1372 4835 1478 4888 Sed
1497 4837 1652 4890 natio
1673 4838 1947 4908 maxima,

291 4927 347 4975 et
378 4921 593 4976 idcirco
627 4921 888 4992 quotidie
924 4922 1305 4991 irruptioncm
1355 4922 1592 4994 faciens,
1629 4931 1692 4980 ut
1724 4929 1948 4998 stipen-

289 5009 451 5063 dium
505 5010 649 5064 illud
707 5010 968 5073 haberet,
1007 5010 1062 5062 in
1124 5009 1341 5065 multas
1395 5011 1680 5076 Bulgaria;
1729 5027 1943 5086 partes,

281 5097 408 5167 jam
441 5098 632 5168 ipsam
665 5116 899 5169 quoque
924 5097 1234 5152 Thracium
1256 5106 1313 5152 et
1331 5099 1727 5157 Macndoniam
1755 5107 1944 5177 oppri-

289 5186 506 5240 mebat.
541 5187 662 5240 Non
698 5187 890 5242 ferens
913 5193 1108 5242 autem
1133 5189 1396 5242 convicia
1423 5189 1761 5261 imperator,
1785 5198 1937 5265 quod

290 5273 360 5328 ab
419 5275 695 5329 omnibus
762 5276 950 5347 palam
1022 5283 1083 5332 ut
1148 5293 1358 5333 avarus
1426 5285 1601 5350 atque
1663 5284 1939 5340 sordidus

2065 4748 2138 4808 ὡς
2195 4746 2418 4824 ἔφαμεν,
2481 4744 2909 4824 φιλοχρήματος
2971 4743 3060 4799 καὶ
3111 4745 3202 4798 τὸν
3261 4738 3460 4798 ὀϐολὸν
3513 4743 3713 4803 παντὸς

2061 4837 2393 4910 προτιμῶν),
2430 4835 2505 4895 ὡς
2555 4831 2600 4888 δ’
2663 4830 2818 4903 ἔνιοι,
2874 4835 2950 4906 μὴ
2997 4832 3319 4908 ἀπσθαρῥῶν
3346 4834 3483 4908 πρὸς
3512 4831 3713 4886 τοσαύ-

2058 4946 2157 4996 την
2190 4923 2348 4999 ίσχὺν
2403 4922 2925 4995 ἀντιπαρατάξασθαι
2965 4941 2977 4954 ·
3032 4921 3264 4982 ἅπαντες
3293 4921 3396 4996 γὰρ
3428 4920 3713 4996 ἀπρόσμα-

2056 5034 2161 5089 χον
2223 5014 2285 5067 τὸ
2333 5017 2440 5068 τῶν
2499 5011 2751 5066 ἱναντίων
2828 5009 3042 5080 πλῆθος
3115 5007 3550 5085 διισχυρίζοντο,
3620 5011 3710 5064 καὶ

2054 5104 2344 5177 ἀμήχανος
2392 5099 2566 5156 ἐδόκει
2623 5106 2784 5155 πᾶσιν
2836 5102 2871 5169 ἡ
2933 5098 3227 5174 λύτρωσις,
3286 5099 3378 5153 καὶ
3433 5099 3712 5171 μετοικίαν

2051 5189 2160 5262 ἤδη
2195 5193 2248 5245 οἱ
2279 5190 2504 5252 πλείους
2537 5185 2918 5246 ἐϐουλεύοντο.
2955 5189 3017 5246 Ὀ
3049 5186 3106 5242 δὲ
3140 5186 3392 5261 βασιλεὺς
3424 5183 3715 5263 πρεσϐείαν

2054 5281 2193 5354 πρὸς
2237 5278 2367 5341 τοὺς
2426 5277 2696 5352 ἐθνάρχας
2778 5278 2952 5332 αὐτῶν
3011 5274 3286 5338 ἐστάλκὼς
3335 5274 3587 5352 ἐπειρᾶτο
3646 5279 3719 5340 ὡς

1603 5388 1856 5445 JACOBI
1895 5390 2113 5447 GOARI
2152 5389 2384 5444 NOT/E.

369 5481 478 5559 (I2)
537 5482 762 5559 Suitani
817 5484 1164 5559 vocabulum
1221 5485 1554 5559 ACedrenu‘s‘
1613 5487 1946 5559 significare

294 5554 439 5632 dicit
489 5555 901 5630 παντοκράτορα
949 5555 1037 5608 καὶ
1094 5554 1337 5632 βασιλέα
1371 5554 1820 5632 βασιλέωνξιωϐ
1857 5566 1949 5632 _est

291 5625 710 5701 imperatorem
740 5633 796 5682 et
829 5625 1022 5698 regem
1051 5625 1277 5701 regum.
1314 5625 1591 5686 A'Turcis
1617 5634 1740 5700 jam
1773 5630 1947 5701 vulgo

291 5714 396 5770 pro
448 5699 713 5774 domino,
741 5699 1214 5774 usurpaturfet
1261 5716 1476 5774 nomen
1517 5699 1633 5758 hoc
1677 5699 1951 5774 princeps

289 5767 498 5831 eorum
545 5769 724 5831 habet
767 5767 905 5826 xa-c"
941 5767 1139 5848 ἐξοχὴν
1189 5787 1296 5830 ceu
1339 5771 1503 5833 solus
1554 5777 1614 5837 et
1657 5767 1953 5836 maximus

2057 5485 2355 5543 dominus.
2393 5488 2477 5540 Ita
2509 5482 2922 5538 Leunclavius.

2131 5557 2244 5629 (13)
2278 5565 2424 5630 Lego
2454 5552 2860 5630 κατακλυσμόν,
2907 5571 3022 5625 qua
3060 5553 3500 5630 _voce_moderni
3535 5571 3715 5630 nego-

2057 5623 2274 5701 tiorum
2310 5623 2608 5701 in'gentem
2643 5623 2955 5698 procellam
2977 5623 3191 5701 _solent_
3208 5624 3606 5701 interpretari.

2157 5695 2568 5769 14)Ced'renus
2603 5695 2660 5754 et
2689 5697 3110 5754 Constantinus
3157 5695 3222 5752 de
3250 5695 3409 5752 Ααηι.
3439 5697 3575 5769 Imp.
3611 5715 3713 5768 μο-

2157 5701 2247 5768 14)
2272 5701 2523 5756 Cedrenn

2059 5701 2263 5844 νόὲνλα
2289 5774 2523 5833 vocant.
