4122 6474
347 434 473 495 ’387

1664 426 1992 488 JOANNIS
2037 424 2445 488 SCYLITZE

352 570 408 622 et
427 563 834 638 magnitudine
851 562 1138 618 idoneain
1158 565 1509 634 perpetuum
1531 575 1981 633 permansurum

2129 555 2480 633 ἐξωροτέροις
2529 552 3024 631 μνημονευόμενοι.
3084 559 3158 615 Τὰ
3186 559 3321 616 αὐτὰ
3366 557 3540 616 δὲκαὶ
3591 563 3627 630 ἠ
3673 560 3776 616 Νί-

349 662 417 712 Et
449 673 634 728 usque
666 656 735 710 ad
767 655 917 709 duos
958 671 1145 709 annos
1177 670 1244 708 ex
1274 669 1341 707 eo
1373 657 1636 724 tempore
1670 652 2004 721 frequentes

347 753 512 802 terra:
547 751 744 800 motus
795 745 1014 799 fiebant
1064 744 1207 797 adeo
1266 743 1532 814 ingentes
1594 745 1657 796 ut
1713 739 2004 810 ejusmodi

346 838 599 906 majores
631 839 772 889 natu
810 833 1051 888 minime
1085 832 1514 886 meminissent.
1547 830 1755 883 Eadem
1788 830 2005 883 damna

347 942 624 997 perpessa
664 929 748 978 est
797 923 1008 990 Micam,
1044 922 1100 975 in
1153 938 1268 992 qua
1297 920 1584 991 templum
1636 924 1848 972 sanctaa
1899 919 2002 972 So-

349 1015 498 1087 phiae
548 1013 808 1068 dicatum
859 1017 915 1065 et
967 1015 1303 1064 sanctorum
1367 1009 1600 1063 Palrum
1642 1007 1795 1064 658
1850 1008 2002 1062 aedes

347 1107 742 1174 conquassata
790 1105 950 1164 sunt,
985 1104 1039 1153 et
1086 1101 1238 1153 muri
1290 1115 1421 1152 cum
1466 1097 1674 1152 civium
1727 1096 2002 1152 domibus

344 1192 588 1263 collapsi
632 1195 789 1258 sunt,
821 1195 877 1244 et
923 1189 1046 1242 loca
1079 1205 1314 1259 quoque
1359 1187 1556 1241 Dromi
1609 1186 1841 1256 penitus
1873 1201 1999 1239 cor-

345 1285 606 1336 ruerunt.
635 1279 810 1333 Erant
843 1279 962 1332 haec
993 1283 1365 1349 peccatorum
1399 1279 1601 1330 exacta
1623 1275 1915 1346 supplicia
1945 1277 2002 1328 et

345 1387 588 1441 prorsus
637 1369 719 1422 ita
766 1367 982 1432 divina,
1017 1371 1074 1420 et
1105 1365 1432 1420 innuebant
1474 1365 1645 1419 modo
1679 1365 1843 1418 dictas
1897 1380 1997 1417 na-

342 1459 521 1514 tionis
577 1458 894 1513 adventum
948 1459 1004 1510 et
1063 1454 1414 1510 interitum:
1463 1455 1519 1508 in
1568 1454 1782 1508 divinis
1842 1453 1998 1508 enim

340 1547 627 1619 portentis
660 1563 774 1600 non
822 1549 1352 1617 praesenstantum
1389 1544 1487 1598 sed
1525 1542 1699 1598 etiam
1735 1543 1997 1597 futurum

341 1636 694 1708 praevidetur
724 1639 782 1689 et
816 1633 1325 1705 praesigniﬁcatur.

411 1743 562 1798 Maio
593 1757 828 1814 quoque
877 1756 1099 1807 mense,
1135 1744 1345 1812 quarta
1373 1737 1603 1794 decima
1652 1737 1993 1804 indictione,

336 1832 608 1904 apparuit
665 1831 879 1886 crinita
945 1828 1112 1884 stella
1169 1834 1299 1900 post
1361 1828 1543 1883 solem
1608 1828 1994 1895 occidentem,

2117 667 2242 702 καια
2294 647 2547 711 πέπονθεο
2609 649 2921 720 κατεσείσθη
2973 651 3078 725 γὰρ
3136 652 3224 706 καὶ
3283 652 3450 727 ταύτῃ
3494 652 3525 707 ὅ
3579 674 3638 707 τε
3689 652 3775 707 ἄπ’

2121 737 2345 810 ὀνόματι
2388 745 2489 807 τῆς
2536 738 2692 813 ἁγίας
2747 740 2952 818 Σοφίας
2982 741 3107 803 ναδς
3137 741 3226 795 καὶ
3255 742 3284 795 ὁ
3317 738 3611 816 λεγόμενος
3661 764 3768 797 των

2115 826 2277 902 ἁγίων
2333 827 2582 902 Πατὲρων
2630 829 2819 901 σηκὸς,
2870 830 3051 884 καὶτᾶ
3079 831 3240 906 τείχη
3276 829 3334 886 δὲ
3365 831 3457 886 σὺν
3498 838 3614 892 τοῖς
3661 853 3769 887 πο-

2115 915 2347 978 λιτικοῖς
2406 917 2669 990 οἰκήμασι
2721 920 3224 986 καταπεπτώκασιν,
3285 919 3374 976 ὅτε
3431 917 3497 990 δὴ
3558 921 3646 975 καὶ
3702 922 3772 976 τὰ

2112 1009 2208 1059 τοῦ
2263 1008 2474 1081 τρόμου
2541 1007 2806 1078 κατὲληξε
2851 1007 3058 1064 τέλεον.
3121 1012 3290 1065 Ἦσαν
3345 1008 3402 1064 δὲ
3456 1015 3620 1065 ταῦτα
3677 1012 3765 1065 καὶ

2111 1093 2388 1172 εἷ’σπραξις
2471 1097 2565 1170 μὲν
2641 1099 3052 1173 άμαγτημάτων
3130 1099 3223 1154 καὶ
3284 1097 3459 1175 χόλος
3516 1102 3659 1163 θεῖος
3719 1101 3768 1172 ἐξ

2112 1182 2365 1255 ἅπαντος,
2423 1186 2706 1259 ᾐνίττοιιτο
2747 1185 2804 1241 δὶ
2833 1187 2923 1241 καὶ
2981 1189 3078 1256 τήν
3137 1193 3234 1242 τοῦ
3293 1188 3546 1263 ῥηθέντος
3577 1184 3760 1250 ἔθνους

2111 1273 2387 1329 ἐπέλευσιν
2429 1276 2516 1330 καὶ
2561 1273 2875 1330 κατάλυσινο
2933 1275 2986 1331 ἐν
3034 1277 3133 1352 γὰρ
3180 1283 3299 1339 ταῖς
3349 1279 3670 1351 θεοσημίαις
3701 1278 3764 1332 ού

2108 1364 2172 1418 τὸ
2201 1364 2424 1426 ἐνεστὼς
2464 1365 2653 1437 μόνον,
2680 1364 2826 1421 ἀλλὰ
2853 1367 2942 1420 καὶ
2961 1367 3025 1421 τὸ
3061 1365 3266 1440 μέλλον
3298 1367 3754 1444 πρωτεθεώρηται

2108 1453 2195 1506 καὶ
2230 1474 2406 1529 προση
2420 1456 2689 1528 μαίνεται.

2179 1738 2284 1794 Καὶ
2334 1735 2498 1809 Μαΐῳ
2550 1735 2608 1792 δὲ
2656 1737 2786 1809 μηνὶ
2817 1743 2916 1806 τῆς
2951 1735 3014 1791 ιδ’
3068 1734 3413 1801 ΐνδικτιῶνος
3442 1738 3608 1817 ἐφάνη
3666 1761 3763 1795 κο-

2111 1828 2290 1898 μήτης
2339 1827 2566 1880 κατόπιν
2618 1831 2716 1881 τοῦ
2764 1824 2930 1896 ἠλίδυ
2957 1823 3234 1895 δύνοντος,
3293 1828 3355 1882 τὸ
3403 1829 3622 1904 μέγεθος
3678 1849 3764 1883 σε·

333 1923 481 1977 Ιιιῐιεε
517 1920 944 1992 magnitudine,
981 1920 1215 1990 quando
1250 1919 1376 1990 ipsa
1409 1917 1578 1988 plena
1609 1921 1697 1972 est
1731 1917 1981 1971 lumine:

2107 1913 2336 1986 ληναῖον
2393 1915 2593 1992 φέρων,
2673 1914 2762 1970 ὅτε
2819 1913 2926 1986 ἤδη
2986 1913 3306 1993 πλησιφαής
3356 1917 3602 1990 γένηται.
3659 1920 3760 1972 Καὶ

335 2029 466 2083 quae
495 2027 561 2066 eo
593 2016 850 2081 tempore
885 2010 1110 2063 fumum
1145 2009 1409 2062 emittere
1440 2012 1496 2060 et
1528 2005 1800 2062 nebulam
1835 2009 1990 2060 vide-

335 2101 527 2169 batur,
572 2105 629 2154 et
677 2097 1005 2169 insequenti
1059 2096 1151 2151 die
1201 2097 1374 2167 cmpit
1421 2097 1612 2150 crines
1663 2095 1989 2161 ostendere,

335 2190 435 2261 qui
477 2193 766 2259 quantum
819 2186 1342 2257 protendebantur,
1376 2189 1604 2240 tantum
1656 2183 1840 2238 stellae
1871 2201 1991 2237 ma-

335 2277 584 2350 gnitudo
617 2276 951 2342 deﬁciebat;
989 2275 1237 2329 immisit
1259 2277 1453 2328 autem
1478 2275 1672 2329 radios
1694 2273 1764 2328 ad
1789 2273 1991 2327 Orien-

331 2371 474 2433 tem,
506 2369 561 2420 et
589 2365 658 2418 ad
691 2381 815 2418 eam
867 2371 1086 2434 partem
1139 2361 1409 2432 progredi
1441 2361 1836 2432 quadraginta
1865 2358 1989 2414 die-

334 2455 444 2509 bus
478 2452 888 2523 perseveravit.

401 2561 629 2615 Mortuo
691 2575 821 2613 vero
883 2557 1215 2629 patriarcha
1273 2555 1678 2622 Constantino,
1727 2555 1987 2610 Joannes

329 2649 678 2712 monachus,
711 2653 1098 2719 cognomento
1141 2645 1474 2716 Xiphilinus
1507 2645 1808 2714 deligitur,
1842 2644 1984 2698 Tra-

330 2747 579 2809 pezunte
611 2749 808 2805 natus,
831 2737 921 2790 vir
970 2736 1206 2806 sapiens
1254 2741 1310 2789 et
1360 2733 1801 2789 eruditissimus
1840 2738 1896 2786 et
1927 2733 1988 2787 in

329 2828 504 2882 rebus
538 2825 796 2898 politicis
829 2831 1131 2896 spectatus
1164 2829 1219 2878 et
1250 2824 1522 2877 virtutem
1559 2822 1764 2877 sedulo
1799 2828 1985 2875 secta-

328 2921 446 2980 tus,
480 2917 623 2970 adeo
657 2920 721 2969 ut
767 2915 822 2968 in
871 2913 1157 2985 principio
1191 2913 1451 2967 florentis
1481 2911 1670 2966 aetatis
1701 2911 1985 2965 monasti-

328 3022 456 3059 cam
495 3002 1066 3058 administrationem
1112 3001 1436 3072 susceperit
1467 3006 1521 3054 et
1552 3001 1727 3054 vitam
1780 2999 1983 3054 solita-

329 3094 475 3147 riam
527 3093 736 3164 degere
789 3091 1112 3145 instituerit
1157 3097 1416 3160 tempore
1464 3089 1617 3143 haud
1667 3089 1874 3159 exiguo
1925 3089 1984 3142 in

330 3181 573 3254 Olympo
609 3185 803 3235 monte
837 3197 848 3233 :
883 3196 1059 3249 quare
1091 3196 1261 3233 nemo
1305 3183 1510 3249 praeter
1540 3179 1734 3250 ipsum
1768 3178 1982 3248 dignus

330 3271 655 3325 habebatur
684 3270 782 3340 qui
819 3269 890 3323 ad
941 3268 1122 3322 altum
1169 3266 1507 3338 patriarchae
1556 3267 1802 3337 gradum
1855 3282 1980 3336 per-

330 3361 662 3426 duceretur,
711 3358 946 3412 tametsi
997 3374 1276 3412 recusans
1326 3373 1391 3410 ac
1444 3357 1673 3426 fugiens
1723 3356 1792 3410 ad
1844 3371 1978 3409 eum

330 3449 609 3502 honorem
666 3445 1002 3516 compulsus
1050 3451 1152 3500 est.
1189 3446 1337 3508 Quin
1389 3445 1562 3499 etiam
1613 3445 1731 3497 vita
1783 3444 1981 3498 iuncto

327 3536 630 3591 Theodulo
694 3534 975 3605 Bulgaria:
1041 3534 1480 3604 archiepiscopo
1542 3533 1696 3588 659
1768 3531 1982 3601 delegit

326 3626 647 3695 imperator
693 3626 973 3678 Joannem
1018 3624 1356 3693 quemdam,
1408 3622 1757 3675 monachum
1814 3621 1980 3675 Lam-

325 3730 590 3785 pensem,
643 3713 743 3784 qui
800 3713 954 3767 idem
1014 3711 1440 3767 monasterium
1502 3727 1634 3765 cum
1684 3709 1980 3780 Xiphilino

323 3802 601 3858 coluerat.

394 3986 428 4036 A
464 3997 661 4036 mense
689 3986 882 4035 autem
908 3979 1142 4035 Octobri
1169 3980 1412 4033 morbus
1443 3977 1636 4049 gravis
1669 3976 1976 4048 imperato-

316 4087 439 4125 rem
473 4070 703 4134 invasit,
736 4071 832 4140 qui
869 4085 996 4123 eum
1048 4068 1305 4140 graviter
1353 4067 1651 4139 afﬂigebat
1686 4083 1874 4136 usque
1905 4068 1976 4121 ad

312 4161 719 4229 insequentem
755 4175 1018 4212 mensem
1053 4157 1290 4220 Maium,
1325 4175 1440 4227 quo
1472 4157 1668 4226 ipsum
1707 4155 1976 4228 proﬂiga-

313 4248 398 4303 vit
446 4255 502 4302 et
550 4249 665 4301 vita
714 4247 978 4318 privavit.
1017 4247 1152 4316 Ejus
1184 4264 1317 4301 vero
1366 4247 1658 4316 exsequias
1713 4263 1825 4300 non
1879 4245 1977 4299 ubi

315 4338 696 4408 exspectabat
725 4336 1028 4390 celebrata:
1076 4341 1236 4404 sunt,
1271 4338 1370 4391 sed
1423 4352 1522 4405 per
1575 4353 1732 4391 mare
1763 4336 1978 4390 ductus

312 4425 372 4480 in
406 4427 758 4489 monasterio
791 4425 976 4479 sancti
1023 4425 1265 4494 Nicolai,
1300 4426 1453 4495 quod
1489 4424 1837 4478 Molibotum
1873 4441 1975 4478 vo-

314 4521 505 4580 catur,
538 4515 691 4569 situs
741 4521 852 4569 est.
888 4514 1042 4568 Vixit
1081 4516 1136 4569 in
1187 4514 1433 4584 imperio
1483 4531 1670 4569 annos
1725 4519 1975 4584 septem,

316 4621 551 4658 menses
584 4621 702 4658 sex.
741 4605 922 4658 Fuere
962 4603 1075 4674 ipsi
1109 4603 1277 4658 liberi
1309 4620 1376 4657 ex
1410 4604 1660 4658 Eudocia
1694 4605 1974 4678 Augusta,

2110 2005 2266 2076 ἐῴκει
2313 2005 2406 2077 μὲν
2437 2008 2735 2074 τηνικαῦτα
2783 2003 3080 2077 ἐλπέμπιιν
3123 2007 3324 2060 καπνὸν
3365 2006 3456 2060 καὶ
3488 2005 3765 2081 ὁμίχλην,

2104 2095 2156 2148 ἐν
2217 2092 2274 2148 δὶ
2316 2093 2385 2164 τῇ
2451 2093 2676 2168 ἐπιούσῃ
2727 2091 2927 2167 ἤρξατο
2978 2091 3388 2170 παραδεικνύειν
3424 2096 3768 2172 βοστρύχους

2099 2185 2270 2254 τινας,
2333 2184 2421 2237 καὶ
2472 2183 2601 2237 ὅσον
2653 2181 2802 2237 οὗτοι
2853 2184 3268 2256 προετάννυντο,
3299 2185 3362 2238 τὸ
3407 2186 3629 2260 μέγεθος
3668 2189 3766 2239 τοῦ

2101 2273 2323 2346 ἀστέρος
2377 2270 2671 2346 ὗπὲληγεν.
2715 2273 2987 2328 Ἀπὲτεινε
3035 2269 3093 2327 δὲ
3121 2273 3216 2334 τὰς
3247 2274 3465 2335 ἀκτῖνας
3497 2273 3572 2335 ὡς
3625 2275 3765 2347 πρὸς

2098 2363 2298 2434 Ἐῴαν,
2353 2361 2442 2415 καὶ
2475 2362 2610 2434 πρὸς
2634 2359 2840 2430 ἐκείνην
2873 2362 3181 2436 προήχετο,
3229 2361 3320 2416 xui
3365 2362 3432 2432 ἧν
3462 2360 3766 2438 ἐπικρατῶν

2101 2449 2261 2526 ἄχρις
2292 2453 2512 2525 ἡμερῶν
2548 2471 2592 2504 ω
2615 2493 2625 2504 .

2174 2556 2571 2611 Κωνσταντίνου
2614 2553 2671 2610 δὲ
2715 2560 2813 2611 τοῦ
2865 2556 3212 2632 πατριάρχου
3261 2557 3515 2621 θανόντος
3571 2559 3762 2614 Ἰωάν-

2098 2667 2196 2716 νης
2252 2645 2495 2720 μοναχὸς
2558 2646 2584 2699 ὁ
2618 2644 2847 2714 ἐπίκλην
2889 2644 3180 2720 Ξιφιλῖνος
3212 2647 3643 2722 προχειρίζεται,
3701 2647 3762 2702 ἐκ

2095 2739 2498 2808 Τραπεζοῦντος
2560 2734 2656 2806 μὲν
2717 2735 3066 2809 ὁρμώμενος,
3128 2735 3261 2810 ἀνὴρ
3323 2732 3381 2790 δὲ
3440 2737 3606 2813 σοφὸς
3665 2736 3760 2791 καὶ

2097 2825 2232 2898 πρὸς
2265 2825 2426 2898 ἄκρον
2460 2820 2793 2884 παιδεύσεως
2841 2821 3135 2893 ἆληλακὼς
3164 2824 3260 2878 κάν
3287 2830 3403 2886 τοῖς
3435 2825 3751 2886 πολιτικοῖς

2095 2908 2458 2988 περίϐλεπτος
2527 2913 2767 2988 γεγονὼς
2823 2911 2912 2967 καὶ
2971 2913 3165 2988 ἀρετῆς
3225 2913 3503 2990 εὐφρόνως
3563 2913 3758 2987 ἐπιμε-

2097 3001 2384 3074 λούμενος,
2417 3001 2555 3056 ὥστε
2588 3000 2639 3056 ἰν
2684 3003 2832 3076 ἀρχῇ
2863 3008 2964 3070 τῆς
3021 3001 3316 3078 εὐημερίας
3363 3002 3452 3058 καὶ
3494 3009 3594 3072 τῆς
3626 3003 3758 3073 ἠλι-

2092 3092 2210 3153 κίας
2268 3091 2366 3160 τὴν
2432 3091 2740 3165 μοναχικὴν
2796 3089 3078 3145 πολιτείαν
3129 3090 3468 3155 ἀσπάσασθαι
3525 3093 3756 3148 καὶτῶν

2095 3180 2512 3255 ἀναχωρητικὸν
2561 3178 2775 3242 ἑλέσθαι
2839 3179 2954 3255 βίον
3017 3179 3220 3255 χρόνον
3281 3181 3381 3235 οὐκ
3439 3180 3526 3235 ἐπὶ
3564 3184 3760 3256 μικρὸν

2093 3270 2238 3343 παρὰ
2294 3271 2354 3322 τὸ
2407 3272 2504 3322 τοῦ
2554 3267 2839 3340 Ὀλύμπου
2897 3268 3044 3344 ὄρος.
3075 3270 3233 3326 “Οθεν
3264 3269 3355 3325 καὶ
3389 3267 3567 3332 οὐδεὶς
3604 3271 3758 3341 αξιυς

2091 3357 2238 3427 πλὴν
2308 3358 2471 3412 αὐτοῦ
2539 3357 2819 3430 ἐνομίζετο
2877 3358 3013 3432 πρὸς
3072 3358 3163 3413 τὸν
3221 3357 3434 3432 ὑψηλὸν
3493 3364 3590 3414 τοῦ
3648 3382 3757 3416 nu-

2089 3450 2357 3524 τριάρχου
2411 3448 2652 3523 βαθμὸν,
2705 3447 2748 3500 εὶ
2800 3447 2889 3501 καὶ
2940 3447 3344 3520 ἀπαναιόμενος
3396 3448 3485 3503 xui
3539 3449 3752 3526 φεύγων

2090 3535 2332 3611 ἰδιώχθη
2367 3537 2501 3610 πρὸς
2556 3538 2654 3602 τῆς
2708 3537 2898 3608 τιμῆς.
2959 3534 3136 3591 Ἀλλὰ
3171 3536 3279 3608 μὴν
3313 3538 3400 3592 xui
3437 3535 3754 3592 Θεοδούλου

2088 3629 2184 3678 τοῦ
2229 3621 2571 3697 Βευλγαρίας
2603 3622 2906 3698 ἀρχιερέως
2937 3625 3299 3696 κοιμηθὲντος
3339 3624 3750 3700 προχειρίζεται

2091 3715 2118 3768 ὁ
2181 3712 2450 3788 βασιλεὼς
2519 3711 2772 3782 Ἰωάννην
2825 3712 2948 3767 τινὰ
2983 3713 3228 3788 μοναχὸν
3291 3711 3351 3769 ἐκ
3379 3721 3480 3784 τῆς
3513 3715 3752 3788 Λάμπης

2094 3804 2186 3875 μὲν
2246 3801 2601 3876 ὡρμημένον,
2662 3802 3002 3872 συνασκητήν
3061 3800 3118 3856 δὲ
3171 3802 3260 3857 xui
3320 3803 3601 3877 σύμπονον
3655 3809 3752 3858 τοῦ

2087 3890 2404 3966 Ξιφιλίνου.

2160 3981 2296 4034 Ἀπὸ
2356 3977 2412 4034 δὲ
2469 3978 2641 4050 μηνὸς
2698 3973 3040 4054 Ὀκτωϐρίου
3089 3979 3246 4044 νόσος
3305 3980 3612 4054 ἐνσκήψασα
3664 3984 3748 4053 τῷ

2093 4067 2308 4145 βασιλεῖ
2361 4068 2683 4143 κατέτρεχεν
2737 4068 2896 4122 αὐτὸν
2951 4066 3144 4133 δεινῶς
3187 4067 3320 4146 ἄχρι
3372 4074 3468 4124 τού
3497 4069 3748 4130 ἐπιόντος

2089 4158 2269 4215 Μαίου
2327 4157 2521 4230 μηνός·
2572 4157 2623 4211 ἐν
2685 4158 2834 4229 αὐτῷ
2884 4154 2940 4211 δὲ
2968 4162 3159 4212 τοῦτον
3205 4157 3597 4233 γατειργάσατο
3656 4158 3750 4212 xui

2086 4255 2185 4316 τῆς
2235 4246 2469 4308 ἰντεῦθεν
2521 4251 2664 4314 ζωῆς
2719 4245 3018 4321 ἀπήγαγεν.
3071 4252 3131 4302 Ἡ
3162 4243 3219 4300 δὲ
3268 4247 3389 4301 ὁσία
3418 4248 3614 4301 τούτου
3647 4247 3751 4302 οὐκ

2087 4333 2211 4399 ἔνθα
2246 4333 2614 4410 προσεδόκησε
2661 4336 2898 4410 γέγονεν,
2930 4337 3014 4407 [Ρ.
3061 4338 3188 4409 818]
3233 4333 3380 4390 ἀλλά
3427 4334 3749 4398 διαπόντιος

2088 4425 2276 4498 ἀχθεὶς
2335 4423 2384 4478 ἓν
2443 4428 2512 4497 τῇ
2549 4427 2690 4496 μονῇ
2721 4429 2821 4478 τοῦ
2860 4424 3019 4499 ἁγίου
3052 4424 3330 4481 Νικολάου
3360 4423 3675 4498 ὲναπετέθη,
3709 4427 3745 4496 ἢ

2084 4512 2331 4568 καλεῖται
2380 4507 2706 4568 Μολιϐωτόν
2747 4513 2947 4582 Ἔζησε
2995 4510 3053 4567 δὲ
3096 4513 3149 4567 ἐν
3196 4517 3265 4586 τῇ
3319 4511 3562 4588 βασιλίδι
3613 4515 3750 4589 χρό-

2085 4623 2212 4663 νους
2247 4603 2289 4670 ζ’
2337 4602 2426 4655 καὶ
2463 4608 2633 4673 μῆνας
2669 4598 2743 4670 ἓξ.
2777 4603 2945 4657 Ἦσαν
2996 4599 3054 4657 δὲ
3097 4603 3246 4672 αὐτῷ
3294 4599 3486 4664 παῖδες
3535 4603 3588 4674 ἐξ
3639 4603 3746 4660 Εὖ-

311 4710 489 4766 quam
515 4693 707 4748 adhuc
742 4693 1004 4764 privatus
1037 4693 1285 4747 duxerat
1317 4709 1576 4754 uxorem,
1610 4709 1803 4746 ma'es
1837 4697 1973 4748 tres.

2097 4668 2270 4752 δοκίας
2315 4697 2416 4759 τῆς
2464 4668 2774 4764 βασιλίδος,
2808 4691 2870 4758 ἣν
2922 4686 2998 4744 ἔτι
3035 4668 3330 4745 ἰδιωτεύων
3362 4668 3602 4767 ἠγάγετο
3644 4692 3743 4769 ap-

304 4783 572 4852 Michael,
599 4783 963 4837 Andronicus
994 4787 1050 4836 et
1089 4782 1532 4852 Constantinus.
1577 4785 1796 4835 Horum
1834 4798 1964 4852 por-

306 4873 729 4946 phyrogenitus
775 4878 902 4927 erat
933 4872 1374 4933 Constantinus,
1407 4886 1730 4940 omnesque
1779 4871 1964 4941 impe-

307 4966 528 5016 ratores
588 4961 925 5016 declaravit.
993 4961 1239 5014 Feminas
1300 4965 1497 5014 autem
1558 4965 1706 5026 tres,
1775 4966 1961 5027 Anna,

305 5050 612 5104 Theodora
642 5057 697 5105 et
726 5053 854 5104 Zoe.
896 5050 964 5103 Et
1009 5065 1142 5104 cum
1176 5050 1460 5103 Caesarem
1496 5065 1670 5102 suum
1724 5049 1961 5104 fratrem

303 5140 586 5192 Joannem
636 5138 970 5210 delegisset,
1007 5137 1232 5194 socium
1285 5154 1632 5192 arcanorum
1685 5137 1961 5193 consilio-

309 5241 440 5280 rum
489 5231 544 5280 et
587 5226 1077 5282 deliberationum
1124 5227 1348 5282 ascivit.
1383 5231 1523 5280 Cum
1577 5228 1732 5282 diem
1784 5245 1959 5282 suum

307 5314 576 5370 obiturus
607 5322 780 5385 esset,
805 5319 877 5372 ab
923 5318 1201 5372 omnibus
1249 5317 1642 5389 syngrapham
1680 5317 1864 5388 petiit,
1901 5319 1959 5373 in

305 5419 419 5474 quo
448 5402 862 5474 pollicerentur
889 5423 1194 5477 nunquam
1220 5423 1283 5461 se
1306 5413 1515 5477 praeter
1536 5407 1724 5476 ipsius
1746 5407 1960 5463 liberos

303 5492 485 5546 alium
511 5492 924 5563 imperatorem
951 5502 1331 5566 susceptnros
1356 5514 1367 5550 :
1394 5501 1449 5550 et
1469 5512 1674 5550 omnes
1703 5496 1959 5551 subscri-

301 5597 488 5652 psere.
524 5581 674 5644 Quin
723 5582 901 5636 etiam
954 5584 1296 5654 imperatrix
1347 5585 1600 5639 Eudocia
1651 5601 1956 5656 nunquam

301 5669 372 5724 ad
425 5669 672 5722 alterum
724 5670 1064 5739 conjugium
1117 5689 1180 5727 se
1227 5673 1608 5727 transituram
1661 5675 1955 5744 promisit.

301 5758 741 5832 Perfectamque
788 5758 976 5830 ipsum
1014 5763 1410 5834 syngrapham
1445 5762 1788 5836 patriarchas
1831 5781 1955 5822 ser-

2078 4781 2224 4856 ῥενες
2279 4780 2374 4852 μὶν
2423 4785 2592 4854 τρεῖς,
2642 4778 2899 4854 Μιχαὴλ,
2954 4776 3299 4853 Ἀνδρόνικος
3338 4781 3426 4835 καὶ
3462 4785 3742 4837 Κωνσταν-

2072 4875 2224 4930 τῖνος
2267 4867 2496 4937 (τούτων
2560 4869 3075 4944 πορφυρογὲννητος
3117 4869 3184 4937 ἦν
3233 4871 3260 4924 ὁ
3311 4875 3738 4939 Κωοσναντῖνος,

2075 4961 2275 5020 πάντας
2329 4955 2385 5012 δὶ
2441 4955 2686 5032 βασιλεῖς
2735 4957 3125 5031 ἀνηγόρευσε)·
3187 4956 3406 5028 θήλειαι
3453 4957 3511 5014 δὲ
3569 4965 3741 5035 τρεῖς,

2074 5055 2239 5105 "Avvu
2267 5069 2325 5101 τε
2355 5048 2447 5101 καὶ
2476 5043 2752 5121 Θεοδώρα,
2801 5046 2891 5101 xui
2941 5049 3086 5117 Ζωή.
3121 5047 3362 5122 Καίσαρα
3404 5046 3462 5104 δὲ
3503 5049 3594 5103 τὸν
3641 5049 3710 5103 αὖ

2071 5140 2169 5190 τοῦ
2202 5132 2433 5212 ἀδελφὸν
2468 5133 2725 5204 Ἰωάννην
2778 5133 3274 5208 προχειρισάμενὸς
3307 5135 3565 5190 κοινωνὸν
3603 5136 3734 5210 βου-

2075 5221 2360 5297 λευμάτων
2445 5220 2842 5298 μυστηριωδῶν
2922 5223 3011 5276 xui
3090 5223 3421 5296 σκεμμάτων
3499 5224 3726 5288 ἐτίθετο.

2074 5311 2314 5372 Μέλλων
2376 5311 2432 5366 δε
2478 5311 2732 5382 τελευτᾷν
2764 5308 3034 5387 ἔγγραφον
3080 5312 3357 5385 ἀπῄτησεν
3393 5314 3452 5368 ix
3509 5315 3729 5368 πάντων

2074 5404 2148 5464 ὡς
2205 5403 2305 5457 οὒκ
2354 5399 2414 5456 ἄν
2463 5421 2595 5455 ποτε
2640 5401 2788 5474 παρὰ
2841 5401 2969 5464 τοὺς
3027 5403 3195 5456 αὐτοῦ
3249 5401 3448 5466 παῖδας
3502 5401 3731 5479 βασιλέα

2071 5489 2254 5568 ἕτερον
2331 5487 2602 5559 δέξαιντο·
2695 5488 2746 5544 ἐν
2836 5490 2882 5560 ᾦ
2967 5492 3390 5566 καθυπὲγραψαν
3472 5494 3726 5559 ἄπανυις,

2073 5583 2186 5653 ἅμα
2233 5581 2338 5653 μὴν
2378 5577 2467 5632 καὶ
2502 5579 2534 5647 ἡ
2574 5577 2793 5652 βασιλὶς
2829 5576 3066 5656 Εὐδοκμ
3098 5581 3172 5641 ὡς
3206 5582 3309 5635 οὐκ
3338 5579 3396 5635 ἂν
3432 5579 3557 5635 οὐδὲ
3589 5579 3726 5647 αὐτὴ

2070 5672 2206 5747 πρὸς
2269 5667 2517 5741 δεύτερον
2588 5666 2875 5735 ἐλεύσηται
2927 5669 3280 5736 συνοικέσιον,
3347 5671 3438 5724 καὶ
3497 5669 3727 5746 ἀπαρτι-

2071 5761 2191 5817 σθὲν
2242 5763 2321 5832 τῷ
2377 5753 2696 5834 πατριάρχῃ
2748 5755 3035 5837 φυλάττειν
3093 5757 3409 5818 δεδώκασιν.
3445 5765 3604 5826 Ὅθεν
3637 5759 3729 5816 καὶ
