4122 6468
312 433 428 494 389
1831 424 2203 488 HISTORIA
2219 472 2232 486 .
3619 433 3740 494 390

316 562 462 640 παρᾶ
504 565 570 635 τῇ
613 561 830 636 γυναικὶ
886 561 978 617 καὶ
1035 559 1278 638 βασιλίδι
1336 564 1404 618 τὰ
1449 562 1622 617 πάντα
1677 559 1944 628 πεποίηκε

2105 559 2332 614 randam
2384 561 2697 617 tradidere.
2751 561 2938 626 Quare
2995 568 3052 618 et
3101 563 3242 617 dum
3301 580 3445 619 uxor
3491 570 3549 620 et
3594 566 3733 622 dum

327 651 733 732 σωφρονεστάτη
793 672 853 706 τε
912 653 1253 727 νομιζομένῃ
1313 648 1502 725 τάνδρὶ
1549 651 1639 706 καὶ
1698 645 1951 722 παιδοτρι

2114 651 2357 722 tugusta
2387 651 2516 720 fuit,
2549 653 2747 708 omnia
2775 653 2855 708 ita
2906 653 3041 709 fecit
3073 659 3136 708 ut
3165 659 3222 708 et
3251 655 3372 710 viro
3405 657 3742 713 castissima

325 742 482 813 ϐῆναι
557 736 922 818 ἀκριϐεστάτη
977 741 1067 796 καὶ
1126 742 1262 816 πρὸς
1323 743 1386 796 τὸ
1433 742 1501 796 τὰ
1547 739 1700 795 κοινὰ
1758 736 1953 793 διοικεῖ

2112 746 2147 796 :t
2177 742 2234 796 in
2276 743 2658 800 instituendis
2707 745 2909 800 liberis
2957 745 3416 817 diligentissima
3464 754 3520 803 et
3547 749 3607 803 in
3640 751 3740 805 ad-

317 835 645 906 ἱκανωτάτη.
699 829 947 900 Τελευτᾷ
978 828 1036 885 δὲ
1064 830 1155 886 καὶ
1188 831 1216 885 ὁ
1269 829 1526 906 βασιλεὺς
1566 829 1698 884 ἐτῶν
1735 824 1807 881 ὣν
1859 826 1945 896 ἐξή

2091 831 2484 889 ministranda
2517 835 2811 904 republica
2862 836 3114 889 maxime
3159 835 3371 891 idonea
3403 837 3719 893 haberetur

310 943 479 976 κοντα
535 920 627 974 καὶ
687 919 883 994 μικρόν
946 941 998 974 τι
1059 921 1214 994 πρός.
1277 917 1496 977 Ε’ἰθιστο
1551 916 1608 973 δὲ
1639 917 1818 992 λέγειν
1854 933 1938 987 περ

2114 921 2336 975 doritur
2379 924 2696 994 imperator
2744 940 2929 978 annos
2961 925 3116 979 666
3149 930 3320 979 natus
3352 928 3654 998 sexaginta
3684 933 3742 982 et

313 1018 420 1066 τῶν
467 1005 947 1065 ίπιϐουλευόντων
979 1008 1126 1080 αὐτῷ
1179 1010 1255 1072 ὡς
1301 1015 1469 1081 τιμῆς
1505 1008 1597 1080 μὲν
1630 1007 1717 1061 καὶ
1752 1008 1941 1081 χρημάί

2113 1009 2266 1063 iaulo
2319 1009 2593 1080 amplius.
2641 1011 3036 1066 Consueverat
3085 1018 3276 1067 autem
3312 1013 3505 1068 dicere
3554 1015 3626 1068 de
3669 1014 3741 1069 iis

316 1123 424 1155 των
457 1100 553 1154 οὐκ
580 1099 945 1173 ἀποστερήσει
983 1098 1230 1166 τούτους,
1285 1097 1398 1152 ἀντ’
1448 1095 1745 1171 ἐλευθέρων
1800 1092 1857 1148 δὲ
1902 1095 1944 1147 ὡ

2114 1098 2185 1166 [υἱ
2218 1097 2329 1152 sibi
2364 1099 2804 1164 insidiarentur,
2841 1117 2902 1154 se
2934 1101 3153 1156 honore
3183 1107 3240 1157 et
3273 1103 3535 1172 pecuniis
3561 1104 3742 1158 haud-

319 1190 718 1266 ἀργυρωνήτων
781 1187 1081 1262 ἰχρήσατο·
1131 1211 1158 1239 ‹‹
1219 1186 1557 1264 Ἀφειλόμην
1597 1183 1656 1240 δὲ
1709 1183 1808 1238 οὐκ
1867 1182 1947 1258 ὲγι

2113 1203 2383 1256 [uaquam
2415 1203 2512 1241 eos
2548 1188 2935 1259 privaturum,
2969 1190 3070 1244 sed
3107 1196 3170 1244 ut
3225 1191 3472 1262 captivis
3501 1197 3741 1261 argento

316 1281 417 1347 τήν
491 1275 800 1350 ἐλευθερίαν
881 1274 1098 1342 αὐτοὺς,
1157 1271 1284 1329 ἀλλ’
1344 1275 1396 1328 οἱ
1446 1272 1608 1346 νόμοι
1667 1270 1944 1326 ἐκπτώτω

2114 1277 2294 1346 ηηιριὶε
2329 1293 2598 1342 usurum,
2635 1295 2748 1333 non
2784 1285 2980 1333 autem
3009 1295 3109 1334 eos
3133 1286 3194 1334 ut
3229 1279 3440 1336 liberos
3472 1282 3742 1337 homines

310 1373 412 1434 τῆς
461 1364 747 1427 πολιτείας
795 1367 1142 1435 ποιήσαντες.
1177 1388 1204 1414 ››
1250 1368 1380 1426 Τοῖς
1431 1360 1488 1417 δὲ
1537 1361 1721 1436 λόγοις
1769 1359 1938 1435 ἐξόχω

2117 1365 2427 1420 ιᾶὒὶῐυῐδυω
2465 1384 2476 1420 :
2513 1390 2539 1415 ‹‹
2574 1367 2778 1422 Ademi
2813 1373 3034 1433 autem,
3068 1367 3282 1439 aiebat,
3317 1387 3430 1425 non
3465 1387 3571 1442 ego
3601 1371 3745 1442 ipsis

307 1455 736 1533 προσκείμενος,
771 1477 798 1505 α
829 1447 1314 1532 *Οφελον,ἕλεγεν,
1348 1451 1408 1507 ἑκ
1435 1451 1640 1507 τούτων
1669 1451 1703 1520 ἢ
1735 1453 1834 1515 τῆς
1874 1450 1935 1525 βα

2116 1454 2438 1523 ibertatem,
2472 1457 2574 1511 sed
2607 1455 2789 1527 leges,
2836 1474 2960 1527 quae
2987 1459 3120 1526 jure
3170 1457 3421 1514 civitatis
3448 1459 3612 1530 ipsos
3643 1478 3744 1515 ex-

307 1547 521 1610 σιλείας
564 1543 964 1620 ἒῃωριζὸμην,
1013 1566 1042 1595 ››
1093 1548 1344 1605 Γενναῖος
1397 1539 1456 1596 δὶ
1502 1540 1577 1596 ὥν
1632 1541 1734 1608 τήν
1787 1539 1935 1614 ψυχή

2111 1541 2275 1598 ridere
2307 1544 2586 1599 fecerunt.
2621 1567 2647 1594 »
2680 1545 3023 1616 Disciplinis
3072 1546 3282 1602 eximie
3333 1548 3590 1616 deditus,
3624 1548 3739 1604 aie-

307 1638 446 1712 πρός
499 1655 629 1688 τινα
679 1633 936 1707 εἳρηκότα
983 1632 1059 1694 ὡς
1110 1631 1270 1693 αὐτὸς
1318 1630 1378 1686 ἂν
1428 1628 1604 1702 ἠδέως
1657 1628 1935 1704 μαχόμενα

2111 1638 2204 1697 μοι,
2263 1655 2282 1681 α
2344 1632 2576 1688 Utinam
2611 1651 2681 1690 ex
2710 1633 2784 1689 iis
2807 1635 3001 1705 potius
3034 1651 3208 1706 quam
3234 1653 3301 1690 ex
3329 1637 3574 1707 imperio
3605 1655 3739 1710 cog-

309 1726 519 1782 ἐκείνου
567 1726 632 1779 τὸ
685 1721 822 1778 ἴδιον
873 1727 1031 1795 σῶμα
1071 1716 1434 1794 προϐάλοιτο,
1467 1744 1494 1772 ‹‹
1531 1718 1804 1797 Εὐφήμει,
1838 1719 1937 1774 εἶπε

2115 1737 2376 1776 ιΟΒΟΘΓΘΓ.
2414 1744 2440 1771 ››
2473 1723 2736 1794 Cumque
2767 1722 2881 1777 alto
2933 1724 3131 1777 animo
3163 1730 3340 1790 esset,
3373 1725 3607 1780 cuidam
3642 1725 3743 1797 qui

309 1817 398 1870 καὶ
460 1814 508 1869 εἰ
576 1811 812 1889 βούλοιό
867 1832 929 1887 γε
1003 1810 1222 1865 πεσόντι
1275 1809 1555 1884 ἐπενεγκαι
1605 1807 1827 1883 πληγὴν
1885 1829 1937 1861 κο

2117 1809 2196 1865 ibi
2229 1811 2455 1866 dixerat
2489 1827 2550 1866 se
2583 1810 2836 1866 libenter
2879 1817 3241 1883 pugnantem
3278 1814 3580 1884 proprium
3614 1831 3745 1869 oor-

311 1905 494 1966 αύτός.
529 1928 559 1955 ››
597 1904 743 1974 Πρὸς
773 1899 830 1956 δὲ
859 1902 949 1955 τὸν
995 1899 1122 1964 τοὺς
1168 1899 1371 1972 νόμους
1399 1893 1852 1974 ἐξακριϐούμενον
1885 1896 1939 1951 ἔτι

2115 1916 2198 1954 ιιιε
2233 1917 2334 1971 pro
2364 1899 2464 1955 illo
2491 1899 2854 1966 oblaturum,
2885 1923 2912 1950 «
2944 1899 3202 1969 Meliora,
3236 1900 3450 1971 inquit,
3486 1902 3743 1974 loquere,

313 1947 494 1966 “'W"
529 1947 558 1955 "
597 1947 741 1974 “t""
776 1947 830 1956 "
869 1947 944 1955 "'
1006 1947 1122 1964 *τ’*
1179 1947 1370 1972 ’τι-*⁷⁷*
1400 1947 1844 1974 ἐυτ’-Τ-νννι--νν-
1889 1947 1929 1951 ν-

309 2000 388 2067 τῷ
421 1991 723 2068 βούλεσθαι
750 1988 979 2061 ἀδικεῖν,
1018 2016 1038 2040 ι
1075 1988 1256 2061 Οὗτοι,
1289 1986 1506 2066 ἔφησεν,
1535 1988 1587 2042 οἱ
1630 1987 1795 2060 νόμοι
1826 1988 1937 2060 mra

2115 1947 2197 1954 ""
2233 1947 2331 1971 1""
2365 1947 2461 1955 "“'
2494 1947 2854 1966 """"_""’"
2890 1947 2910 1950 ”
2944 1947 3202 1969 “"""""7
3236 1947 3450 1971 ""1"",
3486 1947 3743 1974 'V‘l“"""’

2115 2005 2155 2043 .c
2185 1990 2233 2044 si
2269 2006 2360 2044 me
2393 1989 2626 2060 lapsum
2657 1989 2897 2056 videris,
2931 1991 3180 2061 ipsemet
3210 1991 3354 2045 mihi
3390 1991 3622 2063 plagam
3654 1992 3743 2047 in-

320 2082 729 2139 ἀπολωλέκασι.
769 2105 799 2133 ››
1557 2152 1564 2160 ι

2119 2094 2191 2133 er.
2227 2100 2256 2128 »
2289 2080 2366 2133 Ad
2401 2095 2536 2134 eum
2569 2079 2671 2150 qui
2704 2079 2970 2135 studiose
3000 2079 3159 2152 leges
3205 2080 3545 2151 inquirebat
3573 2099 3747 2154 prop-

2087 2172 2246 2224 terea
2277 2169 2431 2240 quod
2463 2185 2696 2240 peccare
2726 2175 2986 2242 cuperet,
3019 2171 3191 2239 dixit,
3223 2194 3250 2221 «
3287 2175 3416 2227 Istae
3449 2189 3554 2228 nos
3588 2172 3748 2245 leges

2090 2258 2421 2329 perdidere.
2457 2281 2487 2309 »

403 2377 677 2452 Κατὲσχω
716 2373 770 2432 δὶ
831 2375 897 2431 τὰ
947 2392 1199 2448 σκηπτρα
1243 2376 1343 2439 τῆς
1402 2362 1744 2455 βασιλείαςῆ
1776 2383 1834 2417 τε
1880 2362 1973 2416 σύ-

2160 2381 2476 2437 Obtinuere
2509 2386 2704 2437 autem
2729 2382 2957 2453 imperii
2983 2388 3213 2454 sceptra
3243 2387 3299 2437 et
3321 2383 3536 2454 conjux
3559 2384 3746 2455 ipsius

331 2477 491 2543 ζυγος
524 2467 682 2521 αὐτοῦ
733 2465 824 2520 καὶ
876 2466 929 2519 o't
975 2460 1188 2524 παῖδες.
1219 2461 1286 2517 Ol.
1330 2455 1388 2512 δὲ
1439 2457 1539 2524 τὴν
1589 2454 1764 2526 Ἑῴαν
1814 2472 1959 2506 κατα·

2125 2471 2361 2525 tliberi.
2397 2471 2568 2525 Turci
2602 2487 2732 2526 vero
2782 2471 3035 2526 Orientis
3070 2471 3365 2542 regionem
3403 2454 3747 2543 percurren-

324 2559 611 2632 τρέχοντες
655 2559 889 2630 Τοῦρκοι
937 2550 1104 2608 πάλιν
1161 2554 1277 2610 τοῖς
1325 2545 1450 2621 περὶ
1495 2545 1594 2612 τὴν
1657 2545 1948 2599 Μεσοποτα

2117 2575 2174 2613 es
2205 2576 2412 2614 rursus
2442 2576 2540 2614 eas
2572 2561 2966 2615 Romanorum
2991 2560 3185 2631 cOpias
3217 2577 3344 2630 qua?
3375 2561 3445 2614 ad
3480 2564 3745 2633 Mesopo-

497 2629 820 2720 ἐφήδρευον,
870 2643 961 2697 καὶ
1019 2639 1259 2714 μάλιστα
1306 2641 1424 2691 τοῖς·
1471 2632 1596 2709 περὶ
1657 2629 1955 2720 Μελιτηνήη

2116 2649 2328 2702 amiam
2362 2653 2548 2716 erant,
2583 2649 2683 2704 sed
2720 2647 2970 2703 maxime
3015 2665 3112 2703 eas
3148 2665 3274 2719 quae
3307 2651 3377 2704 ad
3415 2648 3741 2705 Melitenam

325 2733 910 2810 ἐστρατοπεδευμένοις
971 2732 1302 2802 Ῥωμαϊκοῖς
1347 2723 1763 2800 στρατεύμασιν,
1823 2718 1953 2793 οτίπεέ

2115 2743 2282 2791 :astra
2349 2743 2684 2808 posuerant,
2747 2738 3136 2805 obsidebant;
3196 2755 3319 2806 quae
3378 2743 3743 2794 commeatus

319 2831 414 2880 τοῦ
466 2825 795 2898 ὀψωενισμοῦ
853 2819 1194 2890 ἐνδεήσαντες
1246 2815 1335 2872 καὶ
1395 2817 1502 2868 τῶν
1563 2812 1809 2899 συνήθως
1849 2829 1947 2884 παρ

2113 2826 2436 2894 ndigentes,
2470 2831 2526 2880 et
2557 2826 2628 2880 iis
2681 2827 2830 2881 cibis
2860 2827 2959 2897 qui
2997 2827 3109 2880 sibi
3162 2827 3497 2896 frequenter
3526 2844 3741 2899 suppe-

319 2897 604 2991 εχομὲνων
640 2913 828 2973 αὐτοῖς
860 2910 1180 2984 σιτηρισίων
1219 2903 1563 2979 περθόμενοι
1590 2897 1792 2991 Δἐνδειῖις
1818 2901 1947 2991 -εἷχο

2121 2913 2260 2968 .itari
2293 2921 2717 2970 consueverant
2761 2916 2991 2986 privati,
3027 2916 3225 2986 inopia
3257 2915 3749 2971 conﬂictabantur

323 2985 406 3060 καὶ
426 2985 744 3068 ταπεινῶς,
777 3002 914 3075 πρὸς
962 2999 1183 3059 τούτοις
1232 2993 1289 3050 δὲ
1336 2993 1424 3048 καὶ
1465 2987 1701 3066 ὀργίλως
1751 2985 1841 3042 διὰ
1876 2989 1944 3056 τή

2112 3017 2156 3054 ιο
2186 3001 2397 3055 misere
2445 2985 2775 3073 degebant;
2805 3003 2887 3056 Ad
2924 3001 3044 3056 hzec
3097 2985 3229 3056 irati
3262 3003 3334 3056 ob
3386 3018 3582 3056 rerum
3617 3003 3740 3057 ino-

319 3090 548 3161 ἔνδειαν,
595 3093 691 3146 καὶ
757 3091 834 3163 μὴ
889 3093 1008 3152 τοῖς
1085 3083 1344 3160 ῗθαγενὲσι
1401 3080 1723 3156 σρατιώταις
1784 3075 1947 3150 βούλε

2115 3089 2246 3145 tiam
2277 3107 2411 3144 cum
2444 3091 2735 3161 indigenis
2771 3089 3058 3145 militibus
3089 3090 3368 3159 conjungi
3403 3106 3468 3144 ac
3499 3090 3743 3146 ﬂuvium

319 3187 437 3239 σθαι
472 3179 763 3244 συνελθεῖν
796 3181 882 3233 καὶ
934 3177 1026 3232 τὸν
1079 3173 1366 3252 Εὐφράτην
1400 3169 1492 3224 σὺν
1525 3169 1710 3229 αὑτοῖς
1743 3165 1947 3239 περαιώ

2111 3179 2437 3250 Euphratem
2471 3195 2602 3246 cum
2634 3180 2780 3251 ipsis
2809 3179 3061 3234 transire
3092 3178 3386 3233 nolebant.
3422 3180 3739 3234 Advenien-

321 3275 528 3328 σασθαι.
591 3267 1012 3345 Ἐπερχομὲνων
1066 3265 1155 3318 οὗν
1209 3266 1317 3317 τῶν
1372 3257 1655 3333 Τούρκων,
1717 3255 1874 3376 μόζοι
1924 3275 1949 3308 ο

323 3369 369 3376 --
400 3362 421 3376 ς
609 3360 623 3376 ι
671 3359 685 3376 9
867 3356 876 3370 ν
1048 3353 1162 3376 η---
1215 3352 1389 3376 -.)-ν,-.
1437 3346 1687 3376 -.ῑ....-π.-
1720 3365 1790 3376 η..
1868 3347 1945 3376 -;τι

2115 3267 2247 3322 ibus
2277 3267 2460 3340 igitur
2490 3267 2717 3333 Turcis,
2771 3285 2902 3322 cum
2937 3267 3044 3322 soli
3095 3266 3350 3322 Meliteni
3385 3266 3743 3323 restitissent

322 3360 625 3431 Μελιτηνοὶ
659 3344 1000 3416 ἀντιστάντες
1043 3353 1168 3428 ἄτερ
1210 3352 1390 3406 αὐτῶν
1435 3346 1687 3422 εὐμαρῶς
1720 3344 1823 3399 ὑπὸ
1868 3347 1946 3398 τῶ

2109 3359 2216 3413 sine
2262 3359 2428 3430 ipsis,
2486 3359 2652 3414 facile
2700 3377 2730 3413 ιι
2785 3360 3054 3413 Barbaris
3104 3357 3303 3430 procul
3339 3357 3737 3426 iaculantibus

326 3446 628 3526 Βαρϐάρων
681 3448 758 3508 ὡς
835 3439 1119 3514 ἑκηϐόλων
1189 3437 1549 3526 ἐλυμαίνοντο
1608 3435 1697 3526 iui
1763 3455 1944 3526 κατετι

2115 3448 2452 3503 radebantur
2490 3457 2541 3502 et
2589 3447 2832 3501 vulnera
2881 3446 3268 3518 accipiebant,
3302 3447 3449 3501 661
3488 3463 3619 3500 cum
3655 3447 3743 3502 illi

318 3543 660 3615 τρὼσκοντο,
722 3536 941 3589 ἀπαθῶν
992 3533 1171 3586 αὐτῶν
1232 3525 1622 3600 διαμενόντων,
1671 3520 1774 3585 ἕως
1821 3524 1946 3597 ἀναγ

2111 3538 2233 3593 nihil
2280 3537 2616 3592 detrimenti
2669 3537 3016 3608 acciperent,
3069 3540 3255 3606 temoad
3309 3537 3494 3592 coacti
3527 3538 3598 3592 ad
3633 3537 3739 3592 ﬂu-

318 3610 606 3687 κασθὲντες
653 3628 741 3699 [Ρ.
773 3625 901 3696 819]
949 3621 1028 3684 εἰς
1080 3621 1172 3674 τὸν
1231 3616 1477 3688 ποταμόν
1522 3634 1581 3668 τε
1636 3610 1828 3690 ἔφυγον
1887 3634 1946 3666 κα

2111 3628 2247 3682 rium
2297 3628 2592 3699 fugerunt,
2627 3630 2683 3681 et
2731 3627 2799 3680 ad
2853 3626 3238 3698 pugnandum
3289 3627 3605 3682 constitere
3656 3625 3739 3681 vel

326 3718 471 3793 πρὸς
509 3715 688 3788 μάχην
740 3713 830 3766 καὶ
890 3708 1111 3766 ἄκοντες
1163 3705 1390 3776 ἔστησαν
1445 3702 1534 3758 καὶ
1590 3706 1737 3756 νῶτα
1793 3699 1954 3755 δοῦνα

2115 3717 2276 3785 nviti,
2321 3722 2378 3770 et
2424 3721 2584 3783 terga
2632 3717 2771 3770 dare
2816 3714 2873 3768 vi
2923 3714 3212 3786 compulsi
3268 3721 3426 3770 sunt.
3478 3718 3743 3787 Cumque

317 3787 760 3881 παρεϐιάσθησαν
797 3819 810 3832 ⁸
843 3800 933 3854 καὶ
980 3804 1190 3873 τροπῆς
1237 3792 1536 3871 γενομένης
1563 3787 1751 3845 ἔπεσον
1783 3810 1945 3881 συχνο

2121 3803 2345 3875 uperati
2377 3808 2595 3870 essent,
2630 3803 2800 3858 multi
2832 3820 2899 3858 ex
2943 3803 3090 3874 ipsis
3121 3801 3403 3872 cecidere,
3436 3804 3678 3874 quidam
3710 3821 3744 3859 a

312 3898 370 3968 ἐξ
403 3874 629 3960 αὐτῶν,
677 3891 817 3952 τινὶς
863 3887 920 3944 δὲ
966 3886 1056 3942 καὶ
1108 3885 1332 3960 ζωγρίαι
1383 3882 1487 3936 ὑπὸ
1535 3885 1643 3935 τῶν
1678 3874 1940 3968 Βαρϐάρω

2111 3874 2357 3947 Ξειεὺειιίε
2403 3892 2516 3946 vivi
2567 3892 2743 3962 capti,
2795 3890 3006 3962 reliqui
3061 3893 3119 3945 in
3170 3892 3375 3946 urbem
3408 3891 3739 3948 Melitenam

315 3967 669 4054 ὶλήφθησαν.
714 3981 774 4036 Οἱ
826 3976 882 4033 δὲ
935 3975 1122 4033 λοιποὶ
1176 3978 1258 4045 τῷ
1308 3971 1454 4026 ἄστει
1505 3971 1603 4038 τῆς
1658 3967 1941 4038 Μελιτηνῆ

2118 3998 2148 4035 e
2193 3979 2517 4035 incolumes
2564 3985 2948 4051 receperunt;
3002 3996 3151 4049 quos
3196 3980 3435 4035 Barbari
3486 3985 3741 4035 contem-

316 4049 690 4140 ἀνεδίόθηςαν.
747 4066 1246 4145 Περιφρονήσαντες
1321 4057 1378 4114 St
1423 4058 1651 4118 τούτους
1711 4058 1762 4111 οἱ
1796 4143 1803 4145 A
1835 4064 1943 4145 Βαρ

2115 4074 2293 4124 lentes
2325 4067 2501 4122 veluti
2536 4049 2858 4123 debellatos
2905 4072 2961 4122 et
3010 4067 3355 4134 imbecillos,
3393 4072 3743 4139 percurrunt

310 4157 492 4235 ϐαροι
555 4160 630 4220 ὡς
675 4156 774 4229 ἤδη
823 4143 1291 4229 καταστραφέντας
1357 4148 1446 4204 καὶ
1493 4148 1731 4210 ἀσθενεῖς
1789 4143 1938 4222 ἐκτρέ

2115 4175 2274 4228 isque
2295 4159 2363 4212 ad
2389 4157 2709 4212 Caesaream
2734 4156 2932 4212 omnia
2959 4158 3301 4228 diripientes
3332 4163 3388 4212 et
3417 4163 3743 4214 avertentes

302 4272 522 4328 χουσιν
559 4250 690 4324 ἄχρι
742 4244 1080 4320 Καισαρείας,
1133 4235 1598 4310 καταληϊζομενοι
1656 4237 1829 4290 πάντα
1883 4256 1930 4289 κι

2113 4251 2259 4317 .tque
2309 4247 2444 4317 igne
2490 4263 2772 4301 succenso
2823 4251 3172 4302 cremantes.
3228 4249 3451 4318 Impetu
3503 4264 3741 4320 quoque

296 4325 779 4416 καταστρέφοντες
824 4335 914 4390 καὶ
975 4333 1082 4407 πῦρ
1150 4329 1332 4389 αὐτοῖς
1387 4325 1807 4407 ὑπανάπτοντες.
1869 4326 1924 4380 Κ‹

2111 4340 2232 4389 acto
2267 4352 2323 4405 in
2355 4335 2549 4405 magni
2583 4350 2648 4388 ac
2680 4333 3040 4388 celeberrimi
3070 4334 3266 4390 Basilii
3297 4336 3582 4407 templum
3616 4352 3739 4391 om-

292 4435 386 4501 τῷ
658 4430 757 4480 τοῦ
821 4421 1060 4499 μεγάλου
1127 4417 1217 4474 καὶ
1286 4413 1634 4491 περιωνύμου
1691 4410 1920 4470 Βασιλείι

2113 4424 2182 4478 lia
2209 4424 2534 4478 incendunt
2571 4429 2628 4478 et
2657 4439 2825 4478 sacra
2877 4423 3204 4493 diripiunt;
3256 4429 3311 4478 et
3344 4425 3741 4496 irrumpentcs

292 4516 748 4588 εἰσπηδήσαντες
788 4513 974 4588 δῃοῦσι
1033 4511 1128 4584 μὶν
1180 4504 1384 4561 ἅπαντα
1429 4503 1519 4559 καὶ
1560 4503 1628 4557 τὰ
1674 4501 1792 4575 ἱερά
1835 4503 1920 4556 καί

2113 4512 2268 4581 psius
2323 4513 2509 4567 sancti
2565 4511 2947 4582 sepulchrum
3009 4513 3232 4567 sanctis
3291 4514 3419 4583 ejus
3473 4513 3741 4584 reliquiis

293 4608 642 4682 αρπάζουσι,
678 4603 1072 4679 προσραγὲντες
1130 4598 1188 4653 δὲ
1244 4596 1332 4650 καὶ
1388 4597 1456 4668 τῇ
1500 4595 1597 4647 τοῦ
1638 4590 1802 4682 ἁγίου
1825 4611 1920 4665 σορ

2110 4601 2225 4656 ιὶὲιὶΙ
2258 4601 2588 4656 detrimenti
2648 4602 2861 4656 interro
2896 4607 3213 4672 potuerunt
3247 4619 3258 4656 :
3293 4605 3417 4656 erat
3461 4602 3617 4656 enim
3651 4601 3738 4655 di-

291 4675 388 4768 ·τῷ
429 4696 571 4770 ἁγίῳ
612 4675 780 4749 αὐτοῦ
828 4675 1073 4765 λειψάνῳ
1119 4683 1309 4762 δρᾶσαί
1354 4704 1406 4738 τι
1436 4681 1674 4770 πονηρὸν
1711 4677 1919 4770 οὐδαμρ

2109 4691 2326 4756 igenter
2358 4691 2800 4761 praemunitum,
2833 4695 2889 4744 et
2937 4690 3159 4744 circum
3212 4696 3435 4744 structa
3473 4690 3737 4759 quaedam

292 4765 667 4856 ἡθυτήῗθησαν
703 4803 715 4814 ·
768 4775 1289 4857 προκατησφάλιστο
1358 4772 1459 4848 γὰρ
1519 4769 1609 4824 καὶ
1668 4765 1914 4842 περιεδεδ

2109 4779 2328 4834 adificia
2360 4779 2442 4834 ita
2478 4782 2874 4842 corroborata,
2923 4783 2986 4832 ut
3015 4778 3087 4832 ad
3139 4776 3568 4832 demoliendem
3601 4777 3737 4832 diu-

293 4897 456 4950 μητο
513 4856 820 4943 κτίσμασινγ
857 4869 1084 4944 ὀχυροῖς
1135 4863 1244 4939 [οὐ]
1290 4861 1496 4938 χρόνου
1527 4857 1806 4930 δεομένοις
1838 4856 1921 4911 πο]

2110 4884 2255 4921 urno
2288 4871 2549 4938 tempore
2589 4867 2939 4938 indigerent.
2996 4865 3156 4920 Ostia
3190 4881 3320 4920 vero
3353 4880 3466 4936 quo
3502 4865 3737 4919 forami-

281 4945 411 5022 λοῦ
441 4964 590 5037 πρὸς
619 4959 947 5030 καθαίρεσιν.
989 4956 1065 5010 Τὰ
1113 4952 1170 5008 δὲ
1222 4953 1317 5014 τὰς
1366 4949 1501 5009 ὀπὰς
1545 4945 1909 5037 περιστέλλον

2109 4959 2254 5014 libus
2286 4959 2554 5030 apposita
2578 4959 2825 5025 fuerant,
2847 4975 2990 5013 auro
3008 4962 3066 5012 et
3085 4958 3419 5027 margaritis
3441 4956 3737 5012 elaborata

277 5035 531 5130 θυρίδια
562 5054 758 5127 χρυσῷ
801 5047 891 5103 καὶ
937 5043 1236 5121 μαργάροις
1296 5035 1679 5130 ἆξειργασμὲνα
1737 5036 1826 5090 καὶ
1878 5035 1905 5090 λ

2101 5049 2470 5119 iretiosisque
2499 5048 2817 5118 lapidibus,
2853 5049 3159 5113 adimunt;
3203 5048 3599 5118 omnibusque
3630 5065 3729 5104 su-

277 5127 423 5209 θοις
460 5142 767 5215 ἐξαίρουσι,
801 5136 890 5192 καὶ
940 5136 1031 5189 τὸν
1087 5131 1220 5189 ὅλον
1273 5128 1479 5200 κόσμον
1508 5127 1905 5215 ὁμούσυλμφορτ

2106 5135 2252 5192 ιιειὶε
2285 5137 2670 5205 ornamentis,
2705 5137 2840 5191 inde
2885 5134 3358 5206 proficiscuntur,
3412 5134 3618 5192 multis
3649 5137 3734 5192 in-

275 5255 494 5294 σαντες
549 5213 796 5306 αἴρουσιν
853 5224 1078 5290 ἐκεῖθεν,
1149 5217 1482 5294 παραδόντες
1549 5213 1796 5275 πολλοὺς
1854 5220 1903 5269 τε

2109 5227 2334 5282 erfectis
2363 5226 2821 5282 Caesariensibus
2873 5227 3217 5296 temploque
3272 5223 3516 5296 polluto.
3552 5225 3618 5278 Et
3650 5225 3737 5280 in-

285 5321 623 5395 Καισαρὲων
713 5320 892 5395 σφαγῇ
971 5312 1062 5368 καὶ
1144 5309 1236 5364 τὸν
1315 5307 1436 5362 ναὸν
1504 5323 1910 5378 καταχραναντε

2107 5332 2146 5370 .e
2203 5316 2418 5370 reversi
2470 5320 2782 5370 transeunt
2833 5329 2936 5384 per
2983 5319 3270 5383 angustas
3317 5311 3440 5368 vias
3485 5313 3556 5367 ad
3601 5312 3735 5368 Cili-

285 5391 566 5470 Κάκεῖθεν
627 5391 1059 5483 ὑποστρέψαντες
1131 5397 1444 5474 διέρχονται
1494 5392 1623 5456 τοὺς
1665 5391 1752 5483 εἷς
1803 5391 1908 5449 Κιλ

2109 5405 2223 5461 iam
2255 5406 2556 5470 ducentes,
2593 5408 2672 5460 ita
2722 5413 2785 5458 ut
2835 5418 3006 5457 nemo
3042 5404 3419 5474 praesenserit
3466 5402 3731 5470 ipsorum

298 5504 424 5555 κίαν
476 5501 702 5574 ἄγοντας
786 5482 1120 5559 στενωποὺς,
1177 5484 1406 5561 μηδενὸς
1464 5482 1802 5560 προγνόντος
1862 5483 1926 5550 τή

2109 5495 2408 5550 dventum.
2463 5500 2724 5566 (tumque
2775 5497 3014 5564 repente
3068 5497 3479 5564 comparentes
3525 5489 3735 5549 Cilicas

299 5593 502 5648 τοότων
522 5569 744 5674 ἔφοδον,
779 5584 875 5643 καὶ
929 5586 1046 5641 τοῖς
1106 5576 1310 5647 Κίλιξιν
1354 5573 1698 5674 ἐπιφανεντες
1750 5569 1924 5641 ἐκπλή

2079 5581 2254 5637 multo
2283 5588 2503 5637 terrore
2533 5581 2949 5652 complessent,
2976 5579 3230 5634 multam
3254 5597 3454 5636 eorum
3489 5578 3589 5650 qui
3616 5579 3707 5634 sib

297 5702 428 5749 κτως
471 5659 759 5763 ἐμῷόϐους
838 5671 1178 5763 εἰργάσαντο,
1229 5665 1388 5763 φόνον
1443 5659 1617 5763 πολὺν
1676 5665 1925 5763 ποιριόντε

2109 5677 2441 5727 ccurrerent
2488 5673 2701 5726 caedem
2758 5671 3043 5725 fecerunt.
3100 5669 3454 5742 Diutiusque
3505 5669 3563 5723 in
3607 5667 3737 5738 ipsa

289 5781 378 5836 τῶν
411 5747 968 5861 “πᾶρὲμπιπτόντων
1052 5758 1253 5818 αὐτοῖς,
1339 5749 1698 5830 Χρονίσαντες
1777 5747 1834 5807 δὶ
1883 5773 1917 5808 τ’

2107 5760 2363 5819 rovincia
2411 5759 2760 5818 commorati
2809 5775 2943 5815 cum
2979 5775 3109 5815 eam
3162 5763 3494 5827 vexassent,
3528 5756 3735 5830 spoliis
