4122 6440
405 435 520 497 391

1725 427 2052 492 JOANNIS
2100 429 2505 493 SCYLITZxE

3711 437 3838 498 392

403 585 470 625 ac
502 569 695 642 praeda
740 571 796 622 et
843 565 1092 638 captivis
1142 564 1342 621 multis
1392 564 1556 636 potiti
1610 565 1681 619 ad
1727 563 1942 634 Cbalep
1993 581 2047 620 se

2169 563 2331 637 χώρᾳ
2387 563 2477 618 καὶ
2532 563 2734 636 ταύτην
2783 563 3200 638 λυμηνάμενοι,
3278 567 3366 621 καὶ
3412 565 3670 644 λαφύρων
3718 567 3839 622 ἐαυ-

402 674 695 730 recepere,
730 674 762 712 a
784 657 1040 728 quodam
1066 655 1372 726 transfuga
1395 652 1686 708 Amertice
1722 653 1960 707 nomine
1991 670 2057 708 eo

401 747 684 820 perducti,
719 748 817 818 qui
856 746 1138 801 Romanis
1173 745 1424 800 infestus
1455 745 1609 800 662
1641 748 1764 798 erat
1792 749 1850 797 et
1878 742 2061 815 impe-

401 841 566 893 rante
597 853 734 892 sene
768 835 1053 890 Michaele
1089 836 1155 889 ad
1201 851 1330 889 eum
1367 835 1783 904 taansfugerat,
1818 847 2056 903 magna-

399 945 510 998 que
541 928 692 980 dona
722 931 780 980 et
811 925 1061 979 honores
1091 940 1157 978 ac
1190 923 1430 994 praemia
1459 925 1813 977 consecutus
1848 921 2055 977 fuerat.

395 1016 503 1071 Sed
539 1015 691 1086 apud
742 1014 1154 1084 imperatorem
1205 1011 1653 1066 Constantinum
1709 1015 1929 1066 Ducam
1964 1026 2058 1066 ac-

394 1113 635 1162 cusatus
668 1106 819 1177 quod
859 1105 1053 1176 ipsum
1086 1103 1277 1175 gladio
1302 1103 1720 1158 iuterfecturus
1745 1106 1921 1168 esset,
1951 1102 2058 1158 bac

394 1199 465 1254 de
523 1213 701 1253 causa
751 1201 1031 1268 perpetuo
1093 1195 1280 1250 fuerat
1337 1193 1542 1258 exsilio
1604 1193 2058 1249 condemnatus.

393 1286 610 1341 Verum
670 1301 802 1340 cum
865 1299 1072 1338 rursus
1130 1287 1434 1337 revocatus
1493 1282 1776 1336 adversus
1836 1281 2057 1336 Turcos

398 1375 620 1431 missus
645 1378 819 1442 esset,
855 1379 995 1428 tunc
1026 1373 1098 1427 ob
1126 1387 1317 1427 rerum
1349 1388 1474 1442 quae
1499 1371 1569 1425 ad
1602 1369 1821 1425 victum
1858 1385 2057 1424 neces-

399 1464 568 1518 sarias
624 1466 764 1517 sunt
818 1460 1079 1531 inopiam
1142 1473 1270 1514 sese
1320 1458 1527 1513 Turcis
1578 1458 1947 1526 adiunxerat,
2003 1461 2060 1512 et

398 1551 694 1624 regionem
725 1549 982 1620 pessime
1014 1548 1277 1604 vexabat.
1329 1547 1638 1617 Conjuncti
1670 1546 1850 1617 igitur
1881 1545 2056 1599 Turci

397 1646 454 1697 et
483 1639 813 1711 Cbalepitae,
849 1637 996 1692 inita
1039 1638 1192 1692 inter
1241 1653 1304 1691 se
1336 1636 1636 1702 societate,
1671 1633 2055 1689 Antiocheam

394 1730 569 1802 Syriae
601 1730 847 1799 ejusque
880 1728 1132 1781 finitima
1164 1726 1289 1781 loca
1315 1725 1466 1779 male
1498 1728 1803 1789 vexarunt,
1829 1724 2053 1777 caeden-

393 1825 505 1885 tes,
527 1812 1766 1885 comburentes,diripieotes,depraedantes,
1792 1810 2055 1881 captivos

395 1909 773 1971 abducentes,
799 1909 854 1958 et
889 1904 1142 1974 pessima
1172 1918 1415 1974 quaque
1446 1905 1869 1972 perpetrantes.
1908 1899 2050 1954 Nam

395 2003 452 2052 et
483 1997 765 2051 adversus
812 1994 973 2065 ipsos
1022 1993 1206 2047 coacti
1255 1993 1486 2046 fuerant
1535 1991 1728 2046 idonei
1762 1989 2053 2044 exercitus

397 2085 722 2156 Nicephoro
755 2083 1056 2137 Botaniate
1080 2082 1261 2137 duce:
1294 2081 1394 2136 sed
1423 2079 1663 2134 avaritia
1695 2083 1750 2135 et
1772 2079 2052 2151 segnities

397 2191 606 2229 rursus
637 2172 876 2227 effecere
909 2176 974 2224 ut
1002 2170 1196 2226 omnis
1227 2169 1392 2225 labor
1417 2169 1620 2224 irritus
1653 2174 1828 2238 esset,
1864 2183 2054 2239 neque

393 2263 550 2318 enim
584 2263 808 2332 integer
837 2267 1224 2322 commeatus,
1258 2259 1357 2313 sed
1413 2257 1730 2313 mediocris
1781 2257 2050 2328 quaedam

393 2368 530 2422 pars
563 2349 678 2404 illis
708 2348 923 2404 tradita
957 2347 1247 2402 militibus
1282 2347 1534 2418 torporis
1565 2362 1742 2400 causa
1776 2346 1886 2401 fuit
1913 2370 1927 2412 ς
1950 2345 2050 2415 qui

392 2444 629 2510 accepto
671 2437 828 2508 quod
861 2436 975 2491 sibi
1007 2437 1209 2491 datum
1261 2437 1471 2502 fuerat,
1505 2433 1562 2489 in
1596 2451 1765 2489 suam
1799 2435 2051 2504 quisque

393 2529 643 2602 patriam
671 2527 940 2599 dissipati
961 2531 1117 2582 sunt.
1146 2533 1225 2580 Ac
1250 2543 1456 2581 rursus
1481 2525 1716 2580 Barbari
1752 2525 2048 2595 regionem

389 2617 702 2672 incendere
731 2621 789 2670 et
835 2616 960 2670 sine
1016 2619 1174 2670 metu
1227 2630 1584 2686 percurrere.
1639 2613 1889 2684 Exiguae
1918 2629 2051 2667 vero

385 2706 672 2775 juvenum
725 2705 949 2775 cepias,
981 2704 1078 2774 qui
1133 2704 1303 2757 modo
1350 2719 1380 2758 e
1430 2702 1557 2758 suis
1608 2702 1900 2768 domibus,
1951 2701 2048 2756 ubi

392 2793 626 2848 educati
680 2791 930 2857 fuerant,
987 2791 1343 2861 prodierant,
1396 2789 1590 2860 parvis
1643 2804 1707 2843 ec
1776 2789 2042 2843 minimis

391 2881 732 2953 sumptibus
791 2884 1020 2934 coactas
1079 2877 1395 2933 Antioohiae
1446 2877 1581 2932 duci
1629 2877 2045 2946 tradiderunt;

392 2971 491 3042 qui
526 2970 758 3038 aliquod
794 2970 1033 3040 quidem
1068 2969 1293 3023 facinus
1347 2973 1682 3039 perpetrare
1713 2969 2047 3038 cupiebant,

385 3059 632 3131 juvenili
686 3058 932 3112 audacia
983 3057 1323 3120 militantes,
1377 3058 1476 3111 sed
1521 3055 1654 3110 belli
1705 3056 1958 3126 imperiti
1993 3061 2051 3111 et

393 3150 522 3205 sine
569 3147 831 3218 equitatu
885 3164 952 3201 ac
999 3147 1114 3201 fere
1165 3147 1420 3202 inermes
1472 3149 1528 3200 et
1580 3145 1742 3210 nudi,
1794 3161 1926 3199 cum
1979 3160 2049 3199 ne

392 3237 805 3310 quotidianum
832 3235 1068 3308 quidem
1088 3235 1306 3289 victum
1331 3225 1630 3302 baberent,
1655 3233 2049 3290 intolerabilia

2168 652 2296 714 τοὺς
2352 651 2730 725 ἐμπλήσαντες
2789 655 2879 709 καὶ
2925 653 3073 717 λείας
3109 656 3198 710 καὶ
3247 653 3638 730 αἰχμαλωσίας
3688 655 3836 712 πολ-

2172 739 2298 810 λῆς,
2332 741 2521 796 ἀπίασι
2556 744 2691 819 πρὸς
2748 745 2809 798 τὸ
2858 743 3069 816 Χάλεπ,
3119 746 3266 819 παρά
3319 767 3466 807 τινος
3513 745 3837 818 αὐτομόλου

2174 831 2474 907 Ἀμερτικῆ
2532 831 2832 909 λεγομένου
2891 831 3250 910 ὀδηγηθέντες
3308 834 3498 906 ἐκεῖσε,
3554 833 3838 908 δυσμενῶς

2169 925 2286 982 τοῖς
2346 921 2643 993 Ῥωμαίοις
2722 920 3066 996 διακειμένου
3136 923 3223 978 ἐπὶ
3272 929 3370 979 τοῦ
3427 924 3682 999 γέροντος
3741 926 3841 998 μὲν

2170 1009 2406 1085 Μιχαὴλ
2452 1009 2939 1084 αὐτομολήσαντος
2990 1013 3079 1067 καὶ
3113 1014 3382 1089 τυχόντος
3439 1013 3692 1089 μεγάλων
3725 1013 3836 1070 δω-

2170 1103 2305 1174 ρεῶν
2356 1100 2445 1153 καὶ
2492 1105 2670 1173 τιμῶν
2731 1101 2819 1156 καί
2880 1101 3175 1171 ἀξιώσεων,
3234 1102 3712 1178 κατηγορηθέντος
3768 1101 3833 1158 δὲ

2169 1188 2423 1262 παρᾶτῷ
2487 1189 2704 1264 βασιλεῖ
2761 1191 3145 1263 Κωνσταντίνῳ
3200 1195 3280 1264 τῷ
3344 1190 3521 1263 Δούκᾳ
3569 1192 3644 1254 ὡς
3694 1190 3837 1265 μὲλ-

2168 1274 2362 1339 λοντος
2391 1276 2550 1332 αὐτὸν
2607 1280 2858 1354 μαχαίρᾳ
2909 1277 3366 1355 διαχειρίσασθαι,
3415 1279 3504 1334 καὶ
3535 1276 3627 1333 διὰ
3667 1285 3838 1334 τοῦτο

2165 1367 2581 1440 κατακριθέντος
2639 1365 2802 1441 ἀίδίῳ
2869 1371 3035 1444 φυγῇ,
3095 1367 3261 1423 πάλιν
3348 1365 3405 1422 δέ
3453 1389 3515 1444 γε
3560 1369 3836 1444 τυχόντος

2167 1453 2521 1526 ἀνακλήσεως
2586 1457 2675 1512 καὶ
2741 1457 3078 1521 ἀποστάντος
3156 1457 3296 1512 κατὰ
3379 1455 3487 1513 τῶν
3548 1457 3833 1533 Τούρκων,

2163 1548 2459 1612 τηνικαῦτα
2491 1541 2549 1599 δέ
2581 1543 2673 1599 διὰ
2716 1546 2906 1600 σπάνιν
2956 1550 3066 1600 τῶν
3119 1545 3426 1620 ἀναγκαίων
3454 1547 3834 1620 προσθεμένου

2163 1653 2222 1686 τε
2276 1638 2394 1696 τοῖς
2451 1633 2721 1708 Τούρκοις
2780 1635 2870 1689 καὶ
2951 1635 3050 1704 τὴν
3112 1636 3301 1711 χώραν
3354 1632 3681 1699 διατιθέντος
3733 1637 3832 1691 κά-

2163 1741 2339 1777 κιστα.
2374 1721 2664 1793 Γενόμενοι
2696 1727 2828 1798 γοῦν
2882 1723 2937 1778 ἓν
2993 1721 3044 1777 οἵ
3095 1744 3152 1778 τε
3181 1727 3414 1797 Τοῦρκοι
3441 1725 3532 1778 καὶ
3561 1725 3614 1778 οἱ
3642 1722 3826 1780 Χαλε-

2162 1814 2337 1875 πῖται,
2372 1810 2460 1864 καὶ
2492 1810 2800 1885 ὁμολογίαν
2843 1809 3026 1874 δόντες
3059 1809 3353 1882 ἀλλήλοις,
3394 1813 3494 1880 τήν
3546 1811 3599 1866 ἐν
3651 1813 3827 1887 Συρίᾳ

2164 1897 2508 1973 Ἀντιόχειαν
2567 1899 2654 1955 καὶ
2712 1901 2779 1956 τὰ
2834 1901 2958 1975 περὶ
3035 1902 3205 1969 αὐτὴν
3264 1906 3444 1963 κακῶς
3502 1898 3823 1973 διετίθεσαν,

2162 1986 2468 2065 σφάζοντες,
2530 1988 2977 2063 πυρπολοῦντες,
3035 1987 3546 2062 ἀνδραποδίζοντες,
3607 1989 3823 2061 λεηλα-

2160 2081 2400 2148 τοῦντες,
2459 2076 2968 2154 αἰχμαλωτίζοντες
3025 2080 3115 2134 καί
3169 2081 3271 2133 πᾶν
3333 2077 3386 2134 εἷ’
3435 2101 3487 2134 τι
3543 2079 3825 2155 χείριστον

2163 2162 2642 2239 διαπραττόμενοι,
2717 2168 3192 2244 Συνηθροίσθησαν
3280 2169 3384 2244 γὰρ
3445 2168 3829 2243 στρατεύματα

2162 2254 2246 2309 ἐπ’
2276 2254 2461 2317 αὐτοῖς
2506 2254 2791 2331 ἀξιόλογα,
2843 2257 3156 2334 Νικηφόρου
3188 2259 3339 2320 δντος
3387 2255 3485 2312 τοῦ
3531 2259 3825 2315 Βοτανειά-

2159 2365 2256 2398 του
2289 2343 2339 2398 ἐν
2376 2345 2542 2420 ταύτῃ
2595 2343 2814 2419 δουκὸς,
2858 2349 2892 2415 ἡ
2941 2343 2998 2401 δέ
3049 2343 3320 2424 φειδωλία
3368 2347 3456 2402 καὶ
3488 2348 3522 2417 ἠ
3554 2346 3828 2423 γλισχρό-

2159 2454 2262 2503 της
2292 2431 2536 2507 ἅπρακτα
2565 2433 2730 2488 πάλιν
2781 2436 2849 2490 τᾶ
2896 2434 3069 2490 πάντα
3121 2433 3415 2506 ἀπέδειξεν.
3444 2437 3523 2492 Οὐ
3553 2438 3655 2513 γὰρ
3690 2436 3828 2493 ὁλό-

2161 2523 2368 2595 κληρον
2400 2523 2461 2578 τὸ
2495 2523 2755 2596 ὀψώνιον,
2790 2522 2935 2580 ἀλλᾶ
2986 2525 3208 2600 μερικὸν
3255 2526 3445 2590 αὐτοῖς
3473 2526 3562 2580 καὶ
3601 2537 3826 2602 μετριον

2161 2609 2317 2674 δοθὲν
2349 2619 2616 2686 ναρκῆσαι
2667 2613 2794 2675 τοὺς
2842 2618 3176 2690 στρατιώτας
3235 2613 3460 2685 ἐποίησε
3494 2635 3505 2648 ·
3558 2610 3830 2679 λαϐόντες

2159 2701 2264 2777 γὰρ
2293 2702 2357 2756 τὸ
2389 2698 2541 2756 δοθὲν
2605 2701 2684 2764 εἰς
2740 2703 2807 2757 τὰ
2857 2704 3034 2759 οἰκεῖα
3083 2701 3561 2774 διεσκεδάσθησαν,
3591 2705 3680 2759 καὶ
3724 2707 3832 2760 πά-

2161 2787 2246 2844 λίν
2274 2791 2408 2859 ἦσαν
2441 2791 2497 2844 οἱ
2530 2786 2797 2868 βάρϐαροι
2829 2793 2928 2861 τὴν
2972 2793 3161 2868 χώραν
3196 2789 3498 2866 δῃούμενοι
3526 2793 3618 2848 καὶ
3648 2790 3828 2856 ἀδεῶς

2157 2880 2602 2955 κατατρέχοντες.
2633 2882 2722 2954 [Ρ.
2759 2884 2887 2954 820]
2937 2880 3208 2936 Νεολαίαν
3268 2879 3326 2936 δέ
3382 2902 3503 2937 τινα
3554 2883 3824 2958 βραχεῖαν

2160 2965 2279 3041 ἄρτι
2332 2973 2444 3023 τῶν
2504 2967 2848 3042 οἰκημάτων,
2922 2973 3006 3033 οἷς
3077 2970 3444 3048 ἐνετρέφοντο,
3506 2969 3826 3042 ἐκπεπηδη-

2157 3063 2313 3112 κυῖαν
2349 3065 2569 3134 μικροῖς
2600 3061 2684 3114 καὶ
2735 3058 3052 3135 ἐλαχίστοις
3102 3059 3448 3135 ἀθροίσαντες
3493 3059 3823 3135 ἀναλώμασι

2156 3150 2235 3218 τῷ
2264 3154 2362 3217 τῆς
2411 3147 2751 3223 Ἀντιοχείας
2797 3148 3025 3224 ἡγεμόνι
3079 3147 3412 3224 ἐνεχείρισαν
3451 3168 3463 3182 ·
3519 3151 3571 3204 οἳ
3625 3148 3825 3222 δρᾶσαι

2162 3237 2256 3307 μὲν
2304 3257 2355 3292 τι
2413 3241 2824 3312 προεθυμοῦντο
2892 3238 2998 3292 ἀπὸ
3063 3240 3391 3312 νεωτερικῆς
3478 3238 3824 3314 θρασύτητος

392 3327 580 3384 multa
609 3327 762 3382 668
796 3326 955 3398 passi
986 3325 1045 3380 in
1080 3326 1330 3396 patriam
1381 3340 1549 3378 suam
1581 3324 1710 3379 sine
1741 3323 1927 3395 gloria
1958 3341 2045 3379 re-

2159 3325 2641 3399 στρατηγούμενοι,
2705 3324 3138 3400 ἀπειροπόλεμοι
3188 3322 3246 3380 δέ
3301 3322 3449 3388 ὅντες
3496 3327 3587 3381 καὶ
3646 3326 3818 3405 ἄφιπ-

390 3418 540 3473 versi
578 3422 758 3483 sunt;
805 3432 951 3485 quos
982 3416 1099 3469 dux
1150 3414 1486 3469 Botaniates
1517 3430 1650 3468 cum
1697 3414 1822 3468 suis
1855 3419 2044 3486 prote-

392 3506 656 3562 ctoribus
688 3509 745 3560 et
772 3505 1127 3575 quibusdam
1161 3504 1415 3558 externis
1442 3503 1627 3573 copiis
1658 3501 1822 3558 facile
1856 3506 2048 3573 potuit

392 3594 696 3666 repellere.
744 3593 954 3647 Verum
1006 3609 1140 3647 cum
1173 3591 1271 3647 ille
1315 3590 1622 3646 abdicatus
1669 3597 1825 3647 esset
1858 3592 2047 3663 magi-

393 3688 605 3749 stratu,
662 3681 901 3736 Barbari
978 3680 1149 3753 longe
1225 3680 1565 3735 audaciores
1623 3685 1763 3734 sunt
1835 3679 2044 3751 effecti,

393 3777 759 3828 commeatus
837 3769 1036 3841 inopia
1111 3768 1434 3840 plurimum
1515 3768 1778 3823 civitates
1847 3769 2044 3841 oppri-

397 3869 611 3925 mente,
646 3867 703 3918 et
732 3859 980 3916 aliarum
1015 3877 1207 3915 rerum
1233 3877 1358 3932 quae
1389 3859 1460 3915 ad
1495 3858 1710 3914 victum
1744 3859 1876 3916 usui
1908 3864 2047 3915 sunt

390 3952 742 4026 indigentia.

457 4253 570 4309 Sed
604 4269 738 4309 cum
790 4253 1123 4307 necessario
1174 4266 1265 4306 res
1306 4251 1445 4323 ipsaa
1494 4251 1825 4323 indigerent
1857 4251 2042 4322 impe-

383 4345 598 4405 ratore,
649 4340 748 4411 qui
799 4356 898 4395 eas
950 4344 1146 4410 posset
1192 4340 1552 4395 constituere
1598 4345 1655 4396 et
1695 4340 1754 4394 in
1805 4355 2038 4411 aequum

384 4434 604 4486 statum
638 4431 781 4485 adeo
812 4430 1077 4484 adversis
1119 4430 1486 4501 temporibus
1518 4431 1802 4501 redigere,
1836 4445 2039 4484 cense-

383 4519 558 4573 batur
589 4517 844 4573 maxime
896 4518 1144 4573 idoneus
1194 4518 1530 4574 Botaniates
1577 4523 1636 4573 et
1685 4517 1784 4572 alii
1819 4517 2034 4573 multi:

383 4613 645 4663 attamen
677 4607 942 4662 divinum
975 4607 1111 4662 vicit
1131 4607 1467 4674 consilium,
1495 4613 1551 4662 et
1572 4607 1790 4662 idcirco
1822 4607 1891 4660 ad
1917 4607 2040 4661 haec

2157 3433 2273 3480 ποι,
2324 3411 2519 3488 σχεδὸν
2571 3413 2659 3468 καὶ
2719 3411 2925 3469 ἄοπλοι
2982 3416 3070 3470 καὶ
3129 3415 3325 3489 γυμνοὶ
3383 3415 3472 3470 καὶ
3537 3413 3679 3489 μηδὶ
3719 3418 3816 3472 τὸν

2156 3503 2462 3575 ἡμερήσιον
2510 3501 2670 3577 ἄρτον
2722 3498 2970 3579 ἔχοντες,
3011 3501 3200 3558 πολλὰ
3249 3505 3510 3569 παθόντες
3545 3505 3818 3576 ἀνήκεστα

2156 3590 2232 3652 εἰς
2273 3591 2373 3658 τήν
2427 3597 2574 3665 σφῶν
2621 3591 2837 3654 ἀκλεῶς
2886 3592 3280 3668 ἐπανέστρεψαν
3333 3599 3457 3669 γῆν,
3489 3597 3586 3648 τοῦ
3620 3591 3816 3656 δουκὸς

2155 3678 2514 3735 Βοτανειάτου
2561 3681 2694 3753 μετὰ
2721 3685 2828 3735 τῶν
2880 3681 3096 3736 οἰκείων
3148 3683 3495 3737 ὑπασπιστῶν
3528 3682 3618 3738 καί
3644 3704 3816 3740 τινων

2155 3765 2375 3837 ξενικῶν
2449 3765 2731 3841 δυνάμεων
2831 3775 3065 3844 μετρίως
3174 3770 3370 3834 αὐτοὺς
3466 3767 3816 3842 ἀποσοϐῆσαι

2157 3856 2501 3934 ἰσχύσαντος.
2561 3857 2971 3927 Παραλυθέντσς
3023 3858 3080 3915 δέ
3139 3858 3345 3915 ἐκείνου
3401 3860 3468 3916 τὰ
3519 3865 3626 3915 τῶν
3670 3863 3810 3937 Βαρ-

2155 3940 2337 4020 ϐάρων
2397 3946 2485 4002 ἐπὶ
2543 3947 2710 4003 πλέον
2787 3947 3112 4025 ἓθρασύνθη,
3172 3947 3438 4011 σιτοδείας
3497 3949 3584 4004 ἐπὶ
3638 3950 3808 4005 πΛὲον

2105 4034 2446 4106 ’πιεζούσης
2493 4037 2588 4098 τὰς
2643 4035 2836 4100 πόλεις
2903 4038 2990 4092 καὶ
3068 4042 3176 4092 τῶν
3237 4035 3425 4093 ἄλλων
3485 4035 3814 4108 ἐπιτηδείων

2153 4120 2378 4185 ἐνδείας.

2224 4246 2386 4304 Ἀλλ’
2432 4245 2725 4324 ἐπειδήπερ
2784 4247 2836 4320 ἐξ
2885 4250 3121 4326 ἀνάγκης
3177 4249 3449 4321 βασιλεως
3509 4247 3814 4321 ἐδεήθητᾶ

2151 4337 2443 4412 πράγματα
2511 4335 2808 4410 δυναμένου
2886 4339 3020 4394 αύτᾶ
3102 4344 3288 4402 ποσῶς
3359 4340 3693 4408 καταστῆσαί
3751 4361 3815 4395 τε

2148 4427 2236 4480 καὶ
2271 4425 2532 4498 ὁμαλίσαι
2587 4426 2640 4482 ἐν
2691 4425 2865 4491 οὕτως
2913 4427 3176 4490 ἐναντίοις
3223 4429 3313 4482 καὶ
3344 4433 3580 4501 καιροῖς,
3615 4427 3819 4502 ἐπεψη-

2150 4515 2332 4592 φίζετο
2368 4515 2464 4588 μὶν
2523 4514 2956 4590 ἀξιολογώτατος
3023 4519 3050 4572 ὁ
3113 4518 3467 4587 Βοτανειάτης
3498 4515 3589 4571 καὶ
3645 4514 3814 4572 ἅλΛοι

2149 4602 2378 4673 πολλοὶ,
2411 4610 2535 4676 νικᾷ
2566 4602 2622 4660 δέ
2655 4606 2807 4678 ὅμως
2837 4609 2870 4675 ἠ
2906 4607 3021 4660 θεία
3057 4605 3263 4682 βουλὴ,
3299 4605 3383 4662 διὸ
3413 4605 3503 4660 καὶ
3555 4606 3816 4681 ἀνάγεται

383 4697 727 4770 perducitur
758 4697 1117 4761 bestarcbes,
1147 4697 1446 4753 Romanus
1468 4697 1891 4752 Constantinus
1913 4695 2042 4750 Dio-

2159 4692 2237 4747 ἒπὶ
2281 4698 2448 4749 ταῦτα
2506 4695 2533 4748 ὁ
2597 4676 2923 4769 βεστάρχης,
2967 4676 3249 4767 Ῥωμανὸς
3300 4697 3328 4750 ὁ
3381 4676 3812 4765 Κωνσταντίνος,

381 4789 546 4859 genis
579 4787 755 4841 filius.
783 4786 904 4850 Quo
937 4791 1132 4841 autem
1160 4787 1330 4842 modo
1360 4787 1678 4856 perductus
1702 4785 1895 4850 fuerit,
1911 4801 2042 4840 mox

380 4875 594 4930 dicam.
630 4876 770 4930 Erat
801 4879 1033 4929 creatus
1088 4876 1206 4929 dux
1238 4875 1508 4930 Sardices
1556 4874 1860 4945 Diogenes.
1897 4874 2041 4929 Cum

381 4969 578 5019 autem
629 4964 914 5036 patricius
965 4968 1140 5028 esset,
1179 4963 1344 5033 petiit
1391 4963 1462 5018 ab
1506 4963 1861 5034 imperatore
1894 4964 2040 5018 Con-

382 5056 641 5109 stantino
695 5055 853 5109 Duca
904 5055 1011 5110 hoc
1063 5055 1281 5109 honore
1331 5053 1483 5108 affici
1519 5059 1582 5109 ut
1629 5059 1785 5109 esset
1815 5055 2040 5108 bestar-

383 5141 544 5196 cbes.
598 5142 921 5214 Imperator
968 5147 1166 5198 autem
1220 5143 1602 5214 respondens,
1650 5165 1676 5192 ‹‹
1712 5142 2040 5198 Ostendens

384 5245 558 5298 opera
591 5245 827 5298 reposce
879 5231 1230 5298 mercedem,
1263 5252 1284 5279 ι
1340 5230 1576 5284 inanem
1625 5229 1821 5299 ipsum
1857 5246 1918 5284 re
1948 5229 2039 5284 in-

385 5317 534 5370 fecta
584 5316 828 5384 dimisit,
870 5317 999 5388 ejus
1032 5318 1298 5388 petitioni
1349 5316 1593 5372 minime
1641 5317 2038 5374 consentiens.

384 5405 672 5473 Egressus
703 5405 885 5476 igitur
914 5405 1224 5478 Diogenes,
1254 5423 1389 5461 cum
1422 5407 1493 5460 ad
1525 5405 1821 5460 Sardicem
1846 5423 2042 5477 perve-

392 5493 581 5548 nisset
612 5493 1039 5564 incidissetque
1087 5495 1144 5548 in
1181 5494 1536 5562 Patzinacas,
1570 5494 1670 5564 qui
1725 5499 2042 5565 eruperant

387 5585 446 5636 et
479 5580 772 5652 regionem
806 5582 1178 5654 diripiebant,
1216 5586 1286 5638 de
1325 5585 1472 5654 ipsis
1503 5588 1722 5654 tropaea
1752 5585 1952 5654 erexit,
1986 5591 2037 5640 et

387 5686 457 5726 ex
486 5671 672 5740 captis
701 5671 862 5725 vivos
910 5672 1403 5743 quamplurimos.
1438 5673 1874 5728 interfectorum
1911 5691 2040 5730 vero

388 5762 583 5832 capita
611 5759 950 5833 imperatori
995 5762 1175 5817 misit.
1231 5764 1294 5819 Et
1323 5764 1542 5820 idcirco
1594 5763 1936 5820 bestarches
1965 5765 2038 5822 ab

2152 4787 2251 4838 τοῦ
2312 4783 2599 4858 Δοιγένους
2656 4783 2796 4846 υἱός.
2855 4785 2954 4840 "Ov
3017 4781 3074 4838 δὲ
3121 4784 3323 4858 τρόπον
3367 4783 3607 4858 ἀνήχθη,
3667 4779 3822 4856 ἔνθεν

2154 4871 2406 4946 ἐρῶ.’ἹΙν
2444 4871 2540 4944 μὲν
2600 4866 3061 4946 προϐεϐλημένος
3118 4869 3242 4943 δοὺξ
3285 4869 3560 4946 Σαρδικῆς
3606 4872 3634 4925 ὁ
3683 4863 3817 4926 Διο-

2152 4961 2312 5035 γένης
2348 4981 2359 4992 ·
2404 4961 2688 5036 πατρίκιος
2732 4958 2788 5014 δέ
2833 4963 3116 5037 τυγχάνων
3167 4959 3398 5031 ἐζήτησε
3439 4962 3532 5015 τὸν
3585 4959 3823 5035 βασιλέα

2153 5057 2558 5104 Κωνσταντινον
2612 5049 2705 5103 τὸν
2767 5049 2968 5103 Δούκαν
3019 5052 3318 5122 τιμηθῆναι
3378 5049 3709 5125 βεστάρχης.
3751 5051 3821 5108 Ὁ

2154 5136 2212 5193 δέ
2246 5136 2498 5212 βασιλεὺς
2537 5137 2774 5192 ὑπειπὼν
2820 5136 2968 5209 αύτῷ
3000 5156 3012 5168 ·
3051 5163 3078 5190 ‹‹
3117 5137 3385 5193 Δεικνύων
3420 5135 3554 5212 ἔργα
3595 5137 3820 5193 ἀπαίτει

2159 5225 2382 5299 μισθοὺς
2432 5251 2460 5277 ››
2507 5227 2662 5281 κενὸν
2717 5226 2874 5281 αὐτὸν
2941 5226 3032 5281 καὶ
3095 5225 3369 5301 ἄπρακτον
3427 5226 3815 5298 ἀπεπέμψατο,

2156 5317 2232 5388 μὴ
2286 5315 2574 5391 προσέχων
2632 5318 2701 5388 τῇ
2785 5314 2994 5385 αἰτήσει
3055 5317 3242 5371 αὐτοῦ.
3301 5313 3566 5384 Ἐξελθὼν
3629 5313 3722 5368 οὖν
3784 5315 3817 5369 ὁ

2152 5405 2416 5478 Διογένης
2467 5405 2555 5458 καὶ
2610 5405 2708 5471 τὴν
2764 5399 3040 5473 Σαρδικήν
3090 5398 3438 5475 καταλαϐὼν,
3489 5401 3813 5478 περιτυχὼν

2154 5495 2507 5562 Πατζινάκοις
2566 5491 2841 5563 ἐξελθοῦσι
2900 5493 2991 5546 καὶ
3045 5491 3380 5563 λεηλατοῦσι
3431 5493 3529 5560 τὴν
3592 5491 3812 5565 χώραν,

2149 5584 2410 5657 τρόπαιον
2463 5583 2727 5653 ἐστήσατο
2787 5583 2904 5636 κατ’
2934 5582 3132 5652 αὐτῶν,
3180 5585 3269 5638 καὶ
3313 5587 3421 5636 τῶν
3471 5580 3807 5636 ἑαλωκότων

2154 5675 2356 5740 ζῶντας
2414 5671 2507 5742 μὲν
2554 5668 2821 5737 πολλοὺς,
2871 5691 2905 5724 κ
2936 5669 3111 5747 φαλᾶς
3165 5669 3223 5726 δὲ
3274 5675 3381 5724 τῶν
3441 5669 3810 5744 ἀνῃρημένων

2148 5766 2229 5834 τῷ
2268 5759 2485 5838 βασιλεῖ
2535 5761 2842 5840 πεπομφὼς
2891 5759 3130 5835 ἐτιμήθη
3189 5763 3519 5838 βεστάρχης,
3568 5759 3820 5837 γράψειν.
