4122 6390
297 372 412 432 393

1845 371 2238 433 HISTORIA.

3636 384 3753 444 391.

304 507 397 566 τὸς
431 502 584 577 αὐτῷ
613 508 721 560 τοῦ
759 504 1033 581 βασιλέως
1063 505 1138 568 ὡς
1161 528 1189 557 (ί
1209 504 1327 561 Οὐκ
1347 502 1478 577 ἐμὸν
1507 500 1758 579 δῶρον,ὧ
1785 503 1970 578 Διόγε-

2087 504 2438 577 imperatore
2487 517 2719 564 creatus
2769 514 2894 578 est;
2931 511 3030 583 qui
3071 513 3310 584 quidem
3361 514 3413 570 ei
3464 516 3751 589 scripsit;

313 597 609 667 νες,το²5το,
634 593 790 649 ἀλλὰ
817 602 918 666 τῆς
952 594 1160 658 οἲκείας
1184 594 1384 671 ἀρετῆς
1408 593 1498 650 καὶ
1542 591 1921 669 ἀνδραγαθίας.
1953 616 1981 643 ›)

318 677 619 759 Διατρίϐων
675 681 738 740 δὶ
785 683 960 740 ἐκεῖσε
999 679 1293 756 ἠϐουλήθη
1349 683 1448 758 μὶν
1497 685 1720 759 ἀντᾶραι
1767 687 1848 755 τῷ
1881 683 1983 757 βα-

314 773 477 845 σιλεῖ,
509 771 665 829 ἀλλὰ
710 775 776 830 τὸ
827 772 1210 848 μελετώμενον
1261 775 1340 836 εἷς
1372 774 1489 852 φῶς
1523 773 1742 848 ἀγαγεῖν
1788 768 1982 832 δεδιὼς

312 864 405 932 ἦν.
433 865 636 936 ⁹Ομως
669 860 863 933 ἐπειδή
897 865 925 919 6
959 861 1214 940 βασιλεὺς
1259 862 1403 934 ἀπῆν
1453 860 1544 919 καὶ
1580 863 1648 916 τὰ
1683 867 1784 932 τῆς
1829 861 1981 937 βασι-

310 951 464 1014 λείας
510 951 814 1029 ἐχήρευον,
845 952 1254 1029 κοινολογεῖταί
1283 974 1387 1008 τινι
1427 957 1534 1008 τῶν
1567 951 1982 1006 πιστικωτάτων

316 1043 382 1098 τὸ
405 1048 654 1118 πρᾶγμα,
684 1041 778 1098 καὶ
832 1040 903 1098 δι’
932 1042 1098 1099 αὐτοῦ
1143 1047 1262 1106 τοῖς
1310 1039 1730 1118 παρακειμένοις
1779 1038 1979 1103 ἔθνεσιν

323 1131 597 1204 ὁμιλήσας
627 1132 756 1208 περὶ
803 1137 1005 1188 ταυτοῦ
1052 1131 1400 1208 πράγματός,
1433 1127 1632 1208 φιλίως
1683 1129 1834 1200 αὐτῷ
1864 1125 1982 1182 δια-

321 1220 616 1295 κειμένοις,
661 1222 823 1297 ῆρξεν
873 1224 1100 1298 ἡμερῶν
1145 1242 1332 1290 τινων,
1383 1227 1485 1291 τῆς
1530 1220 1698 1274 αὐτοῦ
1746 1215 1984 1293 γενναιό-

314 1333 491 1382 τητος
537 1316 735 1388 πεῖραν
790 1310 980 1387 ἔχουσι
1041 1308 1248 1386 δαψιλῆ
1276 1354 1290 1368 .
1352 1311 1457 1367 Καὶ
1516 1308 1781 1383 μηνύεται
1834 1307 1984 1382 παρά

307 1422 460 1464 τινος
491 1401 789 1478 Ἀρμενίου
833 1402 896 1456 τὸ
941 1401 1115 1476 γένος,
1145 1400 1234 1456 καὶ
1285 1397 1352 1470 δὴ
1386 1397 1726 1474 συλληφθεὶς
1766 1394 1981 1468 δεσμώ-

303 1510 413 1561 της
469 1491 616 1567 πρὸς
658 1491 757 1560 τὴν
815 1487 1072 1564 βασιλίδα
1121 1488 1406 1564 ἀπάγεται.
1439 1486 1759 1564 Ἐλεγχθεὶς
1805 1483 1864 1540 δὲ
1890 1484 1981 1540 καὶ

303 1581 686 1652 καταθέμενος
735 1579 825 1635 καὶ
875 1576 966 1634 διὰ
1008 1583 1172 1635 τοῦτο
1235 1576 1575 1654 κατακριθεὶς
1625 1574 1851 1640 θανάτου
1907 1575 1981 1636 ὡς

307 1665 623 1731 ἐπίϐουλος
671 1669 1045 1744 ὑπερορίζεται
1097 1669 1185 1724 καὶ
1235 1675 1335 1738 τῆς
1381 1665 1599 1728 πόλεως
1629 1658 1978 1735 ἐκϐάλλεται,

307 1765 478 1814 πᾶσιν
535 1758 686 1814 ἀνίαν
741 1756 1021 1832 ἐνθέμενος
1072 1759 1188 1813 ὅσοι
1236 1761 1335 1828 τῆς
1379 1755 1544 1812 αὐτοῦ
1590 1755 1979 1831 γενναιότητος

306 1848 400 1904 καὶ
464 1845 714 1948 ἀνδρίας.
748 1846 798 1902 ἐν
859 1846 1420 1948 πείρᾳᾘκαθίσταντο.
1479 1847 1563 1916 [Ρ.
1602 1845 1872 1948 ‘8211'01
1931 1841 1978 1898 δ’
2013 1883 2057 1948 Β

309 1939 642 2015 ἀγνοοῦντες
695 1935 757 1992 ἐκ
808 1941 916 1993 τῶν
968 1934 1190 1992 εἰδότων
1239 1940 1406 1992 ταῦτα
1453 1928 1977 2010 παραλαμϐάνοντες

319 2028 575 2104 ὑπῆρχον
629 2027 681 2098 ἐξ
730 2025 974 2102 ἀνάγκης
1020 2025 1256 2100 ἐρασταί.
1306 2028 1409 2082 Καὶ
1447 2021 1540 2079 διὰ
1583 2027 1745 2078 τοῦτο
1786 2021 1857 2078 δι’
1886 2022 1978 2078 εὐ-

324 2123 438 2191 χῆς
465 2117 532 2184 ἦν
576 2120 696 2178 τοῖς
744 2113 901 2179 ὅλοις
947 2114 1217 2191 ἀνώτερον
1259 2115 1348 2170 τὸν
1401 2111 1568 2188 ἄνδρα
1614 2113 1850 2187 γενέσθαι
1880 2132 1976 2167 κο-

326 2204 636 2278 λαστηρίων
692 2205 784 2260 καὶ
867 2209 1198 2281 χαρισθῆναι
1271 2207 1341 2278 τῇ
1416 2199 1706 2275 Ῥωμαίων
1781 2205 1972 2256 τοῦτον

324 2293 506 2369 ἀρχῇ.
535 2294 673 2349 Ἐπεὶ
716 2291 775 2349 δὲ
823 2295 852 2348 6
883 2293 1088 2356 σκοπὸς
1138 2294 1310 2364 ζήλου
1340 2293 1486 2348 θείου
1514 2292 1581 2361 ἦν
1622 2291 1712 2346 καὶ
1745 2291 1807 2346 οὑ
1847 2289 1976 2366 φιλ-

320 2383 536 2452 αυτίας,
601 2381 907 2459 περιαλγῶς
947 2385 1084 2453 ίτῆς
1145 2387 1254 2438 τῶν
1330 2385 1664 2458 Χριστιανῶν
1722 2379 1974 2452 πληθύος

311 2473 641 2550 πασχούσης
681 2474 774 2530 καὶ
821 2477 1010 2536 κακῶς
1063 2474 1460 2550 κεραϊζομένης
1506 2472 1776 2547 ὁσημέραι
1838 2473 1976 2548 πρὸς

301 2564 415 2618 τῶν
448 2565 800 2638 Ἀγαρηνῶν,
831 2560 1109 2639 ἐνηργήθη
1163 2561 1356 2618 λοιπὸν
1406 2566 1526 2623 τοῖς
1557 2559 1878 2637 εὐχομένοις
1907 2561 1975 2616 τὰ

302 2659 408 2722 τῆς
451 2653 646 2729 εὐχῆς.
701 2651 1080 2727 Παραστάντος
1129 2651 1234 2727 γὰρ
1290 2649 1440 2716 αὖθις
1477 2650 1642 2705 αὐτοῦ
1687 2654 1768 2722 τῷ
1819 2651 1974 2726 βασι-

306 2740 451 2814 λικῷ
486 2741 697 2816 βήματι
729 2741 1014 2817 περιέσχεν
1044 2736 1198 2804 ἔλεος
1247 2740 1479 2816 ἄσχετον
1525 2741 1628 2810 τῆν
1658 2739 1969 2814 Αὖγοῦσταν

301 2829 598 2888 Εύδοκίσνο
631 2833 698 2900 ἦν
727 2831 829 2907 γὰρ
861 2831 889 2884 6
921 2830 1055 2906 ἀνὴρ
1093 2831 1226 2903 μετά
1254 2833 1362 2884 τῶν
1384 2832 1492 2884 τῶν
1517 2826 1702 2884 ἄλλων
1735 2828 1825 2883 καὶ
1858 2829 1975 2883 θεα-

301 2928 468 2990 θῆναι
522 2921 744 2995 ἀγαθὸς,
794 2919 1074 2993 ἐπιμήκης
1110 2940 1171 2975 τε
1196 2919 1296 2988 τὴν
1330 2917 1550 2988 ἡλικίαν
1583 2915 1656 2972 ὢν
1696 2918 1787 2972 καὶ
1814 2918 1972 2993 στέρ-

299 3032 407 3064 νων
469 3009 565 3064 καὶ
613 3013 804 3064 νώτων
856 3007 910 3064 ἐν
965 3007 1124 3080 καλῷ
1169 3007 1580 3082 καθορώμενος,
1620 3004 1971 3082 εὖόφθαλμός

296 3121 379 3173 τε,
433 3096 592 3176 εἴπερ
641 3120 727 3162 τις
777 3097 972 3168 ἄλλος,
1012 3097 1103 3153 καὶ
1144 3103 1242 3153 τοῦ
1289 3098 1496 3173 πάθους
1542 3095 1760 3152 αὐτόθεν
1792 3097 1968 3171 παρά-

299 3188 504 3261 κλησιν
567 3187 998 3262 ἐκκαλούμενος,
1057 3188 1185 3262 μήτ’
1232 3181 1448 3264 ἀκριϐὲς
1496 3187 1557 3240 τὸ
1606 3183 1798 3241 λευκὸν
1831 3188 1971 3259 μήτε

300 3281 365 3338 τὸ
400 3257 617 3355 ’μέλαν
674 3257 999 3348 ἀποσώζων,
1049 3257 1176 3332 ἀλλ’
1224 3257 1339 3332 οἷον
1392 3274 1800 3352 συγκεκραμένα
1834 3257 1970 3331 κατ’
2002 3257 2044 3324 CI

305 3368 420 3426 ἴσον
476 3367 791 3447 ἀμφότερα.
841 3368 930 3429 Ὠς
978 3364 1068 3421 οὗν
1128 3365 1217 3421 καὶ
1275 3369 1310 3435 ἡ
1361 3369 1680 3439 παρεστῶσα
1719 3364 1974 3441 γερουσία

303 3459 628 3529 συνέπαθεν,
684 3457 844 3522 εὐθὺς
899 3453 1344 3527 ἐπηκολούθησεν
1401 3457 1436 3524 ἡ
1498 3454 1824 3528 συμπάθεια,
1882 3453 1973 3510 καὶ

298 3548 633 3625 περισωθεὶς
688 3550 787 3601 τοῦ
855 3542 1110 3601 κινδύνου
1177 3545 1326 3620 παρά
1398 3547 1568 3599 πᾶσαν
1629 3541 1827 3599 ἐλπίδα
1881 3543 1973 3598 καὶ

306 3635 642 3713 προσδοκίαν
690 3632 986 3711 βασιλικῆς
1038 3632 1309 3707 ἀξιώσεως
1359 3630 1541 3709 ἔτυχε.
1575 3634 1670 3688 Διὸ
1717 3632 1807 3687 καὶ
1846 3633 1976 3688 ἀπο-

313 3726 506 3790 λυθεὶς
552 3725 700 3799 παρά
745 3725 960 3780 πάντων
1010 3722 1307 3794 ἠσπάζετο,
1364 3722 1553 3792 Ἐξιὼν
1598 3719 1690 3777 οὖν
1740 3723 1816 3784 εἱς
1871 3723 1972 3791 τὴν

309 3811 697 3874 Καππαδοκῶν
735 3856 749 3881 ,
806 3811 857 3884 ἐξ
914 3812 982 3882 ἧς
1058 3811 1150 3867 καὶ
1214 3810 1460 3889 γέννησιν
1522 3805 1746 3886 ἔσχηκε,
1806 3811 1972 3865 πάλιν

313 3903 728 3979 μεταπεμφθεὶς
774 3901 849 3964 εἰς
899 3901 1002 3969 τὴν
1049 3899 1438 3977 βασιλεύουσαν
1487 3896 1838 3970 εἰσελήλυθε,
1883 3901 1971 3955 καὶ

311 3999 437 4054 τοῖς
464 3989 758 4066 γενεθλίοις
804 3993 902 4045 τοῦ
956 3995 1218 4066 Σωτῆρος
1252 3992 1365 4062 (15)
1408 3986 1646 4065 Χριστοῦ
1680 3989 1978 4062 μάγιστρος

316 4086 555 4155 τιμᾶται
610 4081 691 4135 καὶ
757 4078 1138 4157 στρατηλάτης
1201 4072 1586 4151 προϐέϐληται
1657 4078 1807 4150 παρὰ
1875 4085 1974 4147 τῆς

313 4167 613 4248 βασιλίδος
642 4169 1016 4244 προελθούσης
1043 4166 1346 4244 βασιλικῶς
1377 4167 1511 4240 μετὰ
1536 4173 1644 4221 τῶν
1678 4164 1833 4221 ῗδίων
1856 4165 1980 4221 παί-

308 4260 423 4317 δων
474 4260 552 4322 εἲς
592 4260 683 4315 τὸν
737 4258 988 4333 μέγιστον
1040 4258 1131 4312 καὶ
1181 4256 1518 4332 περίπυστον
1566 4262 1666 4326 τῆς
1715 4259 1812 4310 τοῦ
1845 4259 1978 4311 Θεοῦ

307 4349 524 4428 Σοφίας
557 4348 752 4419 σηκόν.
785 4345 1097 4408 Δεδοικυίας
1125 4343 1183 4400 δὶ
1204 4352 1305 4415 τῆς
1335 4342 1618 4421 βασιλίδος
1641 4346 1741 4416 τήν
1773 4366 1828 4400 τε
1853 4344 1978 4419 σύγ.

303 4440 520 4511 κλητον
569 4439 661 4494 καὶ
709 4438 799 4492 τὸν
849 4434 1201 4511 πατριάρχην
1251 4436 1343 4490 καὶ
1392 4433 1522 4496 τοὺς
1556 4435 1978 4509 ὑπογράψαντας

305 4529 402 4584 καὶ
462 4527 796 4602 ὀμόσαντας,
853 4527 944 4582 καὶ
995 4521 1087 4580 διὰ
1133 4528 1296 4580 τοῦτο
1355 4525 1430 4597 μή
1461 4521 1764 4596 τολμώσης
1791 4528 1978 4593 συζευ-

2094 616 2122 643 ‹‹
2147 594 2270 649 Non
2304 611 2501 652 meum
2535 597 2776 666 donum,
2813 617 2844 654 ο
2872 599 3182 673 Diogenes,
3203 602 3335 670 hoc,
3360 605 3460 660 sed
3497 612 3606 662 tuae
3637 606 3753 661 vir-

2092 683 2240 739 tutis
2270 689 2326 740 et
2359 685 2745 742 fortitudinis.
2765 711 2793 738 »
2823 689 2909 744 lbi
2940 694 3136 746 autem
3166 707 3540 752 commorans
3570 695 3754 752 voluit

2093 777 2296 828 contra
2327 773 2741 848 imperatorem
2776 778 2932 834 664
2962 778 3290 852 insurgere.
3312 783 3420 838 Sed
3449 786 3753 858 inceptum

2093 860 2155 916 in
2199 861 2390 919 lucem
2451 865 2712 936 proferre
2760 869 3091 924 verebatur.
3127 873 3394 927 Attamen
3441 883 3756 946 postquam

2090 949 2282 1006 abfuit
2338 953 2660 1026 imperator
2705 961 2763 1012 et
2808 956 3124 1030 imperium
3176 960 3389 1015 orbum
3449 968 3594 1029 erat,
3627 979 3754 1018 rem

2092 1055 2227 1095 cum
2261 1057 2370 1098 suo
2403 1044 2660 1114 quodam
2714 1045 3062 1103 ﬁdelissimo
3111 1049 3532 1119 communicat,
3567 1055 3624 1106 et
3654 1067 3758 1125 per

2093 1129 2289 1199 ipsum
2322 1147 2457 1186 cum
2496 1133 2855 1205 quibusdam
2899 1135 3171 1194 ﬁnitimis
3209 1139 3507 1211 gentibus,
3539 1141 3756 1213 quibus

2092 1223 2249 1274 esset
2276 1219 2466 1292 ipsius
2489 1223 2788 1295 explorata
2817 1226 3024 1291 virtus,
3049 1226 3372 1284 collocutus
3398 1230 3755 1300 quibusdam

2092 1308 2360 1380 partibus
2418 1311 2746 1383 imperavit.
2796 1315 3097 1372 Iudicatur
3146 1321 3345 1373 autem
3404 1336 3439 1374 a
3496 1321 3753 1391 quodam

2089 1397 2390 1470 Armenio,
2419 1405 2476 1455 et
2506 1403 2959 1475 comprehensus
2999 1406 3070 1461 ad
3118 1407 3322 1462 urbem
3368 1409 3588 1480 regiam
3621 1425 3754 1482 per-

2089 1486 2347 1556 ducitur,
2382 1491 2803 1564 convictusque
2834 1499 2890 1550 et
2928 1495 3139 1568 capitis
3170 1497 3489 1554 damnatus
3520 1503 3585 1554 ut
3614 1517 3753 1572 pro-

2089 1575 2246 1631 ditor
2274 1578 2332 1632 in
2367 1580 2638 1637 exsilium
2671 1581 2948 1650 mittitur,
2983 1584 3125 1640 urbe
3159 1585 3490 1658 expellitur,
3525 1604 3641 1643 non
3668 1590 3755 1644 si-

2090 1679 2162 1718 ne
2196 1667 2450 1724 maxime
2483 1668 2684 1726 dolore
2729 1687 2929 1726 eorum
2964 1673 3229 1728 omnium
3263 1675 3419 1745 apud
3451 1690 3599 1745 quos
3631 1692 3753 1731 suae

2088 1757 2322 1814 virtutis
2355 1775 2420 1813 ac
2452 1761 2825 1817 strenuitatis
2856 1761 3155 1834 specimen
3189 1764 3451 1821 dederat.
3480 1767 3588 1831 Qui
3618 1783 3753 1822 vero

2089 1846 2286 1919 ipsum
2347 1849 2726 1920 ignorabant,
2768 1851 2984 1907 famam
3048 1853 3120 1907 ab
3181 1852 3316 1909 aliis
3364 1855 3754 1928 percipientes

2087 1937 2286 1992 statim
2319 1937 2510 2009 ipsius
2537 1955 2736 1994 amore
2765 1940 3171 2012 capiebantur.
3197 1943 3268 1997 Et
3297 1943 3515 1998 idcirco
3545 1960 3751 2001 omnes

2086 2028 2372 2099 optabant
2398 2029 2589 2082 virum
2636 2028 2926 2099 supplicio
2967 2030 3204 2086 liberari
3248 2037 3308 2087 et
3353 2033 3748 2090 Romanorum

2084 2115 2332 2188 imperio
2363 2117 2590 2172 donari.
2615 2117 2684 2172 Et
2707 2117 2847 2189 quia
2869 2117 3051 2173 divini
3076 2119 3184 2176 zeli
3217 2121 3605 2192 propositum,
3631 2140 3747 2179 non

2087 2210 2282 2260 autem
2335 2205 2551 2277 proprii
2602 2205 2820 2261 amoris
2859 2212 3005 2273 erat,
3034 2208 3253 2280 quippe
3301 2226 3436 2265 cum
3466 2210 3746 2267 Christia-

2084 2310 2296 2349 norum
2345 2295 2522 2349 turba
2560 2294 2825 2367 quotidie
2875 2297 2947 2351 ab
2997 2298 3282 2369 Agarenis
3333 2298 3749 2357 miserabiliter

2082 2387 2286 2439 vexata
2321 2385 2701 2452 cruciaretur,
2723 2385 2997 2457 deinceps
3029 2391 3229 2458 optata
3261 2404 3464 2443 eorum
3490 2389 3590 2460 qui
3612 2394 3748 2446 vota

2084 2473 2378 2529 faciebant
2407 2474 2478 2530 ad
2510 2475 2730 2530 exitum
2765 2474 3050 2546 perducta
3079 2481 3235 2532 sunt.
3261 2480 3402 2533 Cum
3435 2478 3592 2533 enim
3617 2496 3745 2534 rur-

2083 2579 2186 2618 sus
2213 2562 2284 2617 ad
2317 2562 2543 2634 regium
2577 2567 2919 2635 suggestum
2953 2563 3244 2620 adductus
3277 2565 3508 2635 fuisset,
3548 2567 3747 2638 Augu-

2083 2657 2176 2707 sta
2207 2651 2460 2708 Eudocia
2506 2653 2800 2708 immensa
2844 2653 3249 2711 misericordia
3278 2660 3576 2712 commota
3604 2661 3694 2712 est
3729 2674 3743 2712 :

2082 2746 2206 2796 erat
2231 2741 2387 2797 enim
2419 2741 2511 2796 vir
2542 2746 2756 2814 praeter
2786 2742 2898 2797 alia
2940 2749 3205 2814 spectata
3239 2761 3477 2817 quoque
3506 2745 3742 2818 dignus,

2080 2834 2309 2887 statura
2367 2847 2664 2903 procerus,
2707 2836 2939 2904 pectore
2988 2836 3046 2888 et
3093 2831 3359 2891 humeris
3417 2833 3745 2908 pulcherri-

2083 2937 2237 2985 mus,
2271 2924 2324 2976 et
2357 2919 2804 2992 pulchritudine
2847 2920 3151 2977 oculorum
3207 2928 3269 2978 ut
3317 2923 3368 2979 si
3422 2927 3558 2997 quis
3590 2923 3742 2982 alius

2081 3014 2388 3079 praestans,
2423 3009 2516 3066 his
2563 3010 2842 3066 omnibus
2891 3010 3158 3068 levamen
3191 3013 3547 3070 calamitatis
3577 3015 3739 3070 efﬂa-

2080 3097 2299 3169 gitans,
2321 3113 2512 3169 neque
2533 3115 2776 3169 prorsus
2798 3098 2995 3154 album
3026 3116 3213 3172 neque
3239 3119 3479 3174 prorsus
3501 3105 3738 3176 nigrum

2081 3187 2181 3242 sed
2233 3204 2302 3243 ex
2347 3192 2595 3259 utroque
2652 3187 2956 3259 aequaliter
2984 3189 3134 3247 665
3190 3193 3433 3247 mistum
3484 3192 3741 3249 colorem

2083 3291 2459 3332 conservans.
2496 3280 2567 3331 Ut
2595 3276 2777 3348 igitur
2814 3278 2991 3333 etiam
3024 3295 3282 3350 praesens
3313 3284 3554 3337 senatus
3584 3297 3741 3337 com-

2085 3371 2279 3420 motus
2307 3365 2632 3434 est,statim
2669 3366 3072 3423 misericordia
3094 3368 3389 3439 judicium
3423 3370 3745 3426 subsecuta

2084 3458 2191 3508 est.
2227 3455 2293 3508 Et
2323 3470 2356 3509 a
2389 3454 2649 3525 periculo
2709 3460 2976 3511 servatus
3033 3461 3243 3528 praeter
3293 3475 3528 3515 omnem
3577 3476 3745 3532 spem

2083 3547 2260 3614 atque
2287 3544 2782 3614 exspectationem
2817 3545 3035 3616 regiam
3067 3546 3468 3617 dignationem
3501 3553 3592 3604 est
3615 3565 3748 3604 con-

2086 3637 2352 3700 secutus;
2404 3637 2463 3688 et
2508 3633 2728 3689 idcirco
2777 3633 3118 3690 absolutum
3170 3652 3374 3692 omnes
3431 3637 3748 3710 amplecte-

2085 3722 2318 3778 bantur.
2380 3724 2660 3795 Egressus
2718 3725 2902 3796 igitur
2955 3725 3014 3780 in
3076 3726 3533 3799 Cappadociam,
3592 3727 3750 3782 unde

2085 3813 2374 3868 oriundus
2406 3819 2552 3878 erat,
2578 3831 2788 3870 rursus
2821 3815 2892 3869 ad
2925 3815 3140 3885 regiam
3177 3818 3384 3872 urbem
3429 3817 3749 3873 accersitus

2087 3918 2214 3956 sese
2266 3901 2483 3973 recepit
2531 3903 2623 3958 die
2672 3903 2848 3958 natali
2901 3903 3218 3959 Salvatoris
3248 3905 3484 3975 Christi,
3517 3911 3573 3960 et
3621 3923 3751 3960 ma-

2085 3990 2252 4063 gistri
2286 3989 2505 4048 honore
2535 3992 2844 4048 decuratus
2887 3993 3006 4047 dux
3051 3994 3342 4050 exercitus
3388 3997 3460 4050 ab
3491 3997 3755 4066 Augusta

2086 4085 2335 4150 creatur,
2365 4098 2490 4151 quae
2523 4081 2900 4153 imperatoris
2930 4099 3092 4138 more
3125 4100 3258 4138 cum
3291 4084 3414 4140 suis
3448 4084 3584 4140 filiis
3616 4101 3756 4156 pro-

2087 4175 2345 4226 cesserat
2392 4171 2464 4224 ad
2525 4170 2849 4226 maximum
2909 4176 2966 4226 et
3024 4172 3472 4229 celeberrimum
3522 4173 3754 4246 Sophim

2088 4258 2398 4330 templum.
2425 4261 2569 4316 Cum
2622 4265 2820 4316 autem
2847 4265 3149 4316 vereretur
3195 4267 3464 4334 Augusta
3491 4268 3550 4318 et
3581 4279 3756 4318 sena-

2088 4350 2214 4401 tum
2248 4351 2305 4402 et
2335 4346 2732 4416 patriarcham
2765 4352 2824 4403 et
2873 4365 2972 4403 eos
3024 4349 3126 4420 qui
3173 4351 3359 4420 jurati
3392 4351 3758 4424 subscripse-

2090 4440 2243 4506 rant,
2276 4440 2332 4490 et
2359 4437 2579 4491 idcirco
2610 4454 2724 4491 non
2772 4437 3017 4493 auderet
3046 4455 3179 4494 cum
3213 4439 3533 4496 illustriore
3562 4440 3756 4511 aliquo

2092 4525 2467 4580 matrimonio
2516 4526 2779 4597 copulari
2831 4527 3151 4598 ipsumque
3197 4529 3614 4600 imperatorem
3657 4531 3759 4584 de-

309 4618 516 4695 χθῆναί
559 4637 666 4672 τινι
713 4621 820 4672 τῶν
880 4614 1156 4694 ἐπιφανῶν
1212 4612 1302 4668 καὶ
1354 4611 1584 4689 βασιλέα
1624 4612 1977 4688 ἀναγορεῦσαι

2089 4613 2329 4680 clarare,
2365 4614 2576 4670 statuit
2621 4631 2804 4686 supra
2838 4614 3187 4672 muliebrem
3231 4618 3496 4673 animum
3532 4618 3613 4674 nil
3645 4619 3758 4674 sibi

311 4708 504 4779 αὐτὸν,
564 4705 704 4783 ἰγνω
757 4701 865 4760 δεῖν
923 4704 1056 4777 ὑπὲρ
1104 4707 1333 4778 γυναῖκα
1387 4703 1462 4774 μῆ
1509 4707 1800 4780 φρονῆσαι,
1845 4721 1980 4756 παν-

313 4797 512 4874 ουργίᾳ
572 4793 630 4851 δὶ
685 4793 777 4849 καὶ
836 4791 987 4867 δόλῳ
1040 4793 1132 4848 τὸν
1191 4791 1539 4867 πατριάρχην
1587 4789 1836 4846 ὑπελθεῖν
1888 4791 1981 4846 καὶ

311 4887 496 4948 οὕτως
549 4885 690 4958 αὐτῇ
736 4883 800 4938 τὸ
856 4880 1044 4958 ἐφετὸν
1089 4880 1528 4953 καταπράξασθαι
1577 4878 1666 4933 καὶ
1720 4880 1820 4949 τὴν
1874 4882 1983 4934 τῶν

306 4975 484 5031 ἐθνῶν
547 4977 730 5036 ποσῶς
805 4969 1154 5047 ἀναχαιτίσαι
1227 4971 1430 5045 ὁρμήν.
1493 4972 1783 5023 Κοινοῦται
1853 4972 1978 5043 γοῦν

302 5067 371 5121 τὸ
420 5064 658 5139 πρᾶγμά
701 5083 809 5118 τινι
865 5065 975 5116 τῶν
1031 5058 1093 5115 ἐκ
1141 5061 1242 5128 τῆς
1280 5055 1729 5131 γυναικωνίτιδος
1763 5057 1839 5120 ὡς
1871 5057 1985 5112 ἐπι-

301 5150 521 5227 τηδείῳ
572 5152 710 5227 πρὸς
742 5153 927 5207 τοῦτο.
972 5149 1031 5202 Ὃ
1062 5145 1120 5203 δὲ
1156 5148 1503 5223 ὑπισχνεῖται
1542 5146 1602 5202 ἐκ
1629 5147 1826 5209 παντὸς
1855 5144 1982 5222 τρό-

301 5264 418 5298 που
465 5238 800 5316 συμπράξειν
852 5237 993 5312 αύτῇ
1037 5238 1173 5314 πρὸς
1212 5237 1274 5293 τὸ
1306 5233 1773 5310 σπουδαζόμενον,
1827 5235 1985 5311 ξυρὸς

306 5331 385 5395 είς
420 5329 650 5400 ἀκόνην,
682 5328 745 5382 τὸ
791 5330 891 5383 τοῦ
940 5324 1134 5403 λόγου,
1169 5323 1243 5381 ὢν
1287 5325 1365 5390 είς
1406 5325 1472 5381 τὰ
1510 5330 1754 5383 τοιαῦτα.
1789 5321 1985 5380 Ἀδελ-

307 5419 410 5498 φὸς
437 5419 509 5490 ἦν
546 5422 629 5490 τῷ
672 5416 994 5492 πατριάρχῃ
1037 5412 1248 5492 Βάρδας
1298 5411 1496 5490 ὄνομα,
1533 5413 1896 5491 λαγνίστατός
1925 5435 1985 5470 τε

2092 4703 2579 4776 aggrediendum,
2611 4705 2711 4759 sed
2763 4705 2962 4776 potius
2995 4705 3128 4761 dolo
3160 4723 3227 4762 ac
3259 4707 3466 4763 fraude
3504 4707 3756 4763 circum-

2091 4791 2452 4848 veniendum
2499 4792 2893 4864 patriarcham
2921 4813 2934 4862 ;
2969 4799 3027 4850 et
3074 4795 3154 4850 ita
3185 4811 3247 4850 se
3277 4795 3389 4851 voti
3423 4801 3756 4868 compotem

2092 4882 2352 4937 futuram
2385 4886 2441 4937 et
2470 4881 2734 4954 gentium
2779 4882 3068 4953 impetum
3113 4899 3540 4956 repressuram,
3573 4901 3754 4957 quam

2093 4975 2222 5026 tum
2265 4972 2321 5026 in
2373 4987 2436 5026 se
2484 4975 2660 5040 esset,
2692 4970 3091 5028 existimabat.
3124 4973 3531 5028 Communicat
3577 4974 3760 5047 igitur

2094 5077 2217 5116 rem
2249 5060 2508 5131 quodam
2557 5076 2690 5116 cum
2734 5060 3008 5116 eunucho
3041 5077 3110 5117 ex
3140 5077 3411 5134 gynaeceo
3464 5067 3529 5119 ut
3577 5065 3649 5120 ad
3698 5064 3759 5120 id

2091 5151 2323 5218 idoneo,
2357 5149 2459 5222 qui
2507 5150 2746 5206 omnino
2795 5167 2858 5206 se
2908 5151 2959 5205 ei
3017 5167 3140 5207 rem
3174 5169 3204 5207 e
3236 5152 3528 5208 sententia
3562 5153 3758 5210 confe-

2094 5246 2325 5296 cturum
2379 5237 2708 5311 pollicetur,
2743 5242 2945 5309 utpote
2995 5239 3097 5310 qui
3151 5239 3432 5296 novacula
3463 5242 3533 5297 ad
3566 5246 3757 5298 cotem

2094 5334 2267 5397 esset,
2320 5333 2384 5383 ut
2433 5327 2548 5382 dici
2597 5327 2766 5396 solet,
2798 5328 2869 5382 ad
2920 5327 3042 5384 haec
3092 5331 3325 5401 negotia
3359 5347 3371 5386 :
3407 5331 3586 5387 frater
3634 5339 3760 5388 erat

2094 5416 2462 5490 patriarchae,
2495 5415 2716 5472 Bardas
2757 5415 3018 5486 nomine,
3055 5419 3310 5474 maxime
3361 5419 3619 5477 lascivus
3649 5420 3757 5493 vir,

1649 5569 1898 5628 JACOBI
1937 5571 2030 5630 GO
2041 5572 2166 5629 ARI
2203 5571 2434 5629 ΝΟΤᾹΕ.

369 5721 488 5796 (15)
520 5719 660 5787 Quo
688 5714 789 5772 die
818 5730 951 5772 sese
981 5713 1182 5772 cuncti
1209 5714 1366 5804 apud
1397 5713 1629 5773 Graecos
1656 5715 2008 5775 muneribus
2038 5713 2360 5791 excipiunt.

642 5843 917 5907 Panos.
963 5842 1078 5906 Gn.
1121 5839 1356 5906 CXXII.

3359 5846 3434 5908 i3
