4122 6412
408 393 527 452 395

1731 378 2060 442 JOANNIS
2104 379 2511 444 SGYLlTZAE

3715 393 3836 452 396

392 526 471 579 ret
499 519 902 593 voluptatibus
933 517 1017 573 ita
1046 516 1319 573 addictus
1350 520 1416 571 ut
1444 515 1646 570 omnia
1675 513 1736 568 in
1767 511 1926 569 omni
1960 511 2075 565 vita

2193 511 2275 565 καὶ
2304 514 2441 589 πρὸς
2487 512 2688 584 ἡδονὰς
2729 516 3070 593 ἐπτοημένος
3095 520 3187 574 καὶ
3221 515 3391 593 μηδὲν
3422 516 3567 575 ἄλλο
3599 516 3688 575 διὰ
3720 520 3840 597 βίου

415 612 500 668 eis
532 609 930 684 posthaberet.
966 605 1203 665 Accedit
1247 610 1517 662 exsectus
1556 603 1654 659 ille
1704 603 1773 658 ad
1822 601 2076 675 patriar-

416 701 612 771 cbam,
644 699 815 771 eique
857 712 1071 753 arcano
1121 695 1339 752 factum
1387 693 1596 768 aperit,
1631 691 2080 761 denuntiatque,

416 790 469 847 si
499 790 660 859 velit,
687 789 807 844 imo
847 787 1002 843 660
1033 785 1080 841 si
1115 790 1347 840 tantum
1403 788 1644 849 annuat,
1682 780 1827 837 nihil
1878 778 2081 852 pericli

417 879 809 946 metuendum
837 894 904 934 ex
929 874 1198 932 horribili
1230 874 1332 928 illo
1354 872 1784 945 chirographo:
1809 870 1937 940 ejus
1966 869 2079 922 l‘ra-

415 973 565 1025 trem
588 982 939 1042 germanum
959 980 1094 1020 cum
1116 962 1489 1036 imperatrice
1511 960 1851 1034 copulatum
1878 956 2078 1012 statim

412 1058 830 1132 imperatorem
860 1053 1226 1112 declaratum
1277 1052 1368 1107 iri.
1405 1051 1595 1123 thue
1638 1054 1828 1106 totum
1872 1044 2082 1102 habuit

421 1148 537 1205 sibi
560 1145 957 1221 patriarcham
981 1143 1158 1200 veluti
1182 1142 1534 1207 inescatum,
1549 1141 1796 1212 jamque
1818 1136 2083 1193 studiose

424 1236 871 1294 matrimonium
899 1239 1132 1290 tantum
1157 1248 1272 1287 non
1326 1234 1760 1302 procurantem,
1784 1224 2085 1282 consuluit

419 1332 488 1385 ut
516 1327 627 1383 hac
657 1325 788 1398 ipsa
813 1325 883 1380 de
920 1339 982 1379 re
1024 1326 1264 1378 senatus
1298 1336 1531 1393 quoque
1562 1316 1916 1375 sententiam
1950 1329 2081 1385 per-

418 1420 748 1474 cunctatur.
768 1412 1029 1487 Singulis
1049 1411 1233 1484 igitur
1252 1410 1323 1465 ad
1347 1426 1409 1465 se
1426 1406 1728 1465 accersitis
1750 1402 2084 1478 patriarcha

419 1508 502 1565 rei
536 1505 949 1563 necessitatem
982 1500 1389 1569 conﬁrmabat,
1414 1498 1703 1570 scriptum
1732 1494 1881 1550 illud
1913 1509 2083 1548 accu-

417 1613 558 1654 sans
597 1599 656 1652 et
703 1594 974 1666 iniquum
1025 1596 1083 1647 et
1134 1589 1332 1645 minus
1386 1588 1744 1660 legitimum,
1776 1586 1850 1641 ab
1905 1582 2083 1638 unius

423 1687 530 1743 viri
578 1683 864 1757 zelotypia
919 1682 1272 1754 profectum,
1313 1678 1408 1734 cui
1461 1674 1798 1733 communis
1853 1672 2083 1728 utilitas

416 1776 618 1832 minus
675 1771 979 1846 proposita
1037 1769 1280 1838 fuisset;
1314 1791 1342 1819 ι(
1376 1766 1481 1823 Cui
1540 1779 1805 1838 prorsus,
1862 1761 2080 1833 inquit,

416 1865 760 1922 consuletur
789 1861 841 1918 si
875 1877 1008 1918 cum
1041 1873 1327 1934 generoso
1356 1861 1414 1912 et
1461 1855 1593 1911 forti
1624 1852 1745 1909 viro
1777 1850 2083 1923 copuletur

420 1955 626 2027 regina
646 1956 947 2025 Augusta:
972 1964 1183 2006 rursus
1205 1948 1361 2004 enim
1386 1961 1476 2001 res
1501 1945 1897 2000 Romanorum
1922 1939 2082 1995 elﬂo-

420 2047 672 2114 rescent,
701 2058 828 2114 qua:
855 2041 983 2111 jam
1004 2055 1072 2094 eo
1102 2036 1347 2093 redacta:
1380 2039 1521 2090 sunt
1544 2038 1609 2089 ut
1636 2032 1807 2088 atteri
1838 2036 1897 2085 et
1928 2027 2085 2101 peni-

430 2139 528 2192 tus
558 2132 849 2206 exstingui
883 2131 997 2188 cito
1023 2145 1195 2203 posse
1218 2129 1411 2184 metus
1430 2123 1788 2198 impendeat.
1809 2144 1830 2173 υ
1855 2120 1930 2177 Ut
1948 2133 2083 2174 vero

426 2224 514 2280 illi
547 2240 753 2281 omnes
781 2236 1154 2287 consensere,
1180 2216 1280 2273 alii
1312 2233 1493 2273 suasu
1520 2219 1577 2271 et
1606 2213 1960 2276 adulatione,
1984 2207 2080 2264 alii

424 2314 687 2386 pecunia:
741 2310 1052 2383 largitione
1101 2311 1160 2363 et
1207 2306 1430 2363 crebris
1480 2303 1850 2369 muneribus,
1893 2313 2085 2370 neque

422 2407 618 2459 metus
665 2400 825 2457 ullus
880 2400 1123 2455 suberat
1174 2394 1569 2467 transigenda:
1627 2392 1730 2458 rei,
1771 2389 2086 2445 adducitur

421 2493 713 2565 Diogenes
762 2492 938 2547 noctu
990 2487 1049 2543 in
1098 2486 1319 2559 regiam
1372 2485 1662 2551 armatus,
1694 2484 1752 2537 et
1798 2494 1932 2535 cum
1963 2478 2083 2532 Au-

419 2584 597 2657 gusta
624 2580 1023 2653 conjungitur,
1051 2578 1374 2648 statimque
1404 2575 1723 2647 imperator
1751 2569 2086 2627 declaratur

418 2672 689 2730 Januarii
731 2670 951 2726 mensis
984 2668 1175 2741 prima
1203 2667 1318 2732 die,
1348 2663 1667 2719 indictione
1716 2665 1899 2725 sexta,
1932 2672 2085 2712 anno

422 2764 586 2831 6576,
620 2762 772 2818 clam
814 2757 1094 2818 omnibus
1135 2757 1415 2829 Augustae
1462 2752 1623 2807 ﬁliis.
1656 2753 1734 2806 Ac
1784 2752 2022 2821 repente
2053 2763 2087 2802 a

425 2852 712 2924 Barangis
768 2849 1030 2906 exoritur
1085 2845 1273 2901 multa
1330 2840 1714 2915 perturbatio,
1761 2838 1918 2911 quod
1968 2853 2085 2892 non

427 2941 790 2998 sustinerent
820 2938 878 2993 id
911 2936 1133 3008 vulgari
1172 2938 1381 3006 prater
1411 2931 1675 2988 omnium
1706 2926 2080 2985 sententiam.

427 3031 645 3087 Verum
679 3044 815 3084 cum
862 3024 1109 3082 Michael
1165 3022 1355 3096 ipsius
1405 3024 1682 3093 Augustae
1742 3018 1900 3073 ﬁlius
1948 3031 2084 3073 cum

426 3119 711 3177 fratribus
758 3114 1114 3185 advenisset,
1142 3114 1214 3168 de
1260 3128 1370 3168 sua
1417 3109 1714 3166 sententia
1759 3108 1979 3163 factum
2023 3104 2084 3161 id

425 3227 558 3268 esse
586 3211 883 3274 dixerunt,
916 3223 981 3261 ac
1030 3202 1227 3261 subito
1270 3200 1534 3257 conversi
1567 3214 1777 3270 magno
1830 3202 1887 3253 et
1932 3196 2085 3253 elato

2189 597 2334 677 ἔχων
2380 603 2723 680 προτέρημα.
2757 607 3009 682 Πρόσεισι
3058 608 3139 682 τῷ
3179 608 3495 686 πατριάρχῃ
3545 611 3574 665 6
3623 610 3842 684 τομίας,

2188 690 2524 767 ἀπαγγέλλει
2566 694 2713 768 αύτῷ
2764 697 3039 769 μυστικῶς
3083 699 3152 755 τὰ
3207 703 3304 753 τοῦ
3350 699 3694 775 πράγματος,
3751 698 3847 755 καὶ

2189 780 2263 841 ὡς
2313 780 2358 835 εἷ
2407 781 2675 855 θελήσειε,
2725 785 2937 859 μᾶλλον
2988 785 3046 843 δὶ
3097 787 3392 844 ἐπινεύσειε
3424 788 3591 862 μόνον
3640 787 3850 863 μηδένα

2188 868 2435 926 κίνδυνον
2494 873 2792 951 ὑφορᾶσθαι
2841 875 2901 932 ἐκ
2949 884 3050 947 τῆς
3101 884 3333 956 φρικτῆς
3382 876 3596 949 ἐκείνης
3654 898 3849 956 χειρο-

2189 959 2444 1038 γραφίας,
2493 966 2846 1039 ζευχθήσεται
2901 968 2996 1040 μὶν
3044 971 3113 1041 τῇ
3150 964 3390 1042 βασιλίδι
3422 968 3451 1023 6
3488 967 3685 1024 τούτου
3713 969 3852 1024 a61-

2189 1046 2425 1128 άδελφος
2457 1094 2470 1119 ,
2529 1052 2833 1129 παραυτίκα
2891 1051 2948 1111 δὶ
3020 1054 3276 1132 βασιλεὺς
3331 1056 3849 1133 ἀναγορευθήσεται.

2193 1141 2274 1212 [Ρ.
2323 1142 2451 1214 822]
2495 1142 2584 1204 Ὠς
2635 1140 2694 1197 δὲ
2738 1140 2894 1219 ἔσχεν
2947 1142 3079 1200 ὅλον
3125 1146 3217 1201 τὸν
3272 1146 3624 1222 πατριάρχην
3677 1167 3851 1202 κατα-

2190 1224 2386 1284 πιόντα
2414 1230 2476 1285 τὸ
2508 1228 2699 1307 δέλεαρ
2750 1234 2840 1289 καί
2889 1232 2997 1306 ἤδη
3051 1235 3212 1308 μόνον
3264 1235 3391 1312 οὐχὶ
3443 1236 3544 1305 τήν
3572 1255 3852 1312 συναρμο-

2191 1319 2297 1394 γὴν
2346 1318 2758 1393 ἐπισπεύδοντα,
2811 1322 3127 1399 βουλεύεται
3173 1326 3434 1391 πυθίσθαι
3483 1325 3605 1403 περὶ
3646 1326 3854 1382 τούτου

2191 1408 2280 1464 καὶ
2311 1410 2411 1478 τὴν
2464 1408 2791 1486 σύγκλητον.
2824 1413 2956 1467 Ἕνα
3002 1415 3122 1479 καθ’
3149 1410 3243 1470 ἕνα
3269 1418 3400 1490 γοῦν
3434 1416 3462 1470 6
3491 1416 3856 1492 πατριάρχης

2189 1500 2315 1573 παρ’
2396 1500 2584 1554 ἑαυτὸν
2660 1499 3172 1576 προσκαλεσάμενος
3244 1505 3308 1559 τὸ
3381 1503 3667 1580 ἀναγκαῖον
3746 1509 3858 1559 τοῖ’)

2192 1587 2512 1663 πράγματος
2570 1590 2942 1661 κατεσκεύαζε,
3011 1589 3280 1670 διασύρων
3339 1594 3401 1649 τὸ
3457 1590 3724 1671 ἔγγραφον
3769 1596 3859 1658 ὡς

2191 1675 2421 1751 ἔκνομύν
2480 1698 2540 1733 τε
2596 1677 2684 1733 καὶ
2737 1680 2976 1754 ἄθεσμον
3035 1681 3125 1737 καὶ
3193 1680 3283 1738 δια
3339 1681 3671 1755 ζηλοτυπίαν
3731 1684 3859 1747 ἑνὸς

2190 1763 2388 1841 ἀνδρὸς
2417 1769 2638 1844 γεγονὸς
2685 1769 2775 1825 καὶ
2824 1770 2902 1844 μὴ
2950 1772 3089 1844 πρὸς
3135 1768 3326 1842 κοινὴν
3372 1771 3708 1829 λυσιτέλειαν
3742 1774 3861 1851 ἀφ-

2194 1860 2358 1933 οριῖιν.
2384 1857 2556 1932 Ὅπερ
2606 1856 2751 1913 ἔσται
2797 1859 3037 1933 πάντως,
3069 1860 3116 1917 εί
3168 1863 3521 1938 ζευχθήσεται
3553 1864 3589 1932 ἡ
3627 1862 3861 1937 βασιλὶς

2194 1944 2349 2021 ἀνδρὶ
2406 1946 2634 2022 γενναίῳ
2689 1968 2749 2002 τε
2804 1948 2894 2003 καὶ
2944 1947 3244 2023 θυμοειδεῖο
3293 1948 3702 2022 άναθηλήσουσι
3739 1950 3861 2027 γὰρ

2190 2034 2260 2089 τά
2305 2035 2596 2109 Ῥωμαίων
2647 2035 2882 2109 ἐσαῦθις,
2928 2036 3041 2111 ἤδη
3096 2041 3434 2117 μαρανθῆναι
3484 2040 3575 2096 καὶ
3605 2036 3861 2097 ἀποσϐε-

2193 2126 2382 2195 σθῆναι
2426 2122 2778 2199 ἐλπιζόμενα.
2830 2128 2918 2190 Ὠς
2965 2125 3023 2183 δὲ
3071 2124 3201 2205 ἔσχε
3246 2129 3451 2193 πάντας
3492 2132 3863 2210 συμψήφους,

2191 2213 2318 2277 τοὺς
2351 2216 2446 2288 μὲν
2478 2217 2661 2271 πειθοῖ
2696 2216 2787 2271 καὶ
2826 2217 3110 2289 κολακείᾳ,
3141 2218 3269 2283 τοὺς
3320 2216 3379 2274 δὲ
3405 2220 3497 2275 καὶ
3536 2220 3861 2296 χρημάτων

2193 2308 2417 2380 παροχῇ
2462 2304 2556 2360 καὶ
2609 2306 2965 2381 μειλίγμασιν
3019 2304 3354 2384 ἀδροτέροις,
3407 2311 3500 2364 καὶ
3546 2313 3626 2382 τῷ
3672 2330 3861 2387 παρα-

2194 2395 2531 2468 χθησομένῳ
2589 2392 2707 2457 δὲος
2761 2394 2868 2473 οὐχ
2920 2398 3084 2469 ὑπῆν,
3130 2395 3313 2473 ἄγεται
3370 2399 3465 2471 μὶν
3512 2399 3540 2454 ὁ
3590 2398 3865 2476 Διογένης

2192 2486 2385 2547 νυκτὸς
2414 2483 2490 2546 εἷς
2520 2485 2586 2539 τὰ
2620 2483 2869 2559 βασίλεια
2900 2483 3135 2549 ἔνοπλος
3184 2486 3275 2543 καὶ
3304 2490 3371 2562 τῇ
3409 2484 3648 2563 βασιλίδι
3680 2507 3867 2565 προσ-

2197 2572 2498 2649 ζεύγνυται,
2551 2574 2930 2650 ἀναγορεύεται
2980 2573 3039 2632 δὲ
3085 2576 3355 2651 παρευθὺς
3409 2576 3666 2653 βασιλεὺς
3715 2576 3866 2633 κατᾶ

2192 2663 2291 2731 τὴν
2333 2664 2557 2738 πρώτην
2603 2664 2699 2717 τοῦ
2748 2665 3085 2737 Ἰανουαρίου
3138 2666 3334 2739 μηνὸς,
3381 2672 3482 2736 τῆς
3514 2671 3561 2731 ς’
3586 2664 3864 2740 ἐπινεμή-

2196 2772 2354 2823 σεως,
2401 2750 2558 2817 ἓτους
2602 2760 2785 2831 ,ςφοςλ
2840 2750 3021 2809 λαθὼν
3076 2754 3277 2817 πάντας
3322 2753 3450 2820 τοὺς
3498 2761 3598 2825 τῆς
3633 2753 3861 2831 βασιλί-

2195 2838 2288 2904 δος
2338 2841 2508 2905 υἱούς.
2565 2843 2771 2898 Γίνεται
2820 2840 2878 2898 δὲ
2927 2845 3227 2920 παραυτίκα
3263 2849 3509 2921 τάραχος
3556 2845 3703 2921 παρὰ
3741 2848 3862 2900 τῶν

2197 2933 2492 3008 Βαράγγων
2555 2929 2763 2999 πολὺς,
2828 2933 2904 3006 μὴ
2963 2933 3312 3009 ἀνεχομένων
3381 2933 3542 2989 αὐτὸν
3613 2933 3865 3012 φημίσαι

2194 3021 2342 3097 παρὰ
2387 3021 2455 3076 τὰ
2497 3025 2655 3096 κοινῇ
2706 3019 2952 3092 δόξαντα.
2998 3023 3310 3098 Ἐπιφανεὶς
3340 3022 3398 3079 δὶ
3446 3026 3475 3079 6
3504 3023 3706 3093 ταύτης
3737 3025 3868 3088 υἱὸς

2196 3110 2427 3187 Μιχαὴλ
2460 3109 2552 3165 σὺν
2583 3117 2702 3173 τοῖς
2754 3109 3015 3190 ἀδελφοῖς
3065 3113 3259 3187 γνώμῃ
3306 3111 3481 3167 αὐτῶν
3531 3113 3593 3168 τὸ
3622 3110 3867 3189 γεγονδς

2196 3198 2600 3277 ἀπαγγέλλουσι
2677 3201 2942 3276 γενέσθαι,
3000 3201 3089 3257 καὶ
3174 3201 3365 3257 αὐτίκα
3426 3201 3864 3279 μετατραπέντες

423 3301 682 3359 clamore
724 3297 840 3369 ipsi
887 3310 1122 3367 quoque
1167 3307 1304 3347 eum
1353 3291 1771 3362 imperatorem
1819 3285 2079 3343 declara-

2199 3289 2461 3367 μεγάλαις
2510 3291 2599 3346 καὶ
2650 3288 2923 3365 διατόροις
2974 3296 3181 3370 φωναῖς
3224 3291 3383 3347 αὐτὸν
3433 3292 3523 3347 καὶ
3563 3292 3717 3347 αὐτοὶ
3761 3292 3863 3347 ἀν-

425 3392 586 3446 runt.
614 3387 690 3443 Ut
717 3386 900 3459 igitur
937 3399 999 3439 re
1043 3380 1491 3453 comprobatum
1538 3383 1651 3445 est,
1683 3377 1839 3433 haud
1868 3381 2088 3432 temere

424 3477 757 3550 complures
804 3476 1044 3548 prepter
1081 3472 1230 3527 007
1285 3469 1483 3542 ipsum
1541 3470 1690 3524 bene
1751 3469 2085 3540 sperarunt.

2200 3380 2573 3456 αγορεύουσιν.
2624 3381 2713 3443 Ὧς
2762 3377 2808 3434 δ’
2866 3380 2958 3435 οὗν
3018 3378 3184 3458 ἐφάνη
3244 3379 3305 3436 ἐκ
3358 3380 3556 3436 τούτου
3591 3425 3605 3450 ,
3660 3381 3738 3444 ὡς
3795 3381 3866 3437 οὗ

2204 3470 2377 3543 μάτην
2410 3466 2709 3540 ἠλπίκασιν
2761 3467 2843 3524 ἐπ’
2889 3468 3035 3542 αὐτῷ
3083 3470 3134 3525 οἱ
3185 3468 3411 3527 πολλοί.
3445 3470 3692 3547 Ἑκράτει
3723 3474 3862 3547 γοῦν

422 3569 629 3643 Itaque
656 3570 924 3640 Augusta
951 3581 1088 3621 cum
1130 3562 1269 3618 ﬁliis
1318 3560 1444 3618 suis
1493 3574 1731 3616 menses
1776 3562 2001 3631 septem
2032 3561 2081 3614 et

2197 3559 2232 3627 ἡ
2271 3556 2485 3633 βασιλὶς
2525 3556 2617 3613 σὺν
2666 3563 2785 3622 τοῖς
2834 3556 2970 3614 υἱέσι
3024 3565 3201 3633 μῆνας
3246 3558 3385 3615 ἒπτᾶ
3432 3558 3523 3615 καὶ
3577 3559 3772 3636 μικρόν
3800 3580 3859 3615 τι

421 3658 600 3734 paulo
633 3656 891 3728 amplius
922 3651 1256 3725 imperavit.

498 3786 798 3840 Romanus
828 3783 1024 3836 autem
1055 3776 1343 3849 Diogenes
1378 3774 1461 3830 ita
1490 3774 1739 3846 adeptus
1772 3772 2083 3845 imperium

423 3874 582 3930 haud
618 3870 905 3928 minorem
931 3866 1309 3941 praesentium
1335 3880 1533 3921 rerum
1566 3863 1854 3919 rationem
1877 3861 2087 3917 habuit

424 3979 605 4037 quam
637 3958 908 4016 militaris
959 3958 1040 4014 rei
1075 3958 1222 4012 bene
1251 3954 1667 4027 componendae
1716 3959 1891 4024 atque
1942 3968 2084 4006 con-

423 4051 757 4118 stituendae,
788 4048 969 4105 etiam
1001 4046 1051 4102 si
1081 4062 1259 4119 quam
1294 4042 1547 4099 maxime
1577 4041 1944 4098 consiliarios
1976 4041 2083 4096 ha-

422 4141 555 4199 buit
586 4138 905 4213 privignos,
936 4136 1054 4193 imo
1108 4139 1169 4191 ut
1210 4132 1405 4189 verius
1436 4131 1650 4199 dicam,
1683 4129 2079 4198 insidiatores,

420 4236 479 4288 et
523 4231 815 4286 Joannem
844 4227 1132 4282 Caesarem
1184 4221 1503 4295 superioris
1552 4220 1925 4293 imperatoris
1964 4220 2080 4276 fra-

418 4324 593 4386 trem,
625 4319 728 4390 qui
759 4316 811 4372 ei
842 4330 1075 4386 semper
1104 4312 1177 4369 ad
1218 4312 1394 4367 linem
1443 4312 1602 4366 fuere
1654 4309 2079 4381 impedimento

419 4413 479 4465 et
509 4409 908 4464 Romanorum
940 4419 1032 4459 res
1062 4402 1122 4457 in
1153 4400 1478 4474 pessimum
1510 4402 1733 4454 statum
1765 4398 2075 4467 deduxere,

420 4498 523 4572 qui
556 4512 712 4553 nunc
760 4493 1039 4551 cernitur.
1066 4490 1251 4561 Cmpit
1302 4494 1499 4544 autem
1531 4493 1589 4542 et
1618 4487 1916 4559 digniores
1947 4503 2076 4542 am-

416 4586 617 4661 plecti,
640 4590 700 4641 et
730 4599 864 4640 cum
890 4577 1369 4654 prudentioribus
1390 4593 1458 4633 ac
1488 4576 1868 4649 peritioribus
1894 4574 2072 4631 collo-

2194 3647 2355 3723 πρός.

2266 3773 2547 3847 Ῥωμανὸς
2591 3770 2649 3828 δὲ
2697 3774 2726 3828 ὁ
2779 3771 3043 3850 Διογένης
3093 3773 3237 3830 οὕτω
3266 3777 3374 3830 τῶν
3409 3776 3703 3852 σκήπτρων
3731 3773 3858 3830 ἐπι-

2193 3866 2378 3940 τυχὼν
2438 3863 2537 3919 οὐκ
2588 3861 2812 3919 ἔλαττον
2869 3868 2975 3918 τῶν
3037 3862 3088 3919 ἐν
3148 3864 3277 3919 ποσὶ
3351 3866 3687 3940 πραγμάτων
3739 3870 3850 3933 τῆς

2196 3959 2593 4030 στρατιωτικῆς
2636 3951 2725 4007 καὶ
2777 3950 3018 4022 εὐταξίας
3062 3950 3343 4032 ἐφρόντισε
3383 3952 3474 4007 καὶ
3520 3953 3850 4023 συστάσεως,

2195 4043 2293 4099 κᾶν
2352 4042 2435 4097 ὅτι
2497 4040 2737 4116 μάλιστα
2793 4038 3086 4116 συνέδρους
3140 4041 3258 4116 εἴγε
3310 4041 3439 4105 τοὺς
3497 4043 3850 4119 προγονοὺς⁹

2194 4130 2456 4210 ἐφέδρους
2504 4129 2562 4186 δὲ
2608 4128 2821 4203 μᾶλλον
2872 4129 3040 4186 εἰπεῖν
3074 4128 3456 4205 ἀληθέστερον,
3487 4130 3579 4186 καὶ
3632 4132 3726 4187 τὸν
3751 4135 3855 4188 τοῦ

2191 4216 2760 4298 προϐεϐασιλευκότος
2819 4217 3052 4296 ἀδελφὸν
3113 4220 3368 4291 Ἰωάννην
3427 4220 3519 4275 τὸν
3587 4219 3852 4296 Καίσαρα,

2194 4311 2246 4366 οἳ
2275 4310 2365 4366 καὶ
2422 4307 2680 4384 ἐμποδὼν
2739 4308 2886 4382 αύτῷ
2944 4308 3036 4363 ἀπ’
3093 4308 3273 4385 ἀρχῆς
3332 4305 3464 4385 ἄχρι
3510 4308 3707 4372 τέλους
3758 4329 3857 4384 γε·-

2192 4400 2405 4476 γόνασι,
2454 4399 2545 4454 καὶ
2588 4400 2657 4453 τὰ
2696 4398 2978 4473 Ῥωμαϊκὰ
3037 4402 3217 4463 κακῶς
3265 4396 3504 4463 διέθεσαν
3554 4397 3858 4477 πράγματα

2191 4491 2283 4546 καὶ
2332 4488 2408 4552 είς
2465 4489 2494 4544 ὃ
2544 4492 2635 4543 νῦν
2693 4487 2879 4562 ὁρᾶται
2928 4482 3148 4563 ἔχοντα.
3195 4489 3432 4563 ’Ἠρξατο
3475 4487 3580 4563 γάρ
3624 4485 3750 4550 τούς
3794 4507 3859 4543 τε

2193 4577 2568 4655 ἀλογωτέρους
2629 4574 2931 4647 δεξιοῦσθαι
2987 4576 3075 4631 καὶ
3134 4580 3253 4640 τοῖς
3307 4574 3567 4653 ἐχίφροσι
3618 4575 3711 4630 καὶ
3751 4596 3859 4631 πε-

418 4676 545 4748 qui,
579 4679 638 4732 et
667 4673 805 4729 belli
854 4686 1104 4727 munera
1140 4668 1460 4739 suscipere,
1495 4672 1552 4721 et
1578 4664 1804 4737 legatos
1849 4682 2075 4737 parare,

2193 4667 2540 4744 πειραμὲνοις
2598 4665 2816 4738 ὁμιλεῖν
2873 4669 2981 4719 τῶν
3043 4668 3415 4739 στρατιωτῶν,
3475 4664 3566 4720 καὶ
3610 4663 3861 4737 πολεμι-

421 4771 598 4839 atque
629 4764 893 4834 undique
937 4760 1211 4816 hostibus
1252 4757 1481 4839 aditum
1533 4754 1944 4811 intercludere.
1977 4754 2081 4811 His

420 4856 493 4911 de
521 4854 715 4911 causis
746 4851 980 4908 duobus
1027 4847 1247 4905 exactis
1271 4835 1274 4840 ’
1296 4846 1623 4911 mensibus,
1656 4843 1909 4901 Orientis
1940 4861 2084 4901 cura

416 4945 616 5018 ipsum
666 4943 844 5014 cepit,
874 4946 932 4996 et
962 4936 1204 4993 ultionis
1237 4933 1605 5007 justitiasque
1648 4934 1808 4989 zelus
1841 4933 2082 4990 delicias

417 5037 477 5089 et
508 5031 690 5089 animi
722 5028 1046 5095 mollitiem,
1074 5042 1199 5097 quae
1222 5025 1283 5079 in
1307 5024 1449 5078 urbe
1481 5023 1643 5095 regia
1672 5022 1886 5090 inerat,
1910 5022 2078 5091 vicit;

419 5123 576 5192 quod
619 5121 859 5192 quidem
909 5133 1117 5173 omnes
1168 5111 1437 5187 perculit,
1472 5112 1623 5167 celer
1652 5111 1924 5167 videlicet
1973 5128 2081 5184 ap-

417 5213 661 5283 paratus
690 5212 748 5263 et
778 5207 941 5273 ordo,
965 5222 1141 5276 quem
1173 5203 1425 5259 maxime
1456 5200 1787 5256 necessario
1821 5201 2083 5271 require-

419 5301 565 5355 bant
592 5314 684 5353 res
734 5294 1053 5353 Antiochiae
1083 5297 1142 5350 et
1169 5292 1386 5347 Cilicia
1425 5290 1898 5362 excursionibus,
1930 5306 2080 5360 quas

413 5386 690 5460 superius
737 5385 1018 5449 diximus,
1067 5381 1398 5453 defatigata
1445 5383 1504 5436 et
1550 5378 1611 5433 in
1658 5384 1916 5435 extrema
1972 5382 2076 5437 ad-

412 5477 602 5532 ductae
632 5473 997 5531 discrimina.
1030 5471 1120 5526 Ad
1160 5476 1357 5543 partes
1405 5472 1603 5525 autem
1636 5467 1825 5540 magis
1875 5469 2073 5527 Borea

428 5564 731 5637 subjectae
757 5564 883 5637 ipse
913 5560 1191 5618 sultanus
1221 5575 1356 5616 cum
1378 5557 1541 5616 omni
1567 5557 1821 5614 exercitu
1855 5557 2076 5633 irrupit

413 5671 621 5732 graves
660 5669 862 5712 secum
920 5650 1122 5723 capias
1169 5654 1228 5706 et
1273 5649 1492 5722 quibus
1548 5647 1746 5703 resisti
1801 5649 2067 5721 nequire,

411 5745 737 5810 adducens.
763 5746 834 5799 Et
859 5742 934 5800 ad
964 5741 1112 5798 ﬁnes
1136 5742 1535 5797 Romanorum
1565 5740 1853 5796 autumno
1888 5755 2079 5802 acces-

2190 4764 2298 4816 κῶν
2358 4756 2526 4834 ἔργων
2588 4756 2928 4831 ἀντέχεσθαι,
2986 4748 3320 4830 πρεσϐευτάς
3370 4774 3431 4810 τε
3488 4752 3807 4827 ἐτοιμάζειν
3841 4798 3858 4826 ,

2190 4849 2281 4904 καὶ
2365 4846 2701 4921 πανταχόθεν
2793 4848 2911 4904 τοῖς
2990 4841 3252 4907 ἐναντίοις
3330 4842 3690 4919 ἐπιτειχίζειν
3745 4842 3858 4912 τὴν

2191 4935 2456 5015 πάροδον.
2490 4937 2587 4990 Διὰ
2637 4932 2804 4989 ταῦτά
2857 4954 2944 4989 τοι
3003 4929 3093 4987 διὰ
3147 4930 3242 4988 δύο
3272 4937 3463 5007 μηνῶν
3491 4929 3782 5006 παρολκην
3819 4935 3859 5002 ἡ

2189 5035 2291 5096 τῆς
2324 5026 2493 5098 Ἐῲας
2522 5024 2684 5080 αὐτὸν
2738 5020 2955 5098 δέχεται
2986 5021 3319 5098 Προποντὶς,
3352 5022 3442 5078 καὶ
3474 5023 3502 5075 6
3545 5018 3715 5091 ζῆλος
3745 5027 3861 5090 τῆς

2191 5114 2431 5180 ἐκδικίας
2481 5112 2697 5184 ἐνίκησε
2742 5113 2841 5182 τήν
2887 5110 2938 5167 ἐν
2988 5113 3057 5187 τῇ
3112 5108 3356 5186 βασιλίδι
3404 5113 3616 5189 τρυφήν
3659 5130 3718 5165 τε
3756 5110 3859 5165 καὶ

2192 5202 2487 5279 θυμηδίαν.
2538 5204 2606 5260 Ὃ
2653 5202 2741 5256 καὶ
2793 5198 2994 5263 πάντας
3043 5197 3404 5274 κατέπληξεν,
3435 5201 3470 5270 ἡ
3515 5204 3712 5275 ταχεῖα
3743 5194 3858 5270 δη-

2194 5292 2335 5363 λαδὴ
2412 5289 2699 5366 ἐτοιμασία
2755 5292 2846 5345 καὶ
2899 5286 3135 5361 διάταξις
3190 5288 3281 5344 καὶ
3339 5288 3652 5365 παρασκευή
3714 5287 3862 5360 πρὸς

2193 5385 2429 5459 ἀνάγκης
2488 5379 2636 5452 αύτῷ
2693 5379 2958 5455 γενομένη
3017 5374 3260 5447 πολλῆς.
3308 5380 3397 5453 [Ρ.
3441 5380 3593 5452 823].
3638 5376 3722 5434 Τὰ
3755 5376 3861 5448 μὲν

2190 5474 2327 5530 κατὰ
2354 5473 2455 5541 τήν
2504 5470 2849 5544 Ἀντιόχειαν
2898 5467 2989 5522 καὶ
3043 5464 3295 5523 Κιλικίαν
3345 5471 3462 5529 ταῖς
3510 5465 3861 5541 προειρημέ-

2190 5584 2309 5627 ναις
2354 5559 2652 5636 ἐκδρομαῖς
2700 5551 3040 5629 άπειρηκότα
3082 5553 3135 5610 ἐν
3166 5553 3419 5632 ἐσχάτοις
3467 5551 3762 5615 κινδύνοις·
3799 5552 3857 5608 ἐν

2194 5651 2252 5709 δι
2298 5656 2417 5713 τοῖς
2471 5648 2835 5723 βορειοτέροις
2889 5644 3052 5710 αὐτὸς
3100 5645 3128 5700 ὁ
3183 5645 3483 5709 σουλτάνος
3515 5648 3860 5719 πανστρατιᾷ

2191 5739 2507 5815 ἐξελήλυθε,
2551 5736 2808 5814 δυνάμεις
2853 5735 3003 5814 ἄγων
3052 5733 3415 5802 άνυποίστους
3459 5733 3553 5791 καὶ
3606 5732 3859 5812 βαρείας,
