4122 6400
344 415 470 473 397

1877 412 2272 474 HISTORIA.

3668 415 3789 477 393

346 544 438 598 καὶ
480 548 600 604 τοῖς
653 542 828 616 ὁρίοις
875 545 984 596 τῶν
1039 541 1326 616 Ῥωμαίων
1374 546 1454 614 τῷ
1499 546 1675 617 καιρῷ
1721 544 1818 596 τοῦ
1857 542 2015 617 φθιν-

2133 547 2302 612 serat,
2334 549 2399 600 ut
2447 545 2529 600 ibi
2561 545 2871 611 hiemaret,
2893 551 2951 602 et
2999 547 3238 602 ineunte
3267 562 3399 603 vere
3431 552 3496 604 ut
3525 548 3678 604 668
3711 565 3782 604 ex

350 633 568 707 ombpau
620 629 974 706 προσῄνωτο,
1013 629 1356 706 βουλόμενος
1407 629 1819 706 παραχειμάσαι
1852 629 2024 686 ἐκεῖσε

337 721 427 776 καὶ
474 720 794 797 ἀρχομένου
837 725 938 776 τοῦ
989 717 1146 797 ἔαρος
1193 726 1488 797 προσεχῶς
1540 715 1876 797 προσϐαλεῖν
1929 733 2023 786 καὶ

337 808 520 885 ἄρδην
566 809 870 885 ἀνατρέψαι
921 811 1026 878 τήν
1073 809 1364 884 Ῥωμαίων
1410 810 1500 866 καὶ
1547 809 1818 866 καθελεῖν.
1860 810 1920 868 Ὁ
1965 807 2024 864 δὲ

339 897 609 975 βασιλεὺς
665 901 896 974 στρατὸν
946 898 1286 976 ἐπαγόμενος
1331 898 1440 975 οὐχ
1467 902 1588 954 οἷον
1621 898 1766 961 εἷ’κὸς
1796 899 1886 954 τὸν
1925 899 1992 972 βα

342 988 502 1044 σιλια
545 988 856 1062 Ῥωμαίων,
907 986 1038 1044 ἀλλ’
1086 991 1203 1044 οἷον
1249 995 1511 1065 παρεῖχεν
1556 991 1585 1044 6
1631 988 1821 1063 καιρὸς
1863 985 1929 1042 ἳκ
1957 977 2022 1072 1:;

343 1075 668 1134 Μακεδόνων
749 1077 841 1132 καὶ
924 1075 1263 1153 Βουλγάρων
1323 1076 1414 1133 καί
1490 1074 1867 1135 Καππαδοκῶν
1926 1090 2021 1145 καῖ

347 1164 530 1236 Οὗζων
583 1167 676 1222 καὶ
729 1170 838 1221 τῶν
896 1163 1085 1222 ἄλλων
1132 1161 1561 1244 παρατυχόντων
1601 1166 1849 1235 ἐθνικῶν,
1881 1167 2020 1242 πρὸς

348 1253 405 1310 δὲ
431 1255 518 1310 καὶ
554 1254 825 1331 Φράγγων
871 1255 961 1310 καὶ
1010 1256 1333 1331 Βαράγγων,
1377 1263 1478 1326 τῆς
1529 1253 1661 1312 ὁδοῦ
1707 1252 2018 1317 σπουδαίως

341 1344 615 1422 ἐφήψατο.
668 1344 770 1400 Καὶ
841 1346 1192 1420 συνήχθησαν
1246 1343 1305 1401 δὲ
1352 1346 1404 1400 οἱ
1460 1345 1655 1407 πάντες
1714 1342 2016 1418 ιιελεύματι

334 1432 618 1510 βασιλικῷ
668 1432 722 1488 ἐν
759 1437 830 1507 τῇ
877 1433 1093 1508 Φρυγίᾳ
1122 1431 1250 1504 ἤτοι
1302 1439 1383 1507 τῷ
1414 1433 1610 1508 θέματι
1639 1438 1746 1489 τῶν
1782 1431 2015 1489 Ἀνατο’

325 1521 536 1593 λικῶν,
568 1520 698 1586 ἔνθα
726 1521 821 1577 καὶ
866 1521 934 1591 ἧν
989 1519 1123 1578 ἴδεῖν
1149 1523 1213 1578 τὸ
1253 1520 1590 1600 παράδοξον,
1620 1522 1748 1585 τοὺς
1783 1515 2014 1592 διαϐοή-

324 1633 464 1675 τους
510 1610 844 1686 προμάχους
873 1615 982 1666 τῶν
1017 1609 1307 1686 Ῥωμαίων
1339 1616 1446 1667 τῶν
1481 1617 1654 1667 πᾶσαν
1694 1613 1797 1682 τὴν
1838 1612 2013 1683 Ἐῴαν

328 1702 426 1757 καὶ
457 1703 564 1770 τήν
598 1701 864 1774 Ἑσπέραν
913 1698 1491 1775 καταδουλωσαμένων
1541 1701 1594 1772 ἰξ
1625 1700 1830 1776 ὀλίγων
1877 1720 2016 1774 συγ-

329 1791 629 1865 κειμὲνους
703 1787 940 1865 ἀνδρῶν,
1014 1791 1106 1846 καὶ
1183 1789 1393 1846 τούτων
1469 1790 1882 1866 συγκεκυφότων
1942 1792 2009 1862 τῇ

2132 633 2463 706 propinquo
2495 640 2694 706 posset
2731 635 3006 691 invadere
3035 640 3091 691 et
3123 635 3357 708 penitus
3388 637 3787 694 Romanorum

2133 741 2227 780 res
2257 730 2517 780 evertere
2565 742 2629 780 ac
2678 725 2969 781 demoliri.
3005 727 3326 796 Imperator
3353 731 3546 782 autem
3599 728 3788 782 addu-

2133 830 2270 869 cens
2299 815 2642 882 exercitum,
2675 831 2791 870 non
2835 814 3069 885 qualem
3102 816 3345 871 decebat
3384 816 3788 872 Romanorum

2131 903 2570 974 imperatorem,
2600 905 2700 960 sed
2731 904 2966 976 qualem
2990 921 3250 976 praesens
3276 905 3505 960 occasio
3537 905 3792 976 praabuit

2131 1007 2200 1048 ex
2240 993 2660 1050 Macedonibus
2709 998 2766 1050 et
2814 994 3086 1066 Bulgaria
3134 998 3191 1050 et
3239 994 3684 1066 Gappadocibus
3734 997 3794 1049 et

2132 1081 2264 1138 Uzis
2286 1088 2344 1137 et
2369 1081 2523 1150 aliis,
2549 1088 2613 1137 ut
2638 1083 2758 1138 fors
2779 1083 3015 1151 tulerat,
3040 1083 3407 1149 nationibus,
3429 1083 3794 1156 insuperque

2131 1188 2161 1226 e
2193 1171 2433 1227 Francis
2459 1177 2517 1228 et
2547 1172 2851 1244 Barangis,
2882 1173 3146 1229 studiose
3176 1173 3287 1228 iter
3315 1173 3588 1244 arripuit,
3612 1179 3668 1228 et
3701 1189 3795 1229 co-

2130 1261 2241 1316 acti
2273 1265 2413 1316 sunt
2460 1261 2832 1333 imperatoris
2873 1263 3050 1332 jussu
3101 1279 3308 1318 omnes
3360 1263 3460 1332 qui
3511 1267 3681 1318 erant
3731 1262 3793 1316 in

2127 1351 2376 1424 Phrygia
2433 1368 2536 1407 seu
2596 1352 2898 1424 provincia
2942 1351 3350 1408 Orientalium.
3385 1351 3492 1407 Ubi
3555 1367 3796 1407 cernere

2127 1445 2352 1512 poterat
2385 1441 2579 1497 nescio
2607 1441 2748 1512 quid
2782 1441 3146 1509 incredibile,
3171 1440 3431 1496 celebres
3463 1439 3598 1496 illos
3625 1443 3791 1494 ante-

2126 1529 2408 1601 signanos
2452 1531 2873 1596 Romanorum,
2902 1530 3004 1602 qui
3051 1546 3287 1586 omnem
3317 1535 3376 1586 et
3403 1530 3700 1586 Orientem
3734 1533 3793 1584 et

2125 1618 2499 1675 Occidentem
2549 1621 2608 1674 in
2657 1621 3000 1676 servitutem
3050 1621 3416 1689 redegerunt,
3462 1636 3531 1674 ex
3582 1617 3791 1691 paucis

2122 1708 2263 1764 viris
2311 1708 2607 1774 collectos,
2647 1710 2838 1782 iisque
2888 1713 3232 1782 paupertate
3262 1713 3320 1766 et
3347 1709 3654 1764 vexatione
3684 1708 3790 1763 de-

2122 1799 2324 1854 missis
2354 1807 2528 1870 atque
2567 1799 2730 1854 omni
2778 1816 3076 1854 armorum
3109 1815 3322 1871 genere
3354 1797 3645 1871 spoliatis,
3681 1815 3789 1870 pro

327 1882 496 1952 πενίᾳ
563 1879 658 1936 καὶ
732 1878 1007 1956 κακουχίᾳ
1072 1880 1165 1935 καὶ
1222 1879 1532 1944 πανοπλίας
1587 1876 1963 1956 ἐστερημένων
1994 1925 2011 1953 ,

2133 1887 2336 1960 gladiis
2384 1893 2443 1943 et
2491 1887 2622 1944 aliis
2651 1887 2882 1943 bellicis
2913 1889 3118 1953 armis,
3155 1893 3220 1944 ut
3269 1889 3574 1960 Scriptura
3621 1886 3789 1955 dicit,

327 1980 450 2035 ἀντὶ
507 1983 800 2055 μαχαιρῶν
847 1978 939 2033 καὶ
987 1975 1175 2035 ἄλλων
1225 1979 1474 2054 ὀργάνων
1524 1978 1888 2052 πολεμικῶν,
1936 1977 1999 2033 τὸ

330 2073 432 2133 τῆς
459 2075 683 2146 Γραφῆς
713 2066 876 2144 ἐρεῖν,
913 2062 1131 2137 ζιῦύνας
1176 2068 1269 2124 καὶ
1320 2067 1557 2143 δρέπανα
1604 2068 1704 2123 οὐκ
1741 2068 1796 2123 ἰν
1822 2071 2000 2143 καιρῷ

341 2157 561 2234 εὶρήνης
603 2156 997 2234 ἐπαγομένους,
1052 2155 1229 2213 ἵππου
1283 2179 1342 2213 τε
1391 2156 1702 2231 πολεμικοῦ
1759 2157 1849 2213 καὶ
1902 2159 2003 2222 τῆς

345 2246 526 2317 ἄλλης
578 2249 922 2322 παρασκευῆς
988 2244 1185 2309 ἐνδεῶς
1245 2243 1498 2323 ἔχοντας,
1557 2249 1648 2302 ἅτε
1705 2248 1780 2322 μή
1841 2267 2002 2324 στρα-

345 2337 670 2409 τευσαμὶνου
729 2333 1004 2411 βασιλέως
1062 2335 1122 2392 lx
1177 2335 1420 2406 πολλοῦ,
1470 2337 1563 2392 καὶ
1617 2335 1708 2392 διὰ
1733 2341 1896 2393 τοῦτο
1929 2337 2004 2402 ὡς

347 2426 635 2501 ἀχρήστων
686 2426 780 2481 καὶ
840 2423 1148 2481 ἀσυντελῶν
1201 2426 1293 2481 καὶ
1348 2426 1440 2482 τὸν
1502 2426 1770 2501 ὀψωνικὸν
1826 2424 2001 2480 αὐτῶν

339 2513 771 2591 παραιρεθὲντων
850 2515 943 2570 καὶ
1000 2515 1062 2570 τὸ
1133 2516 1380 2571 ἀνέκαθεν
1436 2515 1740 2590 σιτηρέσιον
1805 2513 2004 2590 (δειλοὶ

335 2606 441 2680 γὰρ
500 2605 593 2660 καὶ
649 2603 935 2668 ἀνάλκιδες
977 2605 1067 2660 καὶ
1115 2606 1254 2680 πρὸς
1305 2602 1458 2661 οὐδὲν
1510 2611 1757 2681 γενναῖον
1809 2624 2008 2680 χρησι-

341 2693 597 2768 μεύοντες
649 2693 1083 2772 κατεφαίνοντο)⁴
1132 2695 1224 2749 καὶ
1273 2693 1438 2760 αὐτὰς
1473 2695 1568 2757 τὰς
1601 2693 1838 2768 σημαίας
1872 2714 2008 2748 σιω-

337 2789 537 2860 πηρῶς
614 2785 1048 2861 ἀποφθέγγεσθαι
1125 2785 1354 2860 πιναρὰς
1453 2785 1738 2862 ὁρωμένας
1827 2784 2006 2860 ὥσπερ

332 2875 446 2930 ἀπὸ
477 2872 708 2949 λιγνύος
735 2872 1087 2952 ἐζοφωμένας
1118 2879 1350 2942 καπνοῦ,
1382 2874 1472 2930 καὶ
1503 2872 1744 2937 ὀπαδοὺς
1775 2873 2008 2950 ἐχούσας

334 2965 759 3040 εὐαριθμήτους
818 2964 908 3018 καὶ
969 2963 1292 3040 πενιχρούς.
1348 2968 1524 3019 Ταῦτα
1578 2969 1697 3026 τοῖς
1745 2967 2008 3038 παροῦσιν

338 3055 611 3130 ὁρώμενα
668 3051 886 3123 πολλὴν
948 3053 1184 3126 ἀθυμίαν
1238 3060 1518 3130 προσῆγον
1571 3052 1661 3107 καὶ
1713 3051 2009 3121 ἐνεποίουν,

333 3150 838 3228 ἀναλογιζομένοις
892 3150 943 3222 ἆξ
1005 3149 1136 3206 ο⁹ίων
1188 3157 1287 3206 ποῖ
1342 3153 1714 3223 κατηντήκασι
1763 3150 1831 3206 τὰ
1876 3151 2012 3207 Ῥω-

341 3242 526 3314 μαίων
556 3238 916 3316 στρατόπεδα,
965 3241 1056 3296 καὶ
1105 3239 1258 3306 αὖθις
1308 3242 1430 3297 τίνα
1467 3240 1670 3318 τρόπον
1703 3240 1807 3296 κάκ
1835 3239 2010 3295 ποίων

336 3333 660 3407 χρημάτωι
687 3331 776 3386 καὶ
829 3329 918 3385 διὰ
963 3329 1137 3385 πόσου
1184 3335 1281 3386 τοῦ
1329 3330 1538 3406 χρόνου
1578 3331 1655 3392 εἷς
1684 3331 1748 3385 τὸ
1779 3330 2010 3405 ἀρχαῖον

340 3418 825 3492 ἐπανελεύσονται,
867 3424 978 3475 τῶν
1033 3420 1126 3494 μὲν
1181 3419 1556 3496 γηραιοτὲρων
1611 3440 1700 3475 και
1750 3438 2014 3496 πεπειρα-

347 3510 528 3583 μένων
586 3509 850 3585 ἀφίππων
909 3504 1080 3565 ὄντων
1139 3509 1231 3564 καὶ
1282 3508 1481 3583 ψιλῶν,
1534 3515 1636 3578 τῆς
1688 3506 1746 3564 δὲ
1784 3505 2015 3570 νεαλοῦς

342 3603 606 3673 στρατιᾶς
665 3597 1116 3674 ἀπειροπολέμου
1176 3598 1568 3669 καθεστηκυίας
1627 3597 1717 3653 καὶ
1769 3601 1877 3652 τῶν
1917 3617 2017 3652 πο-

352 3687 602 3759 λεμικῶν
655 3688 761 3743 οὐκ
801 3685 996 3752 ὶθαδος
1028 3687 1278 3763 ἀγώνων.
1334 3689 1430 3743 Καὶ
1475 3686 1628 3752 αὖθις
1675 3688 1739 3743 τὸ
1784 3688 1892 3741 τῶν
1923 3686 2021 3740 ἀν-

355 3777 758 3852 τιτεταγμὶνων
802 3775 1323 3854 φιλοκινδυνότατον
1379 3775 1431 3832 ἐν
1479 3775 1774 3850 πολέμοις,
1826 3775 2021 3848 ἐπίμο-

355 3888 450 3922 νον
511 3867 602 3922 καΐ
661 3861 922 3942 ἔμπειρον
981 3866 1072 3922 καὶ
1134 3864 1462 3938 ἐπιτήδειον.
1523 3868 1795 3930 Πάντοθεν
1851 3863 1942 3920 οῦν
1993 3865 2021 3918 ὁ

357 3964 621 4040 βασιλεὺς
673 3964 1113 4042 ἐξαπορούμενος
1161 3965 1316 4038 ὅμως
1369 3963 1460 4020 διὰ
1503 3967 1602 4034 τήν
1648 3967 1840 4033 κοινήν
1870 3951 2022 4018 λυσί-

363 4053 586 4108 τίλειαν
633 4048 832 4130 ἔκρινεν
887 4056 962 4117 ὡς
1017 4054 1141 4124 ἐνῆν
1189 4060 1308 4118 τοῖς
1347 4054 1571 4130 ἐχθροῖς
1598 4053 2026 4128 ἀντιπαρατάξα-

367 4154 498 4207 σθαι
529 4143 619 4198 καί
661 4147 757 4214 τῆς
802 4142 1025 4214 πολλῆς
1067 4144 1263 4208 αὐτοὺς
1315 4149 1503 4208 ποσῶς
1551 4143 1897 4220 ἀναχαιτίσαι
1936 4142 2026 4198 καὶ

361 4233 681 4290 ἀναστεῖλαι
760 4233 961 4310 ὅρμῆς.
1016 4232 1152 4298 Τοὺς
1205 4234 1307 4312 γὰρ
1363 4233 1638 4297 ἐναντίους
1707 4233 2030 4309 ἀγνοοῦντας

352 4324 426 4378 τὰ
476 4320 622 4378 οἶκοι
670 4323 762 4378 τὸν
813 4322 1042 4398 βασιλέα
1083 4325 1340 4393 πιέζοντά
1388 4345 1447 4379 τε
1497 4327 1577 4394 [Ρ.
1611 4326 1740 4396 824]
1771 4323 1860 4378 καὶ
1911 4321 2031 4387 θλί-

364 4407 538 4468 ϐοντι
566 4415 602 4482 ὴ
646 4411 818 4489 ἀθρόα
865 4412 1064 4468 τούτου
1124 4414 1270 4488 ὁρμή
1328 4434 1389 4468 τε
1432 4411 1522 4468 καί
1572 4407 1770 4487 ἔφοδος
1817 4409 2031 4486 μᾶλλον

358 4501 680 4575 ἐξέπληξεν,
741 4501 1048 4576 οἰηθέντας,
1109 4502 1292 4579 ὥσπερ
1350 4502 1443 4558 καὶ
1500 4501 1721 4579 ὕστερον
1784 4503 2034 4575 μεμαθή-

361 4613 564 4664 καμεν,
609 4589 695 4646 ὅτι
743 4589 1010 4647 κινδύνων
1063 4591 1221 4655 οὗτος
1255 4593 1283 4648 6
1322 4589 1610 4668 ἅνθρωπος
1642 4588 1837 4648 οὐδένα
1867 4589 2034 4666 λόγον

2111 1975 2312 2046 jacula
2340 1981 2398 2032 et
2429 1976 2608 2032 falces
2657 1993 2772 2032 non
2821 1985 3086 2050 tempore
3119 1977 3280 2048 pacis
3330 1975 3786 2044 adducentibus,

2111 2078 2170 2129 et
2226 2073 2435 2130 bellico
2491 2073 2760 2146 equitatu
2819 2073 3052 2146 alioque
3117 2074 3530 2147 indigentibus
3603 2091 3792 2146 appa~

2112 2167 2267 2231 ratu,
2299 2164 2520 2235 quippe
2568 2179 2703 2218 cum
2755 2162 3079 2234 imperator
3136 2163 3277 2219 illuc
3331 2180 3465 2219 cum
3515 2162 3778 2220 exercitu

2103 2252 2466 2324 jampridem
2499 2253 2795 2324 profectus
2845 2269 2960 2307 non
3011 2257 3186 2322 esset,
3219 2258 3276 2307 et
3320 2253 3430 2307 hac
3479 2253 3552 2307 de
3599 2267 3779 2307 causa

2114 2341 2236 2398 illis
2265 2348 2546 2414 tanquam
2581 2341 2890 2397 inutilibus
2929 2342 3206 2413 adempta
3244 2347 3442 2398 essent
3471 2340 3691 2396 cibaria
3722 2346 3781 2395 et

2115 2431 2216 2503 qui
2248 2430 2491 2502 praeberi
2530 2435 2916 2485 consueverat
2945 2436 3312 2486 commeatus
3343 2446 3358 2485 :
3391 2429 3586 2485 timidi
3618 2428 3776 2484 enim

2117 2526 2174 2576 et
2212 2519 2535 2576 imbecilles
2590 2524 2648 2574 et
2705 2520 2778 2575 ad
2838 2520 3061 2575 nullam
3122 2536 3244 2576 rem
3295 2525 3597 2576 strenuam
3642 2517 3777 2574 usui

2118 2612 2546 2678 censebantur;
2606 2610 2688 2664 ita
2745 2615 2808 2663 ut
2873 2610 3048 2664 etiam
3115 2610 3246 2679 ipsa
3312 2609 3486 2680 signa
3542 2605 3779 2663 silentio

2119 2700 2581 2771 responderent,
2650 2699 2890 2754 sordida
2956 2703 3301 2770 conspecta,
3354 2701 3638 2768 tanquam
3708 2695 3781 2752 ab

2120 2789 2377 2845 extincto
2432 2787 2658 2843 lumine
2707 2789 3020 2843 obscurato
3069 2788 3252 2857 fumo,
3286 2791 3344 2844 et
3400 2803 3620 2858 paucos
3676 2784 3787 2840 ba-

2121 2878 2321 2933 bentia
2379 2877 2683 2934 ministros
2740 2893 2960 2949 eosque
3019 2894 3327 2950 pauperes.
3362 2876 3494 2932 Haec
3551 2875 3625 2930 iis
3683 2873 3786 2946 qui

2122 2968 2367 3024 aderant
2446 2967 2829 3023 cernentibus
2908 2983 3085 3022 causa
3163 2970 3329 3022 erant
3393 2970 3460 3022 ut
3524 2964 3781 3020 multum

2124 3056 2558 3127 desponderent
2615 3058 2882 3112 animum
2935 3061 2994 3111 et
3043 3060 3397 3120 metuerent,
3455 3055 3783 3126 cogitantes

2124 3163 2191 3202 ex
2233 3161 2348 3217 quo
2388 3149 2545 3202 statu
2602 3146 2660 3199 in
2714 3161 2888 3217 quem
2941 3144 3162 3200 redacti
3213 3145 3332 3200 sint
3385 3144 3784 3199 Romanorum

2126 3243 2278 3299 669
2317 3242 2627 3309 exercitus,
2660 3246 2716 3297 et
2749 3259 2956 3296 rursus
3005 3257 3260 3312 quanam
3313 3239 3538 3296 ratione
3568 3243 3627 3294 et
3656 3237 3788 3310 qui-

2129 3337 2240 3390 bus
2270 3333 2483 3404 opibus
2533 3336 2590 3388 et
2639 3335 2860 3403 quanto
2900 3337 3166 3403 tempore
3215 3331 3274 3385 in
3329 3330 3640 3401 antiquum
3669 3335 3789 3385 sta-

2123 3429 2252 3479 tum
2282 3421 2566 3477 vindicari
2619 3423 2869 3493 possint,
2901 3437 3036 3476 cum
3091 3421 3345 3492 majores
3375 3423 3514 3474 natu
3548 3423 3606 3474 et
3631 3422 3789 3475 vete-

2127 3512 2257 3568 rani
2289 3510 2509 3566 milites
2553 3514 2609 3565 et
2653 3509 2822 3581 periti
2853 3515 3119 3566 carerent
3148 3509 3416 3582 equitatu
3449 3512 3507 3564 et
3535 3507 3794 3564 inermes

2129 3607 2345 3668 essent,
2376 3601 2600 3657 tirones
2630 3605 2827 3656 autem
2873 3599 3131 3671 imperiti
3164 3615 3356 3670 neque
3405 3598 3636 3654 bellicis
3667 3615 3794 3654 cer-

2128 3690 2456 3747 taminibus
2515 3690 2758 3746 assueti.
2820 3689 2900 3743 Ad
2962 3688 3073 3744 hoc
3131 3687 3501 3742 adversarios
3559 3703 3796 3759 quoque

2131 3782 2386 3836 maxime
2436 3785 2707 3835 strenuos
2751 3783 2807 3834 et
2855 3779 3107 3833 audaces
3166 3778 3238 3832 ab
3289 3777 3601 3833 subeunda
3659 3775 3795 3832 belli

2133 3869 2411 3942 pericula,
2445 3875 2504 3924 et
2551 3867 2797 3924 stabiles
2848 3872 3024 3939 atque
3071 3867 3294 3940 peritos
3323 3870 3381 3920 et
3409 3865 3654 3921 idoneos
3687 3882 3794 3920 no-

2134 3963 2285 4014 rant.
2329 3959 2407 4014 Ex
2455 3956 2617 4012 omni
2678 3956 2858 4028 igitur
2909 3961 3072 4026 parte
3121 3971 3336 4026 anceps
3391 3957 3449 4009 et
3505 3953 3795 4009 sollicitus

2132 4050 2453 4120 imperator
2501 4052 2696 4102 tamen
2748 4045 3075 4100 communis
3128 4043 3402 4098 utilitatis
3443 4059 3642 4113 causa,
3672 4048 3792 4098 sta-

2136 4139 2274 4203 tuit,
2307 4142 2597 4210 quantum
2647 4137 2708 4190 in
2759 4152 2820 4191 se
2871 4139 3014 4201 erat,
3048 4138 3254 4190 contra
3310 4133 3506 4189 hostes
3552 4132 3792 4200 instrui,

2138 4252 2463 4307 eorumque
2527 4251 2596 4289 ex
2651 4232 2848 4304 aliqua
2911 4235 3074 4304 parte
3139 4231 3443 4303 ingentem
3507 4229 3796 4302 impetum

2139 4325 2548 4397 comprimere.
2582 4323 2652 4378 Et
2693 4321 3062 4377 adversarios
3103 4320 3364 4392 quidem,
3397 4320 3635 4392 ignaros
3666 4321 3797 4391 qui-

2141 4418 2256 4473 bus
2285 4413 2455 4470 malis
2479 4411 2637 4468 domi
2660 4420 2966 4468 vexaretur
2986 4427 3052 4466 ac
3079 4413 3442 4482 premeretur
3461 4409 3802 4480 imperator,

2144 4504 2488 4579 repentinus
2537 4502 2729 4574 ipsius
2759 4509 3003 4557 conatus
3047 4504 3107 4555 et
3137 4499 3425 4554 adventus
3457 4498 3646 4570 magis
3676 4515 3806 4570 per-

2145 4594 2378 4661 terruit,
2411 4597 2589 4662 ratos,
2618 4596 2683 4647 ut
2715 4594 2916 4663 postea
2947 4588 3287 4657 didicimus,
3319 4586 3620 4643 hominem
3651 4587 3811 4643 hunc

363 4681 694 4751 πεποίηται,
728 4679 854 4737 ἀλλ’
905 4676 1064 4757 ἔαρος
1113 4679 1188 4737 ὢν
1220 4683 1491 4757 φοιτητὴς
1536 4683 1916 4751 καινοποιήσει
1945 4681 2022 4734 κα

2147 4683 2540 4757 periculorum
2568 4680 2790 4736 nullam
2816 4680 3104 4735 rationem
3129 4676 3615 4742 habiturum,sed
3633 4691 3811 4731 verno

366 4766 644 4843 ἀνηϐήσει
697 4771 767 4826 τὰ
820 4771 1112 4844 Ῥωμαίων
1167 4769 1462 4848 πράγματα
1517 4771 1604 4826 καὶ
1673 4770 2036 4840 ἀντισηκώσει

363 4865 492 4922 τοῖς
526 4859 754 4935 ἂχθροῖς
782 4861 848 4914 τὰ
878 4858 1154 4936 ἐπίχειρα.
1190 4861 1333 4934 [Διά]
1365 4861 1536 4916 ταῦτά
1562 4882 1649 4916 τοι
1681 4861 1709 4914 ὁ
1745 4860 1838 4934 μὲν
1873 4866 2036 4914 σουλ-

359 4966 530 5013 τανος
580 4949 994 5026 ὀπισθόρμητος
1043 4949 1250 5025 γέγονε,
1308 4954 1507 5024 μοῖραν
1539 4947 1597 5004 δέ
1639 4970 1762 5004 τινα
1795 4947 2038 5024 μεγάλην

360 5037 808 5112 ἀποτεμόμενος,
836 5040 927 5094 καὶ
953 5038 1156 5111 ταύτην
1184 5037 1549 5116 διχῆδιελὼν,
1577 5041 1676 5108 τὴν
1713 5040 1807 5113 μὲν
1836 5038 1913 5101 εἷς
1945 5039 2045 5107 τήν

364 5137 561 5196 Ἀσίαν
618 5138 719 5206 τὴν
774 5135 885 5192 ἄνω
942 5138 1275 5215 νοτιωτᾶραν
1335 5136 1626 5210 ἐκπέμπει,
1685 5139 1784 5206 τὴν
1846 5134 1904 5192 δὲ
1955 5137 2048 5212 βο-

367 5227 652 5304 ρειοτίραν
704 5225 1079 5304 παραγγίλλει
1139 5227 1407 5302 γενέσθαι.
1462 5228 1519 5281 Ὃ
1565 5224 1623 5282 δὶ
1676 5225 1932 5302 βασιλεὺς
1975 5224 2049 5287 ὡς

367 5313 502 5383 ἇνῆν
531 5313 660 5376 τοὺς
693 5312 788 5369 σὺν
831 5315 982 5387 αὐτῷ
1034 5312 1350 5391 ἐπιρρώσας
1397 5311 1502 5388 ὅλῃ
1545 5315 1720 5391 χειρὶ,
1763 5314 1854 5369 καὶ
1888 5313 2050 5384 ἀξιώ-

379 5423 513 5475 μασι
567 5403 655 5458 καῖ
699 5401 901 5480 δώροις
947 5403 1318 5480 ἀναθαῤῥῆσαι
1369 5403 1714 5475 πεποιηκὼς,
1761 5403 1850 5459 καὶ
1908 5402 2054 5478 λοχ-

371 5491 541 5569 αγοὺς
629 5490 719 5548 καί
803 5493 1104 5569 ταξιάρχας
1189 5491 1444 5569 ἀρίστους
1527 5493 1736 5566 ἑκάστῳ
1817 5493 2054 5569 τάγματι

369 5580 662 5656 ἐπιμελῶς
706 5583 1187 5659 προστησάμενος,
1247 5582 1300 5638 ἐν
1351 5582 1528 5660 ὀλίγῳ
1585 5582 1771 5659 χρόνῳ
1803 5583 2054 5656 στρατιὰν

376 5669 669 5747 ἀξιόλογον
727 5673 1123 5746 κατεστήσατο,
1173 5672 1267 5728 καὶ
1321 5673 1438 5746 μετ’
1493 5669 1664 5743 αὐτῆς
1726 5670 1815 5728 ἐπὶ
1849 5673 2057 5749 Πέρσας

373 5761 794 5842 προθυμότερον
844 5757 1103 5834 ¹Ιίλαυνεν.
1133 5762 1224 5840 Ὧς
1272 5758 1332 5819 δὶ
1373 5762 1440 5821 τὸ
1486 5761 1708 5841 βόρειον
1756 5761 2062 5842 στρατόπε-

2143 4779 2409 4845 tempore
2439 4772 2855 4833 adventuram,
2883 4771 3302 4835 auctoremque
3333 4765 3454 4819 fore
3492 4768 3557 4818 ut
3600 4781 3813 4820 rursus

2149 4865 2415 4919 Romana
2443 4876 2538 4915 res
2567 4858 2900 4914 efﬂorescat
2920 4860 2978 4912 et
3007 4855 3171 4928 paria
3200 4852 3470 4908 hostibus
3501 4854 3806 4926 rependat.

2151 4961 2378 5025 Quibus
2410 4959 2482 5013 de
2511 4957 2708 5013 causis
2755 4955 3028 5011 sultanus
3076 4949 3338 5007 recessit.
3373 4949 3590 5005 Verum
3621 4950 3815 5007 divisa

2154 5033 2312 5105 haud
2344 5048 2554 5119 exigua
2583 5047 2872 5101 exercitus
2915 5059 3093 5098 manu
3141 5040 3199 5095 in
3246 5040 3394 5095 duas
3424 5045 3642 5111 partes,
3674 5040 3815 5096 alle-

2157 5155 2281 5195 ram
2317 5140 2375 5193 in
2409 5137 2608 5192 Asiam
2640 5134 3004 5207 superiorem
3046 5132 3114 5186 ad
3168 5131 3382 5184 Istrum
3417 5130 3608 5200 magis
3640 5130 3815 5185 sitam

2158 5229 2396 5297 emittit,
2429 5227 2674 5282 alteram
2707 5225 2775 5279 ad
2812 5228 3010 5296 partes
3055 5220 3245 5292 magis
3276 5217 3673 5289 aquilonares.
3709 5221 3820 5276 Im-

2160 5323 2395 5390 perator
2441 5320 2636 5371 autem
2684 5313 2834 5376 suis,
2884 5316 3174 5382 quantum
3227 5308 3414 5375 licuit,
3463 5309 3827 5364 conﬁrmatis

2163 5407 2324 5464 omni
2369 5409 2658 5478 potestate
2685 5408 2743 5458 et
2773 5401 3062 5473 dignitate
3093 5415 3159 5454 ac
3192 5397 3560 5466 muneribus,
3584 5403 3642 5453 et
3669 5398 3827 5453 bono

2166 5497 2366 5553 animo
2398 5511 2527 5551 esse
2557 5493 2769 5564 jussis,
2801 5488 3363 5561 manipulorumque
3395 5487 3743 5542 ductoribus
3774 5493 3834 5543 et

2167 5585 2409 5658 optimis
2433 5581 2721 5656 praefectis
2745 5578 3070 5650 unicuique
3091 5575 3312 5649 legioni
3339 5575 3652 5647 diligenter
3673 5576 3839 5633 attri-

2167 5674 2528 5743 butis,brevi
2559 5677 2824 5742 tempore
2854 5669 3132 5724 idoneum
3163 5664 3457 5722 contraxit
3487 5664 3838 5729 exercitum,

2169 5769 2228 5826 et
2256 5781 2392 5822 cum
2422 5764 2552 5838 ipso
2585 5763 2645 5818 in
2675 5765 2888 5818 Persas
2929 5755 3188 5816 alacrius
3233 5753 3739 5830 proficiscebatur.
3771 5751 3845 5809 Ut
