4122 6402
405 393 524 454 ιοι

1957 391 2354 454 HISTORIA.

3735 397 3855 459 402

409 547 541 595 των,
575 522 872 580 διὰτόπων
931 522 1157 596 ἀδήλων
1219 521 1538 600 βαδίσαντες
1595 525 1926 602 ἀσυμφανῶς
1981 522 2060 577 τοῖ

2192 525 2566 596 adoriuntur,
2585 529 2644 582 et
2664 529 3040 582 occurrentes
3062 525 3318 581 maxime
3339 525 3561 599 exigua)
3593 529 3747 599 parti
3777 531 3852 586 ad

417 613 707 690 βασιλικοῦ
753 614 1150 688 κατατολμῶσι
1235 613 1664 690 στρατεύματος.
1726 613 2080 688 Ἐντυχόντες

409 703 466 758 δὲ
526 701 698 776 μοίρᾳ
753 704 860 757 τινὶ
915 701 1209 778 ἐλαχίστῃ,
1239 701 1311 757 δι’
1339 703 1543 780 ἀγορὰν
1594 701 1782 757 σιτίῶν
1835 702 2077 778 ἐξιούσῃρ

406 792 682 867 ὥρμησαν
742 793 858 847 κατ’
916 793 1110 860 αὐτῆς.
1174 794 1406 849 Ἐκεῖνοι
1477 789 1536 846 δὲ
1617 793 1692 865 μὴ
1757 792 2081 853 ὑποστάντες

403 879 616 956 ἔφυγον
676 882 1095 955 ἀμεταστρεπτί.
1129 883 1228 936 Καὶ
1284 883 1428 956 τάχα
1480 879 1540 936 ἂν
1601 879 1856 935 ἀπώλετο
1919 881 2081 956 μέρος

407 976 765 1047 στρατιωτῶν
827 970 927 1025 οὐκ
983 968 1276 1046 ἐλάχιστον
1337 968 1454 1025 οὐδ’
1503 969 1998 1046 εὐκαταφρόνητον,
2031 969 2080 1024 εἴ

416 1063 492 1134 μή
543 1059 724 1136 ταχὺς
759 1059 948 1123 αὐτοῖς
1001 1056 1373 1130 ἐπεϐοήθησεν
1409 1060 1436 1114 6
1488 1057 1744 1136 βασιλεὺς
1781 1058 2076 1136 ἰπιφανεὶς.

410 1154 630 1218 καὶτῆς
681 1150 865 1205 αὐτῶν
924 1147 1121 1228 ἕφόδου
1169 1148 1425 1220 ἐξείλετο.
1455 1147 1527 1204 Ei’
1577 1169 1660 1210 τις
1721 1147 1898 1202 τοίνυν
1959 1153 2077 1211 τοῖς

409 1243 740 1314 στρατηγοῖς
773 1238 1061 1314 ἐπιγράφει
1116 1239 1190 1300 ὡς
1240 1237 1435 1292 ἐπίπαν
1486 1238 1554 1293 τὰ
1609 1241 1716 1293 τῶν
1778 1232 2076 1304 ἐκϐάσεων,

401 1328 498 1383 εἶτ’
528 1327 621 1383 ἐπὶ
675 1329 740 1382 τὸ
797 1333 1045 1404 κρεῖττον
1104 1325 1199 1382 εἴτ’
1231 1327 1318 1382 ἐπὶ
1377 1327 1440 1381 τὸ
1475 1331 1668 1402 χεῖρον
1729 1328 2074 1410 συνάγοιντο,

397 1417 462 1472 οὐ
511 1415 810 1493 διαμάρτοι
867 1420 965 1471 τοῦ
1027 1415 1192 1486 όρθοῢ
1247 1415 1338 1470 καὶ
1395 1420 1495 1481 τῆς
1543 1415 1786 1485 ἀληθοῦς
1847 1411 2078 1489 διαγνώ-

393 1524 559 1570 σεως
592 1505 683 1560 καὶ
715 1502 903 1567 καλῶς
927 1510 1044 1567 τοῖς
1093 1503 1356 1566 παλαιοῖς
1406 1501 1899 1578 ἐγνωμολόγηται,
1939 1501 2070 1577 βέλ-

387 1616 515 1650 τιον
574 1593 772 1650 λέοντα
826 1591 1020 1669 ἄρχειν
1079 1591 1296 1671 ἐλάφων
1355 1591 1495 1667 ἤπερ
1551 1590 1788 1646 λεόντων
1841 1588 2070 1666 ἔλαφον.

392 1682 563 1740 Ἀλλ’
598 1685 628 1738 ὁ
665 1683 760 1756 μὲν
806 1680 1064 1759 βασιλεὺς
1120 1681 1263 1737 οὕτω
1318 1679 1604 1745 διασωθεὶς
1650 1681 1737 1734 καὶ
1801 1677 2070 1740 διασώσας

390 1775 458 1828 τὸ
494 1770 866 1848 στρατόπεδον
891 1773 999 1843 πρὸ
1028 1779 1131 1841 τῆς
1167 1776 1264 1826 τοῦ
1312 1769 1503 1828 Χαλεπ
1559 1770 1749 1845 χώρας
1798 1789 2066 1842 πανστρα-

390 1868 488 1934 τιᾷ
542 1863 944 1931 κατεσκήνωσε.
978 1863 1090 1936 Πρὸ
1143 1864 1240 1916 τοῦ
1290 1855 1590 1928 καταϐῆναι
1649 1857 1707 1913 δὲ
1761 1855 2059 1913 τοῖ’)’ίππου
2089 1895 2138 1960 Β

391 1951 527 2012 τούς
579 1971 644 2005 τε
702 1950 910 2012 Σκύθας
977 1951 1067 2005 καὶ
1144 1954 1253 2004 τῶν
1303 1949 1593 2022 Ῥωμαίων
1671 1947 1772 2002 οὐκ
1828 1945 2057 2022 ὀλίγους

395 2040 476 2102 εἷς
532 2042 826 2116 προνομὴν
878 2047 980 2108 τῆς
1039 2040 1228 2115 χώρας
1297 2037 1540 2116 ἀφίησιν.
1581 2040 1651 2095 ’Ό
1701 2034 1769 2106 δὴ
1828 2036 1918 2092 καὶ
1964 2037 2055 2111 γέ-

399 2151 549 2204 γονε,
576 2130 669 2184 καί
697 2125 854 2204 ἤχθη
884 2126 1102 2197 πλῆθος
1130 2125 1339 2203 ἀνδρῶν
1392 2147 1451 2182 τε
1506 2127 1595 2182 καὶ
1636 2130 1906 2201 γυναικῶν
1965 2127 2055 2180 καὶ

409 2220 559 2287 ζώων
607 2215 862 2275 πολλῶν.
925 2218 1158 2274 Ἐκεῖθεν
1220 2214 1279 2272 δὲ
1337 2213 1426 2271 διὰ
1479 2219 1577 2285 τῆς
1627 2214 1900 2289 πολεμίας
1957 2214 2054 2270 ἰὼν

410 2313 648 2380 τριταῖος
685 2306 997 2381 ἀφικνεῖται
1055 2305 1131 2368 εἷς
1162 2305 1488 2380 Ἱεράπολιν.
1539 2309 1620 2376 [Ρ.
1643 2308 1771 2378 826]
1822 2305 2052 2374 Δόκησιν

412 2393 471 2450 δὲ
524 2396 800 2470 παρασχὸν
872 2393 1255 2459 ἐπιθεάσασθαι
1309 2394 1374 2449 τὸ
1433 2393 1602 2450 ἐκεῖσε
1668 2393 2052 2468 στρατιωτικὸν

395 2485 475 2540 είς
533 2489 725 2560 χεῖρας
780 2482 959 2548 ἰλθεῖν
1017 2484 1305 2557 Ῥωμαίων
1366 2482 1466 2538 οὐκ
1515 2482 1831 2558 ἐθάρσησεν,
1888 2482 2055 2558 ἀκρο-

385 2569 690 2645 ϐολισμοῖς
752 2570 810 2628 δέ
859 2593 968 2627 τισι
1053 2572 1144 2627 καὶ
1226 2569 1609 2647 προπηδήσεσι
1657 2571 1748 2626 τὸν
1809 2569 2054 2644 πόλεμον

389 2663 838 2736 ἆφωμοιώσαντο
893 2664 1031 2734 (16),
1084 2659 1137 2715 ο’ί
1188 2682 1247 2716 τε
1296 2655 1527 2736 Ἄραϐες
1587 2657 1802 2729 δηλαδή
1860 2660 1950 2714 καὶ
2004 2661 2056 2714 οἱ

388 2755 634 2827 Τοῦρκοι
665 2752 757 2805 καὶ
788 2752 816 2806 6
844 2749 1058 2805 τούτωο
1102 2744 1332 2824 ἔξαρχος
1364 2750 1714 2825 Ἀμερτικὴς,
1776 2748 1854 2812 εἰς
1905 2747 2056 2823 γένος

392 2838 690 2916 βασιλικὸν
729 2839 778 2894 ἐν
831 2843 900 2912 τῇ
951 2837 1170 2916 Περσίδι
1231 2839 1416 2894 ἑαυτὸν
1473 2839 1705 2912 ἀνάγων.
1758 2838 2055 2913 Κατασχὼν

397 2931 499 3003 μὶν
559 2930 662 2997 τήν
719 2926 1020 3003 Ἱεράπολιν
1069 2929 1294 3004 χώμασι
1351 2928 1440 2982 καὶ
1513 2926 1904 3002 τειχομαχίαις
1966 2929 2055 2982 καὶ

391 3023 821 3094 στρατιωτικαῖς
877 3016 1261 3088 έπεξελεύσεσι,
1319 3017 1382 3072 τὸ
1441 3015 1756 3071 έπείσακτοο
1816 3013 1873 3070 δὲ
1946 3017 2053 3070 τῶν

393 3111 813 3184 στρατιωτικῶν
893 3103 1174 3179 δυνάμεων
1261 3105 1350 3161 ἐπὶ
1435 3106 1750 3183 συμφώνοις
1814 3105 2057 3180 γυμνοὺς

392 3197 490 3253 καὶ
523 3194 773 3259 ἀόπλους
803 3192 1033 3272 διαφείς,
1070 3193 1394 3268 μεσάζοντος
1451 3194 1504 3249 έν
1560 3198 1690 3248 πᾶσι
1747 3198 1842 3248 τοῦ
1895 3194 2056 3269 μαγί-

387 3305 562 3361 στρου
617 3284 824 3357 Πέτρου
877 3287 974 3338 τοῦ
1003 3278 1383 3352 Λιϐελλισίου,
1422 3281 1615 3356 ἀνδρὸς
1645 3284 1744 3352 τήν
1775 3303 1834 3338 τε
1863 3287 2057 3339 Ἀσσυ-

386 3377 525 3451 ρίων
579 3375 675 3431 καὶ
731 3374 1022 3446 Ἑλλήνων
1082 3372 1331 3430 παιδείαν
1411 3372 1591 3448 ἄκρως
1665 3373 2056 3446 ἐξησκημένου,

386 3466 715 3541 θρέμματος
800 3465 889 3519 καὶ
965 3466 1304 3539 γεννήματος
1354 3459 1510 3526 ὄντος
1563 3471 1664 3532 τῆς
1723 3463 2062 3538 Ἀντιοχείας

387 3553 633 3622 πόλεως,
691 3553 784 3609 καὶ
838 3557 945 3607 τῶν
999 3553 1068 3607 τὰ
1118 3556 1310 3627 πρῶτα
1367 3549 1748 3628 διενεγκόντων
1805 3551 1944 3614 ἑνός.
2003 3553 2059 3604 '0

395 3641 457 3697 δὲ
485 3645 702 3719 ἀμηρᾶς
755 3646 856 3698 τοῦ
912 3642 1110 3698 Χάλεπ
1157 3639 1282 3710 ἤτοι
1337 3641 1621 3718 Βεῤῥοίας,
1655 3640 1890 3716 συνάψας
1941 3647 2059 3704 τοῖς

395 3753 455 3786 τε
501 3734 697 3806 Ἄραψι
772 3731 864 3786 καὶ
921 3736 1040 3793 τοῖς
1099 3731 1369 3805 Τούρκοις
1429 3731 1518 3785 καὶ
1578 3728 1806 3802 δύναμιν
1865 3728 2059 3805 ἀνδράν

391 3821 821 3894 συστησάμενος,
881 3819 956 3882 εἷς
1033 3824 1226 3894 χεῖρας
1297 3817 1475 3874 ἐλθεῖν
1555 3824 1634 3892 τῷ
1695 3819 1910 3894 βασιλεῖ
1968 3820 2060 3874 καὶ

395 3911 738 3984 μαχέσασθαι
763 3907 1105 3982 διεσκέψατο.
1137 3913 1242 3962 Τοῖ’)
1274 3905 1332 3962 δὲ
1387 3907 1657 3982 βασιλέως
1697 3904 1844 3962 ἔνδον
1904 3903 2056 3970 ὄντος

396 4005 501 4067 τῆς
557 3996 854 4062 ἑαλωκυίας
908 3998 1146 4066 πόλεως,
1199 3995 1694 4073 πυργομαχοῦντος
1747 3995 1805 4052 δὲ
1864 3993 1942 4051 ἔτι
2001 3996 2053 4052 ἐν

403 4086 559 4161 μέρει
612 4088 739 4143 κατᾶ
794 4086 857 4142 τὸ
925 4085 1231 4142 ὑπόλοιπον
1285 4084 1542 4159 λείψανον
1601 4093 1700 4156 τῆς
1753 4106 2058 4162 πδργοκρα-

391 4175 559 4249 τείας,
607 4175 916 4250 ταρατάξεις
977 4171 1078 4230 δύο
1122 4171 1546 4251 διατειχίζουσαι
1600 4173 1730 4236 τοὺς
1787 4173 2058 4237 ἐναντίους

387 4265 468 4330 εἰς
526 4263 778 4340 φυλακὴν
839 4263 1272 4339 κατετάχθησαν.
1304 4263 1430 4320 Εἷσί
1491 4261 1551 4317 δὲ
1601 4262 1728 4338 περὶ
1773 4263 2059 4338 τήνἹερά-

386 4353 558 4410 πολιν
617 4353 904 4425 ἱππήλατα
957 4350 1119 4408 πεδία
1201 4354 1450 4428 μέγιστα,
1510 4351 1561 4406 ἐν
1621 4355 1702 4413 οἷς
1757 4373 1895 4414 τινες
1947 4357 2054 4406 τῶν

386 4448 727 4516 Σαρακηνῶν
783 4441 1106 4520 διεφάνησαν
1163 4441 1552 4515 ἱππαζόμενοι,
1610 4439 1699 4496 καί
1747 4439 1893 4509 πλην
1951 4463 2055 4516 γη-

384 4533 586 4611 λόφων
650 4529 803 4587 οὐδέν
845 4532 1049 4587 ἔστιτὸ
1083 4529 1513 4606 ὑπερανεστηκὸς
1573 4529 1650 4592 εἷς
1711 4525 1837 4605 ὅρος
1897 4530 2053 4604 μέγα.

2188 616 2441 670 emenda
2487 615 2706 670 cibaria
2737 631 3007 686 egressae.
3057 615 3118 668 in
3169 615 3359 686 ipsam
3410 617 3729 674 irruerunt.
3760 619 3848 674 Illi

2190 710 2383 760 autem
2415 721 2531 760 non
2563 704 2930 759 sustinentes
2979 703 3290 774 impetum,
3327 703 3408 758 ita
3457 705 3735 778 fugerunt
3783 713 3849 763 ut

2190 811 2494 865 nunquam
2526 811 2654 850 sese
2703 797 3126 848 converterent.
3172 792 3237 848 Et
3284 793 3531 849 fortasse
3580 796 3846 866 periisset

2191 883 2346 937 haud
2381 884 2696 938 mediocris
2723 882 2974 936 militum
3005 898 3140 953 pars
3173 898 3361 954 neque
3391 887 3840 954 contemnenda,

2189 971 2302 1027 nisi
2329 971 2764 1043 celeriteripsis
2788 972 3126 1042 imperator,
3161 969 3262 1041 qui
3300 971 3634 1038 advenerat,
3676 974 3846 1028 tulis-

2189 1066 2279 1116 set
2317 1076 2486 1131 opem
2518 1065 2576 1115 et
2597 1059 2859 1115 hostium
2887 1061 3169 1131 impetum
3204 1059 3601 1130 repressisset.
3619 1061 3676 1115 Si
3707 1063 3842 1133 quis

2187 1149 2370 1222 igitur
2399 1148 2652 1204 ducibus
2704 1147 2947 1204 ascribit
2978 1165 3174 1204 rerum
3208 1148 3328 1204 sive
3376 1165 3692 1220 prosperos
3722 1152 3842 1208 sive

2187 1239 2461 1294 adversos
2491 1244 2756 1302 eventus,
2782 1239 2829 1292 is
2861 1238 3006 1292 mihi
3032 1242 3090 1292 et
3120 1242 3276 1292 recta
3305 1243 3362 1293 et
3391 1254 3525 1293 vera
3552 1241 3846 1295 sententia

2186 1343 2302 1382 non
2333 1327 2562 1382 videtur
2590 1329 2879 1395 aberrare,
2910 1330 2968 1382 et
2997 1331 3151 1382 recte
3182 1328 3252 1382 ab
3285 1326 3546 1398 antiquis
3577 1345 3838 1400 pronun-

2184 1416 2397 1472 tiatum
2429 1421 2518 1472 est
2566 1415 2779 1471 melius
2827 1415 3055 1471 leonem
3105 1416 3290 1472 cervis
3338 1417 3628 1488 imperare
3657 1435 3838 1490 quam

2182 1507 2453 1562 leonibus
2484 1523 2741 1562 cervum.
2774 1507 2884 1562 Sed
2917 1507 3236 1578 imperator
3265 1507 3346 1562 ita
3391 1512 3680 1572 servatus,
3711 1525 3835 1564 ser-

2182 1602 2308 1652 vato
2354 1613 2590 1667 quoque
2637 1596 2914 1663 exercitu,
2965 1597 3036 1650 ad
3089 1595 3304 1666 Chalep
3353 1597 3646 1667 regionem
3695 1615 3832 1654 cum

2180 1685 2339 1741 omni
2371 1685 2624 1740 exercitu
2658 1691 2852 1740 castra
2883 1685 3114 1756 posuit;
3150 1691 3208 1741 et
3228 1689 3542 1756 antequam
3577 1687 3649 1741 de
3679 1703 3829 1758 equo

2178 1774 2579 1842 descenderet,
2611 1778 2669 1828 et
2696 1774 2939 1845 Scythas
2977 1783 3029 1828 et
3053 1774 3449 1829 Romanorum
3491 1774 3646 1829 haud
3680 1791 3826 1844 pau-

2176 1880 2276 1920 cos
2325 1864 2649 1935 predatum
2697 1879 2866 1934 agros
2916 1863 3099 1918 misit.
3133 1863 3295 1926 Quod
3354 1863 3574 1918 factum
3623 1869 3731 1930 est,
3765 1870 3824 1919 et

2168 1953 2408 2008 adducti
2466 1957 2606 2007 sunt
2632 1951 2738 2006 viri
2775 1951 2946 2007 multi
2989 1957 3046 2007 et
3076 1951 3353 2008 mulieres
3396 1952 3698 2024 multaque
3726 1955 3823 2024 ju-

2167 2047 2386 2098 menta.
2417 2041 2556 2096 Inde
2587 2057 2689 2112 per
2718 2041 2991 2095 hostilem
3026 2045 3240 2095 terram
3274 2057 3619 2112 progressus
3653 2045 3822 2099 tertia

2166 2130 2261 2185 die
2286 2129 2618 2201 Hierapolin
2669 2129 2951 2201 pervenit,
2985 2145 3234 2199 cumque
3281 2131 3640 2187 ostendisset
3675 2131 3821 2189 velle

2165 2236 2230 2275 se
2259 2219 2497 2291 aggredi
2528 2219 2847 2274 exercitum
2879 2218 2981 2289 qui
3027 2217 3108 2273 ibi
3142 2220 3503 2287 morabatur,
3543 2238 3657 2276 nou
3690 2223 3820 2278 ausi

2166 2308 2252 2364 illi
2285 2312 2424 2363 sunt
2451 2324 2584 2362 cum
2633 2307 2913 2362 Romanis
2964 2307 3260 2380 congredi,
3291 2309 3394 2363 sed
3427 2308 3654 2366 levibus
3691 2312 3823 2382 qui-

2167 2397 2416 2452 busdam
2441 2395 2655 2468 przeliis
2669 2401 2726 2450 et
2745 2394 3178 2467 irruptionibus
3193 2395 3411 2452 bellum
3440 2399 3825 2469 repudiarunt

2165 2491 2222 2541 et
2243 2486 2458 2541 Arabes
2477 2491 2535 2541 et
2556 2485 2728 2540 Turci
2751 2484 3134 2556 ipsorumque
3165 2486 3471 2556 praefectus
3502 2489 3824 2545 Amertices

2167 2576 2236 2630 ad
2258 2591 2444 2646 genus
2459 2574 2686 2646 regium
2720 2575 3026 2642 Persarum
3041 2573 3325 2646 originem
3344 2591 3513 2630 suam
3539 2577 3820 2634 referens.

2167 2665 2322 2720 673
2368 2663 2658 2718 Ubsidens
2707 2663 2887 2734 igitur
2933 2661 3269 2734 Hierapolin
3320 2665 3655 2736 aggeribus,
3704 2672 3764 2722 et
3792 2683 3823 2722 θ

2167 2769 2334 2808 muro
2383 2753 2952 2825 propugnationihus
2999 2751 3304 2824 multaque
3349 2755 3675 2826 eruptione,
3719 2757 3823 2810 ad-

2166 2843 2438 2899 ventitias
2466 2843 2755 2897 exercitus
2784 2841 2982 2914 copias
3016 2841 3202 2896 nudas
3235 2847 3413 2914 atque
3459 2843 3715 2900 inermes
3731 2846 3820 2900 di-

2169 2931 2330 2987 misit
2359 2933 2428 2986 ad
2462 2931 2651 2986 fcedus
2703 2930 3172 3001 percutiendum,
3226 2933 3634 3003 interponente
3663 2951 3725 2989 se
3756 2933 3815 2988 in

2167 3019 2444 3076 Omnibus
2477 3020 2758 3091 magistro
2778 3023 2947 3074 Petro
2970 3019 3412 3085 Libellisio,viro
3442 3021 3811 3093 Assyriorum

2167 3114 2225 3165 et
2253 3111 2580 3164 Graecorum
2616 3108 2891 3163 doctrinas
2923 3107 3304 3179 peritissimo,
3335 3109 3588 3165 civitatis
3621 3112 3820 3168 Antio-

2169 3199 2312 3253 chiae
2364 3197 2605 3253 alumno
2648 3201 2704 3252 et
2749 3196 2888 3263 filio,
2923 3201 2982 3253 et
3027 3197 3180 3252 inter
3226 3215 3366 3254 suos
3420 3199 3816 3271 principatum

2171 3289 2494 3343 obtinente.
2548 3291 2790 3342 Ameras
2838 3303 2972 3342 vero
3023 3287 3256 3356 Chalep,
3305 3289 3360 3343 id
3402 3293 3510 3351 est,
3559 3291 3818 3357 Berl-ceae,

2171 3394 2304 3432 cum
2340 3376 2625 3432 Arabibus
2672 3376 2998 3447 Turcisque
3030 3377 3400 3444 conjunctus,
3438 3394 3646 3433 manus
3685 3395 3817 3434 cum

2171 3466 2523 3537 imperatore
2553 3481 2856 3520 conserere
2878 3481 2946 3520 ac
2996 3465 3277 3521 dimicare
3299 3467 3506 3521 statuit
3531 3485 3544 3534 ;
3568 3483 3826 3539 cumque

2170 3555 2326 3610 intra
2358 3556 2560 3610 urbem
2594 3557 2826 3625 captam
2861 3559 3018 3609 esset
3049 3554 3383 3625 imperator,
3416 3559 3472 3611 et
3501 3556 3694 3612 adhuc
3725 3574 3829 3629 pro

2171 3644 2397 3716 reliqua
2427 3643 2609 3699 turris
2647 3647 2811 3715 parte
2841 3644 3234 3716 expugnanda
3259 3644 3590 3713 dimicaret,
3620 3647 3826 3702 adver-

2168 3750 2271 3788 sus
2301 3734 2600 3788 instructae
2652 3733 2802 3788 binas
2832 3733 3008 3795 acies,
3053 3749 3182 3802 qua:
3231 3739 3570 3788 coercerent
3614 3735 3822 3790 adver-

2167 3822 2375 3888 sarios,
2407 3823 2478 3876 ad
2529 3822 2854 3876 custodiam
2907 3821 3206 3892 dispositas
3256 3827 3416 3876 sunt.
3449 3823 3600 3878 Sunt
3628 3828 3824 3880 autem

2164 3911 2389 3966 circum
2449 3909 2783 3980 Hierapolin
2845 3909 3123 3980 planities
3184 3909 3472 3977 maximae,
3533 3928 3821 3982 equorum

2167 3999 2365 4055 cursui
2421 3997 2665 4067 idoneae,
2725 3998 2782 4052 in
2844 3997 3062 4067 quibus
3119 4003 3522 4068 apparuerunt
3579 4001 3818 4070 quidam

2164 4087 2432 4142 Saraceni
2483 4086 2914 4156 adequitantes,
2947 4091 3005 4140 et
3055 4090 3262 4157 praeter
3310 4086 3489 4142 colles
3542 4088 3687 4143 nihil
3735 4095 3828 4146 est

2167 4177 2321 4249 quod
2355 4176 2426 4231 ad
2463 4175 2682 4230 mentis
2711 4172 3086 4229 altitudinem
3138 4181 3434 4246 assurgat.
3477 4177 3579 4232 Est
3624 4185 3821 4234 autem

2164 4266 2330 4322 locus
2361 4269 2654 4320 aestuosus
2677 4267 2734 4318 et
2763 4279 2917 4334 aqua
2947 4263 3146 4334 tepida
3174 4263 3307 4318 aeris
3338 4265 3824 4324 inflammationis

2167 4358 2224 4410 et
2270 4357 2451 4408 aestus
2501 4352 2814 4422 particeps.
2866 4350 3076 4406 Hostes
3127 4356 3347 4422 autem,
3381 4353 3480 4423 qui
3537 4355 3823 4426 paulatim

2166 4441 2508 4498 constitutis
2531 4440 2770 4496 aciebus
2792 4440 3368 4512 appropinquabant,
3390 4459 3600 4500 rursus
3639 4462 3830 4502 reces-

2166 4535 2375 4587 serunt
2409 4546 2421 4586 :
2459 4546 2595 4585 nam
2647 4529 3045 4584 Machmutius
3093 4546 3325 4585 ameras
3357 4533 3559 4586 aberat
3590 4532 3824 4589 .Verum

385 4619 698 4692 Καυσώδης
752 4619 809 4677 δὶ
841 4623 868 4676 ὁ
897 4621 1086 4692 τόπος,
1119 4621 1210 4674 καὶ
1271 4619 1332 4674 τὸ
1389 4616 1536 4693 ὕδωρ
1595 4617 1854 4694 χλιαρὸν,
1893 4639 2054 4690 μετα-

2171 4620 2387 4676 levibus
2437 4618 2793 4688 quihusdam
2846 4615 3062 4686 praeliis
3115 4624 3433 4689 coegerunt
3479 4620 3710 4692 aliquos
3756 4639 3825 4678 ex

384 4707 585 4783 λαμὸά
600 4732 681 4764 ιον
711 4716 810 4779 τῆς
837 4710 933 4764 τοῦ
967 4709 1125 4784 ἀέρος
1155 4705 1473 4783 φλεγμονῆς
1526 4729 1585 4761 τε
1641 4706 1728 4760 καὶ
1791 4705 2051 4768 καύσεως.

382 4803 456 4858 Οἱ
490 4797 550 4854 δὲ
574 4798 840 4872 πολέμιοι
887 4799 1028 4854 κατὰ
1099 4799 1294 4874 μικρὸν
1353 4803 1472 4860 ταῖς
1532 4797 1849 4869 ἱσταμέναις
1907 4795 2054 4866 πλη-

385 4888 671 4958 σιάζοντες
730 4888 1087 4965 παρατάξεσιν
1145 4888 1298 4952 αὖθις
1375 4887 1801 4962 ἆνθυπέστρεφον
1836 4905 1850 4918 ·
1911 4885 2052 4955 ἀπῆν

383 4980 494 5055 γὰρ
546 4974 629 5033 ἔτι
682 4978 710 5033 6
764 4979 984 5054 ἀμηρᾶς
1035 4976 1425 5052 Μαχμούτιος.
1460 4970 1937 5053 Ἀκροόολισμοὺς
1997 4972 2057 5030 δὲ

380 5069 756 5142 ποιησάμενοι
837 5064 1139 5142 παρελάσαι
1226 5063 1319 5139 μέν
1396 5086 1548 5129 τινας
1605 5069 1714 5120 τῶν
1763 5064 2052 5137 Ῥωμαίων

378 5158 822 5234 κατηνάγκασαν,
854 5157 948 5212 καί
1001 5153 1084 5218 δὶς
1142 5159 1304 5210 τοῦτο
1363 5156 1451 5209 καὶ
1500 5154 1620 5228 τρὶς
1669 5156 2051 5224 πεποιήκασιν.

381 5248 477 5302 Ἐν
509 5244 662 5318 ἑτέρᾳ
692 5243 751 5300 δὲ
801 5239 1066 5318 συμϐολῇ
1107 5243 1286 5299 οὐκέτι
1341 5241 1468 5304 τοὺς
1497 5242 1801 5315 Ῥωμαίους
1861 5241 2053 5317 μικρὸν

385 5332 678 5410 ἐπεδίωξαν
739 5334 833 5391 καὶ
889 5329 1142 5406 ἔστησαν,
1199 5331 1348 5388 ἀλλὰ
1403 5331 1802 5407 παρελάσαντες
1855 5332 2055 5394 αὐτοὺς

384 5431 467 5499 τῷ
522 5425 759 5502 τάγματι
808 5428 920 5478 τῶν
979 5420 1367 5498 στρατηλατῶν
1421 5421 1497 5485 εἷς
1551 5427 1743 5498 χεῖρας
1804 5420 2057 5498 συνερρά-

2167 4707 2447 4765 Romanis
2477 4708 2702 4774 cedere,
2737 4706 2890 4776 quod
2926 4705 3015 4761 bis
3062 4709 3269 4777 terque
3301 4708 3373 4762 ab
3422 4708 3570 4778 ipsis
3603 4711 3820 4766 factum

2165 4803 2270 4854 est.
2311 4797 2502 4852 Altero
2534 4812 2667 4850 vero
2717 4811 3032 4865 congressu
3068 4811 3182 4848 non
3233 4795 3492 4866 amplius
3525 4797 3819 4854 Romanos

2164 4903 2371 4958 parum
2397 4889 2538 4940 sunt
2565 4883 2852 4956 persecuti
2879 4886 2982 4937 aut
3003 4883 3212 4938 sistere
3254 4883 3540 4952 fecerunt,
3573 4888 3672 4942 sed
3707 4889 3817 4942 im-

2164 4976 2466 5049 pressione
2499 4974 2652 5029 facta
2682 4973 2738 5027 in
2776 4973 3061 5044 legionem
3115 4972 3334 5027 ducum
3368 4991 3579 5030 manus
3611 4992 3816 5034 conse-

2165 5068 2430 5129 ruerunt,
2490 5067 2548 5118 et
2605 5060 2942 5118 scholarum
3011 5059 3299 5130 legionem
3377 5058 3819 5136 praetereuntes,

2167 5153 2369 5210 multis
2389 5152 2621 5219 occisis,
2655 5149 2908 5221 reliquos
2931 5151 3182 5222 turpiter
3213 5151 3414 5224 fugere
3435 5154 3592 5210 674
3621 5172 3820 5225 coege-

2165 5232 2330 5308 runt,
2378 5258 2410 5295 a
2467 5242 2666 5296 dextro
2720 5240 2848 5310 ipso
2906 5237 3244 5294 scholarum
3303 5242 3539 5313 agmine
3597 5245 3822 5318 relicto,

2166 5333 2319 5404 quod
2353 5331 2578 5387 cladem
2630 5331 3030 5386 Romanorum
3080 5330 3285 5386 videns
3335 5348 3710 5405 nequaquam
3751 5339 3822 5394 de

2167 5427 2326 5478 statu
2359 5439 2466 5476 suo
2499 5419 2760 5488 recessit,
2802 5419 2916 5474 imo
2959 5419 3128 5490 quasi
3152 5419 3299 5474 nihil
3322 5422 3450 5476 novi
3485 5424 3816 5499 accidisset,

1714 5539 1964 5595 JACOBI
2003 5539 2220 5596 GOARI
2259 5538 2492 5595 NOT/E.

449 5642 563 5716 (16)
595 5641 864 5701 Levibus
913 5639 1122 5711 preliis
1169 5637 1390 5696 bellum
1439 5645 1930 5710 repressentarunt.
1981 5638 2060 5696 Ve

2171 5655 2528 5712 φωσιῳσαντο
2577 5636 2965 5692 delibaverunt
3011 5639 3228 5691 tantum
3273 5643 3326 5691 et
3371 5640 3647 5710 auspicati
3687 5643 3808 5711 fue-

376 5723 526 5774 runt.
