4122 6390
304 379 426 439 403

1633 371 1965 435 JOANNIS
2011 372 2418 434 SCYLITZIE

3617 365 3739 425 401

309 509 391 564 ita
420 508 735 563 immotum
767 508 982 578 stabat,
1022 507 1185 577 quasi
1218 509 1515 562 vereretur
1543 521 1615 561 ne
1646 504 1770 560 illic
1809 509 1960 561 stare

2079 523 2268 577 γησαν,
2301 504 2390 558 καὶ
2447 500 2809 575 παρελθόντες
2848 499 2910 554 τὸ
2943 501 3050 553 τῶν
3111 495 3336 572 σχολῶν
3389 495 3570 573 τάγμα
3627 498 3740 568 (17)

303 597 868 669 deprehenderetur,
895 603 953 651 et
983 597 1148 651 daret
1177 612 1414 666 operam
1451 601 1516 650 ut
1545 593 1788 650 omnino
1816 593 1965 649 late-

305 691 412 742 ret.
443 687 554 742 Sed
604 686 804 742 hostes
849 686 1066 741 reversi
1121 685 1238 740 cito
1269 685 1377 739 hos
1429 700 1664 756 quoque
1711 683 1966 739 debella-

305 781 464 842 runt,
495 781 552 832 et
583 775 788 830 multis
819 775 1166 839 interfectis,
1201 773 1445 844 reliquis
1476 774 1536 828 in
1585 773 1798 830 castris
1828 789 1965 828 con-

305 864 511 933 clusis,
544 870 602 920 et
632 865 802 936 signa
834 864 952 918 illis
986 863 1266 918 militaria
1295 864 1663 925 ademerunt.
1695 867 1753 917 et
1784 861 1965 932 pluri-

307 971 538 1010 morum
565 954 821 1008 militum
845 953 1110 1008 abscissa
1128 953 1320 1022 capita
1338 953 1628 1008 miserunt
1649 950 1968 1023 Cbalepitis

305 1042 724 1098 ostentationis
773 1059 971 1097 causa.
1009 1046 1072 1096 Et
1103 1041 1248 1096 illud
1302 1041 1556 1095 maxima
1607 1041 1848 1112 dignum
1883 1043 1973 1094 est

304 1132 716 1198 admiratione,
753 1132 908 1202 quod
961 1131 1067 1185 hac
1119 1137 1357 1201 accepta
1387 1147 1422 1184 a
1475 1129 1755 1184 Romanis
1804 1128 1970 1185 clade

304 1221 506 1276 nullus
529 1220 682 1275 alius
711 1219 1053 1290 manipulus
1088 1225 1188 1273 aut
1230 1219 1538 1290 prafectus
1579 1219 1649 1272 ad
1684 1216 1967 1289 repellen-

303 1310 624 1365 doshostes
653 1309 872 1364 fuerint
905 1307 1170 1378 impulsi.
1205 1307 1420 1362 Verum
1442 1323 1649 1362 omnes
1673 1307 1966 1372 sedentes,

303 1400 473 1471 quasi
529 1399 588 1453 in
640 1397 828 1454 amica
878 1397 1112 1469 regione
1164 1401 1692 1462 commorerentur,
1726 1395 1969 1467 privatis

304 1488 634 1544 commodis
674 1486 1039 1552 studebant;
1098 1484 1378 1556 nullaque
1436 1485 1700 1556 ipsorum
1754 1483 1971 1539 animis

305 1581 410 1632 aut
457 1575 794 1632 sollicitudo
847 1579 948 1629 aut
997 1575 1272 1630 alacritas
1323 1591 1567 1645 prorsus
1608 1575 1816 1628 inerat.
1860 1573 1968 1628 Sed

305 1666 626 1737 imperator
655 1664 755 1735 qui
787 1664 846 1718 in
890 1663 1032 1717 urbe
1063 1663 1424 1732 erat,audito
1457 1679 1595 1718 casu
1631 1663 1808 1728 ,haud
1842 1676 1970 1717 me-

308 1754 492 1810 diocri
519 1752 717 1809 dolore
741 1753 982 1808 affectus
1005 1757 1113 1822 est,
1148 1753 1472 1824 statimque
1494 1768 1627 1808 cum
1659 1752 1968 1824 Cappado-

307 1845 478 1900 cibus
529 1859 680 1913 quos
711 1858 914 1897 secum
966 1841 1220 1896 habebat
1263 1857 1532 1897 reversus
1584 1841 1965 1896 offensionem

304 1934 602 2000 acceptam
633 1930 913 1984 resarcire
962 1929 1304 1994 conabatur,
1339 1927 1440 1984 illa
1475 1928 1770 2000 siquidem
1801 1935 1970 1985 nocte

304 2035 510 2074 omnes
541 2019 612 2072 de
644 2033 747 2089 spe
779 2019 932 2072 bona
962 2017 1322 2081 desiderant,
1343 2019 1499 2089 quod
1533 2019 1710 2073 etiam
1745 2019 1969 2089 pedita-

304 2115 400 2164 tus
432 2106 748 2162 Armenius
780 2107 853 2162 ad
885 2106 1103 2161 vallum
1138 2111 1492 2178 pernoctans
1545 2107 1614 2161 de
1650 2106 1968 2162 rebellione

306 2197 601 2270 cogitavit.
652 2197 1046 2267 Nondumque
1105 2197 1230 2252 dies
1279 2198 1616 2266 advenerat,
1669 2201 1725 2252 et
1773 2199 1969 2253 hostes

301 2287 523 2341 vallum
551 2286 799 2340 cinxere.
832 2285 1050 2356 Chalep
1077 2286 1232 2340 enim
1260 2286 1531 2356 princeps
1564 2286 1794 2356 cognito
1825 2303 1966 2341 casu

303 2391 434 2430 cum
461 2374 739 2430 omnibus
775 2373 900 2429 suis
921 2373 1108 2445 copiis
1135 2373 1405 2440 accessit,
1439 2379 1504 2428 ut
1530 2373 1686 2429 illico
1712 2375 1966 2446 impera-

302 2467 489 2519 torem
519 2468 822 2534 capturus.
860 2463 1183 2532 Imperator
1215 2467 1407 2517 autem
1436 2463 1591 2518 intra
1620 2462 1966 2517 tabernacu-

303 2552 430 2607 lum
461 2568 528 2607 ea
576 2552 792 2623 quibus
841 2553 913 2606 ad
961 2552 1178 2606 bellum
1230 2568 1379 2623 opus
1427 2552 1574 2606 foret
1625 2552 1967 2609 describens

305 2642 482 2696 tertia
529 2641 762 2696 circiter
819 2641 963 2695 hora
1012 2642 1198 2695 noctis
1229 2656 1363 2694 cum
1407 2640 1669 2695 conferto
1701 2641 1966 2711 equitatu

305 2729 518 2799 erupit.
556 2730 854 2801 Agebatur
885 2734 1026 2782 tunc
1074 2729 1352 2783 vicesima
1382 2730 1531 2785 675
1567 2729 1694 2784 dies
1725 2734 1968 2784 Novem-

306 2819 431 2873 bris
484 2818 730 2887 mensis,
765 2816 1086 2872 indictione
1126 2817 1398 2888 septima,
1450 2817 1832 2873 buccinarum
1865 2821 1968 2872 aut

303 2909 581 2964 tubarum
630 2907 792 2963 nullo
843 2907 998 2962 edito
1049 2913 1248 2978 aperto
1299 2908 1491 2978 signo.
1526 2908 1741 2963 Verum
1792 2907 1965 2964 elatis

301 2997 553 3063 vexillis,
579 3003 636 3053 et
689 2998 1012 3069 composito
1063 2999 1412 3068 procedente
1456 2999 1732 3065 exercitu,
1767 2998 1966 3053 hostes

303 3085 362 3139 in
422 3103 600 3140 unam
661 3091 884 3157 partem
945 3086 1069 3157 cogi
1132 3090 1451 3157 cmperunt,
1495 3104 1610 3158 quo
1671 3087 1966 3143 Romanos

303 3172 634 3245 equitantes
682 3175 970 3242 viderent,
1021 3180 1077 3230 et
1126 3182 1415 3230 certamen
1466 3191 1532 3229 ac
1583 3175 1662 3230 rei
1723 3181 1964 3232 eventus

303 3263 740 3333 quodammodo
763 3264 1095 3334 animojam
1119 3270 1440 3336 conceptus
1475 3270 1635 3320 erat:
1667 3283 1802 3320 nam
1827 3283 1960 3322 cum
1993 3242 2036 3309 θ

303 3351 343 3405 ii
377 3351 476 3423 qui
509 3352 566 3406 in
595 3352 782 3407 fronte
809 3357 976 3406 erant
996 3352 1313 3407 clamorem
1339 3353 1741 3421 sustulissent,
1765 3353 1962 3424 plures

305 3440 673 3496 adversarios
729 3441 978 3497 Romani
1039 3441 1406 3496 debellarunt
1474 3448 1530 3497 et
1601 3443 1960 3512 occiderunt,

308 3547 562 3602 cumque
585 3529 812 3600 reliqua
835 3547 1070 3602 quoque
1093 3530 1406 3586 multitudo
1438 3531 1728 3602 irruisset,
1752 3533 1962 3604 ingens

305 3619 572 3690 ipsorum
625 3618 759 3689 fuga
791 3618 937 3672 facta
987 3624 1095 3672 est.
1132 3619 1200 3672 Et
1249 3619 1348 3689 qui
1381 3635 1413 3672 a
1445 3625 1605 3691 tergo
1654 3637 1753 3676 eos
1806 3621 1960 3678 inse-

301 3707 656 3778 quebantur,
685 3705 887 3762 multis
943 3707 1152 3762 occisis
1185 3707 1340 3761 haud
1375 3725 1517 3762 sane
1551 3725 1768 3779 paucos
1799 3711 1959 3766 vivos

297 3811 521 3868 cepere.
556 3798 773 3850 Verum
804 3812 937 3850 cum
971 3795 1226 3850 multum
1267 3795 1424 3851 haud
1475 3799 1766 3869 persecuti
1815 3799 1956 3855 fuis-

294 3888 446 3950 sent,
479 3883 704 3956 ingenti
752 3901 818 3939 ac
867 3900 1149 3956 prospero
1183 3901 1376 3940 rerum
1411 3901 1688 3942 successu
1723 3887 1955 3943 defrau-

292 3972 414 4027 dati
473 3979 614 4028 sunt
671 3973 942 4040 Romani,
1009 3972 1522 4046 pulcherrimaque
1588 3976 1830 4032 victoria
1900 3982 1958 4033 et

292 4061 552 4116 maxima
599 4060 785 4132 gloria
835 4062 1041 4132 privati
1081 4078 1093 4117 :
1128 4078 1261 4116 cum
1310 4063 1466 4117 enim
1528 4065 1760 4120 Arabici
1817 4065 1957 4136 equi

291 4149 556 4204 celeriter
604 4154 907 4204 currentes
939 4149 1095 4204 haud
1132 4156 1374 4220 possent
1407 4153 1556 4206 bono
1596 4152 1795 4206 animo
1826 4168 1956 4208 esse

293 4243 396 4293 aut
441 4254 680 4292 cursum
731 4239 1003 4304 tolerare,
1047 4239 1365 4294 noluerunt
1413 4240 1659 4295 Romani
1715 4241 1951 4298 illorum

294 4326 762 4382 imbecillitatem
798 4343 971 4381 suum
1007 4328 1306 4398 proprium
1359 4330 1538 4384 robur
1568 4330 1816 4398 efficere,
1851 4331 1950 4386 sed

289 4413 662 4485 imperatoris
687 4416 862 4485 jussu
897 4416 1141 4471 retentis
1173 4417 1354 4472 frenis
1404 4417 1804 4488 imperfectam
1838 4419 1951 4475 sibi

290 4502 597 4559 victoriam
673 4511 1113 4575 compararunt,
1173 4507 1429 4561 contenti
1500 4507 1625 4563 sola
1687 4507 1948 4564 hostium

286 4593 449 4665 fuga,
501 4610 780 4665 magnam
833 4595 1169 4650 felicitatem
1223 4601 1534 4666 reputante
1574 4597 1947 4668 imperatore,

287 4681 441 4727 mind
496 4686 636 4727 tnnn
697 4680 963 4727 imbelles:
1008 4683 1444 4727 nnnvnlningpnt
1481 4689 1538 4727 at,
1591 4685 1803 4727 mm-tni
1883 4691 1944 4727 nf

2072 4588 2179 4629 πίας
2240 4588 2290 4622 οι
2365 4588 2612 4637 multum:
2673 4588 2973 4637 οιημαρτον
3031 4588 3119 4617 και
3194 4588 3349 4632 νικης
3415 4588 3719 4630 καΛΛιστης

2072 4655 2478 4727 ἑξεστερήθησαν
2507 4653 2598 4708 καὶ
2631 4651 2956 4726 αὐχήματος
3009 4650 3263 4726 μεγίστου
3319 4649 3719 4725 ἐξηστόχησαν.

2057 4756 2180 4811 Τῶν
2212 4752 2314 4827 γὰρ
2348 4746 2654 4825 Ἀραϐικῶν
2691 4747 2878 4803 ’ίππων
2926 4745 3429 4822 ταχυδρομούντων
3468 4749 3584 4821 μὶν,
3637 4749 3714 4820 μὴ

2057 4851 2441 4926 εὐψυχούντων
2477 4846 2534 4904 δὲ
2569 4844 2694 4921 μηδ’
2730 4845 3196 4922 ἐγκαρτερούντων
3245 4849 3327 4918 τῷ
3367 4842 3583 4920 δρόμῳ,
3617 4843 3718 4900 οὐκ

2055 4939 2332 5011 ἠθέλησαν
2364 4941 2416 4993 οἱ
2447 4940 2713 5010 Ῥωμαῖοι
2738 4937 2836 5005 τήν
2867 4934 3082 4991 ἐκείνων
3103 4935 3316 4990 ἀτονίαν
3342 4935 3544 4989 οἰκείαν
3568 4931 3718 4988 εὐτο-

287 4681 444 4753 quod
496 4686 636 4737 tunc
697 4680 963 4737 imbelles
1008 4683 1445 4739 convaluissent
1481 4689 1538 4740 et
1591 4685 1827 4752 mortui,
1883 4691 1945 4742 ut

286 4770 369 4826 ita
416 4771 687 4839 dixerim,
722 4772 1087 4826 revixissent.
1134 4775 1460 4843 Imperator
1505 4779 1699 4828 autem
1732 4774 1790 4828 in
1825 4774 1946 4829 val-

285 4861 409 4914 lum
439 4877 729 4930 reversus,
765 4866 899 4931 post
952 4861 1229 4932 expulsos
1261 4862 1480 4928 hostes,
1517 4864 1723 4918 statuit
1753 4880 1945 4919 arcem

286 4948 615 5021 Hierapolis
646 4950 1124 5005 construendam.
1159 4951 1433 5006 Praefecto
1472 4951 1653 5023 igitur
1695 4952 1944 5010 Phares-

2075 591 2326 653 πολλοὺς
2363 593 2458 664 μὶν
2493 589 2734 661 ἀνεῖλον,
2765 588 2891 650 τοὺς
2924 585 2982 641 δὲ
3011 585 3239 647 λοιποὺς
3266 591 3451 663 φυγεῖν
3483 586 3732 662 αἰσχρῶς

2074 682 2500 755 κατηνάγκασαν,
2534 680 2584 734 ἐν
2620 677 2764 752 δεξιᾷ
2792 675 3181 737 καταλιπόντες
3231 676 3294 730 τὸ
3339 680 3446 729 τῶν
3501 674 3728 751 σχολῶν

2078 770 2377 845 σύνταγμα.
2436 771 2608 845 Ὅπερ
2673 768 2774 837 τὴν
2855 771 2964 821 τῶν
3025 764 3315 838 Ῥωμαίων
3372 767 3534 833 ἧτταν
3587 766 3729 841 ὁρῶν

2077 855 2191 913 οὐδ’
2223 857 2367 920 ὅλως
2403 860 2728 931 μετεκινήθη
2776 863 2877 925 τῆς
2923 854 3181 922 στάσεως,
3215 851 3340 908 ἀλλ’
3367 854 3441 915 ὡς
3498 852 3732 927 μηδενὸς

2076 960 2266 1010 καινοῦ
2295 957 2585 1031 γεγονότος
2616 957 2882 1030 ἀτρεμοῦν
2935 951 3146 1021 ἵστατο,
3176 953 3252 1015 ὡς
3307 950 3367 1006 ἂν
3433 951 3479 1005 εί
3528 949 3735 1007 ἐδεδοί-

2078 1066 2156 1100 κει
2221 1046 2297 1117 μὴ
2347 1045 2624 1122 φωραθείη
2676 1043 2849 1098 ἐκεῖσε
2907 1043 3214 1113 ἱστάμενον,
3273 1041 3363 1096 καὶ
3403 1040 3564 1096 παντὶ
3606 1042 3737 1116 τρό-

2077 1155 2165 1206 πῳ
2197 1133 2382 1198 λαθεῖν
2447 1133 2873 1208 μηχανώμενον.
2906 1132 3364 1205 Ὑποστρέψαντες
3425 1127 3482 1185 δὲ
3531 1131 3584 1185 οἱ
3635 1151 3737 1185 πο-

2081 1220 2266 1295 λέμιοι
2317 1223 2459 1298 ταχὺ
2511 1222 2602 1276 καὶ
2658 1226 2822 1276 τοῦτο
2897 1219 3354 1296 κατηγωνίσαντο,
3405 1218 3744 1294 ἀνῃρηκότες

2085 1313 2178 1385 μὲν
2211 1311 2482 1385 πολλοὺς,
2512 1311 2642 1373 τοὺς
2694 1309 2750 1366 δὶ
2809 1310 3038 1371 λοιποὺς
3091 1308 3166 1370 εἷς
3212 1312 3314 1377 τήν
3372 1303 3736 1381 παρεμϐολὴν

2081 1399 2546 1471 κατακλείσαντες,
2586 1400 2675 1455 καὶ
2723 1400 2790 1454 τὰ
2847 1404 3051 1471 σημεῖα
3104 1398 3311 1453 τούτων
3362 1402 3740 1472 στρατηγικῶς

2080 1499 2430 1577 ἀφελόμενοι.
2465 1497 2720 1560 Πολλοὺς
2783 1495 2841 1552 δὶ
2895 1497 2985 1552 καὶ
3039 1501 3148 1551 τῶν
3205 1499 3551 1570 στρατιωτῶν
3600 1515 3736 1571 τρα-

2077 1587 2570 1664 χηλοκοπήσαντες
2627 1587 2702 1649 εἷς
2765 1585 3021 1662 ἔνδειγμα
3075 1590 3194 1648 τοῖς
3245 1582 3583 1646 Χαλεπίταις
3625 1584 3736 1639 άπ-

2077 1675 2344 1734 έστειλαν.
2378 1678 2680 1751 Θαυμάζειν
2714 1674 2772 1731 δὲ
2825 1675 2971 1746 ἄξιον
3020 1675 3087 1742 ἦν
3148 1673 3232 1729 ὅτι
3284 1679 3594 1748 καταφορᾶς
3641 1674 3732 1729 καὶ

2076 1766 2248 1837 ἥττης
2295 1767 2658 1843 γεγενημένης
2716 1766 3034 1838 Ῥωμαϊκῆς
3094 1765 3177 1836 [Ρ.
3209 1765 3336 1836 827]
3386 1759 3566 1825 οὐδεὶς
3623 1767 3732 1818 τῶν

2081 1855 2293 1912 λοιπῶν
2324 1855 2512 1932 λόχων
2543 1876 2603 1910 τε
2631 1857 2718 1910 καὶ
2772 1853 3036 1929 λοχαγῶν
3095 1852 3172 1915 εἶς
3229 1851 3433 1924 ἄμυναν
3488 1849 3739 1926 διηρέθι-

2079 1964 2195 2014 στο,
2229 1941 2374 1998 ἀλλὰ
2401 1947 2597 2004 πάντες
2631 1938 2784 1996 ἔνδον
2817 1943 3144 2012 καθήμενοι,
3179 1939 3255 2002 ὡς
3287 1937 3376 1994 διὰ
3405 1939 3592 2017 φιλίας
3633 1943 3738 2015 γῆς

2079 2031 2526 2104 ἐνσκηνούμενοι,
2588 2029 2922 2106 ἷδιοτροπεῖν
2973 2025 3330 2097 ἐσπούδαζον,
3387 2027 3481 2083 καὶ
3525 2028 3738 2099 κίνησις

2077 2125 2263 2197 ψυχῆς
2295 2121 2384 2176 καὶ
2410 2120 2688 2194 προθυμία
2718 2121 2804 2175 καὶ
2840 2119 3046 2194 ἀγωνία
3101 2117 3318 2180 τούτοις
3367 2118 3430 2172 τὸ
3485 2119 3740 2193 παράπαν

2078 2208 2307 2282 οὒδεμία
2335 2211 2426 2278 ἦν.
2461 2207 2619 2265 Ἀλλ’
2646 2210 2674 2263 ὁ
2709 2206 2964 2283 βασιλεὺς
3015 2202 3165 2262 ἔνδον
3223 2204 3295 2261 ὣν
3344 2209 3444 2271 τῆς
3495 2204 3736 2274 πόλεως,

2074 2312 2236 2362 τοῦτο
2268 2309 2572 2379 πυθόμενος
2604 2306 2798 2376 ἠνιάθη
2851 2305 2945 2377 μὲν
3006 2305 3069 2358 οὗ
3131 2304 3387 2377 μετρίως,
3422 2303 3733 2359 ἐπανελθὼν

2078 2394 2134 2451 δὲ
2165 2396 2449 2468 συντόμως
2486 2395 2755 2467 μετὰτῶν
2819 2393 3084 2448 συνόντων
3145 2391 3518 2448 Καππαδοκῶν
3587 2392 3732 2448 ἴασιν

2077 2489 2354 2559 εὑρεῖντῷ
2395 2485 2695 2557 πταίσματι
2755 2483 3094 2558 ἐμηχανᾶτο.
3137 2484 3198 2538 Ἡ
3247 2483 3348 2559 γὰρ
3405 2482 3494 2553 νὺξ
3552 2481 3731 2552 ἐκείνη

2075 2576 2274 2636 πάντας
2332 2575 2476 2647 εἶχεν
2508 2573 2560 2628 ἐν
2589 2572 2801 2628 ἐλπίσιν
2849 2572 2948 2626 οὐκ
3003 2572 3254 2646 ἀγαθαῖς,
3285 2571 3474 2634 καθότι
3530 2571 3618 2626 καὶ
3666 2573 3734 2627 τὸ

2075 2663 2125 2737 ἐξ
2159 2663 2456 2739 Ἀρμενίων
2503 2663 2662 2732 πεζὸν
2723 2661 2847 2736 περὶ
2903 2663 3003 2729 τήν
3055 2662 3260 2739 τάφρον
3321 2658 3730 2736 διανυκτερεῦον

2076 2753 2402 2808 ἀποστασίαν
2461 2751 2811 2824 ἐμελέτησεν.
2845 2747 3014 2808 Οὔπω
3073 2747 3119 2804 δ’
3158 2749 3340 2824 ἡμέρα
3388 2750 3608 2823 προῄει,
3639 2749 3732 2804 καὶ

2077 2844 2128 2898 οἱ
2160 2841 2420 2915 πολέμιοι
2447 2842 2538 2897 τὸν
2589 2842 2806 2917 χάοακα
2852 2838 3202 2914 περιέζωσαν.
3237 2840 3312 2896 Τὸ
3370 2839 3475 2914 γὰρ
3519 2833 3732 2912 συμϐὰν

2076 2933 2104 2987 ὁ
2134 2937 2231 2986 τοῦ
2263 2930 2459 2988 Χάλεπ
2510 2928 2699 3006 ἅρχων
2759 2930 3051 3002 ἀναμαθὼν
3111 2931 3228 3001 μεθ’
3258 2927 3394 2998 ὅλης
3452 2929 3580 2998 ἧκεν
3629 2935 3734 2997 τῆς

2075 3021 2266 3076 ἑαυτοῦ
2299 3018 2579 3092 δυνάμεως
2613 3020 2686 3080 ὡς
2726 3014 2978 3073 αὐτοϐοεὶ
3038 3019 3279 3093 αἱρήσων
3328 3019 3418 3072 τὸν
3479 3016 3730 3091 βασιλέα.

2073 3110 2134 3167 Ὁ
2167 3107 2223 3164 δὲ
2252 3109 2510 3185 βασιλεὺς
2541 3104 2692 3164 ἔνδον
2723 3115 2824 3176 τῆς
2871 3110 3077 3176 σκηνῆς
3124 3103 3436 3182 διαγράφων
3483 3107 3576 3160 τὸν
3635 3106 3738 3160 πό-

2075 3197 2246 3272 λεμον
2277 3199 2401 3272 περὶ
2430 3198 2617 3270 τρίτην
2648 3198 2791 3272 ὥραν
2838 3195 3030 3270 ἀθρόον
3093 3193 3416 3266 ἐξελήλυθεν
3475 3192 3734 3273 ἔφιππος.

2075 3296 2342 3365 Εΐκοστήν
2402 3295 2532 3366 ἤνυε
2589 3295 2947 3364 τηνικαῦταὸ
2995 3288 3314 3368 Νοέμϐριος
3376 3294 3643 3366 μὴν,τῆς
3700 3298 3730 3362 ζ

2074 3382 2438 3441 ἰνδικτιῶνος.
2469 3383 2780 3442 Βουκκίνων
2813 3385 2849 3451 ἢ
2902 3381 3218 3457 σαλπίγγων
3269 3381 3306 3450 ἢ
3352 3379 3528 3437 ἄλλου
3583 3382 3730 3444 τινὸς

2071 3473 2302 3546 σημείου
2351 3474 2426 3545 μὴ
2478 3470 2725 3536 δοθέντος
2779 3475 3012 3547 τρανῶς,
3043 3475 3148 3526 τῶν
3201 3467 3259 3524 δὶ
3316 3475 3570 3543 σημαιῶν
3629 3474 3727 3525 τοῦ

2072 3566 2308 3637 στρατοῦ
2340 3561 2656 3634 ἐξαρθεισῶν
2699 3561 2789 3615 καὶ
2835 3567 2936 3629 τῆς
2991 3565 3242 3635 στρατιᾶς
3295 3558 3542 3630 ἐξιούσης
3597 3580 3725 3614 συν-

2066 3652 2429 3725 τεταγμένης,
2479 3648 2713 3723 ἤρεαντο
2758 3650 2809 3703 oi.
2851 3648 2999 3722 παρᾶ
3049 3648 3213 3722 μέρος
3257 3647 3311 3702 ἓν
3363 3648 3725 3722 ἀθροίζεσθαι,

2069 3735 2132 3806 οδ
2187 3751 2314 3812 τοὺς
2374 3749 2680 3822 Ῥωμαίους
2737 3746 2877 3803 εἶδον
2935 3746 3350 3818 ἐπελαύνοντας,
3381 3745 3470 3802 καὶ
3523 3747 3722 3822 ὁᾶγὼν

2067 3840 2218 3908 ὅσος,
2249 3841 2338 3895 καὶ
2370 3843 2403 3909 ἡ
2434 3844 2530 3895 τοῦ
2583 3837 2884 3912 μέλλοντος
2945 3832 3161 3900 ἔκϐασις
3212 3835 3319 3908 ο’ία,
3351 3842 3472 3899 ταῖς
3523 3839 3724 3912 ψυχαῖς

2066 3929 2447 3986 ἐναπέστακτο.
2481 3930 2602 3985 Τῶν
2634 3923 2691 3982 δὶ
2718 3928 2856 3982 κατὰ
2890 3925 3140 3999 μέτωπον
3191 3926 3252 3980 τὸ
3290 3924 3538 3980 ἐνυάλιον
3586 3924 3718 3980 ἀλα-

2066 4015 2342 4089 λαξάντων
2403 4015 2649 4077 πολλοὺς
2703 4020 2812 4071 τῶν
2849 4013 3102 4069 ἐναντίων
3157 4014 3210 4069 οἱ
3261 4014 3531 4086 Ῥωμαῖοι
3596 4033 3724 4069 κατ-

2070 4107 2397 4182 ηγωνίσαντο
2429 4106 2519 4160 καὶ
2574 4102 2990 4180 διεχειρίσαντο.
3024 4105 3460 4177 Ἐξορμήσαντος
3519 4100 3576 4158 δὲ
3632 4103 3725 4157 καὶ

2061 4210 2158 4260 τοῦ
2192 4205 2390 4260 λοιποῦ
2421 4203 2671 4272 πλήθους
2703 4203 2843 4279 φυγὴ
2897 4201 3104 4256 τούτων
3164 4201 3529 4262 ἀνυπόστατος
3577 4200 3725 4276 γίνε-

2060 4315 2170 4350 ται.
2202 4295 2264 4347 Οἱ
2315 4291 2372 4348 δὲ
2428 4293 2655 4347 κατόπιν
2708 4291 2916 4346 τούτων
2972 4288 3286 4352 ἐλαύνοντες
3320 4286 3570 4353 πολλοὺς
3625 4291 3721 4362 μὲν

2062 4381 2305 4452 ἀνεῖλον,
2339 4381 2439 4436 οὐκ
2496 4379 2720 4454 ὀλίγους
2750 4375 2808 4433 δὶ
2842 4381 3216 4455 ζωγρήσαντες
3261 4372 3479 4433 ἔλαϐον.
3513 4384 3624 4446 Τῆς
3664 4375 3724 4432 δὲ

2063 4475 2297 4549 διώξεως
2331 4479 2406 4551 μή
2432 4475 2726 4551 γινομένης
2762 4475 2928 4550 μέχρι
2958 4472 3199 4543 πολλοῦ,
3237 4473 3480 4548 μεγάλης
3512 4469 3723 4540 εὗκλη-

2100 4565 2179 4629 ίας
2240 4567 2290 4622 οἳ
2347 4567 2612 4637 Ῥωμαῖοι
2673 4561 2973 4637 διήμαρτον
3031 4563 3119 4617 καὶ
3194 4561 3349 4632 νίκης
3415 4558 3724 4630 καλλίστης

287 5052 461 5091 mane
517 5037 617 5092 illo
675 5039 844 5093 Beste
897 5041 1165 5109 Apocape
1196 5039 1350 5093 676
1395 5056 1464 5094 ex
1505 5022 1700 5096 lberis
1756 5057 1944 5112 genus

2072 5031 2167 5084 μίαν
2213 5031 2565 5099 ποιήσασθαι,
2616 5024 3031 5099 ἐπιστρέψαντες
3081 5022 3138 5080 δὲ
3187 5023 3316 5088 τοὺς
3367 5023 3603 5100 ῥυτῆρας
3660 5023 3713 5096 ἐξ

285 5123 558 5189 ducente,
595 5127 856 5194 spatium
907 5125 1068 5180 dedit
1118 5124 1389 5180 hostibus
1418 5131 1476 5180 et
1518 5126 1720 5183 damni
1752 5144 1942 5183 resar-

2053 5129 2416 5204 ἐπιτάγματος
2480 5123 2767 5202 βασιλικοῦ
2813 5118 3084 5197 ἀμϐλεῖαν
3144 5123 3356 5186 ἑαυτοῖς
3412 5123 3510 5192 τὴν
3559 5120 3712 5192 νίκην

283 5210 473 5266 ciendi
508 5216 565 5266 et
611 5211 866 5267 victoriae
917 5214 988 5268 de
1037 5213 1388 5268 adversariis
1436 5217 1823 5285 reportandas.
1875 5217 1944 5271 Et

2072 5217 2467 5292 ὶπειργάσαντο,
2527 5214 2868 5289 κορεσθέντες
2931 5211 3070 5286 μόνῃ
3127 5217 3197 5286 τῇ
3272 5215 3380 5266 τῶν
3457 5210 3710 5265 ἐναντίων

284 5301 477 5373 quoad
529 5306 927 5358 Romanorum
977 5303 1268 5360 exercitus
1316 5304 1646 5362 instructus
1706 5306 1787 5361 ibi
1843 5322 1940 5363 os-

2050 5308 2361 5382 ἀποτροπῇ,
2399 5302 2645 5380 μεγάλην
2693 5301 2946 5376 εὐτυχίαν
2977 5301 3067 5356 καὶ
3095 5305 3256 5356 τοῦτο
3304 5304 3401 5355 τοῦ
3438 5297 3708 5374 βασιλέως

1602 5431 1849 5486 JACOBI
1888 5431 2109 5489 GOARI
2147 5433 2382 5488 NOTAE.

352 5540 466 5608 (17)
525 5539 860 5631 Satellitum
918 5543 1386 5631 Lin‘digenarum,‘
1449 5563 1697 5631 quorum
1745 5547 1939 5629 ,νεικείω
2047 5549 2429 5631 printorianos
2461 5548 2880 5617 componerent
2911 5543 3205 5601 militiam.
3241 5559 3357 5600 non
3390 5544 3708 5598 censentur

283 5615 492 5690 turmas
523 5613 1611 5690 quondamscholmfnuncupabantur.
1643 5617 1934 5690 legionem
2044 5613 2282 5678 inclusi.

285 5682 548 5756 intelligo
574 5703 587 5752 ;
611 5683 672 5739 in
695 5701 813 5756 qua
833 5685 1116 5755 foederati,
1149 5704 1251 5744 ceu
1287 5682 1384 5760 qui
1409 5682 1748 5747 distinctam
1783 5691 1937 5748 inter
