4122 6390
314 383 440 446 406

1857 389 2248 454 HISTORIA.

3641 391 3764 455 406

313 513 714 590 λογιζομένου,
779 514 865 572 ὅτι
927 516 1072 581 τέως
1139 517 1190 574 οἷ
1244 517 1534 585 ἀνάλκιδας
1586 519 1985 598 ἀνερῥώσθησαι

2116 525 2490 595 tendebatur,
2524 526 2743 582 Arabes
2772 525 3151 598 quiescebant
3184 542 3197 582 :
3232 524 3331 580 ubi
3380 541 3516 582 vero
3563 531 3764 584 coacto

324 605 415 661 καὶ
473 607 522 660 οἱ
569 606 762 680 νεκροὶ
817 607 894 670 ὡς
939 609 1116 663 εἴπεῖν
1172 609 1578 680 ἀνεζώσθησαν.
1628 613 1688 668 Ὁ
1735 609 1794 666 δὲ
1846 613 2000 688 βασι-

334 694 458 756 λεὺς
527 695 856 750 ἐπανελθὼν
921 697 998 758 εἱς
1067 698 1160 753 τὸν
1247 701 1466 774 χάρακα
1545 699 1679 773 μετὰ
1732 702 1834 771 τήν
1889 706 1996 756 τῶν

320 784 539 860 ἐχθρῶν
583 779 926 857 ἀποσόϐησιν
989 783 1128 860 ἔγνω
1176 788 1273 857 τὴν
1329 787 1630 863 ἀκρόπολιν
1680 797 1780 860 τῆς
1831 791 1998 866 Ἰερα-

312 871 538 935 πόλεως
590 873 896 944 ἐνοικῆσαι.
982 879 1333 947 Καοαστήσας
1394 877 1486 932 οὖν
1559 879 1650 933 τὸν
1709 880 1998 954 Φαρεσμά-

312 985 413 1032 νην
477 963 686 1018 ἐκεῖνον
750 964 958 1034 Βὲστην
1005 966 1098 1020 τὸν
1150 968 1494 1040 Ἀποκάπης,
1551 967 1600 1040 ἐξ
1663 964 1894 1043 Ἰϐήρων
1935 970 1998 1024 τὸ

323 1054 481 1126 γένος
527 1049 788 1120 ἕλκοντα,
851 1053 1044 1130 χώραν
1096 1051 1301 1109 δέδωκε
1339 1061 1459 1118 τοῖς
1504 1055 1767 1119 ἐναντίοις
1800 1057 1998 1112 ἀνακα-

326 1140 579 1204 λέσασθαι
640 1161 702 1196 τε
776 1142 879 1210 τὴν
961 1142 1129 1211 ἧτταν
1196 1143 1287 1198 καὶ
1367 1142 1661 1200 ἀντίπαλον
1722 1147 1994 1224 φέρεσθαι.

329 1239 428 1295 Καὶ
477 1236 576 1300 ’ἕως
637 1239 736 1311 μὲν
804 1237 1362 1316 ἐστρατοπεδευμένος
1443 1242 1472 1296 ὁ
1534 1247 1642 1296 τῶν
1701 1243 1992 1316 Ῥωμαίων

325 1327 553 1402 στρατὸς
597 1315 955 1397 διεδείκνυτο,
1008 1330 1144 1385 κατὰ
1186 1329 1373 1406 χώραν
1427 1329 1648 1385 ἐδόκουν
1708 1332 1886 1404 μένειν
1947 1315 1998 1386 οἱ

319 1412 562 1492 ’Ἄραϐες
600 1436 612 1450 ·
676 1420 758 1490 [Ρ.
820 1420 951 1491 828]
1009 1418 1084 1480 ὡς
1153 1416 1200 1474 δ’
1259 1420 1565 1490 ἀναστήσας
1621 1423 1717 1490 τὴν
1777 1421 1995 1498 σρατιάν

316 1506 452 1561 εὐθὺ
511 1511 614 1561 τοῖ’)
668 1505 933 1583 φρουρίου
1012 1511 1110 1562 τοῦ
1202 1508 1359 1577 Ἀζᾶς
1443 1505 1704 1578 ἤλαυνεν,
1763 1508 1995 1580 ἤρξαντο

315 1593 611 1670 σποράδην
672 1595 732 1650 ἐκ
791 1593 1168 1668 διασνήματος
1223 1597 1359 1652 κατᾶ
1414 1599 1478 1653 τὸ
1536 1596 1841 1671 εἴθισμένον
1892 1599 1995 1653 αὐ-

310 1692 436 1748 τοῖς
489 1685 890 1763 ἐπιφαίνεσθαι,
939 1686 1029 1739 καὶ
1081 1685 1208 1760 περὶ
1264 1688 1363 1754 τὴν
1417 1686 1674 1761 οὐραγίαν
1721 1685 1996 1750 πολλάκις

315 1774 725 1847 ἐπιτιθέμενοι,
771 1773 899 1836 τοὺς
949 1775 1014 1828 τὰ
1059 1775 1201 1830 σιτία
1252 1776 1719 1849 μετακομίζοντας
1759 1781 1992 1832 κακοῦν-

2110 616 2365 672 exercitu
2401 615 2574 688 coepit
2605 621 2765 672 recta
2795 616 2865 670 ad
2900 615 3184 687 oppidum
3217 619 3341 670 Azaa
3389 617 3761 684 contendere,

2110 715 2414 778 cmperunt
2443 706 2632 778 sparsi
2666 722 2735 761 ex
2765 703 3095 770 intervallo,
3129 721 3238 760 suo
3280 721 3440 760 more
3489 705 3547 760 in
3600 706 3763 778 ipsos

2110 795 2468 865 invadere,et
2487 800 2817 850 extremum
2841 810 3049 866 agmen
3076 809 3228 865 saepe
3251 794 3436 848 adorti
3468 811 3760 851 commea-

2112 890 2209 941 tus
2241 886 2567 939 deferentes
2597 901 2822 950 vexare,
2868 889 2926 938 et
2968 883 3175 938 laedere
3223 886 3539 951 Romanos,
3591 886 3762 955 quasi

2109 988 2178 1027 ex
2226 973 2458 1028 insidiis
2490 973 2640 1028 clam
2671 973 3056 1044 irruptionem
3088 971 3388 1027 facientes.
3422 974 3763 1044 Constipato

2111 1069 2309 1118 autem
2343 1061 2664 1135 sagittariis
2717 1067 2775 1116 et
2821 1061 3069 1116 scutatis
3119 1060 3400 1132 exercitu,
3443 1061 3762 1134 imperator

2111 1157 2375 1209 armatus
2424 1168 2556 1207 cum
2606 1157 2727 1208 toto
2773 1152 3027 1206 exercitu
3077 1152 3149 1206 ad
3201 1151 3482 1222 oppidum
3515 1153 3640 1207 Azae
3665 1168 3762 1208 aco

2111 1243 2286 1307 cedit,
2320 1249 2484 1296 ratus
2528 1240 2740 1316 locum'
2769 1242 2841 1296 ad
2893 1257 2955 1295 se
3005 1240 3406 1311 recipiendum
3457 1241 3760 1299 idoneum.

2108 1340 2220 1396 Sed
2253 1340 2351 1395 ubi
2396 1339 2509 1411 ipsi
2557 1339 3041 1412 appropinquans
3085 1337 3454 1394 tutissimum
3504 1338 3650 1395 vidit
3697 1356 3764 1396 ac

2110 1429 2583 1485 munitissimum
2616 1430 2674 1484 in
2699 1445 2932 1483 summo
2956 1426 3102 1484 colle
3127 1427 3480 1494 consistens,
3516 1429 3767 1501 duplici-

2107 1535 2220 1588 que
2252 1535 2423 1573 muro
2454 1518 2739 1584 cinctum,
2772 1522 2829 1573 et
2859 1517 3156 1589 lapidibus
3208 1533 3353 1588 quas
3403 1516 3581 1573 clavis
3628 1519 3766 1589 qui-

2108 1609 2358 1663 busdam
2382 1611 3103 1679 compactum,accensum
3121 1607 3190 1661 ad
3210 1613 3438 1678 portam
3486 1608 3763 1678 referens,

2107 1702 2166 1752 et
2195 1715 2405 1769 parum
2438 1715 2605 1769 aqua}
2641 1697 2777 1751 inde
2825 1696 3096 1765 elﬂuens,
3148 1713 3272 1767 quas
3321 1713 3436 1752 non
3486 1702 3642 1753 esset
3691 1699 3763 1752 ad

2104 1791 2335 1843 tantum
2383 1787 2790 1858 accipiendum
2822 1785 3138 1841 exercitum
3173 1785 3402 1852 idonea,
3447 1784 3583 1840 inde
3633 1803 3763 1858 pro-

311 1886 428 1934 τες,
491 1864 732 1920 ἐλύπουν
791 1863 922 1926 τοὺς
977 1864 1284 1937 Ῥωμαίους
1333 1867 1409 1927 ὡς
1467 1865 1526 1920 ἂν
1587 1865 1637 1939 ἐξ
1686 1865 1985 1942 ἐπιδρομῆς

387 1955 401 1970 ι
438 1954 458 1970 ς
494 1955 505 1970 ,
697 1955 709 1970 .
801 1953 814 1966 ς
890 1951 940 1970 ,η
1110 1952 1123 1970 ,
1268 1959 1289 1968 -
1349 1953 1367 1970 κ
1417 1953 1435 1970 κ
1496 1955 1553 1970 η.
1792 1955 1804 1970 ι

2103 1877 2419 1947 fectus,ubi
2453 1875 2743 1947 copiosior
2771 1893 2925 1945 aqua
2955 1876 3182 1944 ﬂueret,
3215 1879 3407 1930 castra
3440 1875 3657 1946 posuit.
3695 1876 3760 1931 Et

311 1955 405 2009 καὶ
437 1954 624 2030 λόχου
652 1955 750 2016 τὰς
797 1951 1060 2016 ἐπιθέσεις
1105 1952 1157 2008 ἐν
1222 1959 1302 2026 τῷ
1349 1953 1609 2025 λεληθότι
1641 1955 1988 2029 ποιούμενοι,

320 2043 812 2119 Κατασραξάμενος
870 2039 928 2097 δὲ
991 2042 1044 2098 ἐν
1122 2048 1238 2104 τοῖς
1296 2038 1590 2113 ἑκηϐόλοις
1647 2045 1735 2100 καὶ
1788 2044 1990 2101 πελτα-

326 2138 477 2196 σταῖς
531 2135 559 2186 ὁ
623 2129 881 2206 βασιλεὺς
939 2132 1002 2185 τὸ
1073 2129 1457 2207 στρατόπεδον,
1521 2129 1990 2208 τεθωρακισμένος

327 2227 412 2294 τῷ
441 2221 677 2296 φρουρίῳ
735 2215 1080 2295 προσϐάλλει
1131 2221 1286 2291 Ἀζας
1340 2223 1455 2295 μεθ’
1507 2217 1644 2293 ὅλης
1685 2230 1785 2293 τῆς
1824 2245 1989 2299 στρα-

325 2315 470 2379 τιᾶς,
524 2309 600 2372 εἷς
643 2307 930 2384 ὑποδοχὴν
991 2311 1176 2382 μαθὼν
1241 2312 1378 2365 εἶναι
1428 2310 1519 2366 τὸν
1576 2311 1742 2365 τόπον
1801 2311 1988 2384 ἐπιτή-

326 2397 493 2455 δειον.
549 2401 631 2460 Ὡς
682 2396 741 2453 δὲ
819 2399 1182 2474 προσεγγίσας
1248 2398 1395 2472 αύτῷ
1456 2399 1818 2474 ἐρυμνότατον
1881 2400 1985 2456 ε’δε

316 2493 410 2545 καὶ
463 2490 840 2564 ὀχυρώτατον,
900 2488 982 2544 ἐπ’
1060 2489 1364 2564 ἀκρωρείας
1435 2489 1610 2568 λόφου
1668 2491 1982 2564 ἱστάμενον,

307 2587 518 2662 τείχεσι
571 2583 798 2650 διπλοῖς
856 2587 1289 2662 περιεζωσμένον
1373 2587 1460 2641 καὶ
1525 2587 1746 2663 πέτραις
1801 2587 1980 2664 ὥσπερ

311 2675 775 2752 γεγομφωμίνον,
827 2672 1044 2746 λιθίνην
1092 2677 1192 2744 τὴν
1253 2673 1445 2730 ἄνοδον
1481 2676 1618 2750 πρὸς
1661 2677 1761 2744 τήν
1795 2677 1978 2744 πύλην

313 2766 754 2842 ἀποφερόμενον,
835 2765 1031 2838 μικρόν
1101 2785 1160 2818 τε
1235 2761 1381 2838 ὕδωρ
1441 2764 1704 2840 ἂπορῥέον
1757 2765 1847 2820 καὶ
1903 2769 1977 2836 μὴ

309 2855 570 2928 ἐξαρκοῦν
620 2853 760 2929 πρὸς
812 2849 1098 2928 ὑποδοχὴν
1148 2853 1412 2908 τοσούτου
1454 2858 1708 2928 στρατοῦ,
1757 2853 1979 2923 ἀναζεύ·

309 2945 400 3014 ξας
447 2944 528 3005 εἱς
585 2942 756 2998 τόπον
829 2940 1063 3015 ἐπήξατο
1138 2944 1238 3012 τὴν
1311 2937 1672 3018 παρεμϐολήν
1730 2940 1856 3006 ἔνθα
1918 2943 1980 2998 τὸ

309 3030 457 3107 ὕδωρ
506 3033 886 3110 ἀφθονώτερον
949 3029 1152 3106 ἔῤῥεεν.
1211 3032 1471 3094 Ἀναστὰς
1522 3029 1581 3086 δὶ
1632 3031 1832 3096 ἐκεῖθεν
1880 3032 1982 3104 ὥρ-

310 3142 453 3194 μησε
484 3122 628 3196 πρὸς
681 3119 751 3175 τὰ
796 3127 895 3189 τῆς
946 3117 1300 3182 Αὐσονίτιδος
1351 3118 1495 3195 ὅρια,
1542 3121 1631 3176 καὶ
1689 3118 1980 3194 πυρπολή-

309 3230 402 3271 σας
464 3209 687 3284 χωρίον
745 3207 996 3283 μέγιστον
1042 3206 1233 3282 Κάτμα
1283 3205 1602 3284 λεγόμενον,
1660 3213 1739 3280 τῷ
1789 3209 1979 3283 ἆμηρᾷ

307 3303 406 3353 τοῦ
463 3297 662 3356 Χάλεπ
728 3296 1106 3376 ὀφωρισμένον
1181 3297 1241 3352 ἐκ
1315 3296 1576 3369 παλαιοῦ,
1655 3297 1730 3360 εἰς
1797 3294 1980 3373 ἕτερον

311 3387 524 3463 χωρίον
593 3384 860 3442 κατέλυσε
919 3385 1205 3462 Ταρχωλᾰ
1274 3388 1808 3460 κατονομαζόμενον.
1865 3395 1972 3442 Κο-

309 3475 591 3550 πτομὲνου
625 3473 682 3530 δὲ
726 3480 823 3530 τοῦ
863 3477 1130 3550 χάρακος,
1180 3475 1272 3530 καὶ
1317 3481 1412 3530 τοῦ
1447 3476 1717 3552 βασιΛέως
1748 3478 1972 3550 ἰσταμὲ-

312 3587 411 3621 νου
465 3565 604 3620 κατά
650 3566 714 3620 τὸ
773 3563 940 3635 δεξίὸν
1018 3565 1205 3640 μέρος,
1274 3559 1506 3639 ’Ἄραϐες
1582 3563 1676 3619 δύο
1723 3563 1978 3629 λαθόντες

319 3662 549 3718 κατόπιν
570 3668 671 3732 τῆς
725 3661 1046 3738 ἀκρωρείας,
1094 3661 1183 3717 καὶ
1231 3661 1360 3725 τοὺς
1405 3661 1612 3726 ’ίππους
1663 3663 1768 3718 ἅπὸ
1812 3663 1978 3738 ῥυτή-

325 3773 438 3826 ρων
479 3749 786 3820 ἐλάσαντες,
839 3749 935 3806 δύο
991 3756 1101 3806 τῶν
1150 3757 1328 3820 πεζῶν
1375 3757 1494 3814 ταῖς
1544 3751 1775 3827 λογχαις
1826 3754 1977 3806 ἀναι-

321 3845 531 3917 ροῦσιν.
588 3842 649 3898 Ὀ
711 3839 965 3916 βασιλεὺς
1024 3837 1082 3895 δὲ
1145 3840 1372 3903 τούτους
1443 3841 1770 3913 θεασάμενος
1826 3846 1978 3915 πρῶ-

320 3951 418 3992 τος
458 3927 772 4001 διατέστησε
823 3930 1060 4003 πρώτως
1103 3929 1231 3993 τοὺς
1277 3930 1610 4006 στρατιώτας
1644 3929 1720 3991 εἰς
1771 3926 1977 4000 δίωξιν.

329 4028 403 4085 Oi.
433 4025 495 4080 δὶ
542 4027 826 4104 φθάσαντες
879 4025 1101 4099 ἐξαισίῳ
1150 4023 1342 4100 δρόμῳ
1396 4031 1504 4082 τῶν
1554 4024 1742 4082 *ίππων
1790 4027 1864 4089 εἷς
1917 4028 1980 4082 τὸ

328 4115 540 4172 οἰκεῖον
603 4113 965 4190 στρατόπεδον
1027 4113 1381 4185 διεσώθησαν.
1428 4160 1440 4174 .
1489 4159 1500 4171 .
1552 4158 1565 4171 .
1625 4121 1879 4191 κατεῖχον
1927 4113 1983 4170 δε

316 4209 488 4260 τοῦτο
549 4205 859 4275 Σαρακηνοὶ
907 4204 1001 4259 τὸν
1080 4204 1282 4258 εαυτῶν
1336 4204 1641 4278 στρατηγὸν
1701 4205 1982 4278 ἐξελάσαν-

313 4315 431 4356 τες.
495 4293 645 4364 Πλὴν
694 4291 844 4350 ἀλλά
885 4293 978 4348 καὶ
1022 4290 1194 4348 πάλιν
1249 4292 1536 4371 φεύγουσιν
1583 4296 1635 4348 o't
1686 4298 1846 4350 τοῦτο
1893 4317 1988 4371 φυ-

317 4381 636 4450 λάσσοντες,
703 4382 795 4437 καὶ
853 4386 933 4454 τῷ
994 4380 1208 4455 βασιλεῖ
1280 4382 1343 4437 τὸ
1396 4381 1596 4437 οἰκεῖον
1655 4383 1988 4452 ἀνασώζεται

315 4469 593 4542 πόλισμα.
635 4470 885 4546 Φρουρὰν
943 4471 1035 4525 οὗν
1088 4469 1139 4526 ἐν
1197 4471 1350 4544 αὐτῷ
1397 4470 1581 4546 βαλὼν
1624 4474 1716 4527 καὶ
1745 4475 1987 4542 σιτήσεις

319 4560 658 4637 ἁπηχρώσας
687 4559 1116 4633 ἐναποθέμενος,
1166 4560 1341 4615 πάντα
1392 4563 1460 4615 τὰ
1506 4566 1584 4633 τῷ
1609 4567 1784 4638 καιρῷ
1811 4563 1983 4636 πρόσ-

2103 1969 2239 2023 inde
2266 1982 2500 2040 quoque
2531 1966 2842 2020 discedens
2890 1965 3105 2019 invasit
3151 1964 3533 2019 Ausonitides
3584 1965 3754 2035 ﬁnes,

2101 2059 2459 2129 incensoque
2519 2072 2659 2127 agro
2713 2053 2992 2118 maximo,
3043 2053 3280 2108 nomine
3324 2056 3549 2120 Catma,
3600 2054 3756 2108 anti-

2100 2148 2304 2219 quitus
2347 2144 2596 2217 principi
2629 2143 2843 2215 Chalep
2877 2142 3200 2213 assignato,
3232 2143 3291 2197 in
3325 2141 3510 2198 alium
3558 2142 3753 2199 locum

2097 2253 2161 2292 se
2192 2237 2428 2307 recepit,
2477 2233 2760 2289 Tarchola
2791 2234 3066 2288 momine.
3127 2232 3531 2302 Perruptoque
3579 2231 3753 2301 vallo,

2095 2330 2153 2381 et
2209 2325 2563 2396 imperatore
2623 2323 2694 2376 ad
2754 2322 3018 2376 dextram
3072 2325 3296 2390 partem
3349 2320 3750 2386 incumbente,

2093 2416 2314 2471 Arabes
2343 2415 2480 2482 duo,
2515 2412 2615 2483 qui
2644 2410 2908 2467 latebant
2938 2426 2971 2463 a
3001 2414 3167 2479 tergo
3199 2409 3438 2475 montis,
3490 2410 3746 2464 concita-

2093 2505 2168 2560 tis
2201 2504 2390 2575 equis,
2433 2501 2661 2574 pedites
2711 2500 2858 2555 duos
2907 2498 3097 2554 hastis
3145 2499 3293 2553 677
3348 2497 3745 2567 interﬁciunt;

2093 2621 2244 2675 quos
2273 2603 2650 2674 conspicatus
2681 2600 3000 2671 imperator
3033 2597 3259 2668 primus
3290 2597 3490 2652 statim
3526 2596 3744 2652 milites

2093 2695 2164 2749 ad
2198 2690 2636 2764 persequendos
2666 2704 2765 2742 eos
2797 2686 3304 2742 incitavit.Verum
3338 2685 3421 2740 illi
3451 2702 3744 2757 occupan-

2091 2787 2180 2839 tes
2207 2781 2582 2838 velocissimo
2614 2794 2900 2850 equorum
2935 2793 3113 2832 cursu
3148 2776 3207 2830 in
3258 2793 3366 2831 sua
3414 2779 3606 2831 castra
3652 2774 3748 2830 in-

2090 2872 2352 2929 columes
2404 2887 2466 2926 se
2516 2884 2808 2939 recepere,
2858 2867 2939 2938 (et
2984 2865 3144 2920 illinc
3195 2865 3436 2936 profecti
3482 2869 3642 2920 recta
3671 2865 3742 2920 ad

2089 2960 2300 3017 Artach
2335 2957 2787 3026 contenderunt)
2818 2957 2974 3027 quod
3007 2955 3288 3026 oppidum
3321 2952 3563 3025 expulso
3604 2972 3743 3026 pro-

2089 3051 2215 3123 prio
2266 3051 2413 3103 duce
2459 3046 2806 3103 obtinebant
2834 3043 3126 3101 Saraceni.
3162 3047 3577 3098 Verumtamen
3611 3061 3743 3098 rur-

2089 3156 2221 3196 sum
2256 3137 2487 3208 fugiunt
2537 3136 2634 3207 qui
2677 3134 2822 3189 illud
2875 3134 3246 3198 tutabantur,
3302 3135 3358 3186 et
3406 3133 3748 3203 imperatori

2091 3245 2266 3285 suum
2336 3231 2668 3283 reservatur
2734 3222 3105 3295 oppidulum,
3167 3222 3226 3276 in
3299 3238 3414 3291 quo
3475 3221 3744 3292 praesidio

2009 3278 2051 3344 C
2090 3317 2390 3389 imposito,
2442 3319 2499 3370 et
2552 3314 2760 3369 idoneo
2823 3315 3154 3367 commeatu
3224 3311 3426 3364 omnia
3491 3311 3746 3382 tempori

2086 3411 2417 3477 opportuna
2459 3401 2775 3472 disposuit.
2816 3401 2956 3471 Ipso
2988 3398 3170 3469 igitur
3198 3397 3530 3467 imperante
3562 3413 3749 3466 cmpe-

2087 3499 2226 3550 runt
2256 3493 2502 3549 Romani
2557 3491 2838 3546 audacter
2889 3489 3086 3543 hostes
3138 3486 3352 3541 intueri
3407 3491 3464 3540 et
3512 3484 3750 3541 virtutis

2091 3599 2378 3641 memores
2409 3598 2537 3638 esse
2569 3597 2635 3636 ac
2667 3578 3036 3635 strenuitatis
3086 3576 3376 3631 rationem
3422 3575 3641 3631 habere
3690 3579 3750 3630 et

2089 3673 2353 3730 adversis
2414 3670 2754 3738 consistere,
2806 3667 3287 3738 quandoquidem
3341 3663 3750 3735 superioribus

2089 3762 2566 3832 imperatoribus,
2635 3758 2737 3829 qui
2806 3757 3068 3828 proxime
3149 3758 3559 3825 regnaverant,
3630 3770 3750 3808 una

2089 3856 2328 3924 excepta
2377 3847 2767 3905 ostentatione
2820 3849 2878 3901 et
2909 3849 3110 3901 coacta
3143 3841 3554 3908 multitudine,
3587 3840 3752 3896 nulla

2093 3943 2176 4011 in.
2213 3957 2273 3996 re
2319 3939 2495 3994 fortes
2545 3954 2608 3992 se
2655 3937 2725 3991 ad
2783 3951 3040 4006 pugnam
3096 3933 3498 4004 praebuerant;
3551 3931 3634 3984 ita
3686 3935 3752 3985 ut

2093 4028 2466 4101 perspicuum
2529 4025 2607 4081 sit
2665 4023 2831 4079 ducis
2893 4022 3084 4092 ipsius
3141 4036 3271 4076 esse
3321 4024 3386 4074 ut
3430 4018 3748 4090 plurimum

2092 4142 2440 4199 prosperum
2474 4139 2670 4178 rerum
2706 4135 3068 4176 successum.
3103 4119 3248 4174 Cum
3278 4134 3410 4172 vero
3444 4117 3582 4172 inde
3633 4133 3748 4172 non

2093 4216 2376 4288 potuisset
2410 4213 2730 4283 imperator
2774 4208 3150 4265 Antiochiam
3204 4206 3416 4262 reverti
3465 4206 3754 4275 (confecta

2093 4306 2250 4361 enim
2301 4308 2426 4359 erat
2472 4303 2626 4357 fame
2686 4298 2989 4369 multaque
3047 4295 3395 4367 vexatione),
3457 4297 3755 4368 superatis

2094 4393 2345 4449 saltibus
2393 4396 2450 4446 et
2502 4390 2864 4461 quibusdam
2893 4387 3153 4442 locorum
3183 4384 3478 4456 angustiis
3512 4384 3758 4440 minime

2095 4481 2305 4554 perviis
2338 4482 2408 4536 ad
2444 4480 2653 4536 Urbem
2678 4478 2895 4533 Ciliciae
2919 4476 3383 4532 Alexandronam
3416 4473 3655 4529 nomine
3690 4490 3754 4528 se

2094 4572 2323 4643 recipit,
2355 4569 2555 4640 ibique
2583 4567 2801 4622 vallum
2837 4565 3167 4630 constituit,
3199 4569 3256 4619 et
3301 4572 3556 4618 montem
3610 4565 3756 4618 Tau-

322 4671 466 4726 φορα
525 4647 822 4722 διετάξατο.
901 4651 1022 4708 Ἐπ’
1089 4649 1254 4705 αὐτοῦ
1309 4649 1492 4705 τοίνυν
1549 4655 1646 4705 τοῦ
1707 4651 1976 4726 βασιλέως

2097 4677 2221 4716 rum
2251 4665 2662 4729 transgressus
2709 4671 2838 4710 cum
2871 4654 3031 4710 omni
3065 4652 3318 4708 exercitu
3352 4651 3412 4706 in
3461 4651 3752 4708 Romano-

321 4751 561 4824 ἤρξαντο
591 4750 860 4821 Ῥωμαῖοι
905 4745 1361 4826 ἀντοφθαλμίζειν
1415 4749 1503 4802 καὶ
1556 4750 1690 4824 πρὸς
1747 4750 1808 4804 τὸ
1863 4771 1981 4825 γεν-

319 4839 612 4893 ναιότατον
698 4837 982 4913 ἀναφέρειν
1061 4835 1225 4910 λόγον
1299 4837 1388 4891 καὶ
1447 4837 1793 4901 συνίστασθαι
1843 4838 1980 4914 πρὸς

323 4935 622 5004 ἀντίθεσιν,
653 4935 768 4991 ἐπεὶ
823 4935 891 4991 τά
932 4956 995 5011 γε
1041 4935 1179 4989 κατὰ
1227 4933 1354 4996 τοὺς
1403 4939 1694 5010 προσεχῶς
1729 4935 1982 5010 βασιλεύ-

320 5044 547 5096 σαντας,
598 5022 744 5092 πλὴν
804 5020 1113 5095 ἐπιδείξεως
1183 5021 1354 5094 μόνης
1406 5023 1496 5077 καὶ
1551 5022 1802 5093 πλήθους
1859 5045 1982 5078 συν-

319 5120 574 5190 αγωγῆς,
629 5113 682 5168 ἐν
732 5111 911 5169 οὐδενὶ
959 5117 1234 5188 καρτερῶς
1290 5112 1429 5186 πρὸς
1490 5113 1678 5187 μάχην
1725 5113 1980 5186 συνέῤῥα-

317 5203 439 5272 ξαν,
470 5201 546 5262 ὡς
579 5199 913 5270 εἶναιδῆλον
969 5198 1052 5254 ὅτι
1099 5203 1196 5253 τοῦ
1244 5197 1518 5273 ἡγεμόνος
1570 5198 1709 5254 ἐστὶν
1761 5204 1836 5262 ὡς
1869 5200 1982 5255 ἐπί-

315 5311 428 5346 παν
481 5290 546 5344 τὸ
591 5289 1035 5364 κατορθούμενον
1097 5287 1148 5342 ἐν
1207 5292 1337 5341 πᾶσι
1394 5293 1511 5351 τοῖς
1539 5289 1838 5364 πράγμασι.
1873 5289 1982 5344 Κά-

320 5379 499 5433 κεῖθεν
558 5379 633 5450 μή
708 5375 958 5448 δυνηθεὶς
1037 5377 1065 5430 ὁ
1157 5374 1412 5450 βασιλεὺς
1491 5375 1567 5438 εἰς
1645 5376 1982 5452 Ἀντιόχειαν

323 5466 584 5531 ἀπελθεῖν
634 5465 1127 5543 (προκατείργαστο
1169 5465 1270 5540 γὰρ
1317 5463 1468 5537 λιμῷ
1514 5486 1572 5520 τε
1610 5467 1698 5520 καὶ
1745 5467 1980 5522 κακώσει

323 5555 558 5631 πολλῇ),
643 5551 881 5633 ὑπερϐὰς
957 5553 1205 5616 αὐλῶνας
1282 5554 1372 5608 καὶ
1457 5553 1781 5629 κλεισούρας
1831 5556 1979 5619 τινὰς

329 5643 734 5717 ἁδιεξοδεύτους
813 5644 890 5707 εἷς
959 5642 1120 5698 πόλιν
1187 5649 1289 5713 τῆς
1361 5641 1614 5706 Κιλικίας
1670 5643 1979 5720 λεγομίνην

326 5733 740 5811 Ἀλεξανδρῶνα
797 5737 1052 5805 καταντᾷ,
1109 5731 1326 5789 κάκεῖσε
1374 5733 1466 5789 τὸν
1514 5733 1732 5810 χάρακα
1783 5736 1986 5809 πήγνυ·

2097 4766 2226 4803 rum
2262 4747 2556 4817 regionem
2610 4744 2855 4799 invadit.
2905 4743 3170 4811 Cumque
3217 4739 3462 4795 conferti
3515 4739 3576 4793 in
3624 4737 3755 4793 loca

2093 4837 2309 4910 frigida
2338 4835 2710 4891 devenissent
2741 4849 2809 4888 ex
2839 4831 3157 4886 admodum
3187 4828 3404 4899 tepidis
3433 4832 3490 4882 et
3519 4826 3749 4898 calidis,

2097 4937 2397 5007 ingentem
2430 4947 2667 4990 sensere
2699 4929 3105 4997 mutationem,
3132 4931 3188 4982 et
3218 4925 3434 4980 idcirco
3478 4924 3752 4980 homines

2098 5025 2293 5098 plures
2327 5023 2668 5090 interibant,
2711 5037 2769 5076 6|.
2814 5017 3119 5088 complura
3166 5014 3491 5071 animantia
3537 5013 3754 5085 frigore

2097 5114 2360 5170 confecta
2389 5111 2699 5166 sunt.Cum
2731 5126 2867 5164 vero
2908 5123 3185 5180 egressus
3230 5109 3390 5160 esset
3435 5104 3756 5175 imperator

2098 5205 2166 5259 ad
2195 5203 2514 5274 quemdam
2539 5201 2731 5255 locum
2759 5197 3171 5269 angustiarum
3198 5193 3480 5260 Podandi,
3516 5192 3756 5248 nomine

2093 5291 2419 5365 Gytarium,
2453 5289 2606 5345 678
2639 5287 2865 5344 audivit
2897 5284 3200 5342 Amorium
3234 5283 3528 5354 direptum
3560 5281 3756 5338 homi-

2096 5395 2360 5451 numque
2385 5378 2679 5433 infinitam
2707 5375 2945 5431 caedem.
2981 5371 3195 5428 Positis
3216 5375 3412 5426 autem
3447 5371 3653 5426 castris
3684 5371 3756 5426 ad

2096 5468 2294 5524 Cbalci
2325 5466 2738 5533 diversorium,
2772 5464 2870 5535 qui
2906 5463 2965 5516 in
2999 5460 3269 5517 Melitene
3300 5461 3549 5515 duxerat
3587 5477 3749 5516 exer-

2096 5561 2300 5628 citum,
2325 5572 2700 5628 nequaquam
2734 5555 2804 5608 ad
2842 5554 3035 5624 ipsum
3069 5549 3252 5605 voluit
3282 5550 3573 5618 accedere,
3610 5567 3752 5621 prae-

2093 5649 2296 5704 sertim
2330 5664 2461 5703 cum
2496 5646 2552 5700 in
2588 5643 2802 5716 oppido
2833 5640 3168 5698 Tzamando
3201 5643 3471 5694 coactum
3503 5637 3749 5695 haberet

2087 5737 2431 5795 exercitum.
2465 5736 2691 5803 Quibus
2721 5734 2794 5790 de
2823 5730 3021 5789 causis
3051 5727 3249 5786 dolore
3281 5729 3549 5799 affectus,
3585 5727 3742 5798 quod
