4122 6384
363 372 482 436 407

1678 380 2009 443 JOANNIS
2054 381 2460 444 SCYLITZE

3670 381 3793 442 408

365 505 544 562 rebus
597 523 941 564 succurrere
986 514 1046 564 et
1109 508 1388 582 cpitulari
1436 512 1728 582 nequiret,
1777 529 1906 584 quas
1955 513 2028 568 ad

2148 533 2218 582 σι,
2251 511 2341 566 καὶ
2380 513 2474 567 τὸν
2517 515 2731 587 Ταῦρον
2779 514 2844 569 τὸ
2890 514 3017 587 ὅρος
3051 508 3291 586 ὑπερϐάς
3334 516 3668 588 πανστρατιᾷ
3689 512 3800 568 εἶσ-

370 595 690 652 exercitum
723 599 1109 670 pertinerent,
1142 605 1296 655 recte
1329 601 1695 671 compositis,
1731 607 2029 674 quantum

369 685 483 741 sibi
513 685 700 756 licuit,
733 692 790 742 et
823 688 1077 743 maxima
1108 694 1271 760 parte
1301 689 1361 743 in
1395 689 1642 746 hiberna
1673 693 1878 761 missa,
1905 692 2031 765 ipse

368 776 715 848 Byzantium
766 777 1068 832 contendit
1114 780 1185 834 ad
1239 780 1462 834 mensis
1513 780 1780 835 Januarii
1832 783 2030 838 ﬁnem.

369 872 478 928 Ubi
513 874 808 944 quoddam
844 880 1082 946 tempus
1123 882 1544 948 commoratus,
1597 895 1730 933 cum
1778 880 2030 936 civitatis

370 966 592 1017 statum
649 980 753 1034 pro
805 963 1030 1019 viribus
1075 965 1575 1036 administrasset,
1607 967 1932 1026 honoribus
1964 987 2030 1025 ac

372 1053 724 1108 muneribus
757 1059 1058 1110 senatores
1089 1056 1376 1126 quosdam
1411 1064 1780 1127 prosccutus,
1826 1059 2030 1114 distri-

369 1141 532 1196 butis
583 1143 800 1197 annuis
842 1143 1014 1197 donis
1047 1161 1236 1215 neque
1266 1145 1619 1216 exspectatis
1651 1147 2032 1205 Paschalibus

372 1231 584 1286 diebus
617 1233 686 1286 ad
723 1232 988 1287 Eriorum
1023 1234 1265 1288 domum
1299 1251 1328 1288 e
1362 1235 1596 1304 regione
1639 1237 1803 1292 urbis
1853 1238 2028 1293 sitam

373 1319 900 1392 navigavit.Evenit
929 1322 1086 1376 enim
1121 1322 1316 1378 nescio
1349 1323 1488 1394 quid
1520 1323 1708 1392 aliud,
1745 1328 1899 1397 quod
1935 1343 2034 1382 ne-

375 1410 630 1465 cessario
662 1410 858 1482 ipsum
890 1412 961 1466 ad
995 1411 1411 1483 profectionem
1444 1429 1574 1469 cum
1607 1417 1859 1472 exercitu
1896 1433 2032 1488 pro-

378 1500 624 1555 vocavit.
665 1499 760 1554 Vir
807 1502 1046 1571 quidam
1096 1501 1361 1570 Latinus,
1417 1503 1724 1576 Crispinus
1773 1506 2034 1575 nomine,

381 1604 451 1644 ex
512 1587 678 1643 Italia
735 1606 869 1644 cum
929 1591 1000 1646 ad
1058 1591 1474 1662 imperatorem
1534 1595 1910 1663 accessisset,
1961 1597 2032 1651 ad

381 1677 637 1734 Orientis
665 1685 884 1750 partes,
918 1684 984 1734 ut
1014 1679 1092 1734 ibi
1126 1679 1430 1752 hiemaret,
1481 1683 1704 1738 missus
1761 1689 1870 1740 est.
1923 1686 2032 1751 Qui

382 1769 548 1821 ratus
607 1782 670 1822 se
717 1783 833 1822 non
884 1784 950 1822 eo
1000 1767 1222 1824 honore
1271 1770 1540 1825 affectum
1592 1788 1696 1842 pro
1746 1773 2032 1844 dignitate

2142 596 2342 656 ϐάλλει
2375 605 2443 676 τῇ
2489 602 2802 675 Ῥωμαίων.
2857 605 2940 676 [Ρ.
2991 605 3120 677 829]
3153 603 3507 679 Ἑντυχόντες
3539 601 3584 657 δ’
3615 602 3803 678 ἀθρόοι

2139 690 2331 752 τόποις
2360 693 2598 766 ψυχροῖς
2630 689 2681 762 ἐξ
2733 692 2860 766 ἀγαν
2913 690 3174 748 ἀλεεινὼν
3203 692 3293 747 καὶ
3326 693 3540 767 Θερμῶν
3578 689 3806 759 πολλῆς

2145 774 2458 851 μεταϐολῆς
2508 779 2741 855 ᾔσθοντο
2777 801 2789 814 ”
2835 778 2920 836 διὸ
2963 781 3054 836 καὶ
3104 783 3383 856 ἄνθρωποι
3432 780 3638 836 πολλοὶ
3689 781 3802 835 ἀπ-

2141 868 2330 923 έθανον
2359 871 2447 924 καὶ
2496 875 2607 939 ζῶα
2646 870 2834 926 πολλά
2871 870 3225 944 ἐναπὲψυξαν.
3278 871 3550 942 Ἐξιόντος
3597 870 3653 926 δὲ
3700 874 3806 925 τοῦ

2144 956 2416 1034 βασιλέως
2469 959 2544 1021 εἰς
2597 982 2650 1014 τι
2709 960 2919 1035 χωρίον
2976 968 3077 1030 τῆς
3125 957 3406 1015 Ποδανδοῦ
3454 957 3805 1036 κλεισούρας,

2139 1047 2398 1124 Γυτάριον
2459 1049 2986 1123 κατονομαζόμενον,
3041 1048 3272 1119 ἤκουσεν
3320 1051 3348 1105 6
3397 1048 3653 1125 βασιλεὺς
3699 1051 3804 1120 τήν

2138 1157 2197 1190 τε
2253 1141 2352 1190 τοῦ
2413 1137 2677 1214 Ἀμοίρου
2727 1136 3152 1216 λαφυραγωγίαν
3209 1139 3301 1193 καὶ
3360 1140 3524 1212 φόνον
3587 1137 3805 1213 ἀνδρῶν

2141 1224 2446 1298 ἀμύθητον.
2482 1227 2958 1297 Κατεστηκηκυίας
3013 1225 3070 1282 δὲ
3108 1235 3209 1297 τῆς
3241 1223 3603 1303 παρεμϐολῆς
3632 1227 3686 1281 έν
3722 1231 3810 1298 τῷ

2137 1319 2236 1369 τοῦ
2288 1317 2546 1378 Χαλκὲως
2608 1322 2836 1389 σταθμῷ
2894 1318 2922 1371 6
2989 1316 3041 1370 ὲν
3108 1315 3392 1390 Μελιτηνῇ
3439 1320 3650 1390 κρατῶν
3703 1321 3808 1371 τοῦ

2142 1409 2371 1480 στρατοῦ
2404 1403 2519 1460 οὐδ’
2549 1404 2695 1468 ὅλως
2751 1406 2896 1478 αὐτῷ
2944 1401 3273 1482 προσϐαλεῖν
3325 1404 3616 1476 ἠθέλησεν,
3652 1401 3805 1480 ἔχων

2141 1494 2230 1548 καὶ
2270 1498 2436 1549 ταῦτα
2478 1496 2580 1564 τήν
2631 1496 2884 1570 στρατιάν
2937 1495 2990 1550 ἐν
3044 1500 3124 1567 τῷ
3174 1499 3273 1550 τοῦ
3303 1491 3630 1567 Τζαμανδοῦ
3670 1515 3806 1548 συν-

2142 1584 2509 1658 ηθροισμένην
2555 1584 2880 1656 πολίσματι.
2933 1586 3051 1661 Ἐφ’
3101 1587 3185 1648 οἷς
3228 1583 3483 1652 ἀνίαθεὶς,
3520 1585 3596 1655 μὴ
3630 1582 3803 1651 δυνη-

2143 1673 2254 1736 θεὶς
2286 1669 2343 1726 δὲ
2399 1673 2669 1747 βοηθῆσαι
2717 1678 2799 1746 τῷ
2847 1673 3152 1748 πράγματι,
3195 1673 3263 1728 τὰ
3301 1672 3438 1728 κατά
3480 1673 3574 1728 τὸν
3633 1693 3801 1748 στρα-

2139 1763 2232 1816 τὸν
2294 1761 2368 1823 ὡς
2422 1759 2546 1831 ἐνῆν
2597 1759 2786 1833 δεξιως
2831 1760 3172 1834 διαθέμενος,
3221 1763 3299 1824 είς
3354 1760 3803 1837 παραχειμασίαν

376 1871 552 1927 quem
604 1861 961 1928 speraverat,
1013 1858 1086 1913 ad
1132 1858 1507 1914 rebellionem
1557 1863 1860 1933 spectavit,
1910 1870 2031 1919 sta-

2148 1851 2201 1906 ιὸ
2225 1851 2415 1906 πλεῖον
2466 1853 2644 1906 αὐτῶν
2692 1851 3020 1914 ἀποστείλας
3070 1851 3231 1914 αὐτὸς
3286 1850 3374 1906 ἐπὶ
3403 1853 3466 1906 τὸ
3507 1852 3806 1921 Βυζάντιον

2148 1939 2162 1957 ’1
2395 1942 2409 1957 I
2512 1946 2538 1957 ιο
2621 1939 2663 1957 0‘
2829 1941 2843 1957 I
2880 1943 2916 1957 1-
3135 1942 3145 1957 Ι
3373 1942 3387 1957 \
3609 1939 3629 1957 κ
3685 1936 3749 1957 ,ι

375 1944 604 2015 timque
635 1952 1010 2002 occurrentes
1061 1947 1172 2002 sibi
1225 1948 1585 2004 tributorum
1633 1956 1930 2008 exactores
1977 1957 2036 2008 et

371 2033 641 2104 reliquos
709 2035 920 2108 spoliat
985 2053 1050 2092 ac
1116 2036 1354 2108 diripit;
1439 2039 1833 2096 Romanorum
1899 2059 2036 2099 vero

372 2121 679 2178 neminem
744 2124 1057 2191 interfecit,
1119 2126 1410 2199 multique
1467 2145 1601 2184 cum
1662 2130 1791 2202 ipso
1839 2133 2038 2203 praelio

376 2214 679 2284 congressi
749 2213 885 2269 victi
949 2226 1107 2271 sunt.
1167 2216 1271 2270 Sed
1344 2215 1404 2271 in
1472 2220 1880 2276 Armeniorum
1951 2238 2040 2278 re-

383 2301 557 2373 gione
617 2301 939 2359 hibernans
1001 2304 1342 2360 bestarches
1401 2306 1638 2363 Samuel
1697 2307 2041 2366 Aluisianus

388 2389 707 2464 Bulgarus,
769 2392 1140 2464 imperatoris
1200 2394 1396 2451 uxoris
1445 2398 1640 2468 frater,
1693 2415 1869 2470 quam
1920 2399 2042 2472 pri-

393 2485 562 2536 vatus
615 2481 809 2537 adhuc
859 2483 1080 2556 degens
1129 2485 1395 2554 duxerat,
1446 2503 1580 2542 cum
1630 2488 1892 2560 quinque
1937 2495 2042 2545 Uc-

401 2569 653 2626 cidentis
702 2571 1034 2644 legionibus
1083 2581 1319 2646 repente
1369 2578 1521 2632 679
1569 2577 1905 2649 Crispinum
1956 2580 2045 2634 in-

399 2658 560 2713 vadit
617 2658 747 2730 ipsa
805 2660 896 2716 die
955 2661 1443 2731 Resurrectionis,
1499 2665 1719 2722 Pascha
1777 2667 2043 2739 inquam.

397 2755 559 2819 Quod
594 2772 727 2812 cum
761 2759 1194 2828 persensissent
1227 2761 1453 2828 Franci,
1498 2763 1732 2835 fugiunt
1778 2765 2046 2834 Romani,

392 2843 782 2916 ipsorumque
830 2849 896 2902 fit
948 2848 1132 2904 multa
1181 2851 1388 2917 caedes,
1442 2869 1507 2907 ac
1555 2853 1671 2907 vivi
1733 2855 2048 2926 capiuntur

394 2949 643 2989 numero
677 2936 916 2991 infiniti.
953 2942 1226 2993 Attamen
1278 2956 1484 2996 omnes
1532 2941 1790 2999 humane
1837 2949 2046 3000 tracta-

394 3026 489 3078 tos
533 3023 780 3088 dimisit,
833 3025 952 3081 imo
999 3043 1132 3082 vero
1163 3026 1500 3086 vulneratos
1529 3033 1718 3086 curari
1755 3034 2044 3104 permisit.

393 3115 536 3167 Cum
613 3113 934 3186 imperator
1011 3117 1082 3171 ad
1167 3117 1473 3190 Doryleum
1555 3123 1935 3192 pervenisset,
2013 3140 2048 3178 a

393 3202 662 3275 Crispino
697 3203 1043 3276 legationem
1083 3207 1328 3278 accepit,
1383 3225 1502 3279 qua
1549 3211 1908 3268 deditionem
1958 3213 2042 3268 fa-

395 3291 652 3358 tebatur,
703 3299 760 3348 et
808 3295 880 3349 de
928 3295 1250 3351 defectione
1300 3314 1362 3352 se
1393 3298 1586 3368 ipsum
1620 3302 1956 3368 excusabat,
1989 3306 2046 3356 et

395 3381 636 3436 omnino
689 3382 979 3437 malorum
1031 3401 1160 3455 quae
1220 3385 1340 3441 sive
1390 3387 1612 3456 volens,
1663 3389 1784 3446 sive
1832 3391 2050 3446 invitus

392 3475 788 3541 perpetrasset
847 3471 1202 3529 oblivionem
1265 3475 1517 3545 petebat.
1573 3477 1798 3543 Quibus
1842 3485 2048 3550 postu-

391 3557 528 3614 latis
562 3561 770 3614 annuit
803 3561 1144 3632 imperator,
1177 3568 1234 3618 et
1265 3564 1460 3619 omnia
1491 3582 1618 3637 quae
1668 3566 1763 3622 ille
1810 3569 2052 3639 petierat

393 3647 654 3718 perfecit,
717 3648 826 3702 viri
897 3650 1263 3706 nobilitatem
1332 3658 1389 3708 et
1454 3653 1514 3707 in
1583 3654 1736 3710 bello
1802 3656 2048 3727 gloriam

387 3745 609 3801 veritus
668 3763 681 3802 :
737 3747 954 3802 etenim
1021 3749 1370 3804 defectionis
1432 3755 1711 3823 tempore,
1767 3769 1897 3810 cum
1957 3755 2049 3809 in-

389 3833 627 3890 cidisset
679 3837 737 3890 in
789 3837 1108 3892 maximam
1159 3842 1478 3895 Turcorum
1531 3859 1796 3911 manum,
1847 3843 2047 3914 ingen-

385 3923 472 3978 tia
511 3926 706 3980 'manu
762 3942 870 3982 sua
921 3927 1181 3982 facinora
1229 3929 1513 3986 ediderat.
1562 3933 1632 3987 Et
1678 3935 2049 4004 progredien-

388 4011 433 4066 ti
488 4012 827 4084 imperatori
888 4015 1079 4071 instar
1130 4017 1278 4071 servi
1305 4019 1532 4073 obviam
1593 4021 1676 4074 fit.
1724 4021 2048 4093 Subitoque

391 4105 458 4154 ut
482 4101 712 4158 amicus
742 4119 809 4158 ac
841 4103 1159 4159 benevolus
1193 4107 1576 4176 sequebatur,
1610 4111 1813 4180 paucis
1843 4127 2044 4166 secum

391 4190 750 4260 quibusdam
784 4192 1077 4248 militibus
1108 4194 1379 4250 adductis
1413 4212 1425 4250 :
1459 4195 1606 4253 alios
1633 4198 1790 4255 enim
1840 4199 1900 4254 in
1938 4217 2044 4272 op-

395 4278 532 4349 pido
603 4281 984 4337 Maurocastri
1068 4282 1408 4354 reliquerat,
1489 4289 1644 4356 quod
1731 4294 2048 4360 occuparat

387 4367 449 4422 in
495 4369 795 4435 Armenia,
847 4371 908 4424 in
968 4370 1086 4426 alto
1146 4372 1295 4428 colle
1354 4377 1636 4444 positum.
1698 4377 1808 4432 Sed
1870 4377 2043 4448 paulo

384 4461 539 4527 post,
624 4474 756 4513 cum
845 4459 904 4514 in
993 4459 1393 4531 suspicionem
1477 4465 1758 4533 venisset,
1847 4467 2042 4522 nescio

384 4545 522 4617 quid
556 4547 792 4603 crudele
835 4548 894 4603 in
945 4551 1245 4620 propriam
1297 4552 1520 4608 tribum
1572 4559 2036 4626 perpetraturus,

2137 1939 2281 2007 ἵετο,
2312 1942 2449 2016 πρὸς
2471 1946 2553 2014 τῷ
2580 1939 2730 1997 τέλει
2750 1941 2847 1997 τού
2880 1942 3216 2016 Ἰανουαρίου
3252 1942 3427 2014 μηνὸς
3469 1936 3805 1996 καταλαϐὼν

2145 2030 2198 2086 ἐν
2230 2029 2398 2102 αὐτῷ.
2455 2032 2736 2108 Διαγαγὼν
2787 2032 2965 2086 τοίνυν
3017 2030 3071 2085 ἐν
3122 2029 3272 2103 αὗτῷ
3317 2029 3544 2106 χρόνον,
3584 2029 3808 2094 καὶτὰς

2145 2127 2436 2192 πολιτικάς
2486 2127 2784 2200 διοικήσεις
2834 2131 2908 2192 ὡς
2957 2127 3177 2184 δυνατὸν
3228 2126 3672 2202 διοικησάμενος,
3716 2127 3816 2183 καὶ

2146 2219 2312 2292 τιμὰς
2361 2221 2448 2273 καὶ
2526 2217 2796 2290 δεξιώσεις
2872 2219 2947 2281 εἷς
3021 2240 3170 2281 τινας
3243 2223 3352 2273 τῶν
3429 2217 3814 2294 συγκλητικῶν

2149 2309 2544 2382 ποιησάμενος,
2587 2309 2677 2364 καὶ
2723 2311 2818 2373 τάς
2883 2307 3132 2379 ἐτησίους
3190 2306 3398 2382 δωρεὰς
3453 2305 3820 2380 διανειμάμε-

2151 2420 2266 2470 νος,
2293 2397 2382 2452 καὶ
2433 2395 2558 2452 οὐδὲ
2615 2399 2711 2460 τὰς
2788 2397 3137 2474 πασχαΛίους
3202 2397 3414 2470 ἡμέρας
3473 2396 3819 2472 περιμείνας,

2154 2486 2231 2550 εἴς
2289 2487 2380 2542 τὸν
2440 2488 2726 2563 ἀντιπέραν
2785 2494 2886 2556 τῆς
2935 2486 3152 2549 πόΑεως
3232 2487 3383 2541 οἶκον
3451 2491 3561 2541 τῶν
3611 2484 3819 2560 Ἥρίων

2155 2574 2513 2635 ἀπέπλευσεν.
2554 2571 2880 2646 Ἐπισυνέϐη
2931 2576 3036 2652 γάρ
3075 2597 3125 2630 τι
3183 2575 3273 2630 καὶ
3316 2571 3503 2649 ἕτερον
3540 2575 3680 2650 πρὸς
3722 2573 3816 2628 ὲκ-

2157 2667 2435 2741 στρατείαν
2497 2665 2796 2740 ἀναγκαίως
2850 2663 3053 2720 καλοῦν
3114 2663 3300 2722 αὐτόν.
3359 2665 3528 2738 Ἀνὴρ
3570 2664 3673 2738 γάρ
3730 2684 3818 2725 τις

2156 2761 2409 2828 Λατῖνος,
2455 2761 2747 2830 Κρισπῖνος
2795 2756 2896 2824 τήν
2951 2754 3172 2822 κλῆσιν,
3207 2754 3256 2826 ἐξ
3314 2752 3550 2815 Ἰταλίας
3599 2757 3680 2825 τῷ
3715 2753 3816 2828 βα-

2157 2844 2303 2901 σιλεῖ
2357 2845 2677 2920 προσελθὼν
2745 2845 2882 2918 πρὸς
2944 2845 3044 2913 τὴν
3099 2844 3269 2916 Ἑῲαν
3327 2841 3632 2913 ἀπεστάλη,
3691 2861 3812 2917 χει-

2159 2937 2344 3008 μάσων
2404 2933 2626 2990 ἐκεῖθεν.
2682 2934 2846 3004 Δόξας
2909 2931 2967 2987 δὲ
3027 2935 3102 3005 μή
3160 2934 3462 3006 τιμηθηναι
3514 2929 3676 3001 ἀξίως
3734 2928 3810 2984 ὦν

2153 3022 2385 3094 ἤλπιζεν
2473 3023 2798 3078 ἀποστασίαν
2886 3022 3174 3092 ἑσκόπησε,
3257 3021 3348 3077 καὶ
3413 3021 3604 3076 αὐτίκα
3683 3018 3816 3080 τοὺς

2156 3118 2522 3174 συναντῶντας
2579 3110 2923 3190 φορολόγους
2991 3131 3048 3165 τε
3117 3109 3206 3164 καὶ
3266 3107 3497 3170 λοιποὺς
3562 3106 3816 3163 σκυλεύει

2154 3203 2243 3258 καὶ
2273 3200 2576 3279 διαρπάζει,
2611 3201 2773 3280 φόνον
2826 3198 2882 3256 δὲ
2931 3199 3222 3272 Ῥωμαίων
3268 3196 3456 3255 οὐδένα
3503 3197 3817 3274 εῗργάσατο.

2157 3299 2371 3358 Πολλοὶ
2399 3298 2456 3355 δὲ
2469 3299 2648 3372 τούτῳ
2668 3301 2804 3373 πρὸς
2832 3301 3022 3374 μάχην
3047 3297 3334 3361 συστάντες
3361 3299 3500 3367 ἠττή
3512 3307 3577 3367 θη
3589 3316 3702 3352 σαν.
3723 3297 3822 3352 Ἐν

2158 3388 2216 3445 δὶ
2243 3394 2322 3462 τῷ
2352 3389 2542 3462 θὲματι
2585 3394 2692 3442 τῶν
2737 3389 3114 3463 ’Δρμενιακῶν
3163 3387 3599 3462 παραχειμάζων
3650 3386 3680 3439 6
3729 3385 3822 3459 βε-

2158 3479 2404 3554 στάρχης
2422 3477 2691 3550 Σαμουὴλ
2716 3479 2743 3532 ὁ
2769 3475 3146 3539 Ἀλουϊσιανὸς
3172 3477 3199 3530 6
3223 3473 3567 3550 Βούλγαρος,
3583 3471 3821 3552 ἀδελφὸς

2158 3568 2234 3623 ὥν
2256 3576 2357 3637 τῆς
2388 3572 2484 3623 τοῦ
2521 3566 2790 3643 βασιλέως
2806 3565 3082 3642 γυναικὸς,
3099 3563 3166 3634 ἤν
3199 3559 3277 3620 ἔτι
3295 3562 3596 3620 ἰδιωτεύων
3616 3563 3818 3640 ἠγάγε-

2157 3679 2241 3728 το,
2278 3657 2412 3730 μετά
2439 3658 2547 3711 τῶν
2591 3656 2894 3729 Ἐσπερίων
2948 3656 3106 3710 πὲντε
3147 3655 3441 3730 ταγμάτων
3473 3649 3820 3729 προσϐάλλει

2155 3752 2236 3819 τῷ
2285 3747 2570 3822 Κρισπίνῳ
2632 3745 2684 3817 ἐξ
2759 3743 2962 3821 ἐφόδου
3039 3745 3156 3799 κατ’
3225 3744 3398 3812 αὐτὴν
3452 3743 3552 3811 τήν
3605 3744 3819 3815 ἡμέραν

2155 3844 2256 3907 τῆς
2300 3835 2663 3902 ἀναστάσεως,
2702 3837 2800 3888 τοῦ
2848 3836 3039 3910 Ηάσχα
3091 3831 3258 3911 φημί.
3308 3833 3719 3902 Συναισθήσεως
3750 3827 3808 3884 δὲ

2155 3926 2457 4001 γενομένης
2482 3929 2600 3986 τοῖς
2643 3923 2922 3999 Φράγγοις
2963 3923 3250 3999 φεύγουσιν
3295 3923 3348 3976 οἱ
3398 3923 3689 3995 Ῥωμαῖοι,
3718 3920 3810 3974 καὶ

2156 4010 2320 4090 φόνος
2369 4016 2578 4068 τούτων
2625 4012 2827 4089 γίνεται
2874 4009 3050 4074 πολὺς
3101 4011 3191 4066 καὶ
3238 4009 3469 4086 ζωγρεία
3506 4009 3815 4082 ἀμύθητος.

2153 4114 2346 4185 Ὅμως
2377 4109 2444 4179 δὴ
2479 4110 2571 4165 οὗν
2617 4108 3024 4188 φιλανθρώπως
3074 4109 3262 4170 αὐτοῖς
3316 4105 3580 4170 διατεθείς
3611 4106 3818 4168 πάντας

2153 4201 2349 4275 ἀφῆκε,
2388 4197 2600 4273 μᾶλλον
2648 4201 2743 4272 μὲν
2791 4198 2884 4254 οὖν
2942 4198 3031 4253 καὶ
3097 4197 3224 4260 τοὺς
3283 4195 3592 4272 πληγέντας
3657 4216 3822 4250 νοσο-

2151 4294 2441 4361 κομεῖσθαι
2474 4285 2807 4364 παρέδωκεν.
2861 4289 2948 4345 ’Ev
2997 4292 3078 4358 τῷ
3108 4284 3397 4362 Δορυλαίῳ
3428 4284 3487 4340 δὶ
3523 4286 3824 4360 γενόμενος

2153 4379 2182 4432 6
2237 4377 2492 4454 βασιλεὺς
2541 4372 2828 4452 πρεσϐείαν
2882 4380 2980 4431 τοῦ
3027 4375 3330 4451 Κρισπίνου
3380 4371 3618 4444 ἐδέξατο,
3677 4373 3820 4446 ὁμο-

2154 4466 2347 4540 λογίαν
2373 4488 2432 4522 τε
2465 4473 2564 4535 τῆς
2598 4464 2922 4527 δουλώσεως
2951 4467 3041 4519 καὶ
3071 4465 3170 4532 τήν
3203 4460 3506 4536 ἀπολογίαν
3540 4469 3644 4531 τῆς
3671 4461 3821 4516 ἀντι-

2152 4557 2373 4617 στασίας
2426 4556 2717 4632 φέρουσαν,
2764 4553 2854 4608 καὶ
2905 4551 3096 4614 ἁπλῶς
3146 4551 3446 4625 ἀμνηστίαν
3491 4554 3673 4605 κακῶν
3707 4555 3819 4605 τῶν

383 4635 538 4706 quod
605 4653 725 4691 suis
783 4637 1073 4693 voluntati
1135 4656 1250 4695 non
1306 4642 1732 4710 obsequeretur
1795 4645 2038 4711 (etenim

2149 4647 2278 4720 παρ’
2327 4643 2493 4698 αὐτοῦ
2536 4642 2932 4719 πεπραγμένων
2984 4639 3090 4696 εἶ’τε
3139 4641 3361 4702 ἑκόντος
3400 4637 3508 4695 εἴτε
3562 4636 3818 4701 ἄκοντος.

387 4724 680 4794 perfidum
741 4731 799 4780 et
855 4727 1205 4798 inexplebile
1271 4730 1623 4785 Francorum
1683 4749 1869 4803 genus
1933 4741 2042 4802 est,

384 4811 505 4869 imo
536 4815 715 4869 etiam
749 4815 1074 4888 ingratum,
1111 4822 1167 4871 et
1201 4817 1410 4874 multis
1439 4821 1866 4877 offensionibus
1916 4839 2043 4878 ma-

383 4917 502 4974 gna
581 4903 832 4960 crimina
911 4907 1233 4962 exsuscitat
1315 4913 1372 4963 et
1439 4911 1908 4980 perturbationes
1974 4929 2041 4968 ac

383 4990 728 5062 seditiones,
770 4995 988 5064 quibus
1040 5001 1321 5065 tanquam
1382 4997 1611 5054 delictis
1668 4999 2038 5073 oblectatur),

382 5089 673 5146 exercitus
740 5093 987 5165 imperio
1053 5095 1362 5151 abdicatus
1432 5098 1562 5166 fuit,
1627 5116 1741 5154 non
1813 5101 2039 5158 sincere

383 5177 707 5246 convictus,
742 5183 840 5236 sed
875 5188 1105 5238 tantum
1139 5201 1172 5238 a
1203 5185 1458 5255 quodam
1499 5189 1768 5244 Nemizzo
1821 5189 2037 5244 illustri

383 5271 718 5324 accusatus.
744 5270 986 5328 Sodales
1017 5273 1172 5328 680
1203 5291 1335 5329 vero
1367 5275 1554 5344 ipsius
1597 5277 1796 5347 iniquo
1841 5279 2036 5335 animo

380 5353 440 5407 id
499 5356 658 5423 passi
717 5373 786 5412 ex
840 5363 1056 5430 oppido
1115 5363 1357 5431 profecti
1426 5365 1483 5418 in
1545 5366 2033 5436 Mesopotamiam

383 5457 446 5497 se
477 5443 791 5514 recipiunt,
828 5450 1134 5522 multaque
1163 5453 1382 5508 damna
1413 5453 1493 5508 ibi
1525 5456 2034 5513 commorantibus

386 5529 775 5588 intulere.Ubi
801 5551 936 5591 vero
957 5537 1282 5609 imperator
1305 5557 1436 5595 cum
1461 5543 1717 5597 exercitu
1747 5543 1815 5598 ad
1842 5547 2028 5598 Caesa-

386 5633 547 5674 ream
599 5625 882 5692 pervenit,
931 5627 1317 5699 cognovitque
1362 5631 1657 5702 ingentem
1709 5636 2032 5688 Turcorum

387 5723 630 5766 manum
687 5713 980 5784 regionem
1017 5716 1362 5789 depresdari,
1388 5722 1709 5790 quamdam
1743 5724 2034 5779 exercitus

2152 4735 2250 4795 Οἷς
2283 4735 2559 4804 ὑπήκουσε
2601 4736 2689 4787 καὶ
2730 4734 2758 4786 6
2803 4731 3076 4806 βασιλεὺς,
3109 4732 3198 4786 καὶ
3251 4729 3430 4785 πάντα
3477 4727 3578 4784 ὅσα
3617 4727 3818 4802 ἐξῃτή-

2151 4843 2280 4878 σατο
2329 4821 2719 4897 κατεπράξατο,
2774 4822 2838 4876 τὸ
2889 4821 2979 4875 τοῦ
3025 4817 3218 4892 ἀνδρὸς
3275 4822 3525 4896 γενναῖον
3555 4819 3644 4872 καὶ
3677 4818 3823 4892 πρὸς

2147 4911 2280 4974 τοὺς
2312 4909 2596 4983 πολέμους
2644 4907 2928 4986 περίδοξον
2978 4906 3407 4982 καταιδούμενος
3441 4927 3454 4941 ’
3509 4907 3601 4962 καὶ
3633 4906 3738 4981 γὰρ
3761 4907 3820 4960 ἐν

2147 5001 2226 5072 τῷ
2254 5007 2356 5069 τῆς
2419 5001 2750 5061 ἀποστασίας
2808 5003 2984 5072 καιρῶ
3031 4997 3284 5073 Τούρκων
3328 4996 3571 5072 ἐντυχὼν
3604 4992 3826 5065 πληθύϊ

2147 5087 2341 5163 πολλῇ
2380 5087 2622 5163 μεγάλας
2670 5085 3024 5161 ἀνδραγαθίας
3083 5085 3144 5140 ἐκ
3191 5086 3381 5160 χειρὸς
3422 5082 3822 5159 ἀπειργάσατο.

2151 5193 2228 5254 [Ρ.
2278 5189 2407 5259 830]
2467 5186 2567 5242 Καὶ
2646 5185 2893 5260 προϊόντι
2966 5188 3048 5255 τῷ
3123 5182 3341 5258 βασιλεῖ
3416 5177 3826 5250 δουλοπρεπῶς

2146 5277 2376 5346 ἀπαντᾷ,
2431 5277 2522 5331 καὶ
2602 5273 2754 5339 αὖθις
2827 5275 2901 5336 ὡς
2975 5270 3160 5335 εὔνους
3229 5271 3528 5339 συνείπετο,
3591 5269 3819 5346 ὀλίγους

2142 5365 2292 5427 τινὰς
2347 5365 2684 5439 στρατιώτας
2736 5362 3072 5438 ἐπαγόμενος
3114 5379 3126 5394 °
3181 5360 3326 5416 εἴασε
3372 5362 3478 5435 γὰρ
3526 5360 3653 5421 τοὺς
3711 5356 3812 5412 ἄλ-

2146 5455 2277 5517 λους
2325 5454 2377 5509 ἓν
2428 5459 2507 5528 τῷ
2563 5458 2661 5509 τοῦ
2707 5453 3137 5528 Μαυροκάστρου
3195 5449 3526 5522 πολίσματι,
3588 5447 3650 5502 οὗ
3703 5447 3806 5516 τήν

2143 5543 2468 5618 κατάσχεσιν
2523 5543 2822 5612 ἐποιήσατο
2868 5541 2921 5595 ἐν
2970 5546 3051 5613 τῷ
3100 5543 3464 5612 Ἀρμενιακῷ,
3499 5537 3587 5592 ἐπὶ
3629 5535 3805 5612 λόφου

2141 5634 2374 5705 κειμένῳ
2409 5630 2649 5707 ὑψηλοῦ.
2685 5633 2810 5686 Μετ’
2859 5629 3050 5705 ὀλίγον
3102 5627 3161 5685 δὲ
3204 5627 3528 5700 ὑπονοηθεὶς
3560 5624 3712 5700 ὠμόν
3747 5646 3801 5680 τι

2140 5717 2527 5794 διαπράξασθαι
2577 5719 2654 5782 εἰς
2699 5720 2797 5788 τήν
2854 5717 3055 5773 οἰκείαν
3107 5717 3286 5796 φυλὴν
3345 5718 3420 5790 μὴ
3472 5714 3800 5788 συναιρομέ-
