4122 6408
341 421 472 482 409

1869 419 2269 482 HISTORIA.

3659 424 3781 488 MO

349 575 450 624 νην
493 551 644 624 αύτῷ
698 551 751 608 ἐν
793 555 916 616 τοῖς
967 550 1328 629 βουλομένοις
1375 552 1487 623 (καὶ
1525 551 1626 627 γὰρ
1655 553 1743 607 καὶ
1778 552 2003 607 ἄπιστον

2128 558 2349 627 partem
2387 557 2671 614 adversus
2717 557 2877 630 ipsos
2901 557 3064 614 misit
3089 577 3106 628 ;
3136 573 3314 630 quam
3346 558 3563 616 infecta
3593 574 3653 616 re
3683 559 3780 615 fu-

355 641 443 696 καί
472 639 756 712 ἄπληστον
800 661 865 697 το
915 644 1072 716 γένος
1114 645 1222 696 τῶν
1251 642 1542 718 Φράγγων,
1577 639 1790 714 μᾶλλον
1834 638 1892 696 δὲ
1919 641 2009 696 καὶ

349 731 672 806 ἀχάριστον,
721 730 812 784 καὶ
869 728 1114 794 πολλοῖς
1167 730 1471 804 πταίσμασι
1536 727 1781 806 μεγάλας
1834 729 2010 793 αῗτίας

346 820 629 896 ἐπεγεῖρον
689 821 780 875 καὶ
835 820 1084 895 ταραχὰς
1141 820 1232 874 καὶ
1289 818 1645 886 ἀποστασίας,
1695 822 1780 881 αἷς
1828 819 2010 896 ἐντρυ·

344 912 564 987 φήματι
626 909 906 984 γάννυται)
965 909 1296 988 ἀπεπέμφθη
1353 913 1450 964 τοῦ
1498 906 1884 984 στρατοπέδου,
1935 911 2010 982 μή

342 1003 604 1072 καθαρῶς
638 999 736 1073 μὲν
764 998 1070 1074 ἐλεγχθεὶς,
1103 996 1230 1054 ἀλλ’
1261 997 1298 1068 ἢ
1349 998 1513 1072 μόνον
1563 997 1710 1073 παρὰ
1740 997 2012 1070 Νεμίτζου

351 1089 490 1151 τινὸς
541 1087 824 1161 ἐπισήμου
867 1087 1284 1163 κατηγορηθείς.
1335 1088 1403 1144 Οἱ
1456 1083 1515 1141 δέ
1568 1087 1772 1159 ἑταῖροι
1813 1086 2013 1141 τούτου

358 1179 445 1234 ἐπὶ
499 1178 580 1249 τῷ
637 1176 886 1252 γεγονότι
947 1176 1457 1248 δεινοπαθήσαντες,
1517 1173 1738 1250 ἄραντες
1800 1174 1861 1230 ἐκ
1913 1179 2013 1230 τοῦ

358 1266 642 1345 φρουρίου,
708 1267 810 1336 τὴν
893 1263 1317 1338 Μεσοποταμίαν
1388 1260 1870 1338 καταλαμϐάνουσι
1921 1265 2010 1319 καὶ

351 1355 540 1412 πολλά
598 1356 741 1411 κακά
788 1361 907 1420 τοῖς
957 1355 1130 1410 ἐκεῖσε
1170 1353 1505 1430 εἰργάσαντο.
1545 1353 1694 1411 Ἐπεὶ
1742 1351 1790 1407 δ’
1838 1355 1867 1408 ὁ
1919 1355 2013 1428 βα-

347 1443 539 1506 σιλεὺς
596 1444 732 1518 μετά
773 1441 1024 1514 πλήθους
1072 1445 1200 1514 ἧκεν
1256 1443 1332 1505 εἷς
1385 1443 1731 1518 Καισάρειαν,
1760 1441 2013 1517 Τούρκων

342 1533 573 1604 πλῆθος
632 1530 780 1588 πολὺ
842 1533 1027 1606 μαθὼν
1083 1535 1182 1602 τήν
1237 1533 1425 1608 χώραν
1486 1529 1827 1602 λεηλατοῦν,
1887 1530 2016 1585 ἀπέ-

343 1623 534 1680 στειλε
599 1624 764 1697 μέρος
829 1645 882 1678 τι
935 1625 1036 1693 τῆς
1093 1627 1348 1699 στρατιᾶς
1393 1623 1510 1678 κατ’
1568 1621 1766 1678 αὐτῶν.
1828 1618 2014 1690 Μηδὲν

346 1714 576 1780 ἀνύσας,
638 1711 785 1768 ἀλλά
846 1717 1043 1788 φεῦγον
1103 1710 1501 1785 ὑποδεξάμενος
1535 1752 1552 1779 ,
1611 1713 2016 1782 συντεταμένως

341 1817 449 1879 τῆς
517 1809 712 1886 πρόσω
764 1816 934 1889 φορᾶς
989 1809 1192 1886 εἴχετο.
1252 1811 1435 1881 Μήπω
1495 1806 1553 1864 δὲ
1614 1810 1754 1882 μήτε
1809 1810 2018 1886 τάφρου

2120 644 2376 716 gientem
2409 646 2729 718 excipiens,
2761 647 3084 705 continenti
3125 647 3333 703 itinere
3366 648 3614 704 ulterius
3645 665 3778 720 pro-

2121 735 2284 805 gredi
2315 751 2632 807 aggressus
2663 741 2772 791 est.
2805 736 2952 792 Cum
3005 737 3267 793 nondum
3317 754 3507 808 neque
3556 737 3777 793 vallum

2122 840 2313 895 neque
2367 825 2816 880 tabernaculum
2873 832 3280 881 constructum
3338 831 3514 894 esset,
3575 826 3777 882 hostes

2123 929 2466 984 apparuere,
2490 914 2589 984 qui
2622 913 2926 968 tutissima
2953 913 3080 968 loca
3108 914 3476 984 occupabant
3499 919 3556 969 et
3583 918 3780 970 tumu-

2122 1001 2232 1058 los.
2267 1003 2433 1057 Edito
2450 1008 2647 1059 autem
2671 1003 2925 1058 clamore
2948 1019 3078 1058 cum
3105 1003 3425 1075 imperator
3445 1019 3572 1060 sese
3596 1003 3779 1076 quieti

2124 1089 2368 1146 minime
2427 1090 2772 1156 dedidisset,
2823 1107 3025 1145 verum
3076 1089 3392 1146 classicum
3445 1090 3780 1156 cecinisset,

2124 1205 2461 1261 processere
2518 1189 2722 1244 ordine
2770 1188 3119 1260 phalanges,
3170 1188 3543 1260 sublatisque
3591 1189 3778 1254 signis

2125 1293 2460 1350 processere
2491 1277 2956 1332 adversariorum
2985 1277 3320 1348 plures.Sed
3348 1293 3481 1333 cum
3517 1277 3777 1350 legiones

2125 1370 2530 1438 occupassent,
2565 1384 2681 1422 una
2715 1367 3040 1438 Lycaonum
3074 1372 3211 1422 tunc
3254 1366 3569 1439 appellata,
3602 1365 3784 1422 altera

2126 1454 2590 1511 Occidentalium
2633 1455 2936 1526 copiarum
2968 1454 3142 1510 solito
3173 1455 3472 1524 audacior,
3500 1453 3781 1509 adversus

2130 1545 2326 1600 hostes
2359 1545 2603 1610 irruere,
2635 1561 2734 1600 eos
2765 1546 2834 1599 ad
2871 1544 3069 1617 fugam
3117 1544 3316 1598 statim
3339 1548 3602 1615 spectare
3649 1559 3782 1598 coe-

2127 1638 2359 1706 gerunt.
2383 1635 2452 1688 Et
2469 1649 2601 1689 cum
2636 1634 2952 1706 imperator
2982 1632 3277 1705 reliquum
3305 1633 3620 1688 exercitum
3648 1633 3784 1686 aute

2127 1723 2790 1796 produceret,reliquam
2809 1739 3044 1795 quoque
3059 1722 3315 1778 hostium
3342 1720 3784 1776 multitudinem

2135 1837 2270 1877 cum
2294 1821 2424 1877 aliis
2455 1821 2817 1893 fugientibus
2850 1821 3027 1876 simul
3059 1820 3260 1892 fugere
3289 1818 3594 1890 compulit.
3615 1819 3786 1873 Acce-

349 1902 498 1974 μήτε
556 1900 888 1970 σκηνώσεως
939 1901 1264 1976 γενομένης,
1324 1897 1590 1977 ἐφάνησαν
1652 1898 1704 1951 οἱ
1752 1895 2017 1969 πολέμιοι

2128 1911 2404 1966 dentibus
2435 1915 2631 1966 autem
2681 1909 2969 1965 militibus
3000 1915 3058 1964 et
3081 1909 3430 1980 Scytharum
3479 1923 3784 1962 mercena-

345 1992 415 2047 τὰ.
474 1989 820 2066 έρυμνότατα
873 1993 983 2044 τῶν
1037 1987 1219 2044 τόπων
1280 1986 1605 2062 κατέχοντες
1655 1987 1746 2041 καί
1790 1985 1888 2047 τὰς
1921 1984 2019 2040 λο-

360 2079 506 2156 φιάς.
539 2084 691 2147 Βοῆς
744 2075 803 2132 δὲ
848 2075 1173 2151 γενομένης,
1209 2077 1284 2148 μὴ
1319 2072 1686 2137 ἐκδεδωκότος
1737 2078 1834 2130 τοῦ
1869 2074 2020 2150 βασι-

371 2167 508 2230 λέως
544 2166 734 2222 ἑαυτὸν
773 2164 1093 2234 ἀναπαύσει,
1125 2163 1274 2220 ἀλλά
1323 2165 1386 2220 τὸ
1430 2164 1679 2220 ἐνυάλιον
1733 2161 2024 2218 σαλπίσαν-

369 2277 490 2328 τος,
530 2255 801 2331 προῄεσαν
855 2256 994 2311 κατὰ
1046 2255 1194 2328 τάξιν
1253 2256 1310 2309 αἱ
1369 2252 1668 2330 φάλαγγες.
1731 2254 2018 2328 Ἀρθεισῶν

371 2342 433 2400 δὲ
477 2350 581 2399 τῶν
627 2349 876 2417 σημαιῶν
921 2342 1230 2418 προέκοψαν
1286 2343 1382 2417 μὲν
1429 2341 1536 2398 τῶν
1587 2342 1840 2398 ἐναντίων
1885 2341 2025 2396 πολ-

368 2432 482 2488 λοί·
539 2427 928 2508 προλαϐόντων
995 2430 1054 2488 δὶ
1107 2437 1214 2488 τῶν
1272 2433 1590 2509 ταγμάτων,
1647 2430 1704 2486 ’ὲν
1759 2432 1854 2502 μὶν
1911 2435 2019 2485 τῶν

356 2523 644 2580 Λυκαόνων
732 2520 1032 2596 λεγόμενον
1067 2567 1082 2592 ,
1137 2518 1323 2595 ἕτερον
1403 2518 1462 2575 δὲ
1532 2524 1642 2576 τῶν
1724 2518 2023 2595 Ἑσπερίων

354 2612 634 2687 ἀριθμῶν,
689 2610 782 2666 καὶ
847 2615 946 2666 τοῦ
1003 2612 1272 2682 συνήθους
1335 2608 1660 2686 θρασύτερον
1724 2609 1859 2663 κατά
1915 2611 2024 2662 τῶν

357 2699 614 2756 ἐναντίων
672 2699 940 2754 ἐλάσαντα
995 2700 1132 2774 πρὸς
1187 2700 1361 2777 φυγὴν
1421 2697 1577 2762 εὐθὺς
1627 2695 1839 2752 ἀπιδεῖν
1889 2718 2022 2752 κατ-

353 2788 670 2864 ηνάγκασαν
715 2833 729 2846 .
789 2782 1232 2864 Ηροϐιϐάζοντος
1304 2784 1363 2842 δὶ
1429 2791 1528 2842 τοῦ
1597 2785 1870 2861 βασιλέως
1919 2785 2019 2854 τὴν

353 2878 564 2948 λοιπήν
616 2878 893 2951 στρατιὰν,
939 2877 1029 2932 καὶ
1081 2878 1144 2932 τὸ
1195 2875 1390 2933 λοιπὸν
1441 2879 1658 2940 πλῆθος
1706 2878 1814 2930 τῶν
1853 2873 2022 2929 πολε-

355 2967 502 3040 μίων
551 2971 680 3021 τοῖσ
723 2965 982 3044 φεύγουσι
1042 2963 1380 3042 συνδιέφυγε.
1432 2963 1746 3040 Παριόντων
1804 2961 1861 3018 δὲ
1910 2967 2020 3018 τῶν

350 3059 711 3132 στρατιωτῶν
783 3054 875 3110 καὶ
929 3059 1029 3110 τοῦ
1095 3058 1492 3133 μισθοφορικοῦ
1565 3057 1677 3109 τῶν
1747 3055 1969 3116 Σκυθῶν
2003 3095 2018 3121 ,

347 3161 458 3212 τῶν
493 3152 692 3224 Οὔζων
735 3152 904 3232 φημὶ,
951 3151 1127 3230 λόχος
1178 3153 1473 3229 Τουρκικὸς
1522 3153 1624 3207 οὐκ
1673 3149 1862 3227 ὀλίγος
1900 3155 2018 3212 τοῖς

2132 2000 2258 2065 riis,
2293 2000 2420 2056 Uzis
2448 1999 2712 2070 inquam,
2748 1999 2903 2054 haud
2945 1998 3155 2070 exigua
3202 1998 3525 2053 Turcorum
3575 1995 3786 2051 cohors

2131 2087 2191 2142 in
2242 2088 2537 2143 Romanos
2585 2087 2837 2155 invasit;
2871 2104 3019 2159 quos
3069 2086 3424 2158 excipientes
3477 2084 3664 2140 relicti
3713 2083 3787 2139 ad

2132 2176 2458 2233 custodiam
2505 2176 2740 2243 milites,
2791 2182 2849 2232 et
2897 2181 3031 2232 ante
3080 2192 3286 2231 omnes
3333 2174 3561 2243 Franci,
3602 2173 3790 2230 comi-

2133 2283 2362 2337 nusque
2393 2266 2691 2337 congressi
2715 2269 2772 2321 et
2790 2265 3023 2320 abunde
3049 2264 3292 2335 praeliati
3317 2262 3790 2330 fuderunt,nulla

2131 2371 2200 2409 ex
2229 2355 2510 2410 Romanis
2532 2354 2886 2426 legionibus,
2911 2367 3039 2425 quae
3064 2354 3144 2408 ibi
3165 2353 3369 2424 positae
3391 2355 3578 2420 erant,
3606 2352 3786 2407 Fran-

2132 2442 2216 2498 cis
2244 2442 2336 2497 vel
2368 2441 2621 2514 simplici
2656 2443 2878 2513 impetu
2905 2458 3071 2512 opem
3106 2442 3343 2497 ferente.
3381 2441 3606 2496 Interea
3640 2457 3790 2512 quo-

2132 2549 2247 2604 que
2295 2549 2328 2586 a
2375 2531 2782 2604 persequendo
2834 2531 3087 2586 redierat
3143 2530 3463 2600 imperator
3509 2529 3656 2585 081
3713 2530 3787 2583 ad

2131 2637 2438 2692 vesperam
2477 2637 2489 2676 :
2525 2637 2659 2676 nam
2693 2620 3040 2692 crepusculo
3070 2620 3258 2675 noctis
3304 2619 3622 2674 conﬂatum
3657 2618 3787 2673 fue-

2133 2715 2224 2764 rat
2256 2710 2536 2780 praelium.
2590 2709 2878 2765 Postridie
2909 2725 3043 2763 vero
3073 2707 3307 2779 publice
3355 2724 3458 2778 pro
3509 2705 3791 2762 tribunali

2132 2799 2344 2854 sedens
2377 2802 2579 2870 captos
2608 2798 2809 2854 hostes
2839 2802 3098 2853 extrema
3128 2797 3419 2854 sententia
3465 2795 3788 2864 damnavit,

2132 2886 2354 2942 nemini
2386 2903 2627 2958 prorsus
2659 2903 2925 2957 parcens,
2957 2903 3023 2941 ac
3071 2903 3145 2941 ne
3191 2886 3305 2957 ipsi
3354 2886 3595 2958 quidem
3629 2885 3788 2956 ipso-

2129 2993 2265 3031 rum
2295 2976 2453 3040 duci,
2485 2975 2724 3031 tametsi
2757 2974 2945 3030 multo
2995 2974 3180 3046 pretio
3231 2991 3293 3031 se
3339 2976 3787 3044 redempturum

2129 3065 2537 3138 pollicebatur.
2557 3065 2843 3120 Triduum
2874 3081 3009 3119 vero
3040 3063 3099 3118 in
3129 3063 3343 3119 castris
3374 3067 3640 3119 moratus
3672 3061 3787 3116 im—

2129 3157 2381 3226 perator,
2411 3152 2519 3208 hoc
2551 3168 2829 3224 prospero
2878 3167 3158 3207 successu
3207 3151 3483 3216 satiatus,
3515 3149 3790 3222 pluribus

343 3245 660 3318 Ῥωμαίοις
727 3243 1078 3319 προσέπεσεν·
1139 3241 1230 3304 οὓς
1304 3239 1585 3316 δεξάμενοι
1646 3241 1699 3295 o't
1769 3237 2017 3314 περιλει-

389 3333 440 3350 Al
657 3331 672 3350 1
856 3330 877 3350 Ἴ
975 3332 991 3350 \
1306 3336 1334 3347 ιιι·
1594 3327 1641 3350 ,\
1760 3329 1772 3349 Ι
1911 3349 1914 3350 ,
1973 3325 2016 3350 δ’

2131 3242 2404 3298 hostibus
2448 3241 2788 3314 aufugiendi
2819 3240 3064 3296 liberam
3097 3239 3345 3312 praebuit
3391 3238 3788 3302 occasionem,

347 3333 574 3407 φθέντες
628 3331 707 3393 είς
781 3330 1033 3410 φυλακὴν
1110 3336 1476 3407 στρατιῶται,
1537 3327 1642 3405 πρὸ
1701 3329 1918 3384 πάντων
1969 3325 2016 3382 δ’

348 3422 399 3476 οἱ
445 3425 722 3497 Φράγγοι,
771 3420 862 3474 καὶ
912 3421 1258 3496 ἀγχεμάχως
1301 3418 1710 3494 συμπλακέντες
1757 3417 1849 3472 καὶ
1899 3418 2019 3472 ἱκα-

341 3515 456 3574 νῶς
509 3506 1016 3583 ἀνθαμιλληθέντες
1066 3508 1380 3584 ἰτρέψαντο,
1439 3505 1674 3580 μηδενὸς
1723 3511 1832 3562 τῶν
1866 3507 2019 3560 ἰστα-

354 3600 533 3670 μένων
603 3598 901 3674 ταγμάτων
949 3599 1272 3670 Ῥωμαῖκῶν
1340 3601 1456 3659 τοῖς
1513 3597 1791 3672 Φράγγοις
1852 3592 2018 3670 μέχρι

357 3688 451 3740 καὶ
511 3684 686 3751 ἁπλῆς
741 3687 921 3762 ὁρμῆς
977 3680 1528 3761 παραϐοηθήσαντος.
1588 3685 1672 3739 Ἐν
1731 3684 1912 3754 τούτῳ
1971 3679 2017 3736 δ’

363 3774 658 3850 ὑπέστρεψε
714 3777 806 3830 καὶ
861 3776 891 3830 ὁ
945 3774 1202 3850 βασιλεὺς
1245 3781 1350 3844 τῆς
1400 3771 1636 3844 διώξεως
1684 3773 1822 3846 πρὸς
1863 3770 2018 3826 ἐσπέ-

354 3883 477 3940 ρανο
538 3865 664 3940 περὶ
724 3861 914 3934 δείλην
972 3864 1077 3938 γὰρ
1132 3865 1353 3934 συνέστη
1409 3863 1437 3918 ὁ
1494 3861 1774 3935 πόλεμος.
1832 3865 1910 3934 Τῇ
1971 3857 2018 3911 δ’

354 3952 618 4028 ἐπαύριον
673 3951 915 4027 δημοσίᾳ
957 3950 1182 4017 καθίσας
1224 3951 1353 4015 τοὺς
1399 3950 1708 4013 ἑαλωκότας
1753 3953 1861 4004 τῶν
1912 3970 2017 4004 πο-

359 4039 578 4112 λεμίων
749 4040 1038 4113 τελευταίᾳ
1092 4043 1263 4116 ψήφῳ
1317 4038 1623 4116 παρέδωκε,
1679 4036 1914 4112 μηδενὸς
1951 4037 2016 4092 τὸ

363 4131 619 4203 παράπαν
666 4130 1004 4208 φεισάμενος,
1059 4127 1190 4203 μηδ’
1242 4129 1406 4186 αὐτοῦ
1451 4134 1549 4185 τοῦ
1596 4123 1868 4204 ἡγεμόνος
1913 4127 2015 4181 αὖ·

353 4222 492 4290 τῶν,
525 4218 571 4273 εί
601 4221 688 4274 καὶ
736 4217 966 4276 πολλῶν
1017 4217 1231 4295 λύτρων
1266 4213 1428 4273 ὤνιον
1462 4219 1647 4273 ἑαυτὸν
1678 4218 2014 4287 ποιήσασθαι

350 4305 754 4383 ἐπηγγέλλετο.
805 4311 888 4382 [Ρ.
927 4310 1058 4381 831]
1105 4307 1516 4384 Τριημερεύσας
1573 4303 1631 4361 δὶ
1677 4307 1706 4361 ὁ
1759 4303 2014 4381 βασιλεὺς

352 4397 406 4452 ἐν
454 4401 528 4472 τῇ
579 4392 932 4470 παρεμϐολῇ,
963 4401 1046 4469 τῷ
1074 4397 1455 4472 προτερήματι
1498 4393 1680 4467 τούτῳ
1724 4393 1886 4471 κόρον
1916 4393 2014 4450 λα-

349 4481 488 4559 ϐὼν,
522 4485 761 4548 πολλοῖς
805 4483 985 4541 ἄδειαν
1019 4481 1224 4540 δέδωκε
1259 4489 1369 4540 τῶν
1410 4483 1662 4540 ἐναντίων
1704 4485 2015 4559 ἀποφυγῆς,

351 4584 427 4646 ὡς
489 4581 637 4656 μηδέ
690 4587 793 4650 τῆς
852 4582 1002 4646 λείας
1042 4581 1398 4658 ἀποσχέσθαι.
1459 4583 1560 4640 Καὶ
1595 4581 1824 4643 ἀναστὰς
1875 4580 2013 4635 ἐκεῖ·

2130 3339 2215 3396 ita
2255 3343 2321 3394 ut
2369 3355 2439 3394 ne
2488 3357 2521 3394 a
2572 3339 2762 3409 praeda
2807 3338 3046 3410 quidem
3099 3353 3228 3393 sese
3271 3335 3683 3392 abstinuerint.
3724 3335 3791 3389 Et

2128 3429 2265 3484 inde
2297 3428 2591 3500 profectus
2623 3444 2656 3482 a
2684 3432 2848 3500 tergo
2879 3427 3142 3497 ipsorum
3176 3426 3505 3494 incedebat,
3532 3429 3588 3479 et
3619 3423 3786 3478 bidui

2129 3518 2322 3589 spatio
2353 3535 2387 3573 a
2415 3516 2684 3572 Melitene
2715 3515 2924 3571 castris
2958 3516 3166 3586 positis
3217 3515 3514 3570 statuebat
3563 3517 3786 3586 partem

2128 3608 2450 3678 quamdam
2501 3606 2791 3662 exercitus
2844 3604 3097 3659 divisam
3149 3603 3502 3675 relinquere,
3537 3607 3604 3658 ut
3632 3605 3790 3657 esset

2127 3695 2400 3751 hostibus
2432 3694 3132 3766 propugnaculum.Quod
3165 3692 3478 3748 consilium
3511 3707 3646 3746 cum
3676 3689 3790 3744 mi-

2127 3786 2285 3840 nime
2314 3799 2666 3856 generosum
2715 3783 2909 3837 visum
2958 3785 3117 3838 esset
3163 3786 3222 3836 et
3277 3781 3508 3846 inutile,
3561 3783 3792 3834 mutata

2128 3873 2438 3940 sententia,
2472 3876 2632 3927 recta
2663 3872 2733 3927 ad
2761 3870 3117 3943 Euphratem
3151 3869 3452 3926 contendit
3495 3869 3582 3923 Ad
3615 3868 3789 3938 cujus

2129 3961 2290 4034 ripas
2348 3959 2730 4016 tabernacula
2785 3959 2984 4014 hostes
3043 3963 3384 4028 posuerant,
3436 3959 3536 4026 qui
3585 3955 3787 4010 statim

2127 4051 2331 4106 audito
2361 4047 2737 4121 imperatoris
2767 4051 2970 4103 contra
2988 4062 3050 4102 se
3073 4050 3236 4101 motu
3261 4048 3651 4100 recesserunt.
3678 4045 3790 4098 Im-

2127 4145 2362 4212 perator
2392 4142 2585 4193 autem
2620 4141 2776 4191 recta
2806 4135 2878 4190 ad
2911 4133 3358 4205 Romanopolim
3397 4133 3785 4201 contendens,

2125 4234 2185 4284 et
2212 4228 2349 4282 inde
2397 4227 2468 4281 ad
2517 4225 2724 4281 Chlcat
2771 4223 3064 4295 proficisci
3116 4223 3384 4292 studens,
3417 4221 3678 4292 quodam
3725 4219 3786 4274 in

2123 4316 2252 4372 loco
2283 4319 2477 4371 castra
2536 4313 2738 4385 ponit;
2772 4316 2829 4368 et
2862 4310 3219 4366 Philaretum
3277 4309 3425 4380 (erat
3453 4309 3548 4363 hic
3577 4323 3790 4380 genere

2125 4404 2534 4472 Brachamius)
2560 4403 2770 4458 ducem
2800 4417 2935 4455 cum
2968 4417 3202 4455 summa
3250 4403 3538 4472 potestate
3587 4395 3788 4452 decla-

2126 4498 2218 4550 rat
2250 4512 2263 4550 :
2296 4494 2482 4548 diviso
2505 4491 2662 4546 enim
2695 4489 2965 4546 bifariam
3013 4488 3270 4543 exercitu
3321 4487 3619 4542 fortiorem
3670 4485 3785 4556 ipsi

2127 4587 2357 4654 partem
2409 4579 2701 4646 attribuit,
2751 4578 2979 4633 homini
3029 4576 3344 4632 militarem
3406 4573 3783 4646 prudentiam

352 4685 440 4737 θεν
489 4646 722 4728 κατόπιν
751 4646 946 4727 αὐτῶν
996 4646 1230 4741 tam;
1278 4668 1894 4747 Στρατοπεδευσάμενος
1955 4665 2014 4723 δὲ

2128 4646 2374 4744 gloriose
2419 4669 2740 4742 profitenti,
2791 4667 2891 4722 sed
2950 4667 3142 4736 turpis
3171 4681 3236 4720 ac
3279 4664 3580 4719 dissoluta;
3629 4662 3785 4728 vita,

352 4762 430 4823 ὡς
484 4761 595 4816 ἀπὸ
652 4758 1023 4834 διαστήματος
1080 4763 1304 4835 ἡμερῶν
1361 4758 1458 4816 δύο
1515 4767 1616 4830 τῆς
1669 4756 2012 4829 Μελιτηνῆς,

350 4846 681 4906 ἐϐουλεύετο
761 4851 958 4925 μοῖράν
1024 4869 1149 4904 τινα
1201 4853 1300 4904 τοῦ
1367 4852 1600 4923 στρατοῦ
1656 4846 2018 4922 μερισάμενος

347 4940 571 5018 ἀφεῖναι
628 4945 748 5002 τοῖς
797 4938 1065 5003 ἐναντίοις
1121 4936 1499 5013 ἐπιτείχισμα,
1566 4937 1732 4999 αὐτὸς
1791 4933 1848 4990 δὲ
1904 4936 2018 5008 ἅμα

349 5028 515 5084 παντὶ
573 5033 656 5101 τῷ
709 5032 924 5104 στρατῷ
1002 5028 1331 5103 ὑποστρέψαι
1397 5027 1538 5100 πρὸς
1610 5027 1678 5081 τά
1746 5024 2017 5101 βασίλεια.

349 5129 648 5202 ’Δγεννοῢς
701 5124 760 5181 δὲ
816 5130 918 5200 τῇς
982 5123 1190 5200 βουλῆς
1250 5122 1480 5196 δοξάσης
1546 5124 1638 5179 καὶ
1698 5123 2018 5201 ἀσυμφόρου

356 5217 727 5290 μεταθέμενος
806 5213 932 5279 εύθῖ)
1011 5218 1109 5269 τοῦ
1177 5215 1463 5292 Εὐφράτου
1545 5207 1810 5268 έϐάδισενο
1882 5213 2018 5282 ἦσαν

353 5305 466 5380 γὰρ
498 5305 647 5379 παρᾶ
674 5304 769 5367 τὰς
821 5299 994 5379 ὄχθας
1042 5301 1206 5357 αὐτοῦ
1246 5301 1618 5374 ἐσκηνωμένοι
1646 5301 1700 5355 οἷ
1731 5297 2019 5373 πολέμιοι,

355 5394 413 5448 οἳ
486 5393 578 5448 καὶ
635 5391 829 5448 αὐτίκα
904 5389 1204 5464 πυθόμενοι
1259 5393 1358 5461 τήν
1412 5395 1510 5446 τοῦ
1576 5388 1848 5466 βασιλέως
1905 5388 2024 5443 κατ’

360 5481 542 5538 αὐτῶν
595 5481 806 5554 κίνησιν
863 5480 1217 5556 ἀνεχώρησαν
1254 5523 1267 5537 .
1326 5481 1389 5538 Ὀ
1450 5477 1509 5534 δὲ
1585 5477 1839 5554 βασιλεὺς
1894 5477 2022 5532 εὐθὺ

386 5570 843 5646 Ρωμανοπόλεως
899 5567 1177 5636 ἐλαύνων,
1236 5570 1481 5624 κάκεῖθεν
1537 5569 1674 5643 πρὸς
1721 5567 1784 5622 τὸ
1843 5565 2027 5622 Χλέατ

365 5659 698 5736 διαγενέσθαι
763 5657 1142 5737 βουλόμενος,
1193 5655 1247 5714 ἓν
1305 5679 1411 5713 τινι
1460 5659 1616 5729 τόπῳ
1673 5661 2026 5729 κατασκηνοῖ,

365 5753 452 5808 καὶ
485 5752 577 5808 τὸν
609 5751 924 5826 Φιλάρετον
957 5747 1046 5818 (ἦν
1081 5744 1138 5802 δὲ
1167 5751 1262 5803 τοῦ
1290 5751 1398 5803 τῶν
1431 5745 1767 5824 Βραχαμίων
1816 5743 2027 5822 γένους)

2123 4769 2587 4840 turpissimeque
2604 4765 2784 4820 vitam
2817 4780 2986 4819 suam
3011 4761 3381 4833 transigenti,
3407 4761 3625 4832 quique
3646 4776 3783 4814 cum

2121 4857 2330 4912 Turcis
2379 4856 2534 4911 varie
2593 4858 2904 4926 pugnarat,
2953 4852 3053 4906 sed
3095 4852 3153 4905 in
3203 4849 3443 4904 maximi
3495 4847 3783 4902 momenti

2125 4947 2302 5001 rebus
2327 4943 2658 5000 debellatus
2699 4941 2910 5006 fuerat,
2941 4943 3000 4994 et
3027 4939 3158 4993 ideo
3188 4935 3551 5008 contemptui
3604 4935 3785 4990 habe-

2125 5035 2337 5101 batur;
2370 5049 2481 5088 non
2516 5037 2714 5088 tamen
2745 5031 2818 5085 ab
2852 5029 2924 5084 iis
2955 5046 3013 5085 se
3042 5027 3400 5091 continebat,
3446 5025 3548 5081 sed
3600 5025 3788 5096 impe-

2128 5123 2282 5179 rium
2342 5121 2596 5177 militare
2655 5121 2728 5175 ob
2788 5119 2944 5175 682
3002 5116 3310 5173 avaritiam
3359 5119 3418 5170 et
3467 5114 3788 5186 peregrina

2128 5211 2346 5268 militiae
2390 5208 2684 5281 stipendia
2738 5208 3129 5279 exspectabat.
3181 5206 3504 5276 Imperator
3533 5217 3668 5258 vero
3717 5203 3790 5256 ad

2128 5303 2325 5373 partes
2350 5298 2538 5372 magis
2561 5297 2751 5353 Borea
2783 5297 3080 5367 subjectas
3117 5294 3385 5364 accessit,
3416 5296 3483 5348 ut
3513 5292 3594 5347 ibi
3626 5291 3789 5347 nives

2130 5394 2188 5446 et
2235 5405 2412 5460 quam
2459 5387 2754 5460 frigidam,
2789 5403 2822 5442 a
2852 5385 3093 5456 quibus,
3135 5383 3290 5454 quod
3341 5386 3498 5438 esset
3551 5397 3794 5452 corpore

2133 5479 2456 5535 admodum
2506 5475 2758 5540 calidus,
2792 5473 2904 5529 sibi
2937 5479 3264 5544 temperare
3297 5471 3600 5543 nequibat,
3634 5468 3796 5525 inve-

2135 5571 2306 5622 niret.
2359 5571 2829 5636 Progressusque
2861 5578 2962 5633 per
2987 5576 3191 5633 aspera
3222 5559 3490 5632 quaedam
3535 5563 3594 5613 et
3633 5557 3793 5612 diffi-

2137 5657 2273 5714 cilia
2328 5656 2456 5711 ioca
2504 5654 2574 5709 ad
2626 5651 2818 5708 locum
2877 5651 3196 5722 quemdam
3253 5648 3498 5704 Anthias
3551 5647 3790 5704 nomine

2137 5743 2424 5819 pervenit,
2455 5743 2774 5799 herbarum
2823 5744 2883 5797 et
2927 5739 3107 5796 tritici
3158 5737 3457 5795 fertilitate
3506 5740 3790 5810 praestan-
