4122 6392
358 398 474 462 Ml

1687 400 2018 463 JOANNIS
2059 398 2468 464 SCYLITZAE

3658 399 3782 461 412

357 540 500 602 tem,
561 531 782 604 quique
839 532 996 589 haud
1057 533 1412 590 mediocrem
1470 533 1876 608 suppeditaret
1929 533 2008 588 ibi

2130 535 2426 610 στρατηγὸν
2457 529 2815 590 ἀναδείκνυσι’
2863 531 3060 589 διελὼν
3108 533 3209 607 γὰρ
3243 529 3375 608 διχῆ
3427 531 3520 587 τὸν
3553 531 3780 607 στρατὸν

360 623 865 678 commorantibus
894 622 1365 686 oblectationem.
1398 624 1615 695 quippe
1670 640 1804 679 cum
1853 621 2016 678 illius

357 717 525 768 terra:
553 711 873 766 umbilicus
905 717 1082 766 esset.
1115 713 1255 767 Inde
1305 714 1565 767 Taurum
1608 719 1891 775 montem,
1923 711 2014 765 in-

360 801 703 872 digenarum
755 799 956 872 lingua
1015 802 1355 855 Munzarum
1415 800 1770 872 appellatum
1820 806 2015 855 trans-

359 907 601 961 gressus
632 891 689 944 in
725 890 1022 961 regionem
1060 891 1296 945 nomine
1325 890 1627 946 Celzenem
1651 908 1711 945 se
1737 889 2010 959 contulit,

361 981 575 1034 iterum
616 981 968 1034 transmisso
1020 981 1311 1052 Euphrate
1364 981 1538 1036 fluvio
1588 981 2014 1051 praeterfluente

362 1084 428 1123 ac
487 1068 800 1132 dividente,
852 1073 1136 1140 tanquam
1187 1071 1461 1133 confinio,
1514 1077 1768 1124 montem
1816 1070 2013 1138 ipsum

359 1161 416 1212 et
442 1155 762 1211 Celzenem.
799 1155 1011 1212 Milites
1042 1174 1174 1212 vero
1206 1175 1338 1212 cum
1393 1158 1678 1213 Philareto
1725 1157 1907 1212 relicti
1939 1157 2012 1212 ob

361 1247 672 1302 adventum
701 1246 960 1300 hostium
992 1252 1209 1301 terrore
1239 1246 1510 1318 completi
1543 1247 1853 1317 animoque
1884 1262 2013 1318 per-

362 1335 511 1391 culsi
543 1352 690 1406 pone
721 1336 1130 1406 imperatorem
1167 1336 1310 1391 locis
1343 1336 1559 1391 relictis
1593 1338 2011 1406 sequebantur,

363 1441 615 1497 quorum
648 1425 794 1496 ipsis
826 1425 1094 1479 custodia
1121 1427 1307 1480 fuerat
1339 1425 1678 1490 commissa,
1712 1426 1900 1495 quoad
1939 1425 2011 1478 ad

359 1530 424 1570 ea
455 1513 581 1570 loca
608 1531 734 1586 quae
766 1514 1022 1568 diximus
1053 1515 1302 1570 Anthias
1341 1514 1532 1569 vocari
1582 1519 2008 1585 pervenerunt;

361 1603 461 1659 ubi
491 1620 626 1658 cum
658 1603 856 1659 hostes
888 1620 1121 1674 quoque
1154 1621 1187 1658 a
1220 1608 1378 1674 tergo
1413 1601 2012 1674 npparuissent,turpi

361 1710 424 1749 se
478 1693 626 1764 fugai
676 1692 760 1748 vel
794 1697 928 1747 ante
955 1699 1248 1747 certamen
1273 1694 1710 1755 commisere,et
1731 1693 1801 1747 ad
1827 1692 2010 1763 impe-

362 1787 612 1838 ratorem
645 1785 704 1836 in
737 1782 1036 1838 Celzenem
1069 1798 1131 1836 se
1162 1797 1192 1836 e
1216 1781 1461 1854 vestigio
1493 1781 1808 1837 contulere.
1854 1781 2007 1852 Ipso-

363 1887 616 1943 rumque
673 1871 1109 1942 impedimentis
1143 1871 1311 1942 potiti
1343 1876 1481 1926 sunt
1511 1869 1849 1926 adversarii.
1883 1870 2012 1926 Haec
2045 1908 2090 1972 Β

361 1960 443 2015 ita
487 1961 823 2016 renuntiata
868 1961 1187 2015 admodum
1242 1961 1658 2031 perturbarunt
1701 1960 2014 2031 imperato-

361 2048 616 2119 rem,qui
632 2059 758 2104 tum
781 2066 1019 2104 suorum
1043 2049 1269 2104 cladem
1289 2053 1412 2104 tum
1434 2049 1691 2104 hostium
1710 2049 2012 2104 victoriam

361 2137 519 2192 haud
580 2153 745 2207 isquo
799 2137 1018 2192 ferebat
1073 2136 1326 2202 animo;
1378 2153 1528 2207 quos
1586 2136 1697 2190 nisi
1757 2136 2011 2208 impera-

363 2223 510 2280 toris
559 2224 745 2294 ipsius
794 2223 949 2278 fama
991 2228 1211 2280 terrore
1241 2223 1596 2296 complesset
1634 2225 2014 2296 ipsorumque

362 2313 652 2385 impetum
685 2312 883 2384 aliqua
914 2329 982 2368 ex
1013 2319 1176 2384 parte
1215 2314 1682 2384 compressisset,
1716 2313 1860 2368 nihil
1908 2315 2012 2369 ob-

361 2403 615 2459 stitisset
647 2402 802 2457 683
834 2403 1152 2474 quominus
1202 2403 1534 2459 universam
1583 2409 1801 2458 terram
1853 2403 2013 2458 illam

362 2491 698 2563 depopulati
731 2492 1002 2547 funditus
1031 2493 1395 2549 evertissent.
1435 2493 1788 2548 Recedentes
1836 2492 2014 2564 igitur

361 2585 524 2636 recta
550 2581 608 2635 in
640 2581 932 2653 regionem
967 2583 1371 2654 Cappadocum
1415 2582 1586 2638 solito
1635 2598 1794 2637 more
1839 2581 2012 2636 vehe-

363 2674 590 2727 menter
645 2671 1099 2738 contendebant,
1151 2687 1218 2726 ex
1268 2671 1475 2726 itinere
1531 2672 1589 2726 in
1649 2687 2013 2742 quaecunque

363 2759 693 2814 inciderant
741 2759 1094 2830 praedantes,
1139 2763 1196 2813 et
1243 2776 1378 2813 cum
1433 2759 1592 2814 omni
1643 2761 1900 2814 exercitu
1952 2758 2011 2813 in

359 2847 535 2904 Iconii
587 2847 1013 2918 rempublicam
1065 2848 1428 2918 invadentes,
1480 2865 1607 2919 quae
1655 2855 1712 2904 et
1757 2849 2013 2903 virorum

361 2935 742 2992 multitudine
800 2941 857 2991 et
904 2937 1214 2992 domorum
1268 2942 1441 3009 atque
1493 2937 1740 2992 aliarum
1792 2953 2012 3003 rerum,

360 3042 486 3098 qua:
520 3026 653 3081 usui
686 3031 847 3095 sunt,
879 3025 1046 3097 copia
1079 3027 1413 3097 prastabat.
1453 3028 1767 3098 Imperator
1813 3031 2010 3081 autem

359 3117 418 3170 in
480 3114 740 3184 Celzene,
773 3131 908 3170 cum
959 3132 1057 3170 eos
1083 3116 1182 3186 qui
1216 3115 1485 3186 dissipati
1537 3116 1806 3187 fugerant
1845 3131 2012 3171 exce-

357 3203 560 3276 pisset,
587 3220 658 3258 ne
689 3204 760 3258 ab
790 3205 1101 3267 Armeniis,
1135 3206 1290 3275 quod
1334 3205 1548 3259 deserti
1608 3210 1824 3273 essent,
1858 3205 2012 3275 peri-

358 3296 506 3362 rent,
537 3310 686 3364 pone
717 3293 916 3348 hostes
949 3294 1194 3348 redibat.
1229 3293 1493 3364 Cumque
1539 3293 1824 3362 judicium
1859 3294 2011 3348 inter

359 3383 571 3436 ducem
602 3387 663 3436 et
692 3381 908 3436 milites
967 3382 1396 3451 constituisset,
1452 3381 1598 3436 nulli
1652 3382 1799 3452 parti
1847 3381 2009 3438 litem

357 3469 736 3539 adjudicavit,
769 3486 900 3523 cum
942 3459 1050 3524 hoc
1091 3471 1281 3525 solum
1332 3469 1698 3541 exploratum
1747 3471 2008 3540 haberet,

357 3563 592 3628 excepto
625 3558 976 3628 imperatore
1009 3557 1153 3611 nihil
1185 3575 1313 3613 esse
1346 3557 1502 3612 aliud
1544 3559 1698 3628 quod
1731 3558 2010 3615 Romanis

356 3645 612 3701 conflare
643 3645 858 3701 bellum
893 3648 1098 3718 possit,
1132 3649 1287 3717 quod
1323 3647 1579 3701 maxima
1632 3664 1763 3718 pars
1791 3647 2008 3702 exerci-

353 3738 452 3789 tus
485 3739 620 3790 ante
650 3735 989 3807 defatigata,
1023 3735 1120 3802 sit,
1154 3741 1208 3790 et
1241 3736 1398 3806 quod
1432 3736 1609 3790 duces
1633 3735 1811 3790 velint
1829 3736 1914 3790 vel
1934 3737 2006 3791 ob

353 3824 595 3896 exiguos
629 3841 940 3895 prosperos
973 3840 1286 3880 successus
1320 3825 1606 3879 maximos
1635 3825 1744 3880 sibi
1778 3831 1834 3878 et
1881 3825 2008 3880 suis

351 3912 606 3968 honores
637 3917 694 3967 et
723 3913 963 3984 praemia
1011 3913 1322 3983 spondere,
1357 3919 1482 3968 tum
1515 3912 1690 3967 etiam
1722 3914 1873 3984 quod
1907 3914 2006 3968 alii

352 4003 549 4058 minus
598 4003 819 4056 alacres
853 4003 925 4057 ad
959 4006 1202 4058 strenua
1249 4006 1306 4057 et
1354 4001 1544 4057 virilia
1596 4002 1854 4058 facinora
1902 4021 2003 4075 pa-

347 4091 561 4146 tranda
590 4091 949 4160 reddantur;
983 4092 1138 4162 quod
1172 4091 1414 4162 quidem
1445 4096 1727 4162 praesente
1760 4091 2006 4163 impera-

348 4186 476 4235 tore
502 4179 626 4234 Iieri
659 4180 881 4250 nequit,
916 4197 1049 4235 cum
1082 4180 1208 4250 ipse
1241 4181 1419 4236 rebus
1472 4198 1727 4251 praesens
1777 4181 2006 4236 omnia-

355 4285 471 4339 que
527 4269 789 4340 quotidie
863 4268 1232 4340 conspiciens
1309 4269 1642 4324 laborantes
1710 4286 1812 4341 pro
1880 4276 2007 4325 rata

355 4356 625 4412 laborum
676 4362 839 4429 parte
887 4361 1381 4413 remuneraretur.
1435 4361 1753 4430 Imperator
1807 4363 2003 4414 autem

352 4463 455 4518 per
485 4444 774 4502 coloniam
807 4451 863 4502 et
895 4445 1305 4502 Armeniorum
1353 4447 1648 4519 regionem
1696 4464 1882 4520 usque
1931 4450 2003 4503 ad

347 4535 649 4591 Sebastem
699 4551 834 4590 cum
883 4536 1136 4590 exercitu
1194 4535 1488 4606 profectus
1527 4540 1652 4604 est;
1714 4536 1813 4591 ubi
1871 4553 1999 4592 cum

2121 623 2184 676 τὸ
2235 623 2587 699 ἰσχυρότερον
2635 624 2787 696 αὐτῷ
2827 621 3163 691 ἐπιδίδωσιν,
3214 619 3366 695 ἀνδρί
3412 621 3780 696 στρατηγικὴν

2127 711 2223 783 μὶν
2255 713 2516 787 αὐχοῦντι
2562 714 2870 788 περιωπήν,
2921 712 3156 788 αἰσχροῦ
3199 709 3256 766 δὲ
3307 710 3428 786 βίου
3482 709 3573 764 καὶ
3623 708 3778 784 ἐπιρ-

2125 800 2293 876 ῥήτου
2339 802 2690 878 τυγχάνοντι,
2745 802 2833 856 καὶ
2885 801 3179 875 αἰσχίστως
3218 801 3317 868 τήν
3352 800 3544 853 ἑαυτοῦ
3580 799 3775 872 βιοτὴν

2124 888 2413 959 διανύοντι,
2463 893 2551 946 καὶ
2601 891 2965 966 μαχεσαμένῳ
3016 890 3109 962 μὶν
3159 895 3276 950 τοῖς
3333 888 3594 960 Τούρκοις
3653 885 3776 942 δια-

2123 979 2329 1056 φόρως,
2390 979 2440 1034 ἐν
2494 985 2612 1044 τοῖς
2672 980 2950 1054 μεγίστοις
3002 976 3058 1033 δέ
3118 976 3625 1050 καταπολεμηθέντι
3682 977 3773 1030 καὶ

2125 1066 2212 1123 διὰ
2264 1074 2426 1125 τοῦτο
2480 1069 2979 1145 καταφρονηθέντι,
3042 1068 3108 1123 οὐ
3171 1070 3277 1140 μὴν
3338 1065 3384 1121 δ’
3441 1065 3781 1141 ἀπεχομένῳ

2121 1158 2338 1228 τούτου,
2390 1157 2516 1215 ἀλλ’
2565 1160 2909 1234 έπιτρέχοντι
2956 1161 3024 1231 τῇ
3073 1157 3338 1230 ἡγεμονίᾳ
3386 1153 3474 1210 διὰ
3522 1156 3782 1233 φιλοκερ-

2124 1245 2265 1311 δείας
2315 1249 2401 1302 καὶ
2466 1247 2770 1323 φιλοξενίας
2825 1247 3096 1301 ὑπόθεσιν.
3143 1248 3265 1302 Τῶν
3314 1243 3371 1299 δὲ
3419 1243 3779 1320 βορειοτέρων

2126 1339 2303 1411 μερῶν
2343 1338 2370 1392 ὁ
2417 1337 2674 1412 βασιλεὺς
2723 1331 3022 1391 ἐπελάϐετο
3075 1333 3143 1389 δι’
3196 1334 3402 1409 εὕρεσιν
3445 1334 3637 1409 χιόνος
3686 1333 3778 1388 καὶ

2124 1423 2330 1481 ὑδάτων
2361 1430 2609 1501 ψυχρῶν·
2655 1426 2904 1502 ἀκρατῶς
2951 1425 3051 1500 γὰρ
3102 1424 3219 1499 εἶχε
3258 1423 3489 1491 τούτων,
3521 1423 3583 1476 τὸ
3616 1426 3780 1495 σῶμα

2122 1515 2256 1569 κατὰ
2311 1514 2455 1570 πολὺ
2514 1513 3054 1587 διαθερμαινόμενος.
3119 1512 3357 1567 Διιλθὼν
3419 1509 3477 1566 δὲ
3526 1508 3616 1566 διὰ
3642 1532 3778 1586 τρα-

2120 1603 2264 1678 χέων
2316 1605 2407 1658 καὶ
2448 1599 2726 1659 δυσϐάτων
2788 1604 2971 1658 τόπων
3031 1601 3107 1666 εἵς
3163 1622 3282 1656 τινα
3327 1601 3494 1655 τόπον
3542 1598 3777 1674 λεγόμε-

2119 1715 2204 1747 νον
2266 1693 2479 1756 Ἀνθίας
2538 1693 2859 1763 κατήντησε·
2919 1691 3204 1765 ποηφόρος
3263 1687 3322 1744 δὲ
3379 1690 3407 1743 ὁ
3464 1688 3632 1750 τόπος
3685 1686 3778 1743 καὶ

2120 1782 2427 1860 σιτοφόρος,
2477 1783 2567 1838 καὶ
2620 1781 2952 1857 ψυχαγωγία
3000 1781 3062 1836 οὐ
3120 1780 3288 1855 μικρὰ
3334 1784 3452 1842 τοῖς
3503 1777 3554 1833 ἐν
3593 1777 3776 1850 τούτῳ

2119 1871 2458 1944 καταίρουσι,
2519 1871 2608 1926 καὶ
2688 1875 2804 1926 οἷον
2879 1869 3130 1948 ὀμφαλὸς
3206 1868 3412 1938 ἐκείνης
3484 1876 3584 1938 τῆς
3649 1871 3774 1944 γῆς.

2125 1963 2353 2017 Ἐκεῖθεν
2413 1958 2472 2015 δὲ
2541 1962 2634 2015 τὸν
2693 1964 2902 2034 Ταῦρον
2957 1961 3021 2015 τὸ
3079 1959 3248 2031 ὅρος,
3305 1959 3397 2013 τὸν
3457 1957 3776 2033 ἐπιχωρίως

2121 2049 2462 2122 καλούμενον
2502 2048 2843 2123 Μούνζαρον,
2899 2043 3134 2124 ὑπερϐὰς
3183 2047 3260 2110 εἰς
3309 2049 3409 2116 τήν
3453 2045 3774 2117 Κελτζηνήν

2124 2139 2430 2214 λεγομένην
2511 2139 2700 2215 χώραν
2758 2140 3096 2208 κατήντησε,
3151 2137 3212 2191 τὸ
3270 2134 3518 2212 δεύτερον
3579 2131 3773 2198 διαϐὰς

2121 2231 2212 2283 τὸν
2256 2229 2542 2305 Εὐφράτην
2591 2227 2837 2300 ποταμὸν
2889 2226 3264 2302 παραρρέοντα
3317 2225 3407 2281 καὶ
3461 2222 3778 2300 διαιροῦντα

2120 2318 2182 2372 τό
2230 2339 2287 2372 τε
2333 2314 2458 2390 ὅρος
2509 2317 2598 2371 καὶ
2646 2317 2745 2384 τήν
2795 2315 3118 2386 Κελτζηνήν
3166 2315 3346 2389 ὥσπερ
3396 2315 3777 2389 μεθόριον.οῖ

2124 2405 2181 2462 δὶ
2241 2408 2375 2480 μετὰ
2425 2410 2522 2461 τοῦ
2580 2406 2887 2480 Φιλαρέτου
2935 2404 3382 2478 καταλειφθέντες
3428 2407 3778 2476 στρατιῶται,

2123 2495 2173 2566 ἐξ
2231 2495 2542 2570 ἐπιφανείας
2597 2498 2705 2549 τῶν
2765 2493 3018 2549 ἐναντίων
3067 2494 3259 2557 πτοίας
3306 2491 3642 2564 πλησθέντες
3686 2493 3779 2547 καί

2121 2586 2216 2646 τὰς
2272 2585 2452 2659 ψυχὰς
2511 2585 2944 2647 κατασεισθέντες
2979 2628 2992 2652 ,
3051 2583 3276 2638 κατόπιν
3329 2587 3427 2636 τοῦ
3505 2579 3779 2657 βασιλέως

2123 2669 2372 2742 ἐϐάδιζον
2408 2718 2421 2743 ,
2479 2672 2608 2734 τοὺς
2683 2674 2884 2734 τόπους
2955 2671 3174 2746 ἀφέντες
3235 2672 3309 2726 ὧν
3364 2672 3466 2739 τήν
3521 2669 3776 2748 φυλακην

2124 2761 2516 2837 ἐπετράπησαν,
2547 2759 2650 2824 ἕως
2706 2761 2782 2824 εἰς
2833 2761 2960 2823 τοὸς
3012 2759 3338 2836 εἰρημένους
3390 2759 3600 2823 Ἀνθίας
3644 2780 3778 2813 κατ-

2122 2854 2380 2922 ήντησαν.
2444 2850 2721 2905 Κάνταῦθα
2777 2847 2835 2905 δὶ
2889 2854 2995 2904 τῶν
3055 2847 3341 2921 πολεμίων
3399 2849 3674 2920 φανέντων
3724 2847 3778 2921 ἐξ

2123 2940 2384 3015 οὐραγίας
2444 2939 2690 3014 αἰσχρῶς
2744 2947 2844 3008 τῆν
2905 2940 3084 3012 φυγὴν
3137 2939 3225 2993 καὶ
3282 2937 3389 3013 πρὸ
3437 2942 3534 2991 τοῦ
3575 2937 3779 3011 ἀγωνί-

2124 3050 2328 3100 σματος
2379 3027 2615 3093 ε’ίλοντο,
2665 3029 2754 3082 καὶ
2805 3029 2942 3102 πρὸς
2985 3028 3077 3082 τὸν
3127 3024 3354 3102 βασιλέα
3397 3025 3474 3088 εἰς
3502 3027 3600 3095 τὴν
3636 3024 3776 3081 Κελ-

2121 3119 2324 3188 τζηνῆν
2356 3113 2656 3172 κατέλαϐον
2706 3115 2765 3171 ἐκ
2813 3113 2982 3179 ποδός
3053 3119 3168 3184 Τῆς
3211 3113 3268 3170 δέ
3314 3135 3374 3190 γε
3403 3114 3610 3170 τούτων
3642 3115 3780 3169 ἀπο-

2125 3209 2316 3274 σκευῆς
2373 3205 2424 3260 οί
2481 3204 2712 3260 ἐναντίοι
2769 3206 3018 3280 γεγόνασι
3075 3203 3258 3280 κύριοι
3293 3246 3304 3260 .
3365 3205 3526 3260 Ταῦθ’
3603 3202 3782 3266 οὕτως

2041 3273 2086 3341 C
2124 3293 2455 3370 ἀγγελθέντα
2511 3292 2686 3350 πολὺν
2729 3273 2887 3364 ένῆκε
2931 3298 3011 3365 τῷ
3082 3273 3297 3368 βασιλεῖ
3351 3293 3442 3346 τὸν
3485 3292 3782 3366 ἐναγώνιον

2119 3380 2376 3458 θόρυϐον,
2432 3383 2518 3437 έπί
2576 3404 2634 3438 τε
2689 3387 2760 3457 τῇ
2817 3388 2921 3437 τῶν
2983 3381 3199 3437 οἰκείων
3245 3381 3382 3456 ἥττῃ
3431 3382 3522 3436 καὶ
3565 3385 3632 3454 τῇ
3663 3387 3778 3438 τῶν

2119 3472 2372 3528 ἐναντίων
2427 3471 2548 3546 νίκῃ
2599 3471 2661 3526 οὐ
2711 3476 2966 3548 φορητῶς
3019 3474 3098 3544 [Ρ.
3131 3473 3260 3544 832]
3305 3472 3777 3543 σκυθρωπάσαντι.

2119 3561 2215 3616 Καὶ
2264 3561 2309 3616 εἰ
2362 3563 2438 3634 μή
2485 3563 2520 3629 ἡ
2569 3565 2667 3615 τοῦ
2718 3559 2990 3635 βασιλέως
3041 3561 3200 3634 φήμη
3251 3557 3448 3620 αὐτοὺς
3507 3557 3778 3632 περιδεεῖς

2116 3651 2492 3725 κατειργάζετο
2542 3649 2630 3703 καὶ
2696 3651 2794 3717 τὴν
2861 3649 3040 3722 ὁρμὴν
3096 3647 3271 3702 αὐτῶν
3331 3651 3515 3710 ποσῶς
3573 3645 3775 3703 διεκώ-

2117 3737 2264 3806 λυεν,
2295 3736 2445 3793 οὐδὲν
2478 3739 2544 3806 ἦν
2596 3738 2658 3791 τὸ
2705 3735 2921 3792 κωλύον
2969 3736 3252 3808 σύμπασαν
3297 3735 3492 3798 αὐτοὺς
3522 3737 3620 3804 τήν
3663 3745 3768 3810 γῆν

2115 3826 2324 3897 ἐκείνην
2381 3823 2814 3896 καταληίσασθαι
2861 3824 2951 3879 καὶ
3004 3823 3419 3899 ἔξολοθρεῦσαι.
3484 3826 3771 3899 Ὀπισθόρ-

2119 3937 2284 3989 μητοι
2315 3913 2373 3970 δὲ
2416 3914 2699 3990 γενόμενοι
2751 3912 2872 3968 εὐθὺ
2921 3917 3018 3967 τοῦ
3058 3915 3288 3986 θέματος
3317 3918 3424 3968 τῶν
3469 3911 3764 3971 Καππαδο-

2113 4009 2221 4058 κῶν
2264 4006 2400 4059 κατὰ
2428 4004 2490 4058 τὸ
2545 4002 2848 4074 εἰθισμένον
2902 4002 3145 4078 ἀκρατῶς
3196 3999 3459 4072 ἤλαυνον,
3509 4001 3773 4072 καταληῖ-

2117 4093 2335 4166 ζόμενοι
2372 4093 2465 4165 μὲν
2515 4093 2577 4146 τὸ
2625 4092 2931 4166 πςοστυχὸν
2989 4092 3038 4163 ἐξ
3073 4088 3292 4168 ἐφόδου,
3323 4091 3672 4169 ἐφορμῶντες
3714 4091 3774 4147 δὲ

2113 4186 2446 4255 πανστρατιᾷ
2473 4180 2610 4235 κατὰ
2656 4182 2754 4249 τῆς
2783 4185 2882 4235 τοῦ
2936 4180 3164 4235 Ἰκονίου
3211 4177 3508 4242 πολιτείας·
3543 4181 3609 4248 ἦν
3663 4182 3772 4257 γὰρ

2113 4270 2312 4340 πλήθει
2338 4290 2395 4325 τε
2443 4267 2652 4343 ἀνδρῶν
2685 4268 2776 4323 καὶ
2807 4269 2994 4323 οίκιῶν
3027 4268 3116 4322 καὶ
3146 4273 3253 4322 τῶν
3288 4267 3474 4324 ἄλλων
3507 4274 3771 4344 χρηστῶν

2113 4359 2201 4415 καὶ
2237 4358 2498 4430 ζηλωτῶν
2532 4355 2879 4436 διαφέρουσα.
2909 4360 2968 4416 Ὀ
2997 4355 3055 4412 δὲ
3108 4356 3360 4433 βασιλεὺς
3391 4357 3441 4412 ἐν
3485 4356 3770 4433 Κελτζηνῇ

2110 4447 2237 4509 τοὺς
2269 4447 2647 4523 ἀποφυγόντας
2698 4443 2976 4519 σποράδην
3030 4443 3445 4518 ὑποδεξάμενος,
3483 4445 3559 4507 ὡς
3591 4444 3650 4500 ἂν
3687 4448 3767 4518 μὴ

2114 4537 2216 4591 ὑπὸ
2257 4540 2364 4590 τῶν
2416 4535 2710 4611 Ἀρμενίων
2762 4534 2810 4608 έξ
2862 4533 3094 4610 ἐρημίας
3150 4531 3486 4605 ἀπόλωνται,
3537 4533 3768 4590 κατόπιν

343 4624 714 4696 cognovisset
741 4624 960 4679 Turcos
992 4625 1063 4678 ad
1098 4623 1372 4678 Pisidiam
1408 4628 1464 4679 ct
1496 4624 1844 4697 Lycaoniam
1893 4627 2001 4680 ad-

2118 4631 2217 4680 τῶν
2276 4623 2528 4680 ἐναντίων
2592 4623 2941 4697 ὑποστρέφων
3001 4622 3230 4698 ἐγένετο.
3281 4623 3378 4680 Καὶ
3427 4622 3607 4697 κρίσιν
3653 4627 3767 4696 (18)

344 4718 584 4768 ventare
613 4729 679 4768 eo
711 4711 955 4768 consilio
991 4717 1053 4767 ut
1083 4712 1345 4768 Iconium
1392 4717 1673 4784 peterent,
1707 4714 1831 4785 ipse
1861 4731 2002 4785 quo-

345 4817 458 4873 que
488 4807 806 4856 extremum
841 4818 1049 4873 agmen
1095 4817 1294 4856 eorum
1335 4801 1643 4857 insecutus
1691 4818 1879 4872 usque
1928 4804 1997 4858 ad

345 4889 610 4946 Herculis
660 4889 1048 4962 Comopolim,
1097 4890 1180 4944 ita
1223 4890 1462 4959 dictam,
1515 4891 1795 4961 pervenit.
1846 4891 2001 4947 684

348 4977 454 5033 Ubi
486 4995 619 5033 cum
653 4979 954 5034 didicisset
985 4981 1144 5050 ipsos
1192 4995 1392 5034 everso
1443 4979 1639 5034 Iconio
1685 4980 2001 5051 proficisci,

345 5065 558 5122 veritos
580 5084 653 5122 ne
682 5084 745 5123 se
775 5068 874 5124 ille
905 5073 1374 5140 persequeretur,
1411 5073 1638 5140 partem
1683 5071 1999 5141 quamdam

343 5152 642 5225 legionum
701 5157 759 5212 in
809 5157 1068 5213 Ciliciam
1111 5156 1292 5223 misit,
1346 5175 1472 5228 quae
1521 5174 1656 5213 cum
1703 5159 1998 5215 Cataturio

346 5242 665 5297 Antiochia:
695 5245 842 5300 duce
873 5248 1348 5319 conjungeretur.
1381 5248 1504 5301 viro
1534 5263 1840 5318 generoso,
1873 5249 2000 5318 qui-

344 5345 457 5402 que
507 5332 739 5386 virtutis
789 5334 953 5404 prius
1001 5334 1189 5390 multa
1236 5335 1588 5390 documenta
1631 5335 1890 5403 dederat,
1933 5342 1999 5392 ut

340 5435 409 5475 ea
439 5425 676 5491 accepta
707 5423 895 5493 primo
926 5440 1158 5498 quoque
1191 5429 1450 5495 tempore
1475 5424 1545 5479 ad
1571 5424 1996 5496 Mopsuestiam

2113 4713 2169 4770 δὲ
2203 4714 2396 4788 μεταξὺ
2444 4718 2541 4768 τοῦ
2588 4734 2645 4768 τε
2693 4712 2959 4788 ἡγεμόνος
3011 4711 3100 4766 καὶ
3152 4716 3258 4767 τῶν
3308 4711 3400 4766 σὺν
3433 4711 3579 4786 αὐτῷ
3611 4713 3767 4776 καθί-

2112 4824 2203 4865 σας
2253 4800 2431 4857 οὐδενὶ
2474 4803 2623 4877 μέρει
2674 4803 2770 4870 τὴν
2825 4805 3062 4855 νικῶσαν
3107 4797 3361 4871 ἀπέδοτο,
3410 4798 3772 4876 διαγνωσθέν-

2109 4913 2201 4954 τος
2253 4891 2449 4946 τούτου
2502 4889 2672 4963 μόνου
2720 4885 2980 4966 ἀκριϐῶς,
3031 4889 3114 4944 ὅτι
3163 4888 3310 4958 πλὴν
3343 4894 3439 4943 τοῦ
3492 4890 3770 4966 βασιλέως

2112 4977 2263 5035 οὐδέν
2309 4979 2418 5035 ἐστι
2468 4980 2530 5034 τὸ
2577 4983 2835 5033 συνιστῶν
2880 4983 2996 5038 τοῖς
3039 4977 3329 5050 Ῥωμαίοις
3371 4977 3464 5033 τὸν
3515 4975 3766 5051 πόλεμον

2111 5066 2200 5123 διά
2255 5090 2314 5123 τε
2368 5070 2430 5123 τὸ
2489 5065 2977 5144 προκατειργάσθαι
3034 5067 3096 5120 τὸ
3142 5064 3335 5120 πλεῖον
3382 5071 3480 5121 τοῦ
3511 5073 3766 5142 στρατοῦ,

2109 5158 2197 5212 καὶ
2231 5155 2319 5212 διὰ
2361 5157 2422 5212 τὸ
2455 5156 2581 5218 τοὺς
2625 5156 2904 5232 ἡγεμόνας
2934 5154 3134 5211 ἐθέλειν
3175 5155 3264 5209 καὶ
3297 5153 3385 5209 ἐπὶ
3421 5161 3642 5229 μικραῖς
3673 5157 3768 5212 καὶ

2105 5251 2224 5308 ταῖς
2307 5246 2605 5321 τυχούσαις
2687 5244 2986 5320 εὐτυχίαις
3050 5246 3261 5306 ἑαυτοῖς
3320 5245 3409 5298 καὶ
3486 5246 3766 5322 συγγενέσι

2111 5335 2438 5407 μνᾶσθαιτὰ
2478 5336 2702 5409 μέγιστα
2743 5338 2850 5388 τῶν
2903 5332 3226 5405 ἀξιωμάτων
3275 5333 3363 5387 καὶ
3407 5331 3765 5412 φιλοτιμιῶν,

2109 5421 2177 5478 δι’
2237 5423 2267 5478 ἃ
2324 5425 2409 5478 καὶ
2467 5424 2593 5485 τοὺς
2651 5422 2856 5486 ἄλλους
2914 5420 3266 5498 ἀπροθύμους
3329 5423 3461 5477 εἶναι
3521 5422 3655 5498 πρὸς
3701 5424 3766 5478 τὸ

1671 5551 1920 5608 JACOBI
1961 5553 2178 5610 GOARI
2217 5552 2424 5609 NOTAE

413 5653 526 5726 (18)
553 5653 1052 5734 Οὺξξὶωροιιοῐοιι
1098 5674 1315 5714 munus
1364 5659 1457 5714 cui
1506 5659 1878 5731 exsequendo
1931 5678 2008 5734 κρι

2118 5679 2126 5720 .-
2171 5661 2270 5712 τοῦ
2322 5655 2592 5734 φοσσάτου
2640 5657 2857 5732 legitur
2903 5657 3214 5713 institutus
3262 5657 3415 5728 apud
3468 5656 3760 5715 Codinum

340 5741 390 5782 c.
425 5743 516 5794 xv,
554 5743 611 5783 n.
643 5727 732 5782 72.
