4122 6390
433 405 553 468 H5

1757 385 2086 448 JOANNIS
2130 387 2536 452 SCYLITZ/E

3738 401 3861 462 416

435 559 501 599 ac
521 539 856 611 direpta.Ac
877 533 989 590 nisi
1014 528 1348 604 pr0pinqua
1376 523 1518 580 urbs
1540 522 1739 595 plures
1769 527 2080 591 servasset,

2211 519 2455 596 Βυνάμεις
2503 532 2882 604 συνηθροικὼς
2963 533 3325 612 πασίῤῥωμος
3409 539 3480 610 τῇ
3565 536 3863 612 Καισαρείᾳ

435 629 704 688 funditus
737 621 1062 680 interiisset
1089 616 1282 674 omnis
1315 615 1578 669 Romana
1627 617 1790 676 tetas,
1839 627 1966 681 quae
2013 612 2086 665 ad

436 721 545 776 hoc
578 717 798 774 bellum
829 713 1224 767 concurrerat.
1259 705 1388 760 Haec
1422 704 1574 756 fama
1604 718 1737 755 cum
1791 700 2088 770 pervenis-

437 815 527 866 set
559 808 631 864 ad
662 805 1101 877 imperatorem,
1153 793 1374 867 ingenti
1425 807 1557 847 eum
1609 789 1809 845 dolore
1858 789 2084 856 affecit;

438 915 557 970 qua
602 897 695 949 vix
748 892 970 957 audita,
1020 887 1204 943 altera
1253 897 1487 955 quoque
1537 879 1787 935 velocior
1816 883 1873 933 et
1903 877 2087 933 multo

438 987 630 1058 magis
653 986 969 1056 penetrans
994 976 1215 1047 perlata
1234 978 1340 1036 est,
1377 988 1504 1041 qua:
1539 970 1838 1058 nuntiaret
1870 972 2088 1058 Turcos

439 1055 866 1146 rempublicam
899 1066 1262 1121 Chonensem
1297 1064 1354 1114 et
1405 1059 1599 1130 ipsum
1642 1055 2087 1111 celeberrimum

437 1144 592 1220 inter
624 1158 912 1217 miracula
939 1159 996 1211 et
1025 1154 1179 1208 dona
1209 1147 1491 1221 principis
1538 1145 1756 1202 militia;
1800 1144 2087 1217 templum

440 1252 623 1310 armis
649 1249 1172 1319 occupasse,atque
1205 1237 1405 1294 omnia
1435 1236 1554 1292 illic
1584 1235 1740 1290 caede
1781 1241 1838 1290 et
1885 1250 2090 1288 cruore

439 1337 1096 1412 completa,multasque
1119 1332 1290 1384 contu
1303 1325 1505 1382 melias
1527 1342 1560 1379 a
1577 1322 2090 1379 debacchandibus

437 1429 658 1500 templo
717 1427 932 1489 illatas,
990 1422 1308 1492 ipsumque
1370 1413 1621 1468 maxime
1688 1412 2087 1468 venerandum

436 1517 723 1587 templum
755 1527 1042 1586 equorum
1073 1506 1370 1563 stabulum
1403 1503 1696 1567 effectum,
1724 1506 1780 1556 et
1811 1501 1964 1573 quod
2000 1501 2088 1554 in-

439 1605 863 1679 dignissimum
898 1604 1046 1666 erat,
1079 1610 1268 1666 neque
1302 1594 1498 1648 hiatus
1529 1590 1780 1657 cloacas,
1813 1589 1910 1645 ubi
1943 1607 2087 1661 pras-

434 1696 783 1752 terﬂuentes
816 1690 975 1745 ﬂuvii
1010 1704 1077 1742 eo
1109 1683 1351 1740 derivati
1387 1697 1488 1754 per
1538 1679 1819 1752 principis
1869 1679 2087 1733 exerci-

437 1789 537 1840 tus
588 1782 898 1853 antiquum
949 1777 1264 1832 adventum
1313 1776 1365 1825 et
1416 1769 1680 1824 divinum
1713 1767 2088 1834 miraculum,

2197 612 2558 686 ἐπεδήμησεν,
2618 621 2680 675 οὐ
2739 630 2838 691 τῆς
2890 625 3145 698 εὐνομίας
3189 628 3354 699 μόνον
3413 625 3561 682 ἀλλὰ
3614 626 3703 682 καὶ
3761 631 3862 681 τοῦ

2198 709 2426 779 στρατοῦ
2476 710 2777 784 φροντίζων
2829 715 3242 789 προσηκόντως,
3273 717 3362 770 καὶ
3422 715 3549 778 τοὺς
3609 714 3862 770 ἀδικοῦν-

2195 813 2292 856 τας
2319 799 2427 848 τῶν
2459 805 2806 870 στρατιωτῶν
2858 801 3110 858 ἐκτίσεων
3155 805 3488 878 προστίμοις
3533 806 3857 880 κατάγχων.

2199 883 2478 956 ΠοΛέμοις
2525 883 2582 941 δέ
2637 909 2779 943 τισιν
2829 890 3069 967 ἐντυχὼν
3129 895 3361 963 νικητὴς
3410 893 3705 968 κατεφάνη,
3764 895 3861 948 καὶ

2243 974 2256 989 .
2437 975 2449 992 ς
2540 978 2553 996 ,
2635 983 2655 992 ν
2729 979 2741 997 ,

2197 993 2294 1040 την
2329 995 2451 1050 περι
2493 998 2659 1032 αυτου
2692 977 2934 1051 ευδοξίαν
2985 981 3096 1052 ἤδη
3145 984 3436 1039 πλατύνειν
3474 982 3862 1058 διηγωνίζετο.

2200 1063 2612 1135 Πυνθανόμενος
2683 1065 2741 1122 δὲ
2814 1072 2968 1126 ταυτὶ
3047 1074 3076 1127 6
3150 1078 3366 1146 κρατῶν
3435 1072 3683 1145 εὐθυμεῖν
3760 1073 3860 1145 μὲν

2198 1149 2378 1222 ἐῴκει,
2411 1153 2619 1228 κρύψας
2663 1155 2716 1210 ἐν
2768 1159 2941 1231 ἑαυτῷ
2988 1161 3082 1215 τὸν
3124 1162 3340 1239 φθόνον⁶
3375 1159 3529 1233 ὅμως
3556 1159 3604 1216 δ’
3633 1159 3724 1215 οὖν
3765 1159 3867 1216 ’ίνα

2195 1241 2293 1308 τήν
2353 1250 2452 1311 τῆς
2511 1244 2870 1317 Ἱεραπόλεως
2944 1248 3087 1324 τάχα
3163 1249 3300 1324 λύσῃ
3375 1250 3703 1324 πολιορκίαν
3761 1251 3862 1304 καὶ

2196 1333 2294 1398 τὴν
2328 1329 2598 1387 σιτοδείαν
2629 1339 3116 1410 παραμαθήσηται,
3154 1345 3350 1414 μοῖραν
3405 1341 3505 1394 οὐκ
3555 1339 3869 1414 ἐλαχίστην

2199 1419 2610 1494 ἀποτεμόμενος
2686 1429 2784 1478 τοῦ
2860 1432 3092 1502 στρατοῦ
3141 1428 3279 1482 κατὰ
3338 1429 3535 1502 Συρίαν
3605 1427 3867 1482 ἀπελθεῖν

2199 1507 2516 1583 διωρίσατο,
2568 1512 2657 1565 καὶ
2709 1518 2900 1569 τοῦτον
2959 1517 3050 1570 τὸν
3111 1513 3314 1592 τρόπον
3374 1524 3474 1586 τῆς
3535 1515 3597 1572 ἐκ
3651 1517 3867 1570 τούτων

2201 1597 2393 1674 ἰσχύος
2448 1601 2540 1654 τὸν
2625 1605 2928 1678 στρατηγὸν
3014 1603 3374 1680 διεστέρησεν.
3422 1605 3516 1668 Εἷς
3575 1603 3633 1660 δὲ
3690 1600 3870 1660 Σεϐά-

2199 1709 2376 1742 στειαν
2462 1693 2907 1764 παραγενομένου
2987 1695 3124 1766 μετὰ
3178 1698 3288 1748 τῶν
3362 1693 3867 1766 ὑπολελειμμένων

2199 1775 2480 1850 δυνάμεων
2567 1781 2655 1834 καὶ
2728 1783 2851 1856 περὶ
2923 1783 2986 1837 τὸ
3067 1781 3196 1839 ἄστυ
3271 1780 3866 1857 στρατοπεδεύσαντος,

438 1877 723 1943 tanquam
756 1885 858 1942 per
887 1880 1142 1938 preceps
1174 1862 1396 1916 ﬂuxum
1427 1859 1646 1914 habent
1675 1857 2091 1958 ejusmodi‘qui

2211 1865 2410 1958 έπῆλθέ
2474 1889 2556 1929 τις
2629 1867 2878 1938 πληθὺς,
2922 1874 3216 1947 Τουρκική.
3280 1872 3457 1943 Ἐξήει
3537 1877 3667 1948 γοῦν
3740 1863 3870 1926 κατ’

443 1963 764 2018 consistere
796 1957 1021 2028 nequit,
1053 1953 1201 2008 687
1257 1950 1476 2020 quique
1523 1947 1843 2002 admodum
1896 1945 2092 2001 celeri-

442 2055 534 2106 ter
576 2046 853 2114 occurrit,
906 2060 1022 2098 non
1073 2039 1334 2113 potuisse
1384 2054 1484 2093 eos
1514 2037 1608 2106 qui
1640 2036 1779 2091 illuc
1810 2036 2094 2106 coniuge-

446 2143 580 2194 rant
611 2151 844 2192 servare
873 2132 1084 2190 evitato
1118 2128 1372 2201 periculo
1399 2145 1410 2181 :
1435 2127 1577 2194 imo,
1601 2127 1757 2196 quod
1792 2140 2093 2194 nunquam

446 2229 582 2283 ante
639 2224 950 2290 acciderat,
999 2220 1080 2276 ita
1136 2217 1471 2274 abundasse
1521 2230 1759 2286 aquam,
1812 2219 1869 2270 et
1916 2212 2096 2268 veluti

453 2313 748 2385 absorptis
796 2309 1140 2366 fluminibus
1172 2322 1377 2362 omnes
1411 2304 1642 2375 penitus
1674 2304 1773 2374 qui
1803 2319 1870 2358 eo
1901 2303 2097 2358 confu-

446 2409 656 2478 gerant
685 2401 902 2455 diluvio
931 2403 987 2453 et
1036 2395 1417 2451 inundatione
1467 2391 1832 2464 oppressisse
1881 2397 1937 2446 et
1985 2393 2094 2446 sub

447 2498 606 2548 terra
635 2488 1010 2546 demersisse.
1047 2485 1176 2541 Haec
1208 2484 1388 2555 igitur
1418 2483 1488 2537 ad
1523 2482 1640 2536 alia
1685 2480 1956 2535 nuntiata
2006 2481 2094 2534 in-

449 2587 684 2656 gentem
708 2579 878 2635 nobis
901 2576 1082 2633 animi
1108 2573 1366 2630 dolorem
1391 2577 1447 2626 et
1469 2571 1793 2626 cruciatum
1827 2569 2094 2636 attulere,

452 2669 866 2742 reputantibus
897 2665 1054 2736 quod
1083 2664 1377 2719 acciderat
1406 2676 1534 2716 esse
1566 2659 1826 2715 divinum
1864 2664 2096 2731 porten-

448 2763 576 2814 tum
611 2762 669 2812 et
697 2757 841 2811 iram
884 2760 1062 2825 atque
1110 2750 1570 2821 indignationem
1623 2749 1745 2814 Dei,
1794 2765 1928 2803 cum
1982 2766 2097 2803 non

449 2847 650 2903 hostes
676 2845 866 2910 modo,
901 2843 998 2898 sed
1026 2842 1153 2912 ipsa
1174 2855 1407 2911 quoque
1429 2838 1718 2893 elementa
1742 2838 1908 2892 nobis
1932 2855 2098 2909 repu-

449 2938 718 3008 gnarent.
763 2931 932 2986 Prius
975 2929 1132 2986 enim
1184 2933 1269 2984 tot
1318 2926 1619 2983 nationum
1672 2942 1994 2981 concursus
2043 2931 2100 2982 et

449 3023 785 3090 concitatio,
818 3026 874 3075 et
922 3035 1124 3074 eorum
1170 3017 1268 3089 qui
1321 3016 1432 3072 sub
1483 3015 1762 3071 Romanis
1811 3016 2100 3086 degebant

449 3113 714 3179 defectio,
761 3111 851 3166 ira
899 3110 1098 3165 divina
1145 3108 1379 3179 quidem
1429 3121 1692 3170 evenere,
1745 3107 1846 3161 sed
1896 3111 2098 3162 contra

446 3201 774 3267 haereticos,
816 3200 917 3272 qui
967 3197 1213 3254 lberiam
1267 3203 1324 3252 et
1372 3195 1852 3268 Mesopotamiam
1911 3212 2098 3266 usque

447 3293 516 3347 ad
567 3291 889 3346 Licandum
938 3293 996 3343 et
1043 3285 1374 3342 Melitenem
1406 3289 1463 3340 et
1496 3285 1805 3339 ﬁnitimam
1833 3283 2098 3340 incolunt

441 3377 1244 3446 Armeniam,Judaicamque
1274 3374 1521 3430 Nestorii
1574 3379 1631 3427 et
1679 3372 2105 3444 Acephalorum

447 3467 650 3524 colunt
680 3467 974 3522 hazresim.
1010 3464 1238 3519 Etenim
1279 3463 1465 3533 plena:
1519 3466 1659 3516 sunt
1705 3461 1790 3515 he
1840 3463 2108 3532 regiones

451 3555 860 3626 hujuscemodi
893 3571 1081 3625 pravas
1113 3551 1428 3622 opinionis.
1462 3550 1573 3605 Sed
1607 3551 1705 3605 ubi
1756 3550 2108 3606 orthodoxos

451 3661 690 3718 quoque
721 3643 936 3698 invasit
965 3641 1294 3707 calamitas,
1327 3656 1533 3694 omnes
1564 3638 1664 3710 qui
1708 3638 2107 3694 Romanorum

453 3734 637 3790 cultui
671 3732 889 3788 addicti
921 3736 1119 3787 essent
1150 3747 1265 3801 quo
1297 3747 1358 3785 se
1408 3733 1699 3785 verterent
1746 3730 2107 3790 nesciebant,

453 3828 798 3896 reputantes
845 3827 902 3877 et
950 3821 1212 3892 ipsorum
1260 3835 1600 3874 mensuram
1651 3818 1892 3889 perinde
1940 3826 2111 3891 atque

453 3913 1008 3970 olimAmorrhaaoru
1021 3927 1074 3964 m
1089 3909 1393 3980 impletam
1411 3923 1560 3975 esse,
1582 3913 1637 3962 et
1651 3912 1789 3962 tunc
1804 3909 2108 3965 credentes

455 4019 573 4058 non
595 4006 826 4056 tantum
852 4004 1070 4054 rectam
1095 3998 1269 4053 ﬁdem
1294 3997 1511 4068 requiri
1555 3997 1656 4052 sed
1688 4001 1744 4051 et
1774 3997 1950 4052 vitam
1977 3999 2111 4053 fidei

460 4090 916 4161 respondentem
943 4105 956 4154 ;
991 4103 1172 4158 quare
1205 4087 1457 4158 utrique,
1490 4090 1548 4141 et
1576 4086 1635 4140 in
1687 4086 1799 4141 fide
1843 4085 2114 4142 videlicet

456 4183 722 4234 errantes
761 4183 818 4232 et
858 4177 915 4230 in
953 4176 1072 4231 vita
1100 4175 1462 4231 oﬂendentes
1499 4179 1674 4244 atque
1712 4173 2112 4231 claudicantes

461 4267 588 4338 pari
609 4266 900 4337 supplicio
923 4263 1113 4320 allecti
1141 4267 1301 4331 sunt;
1332 4263 1434 4334 qui
1461 4263 1617 4317 enim
1643 4262 1778 4317 fecit
1805 4267 1863 4317 et
1888 4263 2108 4334 docuit,

459 4354 556 4410 hic
585 4355 795 4410 beatus
825 4357 1115 4409 censetur.
1150 4352 1252 4408 His
1283 4351 1501 4407 auditis
1529 4350 1847 4423 imperator
1874 4368 2111 4408 summo

2204 1957 2379 2011 αὐτῶν
2433 1959 2462 2011 6
2506 1959 2947 2032 κουροπαλάτης.
3008 1963 3314 2017 Φαντασίαν
3374 1959 3432 2016 δὲ
3487 1968 3668 2037 φυγῆς
3719 1981 3869 2035 παρ-

2203 2044 2527 2121 εσχημένων
2567 2051 2675 2101 τῶν
2730 2047 3018 2122 πολεμίων
3065 2049 3124 2105 ἐκ
3171 2053 3538 2124 συνθήματος,
3566 2049 3682 2105 ἐπεὶ
3743 2047 3872 2104 δια.-

2203 2132 2578 2198 σκεδασθέντες
2642 2137 2696 2191 οἱ
2750 2139 3021 2211 Ῥωμαῖοι
3077 2137 3323 2207 ἐδίωκον,
3373 2138 3706 2218 ἐπιστροφὴν
3768 2138 3870 2193 αἴ-

2204 2220 2409 2299 φνίδιον
2470 2222 2835 2295 ποιησάμενοι
2891 2225 3262 2301 παλίντροπον
3309 2229 3410 2296 τήν
3467 2227 3620 2296 νίκην
3677 2226 3871 2303 εἰργά-

2208 2332 2388 2367 σαντο·
2426 2309 2511 2366 διὸ
2541 2313 2631 2366 καὶ
2672 2311 2879 2368 πολλοὶ
2915 2317 3010 2387 μὲν
3039 2315 3303 2385 ἑάλωσαν,
3337 2319 3418 2388 [Ρ.
3465 2318 3593 2388 834]
3640 2314 3878 2377 πλείους

2206 2399 2264 2456 δὲ
2316 2401 2405 2456 καὶ
2464 2401 2742 2476 μαχαίρας
2822 2398 2981 2478 ἔργον
3037 2405 3308 2480 γεγόνασι.
3373 2402 3762 2459 Συναλίσκεται
3811 2402 3878 2460 δὲ

2205 2491 2294 2546 καὶ
2325 2490 2485 2552 αὐτὸς
2516 2495 2634 2554 τοῖς
2666 2489 2866 2554 ἄλλοις
2897 2494 2925 2547 6
2956 2491 3397 2568 κουροπαλάτης,
3431 2493 3523 2548 καὶ
3573 2499 3676 2560 τῆς
3719 2513 3876 2565 παρ·

2207 2574 2455 2651 εμϐολῆς
2515 2578 2729 2648 ἀπάσης
2789 2581 3121 2654 παράστασις
3179 2580 3268 2635 καὶ
3328 2581 3546 2656 ἁρπαγή
3606 2580 3696 2635 καὶ
3745 2577 3872 2635 δια-

2208 2666 2496 2728 σκύλευσις
2551 2667 2758 2741 γέγονε.
2820 2669 2919 2722 Καὶ
2977 2670 3022 2724 εἶ
3074 2671 3148 2742 μή
3206 2670 3269 2724 τὸ
3322 2670 3454 2724 ἄστυ
3509 2668 3745 2739 πλησίον
3806 2670 3875 2724 ὃν

2204 2756 2332 2819 τοὺς
2391 2754 2620 2816 πλείους
2677 2753 2952 2825 διέσωσεν,
2988 2755 3348 2812 ἐκινδύνευσεν
3409 2755 3469 2811 ἂν
3529 2763 3876 2830 πανστρατιᾷ

2207 2850 2241 2916 ἡ
2294 2850 2401 2900 τῶν
2455 2845 2744 2918 Ῥωμαίων
2802 2845 3014 2915 ἡλικία,
3073 2847 3172 2918 ὅση
3246 2849 3380 2923 πρὸς
3462 2849 3561 2916 τήν
3640 2847 3875 2903 ἐνταῦθα

2206 2936 2548 3009 ἐκστρατείαν
2581 2932 2898 3008 συνέδραμε.
2933 2939 3049 3005 Τῆς
3081 2939 3274 3014 φήμης
3335 2934 3393 2992 δὶ
3443 2932 3875 3008 καταλαϐούσης

2204 3025 2294 3079 τὸν
2333 3022 2559 3098 βασιλέα
2588 3022 2776 3093 πολλή
2829 3045 2914 3087 τις
2946 3023 3069 3080 ἀνία
3111 3027 3372 3102 κατέσχεν
3431 3025 3615 3082 αὐτόν.
3676 3028 3873 3095 Μήπω

2207 3111 2265 3168 δὲ
2298 3110 2493 3188 σχεδὸν
2534 3112 2736 3182 ταύτης
2767 3113 3112 3186 ἠκουσμένης
3154 3116 3310 3188 ἑτέρα
3357 3114 3590 3179 ἐπῆλθεν
3641 3115 3874 3189 ὀξυτέρα

2210 3204 2299 3257 καὶ
2324 3200 2611 3275 τομωτέρα
2641 3203 2800 3278 φήμη
2833 3201 3056 3274 πολλῷ,
3083 3202 3210 3265 τοὺς
3262 3202 3532 3276 Τούρκους
3590 3202 3880 3278 ἀπαγγέλ-

2218 3291 2389 3347 λουσα
2415 3293 2516 3359 τήν
2547 3290 2598 3344 ἐν
2622 3292 2836 3352 Χώναις
2867 3289 3150 3346 πολιτείαν
3203 3294 3293 3348 καὶ
3353 3292 3512 3348 αὐτὸν
3564 3293 3656 3348 τὸν
3719 3315 3881 3369 περι-

2218 3375 2420 3450 ὅόητον
2457 3379 2508 3434 ἐν
2555 3380 2792 3453 θαύμασι
2849 3385 2939 3434 καὶ
2988 3381 3298 3454 ἀναθήμασι
3353 3386 3451 3436 τοῦ
3503 3381 3886 3457 ἀρχιστρατή-

2217 3491 2319 3544 γου
2390 3470 2513 3524 ναὸν
2579 3464 2904 3524 καταλαϐεῖν
2960 3468 3010 3523 ἐν
3081 3470 3349 3546 μαχαίρᾳ,
3407 3471 3496 3526 καὶ
3554 3470 3724 3548 φόνου
3785 3471 3881 3544 μὲν

2220 3557 2431 3612 ἅπαντα
2471 3557 2539 3612 τὰ
2588 3555 2760 3612 ἐκεῖσε
2817 3555 3112 3632 πληρῶσαι
3157 3558 3247 3613 καὶ
3294 3557 3522 3634 λύθρου,
3552 3559 3770 3620 πολλὰς
3824 3557 3883 3613 δὶ

2220 3641 2404 3720 ὕϐρεις
2459 3649 2539 3716 τῷ
2591 3647 2723 3717 ἱερῷ
2763 3645 3274 3720 ἐμπαροινισθῆναι,
3323 3648 3542 3702 ἱππῶνά
3596 3648 3687 3703 τὸν
3744 3647 3886 3702 πάν-

2221 3755 2416 3789 σεπτον
2467 3734 2865 3810 ἐργασαμένους
2896 3736 3041 3806 ναὸν,
3072 3737 3160 3790 καὶ
3211 3737 3274 3790 τὸ
3325 3733 3392 3805 δὴ
3451 3736 3885 3812 σχετλιώτερον,

2225 3819 2366 3895 μηδέ
2395 3823 2491 3884 τὰς
2543 3825 2638 3875 τοῦ
2693 3822 2977 3895 χάσματος
3026 3823 3306 3897 σήραγγας
3352 3825 3490 3896 (19),
3523 3821 3574 3876 έν
3621 3823 3770 3896 ᾧπερ
3830 3822 3886 3875 οἱ

2219 3909 2614 3987 παραρῥέοντες
2673 3909 2918 3982 ποταμοὶ
2977 3909 3150 3965 ἐκεῖσε
3209 3907 3582 3985 χωνευόμενοι
3637 3907 3725 3965 διὰ
3780 3915 3885 3978 τῆς

2218 4005 2316 4054 τοῦ
2373 4000 2820 4074 ἀρχιστρατήγου
2879 3998 3113 4060 παλαιᾶς
3174 3997 3476 4071 ἐπιδημίας
3540 4000 3630 4054 καὶ
3685 4011 3888 4068 θεοση-

2227 4089 2354 4160 μίας
2410 4088 2486 4148 ὡς
2544 4084 2633 4141 διὰ
2688 4090 2926 4162 πρανοῦς
2985 4087 3246 4142 ἀπατοῦν
3300 4089 3362 4142 τὸ
3408 4085 3582 4164 ῥεῦμα
3611 4087 3703 4142 καὶ
3762 4084 3886 4142 λίαν

2222 4174 2526 4250 εὐδρομοῦν
2587 4173 2803 4251 ἔχουσι,
2841 4175 2971 4237 τοὺς
3024 4178 3496 4256 καταπεφευγότας
3557 4173 3889 4252 διατηρῆσαι

2220 4264 2309 4319 καὶ
2371 4263 2634 4334 ὑπαλύξαι
2693 4265 2784 4318 τὸν
2835 4260 3082 4318 κινδυνον
3140 4264 3383 4340 ἰσχῦσαι,
3444 4263 3573 4320 ἀλλ’
3633 4266 3765 4339 ὅπερ
3823 4265 3890 4319 ού

2219 4352 2404 4428 γέγονέ
2430 4372 2582 4420 ποτε,
2615 4349 3026 4428 πλημμυρῆσαι
3071 4353 3135 4407 τὸ
3185 4350 3332 4428 ὕδωρ
3388 4351 3478 4407 καὶ
3538 4353 3657 4406 οἷον
3718 4351 3886 4428 ἀναῤ-

1765 4468 2009 4524 JACOBI
2049 4468 2267 4526 GOARI
2308 4468 2522 4525 NOT/E
2535 4509 2546 4527 .

529 4567 641 4637 (49)
691 4567 886 4622 Fidem
917 4564 1279 4636 Apocryphis
1306 4581 1412 4620 nec
1441 4581 1616 4635 erogo
1645 4581 1752 4621 nec
1781 4565 2108 4637 emendico.
2144 4569 2191 4634 D
2222 4566 2526 4622 ecclesiam
2579 4571 2764 4636 agunt
2811 4566 3240 4636 effunduntque
3273 4583 3287 4620 :
3314 4567 3562 4637 jamque
3592 4581 3895 4636 aquarum

465 4636 630 4703 Quod
662 4638 841 4692 Graeci
876 4644 1117 4692 narrant
1147 4654 1416 4692 sermone
1453 4638 1514 4690 18
1545 4637 1854 4703 Thesauri,
1909 4636 2106 4693 lectio-

2227 4638 2446 4692 diluvio
2476 4639 2799 4693 corruisset
2833 4637 2954 4704 illa,
2983 4637 3040 4692 ni
3073 4637 3396 4692 ccelestium
3430 4639 3735 4708 agminum
3770 4637 3896 4692 dux

460 4710 612 4791 uarii
656 4710 938 4791 nimirum
971 4709 1265 4791 ineorum
1300 4708 1564 4791 ecclesiis
1597 4708 1827 4791 publice
1857 4708 2011 4791 lecti,
2046 4726 2118 4764 ne
2223 4709 2467 4791 Michael
2499 4709 2727 4791 lancea,
2759 4725 2876 4791 qua
2908 4709 3234 4791 instructus
3264 4708 3560 4791 apparuit,
3605 4725 3897 4780 percussa

459 4783 749 4837 obscurus
781 4787 836 4836 et
874 4780 1277 4850 inexplicatus.
1310 4785 1545 4834 maneat
1595 4781 1852 4835 auctoris
1899 4783 2113 4846 textus,

461 4854 718 4934 breviter
768 4854 973 4934 refero.
1026 4850 1263 4918 Chonis,
1313 4851 1623 4934 inquiunt,
1665 4851 1808 4934 urbe
1861 4851 2114 4934 Phrygias

461 4924 878 4980 asservabatur
908 4939 1061 4994 aqua
1094 4919 1570 4994 manuvotisque
1592 4919 1837 4977 Joannis
1867 4919 2115 4992 apostoli

459 4995 912 5066 benedicta,qua
941 4992 1192 5066 irrorato.
1218 4992 1521 5066 miraculis
1542 4993 1785 5049 edendis
1808 5010 2114 5064 nunquam

461 5067 712 5122 celestis
744 5064 1092 5137 et‘angelica
1140 5064 1324 5137 virtus
1373 5065 1590 5120 deerat.
1643 5067 1993 5136 Frequentia
2041 5066 2116 5121 si-

460 5153 712 5206 gnorum
749 5136 1076 5208 Archippus
1109 5136 1351 5208 quidam
1399 5137 1869 5205 Hierapolitanus
1920 5142 2116 5192 motus

459 5208 812 5280 ad‘aquam
882 5206 1080 5263 condit
1144 5206 1448 5280 ecclesiam
1524 5208 1829 5263 Michaelis
1887 5225 2113 5280 superae

459 5277 680 5350 militiai
714 5279 993 5347 principis
1025 5281 1263 5333 nomine
1311 5279 1586 5346 dicatam,
1638 5297 1814 5350 quam
1865 5277 2114 5349 gentiles

459 5349 728 5420 religioni
783 5351 1123 5420 nominique
1181 5351 1511 5405 Christiano
1567 5349 1780 5405 infensi
1843 5352 2113 5406 traducto

461 5437 564 5490 per
585 5437 712 5475 eam
737 5421 954 5492 Chryso
983 5423 1155 5477 fluvio
1177 5422 1424 5492 dejicere
1441 5428 1581 5476 sunt
1601 5423 2117 5494 aggressi.Delusit

457 5508 660 5566 eorum
694 5499 970 5566 conatum
997 5499 1054 5548 et
1081 5494 1579 5564 exspectationem
1613 5493 1811 5566 coelica
1857 5497 2115 5566 potentia

458 5567 514 5617 et
566 5563 624 5616 in
679 5564 985 5636 adversam
1035 5563 1255 5635 partem
1309 5582 1550 5620 cursum
1583 5565 1723 5636 ‘egit
1782 5563 1964 5636 ﬂuvii.
2026 5566 2112 5621 [lli

461 5640 658 5708 spreto
709 5635 989 5708 miraculo
1037 5635 1658 5708 coeptisgfobstinatius
1697 5635 2004 5704 insistunt,
2058 5643 2114 5693 et

457 5705 726 5778 Cuphum
760 5705 1164 5780 Lycocamque
1193 5705 1406 5766 ﬂuvios
1439 5707 1674 5765 aliunde
1725 5710 2007 5766 deductos
2051 5709 2112 5765 in

2227 4787 2386 4852 petra
2427 4781 2726 4852 ingentem
2777 4779 2837 4834 in
2892 4795 2960 4834 ea
3006 4779 3355 4852 voraginem
3383 4785 3565 4852 tantas
3592 4779 3892 4852 aquarum

2227 4850 2366 4906 moli
2400 4850 2778 4907 absorbendaa
2802 4867 3075 4922 capacem
3106 4850 3742 4922 eicavasset.Subeunt
3771 4850 3890 4906 ita-

2227 4939 2342 4994 que
2366 4923 2781 4997 subterraneas
2813 4921 3058 4997 specus,
3076 4921 3173 4984 τὰς
3187 4925 3313 4997 τοῦΔ
3339 4923 3628 4996 χάσματος
3655 4922 3892 4997 -σήραγο

2224 5013 2349 5066 γας,
2398 4995 2726 5066 ριιωοὶρὶιθθ
2775 4997 2832 5047 et
2877 4993 3131 5066 humiles
3178 4993 3488 5066 fluviorum
3519 4993 3796 5066 vortices.
3833 4993 3896 5051 et

2224 5064 2486 5137 ecclesia;
2534 5065 2934 5137 fundamentis
2965 5064 3137 5135 longe
3168 5065 3530 5130 accliviores,
3567 5064 3738 5137 quasi
3757 5065 3893 5137 loci

2225 5135 2500 5206 religione
2532 5135 2836 5209 territae,in
2868 5135 3093 5191 vicinos
3120 5137 3333 5192 deinde
3365 5153 3536 5209 agros
3558 5135 3697 5209 dato
3720 5135 3892 5209 alveo

2223 5212 2620 5278 emergunt,et
2650 5206 2978 5278 innoﬂ'cnso
3009 5224 3185 5263 cursu
3221 5225 3380 5264 mare
3397 5206 3603 5264 versus
3627 5206 3893 5278 illabun-

2221 5285 2338 5334 tur.
2374 5275 2512 5332 ’Ᾰπὸ
2544 5278 2673 5332 αὑτὸ
2706 5277 2769 5331 τὸ
2799 5278 2998 5348 θαῦμα,
3033 5279 3300 5334 scribunt
3340 5279 3450 5342 illi,
3499 5275 3799 5348 ὠνομάσθη
3861 5278 3890 5332 ό

2221 5349 2390 5411 τόπος
2453 5351 2656 5414 Χῶναι,
2716 5349 2830 5419 ἀμή
2907 5347 3099 5422 πρῶτα
3168 5349 3482 5422 ὠνομάζετο
3562 5347 3886 5422 Κωλασσαί’

2221 5424 2554 5478 miraculum
2588 5424 2901 5477 Chonarum
2934 5421 3127 5493 (quasi
3150 5421 3314 5478 dicas
3339 5421 3882 5489 infundibuliﬂoco,

2229 5495 2467 5549 Calussa:
2499 5495 2654 5562 prius
2699 5501 2910 5556 vocato,
2959 5510 3154 5549 nomen
3185 5494 3406 5550 indidit.
3457 5493 3882 5550 Monasterium

2222 5565 2489 5636 voragini
2521 5569 2992 5636 superstructum
3023 5566 3215 5621 adhuc
3245 5571 3496 5631 exstare,
3519 5571 3576 5620 et
3605 5564 3736 5620 urbi
3767 5569 3881 5618 Μι-

2223 5635 2388 5721 χαήλί
2410 5635 2622 5721 Χώναις
2656 5653 2869 5721 nomen
2901 5636 2974 5691 ab
3003 5653 3070 5692 eo
3104 5636 3450 5721 impositum
3483 5637 3715 5704 docent,
3767 5636 3876 5708 qui

2222 5708 2351 5767 visu
2379 5713 2698 5781 utrumque
2727 5708 3147 5766 lustraverunt.
