4122 6394
312 393 429 453 41⁸7

1833 386 2224 448 HISTORIA.

3635 403 3753 461 418

486 527 510 539 ..
732 521 746 540 ε
813 522 826 540 ,
907 519 961 541 ,ε
1302 520 1315 535 .
1434 517 1445 538 ι
1643 515 1666 534 ,ι
1924 515 1936 533 ς

317 516 606 599 ῥοιὸὃησαι
658 542 748 576 και
802 520 1184 598 ανερρίξασθαι
1228 540 1318 576 και
1376 538 1581 580 παντας
1639 514 1807 592 αρδην
1855 536 1982 606 ⁸τους

2098 517 2296 574 studio
2346 522 2401 574 et
2459 519 2640 575 animi
2697 521 2997 580 alacritate
3056 528 3499 600 quamprimum
3557 533 3752 606 egredi

323 610 795 688 καταπεφευγότας
841 609 1174 666 κατακλύσαι
1217 611 1307 664 καὶ
1365 606 1456 663 διὰ
1519 609 1686 682 ξηρᾶς
1739 601 1984 681 ὑποϐρυ-

322 701 482 777 χίους
553 701 908 770 ποιήσασθαι.
962 704 1140 754 Ταῦτα
1193 702 1484 775 τοιγαροῦν
1561 693 1985 770 ἐπιδιήγηθέντα

314 787 535 858 πολλὴν
613 786 813 858 ἐνῆκαν
887 789 987 858 τὴν
1049 787 1280 862 ἀθυμίαν
1339 789 1475 860 ἡμῖν
1521 829 1535 855 ,
1595 783 1984 859 λογιζομένοις

309 876 616 950 θεοσημίαν
637 878 785 932 ἐἶναι
832 879 896 933 τὸ
925 878 1144 954 γεγονὸς
1183 878 1274 932 καὶ
1310 883 1472 949 μῆνιν
1497 877 1588 930 καί
1620 872 1794 949 χόλον
1827 876 1984 940 Θεοῦ,

313 977 389 1038 ὡς
425 976 504 1049 μὴ
540 974 712 1048 μόνον
739 980 848 1030 τῶν
890 975 1174 1048 πολεμίων
1209 973 1355 1030 ἀλλὰ
1383 975 1519 1048 [καὶ]
1549 976 1660 1028 τῶν
1692 971 1982 1046 στοιχείων

319 1063 784 1141 ἄντιμαχομένων
834 1068 995 1140 ἡμῖν.
1048 1065 1320 1141 Πρότερον
1373 1063 1476 1138 γὰρ
1525 1065 1560 1131 ἡ
1610 1060 1844 1130 τοσαύτη
1877 1063 1982 1114 τῶν

325 1154 490 1220 ἐθνῶν
544 1153 699 1228 ὀρμή
755 1155 849 1209 καὶ
921 1148 1147 1230 ἔπαρσις
1204 1153 1295 1207 καὶ
1353 1156 1457 1206 τῶν
1520 1151 1622 1206 ὑπὸ
1679 1148 1984 1223 Ῥωμαίους

321 1243 625 1299 τελούντων
673 1246 963 1313 κατακοπή
1027 1243 1164 1320 ὀργή
1221 1243 1316 1315 μὶν
1356 1245 1456 1296 τοῦ
1506 1244 1665 1307 Θεοῦ,
1713 1238 1849 1294 κατὰ
1876 1244 1983 1293 τῶν

319 1335 610 1410 αἱρετικῶν
666 1331 726 1389 δὲ
760 1375 775 1400 ,
834 1335 888 1388 οἳ
960 1334 1058 1402 τήν
1117 1329 1356 1409 Ἰϐηρίαν
1413 1333 1504 1387 καὶ
1565 1329 1986 1402 Μεσοποταμίαν

317 1425 488 1500 μέχρι
545 1420 832 1478 Λυιιανδοῦ
882 1422 972 1477 καὶ
1023 1420 1335 1493 Μελιτηνῆς
1389 1421 1478 1476 καὶ
1521 1422 1620 1489 τήν
1652 1417 1986 1494 παρακειμέ-

309 1535 407 1582 νην
468 1512 720 1568 οἰκοῦσιν
762 1511 1070 1588 Ἀρμενίαν,
1111 1511 1203 1566 καὶ
1261 1512 1314 1566 οἳ
1370 1512 1471 1579 τὴν
1532 1507 1834 1579 Ἰουόαἷκὴν
1888 1512 1986 1563 τοῦ

311 1603 624 1676 Nec-copim
681 1599 771 1656 καὶ
830 1604 936 1654 τῶν
988 1597 1301 1677 ἈκεφάΛων
1361 1597 1748 1674 θρησκεύουσιν
1807 1595 1926 1672 α⁶ίρε
1963 1627 1988 1639 -

309 1709 412 1746 σιν·
470 1689 568 1745 καὶ
614 1691 722 1765 γάρ
775 1688 1080 1760 πλήθουσιν
1131 1685 1248 1743 αἵδε
1291 1689 1348 1743 αἱ
1389 1692 1570 1763 χῶραι
1599 1694 1699 1757 τῆς
1727 1685 1984 1756 τοιαύτης

307 1776 665 1849 κακοδοξίας.
717 1779 887 1835 Ἐπὰν
947 1775 1006 1833 δὲ
1055 1779 1144 1832 καὶ
1205 1778 1312 1832 τῶν
1369 1773 1672 1852 ὀρθοδόξων
1713 1775 1894 1849 ἥψατο
1921 1775 1986 1830 τὸ

307 1866 513 1935 δεινὸν,
575 1866 630 1922 ἐν
687 1867 1004 1942 ἀμηχάνοις
1052 1867 1188 1936 ἦσαν
1247 1866 1440 1927 πάντες
1499 1864 1548 1920 οἷ
1596 1865 1664 1920 τὰ
1702 1865 1985 1938 Ῥωμαίων

306 1956 730 2034 θρησκεύοντες,
807 1953 1205 2032 πεπληρῶσθαι
1282 1956 1370 2009 καὶ
1437 1955 1501 2010 τὸ
1553 1955 1725 2010 αὑτῶν
1785 1953 1978 2030 μέτρον

313 2051 405 2102 υἷα
450 2046 545 2100 καὶ
591 2046 655 2100 τὸ
716 2049 826 2099 τῶν
880 2043 1234 2121 Ἀμορραίων
1305 2043 1684 2120 λογιζόμενοι,
1739 2045 1828 2099 καὶ
1890 2065 1981 2098 πι-

325 2135 600 2198 στεύοντες
641 2138 943 2206 τηνικαῦτα
993 2134 1070 2197 ὠς
1123 2132 1227 2209 ἄρα
1280 2134 1343 2190 οὑ
1397 2133 1560 2208 μόνον
1611 2134 1788 2197 πίστις
1820 2134 1981 2188 ἀπαι-

328 2230 502 2279 τεῖται
532 2223 687 2298 δρθή,
740 2221 889 2279 ἁλλᾶ
943 2223 1033 2279 καὶ
1088 2222 1206 2299 βίος
1253 2222 1322 2298 τῇ
1363 2223 1540 2279 πίστει
1571 2224 1978 2296 ἀνθιστάμενος.

332 2322 432 2377 Διὸ
469 2322 557 2376 καὶ
604 2320 918 2398 ἀμφότεροι,
952 2320 982 2376 6'
1008 2342 1068 2376 τε
1112 2321 1237 2396 περί
1282 2321 1382 2390 τὴν
1431 2319 1610 2376 πίστιν
1663 2319 1980 2399 σφαλλόμε-

330 2432 424 2473 νος
471 2407 678 2480 δηλαδὴ
710 2409 803 2465 καὶ
854 2411 882 2464 ὁ
932 2411 1054 2486 περὶ
1087 2411 1178 2464 τὸν
1224 2410 1340 2484 βίον
1397 2409 1710 2480 ὑποσκάζων
1743 2410 1831 2464 καὶ
1858 2431 1980 2486 χω-

319 2499 520 2568 λεύων,
572 2497 624 2553 ἐν
677 2497 773 2573 ἴσῃ
831 2499 1075 2574 τιμωρίᾳ
1129 2499 1493 2564 καθίστανταν
1545 2501 1572 2555 6
1602 2500 1703 2576 γὰρ
1747 2502 1980 2570 ποιήσας

309 2591 404 2644 καὶ
441 2586 660 2659 διδάξας
711 2587 1008 2644 ἐπαινεῖται
1060 2588 1149 2643 καὶ
1202 2591 1576 2665 μακαρίζεται.
1625 2594 1799 2644 Ταῦτα
1847 2590 1979 2644 ἑνω-

308 2679 603 2752 τισάμενος
663 2679 692 2733 6
775 2677 1032 2754 βασιλεὺς
1103 2678 1411 2754 προθυμίαν
1476 2679 1575 2752 μὶΑ
1640 2680 1783 2755 εἶχεν
1843 2678 1982 2734 ὥστε

309 2767 508 2823 αὐτίκα
557 2767 860 2842 ἐξορμῆσαι
913 2767 1002 2822 καὶ
1061 2771 1131 2841 τῇ
1189 2768 1379 2822 ἑαυτοῦ
1437 2769 1600 2843 χώρᾳ
1659 2769 1927 2844 βοηθῆσαι
1965 2815 1980 2836 ,

309 2857 613 2932 ἀπείργετο
664 2854 723 2912 δὲ
768 2863 886 2919 τοῖς
930 2878 990 2912 τε
1037 2851 1375 2929 συμϐούλοις
1421 2858 1508 2911 καὶ
1553 2860 1622 2930 τῇ
1664 2855 1858 2930 ἀγνοίᾳ
1884 2861 1980 2911 τοῦ

311 2945 573 3018 πλήθους
620 2951 728 3000 τῶν
779 2945 1056 3001 ἐναντίωνο
1103 2946 1270 3002 Ἦσαν
1322 2943 1379 3000 δὲ
1428 2945 1458 3000 ὅ
1504 2966 1563 3000 τε
1601 2945 1981 3020 Παλαιολόγος

314 3036 645 3113 Νικηφόρος
693 3036 724 3089 6
777 3034 1099 3111 ὑπέρτιμος,
1130 3035 1221 3090 καὶ
1267 3040 1376 3090 τῶν
1425 3033 1741 3113 φιλοσόφων
1782 3035 1982 3100 ὕπατος

314 3130 741 3186 Κωνσταντῖνος
794 3125 822 3178 ὁ
868 3121 1114 3192 Ψελλός,
1159 3126 1243 3197 [Ρ.
1294 3126 1422 3196 835]
1472 3123 1560 3178 καὶ
1610 3124 1694 3178 ἐπὶ
1745 3130 1906 3178 πᾶσιν
1953 3125 1981 3178 6

314 3219 529 3290 Καῖσαρ
577 3213 608 3266 6
655 3217 754 3268 τοῦ
800 3207 1363 3287 προϐεϐασιλευκότος
1421 3212 1704 3286 σύναιμος·
1755 3213 1808 3267 οἳ
1858 3215 1983 3267 ὅσον

320 3303 412 3375 μὲν
449 3303 538 3358 ἐπ’
573 3301 784 3371 αὐτοῖς,
839 3299 966 3356 οὐδὲ
1009 3305 1106 3375 ζῇν
1155 3301 1390 3377 ᾑροῦντο
1443 3302 1604 3357 αὐτὸν
1653 3301 1841 3376 (βαρὺς
1880 3305 1980 3378 γὰρ

313 3395 378 3461 ἦν
407 3393 606 3453 αὐτοῖς
643 3391 738 3446 καὶ
789 3390 1130 3467 βλεπόμενος
1179 3390 1297 3446 λίαν
1338 3391 1485 3464 αὐτῷ
1514 3391 1983 3467 ἀπεχθανομένοις

314 3481 389 3542 ὡς
419 3477 582 3556 ἀνδρὶ
629 3479 864 3555 γενναίῳ
913 3479 1004 3535 καὶ
1064 3477 1364 3554 θυμοειδεῖ,
1414 3479 1502 3534 καὶ
1546 3479 1675 3542 τοὺς
1724 3477 1982 3557 ἐφέδρους

311 3577 416 3640 τῆς
449 3565 735 3644 βασιλείας
783 3565 996 3644 ἔχοντι,
1025 3568 1153 3632 τοὺς
1184 3567 1381 3632 παῖδάς
1408 3590 1555 3645 φημι
1585 3573 1682 3624 τοῦ
1735 3569 1984 3644 Δουκὸς),

321 3657 482 3740 ὅμως
536 3665 583 3722 δ’
636 3669 730 3722 οὖν
792 3667 852 3723 ἐκ
904 3672 1002 3723 τοῦ
1064 3673 1374 3746 προφανοῦς
1431 3666 1666 3742 ᾐδοῦντο
1723 3664 1983 3742 συμϐου-

326 3755 509 3812 λεύειν
567 3756 716 3829 αὐτῷ
769 3757 838 3811 τὰ
893 3756 1207 3834 ἀσύμφορα.
1270 3758 1405 3814 Μεθ’
1456 3757 1668 3832 ἡμέρας
1725 3754 1784 3813 δέ
1835 3779 1986 3820 τινας

319 3842 466 3915 {fles
520 3846 612 3900 καὶ
691 3847 720 3901 6
796 3844 1222 3922 κουροπαλάτης
1281 3845 1596 3915 Μανουὴλ,
1655 3846 1986 3920 ἐπαγόμενος

327 3936 446 4008 μεθ’
509 3935 697 3990 ἐαυτοῦ
770 3935 864 3990 τὸν
941 3937 1288 4011 κατασχόντα
1353 3935 1512 3990 αὐτὸν
1574 3938 1819 4009 Τοῦρκον
1888 3935 1988 3990 οὐκ

331 4021 559 4095 ἄκοντα,
605 4022 726 4080 ἀλλ’
771 4023 966 4080 ἑκόντα
1007 4024 1108 4095 τὴν
1153 4024 1257 4080 ὑπὸ
1302 4026 1396 4080 τὸν
1457 4023 1682 4101 βασιλέα
1735 4022 1984 4080 δουλείαν

330 4111 756 4188 αίρετισὰμενον.
811 4118 1103 4186 Δυσμενῶς
1157 4112 1202 4168 δ’
1259 4112 1491 4190 ἔχοντος
1537 4118 1636 4169 τοῦ
1685 4113 1986 4170 σουλτάνου

323 4202 470 4279 πρὸς
520 4201 676 4258 αὐτὸν
739 4201 826 4259 διά
873 4224 995 4259 τινα
1044 4198 1324 4276 συμϐάντα
1375 4203 1694 4278 αΐτιάματα,
1734 4204 1985 4280 στρατιὰν

319 4292 442 4347 κατ’
519 4291 684 4347 αὐτοῦ
764 4291 898 4366 μετά
971 4313 1118 4355 τινος
1185 4294 1530 4370 πρατάρχου
1596 4291 1936 4364 ἐξαπέστειλε
1969 4338 1984 4364 ,

320 4382 484 4437 παντὶ
536 4381 729 4456 τρόπῳ
781 4381 924 4437 ἐλεῖν
975 4381 1135 4438 αὐτὸν
1171 4381 1598 4459 μηχανώμενος,
1633 4383 1694 4437 οὗ
1722 4387 1801 4456 τῷ
1831 4378 1988 4461 φόϐῳ

318 4471 697 4534 κατασεισθεὶς
755 4469 831 4544 τῷ
887 4469 1104 4547 βασιλεῖ
1143 4472 1531 4549 καταπέφευγε,
1579 4471 1671 4527 καὶ
1719 4469 1988 4547 πρόεδρος

319 4561 636 4638 παραυτίκα
691 4561 1027 4634 τετίμηται.
1088 4564 1186 4618 Ἠν
1247 4559 1305 4616 δὲ
1359 4561 1421 4616 τὸ
1494 4562 1588 4634 μὲν
1661 4562 1985 4639 φαινόμενον

2094 612 2150 662 et
2181 608 2334 662 688
2367 625 2487 665 suae
2537 611 2759 682 regioni
2809 629 2980 684 opem
3034 615 3183 671 ferre
3233 619 3528 688 cupiebat.
3578 623 3683 676 Sed
3719 640 3753 678 a

2094 697 2450 753 consiliariis
2499 703 2557 754 et
2604 700 2966 769 ignoratione
3018 703 3420 762 multitudinis
3488 708 3749 766 hostium

2094 786 2541 858 prohibebatur.
2601 789 2670 844 Hi
2727 796 2895 846 erant
2951 792 3315 866 Nicephorus
3366 797 3750 870 Palzeologus,

2092 875 2182 929 vir
2239 875 2657 933 honestissimo
2714 877 2840 935 loco
2899 885 3094 948 natus,
3145 887 3204 938 et
3261 883 3750 958 philosophorum

2094 963 2370 1036 princeps
2425 967 2848 1024 Constantinus
2905 970 3152 1038 Psellus,
3201 979 3378 1045 atque
3424 975 3483 1029 in
3542 977 3752 1048 primis

2095 1052 2284 1108 Caesar
2357 1053 2519 1110 illius
2574 1058 2676 1127 qui
2737 1064 2909 1113 antea
2982 1059 3377 1132 imperaverat
3440 1071 3750 1136 cognatus,

2094 1150 2192 1220 qui
2244 1156 2527 1220 quantum
2561 1153 2620 1208 in
2671 1154 2816 1226 ipsis
2846 1161 3073 1223 erat,ne
3102 1159 3294 1215 vivere
3342 1161 3582 1232 quidem
3615 1181 3751 1219 eum

2096 1239 2434 1310 cupiebant,
2467 1243 2624 1314 quod
2674 1243 2789 1298 sibi
2831 1246 3028 1315 gravis
3075 1253 3254 1314 esset,
3284 1253 3343 1304 et
3393 1250 3563 1306 valde
3612 1269 3749 1308 eum

2095 1329 2341 1384 oderant
2388 1336 2453 1385 ut
2498 1331 2689 1387 virum
2739 1349 3091 1405 generosum
3137 1353 3204 1392 ac
3253 1339 3486 1407 fortem,
3532 1341 3753 1413 quique

2096 1417 2260 1490 regni
2321 1433 2650 1476 assessores
2705 1421 2944 1478 haberet
3000 1424 3169 1480 ducis
3228 1426 3428 1497 ﬁlios;
3491 1433 3752 1486 attamen

2095 1513 2292 1578 aperte
2340 1509 2693 1566 verebantur
2740 1511 2850 1584 ipsi
2885 1512 3119 1570 inutilia
3160 1516 3488 1574 consulere.
3522 1519 3756 1592 Aliquot

2094 1600 2228 1666 post
2256 1596 2466 1653 diebus
2492 1599 2649 1655 venit
2696 1599 2834 1655 item
2861 1601 3094 1657 Manuel
3126 1605 3515 1677 curopalates,
3547 1625 3752 1665 secum

2092 1685 2390 1740 adducens
2421 1687 2678 1743 Turcum
2704 1688 2870 1744 illum
2904 1706 2934 1742 a
2958 1707 3072 1762 quo
3099 1692 3372 1749 detentus
3398 1696 3606 1766 fuerat,
3631 1714 3750 1753 non

2094 1773 2366 1846 invitum,
2399 1777 2501 1831 sed
2554 1783 2764 1849 sponte
2795 1795 2858 1835 se
2887 1779 2945 1833 in
2996 1782 3333 1838 servitutem
3377 1785 3752 1856 imperatoris

2094 1862 2484 1921 dedicantem.
2509 1867 2654 1922 Nam
2680 1884 2814 1924 cum
2837 1869 3109 1926 sultanus
3131 1887 3268 1944 erga
3291 1873 3484 1944 ipsum
3510 1874 3750 1933 inimico

2093 1953 2291 2009 animo
2313 1960 2470 2011 esset
2493 1956 2566 2011 ob
2616 1958 2904 2028 quasdam
2933 1975 3162 2027 causas,
3195 1963 3511 2018 exercitum
3544 1966 3750 2021 adver-

2092 2059 2195 2096 sus
2223 2059 2356 2097 eum
2381 2060 2514 2098 cum
2555 2047 2811 2115 quodam
2843 2048 2991 2103 duce
3022 2050 3285 2120 miserat,
3318 2051 3376 2107 id
3410 2053 3659 2110 moliens
3685 2059 3753 2110 ut

2091 2147 2224 2186 eum
2257 2132 2465 2204 quovis
2514 2134 2688 2190 modo
2734 2143 3005 2208 caperet;
3038 2140 3208 2209 cujus
3258 2145 3416 2196 metu
3449 2141 3547 2197 ille
3585 2159 3747 2200 com-

2092 2224 2287 2277 motus
2344 2222 2415 2276 ad
2478 2223 2887 2294 imperatorem
2942 2227 3228 2299 confugit.
3290 2229 3621 2304 Statimque
3680 2246 3749 2288 eo

2091 2309 2314 2365 honore
2344 2310 2586 2367 ati'ectus
2639 2318 2729 2367 est
2776 2316 2840 2368 ut
2889 2332 3104 2385 praeses
3154 2322 3332 2373 esset.
3365 2319 3503 2374 Erat
3551 2325 3750 2377 autem

2093 2400 2288 2468 specie
2322 2399 2584 2471 juvenis,
2617 2406 2848 2458 statura
2876 2420 3010 2459 vero
3046 2405 3164 2460 fere
3186 2423 3484 2478 pygmaeus
3515 2415 3572 2463 et
3605 2411 3750 2466 facie

2089 2487 2301 2559 Scytha
2332 2492 2389 2543 et
2440 2489 2731 2562 ingratus.
2769 2492 2974 2563 Deligit
3021 2499 3218 2549 autem
3251 2495 3447 2566 ipsum
3489 2497 3748 2569 impera-

2090 2580 2204 2642 tor,
2263 2593 2508 2648 sperans
2568 2581 2686 2635 t'ore
2739 2586 2813 2642 ut.
2859 2597 2995 2636 cum
3049 2582 3255 2639 Turcis
3308 2590 3364 2639 et
3411 2587 3746 2644 adversario

2091 2667 2345 2721 exercitu
2408 2667 2505 2722 ille
2563 2675 2871 2741 pugnaret.
2928 2670 3254 2745 llabitoque
3314 2673 3537 2729 delectu
3599 2675 3749 2732 mili-

2093 2765 2237 2823 tum,
2272 2761 2584 2828 appetente
2611 2774 2742 2813 vere
2774 2760 3072 2830 trajiciens
3102 2762 3420 2818 exercitum
3467 2763 3540 2818 ad
3573 2765 3751 2821 Erio-

2092 2861 2220 2899 rum
2257 2845 2472 2916 palatia
2524 2847 2865 2918 perducitur
2912 2849 3038 2921 ipsa
3069 2850 3162 2904 die
3207 2852 3582 2922 orthodoxize,
3615 2871 3749 2910 cum

2092 2933 2277 3003 pridie
2326 2935 2602 2989 exercitui
2662 2942 2720 2992 et
2766 2939 2996 2993 senatui
3056 2937 3426 3011 largitionem
3483 2959 3742 2999 annuam

2091 3022 2344 3089 fecisset,
2387 3040 2502 3079 non
2561 3041 2688 3079 eam
2747 3031 2930 3081 totam
2987 3045 3151 3092 auro,
3210 3029 3312 3084 sed
3372 3029 3525 3085 689
3589 3033 3745 3103 quod

2092 3111 2341 3177 deesset,
2402 3113 2605 3168 sericis
2663 3115 2807 3169 velis
2866 3115 3177 3187 supplevit.
3239 3118 3380 3173 Cum
3424 3136 3560 3176 vero
3618 3121 3747 3193 ipse

2094 3200 2413 3270 trajiceret,
2444 3201 2719 3258 columba
2768 3205 3036 3274 quaedam
3090 3222 3202 3260 non
3235 3207 3556 3264 admodum
3589 3209 3748 3277 alba,

2095 3297 2194 3352 sed
2230 3299 2487 3354 maxima
2532 3315 2601 3354 ex
2649 3305 2813 3373 parte
2843 3301 3032 3375 nigra,
3063 3303 3336 3361 alicunde
3383 3305 3607 3378 volans,
3639 3307 3750 3363 cir-

2093 3403 2226 3443 cum
2281 3387 2580 3443 triremem
2631 3407 2759 3461 quae
2819 3391 3062 3446 vehebat
3111 3394 3544 3465 imperatorem,
3604 3395 3749 3453 voli-

2093 3477 2256 3532 tabat
2304 3479 2496 3547 quoad
2547 3480 2616 3533 ad
2673 3481 2865 3551 ipsum
2928 3481 3096 3536 illum
3157 3483 3470 3540 deveniens
3519 3485 3576 3539 in
3619 3487 3751 3557 ejus

2094 3582 2305 3621 manus
2362 3567 2641 3636 deﬂuxit;
2679 3585 2852 3640 quam
2905 3569 3004 3625 ille
3053 3571 3411 3644 imperatrici
3469 3574 3635 3630 misit
3690 3576 3752 3632 in

2094 3654 2379 3727 palatium
2411 3660 2622 3728 praeter
2652 3675 2872 3714 morem
2903 3661 3289 3716 commoranti
3338 3662 3412 3718 ob
3457 3665 3747 3735 quasdam

2095 3744 2412 3801 muliebres
2467 3745 2707 3802 delicias
2764 3752 2822 3803 et
2880 3748 3421 3820 simulationes.|Et
3479 3753 3606 3809 visa
3663 3758 3756 3810 est

2093 3834 2272 3906 igitur
2298 3835 2568 3890 columba
2599 3836 2934 3907 symbolum
2988 3837 3145 3894 haud
3181 3839 3314 3894 boni
3347 3846 3591 3897 eventus
3621 3848 3748 3898 tum

2092 3923 2205 3995 ipsi
2253 3925 2351 3994 qui
2399 3931 2650 3994 ceperat,
2700 3930 2825 3979 tum
2880 3926 2964 3979 illi
3013 3927 3084 3981 ad
3155 3943 3334 3998 quam
3380 3929 3565 3986 missa
3619 3933 3751 3986 fuit.

2095 4011 2310 4068 Verum
2344 4015 2600 4084 Augusta
2648 4030 2781 4068 cum
2842 4020 3051 4086 praeter
3108 4018 3348 4072 modum
3411 4035 3473 4074 se
3518 4020 3753 4077 deliciis

2096 4106 2390 4174 satiasset,
2415 4106 2650 4160 tandem
2676 4106 3021 4176 pmnitentia
3041 4107 3217 4163 ducta
3239 4109 3309 4162 ad
3337 4108 3753 4180 imperatorem

2095 4195 2270 4259 venit,
2304 4199 2370 4249 ut
2391 4195 2664 4266 precibus
2686 4195 2970 4251 adhibitis
2989 4213 3123 4251 eum
3150 4198 3218 4252 ad
3265 4200 3586 4254 exercitum
3617 4202 3757 4256 edu-

2096 4286 2344 4340 cendum
2398 4285 2796 4356 praemitteret.
2841 4285 3007 4341 Illinc
3056 4287 3236 4360 igitur
3283 4289 3581 4360 profectus
3639 4290 3752 4346 im-

2098 4378 2332 4446 perator
2379 4391 2496 4429 non
2546 4374 2820 4430 Neocomi
2868 4391 3057 4446 neque
3103 4375 3163 4432 in
3196 4375 3340 4434 locis
3391 4378 3753 4450 quibusdam

2098 4463 2276 4534 regiis
2307 4464 2557 4519 classem
2612 4464 2672 4518 in
2715 4465 2968 4521 statione
3014 4465 3242 4533 habuit,
3277 4468 3376 4523 sed
3433 4467 3753 4541 Elenopoli,

2097 4569 2276 4624 quam
2300 4553 2590 4624 indigenas
2615 4552 2829 4608 rustice
2851 4553 3236 4626 Eleinopolim
3262 4555 3754 4628 appellant,quod

320 4649 464 4722 νέος,
498 4655 781 4724 πυγμαῖος
835 4647 893 4704 δὶ
936 4647 1132 4725 σχεδὸν
1181 4651 1279 4718 τὴν
1336 4649 1581 4721 ἡλικίαν,
1613 4649 1701 4705 καὶ
1731 4652 1831 4720 τήν
1864 4646 1983 4724 ὄψιν

2097 4641 2290 4713 ipsum
2317 4658 2552 4713 quoque
2574 4643 2890 4713 augurium
2913 4641 3068 4698 haud
3105 4643 3395 4713 optimum
3415 4645 3607 4701 visum
3639 4651 3750 4702 est.

289 4738 548 4808 ’Σκύθης
590 4737 682 4793 καὶ
728 4739 948 4815 ἄχαρις.
985 4745 1167 4794 Διεῖπε
1197 4737 1255 4794 δὲ
1280 4739 1442 4795 αὐτὸν
1474 4741 1502 4794 6
1538 4738 1814 4815 βασιλεὺς,
1848 4761 1986 4812 συμ-

320 4823 590 4882 ϐαλέσθαι
635 4827 780 4899 αὐτῷ
828 4829 965 4884 κατά
1008 4833 1118 4884 τῶν
1165 4828 1426 4904 Τούρκων
1477 4827 1737 4900 ἐλπίζων,
1787 4828 1878 4883 καὶ
1916 4831 1983 4902 τῇ

318 4917 663 4993 προκειμένῃ
720 4923 979 4994 στρατιᾷ.
1042 4916 1362 4992 Κατάλογον
1425 4915 1483 4972 δὲ
1547 4922 1654 4973 τῶν
1717 4938 1984 4994 στρατιω-

317 5010 430 5060 τῶν
518 5005 906 5079 ποιησάμενος,
994 5005 1115 5082 ἄρτι
1192 5011 1291 5062 τοῦ
1365 5004 1524 5084 ἕαρος
1599 5005 1984 5082 ὑπανοίγοντος

319 5091 750 5169 διαπεραιωθεὶς
821 5096 897 5159 εἷς
975 5095 1040 5150 τὰ
1089 5100 1199 5151 τῶν
1251 5094 1448 5171 Ἠρίων
1505 5095 1745 5152 παλάτια
1800 5094 1985 5151 κατά-

315 5205 478 5261 γεται
561 5185 684 5260 περὶ
763 5183 931 5254 αὐτὴν
1002 5187 1102 5254 τὴν
1187 5184 1396 5260 ἡμέραν
1471 5192 1571 5255 τῆς
1649 5183 1982 5261 ὀρθοδοξίας,

315 5286 392 5358 τῇ
459 5284 569 5356 πρὸ
657 5283 825 5354 αὐτῆς
909 5283 1094 5359 ἡμέρᾳ
1165 5285 1264 5354 τὴν
1354 5283 1568 5354 ἐτησίαν
1641 5283 1827 5360 χώραν
1903 5287 1983 5356 τῷ

311 5393 379 5427 τε
450 5377 665 5450 στρατῷ
731 5375 818 5430 καὶ
904 5377 973 5448 τῇ
1034 5371 1329 5449 συγκλήτῳ
1407 5371 1847 5448 διανειμάμενος,
1919 5376 1982 5431 ού

319 5458 410 5516 διὰ
458 5463 698 5538 χρυσίου
749 5467 949 5528 πᾶσαν,
1008 5461 1153 5518 ἀλλὰ
1209 5465 1272 5518 τὸ
1329 5460 1508 5518 ἐνδέον
1562 5469 1812 5539 σηρικοῖς
1847 5465 1982 5542 ὑφά-

319 5571 517 5624 σμασιν
560 5551 1130 5630 ἀναπληρωσάμενος.
1183 5555 1681 5630 Διαπεραιουμένου
1730 5551 1779 5607 δ’
1815 5553 1983 5610 αὐτοῦ

316 5640 610 5718 περιστερά
669 5663 754 5705 τις
817 5640 878 5696 οὐ
938 5641 1079 5696 πάνυ
1136 5639 1328 5711 λευκὴ,
1390 5641 1526 5715 πρὸς
1580 5641 1643 5697 τὸ
1703 5641 1872 5715 μέλαν
1925 5639 1984 5696 δὶ

318 5728 576 5792 πλεῖστον
636 5731 814 5804 αὐτῆς
875 5730 1268 5814 ὑποφαίνουσα,
1328 5731 1493 5799 ποθὲν
1553 5732 1824 5810 ἱπταμὲνη
1884 5733 1984 5805 τὴν

2097 4739 2326 4796 Accidit
2373 4738 2550 4794 etiam
2600 4739 2797 4795 nescio
2847 4739 2989 4810 quid
3039 4739 3248 4796 aliud:
3302 4758 3440 4796 nam
3495 4742 3753 4798 maxima

2099 4829 2284 4893 navis,
2317 4844 2446 4898 qua:
2475 4827 2814 4882 continebat
2854 4828 3078 4899 regium
3103 4829 3574 4899 tabernaculum,
3605 4847 3750 4886 con-

2099 4921 2278 4974 fracta
2308 4917 2505 4972 statim
2562 4915 2702 4971 illud
2739 4933 3008 4972 corruere
3041 4917 3193 4971 fecit.
3233 4917 3645 4974 Verumtamen
3676 4936 3751 4976 ne

2095 5009 2166 5062 ad
2201 5023 2382 5062 unum
2415 5007 2649 5077 quidem
2697 5005 2907 5061 horum
2941 5005 3248 5061 hominum
3296 5006 3548 5063 stultitia
3577 5013 3655 5078 et,
3684 5015 3752 5065 ut

2096 5098 2178 5152 ita
2209 5096 2479 5163 dixerim,
2512 5096 2852 5166 depravatio
2899 5095 3082 5150 animi
3115 5100 3171 5150 et
3201 5095 3536 5167 importuna
3572 5101 3752 5168 atque

2095 5185 2326 5241 inutilis
2377 5202 2491 5239 non
2543 5184 2815 5239 credendi
2849 5185 3171 5254 pertinacia
3220 5185 3511 5257 respicere
3540 5185 3747 5256 voluit,

2097 5285 2214 5339 fato
2237 5283 2594 5354 impediente
2621 5285 2678 5337 et
2699 5281 2750 5337 ei
2783 5298 3023 5337 sensum
3075 5298 3305 5338 omnem
3355 5285 3657 5341 auferente
3688 5285 3747 5341 in

2098 5389 2271 5444 quem
2323 5389 2390 5428 ea
2441 5371 2642 5426 omnia
2685 5370 3004 5426 deventura
3051 5379 3237 5428 erant.
3273 5371 3627 5445 Progressus
3658 5380 3750 5430 est

2094 5465 2279 5536 igitur
2307 5462 2648 5533 imperator,
2682 5465 2740 5516 et
2771 5459 3019 5516 ulterius
3052 5461 3110 5516 in
3160 5461 3411 5518 Orientis
3452 5461 3748 5530 regionem

2094 5552 2466 5625 procedebat,
2492 5550 2683 5622 quoad
2724 5549 2784 5604 in
2824 5551 3226 5620 praefecturam
3261 5551 3517 5607 Orientis
3548 5568 3748 5624 perve-

2094 5642 2203 5711 nit,
2234 5642 2295 5696 in
2350 5655 2578 5708 omnes,
2640 5641 2850 5708 praeter
2902 5637 2960 5694 id
3021 5640 3177 5712 quod
3235 5656 3343 5712 par
3396 5643 3541 5708 erat,
3593 5641 3750 5697 690

2094 5731 2242 5790 mire
2295 5745 2551 5806 parcus;
2600 5727 3080 5807 intelligensque,
3141 5734 3207 5788 ut
3261 5728 3582 5789 verisimile
3636 5734 3747 5803 est,
