4122 6384
413 401 530 459 419

1738 389 2068 452 JOANNIS
2114 389 2518 454 SCYLITZE

3717 398 3842 458 420

412 531 616 587 crebra
661 527 765 585 illa
810 528 1259 600 premonstrata
1289 524 1462 596 signa
1508 523 1578 578 ad
1631 535 1692 577 se
1746 521 2056 592 pertinere,

2176 521 2440 596 φέρουσαν
2499 523 2593 577 τὸν
2652 521 2878 598 βασιλὲα
2931 524 3133 600 τριήρη
3192 522 3712 598 περιεποτᾶτο,ἓως
3760 527 3841 591 εἷς

411 638 528 676 non
577 621 636 674 in
689 616 1068 674 tabernaculo
1116 631 1308 687 neque
1340 613 1397 668 in
1449 612 1640 685 planis
1672 611 1839 677 locis,
1872 611 1972 666 sed
2008 611 2066 665 in

411 707 663 764 tumulis
695 711 752 762 et
790 703 1169 761 domunculis
1209 702 1535 770 habitabat,
1573 699 1668 754 ubi
1700 699 1872 753 etiam
1905 697 2065 751 aliud

413 798 710 868 quoddam
744 813 859 851 non
911 793 1112 848 minus
1160 791 1550 847 infortunium
1601 788 1951 860 portendens
1979 803 2068 841 ac-

413 886 558 942 cidit
607 884 962 957 prodigium.
998 881 1156 954 Ignis
1203 880 1358 935 enim
1394 879 1590 933 nescio
1641 879 1792 931 unde
1839 876 2069 930 delatus

412 976 618 1031 domos
644 973 704 1028 in
727 964 2064 1042 quibuscommorabaturimperatorincendit:

412 1064 514 1119 ubi
545 1061 837 1119 combusti
888 1061 1048 1116 fuere
1087 1059 1220 1130 equi
1250 1063 1308 1112 et
1340 1057 1506 1124 regiae
1539 1061 1729 1110 vestes
1759 1070 2066 1125 equorum,

413 1157 471 1208 et
518 1153 682 1208 frena
733 1151 867 1205 aliis
924 1149 1097 1221 longe
1154 1147 1491 1220 praestantia
1540 1161 1783 1217 prorsus
1813 1143 1885 1198 ab
1931 1143 2065 1213 igne

413 1245 766 1313 consumpta
799 1243 957 1295 sunt.
991 1237 1134 1307 Equi
1165 1252 1300 1291 vero
1332 1234 1777 1290 scmicombusti
1805 1233 1874 1287 ab
1903 1247 2065 1286 exer-

409 1334 532 1388 citu
563 1328 858 1402 conspecti
889 1326 1290 1383 miserandum
1317 1321 1716 1396 spectaculum
1741 1319 2058 1394 praebuere.

407 1421 552 1478 Cum
581 1437 714 1477 vero
755 1417 1131 1491 Sangarium,
1165 1415 1266 1470 ubi
1297 1414 1416 1469 hinc
1464 1411 1748 1478 accidere,
1782 1427 1884 1483 per
1913 1426 2060 1481 pon-

401 1517 521 1567 tem
551 1510 652 1582 qui
700 1507 900 1579 Zompi
949 1506 1166 1560 dicitur
1215 1503 1571 1571 transiisset,
1601 1517 1740 1557 suas
1771 1499 1969 1570 copias
2001 1499 2058 1553 in

403 1616 588 1655 unum
642 1612 846 1670 cogere
895 1597 1090 1667 cmpit,
1121 1595 1193 1648 ob
1243 1593 1634 1647 Barbarorum
1668 1587 2056 1660 irruptionem

401 1689 738 1762 dissipatas.
772 1686 917 1742 Cum
949 1683 1133 1756 igitur
1179 1699 1248 1737 ex
1279 1681 1352 1737 iis
1397 1684 1686 1753 quantum
1715 1677 1899 1733 voluit
1928 1694 2058 1734 coe-

398 1780 600 1850 gisset,
660 1778 922 1849 reliquos
981 1774 1198 1830 milites
1257 1790 1322 1830 ac
1379 1774 1558 1828 duces
1617 1767 2055 1840 manipulorum

2181 611 2340 666 αὐτὸν
2401 611 2602 666 ἐκεῖνον
2657 614 2972 676 καθεσθεῖσα
3009 614 3167 689 χερσὶ
3223 619 3342 676 ταῖς
3393 614 3556 669 αὐτοῦ
3603 617 3842 692 προσερ·

2182 699 2307 775 ῥύη.
2371 700 2626 765 Κάκεῖνος
2699 702 2899 772 ταύτην
2957 706 3025 775 τῇ
3107 699 3346 778 βασιλίδι
3422 702 3726 777 ἀνάπεμψεν
3785 704 3841 759 ἂν

2177 793 2294 850 τοῖς
2343 790 2659 866 ἀνακτόροις
2708 792 2854 867 παρά
2904 792 2966 845 τὸ
3015 790 3209 855 εἰωθὸς
3253 791 3594 867 ἀπομεινάσῃ
3637 790 3727 848 διά
3757 814 3844 849 τι-

2179 898 2273 941 νας
2301 877 2522 952 θρύψεις
2577 880 2884 952 γυναικείας
2939 879 3030 934 καὶ
3087 879 3414 953 ἀκκισμούς.
3470 878 3689 952 ’Έδοξεν
3744 881 3842 938 οὖν

2177 969 2211 1035 ἡ
2244 968 2533 1042 περιστερά
2577 963 2858 1041 σύμϐολον
2909 969 2973 1023 οὐ
3022 972 3273 1044 χρηστῆς
3322 965 3642 1034 ἀποϐάσεως
3685 973 3848 1044 αὐτῷ

2174 1077 2232 1110 τε
2269 1061 2348 1128 τῷ
2407 1052 2631 1112 λαϐόντι
2689 1058 2778 1112 καὶ
2835 1058 2973 1134 πρὸς
3026 1061 3090 1128 ἣν
3148 1055 3398 1116 ἔσταλτο.
3447 1059 3604 1116 Ἀλλ’
3655 1061 3840 1132 ἐκείνη

2175 1150 2444 1221 περιττῶς
2486 1150 2694 1221 σχοῦσα
2745 1153 2846 1216 τῆς
2896 1149 3163 1221 θρύψεως,
3213 1147 3654 1221 μεταμεληθεῖσα
3692 1152 3844 1227 πρὸς

2171 1234 2261 1288 τὸν
2327 1232 2554 1309 βασιλέα
2607 1235 2853 1311 ἀφίκετο,
2909 1236 3003 1291 τὸν
3063 1240 3452 1312 συντακτήριον
3508 1236 3841 1295 ἀποδώσου-

2187 1345 2251 1378 σα
2284 1327 2395 1398 (20)
2437 1325 2526 1380 καὶ
2578 1324 2737 1380 αὐτὸν
2785 1324 2872 1380 ἐπὶ
2909 1327 3009 1395 τὴν
3042 1325 3378 1400 ἐκστρατείαν
3408 1329 3842 1404 προπέμψουσα.

2188 1416 2405 1471 Εκεῖθεν
2466 1412 2556 1469 οὖν
2614 1415 2822 1490 ἀπάρας
2871 1417 2899 1470 ὁ
2955 1415 3212 1490 βασιλεὺς
3262 1417 3362 1472 οὐκ
3418 1416 3471 1472 ιν
3524 1420 3843 1493 Νεακώμου

2184 1502 2310 1560 οὐδὲ
2367 1503 2418 1558 ἐν
2470 1504 2695 1566 ὑπατίας
2744 1505 2975 1580 χωρίοις
3023 1506 3133 1560 τισὶ
3168 1504 3476 1581 βασιλικοῖς
3504 1509 3842 1584 προσωρμί-

2178 1614 2332 1663 σατο,
2375 1591 2503 1648 ἀλλ’
2548 1591 2601 1648 ἂν
2653 1591 3054 1667 Ἐλενουπόλει,
3085 1595 3149 1663 ἣν
3181 1595 3232 1650 οἱ
3285 1595 3556 1673 ὂγχώριοι
3584 1596 3841 1675 ἀγροικι-

2169 1684 2408 1757 κώτερον
2467 1680 2857 1753 κικλήσκουσιν
2915 1681 3358 1740 Ἐλεεινούπολιν
3393 1704 3407 1717 ·
3465 1685 3495 1741 ὃ
3550 1685 3642 1741 καί
3698 1686 3844 1742 αὐτό

2166 1774 2362 1835 οἰωνὸς
2417 1771 2480 1827 ού
2534 1774 2777 1848 χρηστὸς
2830 1769 2998 1842 ἔδοξε.
3055 1768 3264 1843 Συνέϐη
3312 1771 3370 1830 δὶ
3420 1774 3511 1829 καί
3539 1796 3590 1830 τι
3621 1772 3840 1848 ἕτερον·

400 1868 645 1934 dimisit,
682 1867 902 1922 milites
957 1865 1200 1936 quidem
1247 1868 1312 1918 ut
1353 1860 1758 1933 superioribus
1789 1857 2057 1913 cladibus

2173 1863 2368 1956 τὸγὰρ
2404 1863 2630 1956 σύνεχον
2676 1863 2777 1930 τήν
2833 1859 3122 1937 βασιλικήν
3174 1864 3380 1933 σκηνήν
3435 1863 3690 1939 μέγιστον
3745 1865 3844 1936 εὖ-

401 1959 728 2027 confectos,
763 1953 1204 2026 manipulorum
1253 1969 1388 2008 vero
1421 1953 1692 2006 ductores
1735 1963 1933 2004 secum
1965 1947 2066 2002 ad-

399 2047 613 2102 ducere
660 2045 878 2101 veritus
931 2047 997 2098 ut
1027 2041 1177 2114 parti
1208 2039 1622 2096 insidiatorum
1677 2036 2063 2098 adhaerentes.

400 2136 756 2207 Utinamque
807 2133 964 2189 idem
1016 2131 1074 2186 in
1109 2147 1314 2187 omnes
1364 2129 1618 2199 fecisset,
1649 2133 1706 2183 et
1736 2127 1785 2182 si
1830 2126 2066 2182 divinus

399 2225 687 2282 terminus
725 2221 967 2278 transiri
1020 2239 1137 2276 non
1172 2223 1417 2292 poterat,
1452 2223 1509 2274 et
1549 2215 1924 2272 commistum
1956 2231 2064 2286 po-

401 2315 600 2370 culum
635 2312 862 2381 evitari,
897 2328 1031 2365 nam
1058 2311 1137 2364 ita
1171 2327 1289 2364 uae
1327 2304 1724 2363 incolumitati
1758 2302 2064 2360 consulere

397 2404 560 2460 visus
631 2403 856 2457 fuisset.
926 2399 1142 2455 Verum
1220 2397 1547 2469 Nicephoro
1635 2394 1941 2450 Botaniata
2004 2395 2062 2448 et

398 2491 813 2565 hujuscemodi
853 2490 1210 2562 quibusdam
1247 2487 1386 2542 viris
1416 2487 1640 2557 ejectis,
1671 2501 1771 2540 eos
1802 2483 1900 2554 qui
1933 2499 2063 2536 om-

398 2585 577 2639 nibus
606 2582 758 2638 dolis
789 2587 843 2636 et
894 2581 1088 2652 pravis
1143 2579 1408 2634 moribus
1440 2575 1712 2631 instructi
1745 2578 1944 2630 essent
1973 2588 2061 2626 se-

397 2689 528 2730 cum
561 2673 851 2728 adducere
905 2670 1244 2735 festinabat,
1281 2673 1345 2722 ut
1373 2666 1694 2737 insequens
1741 2662 2064 2718 declarabit

399 2763 604 2819 oratio.
643 2765 770 2833 Ipse
801 2764 996 2815 autem
1033 2759 1117 2813 sic
1169 2773 1436 2828 pergens,
1470 2771 1659 2825 neque
1690 2751 2062 2808 imminentia

399 2853 513 2910 sibi
574 2851 730 2908 mala
782 2849 1188 2922 praesentiens,
1236 2847 1437 2916 Halym
1495 2845 1747 2900 ﬂuvium
1804 2841 2058 2910 transiit,

401 2941 677 3014 quamvis
735 2944 1136 2994 commoratus
1197 2937 1254 2990 in
1311 2935 1564 3006 quodam
1625 2933 1838 3005 oppido
1904 2932 2051 2986 69]

402 3049 592 3105 nuper
640 3035 997 3093 constructo,
1034 3030 1206 3097 cujus
1263 3025 1508 3080 aedificia
1558 3025 1627 3078 ab
1677 3023 1805 3095 ipso
1856 3027 2059 3076 curata

397 3127 558 3188 sunt,
591 3119 672 3176 ibi
720 3115 1167 3174 tabernaculum
1220 3115 1436 3186 posuit.
1489 3113 1712 3168 Deinde
1761 3127 1891 3167 cum
1944 3115 2056 3166 tra-

389 3210 653 3282 jecisset,
689 3206 1032 3263 divisionem
1069 3203 1436 3276 propriarum
1488 3201 1927 3274 possessionum
1961 3199 2056 3252 de-

2178 1952 2274 2009 λον
2323 1952 2577 2027 κατεαγὶν
2631 1956 2812 2006 πεσεῖν
2869 1952 3039 2020 αὑτήν
3093 1949 3353 2028 αἰφνηδὸν
3406 1955 3838 2028 παρεσκεύασεν.

2173 2044 2365 2116 ’Ὀμως
2397 2039 2442 2096 δ’
2474 2043 2566 2096 οὖν
2615 2037 2740 2096 οὑδὲ
2785 2044 2922 2114 πρὸς
2969 2039 3028 2095 ἓν
3071 2041 3278 2096 τούτων
3318 2045 3353 2112 ἠ
3385 2047 3495 2098 τῶν
3525 2043 3837 2120 ἀνθρώπων

2175 2127 2474 2203 ἀϐελτηρία
2518 2131 2629 2197 καὶ,
2665 2131 2739 2192 ὡς
2790 2131 2902 2184 οἷον
2952 2129 3145 2200 εἰπεῖν,
3174 2133 3402 2208 καχεξία
3447 2132 3537 2186 καὶ
3579 2133 3643 2188 τὸ
3667 2132 3719 2188 ἓν
3750 2137 3838 2207 τῇ

2175 2218 2410 2294 δοκούσῃ
2462 2219 2638 2274 πίστει
2692 2215 2915 2274 ἄπιστον
2972 2218 3065 2273 καὶ
3119 2215 3474 2292 ἀσύμϐλητον
3531 2217 3841 2296 διαϐλὲψαι

2170 2307 2435 2380 ἠθέλησε,
2484 2312 2580 2364 τοῦ
2647 2307 2827 2384 χρεὼν
2891 2305 3282 2382 ἐμποδίζοντος
3344 2314 3628 2388 πανταχοῦ
3660 2355 3675 2382 ,
3734 2311 3845 2367 καὶ

2177 2396 2307 2472 μηδ’
2361 2399 2507 2469 αὑτῷ
2557 2398 2943 2472 παρεχομένου
3000 2397 3346 2470 συναίσθησιν
3406 2401 3544 2476 πρὸς
3593 2399 3654 2455 εν
3693 2401 3846 2456 ἀπο-

2172 2491 2430 2558 σκήπτειν
2461 2483 2718 2559 ἔμελλον.
2753 2486 2955 2561 Προῄει
2986 2487 3166 2541 τοίνυν
3200 2488 3228 2542 ὁ
3263 2487 3542 2563 βασιλεὺς,
3573 2491 3659 2562 [Ρ.
3700 2491 3852 2561 836]

2169 2578 2259 2632 καὶ
2311 2583 2412 2646 τῆς
2476 2576 2646 2648 Ἐῲας
2700 2575 3034 2650 προσωτέρω
3092 2579 3432 2652 προήρχετο,
3476 2574 3585 2639 ἕως
3622 2581 3690 2651 τῇ
3721 2582 3848 2632 τῶν

2170 2665 2540 2721 Ἀνατολικῶν
2603 2664 2840 2741 ἐπαρχίᾳ
2890 2661 3216 2741 προσέϐαλε,
3265 2663 3534 2745 φειδωλία
3578 2667 3724 2742 παρά
3765 2669 3843 2722 τὸ

2169 2755 2310 2816 εἰκὸς
2341 2756 2474 2828 πρὸς
2517 2755 2717 2817 πάντας
2748 2755 3133 2829 συνεχόμενος.
3188 2756 3378 2819 Συνείς
3421 2753 3500 2826 δὲ,
3535 2756 3609 2818 ὡς
3660 2755 3840 2829 ἔοικε,

2167 2845 2231 2898 τὸ
2288 2843 2510 2918 συνεχὲς
2566 2847 2672 2897 τῶν
2726 2843 3133 2919 προγεγονότων
3215 2843 3459 2916 σημείων
3534 2843 3612 2906 εἷς
3666 2844 3841 2899 αὑτὸν

2169 2934 2512 3006 ἀποσκῆψον,
2565 2933 2664 2986 οὑκ
2718 2931 2770 2986 ἐν
2816 2935 2989 3005 σκηνῇ
3041 2930 3169 2988 οὑδὲ
3224 2931 3276 2987 ἐν
3326 2930 3561 3002 πεδίοις,
3594 2930 3722 2988 ἀλλ’
3774 2931 3841 2988 ἰν

2167 3022 2439 3097 γηλόφοις
2493 3021 2584 3077 καὶ
2625 3019 2925 3095 δωματίοις
2973 3020 3211 3076 ἐποιεῖτο
3253 3022 3354 3091 τὴν
3381 3024 3836 3092 κατασκήνωσιν.

2165 3113 2331 3176 Ἔνθα
2379 3108 2445 3182 δή
2485 3133 2536 3165 τι
2585 3111 2675 3166 καὶ
2728 3105 2925 3180 συνίϐη
2962 3111 3062 3166 οὐκ
3090 3108 3314 3166 ἔλαττον
3367 3110 3443 3173 εἷς
3473 3107 3836 3184 κακοδαιμοο

2161 3201 2278 3263 νίας
2310 3200 2601 3272 οἰώνισμα·
2655 3204 2760 3276 πῦρ
2791 3201 2892 3276 γάρ
2951 3211 3114 3264 ποθεν
3161 3198 3380 3275 ὶνεχθὶν
3429 3199 3561 3262 τοὺς
3611 3197 3835 3273 δόμους

399 3260 653 3282 ,πη-πυ
952 3260 960 3261 κ
1069 3260 1083 3276 .
1175 3260 1191 3276 .
1489 3260 1507 3274 .

399 3299 663 3370 scripsit,
709 3301 766 3352 et
823 3299 1141 3350 Caesaream
1205 3299 1654 3364 praetergressus
1711 3291 1779 3344 ad
1838 3289 2054 3343 fontem

2172 3289 2220 3344 ἐν
2270 3293 2352 3352 οἷς
2411 3291 2440 3344 ὁ
2497 3260 2753 3364 βασιλεὺς
2804 3260 3082 3360 ἀσκήνωτο
3139 3260 3568 3361 κατένεμήσατο,
3629 3260 3694 3344 ἐν.
3751 3293 3842 3352 οἷς

398 3387 641 3442 nomine
673 3386 878 3457 Cryam
913 3382 1199 3454 pervenit,
1235 3381 1334 3452 qui
1365 3379 1601 3450 quidem
1652 3379 1817 3433 locus
1859 3377 1929 3432 ad
1961 3393 2058 3431 ex-

395 3475 734 3548 cipiendum
767 3472 1087 3530 exercitum
1120 3472 1366 3527 idoneus
1387 3475 1531 3536 erat,
1564 3470 1841 3525 omnibus
1868 3472 2058 3526 abun-

396 3565 547 3620 dans
578 3580 705 3636 quaa
737 3562 869 3617 usui
902 3565 1122 3627 essent,
1153 3560 1464 3630 oppidanis
1517 3563 1574 3613 et
1622 3560 1888 3630 paganis,
1923 3559 2059 3630 quia

399 3653 740 3724 frequenter
788 3667 854 3705 eo
887 3648 1270 3717 ventitabant,
1304 3653 1499 3703 notus.
1553 3651 1696 3702 Cum
1729 3652 1924 3702 autem
1964 3665 2056 3704 ve-

400 3747 638 3797 xaretur
690 3740 850 3811 regio
882 3744 940 3793 et
968 3756 1000 3793 a
1035 3737 1323 3792 militibus
1375 3736 1762 3802 desolaretur,
1795 3735 2056 3792 infestio-

395 3848 518 3887 rem
575 3847 638 3886 se
681 3829 930 3902 prazbuit
979 3827 1332 3898 quibusdam
1389 3843 1457 3880 ex
1502 3823 1724 3895 legione
1774 3826 2058 3882 Nemitzo-

397 3937 550 3986 rum,
611 3918 711 3991 qui
771 3915 1109 3989 reprehensi
1171 3919 1228 3970 et
1285 3914 1403 3970 laesi
1465 3913 1771 3969 rebellant.
1822 3919 1940 3970 Hac
1999 3932 2058 3970 re

398 4010 653 4080 cognita,
697 4023 830 4062 cum
882 4022 1098 4076 equum
1154 4004 1593 4060 conscendisset
1643 4005 1957 4074 imperator
2003 4007 2060 4058 et

398 4098 614 4154 milites
668 4099 1067 4160 convocasset,
1129 4095 1398 4166 proprios
1457 4093 1722 4164 hospites
1773 4095 2060 4149 deterruit

395 4203 722 4258 rursusque
773 4183 1070 4254 impositis
1113 4182 1552 4237 conditionibus
1584 4182 1670 4237 vel
1703 4183 1916 4237 invitos
1946 4183 2058 4238 sibi

403 4277 642 4347 subegit
696 4274 850 4329 hanc
900 4289 1076 4328 unam
1131 4288 1363 4343 poenam
1415 4271 1724 4337 deﬁniens,
1765 4277 1829 4326 ut
1875 4272 1933 4326 in
1963 4288 2060 4326 ox-

401 4371 592 4421 trema
643 4369 806 4434 parte
867 4360 1156 4417 exercitus
1214 4365 1587 4431 ponerentur,
1622 4360 1721 4431 qui
1779 4369 1946 4416 erant
2001 4363 2061 4416 in

403 4455 596 4527 prima
652 4458 708 4508 et
765 4451 1015 4524 proximi
1074 4451 1334 4522 corporis
1409 4451 1702 4505 custodes.
1765 4450 1930 4506 Illinc
1989 4452 2062 4507 ad

394 4540 724 4597 Sebastiam
786 4537 1206 4610 proficiscitur,
1266 4539 1628 4594 contendens
1686 4538 1741 4592 in
1815 4539 2059 4595 Iberiam

2167 3379 2669 3453 συγκατεκαύθησαν
2717 3377 2879 3433 ’ίπποι
2927 3399 2986 3433 τε
3043 3378 3134 3433 καὶ
3184 3376 3491 3456 ἇφεστρίδες
3545 3377 3840 3455 βασιλικαί

2167 3467 2257 3523 καὶ
2315 3465 2522 3542 χαλινά
2571 3469 2686 3539 (21)
2741 3471 2848 3522 τῶν
2910 3465 3096 3522 ἄλλων
3157 3465 3302 3522 πολὺ
3351 3465 3706 3542 διαφέροντα,
3738 3469 3833 3523 καὶ

2166 3558 2262 3612 τού
2292 3557 2463 3633 πυρὸς
2514 3554 2706 3611 διόλου
2755 3555 3001 3632 γεγόνασι
3051 3554 3451 3631 παρανάλωμα.
3487 3557 3554 3614 Οἱ
3587 3554 3633 3611 δ’
3661 3555 3828 3613 ’ίπποι

2167 3647 2500 3723 ἡμίφλεκτοι
2570 3647 2945 3721 καθορώμενοι
3024 3650 3103 3717 τῷ
3176 3643 3528 3720 στρατοπεδῳ
3587 3644 3830 3702 ἱλεεινδν

2168 3734 2507 3812 διεφαίνοντο
2565 3734 2758 3808 θέαμα.
2821 3735 2930 3792 Τὸν
2991 3731 3049 3789 δὲ
3107 3735 3414 3810 Σαγγάριον
3485 3731 3832 3810 διαπεραιω-

2169 3826 2298 3898 θεὶς,
2352 3827 2478 3900 παρ’
2528 3826 2573 3897 ᾧ
2602 3829 2769 3880 ταῦτα
2819 3825 3028 3900 γέγονε,
3061 3821 3150 3879 διὰ
3191 3831 3292 3894 τῆς
3325 3825 3552 3897 Ζόμπου
3583 3823 3827 3898 λεγομὲ-

2165 3937 2264 3986 νης
2321 3916 2559 3992 γεφύρας
2619 3916 2736 3986 (‘22)
2789 3914 2883 3974 τὰς
2959 3913 3160 3975 οἰκείας
3241 3910 3498 3986 δυνάμεις
3553 3913 3826 3985 ἀθροίζειν

2167 4006 2387 4078 ἤρξατο,
2447 4001 2827 4066 σκεδασθείσας
2880 3999 2971 4056 διὰ
3023 4004 3122 4071 τὴν
3184 4007 3292 4057 τῶν
3343 3997 3640 4076 Βαρϐάρων
3701 4000 3830 4057 ὲπί-

2167 4096 2328 4149 (iactv.
2383 4091 2686 4163 Καταλὲεας
2737 4089 2785 4145 δ’
2837 4089 2928 4145 οὖν
2981 4090 3040 4145 ἐκ
3091 4091 3298 4146 τούτων
3355 4089 3480 4146 ὅσον
3523 4085 3832 4160 ἠϐούλετο,

2166 4184 2229 4238 τὸ
2259 4181 2453 4237 λοιπὸν
2495 4178 2853 4253 ἀπεπέμψατο
2909 4184 3255 4254 στρατιωτῶν
3305 4201 3365 4236 τε
3416 4180 3505 4235 καὶ
3537 4177 3837 4255 λοχαγῶν,

2168 4271 2296 4335 τοὺς
2354 4271 2472 4344 μὲν,
2527 4270 2654 4331 τοὺς
2703 4269 3057 4344 στρατιώτας,
3090 4270 3168 4332 ὡς
3221 4272 3838 4344 προκατειργασμενους

2169 4368 2289 4424 ταῖς
2333 4354 2764 4436 προῦεϐηκυίαις
2810 4358 3018 4428 ¹ἥτταις,
3068 4358 3196 4420 τοὺς
3249 4356 3307 4413 δὶ
3357 4357 3641 4434 λοχαγοὺς
3671 4357 3840 4420 αὑτὸς

2173 4449 2393 4506 δειλιῶν
2450 4450 2744 4522 ἀπάγεσθαι
2798 4447 2890 4503 σὺν
2936 4449 3083 4520 αὓτῷ
3135 4449 3210 4510 ὡς
3264 4452 3342 4520 τῷ
3400 4447 3552 4522 μέρει
3597 4452 3708 4502 τῶν
3737 4447 3849 4525 ἰφ-

2175 4538 2346 4615 ἐδρων
2399 4538 2859 4615 προσανέχοντας.
2896 4535 3018 4602 Εἴθε
3072 4537 3166 4611 μὶν
3221 4535 3313 4592 οὖν
3362 4537 3494 4592 αὐτὸ
3525 4535 3602 4599 εἷς
3631 4535 3842 4599 πάντας

395 4631 718 4704 pervenire,
784 4628 884 4684 ubi
943 4627 1119 4683 etiam
1185 4643 1388 4683 eorum
1446 4628 1545 4699 qui
1606 4645 1740 4683 cum
1796 4629 2059 4686 Manuale

2172 4632 2496 4704 ἰπέπρακτο,
2546 4627 2638 4683 καὶ
2697 4627 2746 4683 εἷ’
2803 4629 2880 4701 μὴ
2946 4625 3170 4683 δυνατὸν
3229 4629 3296 4697 ἦν
3355 4627 3445 4682 τὸν
3498 4632 3643 4691 θεῖον
3705 4627 3843 4701 ὅρον

392 4720 742 4794 Curopalate
797 4722 1097 4777 Comneno
1155 4717 1492 4773 ceciderant
1547 4722 1840 4788 spectator
1916 4719 2047 4775 fuit.

392 4813 462 4867 Et
490 4811 629 4866 inde
676 4808 900 4865 sensim
949 4823 1015 4862 ac
1045 4805 1326 4878 paulatim
1376 4821 1724 4877 progressus
1755 4808 1827 4862 ad
1860 4808 2050 4864 Theo-

391 4899 741 4972 dosiopolim
805 4913 867 4953 se
926 4896 1171 4961 confert,
1206 4898 1340 4950 ante
1400 4895 1638 4965 quidem
1703 4896 2052 4970 neglectam,

394 4991 496 5044 sed
540 5006 610 5044 ex
653 5005 767 5059 quo
815 4989 1216 5058 expugnatum
1269 4984 1379 5038 fuit
1426 4989 1620 5053 Artze,
1664 4985 2053 5043 instauratam

394 5082 454 5131 et
507 5075 952 5131 communitam.
1009 5074 1150 5128 Inde
1201 5073 1388 5143 jussit
1461 5073 1727 5144 singulos
1803 5077 2052 5133 duorum

2157 4717 2449 4793 παρελθεῖν
2521 4717 2607 4771 καὶ
2689 4718 2752 4771 τὸ
2818 4715 3151 4792 κεκραμένον
3215 4719 3484 4790 ποτήριον
3555 4714 3839 4791 ἐκφυγεῖνο

2157 4810 2295 4869 τὲως
2328 4804 2374 4860 δ’
2429 4804 2519 4860 οὖν
2567 4803 2826 4884 ἀσφαλῶς
2879 4806 3084 4881 πραξας
3133 4805 3304 4884 ἐφάνη
3357 4801 3440 4861 ἄν.
3497 4805 3609 4861 Τὸν
3665 4811 3841 4860 Beta-

2170 4896 2380 4967 νειάτην
2427 4892 2485 4948 δὶ
2543 4895 2862 4971 Νικηφόρον
2921 4895 3008 4948 καὶ
3051 4894 3336 4956 τοιούτους
3389 4893 3543 4957 τινὰς
3601 4894 3677 4956 ὡς
3735 4895 3845 4950 ὑπ-

2163 4982 2364 5047 όπτους
2420 4981 2780 5056 διωσάμενος,
2822 4981 2950 5045 τοὺς
2982 4980 3150 5039 δόλου
3203 4984 3294 5039 καὶ
3347 4981 3679 5054 κακοηθείας
3737 5005 3846 5056 με·

2167 5075 2326 5137 στοὺς
2381 5074 2733 5146 συνεπήγετο,
2766 5073 2841 5136 ὡς
2889 5074 3100 5150 προϊὼν
3134 5075 3163 5129 ὁ
3195 5071 3363 5149 λόγος
3414 5071 3681 5143 δηλώσει.
3724 5074 3852 5132 Δι’)-

1709 5209 1961 5265 JACOBI
2002 5211 2220 5268 GOARI
2268 5209 2500 5266 NOT/E.

467 5303 576 5373 (20)
613 5303 761 5373 Lego
785 5301 1144 5376 rdnoricouasl,
1178 5306 1234 5376 et
1273 5319 1495 5374 expono
1536 5309 1724 5360 votum
1769 5323 1867 5376 pro
1906 5323 2051 5363 com-

397 5383 582 5429 meatu
607 5372 986 5444 pefsolutura,
1018 5375 1105 5428 vel
1158 5372 1361 5429 ultimo
1389 5384 1520 5429 ante
1556 5372 1854 5432 discessum
1901 5381 2061 5436 collo-

396 5448 525 5528 quio
552 5449 868 5528 exceptura.
905 5446 1235 5501 Recolenda
1282 5445 1405 5520 περὶ
1456 5447 1851 5522 συντακτηρίου
1883 5467 2054 5523 supe-

399 5521 525 5572 rius
555 5521 795 5585 scripta.

426 5657 438 5670 _
471 5587 870 5670 (2_1)Utraque
930 5603 1191 5670 purpura
1237 5594 1409 5670 sunt,
1440 5589 1587 5670 ‘bmc
1641 5608 1817 5670 aureo
1878 5592 2052 5670 etiam

400 5657 585 5734 limbo
618 5662 990 5734 praetexta,a_c
1018 5657 1417 5734 ideoireliquis
1439 5660 1611 5734 longe
1632 5663 2054 5734 nobiliora.Co-

399 5731 601 5804 diuus,
619 5727 917 5787 Cedrenus
943 5727 1003 5784 in
1026 5727 1240 5788 Basilio
1260 5727 1590 5807 Macedone,
1615 5733 1902 5810 Gregoras
1925 5735 2051 5796 1.1x.

2237 5307 2352 5378 (22)
2392 5310 2564 5378 Pons
2623 5305 2732 5361 iste
2789 5310 2880 5361 est
2937 5323 2970 5362 a
3025 5307 3367 5363 Justiniano
3427 5311 3840 5378 constructus.

2172 5376 2578 5454 Πεντάγᾷφυρος
2636 5378 2811 5454 alias
2842 5378 3049 5454 dictus
3097 5380 3251 5454 apud
3295 5379 3646 5454 Cedrenum.
3694 5376 3844 5432 Vul-

2169 5467 2281 5533 gus
2330 5448 2548 5533 Ζόμπον
2595 5448 2820 5533 vocavit
2865 5449 3462 5533 appellativo-potius
3493 5465 3843 5533 quamnpro'

2172 5519 2595 5594 prioinOmine
2653 5519 3082 5594 Zo'u-irogenim
3162 5519 3446 5594 gibbosum
3511 5519 3838 5594 significat,

2167 5591 2273 5650 nec
2320 5593 2588 5666 ineptum
2640 5592 2834 5666 pontis
2853 5591 3331 5666 ‘valderco’nvexi
3385 5601 3660 5651 censetur
3709 5591 3841 5666 epi-

2165 5663 2537 5721 thetumCDe
2584 5663 2786 5739 Sagari
2843 5663 3020 5722 ﬂuvio
3060 5665 3120 5722 in
3173 5665 3504 5723 Cedrenum
3560 5663 3836 5723 memini-

2165 5753 2323 5795 mus.
