4122 6394
352 389 462 450 421

1881 382 2275 445 HISTORIA.

3668 394 3786 453 422

359 520 450 584 τὸς
477 517 535 573 8‘s
585 514 767 580 οὕτως
826 519 924 572 ἰὼν
978 522 1087 573 τῶν
1146 514 1574 591 καταληψόντων
1640 517 1798 572 αὐτὸν
1833 519 2011 571 κακῶν

2158 516 2430 572 nensium
2481 518 2700 574 cibaria
2746 535 2949 576 secum
3000 521 3169 590 terre,
3209 525 3491 594 tanquam
3541 541 3645 597 per
3688 525 3783 581 in-

373 608 788 681 ἀνεπαίσθητος,
858 607 1166 684 ἐπεραιώθη
1203 607 1296 662 τὸν
1352 605 1523 664 ⁶¹Αλυν
1576 606 1865 683 λεγόμενον
1915 625 2021 660 πο-

367 698 562 772 ταμὸν,
597 697 645 751 εἰ
675 697 768 752 καὶ
798 695 960 758 αὐτὸς
1013 696 1306 770 ὑπομείνας
1357 693 1434 758 εἷς
1460 718 1516 751 τι
1549 697 1810 771 νεοπαγὲς
1851 692 2025 772 φρού-

357 809 497 864 ριον,
529 787 672 862 πρὸς
702 785 870 841 αὐτοῦ
896 787 999 856 τὴν
1051 783 1370 858 οἳκοὸομίαν
1422 783 1622 862 λαχὸν,
1654 784 2024 855 ἐσκηνώσατο.

360 877 514 934 Μετὰ
545 881 716 931 ταῦτα
746 873 804 930 δὲ
845 876 1172 952 περαιωθεὶς
1221 877 1320 946 τήν
1376 873 1634 948 διαίρεσιν
1696 874 1776 937 εἷς
1825 873 2028 934 οἰκείας

363 970 590 1037 κτήσεις
657 963 1111 1041 συνδιεγράψατο.
1158 966 1265 1034 Τήν
1342 962 1400 1019 δὲ
1463 966 1780 1038 Καισάρειαν
1832 961 2033 1038 παρελ-

370 1058 480 1122 θὼν
512 1055 591 1118 εἰς
627 1057 728 1125 τὴν
775 1054 1080 1130 λεγομένην
1111 1056 1416 1126 κατήντησε
1447 1055 1624 1129 Κρύαν
1657 1056 1836 1129 πηγήν
1869 1055 1983 1126 (23)
2017 1071 2029 1085 ⁸

373 1149 442 1216 ἦν
493 1146 597 1221 γὰρ
657 1146 687 1200 ὁ
738 1143 908 1206 τόπος
968 1145 1106 1218 πρὸς
1164 1141 1450 1219 ὑποδοχὴν
1502 1148 1732 1218 στρατοῦ
1800 1142 2034 1228 εὔθετος,

375 1243 502 1290 πᾶσι
537 1234 747 1310 βρίθων
795 1239 913 1296 τοῖς
961 1234 1289 1309 χρησίμοις,
1345 1235 1695 1306 ἁστυκώμαις
1747 1233 1834 1288 καὶ
1876 1231 2037 1306 ὰγρο-

369 1323 600 1394 πόλεσι,
639 1321 730 1378 διὰ
776 1330 877 1392 τῆς
960 1327 1271 1399 συμμιγοῦς
1348 1324 1726 1400 ποριμότητος
1779 1321 2043 1397 γνωριζό-

373 1434 575 1488 μενος,
622 1416 965 1488 Κειρομὲνης
1016 1410 1074 1467 δὲ
1120 1418 1221 1482 τῆς
1264 1413 1454 1490 χώρας
1506 1413 1596 1468 καὶ
1656 1412 2042 1488 ἐρημουμένης

380 1504 538 1579 παρᾶ
563 1507 676 1558 τῶν
727 1507 1078 1576 στρατιωτῶν
1131 1501 1494 1576 ἀπηνέστερον
1537 1500 1893 1577 προσηνέχθη
1937 1498 2046 1554 τισὶ

371 1599 487 1649 τῶν
549 1593 612 1648 ἐκ
652 1597 750 1648 τοῦ
793 1593 1073 1668 τάγματος
1140 1596 1248 1647 τῶν
1316 1590 1626 1664 Νεμίτζων,
1678 1590 1835 1648 Ἀλλ’
1881 1588 1940 1645 οἷ’
1982 1610 2047 1664 γε

367 1681 675 1758 δηχθὲντες
724 1683 1111 1738 ἀποστατοῢσι.
1168 1682 1515 1744 Γνωσθὲντος
1576 1678 1634 1735 δὲ
1684 1679 1906 1748 τούτου,
1951 1677 2045 1734 ’ίπ-

367 1793 480 1828 που
509 1767 710 1835 ἐπιϐὰς
745 1773 772 1826 ὁ
835 1769 1093 1847 βασιλεὺς
1133 1770 1222 1826 καὶ
1275 1771 1664 1846 στρατιωτικὸν
1717 1766 2048 1846 συγκαλεσά-

364 1883 530 1934 μενος
588 1862 718 1923 τοὺς
779 1858 1085 1931 ἰδιοξένους
1166 1857 1474 1931 κατέπληξε
1535 1860 1624 1915 καὶ
1697 1861 1850 1920 αὗθϊς
1912 1860 2049 1914 ὑπο-

362 1949 638 2014 σπόνδους
667 1951 757 2006 καὶ
793 1951 870 2024 μὴ
931 1949 1314 2026 βουλομένους
1365 1949 1716 2020 κατέστησεν,
1750 1948 1803 2003 ἐν
1826 1947 2044 2010 τούτοις

377 2042 570 2116 μόνοις
612 2040 676 2094 τὸ
733 2040 1037 2114 πρόστιμον
1093 2040 1304 2114 ὁρίσας,
1360 2038 1413 2093 ἐν
1463 2043 1542 2110 τῷ
1583 2037 1850 2113 ἐσχάτους
1890 2036 2046 2092 τετά-

379 2134 508 2207 χθαι
551 2129 668 2184 ἀντὶ
717 2131 818 2197 τῆς
867 2129 1095 2204 πρώτης
1143 2127 1436 2205 ἐγγύτητπ
1484 2127 1574 2183 καὶ
1635 2125 2041 2204 σωματοφυλα-

389 2221 528 2282 κίας.
580 2221 662 2290 [Ρ.
722 2220 852 2292 837]
911 2220 1147 2282 Ἐκεῖθεν
1183 2224 1362 2293 χωρεῖ
1410 2218 1486 2280 εἷς
1539 2213 1888 2285 Σεϐάστειαν,
1948 2218 2046 2286 τήν

390 2305 627 2385 Ἰϐηρίαν
676 2302 1011 2364 καταλαϐεῖν
1065 2307 1437 2382 ἐπειγόμενος,
1500 2306 1589 2362 ὅτε
1645 2306 1736 2361 καὶ
1786 2310 1893 2361 τῶν
1950 2305 2043 2361 σὺν

385 2405 469 2472 τῷ
521 2397 904 2476 κουροπαλάτῃ
951 2395 1217 2466 Μανουὴλ
1294 2400 1374 2468 τῷ
1431 2400 1712 2469 Κομνηνῷ
1767 2395 2040 2450 πεσόντων

379 2490 580 2558 θεατὴς
627 2492 734 2543 τῶν
782 2485 1094 2560 πτωμάτων
1153 2485 1387 2560 ἐγένετο.
1423 2485 1677 2540 Κάκεῖθεν
1727 2485 1910 2561 σχολῇ
1947 2480 2043 2538 καὶ

383 2575 560 2654 βάδην
599 2577 692 2632 ἰὼν
736 2570 1153 2649 καταλαμϐάνει
1206 2576 1304 2644 τήν
1345 2571 1828 2645 Θεοδοσιούπολιν,
1856 2575 2047 2649 πρώην

384 2670 481 2740 μὶν
518 2665 936 2740 ςᾶμεληθεῖσανι
987 2664 1038 2736 ἐξ
1071 2664 1198 2720 ὅτου
1231 2662 1288 2718 δὶ
1332 2663 1708 2740 ἐπολιορκήθη
1739 2664 1800 2718 τὸ
1831 2665 2044 2739 Ἀρτζε,

385 2753 916 2828 ἀνοικοδομηθεῖσαν
1008 2754 1099 2809 καὶ
1194 2758 1671 2829 κατοχυριυθεῖσαν
1707 2798 1721 2823 ,
1807 2752 2042 2816 ἐντεῦθεν

388 2843 633 2918 διμήνου
698 2846 906 2920 τροφὴν
982 2844 1190 2916 ἑκάστῳ
1245 2844 1420 2922 φέρειν
1482 2841 2044 2918 ἐπικηρυκευσάμενος

381 2935 460 2997 ὡς
519 2932 592 2988 δι’
649 2933 912 3003 ἀοικήτου
969 2931 1059 2987 καὶ
1126 2933 1507 3005 ἠρημωμένης
1567 2932 1754 3008 χώρας
1809 2928 2043 3006 βαδίζειν

386 3023 690 3096 μίλλουσι.
750 3022 973 3079 Πάντων
1027 3019 1084 3076 δὲ
1156 3022 1219 3077 τὸ
1280 3022 1582 3098 προσταγὶν
1634 3022 2045 3093 ποιησαμένων,

377 3113 442 3167 τὸ
481 3111 884 3188 μισθοφορικὸν
927 3115 1035 3164 τῶν
1085 3109 1272 3178 Οῧζων
1322 3109 1410 3164 καὶ
1463 3108 1592 3170 τοὺς
1625 3109 1910 3184 Φράγγους
1952 3107 2044 3162 σὺν

380 3199 689 3273 Ῥουσελίῳ
741 3197 892 3276 ἀνδρὶ
969 3198 1200 3274 γενναίῳ
1277 3197 1367 3254 καί
1447 3195 1740 3270 πολεμικῷ
1799 3195 2046 3274 διαφίησι

2133 604 2353 660 cultam
2414 611 2472 662 et
2533 607 2857 664 solitariam
2914 609 3210 681 regionem
3278 613 3389 668 iter
3453 613 3784 673 habituros.

2135 694 2281 748 Cum
2311 712 2516 752 omnes
2561 697 2848 768 imperata
2895 699 3190 768 fecissent,
3223 705 3614 761 mercenaries
3644 706 3789 764 Uzos

2138 788 2195 837 et
2242 787 2494 841 Francos
2544 802 2678 841 cum
2729 787 2985 856 Ruselio,
3015 789 3138 844 viro
3187 790 3324 846 forti
3371 809 3438 847 ac
3489 793 3786 865 bellicoso,

2140 872 2211 926 ad
2244 873 2436 928 Chliat
2488 877 2807 946 praedatum
2861 877 3042 946 misit,
3077 879 3232 948 quod
3283 881 3448 950 prius
3496 884 3670 939 etiam
3707 888 3790 940 fe-

2140 967 2316 1017 cerat.
2351 963 2452 1019 llle
2497 981 2530 1019 a
2575 970 2737 1037 tergo
2785 966 2938 1022 692
2984 965 3306 1038 insequens
3351 971 3422 1024 ad
3479 971 3794 1030 Matzicicrt

2146 1052 2426 1121 pervenit,
2481 1053 2687 1109 urbem
2749 1055 3098 1123 Romanam,
3139 1058 3239 1112 sed
3292 1074 3326 1114 a
3372 1060 3606 1117 sultano
3664 1065 3804 1119 sub-

2147 1145 2332 1196 actam
2365 1148 2422 1196 et
2459 1149 2595 1198 ante
2638 1160 2673 1198 a
2710 1145 2915 1199 Turcis
2946 1145 3274 1200 obsessam.
3307 1150 3673 1220 Aspernatus
3705 1169 3808 1208 au-

2147 1233 2264 1283 tem
2297 1230 2406 1286 hos
2441 1236 2504 1286 ut
2537 1247 2778 1303 paucos,
2807 1233 2984 1288 aliam
3036 1250 3280 1290 manum
3325 1236 3482 1292 haud
3536 1240 3806 1312 exiguam

2152 1319 2224 1374 ab
2255 1320 2508 1374 exercitu
2559 1321 2884 1377 abscissam
2931 1322 3187 1394 Josepho
3237 1326 3522 1398 magistro
3551 1329 3812 1386 Tarcha-

2152 1409 2326 1463 niotae
2395 1409 2596 1477 tradit,
2658 1411 2859 1466 addita
2925 1411 3104 1466 etiam
3165 1413 3323 1470 haud
3381 1421 3815 1476 contemnenda

2154 1497 2394 1554 cohorte
2440 1498 2728 1570 peditum,
2762 1501 2880 1555 imo
2911 1501 3089 1556 etiam
3141 1502 3406 1574 equitum
3437 1506 3813 1579 selectorum,

2158 1585 2258 1657 qui
2313 1593 2563 1642 maxime
2601 1588 2863 1643 bellicosi
2896 1596 3065 1644 erant
3107 1595 3164 1645 et
3211 1593 3364 1647 inter
3412 1594 3610 1650 hostes
3658 1614 3814 1653 sem-

2158 1691 2262 1746 per
2301 1676 2598 1749 principes
2647 1677 2907 1748 pericula
2951 1678 3193 1733 adibant
3240 1681 3532 1754 primique
3584 1701 3815 1758 pugna-

2161 1763 2318 1819 bant.
2379 1766 2680 1821 Profectus
2754 1771 2953 1822 autem
3024 1768 3446 1828 Tarchaniotes
3501 1774 3573 1829 ad
3631 1775 3820 1832 Chliat

2161 1869 2329 1925 opem
2376 1854 2606 1910 laturus
2637 1853 2774 1911 Uzia
2803 1859 2862 1911 et
2891 1855 3130 1912 Francis
3163 1862 3221 1912 et
3251 1859 3410 1914 omni
3455 1864 3818 1920 mercenario

2161 1943 2456 1999 exercitui.
2489 1945 2776 1999 Audierat
2804 1946 2962 2000 enim
3006 1946 3325 2018 imperator
3372 1951 3817 2010 multitudinem

2159 2049 2406 2088 numero
2463 2034 2755 2089 infinitam
2815 2035 3094 2091 adversus
3153 2037 3316 2109 ipsos
3366 2040 3586 2112 venire,
3621 2046 3678 2098 et
3729 2043 3820 2099 di-

2159 2123 2374 2178 viserat
2431 2123 2776 2193 exercitum,
2828 2139 3074 2194 sperans
3133 2143 3196 2181 se
3252 2128 3452 2184 statim
3505 2132 3823 2190 Matziciert

2159 2211 2217 2266 in
2250 2227 2420 2266 suam
2473 2215 2826 2283 potestatem
2859 2214 3258 2280 redacturum,
3290 2219 3450 2287 quod
3499 2220 3677 2278 etiam
3727 2240 3824 2279 ac-

2157 2300 2324 2370 cidit,
2359 2306 2415 2356 et
2445 2303 2516 2356 ad
2557 2317 2656 2356 eos
2707 2303 2807 2373 qui
2859 2313 3022 2357 erant
3073 2303 3134 2358 in
3168 2305 3362 2361 Chliat
3407 2309 3795 2368 adventurum

2157 2391 2320 2454 Quod
2377 2391 2424 2444 si
2477 2407 2604 2461 quae
2658 2391 2980 2446 necessitas
3033 2399 3288 2465 urgeret,
3322 2397 3628 2454 confestim
3662 2373 3822 2472 ipsos

2155 2483 2586 2547 revocaturum,
2619 2496 2754 2535 cum
2796 2481 3085 2537 exercitus
3137 2499 3316 2555 prope
3345 2491 3538 2543 castra
3587 2491 3816 2561 posuis-

2155 2573 2305 2624 sent.
2349 2569 2683 2625 Audiebunt
2730 2571 2888 2625 enim
2941 2571 3245 2628 sultanum
3297 2576 3560 2632 studiose
3609 2580 3810 2636 adver-

2157 2676 2260 2714 sus
2308 2675 2370 2714 se
2419 2659 2788 2714 contendere.
2823 2659 2890 2713 Et
2919 2660 3157 2730 quidem
3211 2668 3365 2718 certe
3413 2681 3529 2721 non
3579 2669 3815 2724 carebat

2156 2749 2379 2803 ratione
2408 2764 2604 2802 rerum
2631 2748 2840 2803 divisio
2871 2753 2928 2804 et
2961 2750 3366 2820 consiliorum,
3401 2771 3590 2826 neque
3621 2756 3814 2813 aliena

2156 2842 2282 2892 erat
2338 2855 2371 2892 a
2430 2837 2783 2908 peritissimo
2841 2839 3010 2910 duce,
3061 2840 3176 2895 nisi
3233 2841 3444 2912 fatum,
3507 2846 3625 2901 imo
3677 2863 3811 2902 vero

2158 2927 2352 2982 divina
2409 2927 2496 2981 ira
2551 2943 2656 2982 seu
2714 2927 2861 2982 ratio
2919 2945 2952 2983 a
3010 2929 3180 2986 nobis
3249 2935 3504 2989 maxime
3561 2943 3812 2993 remota-

2155 3020 2431 3072 eventum
2499 3033 2695 3071 rerum
2753 3016 2812 3070 in
2872 3019 3225 3074 contrariam
3295 3029 3523 3092 partem
3585 3042 3814 3098 perver,

2154 3107 2348 3170 tisset,
2388 3110 2443 3160 et
2491 3107 2561 3160 ad
2612 3106 2832 3162 exitum
2880 3107 2960 3162 rei
3009 3113 3065 3163 et
3112 3111 3586 3180 conjunctionem
3648 3131 3812 3172 exer-

2161 3195 2312 3251 citus
2371 3197 2572 3250 eadem
2626 3195 2718 3250 die
2773 3196 2950 3250 etiam
3010 3196 3314 3254 sultanum
3368 3201 3495 3258 sine
3555 3220 3815 3276 praecone

381 3291 525 3348 κατᾶ
552 3266 670 3345 τοῦ-
713 3266 884 3344 Χλίάτ
933 3266 1010 3351 είς
1060 3266 1365 3364 προνομήν.
1398 3291 1569 3345 Τοῦτο
1595 3266 1604 3270 1
1627 3285 1684 3342 δὶ
1715 3266 1819 3342 -καὶ
1850 3266 2046 3364 πρότε-

2161 3284 2365 3340 Turcis
2416 3284 2811 3354 adjunxisset,
2870 3291 2926 3340 et
2993 3288 3393 3358 prohibuisset
3450 3266 3686 3349 decreta
3742 3295 3816 3350 ad

385 3401 481 3454 ρον
541 3378 865 3449 ἰποιήσατο.
916 3379 1152 3440 Ἐκεῖνος
1203 3375 1261 3432 δὲ
1313 3377 1542 3432 κατόπιν
1588 3374 1832 3431 ἐλαύνων
1864 3375 1942 3437 εἷς
1986 3377 2048 3431 τὸ

387 3469 729 3544 Μανζικιὶρτ
777 3468 1120 3544 παρεγένετο,
1169 3466 1333 3522 πόλιν
1387 3467 1704 3538 Ῥωμαϊκὴν
1760 3465 1877 3538 μὶν,
1929 3485 2050 3542 χει-

392 3560 662 3635 ρωθεῖσαν
728 3555 786 3612 δὶ
841 3561 920 3630 τῷ
993 3555 1277 3630 σουλτάνῳ
1358 3559 1564 3632 προτοῦ
1619 3553 1709 3610 καὶ
1768 3555 2048 3632 Τούρκους

399 3645 806 3722 ὶγκαθημὶνους
886 3638 1142 3721 ἔχουσαν.
1218 3644 1643 3722 Καταφρονήσας
1710 3640 1768 3697 δὶ
1841 3642 2048 3698 τούτων

403 3735 480 3796 ὥς
507 3732 827 3809 ὀλιγοστῶν,
861 3732 1044 3810 ἑτέραν
1104 3738 1296 3810 μοῖραν
1354 3733 1457 3789 οὐκ
1507 3731 1806 3808 ἐλαχίστην
1864 3733 2053 3787 ἀποτε-

399 3824 644 3898 μόμενος
701 3827 799 3878 τοῦ
857 3827 1090 3898 στρατοῦ
1151 3823 1354 3900 Ἰωσὴφ
1411 3820 1655 3898 μαγίστῳ
1701 3825 1779 3893 τῷ
1828 3823 2052 3896 Ταρχα-

392 3913 600 3987 νειώτσςΙ
645 3909 1008 3988 παραδίδωσι,
1061 3907 1425 3986 προσεπιδοὺς
1476 3911 1567 3965 καὶ
1627 3914 1821 3984 στῖφος
1876 3913 2051 3978 πεζῶν

409 4001 514 4056 οὐκ
556 4000 1043 4080 εὐκαταφρόνητον,
1100 3999 1312 4073 μᾶλλον
1363 3996 1421 4054 δὲ
1467 4003 1574 4054 τῶν
1608 3997 1854 4054 ἱπποτῶν
1883 3999 1944 4052 τὸ
1975 3995 2055 4052 ἕκ-

409 4089 600 4164 κριτόν
631 4110 681 4144 τε
717 4091 806 4146 καὶ
851 4090 1250 4165 μαχιμώτατον
1299 4089 1395 4144 κάν
1449 4094 1567 4151 τοῖς
1588 4086 1881 4160 πολεμίοις
1912 4107 2054 4162 προ-

401 4177 710 4235 κινδυνεῦον
744 4179 825 4235 Hei
872 4180 963 4234 καὶ
1016 4179 1469 4255 προμαχόμενον.
1522 4179 1692 4251 Ἀρας
1747 4174 1804 4231 δὲ
1856 4177 2055 4250 ὁΤαρ-

396 4271 712 4346 χανειώτης
769 4267 979 4325 ἄπεισιν
1055 4266 1134 4330 εἷς
1207 4268 1271 4323 τὸ
1331 4265 1522 4338 Χλίατ,
1586 4267 1877 4342 βοηθήσων
1937 4270 2052 4327 τοῖς

396 4356 596 4428 Οὕζοις
629 4359 720 4414 καὶ
751 4365 866 4421 τοῖς
901 4360 1178 4434 Φράγγοις
1210 4356 1299 4411 καὶ
1327 4356 1485 4410 παντὶ
1515 4359 1592 4426 τῷ
1629 4359 2005 4432 μισθοφορικῷ
2040 4371 2052 4386 ·

394 4448 636 4518 ἠκηκόει
704 4448 806 4524 γὰρ
864 4449 892 4502 ὁ
961 4444 1216 4523 βασιλεὺς
1272 4443 1486 4514 πλῆθος
1551 4441 1882 4520 μυρίανδρον
1941 4444 2059 4498 κατ’

400 4538 583 4592 αὐτῶν
645 4539 915 4616 φερεσθαι.
963 4533 1144 4591 Διεῖλε
1195 4533 1252 4589 δὲ
1305 4534 1332 4588 ὁ
1385 4531 1641 4610 βασιλεὺς
1681 4533 1772 4587 τὸν
1806 4533 2058 4607 στρατὸν,

2159 3373 2380 3429 exitum
2433 3373 2693 3445 perduci.
2727 3373 2872 3428 Nam
2924 3391 3059 3430 cum
3111 3388 3455 3450 occupasset
3497 3381 3819 3453 imperator

2161 3462 2479 3518 Matziciert
2528 3463 2813 3534 perculsis
2845 3465 3052 3520 Turcis
3078 3467 3324 3538 ejusque
3354 3469 3553 3526 veritis
3601 3472 3814 3529 adven-

2160 3557 2312 3619 tum,
2369 3552 2528 3623 iique
2587 3553 2760 3608 tidem
2850 3570 3028 3626 quam
3090 3557 3381 3628 petierant
3432 3562 3818 3634 accepissent,

2162 3643 2262 3698 ubi
2293 3642 2446 3696 693
2479 3641 2657 3696 etiam
2709 3642 2922 3698 accidit
2969 3650 3035 3699 ut
3085 3646 3328 3716 quidam
3380 3647 3683 3706 Romanus
3721 3652 3818 3722 ju-

2160 3730 2484 3802 risjurandi
2530 3733 2718 3802 gratia
2768 3732 3010 3787 naribus
3062 3735 3409 3805 privaretur,
3443 3739 3600 3810 quod
3647 3741 3818 3810 jura-

2160 3823 2323 3875 verat
2348 3819 2496 3890 ipsis
2528 3820 2870 3891 imperator,
2905 3821 3060 3892 quod
3101 3822 3200 3879 ille
3229 3824 3476 3880 asellum
3507 3827 3816 3886 Turcicum

2163 3913 2461 3981 rapuerat,
2495 3907 2595 3963 Dei
2638 3907 2989 3965 Genitricem
3040 3916 3097 3966 et
3143 3912 3440 3969 Christum
3499 3922 3557 3972 et
3615 3933 3820 3975 omnes

2164 4003 2400 4054 sanctos
2454 4000 2870 4053 intercessores
2927 4000 3222 4056 invocans.
3275 4004 3339 4058 In
3398 4005 3616 4075 quibus
3674 4008 3814 4062 dum

2162 4088 2484 4159 imperator
2538 4093 2875 4158 occupatur,
2938 4087 2991 4142 in
3053 4090 3270 4146 milites
3349 4093 3668 4164 Romanos,
3717 4097 3818 4168 qui

2163 4178 2486 4250 praedatum
2521 4178 2738 4249 egressi
2772 4178 3025 4248 inerant,
3056 4180 3300 4236 Turcica
3334 4199 3544 4240 manus
3573 4185 3816 4243 invadit.

2166 4266 2350 4321 Batus
2380 4266 2562 4337 igitur
2592 4267 2908 4338 imperator
2941 4267 3146 4324 ducem
3182 4269 3402 4327 sultani
3425 4289 3557 4329 cum
3584 4275 3823 4346 quibus-

2165 4357 2298 4411 dam
2344 4355 2528 4427 cOpiis
2559 4356 2886 4425 advenisse,
2923 4362 2986 4412 ut
3014 4359 3313 4432 dispersos
3356 4363 3496 4434 regii
3530 4365 3820 4422 exercitus

2167 4451 2478 4512 coerceret,
2511 4446 2794 4502 adversus
2827 4447 3020 4519 ipsum
3046 4449 3210 4505 misit
3235 4468 3368 4507 cum
3400 4453 3610 4510 idonea
3641 4472 3820 4512 manu

2168 4535 2518 4606 magistrum
2551 4535 2944 4608 Nicephorum
2997 4541 3372 4612 Bryennium,
3397 4544 3496 4616 qui
3530 4561 3658 4600 cum
3691 4545 3819 4618 ipso

400 4627 646 4696 ἐλπίζων
709 4625 866 4688 αὐτὸς
913 4623 1056 4700 ταχὺ
1119 4623 1180 4679 τὸ
1229 4623 1554 4699 Ματζικιὲρτ
1602 4623 2036 4697 παραστήσεσθαι

2171 4640 2525 4696 congressus
2574 4624 2729 4680 haud
2780 4627 2958 4682 cessit
2992 4645 3004 4681 :
3034 4645 3235 4684 verum
3289 4631 3461 4686 multi
3509 4649 3644 4689 cum
3694 4635 3822 4707 ipso

398 4717 429 4772 ὃ
463 4713 536 4784 δὴ
567 4715 660 4770 καὶ
690 4715 898 4791 γίγονε,
952 4713 1042 4768 καὶ
1099 4710 1437 4786 ἐπιδημῆσαι
1485 4717 1604 4773 τοῖς
1640 4711 1692 4765 ἐν
1721 4715 1801 4783 τῷ
1832 4709 2010 4765 Χλιάτ
2045 4728 2057 4740 ·

401 4807 450 4862 εἴ
501 4803 562 4860 δὲ
609 4824 692 4868 τις
739 4803 945 4879 ἀνάγκη
991 4801 1309 4872 κατεπείξει,
1361 4801 1574 4876 ταχέως
1633 4798 1830 4861 αὐτοὺς
1884 4819 2059 4875 παρα-

400 4894 760 4961 καλέσασθαι,
816 4891 1052 4960 πλησίον
1109 4889 1502 4965 ἐσκηνωμὲνων
1560 4893 1667 4942 τῶν
1727 4888 2062 4963 στρατευμά-

400 5004 517 5040 των
551 5004 564 5016 ο
599 4979 765 5052 ἤκουε
793 4983 896 5054 γὰρ
946 4981 1038 5035 τὸν
1095 4980 1388 5035 σουλτανὸν
1439 4977 1736 5055 ἰπείγεσθαι
1794 4979 1910 5034 κατ’
1961 4977 2060 5032 αὖ·

401 5078 530 5129 τοῦ.
591 5073 687 5126 Καί
718 5092 777 5146 γε
805 5071 870 5140 ἦν
909 5070 1008 5125 οὒκ
1049 5068 1344 5145 άνεύλογος
1385 5070 1420 5138 ἡ
1468 5065 1727 5140 διαιρεσις
1757 5072 1865 5122 τῶν
1900 5088 2061 5144 στρα-

400 5163 714 5235 τευμάτων,
771 5159 860 5214 καὶ
910 5159 1198 5234 λογισμῶν
1253 5158 1351 5212 οὐκ
1405 5156 2062 5232 ἀποστρατηγικωτάτων,

404 5253 454 5307 εἷ
481 5253 560 5325 μὴ
588 5250 949 5325 πεπρωμένη,
973 5247 1185 5322 μᾶλλον
1212 5245 1266 5302 δϊ
1290 5251 1433 5312 θεῖος
1458 5246 1634 5322 χόλος
1663 5245 1697 5316 ἥ
1727 5245 1892 5322 λόγος
1924 5249 2060 5320 ἡμῖν

408 5339 852 5417 ἀποβρητότερος
877 5338 979 5406 τήν
1017 5332 1231 5392 ἔκϐασιν
1281 5334 1357 5399 εἵς
1381 5335 1692 5390 τοῦναντίον
1724 5337 2060 5411 περιὲτρεψε,

405 5432 495 5488 καὶ
552 5431 692 5506 πρὸς
757 5429 837 5500 τῷ
888 5424 1034 5482 τέλει
1092 5430 1188 5481 τοῦ
1234 5422 1392 5502 ἔργου
1449 5423 1540 5480 καὶ
1595 5427 1662 5499 τῇ
1720 5423 2061 5500 αὐθημερινῇ

2173 4713 2462 4768 vulnerati
2493 4719 2652 4782 sunt,
2684 4720 2742 4769 et
2767 4713 2924 4771 haud
2958 4719 3129 4788 pauci
3169 4734 3239 4775 ex
3285 4719 3432 4791 ipsis
3462 4721 3822 4780 occiderunt.

2171 4803 2241 4858 Et
2288 4819 2420 4857 cum
2467 4802 2719 4859 validius
2765 4821 2834 4860 ex
2886 4805 3128 4863 incursu
3189 4809 3364 4880 paulo
3417 4817 3553 4866 ante
3605 4815 3826 4870 assueti

2173 4899 2528 4963 pugnarent,
2561 4893 2846 4949 audacius
2877 4894 3286 4953 incumbentes
3318 4899 3520 4968 armis,
3553 4903 3824 4959 cominus

2173 4982 2546 5037 resistebant.
2607 4984 2793 5048 Quare
2865 4990 3028 5040 metu
3100 4994 3431 5045 commotus
3489 4991 3689 5064 cepias
3753 4996 3826 5049 ab

2172 5070 2526 5142 imperatore
2574 5072 2760 5144 petiit.
2814 5073 2916 5129 Ille
2971 5080 3167 5131 autem
3219 5079 3612 5138 condemnata
3670 5081 3831 5140 illius

2171 5159 2491 5216 timiditate
2546 5161 2878 5233 (ignorabat
2924 5165 3082 5219 enim
3131 5165 3213 5220 rei
3261 5168 3590 5243 veritatem)
3629 5178 3832 5228 coacta

2173 5250 2453 5305 concione
2499 5251 2706 5306 habuit
2752 5252 3077 5308 orationem
3110 5256 3181 5310 de
3209 5255 3280 5310 iis
3311 5273 3434 5327 qua:
3485 5261 3553 5314 ad
3607 5261 3826 5317 bellum

2174 5339 2563 5410 pertinebant.
2601 5340 2662 5393 In
2698 5341 2890 5396 media
2912 5359 3145 5414 quoque
3175 5345 3437 5402 oratione
3465 5348 3833 5420 gravioribus

2173 5427 2368 5483 verbis
2402 5431 2484 5484 uti
2518 5445 2761 5486 exorsus
2811 5436 2919 5503 est,
2954 5438 3011 5489 et
3058 5433 3282 5491 interea
3311 5438 3584 5494 sacerdos
3630 5437 3830 5498 lectio-

1739 5549 1985 5607 JACOBI
2023 5548 2242 5606 GOARI
2279 5550 2514 5607 NOTAE.

475 5666 590 5740 (ξε)
621 5662 940 5740 Genium-is
972 5663 1041 5740 et_
1059 5658 1381 5733 frigidioris
1432 5675 1602 5740 aquas
1653 5658 1846 5716 fontes
1874 5655 2041 5737 κρόας
2069 5655 2252 5736 πηγάς
2284 5659 2553 5718 moderni
2583 5663 2813 5735 vocant,
2846 5661 3228 5740 diversosque
3282 5665 3390 5726 hoc
3435 5667 3672 5728 nomine
3700 5673 3830 5729 tum

399 5731 532 5799 Chii
561 5731 695 5797 tum
728 5734 879 5794 Teni
909 5731 1203 5791 novimus.
