4122 6388
368 380 484 439 423

1675 377 1868 437 JOAN
1882 377 2002 438 NlS
2047 375 2453 438 SCYLITZXE

3672 377 3792 435 424

365 527 500 567 nem
544 509 840 582 Evangelii
905 509 1274 576 exclamavit,
1304 525 1434 581 quae
1493 511 1578 566 ita
1637 527 1697 566 se
1753 509 2012 565 habebat

2146 512 2252 562 τῶν
2313 507 2730 582 στρατευμάτων
2787 505 2972 561 ἐνώσει
3022 505 3113 560 καὶ
3173 507 3263 560 τὸν
3322 503 3618 561 σουλτάνον
3665 527 3806 578 ακη-

364 604 429 654 ut
467 598 584 654 alia
631 598 902 655 omittam
939 615 951 654 :
987 621 1015 648 «
1048 600 1106 654 Si
1158 615 1250 654 me
1299 600 1590 671 persecuti
1641 604 1801 669 sunt,
1834 603 1890 654 et
1920 614 2023 654 vos

359 693 822 760 persequentur;
874 688 922 742 si
974 688 1214 743 verbum
1272 705 1469 744 meum
1520 691 1918 756 servaverunt,
1963 691 2022 742 et

359 782 619 832 vestrum
673 777 1012 842 servabunt,
1054 798 1083 828 »
1139 793 1325 848 usque
1376 779 1446 832 ad
1497 777 1666 844 illud,
1705 800 1725 826 ι
1761 775 2015 832 arbitra-

361 867 524 921 bitur
569 867 922 938 obsequium
979 881 1042 921 se
1099 875 1374 937 praestare
1428 867 1566 922 Deo.
1601 888 1627 914 »
1661 865 1824 930 Quod
1881 880 2017 920 cum

361 955 538 1010 etiam
571 955 984 1027 prudentiores
1034 955 1438 1026 adnotassent,
1471 955 1889 1011 existimarunt
1913 953 2023 1008 hoc

365 1044 607 1100 verbum
640 1043 964 1099 oraculum.
998 1046 1274 1099 Fervente
1319 1048 1516 1099 autem
1550 1043 1702 1100 bello
1733 1043 1889 1098 694
1919 1042 2029 1097 mi-

368 1133 448 1189 sit
506 1133 826 1204 imperator
878 1134 1058 1189 etiam
1118 1133 1513 1205 Nicephorum
1565 1133 1912 1203 magistrum
1967 1136 2025 1187 et

367 1226 589 1281 Ducam
621 1225 1106 1296 Theodosiopolis
1155 1225 1508 1280 Basilacium
1550 1242 1683 1281 cum
1729 1223 2024 1295 indigenis

369 1314 680 1385 militibus,
714 1331 828 1386 quo
861 1313 1150 1386 Bryennio
1199 1315 1477 1386 adjuncto
1523 1329 1706 1384 usque
1738 1313 1808 1369 ad
1842 1312 2032 1384 quod-

368 1405 505 1460 dam
539 1405 662 1460 leve
691 1403 958 1476 praelium
1000 1403 1244 1476 aequalis
1291 1408 1351 1459 et
1393 1420 1608 1476 anceps
1665 1419 1866 1476 pugna
1893 1401 2023 1456 fuit.

366 1503 512 1558 Cum
565 1506 762 1557 autem
812 1501 1052 1566 milites,
1085 1501 1472 1573 imperatores
1520 1519 1586 1557 ac
1638 1502 1818 1556 duces
1857 1499 2034 1571 sequi

367 1591 740 1657 statuissent,
773 1591 992 1662 primas
1042 1597 1236 1662 partes
1279 1608 1482 1662 pugna:
1515 1591 1807 1646 sustinere
1856 1588 2028 1662 pollio

364 1680 518 1736 citus
549 1684 656 1743 est,
693 1680 1010 1752 statimque
1042 1679 1264 1752 impetu
1301 1680 1450 1736 facto
1482 1682 1704 1746 hostes,
1729 1679 1828 1751 qui
1858 1684 2022 1750 terga

362 1769 678 1836 dederant,
747 1769 1230 1842 persequebatur.
1287 1768 1431 1824 Cum
1490 1785 1625 1824 vero
1697 1767 2029 1840 Bryennius

2146 595 2299 669 ρυκτὶ
2355 601 2476 659 τοῖς
2530 594 2800 671 Τούρκοις
2881 594 3143 666 ἐπέστησε
3223 593 3313 650 καὶ
3374 595 3439 650 τὰ
3496 592 3802 665 δοκηθὲντα

2143 682 2462 754 τελεσθῆναι
2507 681 2899 742 διακεκώλυκε.
2957 678 3301 760 Παραλαϐὼν
3335 684 3437 759 γὰρ
3479 685 3507 739 ὁ
3545 682 3804 759 βασιλεὺς

2142 775 2205 828 τὸ
2264 774 2596 847 Ματζικιὶρτ
2671 772 3126 848 καταπλαγέντων
3211 773 3303 828 καὶ
3364 771 3801 850 όῤῥωδησάντων

2141 867 2252 916 τῶν
2282 861 2532 936 Τούρκων
2582 862 2681 930 τήν
2735 861 2900 917 αὐτοῦ
2954 861 3256 931 ἐπέλευσιν,
3287 861 3379 917 καὶ
3429 862 3608 917 πίστιν
3639 861 3807 933 αἰτη-

2145 950 2393 1024 σαμένων
2426 951 2517 1006 καὶ
2572 945 2874 1021 λαϐόντων,
2917 949 2980 1006 οὗ
3013 951 3103 1006 καὶ
3153 945 3350 1021 συνέϐη
3401 950 3806 1027 ρινοτμηθῆναι

2143 1037 2416 1114 Ῥωμαῖόν
2463 1061 2587 1096 τινα
2634 1039 2849 1116 ὀνάριον
2900 1040 3204 1115 Τουρκικὸν
3247 1037 3602 1118 ὑφελόμενον,
3648 1040 3810 1117 εὐορ-

2142 1129 2264 1192 κίας
2325 1131 2486 1206 χάριν
2541 1131 2610 1200 ἧς
2671 1129 2956 1203 ὀμωμόκει
3013 1130 3229 1192 τούτοις
3280 1130 3309 1184 6
3363 1127 3638 1204 βασιλεὺς,
3697 1131 3803 1200 τὴν

2143 1221 2407 1274 Θεοτόκον
2460 1219 2551 1274 καὶ
2601 1220 2692 1274 τὸν
2739 1219 2970 1293 Χριστὸν
3021 1219 3111 1274 καὶ
3162 1219 3290 1282 τοὺς
3346 1219 3537 1295 ἁγίους
3599 1220 3810 1282 πάντας

2151 1309 2369 1381 μεσίτας
2398 1304 2838 1383 προϐαλόμενος.
2892 1310 2979 1364 Ἐν
3029 1307 3140 1382 ὅσῳ
3190 1306 3248 1364 δὲ
3287 1309 3440 1364 ταυτὶ
3471 1313 3553 1381 τῷ
3587 1308 3812 1385 βασιλεῖ

2147 1396 2472 1471 διετάττετο,
2502 1405 2621 1461 τοῖς
2678 1398 2755 1461 εἷς
2801 1399 2900 1468 τήν
2949 1399 3139 1475 χρείαν
3197 1397 3394 1470 ἐξιοῦσι
3442 1399 3805 1474 στρατιώταις

2145 1489 2442 1562 Ῥωμαίοις
2497 1485 2714 1558 πληθὺς
2789 1489 3059 1559 Τουρκική
3136 1493 3219 1557 [Ρ.
3293 1489 3422 1561 838]
3482 1487 3803 1543 ἐπιτίθεται.

2145 1587 2364 1656 Οἷηθεὶς
2397 1586 2487 1642 οὖν
2521 1589 2549 1643 6
2599 1586 2853 1662 βασιλεὺς
2907 1587 3153 1664 ἡγεμόνα
3197 1591 3295 1642 τοῦ
3335 1585 3634 1643 σουλτάνου
3667 1589 3812 1661 μετά

2145 1698 2294 1741 τινος
2323 1677 2554 1754 ἀφῖχθαι
2587 1675 2866 1752 δυνάμεως
2923 1677 3014 1732 καὶ
3069 1674 3377 1732 διακλονεῖν
3417 1677 3546 1740 τοὺς
3596 1698 3809 1754 σπορα⁹

2150 1763 2243 1830 δας
2303 1771 2401 1822 τοῦ
2454 1766 2744 1843 βασιλικοῦ
2816 1771 3068 1843 στρατοῦ,
3142 1766 3454 1822 ἀπέστειλεν
3497 1765 3580 1822 ἐπ’
3639 1766 3805 1822 αὐτὸν

363 1859 490 1914 suis
521 1859 682 1914 frena
712 1858 973 1913 detinere
1007 1859 1308 1928 jussisset,
1341 1858 1502 1914 solus
1529 1856 1854 1913 Basilacius
1884 1871 2018 1928 pcr-

2148 1856 2465 1934 Νικηφόρον
2520 1858 2818 1932 μάγιοτρον
2867 1857 2959 1911 τὸν
3015 1856 3298 1953 Βρυὲρνιον
3357 1856 3493 1929 μετὰ
3543 1861 3642 1925 τῆς
3699 1856 3806 1931 ἀρ-

361 1961 620 2018 sequens
661 1946 1026 2018 ignoratione
1075 1947 1233 2016 facti,
1269 1948 1368 2002 ubi
1402 1949 1471 2002 ad
1504 1946 1725 2002 vallum
1760 1945 2026 2001 hostium

361 2035 631 2107 accessit,
665 2036 890 2092 confixo
947 2035 1138 2108 ipsius
1189 2051 1338 2109 equo
1388 2038 1459 2092 ad
1509 2040 1724 2092 terram
1783 2033 2023 2098 decidit,

362 2141 664 2180 armorum
698 2125 954 2196 pondere
985 2141 1326 2197 oppressus,
1350 2129 1408 2180 et
1439 2124 1655 2180 idcirco
1682 2123 2028 2181 circumfusi

362 2213 563 2270 hostes
613 2215 810 2285 ipsum
843 2215 1040 2269 vivum
1074 2215 1335 2287 capiunt,
1369 2215 1751 2287 vinctumque
1795 2215 1865 2269 ad
1899 2213 2025 2270 sul-

365 2307 570 2358 tanum
622 2302 944 2358 abducunt.
979 2303 1039 2358 In
1075 2303 1245 2373 cujus
1277 2309 1654 2376 conspectum
1708 2303 2020 2371 adductus,

365 2417 555 2472 neque
585 2405 649 2456 ut
697 2417 900 2456 servus
940 2400 1065 2471 jam
1117 2401 1360 2457 eﬂectus
1404 2418 1594 2475 neque
1645 2407 1711 2457 ut
1758 2401 2023 2473 captivus

362 2490 677 2556 abductus,
711 2489 945 2546 sultano
979 2508 1040 2546 se
1071 2491 1340 2562 subjecit.
1377 2491 1486 2546 Sed
1528 2507 1716 2562 neque
1749 2491 2024 2546 sultanus

362 2580 489 2650 ipso
523 2584 588 2634 ut
634 2596 802 2634 servo
833 2583 935 2633 aut
962 2579 1189 2650 captivo
1221 2596 1365 2635 usus
1395 2583 1506 2647 est,
1539 2581 1637 2634 sed
1691 2581 1894 2635 crebro
1922 2595 2017 2634 ac-

361 2684 598 2723 cersens
629 2669 700 2723 de
731 2668 1081 2738 imperatore
1123 2685 1256 2723 eum
1309 2669 1786 2740 percontabatur,
1820 2685 2017 2724 suam-

355 2773 470 2828 que
509 2757 620 2828 ipsi
658 2756 978 2828 potentiam
1013 2758 1370 2825 ostentabat,
1403 2763 1467 2813 ut
1495 2758 1546 2812 ei
1580 2763 1802 2814 metum
1834 2761 2019 2813 terro-

358 2861 603 2916 remque
651 2844 948 2915 injiceret;
1002 2846 1103 2917 qui
1152 2846 1352 2901 omnia
1404 2846 1594 2918 ipsius
1647 2846 1898 2902 laudans
1959 2850 2016 2902 et

359 2933 666 3001 extollens,
700 2934 952 3005 praeliari
1004 2935 1286 2990 adversus
1331 2939 1726 2990 Romanorum
1760 2936 2016 3007 impera-

357 3027 544 3078 torem
591 3023 701 3094 ipsi
746 3023 952 3078 inutile
982 3023 1343 3078 consulebat.
1378 3024 1487 3079 Sed
1538 3024 1630 3079 hic
1683 3025 1920 3097 quidem
1955 3023 2015 3080 in

358 3109 451 3166 his
491 3111 856 3168 versabatur.
896 3112 1214 3183 lmperator
1245 3117 1440 3168 autem
1485 3118 1723 3169 coactus
1753 3130 1888 3168 cum
1922 3131 2016 3170 re-

355 3200 518 3272 liquo
568 3201 823 3256 exercitu
882 3217 1157 3273 egressus
1197 3206 1286 3257 est
1335 3203 1401 3258 ad
1465 3219 1658 3258 rerum
1709 3208 2014 3275 spectacu-

357 3290 516 3359 lum;
549 3295 608 3344 et
639 3306 828 3360 usque
854 3291 924 3344 ad
957 3306 1256 3362 vesperam
1293 3291 1350 3344 in
1382 3291 1736 3362 quibusdam
1768 3291 2016 3348 tumulis

357 3379 710 3445 consistens,
743 3379 844 3433 ubi
897 3378 998 3450 qui
1049 3379 1351 3435 resisteret
1396 3384 1453 3435 et
1501 3397 1630 3436 sese
1675 3385 2015 3452 opponeret,

359 3471 656 3523 neminem
714 3466 882 3534 vidit,
942 3468 998 3521 in
1058 3474 1251 3523 castra
1307 3485 1576 3524 reversus
1633 3473 1741 3524 est.
1775 3469 2018 3525 Statim-

358 3572 472 3628 que
503 3556 849 3610 circumfusi
880 3556 1045 3610 Turci
1098 3573 1343 3612 arcuum
1385 3557 1619 3630 sagittis
1650 3564 1707 3614 et
1753 3558 2017 3630 equitatu

359 3645 515 3700 haud
585 3645 942 3700 mediocrem
1029 3645 1310 3701 exercitui
1396 3651 1677 3702 terrorem
1742 3647 2015 3718 injecere,

361 3741 511 3798 695
565 3740 720 3795 intra
771 3740 989 3795 vallum
1049 3740 1434 3812 impellentes.
1471 3743 1594 3800 Nox
1642 3749 1766 3798 erat
1817 3743 2019 3800 illunis

359 3847 490 3885 cum
516 3830 637 3885 haec
660 3831 1034 3902 gerebantur,
1057 3848 1247 3902 neque
1282 3832 1564 3903 fugientes
1589 3838 1645 3887 et
1668 3851 1993 3906 persequen

357 3924 445 3975 tes
477 3926 677 3974 utrum
711 3920 932 3975 externi
967 3937 1040 3974 an
1075 3921 1196 3975 noti
1244 3926 1444 3976 essent
1473 3926 1531 3976 et
1560 3923 1728 3977 amici
1763 3923 2022 3980 discerni

353 4014 644 4082 poterant,
667 4025 870 4064 verum
902 4014 1026 4064 tota
1053 4015 1219 4066 nocte
1241 4013 1507 4067 obscuris
1541 4011 1865 4068 ululatibus
1896 4014 2012 4069 cir-

351 4100 740 4154 cumsonabat
770 4099 1084 4170 exercitus,
1120 4099 1198 4155 ita
1247 4104 1310 4155 ut
1341 4117 1545 4156 omnes
1578 4102 1797 4174 apertis
1826 4120 1893 4158 ac
1925 4103 2010 4158 vi-

351 4185 678 4258 gilantibus
703 4186 889 4242 oculis
918 4191 1770 4261 pernoctarent.Cumquejam
1795 4191 1993 4248 illuxis
2013 4220 2025 4231 -

350 4282 460 4344 set,
496 4293 631 4347 pars
661 4276 930 4346 quaedam
971 4275 1221 4332 Uzorum
1273 4277 1422 4333 duce
1470 4279 1725 4349 quodam
1775 4281 2015 4335 nomine

346 4364 548 4435 Tame,
572 4369 628 4419 et
654 4363 943 4420 exercitus
976 4363 1068 4418 cui
1097 4364 1404 4420 Tornicius
1428 4366 1720 4423 Cotertzes
1743 4372 2011 4440 prazerat,

349 4453 420 4508 ad
454 4451 654 4508 hostes
694 4451 1010 4520 conﬂuxit;
1062 4455 1216 4524 quod
1269 4454 1424 4510 haud
1460 4456 1814 4512 mediocrem
1849 4455 2013 4512 solli-

349 4542 672 4598 citudinem
707 4541 986 4598 Romanis
1019 4543 1237 4610 attulit,
1271 4544 1717 4616 suspicantibus
1758 4545 2015 4616 reliquas

2141 1945 2342 2017 κούσης
2400 1944 2704 2019 δυνάμεως,
2753 1946 2811 2008 ’ὃς
2868 1943 2957 2000 xui
3020 1939 3319 2019 συμϐαλὼν
3372 1946 3522 2017 αύτῷ
3580 1943 3679 2000 ούκ
3719 1943 3813 1999 ἐν·

2141 2033 2311 2090 έδωκε
2344 2036 2463 2108 μὶν,
2487 2033 2982 2111 ἐτρατματίσθησαν
3028 2031 3085 2090 δέ
3124 2033 3330 2091 πολλοὶ
3359 2039 3468 2090 τῶν
3502 2032 3595 2089 σὺν
3626 2033 3806 2108 αὐτῷ⁹

2138 2123 2236 2179 ούκ
2284 2123 2463 2200 ὀλίγοι
2523 2122 2581 2180 δὶ
2634 2123 2842 2179 τούτων
2919 2123 3007 2179 xui
3067 2120 3280 2193 ἔπεσον,
3339 2122 3797 2200 ῥωμαλεωτέρων

2138 2212 2194 2269 δὲ
2232 2214 2502 2290 φανέντων
2552 2213 2612 2269 ἐκ
2661 2216 2760 2283 τῆς
2814 2213 3195 2288 συγκρούσεως
3249 2217 3360 2268 τῶν
3417 2213 3610 2288 πρώην
3661 2212 3795 2277 ἐθά-

2136 2301 2267 2363 δων.
2317 2303 2648 2379 Θρασύτερον
2721 2303 2826 2379 γάρ
2901 2301 3375 2380 προσρηγνύμενοι
3434 2303 3795 2378 ἀγχεμάχοις

2135 2389 2330 2455 ὅπλοις
2403 2393 2867 2448 ἀντικαθίσταντο.
2941 2394 3102 2451 ’Όθεν
3172 2392 3263 2448 καὶ
3333 2387 3488 2470 φόϐῳ
3541 2411 3798 2446 κατασει-

2135 2483 2279 2546 σθεὶς
2323 2479 2552 2554 δύναμιν
2579 2481 2756 2552 ἐζήτει
2799 2483 2947 2558 παρὰ
2987 2485 3084 2537 τοῦ
3119 2480 3414 2558 βασιλέως,
3446 2481 3508 2538 Ὀ
3535 2477 3592 2536 δὲ
3617 2501 3798 2536 κατα-

2131 2573 2291 2645 γνοὺς
2325 2573 2492 2626 αὐτοῦ
2519 2569 2726 2626 δειλίαν
2760 2572 2965 2648 (ἠγνόει
3003 2571 3104 2646 γάρ
3134 2573 3196 2626 τὸ
3225 2569 3453 2643 ἀληθὶς)
3487 2568 3794 2640 ἐκκλησίαν

2137 2661 2546 2733 συστησάμενος
2591 2657 2986 2736 ἐδημηγόρησε
3032 2661 3099 2715 τά
3138 2661 3261 2736 περὶ
3307 2658 3582 2732 πολέμου,
3628 2659 3680 2714 ἐν
3733 2657 3799 2716 δὲ

2131 2753 2208 2820 τῷ
2243 2750 2390 2822 μέσῳ
2438 2748 2530 2804 xui
2567 2749 2916 2824 τραχυτέρων
2971 2747 3151 2823 ἥψατο
3201 2747 3402 2825 λόγων.
3454 2747 3556 2805 Καὶ
3607 2747 3662 2803 ἐν
3691 2769 3801 2804 το-

2133 2838 2312 2909 σούτῳ
2339 2838 2367 2892 6
2411 2838 2586 2906 ἱερεὺς
2638 2837 2953 2916 ἐπεφώνησε
2997 2839 3097 2907 τὴν
3144 2842 3243 2893 τοῦ
3291 2835 3626 2913 Εὐαγγελίου
3659 2837 3798 2892 ἀνά-

2130 2948 2351 3002 γνωσιν.
2401 2928 2533 3002 Εἶχε
2587 2924 2645 2982 δέ
2693 2929 2756 2983 τὸ
2818 2925 3169 3004 Εὐαγγέλιον,
3223 2925 3316 2981 ’ίνα
3369 2925 3546 2982 τᾶλλα
3605 2931 3797 3002 παρῶ,

2131 3048 2158 3074 ‹‹
2195 3022 2263 3080 Ei'
2295 3023 2392 3096 ἐμὲ
2422 3021 2668 3095 ἐδίωξαν,
2721 3025 2809 3078 καὶ
2866 3024 3005 3098 ὑμᾶς
3054 3021 3338 3097 διώξουσιν
3363 3044 3374 3055 ·
3411 3023 3454 3078 ii
3482 3024 3576 3079 τὸν
3609 3021 3792 3098 λόγον

2133 3134 2238 3186 μου
2266 3111 2558 3189 ἐτήρησαν,
2613 3115 2700 3168 καὶ
2763 3113 3024 3190 ύμέτέρον
3075 3115 3433 3187 τηρήσουσιν,
3469 3135 3495 3167 ι
3552 3113 3658 3174 ἓως
3688 3119 3797 3168 τοῦ

2128 3228 2154 3254 ‹‹
2192 3200 2332 3273 δόξει
2365 3201 2614 3280 λατρείαν
2647 3205 2972 3281 προσφέρειν
3015 3208 3095 3276 τῷ
3144 3207 3260 3275 Θεῷ
3287 3222 3300 3236 ο
3339 3227 3360 3253 ι
3406 3204 3435 3257 6'
3463 3202 3553 3257 xui
3585 3202 3791 3274 ἐπιση-

2137 3295 2442 3364 μηνάμενοι
2493 3294 2545 3348 οἱ
2597 3293 2949 3367 συνετώτεροι
2997 3290 3182 3363 ἔδοξαν
3232 3289 3460 3366 ἀψευδές
3503 3295 3665 3347 τοῦτο
3695 3294 3794 3347 καὶ

2134 3381 2488 3457 θεοπρόπιον,
2521 3384 2743 3445 Ζέοντος
2776 3379 2832 3438 δὶ
2860 3385 2957 3438 τοῦ
2974 3383 3224 3456 πολέμου
3248 3380 3548 3437 ἀπέστεινεν
3575 3383 3603 3438 6
3633 3383 3793 3459 βασι-

2136 3470 2264 3534 λεὺς
2296 3472 2384 3526 καὶ
2411 3473 2724 3549 Νικηφόρον
2757 3473 3054 3548 μάγιστρον
3078 3471 3168 3527 καὶ
3193 3469 3359 3527 δοῦκα
3385 3468 3789 3527 Θεοδοσιουπό-

2136 3559 2280 3623 λεως
2308 3563 2398 3616 τὸν
2433 3561 2758 3617 Βασιλάκιον
2801 3563 2935 3634 μετά
2979 3566 3087 3617 τῶν
3121 3560 3384 3637 ἲθαγενῶν
3413 3565 3783 3635 στρατιωτῶν.

2139 3650 2538 3726 Ηροστεθέντος
2593 3650 2682 3705 οὖν
2724 3655 2804 3722 τῷ
2846 3649 3120 3726 Βρυεννίῳ
3166 3651 3332 3726 μέχρι
3377 3655 3526 3713 τινὸς
3560 3645 3794 3728 ἀκροϐο-

2137 3737 2341 3812 λισμοῦ
2373 3737 2644 3808 ἷσοπαλής
2687 3739 2777 3793 καὶ
2829 3739 3180 3814 ἀμφήριστος
3229 3741 3298 3809 ἦν
3343 3742 3378 3809 ἡ
3423 3741 3602 3815 μάχη.
3655 3746 3790 3794 Συν-

2138 3829 2377 3901 θεμένων
2411 3825 2469 3882 δὶ
2504 3833 2612 3883 τῶν
2663 3833 3009 3903 στρατιωτῶν
3051 3829 3370 3893 ἀκολουθεῖν
3425 3828 3640 3884 ὄπισθεν
3671 3833 3784 3883 τῶν

2137 3922 2451 3992 στρατηγῶν
2507 3923 2984 3994 πρωταγωνιστεῖν
3032 3919 3428 3994 καθυπέσχετο,
3483 3919 3570 3973 καὶ
3627 3916 3783 3981 εὐθὺς

2135 4007 2440 4082 ἐξορμήσας
2493 4029 2636 4062 νωτα
2701 4005 3018 4063 δεδωκότων
3081 4013 3188 4063 τῶν
3249 4009 3503 4064 ἐναντίων
3566 4007 3779 4067 ἐδίωκε.

2133 4108 2242 4160 Τοῦ
2299 4102 2356 4159 δὲ
2405 4104 2694 4178 Βρυεννίου
2736 4105 2862 4168 τοὺς
2917 4104 3152 4182 ῥυτῆρας
3200 4106 3455 4182 ἀνασχεῖν
3493 4112 3612 4170 τοῖς
3660 4108 3786 4184 περὶ

2135 4193 2292 4248 αὐτὸν
2350 4192 2835 4268 ἐγκελευσαμένου,
2880 4194 3045 4267 μόνος
3095 4192 3307 4250 διώκων
3370 4195 3397 4250 ὁ
3448 4194 3785 4259 Βασιλάκιος

2132 4281 2289 4354 ἀνοίᾳ
2317 4287 2412 4337 σοῦ
2451 4283 2812 4359 πραχθέντος,
2848 4283 2963 4338 ἐπεὶ
3016 4288 3094 4356 τῷ
3151 4283 3352 4362 χάρακι
3381 4289 3492 4340 τῶν
3533 4284 3791 4341 ἐναντίων

2132 4369 2447 4447 προσέμιξε,
2493 4374 2883 4448 περιπαρέντος
2928 4372 3076 4446 αὐτῷ
3129 4379 3227 4428 τοῦ
3281 4373 3455 4429 ἵππου
3513 4373 3793 4451 προσέσχε

2131 4466 2198 4535 τῇ
2231 4466 2327 4537 γῇ,
2365 4462 2530 4538 βάρος
2561 4467 2670 4517 τῶν
2703 4461 2889 4517 ὅπλων
2938 4461 3353 4540 ἐπιφερόμενος.
3379 4463 3473 4518 Διὸ
3505 4464 3596 4518 καὶ
3627 4484 3792 4538 περι-

2132 4551 2389 4626 χυθέντες
2441 4551 2494 4604 οἱ
2551 4549 2813 4624 πολέμιοι
2863 4552 3108 4627 αἱροῦσιν
3166 4552 3327 4607 αὑτὸν
3388 4552 3641 4628 ζωγρίαν,
3691 4554 3787 4608 καὶ

351 4631 623 4687 nationes
655 4629 767 4686 sibi
799 4630 1091 4686 inimicas.
1115 4632 1357 4697 Quidem
1383 4649 1514 4688 vero
1543 4635 1766 4705 pedites
1787 4635 2008 4705 egressi

2135 4639 2253 4715 πρὸς
2304 4639 2395 4694 τὸν
2455 4637 2750 4694 σουλτάνον
2804 4639 3085 4715 ἀπάγουσι
3141 4636 3364 4712 δέσμιον
3401 4660 3414 4676 ο
3470 4641 3517 4713 ᾦ
3560 4641 3650 4696 καὶ
3699 4641 3785 4705 εἷς

350 4721 574 4776 Turcos
632 4719 896 4775 occidere
943 4719 1079 4774 telis
1129 4737 1257 4792 quas
1311 4721 1545 4777 eminus
1591 4723 1917 4794 jaciuntur,
1959 4727 2017 4779 et

350 4809 535 4866 armis
573 4811 792 4881 quibus
847 4810 1120 4864 cominus
1179 4814 1502 4881 pugnatur,
1533 4815 1590 4866 et
1639 4817 2017 4884 coegerunte

348 4908 556 4965 castris
602 4907 780 4964 exire.
828 4909 1158 4978 Imperator
1205 4912 1404 4962 autem
1456 4906 1657 4964 missis
1696 4909 1767 4963 ad
1799 4909 2014 4965 Chiliat

350 4995 854 5062 antecursoribus,
873 4995 1054 5050 duces
1077 4993 1178 5065 qui
1201 4995 1318 5049 illic
1340 5001 1507 5050 erant
1531 4997 1601 5050 ad
1626 5013 1688 5052 se
1709 4998 2014 5052 accersivit

355 5100 488 5139 cum
517 5085 703 5154 copiis
725 5101 874 5154 quas
907 5083 1223 5153 habebant,
1253 5083 1453 5138 statim
1487 5084 1732 5156 cupiens
1765 5087 1835 5140 de
1859 5103 2016 5142 sum-

357 5187 454 5226 ma
498 5187 695 5226 rerum
747 5171 946 5243 praelio
1001 5173 1327 5240 decertare;
1363 5188 1615 5244 quorum
1669 5182 2015 5246 exspectans

357 5259 644 5316 auxilium
675 5260 895 5316 frustra
924 5264 1159 5332 tempus
1191 5262 1562 5317 conterebat:
1588 5268 1755 5318 erant
1784 5264 1940 5318 enim
1976 5264 2016 5319 ii

357 5349 457 5420 qui
490 5348 849 5420 Pyrrichiam
891 5349 1261 5406 saltationem
1293 5350 1546 5406 maxime
1589 5353 1853 5408 meditati
1887 5355 2012 5409 fue-

354 5441 506 5492 rant.
528 5435 600 5492 Ut
628 5452 762 5492 vero
793 5437 864 5491 de
891 5452 1092 5494 eorum
1127 5437 1344 5495 auxilio
1366 5439 1717 5510 desperavit,
1743 5441 2009 5512 suspica-

350 5529 451 5582 tus
474 5525 675 5597 aliqua
697 5541 758 5580 re
778 5541 878 5580 eos
903 5525 1198 5598 impediri,
1217 5544 1351 5583 cum
1376 5527 1768 5586 familiaribus
1791 5535 2010 5588 statue-

352 5616 455 5671 bat
486 5613 769 5686 postridie
791 5630 1030 5670 manum
1054 5633 1377 5674 conserere.
1403 5618 1718 5689 Ignorabat
1745 5620 2017 5678 videlicet

352 5702 802 5764 Tarchaniotem
823 5719 1056 5778 quoque
1085 5705 1198 5762 sibi
1223 5707 1503 5781 adjuncto
1525 5707 1783 5784 Ruselio,
1810 5709 1909 5783 qui
1939 5711 2012 5770 ad

2127 4730 2251 4802 δψιν
2279 4727 2553 4804 παραστὰς
2576 4727 2700 4783 οὕτε
2747 4729 2820 4790 ὡς
2872 4725 3076 4790 δοῦλος
3119 4726 3228 4799 ἤδη
3259 4728 3520 4804 γεγονὼς,
3553 4727 3676 4785 οὕτε
3705 4729 3788 4795 ὡς

2126 4815 2489 4892 αἶ’χμάλωτος
2554 4816 2822 4893 ἀπαχθεὶς
2892 4821 2972 4889 τῷ
3054 4816 3339 4890 σουλτάνῳ
3408 4817 3786 4894 καθυπετάγη.

2127 4905 2283 4963 Ἀλλ’
2321 4906 2444 4962 οὕτε
2475 4907 2503 4960 6
2535 4905 2834 4969 σουλτάνος
2887 4905 2993 4961 εἴτε
3038 4908 3113 4970 ὡς
3146 4904 3330 4980 δούλῳ
3359 4905 3464 4963 εἷ’τε
3497 4908 3571 4970 ὡς
3605 4907 3788 4982 αἰχμ-

2125 4993 2327 5068 αλώτῳ
2358 4995 2713 5069 προσηνέχθη
2745 4993 2910 5067 αύτῳ,
2960 4999 3202 5071 συνεχῶς
3249 4992 3308 5050 δὶ
3344 4999 3622 5071 παριστῶν
3654 4997 3790 5071 περὶ

2124 5093 2219 5147 τοὺ
2261 5091 2531 5168 βασιλέως
2563 5112 2619 5146 τε
2658 5091 2916 5165 ἐπηρώτα
2970 5094 3057 5146 xui
3117 5093 3216 5162 τήν
3274 5093 3467 5148 ἑαυτοῦ
3516 5091 3675 5167 ἰσχὺν
3707 5091 3795 5148 ἐν.

2125 5179 2435 5237 ἀπεδείκνυε
2463 5182 2553 5236 καὶ
2585 5181 2660 5244 εἷς
2709 5179 2978 5258 ἅρῥωδίαν
3031 5183 3120 5236 xui
3154 5181 3347 5237 πτοίαν
3379 5176 3689 5238 ἐνέϐαλλεν.
3725 5183 3790 5241 Ὁ

2127 5269 2183 5326 δὲ
2213 5272 2386 5326 πάντα
2441 5269 2672 5325 ἐπαινῶν
2727 5270 2817 5325 καὶ
2872 5267 3188 5346 μεγαλύνων
3239 5271 3306 5325 τὰ
3353 5272 3544 5342 αὑτοῦ,
3586 5271 3649 5326 τὸ
3689 5269 3788 5326 ἀν-

2123 5361 2580 5435 τιπαρατάξασθαι
2644 5357 2860 5433 βασιλεῖ
2908 5359 3198 5433 Ῥωμαίων
3254 5359 3571 5435 ἀσύμφορον
3632 5359 3786 5432 αὐτῷ

2127 5443 2526 5504 συνεϐούλευεν.
2559 5446 2720 5503 Ἀλλ’
2775 5447 2918 5504 οὕτω
2975 5449 3068 5522 μὶν
3125 5449 3282 5510 οὗτος
3315 5467 3327 5481 ·
3364 5450 3392 5503 6
3425 5446 3482 5504 δὲ
3526 5448 3784 5525 βασιλεὺς

2125 5537 2478 5612 ἀναγκασθεὶς
2510 5535 2653 5610 ἐξῄει
2689 5537 2825 5610 μετὰ
2868 5544 2971 5606 τῆς
3023 5536 3227 5608 λοιπῆς
3276 5536 3529 5608 πληθύος
3574 5537 3651 5600 εἷς
3679 5537 3783 5606 τὴν

2123 5631 2230 5682 τῶν
2272 5626 2612 5701 πραγμάτων
2660 5627 2805 5690 θέαν.
2856 5624 3043 5702 Μέχρι
3083 5623 3129 5682 δ’
3188 5626 3417 5702 ἐσπέρας
3475 5625 3564 5681 ἐπί
3611 5647 3776 5682 τινων

2125 5713 2312 5797 λόφων
2343 5712 2536 5785 έστὼς,
2575 5712 2797 5794 ἐπείπερ
2845 5715 2946 5771 οὒκ
2990 5716 3104 5791 [ἦν]
3127 5715 3192 5772 τὸ
3240 5715 3774 5791 ἀντικαθιστάμενον,
