4122 6436
322 410 451 471 425

1874 388 2263 449 HISTORIA.

3655 402 3774 462 426

337 541 668 614 ὑπὲστρεψεν
731 536 808 598 είς
867 535 968 602 τὴν
1028 525 1412 608 παρεμϐολήν.
1445 527 1544 583 Καὶ
1600 525 1806 614 αὐτίκα
1846 541 2002 598 περι-

2143 529 2534 594 mperatorem
2571 541 2633 581 se
2677 526 2855 582 alacri
2905 529 3102 584 animo
3150 531 3507 603 conferebat,
3542 535 3778 606 cognito

341 631 592 709 χυθὲντες
623 627 678 682 οἱ
707 628 947 699 Τοῦρκοι
975 622 1144 693 τόξων
1195 616 1388 696 βολαῖς
1421 620 1500 692 [Ρ.
1552 617 1679 709 839]
1728 613 1842 709 καὶ.
1872 631 2001 671 παρ-

340 701 624 776 ίππεύσεσι
683 709 852 791 φόϐον
912 712 975 769 οὐ
1035 709 1230 785 μικρὸν
1278 712 1348 783 τῇ
1409 709 1634 782 στρατιᾷ
1662 701 2002 806 ἐνεποίησαν,

333 809 488 872 me;
539 810 640 862 τοῦ
698 790 945 881 χάρακος
1009 798 1348 892 βιαζόμενοι.
1522 798 1586 864 ἦν
1621 790 1888 892 ἀσέληνος
1918 790 2007 892 {ire

327 903 503 954 ταῦτα
564 895 796 971 ἐγίνετο,
826 892 918 947 καὶ
980 889 1247 965 διάκρισις
1306 885 1527 952 ὀθνείων
1582 883 1672 939 καὶ
1729 883 2006 986 γνωὶστῶν,

333 985 655 1066 φευγόντων
686 982 777 1038 καὶ
810 979 1119 1036 διωκόντων
1153 977 1252 1033 οὐκ
1288 976 1379 1045 ἦν.
1415 976 1531 1066 dict
1568 973 1746 1066 πάσης
1806 970 1863 1024 ὃὶ
1917 989 2008 1066 νυ-

338 1055 466 1135 κτὸς
498 1073 906 1146 περιηχοῦντες
935 1068 1072 1137 ἦσαν
1107 1065 1376 1141 ὑλαγμοῖς
1430 1063 1532 1132 ἄση
1544 1082 1667 1136 μοις
1697 1060 1760 1114 τὸ
1791 1055 2011 1146 στρατόῖ

349 1160 534 1229 πεόον,
577 1144 956 1224 -ὡςηᾶπαντας
1001 1153 1436 1229 διανυκτερεῦσαι
1485 1149 1862 1225 ἠνεο-γμὲνοις
1919 1144 2010 1200 καὶ

347 1254 643 1330 ἀγρύπνοις
671 1253 791 1309 τοῖς
833 1242 1068 1321 ὄμμασι.
1102 1240 1317 1318 Πρωΐας
1377 1239 1434 1297 δὲ
1482 1237 1786 1330 γενομένης
1845 1235 2013 1330 μοῖρά

345 1323 428 1406 τὶξ
455 1339 696 1410 Ούζική,
719 1333 952 1412 ἔξαρχον
1012 1333 1216 1410 ἔχουσα
1243 1335 1430 1405 Ταμῇν
1491 1350 1608 1385 τινα
1665 1327 1836 1389 οὕτως
1890 1323 2011 1380 ὀνο·

348 1430 665 1506 μαζόμενον
717 1426 824 1482 ὑπὸ
870 1423 1141 1501 Τορδικίῳ
1199 1427 1278 1494 τῷ
1339 1420 1607 1495 Κοτὲρτζῇ
1663 1415 2010 1506 ταττόμενον,

337 1503 462 1582 τοῖς
538 1515 805 1578 ἐναντίοις
888 1511 1201 1589 προσερῥύη
1239 1531 1252 1544 ·
1309 1510 1440 1582 ὅπερ
1524 1509 1628 1562 οὐκ
1685 1505 1762 1568 είς
1813 1503 2009 1578 μικρὰν

342 1608 591 1686 ἀγωνίαν
666 1606 794 1668 τοὺς
874 1601 1183 1675 Ῥωμαίους
1270 1594 1544 1666 ἐνέϐαλεν,
1615 1592 2014 1686 ὑποπτεύοντας

338 1679 436 1754 καὶ
489 1697 556 1752 τὸ
606 1693 802 1751 λοιπὸν
861 1688 1011 1753 ἔθνος
1071 1691 1146 1756 ὡς
1225 1689 1518 1762 πολέμιον.
1577 1685 1735 1747 Τινὶς
1795 1679 1853 1737 δὶ
1907 1685 2016 1736 τῶν

342 1791 526 1857 πεζῶν
589 1783 820 1856 ὶξιόντες
878 1780 1134 1854 Τούρκων
1187 1777 1400 1834 ἀνεῖλον
1463 1773 1714 1836 πολλοὺς
1801 1770 2012 1848 βὲλεσιν

341 1871 649 1949 ἑκηϐόλοις
703 1873 795 1930 καὶ
853 1868 1205 1947 ἀγχεμάχοις
1261 1864 1620 1942 ἀμυντηρίοις
1669 1859 1892 1930 ὅπλοις,
1923 1859 2011 1914 καὶ

340 1975 448 2038 τῆς
502 1958 874 2042 παρεμϐολῆς
930 1960 1183 2030 ἐκστῆναι
1241 1956 1589 2057 ’παρέπεισανΣ
1631 1949 1810 2057 ᾫΗὺὲ
1862 1950 2014 2057 βααι-

348 2057 480 2120 λεῦς
539 2050 936 2130 ταχυδρόμους
1021 2046 1346 2111 ἀποστείλας
1401 2045 1481 2108 εἲς
1536 2045 1600 2100 τὸ
1669 2043 2015 2130 Χλίατ-τοὺς

363 2146 535 2202 tuin
584 2128 864 2220 ἡγεμόνας
897 2138 1080 2195 ἐκάλει
1116 2138 1251 2212 μετᾶ
1303 2140 1412 2192 τῶν
1476 2136 1565 2190 ὑπ’
1602 2131 1820 2220 αὐτοὺς
1855 2128 2017 2184 δυνά-

375 2256 536 2309 μεων,
563 2218 872 2308 παραυτίκα
913 2227 1088 2293 θὲλων
1147 2227 1459 2304 ἀγχεμάχῳ
1509 2222 1746 2296 πολέμῳ
1803 2218 2018 2295 διακρῖ-

375 2345 466 2380 ναι
540 2324 606 2379 τὰ
677 2319 994 2398 πράγματα.
1054 2316 1152 2373 Καὶ
1231 2313 1672 2398 ἀναμένωνγτήν
1733 2310 1783 2385 ἐξ
1844 2309 2017 2398 αὐτῶν

381 2414 628 2489 βοήθειαν
652 2410 746 2466 τὸν
807 2408 995 2482 καιρὸν
1052 2402 1349 2475 τηνάλλως
1406 2397 1635 2476 ἔτριϐεν·
1667 2402 1802 2470 ἦσαν
1835 2400 1937 2474 γὰρ
1969 2397 2022 2452 οἱ

365 2507 475 2557 τῶν
506 2499 714 2556 ἇλλωνῗ
746 2496 984 2571 μάλιστα
1039 2495 1140 2563 τὴν
1195 2491 1492 2569 πυῤῥίχιον
1525 2489 2026 2564 ἐκμεμελετηκότες

363 2588 622 2667 ὄρχησιν.
653 2590 742 2650 ’Θς
774 2584 822 2642 δ’
842 2583 1142 2661 ἀπεγνώκει
1170 2584 1269 2654 τὴν
1311 2583 1416 2637 ἀπὸ
1471 2579 1679 2637 τούτων
1743 2580 2022 2654 βοήθειαν,

361 2677 604 2752 κώλυμά
657 2698 712 2732 τι
771 2675 904 2730 εἶναι
967 2671 1306 2734 ὑποπτεύσας
1381 2669 1666 2726 ἐσκέπτετο
1727 2667 1860 2742 μετὰ
1916 2671 2021 2720 τῶν

364 2768 638 2823 συνόντων
695 2764 772 2828 εἷς
821 2766 919 2835 τὴν
979 2760 1257 2838 ὑστεραίαν
1319 2758 1756 2836 διαγωνίσασθαι.
1815 2756 2026 2831 ’Πγνόει

362 2856 421 2914 δὶ
452 2854 558 2933 ἄρα
585 2857 662 2918 ὡς
691 2856 722 2910 ὁ
746 2851 1172 2930 Ταρχανειώτης
1203 2851 1538 2926 παραπείσας
1593 2849 1680 2903 καὶ
1739 2847 1831 2902 τὸν
1871 2847 2026 2903 Ῥου-

359 2946 554 3004 σὲλιον
613 2944 884 3001 συνελθεῖν
938 2947 1019 3016 τῷ
1080 2940 1298 3018 βασιλεῖ
1326 2937 1805 3016 προθυμούμενον,
1842 2937 2026 3009 μαθὼν

362 3040 466 3107 τήν
495 3040 599 3091 τοῦ
633 3032 934 3090 σουλτάνου
997 3029 1175 3106 ἄφιξιν
1227 3032 1316 3086 καὶ
1371 3031 1469 3100 τὴν
1531 3029 1698 3084 αὐτοῦ
1746 3025 1882 3082 κατὰ
1931 3029 2028 3080 τοῦ

367 3126 652 3203 βασιλέως
713 3121 1013 3194 ἐπέλευσιν,
1044 3118 1174 3197 ἄρας
1223 3119 1352 3182 τοὺς
1410 3119 1546 3196 ἀμφ’
1577 3116 1737 3172 αὑτὸν
1792 3116 2030 3176 ἅπαντας

366 3215 456 3272 διὰ
503 3222 610 3285 τῆς
664 3211 1090 3285 Μεσοποταμίας
1149 3210 1323 3288 γυγᾶς
1383 3209 1614 3285 ἀγεννῶς
1669 3203 1744 3266 εἷς
1799 3203 2032 3259 τᾶῬω-

370 3273 575 3381 μαίων.
594 3273 862 3371 ⁷ἐνέϐαλε,
927 3273 1137 3373 μηδένα
1163 3273 1173 3288 Ι
1194 3273 1362 3373 λόγον
1418 3273 1515 3352 τοῦ
1571 3292 1857 3361 δεσπότου,
1889 3295 2028 3367 μήτε
2057 3273 2101 3343 C

368 3395 476 3468 μὴν
504 3397 608 3448 τοῦ
636 3391 845 3452 εἲκύτος
874 3391 903 3445 ό
935 3387 1174 3451 δείλαιος
1216 3388 1608 3459 ποιησάμενος.
1641 3385 1701 3442 Ὁ
1755 3386 1883 3458 γοῦν
1934 3383 2030 3451 βα-

363 3481 555 3545 σιλεὺς
608 3479 749 3536 κατά
801 3479 865 3535 τὸ
922 3477 1299 3554 συγκείμενον,
1346 3477 1447 3545 τήν
1507 3473 1582 3536 εἷς
1633 3475 1724 3528 τὸν
1782 3471 2030 3546 πόλεμον

364 3570 722 3650 παρασκευήν
769 3568 824 3633 ἇς
877 3569 975 3637 τὴν
1029 3563 1215 3644 αὔριον
1295 3563 1583 3642 ἐξαρτύσας
1639 3563 1708 3619 τὰ
1761 3562 1879 3618 κατ’
1934 3559 2032 3615 αύ-

368 3664 468 3718 τὸν
498 3659 828 3726 διετάττετο,
858 3653 938 3713 ἔτι
988 3659 1086 3726 τῆς
1143 3652 1421 3729 βασιλείου
1462 3654 1667 3722 σκηνῆς
1726 3650 1874 3714 ἐντὸς
1905 3660 2034 3714 καθ-

384 3746 693 3821 ιστάμενος,
727 3746 892 3802 ὁπότε
936 3744 1121 3800 καὶτὸ
1177 3741 1238 3797 ἐκ
1291 3746 1401 3797 τῶν
1463 3739 1726 3795 συνόντων
1788 3740 2036 3805 Σκυθῶν,

378 3842 490 3894 τῶν
529 3833 742 3906 Ούζων,
775 3832 945 3910 φημὶ,
980 3829 1102 3896 δὲος
1155 3829 1556 3907 ἀφαιρούμενος
1615 3827 1763 3903 ὅρκῳ
1819 3827 2039 3896 συνήθει

380 3935 489 3998 τῆς
519 3927 692 3995 αὑτῆς
720 3922 1010 4000 θρησκείας
1067 3919 1228 3976 αὐτὸν
1286 3917 1749 3997 κατησφαλίσατο.
1783 3917 1867 3973 Ἑν
1928 3914 2040 3987 ὅσῳ

389 4014 452 4071 ὂὶ
509 4015 577 4070 τὰ
626 4017 849 4069 τοιαῦτα
907 4009 1199 4088 ἐπράττετο
1275 4007 1366 4064 καὶ
1424 4008 1478 4062 οἱ
1535 4010 1858 4082 στρατιῶται
1905 4005 2042 4059 κατὰ

393 4104 573 4174 ταξεις
604 4103 686 4157 καὶ
713 4102 924 4178 λόχους
953 4100 1042 4156 ἐπὶ
1065 4105 1172 4155 τῶν
1209 4097 1394 4154 ’ίππων
1454 4096 1734 4177 ἐφίσταντο
1793 4089 2040 4162 ἔνοπλοι,

389 4186 646 4266 πρέσϐεις
696 4191 831 4260 ἧκον
891 4188 951 4244 ἐκ
999 4193 1098 4244 τοῦ
1130 4186 1428 4244 σουλτάνου
1457 4188 1556 4254 τὴν
1589 4185 1810 4258 εἰρήνην
1864 4183 2043 4259 ἀμφο-

377 4284 565 4358 τόροις
625 4277 1172 4354 ἕπικηρυκευόμενοι.
1234 4278 1296 4334 Ὁ
1355 4273 1413 4331 δὲ
1495 4274 1747 4352 βασιλεὺς
1832 4271 2044 4346 ἐδέξατο

385 4374 484 4447 μὶν
546 4369 744 4432 αὐτοὺς
800 4370 892 4425 καὶ
947 4367 1128 4444 λόγων
1179 4366 1365 4429 αὐτοῖς
1396 4365 1487 4421 καὶ
1518 4365 1702 4438 νόμων
1760 4368 1866 4418 τῶν
1916 4383 2047 4438 πρε-

386 4457 666 4537 σϐυτέρων
712 4455 1037 4533 μετὲδωκεν,
1071 4458 1134 4512 ού
1164 4455 1304 4512 πάνυ
1360 4454 1418 4511 δὲ
1462 4454 1688 4517 τούτους
1732 4452 2050 4532 φιλανθρώ-

386 4572 507 4614 πως
540 4547 779 4623 ἐδὲξατο.
813 4550 1009 4622 ’Ὀμως
1035 4545 1084 4602 δ’
1113 4545 1204 4602 οὖν
1247 4543 1625 4609 συνεπινεύσας
1673 4544 1766 4599 καὶ
1821 4542 2048 4616 σταυρὸν

2112 611 2343 667 Sultani
2371 614 2650 671 adversus
2677 618 3090 688 imperatorem
3145 621 3390 676 adventu
3416 638 3553 678 cum
3584 624 3775 680 omni-

2115 701 2226 756 bus
2248 700 2372 757 suis
2398 720 2500 774 per
2516 703 3000 778 Mesopotamiam
3015 707 3168 764 haud
3188 709 3439 782 gloriose
3452 713 3775 784 fugientem

2113 789 2171 845 in
2223 791 2620 848 Romanorum
2673 795 2970 866 regionem
3005 798 3314 866 invasisse,
3371 801 3536 857 nulla
3585 819 3776 874 neque

2115 879 2340 935 domini
2359 881 2449 936 sui
2471 900 2659 955 neque
2687 884 2917 941 honesti
2945 885 3146 942 habita
3169 889 3414 945 ratione.
3447 895 3777 962 Imperator

2117 968 2321 1041 igitur,
2356 975 2420 1024 ut
2444 973 2849 1041 constituerat,
2883 977 3036 1030 696
3069 977 3354 1033 instructo
3385 979 3458 1034 ad
3507 980 3774 1052 praelium

2119 1058 2177 1114 in
2214 1065 2511 1131 posterum
2560 1063 2715 1118 diem
2749 1065 3028 1133 exercitu,
3062 1084 3201 1122 suas
3233 1085 3324 1122 res
3365 1070 3775 1141 componebat,

2120 1148 2483 1206 adhucintra
2495 1151 2712 1223 regium
2733 1153 3166 1212 tabernaculum:
3183 1157 3780 1231 consistens,quando

2121 1253 2154 1291 a
2185 1237 2442 1310 Scythis,
2476 1238 2608 1296 Uzis
2638 1241 2904 1313 inquam,
2939 1244 3038 1314 qui
3070 1261 3204 1302 cum
3237 1246 3368 1318 ipso
3406 1252 3592 1316 erant,
3623 1253 3780 1305 metu

2121 1325 2428 1395 liberatus,
2464 1331 3146 1403 consuetojurejurando
3167 1334 3357 1404 ipsum
3389 1337 3779 1395 conﬁrmavit.

2122 1415 2349 1471 Interea
2383 1418 2522 1472 dum
2558 1419 2680 1474 haec
2733 1420 2940 1476 ﬁerent
2969 1427 3026 1478 et
3057 1423 3276 1480 milites
3333 1430 3392 1482 et
3440 1427 3678 1484 ordines
3712 1445 3781 1485 ac

2123 1503 2411 1576 manipuli
2462 1507 2674 1563 armati
2720 1509 2777 1564 in
2809 1511 2980 1581 equis
3024 1513 3439 1582 consisterent,
3472 1532 3505 1571 a
3536 1515 3784 1574 Sultano

2121 1591 2294 1664 legati
2350 1611 2579 1666 venere,
2613 1597 2713 1668 qui
2761 1615 2964 1670 pacem
3005 1601 3274 1673 utrisque
3317 1605 3780 1676 annuntiarent;

2126 1699 2275 1755 quos
2306 1683 2546 1755 quidem
2579 1685 2900 1758 imperator
2927 1690 3236 1762 excepit,et
3253 1691 3610 1765 colloquium
3634 1695 3782 1767 ipsis

2125 1775 2453 1830 secundum
2479 1774 2786 1848 legationis
2804 1779 2906 1850 jus
2930 1779 3264 1852 impertitus
3285 1786 3395 1851 est,
3435 1794 3563 1841 non
3582 1789 3782 1842 tamen

2124 1878 2225 1918 eos
2247 1863 2500 1936 benigne
2521 1869 2579 1921 et
2604 1866 2859 1922 humane
2877 1869 3165 1925 tractavit.
3200 1870 3615 1930 Verumtamen
3644 1891 3780 1932 cum

2126 1953 2591 2023 consensissent,
2623 1971 2856 2012 crucem
2887 1957 3004 2012 illis
3032 1958 3294 2029 tradidit,
3326 1978 3441 2034 qua
3471 1964 3784 2020 ostenden-

2127 2040 2203 2096 da
2251 2046 2682 2100 reverterentur
2737 2045 3066 2103 incolumes
3124 2052 3182 2104 et
3238 2049 3426 2121 illaesi,
3459 2069 3493 2107 a
3540 2053 3785 2109 Sultano

2128 2147 2412 2202 responsa
2438 2135 2778 2191 referentes.
2794 2135 3060 2207 Speravit
3081 2138 3234 2194 enim
3260 2139 3558 2212 insperato
3579 2143 3787 2198 nuntio

2129 2220 2339 2292 elatus,
2373 2221 2493 2278 fore
2525 2227 2589 2278 ut
2619 2223 2900 2280 Sultanus
2933 2226 3134 2283 relicto
3175 2230 3410 2301 proprio
3459 2237 3788 2288 castrorum

2132 2310 2256 2366 loco
2281 2310 2530 2367 ulterius
2557 2328 2905 2385 progressus
2931 2321 3124 2372 castra
3147 2323 3409 2389 poneret,
3442 2325 3500 2375 et
3530 2321 3656 2392 ipse
3687 2339 3789 2378 eo-

2133 2399 2264 2454 dem
2317 2399 2374 2454 in
2427 2401 2551 2456 loco
2604 2402 2700 2457 ubi
2755 2403 2918 2474 prius
2977 2404 3261 2463 Sultanus
3311 2409 3522 2464 fuisset
3568 2411 3788 2467 vallum

2133 2494 2590 2558 construeret,et
2613 2496 2749 2547 tunc
2773 2493 2843 2548 ad
2874 2497 3362 2552 consentiendum
3393 2498 3504 2554 sibi
3539 2505 3596 2556 et
3627 2501 3790 2571 pacis

2137 2579 2327 2634 foedus
2353 2581 2803 2650 percutiendum~
2834 2585 3132 2641 accederet
3157 2611 3170 2652 ;
3205 2604 3394 2659 neque
3424 2589 3792 2646 animadver-

2136 2669 2208 2722 tit
2229 2684 2291 2723 se
2315 2685 2430 2740 prae
2454 2670 2637 2726 animi
2675 2671 2928 2728 elatione
2949 2673 3250 2730 victoriam
3274 2675 3544 2733 hostibus
3576 2695 3788 2735 conce-

2137 2758 2294 2824 dere,
2329 2761 2830 2831 quemadmodum
2866 2762 2903 2816 ii
2933 2764 3031 2833 qui
3075 2764 3218 2820 talia
3247 2771 3518 2824 accurate
3564 2769 3789 2825 exami-

2136 2855 2278 2904 nant
2307 2849 2593 2920 conjicere
2615 2867 2990 2918 consuevere,
3009 2870 3144 2909 cum
3171 2855 3432 2912 misisset
3462 2857 3577 2930 ipsi
3606 2859 3790 2916 telum

2139 2939 2296 3010 quod
2330 2940 2580 2996 maxime
2629 2941 2699 2996 ad
2750 2941 3058 2998 victoriam
3111 2944 3362 3017 pertinet
3409 2952 3465 3003 et
3511 2947 3674 3005 illius
3705 2955 3795 3007 est

2138 3027 2733 3100 symbolum,crucem
2758 3031 3046 3088 videlicet.
3064 3033 3336 3090 Nondum
3364 3036 3537 3093 finem
3563 3038 3795 3110 habuit,

2140 3133 2329 3188 neque
2379 3117 2707 3189 legatorum
2759 3125 3128 3192 exspectatus
3178 3123 3368 3180 fuerat
3397 3126 3708 3196 adventus,
3739 3133 3799 3185 et

2141 3205 2383 3278 quidam
2416 3223 2486 3262 ex
2515 3207 2585 3263 iis
2620 3207 2718 3280 qui
2755 3210 3005 3266 maxime
3037 3211 3358 3269 familiares
3408 3220 3577 3271 erant
3604 3217 3796 3289 impe-

2141 3295 2400 3363 ratori,ei
2431 3299 2787 3368 persuadent
2835 3303 2899 3355 ut
2930 3316 3132 3372 pacem
3165 3301 3441 3374 negligat,
3475 3305 3646 3377 quasi
3674 3323 3797 3362 rem

2141 3403 2270 3459 quae
2311 3387 2602 3442 mendacii
2653 3387 2810 3443 haud
2861 3406 3068 3460 expers
3107 3390 3426 3464 deceptura
3474 3395 3554 3450 sit
3599 3396 3798 3468 potius

2142 3492 2317 3548 quam
2351 3475 2621 3532 utilitatis
2642 3477 2865 3549 aliquid
2890 3479 3040 3534 697
3086 3479 3334 3537 allatura
3358 3499 3372 3537 :
3399 3481 3606 3541 timere
3636 3484 3797 3541 enim

2141 3565 2597 3639 suspicabantur
2625 3566 2961 3639 Sultanum,
2995 3571 3149 3642 quod
3183 3588 3298 3627 non
3330 3572 3574 3630 idoneas
3598 3575 3798 3647 ecpias

2144 3655 2408 3724 haberet,
2442 3656 2543 3711 sed
2568 3662 2904 3728 exspectare
2925 3674 3025 3714 eos
3055 3659 3157 3730 qui
3178 3677 3212 3714 a
3232 3665 3394 3734 tergo
3426 3662 3802 3735 insequeren-

2145 3750 2327 3823 tur,et
2353 3746 2595 3801 obtentu
2629 3747 2790 3817 pacis
2811 3752 3042 3820 tempus
3075 3748 3328 3806 differre.
3364 3751 3452 3807 Illi
3483 3752 3665 3824 igitur
3693 3755 3792 3825 qui

2147 3851 2281 3890 cum
2327 3833 2567 3889 Sullano
2597 3841 2762 3890 erant
2810 3853 2912 3907 per
2940 3854 3004 3892 se
3035 3839 3282 3894 reversis
3312 3840 3521 3913 legatis
3552 3843 3624 3898 de
3655 3859 3796 3915 pace

2149 3923 2337 3995 colloq
2349 3923 2837 3996 uebantur,eamq
2849 3941 2918 3980 ue
2941 3926 3181 3982 omnino
3204 3927 3492 4001 integram
3515 3930 3641 3985 ﬁeri
3672 3937 3797 3987 stu-

2151 4014 2390 4070 debant.
2423 4013 2577 4084 lmpc
2590 4018 2743 4068 rator
2761 4017 2958 4070 autem
2977 4031 3092 4070 non
3109 4015 3333 4072 indicto
3357 4035 3461 4090 per
3476 4036 3799 4091 praeconem

2153 4101 2325 4169 bello,
2359 4119 2494 4157 cum
2528 4100 2843 4157 classicum
2878 4103 3208 4176 cecinisset,
3239 4110 3458 4163 temere
3489 4107 3805 4166 clamorem

2153 4191 2415 4247 sustulit.
2440 4193 2576 4258 Quae
2607 4192 2763 4247 fama
2789 4208 2921 4248 cum
2955 4194 3026 4248 ad
3062 4193 3261 4250 hostes
3293 4198 3674 4268 pervenisset,
3709 4216 3808 4255 eos

2158 4280 2408 4336 maxime
2456 4279 2724 4351 perculit.
2754 4279 2842 4335 Illi
2901 4281 3081 4353 igitur
3139 4282 3432 4342 instructa
3474 4291 3530 4343 et
3584 4293 3812 4344 armata

2156 4369 2350 4425 inutili
2369 4368 2752 4424 multitudine
2769 4368 3015 4426 ulterius
3028 4374 3626 4444 progrediebantur.A
3650 4381 3812 4451 tergo

2157 4476 2294 4517 vero
2319 4457 2463 4514 aciei
2486 4459 2558 4514 ad
2583 4457 2846 4530 praelium
2868 4459 3170 4517 instructae
3189 4465 3442 4535 speciem
3459 4467 3814 4537 prebebant.

2161 4549 2274 4605 Sed
2308 4547 2498 4620 magis
2529 4546 2614 4601 illi
2646 4547 2718 4602 ad
2761 4548 3105 4620 fugiendum
3157 4553 3625 4626 concitabantur,
3660 4557 3816 4628 quod

385 4639 578 4701 αὑτοῖς
627 4635 952 4694 δπιδὲδωκεν
999 4637 1138 4711 (ΤΑ),
1182 4633 1275 4690 ’ἱνα
1321 4638 1389 4709 τῇ
1436 4631 1690 4705 ἐπιδείξει
1750 4627 2029 4688 ἀϐλαϐλεῖι

2163 4638 2427 4694 viderent
2445 4641 2841 4693 Romanorum
2861 4637 3188 4712 phalanges
3224 4641 3548 4702 instructas
3569 4646 3639 4701 ad
3672 4662 3818 4717 prae-

393 4730 534 4803 πρὸς
591 4727 752 4784 αὐτὸν
811 4727 1214 4802 ὑποστρέψωσι,
1273 4725 1599 4799 κομίζοντες
1665 4721 1926 4798 ἀγγελίας
1991 4718 2052 4784 ἃς

390 4818 453 4874 ἢν
511 4815 576 4872 ἔκ
629 4820 726 4871 τοῖ’)
782 4815 1083 4872 σουλτάνου
1131 4815 1418 4870 πύθοιντο.
1471 4810 1762 4882 Δεδήλωκε
1817 4811 1916 4887 γὰρ
1975 4814 2056 4883 τῷ

394 4905 709 4979 ἀνελπίστῳ
763 4909 862 4960 τοῦ
918 4904 1238 4978 μηνύματος
1297 4901 1569 4979 ἐπαρθεὶς,
1596 4897 1668 4954 ἵν’
1698 4901 1725 4955 ὁ
1757 4899 2055 4961 σουλτάνος

387 4994 717 5053 καταλιπὼν
752 4994 844 5050 τὸν
870 4995 1041 5050 τόπον
1071 4996 1172 5064 τῆς
1233 4991 1373 5056 ἰδίας
1418 4985 1780 5068 παρεμϐολῆς
1838 4988 2056 5066 πόρῥω-

389 5085 543 5160 τέρω
575 5081 1125 5160 στρατοπεδεύσηται,
1158 5083 1186 5137 ὁ
1219 5079 1276 5138 δὲ
1325 5078 1580 5157 βασιλεὺς
1637 5078 1688 5134 ἐν
1738 5078 1925 5152 ἐκείνῳ
1980 5082 2061 5151 τῷ

391 5175 557 5247 τόπῳ
587 5174 649 5236 ’ὃς
679 5175 771 5229 τὸν
829 5171 1127 5229 σουλτάνον
1188 5171 1305 5248 εἶχε
1358 5170 1622 5246 πρότερον
1683 5168 2058 5244 ἐπικαταπήξῃ

395 5265 494 5320 τὸν
564 5261 799 5340 χάρακα,
843 5267 927 5337 [Ρ.
976 5265 1104 5337 840]
1161 5265 1460 5333 τηνικαῦτα
1512 5258 1650 5330 πρὸς
1705 5253 2063 5330 συμϐιϐάσεις

395 5353 552 5427 αὐτῷ
581 5354 863 5430 χωρήσας.
897 5350 1101 5416 Ἐλαθε
1126 5347 1185 5406 δὶ
1219 5352 1319 5422 τὴν
1363 5350 1518 5421 νίκην
1570 5349 1674 5404 ὑπὸ
1735 5347 2061 5426 ὑψηλοφρο-

387 5444 560 5515 σύνης
585 5447 703 5506 τοῖς
755 5441 1020 5504 ἐναντίοις
1071 5439 1532 5514 καταπροέμενος,
1565 5438 1747 5503 καθὼς
1818 5438 1875 5492 οἱ
1933 5438 2060 5516 περὶ

2164 4728 2313 4784 lium
2339 4726 2544 4782 ordine
2576 4727 2865 4798 progredi.
2901 4729 2971 4783 Et
2999 4728 3085 4783 illi
3115 4730 3355 4800 quidem
3410 4737 3565 4790 retro
3595 4751 3824 4806 proces-

2166 4817 2727 4887 serunt.1mperator
2746 4820 2942 4872 autem
2968 4833 3098 4871 cum
3122 4817 3283 4872 omni
3305 4821 3563 4876 exercitu
3593 4838 3628 4877 a
3659 4826 3823 4894 tergo

2164 4907 2328 4979 ipsos
2377 4909 2722 4977 persecutus
2771 4907 2879 4973 est,
2930 4906 3123 4977 quoad
3175 4907 3363 4963 noctis
3409 4913 3820 4983 crepusculum

2169 4993 2420 5051 advenit.
2455 4994 2600 5049 Cum
2623 4993 2946 5066 imperator
2971 4994 3338 5052 adversarios
3361 5015 3477 5053 non
3499 4998 3826 5073 habuisset,

2170 5101 2360 5156 neque
2381 5083 2484 5156 qui
2508 5083 2618 5137 sibi
2647 5083 2900 5156 oppositi
2931 5091 3350 5157 repugnarent,
3368 5088 3831 5162 offendissettu

2170 5190 2353 5230 vacua
2374 5190 2408 5228 a
2430 5172 2720 5228 militibus
2755 5175 2948 5227 castra
2971 5177 3028 5227 et
3053 5190 3086 5226 a
3115 5175 3487 5245 custodibus,
3521 5179 3674 5248 quod
3706 5179 3830 5235 ido-

2172 5280 2280 5320 neo
2312 5279 2558 5319 numero
2591 5261 2788 5317 minus
2820 5261 3166 5332 abundaret,
3191 5266 3257 5318 ut
3287 5269 3485 5335 posset
3516 5267 3596 5322 ibi
3630 5267 3836 5340 praesi-

2173 5354 2270 5408 dia
2301 5351 2653 5422 relinquere,
2703 5351 2912 5407 statuit
2963 5350 3115 5406 haud
3171 5352 3432 5425 amplius
3475 5372 3605 5413 esse
3637 5373 3836 5430 perse-

2175 5442 2503 5514 quendum,
2537 5457 2607 5496 ne
2637 5455 2700 5496 se
2731 5439 3193 5512 incompositum
3217 5441 3417 5500 Turcae
3450 5447 3839 5519 aggrederen-

1718 5574 1964 5632 JACOBI
2007 5576 2234 5633 GOARI
2273 5575 2511 5635 ΝΟΤιΕ.

455 5681 572 5754 (24)
605 5677 873 5754 Qualiter
900 5693 1046 5754 crux
1076 5675 1138 5732 in
1169 5674 1377 5732 charta
1405 5675 1640 5747 depicta
1669 5675 1750 5732 sit
1777 5674 1914 5731 fidei
1945 5675 2096 5733 datae
2128 5677 2342 5750 pignus
2363 5679 2422 5731 et
2443 5673 2840 5747 jurisjurandi
2875 5675 3236 5749 symbolum,
3271 5683 3416 5735 nota
3462 5680 3537 5736 ad
3586 5675 3840 5737 Cedreni

393 5751 592 5830 p.527
623 5751 945 5810 edisserui.

725 5879 996 5943 Ριτιιοι.
1044 5877 1156 5939 Gn.
1206 5874 1448 5939 CXXII.

3447 5877 3526 5939 14
