4122 6454
352 407 470 466 42-7

1700 406 2029 469 JOANMS
2073 405 2480 466 SCYLl'l‘Z/E

3668 410 3788 469 428

353 543 469 607 tur,
523 538 701 594 simul
755 538 1158 611 considerans,
1217 540 1267 596 si
1318 540 1574 614 amplius
1614 543 1990 596 cunctaretur

2126 537 2193 591 τὰ
2249 539 2471 590 τοιαῦτα
2530 531 2938 613 διακριϐοὖντες
2991 533 3392 610 συμϐάλλουσι,
3450 541 3512 595 τὸ
3570 563 3788 612 νικητι-⁹

353 629 466 686 sibi
492 633 978 700 superventuram
1015 634 1268 696 noctem,
1289 634 1348 685 et
1376 635 1516 686 tunc
1539 631 1762 686 Turcos
1787 629 2022 685 eminus

346 719 638 791 jacientes
669 736 698 774 θ
730 719 868 791 fuga
909 720 1221 774 redituros.
1257 719 1358 775 His
1390 720 1461 775 de
1493 720 1710 787 causis,
1743 734 2020 774 converso

353 807 514 880 regio
546 807 740 880 signo,
777 808 1048 880 praecepit
1081 807 1295 863 milites
1343 809 1548 864 redire.
1585 811 1802 862 Verum
1839 807 1879 862 ii
1913 805 2016 878 qui

353 897 558 970 procul
593 897 745 952 698
776 897 1097 970 phalanges
1127 897 1444 965 habebant,
1477 897 1801 969 conspicati
1846 895 2017 967 signa

355 994 509 1044 retro
557 1005 838 1044 conversa
886 987 1111 1042 cladem
1173 989 1243 1042 ab
1303 988 1655 1060 imperatore
1714 991 2014 1058 acceptam

355 1077 638 1148 suspicati
665 1081 954 1133 sunt.lmo
976 1094 1108 1132 vero
1124 1077 1362 1149 quidam
1382 1078 1534 1132 exiis
1557 1077 1658 1148 qui
1674 1077 1723 1132 ei
1747 1077 2012 1140 aderant,

353 1165 727 1221 Andronicus
785 1166 1029 1226 Caesaris
1089 1165 1643 1237 ﬁliusimperatoris
1707 1163 2009 1236 patruelis,

351 1258 488 1310 ante
517 1255 838 1310 meditatus
871 1254 1141 1321 insidias,
1178 1253 1305 1326 ipse
1336 1271 1440 1326 per
1468 1272 1530 1310 se
1563 1254 1737 1310 talem
1791 1254 2008 1308 famam

350 1344 783 1414 disseminavit,
805 1348 1016 1399 etcum
1042 1344 1333 1399 militibus
1356 1361 1505 1416 quos
1528 1345 1780 1399 habebat
1801 1342 1913 1398 cito
1937 1343 2007 1397 ad

349 1438 544 1489 castra
566 1449 628 1488 se
650 1433 938 1503 contulit;
964 1449 1136 1504 quem
1182 1433 1390 1504 reliqui
1432 1449 1667 1505 quoque
1690 1431 1904 1487 imitati
1936 1432 2006 1486 ad

349 1537 534 1576 unum
563 1537 768 1577 omnes
800 1524 1019 1593 fugere.
1056 1524 1381 1594 Imperator
1404 1527 1597 1576 autem
1632 1521 2006 1593 conspicatus

349 1611 405 1665 id
447 1613 600 1682 quod
637 1617 857 1668 temere
889 1613 1072 1680 ﬁeret,
1107 1629 1345 1667 suorum
1385 1612 1604 1684 fugam,
1639 1618 1704 1667 ut
1735 1629 1862 1668 mos
1893 1616 2002 1678 est,

352 1715 452 1755 eos
476 1715 777 1768 revocans,
811 1700 1059 1756 sistebat
1083 1718 1094 1756 :
1122 1716 1326 1756 verum
1353 1718 1523 1756 nemo
1547 1700 1826 1756 obediens
1856 1704 2003 1755 erat.

347 1788 678 1844 Adversarii
703 1805 837 1844 vero
860 1788 920 1843 in
945 1788 1194 1844 tumulis
1216 1790 1625 1854 consistentes,
1660 1805 1792 1844 cum
1825 1787 1999 1844 vidis-

348 1882 555 1937 sentid
579 1883 734 1952 quod
772 1881 929 1938 nulla
969 1883 1194 1938 ratione
1235 1884 1415 1954 ﬁeret,
1449 1888 1686 1954 repente
1717 1884 2004 1938 Romano-

346 1987 480 2026 rum
513 1971 903 2027 infortunium
935 1971 1180 2027 Sultano
1229 1973 1492 2028 studiose
1526 1973 1868 2029 renuntiant
1901 1990 1913 2027 :
1946 1977 2003 2027 et

346 2061 419 2116 ad
441 2061 802 2116 redeundum
827 2061 1142 2129 concitant,
1163 2063 1380 2134 quippe
1399 2063 1518 2132 jam
1543 2066 1596 2117 et
1620 2062 1746 2134 ipse
1770 2061 2000 2134 fugiens

343 2167 376 2205 a
407 2150 532 2205 suis
553 2150 762 2206 castris
783 2150 982 2221 procul
1008 2151 1232 2206 aberat.
1264 2152 1477 2206 Statim
1505 2152 1685 2223 igitur
1724 2169 1860 2207 cum
1893 2151 2001 2206 im-

343 2245 608 2312 peratore
638 2257 767 2296 acre
801 2241 1065 2310 przelium
1100 2242 1302 2296 initur.
1335 2249 1594 2314 Cumque
1625 2260 1762 2298 suos
1787 2242 2001 2313 jussis-

340 2335 430 2384 set
482 2329 723 2385 minime
753 2330 956 2386 cedere
1008 2345 1197 2402 neque
1230 2331 1485 2386 molliter
1515 2331 1738 2403 aliquid
1787 2332 1996 2402 facere,

341 2419 442 2474 sed
475 2423 746 2475 strenuos
777 2425 835 2474 et
867 2419 1043 2474 fortes
1073 2419 1228 2476 viros
1259 2437 1322 2476 se
1353 2420 1996 2493 praebere,aliquandiu

340 2507 572 2563 fortiter
601 2508 834 2563 restitit.
867 2507 980 2564 Sed
1019 2526 1154 2564 cum
1186 2509 1420 2565 interim
1453 2510 1554 2565 alii
1585 2516 1746 2565 extra
1777 2510 1996 2566 vallum

342 2596 936 2669 fugerent,explorata
970 2598 1125 2653 fama
1155 2599 1355 2654 minus
1378 2599 1751 2664 audiebatur,
1777 2600 1997 2671 quippe

342 2701 476 2740 cum
495 2685 593 2740 alii
617 2685 775 2741 aliud
800 2687 1162 2753 nuntiarent,
1197 2687 1256 2742 hi
1280 2686 1527 2755 cladem,
1563 2688 1648 2742 illi
1671 2688 1995 2758 victoriam,

341 2781 400 2830 et
436 2775 687 2830 obscura
726 2781 902 2846 atque
930 2775 1154 2834 incerta
1192 2777 1589 2845 dissererent;
1626 2778 1780 2848 quod
1817 2777 1994 2832 etiam

341 2879 410 2918 ex
440 2863 884 2935 Cappadocibus
915 2864 1100 2935 aliqui
1130 2880 1233 2936 per
1265 2865 1455 2920 tribus
1504 2870 1558 2921 et
1598 2866 1792 2921 curias
1836 2867 1996 2922 abire

340 2957 729 3024 cmperunt,et
762 2952 926 3008 multi
959 2969 1027 3008 ex
1061 2954 1234 3025 regiis
1265 2954 1650 3025 equisonibus
1690 2973 1821 3010 cum
1850 2955 1997 3027 ipsis

338 3043 508 3113 equis
534 3043 993 3108 revertebantur,
1021 3060 1090 3098 ne
1122 3044 1384 3099 viderent
1407 3043 1815 3116 imperatorem
1853 3061 1994 3100 con-

336 3132 920 3203 tendentes.Eratque
941 3132 1120 3188 veluti
1155 3137 1350 3189 motus
1379 3139 1436 3188 et
1469 3133 1660 3189 luctus
1684 3139 1995 3206 metusque

335 3220 720 3287 incredibilis,
755 3220 961 3275 Turcis
1023 3223 1284 3293 undique
1331 3222 1484 3277 699
1535 3223 1990 3279 confluentibus.

2131 626 2372 679 κώτατον
2436 621 2716 699 σύμϐολον
2781 630 2892 700 (25)
2948 627 3280 690 ἀποστείλας
3338 628 3484 702 αὑτῷ
3506 630 3598 686 τὸν
3631 653 3790 688 σταυ-

2130 715 2237 789 ρόν.
2275 715 2444 771 Οῧπω
2499 713 2658 777 τέλος
2719 714 2874 792 ἔσχεν
2936 716 3050 772 οὐδ’
3083 719 3363 792 ἀναμονὴν
3415 721 3449 789 ἡ
3505 726 3613 776 τῶν
3663 722 3794 798 πρέ-

2129 799 2302 858 σϐεων
2353 803 2550 882 ἄφιξις,
2582 806 2669 859 καί
2729 827 2872 868 τινες
2929 810 3036 861 τῶν
3091 806 3394 882 ἐγγυτάτων
3455 809 3534 881 τῷ
3567 809 3791 884 βασιλεῖ

2126 894 2406 947 πείθουσιν
2437 893 2595 948 αὑτὸν
2657 889 3028 959 ἀποϐαλέσθαι
3087 897 3186 965 τήν
3249 896 3473 970 εἰρήνην
3531 899 3604 960 ὡς
3659 903 3789 973 ψευ-

2127 979 2356 1054 δομένην
2391 983 2452 1037 τὸ
2485 981 2638 1059 ἔργον
2685 984 2773 1038 καὶ
2830 985 3117 1039 ἀπατῶσαν
3165 983 3379 1058 μᾶλλον
3438 985 3473 1055 ἢ
3522 987 3584 1041 τὸ
3644 1008 3785 1062 συμ-

2125 1071 2283 1148 φέρον
2347 1071 2659 1127 ἐθέλουσαν·
2696 1070 2924 1128 δεδιέναι
2977 1075 3077 1150 γὰρ
3138 1070 3411 1131 ὑπέλαϐον
3459 1076 3550 1130 τὸν
3612 1076 3790 1132 σουλ-

2122 1161 2278 1216 τάνον
2315 1158 2402 1216 διὰ
2427 1162 2490 1216 τὸ
2523 1163 2598 1234 μή
2636 1160 2922 1237 ἀξιόλογον
2975 1162 3121 1238 ἔχειν
3186 1161 3438 1237 δύναμιν,
3471 1167 3783 1242 περιμένειν

2123 1246 2180 1304 δέ
2236 1250 2362 1311 τοὺς
2417 1251 2644 1307 κατόπιν
2704 1252 3068 1328 ἀφικομένους
3125 1253 3214 1307 καὶ
3273 1253 3352 1327 τῷ
3418 1257 3783 1331 προσχήματι

2119 1346 2218 1408 τῆς
2273 1340 2494 1414 εἰρήνης
2557 1341 2902 1414 μετεωρίζειν
2964 1343 3055 1396 τὸν
3116 1343 3342 1417 χρόνον.
3404 1345 3467 1398 Ol
3531 1345 3624 1417 μὲν
3685 1343 3780 1400 οὗν

2118 1430 2239 1502 περὶ
2298 1431 2389 1484 τὸν
2452 1429 2770 1496 σουλτανον,
2815 1431 2951 1485 κατά
3009 1435 3144 1508 σφᾶς
3195 1431 3392 1496 αὐτοὺς
3449 1432 3778 1499 ἐπανελθόνο

2115 1539 2225 1572 των
2281 1523 2388 1572 τῶν
2445 1515 2841 1595 πρέσϐεων,τά
2898 1521 3023 1594 περὶ
3080 1528 3180 1590 τῆς
3241 1522 3465 1597 εἰρήνης
3525 1523 3778 1596 ὡμίλουν

2116 1607 2203 1662 καὶ
2260 1609 2461 1677 ταύτην
2518 1609 2837 1684 ὁλοσχερῶς
2878 1609 3376 1685 ἐπραγματεῦοντο·
3411 1613 3439 1666 6
3499 1609 3556 1666 δὲ
3618 1613 3778 1687 βασι-

2116 1695 2241 1760 λεὺς
2275 1697 2540 1774 ἀκηρυκτὶ
2596 1698 2862 1760 σαλπίσας
2889 1701 2950 1754 τὸ
2981 1698 3228 1755 ἐνυάλιον
3287 1702 3377 1756 τὸν
3441 1705 3612 1774 μῦθον
3669 1723 3776 1756 πα-

2115 1785 2363 1862 ραλόγως
2417 1787 2700 1861 ἐκρότησε.
2773 1785 3166 1844 Καταλαϐοὖσα
3224 1787 3270 1845 δ’
3327 1793 3362 1860 ἡ
3423 1793 3583 1868 φήμη
3644 1791 3775 1854 τοὺς

2115 1875 2383 1938 ἐναντίους
2469 1875 2746 1950 ἐξέπληξε.
2801 1880 2948 1940 Τέως
3027 1877 3074 1933 δ’
3126 1877 3217 1934 οὖν
3299 1880 3773 1954 καθοπλισάμενοι

2108 1963 2198 2020 καὶ
2255 1965 2409 2021 αὐτοὶ
2466 1967 2528 2021 τὸ
2579 1965 2855 2041 ἄχρηστον
2917 1966 3131 2035 πλῆθος
3189 1969 3266 2032 εἷς
3320 1968 3566 2024 τούπίσω
3597 1991 3771 2046 προσ-

2111 2053 2368 2124 ήλαυνον,
2404 2055 2561 2110 αὐτοὶ
2595 2053 2652 2110 δὲ
2698 2056 2924 2111 κατόπιν
2985 2054 3192 2112 ἐδίδουν
3245 2058 3537 2136 φαντασίαν
3596 2057 3771 2114 πολε-

2115 2151 2281 2217 μικῆς
2337 2145 2706 2218 παρατάξεως,
2739 2146 2800 2200 τὸ
2833 2143 2889 2199 δὲ
2919 2145 3111 2200 πλεῖον
3173 2148 3320 2224 φυγή
3381 2168 3463 2210 τις
3521 2153 3776 2224 κατεῖχεν

2109 2233 2307 2295 αὐτοὺς
2366 2235 2788 2308 συντεταγμένας
2869 2233 3084 2297 ἰδόντας
3167 2241 3272 2290 τῶν
3322 2236 3603 2309 Ῥωμαίων
3671 2237 3773 2298 τὰς

2109 2323 2394 2400 φάλαγγας
2453 2323 2502 2377 ἐν
2564 2324 2704 2396 τάξει
2763 2324 2853 2378 καὶ
2911 2325 3104 2398 κόσμῳ
3163 2324 3472 2400 πολεμικῆς
3527 2327 3776 2401 παρατά-

2109 2412 2258 2482 ξεως.
2297 2413 2392 2466 Καὶ
2425 2414 2477 2466 οἱ
2513 2413 2608 2485 μὶν
2649 2413 2921 2487 προῄεσαν
2977 2414 3050 2475 εἰς
3112 2414 3377 2484 τούπίσω,
3429 2417 3457 2469 ὁ
3505 2413 3562 2470 δὲ
3616 2417 3773 2489 βασι-

2109 2501 2233 2562 λεὺς
2273 2507 2606 2577 πανστρατιᾷ
2653 2503 2879 2557 κατόπιν
2931 2504 3110 2558 αὐτῶν
3170 2501 3487 2572 ἐπεδίωκεν,
3516 2502 3622 2566 ἕως
3668 2503 3776 2580 ἄρα

2105 2592 2293 2664 καιρὸς
2329 2589 2517 2660 δείλης
2569 2591 2728 2664 ὀψίας
2786 2587 3108 2648 κατέλαϐον.
3145 2595 3276 2648 Επεὶ
3331 2591 3378 2648 δ’
3427 2595 3454 2648 6
3513 2592 3774 2668 βασιλεὺς

2104 2680 2232 2742 τοὺς
2266 2680 2748 2756 ἀντιτεταγμένους
2783 2681 2880 2736 οὐκ
2930 2682 3046 2758 εἶχε
3103 2682 3191 2737 καὶ
3245 2683 3769 2756 ἀντιπολεμοῦντας,

2103 2771 2203 2838 τὴν
2283 2766 2340 2822 δὲ
2406 2764 2770 2844 παρεμϐολὴν
2847 2769 3196 2844 ἐψιλωμένην
3266 2777 3612 2847 στρατιωτῶν
3673 2775 3767 2828 καὶ

2105 2856 2498 2933 πεζοφυλακων
2557 2859 2813 2933 ἐγίνωσκε
2863 2857 2952 2914 διὰ
3001 2862 3061 2914 τὸ
3113 2859 3243 2933 μηδ’
3281 2861 3529 2936 εὐπορεῖν
3578 2862 3766 2917 ἱκανοῦ

2105 2947 2357 3016 πλήθους
2393 2947 2529 3002 ὥστε
2585 2950 2673 3002 καὶ
2725 2949 3045 3024 παρατάξεις
3094 2949 3144 3004 ἐν
3193 2950 3362 3024 ταύτῃ
3421 2950 3765 3020 καταλιπεῖν,

2105 3034 2212 3106 ἤδη
2261 3037 2829 3112 προεξαντληθέντων,
2872 3039 2946 3099 ὡς
2995 3037 3440 3112 προδιείληπται,
3485 3038 3622 3116 ἔγνω
3683 3043 3764 3112 μὴ

2105 3125 2192 3180 ἐπὶ
2226 3124 2416 3180 πλεῖον
2460 3126 2719 3181 ἐπιτεῖναι
2764 3130 2863 3197 τήν
2902 3125 3106 3201 δίωξιν,
3134 3126 3226 3183 ’ίνα
3278 3130 3354 3202 μὴ
3403 3129 3569 3204 ταύτῃ
3626 3131 3764 3207 ἀφυ-

2105 3213 2321 3278 λάκτως
2379 3216 2429 3269 οἱ
2489 3221 2721 3291 Τοῦρκοι
2783 3215 3099 3284 ἐπίοωνται,
3130 3219 3222 3272 καὶ
3278 3219 3391 3292 ἅμα
3423 3215 3767 3290 διασκοπῶν,

336 3310 526 3372 Quare
574 3283 791 3380 singuli
851 3310 1092 3382 perinde
1141 3283 1206 3366 ac
1265 3316 1534 3383 poterant
1591 3313 1700 3368 sibi
1742 3311 1990 3368 salutem

2106 3304 2150 3358 εἰ
2211 3305 2296 3359 ἐπὶ
2351 3304 2516 3359 πλέον
2594 3283 3013 3380 ἐκμακρυνθείη,
3063 3283 3432 3380 καταλήψεται
3507 3306 3664 3362 αὐτὸν

339 3398 1133 3470 ᾳυωτοῢειηῐ.Ρει-εερυοοιθε
1156 3417 1290 3456 vero
1315 3400 1514 3456 hostes
1541 3400 1687 3456 alios
1709 3402 1994 3472 occidere,

341 3486 486 3542 alios
513 3487 675 3543 vivos
712 3503 936 3559 capere,
969 3487 1114 3544 alios
1155 3489 1402 3559 pedibus
1434 3489 1797 3546 conculcare.
1831 3491 1995 3546 Erat-

341 3590 457 3646 que
487 3591 579 3631 res
629 3576 946 3632 admodum
1004 3577 1378 3634 miseratione
1409 3579 1606 3650 digna,
1641 3596 1997 3651 omnemque

342 3663 822 3720 lamentationem
857 3681 1215 3737 exsuperans
1243 3672 1421 3738 atque
1451 3684 1686 3722 omnem
1710 3669 1991 3725 dolorem.

345 3753 490 3809 Cum
503 3753 1066 3826 veroimperatorem
1093 3755 1852 3826 circumstetissenthostes,
1877 3776 1992 3814 non

338 3842 541 3899 statim
571 3842 761 3915 ipsum
797 3861 1020 3916 cepere,
1054 3844 1267 3916 quippe
1298 3845 1398 3917 qui
1432 3845 1512 3901 rei
1564 3847 1802 3902 militari
1836 3848 1992 3919 peri-

335 3935 432 3987 tus
447 3949 512 3988 ac
526 3931 841 3988 bellicosus
857 3932 1160 4005 multaque
1183 3935 1441 4005 pericula
1463 3940 1735 4006 expertus
1757 3943 1992 3994 strenue

333 4037 397 4076 se
419 4021 791 4089 defendebat,
824 4022 1142 4093 multisque
1166 4023 1376 4079 occisis
1398 4025 1466 4079 ad
1505 4030 1831 4081 extremum
1864 4025 1990 4096 ipse

329 4109 391 4163 in
417 4126 595 4166 manu
620 4110 815 4183 gladio
838 4127 1156 4183 percussus
1177 4115 1285 4182 est,
1318 4117 1375 4168 et
1402 4113 1767 4185 equojaculo
1796 4119 1986 4170 trans-

329 4198 444 4254 fixo
473 4201 650 4271 pedes
704 4201 1028 4273 pugnabat.
1061 4201 1480 4257 Verumtamen
1529 4202 1880 4275 defatigatus
1912 4205 1984 4259 ad

322 4303 630 4360 vesperam
663 4291 977 4361 capitur,et
1002 4294 1278 4360 captus,o
1311 4290 1711 4346 incredibilem
1745 4291 1984 4347 calami-

321 4380 528 4443 tatem,
578 4376 945 4433 clarissimus
997 4378 1391 4434 Romanorum
1443 4379 1760 4450 imperator
1813 4385 1982 4435 nocte

317 4463 442 4530 illa,
475 4483 636 4538 a’que
668 4472 844 4538 atque
875 4466 1046 4522 multi
1075 4466 1196 4535 alii,
1229 4468 1394 4523 humi
1436 4469 1665 4539 jacens,
1701 4468 1826 4524 sine
1860 4469 1978 4524 ullo

301 4542 557 4626 honore,
593 4557 782 4612 multa
815 4573 949 4611 cum
984 4556 1360 4612 miseratione
1392 4557 1695 4624 dormivit,
1728 4558 1976 4613 infinitis

2098 3393 2215 3463 νὺξ,
2249 3393 2336 3448 καὶ
2371 3397 2665 3463 τηνικαῦτα
2710 3395 2761 3448 οἳ
2817 3398 3048 3469 Τοῦρκοι
3107 3394 3477 3470 παλίντροπον
3533 3399 3767 3467 θήσουσι

2102 3484 2202 3552 τὴν
2236 3485 2412 3560 φυγήν
2462 3477 2725 3552 ἓκηϐόλοι
2773 3485 3150 3559 τυγχάνοντες.
3183 3485 3280 3539 Διά
3329 3482 3396 3554 δὴ
3448 3488 3617 3541 ταῦτα
3669 3487 3765 3543 καὶ

2105 3572 2200 3639 τήν
2249 3571 2536 3646 βασιλικὴν
2597 3571 2836 3645 σημαίαν
2896 3571 3218 3647 ἐπιστρέψας
3277 3573 3470 3629 νόστου
3529 3573 3762 3648 ἐπιμνη-

2105 3670 2296 3731 σθῆναι
2351 3661 2740 3737 παρήγγειλεν.
2801 3663 2869 3719 Ol.
2927 3660 2984 3717 δέ
3040 3662 3230 3739 πόρῥω
3297 3664 3393 3726 τὰς
3474 3663 3757 3742 φάλαγγας

2105 3749 2324 3826 ἔχοντες
2384 3755 2732 3824 στρατιῶται,
2780 3753 2874 3812 τὰς
2933 3751 3171 3824 σημαίας
3233 3750 3439 3818 ἰδόντες
3492 3753 3757 3830 όπισθυρ-

2107 3843 2335 3914 μήτους,
2385 3844 2547 3910 ἧτταν
2623 3841 2755 3894 εἶναι
2814 3841 2876 3895 τὸ
2928 3847 3152 3917 πρᾶγμα
3214 3840 3507 3918 βασιλικὴν
3569 3843 3758 3898 ὑπετό-

2101 3953 2295 3987 πασαν.
2331 3927 2556 3986 Μᾶλλον
2606 3927 2663 3984 δέ
2705 3951 2785 3992 τις
2835 3934 2942 3986 τῶν
2985 3927 3378 4008 ἐφεδρευόντων
3427 3932 3588 4004 αὐτῷ,
3622 3933 3748 3987 Ἀνο

2101 4019 2351 4096 δρόνικος
2383 4021 2410 4074 6
2449 4024 2545 4075 τοῦ
2579 4020 2842 4094 Καίσαρος
2879 4021 2972 4092 μὲν
3035 4021 3170 4088 υἱὸς,
3202 4025 3310 4075 τῶν
3367 4019 3425 4076 δὶ
3483 4020 3752 4098 βασιλέων

2099 4107 2415 4186 ἐξάδελφος,
2475 4103 3020 4182 προϐεϐουλευμένην
3084 4107 3228 4184 ἔχων
3288 4111 3387 4179 τήν
3448 4106 3754 4180 ἐπιϐουλὴν

2097 4198 2256 4260 αὐτὸς
2313 4197 2381 4253 δι’
2412 4198 2603 4252 ἑαυτοῦ
2657 4198 2750 4252 τόν
2806 4201 3057 4252 τοιοῦτον
3091 4196 3259 4274 λόγον
3316 4197 3606 4277 διέσπειρε,
3659 4201 3754 4256 καὶ

2093 4287 2220 4352 τοὺς
2277 4287 2400 4362 περὶ
2458 4286 2618 4342 αὐτὸν
2675 4288 3006 4362 στρατιώτας
3095 4283 3380 4343 ἀναλαϐὼν
3449 4289 3623 4365 ταχὺς
3680 4294 3752 4365 τῇ

2092 4373 2420 4452 παρεμϐολῇ
2464 4376 2770 4453 ἐφοίτησεν.
2818 4378 2880 4429 Ὃ
2923 4377 3014 4431 καὶ
3081 4378 3134 4432 οἱ
3185 4376 3369 4433 λοιποὶ
3433 4380 3756 4453 μιμησάμε-

2089 4489 2172 4522 νοι
2207 4469 2280 4526 εἷς
2322 4466 2506 4529 καθεὶς
2537 4466 2790 4541 ἀμαχητὶ
2819 4467 2920 4534 τήν
2954 4469 3131 4544 φυγὴν
3167 4469 3387 4541 [Ρ.841]
3409 4469 3753 4538 ἠσπάσαντο.

2087 4558 2142 4610 Ὁ
2176 4554 2232 4611 δὲ
2267 4554 2519 4630 βασιλεὺς
2545 4554 2674 4610 ἰδὼν
2701 4556 2761 4609 τὸ
2784 4554 3092 4630 παράλογον
3122 4554 3247 4627 ἔστη
3275 4558 3374 4626 τὴν
3395 4562 3504 4612 τῶν
3524 4557 3750 4612 οἰκείων

312 4661 634 4718 oppressus
687 4646 1142 4701 infortuniorum
1188 4647 1484 4702 fluctibus.
1522 4647 1809 4703 Postridie
1841 4664 1973 4702 vero

2102 4649 2280 4724 ρυγήν,
2317 4646 2389 4706 ὡς
2441 4644 2581 4711 ἔθος,
2639 4643 3102 4716 ἀνακαλούμενος.
3136 4647 3236 4700 Ἠν
3282 4643 3339 4701 δὲ
3387 4648 3414 4702 ὁ
3459 4646 3746 4702 ἐπακούων

308 4751 446 4790 cum
469 4736 713 4792 Sultano
739 4735 1110 4790 renuntiatus
1152 4735 1359 4790 fuisset
1398 4739 1607 4806 captus
1629 4735 1968 4806 imperator,

307 4823 646 4898 inexplebili
680 4827 933 4898 quadam
967 4825 1170 4881 laetitia
1202 4826 1476 4896 perfusus
1508 4829 1617 4890 est,
1647 4843 1835 4897 neque
1868 4827 1965 4881 ad-

303 4915 437 4971 duci
471 4921 700 4987 poterat
731 4921 795 4971 ut
825 4916 1088 4970 crederet
1138 4917 1380 4984 factum,
1415 4931 1535 4970 rem
1572 4931 1773 4970 secum
1835 4933 1966 4988 per-

301 5005 567 5073 pendens
589 5011 812 5077 quanta
831 5009 1008 5072 esset,
1034 5010 1166 5075 post
1189 5004 1407 5059 victum
1433 5003 1606 5058 talem
1632 5022 1699 5059 ac
1731 5010 1964 5060 tantum

301 5095 618 5150 exercitum
658 5096 852 5166 ipsum
884 5110 1119 5165 quoque
1151 5093 1560 5164 imperatorem
1586 5094 1876 5165 captivum
1910 5101 1968 5150 et

299 5180 412 5234 sibi
465 5183 798 5251 subjectum
854 5184 1137 5255 accipere.
1195 5183 1463 5237 Humane
1510 5188 1708 5237 tamen
1742 5181 1961 5238 factum

299 5271 1041 5343 reputans,victoriamque
1064 5289 1228 5343 sequo
1264 5271 1462 5326 animo
1490 5272 1702 5338 ferens,
1737 5276 1793 5326 et
1824 5290 1960 5344 pro-

296 5372 536 5428 sperum
570 5375 912 5415 successum
939 5361 1134 5432 potius
1174 5359 1542 5416 occasionem
1569 5361 1637 5415 ad
1677 5376 1806 5415 sese
1837 5360 1958 5416 col-

2082 4732 2274 4796 οὖδείς.
2309 4738 2430 4791 Τῶν
2482 4732 2528 4788 δ’
2560 4733 2818 4789 ἐναντίων
2875 4735 2926 4788 οἱ
2977 4733 3064 4788 ἐπὶ
3112 4733 3295 4812 λόφων
3349 4737 3648 4810 ἱστάμενοι,
3679 4738 3748 4792 τὸ

2077 4821 2393 4900 παράλογον
2427 4821 2630 4885 ἰδόντες
2675 4823 2929 4898 ἐξαίφνης
2977 4828 3086 4878 τῶν
3115 4825 3404 4898 Ῥωμαίων
3454 4826 3745 4902 ἀτύχημα,

2075 4917 2153 4984 τῷ
2186 4913 2466 4985 σουλτάνῳ
2499 4911 2710 4986 σπουδῇ
2752 4911 3163 4986 ἀπαγγέλλουσι
3204 4915 3268 4968 τὸ
3319 4915 3592 4989 ὁρώμενον
3648 4918 3744 4972 καὶ

2073 5002 2172 5070 τὴν
2224 5001 2555 5080 ἐπιστροφήν
2627 5001 2791 5057 αὐτοῦ
2868 5002 3266 5077 κατεπείγουσι,
3327 5005 3576 5082 φεύγοντι
3648 5006 3743 5061 καὶ

2075 5092 2223 5161 αὐτῷ
2275 5088 2384 5159 ήδη
2437 5093 2525 5145 καὶ
2593 5091 2802 5166 μαγράν
2857 5099 2960 5160 τῆς
3013 5091 3215 5154 οἰκείας
3247 5095 3528 5168 γενομένῳ
3578 5094 3746 5149 ἐπαύ-

2074 5179 2236 5242 λεως.
2271 5180 2445 5244 Εὐθὺς
2480 5179 2569 5234 οὖν
2604 5180 2949 5236 ἐπανελθόντι
3000 5181 3149 5254 αότῷ
3210 5180 3364 5258 μάχη
3423 5205 3510 5246 τις
3568 5185 3743 5260 ἀθρόα

2070 5269 2148 5342 τῷ
2211 5271 2426 5345 βασιλεῖ
2481 5273 2912 5346 προσρήγνυται.
2968 5267 3240 5333 Κελεύσας
3301 5270 3357 5326 δὲ
3413 5273 3541 5336 τοὺς
3601 5275 3742 5352 ἀμφ’

2071 5359 2230 5414 αὐτὸν
2294 5360 2369 5432 μὴ
2429 5357 2674 5414 ἐνδοῦναι
2733 5357 2875 5433 μηδὲ
2932 5357 3180 5432 μαλακόν
3238 5383 3289 5416 τι
3335 5365 3547 5431 παθεῖν,
3604 5363 3739 5419 ἀλλ’

1614 5475 1859 5531 JACOBI
1899 5476 2118 5533 GOARI
2168 5477 2396 5532 NOTE.

363 5586 480 5662 (3,5)
502 5588 592 5662 Nil
617 5588 814 5645 minus
837 5591 940 5646 telo
966 5590 1041 5646 ad
1070 5592 1370 5662 victoriam,
1397 5593 1717 5662 pertinente
1747 5596 1952 5647 auctor

290 5657 593 5734 intelligit,
625 5663 722 5716 sed
747 5677 982 5734 crucem,
1015 5665 1086 5716 de
1126 5679 1244 5733 qua
1293 5661 1377 5717 illi
1397 5657 1603 5718 'sermo
1635 5670 1746 5733 est,
1779 5665 1950 5734 cujus

286 5730 502 5790 virtute
531 5735 730 5789 cuncti
761 5730 1576 5807 debellantur'hostes,quam
1611 5742 1674 5793 ut
1703 5730 1950 5794 victoriae

2061 5591 2394 5675 syr’nbplu'm,
2472 5597 2605 5675 post
2661 5593 3116 5675 Qonstantinum
3197 5596 3438 5675 vocibus
3497 5598 3729 5675 hisA’Ev

2057 5661 2239 5748 τούτῷ
2268 5661 2404 5747 νίκα.
2437 5661 2863 5748 circumdatam
2917 5665 3056 5721 olim
3091 5683 3218 5722 eam
3269 5667 3576 5743 intuitum,
3608 5671 3725 5728 im-

2061 5741 2364 5812 peratores
2389 5741 2447 5791 in
2477 5741 2666 5809 signis
2699 5741 2922 5811 erigere
2949 5745 3401 5798 consueverunt.
