4122 6410
353 413 478 472 429

1879 411 2270 473 llISTOllIA.

3667 419 3787 478 430

363 539 562 616 ἄνδρας
619 543 849 620 φανῆναι
908 541 1170 616 ἀγαθοὺς,
1227 539 1475 614 ἠμύνατο
1539 542 1635 615 μὲν
1686 540 2013 618 έρῥωμένως

2136 541 2435 615 ligendum
2466 550 2521 600 et
2554 544 2692 600 boni
2715 545 2898 600 animi
2941 545 3229 602 indicium
3263 564 3328 604 ac
3361 565 3594 605 morum
3625 551 3786 607 omni

366 631 528 706 μέχρι
562 627 802 686 πολλοῦ.
831 631 914 685 Ἐν
970 629 1150 704 τούτῳ
1204 627 1262 685 δὲ
1308 637 1408 700 τῆς
1455 635 1562 685 τῶν
1610 629 1797 685 ἄλλων
1833 637 2013 708 φυγῆς

359 719 840 794 περιαντλησάσης
893 714 995 793 ἔξω
1045 721 1134 774 τὸν
1192 721 1410 796 χάρακα
1469 719 1640 796 λόγος
1695 721 1870 798 σαφὴς
1917 718 2017 774 οὐκ

2123 633 2413 704 probitate
2463 634 2842 707 praeditorum
2877 639 3066 702 ratus,
3102 640 3215 691 Deo
3269 635 3326 692 id
3361 641 3550 694 totum
3582 656 3789 711 accep-

2123 725 2250 776 tum
2283 723 2592 791 referebat,
2625 723 2779 795 quod
2807 725 3001 795 majus
3045 741 3224 797 quam
3270 743 3373 798 pro
3406 727 3531 782 suis
3561 728 3788 783 viribus

353 806 616 878 ήκούετο,
652 805 852 864 ἄλλοτε
882 806 1070 864 ἄλλων
1125 806 1271 864 ἄλλα
1317 807 1740 887 ἀφηγουμένων,
1768 814 1880 865 τῶν
1919 808 2015 881 μὲν

2136 816 2407 882 tropaeum
2440 813 2740 868 erexisset.
2779 813 2997 868 Idcirco
3029 815 3310 886 perducto
3343 816 3414 871 ad
3464 818 3622 872 Asan
3653 816 3786 872 Sul-

350 899 573 973 τροπήν
621 903 732 953 τῶν
792 895 850 953 δὲ
919 899 1078 970 νίκην
1149 897 1590 974 άπαγγελόντων,
1645 899 1736 954 καὶ
1792 896 2018 954 καταλε-

354 990 570 1064 γόντων
633 986 823 1061 ἅσημά
876 1009 936 1043 τε
1017 988 1108 1044 καὶ
1193 986 1554 1063 ἀδιάγνωστα,
1613 986 1720 1052 ἕως
1774 989 1865 1044 καὶ
1911 991 2020 1043 τῶν

363 1074 742 1132 Καππαδοκῶν
794 1075 1029 1151 ἤρξαντό
1077 1099 1219 1140 τινες
1269 1079 1357 1132 καὶ
1411 1077 1570 1134 αὐτοὶ
1602 1078 1766 1133 αὐτοῦ
1794 1077 2022 1155 ἀποφοι-

366 1172 456 1238 τᾷν
489 1167 629 1222 κατᾶ
667 1169 892 1244 φατρίας
939 1169 1030 1222 καὶ
1084 1167 1411 1244 συμμορίας.
1462 1167 1672 1224 Πολλοὶ
1705 1167 1763 1224 δὲ
1793 1170 1880 1224 καὶ
1913 1177 2020 1229 τῶν

369 1256 667 1332 βασιλικῶν
699 1256 1028 1329 ἱπποκόμων
1081 1257 1174 1312 σὺν
1221 1257 1405 1320 αὐτοῖς
1441 1255 1636 1319 ’ίπποις
1667 1258 2022 1339 ὑπέστρεφον,

363 1347 440 1420 μὴ
475 1343 612 1399 ἰδεῖν
645 1346 738 1400 τὸν
794 1344 1022 1422 βασιλέα
1072 1343 1487 1419 διενιστάμενοι.
1530 1346 1634 1402 Καὶ
1686 1349 1752 1417 ἧν
1797 1351 2019 1423 σεισμὸς

357 1439 476 1490 οἷον
503 1435 596 1490 καὶ
622 1432 864 1511 ὀδυρμὸς
916 1434 1006 1491 καὶ
1057 1430 1225 1514 φόϐος
1264 1435 1556 1512 ἆκίχητος,
1591 1437 1681 1491 καὶ
1711 1438 1762 1492 οἳ
1785 1441 2018 1514 Τοῦρκοι

353 1525 705 1601 πανταχόθεν
783 1523 1143 1601 ἐπιρρέοντες.
1226 1527 1386 1589 ’Όθεν
1471 1525 1559 1580 καὶ
1643 1524 1863 1593 ἕκαστος
1947 1530 2022 1592 ὡς

354 1617 508 1690 εἶχεν
572 1614 775 1690 ὁρμῆς,
836 1611 1010 1686 ἑαυτῷ
1066 1615 1164 1682 τήν
1221 1613 1493 1690 σωτηρίαν
1559 1614 2020 1692 ἐπραγματεύετο.

355 1702 787 1766 Ἐπιδιώκοντες
819 1700 878 1758 δὲ
929 1704 987 1758 οἱ
1042 1702 1272 1758 ἐναντίοι
1326 1703 1418 1767 οὕς
1453 1705 1546 1777 μὲν
1577 1704 1811 1780 ἀνῄρουν
1845 1707 1936 1771 οὒς
1967 1705 2024 1765 δὶ

357 1793 599 1871 ζωγρίας
653 1791 825 1862 εἷλον,
888 1792 1105 1868 ἑτέρους
1162 1791 1219 1848 δὲ
1278 1793 1628 1852 συνεπάτουν.
1692 1796 1787 1850 Καὶ
1841 1797 1907 1866 ἧν
1959 1797 2023 1853 τὸ

353 1889 590 1960 πρᾶγμα
638 1879 764 1936 λίαν
815 1879 1092 1937 ἐπώδυνον
1145 1881 1234 1937 καὶ
1289 1882 1461 1938 πάντα
1510 1885 1708 1960 Θρῆνον
1756 1881 2026 1963 ὑπερϐάλ-

355 1972 457 2028 λον
518 1970 612 2026 καὶ
671 1969 925 2029 κοπετόν.
981 1971 1081 2026 Τὸν
1139 1967 1197 2026 δὲ
1244 1969 1470 2046 βασιλέα
1522 1974 2028 2050 περιστοιχίσαντες

362 2064 412 2117 οἱ
444 2059 714 2134 πολέμιοι
763 2061 865 2115 οὐκ
910 2059 1244 2136 εὐχείρωτον
1301 2061 1451 2137 εἶχον
1493 2061 1653 2118 αὐτὸν
1686 2063 1864 2132 εὐθὺς,
1899 2063 2026 2120 ἀλλ’

370 2153 460 2206 ἅτε
496 2154 903 2225 στρατιωτικῶν
935 2149 1025 2204 καὶ
1074 2147 1392 2223 πολεμικῶν
1437 2148 1682 2225 εἷδήμων
1713 2154 1801 2208 καὶ
1834 2151 2026 2208 κινδύ-

373 2261 486 2302 νοις
529 2238 952 2316 προσομιλήσας
1000 2237 1240 2301 πολλοῖς
1292 2245 1570 2316 καρτερῶς
1617 2241 1890 2315 ἠμύνατο,
1933 2242 2026 2298 καὶ

375 2329 616 2391 πολλοὺς
643 2326 850 2385 ἀνελὼν
907 2327 1068 2392 τέλος
1122 2328 1337 2406 ἐπλήγη
1390 2332 1648 2408 φασγάνῳ
1699 2333 1799 2402 τήν
1839 2337 2025 2410 χεῖρα,

373 2425 471 2474 τοῦ
517 2441 572 2475 τε
619 2415 787 2474 ἵππου
831 2417 1339 2482 κατακοντισθέντος
1406 2418 1465 2475 ἐκ
1521 2418 1690 2483 ποδὸς
1744 2422 2029 2496 ἱστάμενος

367 2509 686 2584 διεμάχετο.
747 2508 950 2582 Καμὼν
1013 2505 1059 2562 δ’
1117 2506 1271 2581 ίίμως
1324 2509 1460 2582 πρὸς
1481 2509 1708 2584 ἑσπέραν
1741 2509 2028 2585 ἁλώσιμος

365 2601 488 2672 (seu
540 2601 639 2651 τοῦ
695 2597 904 2658 πάθους
933 2597 972 2668 ί)
1024 2595 1115 2652 καὶ
1169 2595 1530 2673 αἰχμάλωτος
1595 2599 1622 2652 ὁ
1674 2599 2024 2676 περιώνυμος

369 2684 628 2761 βασιλεὺς
701 2685 988 2760 Ῥωμαίων
1069 2685 1291 2762 γίνεται.
1381 2686 1483 2743 Καὶ
1566 2691 1634 2762 τῇ
1727 2689 1822 2761 μὶν
1872 2689 2024 2744 νυκτὶ

361 2774 542 2850 ἐκείνῃ
605 2773 690 2830 ἐπ’
743 2773 872 2846 ’ίσης
922 2779 1040 2839 τοῖς
1096 2773 1334 2840 πολλοῖς
1389 2775 1478 2831 ἐπὶ
1526 2784 1628 2854 γῆς
1681 2777 1891 2851 ἀτίμως
1935 2778 2025 2833 καὶ

356 2863 723 2941 περιωδύνως
754 2861 1069 2938 κατέδραθε,
1105 2865 1321 2939 μυρίοις
1369 2865 1828 2942 περικλυζόμενος
1853 2867 2028 2938 λυπη-

357 2961 468 3030 ρῶν
503 2955 735 3027 κύμασι.
767 2957 848 3028 Τῇ
883 2951 929 3008 δ’
960 2954 1217 3030 ἐπαύριον
1249 2951 1605 3032 ἀγγελθείσης
1633 2961 1711 3027 τῷ
1741 2955 2025 3030 σουλτάνῳ

355 3044 584 3114 καὶτῆς
617 3047 717 3098 τοῦ
772 3041 1044 3119 βασιλέως
1092 3042 1376 3113 ἁλώσεως,
1427 3043 1574 3121 χαρά
1621 3066 1704 3107 τις
1745 3043 2026 3117 ἄπληστος

356 3135 450 3190 καὶ
512 3131 745 3188 ἀπιστία
798 3131 1056 3208 κατέσχεν
1113 3133 1297 3205 αὐτὸν,
1361 3133 1633 3208 οἰόμενον,
1693 3129 1874 3210 ὥσπερ
1933 3133 2024 3189 καὶ

357 3225 449 3293 ἦν,
488 3222 630 3296 μετὰ
668 3220 824 3292 νίκην
861 3221 1124 3278 τοσούτου
1171 3222 1261 3278 καὶ
1303 3220 1639 3293 τηλικούτου
1671 3227 1902 3296 στρατοῦ
1933 3221 2024 3278 καὶ

361 3313 530 3368 αὐτὸν
560 3312 656 3366 τὸν
693 3310 920 3387 βασιλέα
967 3309 1252 3386 ἁλώσιμον
1308 3308 1498 3368 λαϐεῖν
1530 3312 1619 3367 καὶ
1654 3313 1971 3388 ὑποχείριον
2005 3330 2018 3342 ⁸
2046 3294 2089 3362 C
2137 3319 2298 3371 rator
2338 3331 2351 3371 :

361 3401 732 3479 ἀνθρωπίνως
763 3398 821 3456 δὲ
849 3400 1005 3474 ὅμως
1055 3401 1118 3456 τὸ
1171 3402 1397 3478 γεγονὸς
1429 3402 1790 3479 λογισάμενος
1819 3401 1906 3457 καὶ
1932 3403 2032 3472 τὴν

361 3490 525 3562 νίκην
565 3491 975 3569 μετριοφρόνως
1000 3491 1255 3566 ἐνεγκὼν.
1291 3491 1381 3546 καὶ
1403 3492 1465 3546 τὸ
1491 3491 1717 3566 γεγονὸς
1744 3491 2036 3566 εὐτύχημα

366 3579 645 3649 συστολὴν
705 3578 920 3654 μᾶλλον
998 3580 1090 3634 καὶ
1172 3583 1359 3656 ψυχῆς
1410 3581 1613 3656 ἀγαθῆς
1671 3575 1893 3650 ἔνδειξιν
1943 3581 2033 3635 καὶ

370 3670 590 3744 τρόπων
639 3668 1049 3744 καλοκαγαθίας
1109 3673 1318 3743 μεστῶν
1377 3671 1626 3742 θέμενος,
1673 3675 1789 3742 Θεῷ
1839 3671 1901 3725 τὸ
1931 3676 2034 3726 πᾶν

376 3758 604 3822 ἀνετίθει
635 3760 709 3820 ὡς
747 3764 932 3831 μεῖζον
964 3757 1000 3828 ἤ
1049 3759 1185 3813 κατὰ
1237 3760 1338 3828 τήν
1393 3759 1584 3814 ἑαυτοῦ
1635 3758 1793 3835 ἱσχὺν
1838 3759 2032 3815 ἀποτε-

376 3845 540 3909 λέσας
565 3847 628 3902 τὸ
681 3849 970 3923 τρόπαιον.
1023 3846 1120 3903 Διά
1163 3852 1325 3903 τοῦτο
1375 3848 1464 3903 καὶ
1517 3849 1925 3925 προσαχθέντος
1955 3853 2034 3920 τῷ

373 3936 659 4010 σουλτάνῳ
689 3938 912 4007 ἀξάντου
971 3936 1242 4013 βασιλέως
1295 3935 1580 4010 Ῥωμαίων
1614 3936 1664 3992 έν
1701 3937 1912 3993 εὐτελεῖ
1942 3936 2032 3992 καὶ

375 4029 736 4100 στρατιωτικῇ
793 4026 1105 4100 ἀμπεχόνῃ,
1158 4028 1244 4100 [Ρ.
1299 4028 1427 4100 842]
1487 4023 1764 4101 διαπορῶν
1821 4029 1886 4096 ἦν
1942 4027 2031 4082 καὶ

377 4113 506 4185 περὶ
537 4114 722 4168 τούτου
756 4115 1056 4190 μαρτυρίαν
1114 4119 1315 4185 ζητῶν.
1370 4116 1456 4177 Ὠς
1505 4113 1551 4170 δ’
1596 4115 2028 4194 ἐπληροφορήθη

370 4203 524 4280 παρὰ
573 4207 678 4259 τῶν
738 4199 1016 4281 πρέσϐεων
1073 4205 1162 4260 καὶ
1236 4202 1333 4260 τοῦ
1392 4206 1719 4261 ΒασιΛακίου
1775 4206 2034 4269 πεσόντος

369 4295 468 4366 μὶν
526 4295 672 4368 παρὰ
715 4299 822 4348 τῶν
872 4292 1058 4350 ποδῶν
1111 4292 1300 4364 αὐτοῦ,
1347 4295 1567 4372 οἰκτρὸν
1603 4293 1659 4350 δέ
1687 4317 1740 4351 τι
1777 4297 1867 4350 καὶ
1916 4317 2041 4371 γοεο.

365 4385 462 4456 ρὸν
567 4384 1016 4458 ἀνοιμώξαντος,
1111 4383 1266 4446 εὐθὺς
1363 4382 1546 4460 ὥσπερ
1624 4385 1872 4459 ἐμμανὴς
1946 4385 2033 4439 ἀν-

366 4473 524 4548 έθορε
579 4477 678 4528 τοῦ
731 4473 924 4550 θρόνου
971 4473 1062 4528 καὶ
1143 4472 1302 4550 ὀρθὸς
1383 4472 1533 4545 ἔστη.
1608 4476 1846 4530 Πεσόντα
1899 4479 2029 4551 γοῦν

369 4561 526 4632 δμως
554 4563 664 4636 πρὸ
692 4567 802 4617 τῶν
836 4560 1019 4618 ποδῶν
1058 4560 1223 4618 αὐτοῦ
1259 4565 1506 4634 πατήσας
1527 4562 1708 4640 ὥσπερ
1742 4560 1864 4628 ἔθος
1895 4565 2030 4637 (26),

365 4649 455 4703 καὶ
516 4649 822 4722 ἀναστήσας
901 4651 992 4706 καὶ

366 4732 592 4816 ἔφησεν,
655 4739 699 4795 ὦ
753 4739 996 4816 βασιλεῦ,
1048 4737 1176 4796 ἀλλ’
1228 4740 1446 4804 εὔελπις
1491 4740 1580 4797 ἒσο
1637 4744 1744 4816 πρὸ
1792 4741 2027 4816 πάντων,

365 4828 444 4890 ὡς
475 4826 668 4884 οὐδενὶ
715 4828 1159 4906 προσομιλήσεις
1212 4827 1450 4904 κινδύνῳ
1492 4837 1815 4905 σωματικῷ,
1865 4853 2029 4906 τιμη-

365 4920 512 4992 θήσῃ
544 4915 592 4973 δ’
644 4919 803 4989 ἀξίως
846 4925 946 4989 τῆς
1006 4922 1104 4973 τοῦ
1165 4921 1398 4995 κράτους
1445 4920 1748 4997 ὑπεροχῆς.
1808 4922 2026 4999 Ἄφρων

360 5007 467 5084 γὰρ
528 5005 734 5072 ἐκεῖνος
774 5008 899 5083 ἐμοὶ
982 5007 1258 5086 λογίζεται
1326 5011 1354 5066 ὁ
1433 5011 1508 5084 μὴ
1563 5011 1658 5074 τὰς
1717 5011 2030 5087 προόπτους

2127 904 2332 956 tanum
2370 903 2520 958 700
2554 902 2951 957 Romanorum
2985 902 3360 973 imperatore,
3394 904 3492 959 vili
3537 922 3604 961 ac
3629 905 3793 960 mili-

2126 991 2239 1044 tari
2270 997 2428 1048 veste
2450 992 2760 1060 induto,de
2781 993 2908 1064 ipso
2932 992 3239 1048 dubitabat
3261 995 3794 1067 testimoniumque

2130 1081 2417 1154 exigebat.
2446 1081 2519 1137 Ut
2549 1087 2749 1137 autem
2782 1082 2996 1137 certior
3016 1100 3049 1137 ει
3089 1081 3296 1155 legatis
3335 1084 3525 1140 factus
3555 1089 3645 1140 est
3676 1090 3733 1142 et
3764 1102 3798 1140 a

2130 1169 2550 1242 Basilacio,qui
2582 1173 2652 1225 ad
2686 1172 2814 1242 ejus
2849 1172 3024 1243 pedes
3058 1172 3354 1227 acciderat
3383 1173 3798 1231 miserabiliter

2131 1259 2299 1326 ﬂens,
2335 1260 2533 1315 statim
2573 1260 2742 1331 quasi
2776 1261 2970 1316 furore
3012 1266 3318 1332 correptus
3351 1263 3421 1318 de
3451 1263 3664 1320 throno
3695 1265 3793 1319 de-

2131 1348 2618 1422 siliit,rectusque
2648 1355 2812 1406 stans
2845 1350 3039 1421 ipsum
3075 1351 3143 1405 ad
3181 1353 3360 1423 pedes
3384 1369 3522 1408 suos
3556 1352 3791 1426 lapsum

2132 1441 2458 1496 secundum
2507 1457 2727 1496 morem
2775 1441 3158 1496 conculcavit.
3191 1444 3454 1514 Cumque
3481 1459 3795 1516 exsurgere

2125 1530 2365 1600 jussum
2399 1528 2737 1600 complexus
2769 1529 3036 1596 esset,Ne
3065 1529 3297 1597 timeas,
3325 1531 3426 1598 ait,
3455 1531 3794 1604 imperator,

2134 1619 2234 1674 sed
2272 1619 2424 1674 bona
2454 1635 2558 1691 spe
2590 1618 2672 1674 sis
2704 1623 2836 1674 ante
2868 1618 3086 1687 omnia,
3106 1617 3243 1690 quia
3269 1619 3497 1676 nullum
3530 1622 3796 1693 corporis

2133 1708 2459 1781 periculum
2493 1707 2837 1774 sustinebis,
2871 1725 3074 1764 verum
3106 1725 3210 1781 pro
3242 1709 3474 1778 imperii
3506 1710 3797 1782 dignitate

2135 1798 2290 1869 apud
2324 1812 2417 1853 me
2447 1797 2506 1852 in
2530 1797 2751 1853 honore
2774 1796 2888 1853 eris
2918 1815 2930 1853 :
2956 1797 3054 1854 ille
3075 1799 3231 1854 enim
3265 1798 3410 1854 mihi
3445 1799 3795 1872 imprudens

2132 1887 2384 1955 videtur,
2420 1888 2521 1958 qui
2552 1904 2667 1943 non
2699 1903 2729 1943 e
2758 1887 3050 1943 contrario
3096 1888 3350 1944 adversae
3405 1889 3652 1945 fortunas
3699 1907 3794 1946 ra-

2133 1976 2454 2032 tiocinetur
2500 1993 2567 2032 ac
2611 1977 2914 2048 provideat
2962 1977 3336 2034 incommoda
3386 1995 3452 2033 ac
3502 1983 3788 2036 vereatur.

2134 2065 2278 2121 Cum
2310 2066 2490 2138 igitur
2530 2066 2813 2137 jussisset
2841 2065 2956 2138 ipsi
3001 2066 3277 2123 constitui
3318 2067 3790 2138 tabernaculum,

2132 2154 2601 2226 imperussetque
2632 2155 2823 2211 curari
2855 2154 3190 2228 diligenter,
3215 2160 3282 2212 ut
3313 2173 3418 2228 par
3447 2162 3593 2225 erat,
3615 2174 3790 2214 suum

2132 2244 2581 2301 commensalem
2641 2261 2706 2300 ac
2764 2244 2991 2300 socium
3050 2248 3192 2300 tunc
3249 2262 3380 2301 esse
3436 2247 3644 2315 voluit,
3675 2263 3792 2303 non

2133 2333 2408 2390 deorsum
2443 2349 2577 2389 eum
2602 2333 3060 2405 sederejubens,
3095 2335 3197 2390 sed
3241 2338 3310 2390 ad
3345 2336 3608 2391 eamdem
3634 2351 3794 2391 men-

2133 2439 2262 2480 sam
2312 2426 2379 2479 ut
2428 2423 2626 2478 eximii
2675 2423 2900 2479 ordinis
2949 2423 3253 2494 collegam,
3295 2432 3350 2480 et
3398 2424 3523 2496 pari
3574 2425 3796 2482 honore

2135 2512 2420 2569 afficiens.
2444 2512 2542 2568 Bis
2560 2513 2653 2567 die
2671 2528 2803 2568 cum
2826 2513 2956 2585 ipso
2977 2513 3361 2586 congrediens
3379 2518 3436 2570 et
3453 2513 3798 2588 colloquens

2135 2607 2193 2657 et
2216 2601 2454 2658 hortatu
2489 2619 2596 2657 suo
2629 2618 2918 2673 recreans,
2953 2619 3142 2674 usque
3170 2603 3239 2658 ad
3275 2607 3402 2658 octo
3435 2603 3561 2659 dies
3591 2606 3798 2660 eadem

2132 2691 2311 2746 verba
2331 2695 2386 2746 et
2417 2691 2504 2747 sal
2537 2707 2671 2746 cum
2704 2692 2833 2763 ipso
2863 2692 3441 2763 communicabat,in
3477 2691 3639 2749 nullo
3670 2692 3799 2766 qui-

2133 2781 2264 2836 dem
2298 2780 2386 2836 vel
2443 2780 2690 2836 minimo
2737 2781 2912 2836 verbo
2942 2781 2994 2836 ei
3043 2781 3361 2847 insultans,
3395 2783 3497 2838 sed
3551 2783 3623 2838 de
3666 2781 3802 2855 qui-

2135 2870 2383 2926 busdam
2409 2870 2729 2939 erroribus,
2764 2870 2863 2942 qui
2889 2870 3001 2926 sibi
3027 2870 3098 2926 ab
3125 2887 3191 2927 eo
3233 2871 3294 2926 in
3337 2872 3606 2928 ducendo
3639 2887 3802 2928 exer-

2133 2960 2250 3015 citu
2276 2959 2578 3015 commissi
2599 2959 2958 3030 viderentur,
2984 2961 3330 3017 admonens.
3365 2961 3508 3017 Cum
3539 2978 3674 3018 vero
3706 2961 3800 3017 die

2132 3049 2387 3120 quadam
2409 3048 2692 3104 Sultanus
2719 3050 3142 3122 interrogasset
3160 3049 3574 3122 imperatorem
3602 3069 3616 3107 :
3642 3050 3791 3117 Quid

2134 3137 2278 3191 mihi
2332 3137 2593 3204 fecisses,
2627 3137 2674 3192 si
2727 3153 2820 3191 me
2868 3137 2926 3192 in
2959 3142 3058 3191 tua
3109 3141 3398 3209 potestate
3428 3138 3793 3195 habuisses?

2133 3224 2482 3298 simpliciter
2536 3243 2602 3281 ac
2658 3224 2786 3280 sine
2841 3225 3178 3281 adulatione
3245 3226 3549 3298 respondit
3602 3228 3786 3298 impe-

2414 3314 2569 3370 Scito
2627 3315 2779 3386 quod
2841 3313 3048 3369 multis
3107 3315 3296 3388 plagis
3354 3319 3524 3372 tuum
3584 3333 3800 3390 corpus

2143 3404 2550 3461 confecissem.
2583 3406 2655 3458 At
2714 3420 2837 3474 ego,
2889 3403 3086 3475 inquit
3141 3403 3440 3474 Sultanus,
3486 3409 3652 3461 tuam
3710 3421 3800 3462 se-

2143 3494 2448 3550 veritatem
2482 3499 2582 3548 aut
2612 3492 3021 3548 crudelitatem
3074 3510 3190 3549 non
3228 3493 3524 3551 imitabor.
3554 3495 3805 3552 Verum-

2141 3589 2340 3640 tamen
2378 3584 2522 3638 701
2561 3582 2734 3639 audio
2764 3587 3024 3638 vestrum
3068 3583 3234 3640 vobis
3267 3584 3562 3641 Christum
3598 3603 3803 3657 pacem

2144 3673 2457 3746 praecipere
2515 3676 2570 3728 et
2628 3671 2981 3728 oblivionem
3043 3671 3358 3744 malorum,
3421 3675 3809 3746 superbisque

2143 3763 2518 3818 resistentem
2571 3759 2898 3815 humilibus
2951 3760 3200 3833 gratiam
3251 3761 3411 3816 dare.
3445 3761 3668 3817 Deinde
3698 3761 3808 3834 igi-

2141 3854 2240 3906 tur
2269 3851 2415 3906 inito
2466 3851 2700 3914 fmdere,
2735 3853 2794 3903 et
2843 3848 2997 3903 facta
3030 3865 3170 3920 pace
3218 3853 3522 3921 perpetua,
3569 3850 3806 3906 habita-

2143 3957 2255 4012 que
2286 3940 2544 3994 filiorum
2596 3940 2822 3994 ratione
2869 3943 2927 3993 et
2973 3954 3176 3993 eorum
3230 3954 3357 4009 quae
3391 3939 3461 3993 ad
3495 3940 3809 4012 utriusque

2145 4028 2372 4101 imperii
2398 4029 2536 4100 jura
2566 4031 2918 4098 spectarent,
2955 4026 3205 4098 pristina
3237 4027 3455 4082 fmdera
3485 4027 3804 4084 conﬁrma-

2143 4123 2302 4179 runt.
2338 4122 2402 4172 ut
2433 4120 2638 4171 mutua
2669 4119 2825 4171 esset
2865 4115 3150 4182 amicitia,
3185 4133 3375 4187 neque
3424 4115 3676 4186 amplius
3732 4116 3804 4171 ab

2142 4208 2262 4264 ullo
2279 4209 2610 4264 Turcorum
2635 4223 2728 4261 res
2752 4204 2984 4275 imperii
3008 4205 3258 4260 Romani
3298 4205 3471 4278 diripi
3512 4206 3807 4278 permitte-

2141 4303 2323 4368 retur,
2355 4312 2556 4352 verum
2581 4311 2786 4350 omnes
2809 4294 3149 4366 quicunque
3180 4295 3465 4351 adversus
3507 4295 3806 4351 Romanos

2141 4386 2304 4442 missi
2367 4385 2600 4440 fuerant
2676 4389 3124 4451 reverterentur,
3181 4389 3238 4440 et
3295 4401 3503 4440 omnes
3575 4385 3809 4455 captivi,

2141 4475 2393 4532 maxime
2443 4473 2735 4546 principes
2784 4478 2843 4528 et
2883 4473 3083 4528 eximii
3135 4474 3560 4541 Romanorum,
3593 4473 3809 4530 libera-

2140 4571 2364 4628 rentur,
2397 4561 2776 4636 promittente
2805 4562 3053 4617 Sultano
3087 4578 3148 4617 se
3196 4562 3452 4633 benigne
3481 4563 3814 4634 imperato-

1089 4652 1581 4726 περιπτυξάμενος,
1657 4655 1748 4722 Μή
1837 4650 2027 4725 δέδιθι,

2140 4670 2263 4710 rem
2283 4669 2406 4709 sem
2417 4669 2518 4724 per
2537 4655 2787 4706 tractatu
2799 4668 2951 4705 rum.
2976 4650 3267 4705 Interfecti
3293 4655 3434 4706 sunt
3455 4667 3523 4706 eo
3547 4653 3815 4723 tempore

2139 4745 2277 4809 Leo,
2308 4741 2410 4814 qui
2442 4739 2814 4812 supplicibus
2869 4742 3113 4810 praeerat
3143 4738 3380 4806 libellis,
3413 4743 3470 4794 et
3517 4738 3817 4811 magister

2141 4830 2485 4888 Eustathius
2535 4833 2593 4885 et
2646 4829 2877 4900 primus
2911 4844 2944 4882 a
2976 4827 3238 4883 secretis.
3272 4827 3492 4894 Captus
3543 4833 3633 4883 est
3663 4827 3813 4884 item

2139 4920 2396 4978 Basilius
2451 4917 2941 4990 protovestiarius
2990 4915 3261 4972 Maleses.
3311 4916 3636 4987 Postquam
3687 4916 3814 4972 haec

2138 5011 2222 5068 ita
2252 5013 2418 5084 gesta
2461 5012 2602 5065 sunt
2650 5011 2706 5063 et
2754 5008 2837 5063 ita
2883 5006 3041 5062 inter
3083 5021 3182 5062 eos
3232 5006 3530 5078 convenit,
3582 5006 3815 5062 dimisit

1699 5149 1950 5206 JACOBI
1989 5149 2208 5206 GOARI
2245 5147 2484 5204 NOT/E.

440 5264 804 5341 (26)Persis.
860 5285 930 5326 ex
989 5269 1208 5341 quibus
1267 5267 1553 5341 sultranusg
1599 5266 1714 5341 hic,
1775 5267 2035 5323 devictos

363 5335 572 5391 hostes
596 5339 844 5408 pedibus
867 5335 1164 5409 proterere
1213 5340 1501 5395 familiare
1529 5338 1661 5404 fuit,
1693 5355 1760 5394 ex
1793 5355 1904 5409 quo
1934 5343 2036 5392 Sa-

364 5424 477 5478 por
499 5423 704 5482 eorum
733 5427 831 5467 rex
873 5411 1255 5468 Valerianum
1285 5411 1704 5482 imperatorem
1740 5411 1812 5465 ad
1846 5411 1902 5465 id
1937 5426 2036 5464 ne-

366 5480 668 5555 cessitatis
718 5484 936 5540 malum
988 5485 1237 5555 conjecit
1271 5488 1336 5539 ut
1379 5480 2037 5555 serviliterqincurvatus

365 5551 715 5628 illi__equum
758 5555 1074 5612 incensuro
1096 5551 1364 5628 gradum
1394 5571 1518 5628 sua
1542 5553 1766 5628 cervice
1798 5553 2035 5609 faceret.

365 5623 581 5700 Caelius
632 5628 830 5700 Antiq.
865 5629 1023 5684 Lect.
1060 5623 1148 5695 18,
1184 5627 1270 5700 18.
1302 5625 1679 5700 Justinianus
1730 5627 1806 5694 ll,
1834 5630 2037 5700 Persas

367 5695 640 5771 imitatus
674 5695 976 5756 Leontium
1010 5705 1068 5755 et
1111 5699 1492 5771 Apsimaaum,
1526 5697 2038 5771 priusquamejus

360 5769 541 5844 jussu
591 5771 782 5848 capite
832 5768 1255 5850 plecterentur,
1298 5769 1484 5829 ferino
1526 5768 1747 5828 ductus
1795 5768 2039 5830 ultionis

2146 5265 2353 5320 ardore
2385 5279 2502 5318 non
2555 5261 2783 5316 modico
2812 5259 3098 5331 temporis
3131 5260 3323 5331 spatio
3378 5259 3630 5331 pedibus
3670 5275 3815 5314 con-

2147 5335 2416 5392 culcavit.
2448 5334 2749 5389 Cedrenus
2780 5333 2840 5387 in
2871 5334 3001 5403 ejus
3053 5331 3206 5387 Vita.
3245 5332 3344 5386 His
3396 5331 3713 5403 provinciis
3738 5337 3819 5403 Aet

2148 5409 2372 5464 feritate
2403 5422 2580 5477 quam
2615 5409 2879 5476 tempore
2909 5401 3159 5477 vicinior
3176 5401 3561 5477 Tamerlanes
3587 5401 3821 5477 quoties

2148 5496 2372 5553 equum
2411 5474 2861 5553 conscenderet,
2885 5474 3164 5553 prostrati
3218 5475 3308 5553 ad_
3325 5475 3822 5553 pedesBajazetis

2149 5546 2473 5607 cervicibus
2507 5565 2610 5604 ceu
2645 5546 2902 5604 scabello
2937 5547 3237 5602 utebatur.
3271 5546 3606 5602 Dubravius
3639 5550 3818 5601 1.xxv.

2146 5623 2346 5679 Victos
2367 5622 2568 5678 hostes
2597 5620 2873 5691 ephippio
2904 5619 3159 5674 instrato
3192 5635 3224 5672 a
3249 5619 3492 5675 Francis
3529 5619 3819 5674 Norman-

2150 5697 2361 5766 nisque
2393 5693 2688 5766 quondam
2721 5691 2977 5748 calcatos
3028 5691 3292 5747 referunt
3340 5691 3816 5747 Normannorum

2150 5765 2431 5826 chrOnica
2461 5766 2520 5822 in
2555 5765 2804 5822 Roberto
2839 5767 3056 5840 primo.
