4122 6448
383 456 496 514 431
1712 448 2036 509 JUANNIS

2083 445 2171 507 SC
2183 448 2485 508 YLlTZrE
3684 448 3802 511 432

375 585 660 641 Sultanus
711 582 1129 655 imperatorem
1179 580 1433 637 multum
1462 580 1851 654 amplexatus,
1886 578 2010 636 mul

2146 577 2322 653 τύχας
2376 562 2852 655 ἐξάντεπιφορᾶς
2903 576 3262 654 λογιζόμενός
3308 599 3368 634 τε
3414 581 3500 635 καὶ
3534 575 3803 636 εὐλαϐού-

374 680 555 747 toque
574 688 710 730 eum
732 672 953 729 honore
970 672 1234 743 jubensa
1255 670 1381 729 suis
1402 671 1609 746 legatis
1632 687 1767 727 eum
1800 669 2031 727 deduci.

375 765 714 822 Tenebatur
742 769 942 820 autem
985 761 1285 819 Matzicier
1313 780 1349 819 a
1379 761 1682 819 Romanis.
1715 759 1789 817 Ut
1836 764 2033 816 autem

378 856 699 930 imperator
723 854 1009 911 dimissus
1030 852 1145 909 alia
1166 854 1258 909 via
1279 870 1547 909 reversus
1577 857 1687 923 est,
1717 850 1805 906 illi
1835 851 2034 907 relicto

378 944 594 1019 oppido
644 948 819 1001 noctu
873 943 1229 1016 eli'ugerunt,
1261 957 1515 1014 cumque
1566 940 1857 997 in'hostes
1887 939 2033 994 inci-

380 1034 628 1105 dissent,
660 1033 855 1089 adiere
885 1029 1165 1105 pericula.
1200 1034 1527 1104 Imperator
1573 1033 1795 1096 autem,
1829 1026 1927 1083 ubi
1962 1026 2033 1082 ad

376 1120 893 1193 Theodosiopolim
945 1121 1210 1193 pervenit
1238 1135 1371 1175 cum
1409 1117 1688 1175 Turcirca
1736 1116 2038 1173 Sultanica

377 1216 557 1283 veste,
591 1210 912 1268 liberaliter
940 1214 1216 1282 exceptus
1249 1208 1377 1263 fuit.
1416 1209 1615 1279 Ibique
1645 1207 1771 1263 dies
1811 1207 2038 1278 aliquot

378 1304 780 1356 commoratus
809 1299 1069 1370 est,dum
1098 1313 1339 1353 manum
1370 1300 1602 1352 curaret
1631 1311 1808 1366 seque
1837 1294 2036 1367 ipsum

378 1406 484 1462 pro
504 1389 729 1445 viribus
764 1388 1034 1445 reﬁciens
1067 1386 1279 1442 melius
1312 1387 1576 1442 haberet.
1610 1385 1872 1456 Indeque
1905 1400 2036 1456 pro-

378 1481 567 1536 fectus
596 1478 947 1551 peragrabat
979 1477 1129 1533 702
1163 1475 1381 1531 lberios
1413 1476 1571 1531 vicos
1603 1491 1720 1529 una
1750 1489 1883 1529 cum
1906 1472 2038 1529 Sul-

380 1568 528 1638 tani,
559 1569 661 1641 qui
691 1583 889 1624 secum
921 1567 1188 1631 aderant,
1221 1564 1451 1637 legatis,
1483 1569 1541 1619 et
1573 1564 1711 1619 inde
1743 1578 1932 1635 usque
1962 1563 2034 1618 ad

380 1658 567 1733 ipsam
599 1656 899 1714 Coloniam
941 1656 1246 1728 processit.
1280 1656 1544 1725 Cumque
1574 1654 1645 1709 ad
1696 1651 2036 1725 Melissope-

380 1748 560 1803 trium
594 1746 979 1822 pervenisset,
1013 1744 1233 1801 Paulus
1256 1760 1471 1816 praeses
1502 1741 1827 1815 superioris
1856 1742 2037 1797 Edes-

378 1854 455 1893 sze
488 1842 662 1893 noctu
712 1836 840 1908 ipso
893 1834 1098 1891 relicto
1149 1834 1220 1889 ad
1275 1830 1499 1905 Cpolim
1541 1831 1709 1902 fugit,
1744 1829 2038 1903 perceptis

376 1927 452 1983 iis
475 1943 603 1999 quas
625 1926 707 1981 ibi
730 1923 1060 1997 composita
1082 1922 1336 1978 fuerant.
1369 1920 1518 1976 Nam
1554 1916 1816 1976 Joannes
1849 1919 2038 1976 Cesar

378 2021 437 2072 et
467 2018 597 2088 ejus
628 2015 752 2081 ﬁlii,
784 2021 843 2071 et
871 2030 939 2070 ex
968 2012 1343 2069 senatoribus
1377 2010 1717 2082 quicunque
1747 2009 1877 2081 ejus
1904 2026 2036 2081 par-

379 2111 471 2162 tes
524 2104 947 2176 sequebantur,
978 2101 1241 2175 reginam
1291 2101 1352 2155 in
1384 2098 1655 2156 exsilium
1705 2097 1952 2155 mittunt
1978 2097 2038 2153 in

383 2192 813 2250 monasterium
837 2194 908 2247 ab
928 2190 1374 2264 ipsaconditum
1394 2188 1752 2261 Piperudum
1782 2186 2037 2255 nomine,

390 2284 478 2339 vel
509 2283 750 2339 invitam
786 2281 1118 2345 tondentes,
1148 2282 1206 2335 et
1226 2277 1509 2334 Miuhaele
1540 2275 1833 2333 declarato
1853 2275 2039 2347 impe-

386 2378 578 2431 ratore
608 2372 667 2429 in
699 2387 905 2428 omnes
955 2373 1150 2441 partes
1179 2366 1486 2439 scripsere,
1520 2381 1817 2423 reversum
1850 2365 2038 2437 impe-

382 2468 632 2520 ratorem
657 2478 772 2518 non
796 2476 926 2516 esse
954 2456 1364 2530 excipiendum
1403 2471 1592 2527 neque
1632 2459 1695 2510 ut
1716 2454 2039 2526 imperato-

378 2569 501 2609 rem
533 2551 868 2609 colendum.
902 2547 1179 2619 Princeps
1211 2549 1270 2601 et
1299 2549 1502 2601 auctor
1554 2544 1665 2600 fuit
1696 2543 2038 2599 declaratio-

378 2643 470 2699 nis
495 2640 981 2716 philosophorum
1003 2635 1254 2693 eximius
1278 2633 1783 2706 Psellus,quemad
1795 2634 2035 2689 modum

377 2732 506 2805 ipse
535 2746 774 2806 quoque
820 2728 881 2784 in
927 2726 1182 2799 quodam
1232 2725 1451 2796 scripto
1495 2722 1800 2795 gloriatur.
1832 2721 2037 2778 Fertur

377 2823 519 2877 item
555 2819 758 2894 regina
800 2817 1066 2889 ejusdem
1120 2812 1411 2886 particeps
1442 2810 1671 2867 consilii
1722 2810 1928 2875 fuisse.
1963 2827 2036 2867 ne

378 2925 679 2966 reversum
715 2908 1026 2980 Diogenem
1059 2902 1362 2974 reciperet.
1395 2901 1503 2956 Sed
1538 2901 1857 2955 immatura
1886 2899 2035 2955 cele-

379 3002 551 3058 ritate
567 3000 662 3056 his
679 2996 930 3072 cognitis
951 2994 1237 3067 Diogenes
1255 2997 1313 3048 et
1330 2991 1541 3047 certior
1557 2991 1744 3046 factus
1769 3005 2035 3046 commu-

378 3091 530 3147 niter
546 3107 608 3147 se
622 3106 724 3162 per
737 3101 1060 3161 praeconem
1077 3082 1324 3156 imperio
1339 3080 1610 3137 abdicatu
1622 3097 1701 3148 m,
1728 3079 2036 3152 occupavit

374 3180 671 3255 quoddam
695 3177 978 3251 oppidum
994 3175 1229 3229 nomine
1244 3170 1720 3242 Doceam,ibique
1732 3174 1923 3225 castra
1937 3186 2035 3242 po-

370 3269 707 3325 suit.Cesar
736 3270 930 3322 autem
965 3268 1031 3318 ut
1060 3261 1171 3318 sibi
1202 3260 1510 3317 videbatur
1537 3258 1781 3331 imperio
1812 3258 2034 3329 optime

2151 688 2329 740 μενος.
2391 668 2676 740 Ἐπιτάξας
2754 666 2847 723 οὖν
2918 667 3068 741 αὑτῷ
3136 668 3344 741 σκηνὴν
3422 669 3803 747 ἀποταχθῆναι

2144 756 2233 812 καὶ
2287 757 2568 834 θεραπείαν
2624 756 2995 831 ἁρμόζουσαν,
3056 755 3376 815 συνδιιπνον
3436 757 3595 815 αὑτὸν
3642 781 3807 831 τηνι-

2142 854 2313 906 καῦτα
2358 850 2447 905 καὶ
2498 847 2819 924 ὁμοδίαιτον
2872 850 3256 927 ἀπειργάσατο,
3308 851 3383 926 μὴ
3438 852 3586 927 παρᾶ
3638 854 3805 929 μέρος

2144 939 2388 1010 καθίσας,
2456 936 2601 995 ἀλλά
2643 939 2929 1015 σύνθρονον
2982 939 3033 994 ἑν
3089 939 3343 1012 ιύθύτητι
3390 946 3491 1011 τῆς
3550 939 3804 1019 ὶκκρίτου

2145 1028 2345 1100 τάξεως
2403 1030 2493 1084 καὶ
2540 1026 2807 1103 ὁμόδοξον
2859 1029 2997 1084 κατά
3049 1031 3220 1103 τιμὴν
3267 1031 3667 1105 ποιησάμενος,
3718 1028 3807 1094 δὶς

2146 1125 2245 1188 τῆς
2291 1119 2504 1193 ἡμέρας
2551 1118 2955 1196 συνερχόμενος
3021 1118 3168 1191 αὑτῷ
3221 1120 3313 1174 καὶ
3358 1118 3651 1177 συλλαλιῖω
3710 1121 3805 1177 καὶ

2146 1205 2552 1284 παρακλήσεσιν
2636 1209 3045 1283 ἀνακτώμενος,
3147 1209 3347 1285 μέχρις
3410 1211 3633 1285 ἡμερῶν
3695 1212 3813 1285 (27)

2152 1298 2304 1354 ὀκτὼ
2353 1303 2461 1354 τῶν
2523 1297 2730 1372 ὁμοίων
2774 1297 3052 1355 ἰκοινώνει
3101 1299 3247 1371 αὑτῷ
3277 1296 3457 1375 λόγων
3488 1300 3580 1355 καὶ
3631 1298 3811 1374 ἀλῶν,

2151 1386 2281 1462 μηδ’
2313 1387 2441 1467 ἄχρι
2474 1389 2561 1444 καὶ
2620 1389 2964 1465 βραχυτάτου
3005 1387 3177 1463 λόγου
3208 1389 3345 1464 πρὸς
3374 1392 3565 1445 τοῦτον
3598 1410 3810 1465 πεπαρ-
3858 1450 3861 1453 ,

2148 1480 2400 1549 ωνηκὼς,
2434 1479 2557 1555 περί
2604 1499 2767 1533 τινων
2820 1475 2877 1533 δὶ
2914 1475 3220 1534 δοκούντων
3274 1477 3611 1557 σφαλμάτων
3660 1479 3814 1555 ἰντῇ

2147 1567 2327 1624 ἑλάσει
2378 1576 2479 1639 τῆς
2529 1574 2782 1644 στρατιᾶς
2848 1569 3188 1641 ὑπομνήσας.
3249 1571 3690 1646 Διιρωτήσαντος
3749 1567 3815 1625 δὶ

2155 1663 2252 1731 μιᾷ
2279 1663 2388 1713 τῶν
2421 1659 2645 1733 ἡμερῶν
2694 1660 2792 1713 τοῦ
2849 1656 3153 1713 σουλτάνου
3197 1658 3287 1713 τὸν
3334 1655 3583 1735 βασιλια.
3614 1658 3681 1715 Τί
3738 1658 3809 1714 ἂν

2149 1744 2398 1823 ἔδρασας,
2436 1746 2487 1802 εἷ’
2518 1743 2678 1823 ἔσχες
2724 1745 2822 1821 ἐμὲ
2876 1745 3195 1823 ὑποχείριον
3231 1766 3245 1819 ;
3305 1747 3684 1823 ἀνυποκρίτως
3711 1747 3811 1803 καὶ

2146 1836 2475 1899 ἀθωπεύτως
2501 1839 2529 1892 6
2564 1834 2823 1911 βασιλεὺς
2856 1835 3204 1911 ἀπεκρίνατο,
3237 1835 3319 1892 ὅτι
3351 1858 3378 1892 α
3409 1836 3657 1900 Πολλαῖς
3681 1842 3813 1900 ταῖς

2146 1932 2387 2002 πληγαῖς
2414 1924 2827 1997 κατεδαπάνησα
2881 1926 2940 1981 ἅν
2996 1946 3092 1981 σου
3147 1925 3210 1980 τὸ
3256 1929 3437 2000 σῶμα,
3488 1925 3744 2002 γίνωσκε,
3779 1954 3808 1983 ι

2151 2013 2309 2073 Ἀλλ’
2360 2014 2488 2091 ἐγὼ,
2545 2016 2709 2091 φησὶν
2767 2017 2795 2070 6
2845 2014 3166 2081 σουλτάνος,
3221 2014 3285 2070 οὑ
3342 2016 3661 2090 μιμήσομαί
3707 2038 3818 2073 σου

2148 2104 2210 2160 τὸ
2258 2103 2524 2179 αὐστηρὸν
2569 2104 2659 2159 καὶ
2720 2103 3022 2178 ἀπότομον.
3087 2102 3238 2173 Πλὴν
3283 2103 3466 2159 ἀκούω
3513 2104 3597 2161 δτι
3644 2107 3735 2162 καὶ
3784 2106 3821 2162 ὁ

2154 2195 2414 2270 ὑμὲτεροι⁹
2446 2194 2686 2269 Χριστὸς
2734 2192 2958 2269 εἰρήνην
3000 2193 3130 2266 ὑμῖν
3176 2194 3467 2267 νομοθετεῖ
3508 2194 3601 2249 καὶ
3631 2196 3822 2269 ἀμνη-

2069 1968 2114 2031 ll

2149 2283 2295 2338 στίαν
2354 2288 2560 2352 κακῶν,
2606 2283 2697 2338 καὶ
2754 2288 2871 2344 τοῖς
2928 2283 3297 2360 ὑπερηφάνοις
3347 2284 3819 2360 ἀντικαθίσταται,

2145 2378 2423 2435 ταπεινοῖς
2477 2369 2534 2427 δὶ
2592 2368 2783 2427 δίδωσι
2815 2372 3001 2447 χάριν,
3059 2370 3208 2427 Μετά
3260 2377 3421 2427 τοῦτο
3477 2376 3605 2449 γοῦν
3636 2394 3820 2429 σπον-

2148 2458 2242 2524 δας
2300 2462 2663 2534 ποιησάμενοι
2712 2461 2804 2516 καὶ
2865 2462 3138 2532 συνθήκας
3185 2459 3462 2538 εἷρηνικᾶς
3516 2459 3818 2534 διηνεκεῖς,

2142 2552 2234 2606 καὶ
2264 2550 2433 2622 κῆδος
2476 2550 2563 2606 ἐπὶ
2602 2556 2716 2614 τοῖς
2767 2549 2922 2605 παισί
2971 2552 3392 2624 συστησάμενοι,
3448 2549 3539 2606 καὶ
3597 2551 3663 2607 τὰ
3720 2550 3816 2608 δί-

2143 2662 2271 2696 καια
2313 2641 2543 2712 ἑκάστης
2613 2641 2956 2716 ἔπικρατείας
3015 2636 3048 2694 ἃ
3101 2639 3165 2714 ᾖν
3224 2638 3276 2711 ἐξ
3325 2642 3508 2716 ἀρχῆς
3558 2640 3812 2714 θίμινοι,

2146 2730 2346 2809 φιλίως
2392 2751 2452 2785 τε
2501 2726 2788 2800 ἀλλήλους
2825 2727 3281 2805 προσμίγνυσθαι,
3314 2730 3508 2802 μηκέτι
3560 2726 3617 2785 δὲ
3662 2729 3811 2803 λεηο

2144 2817 2337 2874 λασίαν
2384 2826 2483 2890 τῆς
2543 2818 2833 2891 Ῥωμαίων
2896 2817 3238 2894 ὶπικρατείας
3294 2820 3420 2895 παρ’
3484 2820 3807 2875 οὑτινοσοῦν

2141 2913 2250 2964 τῶν
2311 2907 2572 2983 Τούρκιυν
2640 2908 2903 2984 γίνεσθαι,
2984 2907 3395 2982 ὑποπραφῆναί
3463 2928 3523 2963 τε
3588 2908 3793 2972 πάντας

2143 2996 2270 3062 τοὺς
2310 2999 2426 3052 ὅσοι
2485 2997 2622 3053 ποτε
2680 2997 2816 3052 κατά
2872 2998 2972 3068 τῆς
3004 2996 3292 3070 Ῥωμαίων
3344 2995 3670 3071 ἐστάλησαν,
3707 3000 3810 3055 καὶ

2141 3088 2245 3157 τήν
2302 3084 2689 3163 αἱχμαλωσίαν
2729 3084 2961 3157 ἅπασαν,
3009 3088 3099 3141 καὶ
3158 3085 3395 3160 μάλιστα
3440 3086 3503 3141 τὸ
3553 3088 3809 3165 προέχον

2140 3181 2247 3234 τῶν
2299 3177 2589 3251 Ῥωμαίων
2647 3175 2737 3231 καὶ
2807 3174 3079 3251 ἔκκριτον,
3156 3172 3399 3247 δεξίωσιν
3464 3174 3627 3249 ἁδρὰν
3704 3183 3814 3234 τοῦ

2148 3261 2417 3340 βασιλέως
2450 3262 3044 3338 προσομολογήσαντος
3081 3267 3159 3335 τῷ
3186 3263 3489 3337 σουλτάνῳ.
3525 3265 3811 3343 Ἐςφάγη-

369 3354 929 3431 potitus,praasidem
951 3351 1396 3408 Constantinum
1414 3348 1666 3404 ﬁliorum
1684 3352 1823 3403 natu
1851 3344 2018 3401 mini-

2140 3337 2233 3407 σαν
2267 3349 2326 3408 δὶ
2351 3337 2651 3423 τηνικαῦτα
2698 3337 2847 3407 Δίων
2899 3353 2927 3407 6
2978 3351 3065 3407 ἐπὶ
3110 3356 3219 3407 τῶν
3266 3350 3504 3424 δεήσεων
3551 3337 3664 3425 (ἳέ)

370 3463 535 3504 mum
561 3461 697 3504 cum
727 3441 1138 3515 frequentibus
1179 3438 1364 3511 copiis
1389 3439 1673 3494 adversus
1703 3435 2018 3508 Diogenem

364 3539 672 3607 immittit;
697 3535 985 3608 quietiam
1002 3533 1355 3602 conjunctus
1390 3545 1521 3585 cum
1537 3530 1665 3601 ipso
1677 3527 1875 3583 Doceas
1897 3524 2021 3584 bel-

363 3629 489 3685 lum
516 3626 829 3684 metuebat.
853 3627 924 3680 At
945 3622 1231 3695 Diogenes
1254 3619 1616 3691 superiorem
1641 3634 1703 3672 se
1733 3618 2018 3673 Constan—

361 3718 487 3774 tino
501 3732 744 3773 cernens
758 3713 1055 3787 profectus
1070 3707 1548 3781 indepervenitin
1565 3706 2014 3780 Cappadociam.

359 3810 588 3864 Interea
606 3802 921 3860 multitudo
944 3800 1299 3855 Francorum
1312 3797 1384 3852 ad
1400 3796 1857 3852 Constantinum
1881 3811 2018 3850 con-

356 3895 507 3966 ﬂuit,
540 3900 597 3951 et
624 3892 927 3965 Crispinus
958 3889 1080 3963 ipse
1130 3904 1260 3943 cum
1295 3884 1580 3959 cognatis,
1614 3900 1789 3958 quem
1824 3901 2013 3941 rever-

355 4004 459 4044 sus
507 3985 658 4041 703
711 3983 994 4054 Diogenes
1050 3978 1215 4051 prius
1258 3977 1318 4032 in
1376 3977 1645 4049 Abydum
1703 3974 2006 4046 relegarat.

353 4076 723 4134 Theodorum
766 4072 949 4145 igitur
996 4068 1284 4142 Alyatem,
1334 4067 1519 4122 virum
1569 4081 1920 4140 generosum
1953 4070 2009 4121 et

351 4159 1083 4236 illustrem,magnitudine
1106 4175 1171 4215 ac
1194 4157 1387 4231 specie
1410 4155 1662 4213 maxime
1684 4155 2004 4211 admirabi-

350 4262 491 4329 lem,
521 4261 803 4317 adversus
850 4255 1012 4327 ipsos
1046 4252 1250 4307 mittit.
1282 4250 1549 4323 Cumque
1593 4249 1822 4305 fortiter
1851 4264 1912 4305 se
1943 4249 2001 4304 in

346 4353 473 4409 acie
514 4348 934 4423 opposuissent
961 4342 1001 4398 ii
1045 4342 1143 4415 qui
1198 4358 1331 4397 cum
1379 4341 1762 4398 Constantino
1811 4343 1998 4409 erant,

342 4442 662 4498 vincuntur
693 4436 910 4492 milites
946 4432 1184 4505 Alyatis,
1206 4435 1263 4487 et
1295 4430 1419 4503 ipse
1450 4430 1998 4501 capitur,captoque

340 4528 497 4588 oculi
552 4525 910 4584 eﬂ‘odiuntur
968 4522 1115 4577 ferro
1174 4536 1290 4592 quo
1322 4520 1573 4575 tentoria
1632 4518 1995 4589 defiguntur.

338 4620 625 4693 Diogenes
655 4620 855 4672 autem
888 4612 960 4667 ob
992 4626 1061 4666 ea
1090 4626 1220 4681 quas
1251 4608 1587 4664 acciderant
1617 4622 1995 4678 summopere

2132 3440 2161 3494 6
2223 3441 2520 3516 μάγιστρος
2580 3439 2878 3505 Εὑστάθιος
2936 3440 3026 3495 καὶ
3099 3449 3584 3519 πρωτασηκρῆτις,
3645 3442 3798 3500 ἑάλω

2131 3526 2188 3585 δὶ
2240 3528 2329 3585 καὶ
2382 3531 2410 3585 6
2477 3523 2979 3606 πρωτοϐεστιάριος
3056 3529 3349 3594 Βασίλειος
3419 3532 3448 3586 6
3502 3530 3789 3604 Μαλέσης.

2128 3619 2277 3676 Μετά
2308 3617 2364 3675 δὲ
2389 3620 2451 3674 τὸ
2493 3623 2661 3675 ταῦτα
2710 3618 2855 3674 οὕτω
2912 3618 3230 3695 πραχθῆναί
3265 3641 3323 3676 τε
3365 3621 3453 3676 καὶ
3489 3642 3782 3699 συμφωνηι

2127 3710 2285 3778 Θῆναι
2318 3707 2581 3765 ἀπέλυσεν
2617 3708 2645 3763 6
2690 3707 2988 3773 σουλτάνος
3029 3710 3122 3764 τὸν
3173 3707 3401 3785 βασιλέα
3454 3709 3550 3765 σὺν
3587 3708 3780 3786 πολλῇ

2123 3798 2434 3873 περιπλοκῇ
2493 3796 2583 3853 καὶ
2634 3797 3010 3872 συντακτηρίῳ
3059 3802 3222 3874 τιμῇ,
3269 3797 3635 3876 προσιπιδοὺς
3683 3802 3777 3855 καὶ

2119 3886 2227 3942 τῶν
2288 3887 2506 3943 οἰκείων
2557 3882 2832 3962 πρέσϐεις.
2892 3887 3187 3964 Κατείχετο
3238 3885 3295 3943 δὶ
3355 3889 3425 3944 τὰ
3480 3887 3774 3963 Ματζικίερ

2124 3977 2227 4033 ὑπὸ
2259 3977 2573 4050 Ῥωμαίων.
2607 3980 2687 4049 [Ρ.
2722 3979 2849 4051 843]
2896 3982 2985 4039 Ὦς
3036 3974 3083 4033 δ’
3134 3977 3162 4033 6
3199 3977 3453 4052 βασιλεὺς
3483 3975 3775 4043 ἀπολυθεὶς

2119 4065 2390 4139 ἐπανῆλθε
2450 4064 2519 4121 δι’
2573 4064 2752 4137 ἄλλης
2827 4064 2979 4137 ὀδοῦ,
3036 4066 3256 4146 ἀφέντες
3328 4067 3524 4124 ἰκεῖνοι
3582 4068 3777 4133 νυκτὸς

2115 4152 2330 4235 ἔφυγον,
2388 4157 2776 4233 περιτυχόντες
2837 4152 2894 4210 δὶ
2942 4154 3236 4229 πολεμίοις
3289 4154 3681 4215 ἐκινδύνευσαν.
3714 4160 3781 4217 Ὁ

2114 4243 2171 4301 δὲ
2228 4244 2481 4321 βασιλεὺς
2552 4245 2912 4315 κατηντηκὼς
2991 4243 3069 4307 είς
3121 4242 3579 4302 Θεοδοσιούπολιν
3639 4249 3780 4321 μετὰ

2109 4340 2412 4407 Τουρκικῆς
2458 4334 2825 4403 σουλτανικῆς
2876 4333 3082 4403 στολῆς
3131 4338 3243 4409 (29)
3295 4332 3572 4411 ὑπεδᾶχθη
3608 4336 3775 4411 φιλο-

2106 4423 2307 4497 τίμως.
2364 4425 2601 4501 Ἡμέρας
2658 4420 2714 4479 δὲ
2786 4444 2940 4487 τινας
3016 4420 3399 4499 διεκαρτέρησε
3455 4446 3557 4496 την
3608 4431 3777 4504 χεῖρα

2105 4514 2536 4590 θεραπευόμενος
2590 4514 2678 4568 καὶ
2753 4513 2941 4568 ἑαυτὸν
3004 4513 3408 4588 ἀνακτώμενος,
3450 4514 3543 4569 καὶ
3600 4514 3773 4571 πάλιν

2109 4606 2471 4682 μεθαρμόζων
2531 4606 2669 4679 πρὸς
2727 4604 3205 4679 Ῥωμαῖκώτερον,
3283 4606 3360 4667 ὡς
3428 4604 3579 4675 ἐνῆν,
3639 4607 3771 4661 εαυ-

333 4689 540 4766 dolens
598 4707 659 4761 in
720 4700 1147 4775 Cappadociam
1208 4697 1513 4769 ingressus
1572 4701 1682 4761 est,
1730 4695 1993 4766 undique

2129 4695 2217 4753 όν.
2271 4697 2441 4770 ’Ἄρας
2500 4692 2546 4749 δ’
2593 4694 2793 4758 ἐκεῖθεν
2848 4691 2992 4768 διῂει
3040 4696 3135 4756 τὰς
3183 4689 3462 4769 Ἰϐηρικὰς
3517 4696 3713 4768 κώμας
3752 4716 3767 4731 ·

329 4813 638 4857 accersens
686 4792 1024 4851 exercitum.
1063 4790 1187 4859 Ipse
1227 4803 1368 4851 vero
1420 4785 1900 4842 commorabatur
1930 4786 1989 4840 in

2129 4788 2334 4854 ὐνῆσαν
2367 4782 2414 4839 δ’
2444 4783 2589 4856 αὐτῷ
2637 4782 2728 4838 καὶ
2780 4783 2831 4837 οἳ
2882 4781 2942 4838 ἑκ
2997 4788 3095 4837 τοῦ
3144 4780 3443 4839 σουλτάνου
3487 4780 3771 4861 πρέσϐεις.

328 4889 633 4962 Tyropmo.
671 4887 808 4940 Erat
854 4880 963 4937 hoc
1006 4878 1291 4951 oppidum
1338 4876 1659 4932 admodum
1692 4874 1987 4930 munitum

325 4984 385 5034 et
412 4977 580 5034 valde
610 4979 994 5049 praeruptum.
1030 4968 1216 5041 Igitur
1264 4966 1690 5023 Constantinus
1740 4963 1988 5021 accersi-

2100 4873 2356 4929 Κάκεὶθεν
2443 4871 2799 4949 προσελαύνει
2905 4870 3071 4948 μέχρι
3177 4870 3484 4936 Κολωνείας
3568 4874 3768 4944 αὑτῆς.

2098 4961 2401 5035 Γενομᾶνου
2433 4958 2491 5016 δὲ
2519 4962 2571 5016 ἐν
2602 4965 2682 5035 τῷ
2729 4958 3209 5036 Μελισσοπετρίῳ,
3241 4959 3459 5024 Παῦλος
3490 4959 3766 5039 πρόεδρος

1646 5081 1894 5138 JACOBl
1934 5079 2153 5137 GOARI
2204 5080 2434 5136 NOTZE.

397 5180 508 5251 (27)
541 5180 830 5251 Adagium
868 5175 1064 5251 μεχρις
1097 5169 1279 5251 λόγων
1308 5170 1399 5225 καὶ
1431 5169 1577 5225 ἀλῶν
1623 5177 1982 5251 secretorum

323 5244 741 5321 convictusque
772 5244 1124 5321 societatem
1141 5244 1337 5321 amico
1356 5260 1696 5321 concessam
1721 5244 1980 5321 denotat.

319 5323 451 5380 Sale
482 5313 665 5380 tenus.
704 5327 761 5378 et
808 5321 1045 5378 cumino
1095 5318 1323 5373 dixerat
1352 5316 1492 5372 olim
1537 5315 1889 5371 Plutarchus
1920 5313 1979 5369 in

321 5395 570 5467 Sympos.
603 5393 978 5450 Consortium
1010 5389 1151 5447 salis
1182 5392 1361 5445 etiam
1394 5387 1569 5444 hodie
1621 5388 1820 5443 Turcaa
1854 5386 1981 5441 lau-

319 5467 484 5522 dant.

390 5536 622 5611 (28)_De_
664 5552 782 5607 quo
829 5534 1092 5611 Oedipus
1145 5549 1211 5611 οη
1249 5548 1306 5601 v,
1339 5547 1397 5611 ιιζ
1447 5530 1518 5584 65
1551 5545 1564 5584 :
1595 5528 1858 5611 ‘AéXE’tEt‘
1879 5525 1980 5611 τὰς

315 5594 425 5663 τῶν
473 5594 768 5664 αἰτούντων
815 5605 904 5659 καὶ
954 5594 1327 5675 ἀδικουμένων
1364 5594 1978 5675 ,ἀναφοράςξκαόαλλα-

317 5681 443 5755 ρίου
489 5678 851 5757 διερχομὲνου
880 5679 978 5732 τοῦ
1034 5673 1836 5757 βασιλέωςκῐῖβΐόιιόηρνθνὶυω
1870 5674 1979 5757 hec

317 5744 934 5823 inunere'f'un'gentem
980 5744 1147 5823 vocat
1192 5745 1742 5823 Cassiodorusvar.
1777 5744 1976 5823 v1,_17,

314 5843 435 5904 qua
451 5828 583 5902 ejus
613 5815 809 5882 ofﬁcia
835 5835 1014 5895 quam
1043 5818 1335 5876 latissime
1364 5822 1622 5892 exponit.
1657 5815 1978 5891 Proc0pius

2094 5169 2300 5241 paucis
2313 5186 2445 5225 eum
2471 5185 2599 5225 esse
2624 5170 2705 5225 ait
2725 5170 2824 5240 qui
2843 5166 3291 5294 supgticanlium
3308 5184 3494 5241 preces
3511 5170 3771 5241 principi

2094 5242 2356 5294 explicat.
2388 5245 2442 5294 et
2463 5243 2580 5294 eius
2601 5241 2945 5294 resnonst’om'
2982 5256 3044 5294 us
3073 5245 3293 5294 praeest.
3328 5242 3759 5294 Regendarium

2092 5242 2356 5313 explicat,
2388 5245 2442 5297 et
2463 5243 2580 5314 ejus
2601 5241 3044 5314 responsionibus
3069 5245 3293 5314 praeest.
3328 5242 3760 5314 Regendarium

2093 5311 2365 5370 eumdem
2385 5311 2509 5368 vult
2535 5314 2650 5385 dici
2679 5311 3047 5368 Pancirollus
3070 5311 3133 5385 in
3159 5312 3289 5385 Not.
3326 5311 3471 5385 Imp.
3506 5329 3557 5369 c.
3589 5330 3759 5371 xvm.

2092 5390 2167 5438 At
2219 5385 2393 5458 longe
2440 5390 2530 5458 est
2582 5384 2764 5458 hujus
2815 5385 2886 5439 de
2935 5383 3470 5458 quo‘Cassiodorus
3519 5402 3759 5458 quoque

2091 5460 2226 5583 Χζῗιι.
2262 5457 2302 5512 l.
2328 5455 2413 5528 in,
2449 5457 2521 5513 ab
2552 5455 2760 5528 altero,
2791 5472 2896 5512 ceu
2946 5455 3227 5512 militaris
3257 5472 3291 5512 a
3319 5455 3498 5528 civili,
3531 5455 3753 5531 propo—

2091 5546 2137 5583 si
2173 5545 2296 5583 um.

2091 5545 2296 5585 suum.

2160 5601 2272 5667 (29)
2303 5598 2460 5663 Quos
2481 5597 2690 5654 affectu
2712 5597 2801 5653 vel
2825 5598 3046 5654 honore
3068 5602 3512 5670 prosequuntur
3537 5603 3757 5655 ornant

2090 5670 2515 5743 Mahumetani,
2537 5671 2599 5743 si
2630 5671 2843 5743 capitis
2872 5671 3138 5743 velamen
3188 5670 3466 5743 excipias,
3499 5671 3625 5727 suis
3656 5687 3752 5727 ve-

2089 5743 2305 5816 stibus.
2338 5742 2488 5816 Hinc
2533 5741 2854 5815 imperator
2895 5741 3215 5816 gsultanica,
3250 5741 3439 5799 id'est
3485 5744 3648 5816 regia
3695 5747 3753 5800 et

2086 5814 2459 5893 Saracenica,
2497 5814 2658 5872 veste
2703 5815 3060 5889 conspicuus
3104 5815 3177 5873 ad
3224 5828 3369 5873 suos
3416 5814 3750 5873 revertitur.
