4122 6388
372 391 496 456 433

1906 367 2304 430 HISTORIA.
2341 341 2346 344 ’

3707 357 3828 420 εει

381 527 412 582 6
460 530 558 594 τῆς
612 516 876 589 Ἐδέσσης
931 515 1218 572 κατεπάνω
1269 511 1449 586 νύκτῳ
1503 508 1666 566 αὐτὸν
1723 503 2039 562 καταλιπὼν

2162 506 2286 594 tum
2351 503 2665 560 Antiochiae
2721 503 2932 560 ducem
2995 495 3456 556 Ghachaturium
3514 492 3819 550 adversus-

383 615 460 678 εἲς
537 603 1130 670 Κωνσταντινοόπολιν
1205 600 1512 678 ἀπέδρασε,
1587 593 1888 671 προμαθὼν
1979 591 2046 648 τὰ

379 705 554 760 ἐκεῖσε
609 697 972 771 καττυόμενα’
1034 694 1294 764 Ἰωάννης
1351 691 1457 767 γὰρ
1517 689 1544 744 6
1593 692 1796 761 Καῖσαρ
1854 684 1942 738 καὶ
1992 681 2044 736 οὶ

367 793 576 850 τοῦτου
607 792 768 859 υἱεῖς,
801 786 892 842 καὶ
939 792 1042 855 τῆς
1098 781 1407 860 συγκλήτου
1440 777 1556 835 ὅσοι
1596 779 1662 832 τὰ
1697 774 1860 832 αὐτοῦ
1891 772 2048 851 ἐφρό-

369 901 524 950 νουν,
583 878 684 946 τὴν
750 875 843 948 μὶν
909 859 1185 948 βασιλίδα
1230 869 1515 943 ὑπερόριον
1569 867 1802 930 τίθενται
1863 861 1938 922 είς
1983 859 2045 914 τὸ

371 971 502 1046 παρ’
563 967 737 1035 αὐτῆς
794 963 990 1018 συστὰν
1051 961 1514 1039 φροντιστήριον,
1573 952 1844 1027 ΙΙιπεροῦς
1903 950 2045 1006 οὕτω

379 1057 746 1130 κιλοῦμενον,
801 1050 1192 1126 ἀποκείραντες
1251 1049 1341 1102 καὶ
1405 1047 1480 1120 μὴ
1549 1041 1910 1120 βουλομένην,
1951 1039 2044 1094 τὸν

385 1147 444 1206 δὲ
499 1143 740 1222 Μιχαὴλ
803 1143 1082 1218 μόναρχον
1138 1135 1590 1214 ἀναγορεύσαντες
1669 1131 2048 1205 αὐτοκράτορα

385 1235 620 1312 εγραψαν
655 1233 980 1306 ἁπανταχοῦ
1026 1228 1314 1284 ἐπανιόντα
1363 1225 1454 1280 τὸν
1504 1220 1732 1299 βασιλέα
1786 1221 1860 1294 μή
1913 1219 2046 1272 ὑπο-

381 1306 632 1396 δέξασθαι
693 1323 833 1396 μήτε
891 1321 964 1380 ὡς
1021 1316 1248 1394 βασιλέα
1295 1321 1548 1388 τιμῆσαι.
1593 1309 1832 1386 ’Ἠρξατο
1862 1306 1919 1362 δὲ
1949 1309 2047 1375 τῆς

375 1411 779 1487 ἀποκηρύξεως
843 1413 1063 1484 πρῶτος
1122 1408 1150 1461 6
1207 1409 1314 1460 τῶν
1377 1401 1693 1482 φιλοσόφων
1757 1397 1958 1459 ὕπατος
2019 1397 2046 1451 6

372 1500 629 1569 Ψελλὸς,
679 1499 859 1564 καθὼς
889 1497 982 1552 καὶ
1031 1495 1191 1556 αὐτὸς
1221 1489 1271 1549 ἕν
1303 1514 1410 1548 τινι
1441 1495 1548 1546 τῶν
1585 1487 1736 1543 ῗδίων
1770 1506 2048 1562 συγγραμκ

374 1591 570 1667 μάτων
631 1585 1000 1664 μεγαλαυχεῖ.
1059 1585 1286 1659 Κέγεται
1344 1579 1402 1636 δὶ
1455 1581 1538 1634 ὅτι
1595 1578 1684 1633 καὶ
1744 1578 1779 1646 ἠ
1832 1573 2049 1652 βασιλὶς

373 1680 518 1750 αὗτὴ
553 1683 654 1734 τοῦ
680 1679 848 1734 αὐτοῦ
880 1678 1090 1730 σκοποῦ
1120 1673 1212 1742 ἦν,
1245 1671 1385 1727 ὥστε
1419 1672 1495 1744 μὴ
1536 1665 1924 1744 προσδέξασθαι
1954 1664 2045 1718 τὸν

376 1771 646 1846 Διογένην
699 1765 1010 1822 έπανιόντα.
1060 1762 1310 1834 Ἀπτέρῳ
1359 1757 1416 1814 δὲ
1464 1759 1623 1835 τάχει
1676 1754 1859 1830 μαθὼν
1885 1755 2047 1808 τοῦτο

374 1843 572 1916 καὶνό
647 1854 934 1932 Διογένης,
1007 1853 1096 1910 καὶ
1171 1848 1622 1927 πληροφορηθεὶς
1697 1843 1782 1900 ὅτι
1853 1847 2049 1904 κοινῶς

378 1948 829 2021 ἀποκεκήρυκται
883 1988 900 2014 ,
975 1939 1231 2020 φρούριόν
1315 1960 1366 1992 τι
1452 1935 1742 2011 κατασχὼν
1829 1933 2046 1987 Δόκειαν

381 2035 792 2111 ὀνομαζόμενον
841 2032 1014 2088 ἐκεῖσε
1059 2024 1604 2104 ἐστρατοπεδεύσατο.
1638 2026 1699 2084 Ὀ
1747 2023 1804 2078 δὲ
1844 2025 2049 2098 Καῖσαρ

387 2127 454 2182 τὸ.
495 2133 600 2196 τῆς
643 2121 948 2202 βασιλείας,
999 2121 1072 2182 ὡς
1133 2117 1332 2187 ἐδόκει,
1377 2115 1568 2190 ἄριστα
1621 2112 2048 2190 κρατυνάμενος,

393 2224 486 2280 τὸν
536 2220 801 2300 πρόεδρον
881 2222 1283 2275 Κωνσταντῖνον
1357 2215 1452 2270 τὸν
1535 2209 1874 2290 βραχύτερον
1943 2213 2052 2262 τῶν

397 2297 592 2368 υἱέωνγ
631 2311 766 2384 μετὰ
841 2307 1122 2380 δυνάμεως
1191 2303 1356 2381 ἀδρᾶς
1415 2301 1551 2358 κατὰ
1605 2305 1702 2355 τοῦ
1762 2297 2048 2370 Διογένους

394 2403 634 2480 ἆῳίησιν,
667 2401 726 2462 ὃς
757 2399 848 2454 καὶ
880 2397 1094 2460 ένωθεῖς
1136 2395 1287 2466 αὐτῷ
1321 2392 1371 2447 έν
1405 2395 1473 2466 τῇ
1525 2391 1720 2461 Δοκείᾳ
1769 2385 2050 2442 ἀπεδειλία

383 2493 476 2547 τὸν
523 2487 792 2563 πόλεμον.
825 2489 996 2564 Ὁρῶν
1051 2481 1109 2540 δὲ
1157 2485 1185 2539 6
1219 2483 1476 2557 Διογένης
1526 2481 1922 2554 ὑπερτεροῦντα
1952 2481 2049 2532 τοῦ

383 2579 786 2638 Κωνσταντίνου
837 2575 1032 2633 ¹έαυτὸν
1068 2619 1086 2648 ,
1145 2570 1278 2648 ἄρας
1349 2571 1548 2626 ἐκεῖθεν
1611 2569 1912 2648 ἀφικνεῖται
1971 2566 2048 2629 εἷς

381 2667 803 2728 Καππαδοκίαν.
863 2669 949 2723 Ἐν
1007 2663 1254 2736 τοσούτῳ
1314 2659 1370 2717 δὲ
1427 2660 1644 2730 πλῆθος
1677 2657 1941 2734 Φράγγων
1975 2661 2052 2728 τῷ

381 2757 779 2830 Κωνσταντίνῳ
855 2753 1272 2832 προσγίνεται,
1339 2751 1430 2806 καὶ
1509 2754 1804 2822 Κρισπῖνος
1888 2747 2050 2808 αὐτὸς

377 2849 522 2924 μετᾶ
567 2846 678 2904 τῶν
732 2831 1037 2922 ὁμογενῶν,
1071 2843 1128 2898 ’ὸν
1179 2842 1341 2897 ἀνιὼν
1374 2843 1401 2896 ὁ
1434 2841 1695 2914 Διογένης
1752 2837 1802 2890 έν
1837 2831 2051 2908 ἈΕ-ὁδῳ

377 2939 686 3014 περιώρισε
745 2934 1052 3010 πρότερον.
1115 2929 1396 3007 Θεόδωρον
1456 2927 1544 2983 οὖν
1603 2927 1694 2983 τὸν
1755 2923 2050 3010 Ἀλυάττην⁹

377 3025 556 3102 ἄνδρα
615 3029 860 3102 γενναῖον
918 3021 1012 3076 καὶ
1071 3021 1302 3098 ἐπιφανῆ
1347 3066 1362 3092 ,
1426 3019 1642 3093 μεγέθει
1695 3037 1755 3071 τε
1809 3015 1896 3069 καὶ
1959 3015 2054 3085 θέᾳ

382 3114 866 3189 θαυμασιώτατον,
917 3109 1135 3166 στέλλει
1189 3115 1305 3164 κατ’
1333 3105 1532 3163 αὐτῶν.
1589 3104 1948 3182 Ἐῥρωμένως
2007 3100 2053 3158 δ’

377 3202 970 3278 ἀντιπαρασαξαμένων
1019 3203 1126 3254 τῶν
1179 3197 1300 3276 περὶ
1353 3200 1785 3262 Κωνσταντῖνον,
1833 3196 2046 3263 ἡττῶν-

373 3315 468 3350 ται
514 3293 569 3347 οἱ
619 3292 743 3366 περὶ
796 3291 888 3345 τὸν
937 3286 1234 3359 Ἀλυάτην,
1289 3287 1567 3342 ἁλίσκεται
1618 3281 1676 3340 δὲ
1719 3281 1808 3338 καὶ
1862 3281 2040 3350 αὐτὸς,

373 3385 468 3440 καὶ
515 3381 650 3442 τοὺς
704 3377 1024 3456 ὀφθαλμοὺς
1072 3377 1406 3454 έξορύττεται
1439 3379 1717 3445 σκηνικοῖς
1751 3370 2041 3450 σιδηρίοις.

375 3477 733 3556 Περιώδυνος
766 3475 824 3532 δὲ
853 3478 882 3532 6
913 3477 1170 3551 Διογένης
1217 3473 1304 3530 ἐπὶ
1333 3479 1449 3536 τοῖς
1483 3466 1857 3546 συμϐεϐηκόσι
1887 3491 2044 3546 γεγο-

378 3572 490 3630 νὼς
549 3569 628 3640 εἲς
683 3568 785 3636 τήν
853 3562 1233 3622 Καππαδοκῶν
1285 3558 1530 3634 ἐνέϐαλε,
1589 3561 1926 3636 πανταχόθεν
1983 3559 2046 3612 τὸ

391 3658 700 3734 στράτευμα
755 3651 1266 3729 προσκαλούμενος.
1301 3651 1467 3716 Αὐτὸς
1524 3649 1581 3708 δὶ
1639 3649 1822 3726 διῆγεν
1867 3649 1918 3703 έν
1967 3653 2048 3720 τῷ

393 3751 705 3822 Τυροποιῷ·
767 3743 1027 3824 φρούριον
1085 3741 1142 3798 δὶ
1196 3741 1368 3806 οὕτως
1441 3739 1780 3814 καλούμενον
1843 3738 2044 3814 ὀχυρὸν

387 3839 514 3896 λίαν
561 3837 652 3892 καὶ
702 3837 1085 3913 ἀπόκρημνον.
1139 3831 1656 3909 Προσκαλεσάμενος
1699 3829 1790 3886 οὖν
1837 3831 1864 3885 ὁ
1905 3837 2050 3884 Κων-

390 3933 674 3989 σταντῖνος
705 3929 789 4000 [Ρ.
822 3928 952 3997 844]
982 3924 1073 3980 καὶ
1101 3925 1191 3980 τὸν
1229 3921 1564 3998 Ἀντιοχείας
1605 3919 1769 3977 δοΰκα
1798 3921 1888 3975 τὸν
1935 3927 2046 3974 Λα-

395 4015 690 4092 χατοῦριον
742 4013 1038 4090 σύμμαχον
1094 4013 1232 4068 κατὰ
1285 4015 1382 4068 τοῦ
1441 4011 1724 4086 Διογένους
1755 4009 1854 4065 οὐκ
1891 4006 2046 4085 ἔσχεν

403 4105 765 4161 ὑπακούοντα·
831 4103 1128 4180 προσέθετο
1172 4103 1274 4178 γάρ
1316 4101 1396 4174 τῷ
1447 4100 1704 4174 Διογένει.
1769 4099 1867 4154 Καὶ
1923 4103 2048 4154 τοῦ·

385 4216 486 4252 τον
546 4188 880 4271 παραλαϐὼν
924 4191 1280 4268 παραγίνεται
1330 4191 1406 4252 εἷς
1461 4188 1740 4257 Κιλικίαν,
1791 4187 1914 4253 ἔνθα
1959 4187 2048 4242 καὶ

385 4281 815 4362 προσεκαρτέρει
880 4283 981 4352 τήν
1059 4281 1167 4336 ἀπὸ
1237 4285 1332 4335 τοῦ
1409 4278 1710 4334 σουλτάνου
1769 4277 2047 4350 ἀναμένων

393 4375 679 4452 βοήθειαν,
739 4374 885 4446 ὁμοῦ
941 4371 1036 4446 μὲν
1095 4370 1184 4426 καὶ
1245 4368 1335 4424 διά
1388 4370 1479 4424 τὸν
1539 4372 1794 4444 χειμῶνα
1851 4365 2051 4442 διάγων

390 4463 590 4531 ἰκεῖσε,
642 4460 770 4518 ἀλλ’
816 4459 1186 4532 άλεεινοτέραν
1223 4460 1324 4528 τήν
1377 4457 1624 4514 Κιλικίαν
1677 4457 2052 4530 ἐπιστάμενος,

391 4553 484 4609 καὶ
517 4550 684 4608 πάλιν
719 4551 854 4628 πρὸς
905 4547 1193 4625 συλλογὴν
1240 4552 1472 4625 στρατοῦ
1505 4546 1690 4602 ἑαυτὸν
1719 4543 2054 4622 ἀπησχόλει.

392 4655 458 4712 Ὁ
491 4650 552 4707 δέ
605 4671 670 4727 γε
723 4653 1124 4711 Κωνσταντῖνος
1179 4649 1314 4722 μετά
1362 4647 1425 4702 τὸ
1471 4647 1563 4702 τὸν
1620 4647 1878 4721 Διογένην
1927 4645 2059 4700 ὑπο-

395 4748 660 4818 χωρῆσαι
714 4739 1038 4812 ὑπέστρεψεν
1085 4737 1161 4800 εἷς
1215 4737 1276 4791 τὸ
1327 4737 1632 4807 Βυζάντιον.
1667 4736 1811 4791 Ἀπ’
1855 4734 2061 4790 ἐκείνου

395 4831 458 4887 δὶ
491 4828 778 4886 στέλλεται
826 4829 964 4894 κατὰ
1011 4831 1110 4882 τοῦ
1149 4827 1448 4901 Διογένους
1477 4827 1505 4880 6
1536 4822 1803 4901 πρόεδρος
1838 4821 2060 4898 Ἀνδρό-

395 4940 552 4981 νικος
581 4919 735 4973 ὁτοῦ
783 4916 1056 4994 Καίσαρος
1112 4911 1249 4980 υἱός.
1306 4915 1596 4987 Διανείμας
1649 4912 1706 4969 δὲ
1752 4919 1870 4977 τοῖς
1901 4933 2058 4987 στρα-

394 5009 628 5070 τιώταις
673 5007 948 5083 σιτηρέσια
999 5002 1088 5060 διὰ
1138 5009 1238 5072 τῆς
1293 5003 1614 5079 κλεισοόρας
1657 5007 1752 5058 τοῦ
1785 4999 2064 5058 Ποδανὸοὖ

399 5099 714 5178 ἀφικνεῖται
772 5095 850 5158 εἷς
909 5093 1186 5166 Κιλικίαν,
1246 5092 1372 5150 ἔνθα
1428 5097 1656 5164 συναντᾷ
1703 5091 1850 5166 αὖτῷ
1895 5093 1922 5148 ὁ
1956 5101 2062 5147 Λα-

399 5183 730 5261 χατούριος,
756 5183 815 5238 ὃν
861 5181 954 5238 καὶ
1003 5182 1140 5255 πρὸς
1173 5179 1354 5257 βραχὺ
1407 5181 1789 5256 μαχεσάμενον
1821 5181 2062 5253 αἱροῦσιν

401 5276 458 5330 οὶ
489 5269 588 5328 τοῦ
638 5269 1009 5344 Ἀνδρονίκου.
1063 5275 1177 5325 Τῶν
1233 5268 1290 5325 δὲ
1333 5267 1520 5326 ἄλλων
1573 5265 1959 5348 συμφυγόντων
1991 5269 2068 5333 εἷς

404 5358 670 5424 ’Ἄδα-δαν,
702 5357 825 5424 ἔνθα
870 5361 962 5415 καὶ
996 5360 1023 5415 6
1055 5361 1312 5436 Διογένης
1355 5353 1610 5435 διέτριϐε,
1643 5357 1938 5434 πολιορκίᾳ
1965 5359 2064 5428 τὴν

403 5451 574 5508 πόλιν
623 5443 872 5506 διέλαϐεν
922 5451 950 5504 6
1003 5446 1367 5525 Ἀνδρόνικος.
1403 5451 1692 5518 Συνθηκῶν
1745 5445 1801 5503 δὲ
1847 5447 2070 5524 γενομέ-

405 5564 515 5598 νων
547 5539 624 5619 έιρ¹
663 5540 712 5612 ᾧ
739 5541 834 5594 τὸν
881 5539 1136 5615 Διογένην
1173 5537 1466 5602 ἀποθέσθαι
1505 5539 1600 5612 μὲν
1627 5539 1726 5608 τὴν
1766 5537 2066 5612 βασιλείαν,

404 5643 508 5712 τήν
556 5640 728 5716 τρίχα
773 5636 832 5694 δὶ
879 5639 1109 5714 καρέντα
1153 5635 1354 5713 διάγειν
1407 5633 1720 5708 ίδιωτικῶς,
1763 5634 1922 5708 ἔξεισι
1972 5641 2069 5691 τοῦ

407 5731 648 5806 κάπρου
705 5727 1118 5804 μελανειμονῶν
1168 5727 1256 5784 καὶ
1304 5728 1374 5784 τὰ
1415 5729 1532 5791 καθ’
1583 5727 1767 5783 ἑαυτὸν
1799 5725 2067 5783 ἀποκλαι-

2157 591 2474 664 Diogenem
2510 593 2621 649 sibi
2663 593 2888 649 socium
2921 589 3080 646 haud
3127 585 3494 644 obedientem
3528 581 3683 638 dicto
3715 581 3816 637 ba-

2157 682 2466 754 buit,quod
2487 685 2560 740 ad
2579 684 2895 755 Diogenem
2917 697 2980 736 se
2997 676 3345 743 contulerat,
3363 690 3478 746 quo
3498 688 3696 728 secum
3723 670 3824 726 ille

2157 773 2334 828 ducto
2375 773 2433 828 in
2466 772 2730 828 Ciliciam
2755 769 3167 844 proficiscitur.
3187 765 3297 821 Ubi
3328 764 3506 819 etiam
3540 760 3822 817 auxilium

2159 880 2192 920 a
2222 863 2465 919 Sultano
2497 867 2845 934 exspectans
2874 857 3373 924 commorabatur,
3399 851 3577 909 simul
3605 854 3662 905 et
3694 867 3827 923 pro-

2157 957 2286 1024 pter
2327 952 2580 1008 hiemem
2617 952 2696 1006 ibi
2745 952 2986 1022 degens,
3019 945 3368 1019 tepidiorem
3413 957 3661 996 noscens
3693 937 3826 993 Cili-

2159 1043 2347 1111 ciam;
2379 1047 2436 1096 et
2475 1057 2682 1096 rursus
2715 1039 2772 1094 in
2805 1038 3066 1110 cogendo
3114 1032 3373 1090 exercitu
3406 1029 3824 1101 occupabatur.

2159 1145 2235 1198 At
2263 1140 2706 1205 Constantinus,
2740 1142 3054 1209 postquam
3099 1133 3385 1202 Diogenes
3417 1125 3679 1193 recessit,
3715 1125 3830 1198 By-

2157 1231 2414 1286 zantium
2451 1245 2719 1286 reversus
2767 1231 2875 1282 est.
2908 1227 2972 1280 In
3004 1224 3134 1295 ejus
3185 1220 3379 1276 locum
3431 1215 3687 1271 mittitur
3718 1215 3820 1270 ad-

2157 1342 2364 1384 versus
2386 1324 2704 1395 Diogenem
2739 1331 2950 1390 praeses
2970 1309 3342 1370 Andronicus
3363 1306 3608 1363 Caesaris
3638 1304 3821 1360 ﬁlius.

2165 1417 2354 1474 Diviso
2387 1417 2582 1470 autem
2635 1407 2926 1465 militibus
2956 1407 3290 1460 commeatu
3341 1413 3446 1470 per
3486 1393 3824 1452 clausuram

2161 1505 2423 1564 Podandi
2482 1499 2745 1575 pervenit
2795 1498 2852 1551 in
2902 1492 3188 1558 Ciliciam,
3236 1488 3335 1544 ubi
3393 1486 3506 1558 ipsi
3567 1483 3824 1540 occurrit

2157 1573 2600 1656 Chachaturius,
2617 1603 2816 1661 quem,
2836 1600 2968 1640 cum
2993 1579 3154 1637 brevi
3179 1579 3522 1651 pugnasset,
3546 1573 3826 1629 occidunt

2161 1685 2378 1742 milites
2411 1677 2758 1744 Andronici;
2785 1689 3038 1744 cumque
3069 1669 3161 1725 alii
3198 1669 3257 1723 in
3289 1667 3558 1722 Adanam
3593 1663 3730 1735 fuga
3761 1678 3824 1718 se

2161 1775 2542 1846 recepissent,
2575 1767 2676 1824 ubi
2705 1766 2884 1822 etiam
2922 1762 3208 1831 Diogenes
3263 1755 3623 1822 morabatur,
3657 1751 3823 1807 obsi-

2081 1883 2128 1948 B
2159 1843 2332 1922 dione
2365 1862 2568 1917 urbem
2599 1858 2750 1912 104
2782 1849 3139 1926 expugnavit
3167 1843 3561 1903 Andronicus.
3583 1843 3823 1898 Percus-

2159 1969 2344 2025 soque
2393 1950 2631 2013 fcedore,
2665 1950 2732 2000 ut
2785 1943 3090 2013 Diogenes,
3113 1933 3379 2010 deposito
3428 1931 3675 2004 imperio
3724 1947 3823 1986 ca—

2160 2018 2415 2117 pilisque
2463 2035 2748 2100 detonsis,
2788 2031 3053 2104 privatus
3098 2027 3359 2097 degeret,
3391 2039 3422 2078 e
3463 2025 3656 2078 castro
3709 2018 3828 2074 exit

2161 2108 2336 2206 nigra
2359 2133 2517 2186 veste
2564 2125 2812 2181 indutus
2861 2133 3120 2190 suasque
3161 2114 3384 2171 deflens
3433 2108 3820 2166 calamitates.

2161 2231 2372 2289 Statim
2403 2232 2600 2284 autem
2623 2222 2851 2280 reditus
2882 2216 3250 2282 mentionem,
3267 2211 3408 2268 facit
3427 2208 3822 2277 Andronicus,

2160 2328 2218 2378 et
2275 2334 2474 2376 secum
2534 2313 2840 2371 attrahens
2899 2308 3212 2378 Diogenem
3265 2300 3557 2374 pullatum
3606 2297 3824 2368 vilique

2163 2409 2321 2466 mulo
2343 2412 2575 2463 vectum
2602 2419 2702 2476 per
2725 2399 2857 2456 illos
2873 2398 3032 2452 vicos
3055 2395 3165 2450 iter
3183 2391 3437 2447 habebat
3453 2393 3510 2443 et
3529 2386 3822 2458 regiones,

2161 2520 2196 2558 a
2224 2500 2442 2572 quibus
2475 2495 2638 2567 prius
2667 2495 2728 2546 ut
2758 2491 2876 2546 Deo
2907 2484 3154 2557 aequalis
3183 2481 3270 2537 vir
3301 2478 3574 2551 cognitus
3607 2476 3816 2532 fuerat.

2159 2565 2307 2646 Cum
2339 2565 2692 2654 vero-usque
2723 2579 3114 2648 adCotyaium
3148 2572 3261 2628 iter
3287 2569 3554 2625 luctuose
3585 2565 3822 2622 fecisset

2157 2677 2488 2753 (laborabat
2515 2653 2670 2729 enim
2707 2667 2927 2725 ventris
2967 2663 3170 2720 morbo
3201 2677 3270 2716 ex
3297 2659 3511 2724 cicuta,
3545 2671 3673 2726 quae
3703 2653 3818 2724 ipsi

2161 2745 2264 2844 per
2293 2765 2542 2822 insidias
2596 2759 2759 2834 prius
2791 2755 3101 2830 propinata
3151 2748 3383 2820 fuerat),
3415 2745 3497 2801 ibi
3547 2745 3821 2800 detentus

2159 2831 2268 2925 est,
2304 2855 2496 2928 quoad
2529 2831 2614 2906 ab
2635 2851 2987 2919 imperatore
3016 2839 3362 2898 definit-stur
3392 2835 3677 2908 quidnam
3709 2831 3822 2904 ipsi

2163 2922 2498 3005 faciendum
2531 2944 2706 2996 esset.
2730 2936 2842 2991 Sed
2877 2929 3082 3006 paucis
3113 2933 3244 3002 post
3267 2925 3476 2982 diebus
3507 2922 3670 2979 venit
3696 2936 3825 2976 sen-

2160 3035 2348 3094 tentia
2383 3026 2757 3103 imperatoris
2801 3027 3008 3079 contra
3033 3035 3193 3084 eum,
3225 3015 3326 3087 qui
3380 3015 3598 3068 frustra
3649 3009 3828 3066 miser

2159 3130 2306 3196 erat,
2331 3099 2721 3196 quae—quidem
2751 3111 2864 3185 ipsi
2889 3109 3091 3166 oculos
3119 3103 3479 3161 eli‘odiendos
3511 3099 3822 3165 censebat;

2161 3187 2566 3282 statimquetei
2610 3203 2765 3262 oculi
2813 3199 3009 3256 ell‘ossi
3054 3205 3216 3264 sunt,
3247 3209 3382 3248 cum
3429 3187 3577 3246 nihil
3609 3188 3660 3244 ei
3691 3187 3822 3260 Opis

2153 3277 2498 3372 attulissent
2550 3287 3000 3362 archiepisc0pi,
3058 3284 3160 3356 qui
3219 3281 3388 3337 missi
3451 3279 3690 3333 fuerant
3747 3277 3820 3331 ad

2155 3391 2513 3457 reddendam
2549 3383 2838 3441 rationem
2872 3395 2976 3433 cur
3007 3373 3160 3432 nihil
3190 3371 3240 3428 ei
3262 3373 3419 3426 esset
3451 3365 3816 3440 patiendum.

2153 3497 2334 3554 Erant
2376 3490 2433 3546 bi
2469 3480 2853 3543 Chalcedonis
2904 3471 3388 3546 archiepiscopus
3419 3472 3476 3522 et
3504 3463 3815 3554 Heraclea,

2155 3590 2216 3642 et
2243 3580 2494 3642 Coloniae
2516 3569 2900 3644 Theophilus,
2928 3566 3144 3638 quibus
3175 3560 3350 3617 etiam
3381 3557 3440 3612 in
3468 3553 3811 3644 memoriam

2155 3673 2382 3744 redegit
2405 3661 2828 3739 jusjurandum
2855 3662 2911 3712 et
2931 3657 3160 3726 justam
3184 3649 3284 3707 Dei
3315 3643 3808 3718 indignationem.

2155 3764 2274 3836 Ipsi
2298 3731 2438 3817 ἵνθὼ
2475 3731 2749 3826 quamvis
2797 3745 3072 3818 opitulari
3107 3737 3528 3803 instituissent,
3559 3748 3709 3805 aegre
3749 3731 3808 3785 id

2156 3829 2348 3909 facere
2375 3853 2433 3904 et
2463 3859 2598 3900 cum
2630 3837 2977 3894 difﬁcultate
3006 3831 3164 3886 haud
3199 3829 3484 3899 poterant,
3506 3839 3640 3878 cum
3673 3837 3812 3876 cru-

2156 3941 2320 3998 deles
2348 3942 2405 3992 et
2433 3931 2602 4004 impii
2654 3926 2922 3984 homines
2971 3919 3086 3992 ipsi
3119 3921 3384 3987 correpto
3431 3911 3634 3968 oculos
3686 3908 3814 3964 sine

2158 4029 2280 4088 ulla
2309 4017 2822 4082 commiseratione
2847 4009 3192 4068 eft‘odissent
3219 4021 3284 4060 ac
3315 4002 3442 4059 sine
3463 3999 3584 4056 ulla
3607 3998 3816 4054 huma-

2159 4121 2361 4175 nitate.
2403 4111 2729 4170 Perductus
2787 4107 2983 4159 autem
3031 4097 3132 4152 vili
3183 4095 3455 4166 jumento
3507 4103 3695 4159 usque
3745 4087 3818 4175 ad

2163 4203 2598 4278 Propontidem,
2627 4193 2807 4251 veluti
2857 4187 3163 4263 putridum
3207 4183 3473 4246 cadaver,
3519 4177 3613 4233 cui
3665 4174 3820 4232 oculi

2161 4266 2360 4354 essent
2375 4266 2786 4356 eii‘ossi,caput
2800 4286 2856 4338 et
2871 4297 2938 4336 os
2957 4268 3556 4343 inﬂatum,vermibus
3576 4266 3818 4339 plenum

2163 4393 2221 4444 et
2248 4387 2468 4447 fcetore,
2492 4395 2626 4435 cum
2673 4353 2879 4446 paucis
2909 4367 3118 4423 diebus
3164 4358 3610 4433 supervixisset,
3643 4353 3818 4410 mise-

2163 4473 2429 4532 rabiliter
2455 4473 2514 4525 et
2544 4443 2690 4522 ante
2709 4462 2938 4518 obitum
2973 4454 3124 4512 male
3155 4453 3320 4509 olens
3351 4446 3600 4504 excessit
3627 4461 3658 4499 e
3682 4443 3821 4507 vita,

2163 4574 2225 4629 in
2251 4570 2398 4628 705
2430 4568 2603 4622 Prota
2623 4559 2822 4618 insula
2843 4558 3098 4612 cinerem
3122 4552 3452 4622 deponens;
3481 4543 3580 4600 ubi
3607 4557 3820 4598 novum

2170 4662 2270 4718 ille
2301 4653 2726 4716 monasterium
2779 4645 3118 4709 aediﬁcarat,
3151 4640 3223 4696 ab
3274 4651 3452 4692 uxore
3483 4651 3592 4690 sua
3620 4637 3677 4688 et
3705 4637 3824 4684 Au-

2170 4755 2346 4823 gusta
2378 4752 2726 4815 sumptuose
2755 4739 3001 4793 curatus
3021 4747 3087 4786 ac
3119 4725 3408 4799 sepultus,
3432 4721 3636 4777 relicta
3657 4717 3831 4774 miss-

2171 4807 2392 4895 riarum
2424 4839 2482 4890 et
2511 4807 2938 4888 calamitatum,
2969 4835 3118 4891 quas
3149 4811 3458 4878 sustinuit,
3492 4813 3550 4864 et
3577 4807 3825 4862 infortu-

2173 4927 2406 4984 niorum
2461 4913 2943 4990 exsuperantiam
2992 4907 3193 4965 omnia
3239 4913 3606 4975 quiscunque
3653 4901 3830 4951 antea

2175 5015 2378 5074 audita
2420 4988 2640 5067 fuerint
2689 5001 2993 5062 memoria.
3025 4997 3088 5053 In
3137 4993 3357 5052 talibus
3401 4993 3600 5046 autem
3635 5001 3701 5042 ao
3742 4988 3831 5072 tot

2175 5067 2610 5162 ἷιῖεῇἰῖτιυιιυω
2655 5093 3037 5152 maledictum
3088 5082 3354 5158 protulit,
3389 5093 3577 5150 neque
3607 5067 3830 5146 aliquid

2177 5192 2384 5251 nefarii
2414 5190 2648 5246 locutus
2679 5188 2788 5254 est,
2823 5181 2922 5238 sed
2969 5184 3083 5233 Deo
3117 5173 3336 5248 gratias
3366 5185 3535 5240 agere
3565 5180 3832 5238 perseve-

2177 5284 2347 5341 rabat
2377 5285 2434 5337 et
2464 5294 2639 5334 casus
2681 5288 2846 5345 aequo
2887 5268 3084 5324 animo
3117 5266 3284 5320 ferre.
3317 5260 3606 5316 Dicuntur
3636 5259 3830 5312 autem

2179 5390 2309 5446 quae
2341 5375 2544 5426 contra
2569 5343 2768 5439 ipsum
2803 5361 2954 5416 facta
2975 5360 3114 5414 sunt
3145 5351 3427 5408 insciente
3450 5351 3506 5404 et
3527 5345 3707 5401 invito
3731 5343 3836 5398 im-

2179 5434 2446 5534 peratore
2472 5434 2750 5512 Michaele
2783 5453 2950 5512 facta,
2975 5451 3039 5503 ut
3067 5448 3270 5518 postea
3301 5442 3426 5512 ipse
3449 5434 3838 5510 jurejurando

2179 5523 2446 5608 adhibito
2490 5543 2886 5607 asseverabat,
2918 5539 3142 5594 Caesare
3190 5532 3312 5588 haec
3343 5529 3495 5586 clam
3526 5532 3584 5582 et
3611 5523 3839 5580 occulte

2180 5638 2634 5696 administrante
2667 5649 2732 5689 ac
2777 5628 3133 5702 perficiente.
3166 5623 3272 5678 Hic
3319 5620 3642 5691 imperator
3687 5611 3839 5684 epis-

2183 5734 2462 5802 c0patum
2498 5699 2872 5786 Nazianzi—ad
2897 5719 3036 5790 jura
3067 5710 3517 5796 metropolitana
3552 5699 3839 5778 perduxit-
