4122 6402
286 398 404 461 I35
1604 392 1931 460 JOANNIS
1973 392 2378 456 SCYLITZzE
3604 389 3725 453 436

288 528 609 603 Imperavit
654 545 845 602 usque
901 530 972 587 ad
1023 531 1082 587 id
1139 536 1371 604 tempus
1419 546 1536 604 quo
1585 532 1793 602 captus
1839 532 1991 597 est“

2106 545 2289 599 μενος.
2323 522 2531 580 Νόστου
2584 522 2643 581 δὶ
2688 523 2842 588 εὐθὺς
2892 526 3259 599 μιμνήσκεται
3287 524 3319 582 ὁ
3349 519 3724 594 Ἀνδρόνικος,

289 636 478 677 annos
511 625 651 692 tres,
687 636 924 676 menses
952 624 1107 676 octo.

2106 613 2153 669 αὶ
2183 615 2274 669 τὸν
2325 614 2577 691 Διογίνην
2637 616 2754 688 μεθ’
2807 616 3000 671 ἑαυτοῦ
3052 613 3417 693 ἐφελκόμενος
3473 612 3728 687 μελανει-

294 711 580 783 μονοῦντα,
640 705 692 763 ἐν
742 707 952 764 ευτελεῖ
1010 707 1286 784 ὑποζυγίῳ
1346 708 1675 784 ὀχούμενον,
1739 703 1809 761 δι’
1864 703 2084 761 ἐκείνων
2148 708 2254 759 τῶν
2313 708 2519 776 κωμῶν
2576 705 2664 760 καὶ
2722 708 2833 759 τῶν
2891 707 3093 780 χωρῶν
3329 704 3417 765 αῖς
3471 702 3535 757 τὸ
3591 700 3722 777 πρὶν

291 793 501 863 ίσὸθεος
557 796 905 873 ἐγνωρίζετο.
966 797 1144 874 Μέχρι
1198 796 1256 854 δὶ
1312 803 1411 853 τοῦ
1470 797 1767 854 Κοτυαείου
1832 796 1932 865 τὴν
1989 791 2304 869 ὁδοιπορίαν
2361 791 2645 871 ὀδυνηρῶς
2719 795 3093 867 ποιηςάμενος
3144 793 3232 867 (ἦν
3281 791 3386 867 γὰρ
3457 788 3732 861 νοσηλευ-

293 888 490 962 όμενος
549 887 653 942 ἀπὸ
706 886 999 957 κοιλιακῆς
1058 884 1348 951 διαθέσεως
1409 885 1468 941 ἐκ
1524 886 1753 941 κωνείου
1806 883 2178 957 προποθιντος
2257 884 2402 956 αὑτῷ
2476 883 2527 955 ἐξ
2589 878 2890 952 ἐπιϐουλῆς
2970 882 3382 959 ἐπιγενομένης)
3444 880 3619 936 ἐκεῖσε
3672 877 3736 935 δὶ

290 976 621 1052 κατεσχέθη,
683 973 847 1052 ἄχρις
896 974 955 1030 ἂν
1006 974 1066 1031 ἐκ
1123 975 1394 1052 βασιλέως
1449 977 1512 1030 τὸ
1566 973 1825 1045 ποιητέον
1884 974 2036 1045 αὑτῷ
2088 974 2307 1048 ὁρισθῇ.
2364 970 2519 1029 Ἀλλ’
2576 972 2706 1042 ἧκεν
2764 971 3000 1048 ἡμέραις
3065 971 3286 1048 ὕστερον
3346 973 3381 1041 ή
3440 970 3578 1025 κατά
3629 971 3732 1024 τοῦ

298 1065 472 1139 μάτην
532 1062 936 1140 δυστυχοῦντος
1011 1064 1279 1142 ἀπόφασις
1353 1061 1705 1141 διοριζομένη
1787 1061 1919 1124 τοὺς
1995 1061 2316 1140 ὀφθαλμοὺς
2394 1063 2562 1117 αὑτοῦ
2643 1059 2988 1138 διορυγῆναι.
3064 1059 3174 1124 Οὓς
3250 1059 3342 1116 καὶ
3426 1057 3735 1136 παραυτίκα

295 1154 657 1231 ἐξορύττεται,
712 1159 820 1210 τῶν
880 1155 1181 1230 ἀρχιερέων
1248 1156 1354 1227 (31)
1413 1158 1523 1209 τῶν
1578 1152 1665 1208 ἐπὶ
1718 1157 1799 1226 τῷ
1858 1149 2043 1207 δοῦναι
2102 1149 2267 1227 λόγον
2326 1151 2585 1214 ἀπαθείας
2615 1150 2961 1224 ἐσταλμένων
2991 1147 3122 1224 μηδ’
3168 1148 3316 1213 ὅλως
3348 1147 3738 1225 ἐπαρηξάιτων

295 1244 464 1316 αὐτῷ·
526 1242 721 1306 οἵτινες
779 1244 915 1313 ἦσαν
970 1245 1000 1299 ὃ
1057 1264 1115 1298 τε
1174 1241 1553 1315 Χαλκηδόνος,
1604 1244 1631 1298 ὀ
1688 1238 2016 1317 Ἡρακλείας
2070 1241 2161 1297 καὶ
2218 1243 2247 1296 ὁ
2296 1241 2608 1304 Κολωνείας
2637 1239 2925 1316 Θεόφιλος,
2959 1238 3051 1303 οὓς
3110 1240 3201 1296 καὶ
3246 1244 3355 1295 τῶν
3401 1238 3578 1313 ὅρκων
3631 1237 3734 1293 ὑπ-

300 1332 610 1406 εμίμνησκε
659 1332 750 1388 καὶ
801 1337 909 1388 τῶν
971 1332 1031 1387 ἐκ
1094 1333 1190 1388 τοῦ
1255 1332 1413 1389 Θείου
1487 1333 1779 1407 νεμὲσεων,
1840 1332 1908 1389 Οἱ
1967 1328 2025 1386 δὶ
2075 1330 2268 1406 καίπερ
2331 1331 2600 1406 βοηθῆσαι
2660 1329 3084 1405 προαιρούμενοι
3136 1329 3373 1391 ἀσθενῶς
3428 1328 3580 1403 εἶχον
3638 1325 3735 1382 καὶ

298 1417 597 1493 ἀδυνάτως,
660 1420 869 1498 ἀνδρῶν
929 1421 1202 1496 ὠμηστῶν
1262 1423 1349 1478 καὶ
1410 1421 1632 1493 ἀπηνῶν
1685 1418 2105 1496 ἀναρπασάντων
2169 1419 2329 1475 αὑτὸν
2363 1466 2379 1492 ,
2436 1422 2523 1475 καὶ
2584 1420 2712 1485 τοὺς
2769 1418 3088 1499 ὀφθαλμοὺς
3143 1419 3309 1474 αὑτοῦ
3367 1416 3732 1491 ἆεορυξάντων

300 1510 548 1582 ἀνηλεῶς
601 1511 692 1566 καὶ
748 1510 1205 1588 ἀφιλανθρώπως·
1268 1510 1582 1587 Προαχθεῖς
1640 1508 1692 1565 ἐν
1748 1508 1959 1565 εὑτελεῖ
2005 1513 2088 1582 τῷ
2143 1506 2419 1584 ύποζυγῖῳ
2484 1510 2649 1585 μέχρι
2696 1515 2797 1579 τῆς
2854 1505 3233 1584 Προποντίδος
3292 1506 3475 1581 ὥσπερ
3530 1509 3739 1579 πτῶμα

301 1600 559 1670 σεσηπὸς,
618 1600 711 1654 καὶ
763 1599 892 1662 τοὺς
945 1598 1266 1679 ὀφθαλμοὺς
1325 1594 1469 1676 ἔχων
1517 1598 2015 1675 ἐξορωρυγμένους,
2044 1599 2145 1669 τήν
2204 1597 2261 1653 δὶ
2290 1596 2533 1676 κεφαλὴν
2567 1599 2654 1652 οιαὶ
2674 1598 2738 1652 τὸ
2768 1596 3062 1673 πρόσωπον
3091 1594 3385 1670 ἐξῳδηκὸς,
3427 1591 3737 1665 σκωλήκων

306 1688 471 1766 βρύον
532 1688 623 1744 καὶ
674 1686 961 1763 δυσωδίας,
1012 1690 1224 1765 ἡμέρας
1277 1688 1467 1766 ὀλίγας
1505 1683 1753 1753 ἐπιϐιοὺς
1811 1684 2106 1751 ἐπωδύνως
2143 1735 2158 1759 ,
2201 1688 2291 1743 καὶ
2364 1687 2471 1764 πρὸ
2538 1693 2638 1758 τῆς
2704 1684 2963 1756 τελευτῆς
3027 1682 3253 1750 ὁδωδὼς
3299 1683 3588 1740 ἀπολείπει
3638 1682 3735 1738 τὸν

308 1775 448 1852 βίον,
499 1781 568 1852 τῇ
627 1780 779 1852 νήσῳ
826 1779 1026 1854 Πρώτη
1085 1779 1175 1833 τὸν
1227 1781 1363 1855 χοῦν
1398 1776 1756 1851 ἀποθέμενος,
1813 1779 1895 1852 [Ρ.
1928 1779 2057 1849 845]
2085 1773 2215 1841 ἔνθα
2245 1777 2361 1832 νέον
2419 1776 2623 1841 ἐκεῖνος
2660 1772 2917 1849 ἐδείματο
2971 1775 3412 1851 φροντιστήριον,
3452 1769 3737 1844 κηδευθεὶς

302 1865 629 1929 πολυτελῶς
676 1866 823 1943 παρά
874 1873 977 1937 τῆς
1028 1864 1375 1941 ὁμευνέτιδος
1430 1868 1519 1922 καὶ
1581 1863 1868 1942 βασιλίδος
1926 1863 2213 1935 Εὔδοκίας,
2277 1869 2503 1941 μνήμην
2559 1864 2878 1922 καταλιπὼν
2927 1868 3245 1941 πειρασμῶν
3301 1862 3393 1919 καὶ
3459 1859 3737 1938 δυσ-τυχη-

307 1954 492 2030 μάτων
524 1950 962 2029 ὑπερϐαινόντων
996 1955 1274 2032 ἀκρόασιν.
1316 1955 1440 2012 Ἐπὶ
1491 1952 1549 2010 δὲ
1593 1960 1712 2018 τοῖς
1756 1955 2045 2018 τοσούτοις
2087 1956 2178 2011 καὶ
2223 1955 2578 2027 τηλικούτοις
2626 1960 2816 2018 κακοῖς
2860 1951 3015 2011 οὐδὲν
3076 1951 3408 2030 βλάσφημον
3452 1952 3488 2023 ἢ
3522 1951 3739 2024 ἀπόφη-

308 2065 409 2118 μον
462 2046 571 2117 (32)
604 2044 913 2124 ἐφθέγξατο·
956 2047 1293 2122 εὐχαριστῶν
1353 2043 1412 2101 δὲ
1471 2042 1721 2120 διετέλει,
1773 2047 1950 2124 φίρων
2008 2044 2260 2120 εὐμαρῶς
2313 2046 2381 2101 τὰ
2426 2044 2861 2122 προσπίπτοντα.
2913 2045 3142 2119 Λέγεται
3192 2039 3251 2098 δέ
3296 2043 3364 2098 τά
3409 2041 3528 2097 κατ’
3572 2036 3739 2096 αύτοῦ

306 2135 624 2211 πραχθέντα
687 2134 921 2211 γνώμης
992 2133 1116 2213 ἄτερ
1177 2137 1418 2213 γενέσθαι
1482 2140 1581 2191 τοῦ
1653 2133 1923 2213 βασιλέως
1989 2135 2250 2213 Μιχαὴλ,
2324 2135 2399 2201 ὠς
2445 2136 2664 2213 ὕστερον
2736 2134 2896 2199 αύτός
2977 2133 3269 2208 ἐνωμότως
3344 2129 3749 2208 διισχυρίζετο,

319 2227 420 2280 τοῦ
471 2224 760 2298 ,Καίσαρος
816 2224 921 2280 ὐπὸ
989 2227 1167 2300 σκότῳ
1233 2226 1323 2281 καὶ
1389 2224 1615 2302 ἀφανείᾳ
1676 2229 1845 2281 ταῦτα
1908 2222 2420 2300 τελεσιουργοῦντος
2469 2227 2557 2282 καὶ
2618 2223 3108 2301 διαπραττομένου.
3166 2223 3345 2284 Οὗτος
3400 2222 3430 2277 ὁ
3491 2217 3751 2297 βασιλεὺς

311 2313 404 2369 καὶ
459 2314 558 2381 τὴν
610 2311 910 2383 ἐπισκοπὴν
972 2319 1274 2386 Ναζιανζοῦ
1333 2315 1409 2377 είς
1469 2313 1883 2390 μητροπολικὸν
1946 2309 2218 2371 διιϐίϐασε
2276 2313 2506 2372 δίκαιον.
2550 2311 2899 2372 Ἐϐασίλευσε
2937 2311 2995 2370 δὲ
3046 2310 3178 2390 ἄχρι
3215 2318 3316 2383 τῆς
3355 2307 3750 2387 αἰχμαλωσίας

313 2402 483 2458 αὐτοῦ
520 2396 615 2473 ἔτη
654 2403 783 2479 τρία
818 2404 908 2459 καὶ
951 2410 1126 2477 μῆνας
1169 2404 1335 2462 ὀκτώ.

390 2493 638 2550 Michael
669 2499 866 2550 autem
898 2495 1007 2551 hac
1038 2495 1263 2552 ratione
1294 2496 1543 2567 adeptus
1577 2495 1983 2568 imperium,et

2164 2491 2553 2568 Διαδεξάμενος
2610 2491 2669 2549 δὶ
2720 2495 2821 2565 τὴν
2876 2491 3156 2568 βασιλείαν
3184 2495 3377 2549 τοῦτον
3403 2493 3495 2550 τὸν
3542 2487 3749 2566 τρόπον

320 2582 661 2639 moderatus
697 2582 787 2638 vir
831 2584 1142 2639 videbatur
1189 2589 1245 2640 et
1295 2602 1473 2640 senex
1530 2584 1686 2641 inter
1732 2585 1984 2656 juvenes

2106 2581 2386 2659 ΒΜιχαὴλ
2439 2582 2687 2654 ἐπιεικής
2734 2604 2794 2639 τε
2842 2580 3016 2638 ἐδόκει
3047 2582 3137 2638 καὶ
3185 2580 3358 2659 γέρων
3408 2580 3461 2637 ἐν
3490 2579 3633 2640 νέοις
3657 2574 3753 2632 διά

319 2675 560 2745 propter
584 2670 1055 2727 imbecillitatem
1107 2678 1164 2729 et
1211 2672 1627 2730 demissionem
1674 2690 1741 2729 ac
1787 2672 1987 2729 molli-

2106 2673 2155 2729 εὸ
2206 2672 2533 2747 παρειμένον
2584 2673 2671 2728 καὶ
2715 2672 3107 2737 ἀναπεπτωκὸς
3150 2671 3241 2727 καὶ
3289 2669 3520 2727 ἁπαλόν.
3578 2674 3754 2743 Προσ-

322 2760 490 2831 tiem,
518 2763 575 2815 et
605 2759 824 2815 idcirco
855 2761 1205 2831 adjunxerat
1228 2760 1341 2817 sibi
1372 2764 1660 2818 Joannem
1692 2761 1841 2819 Sidae
1872 2777 1990 2817 me-

325 2847 668 2920 trOpolitam
703 2849 771 2904 ad
808 2866 928 2905 rem
963 2849 1258 2921 publicam
1302 2851 1773 2924 gubernandum,
1796 2868 1987 2908 eunu-

328 2937 508 2995 chum
555 2942 787 3008 natura,
819 2939 921 2993 sed
967 2943 1275 2995 strenuum
1308 2945 1366 2995 et
1397 2939 1694 3009 solertem,
1728 2942 1986 3013 primum

330 3026 638 3100 praesidem
674 3026 1264 3099 protosyncellorum,
1288 3028 1477 3084 virum
1507 3029 1786 3085 omnibus
1819 3028 1989 3086 bonis

329 3119 633 3185 ornatum;
668 3132 736 3172 ex
770 3132 885 3188 quo
933 3116 1305 3189 imperatoris
1336 3117 1565 3187 vitium,
1588 3119 1743 3191 quod
1793 3118 1989 3174 disso-

330 3204 468 3262 luta:
497 3204 627 3260 vitm
658 3204 1089 3261 attribuebatur
1107 3210 1163 3261 et
1196 3205 1485 3274 mollitiei,
1511 3210 1578 3262 ut
1607 3206 1687 3262 ita
1717 3207 1987 3273 dixerim,

331 3294 604 3352 muliebri
623 3294 693 3350 ad
714 3295 1161 3367 gubernandam
1182 3311 1298 3351 rem
1316 3295 1700 3368 publicam,et
1716 3296 1991 3353 inertiam

336 3383 520 3456 hujus
546 3399 743 3439 mores
771 3388 829 3438 et
858 3384 930 3437 ad
962 3383 1085 3439 haec
1108 3384 1427 3440 dexteritas
1446 3390 1504 3440 et
1523 3385 1785 3441 studium
1820 3386 1992 3441 ador-

341 3472 523 3528 nabat
546 3475 605 3526 et
634 3471 981 3543 corrigebat.
1011 3472 1228 3527 Verum
1274 3489 1408 3528 cum
1440 3473 1550 3529 hoc
1590 3474 1783 3530 tritico
1814 3475 1992 3529 etiam

338 3559 631 3618 zizanium
664 3559 904 3616 mistum
929 3560 1136 3616 fuerat.
1162 3562 1299 3618 Erat
1325 3562 1476 3619 706
1500 3562 1656 3618 enim
1684 3563 1993 3621 eunuchus

338 3650 582 3722 quidam
637 3647 873 3704 nomine
931 3648 1316 3721 Nicephorus,
1366 3667 1542 3722 quem
1594 3651 1994 3709 diminuentes

327 3736 793 3810 Nicephoritzem
826 3737 1226 3810 appellabant,
1253 3758 1285 3794 a
1318 3739 1656 3796 Bucellariis
1681 3740 1991 3811 oriundus,

324 3826 551 3901 peritus
581 3829 639 3882 et
668 3826 879 3883 doctus
911 3828 971 3881 in
1005 3829 1406 3900 excogitandis
1448 3830 1989 3902 perturbationibus

322 3920 382 3973 et
412 3915 767 3973 consuendis
791 3915 944 3972 dolis
979 3922 1155 3989 atque
1184 3919 1508 3974 excitandis
1537 3921 1991 3992 tempestatibus

323 4010 381 4062 et
408 4004 680 4078 procellis
710 4005 1036 4077 tranquillo
1067 4011 1364 4076 tempore;
1398 4008 1502 4079 qui
1533 4025 1668 4064 cum
1702 4010 1854 4081 patri
1888 4010 1991 4067 Mi-

323 4094 544 4151 chaelis
595 4093 867 4149 minister
915 4094 1125 4150 fuisset
1152 4114 1185 4151 a
1216 4097 1478 4161 secretis,
1507 4097 1606 4153 ubi
1655 4106 1991 4171 compertus

325 4187 417 4239 est
440 4183 754 4238 manifesto
785 4183 1106 4239 seditiosus
1127 4189 1185 4239 et
1205 4184 1597 4242 calumniator
1618 4191 1676 4242 et
1699 4187 1988 4245 malorum

326 4270 593 4343 egregius
626 4276 1073 4337 commentator,
1095 4273 1315 4345 quique
1346 4275 1679 4345 imperatori
1706 4276 1992 4334 adversus

325 4357 760 4431 imperatricem
804 4359 1081 4415 adulterii
1112 4361 1330 4417 crimen
1372 4362 1871 4433 insusurraverat,
1902 4365 1991 4421 in-

325 4447 483 4505 vidia
511 4447 692 4503 simul
715 4447 768 4503 ei
791 4447 1142 4520 opitulante,
1171 4450 1290 4506 dux
1312 4456 1508 4508 autem
1539 4454 1860 4510 Antiochiae
1891 4456 1991 4510 de-

2096 2757 2322 2818 ελάϐετο
2368 2759 2426 2818 δὲ
2474 2761 2565 2817 διὰ
2599 2766 2765 2818 τοῦτο
2815 2761 3069 2833 Ἰωάννην
3120 2761 3215 2816 τὸν
3257 2759 3428 2832 Σίδης
3461 2777 3753 2835 μητροπο-

2094 2850 2256 2923 λίτην
2287 2851 2361 2914 είς
2420 2851 2482 2907 τὸ
2537 2851 2603 2906 τὰ
2655 2851 2810 2906 κοινά
2865 2847 3115 2920 διοικεῖν,
3165 2850 3428 2927 εὑνοῦχον
3493 2849 3588 2922 μὶν
3646 2847 3748 2916 τὴν

2096 2941 2274 3020 φύσιν,
2310 2938 2637 3016 δραστήριον
2674 2938 2733 2996 δὶ
2775 2941 2867 2997 καὶ
2919 2937 3258 3019 ἀμφιδέξιον,
3291 2934 3753 3016 πρωτοπρόεδρον

2095 3034 2206 3086 τῶν
2258 3028 2769 3106 πρωτοσυγκέλλων
2822 3029 3184 3105 τυγχάνοντα,
3240 3025 3408 3104 ἄνδρα
3455 3031 3584 3082 πᾶσι
3632 3029 3756 3089 τοῖς

2100 3120 2323 3198 ἀγαθοῖς
2377 3119 2798 3193 σεμνυνόμενον·
2860 3119 2981 3175 ὅθεν
3030 3120 3094 3174 τὸ
3140 3123 3238 3174 τοῦ
3291 3116 3561 3194 βασιλεως
3592 3112 3756 3171 ἔκλυ-

2097 3232 2189 3266 τον
2218 3210 2308 3265 καὶ
2340 3208 2465 3285 περὶ
2494 3210 2557 3265 τὸ
2588 3207 2814 3265 διοικεῖν
2843 3208 2911 3264 τὰ
2938 3207 3115 3280 κοινά,
3147 3208 3221 3271 ὡς
3250 3207 3439 3277 εἴπεῖν,
3472 3203 3613 3275 θῆλυ
3662 3203 3758 3259 καὶ

2099 3298 2484 3361 ἀναπεπτωκὸς
2531 3297 2620 3354 καὶ
2654 3295 2859 3368 ἀδὲξιον
2894 3296 2922 3352 ὁ
2967 3295 3162 3353 τούτου
3208 3295 3414 3371 τρόπος
3442 3296 3531 3351 καὶ
3562 3296 3597 3364 ἡ
3628 3293 3758 3368 περῖ

2096 3393 2264 3446 ταῦτα
2310 3388 2588 3464 ἐντρέχεια
2635 3387 2726 3443 καὶ
2779 3384 2990 3457 σπουδὴ
3048 3386 3338 3461 ἐπεκόσμει
3390 3406 3451 3442 τε
3488 3384 3578 3441 καὶ
3623 3405 3755 3440 κατ-

2100 3481 2285 3555 ήρτυε.
2320 3476 2606 3554 Ηαρεμίγη
2641 3474 2699 3532 δε
2727 3482 2806 3550 τῷ
2856 3476 2987 3550 σίτῳ
3014 3476 3193 3550 τούτῳ
3222 3477 3311 3532 καὶ
3365 3476 3625 3547 ζιζάνιον.
3658 3476 3756 3528 Ἦν

2098 3570 2200 3645 γάρ
2230 3589 2313 3631 τις
2356 3568 2617 3643 εὑνουγος
2666 3567 2984 3646 Νικηφόρος
3018 3563 3214 3640 ὄνομα,
3246 3566 3305 3622 ὃν
3340 3564 3755 3640 ὑποκορίζοντες

2103 3665 2143 3711 Ν
2152 3656 2507 3734 ικηφορίτζην
2563 3658 2675 3729 (33)
2705 3655 3011 3730 ὠνόμαζον,
3044 3654 3103 3711 ἐκ
3133 3653 3552 3731 Βουκελλαρίων
3579 3650 3759 3709 ἕλκων

2099 3746 2162 3800 τὸ
2190 3744 2364 3820 γένος,
2413 3742 2585 3807 δεινὸς
2638 3743 2921 3814 ἐπινοῆσαι
2967 3744 3253 3821 συγγύσεις
3300 3744 3389 3799 καὶ
3422 3742 3585 3821 ῥάψαι
3616 3743 3756 3818 πρά-

2104 3856 2285 3908 γματα
2330 3834 2420 3890 καὶ
2463 3835 2757 3909 τρικυμίας
2812 3832 3012 3910 ἐγεῖραι
3057 3832 3111 3889 ἐν
3163 3831 3381 3909 γαλήνῃ
3437 3834 3526 3888 καὶ
3556 3830 3750 3886 ἀκατα-

2102 3925 2324 3987 στασίας
2373 3923 2425 3978 ἐν
2486 3921 2805 3978 καταστάσει
2857 3920 3186 3998 ἐπενεγκεῖν,
3246 3922 3319 3984 ὡς
3372 3920 3451 3984 είς
3494 3922 3635 3993 τάξιν
3665 3938 3750 3974 σε·

2097 4013 2383 4088 κρεταρίου
2410 4016 2525 4085 (34)
2553 4016 2633 4085 τῷ
2662 4010 2824 4085 πατρί
2848 4016 2945 4067 τοῦ
2976 4011 3210 4087 Μιχαὴλ
3245 4009 3754 4085 ὑπηρετησάμενος,

2100 4102 2214 4158 ἐπεῖ
2266 4101 2451 4164 σκαιὸς
2492 4101 2582 4157 καὶ
2632 4095 2921 4163 διαϐολεὺς
2977 4099 3144 4178 ἐφάνη
3194 4100 3284 4155 καὶ
3338 4099 3602 4178 σοφιστὴς
3646 4103 3756 4153 τῶν

2099 4194 2278 4245 κακῶν
2310 4186 2626 4262 κερδαλέος,
2657 4187 2747 4244 καὶ
2793 4193 2875 4259 τῷ
2928 4186 3144 4263 βασιλεῖ
3172 4188 3307 4243 κατά
3336 4194 3438 4257 τῆς
3470 4183 3762 4263 βασιλίδος

2105 4279 2359 4355 μοιχείας
2416 4274 2677 4353 ἔγκλημα
2733 4278 3154 4352 ὑποψιθυρίσας,
3210 4276 3396 4354 φθόνῳ
3445 4280 3544 4332 τοῦ
3586 4275 3765 4347 συνεξ-

2101 4368 2569 4443 υπηρετουμὲνου.
2618 4366 2750 4440 Δοὺε
2801 4365 2857 4421 δὶ
2907 4366 3243 4443 Ἀντιοχείας
3290 4363 3634 4441 ἀναδειχθεὶς
3670 4365 3763 4420 καὶ

2104 4456 2240 4527 ἅπαξ
2297 4456 2386 4511 καὶ
2446 4451 2694 4532 δεύτερον
2759 4455 2968 4533 μυρίων
3019 4454 3308 4531 ὀχλήσεων
3352 4454 3443 4511 καὶ
3498 4457 3760 4530 ταραχῶν

1645 4569 1897 4628 JACOBI
1937 4571 2154 4630 GOARI
2193 4573 2426 4629 NOT/E.

401 4664 514 4757 ςδΐο)
536 4664 1257 4757 ἕποιεξςῖέέέοεειξςςξ
1296 4667 1557 4757 itm“
1602 4669 1713 4723 ίίεν
1740 4668 1993 4725 habebat-

332 4735 504 4795 Χώρα
527 4735 684 4795 enim
717 4735 1017 4792 modernis
1042 4736 1260 4793 dicitur
1290 4737 1442 4793 urbs.

407 4758 426 4790 υ
465 4757 497 4790 α
527 4755 684 4795 enim
717 4755 1017 4792 mooerms
1042 4755 1260 4793 dicitur
1290 4755 1442 4793 urna.

407 4755 519 4883 (ἕω
549 4809 690 4865 Mihi
724 4808 902 4884 verba
931 4813 1147 4884 sonant
1179 4824 1191 4863 :
1228 4808 1386 4884 Nihil
1432 4808 1867 4884 opilulanlibus,
1900 4829 1997 4884 qu:

328 4880 406 4938 ad
444 4880 643 4938 salutis
686 4880 1200 4951 incolumitatisque
1222 4881 1350 4953 ejus
1378 4883 1693 4953 pollicitum
1739 4880 1996 4940 obtinen—

328 4954 465 5008 dum
491 4956 651 5010 missi
671 4956 925 5025 fuerant,
941 4952 1332 5025 pontiﬁcibus,

404 5025 521 5097 (32);
546 5022 795 5080 Summa
824 5022 1145 5097 deploratis
1171 5023 1231 5077 in
1255 5023 1429 5097 rebus
1454 5023 1799 5081 infortunati
1835 5025 1995 5097 prin-

332 5094 481 5165 cipis
511 5095 663 5166 laus,
689 5096 845 5167 quod
880 5094 1122 5167 tragicis
1152 5095 1408 5165 querelis
1434 5097 1761 5167 repudiatis
1791 5094 1850 5152 et
1876 5097 1994 5154 ele-

332 5167 498 5237 giaco
529 5166 795 5223 sermone
826 5183 861 5221 a
886 5166 1104 5221 Grecis
1132 5167 1396 5238 adversa
1428 5166 1585 5223 sorte
1603 5169 1846 5238 jactatis
1879 5170 1995 5226 fre-

335 5242 583 5310 quenter
625 5238 1035 5310 usurpato,ad
1087 5237 1294 5293 divinae
1326 5237 1707 5295 Providentiae
1737 5239 1992 5310 decreta,

334 5325 453 5383 non
477 5307 671 5383 dicam
705 5307 1022 5383 laudanda,
1046 5310 1144 5363 sed
1168 5310 1511 5380 excipienda
1541 5328 1599 5365 se
1623 5307 1994 5383 converterit,

335 5378 410 5457 T_b
441 5375 777 5457 εύχαριστεῖν
811 5379 974 5457 enim.
1000 5375 1315 5457 contentum
1339 5397 1450 5457 esse
1471 5382 1675 5457 dicunt
1707 5375 1994 5457 moderni,

338 5432 386 5507 si
394 5466 423 5505 c
430 5455 494 5504 ut
505 5432 590 5533 "et;
605 5450 776 5533 εὐχαρ
786 5432 903 5533 ιστη
915 5432 1072 5533 μένον
1085 5432 1091 5433 ⁷
1476 5432 1863 5533 ἶᾶιὶξῖσ
2030 5432 2074 5497 D

339 5522 609 5595 quamvis
659 5521 758 5592 qui
816 5521 1256 5595 calamitatibus
1313 5521 1639 5595 oppressus
1689 5526 1871 5581 Deum
1933 5521 1994 5583 in

2181 4672 2294 4743 (33)
2324 4670 2816 4743 Diminutivorum
2850 4686 3036 4743 genus
3066 4686 3251 4727 unum
3300 4674 3391 4727 est
3435 4671 3591 4742 apud
3619 4687 3763 4743 mo-

2107 4740 2323 4819 dernos
2375 4741 2550 4819 quale
2609 4740 3101 4819 cerniturinhac
3151 4756 3292 4819 v_oc_e
3348 4740 3766 4819 Νικηφορίτζης

2105 4815 2230 4871 vice
2257 4811 2574 4892 Νικηφόρος
2609 4814 2907 4892 Cedrenus
2930 4813 3354 4892 simileshabet
3372 4811 3762 4892 θεοφῖλίτζην,

2107 4884 2490 4954 Διακονίτζην,
2531 4893 2641 4941 etc.
2693 4885 2851 4941 aliud
2904 4886 3259 4941 terminatur
3304 4885 3365 4941 in
3414 4884 3568 4947 ακίος
3621 4904 3636 4944 :
3682 4884 3766 4943 Sic

2106 4959 2205 5013 ille
2236 4955 2563 5019 Βασιλάκιος
2593 4958 2766 5027 cujus
2806 4972 3015 5012 nomen
3060 4954 3367 5019 Βασίλειος.
3402 4959 3663 5015 Tertium
3694 4976 3768 5015 ex

2106 5047 2244 5113 voce
2287 5028 2478 5113 πῶλος
2510 5036 2566 5086 et
2590 5045 2949 5113 guagunque
2998 5027 3182 5113 altera
3228 5031 3597 5113 componitur
3628 5048 3641 5087 :
3674 5032 3767 5087 sic

2106 5100 2524 5172 Κομητόπωλον
2555 5096 2677 5158 sive
2707 5096 3413 5174 Kopﬁtdnoulov‘scripsit
3438 5103 3765 5174 Cedrenus,

2105 5166 2410 5256 (ib-auctor
2460 5190 2584 5256 seq.
2619 5166 3420 5256 ρ.β52“;Λογγιϐςιρδόπου.λον
3478 5166 3769 5232 ιοωὺονάῖ

2104 5246 2308 5315 ﬁlium,
2341 5263 2443 5301 seu
2480 5245 2657 5301 etiam
2694 5246 2774 5299 ita
2811 5245 3026 5312 dicam,
3059 5245 3505 5301 Lombardulum.

2175 5319 2287 5386 (34)
2319 5324 2499 5381 Quem
2548 5316 2837 5371 Meursius
2884 5318 3157 5373 eumdem
3199 5316 3325 5372 vult
3371 5334 3440 5373 ac
3483 5316 3575 5372 τὸν
3623 5316 3764 5387 ἀση-

2103 5406 2317 5460 κρητις,
2378 5390 2473 5460 qui
2512 5388 3118 5460 Ajudexii'requentius
3176 5395 3468 5445 censetur.
3499 5393 3572 5447 At
3626 5407 3764 5449 cum

2107 5457 2201 5534 hic
2241 5465 2318 5531 τῷ
2365 5457 2526 5534 πατρί
2571 5462 2669 5534 τοῦ
2714 5457 2967 5534 ΜιχαὴλΔ
3005 5459 3488 5534 ὑπηρετησάμενος
3535 5464 3763 5519 deseri-

2104 5530 2300 5606 batur,
2336 5530 2620 5602 principis
2663 5530 2860 5601 potius
2892 5530 3162 5606 minister
3205 5551 3259 5606 a_
3294 5530 3540 5602 secretis,
3580 5551 3759 5606 quam

338 5594 604 5676 animum
656 5599 907 5676 revocat,
941 5594 1277 5676 frequenter
1306 5594 1564 5676 adeum
1612 5598 1853 5676 vocibus
1901 5598 1994 5676 his
2095 5594 2481 5675 judex'c'ujus
2529 5594 2706 5675 opera
2737 5604 2953 5676 populo
3002 5604 3385 5676 impenditur,
3418 5594 3761 5665 renuntian-

340 5665 618 5745 suspjret,
666 5660 794 5737 δόξα
829 5664 1009 5745 ’σόα-ὁ
1040 5660 1169 5727 Θεός
1227 5684 1295 5723 ac
1354 5669 1596 5741 proinde
1651 5667 1990 5745 εὐχαριστεῖν

338 5736 651 5794 manifeste
685 5735 841 5810 parci
848 5735 1061 5810 piatur.

2103 5676 2217 5732 dus
2244 5682 2351 5732 est.
