4122 6414
421 416 556 488 ιδτυ

1955 427 2349 490 HISTORIA.

3748 427 3868 490 438

427 564 494 635 τῇ
526 557 699 634 Συρίᾳ
730 557 950 635 γίγονεν
982 555 1178 622 αἴτιος.
1204 560 1395 632 Ὂμως
1445 555 1491 614 δ’
1531 555 1622 613 οὗν
1669 559 2064 636 κατηγορηθεὶς

2175 622 2178 627 ,
2206 563 2466 618 claratus
2497 560 2676 619 semel
2709 566 2884 636 atque
2915 562 3128 619 iterum
3162 562 3528 619 infinitarum
3561 561 3868 636 perturba-

429 649 768 727 συλληφθεὶς
822 649 1013 718 ἆκείσε,
1045 652 1116 722 τῇ
1174 653 1270 703 τοῦ
1326 647 1560 721 θέματος
1609 654 1819 725 φρουρᾷ
1861 646 2092 725 παραδί-

424 737 598 794 δοται·
633 738 728 793 καὶ
787 738 856 808 ἦν
913 734 1229 815 ἔμφρουρος
1287 735 1374 792 ἐπὶ
1436 737 1636 812 χρόνον
1698 738 1820 792 τινὰ
1877 738 1906 792 ό
1963 738 2091 811 πρὶν

420 825 718 904 περίδοξος
774 827 1204 904 γνωριζόμενος.
1263 825 1644 902 Ἀναρῥυσθεὶς
1725 823 1781 881 δὲ
1853 832 1923 902 τῇ
1993 829 2090 882 τοῦ

421 925 711 993 Διογένους
745 916 1092 993 ἀναγορεύσει
1120 915 1210 970 καὶ
1259 915 1334 976 εἰς
1394 915 1556 985 νῆσόν
1599 937 1720 970 τινα
1771 916 2086 991 ἰξορισθείς,

424 1008 724 1082 ὑποσχέσει
757 1007 1066 1082 χρημάτων
1102 1003 1360 1072 δικαστὴς
1393 1001 1662 1066 Ἑλλάδος
1710 1005 1799 1060 καὶ
1848 1004 2087 1074 Ἑλλησ-

427 1098 624 1151 πόντοο
656 1090 1062 1172 προϐέϐληται,
1094 1096 1180 1148 καὶ
1213 1095 1280 1148 τὰ
1308 1095 1424 1148 κατ’
1452 1093 1658 1164 ἐκείνην
1720 1095 1785 1162 ἦν
1838 1091 2084 1151 διοικῶν.

427 1197 631 1252 Τοῦτον
666 1195 756 1250 ἐπὶ
788 1199 941 1266 κακῷ
985 1197 1094 1247 τῶν
1125 1192 1407 1264 Ῥωμαίων
1461 1193 1488 1246 ὁ
1542 1191 1792 1266 βασιλεὺς
1852 1191 2083 1268 Μιχαὴλ

422 1282 924 1357 μεταπεμψάμενος
977 1281 1053 1345 εἰς
1103 1282 1202 1349 τὴν
1251 1286 1358 1335 τῶν
1403 1285 1601 1335 κοινῶν
1637 1278 1904 1350 διοίκησιν
1955 1301 2084 1336 κατ-

415 1375 712 1444 εστήσατο,
775 1375 855 1447 [Ρ.
915 1368 1378 1446 8-16]λογοθὲτην
1430 1368 1590 1425 αὐτὸν
1635 1364 2078 1444 προϐαλόμενος.

410 1462 522 1521 Καὶ
573 1463 781 1530 γίνεται
829 1463 856 1516 ὁ
910 1459 1166 1537 βασιλεὺς
1211 1459 1496 1532 ἁλώσιμος
1525 1463 1642 1520 ταῖς
1700 1459 1868 1513 αὐτοῦ
1923 1478 2080 1532 τερα-

405 1551 589 1615 τείαις
645 1552 738 1607 καὶ
795 1551 1144 1626 μαγγανείαις
1199 1552 1290 1603 οἱα
1345 1550 1420 1621 μή
1478 1549 1753 1624 εὖμοιρῶν
1787 1550 2078 1622 φρονήμα-

404 1661 506 1704 τος
567 1639 820 1716 ἀνδρείου
868 1640 958 1694 καὶ
1016 1642 1329 1712 σταθηροῢ·
1365 1635 1451 1692 διὸ
1501 1637 1592 1692 καὶ
1651 1635 1924 1709 ἐξωθεῖται
1978 1637 2074 1710 μὶν

408 1732 438 1788 δ
503 1728 701 1802 Σίδης,
786 1732 960 1784 πάντα
1033 1725 1090 1782 δὲ
1145 1727 1306 1789 αὐτὸς
1365 1725 1442 1788 εἰς
1499 1725 1684 1780 ἑαυτὸν
1735 1723 2074 1800 ἀναδέχεται,

405 1821 694 1897 ἀθύρμασι
771 1823 868 1876 τοῦ
942 1816 1182 1892 Μιχαὴλ
1241 1815 1331 1870 καὶ
1387 1813 1630 1877 παιδιαῖς
1683 1813 2074 1890 παιδαριώδεσι

404 1908 842 1985 προσκειμίνου,
873 1911 972 1962 τοῖ’)
1014 1908 1218 1961 ὑπάτου
1263 1909 1370 1959 τῶν
1426 1902 1740 1982 φιλοσόφων
1787 1906 2071 1961 Κωνσταν-

402 2002 563 2056 τίνοι)
591 2004 691 2053 τοῦ
724 1995 950 2053 Ψελλοῦ
977 1997 1112 2072 πρὸς
1143 1997 1280 2050 ἁπαν
1313 1990 1466 2070 ἔργον
1519 1991 1726 2064 ἀδέξιον
1775 1994 1934 2048 αὐτὸν
1981 1995 2070 2048 καὶ

410 2088 687 2165 ἄπρακτον
768 2086 1238 2163 ἀπεργασαμένου.
1299 2083 1773 2159 ΙΙαραγκωνίζεται
1862 2081 1919 2138 δὶ
1980 2083 2069 2138 καὶ

415 2180 506 2234 τὸν
532 2183 628 2234 τοῦ
663 2174 1053 2254 βασιλεύοντος
1087 2175 1228 2228 θεῖον
1261 2173 1516 2241 Ἰωάννην
1547 2172 1638 2228 τὸν
1685 2171 1946 2248 Καίσαρα,
1977 2171 2068 2227 καὶ

419 2273 500 2340 τῷ
519 2270 715 2341 ἀνεψιῷ
746 2266 834 2321 καὶ
876 2263 1094 2340 βασιλεῖ
1123 2260 1363 2317 ὕποπτον
1393 2262 1770 2338 ἀπεργάζεται.
1807 2263 1903 2316 Καὶ
1937 2263 2069 2316 πάν-

419 2379 516 2420 τας
546 2355 728 2418 ἁπλῶς
755 2355 886 2416 τοὺς
918 2351 1286 2414 οἰκειοτάτους
1317 2352 1390 2413 ὡς
1419 2349 1870 2424 πολεμιωτάτους
1905 2372 2067 2405 συκο⁸

415 2451 621 2524 φαντεῖ,
653 2445 744 2500 καὶ
775 2446 989 2500 πάντων
1021 2441 1274 2512 ἀποξενοῖ
1319 2441 1418 2509 τήν
1466 2444 1564 2494 τοῦ
1625 2439 1892 2516 βασιλέως
1950 2437 2066 2494 διά-

403 2538 575 2602 θεσιν,
610 2534 740 2590 ὅλον
787 2554 846 2588 τε
893 2531 986 2587 τὸν
1036 2528 1381 2605 μειρακίσκον
1444 2530 1786 2584 ὑποποιεῖται
1845 2529 2066 2588 ἄνακτα.

403 2635 635 2688 Κάκεῖνο
668 2638 799 2686 πᾶσι
849 2627 1134 2704 βασιλικὸν
1179 2626 1458 2699 ἐνομίζετο
1503 2627 1851 2702 πρόσταγμα,
1903 2627 1932 2681 ὃ
1988 2629 2066 2698 τῷ

402 2719 833 2796 μηχανοῤῥάφῳ
892 2715 1072 2788 τούτῳ
1130 2712 1329 2770 ἐδόκει.
1386 2717 1659 2769 Ἐντεῦθεν
1739 2715 2065 2790 κατηγορίαι

394 2810 487 2865 καὶ
547 2809 871 2878 ἀπαιτήσεις
901 2806 1096 2870 ἀθώων
1149 2804 1238 2859 καὶ
1287 2803 1659 2880 ἀκατακρίτων
1715 2801 1926 2879 ἀνδρῶν
1974 2805 2064 2859 καὶ

387 2901 565 2955 τίσεις
643 2898 1070 2973 ἂχρεωστήτων,
1129 2893 1219 2949 καὶ
1291 2893 1465 2961 κρίσις
1525 2898 1602 2965 τῷ
1674 2891 1929 2966 δημοσίῳ
2001 2894 2064 2949 τὸ

385 2988 594 3057 πλίον,
630 2987 692 3042 οὗ
744 2991 822 3056 τῷ
871 2983 1068 3056 δικαίῳ
1125 2977 1483 3058 βραϐεύουσα,
1513 2983 1605 3058 ἀφ’
1645 2981 1717 3036 ὧν
1774 2979 2064 3054 δημεύσεις

383 3076 693 3134 καθολικαί
727 3097 785 3131 τε
814 3075 904 3130 καὶ
948 3073 1165 3149 μερικαί
1211 3072 1535 3147 κατηγορίαι
1585 3072 1777 3146 συχναὶ
1824 3072 1914 3125 καὶ
1972 3071 2058 3125 πί-

382 3189 504 3229 στις
531 3165 696 3231 εὐθὺς
737 3163 1192 3239 ἀπαραλὸγιστος,
1242 3162 1332 3216 καὶ
1379 3166 1486 3215 τῶν
1541 3161 1868 3236 πασχόντων
1924 3165 2058 3235 θρῆ-

380 3279 474 3322 νος
505 3256 774 3322 ἐλεεινὸς,
799 3255 888 3309 καὶ
940 3257 1051 3308 τῶν
1109 3249 1500 3327 γυμνουμένων
1543 3251 1786 3312 κωκυτὸς
1845 3251 2057 3327 ἀφόρη-

2207 652 2434 708 tionum
2460 657 2516 708 et
2537 653 2892 708 seditionum
2924 653 3102 724 Syria:
3123 657 3328 708 auctor
3349 654 3567 710 fuerat:
3599 657 3861 709 attamen

2203 746 2517 798 accusatus
2548 746 2604 798 et
2634 742 3096 814 comprehensus
3136 741 3254 796 illic
3289 743 3346 796 in
3379 743 3707 798 custodiam
3737 748 3861 797 tra-

2201 831 2361 887 ditus
2394 831 2606 900 fuerat,
2639 832 2739 887 ubi
2781 830 3122 902 aliquandiu
3157 831 3550 900 detinebatur,
3584 831 3748 902 prius
3779 831 3862 887 ibi

2200 920 2449 976 illustris
2482 922 2772 994 cognitus.
2797 921 3096 992 Etl‘ugiens
3123 937 3256 976 vero
3289 937 3404 993 quo
3435 926 3696 993 tempore
3725 921 3860 976 Dio-

2199 1027 2377 1082 genes
2408 1011 2517 1066 fuit
2549 1011 2903 1077 declaratus,
2927 1017 2984 1065 et
3024 1011 3080 1065 in
3115 1012 3435 1081 quamdam
3482 1009 3736 1066 insulam
3768 1027 3859 1066 re-

2197 1099 2448 1172 legatus,
2473 1100 2853 1172 pecuniarum
2887 1099 3309 1172 pollicitatione
3339 1100 3518 1171 judex
3545 1099 3774 1155 Graecisa
3801 1106 3860 1156 et

2196 1189 2579 1260 Peloponnesi
2603 1189 2863 1245 delectus
2889 1194 2998 1255 est,
3023 1195 3078 1244 et
3108 1204 3200 1244 res
3233 1189 3302 1245 ad
3334 1205 3460 1244 eam
3496 1189 3855 1260 pertinentes

2195 1279 2634 1335 moderabatur.
2666 1279 2832 1334 Hunc
2862 1279 3258 1334 Romanorum
3291 1277 3446 1334 malo
3479 1277 3732 1333 Michael
3765 1295 3855 1332 ac-

2193 1369 2472 1422 cersitum
2514 1369 2592 1423 rei
2639 1367 2885 1439 publica:
2919 1368 3419 1422 administrationi
3451 1367 3728 1439 praefecit,
3762 1367 3849 1422 lo-

2190 1458 2486 1526 gothetam
2541 1457 2736 1530 ipsum
2770 1456 3094 1513 declarans.
3128 1457 3486 1528 Capiturque
3533 1457 3852 1528 imperator

2188 1553 2349 1610 illius
2380 1556 2698 1627 praestigiis
2727 1562 2786 1612 et
2817 1555 3377 1621 machinationibus,
3401 1561 3602 1628 utpote
3632 1555 3730 1627 qui
3762 1557 3848 1610 vi-

2187 1644 2316 1700 rilis
2375 1646 2589 1701 mentis
2639 1650 2696 1700 et
2745 1645 2976 1701 stabilis
3033 1662 3239 1717 expers
3297 1650 3472 1700 esset.
3503 1645 3573 1700 Et
3627 1645 3844 1702 idcirco

2185 1733 2499 1806 expellitur
2536 1734 2684 1789 Sida:
2736 1735 3066 1806 praefectus,
3117 1734 3434 1805 omniaque
3482 1733 3608 1805 ipse
3658 1735 3728 1789 ad
3779 1751 3843 1791 se

2187 1840 2370 1879 unum
2403 1829 2657 1894 revocat,
2683 1822 2966 1879 Michaele
2989 1822 3226 1878 interim
3249 1823 3418 1892 nugis
3439 1827 3496 1879 et
3527 1822 3682 1878 ludis
3706 1841 3844 1895 pue-

2187 1911 2397 1968 rilibus
2429 1920 2708 1985 perpetuo
2729 1918 2992 1978 vacante,
3015 1930 3145 1967 cum
3171 1912 3656 1984 philosophorum
3690 1930 3835 1984 prae-

2180 2001 2589 2058 stantissimus
2618 2002 3040 2059 Constantinus
3072 2001 3294 2057 Psellus
3341 2002 3538 2073 ipsum
3581 2003 3834 2074 impera-

2179 2097 2365 2147 torem
2397 2091 2468 2146 ad
2502 2107 2675 2148 omne
2707 2109 2854 2162 opus
2899 2090 3166 2146 inutilem
3218 2096 3276 2146 et
3323 2091 3523 2146 minus
3553 2091 3829 2147 idoneum

2183 2181 2327 2236 707
2356 2182 2730 2237 reddidisset.
2750 2181 2861 2236 Sed
2885 2187 2942 2236 et
2969 2180 3338 2253 imperatoris
3362 2185 3632 2252 patruum
3657 2180 3832 2236 Joan-

2180 2287 2314 2326 nem
2363 2274 2645 2327 Caesarem
2705 2269 3000 2326 submovit
3052 2276 3109 2324 et
3167 2270 3364 2326 fratris
3423 2269 3542 2326 filio
3601 2270 3835 2342 ipsique

2178 2360 2516 2431 imperatori
2565 2365 2905 2430 suspectum
2955 2359 3164 2414 eti‘ecit.
3219 2360 3286 2414 Et
3337 2375 3542 2414 omnes
3591 2377 3835 2431 prorsus

2179 2449 2432 2504 maxime
2482 2447 2798 2503 familiares
2831 2452 2896 2502 ut
2925 2448 3369 2504 inimicissimos
3418 2448 3836 2517 calumniatur,

2177 2553 2501 2608 omnesque
2523 2536 2894 2607 imperatoris
2918 2536 3315 2592 benevolentia
3333 2537 3540 2608 privat,
3555 2553 3619 2592 ac
3640 2541 3831 2592 totum

2177 2635 2679 2692 adolescentulum
2734 2634 2847 2691 sibi
2906 2652 3101 2707 regem
3152 2633 3411 2706 subjicit.
3446 2636 3634 2706 Atque
3688 2635 3834 2690 illud

2175 2725 2454 2781 omnibus
2493 2742 2597 2796 pro
2645 2725 3020 2796 imperatoris
3050 2725 3240 2780 edicto
3290 2724 3620 2780 habebatur
3648 2725 3834 2796 quod-

2175 2830 2407 2886 cunque
2444 2814 2582 2869 huic
2629 2813 3015 2869 machinatori
3049 2813 3362 2868 videretur.
3394 2813 3539 2869 Hinc
3588 2829 3828 2870 accusa-

2174 2905 2366 2960 tiones
2396 2909 2454 2960 et
2491 2903 2829 2975 frequentes
2872 2903 3194 2960 delationes
3244 2919 3444 2958 eorum
3477 2903 3576 2974 qui
3612 2903 3832 2958 indicta

2173 3010 2352 3048 causa
2404 2994 2851 3063 damnarentur,
2881 2997 2937 3048 et
2986 3011 3166 3063 poena
3215 2993 3458 3048 minime
3506 2993 3736 3062 debitae,
3770 2998 3829 3048 et

2162 3082 2457 3152 judicium
2507 3083 2724 3154 saepius
2755 3084 2827 3138 ad
2860 3082 3220 3138 voluntatem
3252 3081 3411 3153 vulgi
3445 3099 3624 3154 quam
3669 3083 3828 3155 juste

2171 3172 2486 3243 prolatum.
2521 3171 2684 3227 Unde
2733 3173 3020 3226 bonorum
3071 3171 3499 3242 publicationes
3529 3175 3653 3226 tum
3696 3170 3828 3226 uni-

2169 3277 2495 3326 versorum,
2519 3265 2646 3316 tum
2680 3260 3076 3332 singulorum,
3099 3261 3312 3316 crebrae
3347 3260 3752 3316 accusationes
3773 3263 3832 3316 et

378 3369 480 3408 τος
512 3345 608 3401 καὶ
643 3341 1014 3418 πολύδακρυς.
1052 3339 1230 3396 Ἀλλά
1286 3340 1492 3395 τούτων
1546 3339 1688 3394 οὕτω
1746 3341 2057 3414 γυμνουμέ-

2182 3312 2495 3326 _-__--,___,
2526 3312 2646 3316 -___
2685 3312 3076 3332 --__OW-_--_,,
3136 3312 3149 3314 _
3780 3312 3829 3316 -_

2175 3351 2316 3405 fides
2349 3349 2550 3404 statim
2584 3350 2916 3416 temeraria,
2949 3365 3151 3405 eorum
3185 3349 3287 3421 qui
3321 3349 3694 3421 patiebantur
3727 3349 3833 3404 mi-

386 3458 500 3491 νων
536 3431 813 3505 θεήλατός
860 3452 944 3494 τις
1001 3431 1137 3506 όργὴ
1197 3431 1297 3498 τήν
1351 3430 1520 3502 Ἑῲαν
1575 3429 1896 3507 κατείληφε.
1935 3432 2058 3486 Τῶν

385 3527 494 3601 γὰρ
575 3523 715 3599 πρὸς
785 3519 1039 3596 Διογένην
1121 3519 1409 3596 εἰρηνικῶν
1479 3519 1786 3596 συμφώνων
1876 3518 2058 3592 ἀργῶν

399 3615 702 3688 μεινάντων
730 3611 820 3667 καὶ
853 3610 1166 3686 ἀπράκτων,
1199 3613 1360 3682 θυμῷ
1392 3607 1750 3683 συνεχόμενοι
1784 3608 1836 3661 οἱ
1884 3611 2060 3682 Ἰόὖρ-

402 3724 495 3756 κοι
525 3700 606 3776 ἐφ’
639 3703 745 3768 οἷς,
778 3699 836 3754 ὃν
865 3699 1018 3754 αὐτοὶ
1050 3698 1126 3759 ὡς
1176 3696 1371 3772 ἐχθρὸν
1432 3695 1724 3772 εἰληφότες
1783 3697 1872 3750 καὶ
1924 3696 2061 3750 ὑπο-

401 3791 614 3866 χείριον
661 3790 841 3859 πάσης
891 3784 1130 3860 κομιδῆς
1184 3785 1272 3840 καὶ
1313 3792 1480 3858 τιμῆς
1528 3785 1794 3854 ἠξιώκασι
1845 3786 1932 3839 καὶ
1990 3787 2058 3858 τῇ

399 3878 516 3950 ἰδίᾳ
591 3877 909 3952 ἐπικρατείᾳ
984 3873 1139 3939 αὖθις
1211 3875 1679 3944 ἀποκατέστησαν,
1738 3875 1790 3928 οἱ
1866 3873 2059 3928 οἰκεῖοι

408 3965 698 4042 μανιωδῶς
726 3969 801 4029 ὼς
834 3965 1020 4042 ἰχθρῷ
1057 3963 1509 4039 προσενεχθέντες
1561 3960 1838 4035 ἀσπόνδῳ,
1871 3962 1903 4016 δι
1934 3969 2061 4039 παρ’

408 4056 598 4117 αὐτοῖς
624 4055 790 4132 ἐχρῆν
827 4054 986 4110 αὐτὸν
1019 4059 1232 4122 παθεῖν,
1267 4054 1319 4108 οἱ
1349 4052 1590 4128 γνωστοὶ
1643 4053 1734 4107 καὶ
1794 4058 2060 4127 συγγενεῖς

401 4145 638 4210 καὶτοῖς
682 4153 782 4214 τῆς
834 4143 1059 4220 εἰρήνης
1108 4142 1301 4215 νόμοις
1346 4141 1604 4216 ἀγόμενοι
1653 4139 2057 4217 διαπεπράχασι

392 4235 489 4290 καὶ
549 4235 804 4308 οἰκτίστῳ
856 4233 946 4288 καὶ
1005 4229 1270 4304 ἐπωδύνῳ
1343 4231 1553 4304 θανάτῳ
1610 4228 2055 4305 παραδεδώκασιν

395 4323 710 4400 (ὗπήλγουν
741 4323 842 4399 γὰρ
872 4323 1021 4394 αὐτῷ
1049 4320 1140 4376 καὶ
1173 4322 1223 4376 οἰ
1265 4319 1557 4394 ἀλλότριοι
1601 4317 1688 4374 διὰ
1732 4320 1792 4375 τὸ
1843 4318 2055 4389 πλῆθος

390 4419 502 4468 τῶν
564 4411 753 4468 δεινῶν
810 4411 899 4466 καὶ
956 4412 1017 4466 τὸ
1069 4417 1168 4480 τῆς
1221 4414 1504 4486 συμφορᾶς
1566 4409 2054 4486 ἀπαρηγόρητον);

393 4513 625 4589 ἄραντες
675 4510 734 4566 in
783 4507 1046 4585 Περσίδος
1091 4505 1442 4582 παμπληθὲς,
1487 4508 1562 4570 ὡς
1623 4504 1854 4578 μηδενὸς
1904 4504 2058 4569 ὄντος

388 4606 492 4656 τοῦ
570 4599 929 4665 κωλύοντος,
1005 4603 1124 4662 τοῖς
1195 4599 1531 4669 Ῥωμαϊκοῖς
1615 4596 2056 4671 ἑπιστρατεόουσι

389 4693 620 4763 θεμασι,
677 4689 766 4744 καὶ
851 4693 1021 4744 ταῦτα
1090 4684 1583 4759 κατελυμήναντο,
1644 4685 1705 4740 οὐ
1789 4684 2055 4763 σποράδες
2086 4681 2134 4746 D

391 4781 790 4855 ἐπιφοιτῶντες
822 4779 896 4841 ὡς
953 4777 1016 4832 τὸ
1069 4776 1218 4852 πρὶν,
1255 4775 1345 4830 καὶ
1398 4773 1635 4851 φυγάδες
1701 4775 2052 4851 αὐτόχρημα,

394 4868 620 4944 μᾶλλον
652 4864 710 4922 δὶ
758 4867 832 4929 ὡς
884 4864 1140 4921 δεσπόται
1187 4869 1296 4920 τῶν
1339 4863 1762 4939 προστυχόντων
1822 4885 2053 4919 κατακυ-

392 4957 694 5036 ριεύοντες.
729 4959 911 5014 Ταῦτα
970 4953 1417 5027 διενωτιζόμενος
1468 4953 1496 5008 ὁ
1558 4952 1883 5028 βασιλεύων,
1935 4975 2054 5008 συν-

390 5047 632 5124 αγείρων
687 5042 1050 5123 στρατόπεδον
1103 5043 1285 5098 ἱκανὸν
1337 5043 1638 5119 στρατηγὸν
1727 5041 1896 5098 αὖτοῦ
1958 5042 2052 5119 ἑφ-

395 5138 582 5207 ίστησι
639 5136 729 5191 τὸν
792 5135 1077 5208 Κομνηνὸν
1132 5134 1416 5189 Ἰσαάκιον.
1460 5131 1751 5204 Συνίστησι
1812 5130 1857 5186 δ’
1905 5133 2054 5206 αὐτῷ

389 5226 486 5282 καὶ
517 5224 825 5281 Ῥουσᾶλιον
852 5225 947 5278 τὸν
1003 5227 1232 5278 Λατῖνον
1297 5222 1432 5294 μετὰ
1489 5226 1810 5298 Φραγγικοῦ
1863 5223 2051 5278 συντά-

388 5336 628 5392 γματος,
688 5313 765 5378 εἰς
832 5311 1214 5387 τετρακοσίους
1286 5311 1576 5386 Φράγγους
1647 5307 2048 5375 ἀναϐαίνοντος.

391 5417 480 5470 Ἐν
513 5417 592 5485 τῷ
623 5411 837 5484 Ἰκονίῳ
870 5408 928 5465 δὲ
951 5414 1049 5464 τοῦ
1081 5405 1448 5484 στρατοπέδου
1497 5409 1793 5484 γενομένου
1824 5411 2049 5480 παντὸς,

391 5501 734 5579 φιλονεικίας
785 5493 1071 5573 συμϐάσης
1123 5498 1272 5560 τινὸς
1336 5498 1627 5554 ἀποστατεῖ
1682 5505 1981 5568 τηνικαῦτα
2020 5503 2048 5556 ό

387 5591 703 5653 Ῥουσὲλιος
733 5593 1049 5668 προφανῶς,
1079 5588 1169 5642 καὶ
1211 5587 1338 5649 τοὺς
1388 5591 1681 5663 Φράγγους
1710 5586 2049 5666 παραλαϐὼν

390 5685 574 5759 ἑτέραν
604 5683 892 5757 ἐτράπετο,
922 5677 1104 5733 καὶτᾶ
1131 5678 1246 5733 καθ’
1279 5678 1464 5732 ἑαυτὸν
1503 5684 1583 5751 τῷ
1619 5676 1740 5752 ἰδίῳ
1771 5678 2046 5755 ιπιτρὲπει

388 5773 682 5848 θελήματι.
717 5773 800 5845 [Ρ.
834 5770 964 5842 847]
995 5765 1264 5826 Ἀνελθὼν
1294 5763 1352 5823 δὶ
1382 5767 1458 5832 εἰς
1501 5768 1841 5840 Μελιτηνὴν,
1876 5770 2046 5844 Τούρ.

2173 3438 2442 3495 serabilis
2464 3438 2833 3508 lamentatio,
2853 3443 2911 3494 et
2933 3438 3318 3510 spoliatorum
3345 3437 3540 3493 luctus
3561 3437 3836 3494 intolera-

2171 3528 2306 3584 bilis
2335 3533 2392 3583 et
2423 3527 2623 3584 multa:
2655 3526 2946 3600 lacrymaa.
2967 3529 3175 3584 Verum
3210 3527 3304 3583 his
3335 3528 3414 3582 ita
3445 3527 3713 3599 spoliatis
3744 3527 3832 3581 di-

2169 3618 2390 3673 vinitus
2413 3617 2679 3689 quaedam
2707 3617 2974 3673 immissa
2998 3616 3084 3672 ira
3106 3617 3400 3672 Orientem
3428 3616 3662 3671 invasit.
3683 3615 3830 3671 Nam

2171 3723 2304 3761 cum
2338 3707 2498 3777 pacis
2549 3706 2739 3761 foedus
2771 3722 2910 3778 erga
2953 3705 3269 3777 Diogenem
3303 3704 3620 3760 violaretur
3656 3709 3834 3777 atque

2172 3795 2404 3849 irritum
2455 3801 2632 3858 esset,
2684 3796 2770 3848 ira
2822 3794 3025 3865 perciti
3068 3795 3266 3864 Turci,
3318 3800 3625 3867 propterea
3673 3795 3828 3866 quod

2171 3900 2346 3957 quem
2398 3883 2509 3954 ipsi
2543 3888 2607 3937 ut
2638 3883 2946 3938 inimicum
2995 3889 3234 3954 captum
3267 3889 3324 3938 et
3360 3882 3421 3938 in
3452 3900 3616 3939 suam
3666 3887 3828 3954 pote-

2169 3979 2381 4030 etatem
2415 3974 2712 4028 redactum
2746 3973 2904 4028 omni
2936 3989 3078 4028 cura
3109 3979 3165 4027 et
3193 3973 3415 4028 honore
3446 3973 3673 4044 dignati
3706 3973 3828 4028 fue-

2171 4067 2301 4119 rant
2328 4063 2750 4135 propriumque
2773 4063 2823 4116 ei
2849 4062 3166 4134 imperium
3197 4062 3595 4130 restituerant,
3621 4062 3712 4117 sui
3747 4079 3832 4117 er-

2169 4173 2243 4228 ga
2272 4154 2465 4226 ipsum
2504 4154 2718 4209 furiose
2743 4159 2806 4208 ut
2834 4152 3140 4208 inimicum
3175 4153 3418 4208 minime
3449 4153 3828 4208 conciliatum

2169 4261 2231 4300 se
2255 4247 2582 4317 gesserant,
2606 4247 2660 4298 et
2692 4260 2820 4314 quae
2845 4243 2914 4298 ab
2949 4243 3096 4315 ipsis
3126 4241 3294 4297 illum
3330 4242 3449 4314 pati
3473 4249 3832 4314 oportuerat,

2166 4343 2338 4398 amici
2358 4347 2415 4397 et
2433 4344 2664 4414 cognati
2689 4341 2747 4395 in
2773 4357 2914 4412 pace
2939 4341 3260 4413 praesertim
3281 4342 3560 4413 degentes
3580 4343 3636 4398 in
3663 4341 3828 4396 illum

2168 4436 2648 4504 perpetraverant
2703 4437 2761 4486 et
2815 4430 3138 4486 miserabili
3191 4447 3257 4486 ac
3317 4430 3589 4488 luctuosa
3647 4437 3833 4488 morte

2169 4521 2670 4589 affecerantmam
2720 4520 2941 4576 externi
2977 4537 3214 4592 quoque
3262 4521 3336 4576 ob
3388 4519 3832 4576 multitudinem

2167 4610 2574 4665 calamitatum
2616 4609 2808 4682 ipsius
2838 4614 2895 4665 et
2934 4609 3321 4664 infortunium
3353 4610 3446 4664 vix
3475 4608 3833 4664 consolabile

2167 4715 2544 4770 summopere
2588 4697 2910 4766 dolebant),
2943 4714 2973 4753 e
3004 4698 3241 4753 Perside
3277 4699 3434 4754 708
3466 4713 3600 4753 cum
3633 4697 3829 4753 omni-

2170 4791 2278 4843 bus
2327 4787 2512 4860 copiis
2571 4787 2814 4859 prol'ecti
2876 4786 3036 4841 nullo
3082 4786 3251 4842 obvio
3300 4785 3722 4856 impedimento
3766 4786 3826 4841 in

2165 4882 2461 4933 Romanas
2493 4877 2763 4949 regiones
2788 4876 3094 4938 invadunt,
3123 4890 3340 4946 easque
3369 4878 3674 4939 vexarunt,
3707 4891 3825 4930 non

2166 4967 2418 5040 dispersi
2451 4966 2796 5021 accedentes
2820 4970 2887 5018 ut
2914 4964 3096 5035 prius,
3121 4969 3179 5018 et
3207 4962 3440 5018 exsules
3473 4963 3698 5031 statim,
3719 4965 3822 5019 sed

2166 5065 2360 5136 potius
2393 5069 2456 5119 ut
2495 5063 2718 5120 domini
2768 5077 2972 5118 eorum
3025 5061 3084 5116 in
3137 5078 3260 5131 quea
3311 5060 3660 5117 inciderant.
3695 5061 3827 5118 Haec

2162 5155 2410 5209 audiens
2458 5153 2778 5224 imperator
2818 5156 3020 5207 coacto
3053 5151 3260 5207 idoneo
3308 5151 3566 5207 exercitu
3618 5153 3827 5208 ducem

2161 5241 2212 5298 ei
2262 5242 2504 5314 praeﬁcit
2553 5242 2847 5298 Isaacium
2901 5241 3290 5309 Comnenum,
3323 5239 3494 5312 eique
3542 5241 3830 5312 collegam

2161 5333 2346 5388 tradit
2397 5329 2702 5387 Ruselium
2765 5329 3042 5385 Latinum
3094 5345 3224 5384 cum
3281 5329 3556 5386 Francica
3601 5329 3831 5403 legione

2160 5421 2733 5493 quadringentorum
2798 5425 3157 5475 Francorum
3228 5435 3500 5475 numero.
3565 5419 3834 5492 Cumque

2159 5510 2421 5566 Iconium
2461 5510 2818 5582 pervenisset
2848 5508 3044 5564 omnis
3086 5507 3399 5574 exercitus,
3433 5513 3636 5566 exorta
3683 5526 3829 5582 qua-

2158 5597 2291 5652 dam
2327 5598 2724 5664 contentione,
2754 5597 3031 5652 Ruselius
3057 5601 3254 5669 aperte
3286 5596 3821 5668 rebellans,secum

2157 5687 2411 5742 Francos
2455 5688 2776 5754 abducens,
2809 5686 2867 5740 in
2899 5685 3072 5741 aliam
3109 5689 3331 5759 partem
3385 5687 3496 5744 iter
3546 5689 3816 5761 arripuit,

2156 5778 2292 5832 data
2331 5776 2454 5832 suis
2489 5776 2653 5831 venia
2685 5793 2802 5848 quo
2833 5775 3046 5832 vellent
3092 5775 3368 5834 abeundi.
3401 5779 3545 5834 Cum
3579 5795 3710 5835 vero
3741 5779 3814 5833 ad
