4122 6390
315 362 435 422 439

1641 385 1967 450 JOANNIS
2012 389 2416 453 SCYLITZE

3623 401 3746 472 440

319 493 652 554 Melitenem
686 503 1073 577 pervenisset,
1095 507 1157 563 in
1184 510 1408 569 Turoos
1433 521 1669 588 repente
1701 520 1971 577 invadens

2097 542 2216 585 κοις
2247 523 2560 598 περιτυχὼν
2593 523 2881 598 ἀριστεύει,
2915 525 2968 596 ἐξ
2999 522 3196 605 ἐφόδου
3244 526 3461 591 τούτοις
3511 528 3759 588 ἐπεισπε-

319 587 590 656 superior
637 592 849 659 evadit,
883 600 940 648 et
991 596 1279 670 reliquam
1314 587 1604 662 exercitus
1651 616 1876 680 partem
1909 612 1978 665 ad

318 675 640 733 Caesaream
694 681 958 753 appellit.
1011 685 1348 746 Comnenus
1396 675 1983 767 quoque-mediatus

320 762 380 818 in
413 764 612 822 hostes
646 776 884 842 repente
933 773 1222 846 impetum
1267 762 1455 838 facere
1501 762 1986 859 progrediebatur

321 859 512 925 nocte,
571 859 742 930 quasi
796 861 1119 933 imparatos
1178 868 1340 940 ipsos
1399 889 1835 946 aggressurus:
1878 881 1980 935 sed

319 943 490 1000 aliter
518 951 694 1018 atque
722 950 996 1021 opinatus
1029 955 1217 1012 fuerat
1247 959 1298 1013 ei
1331 943 1558 1019 accidit.
1584 966 1794 1022 Incidit
1824 969 1981 1024 enim

317 1031 378 1088 in
435 1033 598 1105 ipsos
657 1041 1018 1111 compositos
1058 1049 1115 1098 et
1173 1054 1429 1118 paratos,
1465 1058 1522 1107 et
1577 1054 1794 1112 invitus
1846 1075 1981 1114 cum

312 1119 461 1193 ipsis
491 1141 848 1198 congressus
881 1139 1198 1203 superatur
1218 1143 1275 1192 et
1307 1139 1464 1196 illico
1495 1144 1744 1215 capitur.
1771 1147 1984 1204 Omnia

311 1226 547 1284 quoque
581 1232 710 1287 quae
743 1217 898 1274 intra
925 1221 1148 1278 vallum
1183 1233 1366 1298 erant,
1393 1232 1814 1306 corripiuntur,
1840 1238 1983 1292 mul.

308 1299 387 1356 tis
425 1301 754 1362 interfectis
806 1308 1106 1381 Romanis,
1158 1316 1304 1371 vivis
1338 1299 1691 1389 quibusdam
1744 1299 1979 1399 captis:

306 1397 509 1469 plures
540 1407 736 1460 autem
787 1407 900 1462 sibi
950 1409 1089 1482 fuga
1144 1413 1392 1472 salutem
1430 1421 1769 1490 quaesivere.
1804 1397 1981 1481 Cum-

309 1505 425 1559 que
493 1492 651 1549 fama
709 1497 780 1551 ad
856 1499 1270 1572 imperatorem
1351 1511 1747 1580 pervenisset,
1820 1515 1982 1573 visus

309 1669 382 1723 ab
429 1670 734 1730 inferenda
784 1676 1012 1735 civibus
1062 1682 1284 1753 injuria
1333 1703 1523 1759 neque
1554 1708 1587 1745 a
1622 1693 1860 1750 nefariis
1891 1712 1980 1750 re-

307 1758 420 1814 bus
452 1775 583 1816 sese
625 1763 937 1839 abstinuit,
969 1772 1123 1841 quod
1175 1758 1490 1847 Nicephori
1539 1781 1780 1839 monitis
1811 1800 1979 1854 pare-

2094 613 2223 667 σών.
2260 613 2336 669 Τὸ
2367 610 2425 668 δὲ
2458 610 2655 668 λοιπὸν
2687 613 2995 689 στράτευμα
3023 620 3093 690 τῇ
3129 618 3437 690 Καισαρέων
3474 615 3758 696 παραϐάλ-

2093 699 2201 759 λει.
2223 702 2574 778 Σκεψάμενος
2599 701 2656 758 δὲ
2675 705 2764 759 καὶ
2789 707 2816 760 6
2841 707 3126 778 Κομνηνὸς
3157 712 3272 770 τοῖς
3307 705 3568 772 ἐναντίοις
3589 730 3758 780 προσ-

2093 786 2280 848 ϐαλεῖν
2332 793 2384 864 ἐξ
2445 792 2664 871 ἐφόδου,
2692 795 2890 870 προῄει
2945 795 3040 868 μὲν
3088 797 3210 870 [ὡς]
3245 793 3335 850 διὰ
3385 801 3486 863 τῆς
3544 799 3756 872 νυκτὸς,

2093 882 2168 946 ὡς
2196 882 2591 958 ἀπαρασκεύοις
2651 881 2710 937 ἂν
2773 883 3021 940 ἐπιπέσοι
3081 885 3298 953 αὐτοῖς,
3330 889 3393 941 τὸ
3445 884 3490 940 δ’
3522 887 3756 944 ἐναντίον

2092 969 2292 1046 πάσχει
2349 978 2449 1042 τῆς
2507 971 2710 1036 οἶκείας
2753 972 2982 1048 βουλῆς·
3015 973 3451 1050 ἐμπαρασκεύοις
3505 978 3613 1052 γὰρ
3665 977 3758 1032 καὶ

2091 1061 2526 1136 ἡτοιμασμένοις
2602 1062 2914 1139 ἐντυγχάνει
2997 1065 3202 1128 αὐτοῖς·
3272 1065 3618 1144 Συρρηγνυσι
3700 1066 3762 1124 δὶ

2091 1150 2312 1215 τούτοις
2360 1152 2448 1206 καὶ
2504 1155 2579 1226 μὴ
2637 1151 3000 1228 βοολὸμενος,
3032 1153 3121 1209 καὶ
3171 1156 3398 1220 ἡττᾶται
3456 1156 3636 1226 εὐθὺς,
3667 1157 3759 1212 καὶ

2093 1241 2288 1294 αὐτίκα
2323 1241 2688 1316 αίχμάλωτος
2734 1243 2962 1318 γίνεται.
2997 1243 3308 1299 Ἀλίσκεται
3350 1242 3407 1300 δί
3453 1246 3544 1300 καὶ
3599 1246 3666 1301 τὰ
3703 1247 3756 1302 ἐν

2089 1333 2168 1400 τῷ
2199 1330 2401 1404 χάρακι
2435 1332 2667 1400 ἅπαντα,
2705 1329 2933 1386 πολλῶν
2992 1333 3086 1405 μὶν
3117 1334 3405 1406 Ῥωμαίων
3457 1335 3758 1406 πεσόντων,

2094 1429 2301 1502 ζωγρίᾳ
2333 1425 2390 1482 δὲ
2435 1428 2747 1502 Ληφθὲντων
2803 1435 2990 1486 τινῶν.
3053 1428 3327 1486 πλειόνων
3381 1428 3438 1486 δὲ
3484 1434 3584 1503 τὴν
3644 1454 3758 1488 σω-

2089 1519 2282 1591 τηρίαν
2316 1518 2628 1593 εύραμὲνων
2691 1523 2858 1594 φυγῇ.
2891 1525 2998 1589 Τῆς
3032 1517 3089 1575 δὲ
3118 1522 3314 1598 φήμης
3370 1521 3463 1576 τὸν
3530 1521 3762 1598 βασιλέα

2087 1602 2506 1677 καταλαϐούσης
2592 1605 2740 1678 ἔδοξε
2827 1608 2921 1682 μὲν
3005 1630 3060 1664 τι
3136 1611 3462 1682 σκυθρωπὸν
3540 1612 3759 1681 παθεῖν,

2091 1696 2153 1749 οὐ
2215 1697 2323 1769 μὴν
2383 1695 2441 1752 δὲ
2497 1699 2801 1752 παντάπασι
2873 1703 2982 1753 τῶν
3044 1695 3348 1754 πολιτικῶν
3399 1697 3757 1774 ἀδικημάτων

2089 1785 2178 1839 καὶ
2259 1791 2368 1841 τῶν
2455 1791 2737 1860 κοσμικῶν
2823 1787 3092 1863 ἀπίσχετο
3175 1793 3294 1851 ταῖς
3350 1793 3446 1843 τοῦ
3504 1789 3758 1868 Νικηφό-

307 1852 412 1902 ret.
453 1851 601 1906 709
634 1852 782 1909 Cum
832 1857 990 1912 enim
1043 1877 1110 1919 eo
1159 1869 1316 1919 esset
1363 1866 1602 1939 ingenia
1655 1879 1718 1927 ut
1762 1875 1971 1930 discer'

307 1952 438 1968 “Ann
487 1957 598 1968 “An
654 1950 851 1968 ᾌΑΑΔΑΑ,
905 1948 1066 1968 ιι-,ιι,
1628 1966 1635 1968 μ
1959 1957 1971 1968 ‘

2093 1894 2190 1947 pou
2249 1851 2738 1949 ὑποθημοσύναιςο
2805 1878 2880 1949 μή
2932 1851 3077 1968 Eia»
3134 1882 3238 1968 γὰρ
3294 1877 3450 1952 φύσιν
3513 1851 3759 1954 διαγνωο

300 1952 438 1992 nere
486 1957 602 1995 non
653 1950 855 2013 posset
904 1948 1093 2018 facile,
1130 1969 1314 2024 neque
1362 1971 1430 2011 ea
1481 1966 1676 2016 mente
1723 1969 1879 2019 esset
1909 1957 1975 2020 ut

293 2025 593 2097 vigilaret,
654 2047 828 2090 omne
885 2040 1039 2107 quod
1105 2041 1510 2113 imperabatur
1556 2066 1590 2104 a
1639 2050 1972 2124 Nicephoro

295 2115 548 2173 faciebat
589 2122 760 2192 quasi
809 2126 1192 2200 mancipium.
1228 2133 1308 2188 Ex
1357 2150 1424 2190 eo
1479 2141 1744 2212 tempore
1785 2115 1975 2215 igitur

297 2203 599 2263 licentiam
631 2211 788 2267 nacti
814 2215 1065 2285 Agareni
1099 2219 1356 2278 Orientis
1386 2225 1687 2297 regionem
1734 2247 1970 2302 percur-

300 2299 499 2352 rentes
533 2314 645 2353 non
679 2301 1049 2361 desistebant
1099 2323 1226 2364 eam
1263 2327 1470 2368 vexare
1513 2321 1690 2388 atque
1721 2326 1971 2380 vastare.

300 2382 445 2438 Cum
480 2390 676 2443 autem
711 2391 974 2449 Isaacius
996 2395 1202 2453 multis
1234 2415 1362 2457 sese
1394 2407 1660 2474 pecuniis
1693 2409 1973 2467 redemis-

304 2477 397 2529 set
419 2479 476 2529 et
496 2474 667 2547 pleno
698 2482 1022 2554 marsupio,
1050 2489 1255 2544 statim
1283 2507 1557 2550 summus
1579 2496 1696 2552 dux
1713 2498 1974 2558 Joannes

313 2755 372 2806 et
405 2768 594 2824 usque
626 2756 695 2810 ad
728 2760 926 2831 Zompi
952 2767 1188 2832 pontem
1215 2769 1496 2837 pervenit.
1519 2771 1629 2828 Sed
1659 2780 1972 2848 antequam

315 2839 671 2911 Sangarium
707 2848 1004 2918 transiret,
1029 2852 1266 2910 advenit
1289 2857 1559 2917 Resulius
1581 2878 1648 2917 ex
1677 2865 1976 2922 Armenia-

313 2945 381 2984 co
413 2929 598 2987 multo
631 2935 848 3004 studio,
875 2944 930 2993 et
957 2939 1039 2994 ibi
1069 2948 1260 3000 castra
1290 2945 1458 3003 locat.
1486 2949 1749 3024 Cumque
1778 2956 1973 3012 misis-

315 3023 407 3073 set
436 3017 625 3076 Caasar
656 3021 879 3096 legatos
912 3031 1191 3100 tanquam
1227 3035 1296 3088 ad
1333 3050 1468 3091 eum
1503 3055 1601 3110 qu
1634 3017 1976 3101 offendisset

313 3111 492 3177 atque
540 3122 861 3184 peccasset,
897 3116 946 3170 si
979 3123 1205 3174 mutato
1257 3124 1501 3182 consilio
1553 3145 1616 3184 se
1671 3134 1972 3204 proprium

315 3194 623 3254 dominum
657 3211 1024 3274 agnosceret,
1055 3209 1281 3267 veniam
1314 3218 1371 3269 et
1405 3216 1693 3276 malorum
1725 3221 1971 3280 oblivio-

316 3301 450 3340 nem
508 3290 798 3358 promisit.
848 3294 1150 3353 Fremente
1201 3318 1335 3358 vero
1386 3305 1632 3364 barbaro
1682 3310 1857 3367 veluti
1905 3330 1971 3370 eo

321 3373 422 3444 qui
469 3379 723 3448 propriis
772 3384 1051 3440 manibus
1083 3392 1139 3441 et
1171 3389 1319 3446 bello
1368 3393 1584 3451 fidebat
1631 3403 1687 3454 et
1733 3417 1975 3457 suorum

322 3461 706 3523 multitudine
749 3470 1073 3545 nitebatur,
1109 3476 1320 3550 legatio
1354 3499 1412 3538 re
1457 3484 1670 3543 infecta
1698 3495 1756 3544 et
1783 3489 1978 3548 inanis

320 3550 514 3608 rediit.
550 3555 769 3612 Idcirco
820 3561 1014 3630 prmlio
1044 3565 1114 3619 de
1155 3584 1392 3626 summa
1443 3589 1638 3630 rerum
1672 3577 1976 3636 decertan-

322 3640 467 3695 dum
498 3645 724 3700 statuit.
760 3647 947 3719 Igitur
975 3652 1166 3710 Caesar
1195 3673 1328 3712 cum
1375 3660 1613 3718 ﬂuvium
1646 3669 1976 3739 transisset,

319 3743 377 3793 et
403 3740 622 3815 collega
648 3745 834 3817 ipsius
856 3749 1216 3820 Nicephorus
1238 3757 1572 3818 Botaniates
1594 3781 1725 3820 cum
1752 3769 1978 3840 reliquo

318 3832 598 3900 exercitu,
643 3836 843 3892 statim
898 3841 1098 3911 praelio
1147 3861 1280 3902 cum
1341 3848 1576 3908 Ruselio
1625 3871 1978 3929 congressus

315 3924 424 3974 est.
459 3920 583 3977 Non
616 3927 1052 3987 sustinentibus
1079 3940 1274 3990 autem
1311 3938 1588 3997 Romanis
1624 3945 1974 4006 Francorum

311 4007 621 4082 impetum,
656 4018 852 4072 omnis
897 4023 1187 4080 exercitus
1220 4026 1276 4080 in
1312 4029 1506 4100 fugam
1558 4035 1823 4104 vertitur,
1858 4044 1914 4093 et
1944 4057 1978 4095 a

315 4095 552 4154 Ruselio
583 4105 772 4159 Caesar
797 4108 1026 4178 capitur
1057 4112 1275 4184 aliique
1309 4095 1512 4188 multi;
1544 4122 1686 4178 solis
1710 4095 1977 4184 Bot'ania'

312 4191 402 4241 tes
433 4203 565 4244 cum
617 4193 820 4262 paucis
867 4198 1223 4268 quibusdem
1273 4206 1439 4278 fugit.
1474 4213 1551 4265 Ex
1598 4228 1664 4267 eo
1717 4220 1978 4288 tempore

317 4276 470 4331 710
498 4294 750 4351 magnus
802 4283 1079 4342 Ruselius
1107 4295 1165 4344 et
1194 4276 1438 4352 celebris
1480 4301 1665 4357 evasit
1713 4276 1974 4378 prosperi

313 4381 626 4423 successus
673 4372 1098 4446 magnitudine,
1133 4386 1407 4455 rectaque
1457 4372 1798 4459 Byzantium
1833 4411 1974 4450 con—

311 4454 560 4511 tendens
607 4460 894 4516 Caesarem
938 4465 1198 4523 vinctum
1250 4454 1520 4544 habebat,
1571 4479 1775 4536 multis
1824 4483 1972 4539 afﬂi-

307 4545 470 4597 ctum
504 4545 678 4602 malis
708 4554 765 4602 et
794 4549 1072 4610 ﬂuctibus
1101 4558 1508 4619 calamitatum
1553 4570 1804 4626 subinde
1837 4590 1972 4628 suc-

2089 1967 2278 2034 στικήν
2337 1966 2425 2019 καὶ
2493 1963 2601 2036 ἕξιν
2660 1963 3000 2041 διακριτικην
3059 1965 3150 2021 καὶ
3207 1966 3600 2042 ἐγρηγορυῖαν,
3641 1973 3747 2022 πᾶν

2079 2055 2144 2110 τὸ
2213 2054 2684 2129 προσταττόμενον
2770 2057 2917 2129 παρὰ
2992 2059 3090 2109 τοῦ
3165 2056 3486 2134 Νικηφόρου
3575 2055 3750 2111 ἐποίει

2084 2145 2268 2219 ὥσπερ
2300 2142 2661 2219 ἀνδράποδον.
2700 2151 2926 2200 ’Έκτοτε
2955 2142 3048 2199 οὖν
3103 2142 3283 2208 ἁδείας
3335 2138 3638 2218 λαϐόμενοι
3696 2146 3752 2200 oi.

2081 2236 2182 2304 τήν
2239 2235 2409 2306 Ἑῴαν
2467 2233 2893 2310 κατατρέχοντες
2954 2235 3254 2308 Ἀγαρηνοὶ
3326 2233 3424 2290 ούκ
3482 2232 3752 2290 ἐπαύοντο

2083 2326 2200 2379 καθ’
2257 2325 2486 2394 ἑκάστην
2572 2322 2914 2397 κεραίζοντες
2989 2325 3077 2379 καὶ
3137 2323 3339 2394 ταύτην
3409 2322 3754 2396 καταλυμαι-

2082 2413 2326 2487 νόμενοι.
2359 2411 2764 2486 Ἀλλαξαμένου
2825 2409 2882 2468 δέ
2934 2417 3032 2468 τοῦ
3092 2413 3363 2471 Ἰσαακίου
3409 2414 3508 2482 τήν
3569 2413 3757 2489 αἰχμ-

2084 2500 2323 2559 αλωσίαν
2379 2502 2684 2578 χρημάτων
2739 2501 2967 2558 πολλῶν
3038 2503 3129 2557 καὶ
3210 2501 3506 2578 βαλαντίου
3556 2499 3756 2578 άδροῦ,

2085 2603 2238 2658 αὖθις
2320 2601 2621 2676 στρατηγὸς
2708 2601 3065 2676 αὐτοκράτωρ
3129 2601 3157 2656 6
3211 2601 3420 2676 Καῖσαρ
3491 2600 3755 2671 Ἰωάννης

2083 2689 2515 2765 προχειρίζεται,
2575 2689 2636 2750 ὃς
2715 2685 3143 2762 διαπεραιωθοὶς
3223 2689 3312 2742 καὶ
3404 2687 3571 2763 μέχρι
3646 2693 3753 2744 τοῦ

2085 2777 2388 2855 Δορυλαίου
2446 2778 2656 2852 προϊὼν
2719 2778 2849 2851 ἄρας
2911 2776 3111 2832 ἐκεῖθεν
3171 2775 3507 2853 ποῤῥωτὲρω
3564 2777 3745 2834 πεπό-

2085 2888 2288 2942 ρευται,
2348 2866 2437 2921 καὶ
2509 2869 2677 2943 μέχρι
2735 2869 2836 2935 τῆς
2895 2865 3134 2945 γεφύρας
3185 2869 3282 2920 τοῦ
3339 2865 3562 2939 Ζόμπου
3620 2886 3753 2921 κατ-

2085 2952 2266 3012 έλαϐε.
2303 2957 2414 3031 Πρὸ
2447 2953 2504 3010 δὶ
2550 2961 2646 3011 τοῦ
2690 2962 3060 3028 περαιωθῆναι
3117 2955 3208 3009 τὸν
3271 2955 3577 3031 Σαγγάριον
3641 2954 3749 3033 ἀφ-

2087 3051 2307 3100 ικνεῖται
2370 3047 2397 3101 6
2442 3043 2735 3116 Ἱόυσὲλης
2802 3044 2861 3100 ἐκ
2932 3048 3030 3099 τοῦ
3097 3045 3468 3119 Ἀρμενιακοῦ
3530 3041 3752 3118 σπουδῇ

2083 3134 2273 3210 πολλῇ
2336 3136 2422 3190 καὶ
2486 3131 2902 3208 στρατοπεδείαν
2970 3134 3142 3189 ἐκεῖσε
3190 3135 3450 3210 πήγνυσι.
3517 3135 3755 3207 Ιιὲμψας

2089 3222 2134 3280 δ’
2195 3192 2489 3300 ὁμΚαῖσαρ
2542 3192 2616 3288 ως
2672 3224 2808 3288 καθά
2864 3223 3296 3299 προσκρούσαντι
3357 3221 3446 3276 καὶ
3520 3221 3757 3299 ἐξαμαρ-

2085 3317 2257 3382 τόντι,
2316 3315 2360 3369 εί
2437 3316 2864 3390 γνωσιμαχήσοι
2936 3313 3025 3368 καὶ
3084 3313 3175 3368 τὸν
3233 3311 3436 3367 οἰκεῖον
3497 3311 3749 3387 ἐπιγνοίη

2089 3403 2378 3474 δεσπότην,
2440 3403 2773 3476 συμπάθειαν
2835 3403 2924 3457 καὶ
2977 3400 3281 3475 ἀμνηστίαν
3329 3405 3513 3456 κακῶν
3571 3399 3749 3477 ἐπηγ-

2085 3493 2335 3569 γέλλετο.
2363 3494 2752 3570 Φρυαξαμένου
2785 3489 2841 3547 δὲ
2869 3497 2966 3547 τοῦ
3005 3486 3291 3566 Βαρϐάρου
3348 3492 3438 3546 οἷα
3487 3489 3576 3545 ἐπὶ
3627 3495 3749 3555 ταῖς

2089 3581 2252 3647 ἰδίαις
2307 3583 2464 3659 χερσὶ
2520 3581 2610 3636 καὶ
2675 3586 2755 3654 τῷ
2831 3579 3089 3683 πολέμῳ⁵
3136 3579 3466 3683 θαρῥοῦντρς
3521 3578 3613 3634 καὶ
3665 3583 3744 3683 τιξ»

2087 3671 2288 3744 πλήθει
2345 3677 2454 3727 τῶν
2540 3670 2631 3726 σὺν
2711 3672 2861 3744 αὐτῷ
2947 3667 3318 3744 ἐρειδομένου,
3383 3667 3658 3744 ἄπρακτος
3707 3671 3744 3739 ἠ

2086 3759 2346 3836 πρεσϐεία
2404 3759 2624 3837 ἐδείχθη
2680 3758 2769 3815 καί
2825 3763 2977 3830 κενή·
3039 3757 3123 3814 διὸ
3180 3759 3268 3814 καὶ
3339 3756 3574 3832 πολέμῳ
3629 3777 3746 3832 κρι-

2088 3855 2245 3921 θῆναι
2302 3852 2365 3906 τὸ
2423 3857 2523 3905 πᾶν
2584 3846 2750 3920 ἔδοξε.
2813 3843 3010 3911 Διαϐὰς
3072 3846 3161 3903 οὖν
3243 3849 3336 3903 τὸν
3411 3847 3654 3949 ποταμὸν

2088 3947 2295 4015 Καῖσαρ
2381 3941 2467 3995 καὶ
2548 3941 2575 3994 6
2637 3938 3008 4014 συστράτηγος
3087 3937 3252 3992 αὐτοῦ
3339 3935 3651 4012 Νικηφὸρος
3712 3935 3740 3989 6

2087 4039 2448 4110 Βοτανειάτης
2481 4039 2616 4111 μετᾶ
2669 4043 2772 4106 τῆς
2824 4035 3025 4105 λοιπῆς
3076 4034 3325 4106 πληθύος
3385 4034 3580 4090 αὐτίκα
3609 4033 3747 4109 πρὸς

2086 4127 2330 4202 πόλεμον
2392 4132 2473 4200 τῷ
2525 4124 2824 4198 Ῥουσελίῳ
2883 4120 3192 4200 προσέϐαλε
3263 4125 3358 4191 Μὴ
3416 4122 3742 4197 ἐνεγκόντων

2088 4218 2145 4274 δὶ
2191 4223 2298 4272 τῶν
2359 4217 2645 4290 Ῥωμαίων
2691 4216 2789 4285 τὴν
2841 4220 2948 4269 τῶν
2985 4212 3250 4289 Φράγγων
3305 4211 3559 4280 ἐπίθεσιν,
3595 4215 3742 4290 (ρυγὴ

2083 4307 2285 4383 γίνεται
2317 4307 2516 4366 παντὸς
2570 4309 2665 4358 τοῦ
2724 4307 2976 4378 στρατοῦ,
3009 4303 3098 4358 καὶ
3157 4299 3504 4406 ἀλώσιμοςκό
3538 4303 3744 4406 Ιξαῖσαρ

2411 4393 2428 4406 .
2456 4394 2466 4406 .
2652 4393 2697 4406 μ,
3020 4391 3033 4406 .
3118 4388 3206 4406 ..η
3713 4393 3741 4406 .,

2082 4402 2162 4468 τῷ
2220 4393 2517 4466 Ῥουσελίῳ
2572 4393 2887 4456 καθίσταται
2945 4391 3036 4446 καὶ
3112 4388 3276 4446 ἄλλοι
3361 4388 3592 4456 πολλοὶ,
3645 4393 3746 4445 τοῦ

2084 4485 2444 4542 Βοτανειάτου
2479 4483 2647 4556 μόνου
2681 4481 2943 4560 φυγόντος
2989 4481 3080 4535 σὺν
3139 4479 3354 4553 ὀλίγοις
3384 4479 3548 4535 τισίν.
3579 4481 3743 4554 Ἐγε-

2082 4572 2230 4650 γόνει
2284 4575 2459 4627 τοίνυν
2496 4573 2522 4627 6
2551 4570 2861 4633 Ἱιουσέλιος
2893 4569 2952 4624 ἐκ
3003 4569 3202 4624 τούτου
3259 4567 3422 4645 μέγας
3468 4567 3559 4622 καὶ
3619 4565 3741 4623 δια-

306 4633 643 4690 cedentium
676 4639 1058 4710 exagitatum.
1096 4645 1203 4702 Ubi
1236 4657 1430 4708 autem
1467 4654 1574 4711 hoc
1606 4675 1840 4732 quoque
1866 4664 1969 4719 do-

2082 4633 2278 4735 έόητος
2332 4668 2411 4736 τῷ
2472 4663 2682 4736 μεγέθει
2733 4665 2831 4715 τοῦ
2889 4633 3351 4732 κατορθώματος..
3406 4661 3619 4732 Χωρῶν
3683 4655 3742 4713 δὲ

305 4721 618 4779 mesticum
653 4725 1042 4788 infortunium
1089 4735 1428 4808 imperatori
1480 4747 1814 4804 nuntiatum
1852 4753 1963 4808 fuit

302 4813 360 4864 et
393 4810 596 4868 Franci
640 4817 930 4875 adventus
962 4838 1169 4881 omnes
1201 4825 1504 4902 deterruit,
1537 4834 1746 4908 ingens
1794 4840 1960 4896 solli-

301 4899 504 4958 citudo
535 4909 591 4958 et
621 4921 762 4962 cura
793 4909 1024 4967 animos
1053 4915 1320 4972 omnium
1344 4925 1651 4994 occupavit
1683 4932 1737 4983 et
1769 4929 1960 5001 ipsius

300 4986 692 5059 imperatoris.
727 4995 998 5056 Ruselius
1031 5001 1211 5073 igitur
1239 5005 1375 5062 inde
1407 5013 1723 5083 profectus,
1756 5034 1956 5076 secum

303 5076 574 5132 adductis
604 5080 830 5140 Caesare
880 5092 939 5142 et
993 5090 1208 5149 Basilio
1265 5076 1500 5167 Male—se,
1535 5103 1634 5173 qui
1695 5076 1882 5179 nuper
1924 5127 1956 5164 a

301 5164 638 5270 captivitate
667 5185 801 5226 cum
839 5175 1087 5248 Diogene
1116 5180 1402 5242 liberatus
1442 5164 1648 5260 fuerat,
1682 5194 1741 5250 in
1774 5164 1956 5270 (Ehry-

301 5250 487 5321 sopoli
534 5257 980 5319 tabernaculum
1017 5269 1284 5342 collocat,
1317 5281 1375 5330 et
1401 5250 1647 5336 adificia
1677 5250 1805 5356 quae

300 5347 466 5396 erant
495 5343 629 5416 igne
678 5347 956 5409 incendit.
991 5358 1112 5421 Quo
1163 5361 1312 5418 facto
1361 5365 1652 5436 ingentem
1684 5343 1957 5434 excitavit

299 5435 616 5497 clamorem
651 5449 708 5500 et
737 5445 956 5506 luctum
1007 5453 1440 5528 indigenarum.
1476 5465 1798 5538 Imperator
1845 5491 1951 5530 au-

298 5530 419 5581 tem
454 5529 680 5588 mollire
723 5536 968 5596 studens
999 5543 1231 5602 barbari
1280 5529 1611 5623 audaciam,
1644 5558 1955 5629 pollicetur

300 5615 354 5669 ei
384 5619 734 5690 curopalataa
784 5623 1088 5703 honorem,
1117 5639 1175 5690 et
1222 5639 1465 5714 insuper
1494 5645 1565 5700 ad
1600 5615 1738 5702 eum

304 5722 539 5764 uxorem
573 5715 630 5766 et
660 5711 894 5771 liberos.
928 5717 1038 5775 Sed
1071 5723 1220 5781 clam
1253 5711 1455 5788 contra
1497 5733 1695 5806 ipsum
1727 5739 1951 5800 Turcos

2071 4753 2299 4818 κατευθὺ
2357 4756 2455 4808 τοῦ
2501 4749 2794 4819 Βυζαντίου
2846 4748 2940 4804 τὸν
3003 4747 3243 4821 Καίσαρα
3271 4747 3388 4822 εἶχε
3449 4742 3740 4820 σιδηρόδε-

2067 4865 2161 4899 τον
2185 4843 2274 4898 καὶ
2324 4839 2563 4902 πολλοῖς
2611 4841 2858 4914 ἀνιαροῖς
2911 4835 3352 4908 ἐπαντλούμενω
3403 4835 3490 4890 καὶ
3555 4834 3744 4906 λυπη-

2071 4938 2179 5010 ρῶν
2230 4932 2464 5005 κύμασιν
2524 4925 2986 4998 ἀλλεπαλλήλοις
3040 4928 3124 5001 [Ρ.
3166 4927 3293 4998 848]
3357 4921 3733 5001 βαλλόμενον.

2067 5033 2155 5096 Ὧς
2185 5029 2242 5086 δὲ
2272 5027 2667 5105 προσηγγέλθη
2699 5026 2789 5082 καὶ
2847 5030 3027 5129 τοῦτοΙ
3070 5025 3133 5080 τὸ
3160 5023 3434 5129 οἰκειαξὸν
3464 5021 3734 5129 ἀτύχημα

2063 5092 2152 5193 τῷ.
2205 5092 2585 5196 βασιλεῖ-’καὶ
2723 5120 2822 5215 τοῦ
2909 5111 3170 5215 Φράγγου
3243 5109 3546 5215 ἐπιδημία.
3599 5111 3735 5174 τοὺς

2064 5212 2266 5272 πάντας
2323 5208 2598 5280 ἐξέπληξε,
2658 5203 2846 5275 πολλή
2925 5225 3037 5310 τιςΧ
3085 5203 3287 5310 ἀθυμία
3317 5201 3433 5310 ’,καὶ
3487 5201 3729 5310 μέριμγα

2062 5306 2314 5374 κατεῖγεν
2375 5297 2536 5353 αὐτόν
2585 5317 2643 5350 τε
2698 5295 2787 5349 καὶ
2843 5293 2970 5356 τοὺς
3017 5291 3248 5354 λοιποὺς
3308 5293 3567 5352 ἅπαντας.
3603 5291 3723 5359 Τήν

2063 5386 2115 5457 ἐξ
2191 5361 2395 5441 ἐκείνου
2472 5382 2562 5438 οὖν
2626 5379 2939 5456 ὁδοιπορίαν
2999 5377 3259 5450 διηνεκῶς
3319 5379 3347 5434 6
3404 5376 3722 5486 Ῥουρὲλιος

2219 5477 2228 5486 .
2534 5474 2578 5486 -.
2637 5472 2648 5486 .
2800 5474 2824 5484 -
2933 5469 2945 5486 ,
3149 5471 3190 5486 ν
3240 5468 3250 5486 .

2065 5476 2400 5552 ἐπαγόμενος
2464 5474 2578 5546 μεθ’
2637 5472 2828 5526 ἑαυτοῦ
2886 5469 2978 5524 τόν
3035 5490 3095 5524 τε
3148 5468 3394 5542 Καίσαρα
3459 5468 3549 5521 καὶ
3624 5468 3718 5522 τὸν

2063 5564 2326 5635 Μαλέσην
2399 5560 2706 5628 Βασίλειον,
2771 5560 2890 5634 ἄρτι
2972 5565 3075 5628 τῆς
3154 5557 3245 5612 σὺν
3329 5561 3409 5628 τῷ
3470 5556 3712 5630 Διογένει

2068 5653 2466 5731 αἰχμαλωσίας
2536 5647 2899 5717 ἀπολυθέντα,
2958 5651 3294 5749 κατασκηνοῖ
3371 5645 3424 5748 ἐν
3489 5647 3721 5749 ,Χρυσο-

2061 5744 2250 5816 πόλει,
2312 5743 2403 5798 καὶ
2457 5745 2577 5801 ταῖς
2635 5738 2806 5794 ἐκεῖσε
2862 5735 3062 5799 οἰκίαις
3121 5734 3278 5806 ἐνῆκε
3331 5734 3395 5789 τὸ
3447 5737 3577 5812 πῦρ,
3636 5755 3724 5790 και
