4122 6390
289 407 403 467 444

1802 404 2170 470 HISTORIA
2184 446 2203 467 .

3604 408 3732 479 442

299 537 528 608 πολλὴν
587 536 848 613 ἀνήγειρε
902 543 1025 601 τοῖς
1094 536 1336 602 ἐποίκοις
1393 538 1491 609 τήν
1551 537 1687 614 βοὴν
1736 537 1827 595 καὶ
1874 537 1952 593 «ea

2086 539 2356 609 accersit,
2408 538 2613 595 multis
2664 538 3192 613 pollicitationibus
3258 540 3621 610 persuadens
3667 545 3733 599 ut

301 626 569 684 κωκυτόν.
602 625 1004 701 Καταμαλάξαι
1065 626 1123 683 δὶ
1169 626 1415 684 σπεύδων
1468 628 1495 683 ὁ
1550 626 1806 703 βασιλεὺς
1860 628 1960 696 τὴν

298 723 395 773 τοῦ
482 712 774 794 Βαρϐάρω
849 716 1157 792 θρασύτητα
1244 716 1455 791 ἀξίωμά
1510 738 1567 772 τε
1619 717 1962 792 ὑπισχνεῖται

293 805 483 861 δοῦναι
556 806 704 879 αὐτῷ
759 806 1203 883 κουροπαλᾶτου,
1260 806 1703 881 προσεπιπίμπει
1763 803 1821 860 δὶ
1872 806 1959 861 καὶ

285 898 389 965 τὴν
442 902 677 970 γυναῖκα
729 897 817 952 καὶ
893 898 962 951 τά
1034 895 1211 954 τέκνα.
1276 895 1701 969 Μεταπέμπεται
1762 892 1819 949 δὶ
1873 894 1963 950 καὶ

298 985 583 1060 Τούρκους
614 986 734 1040 κατ’
782 984 947 1041 αὐτοῦ
1004 983 1303 1060 λαθραίως,
1334 984 1577 1047 πολλαῖς
1638 985 1963 1059 ὑποσχίσεσι

304 1075 499 1138 πείθων
552 1076 649 1130 τὸν
731 1072 1043 1130 Ῥουσὲλιον
1122 1074 1614 1150 καταγωνίσασθαι.
1674 1075 1845 1149 Ὁρῶν
1907 1069 1965 1127 δὶ

307 1163 467 1227 οὗτος
494 1164 683 1220 ἑαυτὸν
750 1165 951 1234 ἀσθενῆ
1006 1164 1140 1241 πρὸς
1186 1163 1454 1235 τοσαύτην
1485 1161 1721 1235 πληθὺν,
1754 1161 1963 1218 ἀπολύω

304 1276 402 1317 σας
460 1259 566 1308 τὼν
628 1250 844 1326 δεσμῶν
905 1252 996 1307 τὸν
1056 1252 1297 1327 Καίσαρα
1337 1252 1651 1327 ἀναγορεύει
1712 1249 1960 1326 βασιλέα,

299 1350 597 1429 εὐφημίαις
683 1350 1126 1425 μεγαλοπρεπεσι
1187 1349 1275 1405 καί
1322 1348 1598 1423 διατόροις
1652 1352 1715 1405 τὸ
1767 1355 1963 1426 κράτος

290 1440 440 1513 αὖτῷ
524 1438 1127 1517 συγκαταστησάμενος.
1188 1442 1377 1511 Μήπω
1446 1437 1501 1495 δὲ
1585 1446 1686 1509 τῆς
1767 1442 1959 1517 φήμης

288 1528 654 1600 άπλωθείσης
709 1527 851 1602 μηδέ
934 1528 1329 1596 πλατυνθείσης
1386 1533 1484 1595 τῆς
1540 1532 1636 1583 τοῦ
1695 1528 1960 1603 Καίσαρος

285 1618 669 1696 ἀναρρήσεως,
702 1620 793 1673 καὶ
851 1616 941 1673 διὰ
996 1622 1157 1674 τοῦτο
1221 1621 1359 1692 μήτε
1415 1622 1761 1693 στρατιωτῶν
1794 1639 1961 1693 προσ-

283 1712 676 1785 χωρησάντων
708 1751 721 1776 ,
782 1707 1034 1787 ὶξαίφνης
1090 1709 1214 1785 περὶ
1270 1709 1333 1763 τὸ
1404 1704 1532 1785 ὅρος
1573 1708 1667 1763 τὸν
1727 1708 1961 1786 Σόφωνα

286 1797 511 1868 πληθὺς
597 1799 875 1868 Τουρκική
948 1797 1365 1876 παραφαίνεται,
1420 1798 1578 1853 πέντε
1643 1796 1677 1866 ἢ
1759 1797 1848 1852 καὶ
1904 1796 1957 1870 ’ἐξ

2073 629 2377 685 Ruselium
2411 629 2725 686 debellent.
2756 630 2972 685 Videns
3003 634 3197 685 autem
3232 630 3343 685 iste
3373 646 3435 686 se
3465 630 3732 688 imbecil-

2074 719 2190 775 lem
2244 721 2530 775 adversus
2583 718 2881 790 ejusmodi
2934 718 3399 774 multitudinem.
3447 719 3734 777 Caesarem

2074 825 2104 865 θ
2136 809 2387 865 vinculis
2418 809 2733 864 liberatum
2771 809 3183 881 imperatorem
3217 808 3496 879 declarat,
3540 810 3731 866 laudi-

2075 900 2186 955 bus
2218 899 2549 972 magniﬁcis
2581 904 2637 954 et
2667 898 2838 954 claris
2870 899 3193 965 celebrans,
3216 899 3386 970 eique
3413 899 3727 971 imperium

2074 989 2305 1043 tribuit.
2366 989 2635 1043 Nondum
2699 992 2893 1043 autem
2956 987 3257 1058 divulgata
3321 988 3477 1043 fama
3540 1005 3730 1061 neque

2074 1078 2322 1134 dilatata
2350 1077 2595 1135 Cesaris
2626 1077 3118 1142 declaratione,et
3149 1077 3367 1133 idcirco
3399 1094 3590 1149 neque
3622 1079 3730 1133 mi-

2074 1166 2209 1221 lites
2240 1171 2682 1236 concurrerant,
2711 1165 2910 1222 statim
2964 1168 3033 1221 ad
3086 1174 3343 1222 monlem
3396 1167 3731 1240 Sophonem

2076 1273 2288 1311 manus
2320 1256 2566 1311 Turcica
2613 1260 2876 1327 apparet,
2930 1272 3057 1326 quae
3106 1257 3423 1311 videbatur
3469 1257 3732 1329 quinque

2074 1354 2173 1402 aut
2223 1363 2323 1401 sex
2370 1346 2643 1403 millium.
2694 1349 2883 1416 Atque
2916 1364 2947 1402 e
2978 1347 3226 1419 vestigio
3257 1347 3531 1404 Ruselius
3560 1364 3620 1403 se
3652 1350 3725 1405 ad

2072 1439 2336 1512 praelium
2369 1440 2749 1511 comparavit.
2781 1438 2996 1495 Verum
3029 1438 3191 1496 illius
3220 1438 3508 1511 impetum
3557 1458 3724 1499 coer-

2072 1530 2287 1585 cebant
2335 1533 2391 1585 et
2434 1530 2628 1585 Caesar
2674 1534 2734 1584 et
2780 1528 3022 1599 quidam
3076 1544 3144 1584 ex
3193 1530 3730 1605 prmstantioribus,

2073 1631 2218 1684 711
2258 1632 2323 1683 ut
2351 1628 2516 1701 prius
2547 1628 2960 1699 dignoscerent
2990 1634 3212 1701 quanta
3260 1633 3417 1687 esset
3464 1630 3724 1687 hostium

2068 1718 2177 1772 vis.
2211 1719 2337 1773 'Sed
2386 1716 2485 1773 ille
2542 1718 2699 1773 haud
2758 1718 3080 1789 sustinens,
3130 1719 3273 1790 quin
3336 1719 3533 1790 potius
3599 1720 3725 1776 loco

2070 1822 2317 1862 summas
2356 1807 2696 1878 ignominiae
2747 1809 2991 1877 ducens,
3043 1808 3093 1863 si
3145 1808 3430 1865 adversus
3477 1825 3577 1865 sex
3623 1814 3729 1866 aut

284 1885 543 1963 χιλιάσιν
579 1888 927 1960 εἰκαζομένη.
960 1886 1057 1943 Καὶ
1114 1886 1304 1943 αὐτίκα
1354 1888 1382 1943 ὁ
1438 1884 1753 1951 Ῥουσὲλιος
1807 1885 1952 1961 £5159-

2068 1898 2268 1953 decem
2302 1896 2488 1953 millia
2518 1913 2777 1970 pugnam
2809 1897 3087 1954 Ruselius
3118 1902 3514 1967 cunctaretur,
3536 1898 3724 1955 multo

286 1999 379 2033 τυε
436 1978 507 2032 τά
571 1977 712 2048 πρὸς
769 1974 1041 2050 πόλεμον.
1095 1975 1451 2033 Ἀνίστελλον
1500 1974 1556 2031 δὶ
1612 1978 1710 2044 τὴν
1775 1976 1953 2051 ὁρμὴν

294 2067 460 2122 αξιτοῦ
500 2067 531 2121 ὅ
579 2088 640 2121 τε
699 2069 909 2141 Καῖσαρ
975 2066 1067 2121 καί
1122 2087 1263 2129 τινες
1320 2071 1427 2121 τῶν
1476 2064 1846 2142 ἐξοχωτέρων,
1880 2066 1957 2128 ὡς

300 2153 361 2210 is
394 2153 661 2229 διαγνοῖεν
689 2157 954 2231 πρότερον
980 2157 1079 2225 τὴν
1112 2153 1330 2225 πληθὺν
1363 2155 1537 2226 ὁπόση
1570 2176 1651 2218 τις
1713 2152 1795 2225 εἴη
1851 2158 1957 2208 τῶν

301 2246 597 2321 φανὲντων.
647 2247 740 2315 Μή
801 2243 1052 2320 ἐνεγκὼν,
1113 2242 1242 2299 ἀλλ’
1295 2241 1510 2315 ἀδοξίαν
1560 2243 1723 2320 ἄκραν
1777 2242 1954 2318 ἡγού-

300 2354 471 2404 μενος
502 2334 550 2388 εἲ
603 2335 729 2410 πρὸς
783 2330 837 2407 ἓξ
897 2334 931 2403 ἢ
993 2331 1120 2390 δέκα
1174 2331 1434 2410 χιλιάδας
1478 2334 1896 2412 ἀμφιγνωμονεῖ
1927 2333 1955 2387 ὁ

296 2422 628 2496 Ῥουσέλιος,
686 2422 779 2477 σὺν
838 2421 1031 2497 πολλῇ
1090 2422 1237 2499 ῥύμῃ
1295 2429 1413 2487 τοῖς
1454 2423 1716 2478 ἐναντίοιδ
1749 2421 1955 2491 ἐπῆλθε

290 2522 432 2594 μετὰ
487 2526 596 2576 τῶν
686 2522 978 2597 Φράγγων.
1035 2524 1263 2577 Ἐπεσον
1350 2520 1443 2576 οὖν
1522 2526 1631 2577 τῶν
1691 2519 1950 2595 Τούρκων

286 2608 520 2680 πολλοὶ,
587 2609 824 2683 μηδενὸς
878 2615 983 2666 τῶν
1051 2610 1316 2687 Φράγγων
1347 2611 1499 2665 κενὸν
1532 2610 1593 2665 τὸ
1625 2607 1754 2685 δόρυ
1791 2608 1955 2685 ἄσχη-

291 2700 477 2771 κότος,
505 2702 559 2755 οἱ
593 2697 651 2755 δὲ
683 2699 869 2756 λοιποὶ
899 2701 1038 2777 πρὸς
1084 2702 1261 2778 φυγήν
1315 2698 1600 2773 ὥρμησαν.
1646 2703 1759 2765 Τῆς
1819 2696 1953 2753 διώ-

283 2791 421 2861 ξεως
481 2787 542 2844 δὲ
599 2790 688 2844 ἐπὶ
742 2788 888 2845 πολὺ
942 2788 1244 2865 γενομίνης
1329 2789 1474 2865 παρὰ
1528 2789 1591 2844 τὸ
1650 2786 1951 2861 εἰθισμένον

282 2880 481 2949 αὐτοῦ,
513 2880 608 2935 καὶ
665 2884 833 2935 ταῦτα
877 2876 947 2933 δι’
979 2878 1147 2954 ὀρέων
1202 2874 1415 2933 ἀϐάτων
1474 2877 1564 2934 καὶ
1620 2875 1953 2948 δυσδιεξιτή-

286 2992 420 3041 των,
475 2965 643 3023 ἔλαθε
687 2968 815 3031 τοὺς
870 2968 1098 3031 πλείους
1146 2972 1254 3023 τῶν
1314 2967 1406 3023 σὺν
1463 2967 1610 3039 αύτῷ
1667 2967 1955 3023 ἀπολιπὼν

284 3060 492 3127 ἀπίσω,
557 3058 722 3119 αὐτὸς
779 3057 836 3113 δὶ
888 3058 1022 3131 μετὰ
1082 3058 1335 3133 βραχέων
1387 3062 1547 3112 τινῶν
1604 3056 1955 3134 ὑπολειφθεὶς

283 3148 375 3203 καὶ
438 3151 540 3202 τοῦ
600 3147 867 3223 Καίσαρος
927 3147 979 3202 ἒν
1033 3144 1228 3208 ’ίπποις
1285 3146 1697 3218 κεκμηκόσιτῷ
1738 3150 1955 3221 συνεχεῖ

283 3244 385 3305 τῆς
447 3235 693 3307 διώξεως
768 3236 857 3291 καὶ
934 3234 1320 3310 ἐπιτεταμίνῳ.
1380 3236 1540 3294 Οὕτω
1627 3232 1683 3290 δὶ
1767 3230 1950 3311 ἔχοντι

289 3328 528 3405 ανεφάνη
560 3324 779 3396 πλῆθος
837 3322 1020 3403 ἕτερον
1051 3325 1307 3399 Τούρκων
1369 3326 1615 3399 ἄπειρον,
1648 3324 1723 3387 εἷς
1764 3324 1948 3380 ἑκατὸν

287 3413 553 3492 χιλιάδας
620 3419 921 3479 ποσοῦσθαι
995 3416 1425 3491 στοχαζόμενον.
1486 3413 1952 3489 Περιστοιχισθεὶς

286 3504 382 3561 οὖν
442 3506 713 3568 πάντοθεν
770 3504 859 3559 καὶ
919 3505 1063 3559 ἄκων
1128 3503 1314 3568 αὐτοῖς
1368 3505 1773 3580 προσρήγνυται
1837 3504 1951 3575 μετ’

289 3591 499 3669 ὀλίγων
531 3594 672 3649 τάνυ
701 3597 811 3648 τῶν
866 3594 989 3668 περί
1048 3590 1229 3649 αὐτόν.
1263 3593 1556 3668 ’Δντὲσχον
1617 3592 1710 3665 μὶν
1772 3590 1862 3646 οὖν
1900 3591 1950 3647 οἰ

291 3687 547 3753 Τοῦρκοι,
604 3677 794 3738 ἔπεσον
883 3683 1068 3755 μίντοι
1137 3680 1227 3737 καὶ
1284 3681 1409 3737 τότε
1472 3680 1698 3738 πολλοί.
1756 3682 1950 3753 ’Ὀμως

295 3770 665 3835 κυκλωθέντες
724 3770 830 3826 ὑπὸ
858 3770 1123 3826 τοσούτου
1179 3769 1427 3841 πλήθους
1487 3764 1782 3840 ἑκηϐόλοις
1833 3774 1949 3831 τοῖς

294 3859 537 3934 βέλεσιν,
582 3855 959 3923 ἀποϐαλόντες
1014 3862 1143 3922 τοὺς
1195 3858 1399 3921 ’ίππους
1452 3860 1544 3914 καὶ
1601 3858 1755 3929 πεζοὶ
1816 3859 1951 3914 ὑπο-

291 3948 605 4025 λειφθὶντες
688 3950 991 4023 σύμπαντες
1068 3948 1241 4011 οὕτως
1321 3945 1605 4004 ἐνέδωκαν.
1686 3947 1949 4011 Πίπτουσι

297 4035 347 4091 δ’
407 4037 565 4107 ὅμως
619 4036 839 4109 πολλοὶ,
881 4039 973 4093 καὶ
1028 4039 1263 4112 Τοῦρκοι
1322 4036 1380 4092 δὲ
1436 4034 1653 4099 δεκάκις
1675 4040 1947 4094 τοσοῦτοι.

292 4132 753 4192 Ἀλίσκεταιδὶδ
782 4156 841 4191 τε
888 4141 1087 4210 Καῖσαρ
1147 4135 1238 4191 καί
1293 4138 1321 4191 ὁ
1381 4134 1691 4197 Ῥουσὲλιος
1746 4134 1833 4190 καὶ
1899 4136 1950 4189 οἱ

287 4224 383 4278 σὺν
448 4224 621 4293 αὐτῷ.
673 4227 754 4299 [Ρ.
816 4228 942 4299 849]
1002 4226 1065 4279 Οἱ
1124 4222 1181 4279 δὶ
1236 4230 1344 4279 τῶν
1404 4226 1668 4299 Φράγγων
1728 4222 1949 4279 ὑπολει-

286 4315 509 4375 adhuc
555 4313 632 4376 εἷς
687 4314 750 4368 τὸ
795 4320 897 4383 τῆς
947 4309 1275 4383 Μεταϐολῆς
1322 4313 1580 4390 φρούριον
1636 4313 1950 4391 συμφυγόν-

282 4423 374 4463 τες
410 4403 547 4475 μετᾶ
598 4410 699 4473 τῆς
747 4408 845 4459 τοῦ
876 4401 1189 4460 Ῥουσελίου
1219 4403 1474 4478 γυναικὸς
1532 4399 1602 4457 δι’
1630 4401 1949 4475 ἐπιμελείας

290 4491 576 4547 ἐποιοῦντο
632 4494 733 4561 τήν
789 4493 986 4549 τούτου
1039 4491 1288 4569 φυλακὴν
1353 4491 1444 4547 καὶ
1505 4493 1852 4567 συντήρησιν.
1886 4493 1949 4546 Οἱ

288 4580 348 4635 δὲ
394 4586 631 4657 Τοῦρκοι
682 4583 774 4637 τὸν
829 4581 1259 4655 μὶνῬουσὲλιον
1309 4579 1592 4655 ποδοκάκῃ
1653 4579 1947 4659 ἀσφαλισά-

2066 1987 2287 2058 impetu
2338 1988 2395 2042 in
2445 1988 2641 2045 hostes
2691 2003 2825 2043 cum
2876 1988 3113 2043 Francis
3166 1986 3401 2043 invasit.
3454 1988 3723 2046 Cecidere

2064 2077 2241 2145 igitur
2296 2093 2366 2131 ex
2415 2076 2623 2132 Turcis
2681 2076 2900 2148 plures,
2953 2093 3087 2133 cum
3140 2077 3497 2133 Francorum
3548 2094 3721 2133 nemo

2065 2164 2236 2221 hasta
2265 2165 2424 2220 inani
2458 2182 2603 2221 usus
2633 2170 2807 2220 esset.
2842 2164 3072 2235 Reliqui
3115 2164 3173 2219 in
3223 2165 3423 2236 fugam
3474 2164 3725 2236 conjecti

2064 2260 2224 2311 sunt.
2270 2258 2414 2311 Cum
2464 2272 2597 2309 vero
2648 2253 2873 2309 diutius
2925 2258 3393 2325 persequeretur,
3427 2258 3634 2326 praeter
3663 2253 3721 2311 id

2064 2346 2219 2417 quod
2252 2348 2654 2411 consueverat,
2686 2342 3008 2414 prtesertim
3044 2359 3148 2414 per
3178 2342 3513 2398 inaccessos
3544 2347 3723 2414 atque

2064 2442 2254 2498 invios
2281 2447 2534 2506 montes,
2564 2457 2679 2496 non
2712 2440 3129 2495 animadvertit
3180 2456 3213 2493 a
3260 2444 3424 2511 tergo
3475 2456 3537 2496 se
3586 2457 3718 2496 suo-

2066 2550 2195 2588 rum
2220 2532 2418 2604 plures
2442 2530 2772 2602 reliquisse.
2810 2529 2943 2601 lpse
2964 2532 3158 2584 autem
3183 2545 3317 2585 cum
3354 2529 3557 2601 paucis
3588 2530 3716 2601 qui-

2065 2622 2319 2678 busdam
2342 2621 2603 2687 relictus,
2634 2624 2694 2676 et
2713 2624 2934 2675 Caesare
2956 2619 3110 2674 inter
3139 2619 3368 2690 equites
3399 2619 3715 2692 defatigato

2064 2712 2343 2767 continua
2373 2716 2430 2766 et
2460 2711 2637 2781 longa
2665 2710 2926 2765 hostium
2961 2707 3367 2776 insectatione,
3402 2708 3609 2764 incidit
3654 2709 3714 2765 in

2062 2817 2191 2856 eam
2242 2799 2635 2856 calamitatem
2690 2815 2867 2870 quam
2931 2815 3064 2854 mox
3121 2798 3401 2855 dicemus.
3458 2803 3606 2856 Nam
3654 2799 3714 2857 in

2060 2890 2260 2962 ipsum
2311 2890 2393 2945 ita
2438 2889 2804 2945 laborantem
2857 2889 3041 2945 altera
3096 2890 3423 2944 Turcorum
3483 2889 3715 2946 infinita

2064 2996 2302 3045 manus,
2351 2980 2468 3035 fere
2516 2983 2753 3035 centum
2804 2978 2983 3043 mille,
3038 2982 3324 3049 quantum
3377 2979 3714 3049 conjectura

2062 3069 2299 3139 assequi
2334 3072 2623 3138 poterant,
2663 3069 2899 3124 invasit.
2930 3069 3203 3139 Undique
3234 3068 3411 3140 igitur
3463 3068 3713 3125 circum-

2060 3164 2272 3215 ventus
2302 3159 2387 3215 vel
2422 3160 2639 3214 invitus
2670 3175 2800 3214 cum
2837 3158 3109 3213 hostibus
3144 3158 3543 3229 congreditur,
3575 3174 3708 3214 cum

1982 3284 2026 3352 α
2063 3249 2265 3320 paucis
2322 3249 2643 3305 admodum
2700 3265 2849 3320 quos
2905 3248 3128 3303 circum
3198 3248 3471 3304 habebat.
3532 3248 3716 3319 Igitur

2064 3339 2331 3394 restitere
2361 3339 2560 3406 Turci,
2593 3344 2651 3394 et
2704 3343 2899 3394 tamen
2953 3336 3123 3394 multi
3173 3342 3317 3394 tunc
3366 3353 3602 3410 quoque
3648 3354 3717 3393 ex

2063 3426 2208 3497 ipsis
2222 3427 2503 3483 cecidere.
2536 3431 2751 3483 Verum
2766 3427 3061 3482 enimvero
3086 3425 3471 3483 circumventi
3498 3442 3529 3481 a
3550 3430 3717 3482 tanta

2063 3515 2444 3572 multitudine
2473 3515 2627 3581 telis,
2658 3532 2785 3588 quis
2819 3515 2992 3588 longe
3032 3515 3429 3585 jaciehantur,
3479 3514 3719 3571 amissis

2062 3606 2250 3677 equis,
2273 3607 2499 3679 pedites
2528 3624 2733 3663 omnes
2763 3606 2949 3663 relicti
2979 3606 3060 3661 ita
3086 3610 3411 3661 cesserunt.
3438 3607 3717 3661 Attamen

2063 3695 2238 3751 multi
2266 3696 2509 3761 cadunt,
2538 3700 2596 3753 et
2623 3695 2795 3751 Turci
2827 3695 3075 3767 decuplo
3126 3694 3346 3767 plures.
3398 3694 3722 3766 Capiuntur

2063 3797 2254 3850 Ctesar
2281 3798 2340 3850 et
2368 3795 2643 3850 Ruselius
2668 3798 2724 3850 et
2755 3794 2855 3866 qui
2888 3810 3021 3849 cum
3055 3794 3184 3865 ipso
3206 3797 3389 3848 erant.
3427 3793 3505 3848 Ex
3534 3793 3721 3848 Fran-

2063 3883 2147 3940 cis
2179 3888 2375 3940 autem
2406 3884 2507 3956 qui
2540 3882 2725 3938 relicti
2760 3883 2989 3939 fuerant
3020 3884 3158 3954 fuga
3186 3882 3256 3938 ad
3282 3881 3600 3937 Metaboles
3621 3898 3720 3953 op-

2062 3973 2262 4046 pidum
2296 3990 2358 4030 se
2392 3990 2680 4045 recepere,
2714 3990 2833 4028 una
2861 3989 2990 4029 cum
3035 3971 3253 4028 Ruselii
3304 3988 3502 4038 uxore,
3555 3974 3712 4043 quod

2062 4080 2298 4118 summo
2345 4063 2542 4118 studio
2596 4063 2929 4118 servabant.
2981 4061 3158 4117 Turoi
3213 4077 3348 4116 vero
3407 4059 3714 4117 Ruselium

2061 4153 2444 4222 compedibus
2486 4151 2746 4207 vinctum
2792 4152 2942 4207 712
2983 4155 3373 4221 asservantes,
3426 4150 3712 4206 Caesarem

2062 4245 2254 4297 autem
2290 4240 2550 4296 solutum
2583 4240 2639 4294 in
2666 4240 2888 4297 honore
2909 4240 3499 4310 habebant.Cumque
3528 4239 3717 4311 exige-

2061 4333 2227 4386 retur
2256 4329 2620 4402 captivorum
2650 4330 3209 4402 pretium,studebat
3234 4327 3555 4400 imperator
3582 4345 3715 4385 eum

2060 4418 2350 4475 redimere
2374 4436 2543 4476 :nam
2580 4419 2752 4491 paulo
2787 4424 2921 4475 ante
2950 4418 3191 4474 Maleses
3223 4434 3458 4490 quoque
3489 4417 3720 4474 absolu-

2060 4511 2157 4562 tus
2188 4525 2221 4562 a
2249 4510 2470 4563 Caesare
2497 4508 2697 4563 statim
2733 4508 2793 4563 in
2825 4508 3095 4564 exsilium
3132 4509 3353 4563 missus
3378 4511 3469 4562 est
3518 4506 3717 4576 publi-

2061 4595 2205 4651 catis
2252 4596 2445 4659 bonis.
2495 4596 2716 4651 Ruselii
2768 4597 3161 4669 captivitatem
3217 4613 3348 4651 cum
3384 4595 3717 4666 captivitate

293 4691 469 4743 μενοι,
501 4669 597 4725 τὰν
627 4672 867 4744 Καίσαρα
888 4669 1072 4727 ἄνετον
1100 4672 1249 4747 εἶχον
1291 4670 1381 4726 καὶ
1427 4669 1478 4724 ἰν
1527 4674 1596 4745 τῇ
1647 4667 1759 4742 ἲδίᾳ
1813 4672 1944 4745 ἦγον

2063 4685 2334 4756 Diogenis
2362 4690 2420 4740 et
2450 4659 2907 4757 publicationem
2931 4691 2989 4742 et
3008 4685 3281 4741 exsilium
3314 4659 3714 4739 commutans.

285 4764 447 4834 τιμῇ.
480 4764 589 4815 Τοῦ
628 4758 687 4815 δὶ
738 4763 1055 4834 τιμήματος
1110 4765 1218 4815 τῶν
1274 4759 1596 4816 ἑαλωκότων
1657 4759 1945 4829 ὲπιζητου-

290 4850 461 4921 μένου
514 4848 737 4904 ἔσπευδε
799 4851 893 4923 μὲν
965 4849 1277 4919 ὠνήσασθαι
1332 4854 1524 4904 τοῦτον
1576 4850 1604 4904 ὁ
1667 4846 1945 4923 βασιλεύς·

286 4942 652 5003 ὲπικατὲλαὸε
702 4948 802 5025 γὰρ
885 4947 975 5003 καὶ
1038 4948 1067 5003 ὁ
1125 4946 1388 5019 Μαλὲσης
1463 4944 1582 5024 ἄρτι
1653 4946 1948 5011 ἀπολυθεὶς

287 5038 437 5113 παρά
514 5042 613 5091 τοῦ
693 5037 997 5114 Καίσαρος,
1064 5037 1153 5092 καὶ
1229 5037 1424 5093 αὐτίκα
1500 5038 1576 5101 εἷς
1658 5036 1947 5112 ὑπερορίαν

284 5124 581 5183 πάλλεται
634 5124 892 5200 δημεύσει
923 5147 983 5181 τε
1026 5121 1533 5195 καθυποόάλλεται,
1560 5125 1943 5202 αῗχμαλωσίαν

281 5215 679 5292 αἰχμαλωσίας
709 5224 809 5287 τῆς
868 5216 964 5270 σὺν
1019 5220 1099 5288 τῷ
1152 5217 1391 5291 Διογὲνει
1446 5218 1545 5285 τὴν
1600 5221 1945 5272 τοῦῬουσε-

284 5306 413 5361 λίου
438 5306 531 5361 καὶ
564 5304 825 5379 δήμευσιν
874 5306 965 5361 καὶ
1022 5305 1228 5381 ἐξορίαν
1272 5305 1483 5361 τούτων
1532 5304 1943 5378 ἀνταλλαεάμε-

279 5417 397 5461 νος,
453 5393 584 5450 ἀλλ’
629 5398 663 5465 ἡ
728 5400 826 5451 τοῦ
878 5393 1191 5453 Ῥουσελίου
1241 5396 1375 5471 γυνή
1414 5441 1429 5465 ,
1486 5392 1696 5471 σπουδῇ
1755 5395 1941 5471 πολλῇ

282 5490 479 5541 τοῦτον
537 5484 908 5561 ἐλυτρώσατο.
963 5487 1121 5543 Ὅθεν
1177 5486 1228 5540 οἱ
1286 5485 1433 5560 παρά
1505 5490 1601 5541 τοῦ
1677 5484 1945 5560 βασιλέως

287 5575 570 5639 σταλέντες
628 5578 722 5631 τὸν
805 5574 1043 5651 Καίσαρα
1130 5576 1293 5648 μόνον
1356 5574 1764 5651 λυτρωσάμενοι
1824 5576 1945 5641 ἀνθ-

287 5667 647 5741 υπέσ-ερεψιν.
686 5666 775 5723 Ἐν
810 5661 869 5720 δὶ
898 5667 967 5738 τῇ
1024 5663 1352 5739 Προποντίδι
1410 5664 1722 5738 γενόμενος,
1778 5662 1941 5719 εὗλα-

286 5750 473 5827 εηθεις
532 5759 610 5832 μή
674 5776 809 5813 ποτε
852 5754 927 5817 ὡς
980 5753 1286 5828 ἀποστάτης
1338 5757 1428 5811 καὶ
1486 5754 1727 5817 ὕποπτος
1783 5781 1941 5837 νομι-

2058 4777 2276 4829 Verum
2309 4774 2526 4830 Ruselii
2561 4792 2707 4830 uxor
2733 4775 2930 4846 ipsum
2966 4774 3509 4839 redemerat.Quare
3540 4771 3712 4827 missi

2058 4863 2130 4917 ab
2189 4863 2541 4934 imperatore
2597 4865 2818 4918 Czesare
2866 4863 3059 4918 solum
3109 4861 3415 4932 redempto
3463 4860 3708 4915 rediere.

2055 4964 2197 5015 Cum
2242 4977 2375 5017 vero
2424 4963 2495 5017 ad
2531 4962 2941 5033 Pr0pontidem
2975 4959 3354 5033 pervenisset,
3385 4958 3609 5015 veritus
3639 4974 3714 5014 ne

2058 5050 2205 5105 forte
2235 5055 2301 5105 ut
2331 5050 2567 5107 rebellis
2597 5057 2654 5107 et
2685 5054 2998 5123 suspectus
3030 5048 3253 5121 aliquid
3286 5047 3427 5104 mali
3452 5052 3510 5104 et
3547 5049 3713 5119 ejus-

2056 5138 2284 5195 cemodi
2333 5139 2428 5195 cui
2473 5139 2801 5196 remedium
2853 5138 3114 5195 adhiberi
3150 5154 3267 5194 non
3300 5142 3499 5210 posset
3528 5138 3709 5193 susti-

2056 5234 2242 5297 neret,
2271 5228 2542 5300 deposita
2571 5233 2729 5284 veste
2764 5228 2984 5284 usitata
3014 5226 3364 5300 capillisque
3420 5227 3709 5283 detonsis.

2056 5318 2480 5374 monachorum
2505 5318 2775 5375 habitum
2803 5316 3017 5387 induit,
3050 5321 3106 5374 et
3126 5317 3206 5372 ita
3230 5316 3331 5372 vili
3362 5317 3712 5374 indumento

2056 5407 2125 5463 ad
2190 5408 2412 5480 regiam
2472 5424 2532 5464 se
2589 5408 2843 5476 recepit;
2892 5407 3181 5478 exquibus
3229 5406 3508 5462 omnibus
3553 5423 3710 5462 sane

2055 5498 2272 5552 mentis
2297 5498 2563 5554 homines
2595 5496 2852 5552 divinam
2884 5495 3032 5552 iram
3083 5495 3603 5560 ratiocinabantur,
3653 5501 3712 5553 et

2054 5588 2557 5658 quemadmodum
2582 5588 2737 5643 Deus
2758 5586 2903 5659 ipsis
2927 5586 3204 5644 inimicus
3244 5587 3488 5643 effectus
3518 5587 3708 5643 fuerat

2055 5685 2288 5750 propter
2352 5678 2679 5733 divinorum
2716 5676 3126 5733 mandatorum
3186 5692 3253 5732 ac
3286 5680 3706 5748 praeceptorum

2054 5766 2430 5825 violationem
2464 5772 2521 5825 et
2549 5771 2975 5841 contemptum,
3027 5782 3276 5839 quorum
3327 5765 3441 5824 sibi
3486 5763 3706 5823 conscii
