4122 6388
425 400 546 461 443

1761 397 2090 465 JOANNIS
2137 395 2539 459 SCYLI'I‘Z/E

3737 400 3863 462 4“

425 533 498 588 ad
547 532 807 607 ingentia
856 535 1009 592 bella
1059 541 1115 592 et
1164 535 1428 609 pericula
1476 553 1592 593 non
1643 537 1808 610 prius
1857 533 2086 607 placato

2205 529 2349 592 σθεὶς
2401 529 2546 604 πάθῃ
2600 552 2653 585 τι
2710 529 2916 609 φαῦλον
2973 527 3063 586 καί
3121 530 3438 603 ἀνήκεστον,
3467 531 3567 601 τὴν
3590 533 3866 604 κοσμικὴν

429 622 629 678 divino
662 623 901 681 nomine
932 625 1229 681 Romanas
1259 627 1458 698 copias
1489 628 1813 695 adducunt,
1855 629 1911 679 et
1955 638 2089 677 cum

429 712 583 768 male
615 713 954 769 afﬁciantur
981 732 1332 788 semperque
1364 718 1697 787 vincantur,
1732 732 1846 770 non
1887 720 2087 768 tamen

425 793 614 858 ullum
672 803 883 860 divinas
945 804 1373 878 indignationis
1428 806 1762 878 percipiunt
1817 817 2085 859 sensum.

424 890 666 962 Antiqui
698 909 830 948 vero
861 893 1113 948 Romani
1146 911 1258 949 non
1310 895 1389 949 ita
1440 895 1719 950 facientes
1765 893 2089 948 immensas

431 977 567 1033 illas
619 985 676 1033 et
707 996 1018 1052 prosperas
1058 999 1292 1054 pugnas
1319 984 1698 1049 edebant,sed
1731 981 2006 1035 virtutem
2037 981 2094 1032 et

417 1067 720 1137 justitiam
750 1075 805 1124 et
835 1069 1184 1125 charitatem
1219 1075 1275 1125 et
1306 1072 1613 1126 veritatem
1648 1070 2010 1142 profitentes,
2035 1069 2092 1120 et

427 1156 670 1213 omnino
701 1158 900 1214 omnia
956 1159 1208 1215 hunesta
1240 1165 1297 1215 et
1329 1161 1481 1216 bona
1513 1177 1615 1232 pro
1666 1158 1886 1214 viribus
1937 1161 2089 1210 trac-

422 1249 640 1315 tantes;
675 1265 856 1319 quare
888 1250 1064 1304 etiam
1099 1249 1362 1304 divinum
1397 1267 1616 1306 numen
1653 1249 1772 1304 illis
1801 1247 2091 1314 aderat,et

428 1337 705 1395 omnibus
737 1341 928 1396 modis
958 1341 1160 1396 hostes
1191 1341 1585 1397 debellabant.

2202 613 2622 691 ἀποϐαλόμενος
2699 619 2895 685 ἐσθῆτα
2971 621 3071 689 τὴν
3146 624 3317 695 τρίχα
3367 620 3600 694 κείρεται
3659 620 3747 675 xui
3793 619 3868 676 τὰ

2203 712 2462 782 μοναχῶν
2552 708 2928 784 ἀμφιέννυται,
2989 709 3078 765 xui
3167 710 3340 772 οὕτως
3398 710 3449 763 έν
3514 709 3722 765 εὐτελεῖ
3778 713 3866 782 τῷ

2199 800 2450 872 σχήματι
2508 804 2625 858 τοῖς
2684 798 2986 874 βασιλείοις
3018 795 3346 875 παρέϐαλεν.
3384 801 3466 872 Ἐξ
3499 801 3572 853 ὧν
3606 799 3866 854 ἁπάντων

2199 887 2251 940 oi
2285 885 2340 939 εὖ
2389 891 2714 963 φρονοῦντες
2771 890 2871 956 τήν
2929 889 3213 962 θεομηνίακ
3279 888 3709 964 συνελογίζοντο,
3764 889 3866 942 καὶ

2199 975 2349 1037 ὅπως
2403 975 2588 1038 αὐτοῖς
2645 979 2708 1032 τὸ
2763 984 2915 1033 Θεῖον
2975 977 3430 1051 ἐκπεπολέμωται
3500 977 3589 1033 διὰ
3615 981 3716 1047 τὴν
3746 982 3864 1033 τῶν

2198 1065 2355 1119 θείων
2441 1064 2677 1121 ἐντολῶν
2747 1067 2834 1122 καὶ
2934 1067 3286 1141 ένταλμάτων
3379 1069 3677 1144 παρόρισιν
3770 1065 3868 1121 καὶ

2200 1154 2474 1224 ἀθέτησιν,
2535 1155 2598 1217 ’ἀς
2677 1157 2868 1232 καίπερ
2955 1158 3168 1220 έαυτοῖς
3251 1158 3696 1230 συνεπιστάμενοι
3786 1156 3872 1220 είς

2200 1241 2480 1316 πολέμους
2517 1243 2788 1319 μεγάλους
2837 1246 2926 1299 xui
2974 1244 3279 1311 κινδύνους,
3316 1247 3390 1319 μὴ
3440 1246 3703 1320 πρότερον
3768 1244 3868 1298 τὸν

2201 1331 2330 1386 Θεὸν
2418 1329 2803 1406 ἱλεωσάμενοι,
2854 1336 2948 1396 τὰς
3009 1336 3321 1408 Ῥωμαϊκὰς
3407 1333 3660 1408 δυνάμεις
3746 1332 3868 1387 εἷσ-

428 1425 640 1500 άγουσι,
688 1426 778 1481 καὶ
836 1428 1137 1503 πάσχοντες
1190 1433 1370 1490 κακῶς
1425 1430 1514 1483 καὶ
1575 1428 1886 1499 ἡττώμενοι
1945 1418 2180 1500 ἀφειδῶς
2236 1416 2483 1490 αἴσθησιν
2544 1421 2605 1477 οὗ
2667 1418 3009 1496 λαμϐάνουσι
3058 1433 3158 1494 τῆς
3212 1429 3310 1480 τοῦ
3366 1424 3511 1488 θείου
3562 1424 3866 1497 νεμέσεως,

425 1514 493 1570 Οἳ
574 1511 631 1570 δὶ
705 1515 875 1572 πάλαι
943 1519 1214 1590 Ῥωμαῖοι
1292 1517 1400 1594 οὐχ
1469 1517 1613 1573 οὕτω
1684 1519 1964 1574 ποιοῦντες
2035 1513 2132 1573 τὰς
2209 1503 2443 1587 φοϐερὰς
2521 1510 2726 1574 ἐκείνας
2789 1513 2880 1568 καὶ
2941 1512 3207 1585 ᾀδομένας
3259 1513 3585 1590 στρατηγίας
3638 1512 3870 1590 κατώρ·-

428 1615 579 1676 θουν,
648 1605 844 1682 ἀρετῆς
901 1603 959 1662 δὲ
1009 1607 1100 1662 καὶ
1154 1606 1506 1679 δικαιοσύνης
1561 1608 1649 1662 καὶ
1693 1606 1906 1682 ἀγάπης
1965 1599 2055 1656 xui
2115 1596 2374 1668 ἀληθείας
2430 1598 2897 1675 ἀντιποιούμενοι.
2955 1603 3046 1657 καὶ
3120 1601 3310 1666 ἁπλῶς
3375 1608 3480 1657 πᾶν
3540 1601 3708 1657 καλὸν
3769 1603 3867 1657 xui

429 1693 630 1768 ἀγαθὸν
682 1696 756 1756 ὡς
817 1693 1039 1752 δυνατὸν
1103 1697 1527 1773 μετερχόμενοι·
1565 1694 1651 1751 διὸ
1710 1694 1798 1749 xui
1847 1693 1911 1747 τὸ
1968 1693 2123 1746 Θεῖον
2184 1695 2475 1763 συμπαρῆν
2533 1689 2740 1760 αὐτοῖς,
2800 1692 2888 1746 καὶ
2947 1692 3106 1747 παντὶ
3158 1692 3348 1766 τρόπῳ
3405 1691 3532 1753 τοὺς
3580 1690 3866 1753 ἐναντίους

429 1802 565 1853 κατη
573 1805 682 1860 γων
692 1785 706 1837 ί
716 1790 890 1854 ζοντο.

503 1896 655 1951 718
710 1896 981 1968 Ingresso
1041 1901 1236 1953 autem
1293 1898 1537 1964 Caesare,
1595 1897 1758 1952 visus
1831 1897 1922 1949 est
1991 1890 2086 1962 qui

2277 1885 2629 1950 Εἰσελθόντος
2679 1885 2736 1943 δὶ
2793 1895 2890 1944 τοῦ
2947 1891 3214 1966 Καίσαρος
3263 1886 3412 1964 ἔδοξε
3461 1892 3554 1963 μὶν
3584 1891 3612 1945 ὁ
3641 1894 3865 1965 κρατῶν

439 1984 772 2056 imperabat
799 1985 998 2041 omnia
1029 1985 1363 2059 perfecisse.
1395 1987 1501 2042 Sed
1534 1985 1909 2042 cruciabatur
1938 1981 2092 2053 quod

438 2072 663 2131 Ruselii
695 2075 1007 2131 consilium
1044 2093 1158 2132 non
1192 2080 1581 2132 successerat.
1617 2076 1760 2130 Nam
1818 2076 2092 2144 cognato-

438 2180 570 2218 rum
640 2163 906 2232 exitium,
963 2165 1344 2221 amissionem
1410 2165 1666 2237 imperii,
1727 2162 2092 2221 Christianos

432 2252 640 2317 occidi,
672 2253 831 2308 vicos
861 2253 1130 2310 comburi
1163 2262 1218 2310 et
1252 2255 1517 2325 regiones
1544 2253 1722 2310 everti
1769 2249 2092 2324 posteriora

426 2340 698 2398 ducebat.
759 2342 1033 2398 Ruselius
1087 2349 1284 2398 autem
1343 2361 1409 2399 ex
1480 2343 1694 2415 oppido
1771 2338 2088 2396 Metaboles

425 2431 732 2503 profectus
789 2449 922 2487 cum
976 2435 1057 2488 ita
1109 2433 1350 2488 Francis
1402 2432 1695 2488 militibus
1749 2432 1849 2502 qui
1901 2426 2087 2483 relicti

430 2523 682 2593 fuerant,
729 2529 782 2580 et
841 2541 1020 2580 uxore
1069 2541 1135 2580 ac
1198 2524 1403 2580 liberis
1461 2530 1519 2580 et
1577 2523 1748 2578 bonis
1806 2522 1931 2577 suis
1989 2536 2091 2592 per

433 2612 687 2668 mediam
722 2613 1018 2684 regionem
1051 2613 1178 2668 sine
1213 2618 1374 2668 metu
1406 2615 1567 2681 ibat;
1602 2627 1857 2682 cumque
1888 2610 1957 2664 ad
1990 2611 2090 2664 Ar-

434 2702 841 2756 meniacorum
896 2703 1194 2775 regionem
1230 2703 1614 2772 pervenisset,
1647 2701 1716 2755 ad
1746 2716 1854 2755 sua
1893 2699 2086 2770 priora

433 2795 628 2846 castra
658 2808 718 2846 se
749 2791 984 2864 recepit,
1017 2799 1074 2846 et
1104 2792 1241 2846 inde
1286 2792 1569 2846 adversus
1617 2791 1842 2845 Turcos
1891 2803 2090 2842 excur-

435 2879 631 2936 siones
668 2879 886 2935 faciens
918 2881 1175 2936 coercuit
1206 2881 1368 2952 ipsos
1420 2897 1491 2936 ne
1540 2878 1798 2950 amplius
1845 2877 1903 2932 in
1958 2893 2086 2931 eam

438 2969 733 3041 regionem
797 2970 1212 3041 irrumperent.
1273 2971 1533 3025 Audiens
1591 2969 1712 3024 haec
1773 2968 2091 3037 imperator

438 3064 714 3131 praestare
744 3060 1097 3116 exstimabat
1125 3064 1343 3116 Turcos
1391 3060 1655 3115 obtinere
1704 3057 1826 3113 loca
1877 3056 2087 3111 Roma-

441 3163 648 3203 norum
682 3165 856 3220 quam
894 3149 1198 3204 Ruselium
1231 3150 1428 3220 aliquo
1458 3147 1518 3202 in
1554 3147 1678 3202 loco
1727 3145 2085 3218 permittere,

2206 1975 2457 2045 ἠνυκέναι
2517 1978 2579 2032 τὸ
2637 1984 2740 2032 πᾶν
2777 2025 2790 2048 ,
2843 1981 3034 2050 ἠνιᾶτο
3111 1978 3167 2036 δὲ
3238 1984 3305 2055 τῇ
3385 1985 3483 2036 τοῦ
3539 1976 3868 2036 Ῥουσελίου

2205 2063 2456 2140 ἀστοχίᾳ·
2489 2069 2589 2136 τὴν
2629 2068 2730 2143 γὰρ
2782 2074 2888 2123 τῶν
2950 2071 3228 2147 ὁμογενῶν
3278 2069 3556 2125 ἀπώλειαν
3608 2069 3696 2124 καὶ
3756 2071 3867 2138 τήν

2207 2155 2482 2231 ὑφαίρεσιν
2541 2163 2640 2225 τῆς
2700 2158 2879 2233 ἀρχῆς
2936 2159 3023 2214 καὶ
3079 2159 3142 2214 τὸ
3201 2159 3520 2238 σφάττεσθαι
3552 2158 3683 2220 τοὺς
3723 2159 3869 2232 Χρι·

2202 2243 2450 2306 στιανοὺς
2480 2247 2565 2300 καὶ
2604 2243 2934 2302 δουλοῦσθαι
2990 2249 3085 2310 τὰς
3143 2250 3334 2322 κώμας
3389 2249 3477 2303 xui
3536 2249 3633 2311 τὰς
3668 2248 3871 2322 χώρας

2199 2332 2547 2408 ἀφανίζεσθαι
2612 2335 2664 2390 ἐν
2717 2333 2951 2410 δευτέρῳ
3024 2336 3246 2394 ἐτίθετο.
3307 2343 3353 2396 Ο
3405 2335 3464 2392 δέ
3524 2359 3584 2413 γε
3639 2335 3867 2393 Ῥουσέ-

2200 2419 2319 2483 λιος
2355 2421 2485 2492 ἄρας
2517 2421 2575 2478 έκ
2605 2423 2700 2478 τοῦ
2743 2433 2842 2494 τῆς
2876 2421 3200 2496 Μεταϐολῆς
3250 2426 3511 2504 φρουρίου
3555 2426 3690 2501 μετᾶ
3746 2430 3865 2480 τῶν

2204 2512 2689 2587 ὑπολελειμμένων
2747 2519 3017 2592 Φράγγων
3061 2521 3405 2590 στρατιωτῶν
3452 2517 3541 2572 xui
3581 2523 3683 2586 τῆς
3727 2538 3868 2570 συν-

2201 2603 2356 2656 εὔνου
2410 2604 2498 2657 καὶ
2555 2609 2664 2658 τῶν
2717 2603 2926 2658 παίδων
2974 2605 3064 2660 xui
3121 2611 3230 2660 τῶν
3295 2605 3646 2682 ὑπαρχόντων
3707 2605 3864 2677 αὐτῷ

2201 2689 2290 2747 διὰ
2349 2691 2516 2765 μέσης
2589 2701 2690 2762 τῆς
2751 2695 2940 2769 χώρας
3015 2694 3294 2770 ἀτρέπτως
3351 2691 3585 2764 ἐϐάδιζε,
3645 2695 3735 2749 xui
3797 2696 3864 2750 τὸ

2198 2782 2338 2853 θέμα
2392 2787 2499 2836 τῶν
2558 2785 2929 2858 Ἀρμενιακῶν
2989 2780 3312 2839 καταλαϐὼν
3385 2790 3502 2847 τοῖς
3569 2783 3860 2859 προτέροις

2199 2870 2365 2925 αὐτοῦ
2449 2870 2702 2948 κάστροις
2787 2873 3130 2944 ἀποκατέστη
3167 2917 3181 2941 ,
3260 2874 3502 2928 κάκεῖθεν
3581 2871 3858 2948 ἐκδρομὰς

2198 2961 2336 3015 κατὰ
2409 2965 2514 3014 τῶν
2594 2961 2846 3037 Τοόρκων
2932 2962 3260 3036 ποιούμενος
3339 2963 3583 3037 ἀπεῖρξεν
3660 2962 3865 3024 αὐτοὺς

2197 3055 2306 3104 τῶν
2337 3051 2474 3106 κατὰ
2501 3055 2599 3106 τοῦ
2628 3051 2882 3106 τοιούτου
2912 3052 3144 3125 θέματος
3195 3050 3426 3130 ἐφόδων.
3473 3054 3533 3109 Ὀ
3592 3049 3650 3106 δὲ
3703 3053 3866 3126 βασι-

2200 3137 2326 3202 λεὺς
2387 3139 2779 3214 ένωτιζόμενος
2829 3146 2998 3196 ταῦτα
3058 3140 3270 3214 μᾶλλον
3331 3141 3547 3213 ἐνόμιζε
3577 3141 3862 3218 συμφέρον

440 3237 510 3292 ad
571 3237 680 3292 hoc
738 3256 769 3292 a
825 3237 1150 3310 Nicephoro
1211 3239 1530 3309 instigatus
1590 3253 1656 3292 ac
1721 3233 2084 3291 stimulatus.

2205 3228 2325 3292 τοὺς
2361 3229 2641 3304 Τούρκους
2700 3225 2844 3305 ἔχειν
2896 3231 3344 3303 τὰῬωμαίωνῆ
3393 3231 3484 3286 τὸν
3543 3229 3861 3286 Ῥουσέλιον

437 3325 616 3380 Mittit
645 3325 825 3397 igitur
854 3327 1172 3396 quemdam
1203 3344 1266 3382 ex
1304 3326 1600 3381 nobilibus
1644 3324 1870 3380 civibus
1918 3328 2087 3378 etate

427 3415 732 3485 juvenem,
767 3415 866 3468 sed
901 3414 1120 3485 alioqui
1154 3421 1462 3470 strenuum
1494 3419 1670 3484 atque
1711 3413 2084 3484 prudentem,

436 3503 742 3574 praesidem
777 3501 1040 3557 Alexium
1073 3503 1461 3564 Comnenum,
1494 3501 1594 3574 qui
1626 3517 1758 3556 cum
1793 3500 2088 3572 pervenis-

439 3597 530 3647 set
557 3591 883 3658 Amasiam,
914 3591 993 3646 ibi
1028 3592 1102 3646 rei
1137 3592 1356 3646 exitum
1391 3591 1785 3662 exspectabat.
1816 3588 2089 3644 Ruselius

437 3684 659 3745 autem,
690 3679 839 3734 inita
869 3679 1146 3735 societate
1175 3683 1232 3734 et
1263 3678 1523 3734 amicitia
1571 3693 1707 3733 cum
1757 3678 2086 3732 Turcorum

438 3767 723 3839 principe,
756 3783 1111 3839 congressus
1143 3772 1231 3822 est
1262 3785 1394 3822 cum
1426 3769 1553 3839 ipso
1598 3767 1723 3821 sine
1774 3765 2086 3831 militibus,

439 3862 504 3914 ut
557 3861 958 3914 consueverat.
1017 3861 1237 3913 Verum
1299 3858 1555 3928 quadam
1589 3857 1684 3912 die
1742 3872 1875 3911 cum
1945 3854 2092 3926 ipsis

439 3963 677 4002 ccenans
706 3947 938 4018 capitur
969 3951 1026 4002 et
1056 3947 1422 4002 devincitur:
1459 3945 1657 4001 fallere
1688 3945 1842 4002 enim
1877 3945 2094 4000 Roma-

438 4053 546 4093 nos
576 4037 752 4092 etiam
804 4037 1186 4106 iurejurando
1238 4036 1610 4107 interposito,
1663 4035 1818 4107 apud
1871 4035 2094 4090 Turcos

439 4125 705 4181 solemne
755 4130 864 4192 est,
915 4126 1089 4180 venia
1145 4125 1392 4196 dignum
1454 4129 1728 4181 censetur
1781 4141 1794 4179 :
1845 4139 1951 4179 nec
2005 4126 2096 4178 est

441 4214 596 4284 quod
632 4212 764 4285 quis
797 4213 1119 4285 perjurium
1155 4223 1407 4270 accuset.
1459 4219 1628 4269 Hunc
1680 4213 1864 4268 multo
1909 4213 2096 4284 pretio

441 4307 710 4374 emptum
745 4319 958 4373 presses
994 4301 1231 4358 Alexius
1262 4304 1332 4358 ad
1363 4305 1780 4375 imperatorem
1832 4303 2095 4358 vinctum

444 4391 735 4464 perducit,
767 4407 942 4462 quem
979 4393 1260 4446 traditum
1294 4392 1617 4448 tortoribus
1649 4391 1877 4447 bovinis
1907 4391 2097 4447 nervis

443 4480 875 4548 caedendum”
899 4484 992 4536 14
1051 4485 1117 4535 ut
1177 4480 1486 4553 fugitivum
1547 4481 1806 4552 aliquem
1863 4496 2095 4536 servum

442 4569 644 4642 ﬂagris
674 4568 1147 4626 intolerabilibus
1178 4571 1482 4637 cruciavit,
1533 4574 1592 4626 et
1638 4569 1699 4624 in
1747 4569 2100 4625 obscurissi-

441 4675 600 4715 mam
633 4659 846 4715 turrim
879 4658 1176 4717 inclusum
1206 4661 1570 4732 contemptui
1593 4659 1849 4716 habebat
1877 4658 2099 4715 catenis

438 4748 725 4804 vinctum.

516 4945 843 5016 Logotbeta
874 4948 1068 5000 autem
1107 4944 1428 5016 plurimum
1482 4948 1709 5016 potens,
1764 4949 1828 5000 ut
1875 4943 2098 5001 dictum

443 5037 556 5098 est,
587 5035 741 5104 apud
777 5033 1216 5104 imperatorem,
1249 5035 1450 5088 omnia
1482 5050 1584 5105 pro
1617 5033 1858 5089 arbitrio
1901 5035 2100 5088 mode-

445 5137 606 5188 rans,
639 5121 927 5176 Hebdomi
978 5121 1404 5178 monasterium
1457 5122 1567 5178 sibi
1619 5123 1823 5179 donari
1875 5128 2102 5194 petens,

446 5223 651 5264 omnes
685 5210 1091 5280 possessiones
1124 5215 1182 5266 et
1225 5227 1462 5266 omnem
1515 5211 1632 5267 fere
1682 5216 1963 5283 quantam
2015 5211 2103 5268 sol

445 5298 633 5352 cernit
666 5297 966 5369 regionem
999 5301 1230 5356 studuit
1258 5301 1369 5355 sibi
1402 5302 1704 5357 vindicare
1742 5305 1799 5357 et
1847 5301 2104 5374 copiosis

446 5386 824 5457 proventibus
879 5388 1147 5454 dilatare,
1204 5389 1469 5458 cogitans
1539 5389 1915 5461 improbitate
1988 5391 2105 5446 sibi

447 5473 705 5530 amicum
736 5473 1150 5547 imperatorem
1187 5478 1390 5544 facere,
1411 5484 1468 5533 et
1497 5479 1754 5534 maxima
1784 5477 1997 5534 lucrari
2030 5481 2103 5535 ob

448 5562 577 5633 ejus
607 5563 1159 5634 simplicitatem,ac
1189 5568 1426 5623 nomine
1459 5567 1802 5623 monasterii
1834 5568 2106 5638 ingentes

449 5650 680 5706 divitias
709 5652 979 5724 adipisci.
1012 5655 1082 5710 Et
1113 5672 1243 5711 cum
1277 5660 1433 5712 esset
1465 5662 1720 5712 maxime
1748 5656 1998 5714 idoneus
2031 5659 2103 5714 ob

446 5739 790 5811 versutiam,
810 5742 857 5798 si
887 5744 1022 5814 quis
1053 5744 1228 5814 alius,
1252 5747 1324 5801 ad
1359 5746 1736 5814 lucrandum,
1759 5750 1817 5804 et
1847 5752 2106 5820 quaestus

2199 3320 2498 3394 χωρεῖσθαι
2548 3318 2599 3374 ἐν
2645 3319 2798 3392 τόπῳ
2847 3319 2944 3387 ἑνὶ,
2987 3320 3135 3394 παρὰ
3179 3324 3276 3374 τοῦ
3343 3320 3662 3395 Νικηφόρου
3721 3320 3861 3395 πρὸς

2197 3412 2357 3462 τοῦτο
2399 3407 2727 3481 νυττόμονος
2770 3409 2856 3463 xui
2910 3405 3334 3484 διεγειρόμενος.
3374 3411 3458 3482 [Ρ.
3509 3411 3635 3482 R50]
3684 3406 3853 3463 Στέλ-

2200 3495 2282 3552 λει
2340 3496 2520 3551 τοίνυν
2565 3499 2686 3552 τινὰ
2732 3502 2839 3552 τῶν
2903 3496 3262 3571 εὐπατριδῶν,
3310 3499 3410 3567 τήν
3477 3498 3572 3571 μὲν
3627 3496 3847 3566 ἠλικίαν

2197 3587 2333 3656 νέον,
2383 3584 2707 3660 δραστήριον
2759 3585 2815 3641 δὶ
2869 3585 3056 3649 ἄλλως
3101 3587 3190 3642 καὶ
3233 3587 3523 3664 ἐχέφρονα,
3573 3588 3662 3641 τὸν
3710 3585 3845 3660 πρός

2200 3671 2351 3748 εδρον
2384 3672 2629 3744 Ἀλέξιον
2681 3676 2772 3729 τὸν
2825 3676 3131 3746 Κομνηνὸν,
3181 3676 3240 3736 ὃς
3298 3674 3348 3728 έν
3409 3680 3490 3746 τῷ
3547 3674 3693 3729 ἄστει
3750 3681 3853 3744 τῆς

2199 3763 2496 3834 Ἀμασείας
2555 3764 2850 3838 γενόμενος
2903 3761 3216 3840 ἐκαραδόκει
3276 3766 3338 3819 τὸ
3401 3763 3626 3836 μέλλον.
3684 3766 3745 3819 Ὀ
3805 3761 3866 3818 δὶ

2199 3852 2510 3914 Ῥουσέλιος
2537 3855 2801 3924 συνθήκας
2833 3854 2920 3908 xui
2957 3853 3145 3928 φιλίας
3201 3855 3335 3926 μετᾶ
3393 3858 3492 3908 τοῦ
3535 3857 3637 3908 τῶν
3688 3852 3863 3927 Τουρ-

2201 3962 2310 3995 κων
2345 3940 2668 4016 ἐξάρχοντος
2717 3943 2943 4015 θέμενος
2993 3940 3228 4011 συνῆλθε
3287 3941 3464 4014 τούτῳ
3523 3940 3867 4015 ἐψιλωμένος

2205 4035 2550 4102 στρατιωτῶν
2597 4031 2674 4093 ὡς
2724 4029 2833 4100 ἤδη
2882 4033 3123 4102 συνήθης
3179 4032 3266 4086 xui
3331 4029 3474 4092 ἐθὰς.
3509 4033 3596 4088 Ἐν
3662 4035 3760 4103 μιᾷ
3812 4028 3872 4085 δὶ

2207 4117 2534 4174 συνδειπνῶν
2578 4119 2762 4182 αὐτοῖς
2815 4120 3092 4176 ἁλίσκεται
3152 4120 3241 4175 xui
3301 4118 3589 4193 δεσμώτης
3646 4117 3870 4176 ἀποδεί-

2205 4230 2391 4263 κνυται
2427 4229 2439 4242 ·
2503 4209 2709 4278 ἀπατᾷν
2784 4210 2887 4285 γὰρ
2963 4211 3272 4283 Ῥωμαίους
3349 4208 3644 4283 ἐνωμότως
3723 4208 3875 4285 παρὰ

2204 4303 2320 4359 τοῖς
2351 4298 2617 4373 Τούρκοις
2649 4297 2776 4373 ὅρος
2831 4299 2920 4353 xui
2979 4299 3142 4375 λόγος
3199 4297 3485 4372 ένδόσιμος
3514 4299 3603 4353 xui
3663 4297 3874 4373 ἀλογο-

2207 4389 2451 4458 θέτητος.
2485 4389 2688 4443 Τοῦτον
2749 4385 2911 4442 ὤνιον
2952 4388 3180 4446 πολλῶν
3233 4391 3261 4444 ὁ
3319 4386 3592 4466 πρόεδρος
3625 4386 3872 4458 Ἀλέξιος

2209 4475 2562 4549 ὠνησάμενος
2619 4476 2673 4540 ἐς
2735 4477 2961 4553 βασιλέα
3026 4477 3218 4543 ἀπάγει
3270 4475 3515 4551 δέσμιον.
3578 4475 3873 4553 Παραδοὺς

2211 4563 2301 4620 οὖν
2337 4566 2364 4620 ὁ
2401 4563 2658 4639 βασιλεὺς
2720 4571 2839 4628 τοῖς
2890 4567 3235 4640 βασανισταῖς
3279 4567 3500 4640 ξεσμοῖς
3556 4567 3876 4638 ἀνηκέστοις

2212 4653 2301 4710 διὰ
2352 4654 2660 4730 βουνεόρων
2723 4655 2796 4716 ὥς
2851 4676 2972 4710 τινα
3029 4653 3228 4711 δοῦλον
3298 4654 3564 4731 δραπέτην
3618 4654 3876 4729 ᾐκίσατο,

2206 4745 2298 4799 xui
2357 4743 2434 4808 εἰς
2478 4741 2572 4798 ἕνα
2640 4748 2747 4798 τῶν
2821 4741 3240 4820 ζοφωδεστάτων
3314 4743 3592 4820 ἐγκλείσας
3647 4743 3878 4820 πύργων

2209 4831 2558 4906 ἀτημέλητον
2593 4833 2735 4908 εἶχεν
2769 4831 2990 4888 ἁλύσεσι
3021 4831 3266 4906 δέσμιον.

2281 4941 2342 4997 Ὁ
2402 4936 2458 4992 δὲ
2521 4939 2828 5012 Λογοθέτης
2905 4937 3040 5013 μέγα
3117 4937 3436 5013 δυνάμενος,
3489 4940 3564 5002 ὡς
3635 4938 3882 5014 εἴρηται,

2210 5028 2358 5103 παρᾶ
2427 5027 2662 5102 βασιλεῖ,
2725 5024 2865 5102 ἄγων
2941 5049 3000 5083 τε
3073 5029 3162 5083 xui
3236 5029 3414 5107 φέρων
3490 5030 3665 5084 πάντα
3729 5031 3880 5105 ᾗπερ

2213 5114 2494 5186 ἐϐούλετο,
2528 5118 2626 5185 τήν
2677 5121 2775 5172 τοῦ
2804 5112 3078 5190 Ἐὅδόμου
3124 5120 3293 5190 μονὴν
3340 5115 3430 5173 διὰ
3473 5115 3677 5193 δωρεᾶς
3728 5115 3880 5189 ἆξαι-

2211 5207 2545 5280 τησάμενος,
2595 5207 2771 5261 πάντα
2817 5208 3071 5279 κτήματα
3116 5206 3206 5262 καὶ
3258 5214 3430 5262 πᾶσαν
3493 5203 3691 5282 σχεδὸν
3739 5205 3882 5278 ὅσην

2211 5294 2376 5365 ἥλιος
2427 5293 2596 5371 ἐφορᾷ
2653 5290 2876 5347 ἔσπευδε
2928 5298 3312 5369 προσκυρῶσαι
3359 5293 3495 5368 αὐτῇ
3558 5292 3646 5349 καὶ
3693 5313 3873 5368 προσ-

2214 5383 2362 5446 όδοις
2407 5382 2664 5460 ἀφθόνοις
2714 5381 3076 5455 έμπλατῦναι,
3129 5381 3491 5456 σκεπτόμενος
3537 5382 3596 5437 ἐκ
3651 5393 3880 5457 μοχθη-

2216 5474 2332 5550 ρίας
2367 5470 2698 5534 οἱκειοῦσθαί
2748 5493 2804 5526 τε
2855 5473 2949 5526 τὸν
3007 5472 3234 5546 βασιλέα
3281 5473 3369 5527 καὶ
3429 5469 3880 5548 παρακερδαίνειν

2211 5564 2276 5618 τὰ
2341 5561 2564 5637 μέγιστα
2606 5567 2706 5631 τῆς
2757 5557 3083 5636 ἀϐελτηρίας
3135 5561 3299 5617 αὐτοῦ
3366 5561 3454 5616 xui
3512 5566 3591 5634 τῷ
3643 5560 3875 5634 ὀνόματι

2211 5660 2312 5722 τῆς
2375 5657 2552 5724 μονῆς
2593 5655 2832 5706 πλοῦτον
2901 5650 3217 5717 ἐπικτᾶσθαι
3282 5652 3551 5728 ὑπερφυῆ.
3605 5649 3876 5723 Ποριμώ·

2214 5763 2375 5804 τατος
2427 5737 2485 5796 δὲ
2539 5738 2613 5795 ὢν
2659 5740 2734 5803 είς
2791 5739 3006 5813 κακίαν,
3047 5740 3197 5818 εἷ’περ
3247 5761 3328 5804 τις
3373 5738 3580 5816 ἕτερος,
3629 5740 3718 5796 xui
3774 5744 3877 5796 τοῦ
