4122 6392
284 406 408 466 “5

1819 416 2187 479 HISTORIA
2201 461 2215 476 .

3607 407 3726 470 446

288 531 590 613 κερδαλίου
645 537 810 614 χάριν
851 537 1084 614 μηδενὸς
1115 539 1290 620 δυσφή
1301 565 1407 617 μου
1441 543 1711 620 ὀνόματος
1741 548 1944 625 ἀπεχό-

2065 551 2247 624 gratia
2293 549 2442 606 nulli
2502 566 2748 622 parcens
2807 547 3087 615 infamias,
3121 544 3417 602 ofﬁcinam
3451 544 3510 599 in
3544 541 3722 598 Rhae-

303 647 484 698 μενος,
542 625 824 704 φούνδακα
881 633 996 705 (35)
1051 635 1103 688 ἐν
1133 633 1202 708 τῇ
1255 633 1547 709 Ῥαιδεστῷ
1574 637 1664 691 καὶ
1701 659 1956 711 μονοπω-

297 715 450 771 λεῖον
537 719 904 788 συνεστήτατο
938 768 953 793 ,
1025 719 1276 787 κωλύσας
1353 725 1445 780 καὶ
1512 726 1764 802 ἀπείρξας
1828 727 1956 790 τοὺς

289 803 626 868 πωλοῦντας
687 808 944 877 ἅπαντας,
1003 811 1066 866 τὸ
1120 811 1400 887 βασιλικὸν
1462 814 1520 870 δὲ
1552 816 1716 889 μόνον
1745 819 1958 892 πρατή-

288 914 414 970 ριον
466 893 885 970 ἐμηχανήσατο·
939 901 1083 975 παρὸ
1129 902 1221 956 καὶ
1266 901 1430 976 λιμὸν
1476 903 1957 980 ἐπραγματεύσατο

299 985 562 1057 μεγιστον
625 986 719 1040 καὶ
783 991 892 1041 τῶν
953 990 1177 1045 πώποτε
1237 993 1733 1067 μνημονευομένων
1789 995 1957 1050 ἀπαν-

301 1072 653 1148 θρωπότατον
692 1117 706 1144 ,
767 1075 843 1138 ὡς
901 1077 992 1132 καὶ
1067 1083 1146 1153 τῷ
1205 1080 1422 1157 βασιλεῖ
1477 1083 1590 1138 ἀντ’
1647 1083 1958 1158 ἐπωνυμίας

301 1163 546 1235 γενέσθαι
585 1163 775 1234 αὐτὸν,
802 1166 894 1220 καὶ
946 1168 1053 1224 ἀπὸ
1108 1169 1303 1226 τούτου
1357 1170 1570 1245 μᾶλλον
1603 1174 1638 1244 ἢ
1677 1177 1774 1228 τοῦ
1820 1195 1957 1250 προ-

303 1257 526 1340 γονικοῦ
582 1255 942 1328 γινώσκεσθαι
997 1264 1114 1321 τοῖς
1177 1260 1498 1333 μετέπειτα·
1560 1263 1799 1339 Μιχαὴλ
1852 1263 1956 1340 γάρ

295 1361 382 1401 τις
432 1339 626 1411 εἰπὼν,
685 1343 735 1398 εἲ
793 1346 867 1417 μὴ
922 1347 1183 1422 προσθείη
1243 1349 1333 1404 καὶ
1384 1352 1476 1406 τὸν
1530 1350 1954 1428 Παραπινάκιον,

293 1430 398 1484 οὐκ
427 1429 490 1484 ἃν
515 1432 735 1505 γένοιτο
766 1433 1049 1508 συντόμως
1081 1439 1528 1514 γνωριμώτερος,
1564 1437 1653 1495 διὰ
1688 1442 1750 1496 τὸ
1803 1462 1957 1512 τηνι-

287 1519 467 1573 καῦτα
496 1520 596 1575 τόν
630 1519 824 1594 μόδιον
855 1525 1001 1601 παρὰ
1028 1529 1277 1584 πινάκιον
1308 1533 1386 1602 τῷ
1401 1530 1696 1603 νομίσματι
1718 1531 1956 1607 πιπράσ-

288 1610 508 1665 κεσθαι.

365 1702 460 1770 Τῷ
515 1695 577 1754 δὲ
622 1700 826 1775 πρώτῳ
873 1697 981 1758 ἔτει
1013 1711 1115 1775 τῆς
1151 1703 1429 1782 βασιλείας
1458 1708 1649 1777 αὐτοῦ,
1683 1705 1955 1764 ΐνδιοιτιῶ-

290 1809 382 1874 νος
419 1793 508 1857 ια’,
544 1790 612 1844 τὸ
668 1794 774 1845 τῶν
838 1789 1055 1868 Σέρϐων
1098 1793 1268 1866 ἔθνος,
1303 1797 1396 1862 οὕς
1453 1795 1518 1868 δὴ
1550 1799 1640 1853 καὶ
1671 1793 1954 1874 Χροϐἀτας

2069 642 2235 697 desto
2265 645 2322 696 et
2354 640 2759 712 monopolium
2790 637 3075 701 instituit,
3109 635 3428 708 prohibens
3457 637 3514 688 et
3563 647 3727 688 coer-

2069 746 2208 786 cens
2267 746 2474 786 omnes
2529 729 2881 795 vendentes;
2961 724 3276 796 solumque
3348 719 3726 794 imperatoris

2069 820 2260 876 forum
2319 818 2522 875 venale
2581 817 2952 874 machinatus
3005 818 3113 870 est.
3160 814 3244 868 Ex
3291 827 3406 884 quo
3459 809 3725 864 maxime

2070 909 2240 963 famis
2285 913 2488 963 auctor
2538 907 2664 974 fuit,
2718 911 2775 960 et
2824 920 3077 975 quarum
3131 917 3391 972 unquam
3447 898 3726 953 memine-

2068 997 2187 1051 rint
2217 997 2485 1052 homines
2518 995 2958 1060 crudelissimze,
2993 992 3077 1047 ita
3109 996 3172 1045 ut
3222 989 3358 1044 inde
3409 987 3731 1058 imperator

2069 1089 2524 1158 cognomentum
2583 1084 2889 1149 invenerit,
2945 1099 2978 1136 a
3031 1095 3149 1152 quo
3211 1076 3404 1150 magis
3461 1089 3644 1146 quam
3694 1089 3730 1129 a

2069 1176 2361 1246 majorum
2394 1192 2636 1232 suorum
2678 1172 2916 1228 nomine
2966 1169 3216 1242 posteris
3266 1171 3354 1224 est
3402 1163 3724 1236 cognitus:

2068 1281 2201 1320 nam
2235 1266 2283 1321 si
2315 1267 2451 1336 quis
2483 1266 2641 1320 dicat
2671 1261 2944 1330 Michael,
2976 1275 3168 1332 neque
3199 1257 3378 1313 addat
3411 1253 3726 1325 Parapina-

2065 1355 2212 1420 cius,
2249 1355 2404 1410 haud
2438 1355 2640 1410 statim
2672 1352 3070 1425 cognoscitur,
3104 1366 3171 1405 eo
3207 1348 3362 1420 quod
3395 1352 3539 1400 tunc
3588 1359 3719 1398 mo-

2067 1443 2201 1500 dius
2235 1445 2592 1500 numismate
2630 1444 3004 1510 venderetur,
3055 1439 3157 1496 sed
3210 1434 3441 1510 pinacio
3494 1431 3719 1502 minus,

2065 1534 2164 1606 qui
2200 1533 2481 1590 medimni
2511 1535 2812 1606 quadrans
2839 1535 2948 1587 est.

2139 1715 2336 1771 Primo
2393 1718 2590 1771 autem
2640 1711 2870 1784 imperii
2924 1708 3115 1782 ipsius
3173 1721 3351 1772 anno,
3399 1701 3725 1758 indictione

2069 1805 2400 1862 undecima.
2433 1805 2745 1861 Servorum
2779 1815 2947 1874 gens,
2979 1814 3128 1871 quos
3167 1795 3344 1852 etiam
3393 1790 3719 1848 Chrobatas

288 1873 554 1993 :‘loﬁzi,
743 1880 1078 1993 Bozplyapiav
1134 1881 1330 1993 ἐξῆλθε
1375 1883 1952 1993 καταδουλωσόμενον.

2068 1900 2302 1964 vocant,
2333 1895 2477 1952 exiit
2507 1898 2570 1949 ut
2598 1873 2932 1964 Bulgariam
2967 1889 3024 1944 in
3057 1885 3400 1944 servitutem
3438 1882 3584 1938 715
3631 1896 3723 1936 re-

299 1966 410 2023 Τὸν
466 1965 525 2022 δὲ
569 1967 775 2044 τρόπον
808 1968 1009 2036 ἄνωθεν
1051 1969 1339 2029 ἀναλαϐὼν
1389 1972 1750 2051 διηγήσομαι.
1801 1983 1960 2032 Βασι-

301 2053 455 2110 hic»
499 2056 608 2132 γὰρ
663 2063 762 2113 τοῦ
823 2058 1113 2134 βασιλέως,
1173 2062 1409 2134 ὁπηνίκα
1454 2066 1554 2133 τὴν
1614 2065 1957 2141 Βουλγαρίαν

316 2144 644 2222 ὑπηγάγετο,
708 2149 783 2219 μὴ
847 2147 1179 2221 θελήσαντάς
1233 2175 1286 2208 τι
1333 2161 1639 2231 νεοχμῆσαι
1694 2159 1802 2210 τῶν
1849 2153 1960 2209 ἐθί-

316 2255 440 2322 μων
485 2234 670 2306 αὖτοῦ,’
711 2236 838 2294 ἀλλ’
890 2240 992 2295 ὑπὸ
1038 2248 1156 2305 τοῖς
1189 2244 1467 2322 σφετέροις
1499 2245 1730 2320 ἄρχουσί
1761 2265 1819 2300 τε
1866 2244 1956 2300 καὶ

309 2319 478 2391 ἤθεσι
520 2325 589 2379 τὰ
641 2330 760 2391 καθ’
808 2329 1033 2394 ἑαυτοὺς
1083 2319 1364 2408 ὁρίσαντος
1411 2319 1768 2410 διεξάγεσθαι,
1822 2346 1956 2398 καθ-

311 2411 394 2473 ώς
452 2433 555 2467 που
602 2414 686 2470 καὶ
738 2415 829 2472 ἐπὶ
885 2423 983 2473 τοῦ
1033 2421 1325 2493 Σαμουὴλ,
1385 2421 1444 2486 ὅς
1496 2423 1674 2478 αὐτῶν
1708 2424 1961 2499 ἀρχηγὸς

301 2499 513 2574 ιγένετο
565 2501 672 2574 ἤδη
727 2506 825 2578 μὶν
883 2508 974 2562 οὖν
1024 2510 1111 2565 καὶ
1156 2509 1420 2586 πρότερον
1472 2511 1563 2566 τὸν
1596 2507 1748 2577 ἔθνος
1803 2513 1956 2568 τετά-

301 2611 508 2680 ρακτο,
590 2595 674 2668 [Ρ.
741 2598 870 2672 851]
945 2600 1046 2668 τήν
1124 2597 1425 2672 ἀπληστίαν
1503 2604 1580 2675 μὴ
1641 2601 1801 2680 φέρον
1859 2602 1956 2657 τοῦ

304 2678 745 2762 ὀρφανοτρόφου,
806 2685 896 2742 ὅτε
958 2689 1054 2743 τὸν
1125 2688 1391 2745 Δολεάνον
1458 2690 1660 2746 ἑαυτῶν
1712 2678 1958 2767 βασιλέα

298 2768 700 2857 ἕπευφήμησαν
727 2819 742 2843 ,
814 2778 934 2851 περὶ
1023 2779 1096 2832 ὧν
1178 2779 1315 2835 κατὰ
1401 2780 1564 2857 μέρος
1649 2778 1956 2853 δεδήλωται

293 2856 528 2932 ἄνωθεν,
604 2859 880 2939 ἀπέϐλεψε
955 2864 1013 2922 δὲ
1079 2869 1168 2923 καὶ
1251 2873 1341 2924 νῦν
1415 2856 1552 2947 πρὸς
1603 2869 1955 2929 ἀποστασίαν.

293 2950 400 3017 Τὴν
457 2951 567 3027 γὰρ
624 2953 722 3008 τοῦ
752 2956 1074 3035 Νικηφόρου
1137 2958 1213 3032 μή
1246 2960 1408 3035 φέρςν
1446 2959 1751 3031 ἀπληστίαν
1805 2949 1892 3017 καὶ
1927 2962 1960 3015 ἃ

294 3039 430 3095 κατᾶ
481 3042 704 3097 πάντων
753 3044 899 3117 αὐτῷ
945 3049 1333 3124 μεμηχάνητο,
1371 3047 1589 3112 οὐδενὸς
1641 3050 1959 3125 ἱπιστρεφο-

297 3129 468 3202 μένου
508 3135 614 3185 τοῦ
666 3132 958 3206 βασιλέως,
999 3142 1121 3202 ταῖς
1170 3135 1561 3213 παιδαριώδεσι
1611 3136 1668 3194 Si
1715 3135 1957 3200 παιδιαῖς

297 3219 465 3290 μόνον
557 3223 1033 3300 προσανέχοντος,
1121 3228 1174 3282 οἱ
1249 3230 1384 3283 κατὰ
1450 3230 1550 3298 τὴν
1615 3227 1954 3303 Βουλγαρίαν

2068 1984 2312 2040 dactura
2374 2003 2387 2041 :
2447 1983 2740 2056 quomodo
2787 1995 2948 2046 vero,
3015 1976 3193 2033 altius
3260 1974 3387 2045 ipse
3452 1975 3722 2043 repetens

2067 2075 2375 2130 enarrabo.
2409 2078 2555 2128 Nam
2589 2088 2724 2127 cum
2756 2068 3021 2125 Basilius
3065 2065 3404 2136 imperator,
3455 2076 3522 2116 eo
3569 2063 3720 2114 tem-

2069 2179 2207 2234 pore
2236 2181 2347 2235 quo
2380 2161 2714 2234 Bulgariam
2747 2156 3002 2229 subegit,
3055 2153 3234 2210 nollet
3281 2149 3503 2222 aliquid
3551 2148 3720 2203 inno-

2067 2269 2200 2309 vare
2248 2269 2449 2309 eorum
2501 2268 2629 2323 qua
2678 2249 2789 2322 ipsi
2824 2247 3041 2302 usitata
3070 2246 3259 2312 erant,
3292 2256 3490 2296 verum
3525 2237 3719 2310 praefl-

2068 2343 2254 2398 nisset
2305 2349 2370 2398 ut
2427 2359 2458 2397 a
2509 2339 2634 2398 suis
2691 2336 3060 2411 principibus
3116 2336 3418 2404 regeretur
3473 2327 3718 2397 suisque

2067 2435 2330 2490 moribus
2361 2435 2620 2505 degeret,
2652 2427 3152 2503 quemadmodum
3201 2424 3341 2478 item
3392 2421 3720 2492 imperante

2064 2523 2353 2591 Samuele,
2386 2523 2486 2594 qui
2517 2521 2637 2576 dux
2667 2520 2932 2592 ipsorum
2981 2515 3208 2570 fuit.....
3251 2513 3377 2584 jam
3427 2509 3610 2581 igitur
3656 2509 3715 2561 et

2069 2614 2230 2686 prius
2261 2614 2416 2668 natio
2449 2609 2792 2682 perturbata
2821 2607 3031 2670 fuerat,
3063 2601 3219 2675 quod
3253 2617 3366 2656 non
3399 2598 3576 2653 ferret
3623 2612 3718 2651 or-

2068 2702 2460 2776 pbanotrophi
2506 2700 2831 2766 avaritiam,
2884 2696 3122 2769 quando
3169 2691 3488 2749 Doleanum
3539 2701 3716 2742 suum

2069 2809 2261 2866 regem
2322 2793 2720 2856 declararunt,
2773 2804 2902 2859 qua:
2949 2783 3256 2857 sigillatim
3305 2777 3580 2866 superius
3628 2776 3721 2830 de-

2070 2865 2395 2938 monstrata
2421 2885 2579 2936 sunt.
2614 2880 2684 2934 Et
2728 2893 2886 2933 nunc
2935 2890 3168 2948 quoque
3214 2871 3286 2926 ad
3337 2865 3716 2924 rebellionem

2068 2973 2357 3044 spectavit
2381 2989 2394 3028 :
2415 2987 2603 3042 neque
2625 2970 2782 3025 enim
2806 2967 3030 3023 ferebat
3050 2960 3360 3034 Nicephori
3385 2954 3717 3044 avaritiam,

2066 3043 2123 3118 et
2144 3079 2266 3132 qua
2289 3065 2491 3115 contra
2512 3075 2718 3114 omnes
2760 3058 2886 3128 ipse
2927 3053 3298 3109 machinatus
3341 3047 3538 3113 fuerit,
3569 3043 3716 3099 nihil

2067 3157 2311 3206 curante
2341 3148 2824 3221 imperatore,sed
2857 3145 2998 3200 solis
3031 3140 3357 3213 puerilibus
3377 3137 3536 3192 ludis
3556 3149 3720 3189 occu-

2069 3244 2222 3310 pato.
2259 3237 2536 3310 Bulgaria
2570 3237 2864 3309 principes
2893 3228 3239 3289 Michaelem
3289 3241 3466 3282 suum
3519 3221 3718 3294 praefe-

294 3308 632 3400 προεχοντες
709 3312 916 3383 ἀξιοῦσι
989 3315 1080 3370 τὸν
1148 3316 1449 3394 Μιχαηλᾶν
1519 3299 1789 3395 ἀρχηγὸν-
1825 3299 1952 3374 ὅντα

2068 3299 2227 3386 ctum
2262 3299 2469 3397 petunt
2499 3299 2612 3384 sibi
2643 3299 2812 3400 opem
2843 3326 2992 3381 ferre
3030 3326 3087 3378 et
3132 3315 3434 3392 opitulari,
3486 3314 3720 3385 sibique

291 3395 561 3473 ἐπαρῆξαι
615 3402 801 3464 αὐτοῖς
848 3405 939 3458 καὶ
997 3414 1359 3482 συνεργῆσαι,
1418 3406 1603 3463 δοῦναί
1659 3429 1718 3463 τε
1772 3408 1956 3470 αὐτοῖς

291 3489 384 3542 τὸν
446 3489 566 3543 υἱὸν
630 3490 817 3562 αὐτοῦ,
879 3493 953 3556 ὡς
1014 3497 1075 3550 ἂν
1133 3495 1293 3551 αὐτὸν
1357 3497 1584 3572 βασιλέα
1614 3496 1956 3574 Βουλγαρίας

296 3578 678 3652 ἀνακηρῦξωσι
730 3581 821 3636 καὶ
868 3590 970 3653 τῆς
1027 3583 1084 3640 ἐκ
1139 3591 1246 3641 τῶν
1303 3588 1594 3660 Ῥωμαίων
1653 3586 1951 3662 ἐλευθερω⁹

299 3672 442 3728 θεῖεν
492 3667 939 3734 καταδυναστείας
988 3673 1076 3728 καὶ
1125 3674 1450 3751 βαρύτητος.
1496 3677 1558 3733 Ὁ
1609 3673 1666 3731 δὲ
1704 3676 1953 3750 ἀσμένως

299 3755 558 3811 ὑπακούει
610 3760 836 3829 αὐτῶν,
868 3763 1213 3837 τριακοσίους
1256 3786 1315 3820 τε
1358 3771 1465 3820 τῶν
1497 3767 1688 3822 ἑαυτοῦ
1748 3765 1952 3822 ἀπολε-

288 3844 526 3917 ξάμενος
585 3849 673 3902 καὶ
726 3853 805 3922 τῷ
859 3851 1048 3925 οἰκείῳ
1106 3854 1207 3924 υἱῷ
1266 3855 1660 3930 Κωνσταντίνῳ
1725 3861 1802 3928 τῷ
1861 3857 1952 3911 καὶ

291 3931 518 4006 Βοδίνῳ
568 3936 960 4013 ὀνομαζομένῳ
1014 3939 1292 4018 παραδοὺς
1323 3943 1401 4005 εἷς
1460 3943 1803 4021 Βουλγαρίαν
1866 3944 1951 4016 ἒξ·

296 4022 667 4082 αποστέλλει.
721 4028 955 4100 Ἕξεισιν
1016 4031 1108 4085 οὗν
1171 4031 1244 4095 είς
1301 4034 1368 4088 τὰ
1425 4031 1766 4109 Πρισδίανα,
1826 4031 1952 4100 ἔνθα

290 4114 760 4186 συναθροισθέντες
793 4120 846 4173 οἳ
880 4118 934 4174 ἐν
964 4126 1079 4183 τοῖς
1127 4121 1387 4185 Σκοπίοις
1445 4123 1800 4199 προέχοντες,
1867 4127 1950 4187 οἷς

285 4199 534 4278 ἔξαρχος
559 4205 624 4273 ἦν
655 4209 924 4284 Γεώργιος
955 4209 983 4263 ὁ
1024 4210 1317 4286 Βοϊτάχος,
1355 4217 1452 4267 τοῦ
1481 4217 1590 4268 τῶν
1641 4215 1948 4290 Κομχάνων

281 4293 481 4365 γένους
563 4297 936 4372 καταγόμενος
970 4340 984 4367 ,
1068 4299 1294 4374 βασιλέα
1378 4300 1706 4379 Βουλγάρων
1788 4304 1946 4361 αὐτὸν

281 4379 638 4457 ἆνεκήρυξαν,
713 4387 912 4462 Ηέτρον
986 4387 1101 4444 ἀντὶ
1156 4392 1569 4446 Κωνσταντίνου
1640 4395 1949 4467 μετονομά-

286 4490 520 4533 σαντες.
581 4474 752 4550 ’Ὀπερ
805 4476 1042 4540 ἀκούσας
1091 4479 1119 4532 6
1177 4478 1228 4534 ἐν
1277 4479 1538 4543 Σκοπίοις
1598 4479 1796 4538 διέπων
1847 4486 1944 4554 τὴν

287 4560 470 4634 ἀρχὴν
532 4567 631 4617 τοῦ
681 4561 874 4627 δουκὸς
929 4567 1245 4645 Νικηφόρος
1299 4571 1328 4624 6
1387 4575 1764 4645 Καραντηνὸς,
1820 4574 1947 4638 τοὺς

2063 3421 2294 3476 tradere
2325 3419 2610 3488 ﬁlium,ut
2638 3418 2835 3489 ipsum
2858 3411 3148 3485 Bulgaria
3178 3423 3368 3478 regem
3400 3403 3720 3471 declarent,

2065 3515 2121 3566 et
2152 3528 2182 3566 a
2215 3511 2610 3565 Romanorum
2643 3506 2891 3578 imperio
2922 3509 2979 3558 et
3008 3498 3352 3558 crudelitate
3377 3511 3510 3551 eum
3534 3492 3722 3548 vindi-

2066 3604 2217 3655 cent.
2256 3599 2354 3655 Ille
2387 3605 2580 3654 autem
2609 3597 2864 3652 libenter
2893 3591 3040 3665 ipsis
3069 3585 3532 3659 obtemperabat,
3563 3580 3721 3636 dele-

2065 3692 2296 3761 ctisque
2327 3704 2357 3744 e
2388 3687 2514 3743 suis
2545 3685 2842 3751 trecentis,
2885 3689 2942 3739 et
2992 3698 3097 3738 suo
3144 3678 3264 3734 ﬁlio
3313 3671 3717 3742 Constantino,

2065 3778 2157 3832 cui
2193 3777 2412 3832 Bodino
2443 3792 2766 3847 cognomen
2799 3779 2944 3840 erat,
2976 3770 3231 3835 traditis,
3275 3766 3333 3821 in
3376 3761 3712 3834 Bulgariam

2063 3882 2196 3920 eum
2233 3866 2434 3921 mittit.
2487 3864 2613 3919 Exit
2658 3864 2840 3935 igitur
2887 3861 2958 3916 ad
3008 3857 3338 3921 Prisdiana,
3380 3852 3476 3907 ubi
3530 3848 3715 3906 coacti

2065 3971 2330 4026 proceres
2353 3954 2452 4026 qui
2479 3954 2537 4008 in
2559 3951 2782 4024 Scopiis
2812 3953 3259 4019 erant,quorum
3292 3941 3564 4014 princeps
3595 3941 3720 3993 erat

2063 4044 2346 4116 Georgius
2370 4043 2707 4109 Boitachus,
2732 4059 2766 4097 a
2789 4037 3140 4096 Comchanis
3161 4034 3446 4106 originem
3470 4030 3716 4095 ducens,

2065 4134 2447 4202 Bulgarorum
2477 4148 2671 4205 regem
2697 4132 2891 4202 ipsum
2917 4127 3311 4188 declararunt,
3343 4121 3576 4176 Petrum
3610 4133 3714 4188 pro

2061 4223 2448 4279 Constantino
2473 4227 2696 4277 mutato
2720 4219 2958 4275 nomine
2979 4209 3442 4277 vocantes.Quod
3475 4207 3712 4279 quidem

2059 4313 2306 4368 audiens
2336 4313 2389 4368 is
2420 4311 2519 4384 qui
2551 4310 2772 4382 Scopiis
2801 4307 2967 4363 ducis
2998 4302 3310 4376 imperium
3344 4296 3719 4355 administra-

2058 4403 2179 4471 bat,
2235 4402 2601 4474 Nicephorus
2659 4404 3046 4464 Carantenus,
3095 4411 3232 4450 cum
3281 4392 3406 4447 suis
3460 4387 3716 4444 ducibus

2057 4510 2205 4564 quos
2235 4493 2507 4558 habebat,
2537 4492 2609 4547 ad
2644 4490 2947 4546 Prisdiana
2994 4486 3145 4541 716
3194 4500 3258 4539 se
3303 4480 3530 4537 confert
3577 4492 3713 4532 cum

2061 4581 2385 4654 Bulgaricis
2415 4583 2622 4653 copiis.
2658 4585 2884 4634 Interea
2913 4592 3046 4632 vero
3078 4577 3220 4630 dum
3253 4571 3349 4626 hic
3379 4569 3451 4625 ad
3490 4566 3714 4623 bellum

292 4649 382 4726 ὑφ’
440 4651 609 4706 αὐτὸν
686 4655 1020 4731 στρατηγοὺς
1091 4653 1426 4728 παραλαϐὼν
1485 4657 1696 4716 ἄπεισιν
1753 4663 1828 4726 εἷς
1883 4665 1950 4720 τὰ

2065 4688 2122 4728 se
2169 4673 2570 4744 comparabat,
2622 4668 2960 4743 supervenit
3003 4679 3309 4722 successor
3359 4658 3550 4732 ipsius
3606 4658 3712 4712 Da-

293 4736 598 4812 Πρισδίανα
667 4744 800 4815 μετά
867 4749 975 4799 τῶν
1047 4743 1435 4824 Βουλγαρικῶν
1498 4747 1799 4825 δυνάμεων.
1863 4755 1948 4811 Ἐν

283 4827 404 4900 ὅσῳ
466 4827 526 4916 εξ
577 4829 736 4894 οὖτος
784 4833 851 4888 τὰ
897 4835 1034 4907 πρὸς
1079 4835 1169 4889 τὸν
1215 4835 1462 4910 πόλεμον
1505 4837 1779 4916 ἰξήρτυεν,
1839 4842 1952 4898 ἐπι-

279 4913 559 4974 κατέλαϐε
617 4916 876 4997 διάδοχος
933 4923 1100 4978 αὐτοῦ
1161 4927 1431 5000 Δαμιανὸς
1482 4930 1511 4983 6
1579 4913 1947 5003 Δαλασσηνός.

283 5008 547 5073 Ἐνωθεῖς
600 5011 776 5065 τοίνυν
837 5013 973 5085 μετᾶ
1035 5019 1132 5070 τοῦ
1211 5022 1551 5093 Καραντηνοῧ
1586 5063 1599 5087 ,
1658 5020 1846 5077 πολλά
1895 5046 1946 5080 τι

279 5099 637 5172 κερτομήσας
695 5100 872 5171 αὐτὸν,
924 5102 1013 5157 καὶ
1058 5102 1112 5168 ἐς
1159 5101 1380 5162 ἕκαστον
1437 5105 1494 5163 δὲ
1538 5113 1647 5164 τῶν
1676 5109 1768 5166 σὺν
1800 5112 1950 5187 αὐτῷ

284 5192 610 5262 στρατηγῶν
669 5187 1080 5265 ἐμπαροινήσας
1141 5194 1243 5248 οὐκ
1299 5194 1462 5270 ὀλίγα
1517 5197 1608 5252 καὶ
1661 5199 1736 5261 ὡς
1788 5200 1947 5257 ἀνάν-

290 5272 456 5352 δρους
512 5280 848 5362 μυκτηρίσας
908 5279 1103 5344 αὐτοὺς
1135 5324 1149 5351 ,
1203 5284 1592 5358 συνταξάμενος
1639 5284 1946 5362 συμϐάλλει

285 5371 404 5428 τοῖς
452 5361 682 5443 Σέρϐοις
741 5368 960 5442 εὐθέως,
1019 5370 1118 5426 Καὶ
1175 5372 1377 5446 γίνεται
1412 5376 1568 5452 μάχη
1602 5361 1799 5456 φρικτή
1857 5381 1946 5436 καὶ

285 5457 468 5531 τροΚὴ
523 5461 631 5512 τῶν
694 5457 980 5532 Ῥωμαίων
1041 5459 1464 5539 φρικωδεστὲραθ
1524 5465 1784 5523 πίπτουσι
1842 5471 1946 5547 γὰρ

2061 4761 2293 4816 mianus
2325 4760 2711 4828 Dalassenus;
2743 4758 3008 4831 quicum
3059 4771 3126 4810 eo
3175 4752 3526 4822 conjunctus
3573 4760 3710 4800 cum

2059 4851 2264 4906 multis
2285 4866 2419 4905 eum
2447 4849 2726 4906 conviciis
2756 4845 3053 4903 all'ecisset
3070 4847 3127 4898 et
3148 4841 3305 4896 haud
3338 4833 3712 4893 mediocriter

2058 4941 2114 4995 in
2149 4943 2279 5012 ejus
2307 4941 2525 4997 milites
2557 4937 2954 4995 debacchatus
2986 4935 3213 4999 fuisset,
3253 4935 3536 5002 tanquam
3595 4927 3712 4981 im-

2061 5030 2240 5087 belles
2261 5047 2362 5087 eos
2381 5030 2950 5094 irridens,instructa
2971 5025 3092 5082 acie
3113 5039 3249 5079 cum
3279 5019 3476 5076 Servis
3505 5015 3710 5073 statim

2060 5119 2327 5192 praelium
2361 5119 2700 5175 committit.
2737 5118 2941 5189 Fitque
2968 5112 3290 5185 ,horribilis
3340 5125 3556 5182 pugna,
3607 5105 3708 5162 sed

2059 5207 2247 5264 multo
2271 5207 2608 5264 horribilior
2629 5207 3030 5262 Romanorum
3050 5203 3280 5259 clades:
3303 5199 3523 5255 cadunt
3551 5195 3709 5251 enim

2059 5296 2226 5352 multi
2259 5313 2329 5352 ex
2355 5295 2634 5352 Romanis
2660 5299 2716 5350 et
2747 5293 3039 5365 Bulgaria,
3075 5297 3131 5347 et
3167 5290 3284 5345 vivi
3316 5285 3560 5362 plurimi
3607 5301 3709 5340 ca-

2058 5386 2389 5457 piuntur,in
2421 5385 2638 5456 quibus
2667 5385 2792 5455 ipse
2824 5397 3058 5454 quoque
3088 5381 3206 5436 dux
3235 5379 3558 5435 Damianus
3599 5381 3709 5433 Da-

2054 5473 2352 5542 lassenus,
2385 5479 2441 5530 et
2472 5474 2571 5546 qui
2600 5472 2906 5529 dicebatur
2933 5470 3239 5538 Probatas,
3281 5473 3337 5524 et
3385 5469 3706 5542 Longibar-

1615 5587 1858 5645 JACOBI
1900 5589 2033 5648 GOA
2043 5592 2114 5647 R1
2152 5591 2381 5649 NOTIE.

351 5677 458 5750 (35)
491 5678 740 5761 Mensa‘m
774 5677 1260 5761 sive‘ne‘gotzzalepz
1309 5687 1709 5761 argentariam,
1762 5689 1938 5761 ofﬁci-

282 5766 397 5808 nam
441 5752 807 5820 aurarium,
854 5749 926 5808 ab
984 5749 1144 5809 Italis
1183 5749 1428 5828 fundqco
1473 5753 1581 5812 ἀπὸ
1625 5749 1725 5812 τοῦ
1773 5749 1936 5835 ιρὁύν-

2046 5687 2164 5761 δου,
2196 5709 2230 5748 a
2256 5692 2451 5764 fundo,
2485 5691 2540 5746 id
2571 5696 2679 5762 est,
2705 5707 2922 5747 summa
2947 5691 3294 5764 pecuniaria,
3328 5706 3464 5747 voce
3488 5688 3703 5746 Graecis

2048 5763 2482 5822 Jureconsultis
2513 5767 2650 5821 nota
2678 5763 2916 5820 dictam.
