4122 6390
426 381 547 442 M7

1741 380 2070 446 JOANNIS
2127 382 2534 449 SCYLITZzE

3729 388 3854 452 με

425 511 681 584 dopulue
710 514 769 569 et
793 510 892 568 alii
927 512 1263 584 frequentes
1303 529 1438 570 cum
1493 511 1659 586 ipsis.
1714 514 1893 587 Capta
1939 518 2082 571 sunt

2201 513 2396 572 πολλοὶ
2453 516 2513 572 ἔκ
2564 538 2624 574 τε
2652 517 2939 592 Ῥωμαίων
2972 518 3061 574 καὶ
3107 514 3462 595 Βουλγάρων,
3512 522 3848 594 ζωγροῦνταε

423 603 563 658 item
622 601 824 656 omnia
865 608 1081 668 castra,
1132 607 1189 658 et
1232 604 1436 659 omnia
1481 621 1613 675 quae
1651 603 1711 660 in
1744 605 1890 676 ipsis
1919 609 2088 661 erant

427 692 850 764 direpta.§Hinc
890 697 1086 762 aperte
1119 692 1351 765 Bulgari
1401 694 1692 748 Rodinum
1742 711 1934 767 regem
1986 695 2086 749 de-

427 781 679 851 clarant,
735 785 800 836 ut
843 781 1065 836 dictum
1122 786 1230 852 est,
1285 787 1512 839 mutato
1561 783 1802 838 nomine
1850 784 2085 838 Petrum

431 870 819 942 appellantes.
851 871 921 925 Et
951 870 1007 925 in
1042 871 1190 926 duas
1224 878 1420 943 partes
1451 872 1644 944 divisi,
1675 873 1774 929 alii
1809 891 1942 930 cum
1974 873 2086 930 Bo-

430 959 568 1016 dino
596 961 666 1014 ad
700 959 906 1015 Nisum
937 976 1000 1015 se
1029 961 1345 1018 contulere.
1399 962 1499 1016 alii
1548 963 1826 1018 Petrilum
1877 980 2085 1034 quem-

430 1049 590 1116 dam,
645 1050 740 1104 cui
774 1050 974 1120 primae
1005 1051 1158 1120 apud
1195 1051 1479 1106 Bodinum
1515 1058 1712 1124 partes
1742 1053 2084 1109 defereban-

429 1139 548 1201 tur,
610 1135 799 1192 secuti
859 1137 1141 1191 adversus
1201 1137 1520 1204 Romanos,
1565 1139 1668 1211 qui
1717 1140 1774 1194 in
1825 1140 2086 1196 Castoria

429 1230 617 1296 erant,
645 1226 887 1297 profecti
917 1230 1058 1281 sunt
1092 1242 1103 1280 :
1139 1225 1259 1282 illic
1289 1228 1444 1284 enim
1479 1247 1649 1284 muro
1703 1231 2084 1303 muniendam

435 1313 641 1369 urbem
687 1318 1059 1379 curaverant,
1109 1314 1390 1372 Romanis
1438 1320 1717 1389 faventes,
1767 1325 1831 1374 ut
1861 1320 2084 1374 dictum

431 1409 542 1473 est,
574 1409 632 1460 et
661 1405 936 1461 Acbridis
963 1412 1168 1478 praeter
1196 1408 1492 1464 Marianus
1521 1417 1578 1464 ct
1619 1410 1900 1480 patricius
1948 1410 2086 1465 Dia-

433 1493 632 1548 boleos
661 1499 718 1548 et
744 1496 1055 1566 proconsul
1093 1497 1502 1569 'l‘heognostus
1533 1499 1794 1566 Burtzes,
1849 1504 1905 1555 et
1951 1516 2085 1555 cum

437 1581 568 1652 ipso
599 1582 876 1639 Castoriaa
908 1586 1607 1656 praefectus,quibuscum
1640 1589 1872 1644 Borises
1904 1589 2082 1644 David

430 1677 489 1727 et
517 1671 617 1727 alii
649 1673 840 1741 multi,
875 1675 972 1745 qui
1019 1677 1184 1730 veriti
1235 1677 1645 1747 indigenarum
1697 1679 2084 1751 Bulgarorum

429 1764 625 1819 minas
654 1764 712 1820 in
738 1765 1060 1822 Castoriam
1085 1771 1371 1839 tanquam
1395 1771 1468 1824 ad
1491 1770 1720 1842 asylum
1745 1774 2082 1843 confugere.

432 1861 579 1917 Cum
612 1862 792 1934 igitur
822 1864 1068 1920 Petrilus
1101 1866 1170 1920 ad
1204 1867 1525 1923 Castoriam
1559 1869 1918 1940 pervenisset
1948 1885 2080 1925 cum

430 1951 851 2009 innumerabili
899 1955 1286 2028 Bulgarorum
1336 1975 1538 2026 manu,
1591 1976 1721 2032 quae
1758 1961 1828 2015 ad
1860 1959 2081 2016 bellum

431 2042 794 2112 pertinerent
825 2046 969 2100 717
1009 2047 1408 2118 comparabat.
1443 2049 1691 2105 Romani
1723 2067 1857 2106 vero
1904 2051 2080 2105 etiam

430 2130 547 2203 ipsi
595 2131 872 2190 instructi
905 2135 1189 2191 adversus
1219 2153 1484 2209 erupere,
1517 2144 1574 2194 et
1605 2139 1826 2210 ingenti
1858 2140 2080 2213 impetu

431 2237 567 2276 cum
601 2221 748 2292 ipsis
778 2224 1077 2297 congressi
1109 2226 1364 2282 fundunt
1395 2227 1762 2300 Petrilum,et
1790 2230 1848 2286 in
1883 2232 2082 2304 fugam

427 2311 759 2382 conjectum
787 2318 1007 2386 cogunt
1036 2330 1138 2384 per
1167 2315 1353 2371 invios
1403 2325 1630 2374 montes
1673 2319 1743 2374 ad
1777 2337 1952 2378 suum
1988 2324 2084 2377 do-

435 2399 666 2456 minum
699 2401 1043 2458 Michaelem
1079 2405 1400 2474 pervenire,
1432 2411 1489 2462 et
1519 2406 1905 2480 Bulgarorum
1949 2411 2082 2483 plu-

430 2489 618 2544 rimos
650 2490 1315 2566 occidunt,capiuntque
1346 2511 1480 2551 eum
1515 2497 1614 2570 qui
1650 2505 1781 2570 post
1803 2500 2083 2556 Petrilum

434 2579 495 2633 in
509 2577 818 2635 Cbrobatis
833 2583 1052 2636 secund
1065 2599 1160 2637 um
1179 2584 1445 2640 ordinem
1461 2587 1796 2655 ducebat,et
1812 2590 1883 2645 ad
1899 2590 2082 2662 impe-

435 2672 690 2723 ratorem
725 2669 988 2724 vinctum
1025 2672 1378 2742 perducunt.
1412 2675 1673 2732 Bodinus
1704 2683 1901 2734 autem
1952 2696 2084 2734 cum

436 2756 508 2810 ad
540 2757 744 2812 Nisum
782 2760 1162 2828 pervenisset,
1195 2767 1258 2815 ut
1275 2762 1404 2832 jam
1437 2763 1849 2835 imperatorem
1881 2785 1914 2822 a
1947 2768 2088 2822 Bul-

437 2844 636 2915 garica
666 2845 966 2915 provincia
997 2855 1308 2916 coerceret,
1343 2852 1540 2907 omnia
1571 2853 1740 2909 obvia
1786 2857 2086 2927 praedaba-

438 2935 556 3000 tur,
589 2949 688 2987 eos
719 2949 754 2986 a
785 2935 1000 3004 quibus
1035 2951 1146 2990 non
1175 2937 1541 3009 exciperetur
1596 2942 1817 3013 quique
1850 2960 2088 3000 recusa-

437 3026 568 3075 rent
591 3021 718 3091 ejus
750 3023 1311 3095 imperium,vexans
1340 3034 1397 3083 et
1427 3030 1918 3096 otl‘endens.Quod
1951 3051 2086 3090 cum

437 3109 703 3166 audisset
733 3111 1073 3184 imperator,
1101 3113 1328 3170 cladem
1363 3117 1630 3175 videlicet
1659 3121 1828 3178 ducis
1857 3128 1915 3179 et
1960 3126 2089 3193 ejus

435 3198 910 3271 declarationem,
960 3205 1287 3260 Saronitem
1350 3207 1632 3265 adversus
1689 3228 1822 3267 eum
1885 3214 2086 3282 mittit,

433 3303 749 3370 antequam
815 3301 1039 3358 malum
1108 3306 1524 3362 accenderetur
1579 3314 1637 3364 et
1692 3310 1752 3364 in
1811 3327 2083 3383 magnam

436 3385 738 3444 ﬂammam
787 3392 1078 3460 evaderet,
1112 3395 1487 3464 exstinguere
1517 3399 1835 3463 festinans;
1867 3410 1919 3455 et
1953 3418 2084 3456 cum

437 3475 567 3546 ipso
599 3477 876 3532 idoneum
911 3495 1144 3550 quoque
1177 3483 1342 3537 misit
1367 3485 1788 3554 exercitum,ex
1821 3487 2090 3543 Macedo-

443 3563 622 3619 nibus
652 3570 710 3620 et
740 3568 1018 3623 Romanis
1047 3569 1403 3642 Francisque
1429 3579 1720 3630 coactum.
1752 3576 1966 3633 Verum
1996 3577 2089 3632 hic

439 3653 510 3707 ad
545 3653 889 3724 Scopiorum
927 3658 1130 3713 urbem
1165 3661 1479 3731 profectus,
1501 3663 1722 3721 nullam
1751 3683 1954 3722 eorum
1987 3668 2088 3739 qui

439 3741 563 3796 Nisi
595 3753 760 3800 erant
791 3745 1073 3802 rationem
1107 3747 1378 3805 habebat.
1436 3753 1734 3810 Profectus
1783 3755 1982 3828 igitur,
2035 3762 2093 3812 et

438 3829 685 3906 Georgio
717 3833 1015 3904 Boitacbo,
1056 3837 1152 3892 cui
1203 3841 1342 3894 urbs
1390 3843 1712 3899 commissa
1758 3851 1902 3913 erat,
1953 3847 2088 3901 data

440 3920 554 3979 ﬁde
606 3923 752 3978 nihil
798 3941 932 3981 eum
975 3927 1308 3984 detrimenti
1357 3947 1698 4003 passurum,
1744 3935 2089 4007 Scapiorum

442 4012 648 4068 urbem
678 4020 997 4087 expugnat,
1029 4017 1231 4088 ibique
1263 4025 1457 4076 castra
1486 4021 1661 4090 locat,
1711 4029 1767 4079 et
1816 4026 1956 4096 quid
2009 4025 2092 4081 fa-

441 4102 716 4158 ciendum
751 4104 824 4158 de
853 4104 925 4160 iis
955 4106 1050 4174 qui
1083 4106 1208 4162 Nisi
1240 4114 1408 4164 erant
1438 4112 1809 4168 consultabat
1856 4133 1922 4170 ac
1971 4132 2091 4171 me-

443 4191 986 4250 ditabatur.Verum
1019 4196 1356 4264 Boitachus,
1384 4217 1556 4271 quem
1585 4204 1707 4272 jam
1741 4205 2096 4274 pmnituerat

441 4284 565 4336 tam
593 4280 691 4335 diu
722 4282 942 4338 bonum
971 4284 1148 4340 fuisse
1177 4291 1234 4341 et
1284 4289 1576 4346 Romanos
1625 4299 1890 4349 secutum
1942 4311 2092 4364 esse,

446 4377 598 4433 clam
630 4377 702 4433 iis
734 4380 834 4451 qui
870 4380 999 4436 Nisi
1032 4383 1322 4455 degebant
1343 4385 1623 4444 indicavit
1644 4395 1709 4446 ut
1730 4392 1801 4446 ad
1825 4410 1888 4448 se
1919 4409 2093 4465 quam

449 4466 752 4523 celerrime
803 4469 1090 4539 venirent,
1139 4477 1197 4528 et
1239 4490 1338 4529 eos
1387 4477 1486 4547 qui
1541 4479 1691 4534 718
1739 4497 1874 4537 cum
1924 4483 2093 4538 Saro-

447 4555 568 4611 nite
593 4563 762 4612 erant
784 4557 1056 4630 ignavius
1086 4562 1358 4634 degentes
1390 4583 1456 4621 ac
1485 4569 1748 4641 segnius,
1799 4571 1927 4628 sine
1974 4572 2096 4628 ulla

2199 601 2255 660 δὲ
2285 605 2535 662 πλεῖστοι
2566 608 2655 662 καὶ
2705 608 2865 671 αὐτὸς
2912 611 2939 663 6
2981 606 3109 680 δοὺξ
3142 609 3414 682 Δαμιανὸς
3446 610 3474 663 6
3506 607 3858 680 Δαλασσηνὸς

2197 692 2227 748 8
2272 716 2330 750 τε
2381 694 2677 772 λεγόμεςος
2724 693 3005 770 Προϐατᾶς
3069 697 3158 752 καὶ
3209 699 3236 752 6
3299 692 3856 773 Αογγιϐαρδόπουλος

2195 785 2282 838 καὶ
2324 781 2502 860 ἕτεροι
2562 787 2762 862 συχνοὶ
2821 786 2913 842 σὺν
2974 787 3180 850 αὐτοῖς.
3246 787 3488 864 Ἐλήφθη
3552 784 3610 842 δὲ
3665 788 3754 842 καὶ
3817 790 3856 858 ἡ

2195 879 2524 956 παρεμϐολὴ
2587 885 2789 953 ἁπασα,
2834 885 2922 940 καὶ
2967 890 3074 941 τῶν
3123 885 3174 940 έν
3219 885 3354 958 αὐτῇ
3381 887 3596 940 πάντων
3631 883 3859 940 διασκύ-

2197 969 2377 1034 λευσις
2427 975 2656 1047 γίνεται.
2710 977 2982 1038 Ἐντεῦθεν
3037 973 3260 1045 ἀναίὸην
3313 976 3364 1030 οἳ
3414 974 3720 1050 Βούλγαροι
3759 975 3860 1030 τὸν

2197 1058 2420 1118 Βοδίνον
2482 1062 2708 1138 βασιλέα
2765 1064 3203 1141 ἀναγορεύουσιν,
3253 1065 3327 1126 ὡς
3361 1062 3595 1139 εἶ’ρηται,
3649 1064 3859 1141 Πέτρον

2199 1151 2686 1223 μετονομάσαντες,
2747 1160 2887 1228 Διχῆ
2946 1174 3006 1208 τε
3059 1151 3411 1227 διαιρεθέντες
3461 1154 3514 1207 οἱ
3565 1153 3660 1226 μὶν
3719 1155 3864 1225 μετὰ

2193 1245 2291 1294 τοῦ
2323 1239 2552 1297 Βοδίνου
2615 1242 2691 1304 εἰς
2742 1244 2834 1297 τὸν
2894 1242 3054 1298 Νίσον
3088 1243 3353 1317 ἀπῄεσαν,
3411 1243 3462 1297 οἱ
3495 1239 3552 1297 δὶ
3584 1243 3860 1318 Ηετρίλον

2193 1330 2315 1385 τινὰ
2361 1331 2426 1385 τὰ
2479 1336 2671 1403 πρῶτα
2731 1333 2877 1406 παρὰ
2927 1338 3006 1405 τῷ
3051 1330 3264 1404 Βοδίνῳ
3311 1334 3545 1410 φέροντα
3600 1333 3860 1406 παραλα-

2195 1414 2381 1482 ϐόντες
2442 1421 2579 1475 κατὰ
2631 1425 2738 1476 τῶν
2801 1422 2852 1476 ἰν
2919 1423 3188 1496 Καστορίᾳ
3240 1421 3531 1494 Ῥωμαίων
3591 1421 3856 1476 ἀπίασιν⁶

2196 1509 2367 1566 ἐκεῖσε
2416 1512 2515 1587 γὰρ
2540 1510 2960 1588 διατετειχίσθαι
3017 1516 3118 1583 τήν
3167 1513 3330 1569 πόλιν
3364 1515 3418 1568 oi
3453 1514 3518 1568 τὰ
3562 1513 3859 1586 Ῥωμαίων

2196 1606 2541 1676 φρονοῦντες,
2602 1603 2678 1664 ὡς
2735 1601 2968 1676 ε’ίρηται,
3029 1602 3059 1658 6'
3110 1624 3166 1659 τε
3221 1611 3320 1673 τῆς
3352 1601 3616 1679 Ἀχρίδος
3653 1622 3861 1679 στρατ-

2195 1691 2327 1765 ηγὸς
2387 1691 2664 1766 Μαριανὸς
2702 1692 2791 1746 καὶ
2825 1694 2852 1748 6
2882 1701 2982 1762 τῆς
3013 1688 3324 1756 Διαϐόλεως
3375 1694 3404 1748 6
3436 1692 3723 1768 πατρίκιος
3756 1692 3857 1747 καὶ

2197 1779 2500 1843 ἀνθύπατος
2543 1781 2887 1855 Θεόγνωστος
2937 1781 2964 1836 6
3015 1781 3316 1855 Βούρτζης,
3351 1780 3444 1836 σὺν
3473 1781 3624 1854 αύτῷ
3656 1778 3714 1836 δὶ
3761 1781 3862 1836 καὶ

2117 1891 2162 1955 Β
2197 1870 2304 1925 ὁὲν
2362 1872 2629 1945 Καστορίᾳ
2677 1876 3017 1946 στρατηγῶν.
3070 1873 3205 1935 Μεθ’
3260 1873 3332 1926 ὧν
3393 1872 3483 1951 καὶ
3541 1872 3569 1926 6
3611 1871 3861 1945 Βορίσης

2194 1955 2359 2015 Δαϐὶδ
2406 1960 2496 2015 καὶ
2547 1958 2709 2016 ἄλλοι
2743 1960 2969 2028 πολλοὶ,
3004 1959 3202 2025 οἵτινες
3255 1957 3493 2024 δεδιότες
3519 1961 3620 2029 τὴν
3651 1958 3710 2014 ἐκ
3737 1963 3859 2014 τῶν

2195 2048 2455 2124 ἱθαγενῶν
2516 2047 2848 2125 Βουλγάρων
2907 2048 3140 2117 ἀπειλήν
3195 2050 3271 2112 ὡς
3325 2049 3403 2111 είς
3463 2049 3856 2126 κρησφύγετον

2190 2141 2290 2207 τήν
2324 2139 2622 2213 Καστορίαν
2670 2141 2984 2217 συνέφυγον.
3033 2133 3365 2194 Καταλαϐὼν
3425 2139 3516 2193 οὗν
3573 2140 3601 2194 6
3661 2136 3862 2212 ΙΙετρί-

2195 2229 2294 2291 λος
2348 2230 2448 2298 τὴν
2496 2229 2798 2302 Καστορίαν
2841 2228 2976 2301 μετᾶ
3014 2226 3266 2299 πλήθους
3328 2227 3652 2304 Βουλγάρων
3703 2226 3858 2299 ἀμυ-

2195 2321 2364 2388 θήτου
2421 2318 2488 2374 τὰ
2534 2319 2671 2394 πρὸς
2701 2319 2796 2373 τὸν
2843 2317 3090 2390 πόλεμον
3146 2320 3227 2390 [Ρ.
3255 2319 3382 2392 852]
3412 2318 3857 2386 συνεσκευάζετο.

2193 2418 2261 2475 Οἱ
2321 2414 2379 2472 δὲ
2434 2417 2698 2490 Ῥωμαῖοι
2755 2418 2844 2471 καὶ
2898 2417 2948 2470 οἱ
3008 2415 3394 2490 συνταξάμενοι
3444 2413 3670 2488 ἰξῇλθον
3731 2415 3861 2469 κατ’

2195 2507 2398 2571 αὐτῶν,
2448 2506 2536 2560 καὶ
2573 2507 2709 2579 μετᾶ
2739 2506 2920 2583 ῥύμης
2977 2503 3212 2584 σφοδρᾶς
3242 2499 3612 2577 συμϐαλόντες
3661 2504 3858 2568 αὐτοῖς

2193 2597 2449 2672 τρέπουσι
2507 2596 2599 2651 τὸν
2662 2594 2959 2672 Πετρίλον,
3009 2595 3100 2650 καὶ
3146 2600 3330 2672 φυγεῖν
3390 2594 3859 2668 καταναγκάζουσι

2196 2683 2266 2740 δι’
2349 2685 2519 2757 ὁρέων
2595 2681 2808 2740 ἀϐάτων
2889 2686 3025 2759 πρὸς
3101 2684 3196 2739 τὸν
3255 2685 3448 2738 εαυτοῦ
3511 2682 3699 2756 κύριον
3754 2684 3857 2739 τὸν

2196 2774 2492 2850 Μιχαηλᾶν
2551 2774 2900 2850 ἀφικόμενον.
2961 2773 3242 2830 Κτείντιυσι
3275 2770 3332 2828 δὶ
3388 2773 3478 2828 καὶ
3531 2777 3640 2828 τῶν
3670 2772 3853 2829 Βουλ-

2195 2865 2378 2940 γάρων
2429 2863 2695 2927 πολλούς·
2729 2866 2942 2938 αἱροῦσι
2991 2861 3048 2918 δέ
3075 2863 3165 2918 καὶ
3208 2863 3301 2918 τὸν
3355 2863 3488 2935 μετὰ
3541 2862 3633 2916 τὸν
3665 2860 3856 2936 lle-cpt-

2198 2953 2294 3010 λον
2329 2954 2379 3008 έν
2413 2949 2717 3029 Χροϐατοις
2763 2952 3116 3028 τεταγμένον,
3163 2952 3253 3007 καὶ
3301 2952 3437 3025 πρὸς
3475 2951 3566 3005 τὸν
3621 2949 3859 3026 βασιλέα

2199 3043 2484 3117 δεσμώτην
2573 3043 2896 3117 ἀπάγουσιν.
2974 3043 3036 3100 Ὁ
3120 3039 3178 3097 δὶ
3258 3038 3479 3103 Βοδίνος
3536 3041 3628 3095 τὸν
3688 3040 3856 3096 Νίσον

2197 3128 2520 3190 καταλαϐὼν
2580 3133 2652 3194 ὡς
2687 3129 2795 3202 ἤδη
2847 3129 3104 3206 βασιλεὺς
3130 3135 3238 3185 τῶν
3290 3133 3677 3204 Βουλγαρικῶν
3709 3149 3855 3204 πρα-

2199 3226 2423 3300 γμάτιον
2483 3221 2785 3297 ἀντείχετο,
2843 3226 2946 3275 πᾶν
3007 3221 3069 3275 τὸ
3123 3219 3435 3295 προστυχὸν
3493 3217 3857 3290 ληϊζόμενος,

2201 3314 2290 3368 καὶ
2345 3313 2473 3374 τοὺς
2535 3311 2611 3382 μὴ
2671 3307 3004 3386 δεχομένους
3066 3307 3206 3383 μηδὲ
3259 3306 3667 3380 δουλουμένους
3704 3306 3856 3379 αύτῷ

2197 3402 2460 3476 κεραΐζων
2505 3399 2594 3454 καὶ
2627 3398 3053 3472 λυμαινόμενος.
3103 3405 3274 3473 Ὅπερ
3325 3397 3578 3468 ἀκηκοὼς
3629 3398 3657 3452 6
3705 3396 3856 3472 βασι-

2201 3490 2350 3561 λεὺς,
2381 3492 2482 3560 τήν
2512 3510 2568 3544 τε
2605 3493 2702 3543 τοῦ
2749 3486 2942 3550 δουκὸς
2967 3487 3132 3556 ἧτταν
3167 3485 3382 3557 δηλαδή
3415 3487 3504 3541 καὶ
3544 3487 3645 3555 τὴν
3684 3485 3846 3539 αὐτοῦ

2201 3579 2569 3655 ἀναγόρευσιν,
2661 3579 2753 3632 τὸν
2837 3577 3149 3652 Σαρωνίτην
3235 3577 3350 3631 κατ’
3436 3575 3603 3630 αὐτοῦ
3685 3571 3846 3644 ἐξαπ-

2203 3666 2455 3740 έστειλε,
2524 3667 2650 3741 πρὶν
2707 3666 2907 3741 ἐξαφθῇ
2973 3667 3036 3722 τὸ
3092 3667 3256 3721 κακὸν
3313 3664 3402 3720 καὶ
3459 3664 3537 3727 εἲς
3605 3661 3846 3737 μεγάλην

2205 3758 2399 3834 ἐξαρθῇ
2462 3757 2642 3835 φλόγα
2677 3800 2690 3823 ,
2747 3751 3070 3811 κατασϐέσαι
3145 3759 3307 3810 τοῦτο
3375 3754 3850 3827 κατεπειγόμενος.

2207 3854 2656 3927 Συνεξαπέστειλε
2709 3852 2766 3910 δὲ
2840 3854 2988 3926 αύτῷ
3052 3855 3138 3909 καὶ
3201 3854 3508 3930 στράτευμα
3563 3849 3847 3924 ἀξιόλογον

2206 3945 2553 4022 συγκείμενον
2628 3943 2687 4000 ἔκ
2743 3965 2801 3998 τε
2869 3941 3194 4000 Μακεδόνων
3266 3944 3355 3998 καὶ
3422 3940 3702 4015 Ῥωμαίων
3755 3937 3855 3992 καὶ

2205 4037 2496 4110 Φράγγων.
2558 4030 2714 4090 Ἀλλ’
2769 4030 2927 4094 οὗτος
2988 4033 3082 4105 μὲν
3123 4033 3258 4107 πρὸς
3300 4033 3399 4100 τήν
3457 4035 3565 4086 τῶν
3599 4027 3857 4084 Σκοπίων

2203 4125 2367 4180 πόλιν
2398 4124 2495 4192 τὴν
2531 4124 2708 4197 ὁρμὴν
2733 4122 3062 4195 ποιούμενος
3121 4126 3230 4176 τῶν
3282 4121 3335 4176 έν
3393 4124 3475 4193 τῷ
3519 4119 3666 4190 Νίσῳ
3709 4113 3860 4172 οὔδε-

2209 4213 2331 4287 μίαν
2362 4209 2622 4290 φροντίδα
2680 4211 2906 4266 ἐτίθετο.
2961 4211 3410 4286 Παραγενόμενος
3462 4206 3578 4276 οὖν,
3633 4206 3723 4261 καὶ
3780 4209 3862 4277 τῷ

2205 4303 2578 4374 πιστευομένῳ
2648 4299 2848 4369 ταύτην
2915 4299 3174 4375 ῐέωργίῳ
3230 4303 3310 4370 τῷ
3371 4297 3629 4371 Βοϊτάχῳ
3687 4294 3858 4368 λόγον

2209 4389 2462 4454 δεδωκὼς
2491 4391 2564 4452 ὡς
2594 4389 2746 4466 ούδέν
2803 4388 3042 4466 φλαῦρον
3100 4390 3485 4458 ὁποστήσεται,
3533 4386 3630 4454 τὴν
3691 4381 3858 4438 πόλιν

2205 4486 2312 4537 τῶν
2376 4462 2634 4535 ΣκοπίωνΙ
2690 4479 2867 4552 αἱρεῖ,
2919 4477 3016 4532 κᾶν
3065 4477 3235 4552 ταύτῃ
3289 4477 3389 4544 τὴν
3441 4469 3862 4550 στρατοπεδείαν

2210 4573 2476 4646 πήγνυσι,
2553 4567 2643 4622 καὶ
2695 4566 2820 4644 περί
2891 4572 2997 4622 τῶν
3057 4565 3110 4621 ἐν
3151 4571 3228 4638 τῷ
3284 4566 3438 4637 Νίσῳ
3478 4562 3542 4618 τὸ
3601 4562 3866 4631 ποιητέον

447 4645 826 4702 ωἱεοτοιίοη·ν
857 4648 1174 4706 crudeliter
1203 4669 1409 4710 omnes
1457 4657 1528 4712 ad
1580 4675 1765 4714 unum
1820 4661 2089 4718 interﬁce-

2206 4633 2421 4717 ἐσκόπει
2465 4633 2555 4712 καὶ
2604 4633 2854 4730 ἐμελέτα.
2890 4654 3046 4712 Ἀλλ’
3071 4656 3098 4709 ὸ
3150 4633 3420 4729 Βοϊτάχος
3456 4648 3865 4726 μεταμεληθεὶς

446 4741 595 4791 rent.
653 4737 783 4805 Qui,
834 4744 1073 4810 accepto
1116 4743 1344 4824 nuntio,
1407 4747 1647 4817 profecti
1695 4748 1832 4806 Niso
1889 4751 2100 4824 Scopia

446 4826 740 4896 petebant,
773 4834 1045 4900 cooperta
1076 4836 1230 4888 terra
1257 4833 1386 4890 nive
1437 4852 1451 4891 :
1505 4835 1692 4893 hiems
1744 4841 1898 4896 enim
1950 4845 2098 4912 erat,

451 4924 751 4979 Decembri
803 4941 1026 4984 mense.
1080 4931 1244 4996 Quod
1299 4948 1431 4988 cum
1466 4937 1898 5006 persensissent
1928 4939 1966 4995 ii
2000 4941 2098 5011 qui

447 5027 582 5066 cum
635 5014 902 5071 Saronite
951 5023 1138 5086 erant,
1185 5020 1469 5078 adversus
1516 5024 1678 5097 ipsos
1721 5043 1854 5082 cum
1907 5029 2099 5084 omni-

451 5100 560 5155 bus
619 5103 802 5174 copiis
859 5105 1222 5179 irrumpunt,
1273 5115 1329 5165 et
1386 5110 1445 5165 in
1507 5113 1714 5171 itinere
1771 5117 2098 5188 deprehen-

451 5204 549 5243 sos
599 5191 670 5244 ad
719 5196 1036 5263 quemdam
1092 5196 1286 5254 locum
1336 5203 1572 5259 nomine
1621 5204 1931 5272 Taonium,
1985 5207 2102 5262 fere

453 5293 660 5368 omnes
693 5280 1073 5342 interficiunt.
1105 5289 1345 5360 Capitur
1369 5291 1544 5347 etiam
1581 5294 1860 5352 Bodinus.
1889 5296 2098 5368 Longi-

454 5367 816 5458 bardopulus
841 5389 996 5441 vero,
1027 5381 1089 5430 ut
1118 5377 1340 5433 dictum
1373 5383 1562 5448 est,ad
1599 5383 1937 5441 Michaelem
1972 5367 2092 5458 per-

454 5456 690 5526 ductus,
723 5459 859 5515 data
889 5470 1246 5536 acceptaque
1281 5468 1416 5535 ﬁde,
1448 5471 1576 5542 ejus
1629 5472 1810 5529 ﬁliam
1860 5456 2098 5532 uxorem

455 5544 638 5631 ducit.
673 5546 855 5619 Eique
887 5550 1094 5623 ingens
1127 5557 1518 5614 committitur
1545 5561 1853 5631 exercitus,
1889 5581 1916 5619 ε
1951 5566 2101 5621 Lon-

455 5630 721 5702 gibardis
747 5639 806 5690 et
833 5639 1022 5694 Servis
1053 5643 1364 5714 conﬂatus;
1399 5663 1653 5718 quocum
1699 5653 1769 5706 ad
1821 5653 2100 5712 auxilium

456 5720 660 5777 Bodini
695 5724 915 5783 missus
947 5745 1154 5788 rursus
1182 5733 1460 5793 Romanis
1489 5744 2104 5812 repugnat.Saronites

2207 4749 2292 4806 ὅτι
2365 4746 2432 4816 δὴ
2508 4750 2692 4807 ποσῶς
2765 4745 2963 4820 ἀγαθὸς
3042 4744 3230 4820 γέγονε
3309 4741 3516 4796 καὶτὰ
3565 4741 3868 4812 Ῥωμαίων

2209 4837 2494 4917 ἐφρόνησε,
2544 4834 2816 4910 λαθραίως
2882 4838 2999 4895 τοῖς
3051 4833 3101 4887 έν
3164 4836 3244 4904 τῷ
3295 4831 3446 4902 Νίσῳ
3503 4827 3707 4917 έδήλου
3760 4826 3869 4917 ἀφῗ

2212 4914 2479 4982 ικνεῖσθαι·
2525 4924 2618 4997 μὶν
2670 4922 2721 4977 έν
2769 4923 2929 4997 τάχει
2972 4921 3106 4996 πρὸς
3162 4919 3344 4987 αὑτὸν,
3401 4918 3492 4973 καὶ
3547 4916 3676 4978 τοὺς
3735 4914 3868 4988 περὶ

2206 5018 2298 5073 τὸν
2353 5013 2663 5090 Σαρωνίτην
2745 5011 3112 5087 ῥᾳθυμότερον
3174 5006 3459 5083 διάγοντας
3525 5005 3616 5061 καὶ
3667 5003 3871 5078 ἀμελέ-

2210 5124 2396 5180 στερον
2459 5101 2723 5164 ἀνοίκτως
2779 5101 2866 5155 καὶ
2924 5099 3092 5172 ὠμῶς
3145 5092 3355 5168 ἡϐηδὸν
3418 5095 3744 5171 ἀποσφάξαι.
3804 5091 3872 5148 Οἵ

2213 5192 2280 5264 δὴ
2313 5194 2408 5262 την
2463 5187 2723 5267 ἂγγελίαν
2781 5185 3082 5262 δεξάμενοι.
3143 5185 3368 5263 ἄρανοες
3412 5185 3472 5241 ἐκ
3520 5188 3618 5240 τοῦ
3673 5183 3873 5250 Νίσου,

2212 5293 2350 5368 πρὸς
2405 5291 2473 5344 τὰ
2530 5288 2744 5344 Σκόπια
2794 5285 2966 5356 ἵεντο,
3025 5284 3175 5362 χιόνι
3233 5282 3653 5358 κεκαλυμμένης
3698 5279 3874 5352 οὔσης

2209 5389 2310 5450 τῆς
2370 5387 2507 5456 γῆς·
2586 5377 2798 5452 χειμὼν
2868 5376 2972 5452 γὰρ
3027 5377 3134 5445 ἦν,
3191 5369 3525 5450 Δεκεμϐριου
3572 5371 3872 5443 ἱσταμένου

2215 5471 2408 5546 μηνός.
2473 5469 2883 5538 Συναισθήσεως
2942 5465 3001 5522 δὲ
3056 5471 3176 5527 τοῖς
3223 5465 3346 5537 περὶ
3404 5464 3494 5517 τὸν
3553 5460 3873 5537 Σαρωνίτην

2210 5560 2509 5637 γενομένης
2560 5554 2717 5628 ἔξεισι
2759 5557 2875 5610 κατ’
2933 5555 3110 5610 αὐτῶν
3152 5550 3504 5627 παμπληθεῖ,
3561 5551 3650 5607 καὶ
3703 5569 3874 5604 κατα-

2209 5645 2395 5706 λαϐὼν
2455 5647 2649 5708 αὐτοὺς
2696 5647 2831 5702 κατὰ
2880 5645 2978 5715 τήν
3008 5643 3133 5700 ὁδὸν
3179 5640 3232 5698 ἓν
3265 5663 3374 5696 τινι
3402 5642 3556 5715 τόπῳ
3586 5638 3873 5717 λεγομένω

2211 5737 2448 5810 Ἰαωνίῳ
2498 5738 2707 5816 ἀναιρεῖ
2749 5736 2944 5818 σχεδὸν
2998 5734 3129 5798 τοὺς
3178 5732 3530 5806 σύμπαντας·
3591 5730 3879 5787 ἁλίσκεται
