4122 6398
295 404 411 465 H9

1839 401 2202 465 HISTORIA
2219 447 2232 460 .

3622 424 3742 485 450

311 535 370 593 δὶ
420 536 507 591 καὶ
566 536 596 590 6
666 533 919 598 Βοδίνος.
977 537 1040 595 Ὁ
1097 534 1155 592 δὲ
1226 533 1788 615 Λογγιϐαρδόπουλος
1825 580 1838 606 ,
1899 534 1972 596 ὡς

2096 539 2282 590 autem
2318 535 2606 590 Bodinum
2658 537 2819 594 misit
2866 538 3201 612 imperatori
3252 547 3534 609 vinctum.
3571 553 3741 612 Rele-

316 626 541 704 εἴρηται,
573 625 768 702 ἀρθεὶς
814 626 953 703 πρὸς
997 627 1087 681 τὸν
1133 627 1428 704 Μιχαηλᾶν
1473 627 1562 683 καὶ
1617 627 1786 703 λόγον
1847 623 1970 686 δοὺς

311 717 400 772 γαὶ
447 711 661 788 λαϐὼν,
727 715 1007 792 ζεύγνυται
1057 719 1124 791 τῇ
1172 715 1371 773 τούτου
1426 717 1648 794 θυγατρὶ
1697 716 1786 772 καὶ
1840 715 1971 771 λαὸν

306 805 391 861 ὅτι
479 803 744 860 πλεῖστον
829 805 1134 860 πιστεύεται
1219 805 1327 862 ἀπὸ
1413 801 1805 882 Λογγιϐἀρδων
1883 804 1975 859 καὶ

311 889 537 972 Σὲρϐων
571 894 953 970 συγκείμενον,
1012 896 1128 968 μεθ’
1179 896 1241 950 οὗ
1272 895 1359 950 καὶ
1400 897 1537 972 πρὸς
1571 897 1825 970 βοήθειαν
1879 896 1976 948 τοῦ

311 981 548 1044 Βοδίνου
617 981 950 1048 ἀποσταλεὶς
1001 982 1153 1049 αὖθις
1209 989 1326 1046 τοῖς
1382 985 1680 1057 Ῥωμαίοις
1733 983 1976 1039 ἀποκαθ-

323 1074 550 1130 ίσταται.
607 1073 681 1130 Ὀ
741 1070 799 1128 δὲ
857 1072 1173 1148 Σαρωνίτης
1223 1075 1317 1128 τὸν
1368 1071 1596 1131 Βοδίνον
1637 1068 1979 1143 ἐξαπέστειλε

321 1164 460 1240 πρὸς
513 1163 602 1218 τὸν
666 1160 898 1236 βασιλέα
954 1159 1198 1235 δέσμιον.
1262 1163 1632 1238 ΙΙεριορισθεῖς
1691 1159 1748 1217 δὶ
1806 1160 1857 1215 ἐν
1907 1163 1976 1234 τῇ

329 1256 425 1307 τοῦ
480 1250 670 1325 Ἀγίου
727 1252 959 1326 Σεργίου
1015 1255 1180 1324 μονῇ,
1239 1251 1374 1325 μετᾶ
1423 1251 1604 1328 βραχὺ
1653 1249 1978 1327 παραδοθεὶς

321 1347 398 1412 τῷ
453 1345 738 1413 Κομνηνῷ
789 1340 1040 1413 ἰσαακίῳ
1104 1338 1214 1412 ἤδη
1265 1336 1706 1417 προϐεϐλημένῳ
1758 1344 1980 1396 -Αντιο-

314 1431 440 1506 χεία
499 1426 660 1483 δουκὶ
716 1428 944 1503 ἀπήχθη
999 1428 1076 1491 είς
1109 1430 1469 1507 Ἀντιόχειαν.
1520 1433 1692 1504 Ὅπερ
1749 1428 1981 1492 ἀκούσας

312 1521 341 1574 ό
374 1517 583 1573 τούτου
613 1519 794 1590 πατὴρ
835 1519 862 1572 ὁ
912 1515 1234 1594 Μιχαηλᾶς.
1284 1521 1370 1596 [Ρ.
1401 1521 1528 1594 853]
1564 1519 1978 1593 μισθωσάμενος

312 1607 643 1672 Βενετίκους
669 1606 820 1670 τινὰς
877 1607 1170 1683 βαλαντίου
1201 1605 1394 1684 ἆδροῦ,
1445 1611 1530 1670 οἷς
1574 1607 1734 1684 ἔργον
1779 1607 1978 1672 θαλατ-

305 1702 603 1771 τοπορεῖν,
651 1695 925 1771 ἀπέκλεψε
969 1701 1162 1752 τοῦτον
1209 1695 1408 1753 ἐκεῖθεν
1458 1699 1546 1752 καὶ
1582 1701 1652 1772 τῇ
1694 1695 1806 1769 ἰδίᾳ
1830 1695 1979 1771 ἀρχῇ

309 1785 800 1857 ἀποκατέστησεν
861 1787 918 1849 ὃς
974 1787 1066 1841 καὶ
1128 1787 1264 1860 μετᾶ
1328 1787 1549 1851 θάνατον
1629 1791 1724 1841 τυῦ
1779 1787 1983 1860 πατρὸς

304 1878 409 1945 τήν
439 1876 632 1952 ἀρχὴν
682 1877 777 1931 κᾶν
827 1881 944 1941 τοῖς
993 1876 1287 1953 ἡμετέροις
1334 1876 1557 1952 χρόνοις
1609 1873 1880 1946 διήνυσεν.
1921 1875 1980 1931 Ὁ
2014 1911 2060 1977 Β

312 1963 371 2021 δε
404 1966 688 2042 Βοϊτάχος
743 1965 981 2030 ἐτασθεὶς
1038 1964 1288 2045 σφοδρῶς
1347 1965 1398 2020 ἐν
1458 1970 1536 2038 τῷ
1582 1965 1794 2021 ἀπιέναι
1845 1965 1981 2038 πρὸς

319 2057 413 2110 τὸν
478 2052 710 2130 βασιλέα
765 2054 1035 2126 τελευτᾷ,
1100 2056 1176 2128 μή
1233 2055 1516 2129 ἐξαρκέσας
1580 2060 1701 2116 ταῖς
1761 2053 1820 2109 bc
1873 2059 1981 2108 τῶν

331 2144 564 2219 πληγῶν
599 2142 834 2208 ὀδύναις.
867 2142 934 2202 (ﬂ
987 2165 1049 2220 γε
1101 2147 1208 2218 μὴν
1261 2144 1565 2219 ’Δλαμάνοι
1610 2145 1698 2199 καὶ
1733 2143 1981 2220 Φράγγοι

329 2234 494 2308 (γένη
547 2232 603 2289 δι
644 2231 796 2289 οὗτοι
853 2231 1065 2308 δυτικά)
1123 2235 1258 2290 κατᾶ
1313 2241 1414 2303 τῆς
1453 2235 1645 2311 χώρας
1704 2234 1985 2311 ἀφεθέντες

325 2328 644 2397 καθαιροῦσι
703 2325 800 2396 μὶν
845 2325 913 2379 τὰ
969 2323 1021 2378 ἂν
1079 2327 1146 2398 τῇ
1207 2325 1429 2400 ΙῘρέσπᾳ
1481 2329 1590 2379 τῶν
1649 2322 1980 2398 Βουλγάρων

335 2411 781 2485 ὑπολελειμμένα
858 2411 1105 2489 βασίλεια
1139 2459 1152 2483 ,
1231 2412 1555 2469 σκυλεύουσι
1623 2411 1680 2468 δὲ
1745 2413 1833 2468 καὶ
1889 2414 1982 2468 τὸν

321 2501 499 2558 ἕκεῖσε
551 2501 674 2557 ναὸν
708 2545 722 2570 ,
791 2502 850 2566 ὃς
909 2501 992 2557 ἐπ’
1050 2501 1275 2576 ὀνόματι
1327 2507 1424 2558 τοῦ
1472 2503 1627 2579 ἁγίου
1685 2499 1983 2578 Ἀχιλλίου

314 2589 561 2666 ἵδρυται,
615 2587 849 2665 μηδενὸς
903 2595 1010 2646 τῶν
1069 2591 1120 2647 ἐν
1182 2592 1372 2664 ἐκείνῳ
1428 2591 1742 2669 φεισάμενοι
1803 2593 1983 2666 ἱερῶν,

324 2682 399 2736 ὧν
474 2681 599 2735 τινα
667 2681 764 2754 μὶν
821 2679 974 2744 αὖθις
1043 2682 1432 2752 ἀνεσώθησαν,
1492 2682 1558 2736 τὰ
1615 2679 1672 2737 δὶ
1730 2680 1899 2737 λοιπά
1955 2683 1983 2736 6

322 2773 554 2844 στρατὸς
614 2768 1034 2843 διανειμάμενος
1084 2770 1163 2833 εἷς
1217 2773 1416 2848 χρῆσιν
1471 2769 1608 2826 ἰδίαν
1663 2769 1982 2844 μετεσκεύα-

319 2881 438 2917 σαν.
519 2861 617 2921 Ti:
697 2860 786 2913 οὗν
862 2863 969 2914 τῶν
1048 2865 1394 2934 στρατιωτῶν
1452 2868 1552 2930 τῆς
1614 2858 1986 2930 Μακεδονικῆς

325 2951 624 3028 φάλαγγος
685 2945 784 3017 ὤν,
845 2948 1165 3022 ἀξιούμενος
1221 2946 1518 3005 ἀποδοῦναι
1577 2949 1709 3026 ὅπερ
1769 2948 1984 3028 εἰλήφει

323 3041 495 3114 ἱερὸν,
551 3039 672 3093 έπεὶ
733 3039 809 3110 μή
867 3037 1110 3108 ἐπείσθη,
1172 3040 1530 3115 ἀνθρακιάσας
1589 3043 1718 3102 τοὺς
1777 3035 1984 3112 ὤμους,

319 3128 576 3199 τελευτᾷ,
622 3130 723 3195 τῆς
772 3125 927 3196 δίκης
983 3129 1057 3200 μὴ
1105 3128 1492 3204 ἀνασχομένης
1541 3129 1615 3190 ὡς
1661 3123 1801 3199 ἔθος,
1842 3127 1986 3183 ἀλλὰ

327 3216 709 3293 μετελθούσης
763 3215 922 3271 αὐτὸν
982 3216 1058 3278 είς
1128 3214 1432 3292 ὑπόδειγμα
1488 3223 1604 3280 τοῖς
1685 3217 1980 3292 ὀψιγόνοις.

327 3310 415 3365 Ἐν
475 3304 535 3361 δὲ
593 3311 716 3368 ταῖς
789 3303 1204 3379 παρακειμένως
1280 3309 1348 3379 τῇ
1420 3301 1564 3382 ὄχθῃ
1623 3309 1720 3361 τοῦ
1771 3307 1984 3377 Ἴστρου

325 3394 524 3452 πόλεσι
573 3399 686 3450 τῶν
738 3399 1080 3468 στρατιωτῶν
1128 3393 1500 3468 ἠμελημένων
1557 3397 1646 3450 οἷα
1699 3393 1766 3464 δὴ
1821 3393 1990 3467 μηδὲν

326 3485 403 3550 εἰς
446 3484 725 3554 διοίκησιν
786 3477 1200 3556 λαμϐανόντων,
1248 3482 1532 3540 στέλλεται
1593 3486 1620 3539 6
1684 3485 1988 3560 βεστάρχου

326 3574 575 3649 Νέστωρ,
627 3569 828 3633 δοῦλος
875 3571 1114 3647 γεγονὼς
1158 3575 1260 3626 τοῦ
1307 3573 1509 3648 πατρὸς
1549 3577 1647 3627 τοῦ
1696 3571 1987 3648 βασιλέως,

334 3663 464 3737 tota
517 3669 622 3718 τῶν
679 3662 1023 3738 Παριστρίων
1084 3662 1430 3736 ὀνομασθείς,
1479 3663 1570 3717 καὶ
1622 3665 1988 3742 συμφωνήσας

337 3761 422 3828 τῷ
477 3757 677 3815 Τάτους
735 3753 812 3814 ὡς
872 3752 1222 3827 ὁμογνώμονι
1257 3799 1272 3823 ,
1331 3754 1684 3823 Πατζινάκοις
1743 3753 1986 3810 πλείοσιν

333 3844 690 3904 ὁπλισθέντες
772 3842 852 3906 εἲς
927 3843 1030 3911 τήν
1117 3841 1508 3918 βασιλεύουσαν
1583 3845 1940 3920 παρεγίνοντο
1975 3890 1986 3903 .

334 3937 659 3992 Καταθεῖναι
719 3929 776 3985 δὶ
831 3931 899 3985 τὸ,
946 3931 1093 3985 ὅπλα
1143 3928 1561 4006 ἐγκελευόμενος
1597 3934 1671 4005 μή
1709 3933 1767 3988 ἃν
1802 3932 1990 3999 ἄλλως

340 4026 578 4087 ποιῆσαι
603 4024 759 4075 τοῦτο
789 4017 999 4095 ἔλεγεν,
1048 4019 1091 4074 εί
1144 4021 1220 4092 μή
1269 4022 1361 4075 τὸν
1413 4019 1715 4095 λογοθέτην
1746 4024 1987 4100 Νικηφό-

338 4133 438 4188 ρον
501 4110 560 4166 ἐκ
636 4111 795 4182 μέσου
880 4111 1157 4180 ποιήσειεν
1245 4109 1318 4171 ὡς
1383 4111 1562 4164 κοινὸν
1640 4109 1835 4186 ἐχθρὸν
1898 4115 1986 4168 καὶ

329 4200 609 4273 πολέμιον
652 4198 940 4272 κοσμικὸν,
971 4198 1060 4252 καὶ
1112 4197 1272 4253 αὐτὸν
1323 4198 1424 4253 οὐκ
1469 4196 1628 4275 ὀλίγα
1673 4197 1992 4271 λυπήσαντα

325 4291 421 4346 καὶ
448 4291 550 4358 τήν
602 4287 766 4342 αὐτοῦ
811 4286 1123 4361 περιουσίαν
1174 4284 1518 4358 δημεύσαντα
1586 4285 1741 4345 Ἀλλ’
1780 4291 1808 4344 ὁ
1844 4291 1993 4365 βασι-

331 4379 459 4440 λεὺς
517 4378 620 4433 οὐκ
674 4375 940 4446 ἰπείθετο,
1002 4376 1138 4448 ἅπαξ
1197 4377 1386 4431 ἑαυτὸν
1457 4381 1578 4439 ταῖς
1632 4375 1797 4433 αὐτοῦ
1859 4400 1992 4455 γοη-

327 4469 500 4530 τείαις
551 4467 643 4522 καὶ
695 4463 925 4527 ἀπάταις
982 4461 1319 4528 ἐκδεδωκώς.
1366 4467 1428 4523 Ὀ
1485 4463 1544 4520 δὲ
1593 4465 1818 4544 Νέστωρ
1872 4467 1989 4523 ἆπι-

331 4553 653 4622 ϐουλευθεὶς
707 4555 812 4610 ὑπὸ
858 4559 968 4609 τῶν
1024 4553 1241 4609 οῗκείων
1291 4554 1647 4610 ἀπανίσταται
1707 4557 1802 4628 μὲν
1850 4557 1992 4613 ἐκεῖ·

2083 629 2257 698 gatus
2277 629 2512 680 Sautem
2550 626 2608 682 in
2641 629 2827 683 sancti
2857 629 3042 703 Sergii
3093 639 3516 698 monasterium
3567 646 3742 716 paulo

2085 718 2218 786 post
2246 714 2468 770 Isaacio
2499 719 2792 774 Comneno
2823 721 3076 777 traditur
3096 723 3225 794 jam
3255 714 3582 788 Antiochiai
3605 735 3739 792 duci

2085 803 2402 860 declarato.
2438 805 2508 861 Et
2538 807 2854 878 perductus
2903 815 2992 865 est
3043 813 3102 867 in
3153 815 3737 889 Antiochiam.Quod

2087 910 2228 985 cum,
2254 894 2520 985 audisset
2569 895 2758 967 ipsius
2791 897 2961 954 Pater
2988 899 3261 983 Michael,
3288 908 3474 977 pretio
3518 911 3743 985 ingenti

2087 984 2394 1039 conductis
2443 984 2679 1040 Venetis
2727 988 3106 1058 quibusdam,
3141 1009 3390 1063 quorum
3425 984 3747 1070 opusierat

2088 1089 2192 1144 per
2222 1089 2382 1162 mare
2413 1074 2707 1146 navigare,
2741 1090 2875 1130 eum
2928 1077 3063 1134 inde
3095 1081 3322 1138 furatus
3353 1088 3411 1141 in
3446 1090 3744 1162 propriam

2089 1161 2335 1252 patriam
2391 1163 2638 1230 reduxit,
2671 1165 2843 1235 eique
2891 1167 3154 1225 restituit
3189 1171 3524 1245 imperium.
3557 1161 3747 1252 Atque

2088 1250 2185 1306 hic
2227 1256 2357 1322 post
2407 1253 2587 1323 patris
2634 1254 2861 1310 obitum
2910 1264 3230 1331 nostraque
3278 1268 3628 1337 tempestate
3650 1250 3747 1326 re-

2088 1341 2308 1413 gnavit.
2352 1341 2667 1399 Boitachus
2716 1348 2911 1400 autem
2943 1347 3318 1408 vehementer
3352 1359 3570 1426 tortus,
3604 1361 3745 1416 dum

2091 1429 2306 1485 rediret
2354 1431 2422 1485 ad
2475 1430 2906 1504 imperatorem,
2939 1452 3052 1492 non
3103 1439 3407 1499 sustinens
3437 1447 3745 1504 verberum

2089 1518 2388 1574 cruciatus
2457 1520 2726 1576 moritur.
2787 1523 3095 1580 Alamanni
3167 1534 3364 1587 tamen
3419 1539 3477 1590 et
3542 1537 3751 1594 Franci

2089 1612 2255 1676 (sunt
2303 1608 2390 1663 hee
2442 1612 2710 1666 nationes
2750 1611 3103 1688 Occidentis)
3135 1634 3240 1689 per
3287 1624 3584 1695 regionem
3633 1627 3749 1683 im-

2093 1696 2259 1751 missi
2305 1696 2581 1786 relictam
2619 1699 3008 1771 Bulgarorum
3058 1707 3279 1778 regiam
3313 1711 3372 1765 in
3409 1711 3622 1786 Prespa
3651 1716 3751 1772 de-

2091 1789 2352 1852 struunt,
2404 1784 2815 1860 templumque
2871 1789 2992 1845 illic
3044 1801 3248 1852 sancto
3295 1784 3751 1861 Achillio‘cons-

2091 1877 2350 1928 tructum
2388 1874 2537 1929 719
2570 1891 2636 1929 ac-
2679 1876 3015 1934 dedicatum
3047 1883 3398 1958 exspoliant,
3432 1905 3466 1942 ιι
3499 1889 3660 1948 nulla
3689 1909 3754 1949 re

2099 1977 2266 2016 sacra
2295 1962 2662 2019 abstinentes
2708 1981 2911 2021 earum
2967 1984 3094 2038 qua
3147 1972 3224 2026 ibi
3274 1982 3466 2046 erant;
3503 1994 3574 2034 ex
3620 1980 3752 2051 qui-

2094 2051 2205 2106 bus
2247 2053 2515 2122 quzedam
2565 2069 2773 2110 rursus
2821 2065 3052 2114 servata
3096 2067 3256 2129 sunt,
3291 2065 3514 2138 reliqua
3565 2070 3756 2130 divisa

2093 2142 2384 2197 exercitus
2423 2141 2482 2196 in
2518 2144 2786 2214 prOprios
2819 2162 2966 2203 usus
3015 2153 3318 2210 convertit.
3346 2158 3592 2220 Quidum
3645 2160 3756 2234 igi-

2094 2235 2190 2284 tur
2220 2247 2289 2286 ex
2321 2231 2612 2288 militibus
2641 2236 3024 2291 Macedonicas
3055 2239 3389 2314 phalangis,
3417 2263 3550 2303 cum
3583 2250 3657 2305 ab
3674 2231 3754 2308 ⁷οο

2095 2325 2457 2390 repeteretur
2499 2337 2668 2376 sacra
2715 2338 2830 2387 res,
2863 2340 3054 2396 neque
3101 2329 3316 2386 adduci
3368 2343 3569 2405 posset
3600 2344 3666 2393 ut
3695 2340 3752 2395 id

2094 2409 2331 2477 faceret,
2366 2408 2631 2463 humeris
2688 2411 2966 2468 anthrace
3025 2416 3287 2487 depastis
3347 2423 3489 2490 obit,
3515 2426 3754 2496 justitia

2093 2496 2249 2552 haud
2302 2497 2626 2562 diii'erente,
2661 2503 2724 2552 ut
2770 2515 2900 2556 mos
2948 2507 3057 2570 est,
3109 2507 3492 2578 supplicium,
3527 2516 3628 2569 sed
3678 2517 3750 2570 ad

2092 2585 2426 2658 exemplum
2460 2593 2830 2657 posterorum
2863 2588 3059 2660 ipsum
3088 2596 3387 2664 puniente.
3415 2601 3476 2655 ln
3507 2603 3752 2660 urbibus

2094 2680 2294 2730 autem
2337 2676 2675 2743 maritimis,
2728 2677 3008 2749 neglectis
3067 2683 3358 2742 militibus
3415 2693 3615 2760 utpote
3645 2693 3747 2763 qui

2096 2765 2244 2820 nihil
2309 2764 2640 2836 accipereut
2695 2782 2764 2821 ex
2822 2769 3038 2840 praeda,
3097 2773 3353 2831 mittitur
3406 2777 3749 2838 bestarches

2094 2855 2323 2925 Nestor,
2357 2856 2458 2927 qui
2507 2856 2698 2912 fuerat
2743 2873 2950 2915 servus
2977 2861 3162 2932 patris
3207 2864 3601 2938 imperatoris,
3633 2874 3754 2930 dux

2095 2960 2296 2999 eorum
2331 2944 2686 3016 populorum
2734 2947 2840 3019 qui»
2886 2951 3217 3008 secundum
3269 2957 3484 3014 Istrum
3534 2962 3758 3033 degunt

2097 3039 2358 3088 vocatus.
2412 3033 2561 3089 Inita
2615 3050 2748 3090 cum
2800 3035 2942 3093 Tato
3001 3043 3301 3111 societate,
3338 3051 3402 3101 ut
3448 3063 3584 3105 cum
3623 3052 3752 3108 viro

2097 3123 2362 3193 ejusdem
2395 3121 2720 3192 sententiae,
2762 3139 2896 3180 cum
2948 3127 3219 3197 pluribus
3266 3133 3588 3194 Patzinacis
3631 3139 3756 3196 ins-

2097 3211 2274 3267 tructi
2290 3211 2367 3266 ad
2399 3212 2619 3280 regiam
2644 3213 2848 3268 urbem
2872 3216 3116 3286 profecti
3139 3226 3298 3276 sunt.
3316 3223 3532 3282 Jussus
3557 3231 3752 3284 autem

2015 3280 2059 3348 (ἶ
2099 3317 2265 3357 arma
2295 3301 2584 3372 deponere
2617 3317 2732 3356 non
2759 3280 2930 3358 aliter
2959 3321 3020 3360 se
3051 3307 3343 3366 facturum
3369 3312 3478 3369 hoc

2103 3390 2216 3446 nisi
2273 3388 2631 3462 logothetam
2691 3389 3084 3461 Nicephorum
3141 3413 3172 3450 s
3227 3401 3422 3456 medio
3481 3403 3758 3462 tollerent

2101 3487 2167 3536 ut
2217 3495 2596 3537 communem
2652 3478 2960 3537 inimicum
3017 3488 3076 3539 et
3135 3486 3361 3544 hostem
3420 3493 3754 3566 capitalem,

2101 3571 2321 3642 quique
2351 3570 2407 3624 in
2432 3585 2495 3624 se
2526 3569 2682 3624 haud
2719 3586 2906 3640 pauca
2934 3577 3332 3634 commisisset
3351 3597 3573 3653 suaque
3605 3583 3758 3640 bona

2101 3661 2480 3734 publicasset.
2513 3658 2728 3716 Verum
2778 3661 3100 3732 imperator
3145 3666 3302 3724 haud
3352 3673 3569 3743 paruit,
3617 3691 3753 3731 cum

2101 3750 2282 3805 semel
2314 3766 2377 3806 se
2404 3749 2603 3821 ipsum
2647 3751 2777 3820 ejus
2830 3753 3138 3825 praestigiis
3187 3763 3244 3811 et
3289 3759 3442 3816 dolis
3472 3763 3754 3820 dedisset.

2100 3840 2310 3895 Nestor
2354 3843 2566 3901 autem,
2603 3839 2762 3892 cuia
2791 3839 2918 3894 suis
2965 3851 3176 3910 paratas
3225 3845 3451 3903 insidiae
3501 3851 3753 3921 fuerant,

2098 3929 2237 3985 inde
2304 3926 2728 3998 proficiscitur,
2786 3929 3218 4003 Thraciamque
3270 3935 3642 4007 depraadatur
3697 3946 3756 3997 et

2102 4015 2503 4073 Macedoniam
2551 4021 2610 4070 et
2659 4015 2942 4087 Bulgariaa
2972 4019 3247 4089 ﬁnitima,
3279 4029 3337 4079 et
3365 4025 3436 4080 ad
3489 4027 3754 4085 Patzina-

2101 4123 2302 4164 corum
2335 4106 2630 4177 regionem
2679 4107 2918 4162 secedit.
2953 4109 3093 4165 Pars
3136 4117 3332 4169 autem
3372 4117 3753 4174 Macedonum

2102 4197 2358 4254 militum
2400 4197 2746 4251 defraudata
2800 4200 3050 4255 accessit
3095 4201 3167 4257 ad
3227 4203 3663 4276 imperatorem,
3697 4209 3757 4264 id

2101 4290 2323 4344 factum
2376 4287 2611 4342 deﬂens.
2647 4285 2828 4342 Jussu
2889 4288 3068 4361 igitur
3123 4291 3496 4364 imperatoris
3541 4298 3758 4370 pulsati

2100 4382 2157 4433 et
2187 4373 2542 4431 contumelia
2571 4374 2758 4429 aﬂ'ecti
2811 4377 3031 4448 repulsi
3084 4385 3246 4449 sunt,
3279 4383 3443 4440 nulla
3489 4387 3758 4458 ipsorum

2102 4467 2306 4522 habita
2335 4464 2580 4520 ratione.
2614 4466 2766 4521 720
2795 4465 3010 4523 Verum
3044 4469 3128 4524 illi
3151 4471 3210 4527 in
3241 4474 3493 4545 patriam
3516 4476 3759 4544 reversi,

2102 4557 2255 4614 haud
2282 4555 2558 4612 mediocri
2583 4555 2782 4611 dolore
2805 4557 3016 4623 affecti,
3039 4577 3154 4616 non
3178 4563 3434 4636 amplius
3465 4565 3522 4620 in
3554 4567 3757 4622 eadem

329 4649 437 4716 θεν,
471 4645 726 4717 ληῗζεται
783 4641 842 4699 δὲ
887 4646 987 4710 τήν
1036 4665 1095 4699 τε
1128 4642 1468 4701 Μακεδονίαν
1522 4646 1613 4700 καὶ
1664 4645 1878 4722 Θρᾴκην
1905 4648 1983 4702 καῖ

2103 4647 2395 4704 sententia
2434 4661 2672 4702 manere
2724 4647 3055 4717 voluerunt,
3091 4653 3190 4707 sed
3241 4655 3520 4710 omnibus
3567 4656 3760 4712 modis

325 4738 395 4792 τὰ
451 4732 828 4811 παρακείμενα
882 4740 984 4804 τῆς
1043 4733 1402 4810 Βουλγαρίας,
1459 4735 1549 4790 καὶ
1599 4733 1676 4797 εἷς
1729 4736 1829 4805 τὴν
1879 4741 1986 4792 τῶν

2099 4739 2437 4811 cogitabant
2468 4736 2670 4792 hostes
2712 4736 2936 4794 ulcisci.

327 4825 680 4894 Πατζινακων
742 4824 1046 4899 ὑποχωρεῖ.
1106 4829 1284 4898 Μοῖρα
1340 4822 1399 4879 δὲ
1457 4830 1801 4897 στρατιωτῶν
1865 4826 2253 4885 Μακεδονικῶν
2316 4824 2648 4909 στερουμένῃ
2707 4825 2988 4898 προσῆλθε
3041 4833 3122 4900 τῷ
3182 4832 3438 4909 βασιλεῖ,
3489 4838 3589 4906 τήν
3641 4839 3762 4893 στι-

324 4937 397 4986 ρη
407 4937 493 4970 σιν
583 4910 1000 4984 ἀποκλαιομένη
1029 4957 1042 4970 ,

1131 4913 1423 4986 Προστάξει
1508 4914 1600 4968 οὗν
1686 4913 1946 4990 βασιλικῇ
2030 4919 2318 4992 τυφθέντες
2398 4913 2488 4969 καὶ
2579 4908 2915 4987 ὑϐρισθέντες
2993 4914 3338 4994 ἆδιώχθησαν

3380 4966 3394 4992 ,
3484 4922 3762 4998 μηδεμιᾶς

322 5005 670 5080 ἄπιστροφῆς
753 5001 930 5056 αὐτῶν
988 5002 1306 5077 γενομένης.
1370 4999 1528 5058 ’Δλλ’
1586 5000 1639 5057 o'i
1695 5023 1758 5079 γε
1811 5005 1948 5080 πρὸς
1999 5007 2068 5061 τὰ
2123 5005 2300 5061 οἷ’κεῖα
2357 5001 2538 5074 λύπης
2596 5001 2662 5057 06
2725 5009 2923 5077 μικρᾶς
3000 5004 3413 5088 ἑπιστραφέντες
3471 5013 3758 5088 ἆνάμεστοι

321 5096 434 5151 οὐκ
509 5088 711 5163 ἤθελον
792 5091 971 5164 μένειν
1047 5088 1125 5146 ἔτι
1183 5090 1274 5147 έπί
1341 5096 1438 5146 τοῦ
1516 5091 1680 5148 αὐτοῦ
1752 5096 2105 5172 φρονήματος
2137 5138 2152 5165 ,
2212 5093 2360 5150 ἀλλά
2408 5094 2536 5154 τοὺς
2593 5091 2900 5166 πολεμίους
2975 5099 3104 5152 πᾶσι
3172 5096 3400 5176 τρόποις
3458 5103 3761 5177 ἀμύνασθαι

323 5183 740 5240 διεσκέπτοντο.

401 5274 765 5338 ’Δποστείλας
822 5270 882 5328 δὶ
931 5273 1070 5347 πρὸς
1117 5274 1209 5328 τὸν
1262 5273 1362 5342 τήν
1415 5268 1814 5351 Δογγιϐαρδίαν
1864 5296 1989 5332 κατ-

318 5371 526 5446 ἆχοντα
588 5363 844 5442 Φράγγον
902 5360 1268 5436 Ῥουμπέρτον
1329 5365 1446 5436 (36)
1501 5360 1843 5437 καλούμενον
1885 5367 1984 5436 τὴν

2167 5280 2314 5334 Cum
2345 5279 2544 5330 autem
2579 5274 2841 5329 misisset
2871 5276 2943 5330 ad
2986 5290 3120 5334 eum
3155 5283 3255 5353 qui
3292 5284 3762 5360 Longobardiam

2098 5367 2402 5424 obtinebat
2432 5366 2745 5436 Francum,
2779 5364 3098 5424 Robertum
3132 5373 3394 5442 nomine,
3419 5377 3547 5449 ejus
3578 5374 3764 5433 ﬁliam

1662 5490 1907 5547 JACOBI
1946 5491 2169 5548 GOARI
2207 5491 2438 5547 NOTIE.

391 5603 503 5675 (36)
539 5601 874 5675 Robertum
921 5595 1312 5675 Guiscardum
1354 5595 1679 5675 intelligit,‘
1705 5598 1993 5675 celebrem

321 5667 810 5748 No'rm'annorum
840 5667 1074 5748 ducem,
1095 5669 1198 5748 qui
1219 5667 1625 5748 Campaniam,
1639 5670 1994 5739 Calabriam,

2108 5598 2388 5682 palorum
2409 5595 2835 5682 dxi-anniti}
2868 5596 3198 5682 libertatem
3243 5608 3524 5682 asseruit,
3549 5609 3619 5682 de
3649 5625 3766 5682 quo

2104 5673 2235 5751 fuse
2269 5667 2650 5751 Pandulphus
2679 5667 3066 5751 Collenutins,
3090 5675 3204 5735 Leo
3233 5667 3544 5751 Ostiensis,
3575 5667 3768 5739 Faiel-

325 5749 594 5826 Apuliam
627 5749 692 5805 et
733 5739 1002 5800 Siciliam
1035 5757 1069 5798 a
1097 5739 1542 5814 Sarecenorum,
1574 5742 1907 5802 Grecorum
1939 5748 1998 5801 et
2104 5741 2200 5803 lus
2228 5748 2287 5802 ct
2315 5739 2786 5805 Normannorum
2815 5739 3088 5807 Annales.
