4122 6390
431 376 543 436 451

1753 365 2084 426 JOANNIS
2130 365 2532 428 SGYLITZA'S

3729 376 3859 435 452

431 527 538 566 suo
569 507 689 563 filio
719 503 1102 563 Constantino
1136 516 1372 558 uxorem
1414 499 1680 568 adduxit,
1715 515 1916 570 quam,
1954 515 2074 552 mu-

2200 497 2364 551 αὖτοῦ
2423 497 2683 572 θυγατέρα
2733 501 2813 569 τῷ
2862 499 2964 569 υἱῷ
3008 499 3396 572 Κωνσταντίνῳ
3443 523 3672 574 γυναικα
3713 504 3856 576 ἡγὰρ

430 604 552 655 tato
583 596 841 662 nomine,
873 593 1154 650 Helenam
1179 590 1421 648 vocavit.
1439 594 1736 660 Occupata
1755 594 1951 643 autem
1977 587 2086 641 fuit

432 682 840 758 Longobardia
869 700 902 738 a
932 681 1182 737 Roberto
1213 679 1271 733 in
1313 679 1472 734 hunc
1504 677 1767 732 modum.
1802 675 2086 748 Georgius

433 776 728 832 Maniaces
772 771 845 828 ab
879 774 1145 842 Augusta
1190 769 1300 824 Zoe
1329 767 1400 823 ad
1433 765 1872 838 componendae
1903 781 1994 819 res
2025 764 2085 818 in

429 864 598 920 Italia
626 861 871 926 missus,
903 857 1171 930 magistri
1204 857 1425 912 honore
1453 856 1784 921 decoratus,
1807 851 2085 908 concilia-

428 957 591 1010 verat
637 949 751 1008 sibi
801 949 1055 1005 Francos
1107 947 1349 1016 multos,
1379 951 1437 1000 et
1485 946 1543 999 in
1590 945 1716 999 dies
1763 959 1862 998 eos
1911 942 2012 1014 qui
2053 958 2087 996 a

428 1043 686 1100 Dooiano
717 1039 903 1096 vexati
934 1043 1100 1094 erant
1128 1037 1318 1093 eﬂ’ecit
1349 1037 1407 1091 in
1444 1034 1616 1090 Italia:
1649 1034 1866 1088 finibus
1889 1032 2084 1104 quies-

429 1149 603 1188 cere:
641 1131 992 1186 verebantur
1038 1127 1194 1182 enim
1244 1125 1464 1198 ipsum,
1515 1124 1850 1195 quodt’ejus
1898 1121 2084 1176 virtu-

429 1223 510 1278 tis
557 1221 617 1274 in
668 1218 887 1292 prmliis
943 1214 1270 1288 periculum
1327 1214 1605 1268 fecerant.
1639 1211 1784 1268 Cum
1842 1227 1978 1267 vero
2023 1226 2084 1266 se

429 1309 803 1383 Opposuieset
845 1304 1228 1362 Monomacho
1255 1308 1313 1358 et
1341 1300 1672 1358 debellatus
1719 1301 1947 1370 fuisset,
1981 1299 2082 1370 qui

428 1418 564 1458 cum
598 1401 729 1472 ipso
759 1401 928 1454 erant
959 1394 1182 1466 trajecli
1229 1401 1288 1449 et
1335 1395 1394 1448 in
1441 1393 1780 1448 servitutem
1832 1390 2083 1463 impera-

426 1492 572 1546 toris
615 1486 855 1554 redacti,
888 1485 1224 1542 Maniacataa
1272 1481 1546 1556 appellati
1592 1487 1732 1536 sunt
1761 1485 1818 1536 et
1848 1481 1906 1535 in
1942 1480 2085 1537 urbe

425 1584 825 1636 Romanorum
875 1591 1272 1649 permansere,
1305 1572 1514 1643 reliqui
1565 1572 1623 1626 in
1680 1570 1846 1628 Italia
1897 1569 2083 1626 relicti

425 1674 585 1725 sunt.
618 1669 756 1724 Erat
804 1671 1000 1721 autem
1043 1664 1285 1736 quidam
1340 1661 1398 1716 in
1447 1661 1595 1733 ipsis
1642 1661 1932 1716 Robertus
1979 1676 2080 1714 no-

426 1759 584 1816 mine
638 1758 837 1813 fratris
885 1755 1044 1811 tilius
1092 1751 1354 1816 Ardoini,
1387 1752 1488 1823 qui
1521 1749 1832 1806 aDociano
1883 1749 2083 1821 ﬂagris

424 1867 613 1906 casus
665 1849 875 1914 fuerat,
921 1844 1116 1917 gravis
1173 1848 1228 1898 et
1285 1841 1607 1897 iracundus
1664 1845 1722 1895 et
1776 1840 2082 1928 tyrannica
2115 1862 2161 1928 Β

424 1944 617 1994 mente
675 1936 977 2008 prnditus.
1016 1931 1125 1996 Qui
1183 1935 1383 2002 aperte
1443 1929 1738 1985 Romanos
1798 1926 2083 2000 expellere

425 2026 841 2096 meditabatur,
875 2027 1133 2080 attamen
1183 2019 1536 2092 provinciam
1570 2019 1806 2091 aggredi
1858 2023 2082 2073 metue-

423 2116 526 2172 bat
566 2113 1012 2185 dill‘erebatque,
1045 2127 1108 2166 se
1154 2110 1353 2182 ipsum
1403 2107 1756 2164 imbecillem
1810 2123 2078 2178 cernens,

423 2205 845 2275 verebaturque
875 2207 1079 2258 contra
1108 2198 1483 2272 imperatoris
1525 2199 1846 2270 potentiam
1880 2214 1941 2252 se
1972 2214 2080 2269 op-

421 2311 657 2368 ponere.
689 2295 835 2350 Cum
867 2307 1000 2347 vero
1033 2307 1178 2346 uxor
1206 2289 1388 2354 illius,
1421 2305 1597 2360 quam
1631 2305 1664 2343 a
1698 2287 1937 2343 Francia
1967 2288 2077 2341 du-

419 2383 790 2453 xerat,Gaita
836 2380 1096 2444 nomine,
1123 2378 1244 2434 filia
1284 2378 1569 2450 principis
1617 2377 1710 2433 cui
1764 2377 1921 2432 haud
1955 2392 2078 2431 me-

420 2473 636 2529 diocris
667 2472 824 2543 regio
863 2471 1128 2542 subjecta
1177 2469 1320 2524 72]
1380 2472 1525 2534 erat,
1560 2483 1758 2523 secum
1790 2469 1970 2529 esset,
2003 2465 2074 2520 ad

418 2580 520 2619 eas
551 2563 727 2618 urbes
759 2561 1057 2633 migravit,
1085 2576 1214 2630 quae
1249 2558 1410 2612 uxori
1437 2574 1555 2612 suis
1578 2557 2078 2626 serviebant,qua-

419 2670 548 2709 rum
598 2652 788 2724 prima
816 2656 875 2706 et
914 2650 1173 2705 maxima
1199 2647 1479 2704 Salernus
1524 2646 1881 2701 nominatur.
1913 2643 2077 2699 Illinc

416 2741 599 2813 igitur
627 2739 806 2795 veluti
856 2740 950 2793 lur
985 2753 1304 2808 erumpens
1352 2734 1478 2790 loca
1526 2735 1925 2789 Romanorum
1961 2733 2074 2787 im-

419 2828 580 2901 perio
613 2829 879 2898 subjecta
907 2826 1298 2898 praadabatur,
1324 2823 1536 2895 partim
1559 2823 1882 2878 Calabriam
1912 2838 2075 2878 man-

418 2918 651 2988 cipans,
705 2916 917 2988 partim
973 2914 1201 2970 Italiam
1261 2911 1533 2984 redigens
1593 2912 1650 2966 in
1711 2911 2072 2967 servitutem.

415 3009 629 3062 Eorum
661 3023 794 3063 vero
824 3004 1190 3076 captivorum
1225 3020 1374 3074 quos
1418 3006 1650 3074 ceperat
1680 3001 1812 3055 aliis
1865 3015 2076 3055 manus

413 3104 743 3171 amputare,
773 3095 905 3152 aliis
945 3099 1236 3151 extremas
1281 3099 1478 3166 partes
1529 3092 1745 3163 pedum
1793 3089 2072 3156 incidere,

413 3189 548 3245 aliis
579 3195 879 3260 utrasque,
901 3186 1190 3258 quosdam
1213 3185 1386 3240 etiam
1417 3182 1638 3254 ingenti
1665 3182 1913 3254 pecunia
1933 3197 2070 3235 ven-

413 3280 572 3351 dere,
605 3286 896 3347 metuens,
929 3276 979 3333 si
1012 3293 1125 3331 non
1161 3276 1475 3348 proderent
1506 3275 1681 3329 urbes
1709 3277 1766 3330 et
1796 3289 1926 3328 sese
1956 3269 2068 3342 ipsi

411 3370 712 3437 dederent,
748 3384 819 3424 ne
849 3384 964 3423 non
995 3365 1190 3422 solum
1239 3365 1380 3433 haec,
1413 3365 1515 3421 sed
1570 3365 1748 3420 etiam
1784 3363 1875 3418 his
1907 3364 2070 3418 dete-

411 3461 568 3516 riora
611 3463 972 3530 paterentur.
1007 3459 1150 3511 Cum
1182 3472 1315 3510 vero
1366 3472 1458 3510 res
1491 3453 1714 3525 privata
1745 3451 1975 3524 imperii
2010 3451 2068 3506 in

407 3550 571 3621 regia
622 3548 934 3614 laboraret,
971 3543 1133 3600 nulla
1191 3544 1520 3599 habebatur
1575 3559 1776 3598 eorum
1831 3559 1960 3612 quin
2011 3541 2069 3596 in

407 3637 576 3695 Italia
622 3638 826 3694 ﬁerent
883 3635 1049 3690 ratio.
1087 3633 1230 3688 Nam
1264 3633 1382 3687 vita
1442 3632 1618 3705 paulo
1681 3637 1814 3702 post
1871 3631 2070 3686 functo

407 3724 968 3792 Monomacho,cum
1010 3720 1315 3776 Theodora
1357 3719 1588 3774 circiter
1628 3735 1850 3772 annum
1884 3733 2068 3772 unum

408 3815 764 3870 obtinuisset
792 3811 1130 3884 imperium,
1157 3813 1213 3864 et
1246 3807 1488 3864 Michael
1523 3807 1860 3862 declaratus
1891 3811 2068 3871 esset,

406 3909 581 3977 atque
639 3903 919 3959 adversus
989 3901 1182 3971 ipsum
1239 3898 1582 3953 Comnenue
1641 3896 1955 3966 incitatus,
2015 3899 2074 3950 et

401 3993 690 4050 exercitus
723 3995 921 4047 essent
949 3987 1250 4044 intestinis
1283 3985 1452 4041 bellis
1481 3985 1770 4057 occupati,
1803 4001 1868 4040 ac
1899 4001 2071 4040 nemo

401 4083 632 4139 Boberti
691 4085 940 4137 conatus
997 4077 1360 4150 prohiberet,
1410 4092 1664 4148 magnus
1719 4091 1788 4130 ex
1848 4074 1957 4130 hoc
2017 4078 2074 4130 et

400 4172 650 4228 illustris
680 4170 899 4236 evasit;
955 4168 1232 4222 idoneum
1283 4165 1438 4220 enim
1487 4168 1678 4238 coegit
1725 4164 2048 4221 exercitum

403 4267 461 4316 et
490 4275 776 4333 equorum
807 4263 984 4328 atque
1013 4255 1270 4328 pecuniae
1293 4264 1349 4310 et
1371 4271 1669 4310 armorum
1700 4256 1922 4324 potitus
1953 4253 2074 4333 est:

403 4325 612 4403 cum'ii
645 4350 744 4418 qui
776 4347 848 4402 ab
888 4325 1250 4416 imperatore
1281 4343 1460 4398 duces
1514 4344 1762 4398 urbibus
1815 4325 2074 4414 praefecti

403 4442 592 4506 erant,
622 4452 736 4491 non
770 4437 1012 4506 possent
1037 4436 1239 4488 contra
1267 4449 1575 4504 erumpere
1607 4431 1680 4487 ob
1714 4432 2068 4503 paucitatem

401 4541 648 4582 suorum
707 4528 764 4580 et
823 4521 1114 4579 modicam
1174 4522 1480 4576 virtutem.
1516 4521 1818 4576 Comneno
1879 4524 2071 4575 autem

2197 608 2340 662 γετο,
2389 587 2610 658 Ἑλένην
2664 586 3040 661 μετονομάσας
3086 587 3275 660 αὐτήν.
3335 595 3654 667 Κατεσχὲθη
3707 590 3764 648 δὲ
3820 597 3859 664 ἡ

2195 671 2571 752 Αογγιϐαρδία
2622 680 2734 750 (37)
2794 678 2930 754 πρὸς
2975 683 3072 733 τοῦ
3114 678 3488 755 Ῥουμπέρτου
3534 685 3724 737 τοῦτον
3757 683 3858 738 τὸν

2194 766 2419 838 τρόπον·
2483 767 2756 842 Γεὼργιος
2816 769 2845 821 ὁ
2906 766 3192 838 Μανιάκης
3242 769 3330 822 ἐπὶ
3379 770 3697 826 καταστάσει
3738 776 3858 826 τῶν

2196 853 2248 907 ἐν
2309 853 2513 926 Ἰταλίᾳ
2582 855 2916 930 πραγμάτων
2988 855 3317 921 ἀποσταλεὶς
3386 860 3859 936 προσηταιρίσατο

2200 943 2294 1015 μὶν
2359 946 2643 1020 Φράγγους
2693 943 2960 1016 πολλοὺς,
3020 947 3138 1010 καθ’
3197 948 3408 1022 ¹ἡμέραν
3463 945 3522 1003 δέ
3576 950 3665 1004 καὶ
3721 951 3859 1014 τοὺς

2195 1033 2342 1117 παρὰ
2398 1037 2494 1088 τοῦ
2548 1038 2835 1089 Δοκειανοῦ
2891 1037 3228 1098 κακωθέντας
3286 1037 3378 1091 καὶ
3427 1037 3662 1114 ἡσυχίαν
3704 1039 3862 1117 ἄγειν

2197 1116 2249 1176 ἔν
2355 1143 2463 1177 τισι
2563 1122 2792 1197 τέρμασι
2878 1126 2976 1193 τῆς
3063 1123 3297 1188 Ἰταλίας
3378 1116 3771 1201 παρεσκεύασεν
3839 1150 3852 1162 ·

2195 1213 2276 1284 [Ρ.
2337 1214 2464 1286 854]
2523 1210 2786 1268 έδεδίεσαν
2861 1214 2962 1289 γὰρ
3038 1213 3221 1282 αὐτὸν,
3281 1221 3470 1291 πεῖραν
3524 1221 3624 1282 τῆς
3685 1217 3860 1273 αὐτοῦ

2195 1299 2246 1355 έν
2306 1300 2576 1374 πολέμοις
2631 1302 3011 1377 γενναιότητος
3076 1297 3317 1379 ἔχοντες.
3380 1305 3732 1381 Ἀντάραντος
3797 1306 3864 1364 δὲ

2192 1395 2272 1463 τῷ
2302 1392 2624 1468 Μονομάχῳ
2664 1391 2752 1446 καὶ
2794 1395 3293 1468 κατηγωνισμένου,
3329 1395 3380 1448 οἳ
3433 1395 3530 1467 μὶν
3571 1396 3664 1451 σὺν
3697 1398 3860 1471 αὐτῷ

2193 1482 2584 1555 περαιωθέντες
2616 1486 2695 1554 τῷ
2746 1479 2962 1557 βασιλεῖ
3013 1479 3378 1547 δουλωθέντες
3431 1485 3862 1544 Μανιακάτοιτε

2193 1567 2659 1642 ἐπωνομάσθησαν
2718 1571 2808 1625 καὶ
2863 1575 2931 1644 τῇ
2991 1572 3278 1645 Ῥωμαίων
3333 1568 3492 1629 πόλει
3565 1574 3860 1650 έναπέμει-

2192 1679 2308 1731 ναν,
2366 1659 2420 1714 οἱ
2465 1657 2522 1715 δὶ
2571 1658 2757 1715 λοιποὶ
2799 1659 2852 1716 ἐν
2916 1660 3120 1734 Ἰταλίᾳ
3169 1662 3588 1742 ὑπελείφθησαν.
3635 1667 3734 1722 Ἦν
3799 1666 3860 1723 δέ

2190 1769 2274 1810 τις
2322 1746 2374 1803 έν
2424 1750 2609 1812 αὐτοῖς
2660 1751 3032 1826 Ῥουμπέρτος
3081 1750 3345 1826 τοῦνομα,
3377 1755 3594 1828 ἀνεψιὸς
3626 1753 3860 1831 ’Δρδοΐ-

2191 1858 2287 1892 νου
2337 1843 2434 1894 τοῦ
2513 1841 2617 1895 ὑπὸ
2694 1846 2984 1896 Δοκειανοῦ
3039 1844 3459 1918 μαστιχθέντος,
3521 1841 3694 1907 δεινὸς
3756 1846 3858 1900 καὶ

2194 1925 2534 2001 θυμοειδὴς,
2613 1931 2931 2004 τυραννικὸν
2990 1927 3136 2007 ἔχων
3194 1932 3256 1987 τὸ
3332 1934 3637 2011 φρόνημα,
3698 1936 3858 1998 ὅστις

2192 2023 2434 2092 φανερῶς
2491 2020 2584 2091 μὲν
2635 2017 2879 2089 έξελάσαι
2923 2027 3023 2089 τῆς
3082 2021 3315 2084 Ἰταλίας
3353 2021 3481 2087 τοὺς
3535 2024 3861 2097 Ῥωμαίους

2189 2103 2442 2177 ἐμελέτα,
2477 2103 2633 2162 ὤκνει
2665 2105 2724 2162 δὶ
2771 2107 2927 2181 ὅμως
2969 2109 3067 2178 τήν
3114 2108 3432 2186 έγχείρησιν
3481 2113 3568 2166 καὶ
3610 2108 3858 2170 ἀνεϐάλ-

2191 2193 2339 2266 λετο,
2391 2197 2586 2266 ἀσθενῆ
2638 2197 2825 2252 ἑαυτὸν
2875 2199 3041 2272 ὁρῶν,
3101 2199 3192 2253 καὶ
3237 2201 3375 2273 πρὸς
3418 2203 3519 2270 τήν
3561 2206 3658 2257 τοῦ
3693 2203 3861 2277 βασι-

2191 2281 2332 2347 λέως
2393 2285 2548 2360 ἰσχὺν
2609 2284 2858 2362 ὠῤῥώδει
2911 2288 3098 2343 ὶαυτὸν
3156 2280 3562 2365 ἀντεξαγαγεῖν.
3620 2295 3728 2357 Τῆς
3800 2291 3861 2349 δὶ

2189 2375 2442 2448 γυναικὸς
2492 2374 2697 2444 αὐτοῦ,
2751 2377 2820 2446 ἣν
2865 2376 2971 2431 άπὸ
3019 2379 3299 2453 Φραγγίας
3345 2378 3625 2455 ἠγάγετο,
3653 2392 3857 2436 τελευ-

2186 2464 2431 2533 τησάσης
2503 2465 2684 2539 ἑτέραν
2755 2463 2936 2539 ἄγεται
2973 2512 2986 2535 ,
3041 2464 3234 2522 Γαίταν
3293 2468 3386 2540 μὲν
3447 2467 3806 2542 καλουμένην
3837 2516 3852 2540 ,

2189 2553 2450 2628 θυγατέρα
2483 2550 2540 2608 δὶ
2588 2552 2748 2608 οὖσαν
2794 2555 3091 2630 πρίγκιπος
3145 2557 3332 2632 χώραν
3389 2557 3489 2613 οὐχ
3529 2558 3720 2635 ὀλίγην
3757 2561 3853 2638 ὑφ.

2187 2641 2373 2696 ἑαυτὸν
2429 2640 2672 2717 ἔχοντος.
2727 2645 3094 2719 Ἀγαγόμενος
3155 2646 3244 2700 οὖν
3295 2646 3494 2717 ταύτην
3526 2649 3850 2722 κατῴκησεν

2187 2728 2238 2784 έν
2267 2737 2383 2793 ταῖς
2435 2731 2629 2787 πόλισι
2674 2739 2793 2798 ταῖς
2847 2731 3230 2812 διαφερούσαις
3276 2740 3344 2810 τῇ
3395 2735 3558 2792 αὐτοῦ
3600 2741 3846 2813 γυναικὶ.

2187 2821 2260 2873 ὧν
2293 2823 2326 2890 ἡ
2377 2822 2568 2896 πρώτη
2635 2824 2728 2895 μέν
2773 2823 2865 2878 καὶ
2927 2823 3155 2899 μεγίστη
3219 2825 3462 2899 Σαλερὸς
3489 2827 3843 2901 ὀνομάζεται.

2187 2912 2423 2967 Ἐκεῖθεν
2485 2910 2575 2965 οὖν
2635 2914 2724 2966 οἷα
2779 2911 3020 2982 κλέπτης
3067 2913 3157 2968 καὶ
3208 2913 3418 2988 λῃστὴς
3463 2915 3618 2987 έξιὼν
3665 2917 3733 2971 τὰ
3768 2921 3848 2992 τῇ

2182 2999 2459 3072 Ῥωμανίᾳ
2533 2999 2860 3074 ὑποκείμενα
2914 2999 3198 3075 έληῒζετο,
3255 3008 3418 3059 τοῦτο
3481 3004 3576 3077 μὶν
3634 3005 3788 3061 Καλα
3827 3039 3850 3052 -

2185 3084 2339 3164 ϐρίαν
2383 3089 2834 3164 αἱχμαλωτίζιιυν⁹
2887 3095 3052 3146 τοῦτο
3103 3088 3160 3146 δὶ
3204 3093 3303 3162 τὴν
3338 3091 3572 3149 Ἰταλίαν
3603 3091 3847 3149 δουλού-

2189 3199 2371 3251 μενος.
2431 3180 2551 3236 Τῶν
2627 3175 2675 3233 δ’
2728 3176 3105 3252 ἁλισκομένων
3161 3179 3538 3257 αἰχμαλώτων
3609 3183 3682 3237 ὧν
3747 3184 3847 3257 μὶν

2185 3274 2376 3344 χεῖρας
2409 3267 2630 3342 ἀφῃρει,
2675 3268 2748 3322 ὧν
2800 3265 2858 3322 δὲ
2899 3266 3068 3330 πόδας
3100 3270 3533 3344 ἠκρωτηρίαζεν,
3564 3270 3755 3328 ἄλλων
3792 3271 3850 3329 δέ

2181 3356 2451 3412 ἀπέκοπτε
2507 3357 2597 3412 καὶ
2656 3356 2938 3436 ἀμφότερα
2971 3401 2985 3426 ,
3041 3359 3192 3421 τινὰς
3250 3356 3308 3414 δὲ
3359 3360 3448 3415 καὶ
3509 3361 3839 3434 ἀπημπόλει

2181 3448 2485 3522 χρημάτων
2539 3445 2792 3516 πολλῶν,
2845 3444 3227 3521 δεδιττόμενος
3283 3449 3357 3511 ὡς
3394 3448 3443 3504 εἴ
3471 3451 3548 3522 μή
3580 3449 3836 3526 προδοῖεν

2177 3539 2273 3597 τὰς
2323 3535 2512 3598 πόλεις
2573 3536 2661 3591 xei
2716 3535 3059 3592 ὗποκλιθεῖεν
3119 3537 3286 3610 αὐτῷ,
3347 3538 3409 3594 οὐ
3465 3543 3635 3595 ταῦτα
3675 3540 3830 3613 μόνα,

2179 3624 2325 3681 ἀλλὰ
2370 3627 2459 3680 καὶ
2508 3626 2734 3702 χείρονα
2781 3627 3077 3683 πείσονται.
3136 3627 3460 3683 Νοσοόντων
3515 3625 3573 3683 δὲ
3625 3628 3676 3684 έν
3716 3635 3834 3691 τοῖς

2185 3715 2482 3791 βοσιλείοις
2540 3721 2646 3770 τῶν
2708 3715 2946 3785 οἰκείων,
2995 3714 3223 3788 οὐδεμία
3276 3722 3383 3772 τῶν
3433 3718 3736 3794 γινομένων
3780 3719 3831 3773 έν

2179 3805 2382 3876 Ἰταλίᾳ
2452 3804 2655 3880 ἐγίνετο
2729 3804 3077 3884 έπιστροφή.
3138 3811 3240 3861 Τοῦ
3319 3806 3424 3883 γὰρ
3493 3809 3832 3882 Μονομάχου

2185 3896 2319 3969 μετὰ
2381 3894 2558 3971 βραχὺ
2615 3892 3065 3966 τελευτήσαντος,
3125 3893 3407 3970 Θεοδώρας
3465 3893 3522 3951 δὶ
3574 3903 3671 3965 τῆς
3721 3895 3834 3950 A6-

2180 3985 2414 4061 γοῦστης
2456 3984 2538 4062 ἐφ’
2583 3981 2674 4039 ἕνα
2718 3983 2916 4058 χρόνον
2961 3985 3059 4053 τὴν
3105 3983 3378 4058 βασιλείαν
3428 3983 3840 4060 κατασχούσης.

2183 4080 2278 4129 τοῦ
2331 4095 2390 4128 τε
2447 4073 2679 4149 Μιχαὴλ
2737 4075 3107 4148 ἀναιρεθέντος
3158 4074 3247 4128 καὶ
3296 4078 3394 4130 τοῦ
3427 4079 3717 4147 Κομνηνοῦ
3753 4073 3846 4129 έπ·

2183 4163 2507 4224 αναστάντος
2540 4161 2708 4234 αὐτῷ,
2739 4163 2828 4217 καὶ
2874 4167 2982 4217 τῶν
3034 4163 3450 4239 στρατευμάτων
3488 4163 3842 4240 ἀσχολουμέ·

2183 4275 2286 4307 νων
2336 4257 2450 4314 τοῖς
2495 4249 2788 4329 έμφυλίοις
2839 4249 3132 4324 πολέμοις,
3185 4250 3414 4326 μηδενός
3466 4273 3525 4308 τε
3556 4249 3712 4315 ὄντος
3746 4257 3844 4308 τοῦ

2183 4343 2281 4410 τὴν
2341 4341 2518 4416 ὀρμήν
2577 4344 2674 4395 τοῦ
2733 4341 3108 4414 Ῥουμπέρτου
3155 4341 3524 4408 κωλύσοντος,
3582 4340 3747 4416 μέγας
3782 4341 3843 4397 έκ

2182 4431 2382 4486 τούτου
2421 4431 2510 4485 καὶ
2561 4425 2889 4506 περιϐόητος
2938 4432 3150 4505 γέγονε·
3206 4432 3430 4504 στρατὸν
3477 4431 3580 4506 γὰρ
3619 4430 3844 4502 ἀξιόλο-

2184 4542 2276 4594 γον
2307 4521 2666 4589 συνεστήσατο
2708 4519 2800 4574 καὶ
2841 4517 3028 4574 *ίππων
3075 4519 3164 4574 καὶ
3196 4521 3504 4595 χρημάτων
3537 4519 3628 4574 καὶ
3659 4519 3845 4595 ἁρμά-

400 4616 612 4687 adepto
659 4612 1000 4685 imperium,
1031 4615 1354 4666 Turoorum
1409 4609 1568 4664 natio
1598 4609 1898 4665 Orientem
1935 4627 2063 4681 pre-

2186 4631 2277 4664 των
2334 4608 2538 4685 έγένετο
2595 4609 2806 4683 κύριος,
2853 4613 2961 4664 τῶν
3007 4607 3059 4664 έν
3113 4615 3234 4671 ταῖς
3285 4608 3478 4664 πόλεσι
3509 4615 3841 4683 στρατηγεῖν

404 4721 581 4771 mere,
646 4701 936 4760 Patzinaci
1006 4716 1139 4755 vero
1199 4698 1596 4755 Occidentem.
1657 4699 1822 4755 Cedit
1887 4699 2069 4770 igitur

397 4795 735 4864 Thrymbus
766 4789 1058 4858 Calabria,
1093 4789 1194 4860 qui
1246 4787 1364 4843 illic
1413 4789 1532 4843 dux
1583 4793 1708 4843 erat
1754 4789 2065 4854 exercitus,

400 4891 601 4958 aperte
631 4887 836 4939 contra
863 4879 1178 4935 Scribonas
1219 4877 1449 4934 facinus
1481 4894 1663 4933 ausus
1697 4895 1710 4931 ε
1745 4895 1876 4934 cum
1915 4878 2064 4934 722

401 4974 560 5030 enim
600 4969 897 5043 indigenis
932 4967 1174 5022 minime
1227 4967 1453 5038 placere
1501 4972 1766 5022 cerneret
1795 4968 1949 5038 quod
1983 4968 2065 5024 fa-

401 5069 567 5118 ctum
617 5065 793 5128 esset,
824 5059 991 5114 exsul
1045 5057 1116 5112 ad
1172 5057 1588 5126 imperatorem
1649 5057 2064 5127 proﬁciscitur.

402 5152 653 5207 Mittitur
691 5150 873 5221 igitur
903 5149 1022 5203 dux
1068 5145 1245 5202 Italiae
1286 5146 1605 5202 Ahulchar.
1642 5147 1930 5203 Robertus
1962 5165 2065 5203 au-

400 5247 516 5297 tem
566 5254 700 5293 cum
758 5242 995 5309 propter
1043 5234 1468 5291 Scribonarum
1519 5235 1736 5290 caedem
1788 5235 2066 5293 Calabros

395 5332 770 5401 exasperatos
799 5325 1038 5392 videret,
1072 5323 1182 5378 hac
1226 5340 1461 5394 quoque
1491 5324 1563 5379 de
1593 5341 1774 5379 causa
1805 5325 2067 5382 rebelliO'

399 5436 520 5476 rem
554 5415 900 5484 meditatus,
934 5430 1049 5470 non
1085 5416 1150 5468 ut
1197 5413 1456 5484 amplius
1503 5431 1848 5470 reversurus
1898 5432 2064 5487 egre-

2173 4701 2514 4776 τεταγμένων
2571 4700 2707 4773 πρὸς
2771 4698 2997 4773 βασιλέα
3057 4699 3134 4771 μὴ
3187 4695 3501 4771 δυναμένων
3547 4697 3842 4770 ἁντεξιέναι

2176 4786 2498 4864 ὀλιγανδρίᾳ
2552 4788 2640 4843 καὶ
2696 4787 2956 4858 κακότητι
3013 4793 3120 4842 τῶν
3181 4787 3274 4842 σὺν
3329 4789 3520 4852 αὐτοῖς
3556 4831 3568 4844 .
3617 4791 3720 4842 Τοῖ’)
3779 4786 3840 4844 δὲ

2177 4883 2463 4951 Κομνηνοῦ
2519 4885 2620 4947 τῆς
2698 4875 2976 4953 βασιλείας
3051 4877 3343 4953 έγκρατοῦς
3402 4880 3702 4954 γενομένου
3771 4881 3843 4935 τὰ

2180 4969 2274 5040 μὶν
2307 4973 2413 5022 τῶν
2463 4969 2716 5043 Τούρκων
2766 4969 2865 5036 τήν
2913 4963 3219 5035 Ἀνατολὴν
3273 4963 3509 5040 ξολιϐεν,
3545 4969 3596 5024 oi.
3631 4973 3840 5038 Πατζι-

2174 5059 2328 5112 νάκοι
2386 5056 2443 5112 δὶ
2495 5059 2596 5127 τὴν
2653 5056 2810 5111 Λύσιν
2865 5055 3120 5124 έπίεζον.
3182 5062 3494 5132 ἰ’ποχωρεῖ
3547 5061 3678 5133 γοῦν
3733 5065 3842 5129 τῆς

2177 5141 2491 5222 Καλαϐρίας
2540 5147 2567 5200 ὁ
2619 5141 2912 5222 Θρυμϐὸς,
2968 5145 3027 5208 ’ὸς
3078 5145 3250 5201 έκεῖσε
3304 5152 3620 5223 στρατηγῶν
3679 5147 3840 5221 έτόγ-

2176 5257 2332 5312 χανε,
2391 5237 2453 5291 τὸ
2499 5237 2635 5291 κατὰ
2676 5235 2804 5299 τοὺς
2852 5229 3170 5310 Σκρίϐωνας
3219 5232 3348 5309 ἄγος
3398 5234 3592 5307 ἀνέδην
3651 5235 3846 5291 τετολ-

2179 5330 2390 5400 μηκώς·
2473 5327 2548 5399 μή
2608 5326 2830 5397 ἀρέσκον
2884 5324 2984 5400 γὰρ
3037 5330 3156 5386 τοῖς
3216 5323 3511 5401 ἐγχωρίοις
3570 5325 3709 5400 ὁρῶν
3769 5326 3836 5380 τὸ

2175 5415 2576 5493 πεπραγμένον,
2636 5415 2805 5493 φυγὰς
2852 5415 2928 5478 ὡς
2979 5412 3207 5490 βασιλέα
3250 5415 3478 5488 γίνεται.
3535 5411 3845 5500 Στέλλετιιιι

1735 5539 1983 5598 JACOBI
2023 5545 2239 5602 GOARI
2278 5544 2511 5600 NOTI‘E.

467 5650 583 5722 (37)
615 5648 676 5707 Id
720 5652 810 5705 est
862 5643 1073 5718 Apulia
1123 5646 1182 5700 et
1231 5644 1566 5718 adjacentes
1617 5646 1952 5719 provincias,
1986 5649 2205 5722 quibus
2253 5649 2462 5707 ultimo
2505 5649 2688 5706 Graeci
2737 5649 3193 5722 imperaverunt.
3229 5647 3561 5706 Recolenda
3597 5651 3738 5704 nota
3768 5646 3830 5703 in

398 5741 456 5802 p.
491 5723 622 5781 577.
