4122 6406
267 386 388 443 453

1789 379 2184 442 HISTORIA.

3584 389 3704 444 454

262 521 402 594 γοῦν
436 512 562 585 δοὺξ
593 512 820 576 ίταλίας
869 514 898 568 6
944 507 1309 590 Ἀϐουλχαρὲ.
1352 514 1417 570 Ὀ
1455 509 1513 568 δὲ
1559 513 1927 589 Ῥουμπίτρος

2062 514 2224 584 lilur,
2255 514 2638 586 adhibitaque
2669 514 2962 571 celeritate
2993 516 3272 589 Rhegium
3303 518 3460 591 capit
3500 520 3702 578 urbem

269 611 342 681 τῇ
396 609 502 660 τῶν
563 597 890 673 Σκριόώνωει
967 601 1206 676 ἀναιρεσι
1258 599 1606 658 δεινοπαθῶν
1661 602 1724 657 τὸ
1771 602 1926 677 γένος

272 698 418 772 ἀρῶν
472 697 581 748 τῶν
645 686 946 764 Καλαϐρῶν
1005 687 1118 766 ἅμα
1174 692 1278 746 κάκ
1341 697 1440 762 τῆς
1495 691 1670 754 αἰτίας
1725 690 1926 762 ταύτης

262 785 563 840 ἀπόστασιν
627 779 893 855 μελετῶν,
950 784 1030 854 [Ρ.
1088 783 1221 854 855]
1274 781 1455 836 οὐκέτι
1515 781 1610 853 μὶν
1668 781 1742 843 ὡς
1801 781 1930 836 ὑπο-

261 876 518 945 στρέψων
566 867 749 940 ἔξεισι,
801 867 1014 942 σπουδῇ
1068 867 1125 924 δὲ
1173 869 1369 931 ἐλάσας
1421 870 1566 943 αἱρεῖ
1621 870 1682 924 τὸ
1713 870 1930 944 Ῥήγιον

261 960 434 1018 πόλιν
492 959 738 1034 μεγάλην
782 959 870 1012 καὶ
919 957 1181 1037 ἑπίφατῆ,
1227 958 1278 1013 ἄν
1331 959 1377 1030 ᾦ
1426 959 1673 1028 συνήθως
1725 958 1753 1011 6
1804 954 1929 1027 δουξ

270 1058 506 1119 Ἰταλίας
542 1050 807 1131 διέτριϐεν
845 1078 858 1090 ·
909 1059 1042 1125 ἦσαν
1088 1055 1192 1131 γὰρ
1239 1054 1290 1110 ἐν
1339 1055 1518 1128 τούτῳ
1567 1053 1844 1128 οἴκηματά
1873 1075 1931 1110 τε

276 1145 548 1222 διαπρεπῆ
597 1145 692 1200 καὶ
734 1150 842 1200 τῶν
895 1141 1216 1214 ἐπιτηδείων
1272 1143 1498 1222 ἀφθονία
1545 1143 1754 1214 πολλή.
1797 1144 1857 1200 Ὀ
1885 1139 1931 1197 δ’

277 1231 625 1310 Ἀεουλχαρὶ
681 1234 746 1289 τὸ
801 1233 1107 1310 Δυρῥάχιον
1155 1227 1478 1287 καταλαϐὼν
1530 1232 1580 1303 ἐξ
1627 1231 1832 1288 ἑκείνου
1873 1253 1932 1286 τε

275 1326 350 1388 εἰς
381 1327 479 1395 τήν
518 1324 682 1400 Βάριν
732 1323 1081 1398 περαιωθεὶς,
1129 1324 1435 1395 πυθόμενος
1488 1322 1569 1377 δτι
1609 1323 1672 1377 τὸ
1707 1323 1928 1395 Ῥήγιον

267 1416 436 1484 ἑάλω,
498 1411 712 1489 ἔμεινεν
772 1413 930 1469 αὐτὸν
991 1413 1042 1468 ἕν
1101 1416 1169 1487 τῇ
1231 1413 1692 1489 Βάρει,κακεῖθεν
1739 1412 1815 1476 ὡς
1862 1412 1929 1482 ἦν

261 1505 496 1562 δυνατὸν
543 1510 655 1561 τῶν
710 1502 787 1558 ἔτι
827 1505 893 1558 τὰ
938 1504 1224 1578 Ῥωμαίων
1279 1508 1595 1580 φρονουσῶν
1650 1503 1930 1578 ἀντείχετο

259 1595 513 1662 πόλεων,
580 1592 918 1668 στρατηγοὺς
968 1593 1198 1670 teme,
1250 1593 1340 1647 καὶ
1410 1593 1633 1667 στρατὸν
1693 1593 1930 1665 ἐπιπεμ-

259 1707 379 1739 πων
413 1684 494 1745 εἷς
529 1680 783 1757 φυλακήν
821 1700 832 1712 '
889 1679 967 1737 ἔτι
1012 1683 1113 1757 γὰρ
1174 1681 1435 1760 ἐφρόνουν
1484 1682 1551 1736 τὰ
1579 1681 1869 1754 Ῥωμαίων
1892 1678 1929 1751 ἥ

260 1795 320 1830 τε
382 1774 582 1849 Βάρις,
640 1773 676 1842 ἠ
734 1769 976 1846 Ὑδροῦς,
1036 1774 1070 1841 ἡ
1129 1769 1497 1837 Καλλίπολις,
1563 1772 1591 1826 6
1647 1773 1844 1845 Τάρας,
1867 1770 1930 1825 τὸ

2037 620 2305 676 magnam
2361 609 2419 660 ct
2469 602 2780 674 illustrem,
2821 605 2921 660 ubi
2953 612 3338 664 consueverat
3368 608 3486 663 dux
3519 608 3701 667 Italia

2035 693 2407 765 commorari,
2439 695 2595 766 quod
2630 693 2710 751 ibi
2743 703 2940 751 essent
2988 701 3046 752 et
3099 698 3426 770 magnificasI
3485 700 3702 757 domus

2036 787 2096 838 et
2137 799 2340 839 eorum
2393 801 2520 855 quin
2571 784 2643 840 ad
2693 785 2916 840 victum
2970 787 3302 842 necessaria
3350 793 3492 844 sunt
3537 789 3705 862 copia

2038 871 2249 928 multa.
2285 873 2617 929 Abulchare
2667 879 2867 930 autem
2899 891 3030 930 cum
3066 876 3450 948 Dyrrachium
3499 896 3702 950 perve-

2040 958 2226 1014 nisset
2258 959 2392 1014 inde
2423 959 2660 1016 Barium
2711 961 3067 1031 transmisit,
3109 979 3364 1035 cumque
3414 965 3702 1038 Rhegium

2039 1053 2279 1119 captum
2311 1050 2704 1121 cognovisset,
2730 1067 2864 1105 cum
2898 1052 3026 1106 Bari
3061 1053 3461 1123 exspectabat,
3486 1061 3546 1110 et
3567 1056 3706 1112 inde

2041 1143 2333 1208 quantum
2365 1142 2611 1210 poterat,
2651 1139 2824 1195 urbes
2854 1140 3048 1196 adhuc
3077 1141 3301 1197 amicas
3331 1143 3612 1200 Romanis
3641 1144 3701 1200 in

2039 1227 2231 1283 ofﬁcio
2263 1245 2329 1283 ac
2359 1227 2473 1284 fide
2503 1229 2858 1295 continebat,
2893 1231 3213 1300 prteflciens
3234 1232 3436 1300 duces,
3463 1238 3521 1289 et
3541 1250 3704 1290 exer-

2041 1315 2225 1371 citum
2294 1317 2532 1373 mittens
2593 1319 2665 1372 ad
2739 1317 3000 1373 locorum
3061 1319 3392 1376 custodiam
3445 1339 3458 1378 :
3512 1323 3705 1378 adhuc

2039 1405 2197 1460 enim
2229 1422 2262 1459 a
2294 1405 2576 1462 Romanis
2609 1409 2776 1462 erant
2810 1405 2996 1477 Baris,
3021 1407 3212 1477 Idrus,
3244 1408 3567 1481 Callipolis,
3602 1412 3710 1468 Ta-

2039 1496 2709 1562 rentum,Brundusium
2732 1503 2790 1551 et
2814 1501 2976 1552 Horae
2998 1501 3056 1552 et
3078 1497 3194 1553 alia
3213 1498 3496 1571 oppidula
3519 1502 3709 1557 multa

2039 1589 2098 1639 et
2129 1585 2366 1640 omnino
2397 1593 2520 1641 tota
2551 1585 2731 1657 regio.
2768 1588 2998 1641 Interea
3040 1603 3176 1642 vero
3224 1587 3559 1645 declaratus
3589 1591 3710 1646 dux

2039 1681 2220 1737 Italiae
2262 1686 2516 1739 Perenus
2565 1683 2695 1738 fuit.
2751 1683 2895 1738 Cum
2948 1699 3080 1740 vero
3132 1701 3246 1739 non
3303 1687 3596 1756 potuisset
3647 1686 3708 1743 in

2039 1771 2505 1842 Longobardiam
2540 1772 2738 1844 copias
2763 1773 3034 1844 trajicere
3064 1778 3303 1846 propter
3334 1774 3571 1832 Roberti
3605 1793 3708 1849 po-

269 1861 592 1939 Βρενδίσιον
622 1862 713 1916 καὶ
743 1861 797 1915 αἱ
829 1863 984 1936 Ὧραι
1018 1860 1106 1916 καὶ
1146 1858 1292 1916 ἄλλα
1333 1857 1600 1936 πολίχνια
1645 1861 1805 1916 ἱκανά
1840 1860 1930 1914 καὶ

2064 1861 2308 1926 entiam,
2341 1860 2642 1933 Dyrrachii
2673 1862 2913 1927 mansit,
2947 1863 3068 1917 dux
3099 1862 3399 1933 Dyrrachii
3446 1865 3711 1937 appella-

266 1957 414 2006 πᾶσα
444 1953 481 2020 ἡ
517 1951 685 2026 χώρα
729 1947 944 2011 ἁπλῶς.
993 1951 1081 2006 Ἐν
1135 1953 1216 2020 τῷ
1269 1948 1464 2021 μεταξὺ
1507 1946 1565 2004 δὲ
1609 1944 1930 2021 προεϐλήθη

287 2038 412 2111 δουξ
461 2043 566 2106 τῆς
623 2034 859 2102 Ἰταλίας
909 2038 936 2092 6
1004 2038 1270 2113 Περηνός.
1330 2039 1418 2106 Μή
1476 2035 1726 2109 δυνηθεὶς
1774 2037 1831 2092 δὲ
1863 2037 1938 2099 εἷς

295 2125 697 2205 Λογγιῦαρδίαν
757 2129 1129 2203 περαιωθῆναι
1185 2124 1276 2182 διὰ
1330 2129 1428 2198 τὴν
1482 2131 1580 2183 τοῦ
1635 2128 1940 2200 Ῥουμπὲρ-

294 2241 394 2274 του
420 2215 868 2272 καταδυναστείαν
919 2212 1127 2288 ἔμεινεν
1180 2215 1230 2272 ἐν
1273 2215 1943 2293 Δυῤῥαχίῳ,ὁνομασθεὶς

294 2313 400 2364 τοῦ
448 2306 740 2383 Δυρραχίου
792 2303 938 2376 δοῦξ.
1019 2300 1332 2381 Νικηφόρος
1405 2302 1462 2359 δὲ
1518 2306 1545 2359 6
1603 2305 1944 2380 Καραντηνὸς

298 2395 572 2471 ἰκδρομᾶς
610 2395 943 2467 ποιτυμένου
991 2399 1092 2449 τοῦ
1145 2395 1514 2469 Ῥουμπὲτρου
1557 2392 1647 2448 καῖ
1676 2394 1946 2449 κακώσεσι

293 2487 515 2560 μυρίαις
570 2485 694 2547 τοὺς
753 2482 998 2546 Ἰταλοὺς
1045 2483 1480 2560 κατατρύχοντος
1553 2481 1764 2538 ἰδειλία
1825 2483 1944 2556 μὲν,

285 2584 447 2657 ipsa
504 2581 551 2638 δ’
610 2585 767 2656 ὅμως
804 2583 904 2650 τήν
956 2580 1016 2636 ἐκ
1073 2580 1339 2657 βασιλέως
1386 2581 1663 2655 ἀναμένων
1724 2579 1944 2636 ἐπικου-

291 2675 435 2751 ρίαν.
475 2676 650 2731 Πᾶσαι
711 2673 801 2727 οὖν
852 2672 907 2726 αἱ
965 2671 1228 2729 Ἰταλικαὶ
1275 2670 1464 2733 πόλεις
1512 2673 1946 2746 προσεχώρησαν

289 2765 380 2819 καὶ
441 2763 688 2838 φρουρὰν
722 2757 1081 2837 παρεδέξαντο
1114 2779 1126 2792 ·
1185 2760 1322 2822 τινὲς
1371 2758 1428 2815 δὲ
1471 2759 1560 2814 καὶ
1592 2761 1831 2838 φρουρὰν
1868 2762 1945 2834 μὴ

283 2850 717 2924 καταδεξάμεναι
793 2850 1100 2928 ὑποφόρους
1171 2854 1524 2920 κατέστησαν.
1603 2849 1824 2907 Τούτων
1891 2847 1949 2905 δὶ

286 2941 434 2998 οὕτω
483 2940 837 3012 τελουμένων
884 2944 1070 3017 φυγεῖν
1131 2938 1226 3010 μὶν
1263 2934 1400 3014 ἔγνω
1457 2939 1546 2992 καὶ
1593 2939 1620 2993 6
1670 2945 1950 3011 Καραντη-

285 3034 402 3096 νὸς,
479 3029 886 3101 αὐξανομένους
972 3027 1099 3090 τοὺς
1179 3027 1471 3103 Φράγγους
1548 3029 1664 3092 καθ’
1720 3029 1949 3098 ἑκάστην

287 3121 431 3196 ὁρῶν
471 3138 484 3152 ·
541 3119 606 3173 τὸ
656 3115 714 3173 δὲ
759 3121 857 3181 τῆς
916 3116 1182 3191 αἰσχύνης
1225 3113 1411 3190 ἄδοξον
1463 3116 1817 3192 λογιζόμενος
1863 3117 1951 3170 ἐπὶ

288 3211 483 3284 χώρας
517 3205 729 3281 ἔμενεν,
771 3206 834 3261 τὸ
885 3201 1198 3280 Βρενδίσιον
1255 3209 1535 3280 συντηρῶν
1587 3202 1637 3258 ἐν
1695 3209 1764 3278 τῇ
1813 3205 1950 3280 πρὸς

287 3300 380 3353 τὸν
410 3297 648 3369 βασιλέα
682 3293 860 3350 πίστει
888 3316 948 3350 τε
1003 3293 1092 3348 καὶ
1143 3291 1432 3350 δουλώσει,
1495 3293 1704 3368 Ἀπάτη
1756 3291 1812 3350 δὲ
1859 3295 1946 3350 καὶ

295 3383 446 3458 δόλῳ
504 3383 638 3448 τοὺς
721 3383 1050 3458 προσοίκους
1130 3381 1414 3460 Φράγγους
1466 3383 1779 3458 ὑπερχεται.
1844 3393 1949 3438 Λα-

295 3476 496 3552 θραίως
531 3475 626 3529 οὗν
656 3473 842 3537 αὐτοῖς
899 3473 1164 3548 ἐντυχὼν,
1223 3473 1313 3526 καὶ
1363 3471 1488 3546 περὶ
1530 3476 1628 3528 τοῦ
1656 3470 1954 3548 προδοῦναι

291 3567 395 3634 τήν
425 3561 591 3618 πόλιν
626 3561 829 3638 λόγους
885 3561 976 3617 καὶ
1033 3558 1158 3622 δοὺς
1197 3561 1284 3615 καὶ
1318 3555 1526 3631 λαϐὼν,
1565 3559 1800 3631 ἥκοντας
1831 3561 1956 3625 τοὺς

304 3651 594 3727 Φράγγοῦς
623 3650 839 3722 ἑδέξατο
891 3649 1139 3712 ἀνιόντας
1189 3647 1279 3704 διὰ
1327 3650 1620 3723 κλίμακος.
1671 3654 1804 3708 "Eva
1843 3652 1962 3706 καθ’

306 3739 403 3796 ’ἕνα
453 3745 578 3816 γοῦν
631 3748 740 3798 τῶν
799 3739 1058 3794 ἀνιόντων
1117 3739 1426 3817 ἀποσφάξας
1475 3739 1550 3802 είς
1600 3740 1786 3796 ἑκατὸν
1837 3741 1960 3816 ἀρι-

306 3831 672 3905 θμουμὲνους,
702 3829 795 3884 καὶ
845 3828 942 3890 τὰς
983 3827 1222 3906 κεφαλὰς
1252 3828 1429 3884 αὐτῶν
1461 3825 1646 3901 πλοίῳ
1678 3825 1961 3902 ἐμϐαλὼν,

302 3924 626 3994 περαιοῦται
677 3919 751 3981 εἷς
794 3918 856 3973 τὸ
907 3917 1236 3994 Δυῤῥαχιον,
1288 3915 1486 3981 ἰκεῖθὲν
1519 3939 1576 3973 τε
1623 3918 1700 3980 εἷς
1736 3919 1965 3994 βασιλέα

305 4013 423 4062 τῶν
489 4001 910 4079 συμϐεϐηκότων
997 4009 1204 4061 ἄπεισιν
1277 4003 1524 4083 ἅγγελος.
1583 4007 1644 4064 Ὀ
1722 4007 1814 4080 μὶν
1871 4008 1963 4062 οὖν

313 4095 644 4170 Περηνὸςεν
692 4095 984 4172 Δυρῥαχίῳ
1041 4094 1246 4168 ἔμεινε,
1305 4097 1404 4163 τὴν
1468 4093 1525 4151 δὲ
1583 4095 1860 4172 βασιλείαν
1899 4097 1968 4151 τὰ

307 4183 458 4242 οἷ’κοι
488 4186 675 4261 ἀνιαρᾶ
726 4180 932 4255 ἔθλιϐε,
981 4184 1071 4239 καὶ
1127 4185 1227 4254 τὴν
1297 4186 1598 4254 ’Λνατολῆν
1654 4186 1721 4240 τὰ
1759 4185 1818 4240 ἐκ
1857 4189 1964 4240 τῶν

301 4274 563 4351 Τοῦρκων
621 4273 768 4330 δεινᾶ
839 4272 1077 4343 ἐπίεζον,
1154 4273 1488 4347 αὐξανόμενα
1569 4275 1686 4329 καθ’
1736 4273 1965 4345 ἑκάστην

304 4364 397 4420 καὶ
487 4361 763 4438 μηδεμίαν
852 4357 1205 4436 λαμϐάνοντα
1290 4359 1464 4418 ἄνεσιν
1545 4361 1635 4418 καὶ
1709 4361 1968 4437 ἀνάγκην.

308 4462 758 4533 Τελευτήσαντος
798 4459 856 4516 δὲ
897 4465 994 4516 τοῦ
1053 4457 1249 4522 δουκὸς
1301 4461 1704 4515 Κωνσταντίνου
1731 4465 1828 4515 τοῦ
1879 4462 1972 4537 βα-

309 4552 533 4621 σιλέως,
565 4554 668 4620 τῆς
731 4549 788 4605 δὲ
839 4547 1120 4626 βασιλίδος
1165 4545 1429 4612 Εὐδοκίας
1487 4550 1624 4625 πρὸς
1658 4548 1837 4626 βραχὺ
1867 4550 1967 4619 τὴν

2049 1953 2164 2004 tus.
2194 1950 2558 2020 Nicephorus
2590 1955 2785 2006 autem
2818 1950 3183 2008 Carantenus
3215 1953 3591 2011 excursiones
3623 1955 3710 2012 fa-

2051 2037 2239 2095 ciente
2272 2038 2523 2095 Roberto
2567 2044 2624 2095 et
2673 2039 2920 2095 infinitis
2969 2041 3142 2096 malis
3193 2041 3418 2098 Italiam
3468 2049 3713 2103 vexante

2049 2127 2234 2183 timeb
2263 2128 2591 2199 etquidem,
2625 2135 3028 2185 verumtamen
3064 2131 3138 2185 ab
3170 2130 3525 2202 imperatore
3546 2135 3714 2189 auxi-

2051 2215 2200 2270 lium
2265 2216 2664 2288 exspectabat.
2731 2220 2948 2272 Omnes
3014 2217 3199 2288 igitur
3257 2219 3470 2275 Italicaa
3539 2223 3715 2279 urbes

2055 2305 2128 2360 ad
2177 2321 2312 2360 eum
2378 2321 2441 2360 se
2510 2303 2939 2377 applicuerunt,
3009 2311 3067 2361 et
3135 2308 3410 2378 praesidia
3471 2325 3714 2382 accepe-

2055 2404 2228 2463 runt;
2281 2397 2550 2467 quaedam
2600 2411 2734 2452 vero
2784 2396 3056 2468 praesidia
3105 2403 3443 2456 recusantes
3487 2399 3714 2472 stipen-

2055 2485 2274 2541 diarias
2303 2502 2367 2540 se
2398 2485 2602 2541 fecere.
2653 2485 2752 2541 His
2784 2491 2979 2541 autem
3004 2489 3082 2542 ita
3104 2489 3374 2559 perfectis
3393 2490 3592 2562 fugere
3614 2492 3713 2546 de-

2057 2577 2240 2631 crevit
2299 2575 2448 2631 723
2508 2575 2686 2630 etiam
2743 2575 3132 2646 Carantenus,
3189 2578 3393 2634 videns
3451 2581 3715 2650 quotidie

2055 2664 2311 2720 Francos
2341 2665 2564 2737 augeri.
2595 2665 2708 2720 Sed
2739 2682 2942 2721 secum
2976 2673 3257 2738 reputans
3301 2668 3714 2742 ignominiam,

2058 2763 2119 2818 in
2153 2763 2450 2834 provincia
2499 2765 2738 2834 mansit,
2775 2764 3170 2820 Brundusium
3203 2766 3260 2820 in
3295 2765 3408 2822 fide
3437 2783 3575 2840 erga
3607 2769 3715 2824 im-

2060 2855 2390 2922 peratorem
2441 2855 2498 2906 et
2542 2849 2601 2904 in
2649 2851 2930 2906 servitute
2977 2855 3306 2920 continens,
3343 2853 3545 2910 fraude
3585 2871 3718 2911 vero

2059 2955 2128 2994 ac
2157 2939 2288 2995 dolo
2324 2941 2608 2995 finitimos
2640 2939 2894 2995 Francos
2939 2942 3296 3012 aggreditur.
3331 2941 3494 2998 Clam
3537 2944 3720 3016 igitur

2061 3044 2196 3082 cum
2231 3027 2378 3098 ipsis
2416 3027 2761 3097 collocutus,
2806 3033 2866 3082 et
2912 3028 2983 3083 de
3036 3029 3333 3099 prodenda
3377 3029 3522 3102 ipsis
3572 3032 3715 3088 urbe

2063 3117 2361 3172 mentione
2394 3115 2546 3172 ultro
2582 3117 2845 3188 citroque
2876 3117 3094 3182 habita,
3133 3121 3428 3174 venientes
3462 3120 3720 3176 Francos

2062 3206 2310 3278 excepit,
2342 3211 2401 3263 et
2428 3223 2528 3278 per
2558 3205 2776 3262 scalam
2809 3208 3194 3263 ascendentes
3241 3208 3506 3278 singulos
3539 3209 3718 3266 inter-

2064 3295 2221 3361 fecit,
2253 3300 2487 3351 centum
2535 3295 2765 3351 circiter
2820 3312 3086 3364 numero,
3117 3313 3367 3367 quorum
3421 3297 3614 3370 capita
3660 3297 3720 3354 in

2066 3385 2366 3457 navigium
2401 3383 2678 3456 imposita
2709 3384 2780 3438 ad
2815 3384 3192 3457 Dyrrachium
3248 3386 3622 3455 transmittit,
3667 3391 3727 3443 et

2064 3474 2201 3530 inde
2228 3475 2298 3529 ad
2334 3473 2746 3545 imperatorem
2781 3489 2981 3529 eorum
3021 3492 3146 3544 qua
3187 3476 3520 3532 acciderant
3572 3493 3726 3533 nun-

2066 3566 2186 3619 tius
2217 3564 2633 3636 proficiscitur.
2662 3567 2921 3619 Perenus
2952 3563 3132 3636 igitur
3163 3565 3462 3638 Dyrrachii
3488 3567 3728 3636 mansit,

2068 3663 2384 3734 imperium
2430 3678 2567 3717 vero
2625 3661 2908 3718 intestina
2964 3661 3119 3718 mala
3170 3663 3613 3736 opprimebant,
3674 3671 3733 3721 et

2069 3751 2367 3808 Orientem
2416 3751 2589 3807 Turci
2633 3754 2921 3806 vexabant
2970 3751 3042 3808 iis
3095 3751 3268 3808 malis
3297 3769 3425 3824 quae
3465 3754 3730 3824 quotidie

2072 3845 2244 3896 aucta
2275 3839 2440 3896 nulla
2469 3856 2537 3896 ex
2569 3845 2734 3911 parte
2767 3841 3236 3897 remittebantur.
3271 3842 3500 3898 Mortuo
3531 3849 3730 3899 autem

2073 3932 2222 3986 duce
2252 3929 2638 3984 Constantino
2669 3931 3043 4001 imperatore,
3080 3947 3214 3986 cum
3258 3931 3600 4003 imperatrix
3627 3932 3735 3988 Eu-

2075 4020 2243 4075 docia
2273 4019 2342 4074 ad
2379 4019 2550 4074 breve
2572 4025 2810 4090 tempus
2854 4018 3171 4090 imperium
3221 4019 3598 4092 obtinuisset,
3631 4021 3734 4078 ubi

2075 4110 2146 4165 ad
2179 4109 2497 4180 Diogenem
2531 4113 2764 4179 sceptra
2797 4124 3128 4179 pervenere,
3160 4110 3410 4166 Roberto
3440 4116 3498 4167 et
3529 4111 3601 4168 iis
3633 4110 3735 4183 qui

2075 4215 2212 4256 cum
2259 4197 2389 4270 ipso
2437 4203 2604 4254 erant
2633 4197 2790 4252 haud
2823 4195 3080 4269 vulgaris
3115 4203 3308 4255 metus
3341 4198 3592 4270 injectus
3621 4204 3731 4267 est,

2077 4303 2152 4344 ne
2181 4287 2358 4342 etiam
2391 4303 2420 4342 e
2451 4286 2576 4342 suis
2599 4286 2842 4342 sedibus
2869 4285 3228 4357 pellerentur
3246 4286 3738 4359 privarenturque

2079 4377 2226 4445 suis,
2253 4375 2470 4446 experti
2506 4377 2635 4446 ejus
2667 4375 2964 4431 virtutem.
2997 4377 3084 4430 Ab
3128 4375 3203 4431 iis
3247 4382 3443 4432 autem
3494 4377 3640 4434 locis
3683 4381 3742 4434 et

2081 4466 2314 4538 oppidis
2345 4481 2472 4536 quae
2501 4464 2573 4519 ad
2607 4464 3004 4520 Romanorum
3032 4465 3738 4539 spectabantimperium,

2083 4563 2362 4618 omnibus
2396 4561 2588 4617 modis
2621 4577 2748 4616 sese
2779 4561 3431 4618 subducebant.Verum
3454 4579 3590 4620 cum
3613 4563 3741 4636 ipse

315 4639 596 4714 βασιλείαν
628 4637 997 4714 ἀντισχούσης
1039 4637 1153 4693 ἐπεὶ
1205 4637 1280 4700 εἷς
1342 4639 1598 4712 Διογένην
1625 4637 1692 4693 τὰ
1722 4645 1951 4714 σκῆπτρι

2080 4669 2316 4723 quoque
2361 4654 2751 4722 occuparetur
2805 4650 2864 4704 in
2925 4651 3400 4721 expeditionibus
3457 4653 3741 4708 adversus

307 4737 410 4798 τῆς
467 4727 749 4804 βασιλείας
807 4726 1096 4802 περιῆλθε,
1162 4731 1243 4799 τῷ
1305 4727 1400 4800 μὲν
1460 4727 1820 4800 Ῥουμπὲρτῳ
1877 4727 1966 4782 καὶ

305 4825 426 4881 τοῖς
462 4819 590 4893 περὶ
645 4816 802 4872 αὐτὸν
861 4816 979 4878 δέος
1039 4814 1101 4871 οὗ
1153 4817 1215 4871 τὸ
1269 4817 1439 4890 τυχὸν
1489 4815 1578 4884 ἦν,
1633 4817 1709 4889 μὴ
1741 4815 1970 4870 καὶτῶν

309 4908 534 4964 οἰκείων
593 4906 857 4961 ἔκπίσωσι
914 4907 1002 4960 καὶ
1079 4907 1379 4982 στερηθῶσι
1419 4911 1610 4982 πεῖραν
1652 4913 1753 4975 τῆς
1807 4904 1972 4960 αὐτοῦ

311 4997 704 5073 γενναιότητος
733 4993 977 5071 ἔχοντες,
1030 4999 1138 5050 τῶν
1191 4993 1248 5050 δέ
1297 5016 1361 5070 γε
1398 4994 1467 5070 τῇ
1494 4995 1763 5069 Ῥωμανίᾳ
1793 4993 1973 5072 διαφε-

312 5091 528 5163 ρουσῶν
581 5091 783 5162 χωρῶν
825 5107 884 5140 τε
931 5085 1020 5139 καὶ
1051 5084 1264 5141 πόλεων
1323 5091 1454 5140 πᾶσι
1511 5087 1739 5160 τρόποις
1772 5085 1971 5158 ἀνῆγον

309 5176 542 5239 ἑαυτοὺς
581 5175 669 5231 καί
719 5173 1074 5233 ὁπὲστελλον.
1126 5178 1208 5248 [Ρ.
1252 5179 1380 5246 856]
1425 5179 1557 5238 Ταῖς
1618 5174 1674 5230 δὲ
1701 5177 1838 5230 κατά
1865 5179 1972 5230 τῶν

306 5267 572 5343 Τοῦρκων
624 5264 987 5339 ἐκστρατείαις
1060 5263 1426 5341 προσέχοντος
1494 5265 1585 5320 καὶ
1646 5265 1833 5333 αὐτοῦ,
1885 5264 1976 5319 καὶ

307 5363 394 5430 τῷ
451 5355 623 5413 πλέον
683 5351 936 5421 θλίϐοντι
1010 5357 1112 5424 την
1174 5362 1346 5410 πᾶσαν
1394 5353 1635 5425 σπουδὴν
1691 5356 1976 5428 νέμοντος,

313 5457 502 5512 οὐκέτι
555 5456 654 5530 μὶν
704 5456 780 5517 ὡς
860 5451 1138 5524 δεσπόται,
1208 5455 1412 5531 τρόπον
1471 5452 1528 5510 δὶ
1575 5453 1829 5510 κλεπτῶν
1885 5453 1978 5508 καὶ

317 5542 540 5621 λῃστῶν
595 5543 840 5606 ἐπιόντες
903 5543 1154 5620 ὑποφορα
1219 5544 1433 5608 δαυτοῖς
1486 5543 1553 5599 τὰ
1602 5549 1704 5613 τῆς
1742 5539 1980 5606 Ἰταλίας

317 5633 670 5707 ιποιήσαντο.
723 5637 839 5688 Τῶν
895 5627 954 5686 δὲ
1000 5632 1134 5688 κατὰ
1179 5633 1271 5688 τὸν
1328 5631 1606 5710 Διογένην,
1664 5631 1802 5706 ᾗπερ
1849 5632 1982 5685 ἀνω-

315 5725 457 5808 sipo)
493 5723 842 5799 διεῖληπται,
876 5719 1346 5798 οἱκονομηθὲντων
1395 5743 1455 5782 τε
1485 5723 1574 5782 καὶ
1602 5721 1981 5803 πραχθεντων,

2080 4742 2327 4809 'I‘urcos,
2359 4745 2418 4796 et
2447 4755 2623 4795 omne
2654 4738 2922 4794 studium
2956 4743 3199 4810 poneret
3229 4741 3288 4795 in
3323 4757 3389 4796 eo
3422 4741 3581 4812 quod
3621 4757 3740 4796 ma-

2081 4829 2171 4902 gis
2203 4833 2457 4901 urgeret,
2492 4845 2606 4883 non
2639 4826 2894 4898 amplius
2929 4833 2992 4882 ut
3022 4828 3270 4894 domini,
3294 4830 3394 4884 sed
3423 4829 3575 4886 724
3596 4845 3744 4900 pras-

2080 4921 2301 4974 donum
2322 4933 2387 4972 ac
2407 4916 2730 4988 piratarum
2751 4917 2937 4972 instar
2959 4915 3134 4972 Italiae
3158 4917 3286 4973 loca
3306 4918 3365 4973 in
3389 4935 3558 4974 suam
3584 4922 3743 4990 pote-

2083 5013 2293 5064 statem
2331 5006 2694 5078 redigebant.
2711 5005 2854 5062 Cum
2878 5022 3014 5062 vero
3038 5006 3292 5078 Diogene
3315 5009 3665 5080 imperante,
3681 5013 3748 5063 ut

2084 5097 2358 5170 superius
2390 5097 2862 5151 demonstratum
2909 5100 3019 5164 est,
3063 5112 3153 5151 res
3203 5097 3630 5152 administrata
3679 5113 3746 5153 ac

2085 5190 2263 5258 gestis
2295 5185 2567 5250 fuissent,
2591 5184 2703 5238 sub
2736 5183 3020 5240 Michaele
3050 5201 3182 5241 vero
3209 5185 3526 5258 imperium
3559 5185 3715 5258 negli

2085 5279 2292 5347 genter
2349 5289 2414 5328 ac
2464 5270 2766 5344 pueriliter
2818 5273 3356 5344 administraretur,
3391 5281 3454 5331 ut
3510 5274 3752 5331 stabiles

2088 5363 2312 5419 domini
2345 5380 2378 5418 a
2403 5361 2552 5416 mari
2584 5377 2770 5432 usque
2799 5363 2870 5416 ad
2907 5379 3067 5418 mare
3099 5370 3155 5419 et
3186 5364 3656 5438 Longobardiam
3692 5366 3752 5420 et

2089 5453 2419 5510 Calabriam
2444 5449 2558 5507 sibi
2580 5450 3073 5523 subegere,eaque
3095 5453 3415 5510 distributa
3437 5459 3494 5510 et
3515 5453 3752 5526 oppidis

2090 5543 2297 5599 divisis
2325 5557 2386 5598 se
2418 5540 2683 5607 comites,
2738 5539 3057 5597 Robertum
3105 5559 3239 5600 vero
3291 5547 3506 5601 ducam
3549 5541 3751 5617 appel-

2091 5632 2309 5689 larunt.
2342 5627 2587 5686 Michael
2633 5631 2830 5684 sutem
2861 5645 2977 5684 non
3010 5630 3205 5689 solum
3237 5649 3354 5690 non
3389 5632 3633 5691 retinuit
3659 5648 3750 5688 re-

2085 5722 2327 5799 gionem
2377 5736 2504 5795 quae
2537 5718 2611 5779 ad
2642 5733 2706 5776 se
2734 5716 3090 5794 pertinebat,
3123 5726 3190 5780 ut
3234 5722 3459 5783 dictum
3508 5726 3616 5796 est,
3647 5720 3751 5779 sed
