4122 6384
450 385 568 441 455

1785 365 2112 430 JUANNIS
2156 366 2561 428 SCYLITZAE

3759 369 3892 430 456

448 521 514 570 ut
542 515 704 585 ipsos
747 512 972 568 Turcos
1003 523 1073 564 ex
1100 506 1336 563 Oriente
1384 503 1718 575 expelleret,
1759 501 2102 558 existimavii

2227 501 2314 554 καὶ
2345 503 2441 554 τοῦ
2492 499 2729 575 Μιχαὴλ
2779 501 2877 569 την
2946 498 3222 574 βασιλείαν
3282 499 3506 574 ἀμελῶς
3555 501 3644 556 καὶ
3688 499 3891 556 παιδαο

445 603 559 659 sibi
592 600 928 659 faciendum
960 613 1090 653 esse
1123 601 1188 651 ut
1216 611 1352 650 cum
1400 593 1550 666 ipsis
1601 592 1790 647 fmdus
1841 596 2113 663 percute-

445 697 554 757 ret,
585 697 644 747 et
675 691 940 763 ipsorum
992 703 1101 759 ope
1127 702 1194 741 ac
1227 683 1506 741 societate
1552 683 1878 740 Turcorum
1930 687 2114 735 teme-

445 782 667 837 rarium
702 781 761 835 in
794 780 1194 835 Romanorum
1234 774 1532 846 regionem
1565 771 1852 828 insultum
1885 785 2114 826 coerce-

448 875 755 936 ret.Quare
783 867 962 923 etiam
998 864 1348 921 afﬁnitatem
1371 879 1505 917 cum
1533 862 1778 917 Roberto
1801 858 2114 925 contraxit,

2225 588 2442 664 ριωδῶς
2471 587 2833 659 διιθύνονκος,
2889 591 2964 653 ὡς
3015 587 3270 646 δεσπόται
3301 585 3512 666 βέϐαιοι
3541 591 3647 646 ἀπὸ
3679 590 3892 654 θαλάτ-

2221 700 2322 748 της
2353 676 2455 741 ἕως
2488 679 2764 750 θαλάττης
2806 681 2906 750 τήν
2958 701 3017 735 τε
3059 675 3465 756 Λογγιϐαρδίαν
3523 683 3612 735 καὶ
3640 681 3740 747 τήν
3771 686 3894 736 Κα-

2226 761 2456 842 λαϐρίαν
2510 768 2724 830 ἑαυτοῖς
2793 769 3218 840 ὑπεποιήσαντο,
3277 768 3368 822 καὶ
3415 768 3622 839 ταύτην
3679 765 3890 824 διανει-

2229 858 2459 930 μάμενοι
2513 859 2603 912 καὶ
2653 858 2722 913 τὰ
2775 857 2979 932 κάστρα
3040 855 3489 933 διαμερισάμενοι
3527 857 3751 921 ἑαυτοὺς
3789 858 3892 931 μὶν

446 961 695 1032 ejusque
777 957 958 1012 filiam
1041 954 1322 1010 Helenam
1407 952 1734 1023 despondet
1808 967 1915 1004 suo
1992 948 2102 1002 fllic

2223 946 2496 1020 κόμητας,
2545 947 2637 1003 τὸν
2697 945 2755 1002 δὶ
2801 949 3174 1024 Ῥουμπέρτον
3243 945 3410 1003 δοῦκα
3448 951 3895 1022 προσωνομάκα-

446 1046 851 1104 Constantino.
885 1044 1135 1100 Volebat
1168 1044 1275 1098 hac
1307 1042 1529 1096 ratione
1565 1041 1887 1112 imperator
1936 1039 2111 1092 finem

445 1137 704 1208 aliquem
755 1135 934 1190 rebus
984 1131 1235 1204 imponi,
1267 1131 1366 1186 sed
1401 1147 1435 1186 a
1465 1130 1581 1185 Deo
1624 1128 1958 1201 prohibitus
2001 1130 2113 1195 est,

2223 1057 2324 1093 σιν.
2357 1037 2414 1090 Ὀ
2446 1034 2504 1092 δὶ
2562 1035 2795 1112 Μιχαὴλ
2854 1037 2916 1092 οὗ
2979 1039 3144 1110 μονὸν
3195 1035 3296 1092 οὐκ
3338 1037 3737 1108 ἀντεποιήσατο
3782 1045 3890 1107 τῆς

2225 1121 2588 1204 διαφερούσης
2641 1127 2816 1200 ἐαυτῷ
2873 1129 3088 1203 χώρας,
3139 1127 3216 1189 ὡς
3259 1125 3496 1202 εἴρηται,
3529 1124 3658 1182 ἀλλ’
3712 1128 3791 1190 ὡς
3828 1126 3892 1181 ’ἂν

447 1228 548 1298 qui
574 1229 702 1298 jam
734 1227 965 1299 pridem
1010 1224 1346 1278 decreverat
1392 1219 1648 1276 Orientis
1697 1217 2011 1292 perniciem
2058 1221 2102 1271 e1

2219 1215 2350 1279 τοὺς
2377 1215 2659 1292 Τούρκους
2691 1224 2792 1286 τῆς
2846 1215 3155 1286 Ἀνατολῆς
3187 1215 3477 1288 ἐξελάσειε,
3511 1213 3630 1270 δέον
3662 1215 3895 1289 ἐνόμισε

447 1316 839 1372 eversionem.

2222 1304 2537 1368 σπείσασθαι
2594 1304 2779 1368 αὐτοῖς
2850 1305 2942 1361 καὶ
3017 1302 3088 1360 δι’
3164 1305 3336 1360 αὐτῶν
3401 1305 3492 1360 καὶ
3552 1303 3646 1360 σὺν
3699 1305 3898 1367 αὐτοῖς

447 1397 792 1472 ἀποσοϐῆσαι
852 1400 1026 1456 αὐτῶν
1081 1400 1179 1468 τὴν
1234 1395 1434 1474 ἄλογον
1482 1397 1620 1451 κατᾶ
1663 1401 1765 1464 τῆς
1816 1393 2126 1467 Ῥωμανίας
2205 1392 2507 1451 ἐπέλευσιν.
2568 1397 2726 1460 Ὀθεν
2783 1396 2874 1450 καὶ
2929 1392 3100 1464 κῆδος
3157 1396 3294 1471 πρὸς
3349 1395 3445 1450 τὸν
3501 1395 3884 1470 Ῥουμπέρτον

447 1497 708 1562 ποιεῖται,
761 1491 850 1546 καὶ
907 1492 1006 1560 τήν
1067 1488 1233 1543 αὐτοῦ
1286 1487 1556 1562 θυγατέρα
1603 1481 1830 1554 Ἑλένην
1915 1486 2274 1557 κατεγγυᾶται
2356 1486 2435 1554 τῷ

2518 1483 2709 1538 ἑαυτοῦ
2776 1485 2880 1555 υἱῷ
2959 1483 3362 1556 Κωνσταντίνῳ.
3421 1479 3723 1539 Ἠϐούλετο
3793 1485 3900 1556 μὶν

447 1581 602 1636 ταυτὶ
650 1581 679 1635 ὁ
742 1579 1022 1656 βασιλεὺς,
1081 1576 1274 1653 πέρατι
1327 1575 1386 1631 δὶ
1444 1573 1670 1646 δοθῆναι
1743 1573 1891 1649 παρὰ
1965 1575 2100 1626 Θεοῦ
2176 1569 2505 1643 κεκώλυται,
2559 1569 2730 1628 πάλαι
2791 1573 3173 1652 ψηφισαμένου
3223 1579 3324 1643 τῆς
3383 1570 3684 1644 Ἀνατολῆς
3741 1572 3892 1628 πὰν-

447 1670 712 1746 ωλεθρίαν
745 1669 835 1724 καὶ
864 1670 1175 1724 ἀνάστασιν.

518 1780 636 1836 Hoc
667 1779 995 1851 imperante
1026 1775 1189 1850 Cpoli
1221 1779 1350 1832 orta
1378 1779 1467 1830 est
1497 1773 1681 1846 tripes
1713 1771 1859 1836 avis,
1879 1774 1937 1826 et
1968 1785 2117 1842 puer
2147 1771 2195 1836 Β

444 1868 672 1926 habens
696 1869 756 1923 in
788 1869 977 1923 fronte
1002 1865 1242 1923 oculum
1273 1879 1457 1919 unum
1491 1867 1550 1917 et
1580 1861 1756 1934 pedes
1807 1858 2104 1926 hircinos;

443 1964 501 2012 et
531 1957 648 2013 duo
679 1972 748 2011 ex
779 1952 1218 2010 immortalibus
1249 1950 1538 2006 militibus
1570 1947 1816 2003 fulmine
1842 1943 2107 2019 percussi

444 2051 605 2104 sunt.
633 2047 779 2101 Puer
805 2048 999 2100 autem
1034 2046 1451 2097 monetruosus
1480 2038 1539 2092 in
1573 2036 1808 2110 publico
1835 2037 2104 2106 ingressu

445 2135 798 2190 Diaconissas
831 2132 1032 2187 ﬂetum
1068 2129 1374 2186 emittebat
1402 2127 1638 2199 lugubri
1661 2123 1936 2180 similem.
1960 2127 2108 2176 Pras-

441 2226 601 2278 terea
663 2221 885 2276 crinitae
942 2234 1184 2290 quoque
1240 2216 1420 2272 stella
1474 2214 1740 2287 plurimas
1788 2217 1846 2268 et
1901 2212 2105 2267 crebro

443 2325 788 2383 apparuere.
814 2307 921 2364 Ubi
945 2324 1078 2363 vero
1104 2306 1336 2361 barbari
1371 2321 1465 2360 res
1493 2302 1745 2358 Orientis
1768 2300 2106 2373 praedaban-

441 2404 558 2470 tur,
583 2404 640 2455 et
663 2397 985 2454 multitudo
1016 2396 1231 2468 partim
1263 2394 1596 2450 cedebatur
1627 2393 1839 2463 partim
1874 2391 2104 2462 fugiens

440 2489 642 2560 Cpolin
672 2488 1078 2558 confugiebat,
1117 2486 1263 2541 725
1300 2483 1603 2552 indigebat
1632 2488 1868 2552 tempus
1914 2485 2104 2534 mente

441 2577 610 2633 senili
658 2583 718 2632 et
763 2575 995 2632 excelsa
1047 2576 1119 2629 ad
1172 2589 1264 2628 res
1312 2570 1749 2644 gubernandas,
1793 2568 1919 2638 ipse
1970 2582 2104 2621 vero

443 2673 565 2722 tam
592 2678 718 2723 erat
739 2680 949 2720 avarus
980 2680 1047 2718 ac
1077 2662 1210 2716 vilis
1245 2666 1308 2715 ut
1338 2677 1410 2715 ne
1438 2658 1677 2714 obolum
1709 2657 1950 2728 quidem
1981 2653 2104 2710 vel-

444 2758 524 2812 let
571 2756 898 2819 sfl'undere,
949 2768 1139 2824 neque
1189 2751 1472 2822 praeberet
1520 2748 1698 2804 alicui
1771 2746 2098 2817 quidpiam,

443 2847 787 2918 quicunque
819 2845 869 2898 is
901 2848 1078 2907 esset,
1105 2847 1208 2896 aut
1238 2839 1540 2911 providere
1570 2839 1817 2905 fructus,
1849 2835 1951 2905 qui
1996 2851 2103 2890 na-

442 2933 616 3005 vigiis
645 2931 1019 2997 veherentur,
1046 2930 1113 2982 ad
1138 2929 1358 2982 victum
1385 2925 1745 2980 necessarios
1777 2923 2102 2993 importan-

442 3025 548 3078 dos
581 3039 594 3077 :
630 3038 834 3077 verum
884 3020 1046 3075 inani
1077 3023 1134 3074 et
1165 3017 1358 3072 inutili
1409 3013 1763 3087 eloquentia:
1811 3012 2008 3067 studio
2045 3015 2104 3066 et

2301 1768 2425 1825 Ἐπὶ
2448 1769 2652 1825 τούτου
2703 1769 2898 1845 ἐτέχθη
2955 1769 3008 1824 έν
3055 1768 3631 1826 Κωνσταντινουπολει
3658 1768 3899 1844 τρίπους

2218 1852 2366 1932 ὅρνις
2398 1859 2488 1912 καὶ
2524 1857 2740 1914 παιδίον
2799 1857 2933 1935 ἔχον
2983 1860 3119 1914 κατὰ
3162 1859 3224 1914 τὸ
3261 1864 3513 1933 μέτωπον
3545 1855 3637 1914 ἕνα
3675 1856 3897 1938 ὀφθαλ-

2221 1947 2343 2019 μὸν,
2375 1947 2739 2023 τραγοσκελὶς
2789 1945 2847 2004 δὶ
2875 1947 3006 2011 τοὺς
3061 1947 3250 2012 πόδας.
3309 1947 3413 2005 Δύο
3447 1946 3504 2004 δὶ
3532 1953 3640 2004 τῶν
3673 1947 3890 2003 ἀθανά-

2215 2057 2323 2090 των
2355 2043 2704 2113 στρατιωτῶν
2763 2039 3020 2113 γεγόνασι
3060 2033 3516 2114 κεραυνόϐλητοι.
3578 2037 3657 2094 Τὸ
3712 2034 3775 2092 δέ
3810 2057 3902 2092 τε·

2217 2124 2451 2199 ρατῶδες
2481 2124 2695 2182 παιδίον
2730 2126 2781 2182 έν
2811 2131 2881 2202 τῇ
2913 2131 3021 2182 τῶν
3072 2126 3427 2197 Διοικονίσσης
3455 2123 3696 2200 δημονιᾳ
3723 2145 3875 2201 παρ-

2215 2212 2327 2288 όδῳ
2383 2214 2662 2289 κλαυθμὸν
2713 2215 2862 2294 ἠφίει
2905 2214 3144 2289 παιδικῷ
3195 2215 3576 2292 προσεοικότα.
3624 2215 3700 2274 Οὐ
3756 2216 3875 2288 μὴν

2215 2301 2272 2359 δὲ
2333 2303 2477 2361 ἀλλά
2533 2307 2621 2361 καὶ
2700 2309 2939 2380 κομῆται
3021 2305 3395 2382 παρετείνοντο
3466 2304 3717 2361 πλεῖστοι
3780 2304 3877 2361 καὶ

2215 2396 2430 2470 συχνοί.
2492 2397 2642 2453 Ἐπεὶ
2703 2394 2759 2451 δὲ
2816 2397 2905 2450 καὶ
2965 2398 3015 2450 οἱ
3075 2391 3350 2472 Βάρϐαροι
3414 2397 3480 2450 τὰ
3534 2403 3634 2464 τῆς
3689 2395 3877 2466 Ἐῴας

2214 2485 2502 2556 ἐληΐζοντο
2532 2487 2621 2541 καὶ
2647 2488 2710 2542 τὸ
2759 2486 2973 2556 πλῆθος
3025 2486 3088 2541 τὸ
3145 2487 3239 2558 μὶν
3292 2487 3545 2560 ἀνῃρεῖτο
3565 2486 3628 2540 τὸ
3660 2483 3717 2540 δὲ
3747 2489 3879 2561 φεῦ·

2213 2597 2309 2651 γον
2355 2579 2422 2649 τῇ
2458 2579 2866 2631 Κωνσταντίνου
2913 2574 3301 2654 προσέφευγεν,
3349 2573 3522 2630 ἐδεῖτο
3559 2576 3651 2648 μὲν
3686 2576 3714 2629 ὁ
3743 2596 3878 2630 και-

2214 2665 2307 2740 ρὸς
2356 2665 2712 2738 οἰκονομικῆς
2758 2665 2847 2720 καὶ
2901 2661 3266 2742 πρεσϐυτικῆς
3317 2665 3406 2720 καὶ
3465 2662 3877 2740 μεγαλοψύχου

2211 2757 2423 2835 φρενὸς,
2458 2759 2485 2812 ὁ
2539 2755 2596 2812 δὲ
2637 2763 2894 2812 τοσοῦτον
2952 2757 3015 2831 ᾖν
3063 2754 3332 2834 φειδωλὸς
3390 2757 3478 2811 καὶ
3535 2753 3879 2830 μικρολόγος

2212 2846 2350 2902 ὥστε
2404 2845 2535 2919 μηδ’
2593 2843 2790 2902 ὀϐολὸν
2867 2849 3127 2922 προέσθαι
3174 2844 3348 2901 θέλειν
3413 2843 3554 2918 μηδὲ
3604 2846 3872 2920 παρέχειν

2209 2938 2316 2991 τινὶ
2345 2936 2408 2990 τὸ
2439 2938 2677 3005 οἱονοῦν,
2731 2933 2768 3006 ἤ
2818 2936 3076 3012 πρόνοιαν
3126 2939 3256 3010 γοῦν
3285 2939 3500 3010 τροφῶν
3536 2931 3874 3006 διακομιδῆς

2208 3027 2562 3101 γεννημάτων
2619 3027 2734 3099 (38)
2795 3023 2885 3081 διὰ
2943 3029 3184 3100 σιτηγῶν
3239 3023 3452 3080 πλοίων
3505 3025 3871 3094 ποιήσασθαι,

443 3114 661 3170 iambis
692 3119 867 3185 atque
900 3112 1211 3184 anapaestis
1260 3107 1685 3178 componendis
1732 3104 2102 3160 continenter

2213 3115 2358 3170 ἀλλά
2407 3119 2475 3188 τῇ
2531 3116 2733 3212 ματαίᾳ
2787 3115 2875 3170 καὶ
2935 3114 3182 3186 ἀνηνύτῳ
3239 3113 3361 3188 περὶ
3411 3113 3606 3188 λόγους
3651 3110 3868 3187 σπουδῇ

442 3219 679 3272 vacans,
701 3203 971 3273 quamvis
1001 3215 1072 3255 ne
1103 3201 1161 3254 in
1194 3202 1326 3253 cute
1355 3196 1591 3266 quidem
1635 3198 1819 3249 artem
1865 3197 2100 3263 gustas-

443 3299 554 3363 set,
587 3309 622 3348 a
661 3290 1148 3364 philosophorum
1199 3286 1409 3343 eximio
1452 3285 1735 3356 deceptus
1783 3287 1840 3337 et
1887 3281 2100 3336 illusus

439 3387 654 3449 totum,
704 3385 770 3436 ut
817 3380 900 3434 ita
946 3379 1216 3445 dixerim,
1247 3375 1535 3432 mundum
1591 3371 1867 3445 perdidit.
1902 3370 2104 3426 Oritur

440 3470 596 3527 enim
629 3470 840 3541 ingens
876 3471 1082 3536 fames,
1113 3481 1292 3537 quam
1323 3468 1642 3519 consecuta
1685 3467 1776 3516 est
1826 3461 2008 3531 pestis
2043 3464 2102 3514 et

443 3575 625 3626 mors,
655 3574 786 3629 quas
812 3554 990 3612 simul
1040 3554 1385 3610 nutriuntur
1428 3558 1486 3608 et
1531 3557 1791 3623 cognatae
1841 3560 1977 3604 sunt
2023 3547 2098 3602 ad

439 3648 745 3704 hominum
773 3647 1086 3718 perniciem
1109 3651 1168 3699 et
1187 3639 2098 3713 consanguinete,moriebantur-

439 3754 555 3809 que
603 3737 866 3810 quotidie
915 3737 1276 3805 frequentes,
1324 3735 1405 3788 ita
1453 3737 1516 3786 ut
1566 3747 1638 3785 ne
1683 3729 1795 3782 vivi
1855 3728 2096 3799 quidem

443 3832 707 3883 mortuos
745 3827 950 3883 efferre
999 3827 1261 3896 possent,
1311 3827 1369 3876 et
1416 3820 1475 3875 in
1527 3820 1598 3874 iis
1647 3835 1776 3890 qua)
1820 3819 2098 3873 dicuntur

435 3917 630 3988 Septa,
663 3913 912 3987 neglecti
936 3917 1202 3984 jacerent
1227 3915 1285 3966 et
1309 3909 1486 3967 simul
1529 3909 1897 3964 deferrentur
1925 3905 2096 3962 multi

436 4005 497 4060 in
557 4022 674 4061 uno
735 4003 973 4071 lectulo,
1034 4020 1168 4058 cum
1225 4017 1378 4072 saepe
1409 3999 1668 4072 quinque
1727 4004 1830 4052 aut
1884 4013 1984 4052 sex
2016 3996 2095 4050 ibi

437 4095 720 4150 cadavera
778 4093 970 4165 posita
1021 4097 1239 4160 essent,
1286 4096 1344 4146 et
1413 4089 1672 4158 undique
1729 4087 2096 4142 calamitates

436 4183 822 4248 conﬂuerent,
850 4182 1131 4252 omnique
1163 4179 1442 4234 mmetitia
1472 4178 1615 4232 urbs
1647 4177 1808 4248 regia
1836 4175 2095 4246 comple-

439 4278 621 4328 retur.
657 4275 846 4343 Atque
894 4271 1246 4341 injuriarum
1298 4285 1426 4340 qua)
1471 4267 1736 4338 quotidie
1780 4267 2006 4332 ﬁerent,
2037 4269 2096 4321 et

436 4361 776 4432 iniquorum
845 4358 1206 4431 judiciorum
1262 4362 1320 4412 et
1373 4357 1745 4412 vexationum
1823 4354 2094 4410 remissio

437 4449 600 4506 nulla
628 4451 701 4506 ab
735 4449 806 4505 iis
833 4448 933 4521 qui
967 4447 1334 4519 imperabant
1385 4445 1842 4516 excogitabatur.
1876 4443 2089 4498 Verum

438 4541 607 4613 quasi
637 4539 800 4597 nullo
829 4540 1294 4611 alienigenarum
1327 4536 1570 4594 omnino
1599 4535 1882 4591 Romanis
1914 4534 2092 4590 mole-
2125 4518 2172 4582 D

436 4633 614 4688 etiam
647 4633 956 4688 exhibente
985 4631 1159 4699 bello,
1201 4629 1512 4686 veldivina
1538 4630 1644 4693 ira,
1686 4628 1777 4684 vel
1827 4627 2097 4682 homines

437 4721 736 4795 affligente
764 4721 966 4794 inopia
989 4727 1046 4776 et
1067 4720 1121 4775 vi
1144 4721 1214 4775 ad
1239 4719 1455 4774 victum
1491 4719 1840 4789 pertinente,
1865 4717 1947 4772 ita
1967 4717 2095 4772 sine

437 4818 595 4869 metu
622 4813 1040 4885 perpetrabant
1071 4828 1139 4866 ea
1177 4825 1305 4882 quis
1327 4809 1461 4864 odio
1483 4809 1680 4864 divino
1701 4809 1881 4880 digna
1897 4812 2097 4864 essent

435 4911 495 4958 et
525 4905 852 4976 tyrannica,
883 4907 942 4957 et
969 4917 1145 4956 omne
1177 4898 1550 4970 imperatoris
1581 4897 1897 4954 consilium
1921 4902 2096 4969 atque

433 4990 775 5046 institutum
830 4992 902 5045 ad
951 4989 1333 5045 offendendos
1379 4990 1437 5040 et
1483 4987 1699 5056 injuria
1751 4986 2094 5041 afficiendos

436 5081 708 5135 subditos
767 5085 826 5136 et
879 5079 1279 5150 decipiendos,
1339 5082 1398 5131 et
1461 5077 1760 5131 venandas
1826 5075 2093 5148 ipsorum

433 5167 607 5237 vitas,
639 5171 698 5224 et
724 5169 1090 5224 occasionem
1137 5167 1287 5222 726
1319 5165 1640 5221 insidiandi
1673 5165 1820 5236 ipsis
1851 5170 2092 5236 captan-

437 5257 574 5312 dam
608 5257 990 5327 referebatur,
1024 5257 1104 5312 ita
1133 5260 1199 5312 ut
1231 5254 1409 5311 etiam
1447 5269 1634 5326 usque
1665 5253 1740 5309 ad
1771 5269 1940 5310 sacra
1969 5270 2094 5310 mo-

2210 3205 2300 3259 καὶ
2332 3209 2410 3277 τῷ
2459 3200 2728 3278 ἰαμϐίζειν
2781 3203 2872 3259 καὶ
2932 3203 3291 3266 ἀναπαίστους
3346 3203 3645 3257 συντιθέναι
3701 3223 3871 3275 προσ-

2210 3295 2354 3370 έχων
2417 3291 2703 3364 διηνεκῶς,
2772 3293 2947 3348 καίτοι
3016 3290 3146 3366 μηδ’
3225 3291 3277 3347 έν
3331 3296 3456 3368 χρῷ
3507 3298 3606 3361 τῆς
3661 3291 3865 3367 τέχνης

2208 3385 2560 3460 γευσάμενος,
2594 3382 2719 3438 ἀλλ’
2753 3384 2854 3438 ὑπὸ
2906 3387 3003 3438 τοῦ
3045 3387 3155 3438 τῶν
3187 3381 3501 3460 φιλοσόφων
3541 3381 3748 3436 ὑπάτου
3779 3381 3865 3451 ἐξ·

2211 3474 2566 3545 απατώμινος
2603 3472 2692 3527 καὶ
2737 3467 3314 3543 ἀποϐουκολούμενος,
3345 3472 3436 3526 τὸν
3477 3471 3684 3544 κόσμον
3729 3469 3856 3525 δ’λον

2209 3559 2527 3639 διέφθειρεν,
2561 3561 2637 3623 ὠς
2687 3561 2878 3618 εἰπεῖν.
2925 3561 3134 3616 Γίνεται
3185 3562 3286 3635 γάρ
3334 3558 3502 3633 )ιμὸς
3537 3559 3776 3636 ἰσχυρὸς,
3808 3557 3853 3630 ᾧ

2209 3648 2276 3720 δὴ
2310 3651 2399 3705 καὶ
2443 3649 2641 3723 λοιμὸς
2676 3649 3037 3705 ἐπακολουθεῖ
3082 3649 3170 3704 καὶ
3215 3651 3463 3717 θάνατος,
3495 3650 3562 3704 τά
3593 3649 3861 3725 σύντροφα

2205 3745 2371 3795 ταῦτα
2401 3740 2489 3794 καί
2523 3741 2659 3813 πρὸς
2711 3737 2938 3814 ὄλεθρον
2986 3739 3289 3814 ἀνθρώπων
3346 3735 3558 3817 ἀδελφά
3599 3738 3686 3792 καὶ
3721 3737 3858 3810 ὀμό-

2205 3851 2358 3901 τιμα.
2396 3830 2496 3884 Καὶ
2532 3826 2785 3898 ἔθνησκον
2837 3829 2954 3884 καθ’
3003 3830 3233 3896 ἑκάστην
3283 3829 3499 3903 συχνοὶ,
3546 3826 3679 3881 ὥστε
3713 3823 3856 3898 μηδέ

2208 3915 2460 3981 δύνασθαι
2508 3918 2635 3980 τοὺς
2695 3923 2897 3987 ζῶντας
2974 3918 3216 3995 ἐκφέρειν
3283 3916 3412 3979 τοὺς
3470 3913 3707 3992 νεκροὺς,
3762 3915 3854 3970 καὶ

2203 4013 2320 4068 τοῖς
2381 4010 2462 4080 [Ρ.
2521 4010 2648 4080 857]
2695 4005 3017 4082 λεγομένοις
3071 4001 3336 4080 ἐμϐόλοις
3391 4007 3598 4060 κεῖσθαι
3649 4005 3860 4077 ἀτημε-

2207 4097 2428 4167 λήτους,
2460 4096 2549 4150 καὶ
2607 4094 2850 4172 φοράδην
2893 4095 3212 4169 κομίζεσθαι
3269 4094 3542 4165 πολλοὺς,
3586 4091 3861 4158 πολλάκις

2205 4185 2257 4240 ἐν
2315 4191 2413 4258 μιᾷ
2464 4183 2626 4259 κλίνῃ
2678 4187 2836 4240 πέντε
2875 4185 2966 4240 καὶ
3132 4184 3424 4258 τιθεμένων
3479 4188 3710 4259 νεκρῶν,
3770 4183 3861 4239 καὶ

2203 4276 2464 4337 πάντοθεν
2522 4273 2858 4351 ἐπισυῤῥέειν
2905 4276 2973 4330 τὰ
3021 4275 3336 4347 σκυθρωπὰ,
3385 4272 3474 4328 καὶ
3527 4272 3708 4343 πάσης
3760 4295 3863 4329 κα-

2201 4363 2427 4440 τηφείας
2477 4362 2827 4440 πληροῦσηαι
2874 4364 2974 4432 τὴν
3029 4361 3435 4438 βασιλεύουσαν.
3467 4366 3586 4416 Τῶν
3645 4359 3702 4418 δὶ
3738 4363 3862 4417 καθο

2201 4457 2478 4528 ημερινῶν
2540 4451 2896 4526 ἀδικημάτων
2953 4452 3045 4508 καὶ
3094 4457 3202 4508 τῶν
3263 4451 3598 4528 παρανόμων
3656 4451 3864 4526 κριμά-

2203 4564 2310 4597 των
2343 4542 2429 4597 καὶ
2477 4542 2804 4617 εἷ’ςπράξεων
2862 4539 3092 4614 οὐδεμία
3120 4563 3202 4604 τις
3251 4539 3526 4610 ἀναστολὴ
3578 4546 3695 4604 τοῖς
3725 4561 3863 4616 κρα-

2202 4636 2386 4687 τοῦσιν
2444 4632 2737 4687 ἐπενοεῖτο.
2799 4630 2953 4689 Ἀλλ’
2998 4631 3180 4707 ὥσπερ
3232 4628 3467 4705 μηδενὸς
3515 4631 3578 4686 τὸ
3610 4630 3865 4707 παράπαν

2204 4721 2566 4798 ἐνοχλοῦντος
2623 4727 2744 4784 τοῖς
2800 4720 3098 4794 Ῥωμαίοις
3145 4719 3469 4798 ἀλλοφύλου
3526 4720 3783 4793 πολέμου
3822 4718 3860 4790 ἤ

2206 4811 2352 4874 θείας
2397 4810 2568 4886 ὀργῆς
2616 4807 2653 4879 ἤ
2707 4809 2837 4872 τοὺς
2889 4810 3211 4885 ἀνθρώπους
3267 4807 3723 4886 κατατρυγούσης
3775 4808 3862 4863 ἐν·

2207 4896 2350 4961 δείας
2379 4901 2470 4954 καὶ
2532 4900 2652 4974 βίας
2712 4900 2997 4974 βιωτικῆς,
3053 4897 3226 4961 οὕτως
3268 4898 3440 4959 ἀδεῶς
3484 4894 3746 4973 ἔπραττον
3796 4897 3866 4953 τὰ

2205 4995 2434 5061 θεομισῆ
2493 4988 2584 5043 καὶ
2635 4987 2943 5061 τυραννικά.
2996 4986 3102 5042 Καὶ
3159 4993 3263 5042 πᾶν
3325 4981 3721 5063 προϐούλευμα
3769 4987 3866 5054 βα-

2204 5078 2416 5132 σιλικὸν
2450 5079 2536 5132 καὶ
2573 5077 2813 5150 ἐννόημα
2845 5077 2920 5138 είς
2974 5076 3037 5130 τὸ
3083 5075 3213 5138 τοὺς
3262 5075 3499 5138 οἰκείους
3529 5073 3733 5130 ἀδικεῖν
3767 5077 3862 5132 καὶ

2201 5166 2650 5244 κατασοφίζεσθαι
2695 5166 2785 5221 καὶ
2835 5163 3082 5240 θηρεύειν
3121 5163 3250 5227 τοὺς
3307 5164 3461 5240 βίους
3679 5163 3862 5220 αὐτῶν

2201 5255 2292 5310 καὶ
2321 5257 2421 5325 τὴν
2443 5255 2702 5334 ἀφορμὴν
2760 5261 2860 5324 τῆς
2904 5259 3051 5324 ζωῆς
3105 5253 3440 5329 κατεγίνετο,
3480 5255 3554 5317 ὡς
3601 5254 3692 5309 καὶ
3725 5250 3862 5330 ἄχρι

1757 5425 2002 5484 JACOBI
2041 5430 2250 5486 GOARI
2291 5431 2525 5487 NOT/E.

506 5571 617 5646 (38)
649 5571 971 5646 Legumina
1002 5571 1254 5646 maxime
1283 5574 1340 5646 et
1370 5585 1735 5646 quaecunque
1786 5574 2086 5640 seruntur,

433 5641 756 5722 γενντιματοῖ
771 5649 980 5700 vocant
1008 5641 1431 5714 Euchologium
1465 5646 1522 5697 et
1551 5641 1658 5699 Jus
1689 5641 1786 5697 Gr.

506 5687 621 5772 (30)
651 5715 775 5772 Biov
805 5731 920 5772 non
952 5718 1124 5772 vitam
1152 5715 1346 5772 modo.
1377 5715 1481 5772 sed
1512 5718 1570 5772 et
1598 5729 1748 5772 oves.
1775 5732 1786 5770 ι

506 5715 621 5796 (39)
651 5715 775 5773 Biov
805 5731 920 5773 non
952 5718 1124 5774 vitam
1152 5715 1346 5790 modo,
1377 5715 1481 5772 sed
1512 5718 1570 5772 et
1598 5729 1748 5792 apes,
1775 5718 1977 5788 artem,
1996 5718 2086 5790 fa-

2196 5573 2446 5638 cultates,
2478 5571 2693 5642 quibus
2722 5571 2954 5644 vivitur,
2990 5570 3340 5627 recentiores
3371 5571 3860 5644 interpretantur,

2197 5644 2700 5719 easdemquehic,
2729 5643 3009 5700 damnata
3048 5643 3420 5718 imperatoris
3468 5643 3732 5719 avaritia,
3764 5645 3857 5704 in-

2193 5717 2380 5794 telligi
2410 5716 2793 5776 manifestum
2824 5719 2932 5774 est.
