4122 6420
264 427 387 483 45Ἶ

1800 406 2203 468 HISTORIA.

3588 403 3708 463 458

264 559 386 610 τῶν
420 554 576 618 θείων
612 554 797 620 σηκῶν
839 548 1192 616 ἰπεκταθῆναι
1223 547 1322 615 τὴν
1381 542 1689 612 πλεονεξίαν
1751 539 1938 607 αὐτοῦ,

2067 543 2341 594 numenta
2371 538 2498 607 ejus
2546 535 2789 592 avaritia
2821 535 3158 607 pertineret,
3183 539 3239 592 et
3259 538 3410 593 sacri
3441 538 3706 610 ipsorum

271 644 369 700 καὶ
400 644 464 699 τὰ
489 642 609 718 ἱερὰ
636 639 848 696 τούτων
879 634 1148 711 κειμήλια
1181 634 1274 690 καὶ
1305 629 1512 689 ἔπιπλα
1544 629 1858 709 ἀφελέσθαι.

344 732 507 790 Οὕτω
545 717 610 785 νδὶ
656 729 767 784 τῶν
817 727 1153 804 πραγμάτων
1201 721 1621 796 διοικουμένων,
1651 719 1742 774 καὶ
1801 717 1944 773 οὕτω

265 827 384 878 τῶν
415 843 476 876 τε
508 819 662 882 ἰκτὸς
694 817 785 873 καὶ
833 820 942 871 τῶν
994 815 1140 877 ἐντὸς
1198 811 1656 884 λεηλατουμένων
1707 807 1796 863 καὶ
1855 827 1943 862 κε-

269 910 622 987 ραϊζομὲνων
685 901 988 977 δυσϐουλίᾳ
1043 905 1133 960 καὶ
1189 901 1452 972 κακότητι
1502 905 1610 955 τῶν
1686 895 1945 972 κρατούν-

270 986 410 1069 των,
445 1001 498 1056 οἱ
559 998 612 1053 ἐν
671 1000 741 1072 τῇ
773 994 1042 1070 Ἀνατολῇ
1085 995 1436 1070 προέχοντες,
1471 986 1826 1063 Ἀλέξανδρός
1883 1007 1944 1042 τε

277 1090 373 1147 καὶ
405 1092 434 1145 δ
465 1082 781 1149 Καὸασιλᾶς
812 1085 864 1140 οἳ
896 1080 1220 1154 Συναὸηνοῖ,
1254 1083 1282 1136 ὁ
1330 1079 1644 1149 Γουδέλιος,
1697 1079 1724 1133 ὁ
1767 1084 1940 1152 Στρα-

284 1175 611 1256 ϐορωμανὸς
635 1175 726 1232 καὶ
758 1176 810 1230 οἱ
845 1172 1036 1230 λοιποὶ
1065 1177 1172 1228 τῶν
1222 1169 1602 1247 συγκλητικῶν
1656 1166 1938 1243 ἀρχόντων

285 1254 476 1344 λογᾶς,
506 1269 566 1336 ἣν
603 1265 666 1322 ὲκ
692 1263 913 1320 πολλοῦ
952 1261 1280 1318 ἀποστασίαν
1332 1257 1626 1328 ὠδίνησαν,
1659 1257 1736 1319 εἷς
1786 1254 1939 1330 ἔργον

282 1358 527 1434 ἐξάγουσι
562 1360 679 1428 νῦν,
710 1354 803 1410 καὶ
842 1353 937 1408 τὸν
993 1347 1415 1428 κουροπαλάτην
1479 1346 1790 1424 Νικηφόρον
1848 1345 1939 1399 τὸν

277 1445 654 1516 Βοτανειάτην
735 1441 1083 1508 συνελθόντες
1173 1437 1399 1515 βασιλέα
1482 1434 1943 1513 ἀναγορεύουσιν,

275 1531 625 1612 Ὀκτωόρίου
686 1533 858 1607 μηνὸς
928 1530 1242 1603 ἱσταμένου,
1301 1534 1404 1597 τῆς
1475 1526 1700 1601 πρώτης
1768 1524 1944 1579 ἐπινε-

275 1629 528 1702 μήσεως.
561 1627 734 1696 Ὅπερ
775 1621 852 1684 εἷς
885 1619 1000 1675 ὦτα
1023 1624 1102 1691 τῷ
1137 1615 1352 1694 βασιλεῖ
1381 1619 1545 1672 πεσὸν
1578 1614 1638 1670 οὐ
1708 1613 1943 1690 μετρίως

270 1716 440 1772 αὐτὸν
501 1711 828 1787 διετάραξενσ
866 1711 932 1780 ἦν
991 1709 1090 1783 γὰρ
1148 1707 1236 1762 καὶ
1301 1707 1403 1762 ὑπὸ
1459 1704 1688 1761 πολλῶν
1739 1701 1946 1780 προλε-

271 1807 516 1882 γόμενον
551 1804 626 1866 ὡς
652 1797 798 1857 ἔσται
830 1800 964 1856 ποτὶ
993 1798 1082 1854 ὅτε
1114 1797 1462 1874 ὕπερτερήσει
1510 1796 1572 1850 τὸ
1633 1801 1675 1849 Ν
1731 1798 1827 1848 τοῦ
1869 1800 1942 1850 Μ.

2053 627 2318 682 thesauri
2349 631 2406 681 et
2427 624 2860 697 suppellectilia
2891 625 3284 680 auferrentur.

2125 721 2270 772 Cum
2326 733 2457 772 vero
2516 717 2597 771 ita
2655 731 2746 771 res
2800 715 3384 783 administrarentur,
3424 717 3622 788 itaque
3650 722 3708 773 et

2053 809 2288 864 interna
2339 813 2396 862 et
2454 811 2691 862 externa
2750 805 2972 876 rapinis
3023 822 3088 859 ac
3123 808 3318 877 praeda
3373 806 3710 864 laborarent

2054 899 2312 972 pessimo
2339 896 2585 954 consilio
2619 903 2676 952 et
2697 895 2929 967 ignavia
2951 895 3707 968 imperantium,principes

2052 989 2112 1045 in
2143 989 2376 1044 Oriente
2396 986 2725 1043 Alexander
2745 992 2802 1043 et
2833 986 3136 1042 Cabasilas
3175 986 3491 1059 Synadeni,
3516 987 3707 1042 Gude-

2051 1077 2192 1145 lius,
2251 1079 2670 1134 Straboramus
2727 1081 2786 1133 et
2853 1076 3065 1148 reliqui
3135 1077 3414 1133 senatorii
3485 1077 3709 1134 ordinis

2052 1169 2350 1240 principes
2381 1168 2612 1237 delecti,
2644 1183 2822 1238 quam
2874 1167 3099 1238 pridem
3147 1167 3520 1222 rebellionem
3572 1184 3709 1222 con-

2052 1263 2330 1330 ceperant
2360 1257 2430 1311 ad
2465 1273 2614 1328 opus
2663 1256 3027 1327 perducunt;
3069 1261 3125 1311 et
3171 1255 3572 1329 curopalatem
3612 1256 3710 1311 Ni-

2051 1347 2370 1418 cephorum
2417 1346 2782 1402 Botaniatem
2833 1345 3249 1401 convenientes
3296 1346 3711 1418 imperatorem

2051 1437 2369 1505 declarant,
2403 1437 2637 1493 Octobri
2670 1454 2892 1505 mense,
2927 1437 3249 1492 indictione
3286 1437 3495 1508 prima.
3547 1435 3712 1502 Quod

2055 1546 2186 1585 cum
2217 1530 2289 1584 ad
2321 1528 2695 1598 imperatoris
2724 1544 2895 1582 aures
2926 1527 3263 1592 accidisset,
3291 1527 3360 1582 ha
3374 1529 3448 1582 ud
3485 1527 3709 1582 medio-

2055 1621 2228 1676 criter
2273 1621 2469 1692 ipsum
2493 1619 2888 1690 perturbavit;
2921 1624 3044 1674 erat
3073 1619 3228 1672 enim
3263 1635 3296 1673 a
3327 1618 3528 1673 multis
3561 1634 3712 1689 quo-

2055 1729 2168 1785 que
2215 1711 2560 1783 praedictum
2612 1711 2756 1765 forte
2804 1715 2868 1765 ut
2897 1709 3037 1765 olim
3092 1709 3137 1764 N
3190 1713 3496 1781 superaret
3531 1709 3608 1764 M.
3639 1713 3711 1764 Et

2055 1803 2258 1858 statim
2290 1800 2497 1856 Turcis
2527 1806 2811 1871 tanquam
2832 1799 3096 1870 cognatis
3119 1803 3177 1853 et
3205 1797 3551 1870 propinquis
3573 1798 3713 1853 scri-

275 1881 380 1954 Καὶ
434 1892 638 1949 αὐτίκα
667 1897 783 1953 τοῖς
829 1889 1098 1965 Τούρκοις
1148 1887 1222 1949 ὡς
1265 1884 1488 1948 οἰκείοις
1546 1884 1637 1940 καὶ
1693 1881 1948 1960 γνησίοις

276 1982 300 1994 -
431 1985 443 1994 α
585 1982 599 1994 ο
834 1979 848 1994 Ι
1149 1975 1164 1994 \
1223 1972 1284 1994 δν
1431 1973 1455 1994 δ
1492 1978 1518 1989 αι
1716 1974 1730 1994 7
1836 1973 1848 1994 Ι

2067 1894 2194 1965 psit,
2239 1891 2522 1962 pollicens
2567 1891 2721 1944 dona
2764 1905 2827 1945 se
2882 1889 3185 1958 daturum,
3217 1888 3266 1943 si
3298 1888 3464 1942 illum
3517 1886 3709 1943 solum

276 1982 548 2061 εγραψεν,
580 1979 1020 2056 ὑπισχνούμενος
1075 1975 1166 2032 καὶ
1219 1972 1370 2050 δῶρα
1428 1973 1634 2046 δοῦναι,
1686 1974 1731 2029 εἰ
1782 1973 1948 2046 μόνον

284 2066 662 2132 συλλαϐόντες
713 2067 874 2124 αὐτόν
929 2087 988 2123 τε
1044 2065 1135 2120 καὶ
1191 2063 1318 2126 τοὺς
1374 2064 1498 2139 περὶ
1577 2063 1736 2118 αὐτὸν
1813 2062 1950 2138 πρὸς

293 2162 456 2216 αὐτὸν
515 2155 1032 2231 ἱξαποστέλλουσιν.
1064 2155 1164 2211 Ἢν
1231 2151 1288 2208 δὲ
1346 2154 1373 2207 ὁ
1433 2151 1790 2222 Βοτανειάτης
1843 2155 1950 2204 τῶν

297 2246 653 2323 εὐπατριδῶν,
687 2247 748 2302 ἐκ
800 2251 899 2302 τοῦ
957 2248 1126 2299 Φωκᾶ
1171 2244 1233 2298 τὸ
1263 2243 1416 2317 γένος
1447 2240 1819 2303 πολυπλόκως
1855 2241 1948 2315 μὶν

297 2337 432 2394 ἀλλ’
487 2338 628 2409 ὅμως
684 2335 957 2412 κατάγων,
990 2333 1080 2388 καὶ
1137 2337 1247 2388 τῶν
1287 2330 1650 2404 περιωνύμων
1702 2325 1948 2398 Φαϐίων,

297 2429 352 2482 οἳ
401 2429 464 2482 τὸ
506 2430 650 2502 γένος
699 2424 760 2480 ἐκ
806 2431 908 2494 τῆς
956 2419 1244 2498 περιδόξου
1291 2420 1380 2474 καὶ
1430 2415 1794 2496 πρεσϐυτέρας
1822 2420 1954 2476 Ῥώο

291 2539 407 2590 μης
485 2523 746 2592 κατῆγον,
798 2512 938 2577 καθᾶ
983 2514 1019 2582 ἡ
1069 2510 1319 2575 ἀνέκαθεν
1395 2506 1694 2584 παράδοσις
1767 2515 1955 2584 κρατεῖ

283 2607 412 2681 περί
443 2605 645 2662 αὐτῶν.
687 2602 882 2680 Τρίτην
929 2597 987 2656 δὲ
1034 2602 1262 2676 ἄγοντος
1311 2603 1408 2654 τοῦ
1455 2594 1784 2674 Ὀκτωϐρίου
1841 2621 1950 2672 μη-

282 2698 397 2766 νὸς,
429 2694 738 2768 μέλλοντος
769 2690 878 2762 ἤδη
909 2693 1008 2761 τὴν
1065 2687 1357 2764 βασιλικὴν
1397 2688 1666 2760 πήξασθαι
1723 2689 1948 2759 σκηνὴν,

288 2792 404 2866 φῶς
461 2784 663 2858 ἀθρόον
724 2784 844 2856 περὶ
904 2781 994 2837 τὸν
1048 2779 1179 2854 ἀέρα
1237 2776 1458 2856 διεφάνη
1530 2777 1655 2853 περὶ
1729 2778 1950 2854 πρώτας

282 2875 483 2937 νυκτὸς
516 2870 769 2948 φυλακάς
803 2871 968 2946 μέχρι
996 2866 1351 2938 Χαλκηδόνος
1378 2869 1468 2923 καὶ
1517 2867 1953 2944 Χρυσουπόλεως

281 2964 374 3019 καὶ
433 2968 548 3018 τῶν
606 2960 658 3016 ἐν
720 2960 1058 3036 Βλαχέρναις
1114 2957 1459 3033 ἀνακτόρων⁹
1517 2957 1546 3012 ὅ
1600 2956 1690 3011 καὶ
1763 2958 1953 3018 οἰωνὸς

287 3061 451 3108 πᾶσιν
482 3051 694 3125 ἀγαθὸς
718 3046 918 3120 ἔδοξεν,
952 3047 1028 3110 ὡς
1084 3047 1175 3102 καὶ
1222 3041 1593 3124 ὶπιφοιϐάζειν
1639 3047 1789 3108 τινὰς
1850 3046 1955 3101 ἀπὸ

282 3140 515 3215 λάμπής
546 3139 852 3214 λαμπτῆρα
892 3137 1181 3216 φωσφόρον
1233 3133 1574 3209 ἐπιδημῆσαι
1623 3140 1741 3198 τοῖς
1797 3135 1956 3211 βασι-

283 3229 479 3294 λείοις.
541 3227 884 3304 Ωρμημένου
935 3224 994 3280 δὲ
1040 3223 1149 3296 ἤδη
1195 3223 1331 3300 πρὸς
1372 3226 1435 3279 τὸ
1484 3225 1792 3293 Βυζάντιον,
1820 3224 1956 3278 ἀπο-

287 3321 511 3389 στατική
597 3318 754 3391 ὲτέρα
826 3313 1085 3370 κακόνοια
1150 3315 1250 3382 τὴν
1331 3311 1478 3368 δύσιν
1543 3313 1954 3390 περιεκλόνησε.

288 3409 616 3484 Νικηφόρος
645 3407 752 3482 γὰρ
783 3401 1051 3481 πρόεδρος
1096 3403 1124 3458 ὁ
1169 3404 1454 3478 Βρυέννιος
1511 3404 1610 3472 τὴν
1664 3407 1761 3458 τοῦ
1819 3403 1952 3480 Δυῤ-

289 3497 492 3574 ῥαχίου
526 3494 792 3564 δουκικὴν
845 3490 1047 3548 διέπων
1097 3493 1274 3569 ἀρχὴν
1311 3495 1392 3565 [Ρ.
1424 3493 1552 3567 858]
1605 3493 1694 3548 καὶ
1753 3494 1955 3564 ταύτης

287 3586 628 3661 παραλυθεὶς
686 3582 958 3659 βασιλίως
1009 3581 1182 3654 ἑαυτῷ
1235 3583 1554 3657 περιέθηκεν
1621 3578 1814 3656 ὄνομα,
1865 3583 1955 3638 καὶ

293 3683 413 3736 τοῖς
439 3675 609 3730 ὶκεῖσε
637 3673 1000 3750 στρατιώταις
1051 3669 1276 3734 ὀπαδοῖς
1325 3672 1416 3726 καὶ
1475 3677 1756 3747 συνεργοῖς
1811 3692 1954 3748 χρη-

302 3765 535 3839 σάμενος
605 3761 763 3834 ἔξεισι
853 3763 950 3836 μὶν
1031 3759 1253 3830 ἐκεῖθεν,
1339 3759 1605 3836 ἑπείγεται
1693 3759 1750 3815 δὶ
1817 3762 1954 3837 πρὸς

298 3851 782 3931 Ἀδριανούπολιν.
817 3853 878 3909 Ὀ
907 3853 1010 3928 γὰρ
1044 3847 1384 3927 αὐτάδελφος
1432 3849 1596 3905 αὐτοῦ
1653 3849 1802 3913 τινάς
1850 3855 1958 3906 τῶν

293 3944 602 4019 Ἑσπερίων
661 3940 939 4014 δυνάμεων
992 3939 1070 4004 εἷς
1118 3939 1218 4008 τὴν
1291 3937 1758 4014 προσδοκωμένην
1837 3939 1959 3994 έπιο

303 4028 521 4098 ϐουλὴν
576 4030 926 4108 καταρτύσας,
992 4030 1127 4102 μετᾶ
1192 4028 1492 4105 Βαράγγων
1547 4028 1639 4083 καὶ
1689 4030 1958 4104 Φράγγων

305 4119 567 4192 πλήθους
599 4120 804 4177 πολλοῦ
860 4123 939 4192 τῷ
970 4116 1193 4192 ἀδελφῷ
1240 4117 1518 4182 συνθέσθαι
1576 4117 1959 4193 παρεσκεύασε.

298 4213 412 4268 Σὺν
473 4209 621 4283 αὐτῴ
672 4208 730 4266 δὲ
789 4209 879 4266 καὶ
927 4209 1020 4264 τὸν
1078 4207 1366 4263 κατεπάνω
1395 4211 1493 4272 τῆς
1533 4206 1701 4277 αὐτῆς
1747 4207 1966 4272 πόλεως

299 4301 562 4378 συγγενέα
613 4299 809 4355 τούτου
865 4296 1226 4374 τυγχάνοντα,
1265 4295 1355 4351 καὶ
1411 4297 1517 4372 πρὸ
1573 4300 1670 4350 τοῦ
1726 4296 1964 4352 καταλα-

301 4386 414 4447 ϐεῖν
451 4389 510 4446 δὲ
541 4385 1114 4466 εἶςἈδριανούπολιν
1171 4387 1271 4454 τήν
1328 4383 1603 4463 εὐφημίαν
1654 4384 1819 4441 αὐτοῦ
1875 4388 1965 4442 καὶ

298 4482 398 4548 τήν
462 4478 764 4555 ἀναῤῥησιν
826 4483 926 4547 τῆς
987 4471 1269 4552 βασιλείας
1315 4471 1785 4550 προδιεγράψατο.
1817 4476 1879 4532 ⁸0
1911 4473 1969 4530 δὲ

308 4568 569 4645 βασιλεὺς
623 4567 1012 4642 μαλακώτερον
1073 4563 1211 4639 πρὸς
1240 4563 1308 4618 τὰ
1344 4562 1638 4640 πράγματα
1692 4561 1967 4637 διακείμε-

2059 1983 2566 2056 comprehensum,
2600 1987 2657 2038 et
2687 1982 2788 2053 qui
2821 1997 2953 2036 cum
2986 1981 3114 2052 ipso
3148 1985 3342 2036 essent
3375 1981 3444 2035 ad
3479 1997 3541 2035 se
3571 1981 3712 2034 mit-

2058 2078 2204 2130 tant.
2240 2073 2379 2128 Erat
2410 2077 2606 2128 autem
2640 2071 2978 2126 Botaniates
3021 2088 3090 2126 ex
3122 2069 3421 2126 nobilibus
3454 2087 3488 2126 a
3520 2069 3712 2125 Phoca

2059 2163 2371 2228 oriundus,
2407 2160 2584 2216 variis
2614 2161 2850 2230 quidem
2905 2159 3096 2214 modis
3127 2165 3324 2214 tamen
3359 2159 3432 2215 ab
3467 2157 3712 2214 illustri-

2062 2253 2174 2308 bus
2206 2251 2400 2308 Fabiis
2430 2266 2617 2322 genus
2644 2249 2886 2316 ducens,
2921 2249 3021 2319 qui
3051 2265 3120 2304 ex
3150 2247 3367 2304 illustri
3390 2251 3448 2303 et
3470 2249 3717 2319 antiqua

2061 2345 2244 2399 Roma
2275 2341 2562 2413 originem
2595 2340 2911 2408 ducebant,
2939 2340 3440 2410 quemadmodum
3473 2340 3718 2410 antiqua

2063 2435 2134 2490 de
2175 2433 2319 2505 ipsis
2350 2432 2605 2488 traditur
2638 2431 2814 2486 fama.
2847 2430 3042 2486 Tertia
3073 2447 3205 2485 vero
3236 2430 3502 2486 Octobris
3549 2447 3717 2486 men-

2065 2526 2148 2582 sis
2178 2526 2293 2589 die,
2318 2540 2454 2578 cum
2480 2523 2602 2592 jam
2630 2520 2928 2593 ﬁgendum
2952 2524 3102 2575 esset
3129 2519 3502 2591 imperatoris
3524 2520 3715 2574 taber-

2064 2615 2362 2682 naculum,
2394 2614 2643 2668 densum
2671 2611 2868 2666 lumen
2900 2611 2958 2665 in
2992 2627 3123 2666 aere
3170 2609 3443 2682 apparuit
3485 2611 3718 2666 circiter

2063 2706 2317 2778 primam
2364 2703 2554 2758 noctis
2602 2700 2888 2773 vigiliam,
2923 2717 3107 2772 usque
3169 2701 3239 2755 ad
3285 2699 3715 2756 Chalcedonam

2073 2795 2215 2851 που
2255 2799 2311 2849 et
2328 2791 2736 2864 Chrysopolim
2759 2795 2815 2845 et
2837 2791 2995 2861 regia
3018 2789 3234 2861 palatia
3255 2788 3316 2844 in
3335 2788 3674 2846 Blachernis
3698 2806 3710 2844 :

2063 2885 2216 2957 quod
2249 2883 2540 2955 optimum
2573 2881 3050 2937 omnibusvisuln
3074 2887 3164 2936 est
3195 2881 3632 2951 augurium,ita
3653 2886 3720 2936 ut

2064 2974 2526 3030 vaticinarentur
2547 2967 2787 3043 quidam
2823 2987 2856 3025 a
2885 2970 3197 3042 splendore
3232 2970 3479 3026 Luciferi
3530 2971 3715 3026 facem

2068 3066 2138 3122 ad
2161 3064 2379 3135 regiam
2401 3060 3098 3116 accessisse.Cumautem
3124 3059 3467 3133 Byzantium
3487 3061 3720 3133 profici-

2069 3158 2351 3216 sceretur,
2408 3150 2593 3206 altera
2623 3149 2890 3221 quaedam
2955 3147 3109 3203 male
3166 3149 3422 3220 cogitata
3480 3149 3720 3206 rebellio

2069 3243 2443 3299 Occidentem
2495 3237 2828 3310 exagitavit.
2876 3237 3241 3309 Nicephorus
3292 3238 3450 3293 enim
3500 3239 3719 3311 Bryen-

2069 3331 2201 3387 nius
2234 3345 2447 3402 praeses
2479 3327 2904 3383 administrans
2933 3325 3232 3397 Dyrrachii
3267 3327 3720 3399 ducatum,ipso

2066 3419 2395 3484 abdicatus,
2430 3416 2543 3472 sibi
2577 3414 2948 3486 imperatoris
2996 3430 3210 3470 nomen
3254 3414 3591 3472 vindicavit.
3651 3418 3720 3473 Et

2068 3508 2357 3564 militibus
2392 3504 2589 3577 quiibi
2624 3507 2813 3573 erant,
2873 3503 3160 3558 ministris
3209 3509 3381 3576 atque
3430 3506 3720 3576 adjutorio

2065 3598 2178 3653 bus
2211 3613 2354 3651 usus
2395 3595 2530 3649 inde
2577 3593 2896 3666 egreditur,
2927 3598 2984 3647 et
3011 3593 3082 3648 ad
3136 3593 3576 3667 AdrianOpolim
3638 3597 3717 3651 fe-

2066 3686 2324 3742 stinabat
2366 3704 2379 3751 ;
2415 3699 2552 3738 nam
2603 3698 2922 3754 germanus
2982 3683 3108 3752 ejus
3169 3683 3348 3738 frater
3398 3683 3720 3742 instructas

2068 3777 2355 3848 quasdam
2371 3771 2701 3828 Occidentis
2725 3771 2921 3843 copias
2937 3771 3004 3825 ad
3023 3777 3288 3843 speratas
3309 3770 3561 3830 insidias
3581 3791 3716 3832 cum

2067 3867 2467 3936 Barangorum
2501 3866 2558 3916 et
2599 3861 2955 3915 Francorum
2980 3860 3135 3915 haud
3171 3860 3415 3916 mediori
3444 3863 3718 3919 multitu«

2069 3953 2204 4008 dine
2233 3948 2496 4016 adduxit,
2522 3952 2586 4003 ut
2609 3964 2744 4002 cum
2771 3948 2947 4002 fratre
2978 3947 3404 4020 conspirarent,
3439 3955 3497 4006 et
3517 3967 3720 4007 secum
3786 4016 3788 4018 τ

2071 4041 2335 4111 eiusdem
2390 4053 2624 4109 quoque
2702 4037 2865 4091 urbis
2926 4037 3302 4106 praefectum,
3377 4040 3726 4111 cognatione

2073 4127 2486 4196 conjunctum;
2519 4127 2576 4178 ct
2630 4127 2946 4193 antequam
2997 4122 3066 4177 ad
3121 4123 3561 4196 Adrianopolim
3593 4143 3726 4198 per-

2069 4215 2315 4283 veniret,
2347 4213 2708 4268 celebratum
2740 4216 2797 4266 et
2827 4209 3190 4266 declaratum
3233 4213 3430 4284 ipsum
3479 4213 3732 4286 impera-

2073 4308 2260 4360 torem
2293 4303 2456 4374 prius
2488 4300 2752 4372 scripsit.
2814 4304 3143 4372 Imperator
3190 4317 3325 4356 vero
3378 4302 3616 4360 mollius
3665 4321 3731 4360 ac

2077 4393 2319 4465 segnius
2377 4390 2553 4445 rebus
2602 4389 2874 4460 gerendis
2932 4391 3198 4445 intentus
3250 4389 3386 4459 (nisi
3433 4394 3590 4448 enim
3623 4394 3733 4449 hoc

2078 4484 2315 4550 fuisset,
2352 4480 2516 4536 facile
2576 4481 2772 4551 ipsum
2826 4479 3182 4551 Bryennium
3245 4481 3623 4556 debellasset)
3676 4491 3736 4542 et

2079 4571 2385 4644 proprium
2418 4570 2737 4625 exercitum
2768 4567 2995 4624 habens
3019 4585 3221 4624 eorum
3255 4587 3402 4640 quos
3424 4574 3738 4630 nominant

307 4676 412 4719 νος·
446 4656 494 4710 εἶ
531 4657 610 4728 μὴ
655 4655 754 4732 γὰρ
801 4654 868 4723 ἧν
905 4657 1091 4720 τοῦτο,
1123 4649 1364 4713 εὐκόλως
1421 4648 1480 4705 ἃν
1532 4651 1623 4706 τὸν
1683 4651 1953 4726 Βρυέννιοε

2082 4659 2469 4727 immortales,
2500 4663 2558 4713 et
2586 4657 2837 4713 alterum
2871 4657 3028 4711 haud
3065 4657 3382 4729 ignobilem
3416 4677 3446 4714 ο
3477 4661 3737 4718 collecti-

303 4743 743 4820 κατηγωνίσατο,
777 4741 1004 4818 στρατόν
1054 4762 1114 4795 τε
1162 4737 1461 4796 ίδιαίτατον
1495 4737 1663 4815 ἔχων,
1713 4739 1808 4802 οὓς
1854 4739 1968 4794 ὀνο-

308 4835 574 4910 μάζουσιν
646 4830 944 4896 ἀθανάτους
1013 4831 1149 4904 (40),
1199 4828 1289 4883 καὶ
1355 4826 1537 4904 ἕτερον
1618 4828 1716 4884 οὐκ
1779 4829 1965 4906 ἀγεννῆ

305 4925 413 4979 ἀπὸ
471 4918 795 4998 συγκλύδων
853 4917 1066 4994 ἀνδρῶν
1118 4917 1484 4994 συγκείμενον.
1545 4917 1642 4971 Καὶ
1698 4915 1788 4973 διὰ
1837 4917 1969 4973 πάν-

302 5033 412 5068 των
443 5011 692 5086 εὐχερῶς
724 5009 867 5084 εἶχεν
913 5005 1188 5062 ἐπιθέσθαι
1236 5011 1356 5067 τοῖς
1406 5005 1458 5061 ἐν
1513 5003 1969 5081 ’Λδριανουπόλει

309 5103 405 5176 μὶν
439 5101 738 5176 πρότερον,
771 5098 882 5152 εἶτα
913 5093 971 5151 δὲ
998 5095 1090 5151 καὶ
1137 5100 1216 5168 τῷ
1268 5094 1532 5170 Βρυεννίῳ
1587 5095 1755 5168 αὐτῷ.
1791 5095 1970 5168 Ἀλλ’,

305 5194 384 5255 ὡς
417 5189 658 5267 εἴρηται,
693 5186 1076 5265 ῥᾳθυμοτέρως
1107 5185 1251 5264 ἔχων
1302 5187 1504 5242 ἐκεῖνόν
1555 5207 1614 5242 τε
1661 5187 1844 5261 ὕψωσε
1882 5191 1972 5244 καὶ

304 5281 368 5338 ἐκ
402 5279 605 5357 μικροῦ
656 5279 820 5354 μέγαν
880 5275 1126 5348 ἐποίησε,
1157 5277 1246 5332 καὶ
1305 5277 1482 5349 ἑαυτῷ
1533 5275 1776 5353 παρέσχε
1833 5280 1971 5355 πρά-

2081 4750 2189 4806 ciis
2219 4748 2358 4803 viris
2391 4752 2680 4812 coactum,
2714 4745 2882 4800 facile
2941 4749 3232 4816 potuisset
3283 4762 3413 4802 cum
3459 4750 3738 4806 omnibus

2081 4841 2207 4896 suis
2265 4837 2429 4909 prius
2481 4852 2579 4890 eos
2640 4834 2914 4888 invadere
2970 4833 3070 4904 qui
3128 4838 3296 4888 erant
3331 4836 3738 4909 Adrianopoli,

2081 4927 2294 4984 deinde
2331 4924 2508 4980 etiam
2542 4921 2894 4996 Bryennium
2928 4920 3143 4992 ipsum.
3165 4921 3402 4994 Verum,
3433 4927 3736 4983 utdictum

2082 5020 2192 5082 est,
2224 5014 2553 5086 segniorem
2605 5028 2667 5067 se
2705 5011 2970 5082 praebens
3015 5015 3072 5065 et
3113 5010 3280 5064 illum
3311 5013 3522 5068 extulit
3571 5020 3631 5071 et
3669 5034 3740 5074 ex

2083 5121 2260 5178 parvo
2293 5119 2576 5174 magnum
2611 5101 2765 5169 fecit,
2797 5105 2856 5153 et
2885 5100 2998 5154 sibi
3032 5099 3264 5171 negotia
3304 5102 3599 5159 conﬂavit.
3635 5107 3738 5162 Ni-

2085 5193 2375 5266 cephorus
2405 5191 2560 5246 enim
2589 5205 2805 5260 praeses
2839 5193 3036 5260 regius
3062 5193 3119 5244 et
3169 5206 3478 5247 successor
3518 5195 3741 5251 missus

2083 5280 2512 5338 Thessalonica
2571 5295 2706 5334 cum
2756 5279 2882 5348 ipso
2941 5293 3310 5350 congressus,
3371 5282 3419 5337 si
3472 5284 3747 5343 decenter

1634 5441 1884 5499 JACOBI
1923 5443 2142 5502 GOARI
2181 5443 2419 5500 NOTJE.

384 5568 716 5644 (40)_Ut_ex_
763 5565 1029 5644 antiquis
1081 5563 1569 5644 l_egio_1_1ibus_ha_ec
1589 5565 1836 5644 Victrix,
1869 5567 1973 5625 illa

313 5637 434 5711 Pia,
467 5637 589 5700 alia
612 5637 1028 5712 Fulminatrix,
1068 5637 1186 5694 alia
1231 5638 1374 5712 item
1412 5637 1590 5709 Felix,
1616 5637 1705 5694 vel
1732 5641 1840 5693 τῶν
1879 5659 1974 5712 με-

313 5709 607 5794 ταθύμων,
636 5729 708 5771 ex
737 5711 939 5784 aliquo
972 5709 1101 5782 jam
1145 5709 1440 5782 preterito
1480 5715 1715 5780 eventu,
1756 5712 1829 5770 de
1859 5709 1976 5786 quo

644 5841 916 5907 ΡΑι-ιοῐ..
969 5836 1081 5901 Gn.
1127 5833 1366 5900 CXXII.
1394 5867 1398 5874 ι

2085 5567 2321 5634 Imperii
2352 5565 2595 5633 Notitia,
2642 5564 2972 5634 dicebatur,
3012 5565 3134 5623 haec
3183 5574 3524 5628 senescente
3573 5577 3631 5628 et
3661 5575 3732 5630 ad

2085 5637 2313 5722 lethum
2327 5639 2731 5722 ferevergente
2743 5637 2988 5722 imperio
3003 5638 3510 5700 immortalitatem
3530 5643 3587 5700 in
3603 5663 3745 5718 pras-

2085 5712 2182 5771 liis
2209 5728 2358 5770 vane
2387 5711 2630 5769 sibimet
2658 5711 2984 5768 ominatur.

3348 5839 3428 5904 15
