4122 6408
458 424 581 483 459

1785 425 1975 484 JOAN
1989 426 2112 484 NlS
2158 424 2563 484 SCYLITZIE

3766 439 3879 500 460

461 555 638 611 rebus
672 554 823 611 728
855 570 1001 611 usus
1047 560 1225 625 esset,
1258 554 1426 611 facile
1475 556 1670 628 ipsum
1722 556 1783 611 in
1830 555 2119 628 principio

2236 575 2430 629 γματα.
2496 554 2592 608 Καὶ
2651 552 2971 631 Νικηφόρος
3026 552 3126 629 γὰρ
3202 553 3472 631 πρόεδρος
3524 560 3552 614 6
3607 562 3875 637 βασιλικὸς

461 644 812 702 defectionis
859 644 1179 702 debellaset
1213 663 1225 702 :
1260 662 1396 702 cum
1448 663 1581 703 vero
1636 646 1708 702 ad
1757 646 2121 719 Trajanopoo

460 735 568 792 lim
599 736 981 809 pervenisset,
1030 736 1111 792 ibi
1142 753 1277 793 cum
1308 737 1489 793 fratre
1516 737 1741 793 Joanne
1773 743 1829 793 et
1858 736 2122 805 Francis,

461 827 563 900 qui
593 827 978 899 Adrianopoli
1013 832 1206 897 erant,
1238 834 1296 884 et
1326 829 1745 885 Macedonibus
1789 833 1845 883 et
1896 827 2122 899 reliquo

458 917 727 974 exercitu
778 933 980 974 secum
1027 918 1406 991 conspirante
1455 935 1811 992 congressus
1852 924 1964 974 est.
2018 916 2123 973 Ubi

458 1007 638 1065 etiam
671 1009 833 1081 regia
863 1007 1133 1065 induitur
1161 1008 1439 1081 insignia,
1464 1010 1861 1081 omnibusque
1896 1007 2122 1080 jureju-

461 1098 648 1155 rando
678 1103 737 1154 et
765 1097 1033 1155 horribili
1086 1099 1300 1155 {cedere
1350 1099 1718 1156 conﬁrmatis
1752 1101 1835 1155 ita
1864 1098 2122 1155 celebra-

462 1192 560 1242 tur
600 1186 879 1244 laudibus
927 1189 1156 1255 multis,
1194 1188 1499 1262 multoque
1550 1190 1826 1247 satellitio
1865 1189 2124 1262 stipatus

458 1275 834 1349 imperatoris
865 1279 1039 1335 modo
1073 1294 1136 1335 se
1165 1279 1337 1351 gerit,
1372 1284 1430 1334 et
1460 1279 1900 1353 Adrianopolim
1936 1278 2124 1335 multo

463 1382 597 1422 cum
630 1366 851 1424 honore
881 1384 943 1424 se
975 1367 1194 1440 recepit
1240 1373 1296 1423 et
1325 1368 1720 1437 observantia,
1752 1370 1985 1426 obviam
2038 1368 2124 1424 illi

463 1457 897 1530 prodeuntibus
923 1458 1049 1515 suis
1083 1458 1354 1515 tribubus
1386 1475 1451 1515 eo
1485 1460 1642 1532 quod
1675 1460 1867 1531 ipsum
1899 1477 1969 1516 ex
1998 1460 2124 1516 ani-

467 1562 563 1602 mo
592 1544 852 1603 colerent
881 1554 934 1602 et
965 1547 1659 1620 observarent.Egressus
1690 1551 1888 1604 autem
1920 1555 2127 1603 contra

467 1636 757 1707 quosdam
780 1634 1052 1708 Bryennii
1083 1652 1298 1707 praeses
1332 1635 1755 1692 Constantinus
1786 1636 2123 1693 Theodoro-

468 1740 652 1781 canus
681 1724 915 1796 capitur
959 1728 1016 1781 et
1066 1725 1139 1781 ad
1186 1724 1383 1797 ipsum
1444 1726 1711 1798 captivus
1747 1726 2005 1793 ducitur,
2039 1727 2126 1782 vir

470 1812 664 1871 clarus
693 1817 752 1870 et
781 1829 994 1887 genere
1036 1812 1467 1885 nobilissimus,
1516 1814 1766 1888 vitaeque
1814 1814 2125 1888 splendore

2232 640 2494 720 διάδοχος
2553 643 2701 716 αὐτῷ
2756 642 2972 706 σταλεὶς
3032 641 3084 698 ἐν
3145 640 3511 722 Θεσσαλονίκῃ
3563 658 3879 726 συναντήσας

2233 733 2403 806 αὐτῷ,
2437 731 2551 808 εἷ’γε
2601 730 2789 804 δεξιῶς
2847 732 3122 809 ἐχρήσατο
3173 738 3290 796 τοῖς
3343 735 3682 811 πράγμασιν,
3732 743 3877 800 εὐχά.

2232 822 2346 885 λως
2394 820 2455 877 ἂν
2511 821 2671 878 αὐτὸν
2733 821 2784 877 ἐν
2845 822 2994 899 ἀρχῇ
3050 829 3152 891 τῆς
3210 823 3540 888 ἀποστασίας
3594 833 3879 907 κατηγωνί-

2235 934 2388 969 σατο.
2434 907 2768 967 Καταλαὸὼν
2830 908 2886 966 δὲ
2940 913 3018 976 εἷς
3073 913 3536 988 Τραϊανοΰπολιν,
3595 915 3765 974 ἐκεῖσε
3813 927 3885 994 τῷ

2232 1024 2291 1057 τε
2320 998 2544 1080 ἀδελφῷ
2578 1002 2806 1070 Ἰωάννη
2832 1000 2922 1056 καὶ
2979 1007 3097 1066 τοῖς
3156 1000 3208 1057 ἐν
3262 999 3713 1078 Ἀδριανουπόλει
3772 1030 3882 1064 συν-

2234 1093 2439 1162 ἤντησε
2469 1091 2746 1168 Φράγγοις
2777 1111 2835 1146 τε
2868 1092 2958 1145 καὶ
2990 1088 3266 1149 Μακεδόσι
3318 1092 3411 1148 καὶ
3468 1099 3550 1166 τῷ
3607 1094 3785 1169 λοιπῷ
3826 1099 3885 1151 τὰ

2232 1181 2401 1236 αὐτοῦ
2435 1185 2721 1257 φρονοῦντι
2766 1179 3150 1254 στρατεύματι,
3182 1177 3307 1235 ἔνθα
3363 1181 3457 1236 καὶ
3510 1184 3579 1237 τά
3641 1184 3883 1258 βασιλικὰ

2233 1271 2535 1343 παράσημα
2648 1263 3083 1344 περιϐάλλεται.
3163 1267 3719 1348 Κατασφαλισάμενός
3830 1296 3883 1329 τε

2233 1362 2406 1415 πάντα
2465 1358 2650 1436 ὅρκοις
2711 1358 2801 1413 καὶ
2880 1360 3171 1429 συνθήκαις
3246 1365 3523 1438 φρικταῖς,
3578 1359 3719 1416 οὕτω
3791 1364 3881 1433 τήν

2234 1449 2505 1527 εὐφημίαν
2562 1447 2855 1525 ἀπειλήφει
2928 1448 3044 1521 μετ’
3090 1448 3365 1527 εὐφημίας
3418 1449 3511 1504 καὶ
3570 1446 3880 1528 δορυφορίας

2233 1547 2476 1619 πολλῆς,
2508 1547 2599 1602 καὶ
2630 1546 2730 1602 ὅσα
2782 1545 3035 1623 βασιλεὺς
3093 1547 3200 1602 τῶν
3258 1546 3598 1624 πραγμάτων
3652 1548 3876 1624 ἀπάρχε-

2232 1661 2341 1709 ται,
2374 1639 2465 1694 καὶ
2521 1646 2621 1709 τῆς
2673 1634 3189 1713 ’Λδριανουπόλεως
3238 1632 3529 1711 ἰπιὸαίνει,
3564 1637 3655 1694 σὺν
3704 1635 3877 1711 πολλῇ

2232 1732 2370 1801 τιμῇ
2402 1728 2492 1783 καὶ
2530 1722 2828 1800 σεϐάσματι
2887 1726 3107 1801 ἐξαισίῳ
3147 1726 3446 1799 ὑπάντησιν
3507 1724 3873 1800 ποιησαμᾶνων

2234 1818 2381 1890 αὐτῷ
2422 1822 2530 1872 τῶν
2578 1816 2824 1895 φυλετῶν
2879 1813 2970 1871 διά
3010 1820 3073 1871 τὸ
3124 1817 3342 1880 οἰκείως
3390 1811 3540 1894 ἔχειν
3571 1817 3705 1891 πρὸς
3733 1814 3877 1870 αὐτὸν

470 1901 744 1959 illustris.
776 1904 887 1959 Sed
939 1902 1239 1974 neglectus
1282 1903 1393 1960 fuit
1435 1910 1500 1961 ut
1560 1906 1804 1977 quidam
1846 1904 2124 1978 ignobilis

2236 1906 2322 1963 καὶ
2382 1910 2800 1982 θεραπευτικῶς.
2857 1905 3293 1979 Ἀντεπεξελθὼν
3355 1903 3414 1961 δὲ
3486 1926 3624 1961 τισιν
3679 1901 3706 1958 ὂ
3757 1899 3878 1978 ’πρό⁸

469 1995 528 2048 et
556 1991 808 2048 obscuro
838 1991 964 2048 loco
996 1998 1194 2058 natus,
1230 2009 1418 2065 neque
1468 1993 1657 2050 ullum
1706 2011 1948 2066 corpore
1978 2011 2125 2066 sup-

470 2080 711 2153 plicium
747 2081 987 2153 subivit,
1039 2081 1311 2154 quamvis
1351 2081 1791 2140 existimaretur
1822 2083 1878 2138 id
1912 2100 2128 2156 passu-

472 2186 575 2227 rus
608 2174 847 2244 propter
876 2173 1211 2243 superiores
1243 2171 1586 2229 inimicitias
1617 2178 1673 2229 et
1702 2189 1934 2245 pugnas
1966 2171 2126 2245 capi-

470 2258 640 2315 tales.
666 2262 883 2315 Verum
914 2260 1138 2317 missus
1167 2260 1227 2316 in
1258 2260 1529 2318 exsilium
1564 2262 1624 2318 in
1656 2262 1975 2334 quamdam
2008 2263 2130 2318 Ma-

471 2349 811 2405 cedonicam
843 2350 1051 2405 urbem
1070 2349 1226 2405 haud
1251 2350 1438 2406 multo
1466 2356 1600 2423 post
1623 2355 1843 2407 natura:
1864 2352 2131 2407 debitum

484 2437 783 2510 persolvit.
811 2438 972 2504 Quod
1004 2454 1139 2495 vero
1180 2440 1337 2512 regia
1368 2439 1623 2512 insignia
1668 2440 1728 2497 in
1759 2439 2133 2513 Trajanopcli

482 2526 731 2583 indutus
743 2526 1476 2601 fueritBryennius,ibique
1489 2528 1772 2587 declarari
1789 2534 1846 2587 et
1857 2529 2139 2587 celebrari

486 2632 548 2672 se
571 2616 927 2688 permiserit,
948 2616 1105 2672 baud
1131 2617 1350 2673 bonum
1377 2618 1694 2691 augurium
1726 2620 2137 2691 prudentiores

482 2706 920 2762 existimabant.
955 2705 1086 2762 Haec
1116 2707 1274 2763 enim
1298 2707 1707 2781 Trajanopolis
1738 2726 1855 2765 non
1897 2708 2135 2781 Trajani

482 2793 857 2868 imperatoris
888 2794 1125 2851 nomine
1146 2795 1382 2852 condita
1405 2796 1532 2864 fuit,
1555 2796 1656 2852 sed
1681 2797 1916 2854 nomine
1936 2799 2135 2869 cujus-

480 2892 618 2948 dam
632 2909 700 2950 ex
720 2893 1079 2964 primatibus
1102 2893 1332 2964 Trajani
1358 2895 1565 2963 vocati,
1590 2896 1858 2967 generosi
1891 2913 1956 2952 eo
1987 2901 2135 2952 tem-

492 2998 630 3054 pore
663 2982 813 3039 729
841 2982 947 3037 viri
979 2987 1104 3038 tum
1139 2999 1319 3038 manu
1354 2988 1479 3039 tum
1505 2984 1722 3054 animo,
1748 3002 1922 3057 quem
1947 2986 2138 3043 Caesar

481 3071 774 3142 Trajanus
809 3072 881 3127 ob
917 3071 1114 3128 nescio
1147 3089 1322 3144 quam
1374 3072 1757 3130 offensionem
1806 3075 2135 3132 luminibus

481 3161 751 3233 privavit.
777 3161 845 3216 Et
865 3159 922 3216 in
956 3161 1165 3218 Persas
1196 3162 1577 3234 proficiscens
1609 3164 1704 3220 hic
1738 3181 1873 3220 eum
1907 3167 2134 3238 primus

479 3250 804 3322 conspexit,
838 3268 955 3323 quo
977 3250 1315 3323 spectaculo
1336 3253 1657 3309 admodum
1681 3254 1908 3321 dolens,
1943 3271 2132 3311 recor-

479 3338 657 3395 datus
693 3340 1128 3411 expeditionum
1192 3345 1249 3397 et
1299 3340 1535 3398 virtutis
1594 3341 1774 3412 illius,
1806 3344 2011 3399 eodem
2072 3344 2132 3400 in

477 3428 607 3486 loco
638 3430 842 3487 urbem
873 3430 1137 3487 construi
1158 3431 1347 3503 jussit
1373 3433 1444 3488 ad
1472 3432 1846 3490 indelebilem
1879 3434 1984 3490 viri
2006 3451 2133 3492 me-

479 3518 1077 3592 moriam.Hacigitur
1105 3520 1175 3576 de
1205 3537 1383 3577 causa
1418 3523 1738 3594 prudentes
1771 3523 1877 3579 viri
1909 3524 2131 3581 factum

475 3607 636 3665 haud
660 3608 879 3665 bonum
903 3609 1221 3681 augurium
1243 3611 1580 3667 censebant.
1617 3613 1882 3668 Attamen
1915 3618 2130 3687 Bryen-

476 3696 613 3754 nius
636 3696 918 3769 ignorans
938 3698 1237 3753 decretum
1261 3698 1478 3770 (caecus
1508 3705 1599 3755 est
1621 3702 1776 3756 enim
1796 3703 2129 3758 futurorum

474 3788 736 3856 eventus)
769 3802 862 3842 res
884 3802 1162 3859 agressus
1192 3791 1299 3843 est.
1324 3787 1629 3846 Rmdestus
1660 3806 1896 3863 quoque
1927 3792 2129 3848 eadem

473 3874 766 3948 cogitavit,
796 3875 1126 3947 opitulante
1159 3876 1274 3932 sibi
1307 3882 1559 3950 cognata
1590 3881 1736 3934 urbe
1768 3883 2127 3936 Batatzasnc:

474 3990 611 4029 nam
663 3973 979 4029 Radestini
1028 3975 1310 4030 adversus
1362 3975 1608 4031 Panium
1656 3977 1898 4048 profecti
1929 3994 2128 4050 coege-

475 4068 615 4118 runt
645 4061 842 4134 ipsum
873 4078 1109 4135 quoque
1131 4062 1484 4134 Bryennium
1500 4063 1977 4122 celebrare.Cum
1993 4082 2128 4123 vero

475 4167 651 4207 suum
690 4151 928 4206 fratrem
969 4167 1036 4206 eo
1062 4151 1277 4207 honore
1310 4152 1603 4209 affecisset
1652 4160 1714 4209 ut
1758 4159 1914 4210 esset
1956 4172 2127 4211 curo-

479 4239 723 4312 palates,
782 4244 839 4295 et
891 4238 1037 4295 alios
1098 4256 1302 4295 omnes
1363 4240 1567 4297 habita
1620 4241 1847 4299 ratione
1878 4245 2129 4316 proprias

476 4329 739 4401 ipsorum
771 4328 1097 4401 dignitatis,
1120 4329 1478 4386 existimavit
1501 4346 1562 4387 se
1588 4331 2021 4389 formidabilem
2053 4335 2127 4390 ad

476 4418 684 4473 urbem
716 4417 936 4489 regiam
984 4421 1223 4490 propter
1253 4417 1505 4475 missum
1551 4421 1788 4477 fratrem
1840 4421 2127 4479 adventu-

476 4525 631 4565 rum.
674 4507 776 4562 Cui
831 4523 965 4562 cum
1018 4508 1360 4564 tradidisset
1391 4507 1548 4563 haud
1583 4510 1938 4566 mediocrem
1971 4529 2127 4568 exer-

473 4597 678 4668 citum,
702 4596 974 4669 sperabat
1005 4596 1127 4651 fore
1159 4600 1223 4651 ut
1255 4598 1491 4669 quando
1519 4597 1671 4654 cives
1708 4598 2121 4670 imperatorem

2235 1991 2388 2071 εδρος
2434 1999 2838 2056 Κωνσταντῖνος
2892 1993 2920 2047 ὁ
2953 1991 3368 2067 Θεοδωροκάνος
3409 1998 3518 2048 τῶν
3561 1996 3657 2048 τοῦ
3703 1998 3879 2067 Βρυεν-

2235 2084 2355 2139 νίου
2388 2080 2665 2138 ἁλίσκεται
2697 2082 2788 2138 καὶ
2832 2082 2969 2159 πρὸς
3027 2081 3186 2138 αὐτὸν
3246 2081 3616 2159 αἰχμάλωτος
3669 2080 3878 2156 γίνεται,

2239 2174 2373 2247 ἀνὴρ
2405 2168 2621 2242 ἔνδοξος
2652 2172 2739 2226 καὶ
2772 2173 2964 2246 γένους
2996 2170 3367 2245 ἐπισημότητι
3429 2172 3519 2226 καὶ
3583 2168 3702 2246 βίου
3753 2165 3878 2241 λαμ-

2239 2262 2473 2339 πρότητι
2558 2261 2868 2338 καταφανὴς
2955 2258 3384 2336 γινωσκόμενος,
3455 2257 3753 2335 Παρωράθη
3828 2252 3877 2309 δὲ

2241 2351 2316 2416 ὡς
2371 2351 2445 2413 εἷς
2504 2354 2611 2405 τῶν
2646 2348 2855 2422 ἀτίμων
2913 2349 3004 2404 καὶ
3063 2350 3313 2425 ἀγεννῶν.
3352 2349 3429 2404 Οὐ
3489 2349 3597 2422 μὴν
3627 2343 3681 2401 δὲ
3710 2364 3873 2418 σωμα-

2245 2441 2399 2509 τικὴν
2440 2437 2709 2515 τιμωρίαν
2762 2438 2987 2509 ὑπέστη,
3019 2438 3198 2494 καίτοι
3245 2460 3308 2514 γε
3360 2434 3605 2510 ἐπίδοξος
3651 2437 3715 2504 ἦν
3765 2432 3878 2488 ταύ-

2244 2550 2343 2598 την
2391 2532 2580 2592 παθεῖν
2642 2523 2732 2582 διὰ
2786 2527 3253 2602 προηγησαμὲνας
3313 2523 3519 2604 ἔχθρας
3572 2525 3661 2579 καὶ
3717 2523 3876 2597 μάχας

2244 2615 2563 2693 κεφαΛικάς.
2594 2614 2954 2693 Φυγαδευοεῖς
3017 2615 3073 2671 δὶ
3122 2616 3260 2693 πρός
3319 2637 3443 2672 τινα
3489 2620 3596 2671 τῶν
3655 2606 3876 2669 Μακεδο-

2245 2710 2406 2761 νικῶν
2434 2703 2651 2762 πόλεων
2690 2706 2803 2778 μετ’
2837 2703 2899 2759 οὗ
2931 2703 3075 2760 πολὺ
3122 2705 3202 2779 τῷ
3258 2706 3443 2783 χρεὼν
3502 2699 3874 2776 ἐλειτούργησε.

2244 2804 2315 2858 Τὸ
2348 2800 2405 2858 δὶ
2432 2804 2499 2858 τὰ
2533 2800 2790 2878 βασιλικά
2839 2803 3144 2876 παράσημα
3201 2801 3253 2858 ἐν
3316 2798 3742 2879 ΤραϊανουπόΛει
3794 2811 3872 2879 1r;-

2247 2889 2564 2969 ριϐαλὲσθαι
2623 2893 2716 2947 τὸν
2790 2889 3077 2967 Βρυὲννιον
3150 2892 3240 2948 καὶ
3320 2878 3423 2961 τήν
3486 2886 3747 2967 εὐφημίαν
3797 2878 3872 2936 καὶ

2243 2985 2341 3052 τὴν
2367 2981 2662 3059 ἀνάρρησιν
2703 2978 2949 3053 δέξασθαι
3011 2979 3109 3035 οὐκ
3164 2980 3365 3057 ἀγαθὸν
3426 2978 3618 3036 οἰωνὸν
3671 2974 3719 3029 οἱ
3767 2991 3870 3059 συν-

2246 3058 2500 3148 ετώτεροι
2548 3073 2637 3125 καὶ
2683 3068 2973 3148 ἐχέφρονες
3024 3069 3370 3146 ἐλογίζοντο.
3402 3072 3487 3145 [Ρ.
3518 3066 3639 3141 859]
3667 3064 3728 3119 Ἠ
3776 3058 3863 3134 γὰρ

2246 3161 2680 3237 Τραϊανούπολις
2713 3160 2847 3231 αὕτη
2881 3158 2978 3215 οὐκ
3012 3157 3100 3215 ἐπὶ
3154 3165 3235 3233 τῷ
3292 3160 3527 3234 ὀνόματι
3581 3156 3674 3210 τοῦ
3730 3150 3866 3225 βασι-

2246 3250 2387 3314 λεως
2417 3255 2514 3305 τοῦ
2542 3256 2710 3323 Τραϊα
2744 3254 2830 3304 ιοῦ
2860 3246 3238 3322 ᾠκοδόμηται,
3264 3247 3353 3303 ἐπ’
3399 3247 3624 3319 ὀνόματι
3679 3237 3730 3295 δὲ
3775 3238 3865 3323 τῷν

2247 3341 2578 3416 μεγιστάνων
2661 3339 2810 3400 τινὸς
2885 3341 3160 3414 Τραϊανοῦ
3242 3335 3611 3411 καλουμένου,
3655 3321 3867 3416 γενναίου

2241 3430 2303 3485 τὸ
2333 3433 2629 3499 τηνικαῦτα
2683 3426 2821 3483 κατά
2858 3448 2916 3482 τε
2944 3431 3107 3503 χεῖρα
3155 3426 3245 3481 καὶ
3304 3428 3447 3483 κατά
3504 3421 3700 3499 ψυχὴν,
3729 3409 3863 3503 ,ὃνήό

2241 3521 2448 3594 Καῖσαρ
2502 3517 2765 3593 Τραϊανὸς
2824 3513 2914 3571 διά
2951 3501 3050 3571 "1t
3091 3521 3342 3590 πταῖσμα
3427 3520 3532 3571 τῶν
3600 3501 3858 3601 ὀφθαλμιῶν

2243 3607 2547 3683 ἐστέρησεν.
2609 3606 2734 3664 Ἐπὶ
2792 3606 3001 3681 Πέρσας
3051 3602 3110 3660 δὲ
3167 3602 3323 3660 διιὼν
3406 3605 3628 3664 ἐνταῦθα
3685 3603 3855 3683 ᾲτουτον

2241 3681 2494 3761 ἐθεάσατο
2546 3690 3172 3772 πρώτως.11εριώδυνος
3221 3690 3392 3781 δὶΑτῇ
3441 3692 3536 3781 θέα
3583 3681 3859 3781 γενόμξνῗει

2238 3790 2346 3842 τῶν
2398 3784 2863 3862 στρατηγημάτων
2919 3782 3011 3838 καὶ
3067 3789 3167 3852 τῆς
3223 3778 3449 3862 ἀνδρίας
3514 3767 3857 3849 ἀναμνησθεὶς,

2240 3885 2291 3942 ἐν
2320 3885 2466 3959 αὐτῴ
2493 3889 2574 3958 τῷ
2599 3884 2752 3957 τόπῳ
2782 3882 2943 3940 πόλιν
2978 3882 3226 3939 ἐκέλευσε
3252 3883 3482 3941 πολίσαι
3536 3875 3603 3937 εἷς
3655 3866 3853 3964 μγήμτῇν

2239 3975 2477 4048 ἄληστον
2536 3979 2633 4030 τοῦ
2690 3970 2907 4048 ἀνδρός.
2967 3973 3067 4027 Διὰ
3131 3975 3296 4027 ταῦτα
3355 3969 3487 4049 γοῦν
3543 3964 3635 4022 οὐκ
3682 3956 3859 4055 ἀγαθῇ

2239 4033 2433 4121 οἰωνὸν
2468 4065 2519 4120 οἱ
2550 4033 2840 4142 ἐχέφρονες
2869 4033 2931 4117 τὸ
2961 4061 3183 4139 γεγονὸς
3243 4033 3585 4137 ἐλογίζοντο.
3617 4049 3790 4143 ᾯμως
3811 4033 3842 4143 ,δ

2238 4155 2330 4213 οὖν
2362 4156 2424 4210 τὸ
2455 4136 2805 4228 ἀποτέλεσμα
2834 4153 2861 4207 ὁ
2902 4136 3187 4225 Βρυέννιος
3244 4136 3456 4226 ἀγνοῶν
3512 4136 3720 4228 (τυφλὸν

2237 4210 2562 4319 τὸμέλλον)
2609 4210 2740 4298 τῶν.
2772 4210 3109 4317 πραγιλάτων
3166 4210 3469 4317 ἇντέίχπὼ
3516 4210 3860 4327 Tia-dna“?

2236 4336 2303 4391 τά
2354 4333 2489 4389 αὐτᾶ
2533 4329 2833 4394 Ῥαιδεστὸς
2884 4326 3134 4404 συνεργίᾳ
3189 4334 3287 4398 τῆς
3357 4323 3640 4403 συγγενοῦς
3704 4322 3857 4404 Δαυτοὶ)

2235 4432 2334 4494 τῆς
2365 4420 2751 4491 Βατατζαίνης·
2803 4419 2856 4473 οἱ
2906 4398 3410 4493 γὰρ-’ὗαιδεστηνοῖ
3599 4398 3726 4462 κατὰ
3749 4398 3855 4499 ,τοῦ

2235 4514 2437 4570 Πανίου
2514 4506 2893 4585 ἐξωρμηκόιες
2973 4500 3255 4562 ἰϐιάσαντο
3332 4504 3467 4563 αὐτὸ
3535 4498 3853 4585 ἀναγορευσαι

2232 4605 2322 4661 τὸν
2356 4583 2658 4678 Βρυέννιον.
2692 4599 2943 4671 Τιμήσας
2984 4594 3041 4651 δὲ
3083 4597 3175 4652 τὸν
3227 4596 3420 4651 ἑαυτοῦ
3465 4583 3688 4678 ἀδελφὸν
3741 4591 3855 4678 κους

470 4690 527 4743 et
559 4654 911 4759 logottietam
947 4684 1027 4739 ita
1047 4654 1294 4741 oderant
1318 4691 1382 4741 ut
1404 4687 1685 4742 adversus
1706 4654 1865 4759 ipsos
1888 4654 2124 4746 strenue

2236 4654 2550 4772 ροπαλάτην
2584 4690 2675 4744 καὶ
2720 4654 2851 4749 τὲὺξ
2898 4683 3107 4747 ἄλλους
3166 4686 3407 4772 ἅπαντας
3453 4673 3725 4772 ἀναλόγως

470 4792 532 4833 se
562 4778 850 4850 gererent,
877 4774 989 4830 sibi
1040 4772 1155 4846 ipsi
1205 4775 1626 4843 consentirent,
1658 4781 1715 4833 et
1736 4779 1892 4833 intra
1915 4778 2121 4834 urbem

469 4881 531 4923 se
563 4882 698 4922 cum
732 4863 929 4937 aliqua
976 4863 1315 4920 conditione
1365 4865 1712 4938 reciperent,
1758 4871 1815 4922 et
1863 4868 1947 4923 ita
1994 4869 2121 4925 sine

467 4960 629 5012 metu
679 4955 750 5011 ad
809 4954 973 5027 ipsos
1023 4969 1157 5009 cum
1219 4959 1505 5026 apparatu
1555 4954 1714 5028 regio
1760 4957 2117 5013 adventaret.

465 5055 685 5111 Verum
718 5053 973 5109 multum
1001 5070 1033 5108 a
1052 5053 1349 5125 proposito
1373 5053 1620 5110 consilio
1639 5055 1962 5112 aberravit:
1984 5073 2119 5113 nam

469 5143 706 5198 tametsi
747 5142 1082 5198 Heracleam
1121 5142 1485 5213 incenderat,
1510 5148 1567 5199 et
1595 5143 1793 5215 plures
1816 5162 1885 5200 ex
1913 5146 1987 5201 iis
2017 5145 2119 5218 qui

470 5231 552 5288 ibi
589 5236 756 5286 erant
785 5231 1159 5286 interfecerat
1204 5231 1379 5302 (quod
1422 5231 1594 5301 paulo
1632 5237 1770 5288 ante
1799 5239 2121 5290 secesserat

470 5336 686 5393 praeses
717 5318 948 5374 Alexius
979 5320 1338 5392 Comnenus,
1371 5320 1473 5392 qui
1506 5322 1565 5377 in
1598 5321 1926 5394 Selymbria
1953 5340 2117 5379 com-

470 5409 855 5482 morabatur),
883 5414 1291 5466 verumtamen
1350 5416 1572 5483 regiam
1623 5413 1828 5467 urbem
1863 5412 2119 5470 incolen-

464 5504 553 5557 tes
604 5514 978 5571 nequaquam
1026 5497 1301 5572 Bryennii
1344 5500 1595 5556 adventu
1640 5500 1901 5557 deterriti
1926 5508 2111 5560 sunt:

460 5598 807 5655 accedentes
866 5594 1023 5651 enim
1082 5597 1153 5652 ad
1195 5613 1434 5654 murum
1465 5597 1922 5656 Blacbernarum
1955 5601 2115 5659 730

457 5686 605 5745 levia
630 5684 831 5758 praelia
877 5684 1147 5755 quasdam
1179 5686 1388 5757 fecere,
1442 5692 1502 5745 et
1546 5686 1770 5761 repulsi
1827 5690 2115 5749 transiere

458 5774 648 5838 sancti
692 5771 1165 5832 Panteleemonis
1221 5783 1481 5850 pontem,
1538 5781 1597 5836 et
1641 5793 1769 5853 qua
1819 5777 1902 5837 ibi
1942 5785 2113 5841 erant

2233 4746 2396 4854 ἀξίως
2444 4746 2543 4851 τῆς
2603 4776 2805 4839 οἰκείας
2860 4777 3259 4844 καταστάσεως,
3302 4768 3531 4852 φοϐερὸν
3585 4759 3714 4837 πρὸς
3747 4746 3853 4856 fit?

2236 4852 2490 4950 βασιλίδα
2541 4866 2611 4924 δι’
2642 4864 2953 4922 ἀποστόλου
2998 4867 3096 4919 τοῦ
3154 4860 3297 4917 ἰδίου
3351 4852 3854 4950 ἀδιλιροῦϋγκνῆνῗιξ

2232 4935 2471 5035 ἐνόμισε.
2506 4954 2786 5033 Παραδοὺς
2816 4954 2917 5032 γάρ
2962 4952 3109 5025 αὐτῷ
3164 4952 3388 5028 στρατὸν
3440 4947 3537 5004 οὐκ
3581 4935 3757 5035 ὀλίγον

2231 5009 2921 5119 ἐπὶίὲτεᾈ
2955 5043 3007 5098 οἱ
3059 5009 3285 5097 πολῖται
3334 5041 3425 5097 τὸν
3484 5025 3764 5119 λογοθέτξὶιν
3794 5009 3840 5067 δι

2230 5141 2397 5218 ὀργῆς
2451 5104 2540 5195 καὶ
2604 5104 2793 5210 μίσους
2853 5104 2953 5188 οόκ
2990 5131 3230 5207 ἀγεννῶς
3284 5127 3496 5237 ἔχουσι,
3536 5104 3852 5237 πὶοσξείοῖῑέ

2227 5198 2287 5288 τὶ
2310 5198 2457 5302 ἒιύτῴ
2500 5227 2589 5282 καὶ
2640 5222 3026 5302 προσδέξονται
3072 5219 3166 5277 σὺν
3219 5216 3537 5295 ὁμολογίαις
3585 5198 3835 5329 ἰντὸςνζῖ

2266 5320 2291 5329 ..
2471 5315 2525 5329 ..ι
2567 5321 2589 5329 ..
2688 5314 2703 5329 ς
3171 5310 3185 5329 \
3316 5310 3329 5329 ν
3379 5308 3394 5329 \
3486 5300 3534 5329 2...
3618 5301 3772 5329 mnium

2229 5292 2634 5383 o'a'rmc'a’t6ubc
2684 5292 3031 5391 ἒπιφοιτησει
3100 5310 3188 5366 καὶ
3268 5308 3432 5371 αὐτὸς
3485 5300 3534 5355 ἐν
3592 5292 3853 5391 inﬂuit?

2231 5367 2522 5489 βασιλικῖῐ
2534 5367 2728 5463 λλλλᾶ
2776 5367 2944 5458 πολὺ.
2981 5398 3251 5475 διήμαρτε
3295 5401 3394 5489 τοῦ
3418 5367 3726 5489 σκοποῆχῖξῖ

2343 5465 2444 5570 τὴν
2469 5465 2806 5573 πΗράκλειαν
2840 5465 3177 5567 ἐδῄωέὶωὶ
3232 5483 3482 5546 πολλοὺς
3536 5465 3852 5573 “ﬁndi?

2339 5554 2499 5672 αὐτῇ,
2555 5554 3054 5669 Ιὑποχωρήσαντος
3127 5585 3359 5664 ἔναγχος
3386 5668 3403 5672 Α
3428 5580 3542 5672 τοῦ-

2223 5652 2499 5759 ῖᾸλέξὶυῖ
2526 5687 2623 5741 τοῦ
2682 5652 2994 5755 ξομνηνοῦ,
3025 5679 3085 5742 ὃς
3113 5676 3167 5734 ἐν
3212 5652 3847 5760 ὲῆλυερίφ-ιφιξδραςέί

2222 5743 2536 5854 ἀλλ”δμως
2568 5774 2622 5831 οἳ
2647 5743 2937 5851 τὴνιβασιὶ
2960 5743 3047 5827 ίδα
3096 5743 3373 5835 οἰκοῦντες
3409 5743 3673 5828 ὀὐδαμῶς
3722 5743 3845 5813 προς
