4122 6442
363 496 474 554 461

1894 491 2289 554 HISTORIA.

3680 496 3800 556 462

366 628 458 692 τήν
516 625 873 702 ἰπιφοίτησιν
932 629 1037 692 τῆς
1093 626 1189 677 τοῦ
1247 620 1536 698 Βρυεννίου
1594 627 1846 695 στρατιᾶς
1904 642 2028 676 κατ-

2146 625 2346 679 omnia
2376 624 2496 696 igni
2547 624 2939 679 combussere.
2973 624 3236 696 Cumque
3279 625 3427 682 nihil
3477 634 3798 684 memoratu

369 714 718 790 επλάγησανο
773 713 1209 788 παραγενόμενοι
1255 712 1356 788 γὰρ
1397 705 1837 786 ἠκροϐολίσαντο
1893 709 2033 768 κατά

361 803 426 858 τὸ
455 808 652 880 τεῖχος
710 806 819 857 τῶν
880 799 1228 878 βλαχερνῶν,
1276 799 1366 855 καὶ
1398 799 1859 877 ἀποκρουσθὲντες
1910 801 2031 858 ἒπε-

363 891 688 967 ραιώθησαν
740 892 841 960 τὴν
894 894 993 945 τοῦ
1051 890 1204 966 ἁγίου
1251 887 1710 961 Παντελεήμονος
1769 889 2030 968 γεφυραν,

360 981 456 1035 καὶ
487 981 558 1036 τὰ
587 979 760 1035 ἐκεῖσε
807 981 981 1035 πάντα
1029 979 1156 1055 πυρὶ
1207 980 1677 1052 κατελυμήναντο,
1727 981 1814 1034 καὶ
1877 977 2030 1036 οὐδὲν

365 1071 516 1142 ἄξιον
568 1069 746 1147 λόγου
803 1070 1151 1146 πεπραχότες
1184 1071 1518 1145 ὑπέστρεψαν
1571 1067 1801 1133 ἐκεῖθεν.
1859 1070 2034 1137 Αὐτὸς

375 1163 468 1234 μἐν
502 1157 599 1216 δύο
630 1162 887 1236 τάγματα
944 1155 1129 1215 λαϐὼν
1183 1163 1262 1231 τῷ
1302 1157 1505 1230 ’Δθόρᾳ
1534 1158 1808 1229 ἐπιφοιτᾷ,
1839 1161 1938 1230 τήν
1974 1158 2032 1216 δὲ

375 1249 576 1321 λοιπήν
640 1252 894 1324 στρατιὰν
942 1249 1018 1313 εἷς
1067 1246 1510 1324 παραχειμασίαν
1542 1246 1871 1304 ἀπέστειλεν.
1940 1251 2027 1306 Ἐν

361 1338 614 1412 τοσούτῳ
674 1337 733 1394 δὲ
785 1342 968 1394 κακῶν
1018 1337 1312 1414 γενόμενος
1373 1338 1400 1392 ὁ
1459 1333 1714 1413 βασιλεὺς
1757 1337 1922 1410 μόλις
1954 1337 2030 1400 εἰς

361 1430 597 1500 μνήμην
770 1433 868 1483 τοῦ
923 1426 1233 1483 Ῥουσελίου
1281 1423 1499 1504 φυλακῇ
1550 1425 1640 1480 καὶ
1675 1423 1898 1501 δεσμοῖς
1951 1424 2029 1483 ἔτι

355 1517 738 1593 συνεχομένου
786 1518 874 1572 καὶ
907 1521 986 1590 τῷ
1017 1515 1346 1590 Βοτανειάτῃ
1404 1513 1785 1589 αὐτομολῆσαι
1818 1515 2029 1593 ἐπιχει-

355 1609 677 1684 ρήσαντος.
739 1605 1045 1683 Ἐξαγαγὼν
1107 1605 1200 1660 οὖν
1257 1605 1421 1660 αὐτὸν
1474 1613 1573 1676 τῆς
1629 1603 1880 1681 φυλακῆς
1938 1604 2028 1660 καὶ

351 1697 547 1767 πάσης
610 1696 842 1769 ἀξιώσας
898 1697 1071 1768 τιμῆς
1121 1695 1212 1749 καὶ
1269 1694 1500 1758 ἀνέσεως
1535 1739 1551 1769 ,
1628 1693 1718 1749 καὶ
1789 1692 2073 1770 πολλοῖς,

351 1785 681 1862 ἐπαγωγοῖς
737 1785 828 1839 καὶ
860 1782 1208 1859 θελκτηρίοις
1270 1783 1623 1859 χρησάμενος
1661 1783 1922 1859 ῥήμασιν,
1955 1783 2030 1845 εἷς

350 1876 458 1944 τήν
520 1874 663 1930 κατὰ
712 1879 809 1929 τοῦ
876 1873 1168 1950 Βρυεννίου
1225 1873 1516 1947 παράταξιν
1577 1871 1880 1949 ἐξηρέθισεν
1936 1873 2026 1928 καὶ

352 1963 464 2019 ἀπὸ
517 1966 632 2017 τῶν
706 1966 908 2038 τειχῶν
961 1967 1080 2024 τοῖς
1140 1961 1233 2016 σὺν
1299 1965 1380 2035 τῷ
1437 1961 1698 2038 Βρυεννίῳ
1751 1961 2027 2039 Φράγγοις

356 2051 727 2128 διαλεχθῆναι
777 2053 1125 2127 παρέπεισεν.
1161 2051 1252 2114 *Ως
1285 2047 1330 2106 δ’
1367 2050 1466 2106 οὐκ
1511 2047 1740 2123 ἔπεισεν,
1774 2049 2025 2128 ἐπιστρα-

357 2141 499 2197 τεῦει
531 2145 611 2213 τῷ
638 2137 863 2218 ἀδελφῷ
892 2144 990 2195 τοῦ
1021 2141 1308 2216 Βρυεννίου
1341 2139 1391 2195 ἐν
1441 2138 1521 2213 τῷ
1570 2139 1773 2214 Ἀθύρᾳ
1816 2138 2024 2217 διατρί-

367 2225 541 2299 ϐοντι,
589 2232 672 2304 [Ρ.
705 2231 836 2296 860]
867 2233 1300 2305 στρατηγοῦντος
1330 2233 1426 2284 τοῦ
1474 2227 1746 2306 προὲδρου
1778 2227 2024 2299 Ἀλεξίου

367 2324 470 2375 τοῦ
501 2323 790 2392 Κομνηνοῦ
825 2321 961 2392 μετά
989 2322 1100 2374 τῶν
1131 2316 1184 2373 ἐν
1215 2321 1285 2393 τῇ
1349 2316 1592 2394 βασιλίδι
1652 2323 2023 2391 στρατιωτῶν,

371 2409 560 2484 ὅρκοις
587 2408 843 2488 ἀσφαλέσι
901 2408 1165 2486 πρότερον
1225 2409 1291 2464 τὰ
1340 2408 1504 2464 πιστᾶ
1561 2405 1836 2476 δεδωκὼς,
1895 2429 2019 2463 συν-

362 2495 782 2554 αποπαλὲντων
844 2494 934 2552 διὰ
990 2495 1266 2568 θαλάσσης
1330 2497 1420 2552 καὶ
1472 2498 1746 2554 Ῥωσικῶν
1805 2495 2016 2552 πλοίων

355 2589 478 2643 κατ’
539 2585 738 2654 αὐτῶν,
797 2586 974 2640 αὐτῶν
1025 2583 1083 2641 δὲ
1145 2590 1283 2660 πεζῇ
1340 2587 1765 2656 κατεπειξάντων
1798 2586 1873 2648 εἷς
1927 2586 2018 2641 τὸν

361 2677 634 2750 Ἀθῦραν.
733 2672 898 2731 Ἀλλ’
985 2669 1215 2753 ἔφθασαν
1303 2670 1630 2751 προγνόντες
1717 2673 2015 2754 διαφυγεῖν.

358 2763 686 2836 Ἐπιδιῶξαι
747 2761 804 2820 δὲ
856 2764 909 2818 οἱ
953 2764 1077 2838 περὶ
1132 2766 1224 2819 τὸν
1285 2763 1598 2821 Ῥουσὲλιον
1656 2764 1746 2819 καὶ
1782 2766 1873 2819 τὸν
1910 2771 2017 2819 Κο-

357 2856 572 2930 μνηνὸν
611 2853 946 2930 βουλόμενοι
977 2853 1067 2908 καὶ
1095 2857 1201 2907 τῶν
1228 2853 1478 2908 ἐναντίων
1509 2852 1716 2931 σφῆλαι
1747 2852 2016 2924 πολλοὺς,

351 2945 458 3000 οὒκ
508 2939 679 3020 ἔσχον
729 2943 1092 3016 πειθομένους
1118 2941 1245 3004 τοὺς
1295 2943 1652 3018 στρατιώτας,
1683 2939 1925 3005 δεδιότας
1956 2943 2019 2998 τὸ

350 3028 775 3105 ἐκϐησόμενον.
832 3033 1064 3088 Ἕπεσον
1128 3029 1186 3086 δὶ
1239 3036 1348 3086 τῶν
1409 3029 1735 3087 Μακεδόνων
1787 3028 2016 3101 πολλοὶ,

347 3123 440 3177 καὶ
508 3127 712 3191 ζῶντες
772 3119 870 3175 οὐκ
931 3119 1115 3196 ὀλίγοι
1170 3119 1440 3190 ἑάλωσαν,
1471 3121 1563 3176 καὶ
1623 3120 2022 3199 λαφυραγωγία

350 3211 581 3288 ἐλήφθη
642 3208 833 3278 πολλή
898 3209 990 3264 καὶ
1046 3209 1112 3264 τὰ
1167 3207 1397 3284 πράσινα
1446 3213 1544 3264 τοῦ
1599 3206 2019 3284 κουροπαλάτου

352 3299 645 3376 ὀχήματα,
679 3303 772 3360 Ὃς
811 3299 898 3353 καὶ
951 3297 1159 3375 φεύγων
1213 3299 1512 3374 ἀφικνεῖται
1572 3298 1647 3360 εἷς
1692 3295 2017 3354 Ῥαιδεστόν.

2142 713 2383 784 dignum
2431 711 2775 785 gessissent,
2815 713 2952 767 inde
3004 713 3219 769 reversi
3269 720 3410 770 sunt
3484 715 3614 787 Ipse
3661 720 3799 774 eum

2141 802 2372 860 duabus
2401 800 2728 873 legionibus
2761 801 2830 856 ad
2855 801 3134 873 Athyram
3161 819 3224 859 se
3251 803 3800 878 confert,reliquum

2140 893 2460 950 exercitum
2495 892 2554 945 in
2605 890 2853 945 hiberna
2903 890 3226 947 distribuit.
3264 893 3324 947 In
3375 892 3557 948 tantis
3606 900 3800 950 autem

2143 982 2316 1038 malis
2338 997 2582 1036 versans
2605 980 2923 1052 imperator
2940 979 3033 1034 vix
3076 981 3420 1036 recordatus
3444 988 3535 1037 est
3557 983 3799 1051 Ruselii,

2142 1073 2243 1145 qui
2292 1071 2485 1127 adhuc
2527 1070 2584 1125 in
2635 1086 2864 1125 carcere
2911 1071 3142 1125 vinctus
3194 1071 3572 1127 detinebatur
3621 1077 3678 1128 et
3728 1073 3798 1128 ad

2140 1160 2505 1217 Botaniatem
2538 1159 2904 1230 transfugere
2935 1165 3182 1214 conatus
3215 1164 3358 1216 erat.
3396 1160 3582 1232 Igitur
3622 1163 3802 1218 educ-

2141 1261 2265 1312 tum
2300 1251 2497 1322 ipsum
2528 1266 2558 1304 e
2591 1248 2861 1304 custodia
2907 1252 3186 1320 omnique
3233 1249 3455 1306 honore
3502 1251 3798 1320 affectum,

2141 1341 2330 1395 multa
2359 1338 2708 1394 remissione
2741 1354 2806 1392 ac
2837 1337 3072 1393 blandis
3102 1355 3241 1411 erga
3271 1338 3439 1394 illum
3492 1357 3637 1396 usus
3677 1357 3802 1395 ver-

2139 1430 2251 1500 bis,
2303 1429 2375 1484 ad
2427 1426 2693 1500 praelium
2745 1431 2948 1482 contra
3003 1427 3360 1498 Bryennium
3411 1428 3697 1499 incitavit,
3747 1432 3805 1484 et

2141 1521 2435 1595 persuasit
2485 1525 2549 1575 ut
2597 1538 2631 1576 a
2682 1521 2869 1574 muris
2915 1536 3047 1574 cum
3099 1519 3172 1575 iis
3224 1521 3462 1576 Francis
3517 1522 3620 1593 qui
3667 1538 3802 1578 cum

2138 1611 2426 1684 Bryennio
2479 1615 2677 1666 essent
2724 1608 3175 1680 colloqueretur.
3210 1610 3321 1666 Sed
3379 1610 3478 1666 ubi
3512 1629 3626 1667 non
3656 1613 3799 1684 jper-

2139 1700 2346 1766 suasit,
2381 1700 2449 1754 ad
2486 1699 2759 1771 Bryennii
2791 1699 3031 1753 fratrem
3066 1700 3124 1753 in
3155 1701 3380 1772 Athyra
3427 1717 3798 1757 commoran-

2137 1795 2258 1846 tem
2318 1805 2452 1845 cum
2509 1789 2765 1844 exercitu
2825 1789 3242 1860 proficiscitur,
3304 1791 3453 1846 duce
3511 1790 3800 1846 exercitus

2138 1877 2386 1951 praeside
2417 1877 2615 1933 Alexio
2646 1876 2986 1945 Commeno,
3021 1894 3156 1932 cum
3188 1877 3260 1932 iis
3296 1878 3586 1934 militibus
3616 1881 3717 1951 qui
3739 1878 3800 1933 in

2139 1967 2300 2040 regia
2349 1967 2494 2022 urbe
2543 1969 2729 2035 erant,
2772 1965 3166 2036 jurejurando
3214 1971 3585 2022 sacrosancto
3636 1969 3801 2039 prius

2137 2057 2251 2111 fide
2274 2056 2428 2122 data,
2463 2060 2520 2110 et
2542 2053 2720 2110 simul
2747 2070 2848 2125 per
2889 2071 3049 2110 mare
3084 2055 3284 2110 missis
3328 2057 3606 2112 adversus
3637 2055 3799 2127 ipsos

2139 2145 2571 2202 Roxolanorum
2607 2143 2879 2216 navigiis,
2910 2143 3173 2215 ipsisque
3195 2143 3494 2216 peditibus
3517 2147 3590 2201 ad
3623 2145 3800 2217 Athy-

2105 2278 2108 2281 λ
2136 2251 2260 2290 ram
2295 2232 2736 2289 festinantibus.
2769 2231 2982 2288 Verum
3019 2238 3308 2306 occupant
3354 2233 3439 2288 illi
3473 2252 3532 2290 re
3563 2234 3800 2307 cognita

2136 2324 2354 2394 fugere,
2387 2338 2643 2393 cumque
2662 2321 3169 2394 vellentpersequi
3192 2323 3230 2377 ii
3256 2322 3357 2394 qui
3389 2339 3519 2378 cum
3558 2322 3796 2378 Ruselio

2133 2417 2301 2469 erant
2320 2411 2716 2479 etComneno,
2749 2416 2805 2466 et
2823 2411 3083 2467 hostium
3120 2411 3319 2484 plures
3356 2412 3642 2482 occidere,
3676 2429 3794 2467 non

2136 2501 2470 2557 habuerunt
2518 2499 2735 2554 milites
2766 2499 2878 2554 sibi
2923 2500 3078 2554 dicto
3126 2501 3486 2567 obedientes,
3518 2505 3793 2557 eventum

2136 2591 2215 2646 rei
2268 2589 3074 2662 pertimescentes.Cecidere
3122 2594 3318 2644 autem
3353 2606 3421 2645 ex
3457 2590 3790 2646 Macedoni-

2137 2681 2247 2736 bus
2307 2678 2524 2752 plures,
2575 2683 2629 2733 et
2687 2678 2797 2733 vivi
2856 2678 3015 2733 haud
3068 2679 3239 2750 pauci
3299 2679 3456 2751 capti
3514 2682 3676 2750 sunt,
3734 2684 3794 2736 et

2137 2767 2332 2838 praeda
2382 2764 2570 2821 multa
2597 2770 2786 2835 capta,
2820 2769 2876 2820 et
2906 2765 3242 2821 vehiculum
3293 2767 3516 2838 prasini
3573 2767 3787 2823 coloris

2137 2855 2291 2927 quod
2322 2853 2672 2924 curopalataa
2713 2857 2873 2923 erat;
2909 2855 3009 2926 qui
3043 2856 3221 2911 etiam
3254 2856 3486 2927 fugiens
3518 2856 3794 2912 Rhwdes-

2136 2949 2265 3000 tum
2328 2943 2613 3016 pervenit.
2646 2942 2936 2998 Patzinaci
2998 2949 3194 3000 autem
3240 2947 3382 3000 731
3447 2962 3582 3001 cum
3635 2945 3791 3001 haud

2132 3034 2343 3106 exigua
2364 3050 2540 3089 manu
2561 3032 2982 3104 Adrianopolin
3011 3034 3300 3106 invasere,
3326 3051 3502 3107 quam
3536 3035 3788 3091 circum-

2134 3123 2396 3179 sidentes
2427 3123 2715 3194 quosdam
2749 3139 2852 3192 per
2883 3123 3182 3195 regionem
3207 3123 3548 3196 misere,qui
3572 3125 3798 3196 optima

2135 3227 2385 3282 quaeque
2440 3210 2630 3281 ipsius
2686 3210 2813 3265 loca
2867 3216 3199 3281 vastarunt,
3259 3211 3517 3267 virorum
3578 3214 3795 3269 caedem

2134 3301 2416 3356 facientes
2464 3304 2522 3354 et
2575 3299 2968 3356 animantium
3022 3300 3323 3373 abigentes
3367 3300 3632 3357 inﬁnitos
3663 3318 3795 3374 gre-

354 3391 421 3447 Οἳ
455 3387 515 3444 δὲ
570 3388 899 3457 Πατζινάκοι
955 3390 1089 3460 μετὰ
1134 3385 1386 3458 πλήθους
1443 3388 1546 3443 οὐκ
1603 3385 1902 3463 ἐλαχίστου
1959 3390 2024 3462 τῇ

2143 3406 2262 3462 ges,
2295 3405 2483 3460 neque
2504 3388 2667 3444 illius
2687 3388 2922 3460 generis
2956 3392 3320 3445 vexationem
3345 3389 3529 3446 ullam
3561 3395 3799 3462 praeter-

355 3475 825 3555 ’Λδριανουπόλει
876 3475 1214 3554 ἰπεφάνησαν
1245 3519 1260 3550 ,
1329 3477 1422 3532 καὶ
1495 3475 1695 3548 ταύτην
1767 3488 2024 3552 περικαθ-

359 3567 573 3629 ίσαντες
629 3565 785 3628 τινὰς
833 3566 970 3621 κατὰ
1032 3571 1132 3635 τῆς
1178 3565 1368 3641 χώρας
1437 3564 1762 3620 ἀπέστειλαν
1821 3565 1912 3620 καὶ
1959 3566 2027 3620 τὰ

357 3655 608 3726 ταῦτης,
667 3653 942 3710 κάλλιστα
998 3648 1371 3727 ἐλωϐήσαντο,
1430 3653 1591 3732 φόνον
1655 3655 1751 3728 μεν
1813 3653 2024 3730 ἀνδρῶν

365 3745 754 3818 πλησάμενοι,
809 3745 964 3812 ζώων
1026 3740 1085 3798 δὲ
1148 3742 1346 3817 ἀγέλας
1405 3743 1662 3820 ἀπείρους
1719 3742 2027 3814 ἰλάσαντες,

365 3835 455 3889 καὶ
515 3830 641 3888 οὐδὲ
697 3830 752 3887 ἓν
810 3830 952 3895 εἶδος
1022 3831 1427 3906 παραλιπόντες
1483 3833 1796 3895 κακώσεως.
1853 3836 1913 3891 Ὀ
1972 3831 2030 3888 δὶ

361 3923 657 3998 Βρυέννιος
710 3921 798 3977 ἐπὶ
858 3922 1148 3992 συνθήκαις
1203 3923 1295 3977 καὶ
1344 3927 1553 3997 χρυσοῦ
1607 3920 1751 3977 δόσει
1808 3924 1897 3977 καὶ
1931 3922 2027 4001 ὑφ-

363 4014 628 4084 ασμάτων
689 4012 1050 4086 ὑποχωρῆσαι
1100 4011 1507 4084 παρασκευάσας
1556 4010 1754 4074 αὐτοὺς
1786 4013 2029 4087 ἠργυρο-

373 4100 537 4174 λόγει
566 4099 689 4163 τους
742 4098 935 4167 ἰδίους,
992 4098 1154 4155 παντὶ
1204 4101 1396 4176 τρόπῳ
1424 4105 1520 4156 τοῦ
1549 4102 1685 4155 κατὰ
1715 4102 1915 4156 σκοπὸν
1952 4102 2026 4174 μὴ

2137 3478 2457 3535 mittentes.
2492 3477 2819 3550 Bryennius
2851 3481 3046 3534 autem
3079 3479 3399 3535 foederibus
3432 3484 3488 3535 et
3519 3480 3646 3535 auri
3677 3479 3796 3536 lar-

2136 3567 2357 3640 gitione
2394 3571 2454 3622 et
2509 3565 2910 3637 stragulorum
2969 3566 3198 3623 efficere
3256 3569 3505 3624 studens
3561 3572 3625 3623 ut
3682 3568 3797 3640 ipsi

2137 3656 2501 3724 secederent,
2557 3671 2589 3708 a
2646 3655 2772 3710 suis
2821 3659 3129 3726 argentum
3206 3656 3491 3728 exigebat,
3557 3656 3798 3711 omnino

2138 3743 2380 3815 cupiens
2411 3760 2444 3798 a
2475 3742 2775 3815 proposito
2797 3742 3043 3800 consilio
3080 3760 3196 3798 non
3228 3745 3515 3801 aberrare.
3550 3744 3798 3802 Missus-

2139 3852 2252 3908 que
2283 3835 2461 3890 frater
2510 3834 2695 3905 ipsius
2725 3834 2983 3891 Joannes
3013 3836 3085 3890 ad
3133 3836 3317 3908 Cyzici
3364 3836 3798 3892 Cherronesum

2141 3924 2466 3979 conabatur
2499 3923 2809 3993 indigenas
2841 3922 2913 3977 ad
2948 3938 3011 3978 se
3040 3923 3368 3978 adducere:
3397 3925 3498 3979 sed
3530 3924 3802 3979 incidens

2143 4015 2202 4069 in
2233 4015 2429 4084 ipsum
2467 4012 2742 4068 Ruselius
2793 4029 2895 4083 per
2923 4013 3043 4067 vim
3076 4029 3175 4069 eos
3225 4014 3465 4087 fugavit,
3512 4015 3804 4087 principio

2145 4103 2337 4158 Martii
2375 4101 2616 4168 mensis,
2650 4101 2971 4156 indictione
3005 4102 3214 4172 prima.

384 4187 704 4265 διαμαρτεῖν
727 4188 1205 4264 προθυμούμενος.
1240 4189 1594 4252 Ἀποσταλεὶς
1638 4188 1695 4245 δὲ
1726 4193 1753 4246 ὁ
1780 4187 2014 4268 ἀδελφὸς
2038 4192 2204 4246 αὐτοῦ
2237 4190 2491 4260 Ἰωάννης
2525 4189 2600 4251 εἷς
2627 4191 2725 4259 τὴν
2752 4196 2852 4259 τῆς
2886 4188 3124 4258 Κυζίκου
3153 4189 3494 4266 χερρόνησον
3546 4189 3803 4266 ἐπειρᾶτο

363 4279 500 4342 τοὺς
536 4279 844 4357 ἐγχωρίους
876 4279 1263 4354 ὑπαγαγέσθαι.
1294 4279 1570 4355 Ἐντυχὼν
1605 4277 1662 4336 δὲ
1692 4279 1838 4353 αὐτῷ
1867 4281 1895 4334 ὁ
1926 4280 2232 4343 Ῥουσὲλιος
2259 4281 2397 4336 κατά
2423 4279 2620 4356 κράτος
2652 4278 2848 4342 αὐτοὺς
2877 4277 3624 4354 ἐτραπώσατο,ἐνισταμὲνου
3658 4283 3807 4357 Μαρ-

363 4370 512 4440 τίου,
546 4369 742 4442 μηνὸς,
773 4375 876 4438 τῆς
905 4375 952 4423 α’
971 4365 1332 4432 ῒνδικτιῶνος.

434 4479 547 4532 Τοῦ
583 4473 642 4531 δὲ
697 4476 1044 4550 πατριάρχου
1097 4473 1350 4530 Ἰωάννου
1408 4479 1507 4530 τοῦ
1561 4474 1855 4550 Ξιφιλίνου
1911 4496 2028 4530 κοι-

369 4565 642 4638 μηθέντος
692 4563 784 4618 καὶ
845 4563 984 4639 πρὸς
1032 4564 1134 4634 τήν
1182 4563 1371 4640 ἀγήρω
1420 4562 1576 4634 λῆξιν
1641 4566 2030 4639 μεταθεμένου,

367 4657 394 4710 ὁ
444 4652 706 4731 βασιλεὺς
754 4651 938 4729 ἓτερον
969 4652 1421 4730 προυχειρίσατο,
1482 4653 1543 4708 οὒ
1577 4657 1684 4708 τῶν
1743 4661 1844 4723 τῆς
1901 4675 2030 4728 συγ-

364 4743 608 4814 κλήτου,
664 4740 727 4797 οὐ
781 4746 892 4796 τῶν
943 4745 1044 4808 τῆς
1102 4741 1450 4812 Ἐκκλησίας,
1511 4741 1610 4796 οὐκ
1638 4738 1810 4798 ἄλλον
1844 4740 2037 4798 οὐδένα

366 4839 479 4889 τῶν
535 4831 846 4902 Βυζαντίων
895 4837 1005 4887 τῶν
1061 4828 1125 4887 ἓκ
1151 4853 1210 4887 τε
1252 4830 1423 4906 λόγου
1468 4831 1558 4886 καὶ
1602 4831 1845 4908 πράξεως
1907 4831 2033 4886 ὀνο-

375 4919 598 4997 μαστῶν
630 4923 719 4978 καὶ
769 4920 1154 4997 περιωνύμων,
1206 4925 1426 4994 Κοσμᾶν
1485 4918 1543 4976 δὲ
1605 4941 1728 4975 τινα
1789 4921 2033 4996 μοναχὸν

369 5016 475 5083 τῆς
533 5010 694 5086 άγίας
767 5011 862 5083 μὲν
934 5008 1152 5072 πόλεως
1229 5009 1604 5086 ἀφικόμενον,
1687 5009 1916 5085 μεγίστῃ
1979 5006 2036 5062 δὲ

370 5103 519 5174 τιμῇ
577 5099 724 5171 παρὰ
781 5097 1051 5174 βασιλέως
1078 5099 1393 5172 τιμώμενον
1423 5095 1514 5152 διὰ
1541 5099 1640 5167 τὴν
1700 5097 2036 5173 ἐπιπρέπουο

373 5211 470 5244 σαν
507 5189 659 5259 αὖτῷ
686 5187 905 5264 ἀρετήν·
941 5187 986 5242 εἰ
1011 5187 1112 5263 γὰρ
1143 5187 1232 5242 καὶ
1261 5187 1362 5256 τῆς
1395 5185 1584 5260 ἔξωθεν
1628 5187 1815 5265 σοφίας
1847 5185 2040 5262 ἄγευσ-

370 5299 471 5341 τος
499 5278 568 5347 ἦν
599 5278 688 5332 καὶ
737 5276 1005 5350 ἀμύητος,
1053 5273 1180 5330 ἀλλ’
1229 5275 1444 5351 ἀρεταῖς
1483 5275 1766 5338 ποικίλαις
1811 5275 2038 5350 ἐνωραΐ-

379 5373 526 5438 ζετο.
560 5367 654 5422 Διὸ
681 5367 769 5421 καὶ
801 5364 1020 5420 πάντων
1057 5361 1324 5440 ὑπεριδὼν
1353 5365 1512 5420 αὐτὸν
1552 5365 1758 5435 καθίζει
1792 5364 1880 5419 ἐπὶ
1928 5368 2037 5420 τῶν

375 5456 585 5512 οῗάκων
617 5461 718 5526 τῆς
749 5451 1104 5524 Ἐκκλητίας.

443 5564 508 5621 Ὁ
563 5559 624 5618 δὲ
677 5557 1040 5630 Βοτανειάτης
1096 5557 1165 5614 τὰ
1210 5560 1331 5614 καθ’
1389 5559 1574 5615 ἑαυτὸν
1635 5559 1692 5614 εὗ
1736 5556 2040 5630 διατιθέμε-

377 5675 493 5724 νος,
554 5652 647 5708 καὶ
702 5650 842 5726 πρὸς
879 5649 944 5704 τὸ
995 5646 1351 5725 προκείμενον
1412 5644 1568 5726 ἔργον
1629 5647 1660 5704 ὅ
1717 5647 2042 5725 ἀνεῤῥίψατο

383 5740 817 5817 ιτοιμαζόμενος
849 5781 865 5808 ,
933 5735 1136 5801 πάντας
1211 5735 1329 5794 ὅσοι
1386 5738 1520 5793 ποτε
1575 5738 1851 5815 στρατείας
1915 5757 2043 5811 μετ-

381 5835 715 5906 εποιήσαντο
791 5823 1351 5906 προσκαλεσάμενος,
1416 5828 1669 5905 τάγματα
1724 5826 1786 5884 ἐκ
1832 5825 2042 5889 τούτων

2065 4700 2112 4766 D

2212 4477 2451 4550 Sepulto
2502 4482 2697 4533 autem
2751 4477 3085 4550 patriarcha
3130 4477 3356 4534 Joanne
3406 4477 3704 4550 Xiphilino
3745 4480 3803 4533 et

2143 4569 2214 4622 ad
2247 4567 2455 4623 domos
2499 4573 2742 4622 aeternas
2793 4566 3078 4622 translato
3110 4567 3430 4638 imperator
3461 4566 3643 4622 alium
3693 4567 3800 4620 de-

2141 4655 2308 4729 legit,
2341 4673 2456 4712 non
2506 4673 2574 4711 ex
2623 4657 2920 4712 senatorio
2967 4657 3171 4712 ordine
3207 4672 3394 4728 neque
3425 4672 3492 4710 ex
3522 4655 3804 4725 Ecclesia,

2146 4763 2336 4818 neque
2378 4746 2566 4802 ullum
2598 4745 2778 4801 alium
2835 4745 3245 4819 Byzantiorum
3297 4745 3416 4802 sive
3464 4743 3806 4818 eloquentia

2145 4836 2266 4893 sive
2296 4837 2473 4891 rebus
2525 4835 2706 4906 gestis
2737 4836 3030 4891 clarorum
3077 4841 3134 4890 et
3163 4835 3505 4902 celebrium,
3539 4835 3638 4890 sed
3672 4833 3813 4889 Cos-

2147 4942 2305 4980 mam
2338 4925 2657 4995 quemdam
2711 4923 3090 4993 monachum,
3126 4923 3226 4994 qui
3259 4941 3291 4978 a
3323 4926 3528 4979 sancta
3575 4922 3809 4978 civitate

2147 5019 2407 5079 venerat,
2439 5019 2495 5068 et
2542 5014 2601 5068 in
2636 5014 2891 5068 maximo
2939 5013 3160 5068 honore
3207 5015 3357 5084 apud
3391 5013 3808 5084 imperatorem

2147 5106 2475 5161 habebatur
2519 5110 2756 5177 propter
2811 5105 3087 5161 virtutem
3149 5121 3264 5176 qua
3320 5104 3603 5176 praeditus
3661 5108 3806 5160 erat.

2147 5197 2294 5248 Nam
2320 5192 2550 5248 tametsi
2573 5199 2826 5248 externae
2853 5191 3151 5263 sapientiae
3179 5208 3385 5263 expers
3406 5196 3533 5247 erat
3563 5195 3621 5246 et
3647 5190 3809 5246 illius

2153 5280 2427 5348 mysteria
2458 5280 2705 5335 minime
2735 5285 3020 5352 gustarat,
3055 5286 3313 5335 attamen
3345 5279 3523 5336 variis
3569 5277 3809 5333 virtuti-

2148 5371 2261 5425 bus
2311 5369 2753 5436 efﬂorescebat;
2790 5373 3148 5441 quapropter
3197 5369 3478 5426 omnibus
3527 5367 3660 5423 aliis
3708 5384 3808 5424 ne-

2149 5458 2350 5531 glectis
2402 5459 2599 5530 ipsum
2646 5458 2718 5514 ad
2766 5458 3039 5513 Ecclesiae
3088 5457 3492 5531 gubernacula
3536 5456 3807 5516 collocat.

2221 5565 2556 5622 Botaniates
2587 5581 2720 5621 vero
2739 5565 2885 5619 bene
2915 5564 3263 5635 compositis
3287 5564 3410 5621 suis
3432 5563 3632 5632 rebus,
3650 5567 3709 5619 et
3737 5563 3809 5618 ad

2152 5654 2518 5727 propositum
2549 5669 2719 5726 Opus,
2754 5653 2911 5724 quod
2943 5653 3278 5723 distulerat,
3309 5657 3574 5726 paratus,
3626 5651 3814 5707 omni-

2153 5744 2264 5800 bus
2319 5743 2652 5815 quicunque
2710 5758 2974 5814 unquam
3033 5742 3304 5798 militiam
3365 5740 3614 5816 professi
3659 5739 3810 5795 ’τθῖ

2153 5833 2387 5891 fuerant
2433 5833 2506 5891 ad
2563 5849 2627 5890 se
2683 5832 3005 5905 accersitis,
3037 5832 3298 5907 legiones
3356 5848 3426 5888 ex
3481 5831 3554 5885 iis
3601 5826 3808 5898 coegit.
