4122 6428
348 444 467 504 463

1672 436 1807 496 JOA
1821 436 1863 493 N
1876 433 2001 496 NIS
2046 433 2447 496 SCYLI'I‘Z/E

3649 437 3769 497 464

349 574 575 642 Quibus
603 577 661 629 et
712 571 993 645 pecunias
1045 572 1103 623 et
1149 567 1508 639 dignitatum
1554 567 1811 639 insignia
1862 566 2000 622 elar-

2117 568 2503 636 συνεστήσατο,
2561 569 2645 628 οἷς
2699 567 2790 622 καὶ
2847 566 3152 643 χρημάτων
3213 564 3450 641 διανομῇ
3489 568 3578 623 καὶ
3611 567 3767 639 ἀξιω·

346 665 526 738 gitus,
584 661 762 718 etiam
838 657 1201 731 negligentes
1280 657 1351 711 ad
1427 656 1791 729 propositum
1852 673 2001 729 opus

346 756 650 826 promptos
698 748 955 807 reddidit
1003 750 1183 819 atque
1230 745 1475 801 alacres.
1509 745 1733 810 Quibus
1781 744 1999 801 auditis

346 841 433 898 illi
464 841 642 898 etiam
693 838 793 912 qui
844 838 915 893 ab
963 836 1314 907 imperatore
1346 834 1513 890 missi
1546 835 1775 891 fuerant
1805 839 1870 890 ut
1901 834 1997 892 Ni-

348 947 525 988 cmam
572 927 960 993 custodirent,
994 942 1127 981 cum
1161 924 1435 981 omnibus
1467 924 1651 997 capiis
1682 926 1752 979 ad
1799 925 1993 995 ipsum

345 1019 717 1091 transfugere
747 1022 806 1072 et
834 1016 1039 1071 urbem
1072 1014 1199 1070 sine
1228 1030 1423 1086 pugna
1452 1013 1820 1068 dediderunt.
1854 1013 1996 1069 Coe-

350 1109 435 1183 git
463 1108 605 1164 item
636 1104 948 1162 Turcicum
996 1104 1312 1160 exercitum
1342 1103 1643 1171 idoneum,
1687 1103 1855 1173 cujus
1885 1103 2003 1158 dux

348 1201 474 1255 erat
502 1196 815 1254 Cutlumus
847 1194 944 1249 ille
970 1193 1216 1250 celebris
1241 1210 1375 1249 cum
1402 1192 1539 1248 ﬁliis
1570 1192 1852 1265 quinque.
1886 1192 2002 1247 Hos

351 1287 462 1344 sibi
510 1284 841 1342 conciliavit
885 1284 987 1355 qui
1045 1283 1281 1338 sultano
1327 1282 1675 1354 cognatione
1704 1282 2002 1353 conjuncti

347 1380 516 1434 erant
546 1378 604 1431 et
651 1374 967 1431 studebant
1000 1372 1111 1427 sibi
1163 1371 1461 1429 vindicare
1499 1387 1672 1427 omne
1700 1370 2002 1427 Persicum

347 1464 689 1540 imperium.
722 1463 832 1519 Sed
866 1462 1024 1518 haud
1076 1466 1346 1534 poterant
1389 1462 1670 1517 adversus
1700 1461 1868 1516 illum
1900 1478 2005 1533 pu-

349 1571 551 1630 gnare,
580 1560 636 1610 et
659 1552 874 1609 idcirco
897 1552 966 1608 ad
995 1551 1392 1607 Romanorum
1433 1550 1728 1623 regionem
1757 1551 2003 1607 advene-

349 1649 503 1713 rant,
531 1650 594 1699 ut
624 1659 819 1716 parem
853 1642 924 1699 ad
957 1640 1041 1697 illi
1073 1641 1468 1697 resistendum
1503 1641 1820 1712 potentiam
1853 1657 2005 1697 nan-

353 1734 733 1791 ciscerentur.
792 1730 976 1803 Magis
1052 1746 1208 1801 vero,
1268 1730 1318 1785 si
1375 1746 1510 1785 vera
1585 1729 1777 1784 dicere
1831 1746 2003 1801 opor-

352 1825 457 1889 tet,
525 1838 720 1894 pugna
790 1821 1075 1877 adversus
1153 1817 1460 1875 sultanum
1537 1817 1857 1875 commissa
1935 1818 2006 1873 de

351 1918 476 1969 toto
520 1910 765 1984 imperio
824 1909 1302 1966 contendentium
1362 1907 1421 1964 in
1470 1907 1595 1965 loco
1653 1908 1754 1981 qui
1814 1907 2007 1965 Rheae

354 2006 597 2058 vocatur
632 2000 879 2072 jamque
907 1997 1269 2055 conﬂicturis
1318 1998 1690 2066 exercitibus,
1725 1999 1795 2054 ad
1835 2014 2009 2054 aures

355 2090 569 2148 accidit
624 2089 870 2161 calipha
926 2088 1167 2155 factum,
1210 2088 1312 2160 qui
1369 2089 1524 2160 apud
1581 2088 1744 2160 ipsos
1803 2090 2006 2143 eodem

356 2179 566 2253 aequali
598 2178 818 2235 honore
849 2194 966 2251 quo
997 2176 1152 2233 Deus
1183 2176 1512 2233 celebratur
1545 2195 1557 2234 :
1590 2182 1646 2233 et
1676 2176 1774 2233 ille
1806 2176 2005 2233 statim

356 2272 553 2342 spreto
573 2268 737 2324 omni
767 2268 916 2324 fastu
942 2272 1000 2323 et
1024 2283 1184 2323 more
1222 2265 1361 2339 (non
1402 2265 1557 2322 enim
1583 2266 2012 2323 concedebatur

354 2359 471 2431 ipsi
494 2362 655 2413 extra
669 2358 972 2430 proprium
989 2355 1307 2429 hospitium
1324 2355 2011 2427 egredi)celeriteereas

356 2447 969 2522 perveniensdivertit,
991 2450 1048 2503 et
1059 2446 1215 2502 acies
1230 2447 1357 2517 jam
1371 2462 1792 2518 congressurus
1812 2446 1869 2501 in
1896 2462 2013 2501 me-

359 2537 455 2595 dio
477 2541 644 2593 stans
669 2537 739 2593 ad
756 2553 957 2609 pacem
980 2536 1249 2591 hortatus
1271 2539 1359 2591 est
1382 2552 1484 2608 pro
1507 2535 1760 2592 utilitate
1773 2536 2008 2607 quidem

358 2628 669 2684 Persarum
702 2630 759 2682 et
787 2627 1050 2699 ipsorum
1074 2625 1499 2697 imperii,malo
1528 2642 1663 2681 vero
1693 2624 1924 2697 imperii
1955 2629 2014 2680 et

357 2717 633 2789 potentiae
692 2719 1139 2772 Romanorum:
1189 2713 1368 2769 variis
1427 2714 1582 2769 enim
1641 2714 2013 2770 sermonibus

356 2805 512 2862 ultro
546 2805 813 2877 citroque
840 2802 1080 2871 habitis,
1114 2804 1187 2859 ad
1238 2808 1565 2859 extremum
1600 2802 1737 2858 vicit
1766 2803 1820 2858 id
1855 2803 2009 2875 quod

353 2895 406 2951 ei
449 2894 696 2951 comiter
743 2892 886 2949 utile
940 2893 1135 2949 visum
1196 2898 1307 2962 est,
1340 2897 1404 2948 ut
1451 2892 1720 2949 sultanus
1773 2892 2011 2948 Perside

351 2987 663 3057 potiretur,
695 2984 867 3054 cujus
927 2981 1104 3038 etiam
1164 2988 1329 3055 pater
1385 2981 1661 3037 dominus
1719 2980 1929 3049 fuerat,
1971 2981 2010 3035 ii

352 3074 504 3130 788
536 3089 669 3129 vero
701 3073 801 3145 qui
850 3088 985 3128 cum
1018 3070 1294 3127 Cutlumo
1324 3076 1511 3140 erant,
1535 3074 1795 3142 acceptts
1825 3071 2010 3143 copiis

347 3168 406 3220 et
434 3162 671 3220 auxiliis
701 3179 735 3218 a
764 3161 999 3217 sultano
1030 3160 1089 3215 in
1125 3177 1292 3217 suam
1335 3164 1682 3234 potestatem
1718 3160 2006 3216 Romano-

347 3269 479 3310 rum
514 3252 809 3326 regionem
843 3250 1193 3321 redigerent,
1227 3254 1285 3306 et
1308 3250 1591 3306 haberent
1615 3249 1674 3303 in
1710 3248 2005 3321 propriam

2115 654 2297 728 μάτων
2357 659 2610 732 περιωπῆ
2666 656 2729 711 τὸ
2758 655 3061 733 ἀμέριμνον
3110 657 3201 712 καὶ
3252 657 3391 734 πρὸς
3446 657 3507 712 τὸ
3538 658 3764 729 προκεί-

2113 768 2271 821 μενον
2326 746 2600 825 ἐπέρρωσε
2650 750 2964 824 πρόθυμον.
3020 754 3117 805 Ὧν
3182 749 3505 813 ἀκούσαντες
3558 747 3649 805 καὶ
3710 749 3763 803 οἱ

2104 837 2205 906 τήν
2256 838 2478 893 Νίκαιαν
2521 844 2709 915 τηρεῖν
2758 840 2895 915 πρὸς
2946 838 3217 916 βασιλέως
3248 838 3570 913 ἐσταλμένοι
3618 860 3764 912 παμ-

2106 925 2306 997 πληθεῖ
2394 930 2649 1002 [P.86l]
2708 927 2855 1000 αὐτῷ
2933 930 3369 1008 προσεφοίτησαν
3457 926 3763 1002 αὐτόμολοι

2103 1015 2193 1070 καὶ
2249 1017 2351 1084 τὴν
2399 1014 2562 1071 πόλιν
2620 1017 2869 1093 ἀμαχητὶ
2927 1015 3326 1095 προδεδώκασι.
3389 1019 3764 1089 Συνεστήσατο

2112 1101 2169 1160 δὲ
2216 1105 2304 1160 καὶ
2360 1108 2660 1179 Τουρκικὸν
2727 1108 2954 1185 στρατὸν
3000 1107 3306 1184 ἀξιόλογον,
3358 1108 3424 1163 οὗ
3472 1112 3768 1183 καθηγεῖτο

2110 1194 2506 1269 Κουτλουμοῦς
2555 1195 2760 1260 ἐκεῖνος
2815 1199 2842 1253 ὁ
2891 1193 3227 1273 περιϐόητος
3270 1197 3362 1253 σὺν
3396 1198 3531 1253 υἱάσι
3587 1197 3768 1265 πέντε,

2109 1283 2337 1347 τούτους
2381 1286 2939 1362 προσεταιρισάμενος
2992 1293 3307 1362 προσγενεῖς
3363 1288 3459 1360 μὶν
3493 1290 3571 1359 τῷ
3601 1284 3770 1341 σουλ⁴

2110 1372 2255 1447 τάτῳ
2307 1375 2676 1451 τυγχάνοντας
2719 1375 2809 1431 καὶ
2842 1374 3327 1451 ἀντιποιουμένους
3368 1376 3463 1449 μὲν
3494 1382 3596 1445 τῆς
3628 1380 3772 1449 Περ-

2113 1470 2269 1533 σικῆς
2329 1464 2542 1536 ἀπᾶσης
2601 1463 2972 1541 ἐπικρατείας,
3034 1462 3471 1536 ἇδυνατήσαντας
3529 1462 3585 1520 δὲ
3635 1464 3775 1540 πρὸς

2115 1548 2314 1606 ἰκεῖνον
2375 1554 2670 1629 μάχεσθαι,
2729 1554 2818 1608 καὶ
2881 1548 2971 1608 διὰ
3024 1558 3187 1609 τοῦτο
3245 1556 3314 1628 τῇ
3345 1553 3623 1626 Ῥωμανίᾳ
3650 1550 3770 1607 ἔπι-

2116 1637 2469 1712 δημήσαντας
2521 1640 2661 1697 ὥστε
2732 1641 2930 1718 κράτος
2990 1642 3179 1717 ἐκείνῳ
3236 1643 3510 1707 ἀντίθετον
3565 1644 3771 1712 κτήσα-

2078 1730 2257 1801 ’σϐαι,
2313 1729 2527 1804 μᾶλλον
2586 1728 2663 1800 δὲ,
2725 1732 2769 1787 εἷ
2830 1728 2912 1787 δεῖ
2963 1731 3198 1803 τάληθὲς
3230 1730 3424 1800 εἰπεῖν,
3461 1732 3648 1807 μάχην
3682 1752 3776 1785 συ-

2115 1819 2489 1892 στησαμένους
2541 1819 2681 1897 πρὸς
2738 1821 2829 1875 τὸν
2865 1819 3161 1877 σουλτάνον
3219 1821 3311 1877 λαὶ
3344 1820 3596 1898 περὶτῆς
3628 1818 3773 1892 ὅλης

2116 1911 2564 1985 ζυγομαχοῦντας
2622 1909 2804 1986 ἀρχῆς
2861 1911 2997 1965 κατὰ
3052 1911 3146 1965 τὸν
3205 1909 3373 1966 τόπον
3433 1909 3491 1973 ὅς
3520 1908 3779 1965 καλεῖται

2115 1998 2310 2061 Ῥέας.
2388 1998 2485 2055 Καὶ
2581 1996 2689 2069 ἤδη
2777 1998 3177 2077 συρῥήγνυσθαι
3266 1997 3584 2074 μελλόντων
3662 2003 3777 2055 τῶν

2118 2087 2558 2162 στρατευμάτων,
2620 2087 2697 2150 είς
2753 2089 2866 2144 ὦτα
2924 2089 3110 2144 πίπτει
3164 2088 3228 2144 τὸ
3278 2094 3503 2165 πρᾶγμα
3555 2093 3636 2162 τῷ
3673 2109 3781 2166 ’χα-

2118 2171 2273 2253 λιφᾷ,
2330 2174 2389 2237 ὃς
2448 2176 2576 2251 παρ’
2621 2175 2806 2239 αὖτοῖς
2861 2175 2913 2232 ἐν
2970 2177 3169 2250 ἱσοθὲῳ
3225 2182 3451 2250 τιμᾶται
3479 2180 3641 2252 τιμῇ.
3676 2176 3784 2232 Κά-

2117 2269 2295 2327 κεῖνος
2371 2264 2563 2320 αὐτίκα
2664 2269 3081 2343 καταφρονήσας
3153 2268 3351 2328 παντὸς
3437 2263 3604 2343 ὄγκου
3684 2266 3781 2322 καὶ

2117 2352 2272 2418 ἴοους
2344 2353 2429 2427 (οὔ
2489 2355 2592 2429 γὰρ
2661 2354 2841 2432 ἐφεῖτο
2898 2354 3047 2429 αὖτῷ
3104 2349 3422 2431 προϐαίνειν
3477 2362 3578 2424 τῆς
3634 2352 3783 2419 ἰδίας

2117 2450 2441 2519 καταγωγῆς
2471 2442 2644 2513 ἐκτὸς)
2672 2444 2844 2520 ταχὺς
2895 2443 3090 2509 ἐλάσας
3145 2443 3223 2507 είς
3278 2444 3342 2499 τὸ
3392 2444 3480 2501 Ῥὶ
3536 2443 3782 2521 παραγί-

2119 2552 2287 2603 νεται,
2336 2531 2427 2587 καὶ
2502 2533 2638 2606 πρὸς
2714 2534 3036 2609 παρατάξεις
3105 2531 3215 2605 ἤδη
3278 2531 3591 2607 μελλούσας
3647 2533 3782 2612 συρ-

2123 2621 2420 2698 ῥήγνυσθαι
2478 2624 2641 2695 μέσος
2699 2623 2826 2686 στὰς
2856 2622 2924 2678 τὰ
2978 2623 3115 2698 πρὸς
3172 2623 3395 2698 εἰρήνην
3449 2622 3639 2686 αὐταῖς
3697 2620 3786 2677 δι-

2121 2711 2342 2785 ῄτησεν,
2399 2709 2487 2766 ἐπὶ
2547 2712 2875 2790 συμφέροντι
2937 2712 3032 2785 μὶν
3092 2716 3199 2767 τῶν
3260 2716 3481 2786 Περσῶν
3540 2712 3781 2781 καὶτῆς

2123 2799 2299 2855 αὐτῶν
2380 2799 2580 2876 ἀρχῆς,
2656 2800 2742 2856 ἐπὶ
2823 2806 2974 2874 κακῷ
3032 2798 3090 2857 δὲ
3160 2800 3260 2870 τῆς
3314 2805 3422 2856 τῶν
3484 2801 3775 2875 Ῥωμαίων

2121 2885 2466 2964 ἓπικρατείας
2542 2889 2630 2944 καὶ
2717 2890 2979 2961 ἐξουσίας.
3058 2890 3231 2967 Λόγον
3319 2889 3417 2967 γὰρ
3498 2886 3778 2969 διαφόρων

2119 2978 2447 3049 κινηθέντων
2519 2978 2609 3034 καὶ
2683 2978 2988 3055 λεχθέντων
3065 2976 3377 3035 τελευταῖον
3472 2985 3660 3055 κρατεῖ
3713 2981 3782 3035 τὸ

2121 3066 2273 3141 δόξαν
2329 3066 2475 3139 αὐτῷ
2502 3072 2657 3142 κοινῇ
2697 3066 3001 3139 λυσιτελὲς,
3049 3068 3188 3124 ὥστε
3224 3069 3319 3124 τὸν
3353 3068 3446 3142 μὶν
3480 3067 3780 3124 σουλτάνον

2119 3156 2306 3233 ἄρχειν
2332 3164 2431 3226 τῆς
2478 3155 2742 3233 Περσίδος
2787 3157 2925 3234 ᾗπερ
2975 3157 3068 3213 καὶ
3119 3159 3147 3213 ὁ
3190 3159 3371 3233 πατὴρ
3404 3157 3588 3227 αὐτοῦ,
3645 3158 3780 3222 τοὺς

2119 3243 2175 3301 δὲ
2204 3246 2326 3320 περὶ
2356 3246 2447 3301 τὸν
2504 3245 2896 3319 Κουτλουμοῦς
2945 3240 3212 3303 λαϐόντας
3246 3244 3476 3320 δύναμιν
3502 3247 3650 3323 παρὰ
3675 3252 3776 3303 τοῦ

348 3321 648 3416 regionem
699 3345 1046 3413 potestatem
1077 3343 1135 3395 et
1162 3338 1502 3411 imperium,
1535 3338 1614 3394 ita
1645 3341 1709 3393 ut
1751 3337 1913 3393 nullo
1944 3353 2000 3393 se

2120 3334 2418 3390 σουλτάνου
2466 3334 2555 3390 καὶ
2609 3334 2929 3410 ωγχέρειαν
2960 3337 3061 3405 τήν
3091 3341 3199 3391 τῶν
3231 3335 3516 3409 Ῥωμαίων
3577 3337 3771 3412 χώραν

351 3435 559 3487 mutuo
580 3429 840 3487 convicio
862 3428 1281 3485 afﬁciant.Tali
1312 3429 1712 3484 admonitione
1733 3445 1800 3484 ac
1822 3445 2003 3484 suasu

350 3519 593 3592 calipbsa
665 3517 967 3573 dirimitur
1039 3533 1258 3589 pugna,
1333 3523 1391 3572 et
1467 3517 1623 3573 cedit
1693 3517 2002 3587 exercitus,

351 3607 667 3680 omnisque
716 3609 1013 3664 contentio
1062 3606 1460 3679 propulsetur,
1499 3611 1558 3662 et
1604 3605 2001 3663 Romanorum

348 3697 477 3754 loca
523 3697 636 3753 sibi
686 3698 745 3752 in
790 3697 1131 3753 servitutem
1182 3696 1487 3767 subjacere
1534 3701 1855 3767 cmperunt.
1892 3695 2004 3751 Hos

346 3785 530 3859 igitur
577 3801 710 3841 cum
755 3785 867 3841 sibi
931 3785 1256 3852 ascivisset,
1308 3801 1441 3840 cum
1487 3784 1697 3841 idoneo
1745 3785 1999 3841 exercitu

344 3892 450 3948 pro
481 3876 629 3932 inito
661 3891 860 3932 secum
893 3875 1109 3930 fmdere
1139 3873 1477 3941 festinabat,
1508 3878 1567 3929 et
1605 3874 1750 3929 inito
1794 3873 2002 3930 itinere

344 3966 418 4021 ad
451 3964 703 4021 Nicaeam
754 3962 1165 4020 contendebat.
1210 3963 1421 4036 Ingens
1465 3967 1661 4018 autem
1718 3979 2002 4019 numerus

339 4070 411 4111 ex
474 4053 819 4125 Megalopoli
885 4053 955 4107 ad
1049 4051 1247 4124 ipsum
1339 4051 1599 4124 quotidie
1685 4051 1999 4109 conﬂuere.

340 4144 413 4199 Et
469 4143 623 4215 quod
682 4143 844 4198 dictu
901 4147 991 4197 est
1048 4140 1413 4211 incredibile,
1474 4158 1546 4197 ne
1621 4141 1796 4196 Turci
1862 4142 2000 4211 quia

342 4232 475 4287 dem
535 4231 649 4303 ipsi
706 4231 1130 4303 impedimento
1184 4231 1365 4297 fuere,
1430 4231 1548 4287 imo
1608 4232 1806 4302 potius
1863 4246 1996 4286 cum

342 4320 668 4376 reverentia
746 4321 1003 4391 quadam
1062 4323 1117 4375 et
1189 4319 1564 4375 observantia
1636 4320 1997 4376 comitaban-

340 4413 461 4479 tur,
496 4413 554 4464 et
584 4408 787 4480 regina
814 4408 1073 4478 urbium,
1108 4411 1164 4464 et
1209 4424 1412 4464 omnes
1441 4407 1631 4481 ipsius
1679 4408 1995 4480 principes,

343 4499 562 4570 quique
619 4498 1006 4571 magistratus
1063 4502 1352 4570 gererent,
1386 4499 1607 4570 quique
1663 4498 1723 4552 in
1778 4498 1995 4553 subur-

338 4587 512 4643 banis
541 4590 599 4643 et
625 4587 772 4642 vicis
805 4591 994 4642 erant.
1021 4586 1170 4650 Quin
1202 4588 1378 4641 etiam
1429 4585 1693 4641 Ecclesia;
1728 4602 1995 4657 proceres

2114 3421 2323 3486 ἑαυτοῖς
2380 3428 2836 3499 περιποιήσασθαι
2894 3425 2983 3479 καὶ
3042 3420 3190 3502 ἔχειν
3248 3425 3323 3488 είς
3379 3423 3517 3480 ἰδίαν
3575 3426 3765 3501 χώραν

2111 3513 2200 3568 καὶ
2260 3513 2500 3585 ἐξουσίαν
2551 3514 2639 3568 καὶ
2702 3513 3001 3589 βασιλείαν,
3058 3512 3197 3570 ὣστε
3247 3512 3415 3588 μηδὶν
3449 3513 3760 3591 ἐπηρεάζειν

2113 3600 2406 3672 ἀλλήλοις.
2468 3602 2570 3658 Καὶ
2601 3600 2689 3656 ἐπὶ
2719 3605 2787 3676 τῇ
2813 3603 3040 3678 τοιαῦτῃ
3096 3603 3346 3674 ὑποθήκη
3374 3603 3464 3658 καὶ
3497 3600 3757 3674 διαιτήσει

2110 3696 2207 3746 τοῦ
2239 3689 2453 3767 χαλιφᾶ
2480 3694 2591 3763 (41)
2650 3688 2926 3747 διαλύεται
2984 3692 3079 3765 μὶν
3131 3695 3165 3761 ἡ
3221 3691 3376 3768 μάχη
3410 3691 3501 3747 καὶ
3542 3693 3571 3747 ὁ
3602 3711 3762 3767 στρα-

2109 3780 2201 3842 τὸς
2267 3781 2553 3857 ὑποχωρεῖ
2626 3780 2716 3835 καὶ
2769 3786 2914 3836 πᾶσα
2969 3783 3005 3851 ἡ
3074 3778 3186 3857 ἔρις
3234 3778 3763 3855 ἀποδιοπομπεῖται,

2108 3869 2199 3924 καὶ
2254 3869 2321 3924 τὰ
2374 3874 2482 3924 τῶν
2540 3870 2825 3943 Ῥωμαίων
2883 3867 3255 3925 καταδουλοῦν
3318 3869 3529 3932 ἑαυτοῖς
3586 3868 3760 3943 ἀπήρ·

2109 3958 2287 4029 ξαντο.
2346 3958 2581 4022 Τούτους
2641 3956 2731 4013 οὖν
2788 3959 3345 4036 προσεταιρισάμενος
3405 3960 3538 4033 μετᾶ
3594 3977 3757 4034 στρα-

2106 4053 2227 4109 τιᾶς
2276 4046 2565 4124 ἀξιολόγου
2611 4048 2702 4102 καὶ
2751 4047 2837 4102 ἐπὶ
2889 4048 3183 4119 συνθήκαις
3224 4046 3416 4124 ῥηταῖς
3468 4048 3583 4120 μεθ’
3639 4047 3764 4101 tau-

2105 4140 2208 4191 τοῦ
2240 4138 2596 4210 συνεπήγετο,
2644 4136 2737 4190 καὶ
2781 4143 2881 4205 τῆς
2922 4133 3053 4191 ὀδοῦ
3101 4134 3400 4210 ἀρξάμενος
3424 4134 3626 4213 ἐχώρει
3676 4134 3766 4190 ἰπὶ

2104 4225 2205 4294 τὴν
2264 4224 2516 4280 Νίκαιαν.
2580 4222 2729 4280 [Ιολὺ
2789 4221 2847 4279 δὶ
2902 4222 3119 4294 πλῆθος
3170 4232 3271 4295 τῆς
3333 4223 3766 4300 μεγαλοπόλεως

2106 4311 2360 4368 ἑκάστοτε
2418 4312 2698 4390 συνέρῤἐον
2752 4313 2890 4387 πρὸς
2918 4313 3103 4371 αὐτόν.
3162 4313 3267 4371 Καὶ
3302 4314 3365 4369 τὸ
3398 4311 3466 4385 δὴ
3524 4311 3765 4390 παράδο-

2105 4407 2216 4478 ξον,
2252 4404 2335 4459 ὅτι
2366 4402 2493 4460 οὐδὲ
2522 4406 2573 4459 οἱ
2616 4409 2849 4481 Τοῦρκοι
2901 4403 3157 4479 ἐμποδὼν
3220 4404 3367 4480 αὖτῷ
3415 4408 3765 4476 καθίσταντο,

2103 4495 2459 4570 προέπεμπον
2533 4490 2591 4549 δὲ
2650 4491 2871 4566 μᾶλλον
2930 4494 3022 4550 σὺν
3082 4492 3229 4549 αἰδοῖ
3285 4494 3377 4550 καὶ
3437 4490 3762 4568 σεϐάσματι.

2104 4583 2203 4638 Καὶ
2251 4587 2285 4652 ἡ
2340 4581 2555 4658 βασιλὶς
2606 4581 2663 4638 δὲ
2717 4587 2826 4639 τῶν
2886 4583 3102 4639 πόλεων
3163 4583 3253 4639 καὶ
3312 4590 3417 4639 πᾶν
3442 4586 3507 4639 τὸ
3538 4583 3592 4639 ἐν
3624 4584 3760 4659 αὐτῇ

334 4674 397 4732 in
473 4693 658 4732 unum
735 4677 1148 4732 convenientes
1223 4677 1294 4730 ad
1366 4674 1813 4731 celeberrimum
1891 4675 1992 4731 Dei

2112 4671 2395 4747 ἐξαίρετον,
2455 4672 2577 4727 ὅσον
2632 4694 2690 4728 τε
2747 4672 2799 4728 ἰν
2859 4670 3090 4749 ἄρχουσι
3144 4672 3383 4729 καὶὸσω
3407 4673 3459 4728 ἐν
3519 4675 3761 4737 ἀστικοῖς

332 4765 499 4823 Verbi
533 4766 761 4837 Sophim
810 4764 1124 4837 templum,
1157 4781 1346 4836 nuper
1394 4764 1845 4820 imminentibus
1876 4765 1993 4836 epi-

330 4854 572 4912 bateriis
594 4854 1077 4911 Anrzuntiationis
1108 4854 1287 4908 beatae
1321 4853 1532 4922 Mariae,
1564 4852 1863 4909 declarant
1887 4854 1993 4908 im-

328 4948 656 5015 peratorem
708 4942 1102 5008 Botaniatem,
1160 4945 1456 5014 praeeunte
1507 4941 1599 4996 his
1660 4941 1994 5015 patriarcha

331 5032 539 5088 divinas
562 5034 729 5089 urbis
754 5049 980 5106 magna;
1003 5030 1351 5098 Antiochia,
1386 5031 1623 5086 nomine
1656 5030 1992 5100 Emiliano,

2102 4762 2191 4816 καὶ
2240 4758 2565 4834 δημοτικοῖς
2595 4763 2729 4835 (42),
2764 4758 2913 4816 ἀλλὰ
2948 4763 3056 4835 μὴν
3089 4761 3181 4816 καὶ
3214 4763 3276 4817 τὸ
3302 4769 3399 4832 τῆς
3428 4761 3765 4833 Ἐκκλησίας

2101 4845 2372 4926 ἔκκριτον,
2430 4854 2589 4924 κοινῇ
2649 4847 3000 4915 συνελθόντες
3046 4850 3122 4913 είς
3170 4851 3262 4906 τὸν
3294 4851 3626 4927 περίπυστον
3657 4857 3761 4920 τῆς

2101 4943 2197 4994 τοῦ
2228 4943 2362 4994 Θεοῦ
2393 4938 2574 5014 Λόγου
2632 4936 2837 5015 Σοφίας
2893 4939 3045 5007 νεὼν,
3103 4936 3223 5014 ἄρτι
3279 4943 3388 4994 τῶν
3442 4944 3545 4995 τοῦ
3595 4938 3765 5015 Εὐαγ-

2102 5027 2370 5103 γελισμοῦ
2399 5030 2498 5097 τῆς
2535 5030 2881 5105 Θεομήτερος
2930 5021 3301 5104 ἐπιϐατηρίων
3359 5031 3473 5103 (43)
3535 5027 3762 5107 ἐφιστα-

1653 5162 1898 5220 JACOBI
1947 5162 2161 5220 GOARI
2208 5161 2433 5217 NOTIE.

408 5259 523 5332 (41)
561 5260 853 5319 Cedrenus
903 5263 961 5317 in
1017 5260 1365 5333 Monamacho
1416 5277 1473 5332 p.
1512 5260 1649 5333 H7757
1681 5259 1989 5333 seriphum

333 5337 502 5387 vocat
560 5335 884 5389 secundum
934 5351 969 5389 ιι
1015 5332 1269 5404 calipba,
1327 5331 1450 5404 ceu!
1491 5331 1823 5404 dignitatis:
1860 5332 1990 5404 ejus

336 5347 502 5387 vocat
560 5347 884 5389 secundum
934 5351 969 5389 ιι
1015 5347 1269 5404 caupna,
1327 5348 1428 5386 ceu
1491 5347 1803 5404 dignitatis
1860 5347 1990 5456 eius

336 5418 787 5475 successorem:
832 5407 1029 5475 ipsum
1087 5419 1225 5459 vero
1283 5401 1575 5473 calipham
1636 5403 1757 5458 sive
1811 5401 1990 5459 haife

331 5473 719 5546 Leunclavius
739 5476 798 5531 in
825 5473 1199 5532 Onomastico
1244 5476 1521 5529 vicarium
1546 5475 1986 5546 interpretatur,

333 5544 515 5618 {ccum
580 5550 876 5618 tenentem,
937 5546 1209 5604 haredem
1261 5554 1329 5618 et
1367 5544 1746 5603 successorem.
1804 5546 1988 5617 Hali/e

329 5616 581 5691 Lullahe,
611 5616 825 5691 inquit,
856 5616 1097 5691 vicarius
1127 5618 1246 5691 Dei,
1276 5617 1414 5691 vice:
1432 5618 1527 5691 Dei
1554 5633 1749 5687 gerens
1779 5619 1841 5672 in
1870 5616 1986 5673 ter-

328 5691 429 5745 ris.
462 5688 663 5758 ﬂatile
690 5688 1116 5756 Muhamedum,
1143 5690 1315 5745 haeres
1335 5688 1678 5757 Muhametis,
1709 5704 1988 5745 successor

325 5758 682 5819 Huhametis.
712 5764 801 5820 Ita
826 5762 1002 5835 prisci
1038 5761 1418 5830 Agarenorum
1438 5776 1591 5831 rege:
1610 5777 1666 5819 se
1698 5761 1983 5818 vocabant.

2099 5261 2182 5316 Ita
2224 5257 2474 5332 ,Scachu:
2519 5261 2710 5316 Ismail
2757 5258 3046 5331 a/feclabat
3101 5258 3232 5315 dici.
3271 5259 3474 5317 Eodem
3522 5259 3766 5332 denique

2099 5331 2271 5403 titulo
2295 5347 2354 5386 se
2383 5333 2683 5388 Turcorum
2709 5332 2988 5403 principes
3017 5337 3239 5387 ornant.

2167 5402 2282 5476 (42)
2315 5403 2552 5476 Expono
2586 5421 2599 5459 :
2634 5402 2848 5474 Quique
2889 5402 2977 5476 ex»
2999 5403 3325 5472 promiscua
3371 5403 3528 5476 plebe
3570 5404 3654 5459 vel
3686 5419 3764 5460 ea:

2096 5474 2416 5557 regionum,
2437 5476 2799 5557 collegiorum
2812 5474 3179 5557 partiumque
3204 5474 3501 5557 ριίεείραὼ
3542 5476 3759 5557 conﬂu-

2093 5554 2323 5619 xerunt,
2355 5562 2455 5619 eos
2483 5542 2779 5617 siquidem
2808 5542 3145 5619 δημοτικοῦς
3169 5542 3502 5619 signiﬁcare
3530 5542 3759 5603 dictum

2094 5622 2186 5674 est
2216 5616 2275 5671 in
2305 5616 2654 5674 Cedrenum.

2168 5689 2301 5762 (43)Δ
2335 5690 2531 5746 Prima
2585 5699 2777 5762 saepta,
2837 5691 3019 5762 operi:
3077 5690 3458 5762 inaugurqlio,
3514 5690 3759 5762 actioni:

2093 5759 2563 5833 ωεκηιαμηὶιία,
2586 5759 2799 5820 necnon
2820 5759 3013 5835 felicia
3040 5759 3293 5838 auspicia
3320 5761 3602 5818 dicuntur
3631 5759 3758 5817 tm-
