4122 6406
450 383 582 448 465

1982 385 2379 448 HISTORIA.

3773 381 3891 442 466

459 517 661 591 μενων,
715 515 1098 593 ἀναγορεύουσι
1156 517 1246 574 τὸν
1307 520 1664 590 Βοτανειάτην
1716 518 2109 594 αὐτοκράτορα,

2231 523 2286 574 et
2315 516 2689 590 metropolita
2721 514 2931 585 lconii;
2966 516 3234 590 ipsisque
3264 516 3460 572 omnis
3506 513 3700 574 clerus
3749 532 3892 573 con-

455 607 892 682 προεξάρχοντος
941 607 1148 661 τούτων
1200 611 1298 662 τοῦ
1349 609 1699 684 πατριάρχου
1774 608 2119 671 θεουπόλεως

451 694 708 772 μεγάλης
768 696 1128 771 Ἀντιοχείας,
1178 700 1276 751 τοῦ
1322 697 1730 770 ὀνομαζομένου
1767 695 2117 770 Αἰμιλιανοῦ,

443 785 536 838 καὶ
594 789 694 840 τοῦ
756 783 1168 860 μητροπολίεου
1233 786 1481 842 Ἰνονίου.
1540 785 1789 842 Συννεύει
1833 807 1892 842 τε
1930 792 2035 850 πᾶς
2091 787 2118 843 ὁ

442 872 664 946 κλῆρος
693 873 878 936 αὐτοῖς
928 873 1017 928 καὶ
1067 877 1101 944 ἡ
1152 873 1464 950 σύγκλητος
1512 875 1602 929 καὶ
1647 877 1681 944 ἡ
1729 875 1892 937 πόλις
1922 873 2118 950 σχεδὸν

451 963 656 1019 ἅπασα.
695 965 778 1036 (Ρ.
807 965 934 1034 862]
966 962 1070 1018 Καὶ
1117 961 1472 1038 διαιρεθέντες
1517 966 1653 1019 κατὰ
1687 964 1914 1040 φατρίας
1945 966 1996 1019 οἱ
2020 971 2122 1034 τῆς

450 1053 738 1115 ποΛιτείας
796 1052 1077 1125 ἐπώνυμοι
1130 1053 1624 1128 συνταγματάρχας
1671 1073 1731 1107 τε
1768 1047 2118 1129 προϐάλλον-

453 1161 538 1196 ται
571 1141 663 1194 καὶ
724 1139 932 1216 λόχους
982 1139 1260 1218 ἐπιφανείς
1321 1145 1738 1211 συνεστήσαντο.
1801 1140 2118 1214 Κυριεύουσι

457 1228 513 1284 δὲ
557 1230 646 1284 καὶ
707 1235 818 1284 τῶν
881 1229 1190 1306 ἀνακτόρων
1265 1229 1315 1302 ἐξ
1392 1227 1590 1306 ἐφόδου
1638 1231 1727 1286 καὶ
1785 1231 2120 1306 στρατιώτας

451 1318 737 1398 ἐφιστῶσι,
788 1317 916 1380 τοὺς
974 1323 1072 1373 τοῦ
1141 1319 1404 1395 βασικὲως
1457 1317 1692 1394 Μίχαὴλ
1747 1317 2118 1393 ἐκδιώξαντες,

448 1405 694 1479 πολέμῳ
741 1407 806 1462 τὸ
888 1409 1279 1485 μισθοφορικὸν
1362 1409 1878 1484 κοταγωνισάμενοι.
1930 1416 2122 1472 Καθαι-

443 1501 609 1568 ροῦσι
645 1495 704 1551 δὲ
752 1496 841 1550 καὶ
898 1497 992 1550 τὸν
1056 1494 1417 1572 βασιλεύοντα
1467 1497 1696 1572 Μιχαὴλ
1753 1497 1987 1576 φυγόντα
2043 1497 2120 1560 εἷς

439 1586 514 1640 τὰ
546 1585 600 1639 ἐν
634 1585 983 1661 Βλαχέρναις
1031 1585 1303 1662 ἀνάκτορα
1344 1585 1438 1642 σὺν
1494 1590 1564 1652 τῇ
1617 1586 1906 1660 Αύγούστῃ
1937 1586 2122 1660 Μαρίᾳ

435 1678 511 1748 τῇ
576 1673 628 1745 ἐξ
699 1673 946 1731 Ἀλάνων
1008 1674 1098 1730 καὶ
1155 1680 1234 1747 τῷ
1280 1674 1476 1730 τούτου
1523 1673 1675 1730 παιδὶ
1731 1683 2120 1748 Κωνσταννινῳ

431 1768 518 1835 τῷ
583 1765 1106 1842 Ηορφυρογεννήτῳ,
1158 1764 1247 1818 καὶ
1306 1765 1444 1838 πρὸς
1493 1765 1585 1819 τὸν
1649 1765 1864 1839 μονήρη
1916 1763 2118 1836 μεταλ·-

2232 609 2438 674 sensit,
2472 613 2528 663 et
2558 614 2798 663 senatus
2830 611 2888 662 et
2919 608 3112 662 omnis
3156 608 3271 662 l'ere
3319 607 3547 662 civitas.
3601 607 3670 661 Et
3714 605 3890 662 divisi

2233 714 2336 770 per
2383 695 2597 764 tribus,
2648 695 2748 766 qui
2781 699 2948 750 erant
2981 696 3038 750 in
3072 694 3375 767 republica
3402 695 3685 763 illustres,
3719 700 3775 750 et
3812 695 3889 750 le-

2231 786 2476 857 gionum
2508 786 2814 856 praefectos
2859 784 3182 852 declarant,
3236 791 3294 840 et
3340 786 3576 840 ordines
3626 784 3892 856 insignes

2238 875 2631 943 constituunt,
2684 880 2741 929 et
2772 873 3006 945 palatiis
3038 875 3348 945 derepente
3378 875 3706 945 potiuntur,
3741 871 3895 927 mili-

2231 967 2434 1035 tesque
2467 965 2797 1035 disponunt
2826 963 2926 1033 qui
2952 963 3324 1034 imperatoris
3350 962 3654 1018 Michaelis
3677 961 3895 1016 milites

2231 1051 2755 1124 expellant,praelio
2792 1053 2944 1107 734
2978 1052 3370 1108 mercenarios
3402 1051 3895 1108 debellentes.Ca-

2234 1143 2406 1213 piunt
2436 1146 2631 1197 autem
2663 1141 3076 1212 imperatorem
3112 1140 3590 1212 Michaelem,qui
3621 1141 3693 1194 ad
3726 1139 3886 1209 pala-

2235 1233 2317 1286 tia
2347 1233 2404 1284 in
2458 1230 2800 1285 Blachernis
2852 1232 3043 1285 fuerat
3091 1246 3226 1284 cum
3277 1235 3545 1300 Augusta
3593 1229 3778 1283 Maria
3821 1245 3890 1284 ex

2231 1319 2433 1374 Alanis
2465 1335 2693 1391 suoque
2727 1318 2846 1374 ﬁlio
2877 1318 3259 1374 Constantino
3297 1317 3889 1390 Porphyrogenitoﬁet

2231 1410 2302 1465 ad
2337 1408 2724 1464 monasticam
2757 1409 2935 1464 vitam
2969 1409 3290 1463 traducunt
3321 1408 3392 1462 ad
3423 1405 3615 1463 Studii
3655 1423 3887 1462 monas~

2232 1497 2469 1565 terium,
2505 1513 2633 1552 cum
2665 1497 2764 1554 vili
2785 1499 3057 1568 jumento
3091 1496 3668 1562 transmissum,cum
3699 1511 3884 1551 annos

2230 1605 2332 1643 sex
2369 1587 2742 1659 imperasset,
2794 1588 2997 1642 eodem
3050 1587 3310 1642 Sabbato
3361 1602 3477 1658 quo
3529 1603 3563 1640 a
3609 1585 3884 1641 ﬁdelibus

2232 1676 2580 1732 miraculum
2615 1676 2812 1733 Lazari
2846 1675 3196 1732 celebratur.
3227 1677 3295 1730 Et
3326 1674 3694 1730 constituunt
3738 1691 3884 1746 prae-

2229 1766 2413 1822 fectos
2445 1765 2546 1838 qui
2577 1765 2899 1821 continenti
2934 1765 3247 1836 imperent,
3275 1764 3420 1836 quin
3473 1764 3651 1820 etiam
3701 1764 3887 1818 drun-

446 1851 717 1908 λάττουσι
765 1850 907 1927 βίον,
938 1854 1008 1923 τῇ
1062 1857 1159 1908 τοῦ
1212 1850 1478 1908 Στουδίου
1540 1854 1654 1925 μετ’
1713 1852 1965 1915 εὐτελοῦς
2018 1857 2115 1907 τοῦ

2231 1855 2454 1926 garium
2485 1855 2696 1910 classis
2729 1859 2969 1912 creant-
3007 1868 3025 1924 ς

454 1940 768 2015 ὑποζυγίου
868 1935 1325 2016 παραπέμψαντες
1435 1946 1597 2017 μονῇ»

453 2031 696 2105 Λαζάρῳ
725 2031 1137 2105 θαυματουργία
1175 2032 1321 2107 παρὰ
1364 2035 1474 2086 τῶν
1548 2036 1756 2087 πιστῶν
1843 2032 2150 2104 ἒορτάζεται

1701 1945 2126 2018 μοναρχήσαντα
2204 1944 2439 2018 χρόνους
2510 1939 2584 2012 ἕξ,
2642 1942 2694 1997 ἐν
2773 1941 2920 2013 αὐτῷ
2977 1946 3056 2014 τῷ
3112 1936 3382 2013 Σαϐϐάτῳ
3437 1943 3548 2013 (44)
3599 1940 3644 2010 ᾧ
3694 1940 3728 2008 ἡ
3791 1938 3885 1993 ἐπ-

2238 2033 2351 2104 (45)
2387 2051 2398 2063 '

2485 2031 2575 2086 καὶ
2659 2035 2991 2106 προῖστῶσιν
3058 2029 3234 2106 ἀρχὰς
3292 2029 3385 2091 τάς
3435 2049 3494 2082 τε
3545 2027 3631 2082 ἐπὶ
3687 2027 3882 2102 ξηρᾶς,

457 2116 608 2173 ἂλλά
636 2120 745 2191 μῆν
769 2118 860 2173 καὶ
892 2125 990 2188 τῆς
1022 2118 1297 2190 θαλάσσης
1328 2117 1690 2196 δρουγγάριον
1719 2125 1816 2174 τοῦ
1849 2119 2045 2175 στόλου
2076 2114 2549 2195 προϐαλλόμενοι.

525 2204 682 2264 Οὕτω
726 2204 782 2262 ’δὲ
832 2211 940 2263 τῶν
990 2209 1126 2262 κατά
1182 2208 1280 2276 τὴν
1335 2207 1497 2263 πόλιν
1548 2208 1883 2284 πραγμάτων
1943 2229 2102 2285 φερο-

468 2295 634 2368 μένων
691 2296 840 2370 παρά
881 2302 1055 2350 πᾶσαν
1144 2294 1474 2373 προσδοκίαν
1557 2302 1654 2353 τοῦ
1727 2319 1786 2352 τε
1841 2296 2108 2374 βασιλέως

458 2385 884 2458 καθαιρεθέντος,
938 2386 966 2440 ὁ
1014 2386 1374 2456 Βοτανειάτης
1417 2396 1694 2451 πεποιθώς
1747 2387 1948 2462 ἐχώρει
1975 2386 2109 2460 πρὶς

451 2474 514 2528 τὸ
575 2475 895 2543 Βυζάντιον,
941 2473 1271 2548 ἀναίμακτον
1330 2474 1510 2552 ὥσπερ
1569 2471 1975 2549 ἀπολάμϐάνων
2006 2476 2106 2543 τὴν

448 2563 634 2638 ἆρχὴν
680 2570 779 2632 τῆν
833 2563 1229 2639 αὐτοκράτορα,
1279 2565 1324 2619 εἰ
1379 2566 1469 2620 καὶ
1528 2565 1688 2628 αὐτὸς
1747 2566 1878 2638 πρὸς
1931 2564 2110 2639 μάχας

445 2652 538 2706 καὶ
600 2651 883 2725 πολέμους
941 2650 1312 2723 διεσκευάζετο
1369 2655 1459 2709 καὶ
1514 2656 1576 2709 τὸ
1639 2656 1727 2709 ὑπ’
1785 2655 1942 2709 αὐτὸν
1982 2675 2110 2708 συν-

450 2742 663 2816 εκρότει
687 2741 1096 2816 στρατιωτικόν.
1129 2743 1187 2800 Ὀ
1237 2739 1294 2796 δὲ
1339 2741 1636 2818 λογοθὲτης
1669 2743 1983 2821 Νικηφόρος
2021 2743 2110 2797 καὶ

456 2831 485 2884 ὁ
517 2830 719 2885 τούτου
746 2830 1116 2907 ὁμοιότροπος
1150 2825 1316 2885 Δαϐίδ
1348 2831 1482 2906 πρὸς
1513 2830 1739 2905 ἑσπέραν
1771 2831 2111 2906 ἐξώρμησαν,

448 2920 545 2974 καὶ
602 2914 1084 2994 καταλαμϐάνουσι
1139 2918 1449 2976 Ῥουσέλιον
1503 2920 1552 2976 ἐν
1609 2921 1901 2994 Ἡρακλείᾳ
1953 2920 2110 2976 αύλι-

450 3008 689 3082 ζόμενον
734 3009 824 3063 καὶ
869 3010 938 3064 τὰ
980 3015 1078 3078 τῆς
1147 3014 1253 3064 τῶν
1306 3008 1618 3066 ἀντιπάλων
1659 3010 1815 3080 νίκης
1870 3010 1948 3083 τῷ
1996 3014 2111 3082 Οεῷ

449 3100 799 3174 χαριστήρια
850 3098 1067 3164 θύοντα.
1128 3099 1194 3156 Οἱ
1255 3096 1313 3154 δὲ
1365 3106 1468 3168 τῆς
1526 3097 1745 3161 πόλεως
1806 3098 1894 3154 ἐπὶ
1933 3101 2111 3175 τρισὶν

448 3186 698 3263 ήμέραις
749 3187 815 3242 τὰ
871 3187 1135 3264 ἀνάκτορα
1187 3189 1310 3263 ἄτερ
1366 3187 1633 3264 βασιλέως
1683 3191 2114 3262 συντηρήσαντες

441 3277 742 3352 γράμμασι
770 3275 861 3330 τὸν
895 3277 1256 3348 Βοτανειάτην
1293 3274 1636 3346 διαναστῆναι
1677 3277 1766 3331 καὶ
1807 3275 1983 3332 ἐλθεῖν
2014 3298 2114 3332 τα-

445 3367 758 3441 χινώτερον
790 3359 1068 3423 ἔσπευδον.
1104 3363 1330 3440 Σπουδῇ
1373 3363 1430 3420 δὲ
1478 3365 1555 3428 εἰς
1588 3367 1882 3441 Πραίνετον
1922 3366 2114 3443 ἀφικό-

448 3475 641 3530 μενος,
676 3449 768 3508 ἔνα
795 3459 902 3510 τῶν
934 3453 1026 3525 σὺν
1059 3453 1208 3528 αύτῷ
1258 3453 1427 3531 ἄνδρα
1465 3460 1709 3530 γενναῖον
1759 3456 1847 3510 καὶ
1879 3454 2113 3530 δραστῆ-

445 3564 568 3620 ριον
601 3543 931 3606 ἀποστείλας
966 3542 1199 3620 Βορίλον
1232 3545 1322 3599 τὸν
1359 3545 1550 3599 ἑαυτοῦ
1582 3542 1804 3617 δοῦλον,
1837 3550 2021 3619 κρατεῖ
2048 3546 2116 3600 τὰ

445 3632 742 3707 ἀκάκτορα.
779 3634 908 3691 Μετ’
960 3631 1146 3708 ὀλίγον
1198 3631 1255 3688 δὲ
1298 3633 1388 3688 καὶ
1439 3632 1600 3697 αὐτὸς
1648 3631 1834 3688 εἶ’σεισι
1874 3635 1991 3688 κατ’
2017 3634 2113 3688 αὐ-

451 3724 552 3791 τὴν
618 3723 721 3790 τὴν
785 3721 1031 3798 μεγάλην
1094 3722 1283 3797 τρίτην
1354 3725 1487 3796 (46),
1541 3722 1632 3776 καὶ
1689 3728 1808 3786 ταῖς
1867 3726 1963 3778 τοῦ
2017 3744 2116 3778 πα-

442 3811 718 3886 τριάρχου
751 3813 911 3886 χερσὶ
967 3817 1046 3883 τῷ
1104 3811 1374 3887 βασιλικῷ
1431 3816 1734 3867 ταινιοῦται
1791 3809 2112 3884 διαδήματι.

448 3898 982 3974 Φιλοτιμησάμενος
1044 3897 1101 3955 δὲ
1163 3899 1364 3962 πάντας
1416 3899 1544 3964 τοὺς
1596 3899 1686 3954 σὺν
1746 3899 1893 3972 αὐτῷ
1947 3899 1999 3954 ἔν
2058 3921 2117 3954 τε

457 3986 662 4059 δώροις
707 3988 797 4042 καὶ
847 3990 1088 4062 κτήμασι
1141 3987 1230 4043 καὶ
1288 3988 1582 4061 ἀξιώμασι,
1631 3987 1720 4043 καὶ
1768 3987 1895 4050 τοὺς
1945 3987 2116 4064 Τούρ-

457 4097 590 4136 κους
635 4073 689 4131 Si
738 4075 1156 4150 ἐσκηνωμένους
1203 4077 1340 4132 κατὰ
1389 4078 1488 4146 τήν
1542 4078 1894 4152 Χρυσόπολιν
1954 4077 2116 4156 φιλο-

453 4167 890 4240 φρονησάμενος,
933 4170 1042 4220 τῶν
1093 4164 1280 4222 ἄλλων
1334 4165 1669 4241 πραγμάτων
1702 4169 1799 4234 τῆς
1837 4166 2117 4241 βασιλείας

447 4255 721 4332 ἐφήψατο.
782 4257 964 4317 Ηάσας
1007 4253 1064 4309 δὶ
1118 4256 1213 4318 τὰς
1255 4252 1596 4328 δημοσιακὰς
1651 4253 1874 4332 ὀφειλάς
1907 4255 2116 4330 ῥιζόθεν

443 4343 740 4416 ἀπέτεμεν,
783 4345 846 4398 οὐ
882 4344 1016 4418 μετὰ
1073 4341 1534 4419 προσδιορισμοῦ,
1585 4342 1734 4399 ἀλλά
1788 4337 2115 4414 συλλήϐδην

445 4433 669 4487 πάντων
701 4437 808 4488 τῶν
841 4432 1056 4508 χρόνων
1108 4435 1273 4506 ὁμοῦ,
1319 4434 1394 4495 ὡς
1443 4430 1573 4506 μηδ’
1620 4431 1796 4506 ὅνομα
1841 4431 2048 4487 τούτων
2077 4431 2114 4502 ἤ

2291 2215 2434 2266 Cum
2458 2211 2518 2266 in
2540 2211 2647 2266 hoc
2669 2214 2829 2266 statu
2865 2213 3070 2281 praeter
3099 2225 3336 2266 omnem
3361 2207 3880 2280 exspectationem-

2221 2311 2592 2356 versarenlur
2622 2316 2714 2355 res
2747 2300 2910 2354 urbis
2941 2304 2996 2354 et
3027 2299 3349 2370 imperator
3379 2298 3691 2353 abdicatus
3722 2301 3879 2351 esset

2224 2389 2489 2460 imperio,
2509 2389 2837 2444 Botaniates
2870 2387 3084 2443 ﬁducia
3115 2386 3324 2458 plenus
3357 2385 3695 2458 Byzantium
3733 2402 3875 2441 cou-

2224 2479 2689 2550 lendebat,quasi
2723 2477 2848 2534 sine
2879 2477 3168 2548 sanguine
3196 2473 3541 2547 accepturus
3570 2491 3876 2530 summum

2223 2567 2560 2639 imperium,
2592 2565 2829 2622 tametsi
2860 2566 2986 2638 ipse
3019 2565 3092 2621 ad
3133 2581 3360 2637 pugnas
3391 2568 3446 2619 et
3472 2563 3672 2635 praelia
3700 2581 3871 2635 para-

2223 2661 2321 2710 tus
2352 2660 2494 2725 erat,
2528 2660 2585 2710 et
2616 2653 2832 2709 milites
2865 2671 3011 2726 quos
3051 2653 3303 2708 habebat
3348 2653 3765 2707 cohortabatur
3810 2655 3874 2706 ut

2223 2743 2480 2818 prompti
2512 2761 2578 2798 ac
2610 2744 2794 2814 parati
2830 2747 3048 2798 essent.
3083 2742 3446 2814 Nicephorus
3478 2746 3672 2795 autem
3707 2739 3873 2811 logo-

2222 2833 2469 2895 theta,et
2499 2834 2626 2903 ejus
2654 2849 2885 2887 morum
2919 2831 3220 2887 studiosus
3252 2829 3536 2895 David,ad
3568 2844 3873 2902 vesperam

2225 2928 2552 2993 erupere,et
2582 2922 2652 2976 ad
2687 2922 2984 2976 l-tuselium
3019 2922 3076 2975 in
3109 2919 3383 2976 Heraclea
3413 2922 3876 2974 commorantem

2228 3011 2662 3084 perveniunt,et
2691 3016 2803 3066 Deo
2838 3010 3126 3066 sacriﬁcia
3157 3010 3216 3064 in
3250 3009 3464 3078 quibus
3489 3007 3711 3079 gratias
3743 3022 3878 3078 age-

2225 3105 2312 3154 ret
2361 3099 2433 3154 de
2484 3099 2745 3155 hostium
2792 3098 3035 3154 victoria
3079 3102 3478 3170 peragentem.
3532 3097 3694 3152 Cives
3740 3111 3876 3151 vero

2227 3205 2359 3243 cum
2394 3188 2585 3243 tribus
2616 3189 2824 3243 diebus
2857 3187 3073 3258 palatia
3104 3187 3231 3242 sine
3265 3187 3617 3257 imperatore
3647 3202 3878 3242 servas-

2224 3282 2376 3344 sent,
2409 3277 2620 3332 litteris
2651 3277 3017 3332 Botaniatem
3054 3280 3116 3331 ut
3145 3293 3322 3347 quam
3377 3275 3677 3330 celerrime
3723 3277 3880 3332 veni-

2223 3373 2310 3422 ret
2365 3367 2691 3438 urgebant;
2725 3367 2823 3438 qui
2859 3381 2992 3421 cum
3026 3365 3292 3420 adhibita
3321 3364 3620 3420 celeritate
3646 3365 3880 3420 Praene-

2222 3463 2348 3512 tum
2383 3456 2764 3527 pervenisset,
2801 3471 2982 3510 unum
3018 3471 3088 3510 ex
3116 3454 3188 3509 iis
3219 3454 3319 3526 qui
3353 3471 3486 3508 cum
3521 3454 3649 3525 ipso
3681 3459 3876 3523 erant,

2221 3545 2414 3600 virum
2448 3560 2798 3616 generosum
2832 3547 2890 3598 et
2920 3547 3226 3599 strenuum
3275 3543 3330 3597 in
3365 3543 3540 3598 rebus
3567 3542 3879 3614 gerendis,

2227 3635 2408 3703 misit,
2440 3633 2691 3689 Borilum
2724 3649 2897 3689 suum
2932 3631 3307 3697 familiarem,
3340 3631 3438 3702 qui
3472 3631 3688 3703 palatia
3712 3648 3881 3688 occu-

2227 3724 2402 3796 pavit,
2419 3740 2486 3778 ac
2520 3722 2692 3794 paulo
2726 3727 2858 3792 post
2889 3721 3015 3792 ipse
3047 3738 3280 3793 quoque
3314 3720 3643 3792 ingreditur
3672 3721 3877 3776 eadem

2227 3829 2442 3883 magna
2498 3813 2670 3867 tertia
2722 3811 2869 3866 735
2931 3811 3044 3879 die,
3096 3814 3153 3864 et
3207 3809 3554 3881 patriarchae
3603 3810 3879 3865 manibus

2225 3903 2597 3974 imperatoris
2631 3901 2963 3956 diademate
2991 3905 3321 3956 coronatur.
3356 3900 3693 3971 Omnesque
3740 3916 3879 3955 suos

2227 3993 2396 4047 donis
2448 3997 2505 4046 et
2554 3989 3032 4062 possessionibus
3082 3996 3428 4060 prosecutus
3472 3992 3648 4058 atque
3695 3987 3879 4042 hono-

2229 4081 2413 4146 ribus,
2464 4085 2520 4136 et
2566 4081 2787 4134 Turcos
2840 4079 2979 4132 item
3026 4079 3096 4132 ad
3148 4077 3555 4149 Chrysopolim
3612 4094 3881 4132 commo-

2227 4175 2423 4225 rantes
2456 4167 2702 4238 benigne
2736 4165 3062 4238 amplexus,
3110 4165 3256 4222 alias
3304 4182 3396 4221 res
3447 4165 3515 4219 ad
3565 4165 3881 4236 imperium

2227 4259 2586 4331 pertinentes
2637 4272 2957 4328 aggressus
3007 4258 3113 4323 est,
3146 4271 3438 4326 omneque
3469 4253 3768 4327 publicum
3803 4271 3881 4310 ass

2227 4347 2480 4403 alienum
2513 4345 2757 4400 sustulit
2789 4343 3092 4410 radicitus,
3145 4360 3257 4398 non
3313 4344 3651 4415 praescripto
3683 4342 3880 4414 aliquo

2226 4442 2509 4508 tempore,
2543 4436 2638 4490 sed
2687 4433 3127 4505 comprehensis
3171 4432 3351 4488 simul
3401 4433 3680 4489 omnibus
3729 4436 3878 4487 tem-

449 4524 687 4595 μνήμην
741 4521 1075 4594 εύρίσκεσθαι
1137 4522 1174 4592 ἤ
1236 4521 1695 4595 μνημονεύεσθαι.
1760 4521 1911 4578 Ἐπεὶ
1973 4518 2029 4574 δὲ
2087 4522 2115 4577 ὁ

2231 4525 2489 4598 poribus,
2526 4524 2606 4579 ita
2640 4529 2703 4578 ut
2733 4539 2921 4593 neque
2949 4539 3174 4577 nomen
3208 4522 3396 4594 ipsius
3443 4528 3546 4576 aut
3594 4521 3880 4576 memoria

449 4611 748 4686 Βρυέννιος
805 4611 957 4672 ἐκτὸς
1030 4605 1103 4664 ὤν
1176 4612 1242 4665 τά
1314 4613 1413 4679 τῆς
1475 4609 1757 4683 Ἐσπερίας
1817 4609 1980 4665 ἐκύκα
2026 4611 2116 4664 καὶ

449 4698 794 4768 συνεκλόνει,
827 4697 1108 4756 στέλλεται
1156 4700 1293 4774 πρὸς
1341 4699 1501 4754 αὐτὸν
1556 4694 1811 4774 πρεσϐεία
1854 4699 2114 4776 βασιλική

449 4789 891 4864 ἀπαγγέλλουσα
928 4789 1179 4864 μεθέσθαι
1232 4791 1325 4864 μὲν
1375 4791 1476 4859 τήν
1532 4788 1731 4865 ἄλογον
1779 4791 1981 4864 ὁρμὴν,
2014 4791 2115 4859 τὴν

455 4875 516 4934 δὶ
555 4883 655 4934 τοῦ
698 4879 964 4956 Καίσαρος
1009 4875 1248 4935 λαϐόντα
1283 4879 1462 4955 τύχην
1509 4886 1699 4949 στῆναι
1755 4880 1857 4948 τὴν
1917 4875 2112 4953 ὄρεξιν.

2228 4615 2600 4686 reperiretur.
2637 4613 2767 4677 ,Scd
2819 4629 2953 4666 cum
3002 4612 3331 4683 Bryennius
3383 4610 3522 4665 l‘oris
3571 4627 3663 4666 res
3715 4611 3877 4666 Occi-

2229 4704 2421 4759 dentis
2478 4701 2850 4773 perturbaret
2906 4705 2964 4755 et
3023 4703 3432 4766 commoveret,
3493 4698 3751 4753 mittitur
3803 4699 3877 4754 ad

2226 4793 2422 4864 ipsum
2455 4791 2527 4846 ab
2556 4791 2907 4861 imperatore
2938 4787 3170 4859 legatio,
3219 4805 3344 4857 quae
3393 4787 3768 4842 denuntiaret
3815 4790 3880 4842 ut

2227 4897 2260 4936 a
2300 4879 2613 4936 temerario
2663 4879 2894 4949 incepto
2946 4877 3256 4932 desisteret
3286 4880 3343 4931 et
3370 4879 3608 4947 accepta
3633 4875 3880 4931 Cesaris

1778 5061 2026 5118 JACOBI
2065 5061 2285 5119 GOARI
2324 5060 2554 5117 ΝΟΤίΕ.

457 5203 719 5282 ϐατήρια.
777 5207 1076 5264 Cedrenus
1143 5199 1499 5278 ἐπιϐατήριον
1569 5205 1740 5282 εύχήν
1809 5210 2116 5264 orationem

458 5279 882 5348 inauguratum
912 5282 1090 5350 primo
1119 5282 1512 5351 imperatorem
1540 5279 1794 5348 felicibus
1824 5281 1958 5334 votis
1988 5295 2114 5350 pro-

460 5363 777 5440 teguenlcm
810 5351 1067 5440 scripsit.
1095 5352 1377 5440 Synes’i‘us
1426 5367 1656 5440 quq’que
1704 5351 2050 5440 lSpisth'Lvu
2100 5369 2113 5406 :

459 5416 623 5481 Οὕτω
671 5426 892 5495 πικροῖς
934 5416 1086 5495 ἠμᾶς
1134 5416 1170 5491 ἦ
1219 5419 1386 5495 πόλις
1433 5416 1810 5495 ἐπιϐατηρίοις
1868 5419 2115 5492 ἐξένισεν.

456 5496 567 5552 Hic
602 5498 697 5548 τοῦ
748 5487 1170 5570 Εύςγγελισμοῦ
1215 5487 1546 5570 ἐπιϐατήρια
1593 5487 1734 5550 sunt
1780 5487 1941 5549 sacrit
1990 5495 2120 5565 festi

455 5567 921 5623 Annuntiationii
952 5570 1121 5623 initia
1157 5571 1211 5622 et
1239 5567 1510 5636 auspicia.

533 5641 648 5710 (44)
681 5639 1008 5712 Sabbatum
1042 5637 1189 5708 illud
1220 5635 1375 5712 apud
1427 5637 1655 5694 Graecos
1705 5635 1838 5694 festi
1889 5635 2121 5692 Palma-

460 5729 596 5768 rum
628 5710 1005 5784 pervigilium
1035 5715 1146 5768 est.

2295 5206 2406 5277 (ἥῦ)
2436 5205 2595 5260 Inter
2621 5202 2952 5277 Δεσποτικάς
2984 5202 3174 5277 ἑορτάς
3215 5202 3426 5277 σὴνίεεὶ
3476 5201 3698 5277 Domini
3743 5206 3885 5272 festa

2225 5273 2499 5332 numerat
2532 5278 2785 5332 Ecclesia
2815 5273 3120 5344 orientalis
3148 5276 3340 5330 Lazari
3375 5292 3407 5328 a
3441 5273 3692 5330 mortuis
3723 5290 3883 5331 exsu-

2228 5349 2621 5414 scitationem,
2657 5348 2826 5419 vulgo
2859 5345 3107 5418 Λαζάρου
3138 5347 3237 5414 τὴν
3270 5344 3504 5417 ἡμέραν.

2299 5422 2409 5491 (46)
2466 5423 2638 5475 Tertia
2683 5416 2883 5474 ,ςαῆσιεε
2917 5416 3276 5491 hebdomadas
3306 5419 3449 5488 feria
3480 5435 3498 5471 :
3531 5416 3692 5491 i_llius
3725 5420 3883 5474 enim

2230 5489 2636 5564 feriae‘cunctae
2670 5489 3145 5564 Οτωοὶεμεγάλαι
3199 5491 3496 5564 dicuntur.
3540 5489 3791 5564 Zonaras
3823 5491 3883 5564 in

2229 5563 2613 5636 Constantino
2646 5564 2855 5636 Leonis
2887 5560 3183 5636 sapientis
3213 5562 3332 5618 ﬁlio
3368 5579 3380 5617 :
3412 5560 3563 5615 Κατά
3591 5562 3692 5630 τήν
3734 5561 3880 5636 ἱεράν

2228 5641 2330 5705 τῆς
2365 5632 2608 5710 μεγάλης
2636 5631 2892 5706 πέμπτης
2923 5631 3153 5709 ἡμέραν.
