4122 6438
261 327 376 390 467

1586 320 1914 384 JOANNIS
1960 320 2365 382 SCYLITZAE

3599 317 3724 380 468

267 457 556 530 dignitate
585 454 976 526 cupiditatem
1012 453 1448 526 comprimeret,
1481 457 1538 509 et
1566 470 1767 510 eorum
1821 453 1920 525 qui

2058 451 2336 524 [ἐπεκύρου
2368 448 2424 505 δὲ
2454 449 2542 505 καὶ
2573 447 2668 512 τάς
2708 450 2873 523 τιμὰς
2914 454 3032 510 τοῖς
3062 447 3154 504 σὺν
3205 451 3365 522 αὐτῷ
3396 447 3729 520 ἀποπατή-

278 563 410 604 cum
446 547 575 618 ipso
609 545 941 600 defecerant
971 542 1225 598 honores
1275 547 1435 598 ratos
1485 560 1614 598 esse
1663 559 1928 611 compro-

266 638 457 693 baret.
489 635 595 690 Sed
631 634 730 690 ubi
764 632 974 689 adduci
1013 649 1128 687 non
1163 634 1376 704 potuit,
1419 637 1475 688 et
1521 632 1580 687 in
1631 632 1929 706 proposito

264 724 669 799 permanebat,
696 728 871 794 atque
896 721 1188 792 superbus
1211 722 1463 792 imperio
1487 723 1731 778 minime
1762 722 1928 778 cede-

263 817 384 881 bat,
413 830 604 884 neque
630 812 988 883 principatu,
1024 811 1196 880 cujus
1230 809 1477 864 minime
1506 827 1747 882 compos
1785 814 1928 880 erat,

267 903 522 960 mittitur
551 901 686 957 item
721 900 906 955 altera
938 898 1172 972 legatio,
1211 915 1338 970 quae
1374 898 1574 955 itidem
1610 915 1670 954 re
1711 897 1930 954 infecta

273 991 794 1062 rediit.Postquam
828 989 1006 1045 etiam
1037 989 1209 1043 tertia
1243 988 1478 1044 advenit
1508 987 1932 1061 legatio,misso

277 1081 543 1136 Romano
610 1079 798 1149 primo
862 1075 1110 1148 praeside
1165 1082 1223 1132 et
1281 1093 1494 1149 magno
1548 1076 1933 1132 heteriarcba

270 1169 746 1234 Straboromano,
790 1182 982 1237 neque
1029 1164 1192 1220 illam
1245 1166 1528 1233 admittit,
1581 1166 1682 1221 sed
1735 1167 1933 1237 potius

277 1258 579 1315 hominem
625 1254 1020 1328 ignominiose
1071 1255 1301 1326 accipit,
1357 1271 1473 1310 non
1527 1259 1810 1326 tanquam
1861 1256 1931 1310 ab

271 1349 629 1419 imperatore
655 1345 755 1400 sed
788 1344 957 1416 quasi
991 1361 1024 1399 a
1056 1342 1222 1400 ducis
1253 1343 1506 1414 alicujus
1548 1345 1738 1417 legato
1789 1345 1929 1401 mis-

273 1452 432 1506 sum,
465 1433 734 1507 quamvis
766 1437 1205 1488 sacrosanctum
1239 1449 1449 1504 corpus
1479 1433 1655 1505 legati
1686 1432 1936 1488 habetur

271 1525 361 1581 vel
395 1525 550 1595 apud
583 1522 848 1578 inﬁdeles
880 1522 1040 1594 ipsos
1090 1521 1259 1594 quasi
1309 1522 1470 1594 pacis
1520 1527 1836 1594 proxeneta
1877 1527 1936 1576 et

287 1612 680 1687 pugnantium
713 1610 1054 1666 conciliator
1084 1609 1548 1683 bellicarumque
1577 1610 1932 1666 seditionum

284 1702 584 1774 depulsor.
620 1701 782 1756 Tunc
815 1700 992 1756 etiam
1027 1699 1266 1756 fortuito
1296 1700 1507 1756 cecidit
1537 1700 1808 1774 Bryennii
1848 1703 1934 1755 ta-

284 1791 696 1857 bernaculum,
730 1793 882 1845 tecto
931 1789 1121 1861 ipsius
1172 1807 1206 1845 a
1255 1789 1528 1846 manibus
1578 1807 1705 1861 quae
1755 1788 1935 1845 videri

285 1880 614 1952 nequibant
648 1879 799 1934 786
830 1877 1282 1933 eversa.Accidit
1314 1879 1453 1933 item
1484 1878 1635 1933 lunae
1668 1878 1934 1945 defectio,

287 1987 415 2042 quae
444 1969 514 2025 ad
543 1968 741 2040 ipsum
774 1967 1050 2038 respexit,
1080 1966 1370 2038 siquidem
1418 1967 1542 2022 bam
1590 1983 1940 2024 consuevere

289 2063 356 2114 ut
369 2058 693 2132 plurimum
709 2060 1094 2128 tyrannorum
1108 2056 1438 2112 eversiones
1464 2056 1942 2130 praesigniﬁcare,

291 2146 790 2220 quemadmodum
823 2145 862 2199 ii
889 2144 989 2215 qui
1021 2144 1079 2198 in
1109 2147 1402 2200 astrorum
1436 2145 1648 2217 nugaci
1687 2146 1944 2201 vanitate

291 2240 602 2290 versantur
625 2235 927 2289 declarant
948 2237 1004 2287 et
1030 2233 1732 2303 vaticinantur.,'Reverso
1764 2233 1946 2304 igitur

288 2324 742 2380 Straboromano
793 2339 852 2376 re
898 2322 1135 2391 infecta,
1169 2321 1376 2377 bellica
1405 2323 1607 2377 munia
1633 2338 1945 2395 aggressus

288 2420 381 2472 est
414 2415 755 2487 imperator,
789 2418 846 2468 et
879 2413 1159 2469 adversus
1209 2415 1403 2486 ipsum
1456 2415 1733 2471 instruxit
1783 2431 1944 2470 exer-

287 2506 496 2570 citum,
522 2521 586 2560 ac
621 2503 849 2558 ﬁduciae
884 2502 1095 2574 plenus
1129 2502 1290 2558 illius
1321 2504 1761 2561 demolitionem
1801 2521 1946 2577 prae—

294 2594 534 2649 dicavit.
568 2593 938 2648 Celebratum
991 2591 1146 2646 enim
1195 2592 1551 2648 elementum
1601 2594 1647 2648 N
1701 2593 1952 2665 simplex

297 2685 530 2738 tantum
558 2687 614 2737 et
637 2699 749 2736 non
774 2679 989 2752 duplex
1013 2698 1045 2734 a
1074 2682 1304 2735 vatibus
1333 2683 1730 2754 spectabatur.
1767 2688 1951 2753 Atque

297 2772 478 2827 etiam
502 2771 710 2826 ducem
736 2769 1062 2840 praeﬁciens
1086 2786 1268 2824 unum
1293 2786 1360 2825 ex
1393 2769 1749 2841 illustribus,
1785 2770 1950 2826 nobi-

294 2859 597 2916 lissimum
621 2857 886 2914 Alexium
919 2860 1594 2931 Comnenum,magnum
1629 2861 1820 2930 ipsum
1851 2861 1951 2916 do-

305 2948 618 3003 mesticum
650 2947 977 3014 declarans,
1001 2947 1098 3018 qui
1134 2946 1435 3002 Ruselium
1459 2948 1760 3020 ingeniose
1791 2949 1955 3020 prius

305 3037 639 3108 subegerat,
674 3037 954 3090 adversus
986 3035 1337 3106 Bryennium
1394 3036 1592 3104 mittit,
1645 3038 1958 3108 prudentia

301 3131 358 3181 et
390 3125 603 3181 mentis
645 3123 969 3180 stabilitate
1016 3125 1417 3180 venerandum
1469 3129 1526 3181 et
1553 3127 1643 3197 :ad
1698 3125 1957 3199 pericula

2037 563 2210 597 σασιν.
2247 543 2330 614 [Ρ.
2363 543 2491 614 863]
2516 541 2577 598 Ὁ
2609 537 2668 594 δὲ
2715 540 2976 614 ἄτεγκτος
3026 541 3116 608 ἦν,
3146 540 3237 593 καὶ
3269 539 3596 614 ἀτεράμων,
3629 540 3723 594 καὶ

2037 631 2402 706 ὕπερήφανος,
2434 629 2526 684 καὶ
2573 635 2674 699 τῆς
2727 627 3006 704 βασιλείας
3055 630 3130 702 μή
3176 627 3543 702 ἐξιστάμενος
3582 625 3729 699 μηδε

2035 725 2144 775 τῶν
2187 719 2470 794 πρωτείων
2519 722 2871 794 παραχωρῶν
2929 715 3005 772 ὧν
3048 717 3148 773 οὐκ
3175 719 3242 787 ἦν
3274 717 3500 794 κύριος,
3549 715 3727 773 Στέλ-

2039 808 2189 866 λεται
2221 810 2308 863 καὶ
2366 806 2587 882 δευτέρα
2645 802 2905 883 πρεσϐεία
2952 807 3088 881 πρὸς
3124 806 3312 874 αὐτὸν,
3374 806 3472 861 καὶ
3503 806 3734 882 γέγονεν

2038 899 2331 974 ἄπρακτος,
2364 899 2490 955 Ἐπί
2538 897 2707 972 ταύτῃ
2761 894 2817 950 δὲ
2874 897 2964 951 καὶ
3019 897 3181 970 τρίτη
3227 891 3506 972 πρεσϐεία
3537 900 3730 974 φοιτᾷ.

2041 985 2331 1051 σταλέντος
2387 988 2675 1060 Ῥωμανοῦ
2761 983 3225 1062 πρωτοπροέδρου
3305 986 3405 1040 καὶ
3472 984 3733 1060 μεγάλου

2043 1075 2423 1152 έταιρειάρχου
2521 1069 3021 1152 Στραϐορωμανοῦ.
3104 1072 3234 1132 Οὐδ’
3326 1073 3549 1146 ἐκείνην
3636 1075 3729 1130 οὖν

2044 1163 2286 1241 δέχεται,
2341 1164 2551 1238 μᾶλλον
2619 1165 2713 1236 μὲν
2774 1163 2864 1218 οὖν
2913 1164 3002 1219 καὶ
3049 1165 3143 1219 τὸν
3173 1162 3344 1240 ἄνδρα
3377 1163 3602 1237 ἀτίμως
3637 1161 3730 1219 δέ·

2043 1275 2224 1332 χεται,
2283 1255 2372 1308 καὶ
2427 1251 2542 1308 οὐδ’
2592 1254 2667 1318 ὡς
2706 1253 2765 1308 ἐκ
2815 1251 3088 1329 βασιλέως
3120 1251 3246 1310 ἀλλ’
3284 1254 3732 1328 ὑποστρατήγου

2041 1345 2188 1406 τινὸς
2213 1341 2587 1398 ἀποσταλέντα
2621 1363 2633 1374 ·
2684 1364 2863 1397 καιτοι
2912 1342 3054 1419 ἱερὸν
3116 1343 3248 1398 εἶναι
3307 1347 3481 1415 σῶμα
3532 1343 3562 1396 ὁ
3595 1340 3731 1417 πρέ-

2044 1427 2173 1494 σϐυς
2214 1431 2528 1508 λελόγισται
2582 1431 2674 1486 καὶ
2727 1429 2874 1502 παρά
2915 1436 3036 1492 τοῖς
3093 1429 3349 1492 ἀπίστοις
3415 1430 3619 1490 αὐτοῖς
3652 1429 3728 1490 ὡς

2045 1521 2270 1598 είρήνης
2329 1521 2551 1594 μεσίτης
2617 1520 2708 1575 καὶ
2790 1517 3130 1588 διαλλάκτης
3203 1525 3316 1573 τῶν
3375 1517 3726 1592 μαχομένων

2043 1611 2133 1664 καὶ
2191 1611 2502 1680 πολεμικὰς
2582 1609 2924 1682 περιστάσεις
2998 1603 3315 1664 ἀποσοϐῶν.
3400 1609 3612 1664 Ἔπεσε
3672 1604 3730 1662 δὲ

2042 1704 2339 1771 τηνικαῦτα
2393 1699 2499 1753 ἀπὸ
2574 1699 2920 1771 ταυτομάτου
2997 1697 3086 1753 καὶ
3153 1699 3187 1767 ἡ
3255 1701 3360 1752 τοῦ
3422 1695 3723 1772 Βρυεννίου

2043 1791 2240 1860 σκηνὴ,
2293 1793 2390 1844 τοῖ’)
2433 1787 2635 1866 ὀρόφου
2709 1787 2910 1856 ταύτης
2981 1786 3393 1863 παραλυθέντος
3455 1786 3724 1861 ἀοράτοις

2047 1878 2225 1956 χερσί.
2259 1879 2452 1954 Γέγονε
2491 1875 2548 1932 δὲ
2594 1877 2684 1932 καὶ
2724 1874 2966 1950 ἔκλειψις
3019 1883 3119 1945 τῆς
3169 1874 3442 1946 σελήνης,
3486 1871 3615 1945 ἤτις
3644 1872 3722 1936 είς

2048 1967 2206 2024 αὐτὸν
2239 1967 2564 2041 ἐπέσκηψεν,
2615 1965 2730 2022 ἐπεὶ
2773 1965 2864 2021 καὶ
2921 1965 3216 2043 πεφύκασιν
3278 1965 3360 2028 ὡς
3420 1962 3628 2020 ἐπίπαν
3657 1961 3726 2018 τὰ

2048 2061 2274 2114 τοιαῦτα
2313 2055 2720 2131 τυραννούντων
2770 2057 3107 2131 καθαιρέσεις
3155 2051 3395 2126 δηλοῦν,
3445 2051 3636 2116 καθὼς
3677 2052 3734 2108 οἱ

2051 2147 2176 2223 περὶ
2219 2147 2316 2215 τὴν
2365 2149 2472 2200 τῶν
2532 2143 2770 2221 ἀστέρων
2822 2141 3127 2220 ἀδόλεσχον
3176 2142 3535 2216 ματαιότητα
3564 2162 3730 2197 κατα-

2053 2235 2329 2312 γινόμενοι
2431 2235 2827 2308 τερατεύονται.
2931 2231 3366 2297 Ἐπανελθόντος
3459 2232 3554 2287 οὗν
3635 2235 3732 2286 τοῦ

2059 2320 2540 2403 Στραϐορωμσνοῢ
2592 2323 2683 2378 καὶ
2730 2329 2831 2392 τῆς
2872 2317 3158 2398 πρεσϐείας
3203 2321 3500 2398 ἀπράκτου
3545 2321 3733 2396 μεινά-

2057 2437 2180 2485 σης,
2213 2410 2382 2489 ἔργων
2414 2412 2734 2485 πολεμικῶν
2783 2413 2811 2467 ὁ
2870 2410 3125 2487 βασιλεὺς
3167 2410 3359 2486 εἷ’χετο
3405 2411 3501 2466 καὶ
3531 2410 3618 2466 ἐπ’
3644 2409 3732 2465 αὖ·

2055 2505 2148 2559 τὸν
2186 2505 2465 2558 συνέταττε
2511 2503 2572 2557 τὸ
2623 2503 2950 2576 στράτευμα,
2997 2500 3087 2555 καὶ
3145 2500 3366 2578 θαρρῶν
3417 2503 3521 2570 τὴν
3566 2500 3731 2554 αὐτοῦ

2058 2592 2350 2648 κατάλυσιν
2423 2587 2848 2666 προηγόρευσε·
2921 2591 2984 2645 τὸ
3063 2589 3166 2666 γὰρ
3248 2588 3528 2662 ᾀδόμενον
3587 2609 3729 2644 στοι-

2061 2688 2216 2758 χεῖον
2251 2685 2362 2755 (47)
2393 2685 2489 2736 τοῦ
2539 2688 2580 2735 Ν
2630 2678 2837 2735 ἁπλοῦν
2898 2679 3062 2752 μόνον
3103 2677 3192 2734 καί
3243 2679 3307 2734 οὗ
3351 2677 3586 2734 διπλοῦν
3615 2682 3734 2740 τοῖς

2059 2775 2227 2827 ταῦτα
2267 2765 2617 2848 φοιϐάζουσιν
2670 2767 2974 2824 ἐσκοπεῖτο.
3030 2767 3129 2823 Καὶ
3186 2765 3243 2822 δὶ
3281 2767 3378 2822 καὶ
3423 2765 3730 2842 στρατηγὸν

2063 2858 2355 2928 έπιστήσας
2407 2853 2496 2913 ἕνα
2560 2863 2665 2912 τῶν
2735 2855 3072 2934 εὐπατριδῶν
3151 2858 3240 2912 τὸν
3315 2851 3726 2929 νωϐελίσσιμον

2063 2948 2306 3018 Ἀλεξιον
2361 2948 2455 3003 τὸν
2550 2948 2859 3020 Κομνηνὸν,
2940 2946 3101 3021 μέγαν
3171 2945 3338 3001 αὐτὸν
3403 2943 3724 3019 δομέστικον

2064 3034 2502 3111 προϐαλόμενος,
2537 3038 2594 3099 ὃς
2621 3038 2712 3092 τὸν
2761 3035 3072 3092 Ῥουσέλιον
3132 3034 3478 3110 εὐμηχάνως
3505 3035 3570 3090 τὸ
3600 3033 3722 3108 πρὶν

2065 3127 2420 3204 ἐχειρώσατο,
2479 3127 2616 3181 κατὰ
2663 3129 2760 3180 τοῦ
2827 3124 3112 3201 Βρυεννίου
3190 3121 3412 3202 ἀφίησι,
3470 3124 3727 3202 φρονήσει

293 3213 508 3270 bellica
541 3214 778 3269 firmum
807 3220 864 3268 et
896 3213 1281 3286 intrepidum;
1315 3215 1415 3287 qui
1447 3231 1579 3270 cum
1613 3217 1740 3271 suis
1771 3216 1948 3289 copiis

2065 3203 2153 3272 καὶ
2189 3213 2430 3277 δίανοίας
2488 3213 2854 3289 σπαθηρότητι
2911 3214 3132 3290 γερανὸν
3191 3213 3281 3268 καὶ
3344 3214 3485 3289 πρὸς
3541 3208 3722 3268 κινδύ-

295 3304 578 3360 adversus
619 3303 974 3374 Bryennium
1008 3303 1326 3373 profectus,
1357 3311 1412 3358 et
1444 3304 1502 3358 in
1536 3304 1662 3361 loco
1694 3307 1947 3378 quodam

295 3393 575 3462 Calabrya
609 3392 846 3447 nomine
878 3391 1184 3462 quiescere
1208 3393 1379 3462 jusso
1410 3394 1692 3464 exercitu,
1748 3394 1956 3448 didicit

301 3482 376 3537 ab
412 3480 880 3552 exploratoribus
913 3481 1268 3552 Bryennium
1302 3499 1335 3536 a
1365 3481 1596 3537 Mesene
1630 3483 1954 3554 profectum

305 3587 440 3625 cum
475 3569 638 3624 omni
671 3569 927 3624 exercitu
956 3571 1454 3641 appropinquare.
1488 3572 1816 3642 Statimque
1847 3589 1954 3627 no-

303 3657 631 3713 bilissimus
663 3659 883 3712 Turcos
933 3675 966 3712 a
1014 3674 1076 3712 se
1125 3657 1380 3713 delectos
1416 3659 1601 3728 jussit
1650 3677 1836 3731 usque
1884 3663 1955 3716 ad

301 3747 658 3819 Bryennium
691 3746 1014 3818 pervenire,
1049 3763 1114 3800 ac
1145 3751 1373 3801 tantum
1408 3749 1505 3801 ubi
1555 3765 1616 3802 se
1662 3750 1956 3804 ostendis-

303 3840 458 3902 sent,
491 3836 558 3890 ad
602 3851 665 3891 se
692 3835 922 3890 reverti.
959 3837 1087 3904 Ipse
1119 3838 1315 3889 autem
1349 3837 1694 3908 opportunis
1726 3837 1784 3892 in
1818 3837 1957 3894 locis

303 3924 605 3980 collooatis
664 3923 922 3989 insidiis,
976 3925 1386 3995 instructoque
1447 3929 1510 3979 ut
1567 3925 1678 3981 sibi
1737 3927 1957 3999 optime

303 4013 623 4068 videbatur
652 4012 932 4078 exercitu,
965 4013 1213 4084 Bryenni
1248 4015 1590 4069 morabatur
1619 4016 1954 4071 adventum.

305 4101 450 4157 Cum
481 4118 614 4156 vero
649 4102 819 4173 signa
848 4101 1267 4172 apparuissent
1295 4104 1599 4174 utriusque
1648 4105 1953 4172 exercitus,

305 4196 363 4246 et
393 4190 705 4246 classicum
739 4190 994 4245 clamore
1025 4189 1262 4245 sublato
1311 4191 1539 4262 utrique
1582 4193 1956 4261 cecinissent,

305 4280 521 4336 initum
553 4283 642 4335 est
677 4280 823 4334 737
872 4295 1002 4334 acre
1051 4279 1336 4350 praelium.
1388 4281 1652 4352 Cumque
1700 4289 1964 4338 cerneret

305 4369 631 4440 Bryennius
653 4384 898 4423 suarum
923 4367 1221 4439 legionum
1247 4368 1473 4424 cladem
1497 4377 1550 4425 et
1576 4372 1961 4442 perturbatio-

309 4473 442 4512 nem
475 4460 654 4529 atque
685 4455 1042 4528 periculum,
1095 4459 1421 4529 assumptis
1471 4475 1669 4514 secum
1720 4461 1961 4530 optimis

2061 3326 2187 3367 νους
2220 3302 2565 3376 πολεμικοὺς
2591 3300 2805 3379 έδραῖόν
2837 3323 2894 3358 τε
2923 3302 3014 3356 καὶ
3048 3301 3494 3375 ἀπερικτύπητον
3531 3319 3545 3332 ⁸
3578 3300 3638 3363 ’ὀς
3658 3297 3720 3366 δὴ

2061 3395 2158 3456 τὰς
2193 3391 2448 3466 δυνάμεις
2475 3391 2786 3466 ἀνειληφὼς
2834 3391 2970 3446 κατᾶ
3017 3394 3114 3445 τοῦ
3155 3392 3458 3465 Βρυεννίου
3491 3385 3719 3456 ἰϐάδιζε,

2064 3484 2154 3539 καὶ
2193 3483 2329 3558 πρὸς
2379 3483 2550 3536 τόπον
2612 3476 2937 3554 Καλαϐρύην
3001 3478 3488 3554 ἐπονομαζόμενον
3558 3477 3721 3533 διανα-

2065 3572 2253 3627 παύων
2298 3570 2388 3624 τὸν
2451 3570 2677 3645 στρατὸν
2737 3569 2902 3642 ἔμαθε
2947 3569 3092 3644 παρὰ
3148 3573 3257 3624 τῶν
3320 3572 3548 3626 σκοπῶν
3592 3563 3715 3627 ὡςό

2067 3660 2356 3736 Βρυέννιος
2406 3658 2608 3734 ἐγγίζει
2684 3663 3018 3733 πανστρατιᾷ
3062 3661 3161 3727 τῆς
3206 3659 3465 3730 Μεσύνης
3524 3657 3718 3712 ἀπαναο

2067 3750 2214 3811 στάς.
2273 3749 2372 3806 Καὶ
2428 3747 2617 3802 αὐτίκα
2679 3749 2707 3802 ὁ
2784 3741 3188 3818 νωὸελίσσιμος
3249 3746 3533 3823 τούρκους
3599 3740 3718 3800 τοὺς

2065 3840 2258 3893 ἑαυτοῦ
2289 3835 2692 3909 ἀπολεξάμενος
2737 3835 3017 3910 ἀφικέσθαι
3073 3835 3166 3908 μὶν
3217 3831 3356 3911 ἄχρι
3399 3839 3498 3891 τοῦ
3531 3835 3712 3905 Βρυεν-

2066 3926 2188 3981 νίου
2251 3926 2550 3996 ἐκέλευσεν,
2621 3921 2874 3995 ἐπίδειξιν
2944 3921 3002 3978 δὶ
3070 3923 3488 3996 ποιησάμένους
3554 3919 3710 3993 μόνην

2067 4014 2232 4071 πάλιν
2289 4013 2684 4090 ἐπαναστρέψαι
2729 4015 2864 4088 πρὸς
2929 4013 3088 4068 αὐτόν
3123 4030 3139 4046 ⁶
3182 4013 3349 4075 αὐτὸς
3411 4010 3469 4067 δὶ
3527 4009 3720 4082 λόχους

2067 4104 2120 4158 έν
2166 4103 2473 4177 ἐπικαίροις
2514 4103 2760 4176 θέμενος,
2807 4101 2896 4156 καὶ
2946 4103 3012 4156 τὰ
3059 4102 3194 4156 κατᾶ
3238 4101 3332 4156 τὸν
3388 4100 3609 4176 στρατὸν
3651 4096 3721 4154 ὡς

2070 4191 2286 4269 ἄριστον
2333 4191 2507 4248 έδόκει
2551 4190 2954 4264 διαταξάμενος,
3013 4185 3170 4264 ἔμενε
3222 4191 3326 4257 τὴν
3385 4194 3484 4246 τοῦ
3532 4191 3722 4262 Βρυεν-

2069 4283 2188 4337 νίου
2220 4281 2521 4338 έπέλευσιν.
2572 4282 2856 4336 Φανέντων
2909 4278 2966 4335 δὲ
2997 4285 3104 4334 τῶν
3139 4278 3388 4352 σημείων
3425 4283 3532 4334 τῶν
3566 4293 3724 4349 στρα-

2068 4374 2351 4444 τευμάτων
2417 4371 2646 4444 ἀμφοῖν,
2737 4372 2826 4424 καὶ
2907 4367 3290 4440 ἀλαλαξάντων
3345 4366 3608 4441 ἑκατέρων
3664 4361 3722 4414 τὸ

2073 4459 2346 4528 ἐνυάλιον,
2405 4459 2651 4532 πόλεμος
2702 4457 2925 4528 συνέστη
2997 4458 3280 4532 κρατερός.
3321 4459 3415 4519 Ὠς
3475 4454 3532 4510 δὶ
3588 4451 3721 4524 έώρο

307 4544 491 4617 copiis
515 4545 636 4617 ipse
662 4561 764 4617 per
785 4558 846 4599 se
869 4549 1162 4599 certamen
1188 4547 1258 4600 de
1284 4563 1517 4602 summa
1554 4565 1749 4603 rerum
1783 4549 1948 4604 susti-

2073 4551 2101 4603 ὁ
2130 4549 2413 4623 Βρυέννιος
2450 4552 2557 4603 τῶν
2612 4549 2808 4602 ἑαυτοῦ
2853 4548 3149 4622 ταγμάτων
3198 4547 3296 4614 τὴν
3348 4547 3516 4616 ἧτταν
3546 4536 3721 4596 καὶτὸ

2133 4640 2155 4650 Α
2271 4633 2300 4650 Δ
2398 4637 2408 4650 Ι
2610 4637 2623 4650 ι
2778 4634 2797 4650 \
2885 4637 2897 4650 ι
3059 4635 3072 4650 \
3303 4633 3315 4650 Ι
3534 4636 3559 4646 -
3640 4625 3721 4650 ,ΧΑ

305 4635 504 4701 nebat,
539 4638 596 4689 et
628 4639 866 4689 strenue
913 4649 1130 4688 munus
1182 4635 1412 4704 obibat;
1463 4637 1634 4708 cujus
1683 4641 1957 4693 conatum

306 4723 686 4796 imperatoris
745 4721 966 4777 milites
1017 4723 1458 4794 propulsarunt.
1512 4726 1657 4781 Cum
1711 4743 1844 4782 vero
1889 4728 1959 4783 de

301 4812 546 4869 victoria
575 4811 808 4884 utrique
840 4811 1149 4867 ambitiose
1190 4816 1632 4882 contenderent,
1657 4815 1958 4873 horribilis

2068 4633 2507 4713 τεθορυϐημένον
2541 4637 2627 4691 καὶ
2669 4634 2957 4711 σφαλερὸν,
3016 4635 3110 4697 τὰς
3158 4633 3449 4710 κρατίστας
3493 4636 3600 4687 τῶν
3633 4625 3722 4681 σὺν

2069 4727 2216 4799 αὐτῷ
2267 4725 2548 4799 δυνάμεων
2627 4725 2938 4794 συνηλικὼς
3006 4724 3165 4786 αὐτὸς
3242 4723 3314 4778 δι’
3389 4723 3581 4779 ἑαυτοῦ
3630 4715 3719 4770 τὸν

2071 4817 2203 4894 ὑπὲρ
2256 4821 2364 4871 τῶν
2439 4814 2584 4871 ὅλων
2657 4815 2838 4888 ἀγῶνα
2914 4813 3220 4888 έκρότησεν.
3296 4807 3718 4886 ’Λπεκρούσαντο

1616 4969 1870 5026 JACOBI
1911 4969 2135 5026 GOARI
2175 4970 2409 5026 NOTIE.

381 5081 491 5151 (57)
518 5081 636 5137 Vox
659 5083 1146 5156 ambigua,quam
1171 5098 1286 5137 non
1314 5084 1645 5140 elementum
1677 5086 1851 5140 modo
1876 5085 1963 5141 vel

312 5153 573 5232 litteram,
635 5157 735 5232 sed
804 5153 1000 5232 potius
1067 5157 1277 5232 fatum,
1331 5165 1547 5232 sortem,
1607 5159 1963 5221 vaticinium,

307 5227 554 5292 genium,
603 5227 975 5290 portendendi
1022 5230 1133 5279 vim
1182 5234 1233 5279 et
1261 5241 1418 5280 omen
1453 5229 1666 5283 referre
1698 5246 1813 5283 non
1849 5245 1964 5283 uno

307 5293 433 5346 loco
466 5299 733 5349 notatum
765 5303 854 5350 est
888 5298 944 5350 in
972 5297 1321 5351 Cedrenum.
1357 5304 1604 5353 Auctore
1635 5315 1768 5354 vero
1817 5317 1963 5354 nus-

311 5380 504 5441 qu_am_
548 5367 842 5421 scribente
890 5367 951 5419 τὸ
981 5387 1025 5441 ,ν
1076 5373 1373 5441 στοιχεῖον,
1425 5387 1625 5425 verum
1689 5375 1962 5441 στοιχεῖον

305 5437 402 5485 τοῦ
433 5435 558 5512 v.in_
582 5441 845 5512 secundo
876 5439 1070 5512 potius
1102 5435 1277 5510 quam
1315 5435 1369 5494 in
1407 5442 1592 5510 primo
1628 5435 1960 5512 significatu

310 5507 665 5581 sumendum
698 5507 975 5578 conjicio;
1011 5507 1256 5581 ejusque
1291 5507 1456 5566 mens
1488 5518 1576 5567 est
1612 5507 1749 5568 tusc.
1782 5517 1826 5566 Α
1859 5531 1963 5570 su-

309 5578 645 5656 perstitiose
677 5578 1321 5656 nominum‘Nicepbori
1355 5590 1412 5638 et
1447 5585 1718 5656 Bryennii
1751 5586 1820 5640 de
1851 5586 1962 5640 im-

309 5650 468 5717 perio
500 5650 926 5707 decertantium
957 5650 1186 5708 litteras
1214 5650 1625 5724 primordiales
1657 5657 1702 5711 N
1725 5662 1780 5712 et
1804 5661 1844 5710 Β
1865 5659 1962 5714 ob-

2077 5087 2471 5152 servantibus,
2505 5085 2660 5157 quod
2695 5083 2987 5157 fataleiest
3013 5087 3069 5139 et
3101 5087 3437 5157 portentum
3468 5081 3526 5135 in
3556 5074 3603 5130 N
3635 5085 3727 5157 aa:

2077 5159 2187 5230 seri
2245 5143 2571 5230 praevalere
2595 5157 2714 5211 fatu
2744 5158 2840 5208 τοῦ
2875 5156 2938 5222 Β,
2970 5171 3036 5230 eo
3068 5143 3483 5230 q‘uodigenius,
3518 5160 3642 5230 sors
3664 5143 3723 5230 ft

2076 5218 2260 5284 latum
2289 5233 2377 5302 rip
2401 5234 2454 5302 VA
2477 5228 2810 5302 alligatum,
2860 5218 2934 5281 ut
2974 5218 3722 5302 εμὶλθμώθηᾲῐῗὶρεὶιιέι,μοιιέ

2074 5307 2302 5357 rectum
2337 5292 2480 5370 sit,B
2512 5292 2643 5355 vero
2675 5292 2928 5370 obduos
2956 5298 3167 5370 gibbos
3196 5299 3255 5354 in
3278 5292 3720 5370 rectamlineatl}

2078 5379 2323 5428 retortos
2355 5363 2606 5428 int'elicis
2655 5369 2892 5442 ominis.
2951 5363 3163 5442 Mirum
3216 5388 3387 5442 porro
3435 5363 3716 5442 quant-ul,“

2074 5445 2456 5516 superstiosis
2499 5441 2787 5516 vaticiniis
2838 5441 3084 5512 imperio
3130 5429 3364 5516 labente
3412 5429 3586 5516 Graeci
3636 5429 3718 5516 at:

2074 5502 2415 5596 ten_deririt,_
2443 5520 2530 5596 ut
2559 5530 2661 5569 nec
2692 5502 3074 5596 imperatores
3105 5520 3161 5569 et
3189 5502 3715 5596 optimatesjfgfia

2075 5588 2188 5643 sibi
2218 5578 2490 5642 duxerint
2516 5591 2632 5641 tem
2644 5578 2971 5658 poraodum
2993 5601 3019 5658 ;Δ
3043 5584 3113 5641 de
3141 5578 3358 5658 quibus
3403 5578 3714 5638 Cedrenus,

2078 5659 2307 5716 Nicetas
2337 5665 2396 5716 et
2423 5654 2710 5731 Gregoras
2733 5654 3121 5728 frequentius.
