4122 6388
261 356 380 417 469

1807 355 2206 418 HISTORIA.

3587 355 3709 416 4'10

257 483 320 541 δὶ
347 485 450 555 τήν
479 484 683 542 τούτου
720 486 902 562 ὁρμὴν
930 486 983 542 οι
1013 490 1110 542 τοῦ
1135 484 1939 564 βασιλέως.Φιλοτιμουμὲνων

2069 486 2325 558 quaedam
2361 502 2561 560 pugna
2587 489 2642 542 et
2673 489 2868 542 metus
2921 486 3095 558 plena
3143 487 3396 544 conﬂata
3441 491 3550 558 est,
3601 489 3706 544 Co-

267 573 330 631 δὶ
389 573 655 646 ἀλλήλων
717 576 843 652 περὶ
899 581 1002 644 τῆς
1053 575 1208 646 νίκης
1274 574 1690 646 καταπληκτική
1749 597 1833 637 τις
1889 577 1924 644 ἡ

271 665 428 739 μάχη
485 664 578 718 καὶ
641 657 816 742 φόϐου
880 666 1050 736 μεστή
1105 665 1343 742 γέγονεν.
1407 666 1491 738 [Ρ.
1550 667 1680 738 864]
1744 666 1804 721 Ὁ
1873 661 1930 718 δὲ

269 753 563 825 Κομνηνὸς
586 753 842 826 σύνθημα
885 749 1012 816 δοὺς
1036 758 1154 815 τοῖς
1209 753 1260 808 ἐν
1319 759 1436 815 τοῖς
1495 751 1690 829 λόχοις
1748 749 1929 808 διανα-

261 849 460 910 στῆναι
491 842 736 903 καὶτοῖς
787 839 1053 904 ἐναντίοις
1106 843 1223 914 μεθ’
1282 843 1460 918 ὁρμῆς
1515 843 1693 917 βιαίας
1751 839 1930 897 εἰσϐα-

262 929 410 996 λεῖν,
483 931 701 1006 τροπήν
784 929 882 985 τοῦ
949 931 1230 1005 Βρυεννίου
1296 931 1578 1008 εἷ’ργάσατο
1651 933 1932 1007 καρτεράν.

262 1017 450 1075 Ἑάλω
535 1019 632 1090 μὶν
694 1016 788 1072 οὗν
847 1020 876 1074 ὁ
934 1019 1216 1094 Βρυὲννιος
1301 1025 1425 1093 ζῶν,
1479 1016 1665 1075 ἔπεσον
1733 1018 1789 1074 δὲ
1844 1018 1936 1074 καὶ

272 1105 468 1182 συχνοῖ
535 1110 645 1161 τῶν
707 1107 899 1180 αύτοῦ,
952 1107 1197 1164 ἑάλωσαν
1267 1107 1323 1164 δὲ
1382 1110 1492 1185 οὐχ
1539 1109 1785 1179 ἥττονες,
1845 1107 1936 1163 καὶ

277 1195 494 1268 μᾶλλον
552 1196 602 1250 οἱ
653 1199 762 1250 τῶν
798 1195 988 1252 ἄλλων
1047 1197 1400 1273 προέχοντες.
1436 1200 1497 1256 Ὁ
1555 1195 1612 1252 δὲ
1657 1199 1940 1274 Βρυὲννιος

275 1285 502 1362 ληφθείς
563 1289 664 1349 τῆς
711 1283 984 1356 τοσαύτης
1039 1285 1305 1348 ἀπονοίας
1340 1289 1646 1360 πρόστιμον
1699 1288 1802 1356 τὴν
1833 1291 1938 1341 τῶν

269 1371 578 1450 ὀφθαλμῶν
643 1373 928 1450 ὑφίσταται
985 1376 1259 1451 πήρωσιν,
1317 1375 1505 1431 πολλὰ
1570 1374 1941 1447 μετακλαυσά-

2043 593 2305 631 mnenus
2336 581 2530 632 autem
2567 575 2740 648 signo
2773 577 2912 632 dato
2947 577 3022 632 iis
3056 577 3154 648 qui
3191 577 3245 631 in
3282 577 3519 632 insidiis
3544 582 3714 634 erant

2039 670 2106 720 ut
2125 669 2501 737 erumpentes
2523 665 2579 718 in
2607 664 2806 721 hostes
2825 664 3075 722 violento
3099 667 3324 738 impetu
3346 665 3706 733 invaderent,

2042 757 2248 811 auctor
2277 755 2389 809 fuit
2421 759 2484 810 ut
2515 754 2844 826 Bryennius
2877 755 3304 826 proﬂigaretur.
3356 759 3570 826 Captus
3616 759 3706 810 est

2041 843 2229 916 igitur
2260 844 2584 915 Bryennius
2617 844 2803 911 vivus,
2839 843 3036 915 plures
3068 861 3136 899 ex
3176 843 3376 914 ipsius
3425 843 3707 898 militibus

2045 933 2392 996 occubuere,
2427 938 2482 988 et
2524 933 2680 988 haud
2735 933 3038 1004 pauciores
3090 933 3270 1005 capti,
3320 937 3378 988 et
3426 933 3526 1004 qui
3575 931 3706 987 aliis

2050 1023 2430 1094 praestabant.
2467 1021 2798 1094 Bryennius
2821 1025 3017 1076 autem
3045 1027 3252 1094 captus
3275 1025 3456 1077 tanta
3478 1021 3714 1076 demen-

2049 1111 2142 1166 tiae
2166 1128 2368 1183 poenas
2392 1111 2988 1167 sustinuitoculorum
3014 1111 3422 1178 amissionem,
3455 1109 3708 1166 multum

2051 1217 2249 1256 secum
2291 1199 2499 1272 lugens
2533 1217 2598 1255 ac
2636 1217 3002 1269 conquerens
3038 1201 3108 1256 de
3149 1217 3255 1255 suo
3288 1201 3544 1272 pessimo
3573 1216 3713 1254 con-

2053 1289 2205 1345 silio.
2239 1292 2363 1355 Qua
2394 1291 2464 1343 de
2493 1306 2554 1343 re
2584 1290 2798 1344 certior
2822 1290 3010 1344 factus
3041 1289 3358 1360 imperator
3387 1289 3504 1344 Deo
3537 1293 3711 1359 atque

2053 1378 2182 1450 ejus
2213 1377 2382 1433 Matri
2417 1378 2734 1448 gratiarum
2771 1377 3028 1432 actiones
3063 1376 3359 1447 persolvit.

267 1483 432 1534 μενος
489 1469 596 1531 τῆς
658 1459 988 1528 δυσϐουλίας
1045 1463 1256 1521 ἑαυτόν.
1289 1466 1351 1522 Ὁ
1411 1461 1468 1520 δὲ
1527 1463 1783 1540 βασιλεὺς
1838 1465 1938 1532 τὴν
1996 1463 2248 1542 ἀγγελίαν
2309 1461 2595 1538 δεξάμενος
2641 1468 2720 1537 τῷ
2777 1467 2892 1536 Θεῷ
2932 1464 3022 1518 καὶ
3073 1467 3142 1537 τῇ
3201 1463 3364 1518 αὐτοῦ
3400 1461 3569 1536 μητρὲ
3613 1461 3708 1525 τὰς

263 1552 629 1628 εὐχαριστίας
662 1553 900 1617 ἀνέθετο.

335 1643 677 1714 Ἀναιρεῖται
737 1639 794 1698 δὲ
848 1643 940 1698 καὶ
983 1644 1011 1698 ὁ
1043 1641 1276 1718 ἀδελφὸς
1335 1644 1498 1699 αὐτοῦ
1557 1645 1609 1699 ἐν
1665 1645 1944 1718 Βυζαντίῳ

267 1733 420 1804 παρὰ
447 1736 562 1786 τῶν
605 1731 922 1808 Βαράγγων.
958 1735 1072 1789 Τοῦ
1130 1734 1234 1809 γὰρ
1291 1735 1576 1810 Βρυεννίου
1635 1734 1944 1805 ἀποστατή-

269 1841 468 1882 σαντος
528 1823 622 1874 καὶ
675 1825 780 1874 τῶν
853 1821 1006 1885 ἐκτὸς
1078 1822 1380 1898 Βαράγγων
1440 1823 1942 1901 ὁμοφρονησάντων

271 1908 428 1981 αύτῷ
482 1909 539 1964 οἱ
595 1909 650 1964 ἐν
703 1914 782 1982 τῷ
841 1908 1094 1983 παλατίῳ
1151 1909 1549 1988 Βάραγγοιὲνα
1576 1914 1698 1966 τινὰ
1743 1914 1944 1968 ἑαυτῶν

275 1998 668 2072 ἐπιλεξάμενοι
727 2001 865 2072 πρὸς
932 1998 1060 2064 τοὺς
1128 2001 1413 2074 ὁμοεθνεῖς
1487 2000 1946 2068 ἀποστέλλουσιν,

279 2087 556 2156 ἀξιοῦντες
582 2087 797 2165 ἀφεῖναι
839 2089 936 2161 μὲν
963 2089 1058 2145 τὸν
1097 2089 1433 2161 ἀποστάτην,
1467 2099 1734 2169 φρονῆσαι
1785 2089 1844 2146 δὲ
1884 2092 1952 2145 τὰ

295 2174 586 2253 βασιλίιως.
651 2179 918 2242 Γνωσθεῖς
993 2178 1050 2234 δὲ
1115 2179 1205 2234 καὶ
1261 2181 1550 2257 κρατηθεὶς
1609 2180 1843 2245 ἐτασθείς
1895 2201 1956 2235 τε

297 2262 556 2344 σφοδρῶς
605 2271 776 2322 πᾶσαν
866 2268 1171 2343 ἀνεκάλυψε
1243 2275 1354 2332 τῶς
1433 2272 1777 2343 μηνυθὲντων
1852 2272 1952 2340 τὴν

305 2353 580 2425 δήλωσιν,
611 2360 873 2432 στερεῖται
905 2354 966 2411 δὲ
1020 2359 1109 2412 καὶ
1139 2365 1241 2429 τῆς
1271 2357 1440 2434 ῥινὸς,
1472 2359 1618 2434 παρᾶ
1645 2363 1741 2413 τοῦ
1773 2360 1954 2416 Ἰωάν-

302 2463 398 2498 νου
427 2445 623 2514 ταύτην
670 2439 970 2516 λωϐηθείς.
1002 2447 1157 2510 Ὀθεν
1203 2447 1293 2502 καὶ
1352 2449 1426 2522 μὴ
1484 2448 1674 2520 πράως
1731 2447 1956 2524 ἐνεγκὼν

293 2534 396 2601 τῆν
457 2528 614 2608 ὕϐριν
663 2535 728 2602 ἣν
773 2535 1036 2590 πέπονθεν
1088 2537 1116 2591 ὁ
1165 2531 1446 2612 Βάρϐαρος
1515 2539 1808 2614 ἀναιρεῖται
1867 2538 1958 2592 τὸν

297 2623 558 2692 Ἰωάννην
616 2621 828 2694 ἐξιόντα
879 2629 980 2680 τοῦ
1031 2627 1322 2698 παλατίου,
1367 2627 1665 2702 μαχαίραις
1725 2627 1958 2691 ἐθνικαῖς

291 2711 606 2784 κατακόψας
678 2711 858 2770 αὐτόν.
914 2715 1309 2784 Ἐπανέστησαν
1360 2714 1418 2770 δὲ
1465 2717 1554 2771 καὶ
1605 2721 1683 2787 τῷ
1743 2716 1960 2792 βασιλεῖ

285 2801 341 2854 οἱ
405 2803 712 2876 Βάραγγοι,
767 2803 858 2856 καὶ
932 2799 1364 2880 διαχειρίσασθαι
1441 2804 1604 2860 αὐτὸν
1675 2801 1952 2861 ἔσπευδον.

291 2890 770 2963 ’Λντιταξαμένων
841 2889 898 2946 δὶ
952 2891 1170 2955 τούτοις
1227 2898 1334 2948 τῶν
1396 2899 1494 2950 τοῦ
1555 2893 1824 2969 βασιλέως
1881 2895 1956 2958 είς

291 2977 532 3041 ἐκετείας
595 2979 919 3053 ἰτράποντο,
967 2981 1056 3036 καὶ
1102 2983 1194 3036 τὸν
1264 2980 1493 3059 βασιλέα
1541 2982 1960 3056 ἰξιλεωσάμενοι

287 3066 624 3144 συγγνώμης
656 3067 870 3144 ἔτυχον.

355 3158 424 3214 Ὁ
475 3155 538 3212 Si
591 3155 852 3232 βασιλεὺς
897 3165 998 3229 τῆς
1045 3162 1294 3235 γυναικὸς
1343 3161 1508 3216 αὐτοῦ
1561 3159 1962 3231 τελευτησάσης

2125 1646 2422 1703 Occiditur
2451 1647 2624 1701 etiam
2660 1647 2838 1702 frater
2866 1647 3054 1720 ipsius
3106 1645 3364 1719 Byzantii
3417 1661 3450 1700 a
3499 1649 3712 1698 Baran-

2053 1737 2145 1810 gis
2181 1755 2193 1792 :
2229 1753 2360 1792 nam
2396 1753 2527 1791 cum
2561 1737 2888 1808 Bryennius
2920 1737 3226 1792 defecisset
3253 1739 3308 1790 et
3339 1750 3471 1789 cum
3501 1749 3567 1788 eo
3599 1737 3708 1788 Ba-

2055 1827 2220 1898 rangi
2255 1826 2356 1897 qui
2407 1829 2569 1880 extra
2617 1831 2782 1881 erant
2829 1827 3295 1898 conspirassent,
3345 1823 3594 1894 Barangi
3645 1823 3706 1876 in

2057 1914 2272 1986 palatio
2304 1914 2594 1970 delectum
2629 1932 2812 1970 unum
2846 1933 2914 1970 ea
2965 1915 3090 1970 suis
3143 1915 3213 1969 ad
3271 1929 3408 1968 suos
3459 1909 3708 1984 gentiles

2061 2005 2328 2070 mittunt,
2365 2009 2628 2075 petentes
2662 2009 2725 2058 ut
2756 2003 2958 2060 relicto
2999 2002 3286 2076 perduelli
3337 2003 3406 2056 ad
3456 2001 3714 2071 impera-

2059 2097 2245 2149 torem
2280 2093 2621 2148 accederent
2673 2095 2779 2148 Sed
2816 2093 3086 2166 cognitus
3115 2097 3171 2148 et
3202 2092 3474 2147 detentus
3525 2087 3718 2161 gravi-

2061 2187 2269 2255 terque
2295 2181 2666 2238 examinatus
2700 2182 2900 2238 omnia
2949 2199 3074 2253 quaa
3123 2181 3236 2236 sibi
3286 2179 3549 2235 indicata
3599 2178 3718 2232 fue-

2063 2277 2200 2328 rant
2229 2273 2476 2343 aperuit.
2507 2271 2612 2328 Cui
2658 2271 2915 2327 Joannes
2961 2272 3034 2326 ob
3084 2271 3193 2325 hoc
3235 2269 3494 2324 oﬂ’ensus
3545 2281 3718 2322 nares

2069 2363 2357 2433 amputat.
2410 2362 2598 2425 Quare
2647 2361 2803 2415 haud
2855 2377 3020 2430 aequo
3065 2359 3262 2414 animo
3294 2355 3715 2414 contumeliam

2067 2451 2218 2506 hanc
2251 2450 2442 2505 ferens
2473 2449 2765 2504 Barbarus
2817 2449 3104 2504 Joannem
3155 2465 3185 2502 e
3239 2445 3454 2519 palatio
3501 2461 3716 2500 exeun-

2067 2545 2184 2596 tem
2234 2539 2468 2607 occidit,
2534 2539 2682 2594 738
2739 2538 2944 2610 gentili
3003 2537 3197 2610 gladio
3253 2537 3450 2608 ipsum
3513 2549 3714 2606 percu-

2063 2631 2236 2685 tiens.
2273 2629 2334 2684 In
2369 2625 2780 2700 imperatorem
2819 2643 3054 2698 quoque
3107 2625 3356 2696 Barangi
3408 2623 3714 2678 insurexe-

2068 2729 2227 2788 runt,
2257 2735 2514 2790 eumque
2547 2720 2808 2774 occidere
2837 2719 3170 2773 studebant.
3203 2717 3418 2771 Verum
3467 2731 3601 2770 cum
3635 2719 3718 2780 {se

2066 2810 2184 2864 illis
2233 2808 2649 2880 opposuissent
2701 2807 3072 2880 imperatoris
3125 2805 3362 2874 milites,
3413 2805 3485 2859 ad
3519 2819 3720 2876 preces

2068 2898 2334 2954 conversi
2392 2897 2622 2969 placato
2695 2897 3046 2968 imperatore
3115 2895 3346 2950 veniam
3414 2891 3716 2949 consecuti

2069 2995 2230 3045 sunt.

2141 3166 2464 3236 Imperator
2491 3167 2710 3234 autem,
2759 3164 2880 3218 vita
2929 3163 3129 3217 functa
3174 3163 3303 3232 ejus
3353 3176 3531 3216 uxore
3589 3160 3726 3214 Ber-

293 3254 390 3316 τῆς
477 3244 766 3318 Βερδηνῆς
840 3249 952 3320 ἅμα
1025 3253 1094 3323 τῇ
1153 3249 1444 3327 ἀναρῥήσει
1505 3251 1955 3325 ἀναγορευθείσης

2069 3258 2242 3320 dena,
2297 3271 2422 3325 quae
2479 3271 2597 3308 una
2627 3268 2760 3308 cum
2791 3251 2921 3323 ipso
2955 3251 3149 3322 regina
3185 3247 3480 3305 declarata
3513 3249 3721 3315 fuerat,

291 3337 380 3389 καὶ
431 3333 632 3404 αὺτῆς,
681 3336 866 3407 triga»)
907 3335 1162 3412 ἠγάγετο.
1210 3338 1420 3394 Πολλαὶ
1494 3339 1588 3412 μὶν
1648 3340 1752 3414 γὰρ
1809 3337 1957 3410 αὐτῷ

296 3423 700 3496 ἐμνηστεύοντο
737 3445 750 3458 ·
807 3427 928 3496 Ζωή
988 3447 1048 3481 τε
1105 3428 1210 3502 γὰρ
1266 3431 1302 3498 ἡ
1361 3433 1460 3482 τοῦ
1532 3427 1799 3502 βασιλέως
1857 3431 1956 3483 τοῦ

297 3515 478 3568 Δούκα
521 3514 795 3589 Θυγάτηρ,
844 3517 1110 3588 παρθένος
1158 3513 1292 3571 οὖσα
1337 3518 1428 3571 καὶ
1468 3521 1550 3590 τῷ
1578 3515 1707 3572 εἷ’δει
1768 3515 1958 3592 εὐπρε-

301 3607 440 3670 πὴς,
471 3600 620 3657 ἀλλὰ
665 3604 758 3657 καὶ
805 3609 914 3659 τῶν
962 3605 1340 3681 συγκλητικῶν
1396 3605 1678 3682 θυγατέρες
1727 3606 1958 3675 πολλαὶ,

312 3691 458 3766 ὥραν
505 3690 730 3768 ἔχουσαι
771 3692 974 3768 γάμου·
1013 3696 1042 3749 ὁ
1101 3692 1158 3750 δὲ
1201 3693 1326 3767 μίαν
1375 3695 1562 3770 ᾑρεῖτο
1610 3701 1717 3751 τῶν
1775 3694 1892 3763 δύο,
1924 3697 1958 3766 ἦ

307 3781 408 3848 τήν
464 3784 560 3835 τοῦ
616 3782 794 3836 Δούκα
847 3781 1080 3858 σύζυγον
1153 3784 1242 3838 καὶ
1310 3785 1462 3848 αὖθις
1528 3789 1626 3839 τοῦ
1683 3785 1965 3858 Διογένους

307 3865 599 3936 Εύδοκίαν,
628 3869 665 3938 ἢ
689 3875 787 3924 τοῦ
817 3867 1054 3947 ἴναγχος
1090 3871 1474 3946 βασιλεύοντος
1499 3873 1733 3948 Μιχαὴλ
1758 3874 1962 3950 Μαρίαν

301 3961 408 4025 τὴν
441 3955 498 4026 ἐξ
521 3958 796 4015 Ἀλανῶν.
814 3958 1046 4016 Στέλλει
1063 3965 1196 4036 γοῦν
1220 3959 1537 4035 ληψόμενος
1555 3964 1654 4032 τήν
1681 3961 1963 4018 Εύδοκίαν·

309 4047 348 4114 ἡ
383 4041 448 4098 δὶ
475 4043 760 4114 ἠκολούθει
811 4054 1151 4125 περιχαρῶς.
1188 4053 1362 4126 ’Όπερ
1417 4050 1580 4126 γνοὺς
1613 4053 1642 4106 ὁ
1670 4055 1968 4122 τηνικαῦτα

307 4133 399 4188 ἐπ’
453 4133 616 4210 ἀρετῇ
675 4133 1106 4209 διαϐεϐοημένος
1169 4140 1438 4214 μοναχὸς,
1477 4141 1536 4195 ’ὸν
1579 4139 1646 4209 δὴ
1691 4142 1783 4195 καὶ
1831 4161 1966 4195 παν-

301 4221 462 4299 άγιον
493 4227 604 4297 (48)
635 4225 748 4280 ἀντ’
777 4225 956 4282 ἄλλου
987 4228 1184 4289 παντὸς
1215 4226 1442 4284 ἐκάλουν
1491 4229 1775 4302 ὀνόματος,
1806 4231 1967 4285 παντὶ

303 4313 500 4388 τρόπῳ
549 4311 878 4370 διακωλύειν
941 4314 1240 4372 ἐσπούδασε
1288 4319 1352 4373 τὸ
1408 4318 1690 4392 άτόπημα,
1741 4319 1966 4375 πολλῶν

311 4402 640 4474 ὑπομνήσας
671 4402 839 4472 αὐτὴν
869 4407 978 4459 τῶν
1033 4403 1342 4480 δυναμένων
1395 4407 1640 4463 κωλῦσαι
1686 4415 1786 4478 τῆς
1833 4429 1967 4482 προ-

312 4491 532 4564 θυμίας.
609 4494 828 4568 Ἀγεται
902 4493 1087 4550 τοίνυν
1163 4498 1263 4565 τήν
1337 4496 1548 4572 Μαρίαν
1627 4498 1970 4574 ἆπηρυθρια-

2065 3345 2242 3399 aliam
2277 3342 2475 3397 duxit:
2504 3341 2702 3397 multae
2733 3341 2888 3396 enim
2923 3341 3034 3412 ipsi
3068 3339 3722 3410 despondebantur,7.oe

2065 3431 2438 3505 imperatoris
2473 3435 2640 3486 Duca:
2672 3430 2814 3500 filia,
2841 3430 3003 3502 virgo
3046 3435 3103 3485 et
3149 3430 3336 3484 forma
3384 3428 3617 3494 decora,
3668 3431 3727 3482 et

2069 3530 2406 3578 senatorum
2440 3520 2572 3575 ﬁliae
2603 3520 2802 3576 multa:
2833 3524 3000 3574 aetate
3021 3520 3145 3590 jam
3185 3516 3435 3572 nubiles.
3467 3517 3574 3571 Sed
3625 3514 3724 3571 ille

2071 3628 2249 3666 unam
2283 3627 2312 3665 e
2345 3611 2575 3665 duabus
2607 3609 2862 3680 petebat,
2897 3607 2984 3662 vel
3020 3623 3260 3663 uxorem
3295 3605 3462 3661 ducis
3494 3621 3559 3660 ac
3592 3621 3722 3660 rur-

2073 3719 2177 3757 sus
2205 3699 2479 3771 Diogenis
2511 3699 2852 3766 Eudociam,
2886 3697 2974 3752 vel
3008 3695 3336 3760 Michaelis,
3388 3693 3486 3764 qui
3535 3709 3728 3766 nuper

2075 3794 2435 3862 regnaverat,
2489 3789 2731 3843 Mariam
2779 3803 2849 3841 ex
2897 3787 3116 3840 Alanis.
3169 3785 3342 3838 Mittit
3394 3783 3578 3856 igitur
3627 3781 3728 3854 qui

2075 3879 2189 3934 sibi
2213 3875 2914 3938 adducerentEudociam,
2965 3891 3095 3945 quae
3147 3889 3280 3928 cum
3333 3887 3579 3926 summa
3632 3886 3730 3925 vo-

2074 3968 2300 4040 luptate
2342 3966 2722 4036 sequebatur.
2775 3965 2897 4028 Quo
2945 3961 3180 4035 cognito
3229 3960 3576 4030 monachus,
3627 3959 3728 4030 qui

2075 4063 2216 4112 tunc
2271 4072 2513 4111 summa
2562 4071 2695 4109 cum
2743 4053 2956 4107 virtute
3001 4052 3244 4117 vixerat,
3279 4064 3576 4122 quemque
3625 4064 3730 4118 pro

2078 4147 2191 4202 alio
2223 4145 2428 4217 quovis
2460 4143 2698 4199 nomine
2731 4141 3174 4197 sanctissimum
3222 4135 3730 4200 vocabant,omni-

2074 4237 2190 4292 bus
2222 4235 2413 4290 modis
2444 4233 2668 4290 studuit
2719 4231 3005 4303 impedire
3054 4230 3376 4285 absurdum
3429 4228 3535 4282 hoc
3587 4225 3730 4282 faci-

2077 4344 2215 4393 nus,
2268 4324 2456 4380 multa
2505 4327 2561 4378 et
2605 4321 2666 4377 in
2699 4320 3046 4378 memoriam
3081 4319 3351 4390 redigens
3383 4333 3511 4388 quea
3542 4315 3732 4388 ipsam

2080 4417 2152 4471 ab
2187 4415 2296 4470 hac
2327 4413 2649 4485 cupiditate
2681 4411 2998 4483 reprimere
3029 4413 3290 4481 possent.
3337 4406 3509 4462 Ducit
3555 4405 3736 4478 igitur

2079 4505 2343 4570 Mariam,
2397 4502 2553 4557 omni
2605 4501 2828 4573 pudore
2860 4503 3104 4567 remoto,
3137 4499 3478 4570 imperator,
3509 4499 3566 4550 et
3596 4511 3730 4549 cum

313 4580 522 4652 σμένως
571 4583 602 4636 ὁ
655 4579 935 4657 βασιλεὺς,
965 4584 1056 4639 καὶ
1100 4584 1464 4662 ἱερολογεῖται
1503 4587 1661 4662 αὐτῇ,
1707 4587 1796 4642 καὶ
1840 4609 1955 4662 παρ·

2081 4593 2210 4664 ipsa
2268 4591 2578 4663 sacrilegio
2631 4589 3035 4660 conjungitur,
3086 4587 3404 4657 statimque
3453 4585 3732 4640 sacerdos

315 4673 506 4727 αυτίκα
551 4674 888 4744 καθαιρεὶται
941 4676 970 4730 ὁ
1014 4675 1188 4751 ἱερεὺς
1234 4678 1308 4739 ὡς
1355 4683 1664 4755 προφανοῦς
1723 4679 1955 4756 μοιχείας

2081 4683 2389 4739 abdicatur
2420 4684 2484 4735 ut
2513 4689 2712 4750 aperto
2755 4678 3076 4734 commisso
3123 4674 3436 4731 adulterio.
3488 4671 3738 4728 Michael
3771 4745 3776 4750 _

309 4759 730 4833 τετελεσμὲνης.
763 4763 826 4819 Ὁ
879 4761 938 4817 δὲ
987 4762 1222 4840 Μιχαὴλ
1281 4767 1380 4835 τὴν
1433 4766 1601 4843 τρίχα
1648 4770 1970 4844 κειράμενος

307 4852 487 4928 ψήφῳ
515 4853 616 4904 τοῦ
663 4851 1010 4927 πατριάρχου
1057 4853 1148 4907 καὶ
1206 4858 1312 4908 τῶν
1367 4855 1794 4930 μητροπολιτῶν
1849 4877 1972 4933 χει-

309 4944 618 5012 ροτονεῖται
669 4940 898 5014 Ἑφέσου
947 4940 1257 5018 ἀρχιερεύς.
1311 4945 1488 5015 ’Ἀπαξ
1563 4945 1745 5019 μέντοι
1805 4947 1970 5018 μόνον

307 5027 364 5083 ἂν
415 5027 601 5102 ἰκείνῃ
650 5027 925 5106 ἰφοίτησε,
977 5030 1068 5085 καὶ
1119 5031 1464 5109 ὑποστρέψας
1520 5030 1728 5108 ἔμεινεν
1795 5035 1848 5090 ἐν
1902 5041 1971 5111 τῇ

301 5121 405 5171 τοῦ
437 5115 702 5187 Μανουὴλ
758 5121 928 5192 μονῇ,
959 5120 1148 5195 χερσὶν
1199 5119 1362 5184 ἲδίαις
1412 5121 1796 5199 ἐργαζόμενος.
1833 5128 1972 5182 Ἐτι-

309 5207 472 5280 μήθη
533 5204 594 5262 δὲ
649 5203 1018 5285 διαφερόντως
1073 5209 1178 5264 ὑπὸ
1207 5215 1304 5265 τοῦ
1339 5213 1474 5285 μετὰ
1501 5218 1670 5269 ταῦτα
1725 5213 1975 5290 βασιλεύ-

303 5315 506 5359 σαντος
539 5295 788 5370 Ἀλεξίου
831 5301 932 5352 τοῦ
981 5303 1294 5372 Κομνηνοῧ,
1346 5303 1428 5375 [Ρ.
1481 5305 1609 5376 865]
1658 5303 1740 5382 ἐφ’
1785 5305 1846 5359 οὗ
1905 5301 1971 5375 δὴ

2080 4775 2274 4828 autem
2303 4769 2565 4826 detonsis
2596 4768 2823 4840 capiliis
2854 4765 3147 4822 sententia
3179 4761 3522 4836 patriarchas
3542 4764 3600 4814 et
3621 4775 3742 4814 me-

2083 4859 2491 4932 tropolitarum
2513 4857 2722 4930 Ephesi
2747 4855 3224 4924 archiepiscopus
3243 4845 3742 4923 deligitur.Semel

2080 4953 2278 5005 tamen
2310 4950 2379 5002 ad
2430 4949 2622 5019 ipsam
2681 4947 2883 5000 urbem
2936 4942 3204 5008 accessit,
3255 4944 3314 4996 et
3359 4953 3632 4994 reversus
3681 4937 3742 4990 in

2081 5039 2369 5094 Manuelis
2421 5035 2841 5092 monasterium
2892 5033 2971 5087 ibi
3025 5031 3265 5095 mansit,
3298 5029 3424 5085 suis
3457 5027 3738 5084 manibus

2083 5129 2412 5185 elaborans.
2447 5126 2688 5198 Egregie
2722 5140 2854 5179 vero
2887 5121 3084 5177 cultus
3115 5125 3206 5177 est
3235 5120 3308 5176 ab
3338 5117 3540 5174 Alexio
3588 5116 3740 5172 739

2083 5223 2402 5282 Comneno,
2453 5215 2556 5288 qui
2607 5211 2983 5286 postmodum
3035 5209 3374 5283 imperavit,
3418 5207 3532 5262 sub
3563 5205 3738 5276 cujus

2085 5309 2265 5365 etiam
2297 5305 2544 5378 imperio
2574 5303 2728 5360 diem
2759 5316 2936 5358 suum
2967 5299 3309 5368 obiit,suam
3343 5310 3585 5353 uxorem
3617 5293 3742 5349 Ma-

1631 5478 1876 5536 JAGOBI
1913 5479 2136 5537 GOARI
2174 5479 2411 5536 NOTJE.

384 5623 496 5698 (48)
529 5619 772 5698 Ἃγίους3
794 5619 1356 5698 -ιιι-Ιιοιίοξίναινεε,
1389 5638 1452 5678 se
1483 5625 1689 5698 mutuo
1717 5622 1976 5698 vocitant

313 5692 493 5754 Graeci
523 5692 809 5754 monachi
847 5711 860 5749 :
893 5692 1051 5749 hunc
1079 5693 1278 5768 itaque
1307 5710 1409 5751 ceu
1441 5696 1735 5768 praecipua
1765 5695 1976 5752 sancti-

2085 5626 2204 5678 tate
2237 5621 2554 5694 fulgentem
2585 5613 2846 5694 πανάγιον
2891 5613 3347 5686 compellabant.
3403 5611 3538 5668 Haec
3587 5603 3744 5680 apud

2087 5691 2585 5752 Graecosvhonoris
2615 5692 2898 5745 monstra.
