4122 6386
386 369 499 430 471
1709 370 2039 434 JOANNIS
2084 369 2484 432 SCYLITZE
3687 362 3814 422 4'12

384 502 560 570 riam,
624 507 758 576 post
816 504 1132 560 Botaniataa
1190 505 1626 562 abdicationem
1689 505 2038 561 monacham

2162 503 2240 556 καὶ
2302 500 2598 575 έκοιμήθη,
2656 502 2756 571 τὴν
2810 501 3003 557 ἑαυτοῦ
3075 498 3304 574 σύζυγον
3383 495 3596 572 Μαρίαν
3676 493 3818 567 μετᾶ

381 591 620 658 factam,
654 593 824 649 venia
855 610 1056 651 eorum
1091 611 1219 667 quae
1249 595 1307 650 in
1342 613 1405 652 se
1435 597 1756 652 admiserat
1810 597 1870 650 in
1911 596 2042 667 ipsa

2162 592 2248 659 τήν
2279 596 2376 646 τοῦ
2434 593 2794 648 Βοτανειάτου
2851 589 3159 660 καθαίρεσιν
3215 586 3467 662 μοναχὴν
3515 584 3816 660 γενομένην

398 685 582 738 morte
614 682 909 755 dignatus.

461 988 824 1061 Nicephorus
884 995 1084 1046 autem
1145 990 1471 1047 Basilacius
1530 991 1758 1062 primus
1809 1004 2046 1060 praeses,

394 1092 530 1132 cum
564 1079 947 1148 Dyrrachium
983 1081 1362 1150 pervenisset,
1394 1081 1710 1135 exercitum
1753 1095 1822 1134 ex
1853 1077 2050 1133 omni-

390 1166 502 1222 bus
561 1167 679 1224 illis
711 1168 854 1224 locis
887 1169 1099 1240 coegit.
1143 1168 1459 1224 Accersivit
1485 1170 1658 1224 etiam
1696 1173 1949 1222 Francos
1981 1182 2050 1220 ex

392 1255 568 1312 Italia
602 1274 703 1329 per
732 1259 1072 1329 episcopum
1099 1258 1350 1314 Diabolae
1371 1257 1761 1312 Theodosium
1797 1254 2052 1310 muneri-

396 1343 509 1400 bus
570 1363 637 1402 ac
695 1347 867 1402 donis
925 1348 1208 1402 adversus
1269 1347 1626 1417 Bryennium
1684 1345 2046 1402 conciliatos.

393 1433 603 1490 Coacto
635 1441 833 1491 autem
866 1438 1075 1492 idoneo
1106 1437 1362 1492 exercitu
1394 1453 1463 1491 ex
1497 1436 1731 1492 Francis
1761 1441 1819 1491 et
1840 1434 2052 1504 Bulga-

398 1525 480 1579 ris
529 1526 926 1597 Romanisque
975 1535 1030 1580 et
1073 1526 1394 1594 Arbanitis,
1449 1528 1744 1596 profectus
1793 1525 1930 1600 inde
1978 1523 2050 1578 ad

399 1614 881 1670 Thessalonicam
914 1616 1338 1683 contendebat;
1391 1631 1645 1686 cumque
1693 1613 2056 1686 pervenisset

398 1703 707 1773 Achridas,
757 1703 1032 1776 cupiebat
1091 1704 1170 1759 ibi
1232 1704 1540 1773 declarari,
1584 1705 1686 1759 sed
1747 1701 2056 1774 diligentia

400 1810 466 1848 ac
516 1796 715 1848 studio
766 1794 925 1848 illius
957 1793 1058 1864 qui
1092 1793 1171 1848 ibi
1197 1793 1673 1864 archiepiscopus
1703 1798 1827 1848 erat
1859 1790 2056 1864 prohi-

2153 681 2488 753 συμπαθείας
2533 685 2641 736 τῶν
2701 681 2778 743 εἴς
2832 679 3001 750 αὐτὴν
3050 675 3418 750 έπταισμένων
3473 672 3704 744 ἀξιώσας
3763 671 3821 726 ἰν

2152 772 2222 844 τῇ
2253 768 2502 846 τελευτῇ.

2230 986 2290 1042 Ὸ
2337 983 2394 1041 δὶ
2436 982 2898 1060 πρωτοπρόεδρος
2949 983 3262 1061 Νικηφόρος
3305 981 3334 1036 ἓ
3373 976 3701 1038 Βασιλάκιος
3756 974 3828 1030 τὸ

2159 1074 2468 1150 Δυῤῥάχιον
2527 1071 2854 1130 καταλαϐὼν
2915 1073 3139 1147 στρατὸν
3207 1070 3462 1142 ἤθροιζεν
3523 1066 3583 1122 ἐκ
3631 1067 3826 1119 πασῶν

2158 1169 2264 1218 τῶν
2327 1164 2497 1219 έκεῖσε
2555 1168 2781 1240 χωρῶν,
2826 1164 3212 1235 μετεπέμψατο
3273 1157 3329 1214 δι
3384 1161 3474 1212 καί
3533 1155 3830 1240 Φράγγους

2161 1252 2210 1326 ἐξ
2267 1253 2498 1315 Ἰταλίας
2558 1239 2657 1308 διά
2702 1257 2799 1308 τοῦ
2859 1251 3156 1307 ἐπισκόπου
3235 1243 3552 1307 Διαϐολέως
3623 1239 3829 1299 Θεοδο-

2162 1342 2302 1412 σίου,
2335 1341 2656 1422 φιλοτίμοις
2708 1348 2825 1405 ταῖς
2882 1341 3131 1412 ἀξιώσεσι
3185 1337 3322 1394 κατά
3376 1340 3472 1392 τοῦ
3525 1332 3825 1408 Βρυεννίου

2162 1419 2643 1506 συσκευαζόμενος.
2693 1430 3069 1507 Συναγτρχὼς
3115 1426 3171 1483 δὲ
3224 1425 3475 1502 στρατιὰν
3529 1419 3822 1496 ἀξιόλογον

2164 1521 2223 1578 ὲκ
2276 1545 2334 1578 τε
2391 1525 2660 1598 Φράγγων
2739 1521 2829 1577 καὶ
2903 1520 3228 1594 Βουλγάρων
3285 1512 3571 1587 Ῥωμαίων
3622 1531 3681 1566 τε
3726 1509 3826 1564 καὶ

2163 1608 2514 1688 Ἀρϐανιτῶν,
2557 1610 2690 1686 ἄρας
2749 1609 2948 1666 έκεῖθεν
3005 1608 3141 1682 πρὸς
3199 1601 3599 1672 Θεσσαλονίκην
3654 1598 3826 1670 ἠπεί-

2164 1723 2312 1777 γετο.
2348 1703 2669 1780 Ἀφιγμένος
2701 1698 2758 1755 δὲ
2782 1699 2855 1762 είς
2888 1695 3150 1773 Ἀχρίδας
3180 1691 3455 1766 ἠϐούλετο
3497 1691 3593 1765 μὲν
3650 1689 3830 1780 έκεῖσε

2167 1777 2614 1868 ἀναγορευθῆναι,
2672 1786 2882 1862 σπουδῇ
2944 1786 3000 1842 δὲ
3055 1790 3153 1841 τοῦ
3202 1785 3373 1840 ἰκεῖκε
3399 1777 3828 1857 ἀρχιερατεόον-

397 1882 558 1938 bitus
591 1884 720 1937 fuit.
756 1882 1187 1938 Thessalonicae
1217 1888 1408 1938 autem
1460 1883 1673 1938 certior
1721 1885 1909 1937 factus
1957 1886 2051 1936 est

2162 1903 2252 1944 τος
2282 1867 2578 1950 γέκωλύθη.
2627 1882 2714 1936 Ἐν
2767 1877 2824 1934 δὲ
2873 1876 3249 1949 Θεσσαλονίκῃ
3305 1872 3601 1947 γενόμενος
3659 1867 3834 1934 ἐπλη-

397 1972 468 2028 de
519 1973 834 2028 Botaniatze
885 1971 1299 2040 declaratione,
1351 1977 1407 2027 et
1453 1971 1678 2028 litteras
1708 1973 1946 2042 quidem
1978 1973 2051 2027 ad

399 2062 595 2135 ipsum
630 2062 814 2129 misit,
849 2061 1066 2132 quibus
1096 2077 1158 2116 se
1207 2063 1258 2116 ei
1310 2062 1638 2131 subjectum
1689 2061 2048 2118 declarabat.

399 2152 614 2208 Verum
648 2151 800 2206 clam
833 2157 1034 2206 contra
1065 2167 1200 2206 eum
1235 2151 1431 2207 nescio
1481 2152 1621 2222 quid
1673 2151 2047 2218 moliebatur,

395 2242 665 2310 adjutore
683 2240 792 2295 sibi
831 2241 901 2295 ad
927 2241 1036 2294 hoc
1057 2239 1241 2294 ascito
1277 2242 1533 2311 quodam
1561 2241 1799 2295 nomine
1828 2241 2054 2312 Gymno

393 2335 452 2385 et
479 2330 756 2401 Gregorio
788 2328 1107 2384 Mesemero
1154 2334 1210 2384 et
1256 2328 1907 2400 Tessaracontapechy;
1959 2345 2050 2384 ac-

394 2418 631 2474 cersivit
663 2417 799 2472 item
833 2416 944 2472 sibi
967 2417 1310 2474 Patzinacas
1342 2417 1398 2472 in
1431 2417 2058 2488 societatem.lmpera-

398 2513 489 2562 tor
512 2524 646 2563 vero
679 2507 778 2561 ubi
811 2509 940 2577 ejus
970 2507 1285 2562 consilium
1318 2507 1590 2579 cognovit
1614 2515 1671 2562 et
1693 2507 2054 2580 institutum,

399 2600 620 2672 scripto
651 2615 833 2654 aureo
867 2598 1328 2669 diplomate,quo
1358 2599 1554 2668 ipsum
1579 2602 1650 2655 ab
1685 2599 1792 2654 hoc
1824 2599 2055 2670 incepto

401 2693 712 2756 averteret,
746 2689 1064 2758 quemdam
1099 2705 1167 2742 ex
1198 2687 1588 2744 familiaribus
1621 2690 1692 2744 ad
1722 2690 1920 2760 ipsum
1945 2689 2056 2743 mi-

404 2781 502 2848 sit,
536 2780 637 2851 qui
669 2777 830 2834 omni
857 2795 993 2833 eum
1026 2784 1183 2834 metu
1220 2778 1476 2834 liberans
1509 2779 1862 2835 nobilissimi
1910 2795 2054 2849 quo-

406 2886 521 2942 que
552 2869 898 2940 dignitatem
929 2868 1322 2938 polliceretur.
1374 2868 1474 2923 Ille
1523 2874 1718 2924 autem
1773 2869 2056 2924 beneﬁcia

401 2977 530 3031 qua:
561 2959 673 3014 sibi
709 2959 765 3012 in
801 2962 1072 3030 prompto
1100 2964 1266 3013 erant
1296 2965 1672 3030 aspernatus,
1705 2965 1908 3031 postea
1954 2963 2052 3016 de-

397 3049 557 3106 ﬂevit
589 3049 913 3103 incassum.
949 3051 1014 3101 Et
1045 3048 1326 3103 adversus
1359 3049 1546 3119 ipsum
1584 3049 1835 3103 mittitur
1886 3050 2051 3105 nobi-

396 3138 667 3194 lissimus
697 3135 956 3204 Alexius,
989 3152 1054 3191 eo
1085 3136 1305 3192 honore
1340 3138 1491 3192 740
1521 3138 1763 3194 atlectus
1795 3144 1859 3193 ut
1899 3144 2054 3194 esset

396 3232 720 3300 Augustus,
753 3244 886 3282 cum
920 3227 1129 3281 idoneo
1160 3228 1434 3282 exercitu.
1469 3233 1608 3282 Cum
1644 3228 1827 3298 igitur
1858 3229 2051 3300 praasi-
2081 3260 2123 3328 Ε

395 3320 560 3376 dium
613 3317 883 3373 Basilacii
930 3334 1060 3373 esse
1113 3318 1452 3374 Peritheorii
1506 3321 1907 3391 comperisset,
1956 3323 2051 3377 cui

398 3407 709 3480 praafectus
740 3411 864 3462 erat
892 3407 1178 3475 Gymnus,
1214 3405 1412 3477 praelio
1443 3407 1500 3461 id
1531 3408 1643 3479 ipsi
1677 3409 2048 3480 eripuit,tra-

396 3497 730 3567 jiciensque
762 3496 1080 3550 exercitum
1112 3495 1595 3551 Thessalonicam
1629 3498 1894 3553 omnium
1932 3516 2052 3555 ma-

401 3587 595 3642 lorum
628 3601 833 3656 expers
861 3583 941 3639 ibi
977 3601 1039 3639 se
1070 3584 1311 3656 recepit,
1342 3590 1400 3640 et
1447 3603 1515 3641 ex
1563 3587 1816 3656 quodam
1868 3588 2053 3644 inter-

401 3674 556 3729 vallo
583 3678 918 3728 constructo
951 3673 1104 3729 vallo
1133 3678 1297 3728 trans
1329 3674 1570 3729 fluvium
1621 3677 1858 3732 nomine
1908 3677 2050 3734 Bar-

399 3763 631 3819 darium
666 3761 744 3816 ibi
780 3761 1096 3816 exercitum
1133 3766 1188 3816 et
1218 3767 1410 3817 castra
1455 3761 1646 3818 locare
1697 3764 2051 3830 decreverat,

393 3852 503 3906 Sed
579 3849 904 3905 Basilacius
955 3850 1257 3904 victoriam
1313 3851 1621 3922 praripere
1673 3853 2054 3924 contendens,

391 3941 667 4014 cogitavit
700 3947 870 3995 noctu
907 3958 1009 4012 per
1039 3941 1287 3996 insidias
1320 3942 1377 3996 in
1431 3942 1624 4011 ipsum
1674 3943 1946 4000 invadere
1997 3950 2055 4000 et

389 4033 440 4086 vi
476 4037 714 4102 captum
747 4046 882 4084 cum
916 4029 1076 4084 omni
1109 4031 1372 4085 exercitu
1415 4032 1655 4098 perdere
1703 4037 1877 4101 atque
1925 4050 2052 4089 om-

393 4120 532 4176 nino
584 4119 798 4175 delere.
857 4122 1073 4174 Verum
1125 4135 1259 4174 cum
1296 4119 1542 4175 insidias
1569 4120 1865 4176 Gemistus
1896 4121 2049 4176 indi-

393 4213 586 4265 cassat
614 4211 1006 4278 Augusto,eas
1040 4208 1275 4263 evitavit
1305 4212 1429 4262 tum
1469 4209 1593 4280 ipse
1627 4213 1748 4264 tum
1784 4210 1885 4280 qui
1912 4227 2049 4267 cum

395 4315 461 4353 eo
493 4297 990 4352 erant.Prol‘ectus
1022 4296 1203 4366 igitur
1232 4297 1555 4352 Basilacius
1588 4315 1688 4369 per
1711 4304 1891 4354 totam
1918 4316 2051 4354 noc-

394 4393 512 4442 tem
546 4385 903 4457 improvisus
933 4390 989 4440 et
1022 4385 1378 4454 incognitus,
1413 4393 1702 4456 quantum
1735 4387 1845 4442 sibi
1893 4388 2051 4443 vide-

397 4477 590 4544 batur,
625 4475 682 4530 in
717 4473 954 4529 difﬁcile
986 4473 1250 4545 pralium
1303 4475 1526 4530 incidit.
1573 4477 1760 4548 Igitur
1807 4479 2048 4534 omnino

391 4565 606 4629 victus,
637 4569 694 4619 et
726 4563 995 4634 pluribus
1023 4579 1091 4618 ex
1121 4564 1249 4620 suis
1296 4565 1556 4632 amissis,
1608 4567 1932 4634 praesertim
1977 4583 2047 4622 ex

389 4655 651 4719 Francia,
682 4657 741 4708 et
787 4670 920 4707 cum
970 4653 1295 4708 domestico
1349 4653 1641 4725 praaliatus
1690 4660 1747 4709 et
1795 4656 1867 4710 ab
1919 4656 2047 4726 ipso
2079 4641 2125 4705 Β

386 4743 716 4799 debellatus
745 4743 803 4796 in
837 4742 1266 4798 Thessalonicae
1299 4760 1489 4798 arcem
1524 4744 1808 4815 confugit,
1841 4746 2043 4800 existi-

389 4848 557 4888 mans
586 4831 696 4887 loci
729 4829 1058 4886 munitione
1089 4847 1154 4886 se
1186 4820 1621 4902 prohibiturum
1655 4834 1900 4905 Augusti
1932 4833 2047 4890 im-

389 4927 614 4992 petum.
645 4925 942 4993 Augustus
974 4925 1170 4976 autem
1206 4919 1352 4975 nihil
1403 4937 1617 4977 curans
1664 4924 2047 4994 expugnatio-

390 5026 524 5065 nem
554 5010 776 5080 oppidi,
813 5026 952 5064 suos
983 5009 1255 5065 hortatus
1303 5013 1394 5065 est
1444 5016 1507 5065 ut
1553 5027 1730 5081 quam
1786 5013 2046 5083 primum

394 5099 682 5170 impetum
716 5099 999 5153 facerent.
1034 5099 1140 5164 Qui
1194 5099 1396 5154 crebro
1446 5106 1502 5153 et
1550 5101 1772 5155 efﬁcaci
1823 5100 2048 5172 impetu

397 5188 550 5241 facto
579 5187 1209 5243 Thessalonicensibus
1241 5188 1351 5243 sibi
1387 5190 1896 5244 consentientibus
1929 5195 2049 5244 sta-

393 5276 500 5330 tim
534 5278 736 5331 hostes
765 5281 1122 5347 superarunt
1156 5296 1171 5345 ;
1203 5283 1261 5332 et
1290 5279 1596 5349 Augustus
1645 5294 1778 5333 arce
1827 5278 2051 5349 potitus

389 5370 502 5420 est.
535 5364 779 5435 Capitur
827 5370 1022 5421 autem
1075 5368 1200 5436 ipse
1252 5367 1596 5433 Basilacius,
1651 5373 1707 5421 et
1757 5367 1815 5421 in
1870 5369 2053 5422 ferrea

391 5453 628 5508 vincula
651 5456 952 5523 conjectus
976 5455 1047 5510 ad
1075 5455 1488 5526 imperatorem
1514 5457 1745 5511 vinctus
1770 5457 2049 5511 mittitur.

390 5542 579 5610 Hujus
595 5543 670 5597 rei
689 5543 895 5598 nuntio
911 5545 979 5598 ad
998 5544 1414 5616 imperatorem
1433 5544 2051 5616 perlato,ipsiusjussu

390 5636 446 5688 et
499 5631 652 5686 oculi
697 5632 1072 5703 effodiuntur,
1123 5635 1385 5704 proxime
1432 5633 1942 5706 Chrysopolim,et
1986 5651 2055 5691 ex

391 5737 459 5778 eo
491 5725 751 5792 tempore
785 5723 926 5777 741
972 5721 1136 5777 locus
1167 5721 1262 5778 ille
1292 5722 1624 5795 appellatus
1647 5729 1735 5778 est
1758 5723 2054 5781 Fremitus

2163 1973 2444 2050 ροφορήθη
2506 1971 2605 2040 τὴν
2687 1973 2785 2023 τοῦ
2867 1965 3220 2022 Βοτανειάτου
3305 1960 3677 2036 ἀναγόρευσιν,
3733 1955 3832 2011 καὶ

2161 2047 2391 2117 δουλικά
2447 2060 2585 2134 πρὸς
2642 2058 2802 2114 αὐτὸν
2882 2054 3169 2112 ἀπέστειλε
3242 2053 3561 2130 γράμματα,
3618 2047 3670 2104 έν
3746 2051 3833 2118 τῷ

2160 2149 2420 2221 λεληθότι
2471 2149 2540 2203 τὰ
2589 2155 2689 2218 τῆς
2757 2145 3046 2222 ἀνταρσίας
3125 2141 3500 2218 διεπράττετο,
3560 2136 3820 2212 συνεργὸν

2161 2238 2304 2314 ἴγων
2337 2240 2472 2314 πρὸς
2499 2242 2663 2293 τοῦτο
2692 2238 2782 2292 τόν
2813 2257 2874 2292 τε
2924 2234 3224 2309 λεγόμενον
3271 2231 3504 2304 Γυμνὸν,
3536 2227 3626 2283 καὶ
3677 2233 3822 2303 Γρη-

2157 2329 2342 2405 γόριον
2402 2329 2493 2383 τὸν
2551 2329 2841 2401 Μεσήμαρ,
2895 2326 2982 2380 καὶ
3053 2324 3142 2378 τὸν
3201 2317 3825 2394 Τεσσαρακοντάπηχυν.

2167 2415 2562 2492 ΙΙροσεκαλεῖτο
2625 2414 2682 2471 δὲ
2737 2416 2827 2470 καὶ
2881 2412 3009 2476 τοὺς
3048 2411 3414 2481 Πατζινάκους
3475 2407 3550 2471 είς
3607 2425 3829 2478 συμμα-

2166 2510 2317 2583 χίαν.
2349 2510 2408 2562 Ὀ
2442 2505 2696 2582 βασιλεὺς
2727 2503 2772 2560 δ’
2808 2504 2882 2567 ὡς
2915 2498 3057 2578 ἔγνω
3094 2503 3186 2556 τὸν
3237 2499 3433 2554 τούτου
3483 2495 3685 2551 σκοπὸν
3732 2493 3829 2548 καὶ

2163 2601 2262 2667 τήν
2323 2599 2665 2674 προαίρεσιν,
2718 2589 3115 2671 ’χρυσοϐούλλῃ
3169 2591 3350 2666 γραφῇ
3405 2586 3467 2642 τὸ
3515 2584 3824 2674 ἀμέριμνον

2164 2687 2311 2760 αὐτῷ
2340 2673 2840 2762 περιποιησάμενός
2869 2703 2988 2738 τινα
3032 2686 3142 2736 τῶν
3198 2678 3411 2734 οἰκείων
3462 2676 3598 2751 πρὸς
3656 2673 3822 2728 αὐτὸν

2165 2776 2526 2849 ἰξαπέστειλε,
2584 2775 2781 2838 παντὸς
2826 2774 2921 2846 μὶν
2982 2769 3238 2826 ἀπολύων
3301 2766 3453 2830 δέους
3509 2763 3667 2819 αὐτὸν
3726 2763 3822 2816 καὶ

2162 2861 2567 2938 νωϐελισσίμου
2602 2859 2882 2940 βραϐεύων
2945 2859 3177 2932 ἀξίωμα.
3216 2859 3274 2916 Ὀ
3337 2853 3395 2912 δὲ
3449 2854 3545 2918 τὰς
3593 2851 3644 2908 ἐν
3689 2871 3828 2927 χερ-

2165 2955 2244 3010 σὶν
2306 2954 2611 3029 εὐεργεσίας
2671 2952 3071 3029 περιφρονήσας
3125 2947 3358 3017 ἀνόνητα
3421 2940 3828 3018 μενεκλαύσατο

2161 3026 2404 3120 ὕστερονξ
2439 3026 2532 3098 Διὸ
2580 3043 2669 3097 καὶ
2715 3026 2998 3096 στέλλεται
3049 3037 3166 3092 κατ’
3196 3035 3359 3090 αὐτοῦ
3419 3035 3446 3088 ὁ
3495 3026 3825 3086 νωϐελίσσι-

2164 3157 2264 3209 μος
2298 3133 2539 3204 Ἀλέξιος
2571 3129 2825 3204 τιμηθεὶς
2858 3123 3114 3189 σεϐαστὸς
3170 3125 3306 3199 μετά
3362 3127 3613 3197 στρατιᾶς
3668 3120 3823 3209 ἀξιο-

2164 3208 2332 3299 λόγου
2387 3223 2476 3277 καὶ
2543 3223 2758 3289 ἱκανῆς.
2791 3217 3043 3295 Φρουρὰν
3101 3214 3192 3271 οὖν
3247 3213 3299 3270 έν
3347 3217 3429 3285 τῷ
3476 3208 3823 3299 περιθεωρίῳ

2161 3297 2260 3368 τοῦ
2309 3312 2642 3369 Βασιλακίου
2698 3303 3022 3364 καταλαϐὼν
3080 3304 3378 3382 στρατηγὸν
3433 3299 3664 3375 ἔχουσαν
3721 3297 3819 3353 τὸν

2162 3403 2398 3475 Γυμνὸν,
2457 3399 2690 3474 πολέμῳ
2745 3401 2934 3454 τοῦτον
2997 3396 3295 3471 ἀνήρπασε.
3350 3384 3706 3466 [Ιροϐιϐἀζων
3759 3385 3820 3442 δὶ

2162 3493 2261 3561 τήν
2337 3490 2590 3566 στρατιὰν
2658 3488 2789 3564 ἄχρι
2851 3484 3246 3554 Θεσσαλονίκης
3301 3481 3516 3549 ἀπαθὴς
3576 3475 3808 3566 διεσώθη

2162 3585 2364 3638 κακῶν.
2419 3582 2519 3634 Ἕκ
2566 3601 2715 3641 τινος
2765 3576 2822 3632 δὲ
2861 3574 3228 3648 διαστήματος
3287 3571 3378 3626 τὸν
3439 3571 3654 3646 χάρακα
3701 3565 3812 3629 θεὶς

2161 3671 2330 3744 πέραν
2363 3674 2458 3724 τοῦ
2486 3671 2737 3741 ποταμοῦ
2781 3670 2878 3722 τοῦ
2910 3662 3204 3741 λεγομένου
3265 3657 3592 3737 Βαρδαρίου,
3643 3654 3817 3710 ἐκεῖσε

2163 3758 2254 3815 τὸν
2315 3759 2540 3834 στρατὸν
2625 3753 2979 3811 διαναπαῦσαι
3055 3752 3374 3821 έσκόπτβεν.
3425 3750 3486 3807 Ὀ
3539 3744 3594 3801 δὲ
3645 3746 3820 3801 Βασι-

2165 3832 2390 3911 λάκιος-
2436 3848 2535 3916 τήν
2607 3845 2762 3916 νίκην
2828 3843 3028 3918 κλέψαι
3101 3839 3523 3916 ἀγωνιζόμενος,
3582 3832 3816 3904 ἐσκέψα-

2161 3958 2224 3992 το
2283 3934 2614 4011 νυκτίλοχος
2702 3934 2972 3990 ἐπιπεσεῖν
3051 3931 3200 4003 αὖτῷ
3263 3929 3351 3984 καὶ
3427 3930 3614 3981 τοῦτον
3671 3920 3814 3975 κατά

2159 4027 2355 4101 κράτος
2427 4009 2570 4082 έλεῖῖν
2637 4024 2726 4079 καὶ
2796 4021 3047 4092 ἀπωλείᾳ
3124 4017 3454 4096 παραδοῦναι
3535 4009 3818 4068 παντελεῖ.

2162 4119 2274 4173 Τοῦ
2308 4114 2364 4170 δὲ
2395 4118 2660 4188 Γεμιστοῦ
2698 4115 2797 4183 τήν
2851 4106 3153 4180 ἐπιϐουλὴν
3201 4105 3683 4180 καταμηνύσαντος
3738 4104 3820 4170 τῷ

2163 4200 2440 4276 Σεϐαστῷ,
2482 4203 2780 4282 ἐφυλάξατο
2836 4203 3038 4271 ταύτην
3098 4198 3262 4261 αὐτός
3319 4218 3376 4252 τε
3432 4195 3522 4250 καὶ
3584 4193 3636 4247 οἱ
3694 4190 3822 4264 περὶ

2159 4294 2342 4350 αὐτόν.
2406 4281 2638 4355 Ἐλάσας
2694 4292 2876 4347 τοίνυν
2923 4293 2952 4347 ὁ
2997 4288 3329 4349 Βασιλάκιος
3401 4283 3472 4340 δι’
3529 4281 3668 4353 ὅλης
3725 4286 3828 4349 τῆς

2158 4384 2372 4451 νυκτὸς,
2435 4384 2766 4458 ἀπροόπτως
2822 4386 2904 4453 τῷ
2979 4378 3156 4435 δοκεῖν
3243 4375 3333 4431 καὶ
3416 4371 3826 4448 ἀδιαγνώστως,

2157 4470 2393 4545 πολέμῳ
2424 4470 2658 4547 χαλεπῷ
2716 4472 3022 4546 περιέπεσε.
3060 4467 3210 4526 Κατά
3265 4466 3462 4542 κράτος
3513 4462 3604 4516 οὖν
3656 4462 3830 4530 ἡττη-

2158 4562 2268 4624 θεὶς
2345 4562 2436 4617 καὶ
2503 4567 2611 4616 τῶν
2683 4560 2898 4616 οἰκείων
2975 4556 3267 4619 πλείστους
3349 4547 3673 4622 ἀποϐαλὼν,
3730 4549 3824 4604 καὶ

2158 4649 2375 4726 μᾶλλον
2433 4657 2542 4706 τῶν
2602 4653 2891 4727 Φράγγων,
2921 4648 3013 4704 καὶ
3073 4647 3232 4710 αὐτὸς
3292 4642 3349 4700 δὶ
3403 4647 3482 4715 τῷ
3513 4638 3827 4714 δομεστίκφ

2157 4741 2499 4816 ἀντιταχθεὶς
2523 4740 2612 4795 καὶ
2639 4741 2766 4815 παρ’
2798 4739 2968 4794 αὐτοῦ
3013 4733 3412 4805 καταπονηθεὶς
3455 4731 3533 4794 εἴς
3581 4731 3680 4798 τήν
3724 4733 3828 4795 τῆς

2156 4829 2556 4900 Θεσσαλονίκης
2602 4827 2906 4902 ἀκρόπολιν
2951 4823 3370 4902 καταπέφευγεν,
3429 4820 3686 4892 οἰόμενος
3742 4820 3827 4888 τῷ

2158 4918 2484 4994 ὀχυρώματι
2515 4913 2855 4982 ἀποσοϐῆσαι
2902 4917 3001 4984 τήν
3041 4918 3140 4970 τοῦ
3192 4908 3466 4968 Σεϐαστοῦ
3515 4905 3818 4964 έπέλευσιν.

2159 5012 2238 5082 [Ρ.
2273 5011 2400 5081 866]
2431 5009 2486 5062 Ὀ
2528 5005 2586 5062 δὶ
2619 5002 2889 5068 Σεϐαστὸς
2925 5002 3096 5078 μηδέν
3131 5001 3417 5078 μελλήσας
3459 5000 3558 5068 τὴν
3611 4995 3819 5053 ἅλωσιν

2158 5096 2255 5152 τοῦ
2304 5101 2567 5175 φρουρίου
2610 5103 2728 5159 τοῖς
2771 5096 2906 5173 ἀμφ’
2945 5094 3104 5150 αὐτὸν
3149 5094 3521 5170 προετρέψατο
3576 5088 3668 5146 διὰ
3721 5085 3826 5143 τά·

2161 5206 2298 5261 χους
2356 5189 2732 5256 ποιήσασθαι·
2795 5186 2846 5239 οἳ
2902 5185 2993 5239 καὶ
3053 5183 3284 5259 ἆνεργεῖς
3357 5183 3454 5243 τὰς
3509 5175 3829 5255 προσϐολὰς

2161 5277 2550 5348 ποιησάμενοι,
2605 5281 2714 5330 τῶν
2801 5271 3236 5330 Θεσσαλονικέων
3323 5271 3830 5350 συμφρονησάντων

2163 5364 2368 5432 αὐτοῖς,
2401 5363 2543 5439 ταχὺ
2573 5365 2768 5419 τούτου
2811 5362 3134 5440 περιγίνεται
3185 5360 3274 5416 καί
3315 5369 3416 5432 τῆς
3469 5356 3829 5436 ἀκροπόλεως

2163 5453 2487 5528 έκυρίευσεν.
2541 5451 2849 5508 ’Δλίσκετειι
2911 5449 2966 5506 δε
3033 5452 3122 5506 καὶ
3181 5450 3366 5517 αὐτὸς,
3418 5447 3668 5526 σιδηροῖς
3729 5447 3829 5522 έμ-

2163 5538 2426 5598 ϐαλλεται
2470 5541 2716 5613 δεσμοῖς,
2750 5540 2841 5596 καί
2896 5546 2977 5613 τῷ
3031 5539 3248 5616 βασιλεῖ
3296 5537 3688 5595 ἀποστέλλεται
3736 5536 3824 5594 δέ·

2165 5653 2348 5706 σμιος.
2381 5638 2490 5700 Τῆς
2543 5629 2601 5685 δὲ
2659 5630 2913 5707 ἀγγελίας
2970 5624 3388 5699 κιοταλαϐούσης
3445 5629 3536 5683 τὸν
3598 5625 3829 5703 βασιλέα

2163 5721 2448 5796 προστάξει
2509 5719 2672 5775 αὐτοῦ
2741 5719 2870 5782 τοὺς
2947 5716 3268 5798 ὀφθαλμοὺς
3335 5717 3674 5794 έξορόττεται
3736 5715 3824 5794 Ey-
