4122 6392
352 420 477 481 473

1881 413 2276 477 HISTORIA.

3674 423 3794 483 474

364 573 520 630 γιστα
545 558 650 622 τῆς
708 552 1168 628 Χρυσουπόλεως·
1197 550 1288 608 καὶ
1327 549 1512 607 ἔκτοτε
1540 549 1568 605 6
1597 546 1766 610 τόπος
1798 546 2004 620 ὠνομα-

2133 547 2403 605 Basilacii
2429 568 2444 620 ;
2474 565 2590 622 quo
2640 550 2791 608 facto
2841 553 3160 624 perductus
3191 557 3282 611 est
3319 554 3378 610 in
3430 571 3606 612 curru
3637 572 3787 614 onus

364 663 482 700 στσι
518 642 712 719 βρύσις
764 645 878 718 (49)
925 647 1024 699 τοῦ
1056 637 1409 700 Βασιλακίου.
1457 637 1670 697 Τούτου
1725 636 2022 714 γενομένου

358 731 512 810 ἤχθη
547 732 629 812 ἐφ’
661 734 878 808 ἀμάξης
923 733 1122 812 φόρτος
1168 731 1401 791 ἐλεεινὸς
1445 731 1536 786 καὶ
1564 727 1825 807 δυστυχὲς
1855 748 2025 784 κατα·-

354 823 592 900 γώγιον.

431 913 520 968 Ἐν
555 911 670 986 ὅσῳ
700 910 760 968 δὶ
800 914 867 968 τὰ
909 911 1285 988 στρατεύματα
1333 910 1409 973 εἷς
1430 911 1532 980 τὴν
1561 910 1682 984 περὶ
1715 908 1806 963 τὸν
1856 909 2026 965 Βασι-

358 999 557 1057 λάκιον
608 999 963 1078 ἠσχολοῦντο
1022 1001 1388 1076 ἐκστρατείαν,
1446 999 1771 1069 ΙΙατζινάκοι
1831 996 2024 1068 ἀναμὶξ

364 1092 645 1163 Κομάνοις
702 1095 774 1165 τῇ
826 1089 1279 1167 Ἀδριανουπόλει
1339 1086 1612 1158 ἐπῆλθον,
1668 1086 2022 1164 ὀργιζόμενοι

368 1176 459 1234 διὰ
484 1181 544 1234 τὸ
575 1180 726 1255 παρὰ
768 1183 867 1234 τοῦ
917 1179 1203 1255 Βρυεννίου
1251 1177 1594 1253 ἀναιρεθῆναί
1649 1197 1797 1238 τινας
1827 1177 2021 1231 αὐτῶν.

362 1269 542 1343 Ιιυρᾶν
603 1267 698 1324 οῦν
756 1268 1056 1347 ὑφάψαντες
1101 1265 1290 1324 πολλὰ
1333 1272 1440 1322 τῶν
1476 1266 1645 1322 ἐκεῖσε
1702 1266 2020 1337 οἰκημάτων

351 1358 730 1433 κατέπρησαν,
809 1358 898 1412 καὶ
986 1355 1155 1431 μηδὲν
1239 1354 1384 1428 ἄξιον
1464 1353 1630 1431 λόγου
1679 1354 2023 1430 πεπραχότες

351 1447 722 1521 ὑπέστρεψαν.

422 1534 788 1611 Ὠμολὸγησε
819 1533 878 1592 δὲ
903 1535 1084 1610 τούτῳ
1127 1541 1206 1608 τῷ
1253 1533 1359 1592 ἔτει
1408 1536 1499 1590 καὶ
1551 1533 1856 1609 Φιλάρετος
1903 1553 2027 1597 κου,

345 1625 690 1700 ροπαλατης
757 1626 786 1680 6
859 1627 1178 1701 Βραχάμιος
1251 1624 1432 1680 πίστιν
1510 1628 1592 1698 τῷ
1660 1623 1878 1699 βασιλεῖ
1933 1627 2024 1681 καὶ

349 1712 660 1774 δούλωσιν.
723 1717 822 1772 Ἔν
878 1734 988 1769 τισι
1047 1715 1151 1792 γὰρ
1193 1713 1387 1776 τόποις
1445 1713 1671 1790 ὀχυροῖς
1697 1711 1904 1788 τείχεσι
1934 1713 2024 1767 καὶ

349 1803 702 1880 ξυναγκείαις
749 1803 1237 1879 περιειλημμένοις
1295 1803 1394 1872 τήν
1425 1802 1638 1874 οἷ’κησιν
1669 1801 2024 1876 ποιούμενος,

348 1893 677 1968 Ἀρμενίων
736 1914 796 1949 τε
849 1892 1065 1964 πληθὺν
1123 1892 1213 1948 καὶ
1273 1889 1593 1968 συγκλύδων
1623 1889 1834 1967 ἀνδρῶν
1892 1889 2022 1946 συλ-

349 1981 661 2054 λεξάμενος
700 2027 715 2050 ,
813 1987 892 2054 τῷ
997 1984 1091 2056 μὲν
1177 1976 1698 2058 προϐεϐασιλευκότι
1785 1979 2015 2056 Μιχαὴλ

358 2069 816 2134 ἀκαταδούλωτος
866 2071 958 2144 ἧν,
1014 2072 1106 2126 καὶ
1164 2071 1262 2140 τήν
1325 2068 1615 2147 βασιλικὴν
1676 2069 2019 2144 ἐπικράτειαν

361 2161 533 2231 ἐαυτῷ
561 2160 963 2234 οἰκειούμενος,
1012 2164 1108 2215 τοῦ
1141 2157 1198 2216 δὲ
1245 2162 1603 2216 Βοτανειάτου
1645 2159 2019 2234 περιζωσαμέ-

362 2271 462 2304 νου
488 2251 583 2317 τὴν
607 2251 785 2326 ἀρχὴν
813 2251 913 2319 τὴν
945 2249 1316 2326 αὐτοκράτορα
1347 2247 1545 2311 δοῦλος
1579 2245 2014 2324 αότεπάγγελτος

357 2339 570 2414 γέγονε.

428 2429 602 2490 Λέκας
661 2425 719 2482 δέ
765 2449 850 2490 τις
902 2428 1009 2483 ἀπὸ
1069 2425 1446 2484 Παυλικιάνων
1502 2426 2005 2490 Φιλιππουπόλεως

345 2516 688 2590 ὡρμημένος
745 2517 796 2588 ἐξ
855 2513 1257 2594 Ἐπιγαμϐρίας
1312 2515 1670 2591 ηὐτομόλησε
1725 2521 1839 2578 τοῖς
1899 2524 2007 2572 Πα-

341 2607 625 2674 τζινάκοις
663 2649 678 2674 ,
740 2607 830 2661 καὶ
911 2606 1128 2668 τούτοις
1201 2612 1526 2684 συμφρονῶν
1589 2611 1657 2680 τῇ
1719 2607 2003 2681 Ῥωμαίων

345 2695 573 2764 ἠπείλει
621 2697 692 2750 τά
746 2690 1118 2774 φοϐερώτατα’
1181 2694 1327 2752 ἀλλὰ
1377 2696 1466 2751 καὶ
1507 2691 1865 2773 Δοϐρομηρός
1920 2719 2004 2761 τις

339 2781 396 2838 ἒν
457 2779 799 2860 Μεσημϐρίᾳ
856 2783 1166 2843 διακυκῶν.
1226 2785 1324 2839 Καὶ
1379 2790 1461 2858 τῷ
1518 2784 1734 2860 βασιλεῖ
1785 2787 2002 2862 ἀντᾶραι

341 2869 715 2946 μελετῶντες,
773 2871 1043 2937 δείσαντες
1091 2873 1181 2929 καὶ
1218 2879 1335 2936 τοῖς
1383 2879 1489 2929 τῶν
1545 2871 1731 2930 ἄλλων
1789 2896 2003 2952 σωφρο-

331 2964 612 3026 νισθέντες
659 2969 872 3031 κακοῖς,
903 2963 1010 3039 πρὸ
1038 2970 1137 3034 τῆς
1163 2963 1351 3035 πείρας
1410 2961 1653 3037 δουλικῷ
1703 2969 1850 3038 ζυγῷ
1879 2966 2005 3028 τοὺς

337 3052 584 3127 αὐχένας
615 3051 905 3107 ὑπέκλιναν
955 3053 1047 3108 καὶ
1093 3051 1412 3125 προσῆλθον
1471 3053 1640 3108 ἱκέται
1673 3052 1999 3126 αὐτόμολοι.

331 3142 469 3197 Τότε
531 3139 602 3210 δὴ
634 3142 664 3196 6
724 3143 892 3204 Δέκας
945 3141 1038 3197 τὸν
1096 3141 1392 3197 ἐπίσκοπον
1446 3140 1715 3218 Ζαρδικῆς
1765 3143 2001 3218 Μιχαὴλ

332 3231 402 3285 τὰ
455 3234 560 3285 τοῦ
643 3227 914 3306 βασιλέως
987 3235 1286 3308 φρονοῦντα
1355 3230 1443 3286 καὶ
1498 3233 1597 3301 τὴν
1657 3229 1821 3286 πόλιν
1870 3231 2000 3287 αὐτὸ

331 3324 500 3375 τοῦτο
532 3325 715 3374 ποιεῖν
775 3324 1140 3395 παραινοῦντα
1177 3317 1379 3387 ἀνεῖλε,
1409 3322 1508 3391 τὴν
1557 3319 1702 3376 θείαν
1733 3320 1820 3376 καὶ
1853 3322 1999 3396 ἱεραο
2031 3294 2073 3360 C

331 3411 497 3478 τικήν
539 3407 747 3476 στολὴν
789 3408 1200 3484 ἀμπεχόμενον.
1264 3409 1486 3480 Ἠξίωσε
1543 3407 1600 3465 δὲ
1656 3412 1684 3466 ὁ
1747 3409 2000 3487 βασιλεὺς

336 3497 431 3553 καὶ
508 3498 612 3566 τήν
684 3497 790 3572 πρὸ
859 3502 957 3552 τοῦ
1035 3497 1348 3573 Αύγοῦσταν
1426 3496 1690 3554 Εύδοκίαν
1741 3502 2003 3574 προνοίας

346 3587 617 3661 μεγάΑης.
672 3587 828 3662 Ἀρτι
888 3584 947 3641 δὲ
1001 3591 1109 3642 τῶν
1164 3589 1416 3662 Τούρκων
1469 3589 1569 3657 τήν
1631 3590 1802 3662 Ἐῴαν
1833 3611 1997 3646 κατα-

346 3675 681 3750 τρεχόντων,
760 3676 985 3752 στρατὸν
1063 3677 1360 3753 ἀξιόχρεων
1440 3676 1750 3748 συνηλικὼς
1804 3701 2001 3755 στρατ-

345 3765 479 3837 ηγὸν
531 3764 694 3819 αὐτοῦ
752 3763 1002 3843 ἐφίστησι
1069 3772 1470 3822 Κωνσταντῖνον
1529 3767 1622 3821 τὸν
1679 3769 1792 3822 υἱὸν
1848 3776 2000 3824 Κων-

335 3853 625 3908 σταντίνου
681 3858 777 3908 τοῦ
839 3855 1038 3911 Δούκα.
1107 3854 1214 3911 Καὶ
1269 3855 1459 3910 αὐτίκα
1517 3852 1842 3931 διαπεράσας
1873 3879 1998 3912 νεω-

332 3942 543 4011 τερίζει
598 3945 731 3998 κατὰ
786 3948 884 3999 τοῦ
947 3943 1239 4020 βασιλέως,
1317 3945 1407 3999 καὶ
1472 3943 1726 4019 βασιλεὺς
1802 3947 1999 4004 αὐτίκα

345 4030 727 4106 ἀναγορεύεται
797 4033 946 4108 παρᾶ
1023 4037 1120 4088 τοῦ
1187 4032 1238 4088 ἐν
1317 4032 1662 4107 Χρυσοπόλει
1741 4036 1994 4100 συνόντος

335 4118 494 4190 αὐτῷ
581 4125 973 4196 στρατιωτικοῦ
1051 4121 1320 4192 πλήθους.
1398 4122 1664 4192 Ἀξιώσας
1738 4121 1796 4178 δὲ
1869 4125 1994 4200 περὶ

327 4209 535 4264 τούτου
590 4210 618 4263 ὁ
678 4207 932 4285 βασιλεὺς
982 4209 1074 4264 καὶ
1137 4218 1211 4284 μή
1275 4211 1662 4282 εἰσαγουσθεὶς,
1711 4211 1836 4276 τοὺς
1897 4214 1990 4287 μὲν

329 4294 537 4370 δώροις
569 4300 657 4353 καὶ
688 4298 960 4372 ἀξιώμασι
1012 4298 1416 4373 μειλιξάμενος,
1449 4297 1654 4364 ἄλλους
1707 4298 1763 4356 δὲ
1813 4301 1994 4365 ἄλλον

327 4388 536 4458 τρόπον
601 4392 1166 4464 μεταχειρισάμενος,
1224 4383 1493 4462 λαμϐάνει
1563 4394 1758 4445 τοῦτον
1840 4391 1992 4447 ἀναι-

331 4477 505 4548 μωτὶ,
571 4478 636 4550 [Ρ
669 4519 684 4533 .
735 4479 863 4551 869]
922 4477 1100 4532 αὐτῶν
1150 4483 1258 4534 τῶν
1316 4479 1790 4553 ἀναγορευσάντων
1851 4502 1992 4556 προ-

327 4562 658 4620 δεδωκότων
689 4567 870 4622 αὑτόν.
907 4567 1216 4644 Ἀποκείρει
1243 4571 1372 4643 γοῦν
1402 4567 1559 4623 αὐτον
1611 4570 1855 4645 μοναχὸν
1900 4570 1991 4626 καί

2135 637 2472 695 miserabile
2502 643 2558 695 et
2588 639 2789 696 infelix
2822 641 3020 697 ludus.

2209 909 2434 964 Interea
2489 925 2621 963 vero
2665 909 2806 964 dum
2840 911 3130 967 exercitus
3175 911 3235 966 in
3282 911 3650 983 expeditione
3680 914 3787 968 ad-

2135 1011 2338 1052 versus
2383 995 2732 1052 Basilacium
2782 1004 3124 1070 occupatur,
3175 1000 3466 1056 Patzinaci
3515 1018 3648 1057 cum
3681 1002 3787 1059 Co-

2133 1085 2328 1141 manis
2403 1087 2701 1158 conjuncti
2773 1087 3214 1160 Adrianopolim
3292 1088 3578 1160 invasere,
3653 1090 3790 1148 irati

2133 1176 2286 1247 quod
2320 1193 2353 1231 a
2384 1177 2672 1248 Bryennio
2721 1177 2962 1248 quidam
3014 1195 3082 1233 ex
3134 1179 3280 1250 ipsis
3330 1178 3615 1234 interfecti
3667 1179 3790 1236 fue-

2135 1270 2286 1319 rant.
2318 1265 2613 1320 Succensa
2641 1265 2822 1338 igitur
2850 1283 2989 1337 pyra
3021 1265 3238 1322 multas
3270 1267 3349 1321 ibi
3394 1267 3600 1322 domos
3629 1283 3791 1323 com-

2135 1354 2399 1423 bussere,
2429 1353 2711 1426 nuflaque
2761 1372 2821 1410 re
2871 1363 3198 1410 memoratu
3251 1355 3432 1429 digna
3479 1359 3646 1427 gesta
3693 1373 3790 1412 re-

2133 1445 2282 1498 versi
2315 1449 2475 1498 sunt.
2918 1435 2923 1439 ’

2206 1531 2510 1588 Professus
2540 1536 2629 1589 est
2659 1532 2767 1588 hoc
2794 1549 2949 1587 anno
2978 1531 3154 1588 etiam
3188 1531 3518 1589 Philaretus
3548 1550 3792 1606 europa-

2132 1620 2279 1676 latcs
2309 1622 2694 1678 Bracbamius
2724 1621 2898 1677 {idem
2929 1627 2988 1678 et
3025 1620 3364 1678 servitutem
3394 1623 3738 1696 imperatori
3773 1639 3788 1680 :

2133 1712 2192 1768 in
2224 1714 2581 1784 quibusdam
2630 1712 2786 1768 enim
2836 1712 2981 1768 locis
3025 1713 3212 1768 muris
3260 1712 3506 1770 munitis
3553 1718 3610 1769 et
3649 1730 3790 1770 con-

2132 1802 2390 1858 vallibus
2439 1802 2880 1875 comprehensis
2929 1803 3204 1858 habitans
3248 1808 3450 1858 coacta
3483 1801 3788 1858 Armenio-

2135 1911 2265 1948 rum
2298 1897 2354 1948 et
2385 1894 2740 1950 advenarum
2774 1892 3176 1963 multitudine,
3209 1910 3516 1964 nunquam
3563 1893 3786 1949 Micha-

2128 1983 2225 2050 eli,
2261 1983 2362 2055 qui
2413 1988 2584 2039 antea
2631 1984 3041 2055 imperaverat,
3073 1982 3288 2052 subjici
3335 1981 3539 2051 voluit,
3569 1986 3625 2037 et
3669 1980 3782 2037 sibi

2129 2073 2346 2146 regiam
2382 2076 2726 2145 potestatem
2753 2073 3170 2128 vindicaverat.
3205 2075 3420 2126 Verum
3455 2087 3588 2126 cum
3620 2073 3787 2126 Bota-

2126 2161 2312 2217 niates
2363 2163 2610 2234 adeptus
2657 2166 2814 2218 esset
2864 2161 3204 2234 imperium,
3247 2176 3451 2218 servus
3505 2159 3660 2216 ultro
3710 2161 3786 2216 ad

2125 2269 2258 2309 cum
2293 2252 2561 2309 accessit.

2189 2434 2366 2488 Lecas
2399 2436 2594 2488 autem
2644 2430 2887 2504 quidam
2921 2447 2953 2486 a
2983 2428 3339 2486 Paulicianis
3371 2445 3439 2485 ex
3472 2427 3774 2502 Philippo-

2118 2524 2234 2595 poli
2266 2524 2580 2596 profectus,
2611 2522 2986 2594 Epigambria
3015 2522 3086 2577 ad
3136 2520 3478 2576 Patzinacas
3509 2518 3770 2575 transfu-

2115 2614 2215 2684 git,
2248 2617 2304 2668 et
2337 2629 2470 2667 cum
2507 2612 2598 2666 his
2647 2611 3022 2667 consentiens
3060 2609 3342 2665 Romanis
3375 2605 3773 2664 formidabilia

2117 2702 2492 2768 minabatur;
2554 2701 2697 2772 quin
2755 2700 2932 2755 etiam
2994 2698 3352 2755 Dobromiris
3409 2697 3650 2768 quidam
3710 2695 3770 2751 in

2115 2792 2464 2849 Mesembria
2495 2808 2586 2847 res
2640 2791 3010 2863 perturbans.
3045 2793 3110 2844 Et
3143 2793 3386 2860 uterque
3417 2787 3774 2842 meditantes

2114 2879 2451 2952 imperatori
2511 2879 2804 2945 resistere,
2837 2877 3003 2934 veriti
3037 2881 3096 2933 et
3144 2876 3394 2932 aliorum
3437 2874 3606 2931 malis
3637 2873 3775 2929 edo-

2114 2970 2212 3038 cti,
2245 2974 2379 3025 ante
2410 2973 2683 3024 conatum
2728 2966 2920 3023 servili
2947 2968 3094 3038 jugo
3125 2965 3378 3022 cervices
3417 2963 3774 3023 submisere,

2112 3063 2169 3114 et
2201 3059 2272 3113 ad
2302 3073 2437 3113 eum
2471 3056 2623 3112 ultro
2656 3056 2952 3127 supplices
2973 3057 3364 3110 accesserunt.
3397 3053 3564 3107 Tunc
3593 3051 3772 3106 Lecas

2111 3145 2452 3218 episcopum
2527 3144 2796 3200 Sardices
2870 3143 3242 3214 imperatoris
3302 3140 3658 3209 studiosum,
3716 3141 3774 3194 et

2113 3235 2410 3290 civitatem
2443 3239 2508 3290 ut
2556 3233 2664 3290 hoc
2711 3232 2905 3305 ipsum
2954 3231 3169 3287 faceret
3209 3230 3642 3297 adhortantem,
3675 3242 3770 3283 oc-

2113 3324 2254 3382 cidit
2288 3325 2437 3380 142
2471 3339 2701 3379 sacram
2749 3327 2807 3378 et
2851 3320 3275 3378 sacerdotalem
3332 3323 3553 3375 vestem
3605 3317 3774 3372 indu-

2112 3422 2261 3472 tum.
2323 3416 2595 3487 Magnam
2655 3429 2892 3486 quoque
2951 3429 3152 3468 curam
3211 3410 3394 3483 gessit
3450 3409 3772 3480 imperator

2115 3504 2377 3561 Eudociae
2419 3504 2580 3559 illius
2625 3519 2754 3575 quae
2794 3507 2928 3557 ante
2976 3517 3038 3556 se
3068 3501 3259 3557 fuerat
3305 3500 3586 3568 Augusta.
3621 3495 3767 3552 Cum

2110 3613 2244 3654 vero
2294 3610 2483 3668 nuper
2526 3591 2699 3650 Turci
2760 3591 3054 3647 Orientem
3097 3590 3522 3661 percurrerent,
3568 3591 3768 3641 coacto

2111 3687 2320 3742 idoneo
2378 3682 2655 3738 exercitui
2715 3681 2921 3736 ducem
2991 3678 3247 3751 praefecit
3310 3673 3765 3732 Constantinum

2110 3773 2479 3832 Constantini
2533 3773 2694 3826 Ducas
2729 3769 2954 3837 filium;
2989 3767 3089 3840 qui
3141 3767 3340 3822 statim
3378 3766 3624 3834 trajecto
3664 3779 3764 3817 ex-

2109 3865 2294 3922 ercitu
2362 3864 2645 3919 adversus
2708 3860 3122 3931 imperatorem
3174 3873 3268 3911 res
3321 3856 3580 3920 innovat,
3633 3857 3689 3908 et
3734 3869 3765 3908 e

2107 3953 2352 4026 vestigio
2384 3953 2701 4022 imperator
2731 3948 2803 4003 ab
2851 3965 2917 4003 ea
2949 3946 3187 4002 militari
3225 3942 3604 4000 multitudine
3635 3958 3764 4012 quas

2107 4059 2240 4098 cum
2293 4042 2420 4112 ipso
2468 4043 2596 4094 erat
2645 4033 2985 4108 Cbrysopoli
3037 4033 3347 4090 salutatur.
3381 4035 3645 4101 Cumque
3692 4028 3764 4084 de

2108 4132 2233 4201 ipso
2265 4131 2591 4200 imperator
2617 4125 2904 4180 voluisset
2935 4123 3132 4178 nescio
3165 4122 3303 4193 quid
3339 4125 3616 4186 statuere,
3645 4134 3763 4173 non

2105 4221 2438 4287 exauditus,
2471 4216 2616 4272 alios
2647 4215 2818 4271 donis
2849 4219 3024 4285 atque
3072 4213 3363 4268 honorum
3391 4207 3762 4283 pollicitatio-

2104 4312 2280 4367 nibus
2311 4307 2620 4372 deliniens,
2668 4304 2813 4360 alios
2843 4301 2957 4358 alia
3000 4302 3224 4357 ratione
3274 4301 3345 4355 ab
3393 4299 3625 4370 incepto
3657 4296 3760 4352 ab-

2103 4401 2346 4467 ducens,
2413 4399 2611 4470 ipsum
2661 4395 2790 4450 sine
2832 4394 3116 4467 sanguine
3178 4393 3410 4464 accipit,
3461 4388 3756 4462 proditum

2102 4491 2216 4548 sibi
2266 4491 2338 4546 ab
2385 4490 2457 4544 iis
2507 4487 2606 4560 qui
2655 4502 2789 4540 eum
2841 4483 3253 4556 imperatorem
3296 4480 3756 4538 declaraverant.

2107 4581 2387 4636 Detondet
2418 4578 2598 4650 igitur
2626 4574 2790 4630 illum
2844 4573 3224 4637 monachum,
3257 4572 3402 4626 etin
3435 4569 3755 4641 quamdam

325 4652 403 4739 εἷς
436 4675 560 4709 τινα
586 4660 751 4724 νῆσον
784 4656 1107 4732 περιορίζει.
1141 4657 1372 4731 Λέγεται
1404 4654 1460 4712 δὲ
1494 4657 1576 4713 ὅτι
1607 4658 1696 4714 καὶ
1730 4658 1804 4722 εἰς
1835 4680 1994 4735 πρεσ-

2130 4668 2361 4726 nsulam
2414 4665 2653 4739 relegat.
2688 4664 2893 4719 Fertur
2939 4663 3115 4718 etiam
3147 4662 3218 4716 ad
3270 4657 3592 4731 presbyteri
3622 4673 3756 4728 gra-

326 4737 565 4818 ϐυτέρου
596 4744 814 4820 ἀνήχθη
853 4746 952 4818 βαθ
961 4743 1059 4818 μόν
1071 4787 1084 4801 .

393 4827 725 4907 Ὀκτωϐρίῳ
807 4830 866 4887 δὲ
955 4833 1131 4906 μηνὶ,
1199 4832 1540 4899 ῗνδικτιῶνος
1605 4838 1688 4910 ιγ’,
1733 4840 1987 4913 κεραυνὸς

320 4919 604 4994 ἐνσκήψας
650 4919 703 4977 ἐν
761 4925 841 4994 τῷ
891 4926 991 4977 τοῦ
1053 4921 1295 4998 μεγάλου
1350 4926 1757 4982 Κωνσταντίνου
1805 4927 1986 4998 κίονι,

323 5009 387 5065 οὗ
449 5007 654 5064 ἄνωθεν
710 5012 746 5080 ἠ
800 5010 980 5082 στήλη
1042 5011 1207 5067 αὑτοῦ
1239 5015 1354 5087 (50)
1381 5012 1592 5070 ἵστατο.
1628 5014 1986 5081 Ἀπόλλωνος

320 5100 465 5155 οὖσα
520 5097 805 5177 ἀφίδρυμα
854 5101 1143 5176 πρότερον,
1204 5102 1281 5165 εἰς
1343 5098 1518 5177 ὄνομα
1576 5102 1633 5160 δὲ
1681 5127 1988 5180 μετονομα-

317 5193 513 5253 σθεῖσα
545 5231 562 5260 ,
642 5186 807 5263 μέρος
886 5209 947 5244 τε
1001 5189 1198 5245 τούτου
1264 5189 1499 5266 διέτεμε,
1552 5195 1641 5250 καὶ
1703 5200 1986 5273 ζωστῆρας

314 5283 492 5353 τρεῖς,
538 5274 801 5349 σιδηροῦς
850 5279 945 5351 μὶν
1004 5279 1071 5333 τὶ
1129 5277 1303 5353 ἔνδον,
1352 5281 1418 5336 τὰ
1470 5279 1528 5338 δὲ
1587 5278 1688 5356 ἔξω
1713 5282 1982 5361 χαλκοῦς,

313 5366 648 5425 κατεκαυσε.
736 5371 846 5422 Τοῦ
926 5363 984 5421 δὶ
1072 5366 1374 5445 ἀρχιερέως
1453 5378 1554 5442 τῆς
1637 5371 1982 5450 Βουλγαρίας

2101 4759 2240 4812 dum
2275 4757 2614 4828 perductus.

2167 4845 2403 4902 Octobri
2435 4850 2634 4899 autem
2683 4857 2904 4906 mense,
2940 4840 3260 4895 indictione
3303 4836 3529 4892 decima
3554 4833 3754 4900 tertia,

2099 4933 2319 4990 fulmen
2373 4932 2571 5006 magni
2617 4929 2984 4988 Constantini
3043 4929 3377 4984 columnam
3439 4921 3752 4995 percussit,

2097 5040 2278 5096 supra
2308 5039 2484 5095 quam
2510 5021 2705 5078 stabat
2733 5019 2924 5093 ipsius
2954 5016 3402 5087 columna,'qua:
3435 5014 3599 5085 prius
3628 5015 3756 5067 erat

2095 5113 2266 5169 sedes
2298 5110 2836 5186 Apollinis,deinde
2867 5107 3104 5164 nomine
3135 5105 3323 5178 ipsius
3344 5101 3638 5177 appellata
3661 5119 3676 5171 ;
3697 5104 3758 5157 et

2093 5206 2320 5274 partem
2353 5203 2481 5274 ejus
2512 5199 2771 5266 discidit,
2804 5197 3037 5266 triaque
3064 5193 3297 5251 vincula
3345 5193 3506 5248 intus
3545 5191 3754 5257 ferrea,

2094 5294 2258 5346 extra
2289 5307 2435 5346 aerea
2482 5287 2834 5345 combussit.
2863 5285 2996 5341 Vita
3048 5289 3245 5341 autem
3297 5285 3497 5338 functo
3527 5281 3754 5337 Joanne

2094 5378 2379 5453 Bulgaria
2411 5377 2853 5451 archiepiscopo
2885 5374 2944 5431 in
2975 5374 3226 5431 transitu
3259 5369 3750 5442 Basilacii,alium

1625 5545 1869 5603 JACOBI
1907 5549 2123 5606 GOARI
2161 5549 2392 5606 NOTIE.

377 5668 494 5741 (49)
534 5669 768 5746 Fonteii:
795 5661 989 5746 βρύσιν,
1010 5665 1754 5746 νοξ-βρύσην-ιιοάἱθῃνυῐεο
1798 5675 1980 5731 Graeci

308 5731 684 5815 nuncupant.
721 5731 1054 5794 Βάσίλακίου
1084 5731 1294 5813 ἱίειίιιιό
1336 5741 1524 5816 βρύσις
1562 5731 1728 5803 Ιοοιὶἓ
1779 5746 1879 5803 ubi
1909 5763 1978 5804 ex

2091 5676 2320 5733 effossis
2350 5677 2478 5748 ejus
2510 5673 2697 5731 oculis
2728 5673 2971 5746 sanguis
3002 5675 3196 5746 erupit
3226 5677 3315 5730 est
3343 5673 3555 5730 dictus.

2157 5750 2270 5822 (50)
2303 5749 2435 5821 Ejus
2462 5749 2668 5804 statua.
