4122 6404
310 343 429 402 475

1635 343 1962 407 JOANNIS
2006 344 2409 407 SCYLITZIE

3610 340 3732 400 476

311 477 367 533 in
393 478 524 550 ejus
541 475 736 535 locum
761 478 1078 550 imperator
1098 471 1735 547 declaravit,Joannem
1762 478 1965 534 itidem

2090 478 2336 534 Ἰωάννου
2389 476 2820 548 τελευτήσαντος
2863 476 2918 533 ἐν
2947 481 3016 551 τῇ
3049 480 3146 530 τοῦ
3178 473 3509 532 Βασιλακίου
3540 471 3730 547 διόδῳ,

313 569 570 638 nomine,
600 568 703 640 qui
755 568 995 636 Aoinus,
1030 570 1087 624 id
1119 574 1208 625 est
1248 570 1596 638 abstemius,
1629 569 1965 635 vocabatur,

313 659 467 729 quod
502 675 807 729 nunquam
852 658 1054 712 vinum
1089 663 1370 730 gustaret.
1421 657 1704 714 Similiter
1734 664 1965 712 mortuo

313 746 633 800 Antiochiae
650 746 1962 819 patriarchadeclaravitimperatorquemdam

314 835 705 906 Nicephorum
738 835 1006 890 Maurum
1035 837 1185 892 743
1209 836 1965 907 cognomento.Scopiorum

315 929 509 980 autem
556 925 675 979 dux
718 924 979 981 delectus
1011 930 1100 980 est
1134 926 1451 981 Alexander
1500 925 1819 981 Cabasilas.
1856 926 1967 980 Leo

317 1029 447 1069 vero
493 1013 851 1069 Diabatenus
901 1015 959 1068 in
996 1015 1408 1069 Mezembriam
1462 1013 1681 1069 missus
1731 1031 1823 1069 res
1855 1013 1973 1068 illic

317 1101 756 1167 moderabatur,
773 1108 982 1158 etcum
1015 1103 1338 1158 Patzinacis
1362 1108 1417 1158 et
1436 1103 1712 1158 Comanis
1738 1119 1974 1174 percus-

319 1207 384 1246 so
419 1191 631 1246 faedere
660 1191 981 1247 consensit.
1017 1191 1187 1246 Dedit
1215 1193 1351 1246 item
1389 1191 1607 1247 sororis
1641 1209 1758 1248 suae
1794 1191 1972 1246 filiam

320 1280 689 1352 Synadenen,
747 1279 1038 1336 Theodulo
1111 1281 1418 1352 Synadeno
1490 1281 1770 1352 genitam,
1835 1279 1975 1335 crali

321 1367 587 1440 Ungarim
645 1385 906 1435 uxorem,
940 1386 1056 1440 quo
1111 1369 1286 1423 etiam
1347 1374 1577 1424 mortuo
1636 1387 1845 1424 rursus
1891 1373 1979 1424 est

320 1457 666 1528 Byzantium
717 1473 968 1513 reversa.
1015 1462 1081 1513 Et
1129 1458 1231 1512 alii
1269 1459 1436 1513 multi
1489 1457 1871 1530 metropolita:
1922 1463 1979 1513 et

319 1546 472 1601 sacri
505 1547 613 1601 viri
645 1547 773 1618 ipso
825 1547 1153 1620 imperante
1207 1546 1414 1603 delecti
1466 1552 1606 1603 sunt
1638 1568 1651 1617 ;
1686 1548 1783 1620 qui
1818 1549 1978 1603 omni

319 1633 774 1707 reprehensione
796 1641 1133 1691 caruerunt.
1175 1640 1500 1709 Imperator
1521 1641 1716 1692 autem
1741 1636 1981 1708 frugali—

322 1724 426 1779 tati
457 1729 516 1779 et
546 1725 914 1796 simplicitati
963 1731 1238 1782 assuetus
1269 1727 1433 1781 nulla
1482 1742 1549 1783 ex
1598 1732 1760 1798 parte
1793 1743 1826 1780 a
1857 1727 1981 1782 suis

321 1813 586 1868 moribus
608 1813 943 1868 declinavit.
982 1815 1112 1869 Erat
1152 1819 1343 1869 autem
1387 1815 1642 1870 maxime
1675 1819 1980 1887 promptus

322 1902 394 1956 ad
429 1901 799 1974 largiendum
829 1908 884 1958 et
912 1902 1364 1959 liberalissimus
1395 1908 1452 1958 et
1496 1905 1563 1958 ad
1609 1921 1813 1959 omnes
1847 1920 1976 1976 pro-

322 2007 565 2063 pensus.
602 1991 910 2065 Erantipsi
935 1994 1051 2048 duo
1093 1993 1240 2048 servi
1283 1992 1512 2049 Borilus
1539 1997 1595 2049 et
1624 1993 1976 2059 Germanus,

323 2079 427 2152 qui
451 2097 566 2136 non
591 2081 646 2136 ei
672 2085 734 2135 ut
751 2081 899 2136 servi
928 2082 1298 2148 obediebant,
1317 2083 1416 2138 sed
1443 2099 1803 2154 quaecunque
1833 2082 1980 2154 ipsis

324 2169 597 2233 liberent,
657 2169 786 2225 sine
844 2172 1242 2226 controversia
1298 2173 1691 2244 peragebant;
1743 2177 1982 2243 propter

327 2275 477 2331 quos
499 2258 598 2314 ille
618 2259 858 2315 odiosus
880 2263 1004 2316 erat
1028 2265 1270 2317 senatus
1292 2260 1679 2333 principibus,
1712 2260 1813 2332 qui
1832 2275 1981 2334 aegre

327 2348 594 2404 ferebant
640 2347 876 2405 illorum
930 2350 985 2403 in
1037 2367 1237 2406 omnes
1268 2351 1545 2406 facinora.
1584 2350 1687 2406 Ubi
1727 2367 1883 2417 vero,
1919 2354 1981 2404 ut

329 2437 602 2508 superius
650 2437 1016 2493 declaratum
1067 2444 1174 2507 est,
1205 2439 1504 2510 logotheta
1552 2441 1622 2493 ad
1675 2437 1978 2494 Ruselium

330 2526 594 2597 confugit
617 2532 674 2582 et
695 2529 847 2600 apud
883 2528 1078 2598 ipsum
1113 2533 1507 2583 commoratus
1528 2533 1636 2591 est,
1671 2529 1980 2583 detonsus-

330 2632 444 2686 que
477 2617 548 2670 ab
578 2615 707 2687 ipso
739 2616 1415 2682 servabatur,Ruselium
1438 2633 1656 2671 veneno
1680 2617 1978 2671 interﬁcit.

332 2703 441 2759 Sed
477 2721 510 2760 a
541 2705 886 2776 propinquis
919 2705 1132 2760 Ruselii
1166 2705 1238 2761 ad
1269 2705 1632 2761 Botaniatem
1666 2705 1981 2776 perductus

332 2792 391 2846 in
426 2792 598 2847 Prota
645 2792 840 2847 insula
895 2798 1247 2848 asservatur.
1295 2794 1560 2864 Cumque
1611 2793 1648 2846 ii
1698 2793 1799 2863 qui
1848 2809 1981 2848 cum

336 2882 464 2952 ipso
495 2886 661 2935 erant
691 2883 908 2952 optime
939 2886 1199 2947 nossent,
1217 2882 1264 2938 si
1297 2880 1491 2936 solum
1522 2881 1716 2951 ipsum
1742 2882 1980 2948 videret,

337 2969 456 3024 fore
479 2973 542 3023 ut
561 2969 791 3024 veniam
815 2974 1292 3042 consequeretur,
1318 2974 1518 3042 utpote
1541 2970 1639 3041 qui
1665 2967 1982 3025 multarum

331 3076 524 3116 rerum
559 3077 670 3117 usu
706 3062 981 3133 praeditus
1012 3067 1259 3124 esset,et
1289 3062 1606 3134 imperator
1636 3061 1761 3134 ipse
1793 3062 1862 3116 ad
1892 3077 1982 3116 res

329 3149 616 3221 gerendas
639 3155 797 3205 esset
818 3149 1101 3218 hebetior,
1135 3150 1234 3223 qui
1267 3165 1398 3205 cum
1435 3149 1789 3222 imperatore
1819 3154 1983 3205 erant

2074 563 2257 642 ἕτερον
2307 567 2417 621 ἀντ’
2464 566 2628 621 αὐτοῦ
2683 568 2710 621 6
2767 565 3022 642 βασιλεὺς
3068 560 3425 641 προεϐάλετο,
3476 563 3733 634 Ἰωάννην

2077 657 2165 712 καὶ
2219 656 2376 711 αὐτὸν
2426 655 2792 730 καλούμενον,
2835 659 3056 711 ’Ἀοινον
3091 653 3148 710 δὲ
3178 655 3584 727 ὀνομαζόμενον
3644 650 3737 707 διὰ

2074 747 2138 801 τὸ
2195 744 2323 819 μηδ’
2380 745 2526 808 ὅλως
2564 745 2812 821 μετέχειν
2859 745 3042 802 αὐτοῦ.
3103 744 3373 805 Ὡσαύτως
3433 740 3490 798 δε
3517 742 3736 797 καὶτοῦ

2080 837 2420 910 Ἀντιοχείας
2523 834 2869 909 πατριάρχου
2953 833 3313 908 κοιμηθέντος
3396 828 3736 906 προεϐάλετο

2079 926 2108 979 6
2170 923 2430 1000 βασιλεύς
2485 945 2605 978 τινα
2665 924 2976 999 Νικηφόρον
3014 968 3026 991 ,
3089 925 3312 1000 Μαῦρον
3369 923 3468 990 τὴν
3523 920 3734 976 ἐπωνυ-

2087 1014 2209 1088 μίαν
2269 1013 2519 1090 φέροντα.
2584 1011 2837 1067 Σκοπίων
2899 1010 2958 1067 δὶ
3015 1009 3141 1084 δοὺξ
3192 1006 3514 1087 προεϐλήθη
3549 1012 3577 1064 6
3634 1017 3737 1064 Κα-

2084 1099 2312 1164 ϐασίλας
2371 1100 2725 1176 Ἀλέξανδρος
2761 1148 2773 1158 .
2835 1101 2984 1156 Λέων
3062 1099 3120 1156 δὶ
3177 1102 3204 1156 6
3268 1097 3604 1171 Διαϐατηνὸς
3657 1099 3735 1162 εἰς

2085 1187 2451 1266 Μεσημϐρίαν
2510 1189 2837 1253 ἀποσταλεὶς
2896 1191 2962 1245 τά
3025 1189 3195 1246 ἐκεῖσε
3245 1190 3308 1257 ἦν
3369 1187 3588 1244 διοικῶν
3647 1188 3740 1243 καὶ

2089 1283 2222 1354 μετᾶ
2276 1284 2384 1334 τῶν
2442 1281 2789 1349 Πατζινάκων
2847 1279 3076 1334 καὶτῶν
3136 1281 3402 1351 Κομάνων
3463 1273 3738 1350 συμϐιϐά-

2085 1391 2196 1431 σεις
2253 1370 2340 1424 καὶ
2402 1367 2636 1431 σπονδὰς
2693 1370 2971 1441 τιθέμενος
3007 1411 3018 1424 .
3080 1367 3290 1423 Δέδωκε
3368 1365 3425 1423 δὲ
3495 1368 3584 1422 καὶ
3640 1367 3744 1435 τὴν

2088 1460 2307 1533 ἀνεψιὰν
2340 1458 2508 1513 αὐτοῦ
2557 1460 2585 1513 6
2639 1457 2892 1533 βασιλεὺς
2934 1459 3034 1528 τὴν
3079 1455 3416 1526 Συναδηνὴν,
3471 1457 3741 1532 θυγατέρα

2089 1547 2250 1603 οὖσαν
2309 1546 2618 1603 Θεοδοῦλου
2672 1552 2772 1602 τοῦ
2835 1543 3165 1618 Συναδηνοῦ,
3199 1551 3278 1618 τῷ
3325 1544 3502 1620 κράλῃ
3533 1544 3743 1620 Οὐγγα-

2091 1639 2211 1713 ρίας
2259 1636 2336 1700 εἰς
2395 1642 2644 1712 γυναῖκα,
2703 1637 2766 1691 οὗ
2832 1638 2918 1692 καὶ
2978 1635 3406 1706 τελευτήσαντος
3463 1635 3618 1698 αὖθις
3665 1649 3746 1695 εις

2088 1728 2150 1782 τὸ
2182 1727 2472 1796 Βυζάντιον
2510 1726 2826 1800 ὑπέστρεψε.
2888 1727 2986 1780 Καὶ
3018 1725 3362 1801 χειροτονίας
3416 1722 3474 1779 δὲ
3530 1722 3746 1784 πολλάς

2013 1856 2060 1920 Β
2095 1816 2523 1892 μητροπολιτῶν
2574 1837 2633 1871 τε
2675 1816 2764 1870 καὶ
2810 1820 2920 1870 τῶν
2961 1812 3148 1876 ἄλλως
3173 1815 3483 1891 ἱερωμένων
3514 1810 3746 1890 γεγόνα-

2207 1905 2220 1920 ς
2279 1910 2286 1920 ι
2359 1913 2387 1920 .-
2476 1907 2504 1920 Λ
2604 1903 2624 1920 \
2678 1905 2688 1920 Ι
2825 1904 2839 1920 9
2917 1909 2942 1919 υ
3075 1906 3088 1920 ι
3133 1901 3156 1920 Ἰ
3427 1904 3441 1920 \
3492 1904 3506 1920 Ί
3621 1900 3655 1920 0‘

2088 1928 2168 1960 σιν
2203 1905 2288 1961 ἐπὶ
2321 1913 2420 1975 τῆς
2476 1903 2753 1981 βασιλείας
2784 1904 2966 1975 αὐτοῦ,
3021 1906 3096 1977 μή
3132 1901 3354 1978 ἔχουσαι
3388 1904 3450 1958 τὸ
3483 1900 3742 1972 ἀνεπίλη-

2089 2017 2244 2050 πτον.
2297 1997 2358 2052 Ὁ
2414 1993 2472 2049 δὲ
2523 1993 2778 2069 βασιλεὺς
2813 1993 3057 2064 λιτότητι
3108 1995 3198 2048 καὶ
3250 1991 3525 2061 ἁπλότητι
3573 2013 3749 2047 συνει-

2089 2085 2341 2158 θισμένος
2370 2085 2488 2139 κατ’
2527 2081 2680 2139 οὐδὲν
2711 2087 2809 2139 τοῦ
2841 2083 3044 2138 οἰκείου
3076 2081 3257 2154 ἐξέστη
3307 2081 3534 2158 τρόπου.
3569 2081 3746 2138 Φιλο-
3783 2089 3788 2094 ’

2092 2171 2400 2249 δωρότατος
2451 2170 2508 2227 δὲ
2553 2174 2620 2241 ἦν
2668 2172 2758 2227 καὶ
2809 2172 3095 2246 προετικὸς
3143 2170 3230 2226 καὶ
3289 2177 3448 2226 πᾶσιν
3509 2171 3749 2243 ἑτοίμως

2090 2261 2525 2335 ἐπικλινόμενος.
2585 2265 2752 2317 Ἦσαν
2808 2259 2867 2316 δέ
2892 2261 3074 2334 τούτῳ
3107 2257 3298 2316 δοῦλοι
3358 2258 3478 2328 δύο,
3511 2260 3752 2335 Βορίλος

2088 2374 2147 2408 τε
2196 2353 2285 2406 καὶ
2337 2351 2634 2426 Γερμανὸς,
2667 2351 2729 2405 o6
2779 2351 2912 2406 κατὸ
2942 2348 3176 2412 δούλους
3225 2350 3390 2405 αὐτοῦ
3452 2349 3753 2404 ὑπακούον-

2087 2462 2198 2509 τες,
2259 2439 2403 2496 ἀλλὰ
2450 2444 2553 2494 πᾶν
2611 2441 2672 2495 τὸ
2726 2441 2914 2502 αὐτοῖς
2978 2439 3252 2515 βουλητὸν
3281 2436 3743 2515 διαπραττόμενοι

2091 2529 2494 2592 ἀνενδοιάστος·
2545 2527 2615 2584 δι’
2663 2527 2756 2591 οὓς
2804 2530 2894 2584 καὶ
2939 2529 3198 2607 φορτικὸς
3234 2534 3352 2591 τοῖς
3379 2527 3746 2604 ἐξοχωτέροις

2089 2626 2190 2688 τῆς
2250 2617 2559 2692 συγκλήτου
2608 2618 2923 2690 ἐνομίζετο,
2983 2615 3340 2690 δακνομένοις
3391 2615 3472 2693 ἐφ’
3523 2619 3605 2678 οἷς
3665 2615 3744 2678 εἷς

2092 2711 2296 2768 πάντας
2357 2704 2744 2761 ἐπεδείκνυντο.
2816 2705 2964 2762 Ἐπεδ
3025 2703 3101 2772 δὶ,
3161 2707 3234 2767 ὡς
3283 2704 3507 2782 ὁλόγος
3539 2707 3748 2780 φθασας

2095 2797 2403 2871 ἱστόρησεν,
2477 2797 2504 2850 6
2563 2794 2860 2870 λογοθέτης
2914 2799 2992 2866 τῷ
3039 2794 3342 2867 Ῥουσελίῳ
3402 2790 3751 2869 προσέδραμε

2091 2884 2180 2939 καὶ
2235 2886 2382 2961 παρὰ
2437 2884 2616 2957 τούτῳ
2676 2881 2830 2958 διῆγε
2879 2882 3230 2960 κατασχεθείς
3285 2903 3344 2938 τε
3399 2884 3536 2959 πρὸς
3583 2881 3752 2938 αὐτοῦ

2093 2972 2362 3049 ἐτηρεῖτο,
2433 2973 2494 3028 τὸ
2575 2974 2668 3045 μὶν
2755 2971 3063 3028 Ῥουσέλιον
3151 2973 3422 3049 φαρμάκῳ
3506 2971 3754 3048 ἀναιρεῖ,

2091 3063 2238 3139 παρὰ
2290 3060 2346 3117 δὲ
2402 3067 2511 3116 τῶν
2571 3058 2898 3132 ἐπιτηδείων
2955 3066 3052 3117 τοῦ
3111 3060 3428 3118 Ῥουσελίου
3480 3065 3559 3133 τῷ
3589 3067 3758 3117 Βοτα-

2091 3153 2276 3227 νειάτῃ
2334 3151 2665 3227 προσαχθεὶς
2716 3154 3030 3228 φρουρεῖται
3088 3148 3141 3205 ἐν
3190 3153 3259 3215 τῆ
3317 3151 3466 3222 νήσῳ
3525 3150 3750 3225 Πρώτῃ.

326 3238 480 3294 haud
514 3240 839 3295 conducere
889 3241 1001 3296 sibi
1053 3241 1457 3296 existimantes
1506 3241 1650 3311 (fore
1680 3241 1835 3296 enim
1865 3241 1976 3296 sibi

2090 3246 2204 3294 Τῶν
2263 3238 2320 3295 δὲ
2360 3240 2484 3316 περὶ
2545 3227 2735 3295 αὐτῶν
2769 3236 2994 3294 εἰδότων
3051 3233 3292 3314 ἀκριϐῶς
3351 3238 3425 3300 ὡς
3481 3239 3527 3292 εἱ
3585 3238 3750 3311 μόνον

326 3328 745 3400 impedimento
809 3331 961 3385 744
1016 3330 1492 3402 suspicabantur)
1526 3331 1708 3386 misso
1769 3347 1982 3402 magno

323 3417 709 3474 hetaeriarcha
755 3420 1214 3475 Straboromano
1266 3436 1400 3474 eum
1453 3419 1854 3486 interficiunt;
1889 3419 1981 3474 cui

325 3511 523 3562 tamen
549 3508 620 3562 ab
647 3507 1000 3576 imperatore
1023 3509 1079 3564 id
1107 3526 1289 3563 unum
1317 3509 1661 3563 mandatum
1697 3510 1901 3578 fuerat,
1924 3512 1986 3562 ut

326 3597 398 3651 de
429 3595 501 3650 iis
535 3596 800 3667 pecuniis
850 3613 975 3668 quae
1008 3598 1078 3651 ad
1111 3597 1330 3668 regiam
1374 3597 1576 3651 urbem
1626 3598 1987 3668 pertinerent

326 3700 462 3740 eum
495 3685 662 3740 modo
714 3685 1122 3757 interrogaret,
1176 3702 1368 3757 neque
1418 3685 1666 3741 ulterius
1717 3686 1773 3739 in
1809 3686 1984 3741 rebus

327 3775 375 3828 ei
412 3773 741 3830 molestiam
777 3774 1100 3830 exhiberet.
1136 3773 1238 3830 Ille
1269 3781 1462 3830 autem
1497 3774 1674 3830 simul
1708 3779 1883 3846 atque
1915 3775 1983 3830 ad

327 3880 459 3918 eum
490 3864 770 3935 pervenit,
795 3864 1000 3918 vinciri
1016 3863 1187 3935 jubet
1210 3869 1267 3918 et
1292 3865 1497 3919 acerbe
1528 3865 1810 3936 torqueri,
1843 3865 1987 3920 adeo

331 3958 396 4007 ut
428 3954 485 4007 in
518 3953 664 4024 ipsis
689 3954 1001 4008 tormentis
1027 3953 1283 4009 animam
1311 3952 1823 4024 efﬂarit,quamvis
1852 3970 1988 4024 pro-

331 4042 612 4109 mitteret,
643 4043 694 4097 si
727 4059 843 4097 non
878 4047 1268 4113 torqueretur,
1303 4058 1363 4097 se
1397 4047 1456 4097 et
1498 4043 1905 4098 confessurum
1935 4048 1991 4098 et

332 4131 701 4185 redditurum
754 4132 914 4202 ipsas
967 4131 1267 4202 pecunias.
1299 4131 1536 4200 Verum,
1571 4136 1636 4185 ut
1683 4132 1821 4199 dixi,
1873 4149 1986 4186 non

331 4223 562 4274 tantum
611 4220 758 4291 ipsis
811 4237 964 4276 curae
997 4225 1167 4274 erant
1197 4220 1340 4291 regii
1385 4221 1670 4286 thesauri,
1703 4225 1988 4292 quantum

330 4307 561 4362 efficere
595 4313 659 4362 ut
688 4325 716 4363 e
743 4309 936 4363 medio
963 4307 1288 4378 tolleretur,
1319 4308 1595 4379 priusque
1625 4310 1682 4363 in
1715 4326 1991 4381 conspec-

337 4401 461 4450 tum
493 4397 731 4452 veniens
779 4397 1153 4469 imperatoris
1187 4414 1319 4453 cum
1344 4414 1410 4453 eo
1441 4397 1891 4470 colloqueretur.
1927 4401 1995 4454 Et

339 4503 470 4558 quae
495 4488 568 4541 ad
597 4488 815 4543 caedem
867 4487 1173 4559 logotheta:
1225 4488 1519 4560 pertinent
1569 4489 1726 4544 hunc
1775 4490 1994 4547 exitum

343 4577 618 4633 habuere.

2093 3329 2184 3404 ἴδῃ
2244 3329 2444 3396 αὐτὸν,
2498 3327 2835 3401 συμπαθείας
2887 3349 2947 3382 τε
2997 3327 3234 3398 τεύξεται
3288 3327 3378 3382 καὶ
3433 3327 3510 3388 εἷς
3568 3328 3632 3381 16
3684 3326 3753 3381 τά

2091 3419 2248 3474 κοινᾶ
2343 3415 2567 3472 διοικεῖν
2655 3415 3141 3494 προσληφθήσεται
3225 3416 3302 3480 ὡς
3381 3415 3745 3491 πολύπειρος,

2095 3505 2438 3582 ὰμϐλότερον
2475 3507 2610 3582 πρὸς
2665 3511 2831 3560 ταῦτα
2859 3509 2956 3560 τοῦ
2992 3504 3263 3580 βασιλέως
3312 3499 3563 3580 ἔχοντος,
3615 3507 3742 3578 ὅπερ

2098 3601 2174 3672 μή
2235 3599 2509 3676 συμφέρον
2546 3596 2691 3670 αὐτῷ
2720 3596 2926 3671 οἱπερὶ
2975 3598 3066 3650 τὸν
3118 3594 3347 3671 βασιλέα
3395 3592 3745 3670 λογιζόμενοι

2096 3683 2330 3761 (ἔσεσθαι
2386 3687 2486 3763 γαρ
2545 3686 2702 3741 αὐτὸν
2765 3685 3012 3742 σκόλοπα
3078 3686 3290 3748 ἐαυτοῖς
3347 3680 3750 3757 ὑπελάμϐανον)

2096 3776 2506 3838 ἀποστείλαντες
2559 3776 2651 3830 τὸν
2715 3775 2880 3851 μέγαν
2911 3776 3295 3850 ἱταιρειάρχην
3355 3776 3447 3829 τὸν
3504 3767 3745 3848 Στραϐο-

2097 3867 2350 3942 ρωμανὸν
2413 3865 2721 3940 ἀναιροῦσιν
2782 3865 2972 3931 αὐτὸν,
3021 3864 3170 3937 παρά
3229 3865 3323 3937 μὲν
3352 3867 3449 3918 τοῦ
3481 3860 3748 3938 βασιλέως

2096 3953 2566 4031 προστεταγμένον
2626 3952 2682 4008 ὅν
2742 3955 2865 4028 περὶ
2924 3956 3031 4008 τῶν
3078 3956 3148 4027 τῇ
3203 3951 3442 4027 βασιλίδι
3475 3949 3753 4023 διαφερόν-

2097 4065 2205 4100 των
2260 4044 2566 4119 ’χρημάτων
2618 4045 2730 4114 (51)
2786 4043 3045 4105 πυθέσθαι
3104 4041 3267 4114 μόνον
3327 4041 3496 4096 αὐτοῦ
3552 4039 3754 4112 καὶμὴ

2098 4134 2402 4209 περαιτέρω
2433 4131 2610 4202 τούτῳ
2649 4129 2970 4206 ἐνοχλῆσαι.
3005 4133 3092 4204 [Α.
3153 4132 3280 4204 852]
3321 4132 3382 4187 Ὀ
3443 4127 3499 4184 δὲ
3543 4131 3656 4202 ἅμα
3678 4133 3760 4200 τῷ

2100 4221 2382 4300 ἀφικέσθαι
2415 4219 2604 4292 δεσμεῖ
2649 4241 2707 4274 τε
2766 4221 2927 4274 αὐτὸν
2987 4221 3075 4274 καὶ
3137 4218 3310 4288 ἐτάζει
3369 4215 3641 4296 σφοδρῶς,
3699 4216 3759 4280 ὅς

2103 4310 2169 4381 δὴ
2202 4312 2300 4366 καὶ·
2353 4310 2404 4365 ἐν
2443 4315 2524 4382 τῷ
2581 4309 2856 4378 ἐτάζεσθαι
2907 4309 3102 4388 ἀφῆκε,
3148 4310 3249 4378 τήν
3301 4309 3505 4383 ψυχήν.
3569 4307 3759 4365 Καίτοι

2102 4422 2164 4476 γε
2227 4402 2566 4475 ὑπισχνεῖτο,
2599 4398 2649 4453 εἷ’
2683 4400 2756 4472 μὴ
2793 4397 3064 4468 ἐτασθείη,
3099 4396 3446 4472 ὁμολογῆσαι
3473 4401 3639 4452 ταῦτα
3666 4396 3760 4450 καὶ

2103 4487 2410 4546 ἀναδοῦναι·
2472 4487 2620 4557 ἀλλ’,
2682 4487 2862 4560 ὥσπερ
2923 4483 3082 4564 ἔφην,
3142 4485 3204 4540 οὗ
3260 4490 3517 4541 τοσοῦτον
3567 4482 3761 4558 ἔμελεν

2105 4582 2292 4642 αὐτοῖς
2319 4584 2426 4636 τῶν
2483 4579 2781 4656 βασιλικῶν
2836 4582 3147 4653 θησαυρῶν,
3180 4577 3304 4632 ὅσον
3337 4580 3564 4646 ποιῆσαι
3597 4575 3758 4631 αὐτὸν

337 4663 583 4720 ἐκποδὼν
616 4667 722 4740 πρὸ
751 4670 847 4722 τοῦ
875 4666 950 4729 είς
980 4663 1102 4741 ὄψιν
1136 4666 1312 4732 ἐλθεῖν
1346 4668 1436 4722 καὶ
1467 4666 1688 4741 ὁμιλίαν
1721 4673 1800 4740 τῷ
1832 4667 2066 4744 βασιλεῖ.
2101 4670 2198 4725 Καὶ
2228 4670 2295 4725 τὰ
2329 4671 2423 4744 μὲν
2455 4670 2591 4724 κατὰ
2617 4671 2718 4738 τὴν
2752 4668 3021 4744 ἀναίρεσιν
3047 4671 3144 4721 τοῦ
3179 4666 3477 4742 λογοθέτου
3508 4669 3762 4720 τοιοῦτον

337 4752 465 4831 ἔσχε
491 4755 675 4818 τέλος.

1654 4877 1902 4934 JACOBI
1943 4879 2163 4936 GOARI
2202 4879 2432 4935 NOTZE.

409 4976 685 5051 (51)_H.sc
715 4977 1074 5050 logothetam
1106 4977 1297 5034 aerarii
1330 4978 1670 5050 praefectum
1700 4995 1830 5036 esse
1862 4979 1910 5036 si
1943 4996 2058 5036 non
2093 4981 2462 5051 convincunt,
2496 4977 2580 5035 soi
2615 4977 2763 5034 alter
2793 4978 3039 5036 meridie
3066 4992 3392 5048 serenoque
3430 4975 3573 5032 caelo
3605 4975 3769 5032 desi-

340 5048 636 5104 derandus
666 5052 773 5105 est.
