4122 6386
472 395 594 458 479
1881 401 2085 464 LEON
2092 401 2162 464 IS
2203 402 2517 464 ALLATII
3774 397 3908 459 480

465 526 556 584 οὖν
606 529 903 604 γράμματα
950 525 1130 605 ἔλεγεν
1179 531 1207 585 ὁ
1267 529 1436 602 Δίων,
1485 531 1576 587 καὶ
1622 532 1856 601 ποιητὰς
1892 539 2145 605 μυπθῆκ

2259 535 2410 592 tusae.
2452 538 2570 606 Ipse
2605 537 2757 592 enim
2801 551 2950 592 nunc
2993 535 3212 592 demum
3259 534 3560 591 rhetorices
3615 532 3908 589 desiderio

465 638 552 672 ναι
608 617 744 672 κατᾶ
789 618 888 686 τὴν
938 616 1225 686 Βασιλίδα,
1283 619 1580 694 ῥητορικὴν
1639 619 1717 688 δὲ,
1763 623 1851 677 καὶ
1893 622 2125 700 φιλοσο-

2259 639 2440 691 eneor,
2472 641 2598 680 cum
2638 627 2902 681 Photium
2939 641 3217 680 summum
3252 624 3542 695 praesidem
3559 639 3745 678 senem
3774 633 3907 676 ma'

469 706 616 781 φίαν,
660 707 750 760 καὶ
799 708 1046 780 ἀριθμῶν
1098 706 1420 782 ἀναλήψεις,
1463 710 1550 764 καὶ
1605 711 1701 773 τὰς
1749 716 1856 766 τῶν
1913 711 2122 767 λοιπῶν

469 795 788 867 ἰπιστημῶν
833 793 1061 873 ἐφόδους
1108 799 1244 851 κατὰ
1287 799 1385 866 τήν
1431 805 1593 868 νῆσον
1647 801 1878 875 ’Δντρον
1907 801 2128 873 γινόμε-

469 902 578 946 νος⁶
631 883 804 938 inice
855 886 958 958 γὰρ
1010 885 1291 957 σπουδαίῳ
1342 888 1449 941 τινὶ
1516 886 1757 962 ἐντυχὼν
1809 886 1963 964 ἀνδρὶ
2020 893 2127 946 Μι-

471 972 624 1050 χαὴλ
653 978 732 1044 τῷ
762 971 993 1046 Ψελλῷ,
1027 974 1116 1028 καὶ
1147 976 1241 1036 τὰς
1271 977 1443 1050 ἀρχᾶς
1479 977 1667 1048 μόνον,
1701 977 1790 1031 καί
1822 999 1968 1039 τινας
2026 977 2127 1033 λό-

470 1085 619 1138 γους,
650 1062 740 1117 καὶ
793 1062 1042 1140 ἀφορμὰς
1094 1059 1277 1118 λαϐὼν
1335 1067 1459 1139 παρ’
1504 1065 1688 1133 αὐτοῦ,
1723 1066 1836 1122 ἐπεὶ
1888 1069 1963 1136 μὴ
2008 1067 2132 1121 ὅσον

471 1148 730 1207 ἐϐούλετο
785 1153 1017 1225 εὕρισκε,
1078 1153 1409 1228 περιενόστει
1466 1155 1533 1208 τὰ
1594 1158 1933 1228 μοναστήρια
1967 1199 1980 1223 ,
2041 1156 2130 1209 καὶ

471 1241 565 1303 τὰς
623 1242 675 1296 ιν
734 1241 917 1302 αὐτοῖς
999 1241 1362 1314 ἀποκειμένας
1441 1238 1669 1316 βίϐλους
1732 1243 2021 1318 ἁνερευνῷν
2075 1265 2133 1298 τε

474 1331 565 1385 καὶ
617 1330 1002 1405 ποριζόμενος,
1062 1331 1152 1384 καὶ
1230 1329 1544 1392 σπουδαίως
1618 1330 1935 1403 ἐμμελετῶν
1995 1332 2131 1406 πρὸς

472 1420 538 1474 τὸ
583 1427 683 1487 τῆς
734 1420 1001 1490 τοσαύτης
1050 1421 1301 1495 γνώσεως
1350 1419 1482 1493 ὕψος
1533 1415 1886 1490 ἀνεϐιϐάσθη.
1931 1425 1992 1477 Id
2025 1429 2132 1490 est,

476 1512 700 1567 Litteris
724 1518 773 1566 et
819 1512 987 1580 pOetis
1035 1512 1162 1575 Leo,
1195 1519 1256 1566 ut
1299 1513 1414 1579 ipse
1458 1513 1690 1580 ferebat,
1743 1513 1997 1567 initiatus
2026 1512 2137 1580 fuit

477 1602 764 1672 Byzantii.
819 1601 1189 1667 Rhetoricam,
1231 1601 1664 1670 philosophiam,
1699 1602 2134 1668 arithmeticam,

475 1693 528 1746 et
583 1689 827 1759 reliquas
881 1690 1148 1742 scientias
1207 1705 1266 1743 in
1325 1691 1494 1744 Antro
1551 1692 1739 1744 insula
1785 1689 2000 1757 didicit,
2059 1689 2137 1744 ibi

478 1785 738 1834 versatus
768 1793 894 1832 cum
949 1777 1216 1833 Michaele
1266 1778 1466 1842 Psello,
1523 1781 1822 1849 praestante
1875 1781 2013 1838 viro.
2064 1779 2134 1834 ab

479 1883 647 1938 eoque
702 1868 999 1937 principiis
1054 1870 1272 1921 tantum
1328 1871 1380 1922 et
1433 1867 1761 1938 quibusdam
1823 1869 2132 1937 praeceptis,

483 1955 861 2013 occasionibus
923 1955 1174 2010 discendi
1257 1957 1578 2023 instructus,
1646 1974 1822 2028 neque
1895 1965 2139 2024 tantum,

482 2050 750 2119 quantum
779 2043 1128 2099 desiderabat
1151 2045 1401 2116 adeptus,
1433 2049 1778 2102 monasteria
1806 2050 2140 2119 pervagatus

483 2138 584 2201 est,
622 2133 893 2204 librosque
933 2135 994 2188 in
1025 2134 1094 2189 iis
1125 2135 1384 2205 repositos
1411 2138 1754 2206 perquirens,
1794 2143 1960 2207 atque
1987 2152 2143 2190 scru-

486 2233 634 2293 tans,
663 2222 1006 2294 studioseque
1051 2224 1324 2279 meditans
1353 2225 1427 2280 ad
1474 2230 1640 2280 tanta
1669 2225 1939 2282 doctrinae
1982 2227 2142 2294 lasti-

485 2314 642 2382 gium
696 2314 897 2367 evasit.
959 2312 1209 2368 Leonem
1267 2314 1472 2383 primis
1546 2313 1761 2369 litteris
1819 2314 2140 2380 initiatum,

485 2402 783 2470 Musisque
811 2400 1014 2456 litasse
1047 2402 1303 2470 Byzantii
1336 2403 1521 2459 vides.

563 2491 658 2547 III.
695 2491 962 2545 Profanis
1013 2495 1209 2546 tamen
1243 2491 1455 2546 studiis
1505 2491 1944 2564 Gentiliumque
1973 2491 2147 2547 disci-

490 2580 669 2653 plinis
727 2579 1194 2642 addictissimus,
1255 2597 1376 2634 rem
1451 2580 1846 2636 Christianam
1905 2581 2146 2636 omnino

493 2669 849 2739 neglexerat,
912 2669 1057 2722 adeo
1117 2674 1181 2722 ut
1237 2667 1442 2723 multis
1499 2668 1650 2737 aliis,
1709 2677 1768 2724 et
1825 2669 2146 2740 praisertim

492 2757 874 2812 Constantino
923 2755 1232 2826 discipulo,
1266 2756 1428 2810 visus
1479 2757 1574 2823 sit,
1606 2758 1913 2828 repudiata
1952 2758 2148 2812 Chris-

493 2847 793 2902 tianorum
852 2845 988 2912 fide,
1040 2845 1099 2899 in
1156 2843 1561 2916 gentilismum
1622 2851 1680 2900 et
1738 2845 1936 2902 futiles
2006 2846 2152 2901 anti-

495 2950 748 3007 quorum
795 2937 1124 2988 Grecorum
1183 2931 1403 2994 τελετὰς
1475 2933 1740 2989 animum
1800 2935 2149 3006 applicasse,

499 3023 846 3095 cultumque
895 3022 1319 3093 exosculatum,
1365 3024 1506 3078 deos
1538 3023 1803 3094 improbe
1853 3025 2146 3079 adorasse.

496 3113 624 3172 Viri
655 3112 959 3184 ingenium
1009 3111 1287 3168 conviciis
1335 3113 1760 3168 Constantinus
1791 3114 2002 3168 acriter
2031 3131 2154 3169 ver-

498 3203 743 3268 beravit,
777 3205 833 3257 et
879 3201 1140 3256 carmine
1187 3201 1442 3273 elegiaco
1486 3202 1809 3257 insectatus
1854 3208 1964 3271 est,
1998 3203 2149 3274 quod

495 3293 578 3349 ita
608 3291 824 3348 clausit
859 3308 872 3346 :

496 3411 672 3462 Ταῦτα
702 3403 760 3460 δὲ
790 3410 1190 3477 Κωνσταντῖνος
1225 3405 1252 3458 ὁ
1283 3411 1382 3473 σῆς
1415 3403 1558 3477 γάλα
1588 3402 1979 3476 Καλλιοπείης,

567 3477 746 3552 καλὸν
776 3473 1175 3552 ᾇμελξάμενος,
1209 3477 1370 3552 φησὶν
1405 3473 1800 3552 ἑπισταμὲνως,

495 3552 594 3612 "Oc
621 3550 688 3624 ῥα
717 3547 840 3624 τεῆς
871 3547 1098 3624 κραδίης
1135 3547 1409 3624 μυστήρια
1443 3547 1884 3624 λεπτολογήσας,

572 3618 703 3697 Ὀψὶ
737 3618 1479 3697 μόγιςαακίηνκιυθομένην
1517 3618 1701 3691 ἐδάηνέ

499 3741 560 3795 Id
615 3745 704 3795 est
753 3758 766 3796 :
820 3740 896 3810 [3]
946 3741 1068 3793 Haec
1114 3754 1238 3794 vero
1289 3739 1702 3807 Constantinus,
1757 3741 1854 3810 qui
1903 3743 2016 3795 tua:
2063 3739 2158 3794 lac

501 3831 767 3900 Calliopes
811 3827 1107 3900 pulchrum
1154 3827 1347 3894 ebibit,
1396 3831 1650 3898 expertus
1697 3827 1875 3882 dicit:
1920 3829 2026 3896 Qui
2073 3830 2159 3883 lui

498 3920 679 3976 cordis
725 3935 933 3973 arcana
983 3919 1180 3972 intime
1209 3916 1543 3986 expendens,
1577 3916 1802 3972 tandem
1854 3917 2156 3987 aliquando

500 4008 856 4080 iniquitatem
884 4005 1160 4061 occultam
1189 4008 1423 4076 percepi.
1459 4005 1744 4075 Discipuli
1796 4006 2155 4061 calumniam

503 4095 729 4152 Psellus
762 4112 911 4167 aegre
942 4095 1097 4159 tulit,
1131 4100 1188 4150 et
1215 4094 1478 4150 carmine
1509 4095 1782 4161 iambico,
1810 4110 1998 4164 eoque
2026 4111 2157 4165 pro-

499 4185 636 4254 lixo,
669 4202 785 4256 quo
817 4201 879 4240 se
907 4184 1121 4238 Christi
1171 4183 1480 4249 asseclam,
1514 4187 1570 4237 et
1619 4183 1881 4254 gentium
1926 4183 2157 4238 hostem

504 4273 698 4346 palam
746 4273 978 4339 fatetur,
1013 4271 1290 4340 injuriam
1345 4271 1728 4342 propulsavit.
1771 4271 2018 4326 Carmen
2050 4270 2162 4326 ele-

504 4361 944 4434 gantissimum,
977 4359 1130 4415 sicut
1171 4364 1228 4415 et
1266 4360 1382 4415 alia
1427 4360 1693 4430 ejusdem
1738 4359 1958 4415 inedita
2004 4360 2160 4431 apud

509 4467 603 4506 me
653 4456 834 4515 sunt;
868 4453 926 4504 et
973 4449 1079 4503 tibi
1129 4466 1242 4504 non
1293 4448 1658 4518 invidissem,
1707 4449 1809 4503 sed
1860 4449 2163 4504 brevitatis

505 4539 704 4595 studio
737 4539 792 4593 in
846 4539 962 4592 alia
994 4539 1182 4608 magis
1214 4528 1570 4592 necessaria
1611 4539 1812 4593 ducor.
1847 4537 1919 4593 Ut
1965 4542 2161 4594 tamen

508 4627 720 4683 melius
742 4643 835 4681 res
856 4626 1223 4681 Christianas
1247 4631 1650 4696 pertractaret,
1683 4626 1889 4682 Photio
1914 4627 2162 4696 patriar—
2195 4659 2240 4723 Β

503 4715 628 4772 chaa
660 4719 790 4785 post
820 4713 1031 4786 Ignatii
1069 4713 1526 4779 restitutionem,
1554 4712 1624 4767 ad
1649 4712 1928 4784 mysteria
1951 4717 2160 4768 nostra)

501 4805 635 4860 ﬁdei
686 4803 1067 4865 addiscenda,
1118 4807 1307 4856 totum
1341 4817 1403 4856 se
1451 4799 1715 4867 tradidit,
1747 4818 1780 4856 a
1811 4817 1926 4872 quo
1965 4801 2164 4857 divina

501 4895 771 4950 doctrina
829 4893 1182 4957 instructus,
1241 4889 1534 4960 prioribus
1592 4890 1808 4946 studiis
1861 4889 2161 4961 valedixit,

502 4985 658 5054 quod
692 4982 819 5053 ipse
850 4979 1106 5052 elegiaco
1140 4977 1239 5034 illo
1263 4979 1522 5035 carmine
1550 4979 1725 5035 refert
1761 4996 1772 5034 :

503 5101 673 5179 ’Έρῥε
725 5124 838 5176 μοι,
891 5103 936 5156 ὧ
984 5098 1308 5176 τριτάΛαινα
1361 5100 1665 5173 Πολύμνια.
1724 5101 1973 5179 ’Έρῥετε,
2014 5102 2162 5156 Μοῦ-

576 5242 921 5319 ᾼῦταρΑΞγὼν
955 5243 1062 5298 ἀπὸ
1094 5247 1184 5298 νῦν
1221 5242 1526 5319 ῥητορικῆς
1546 5239 1766 5319 ἔραμαι,
1955 5173 2088 5245 [ΜΗ

507 5293 1026 5404 ΦιὲίτὶιονΓάρεᾶξερῆα
1055 5293 1836 5404 γεροντοιδιδξὶσκαλοινιἑύρῶν,

577 5389 676 5448 Ὃς
712 5409 777 5460 με
796 5387 1029 5465 ’γάλακτ¹
1058 5387 1273 5464 ἔθρεψεν
1303 5388 1460 5450 Θείων
1491 5387 1766 5460 ναμάτων.

508 5513 571 5569 Id
601 5518 692 5570 est
724 5532 736 5570 :
776 5517 900 5572 Vale
931 5518 1128 5584 mihi,o
1157 5521 1240 5572 ter
1267 5514 1588 5571 miseranda
1617 5515 1932 5585 Polymnia.
1957 5514 2157 5584 Valete,

2231 716 2468 784 gistrum
2514 715 2914 784 adinvencrim,
2947 717 3044 786 qui
3072 732 3160 770 me
3196 717 3334 770 lacte
3375 716 3650 770 enutrivit
3678 714 3904 768 divina-

2233 820 2357 857 rum
2401 807 2823 875 scaturiginum.
2863 805 3040 860 Vocat
3085 805 3356 860 Photium
3407 799 3911 878 γεροντοδιδάσκα-

2236 891 2356 960 λον,
2408 894 2494 949 vel
2546 896 2700 965 quod
2753 912 2949 960 senex,
3003 895 3091 950 vel
3146 897 3300 967 quod
3350 913 3550 951 senem
3599 895 3908 963 erudiret;

2237 985 2410 1040 ambo
2443 986 2665 1056 quippe
2707 992 2882 1040 erant
2914 991 3081 1040 aetate
3118 987 3496 1056 provectiorc.
3532 985 3710 1056 quue
3739 1000 3910 1039 com-

2243 1074 2478 1129 modius
2532 1074 2708 1129 Leoni
2742 1073 3049 1140 successit,
3083 1075 3236 1129 inter
3283 1075 3426 1129 aula:
3473 1075 3755 1146 primates
3785 1091 3911 1129 non

2245 1167 2560 1233 postremo.
2585 1163 2729 1218 Nam
2755 1163 2997 1217 Photius
3025 1162 3309 1234 dignitate
3333 1162 3622 1234 spollatus
3653 1162 3712 1218 in
3743 1161 3915 1232 regia

2244 1251 2441 1306 Basilii
2495 1251 2828 1306 Macedonis
2879 1252 3054 1306 vitam
3088 1269 3292 1321 agens,
3325 1253 3574 1307 Leonem
3627 1268 3691 1306 ac
3724 1253 3913 1306 Cons-

2243 1340 2559 1405 tantinum,
2593 1345 2958 1411 caeterosque
3005 1339 3207 1395 Basilii
3241 1340 3390 1395 filios
3439 1341 3510 1394 ad
3564 1339 3908 1394 humanita-

2243 1434 2382 1496 tem,
2415 1429 2810 1500 eli-quentiam
2843 1435 2900 1484 et
2951 1429 3096 1484 alias
3127 1429 3478 1500 disciplinas
3529 1428 3914 1483 informabat.

2242 1518 2390 1573 Hinc
2409 1520 2587 1572 etiam
2626 1518 2820 1573 aditus
2843 1518 3012 1572 Leoni
3035 1518 3106 1572 ad
3151 1517 3440 1573 diviniora
3477 1517 3675 1572 studia
3703 1532 3914 1585 capes-

2244 1607 2428 1662 senda
2464 1607 2638 1661 datus
2663 1611 2771 1660 est.
2809 1607 2868 1659 Id
2911 1605 3097 1661 habeo
3137 1621 3205 1660 ex
3231 1605 3616 1660 Constantino
3647 1604 3914 1676 Porphy-

2245 1699 2561 1765 rogenneta
2594 1698 2663 1765 (ε)
2695 1696 2766 1749 de
2797 1695 2914 1750 vita
2942 1699 2998 1749 et
3028 1695 3203 1750 rebus
3252 1696 3434 1766 gestis
3483 1692 3682 1750 Basilii
3716 1693 3915 1748 Mace-

2245 1783 2415 1837 donis
2450 1801 2462 1838 :
2495 1782 2574 1837 Οὐ
2628 1782 2722 1852 μὲν
2777 1778 2902 1835 οὸδὶ
2932 1783 3038 1854 πρὸ
3066 1781 3263 1836 τούτου
3291 1778 3505 1836 διέλιπε
3531 1779 3916 1855 φιλοφρονού-⁵

2253 1890 2408 1942 μενος
2451 1868 2634 1936 αὐτὸν,
2691 1871 2930 1940 Φώτιον,
2987 1868 3075 1923 καὶ
3129 1875 3305 1942 τιμῶν
3369 1867 3458 1924 διὰ
3511 1870 3611 1937 τήν
3663 1867 3715 1924 ἐν
3759 1867 3916 1940 αὐτῷ

2249 1955 2598 2026 παντοδαπὴν
2661 1958 2849 2036 σοφίαν
2909 1979 2967 2013 τε
3023 1958 3113 2014 καὶ
3169 1959 3364 2033 ἀρετήν
3401 2003 3414 2016 .
3457 1957 3639 2014 Ἀλλὰ
3706 1955 3802 2012 κᾶν
3866 1956 3917 2011 ei

2247 2051 2346 2111 τῆς
2399 2044 2658 2122 καθέδρας
2710 2049 3055 2119 μετέστησεν,
3107 2045 3260 2102 οὐδὲν
3319 2052 3416 2104 τοῦ
3477 2045 3687 2102 δικαίου
3727 2045 3909 2111 θέλων

2251 2137 2394 2211 ἄγειν
2446 2135 2791 2210 ἐπίπροσθεν,
2851 2135 3002 2208 ὅμως
3058 2137 3163 2190 τῶν
3223 2136 3298 2198 εἷς
3353 2137 3696 2210 παραμυθίαν
3750 2133 3912 2191 οὐδὶν

2252 2223 2465 2280 ἐνέλιπε
2512 2226 2914 2299 παρεχόμενος.
2965 2227 3126 2288 ’Ὁθιν
3173 2227 3270 2280 κάν
3297 2231 3414 2288 τοῖς
3465 2223 3765 2301 βασιλείοις
3790 2221 3914 2279 δια-

2249 2309 2444 2385 τριϐήν
2478 2313 2623 2385 αὖτῷ
2672 2311 2798 2376 δοὺς
2847 2319 2955 2369 τῶν
3007 2312 3222 2368 οἰκείων
3259 2311 3465 2369 παίδων
3499 2311 3746 2384 ἀπέδειξε
3775 2335 3915 2368 παι-

2255 2403 2448 2473 διυτήν
2504 2402 2593 2458 καὶ
2651 2400 2996 2459 διδάσκαλον.
3047 2405 3102 2459 ld
3142 2421 3154 2459 :
3189 2411 3277 2460 est
3332 2406 3512 2477 Neque
3562 2421 3685 2461 vero
3745 2414 3915 2460 antea

2255 2494 2620 2547 humanitatis
2651 2495 2711 2546 in
2739 2509 2886 2559 eum,
2919 2494 3196 2558 Photium,
3230 2492 3411 2547 studia
3431 2495 3878 2560 praetermiserat
3901 2510 3920 2546 :

2255 2584 2505 2654 quinimo
2551 2585 2772 2652 propter
2814 2581 3188 2636 omnimodam
3240 2583 3296 2636 in
3343 2597 3403 2638 eo
3453 2583 3789 2653 sapientiam
3854 2596 3920 2634 ac

2257 2674 2517 2727 virtutem
2574 2671 2872 2726 honoribus
2931 2672 3114 2725 auxit.
3149 2672 3212 2725 Et
3270 2671 3396 2726 licet
3447 2687 3482 2725 a
3535 2670 3923 2741 patriarchali

2257 2762 2383 2817 sede
2428 2760 2757 2826 dimovisset,
2779 2761 3021 2830 justitise
3066 2762 3290 2827 primas
3328 2759 3643 2825 concedens,
3677 2764 3922 2814 attamen

2257 2851 2448 2906 omnia
2479 2851 2536 2904 in
2569 2865 2713 2914 eum,
2745 2848 2942 2920 quibus
2989 2849 3164 2904 solari
3199 2858 3394 2920 posset,
3425 2849 3616 2919 ofﬁcia
3663 2849 3920 2904 contulit.

2265 2939 2413 2997 Unde
2447 2947 2501 2994 et
2552 2940 2613 2992 in
2658 2939 2869 3008 regiam
2923 2946 3206 2994 evocatum
3253 2940 3615 3009 propriorum
3663 2937 3922 3006 ﬁliorum

2261 3028 2677 3099 informatorem
2704 3043 2774 3082 ac
2799 3027 3136 3095 magistrum
3165 3028 3470 3083 constituit.

2339 3208 2414 3278 [4]
2470 3207 2562 3262 IV.
2615 3207 2726 3261 Leo
2758 3206 2976 3277 itaque,
3030 3206 3150 3262 sive
3191 3205 3490 3261 tradendus
3538 3204 3927 3277 philosophias

2183 3282 2226 3349 C
2268 3311 2532 3364 munere,
2565 3296 2687 3351 sive
2720 3295 3080 3367 praetentia,
3112 3310 3230 3366 qua
3275 3299 3332 3350 et
3374 3293 3502 3365 ipse
3554 3293 3611 3348 in
3664 3292 3930 3364 philoso-

2260 3386 2450 3458 phicis
2497 3383 2643 3439 alios
2689 3383 3025 3454 superabat,
3062 3381 3400 3454 philosophi
3448 3381 3561 3438 sibi
3593 3397 3924 3453 cognomen

2262 3473 2595 3530 vindicavit.
2633 3473 2692 3528 Id
2743 3490 2878 3528 cum
2925 3471 3335 3528 ecclesiastica
3395 3487 3610 3542 parens
3665 3469 3925 3524 historia

2264 3565 2324 3619 in
2384 3561 2706 3618 Annalibus
2759 3566 3123 3628 annotasset,
3174 3577 3329 3616 anno
3383 3560 3613 3615 Domini
3660 3558 3761 3612 859
3809 3558 3922 3612 Mi-

2264 3652 2523 3707 chaelem
2561 3649 2816 3705 Psellum
2851 3649 3143 3716 ﬂoruisse,
3167 3666 3284 3704 non
3316 3649 3641 3719 incongrue
3671 3647 3909 3702 affirma

2264 3745 2362 3795 vit.
2401 3741 2475 3795 Eo
2509 3755 2765 3810 namque
2818 3743 3080 3808 tempore
3132 3737 3378 3792 Michael
3430 3736 3652 3792 Psellus
3705 3752 3823 3789 non
3859 3735 3931 3788 il-

2267 3829 2542 3885 laudatus
2572 3828 2659 3882 vir
2689 3828 2746 3882 in
2780 3826 3235 3898 phi1030phandi
3265 3827 3508 3881 scientia
3539 3825 3929 3896 probabatur,

2265 3936 2298 3974 a
2331 3917 2608 3972 Michaele
2655 3916 2836 3970 altero
2891 3914 3079 3970 Psello
3129 3915 3241 3969 sub
3289 3913 3666 3970 Constantino
3715 3917 3772 3966 et
3819 3912 3936 3965 Mi-

2266 4006 2468 4062 chaele
2500 4004 2697 4070 Ducis,
2733 4005 3189 4074 diversus,quos
3219 4019 3429 4075 parum
3463 4007 3629 4058 caute
3662 4000 3937 4072 plerique

2266 4094 2717 4159 confundentes,
2755 4093 2970 4147 misere
3028 4092 3288 4147 historias
3345 4091 3612 4146 ordinem
3669 4106 3734 4144 ac
3793 4095 3937 4144 tem-

2270 4201 2408 4256 pora
2440 4182 2884 4254 perturbarunt,
2918 4182 3060 4237 adeo
3094 4188 3158 4236 ut
3190 4198 3302 4236 non
3337 4197 3509 4236 nemo
3559 4179 3617 4233 in
3655 4177 3941 4250 paucissi-

2272 4272 2386 4327 mis
2415 4271 2608 4326 verbis
2631 4288 2808 4341 quam
2834 4269 3092 4342 plurima
3115 4268 3420 4325 mendacia
3441 4275 3500 4324 et
3525 4284 3714 4339 nugas
3745 4266 3942 4338 legen-

2270 4361 2430 4415 tibus
2459 4361 2756 4415 obtrudat.
2802 4359 2884 4414 Ne
2916 4359 3138 4413 nimius
3165 4359 3371 4426 sim,en
3404 4357 3666 4428 Gregorii
3698 4355 3939 4428 Gyraldi

2273 4450 2447 4504 verba
2477 4450 2549 4504 De
2579 4454 2719 4520 poet.
2751 4449 2967 4518 histor.,
3019 4446 3258 4518 Dialogo
3287 4449 3323 4502 5
3357 4463 3370 4500 :
3412 4448 3541 4501 Fuit
3566 4446 3795 4517 quidem
3825 4460 3935 4499 non

2274 4539 2564 4594 incelebris
2621 4539 2724 4592 Leo
2779 4535 2901 4601 ille,
2937 4540 3033 4608 qui
3085 4535 3302 4591 Basilii
3354 4536 3526 4606 ﬁlius,
3571 4535 3941 4604 Philosophus

2273 4629 2687 4698 cognominatus
2731 4635 2832 4691 est,
2885 4629 2981 4699 qui
3029 4627 3252 4680 circiter
3298 4641 3510 4679 annum
3556 4624 3660 4678 887
3691 4641 3726 4676 a
3770 4623 3941 4678 Verbo

2272 4718 2386 4773 Dei
2413 4720 2716 4787 corporato,
2749 4717 3014 4784 Byzantii
3058 4718 3113 4768 et
3161 4715 3401 4770 Orientis
3456 4714 3621 4769 annis
3649 4714 3720 4766 25
3760 4714 3942 4782 impe-

2271 4808 2422 4859 rium
2474 4807 2671 4870 tenuit,
2713 4805 2868 4871 cuius
2918 4803 3068 4873 ﬁlius
3116 4804 3516 4858 Constantinus
3575 4803 3749 4857 Ducas
3804 4803 3939 4872 luit,

2271 4895 2372 4965 qui
2400 4902 2450 4949 et
2482 4893 2548 4947 de
2581 4893 2905 4948 Christiana
2935 4891 3212 4962 religione
3255 4891 3425 4963 probe
3465 4891 3660 4954 sensit,
3691 4895 3746 4944 et
3793 4891 3944 4961 opti-

2272 4984 2379 5036 mis
2409 4982 2622 5037 arlibus
2653 4986 2705 5036 et
2751 4981 3061 5052 disciplinis
3109 4997 3332 5052 operam
3376 4981 3596 5035 naviter
3639 4979 3944 5050 impendit.

2273 5071 2447 5140 Hujus
2509 5071 2870 5126 Constantini
2919 5069 3061 5123 liber
3110 5068 3209 5122 ille
3261 5068 3567 5123 celebratus
3621 5074 3720 5132 est,
3780 5082 3948 5137 quem

2272 5160 2517 5213 moriens
2543 5159 2784 5212 Romano
2815 5159 2935 5228 ﬁlio
2965 5157 3212 5227 reliquit,
3233 5159 3292 5210 in.
3322 5172 3427 5226 quo
3455 5171 3736 5210 summam
3772 5160 3948 5210 totius

2273 5249 2517 5318 imperii,
2573 5249 2851 5302 sociorum
2906 5246 3142 5316 [κάει-ιι,
3203 5245 3448 5300 hostium
3503 5247 3672 5310 vires,
3700 5259 3832 5315 quae
3892 5259 3922 5299 e

2273 5345 2496 5405 quantae
2525 5345 2718 5404 essent,
2751 5337 2976 5407 aliaque
3005 5338 3199 5390 omnia
3245 5334 3316 5389 ad
3347 5336 3645 5405 imperium
3693 5337 3948 5404 spectan-

2276 5430 2357 5480 tia
2411 5427 2730 5496 complexus
2780 5437 2859 5480 est
2891 5442 2907 5479 :
2937 5440 3096 5496 quem
3155 5424 3365 5478 librum
3416 5423 3574 5479 hodie
3621 5424 3952 5478 Venetorum

2277 5514 2587 5584 respublica
2638 5516 2699 5568 in
2729 5530 2834 5568 sua
2852 5514 3127 5586 peculiari
3159 5511 3488 5567 bibliotheca
3518 5510 3952 5580 diligentissime

2115 5631 2342 5688 NOT/E.

582 5704 653 5775 (ε)
686 5703 746 5760 In
778 5704 975 5760 Allatii
1007 5705 1369 5778 Symmictis,
1407 5721 1463 5776 p.
1496 5703 1586 5758 83.
