4122 6392
241 387 342 446 481

1510 375 1883 439 DIATRIBA
1927 377 2027 436 DE
2072 377 2413 440 PSELLlS.

3559 385 3676 444 482

241 517 514 576 custodire
541 517 714 587 facit.
761 515 937 587 Hujus
982 530 1196 587 quoque
1248 513 1598 569 Constantini
1646 515 1909 583 tempore,
1940 511 1990 578 Α
2027 510 2148 566 tino
2205 512 2365 568 Duca
2418 513 2561 568 forte
2618 529 2821 568 verum
2881 513 3077 570 fuerit.
3141 517 3356 570 Verum
3421 532 3676 587 quanam

249 602 341 666 uir
367 624 488 664 cum
531 607 593 659 in
628 606 788 660 omni
819 605 1137 659 liberalium
1185 605 1392 656 artium
1436 603 1689 666 scientia,
1744 601 1835 655 sed
1867 604 1919 655 et
2028 603 2253 656 ratione
2285 602 2708 658 Constantinus
2741 603 2952 658 Leonis
2983 603 3142 658 ﬁlius
3174 603 3514 660 schismatis
3546 622 3681 677 pro-

255 697 688 772 peregrinarum
738 694 930 766 ﬂoruit
979 693 1046 747 Μ.
1099 691 1338 756 Psellus,
1385 691 1542 762 cujus
1591 705 1921 745 mnumera-

2029 695 2324 760 pugnator
2372 691 2442 746 de
2491 689 2827 745 Christiana
2873 692 3154 763 religione
3221 693 3399 764 probe
3461 694 3680 750 sentire

253 789 498 856 iaspene
549 783 691 838 libri
740 784 1089 838 curiosorum
1136 784 1190 835 et
1234 779 1611 834 studiosorum
1667 781 1923 834 manibus
2031 779 2542 850 potuit,judicent
2573 779 2694 835 alii.
2729 780 2987 836 Conatus
3020 780 3182 836 illius
3215 781 3272 836 in
3326 782 3681 838 vindicando

249 883 535 932 teruntur.
567 873 647 927 Ad
677 873 826 926 hunc
855 881 1001 927 certe
1031 870 1454 926 Constantinum
1507 868 1680 923 l'selli
1726 867 1790 922 de
1840 869 1923 922 vi-

254 971 375 1022 ctus
426 965 668 1032 ratione,
705 962 807 1018 hoc
855 970 953 1029 est,
985 961 1052 1016 de
1083 960 1256 1016 diaeta
1286 963 1334 1012 et
1365 958 1430 1013 de
1461 975 1595 1013 auro
1627 959 1926 1027 Conﬁcien-

259 1055 356 1122 do,
389 1055 482 1109 hoc
510 1058 613 1121 est,
651 1053 1005 1123 Chnjsopazia
1055 1050 1187 1104 libri
1231 1054 1472 1115 exstant,
1523 1063 1660 1118 quos
1702 1048 1928 1119 quidam

267 1161 384 1200 non
413 1159 537 1199 sane
583 1142 842 1197 indoctus
891 1139 1251 1195 Constantino
1301 1152 1496 1207 magno
1539 1136 1694 1192 datos
1733 1151 1928 1208 perpe-

268 1251 398 1289 ram
429 1234 592 1288 etiam
623 1232 826 1302 scripto
848 1229 1088 1284 credidit
1118 1245 1131 1282 :
1163 1233 1221 1282 ut
1255 1226 1660 1281 Commentaria
1689 1227 1928 1292 mittam,

266 1337 397 1396 quae
445 1323 507 1376 in
557 1320 862 1374 Zoroastris
914 1317 1210 1373 Chaldaica
1261 1315 1506 1386 symbolo
1559 1315 1834 1383 leguntur,
1881 1320 1932 1368 et

265 1414 521 1468 Canones
571 1410 986 1467 nstronomicos,
1039 1412 1186 1472 et.c.;
1235 1411 1292 1458 et
1329 1404 1527 1476 paucis
1557 1402 1878 1474 interjectis
1916 1419 1928 1457 :

259 1503 389 1556 Fuit
422 1508 477 1554 et
507 1499 678 1570 hujus
713 1496 1060 1552 Constantini
1111 1495 1277 1549 Ducas
1321 1494 1496 1563 ﬁlius,
1547 1501 1600 1547 et
1646 1492 1711 1546 Μ.
1769 1491 1936 1546 Pselli

259 1588 608 1658 discipulus,
662 1585 909 1642 Michael
939 1585 1118 1639 Ducas
1148 1583 1450 1654 imperator
1481 1582 1934 1652 Constantinopo-

262 1681 508 1745 litanus,
563 1676 663 1747 qui
713 1693 747 1728 a
792 1681 941 1746 fume
987 1683 1042 1727 et
1095 1673 1358 1743 penuria,
1405 1685 1534 1742 quas
1589 1671 1648 1725 in
1707 1671 1935 1726 exordio

258 1770 380 1840 ejus
410 1768 770 1837 principatus
794 1760 1458 1829 Constantinopolim-nam
1491 1761 1681 1814 urbem
1723 1760 1937 1813 invase-

256 1862 373 1924 rat,
425 1856 860 1926 Paraj'inaceus
919 1851 1336 1922 cognominatus
1389 1850 1518 1920 fuit.
1572 1850 1666 1904 Hic
1717 1847 1934 1921 quidem

264 1946 499 2002 lichael
551 1947 756 2001 caetera
806 1945 1036 2012 ignarus
1082 1956 1145 1994 ac
1190 1955 1367 1994 socors
1413 1940 1527 1993 nisi
1583 1937 1722 2009 quod
1783 1938 1937 1993 bonis

274 2037 494 2092 artibus
523 2033 626 2089 sub
659 2033 838 2088 Pselio
861 2031 1114 2103 profecit,
1148 2034 1318 2100 atque
1344 2027 1626 2099 imprimis
1670 2029 1730 2082 in
1775 2029 1939 2098 facti-

279 2125 465 2181 tandis
494 2121 766 2185 versibus,
799 2136 907 2191 qua
938 2121 998 2173 in
1029 2134 1087 2172 re
1123 2117 1316 2173 Graeca
1351 2116 1518 2171 illum
1554 2119 1935 2189 imperatorem

281 2212 628 2270 commendat
661 2210 924 2265 historia.

355 2301 427 2356 V.
461 2302 631 2356 Miror
656 2299 959 2354 hominem
994 2314 1148 2352 sanzn
1185 2295 1401 2350 mentis
1434 2300 1552 2349 tam
1607 2295 1936 2350 inconside-

277 2395 414 2447 rate
446 2389 721 2444 locutum.
759 2391 868 2442 Leo
899 2385 1318 2456 Philosophus,
1353 2384 1464 2440 Leo
1496 2383 1578 2438 illi
1626 2389 1716 2439 est
1762 2383 1942 2454 impe-

277 2485 464 2544 rator,
515 2477 716 2532 Basilii
778 2475 960 2530 ﬁlius.
1017 2475 1205 2529 Error.
1251 2475 1486 2528 Certum
1548 2477 1637 2528 est
1697 2477 1937 2526 Leonem

265 2569 702 2640 imperatorem
734 2563 1208 2630 humanioribus,
1264 2562 1687 2634 philosophicis
1738 2562 1942 2617 sacris-

277 2673 393 2730 que
448 2655 673 2711 studiis
723 2652 1199 2710 addictissimum
1263 2651 1540 2722 plurima,
1591 2669 1714 2721 quae
1763 2651 1939 2707 etiam

275 2751 529 2810 exstant,
556 2743 939 2798 laudabiliter
967 2742 1026 2796 in
1059 2739 1508 2812 disciplinarum
1541 2741 1698 2795 omni
1733 2757 1943 2812 genere

273 2833 733 2906 conscripsisse;
758 2832 1006 2902 ideoque
1038 2829 1226 2906 σοφὸν,
1259 2830 1579 2900 sapientem
1614 2830 1688 2900 [5]
1723 2829 1943 2884 scilicet

273 2923 789 2994 cognominatum,
823 2925 881 2974 at
911 2935 1211 2991 nunquam
1248 2918 1330 2972 illi
1365 2918 1698 2990 philosophi
1731 2935 1940 2974 nomen

279 3015 639 3069 attributum
677 3011 750 3065 ab
782 3007 1203 3065 eruditioribus
1235 3014 1341 3063 est.
1389 3007 1468 3061 Ex
1518 3007 1705 3063 Leone
1749 3007 1942 3078 itaque

279 3119 393 3160 non
430 3099 820 3170 Philosopho,
854 3098 1038 3152 altero
1063 3095 1336 3168 Sapiente
1387 3113 1567 3151 unum
1619 3096 1758 3150 facit
1808 3097 1943 3152 Leo-

274 3208 432 3261 nem,
467 3204 736 3259 eumque
766 3187 954 3242 lilium
988 3185 1207 3240 Basilii.
1243 3184 1578 3255 Imperitius
1610 3185 1811 3256 lapsus
1851 3195 1942 3241 est

276 3248 482 3336 auctor
514 3248 745 3334 Theatri
773 3279 903 3331 vita:
931 3279 1202 3343 humanae,
1236 3248 1352 3328 vol:
1383 3274 1540 3342 XXI,
1572 3248 1685 3328 lib:
1707 3291 1770 3341 Il,
1803 3291 1935 3346 pag.
1969 3248 2012 3315 (ἶ

278 3370 435 3425 3759.
482 3368 715 3423 Litteris
765 3366 865 3419 Leo
913 3363 1278 3434 Philosophus
1328 3364 1628 3434 imperator
1681 3365 1944 3420 initiatus

278 3461 390 3529 fuit
432 3457 730 3528 Byzantii,
786 3452 1141 3520 rethoricam,
1196 3451 1624 3522 philosophiam,
1676 3454 1944 3508 arithme-

285 3551 456 3604 ticam
489 3552 542 3601 εἰ
573 3546 834 3616 reliquas
863 3543 1120 3597 scientias
1166 3541 1226 3595 in
1276 3542 1450 3594 Antro
1499 3542 1680 3596 insula
1730 3541 1943 3611 didicit,

286 3637 366 3690 ibi
402 3641 652 3690 versatus
683 3649 809 3688 cum
833 3630 1094 3686 Michaele
1146 3629 1343 3685 Psello.
1398 3628 1690 3686 Cedrenus.
1736 3631 1949 3704 Ingens

296 3740 442 3779 sane
469 3720 842 3794 imperatoris
873 3725 928 3775 et
960 3720 1180 3774 ardens
1212 3719 1497 3787 studium,
1534 3718 1668 3775 licet
1698 3721 1949 3776 auctori-

291 3818 386 3868 tas
418 3819 475 3868 et
526 3811 838 3867 facultates
889 3807 1087 3878 nullae,
1136 3807 1237 3879 qui
1289 3807 1490 3862 relicta
1538 3809 1712 3865 domo
1763 3810 1953 3881 negle-

289 3903 530 3973 ctisque
560 3900 777 3955 summi
811 3898 1030 3970 fastigii
1063 3897 1291 3968 opibus,
1324 3896 1382 3950 in
1414 3897 1670 3952 insulam
1702 3904 1949 3955 Antrum

295 4007 410 4062 pro
443 3989 815 4060 capessendis
848 3986 1178 4058 disciplinis
1209 3986 1279 4040 ad
1314 3984 1665 4055 magistrum
1701 3987 1951 4043 Psellum

295 4077 701 4152 pererraverit.
737 4077 944 4132 Nonne
975 4073 1160 4130 multo
1192 4072 1468 4140 facillius,
1501 4075 1762 4146 praemio,
1795 4077 1953 4148 quod

285 4173 554 4242 poterat,
592 4166 840 4221 maximo
875 4163 1195 4236 proposito,
1230 4161 1456 4219 Psellus
1487 4169 1727 4219 vocatus
1766 4182 1956 4222 acces-

285 4255 524 4314 sisset?
557 4255 795 4310 Falsum
829 4255 1009 4309 etiam
1044 4258 1132 4308 est
1180 4251 1237 4306 id
1291 4268 1552 4307 asserere
1603 4254 1952 4323 Cedrenum,

285 4348 388 4420 qui
426 4344 856 4416 Philosophum
886 4345 1130 4398 Leonem
1164 4359 1197 4396 a
1233 4344 1412 4396 Leone
1441 4341 1712 4412 Sapiente
1745 4349 1802 4399 et
1848 4346 1954 4401 im-

289 4439 569 4508 peratore
625 4435 926 4488 diversum
990 4431 1172 4486 novit.
1232 4431 1303 4485 Et
1359 4430 1593 4485 Cedrini
1652 4435 1829 4488 verba
1885 4435 1956 4491 de

296 4525 486 4581 Leone
514 4521 876 4593 Philosopho
909 4525 1070 4590 sunt,
1104 4537 1230 4592 quae
1263 4536 1442 4590 supra
1472 4520 1846 4580 adduximus.

367 4612 679 4684 VLPergit
707 4611 996 4686 Gyraldus
1032 4626 1044 4665 :
1081 4611 1274 4680 Cujus,
1303 4609 1512 4664 Leonis
1545 4610 1785 4680 scilicet,
1807 4614 1959 4682 ﬁlius
1989 4620 2038 4684 D
2072 4617 2199 4681 fert,
2252 4615 2398 4670 satis
2457 4614 2609 4670 male
2665 4616 3077 4687 antiquitatem
3140 4617 3355 4688 accipit

294 4707 699 4764 Constantinus
731 4705 912 4758 Ducas
960 4704 1090 4774 fuit.
1134 4701 1275 4765 Quis
1330 4701 1387 4755 id
1441 4700 1632 4756 dixit?
1679 4703 1966 4761 Constan-

289 4798 461 4852 tinus
499 4796 691 4850 Ducas
723 4791 895 4864 longe
928 4793 1000 4846 ab
1033 4791 1127 4845 his
1159 4789 1526 4862 temporibus
1555 4790 1715 4847 vixit.
1762 4798 1960 4866 Neque

291 4885 732 4945 Constantinus
785 4883 998 4939 Leonis
1046 4881 1204 4937 ﬁlius
1257 4887 1424 4937 Ducas
1473 4883 1585 4938 sibi
1637 4900 1960 4956 cognomen

289 4991 569 5049 unquam
608 4972 834 5043 ascivit,
866 4973 966 5028 sed
1001 4971 1586 5043 Porphyrogennetee,
1622 4987 1736 5042 quo
1779 4975 1962 5028 maxi-

294 5082 390 5122 me
421 5063 646 5135 gaudet
672 5067 730 5116 et
759 5062 955 5131 gestit.
991 5059 1157 5114 Ducas
1190 5075 1514 5130 cognomen
1547 5066 1680 5131 post
1727 5067 1961 5118 centum

2034 868 2105 924 ab
2139 868 2372 938 injuriis
2404 869 2630 934 Photio,
2664 868 2751 924 vel
2787 869 2910 925 solo
2940 869 3186 924 Unionis
3217 875 3400 937 tomo,
3433 889 3467 926 a
3501 872 3684 926 Leun-

2033 956 2216 1011 clavio
2247 957 2300 1010 in
2334 958 2476 1012 Jure
2525 958 3020 1014 Graeco-Romano
3074 959 3170 1013 lib.
3221 976 3261 1014 ιι
3311 961 3488 1028 edito,
3542 960 3686 1015 satis

2036 1062 2334 1118 superque
2381 1046 2588 1118 liquet.
2644 1047 2814 1116 Hujus
2864 1047 3210 1104 Constantini
3259 1049 3397 1105 liber
3425 1050 3523 1104 ille
3549 1050 3686 1105 cele-

2039 1137 2228 1190 bratus
2284 1141 2385 1204 est,
2445 1152 2608 1207 quem
2663 1138 2904 1192 moriens
2961 1139 3201 1193 Romano
3255 1139 3372 1208 ﬁlio
3428 1139 3684 1210 reliquit.

2039 1225 2184 1278 Eum
2215 1240 2284 1278 ex
2315 1223 2514 1280 codice
2546 1223 2915 1280 bibliotheca
2947 1226 3246 1292 Palatinae,
3280 1227 3380 1298 qui
3413 1227 3689 1298 Baptista

2038 1311 2245 1384 Ignatii
2281 1313 2418 1366 olim
2448 1312 2630 1367 fuisse
2663 1313 3692 1387 perhibebatur,descriptum,Grzece

2040 1406 2097 1455 et
2129 1400 2328 1455 Latine
2354 1401 2539 1455 edidit
2565 1399 2823 1456 Joannes
2855 1401 3170 1472 Meursius,
3203 1419 3338 1458 cum
3370 1402 3502 1458 aliis
3533 1405 3691 1474 ejus-

2042 1489 2174 1544 dem
2219 1490 2587 1544 Constantini
2640 1489 2965 1562 opusculis,
3019 1491 3291 1563 Lugduni
3339 1497 3689 1548 Batavorum

2041 1580 2195 1649 apud
2229 1578 2555 1634 lﬂlzevirum
2591 1580 2749 1644 1627,
2784 1580 2950 1634 in-8°.
2983 1579 3200 1634 Verum
3233 1581 3283 1636 is
3333 1597 3448 1636 non
3497 1581 3690 1650 Ducae,

2043 1674 2145 1726 sed
2204 1671 2772 1744 Porphyrogennetae
2833 1673 2964 1727 fuit.
3029 1677 3217 1745 Hujus
3274 1690 3486 1745 quoque
3550 1673 3692 1729 Con-

2041 1761 2278 1816 stantini
2334 1767 2572 1831 tempore
2637 1763 2830 1831 ﬂoruit
2903 1761 3140 1818 Michael
3211 1764 3444 1818 Psellus.
3504 1763 3558 1818 Si
3621 1763 3694 1818 de

2047 1849 2254 1919 Psello,
2315 1851 2486 1920 cujus
2554 1851 3036 1919 innumerabiles,
3099 1855 3163 1907 ut
3219 1853 3343 1925 ipse
3397 1851 3499 1918 ait,
3558 1850 3694 1908 libri

2045 1939 2560 2008 circumferuntur,
2593 1955 2788 1995 sermo
2818 1946 2924 2008 est,
2955 1941 3121 1997 fallit.
3156 1941 3257 1997 Ille
3309 1941 3525 1997 etenim
3577 1959 3694 1996 non

2045 2044 2112 2083 eo
2143 2034 2404 2099 tempore
2434 2029 2594 2083 vixit.
2628 2029 2686 2084 Si
2737 2031 2806 2084 de
2848 2037 3199 2101 praeceptore
3249 2031 3457 2087 Lecnis
3512 2030 3700 2086 Philo-

2045 2117 2239 2189 SOphi,
2274 2117 2408 2172 licet
2437 2134 2550 2172 non
2587 2117 2769 2185 fallat,
2800 2118 2896 2174 ille
2927 2124 3118 2174 tamen
3168 2119 3693 2175 innumerabilium

2043 2205 2328 2262 librorum
2379 2207 2634 2262 editione
2683 2224 2797 2262 non
2829 2207 3174 2263 celebratur.
3209 2209 3288 2264 De
3320 2225 3458 2280 quo,
3490 2225 3563 2264 an
3592 2208 3698 2263 ali-

2047 2297 2189 2368 quid
2223 2297 2300 2368 (d)
2332 2296 2653 2368 scripserit,
2683 2297 2877 2352 adhuc
2909 2297 3357 2352 dubitamus.Ad
3385 2299 3533 2352 hunc
3558 2302 3702 2354 certe

2045 2387 2426 2442 Constantium
2477 2385 2657 2441 Pselli
2702 2385 2767 2441 de
2811 2388 2986 2442 victus
3041 2390 3276 2457 ratione,
3331 2387 3430 2443 hoc
3476 2391 3576 2450 est,
3635 2387 3700 2443 de

2047 2475 2234 2532 ducta.
2273 2479 2389 2529 Hoc
2439 2475 2516 2547 [6]
2566 2491 2800 2546 quoque
2848 2475 3060 2530 falsum
3111 2479 3219 2530 est.
3271 2476 3419 2532 Nam
3473 2476 3699 2532 Psellus

2047 2566 2146 2634 qui
2207 2569 2282 2619 De
2354 2566 2532 2620 victus
2607 2567 2820 2626 ratione
2891 2565 3262 2636 conscripsit,
3316 2566 3700 2621 Constantino

2048 2653 2223 2708 Ducas
2257 2653 2348 2725 (e),
2381 2654 2469 2708 vel
2518 2653 2568 2708 si
2616 2654 2829 2725 placet,
2880 2655 3266 2710 Constantino
3315 2654 3701 2711 Monomacho

2049 2744 2268 2800 librum
2303 2747 2684 2816 nuncupavit.
2735 2747 2799 2800 Et
2842 2746 2908 2801 de
2955 2763 3094 2802 auro
3140 2747 3498 2817 conﬁciendo.
3542 2746 3701 2801 Nihil

2051 2835 2271 2888 minus.
2335 2834 2619 2889 Libellum
2679 2835 2894 2890 etenim
2951 2835 3114 2890 illum
3175 2837 3245 2891 ad
3305 2835 3700 2908 patriarcham

2049 2922 2389 2978 Michaelem
2418 2923 2802 2994 Cerularium,
2835 2925 3008 2996 cujus
3057 2924 3291 2980 hortatu
3341 2924 3507 2980 illum
3558 2941 3696 2981 con-

2052 3011 2390 3082 scripserat,
2444 3012 2626 3066 misit.
2683 3013 2824 3079 Quos
2870 3013 3095 3084 quidam
3123 3029 3234 3068 non
3262 3029 3393 3069 sane
3424 3015 3692 3070 indoctus.

2051 3099 2284 3170 Optime
2316 3098 2408 3154 hic
2440 3099 2689 3154 aliorum
2724 3101 2975 3171 ineptias
3006 3102 3260 3167 abdicat,
3311 3107 3368 3156 et
3413 3102 3698 3158 nonnulla

2053 3187 2224 3243 Pselli
2256 3189 2698 3255 commentaria,
2731 3206 2844 3244 non
2877 3195 3074 3246 tamen
3111 3191 3313 3245 Leonis
3360 3191 3699 3261 Philosophi

2053 3277 2342 3348 magistri,
2377 3283 2658 3333 recenset.
2685 3279 2914 3349 Subdit,
2947 3281 3068 3334 Fuit
3116 3284 3170 3334 et
3217 3279 3381 3344 huius
3426 3284 3701 3337 Constan-

2051 3369 2162 3422 tini
2213 3367 2376 3424 Durae
2419 3368 2590 3438 ﬁlius,
2638 3373 2688 3423 et
2729 3368 3014 3423 Michaelis
3066 3369 3234 3424 Pselli
3261 3369 3561 3441 discipulus
3593 3371 3700 3428 Mi-

2054 3457 2210 3511 chael
2239 3457 2423 3511 Ducas
2455 3457 2762 3527 imperator
2809 3457 3482 3530 Constantinopolitanus,
3523 3461 3621 3530 qui
3667 3475 3703 3514 a

2055 3549 2204 3617 fame
2234 3554 2283 3600 et
2310 3547 2548 3616 penuria
2577 3547 2985 3617 Parapinaccus
3015 3548 3080 3616 (f)
3111 3549 3532 3617 cognominatus
3577 3549 3704 3618 fuit.

2057 3634 2258 3707 Nugae,
2290 3635 2678 3704 Constantini,
2712 3635 2919 3691 Leonis
2968 3637 3093 3702 filii,
3143 3637 3343 3693 nullus
3390 3637 3501 3692 fuit
3548 3637 3707 3692 filius

2059 3723 2327 3790 Michael,
2361 3725 2460 3778 sed
2508 3725 2830 3794 Romanus,
2877 3724 2971 3780 cui
3023 3727 3258 3794 librum,
3311 3731 3376 3781 ut
3417 3727 3708 3799 Gyraldus

2061 3831 2243 3884 supra
2290 3813 2538 3881 dixerat,
2589 3814 2865 3880 moriens,
2901 3815 2975 3868 De
3003 3815 3446 3871 administrando
3475 3817 3710 3886 imperio

2061 3900 2318 3971 reliquit.
2367 3905 2436 3955 Et
2485 3901 2724 3956 Michael
2782 3903 2892 3957 iste
2948 3905 3057 3958 sub
3118 3902 3303 3958 Psello
3360 3907 3712 3975 praeceptore

2062 3989 2512 4045 Constantinum
2581 3989 2803 4045 Ducam
2853 3997 3074 4062 patrem
3128 3992 3443 4064 cognoscit.
3501 3995 3709 4046 Annon

2062 4079 2210 4134 bene
2240 4084 2452 4134 tractat
2483 4079 2786 4134 historiam
2820 4079 3110 4152 Gyraldus
3131 4081 3158 4134 ?
3191 4084 3399 4136 Annon
3449 4083 3595 4136 bene
3642 4082 3715 4136 de

2062 4169 2250 4223 Psello
2309 4175 2482 4239 atque
2538 4168 2630 4223 his
2702 4168 3159 4240 imperatoribus
3236 4171 3506 4238 meritus,
3566 4186 3714 4242 quos

2063 4258 2387 4314 foedissime
2441 4257 2876 4313 commiscendo
2935 4258 3262 4326 confundit,
3321 4264 3378 4315 et
3423 4259 3550 4315 loco
3608 4275 3716 4316 suo

2063 4350 2277 4420 ejectos
2309 4348 2380 4402 ad
2414 4346 2528 4403 alia
2554 4351 2823 4419 tempora
2852 4348 3132 4418 conjicit?

2136 4437 2258 4493 VII.
2292 4437 2646 4492 Possevinus
2694 4437 2856 4503 item,
2910 4439 3051 4492 dum
3104 4439 3328 4511 scripta
3374 4436 3717 4494 recentiorie

2066 4527 2240 4583 Pselli
2266 4529 2336 4581 ad
2368 4531 2618 4582 veterem
2648 4526 2820 4580 illum
2857 4528 3061 4582 Leonis
3094 4532 3506 4600 praeceptorem
3530 4533 3723 4582 trans-

3414 4633 3426 4670 :
3487 4613 3722 4672 Michael

2074 4705 2310 4774 Psellus,
2346 4705 2443 4774 qui
2471 4704 2688 4772 Leonis,
2745 4712 3095 4775 cognomento
3148 4703 3498 4772 Philosophi,
3543 4706 3724 4775 fertur

2066 4796 2244 4865 [uisse
2299 4803 2629 4864 praeceptor,
2676 4791 2945 4864 pleraque
2999 4795 3243 4863 scripsit,
3293 4801 3410 4847 tum
3456 4792 3526 4846 ad
3572 4792 3724 4847 theo-

2073 4881 2304 4951 logiam,
2338 4886 2456 4937 tum
2489 4882 2560 4936 ad
2586 4883 2990 4953 philosOphiam
3015 4890 3180 4952 atque
3205 4881 3276 4934 ad
3296 4882 3440 4935 alia:
3469 4881 3722 4950 discipli-

2067 4988 2191 5038 nas,
2239 4973 2357 5026 sive
2414 4971 2782 5038 mechanicas,
2831 4972 2946 5026 sive
2989 4969 3226 5025 medicas
3270 4971 3622 5040 spectantia:
3671 4970 3725 5025 si

2070 5065 2253 5116 tamen
2313 5061 2520 5128 omnia,
2571 5075 2695 5132 quae
2740 5059 3111 5129 ascribuntur,
3165 5059 3412 5129 legitima
3462 5060 3592 5114 sunt
3651 5057 3720 5113 il-

288 5153 608 5226 sexaginta
637 5151 707 5206 ad
741 5149 942 5205 minus
991 5165 1178 5204 annos
1230 5148 1290 5203 in
1339 5147 1582 5220 imperio
1632 5151 1803 5221 cepit.
1860 5151 1965 5219 Qui
2071 5149 2180 5205 lius
2209 5165 2394 5218 Opera.
2431 5149 2544 5206 Nec
2593 5149 2727 5220 plus
2776 5150 2926 5219 sapit
2974 5148 3323 5204 Franciscus
3371 5148 3724 5220 Bosquetus,

288 5252 344 5301 et
372 5244 442 5300 de
477 5241 800 5298 Christiana
830 5239 1093 5309 religione
1112 5237 1283 5310 probe
1309 5240 1500 5293 sensit.
1557 5239 1631 5294 De
1679 5238 1963 5296 Constan-

2073 5239 2298 5313 prasl‘at.
2332 5238 2402 5294 ad
2438 5237 2713 5294 lectorem
2748 5238 2807 5293 in
2837 5235 3136 5292 Michaelis
3171 5236 3342 5292 Pselli
3373 5238 3446 5294 de
3493 5236 3726 5309 legibus

1902 5429 2134 5486 NOTIE.

388 5650 441 5723 ε)
472 5657 668 5714 Aliter
697 5658 902 5723 tamen
935 5651 1062 5723 ipse
1092 5650 1348 5706 Allatius
1381 5650 1592 5718 infra§
1626 5650 1712 5706 11ζ

406 5721 646 5803 jQuod
700 5721 978 5781 πινάκιον“
1017 5721 1139 5781 sive
1198 5725 1411 5805 quarta
1469 5738 1608 5799 pars
1662 5723 1844 5783 modii
1900 5741 1968 5783 eo

388 5586 424 5642 εἰ
473 5586 700 5642 Praeter
731 5579 1016 5650 carmina,
1051 5583 1116 5636 ut
1146 5577 1247 5636 illa
1278 5579 1348 5635 de
1377 5577 1594 5652 quibus
1625 5595 1806 5652 supra
1834 5579 1864 5654 §
1910 5581 1965 5637 3.

388 5589 444 5732 ei
472 5657 668 5714 Aliter
697 5658 902 5709 tamen
935 5651 1061 5723 ipse
1092 5650 1348 5706 Allatius
1381 5651 1592 5718 infra§
1626 5653 1712 5706 11.

362 5586 431 5808 ἕΙ)
470 5728 646 5798 Quod
700 5722 954 5781 πινάκιον
1017 5721 1139 5781 sive
1198 5725 1411 5805 quarta
1469 5738 1608 5799 pars
1662 5723 1844 5783 modii
1900 5741 1965 5783 eo

2076 5585 2342 5708 temeore
2387 5579 2720 5636 ementibus
2772 5577 3237 5638 subtraheretur.
3270 5579 3418 5637 Vide
3446 5577 3730 5653 Cangium

2077 5670 2140 5708 1n
2226 5671 2452 5708 ινακιον.

2077 5670 2140 5711 ιη
2175 5670 2452 5710 ιςιινακιον.
