4122 6408
456 402 575 473 483

1857 406 2132 466 LEONIS
2176 408 2483 468 ALLATII

3762 408 3886 467 484

455 548 774 616 Syntagma
805 559 819 597 :
851 541 1168 597 Michaelem
1194 540 1460 605 Psellum,
1493 555 1589 610 qui
1635 549 1836 608 praeter
1883 541 2104 609 propter
2132 542 2184 609 Α
2215 557 2330 595 non
2363 541 2462 596 uni
2494 541 2866 598 ascribentur
2895 541 3144 614 parenti,
3167 547 3224 597 et
3253 557 3378 612 qua
3404 541 3664 612 junioris
3699 539 3882 596 Pselli

455 650 669 689 annum
723 630 932 686 Christi
982 630 1088 683 850
1157 629 1352 684 Leonis
1417 628 1744 699 Philosophi
1807 629 2107 698 imperato-

453 725 552 790 ris,
585 727 698 778 etc.

526 811 667 868 Vill.
718 811 788 865 Et
836 825 977 865 sane
1025 824 1233 880 parum
1293 810 1462 862 caute
1519 806 1777 861 Andreas
1833 803 2108 860 Schotius

453 901 685 956 Prasfat.
718 900 790 954 ad
824 896 1083 953 Psellum
1117 896 1177 950 in
1206 895 1445 950 Cantica
1474 894 1860 962 canticorum,
1886 899 1944 948 et
1975 892 2108 946 Gor-

454 989 676 1045 hardus
751 985 997 1042 Vossius
1072 986 1144 1040 de
1217 985 1503 1038 Historicis
1576 981 1781 1039 Gracis
1859 981 1959 1036 lib.
2045 998 2107 1048 ιι,

453 1095 580 1150 cap.
610 1079 704 1142 26,
736 1074 944 1131 Caesari
977 1074 1226 1129 Baronio
1258 1079 1316 1128 et
1364 1071 1718 1128 Bellarmino
1769 1071 2105 1142 imponunt,

452 1167 564 1222 sibi
595 1171 650 1221 et
683 1165 817 1220 aliis
844 1161 1217 1235 persuasisse
1259 1160 1473 1229 conati,
1523 1159 1795 1214 ﬂoruisse
1847 1158 2107 1214 Peellum

453 1255 668 1313 Christi
700 1271 854 1310 anno
883 1252 1008 1319 859,
1065 1267 1180 1323 quo
1231 1247 1734 1320 Constantinopoli
1789 1247 2109 1320 imperator

453 1354 562 1402 Leo
610 1342 1009 1414 Philosophus
1059 1341 1188 1406 fuit,
1221 1355 1398 1411 quem
1431 1344 1489 1393 et
1519 1338 1745 1392 Psellus
1777 1336 1989 1392 litteris
2019 1337 2108 1390 in-

451 1435 743 1491 formavit.
781 1433 936 1486 Licet
967 1431 1124 1485 enim
1159 1429 1230 1483 de
1264 1428 1449 1483 Psello
1495 1443 1699 1482 verum
1746 1431 1842 1493 sit,
1894 1441 1999 1481 nec
2047 1425 2106 1479 in

453 1541 520 1580 eo
553 1521 840 1578 Baronius
874 1519 1133 1586 fallitur;
1188 1516 1296 1572 fuit
1342 1516 1500 1571 enim
1551 1530 1679 1570 vere
1730 1531 1796 1570 eo
1849 1519 2109 1586 tempore

450 1612 678 1670 Psellus
709 1610 1006 1682 gquidam,
1040 1607 1392 1667 litteratura
1450 1605 1731 1675 insignis;
1803 1619 2110 1674 nunquam

450 1708 649 1757 tamen
682 1698 973 1754 Baronius
1003 1711 1138 1751 eum
1187 1692 1445 1748 Psellum
1494 1691 1741 1746 Leonem
1787 1691 2110 1762 imperato-

451 1807 569 1846 rem
603 1787 818 1843 litteris
849 1784 1137 1840 imbuisse
1167 1780 1611 1848 afﬁrmavit,sed
1645 1780 1892 1834 Leonem
1929 1777 2112 1834 Philo-

450 1878 708 1951 sophum
741 1875 914 1946 longe
945 1873 1018 1929 ab
1048 1872 1404 1944 imperatore
1436 1870 1624 1925 Leone
1654 1870 1976 1924 diversum.
1999 1869 2110 1921 Ba-

446 1969 672 2038 ronius,
732 1965 958 2030 dicunt,
1009 1979 1046 2018 α
1091 1961 1296 2030 Psello,
1344 1975 1458 2016 non
1504 1959 1700 2015 Leonis
1745 1959 1976 2028 aequali,
2015 1956 2109 2012 sed

448 2058 622 2113 multo
670 2056 997 2121 recentiore,
1046 2052 1358 2106 Simeonem
1405 2049 1833 2120 Memphi-astam
1859 2048 2110 2102 oratione

445 2147 791 2218 panegyrica
842 2142 1176 2198 celebratum
1229 2142 1449 2194 narrat.
1501 2139 1588 2192 lta
1649 2143 1758 2192 est.
1805 2136 1916 2191 Srd
1989 2152 2105 2190 non

451 2234 677 2289 dixerat
725 2231 963 2287 unicum
996 2235 1229 2284 tantum
1262 2227 1520 2282 Peellum
1552 2224 1866 2280 exstitisse.
1903 2225 1968 2279 Et
2000 2239 2108 2280 nos

448 2324 518 2380 ad
553 2323 630 2394 [7]
652 2336 970 2394 quemnam
991 2318 1248 2375 Peellum
1271 2317 1456 2372 oratio
1485 2314 1685 2370 referri
1711 2315 2104 2380 debeat,certo

447 2412 744 2468 afﬁrmare
774 2427 888 2464 non
921 2425 1260 2480 possumus.
1293 2406 1642 2475 Conjectura
1672 2410 1886 2470 tamen,
1920 2418 2105 2473 eaque

447 2501 748 2557 levissima
775 2499 1074 2564 ducimur,
1119 2497 1276 2550 hunc
1327 2493 1708 2550 recentiorem
1759 2507 1889 2547 esse
1943 2491 2102 2546 illius

446 2595 779 2655 auctorem;
815 2587 965 2660 quod
999 2590 1057 2641 et
1087 2584 1257 2656 plura
1289 2581 1594 2654 scripserit
1625 2581 1682 2634 in
1713 2581 1872 2635 omni
1919 2580 2096 2634 disci-

448 2678 611 2752 plina
641 2683 699 2734 et
727 2678 1080 2748 scriptorum
1114 2673 1301 2744 gloria
1332 2669 1751 2727 celeberrimus
1783 2669 1974 2724 fuerit.
2007 2679 2096 2723 An

448 2783 582 2824 vero
631 2766 828 2823 senior
879 2763 978 2819 ille
1026 2762 1249 2835 aliquid
1299 2761 1521 2832 scripto
1567 2759 1896 2829 tradiderit,
1943 2765 2100 2814 certo

449 2871 563 2913 non
595 2860 848 2911 constat.

522 2947 617 3000 ΙΧ.
654 2945 772 3017 Ego
802 2959 938 2998 vero
971 2939 1171 2996 nullus
1200 2940 1426 3010 dubito,
1460 2939 1508 2994 si
1540 2954 1741 2993 verum
1785 2938 1950 2993 fateri
1997 2954 2097 2992 ve-

448 3035 647 3104 limus,
683 3031 935 3089 Psellum
966 3030 1134 3086 illum
1163 3031 1272 3088 sub
1302 3027 1511 3085 Basilio
1544 3028 1880 3098 Macedone,
1915 3029 2098 3083 multa

448 3123 853 3199 philosophica
923 3121 1141 3193 scripto
1217 3121 1619 3191 consignasse,
1679 3134 1864 3189 eaque
1939 3134 2096 3172 nunc

445 3215 731 3272 afﬁnitate
762 3211 1019 3267 nominis
1051 3209 1398 3264 indistincta
1423 3208 1534 3263 sub
1556 3207 1896 3262 recentioris
1923 3204 2096 3261 Pselli

2221 647 2334 684 non
2366 636 2558 700 erunt,
2588 632 2661 686 ad
2715 631 3118 703 antiquiorum
3170 646 3300 686 esse
3349 631 3654 685 referenda
3703 629 3886 702 plane

2211 718 2432 788 judico.
2482 719 2781 790 Prwcipua
2810 718 2912 775 illa
2944 724 3140 790 erunt,
3173 737 3300 791 quae
3331 717 3662 774 Aristotelis
3691 717 3884 772 libros

2221 806 2534 880 plerosque
2567 825 2668 880 per
2698 809 2938 864 modum
2964 808 3490 881 paraphrasis,non
3513 806 3886 880 ineleganter

2219 902 2538 968 exponunt.
2571 898 2932 970 Semperque
2964 899 3034 954 de
3067 897 3308 969 Dialogo
3338 895 3463 964 illo,
3498 899 3555 951 in
3588 912 3706 968 quo
3737 911 3885 967 ope-

2221 988 2479 1041 rationes
2509 988 2841 1042 daemonum
2875 988 3453 1058 asseruntur,deque
3482 988 3611 1056 ejus
3642 991 3887 1040 auctore

2221 1076 2620 1131 subdubitavi.
2652 1076 2848 1149 Stylus
2882 1077 3090 1132 ﬂorido
3117 1076 3381 1142 solidior,
3415 1092 3507 1131 res
3538 1079 3700 1130 extra
3734 1072 3888 1130 Peri-

2221 1165 2605 1238 pateticorum
2639 1166 2896 1234 scholas,
2954 1182 3089 1221 cum
3141 1165 3403 1221 Platonis
3457 1169 3515 1220 et
3558 1165 3887 1220 Zoroastre

2219 1255 2530 1311 sententiis
2559 1255 2776 1322 afﬁnis,
2807 1261 2864 1310 et
2898 1256 3127 1328 magica
3169 1254 3272 1309 illa
3322 1258 3678 1324 nugamenta
3727 1255 3885 1308 alte-

2219 1361 2348 1399 rum
2377 1362 2410 1399 a
2445 1345 2630 1400 Psello
2662 1345 2982 1400 recentiore
3013 1344 3268 1400 Peellum
3325 1343 3607 1398 indicant.
3660 1341 3764 1397 Hic
3819 1342 3880 1396 in

2219 1433 2458 1506 Dialogo
2511 1435 2742 1490 Marcus
2793 1435 2851 1489 in
2905 1434 3197 1491 Chersone
3249 1431 3448 1488 insula
3499 1447 3884 1487 commorans

2220 1524 2530 1595 peregrino
2564 1523 2769 1595 magiae
2801 1540 3016 1579 arcana
3045 1522 3314 1594 exponit;
3339 1522 3453 1577 Leo
3486 1519 3885 1592 Philosophus

2222 1611 2631 1684 phiIOSOphica
2661 1629 2728 1668 ac
2761 1612 3022 1682 reliquas
3053 1611 3330 1667 scientias
3360 1610 3418 1664 in
3455 1612 3631 1665 Antro
3681 1608 3885 1664 insula

2219 1717 2252 1756 a
2286 1700 2561 1756 Michaele
2613 1700 2797 1756 Psello
2845 1701 3142 1755 edocetur.
3195 1700 3379 1755 Video
3429 1699 3639 1754 Leonis
3687 1698 3883 1754 bistO'

2221 1792 2366 1845 riam
2401 1791 2510 1846 sub
2541 1790 2748 1846 alienis
2779 1789 3119 1844 nominibus
3150 1789 3320 1861 quasi
3365 1791 3747 1860 personatum
3801 1785 3887 1861 [8]

2222 1879 2280 1934 in
2337 1879 2634 1935 theatrum
2694 1879 2885 1935 educi.
2942 1878 3092 1934 Illud
3153 1879 3354 1946 etiam,
3388 1878 3567 1949 [quod
3619 1893 3680 1932 se
3733 1877 3881 1931 dicit

2215 1968 2563 2023 Timotheus
2594 1986 2627 2023 a
2657 1973 2898 2038 paterno
2931 1984 3036 2023 avo
3069 1967 3306 2022 audisse
3337 1967 3407 2022 de
3455 1965 3880 2021 Euchaitarum

2218 2059 2493 2130 pessimis
2549 2058 2835 2126 moribus,
2890 2073 3085 2112 annon
3141 2056 3332 2127 magis
3393 2054 3641 2111 senioris
3698 2054 3880 2110 Pselli

2217 2148 2393 2215 aetati,
2441 2152 2582 2202 tunc
2640 2162 2771 2202 cum
2830 2145 3320 2201 Massalianorum
3375 2144 3638 2209 haeresis,
3685 2147 3752 2198 ut
3802 2143 3880 2198 de

2216 2235 2536 2290 haeresibus
2568 2239 2790 2303 narrat,
2822 2233 3078 2289 Joannes
3111 2233 3532 2299 Damascenus,
3583 2231 3882 2289 crudelis-

2215 2324 2364 2379 sime
2396 2325 2453 2379 in
2484 2323 2802 2379 Ecclesiam
2837 2323 2938 2377 Dei
2971 2323 3374 2394 grassabatur,
3427 2337 3556 2393 qum
3604 2325 3880 2392 tempore

2205 2413 2464 2484 junioris
2498 2429 2674 2484 prope
2705 2414 2993 2467 exstincta
3023 2410 3364 2482 languebat,
3395 2409 3628 2465 videtur
3657 2426 3877 2465 conve-

2214 2502 2382 2557 nire?
2416 2503 2577 2556 Adde
2609 2501 2844 2573 Dialogo
2877 2505 3195 2556 tractatum
3229 2500 3306 2572 (g)
3357 2501 3428 2554 de
3477 2499 3867 2569 Daemonibus,

2213 2592 2473 2646 nondum
2507 2591 2728 2646 editum
2765 2591 2977 2660 Graece,
3005 2589 3160 2661 quod
3192 2589 3400 2654 sciam,
3434 2604 3501 2643 ex
3532 2587 3874 2644 Graecorum

2211 2683 2526 2745 sententia,
2561 2679 2857 2735 uterinum
2887 2679 3106 2735 dixeris
3137 2696 3204 2734 ac
3251 2693 3601 2749 germanum
3654 2677 3871 2745 fetum,

2209 2774 2267 2823 et
2315 2769 2565 2824 Leonem
2619 2767 3042 2840 Philosophum
3098 2783 3163 2821 ac
3205 2767 3495 2822 Joannem
3547 2767 3679 2836 eius
3731 2782 3876 2821 con-

2210 2858 2604 2928 sanguineum
2683 2857 2890 2928 magiae
2967 2854 3346 2912 insimulatos
3417 2859 3478 2910 et
3551 2860 3866 2911 accusatos

2206 2948 2452 3003 tradunt
2484 2946 2770 3016 historici,
2803 2961 2979 3017 quam
3012 2943 3329 3000 verisimile
3355 2949 3445 2999 est
3474 2960 3589 2999 non
3622 2944 3694 3000 ab
3749 2943 3868 3000 alio

2207 3053 2384 3108 quam
2417 3054 2450 3090 a
2477 3035 2757 3091 Michaele
2787 3034 2886 3090 illo
2918 3033 3106 3090 Psello
3139 3033 3441 3089 didicisse.

2276 3128 2347 3181 Χ.
2402 3124 2661 3180 Libellus
2711 3124 2887 3179 etiam
2941 3122 3114 3179 Pselli
3166 3123 3237 3178 De
3285 3122 3562 3193 lapidibus
3593 3139 3626 3177 a
3657 3119 3857 3179 Maus-

2206 3231 2340 3270 saco
2373 3213 2588 3277 editus,
2623 3212 2707 3268 vel
2756 3212 2894 3267 huic
2943 3211 3158 3267 seniori
3215 3210 3427 3282 Psello,
3477 3210 3526 3266 si
3576 3227 3670 3266 me
3717 3228 3860 3268 con-

443 3305 682 3361 nomine
711 3300 1098 3358 circumferri.
1131 3297 1360 3370 Scripta
1392 3312 1647 3366 namque
1697 3296 1913 3361 omnia,
1969 3312 2095 3367 quas
2127 3289 2170 3356 C
2206 3305 2434 3375 jectura
2483 3319 2598 3357 non
2648 3301 2820 3368 fallit,
2853 3300 3204 3356 tribuendus
3235 3304 3346 3369 est,
3376 3299 3466 3355 vel
3497 3305 3653 3357 certe
3684 3300 3859 3357 nulli.

441 3393 701 3450 Peellum
725 3396 948 3463 patrem
974 3388 1449 3460 indigitant,cum
1469 3391 1524 3441 et
1541 3385 1826 3442 tractandi
1849 3385 2095 3452 ratione,

443 3489 502 3540 et
531 3481 866 3538 inveniendi
892 3479 1184 3547 acumine,
1220 3493 1325 3532 nec
1354 3477 1560 3532 eadem
1605 3474 1836 3530 dicendi
1885 3475 2092 3543 forma,

443 3588 550 3628 nec
580 3571 901 3642 figurarum
935 3567 1230 3623 coloribus
1261 3567 1543 3636 gestiant,
1577 3565 1675 3620 sed
1711 3564 1824 3620 alia
1871 3563 2096 3619 incom-

444 3669 605 3733 ptam
631 3660 878 3724 illam,et
897 3659 1154 3714 Graecam
1180 3655 1760 3728 philosophiam,non
1783 3653 2093 3708 barbaram

445 3751 795 3817 scilicet,sed
829 3748 1082 3812 virilem,
1102 3751 1158 3800 et
1187 3763 1314 3816 qua:
1347 3761 1453 3799 suo
1483 3744 1794 3814 splendore
1826 3742 2094 3808 nitescat,

444 3856 560 3910 prae
592 3855 653 3895 se
685 3838 906 3904 ferant;
938 3837 1054 3890 alia
1083 3851 1216 3890 cum
1251 3833 1431 3889 Musis
1465 3832 1692 3899 ludant,
1745 3837 1802 3886 et
1849 3830 2088 3898 (initiis,

441 3933 498 3984 et
521 3929 830 3983 verborum
863 3925 1145 3989 ﬂosculis,
1196 3931 1252 3979 et
1296 3927 1528 3992 compto
1583 3920 1958 3992 periodorum
2007 3919 2094 3974 iu-

438 4023 664 4073 structu
705 4017 970 4072 hilariter
1001 4013 1350 4078 subeiliant;
1385 4013 1648 4067 diversos
1675 4010 1786 4065 sibi
1823 4015 2096 4081 parentes

434 4124 538 4178 pro
597 4107 752 4178 genii
814 4103 1151 4161 diversitate
1209 4105 1541 4172 reposcunt.
1594 4100 1662 4154 Et
1709 4099 1846 4154 licet
1895 4098 2093 4168 magni

435 4196 546 4250 viri
580 4195 900 4266 aliquando
932 4209 1126 4248 rerum
1158 4189 1517 4246 excelsarum
1562 4188 1947 4259 parturitione
1996 4187 2096 4240 de-

442 4284 667 4356 fatigati
724 4283 1053 4349 {videantur
1126 4278 1387 4347 destitui,
1440 4282 1498 4333 et
1555 4277 1616 4331 in
1695 4277 1840 4332 alias
1919 4281 2097 4346 atque

443 4373 591 4429 alias
642 4388 704 4428 se
735 4370 968 4427 dicendi
1001 4370 1219 4425 formas
1251 4373 1608 4434 convertere,
1638 4381 1872 4436 semper
1900 4369 2098 4420 tamen

443 4464 504 4518 in
536 4462 653 4518 illis
683 4462 768 4517 vis
798 4461 1066 4532 quaedam
1100 4463 1344 4527 naturae,
1379 4474 1411 4512 a
1441 4456 1757 4526 semetipsa
1787 4469 2095 4525 nunquam

443 4553 828 4625 degenerans,
889 4548 1241 4616 inclaresoit,
1294 4563 1412 4618 qua
1460 4551 1673 4600 nasuta
1731 4544 1970 4616 ingenia
2040 4546 2097 4598 et

442 4655 606 4694 acres
653 4654 896 4711 operum
947 4637 1178 4708 judices
1225 4653 1428 4692 verum
1459 4639 1756 4690 auctorem
1787 4633 2092 4706 expiscan-
2127 4659 2172 4724 Ι)

440 4733 558 4784 tur.
590 4727 871 4791 Quamvis
901 4727 1211 4797 deturpata
1238 4725 1384 4780 facie
1431 4729 1488 4778 et
1537 4724 1784 4795 pedibus
1831 4721 2097 4777 distortis

441 4818 808 4888 Ganymedes
841 4815 1151 4881 claudicet,
1181 4831 1297 4869 non
1331 4813 1412 4868 ita
1441 4814 1500 4868 in
1533 4811 1714 4867 alium
1747 4813 1936 4866 virum
1986 4810 2096 4865 mi-

441 4923 609 4979 grare
641 4905 870 4977 poterit,
888 4909 952 4960 ut
978 4903 1346 4976 Ganymedes
1377 4918 1507 4957 esse
1539 4918 1652 4956 non
1685 4905 2095 4970 cognoscatur;

441 4996 634 5049 adhuc
661 4993 1021 5049 lineamenta
1050 4991 1234 5061 illa,et
1265 4990 1521 5062 pessime
1550 4995 1820 5062 exceptas
1843 4989 2099 5060 pulchri-

441 5081 666 5137 tudinis
697 5081 1011 5146 scintillas,
1043 5085 1100 5136 et
1133 5079 1381 5134 latentes
1429 5079 1488 5133 in
1540 5079 1827 5134 membris
1873 5077 2094 5145 radios,

443 5171 492 5226 si
518 5171 734 5241 fungus
755 5171 996 5225 omnino
1024 5186 1137 5225 non
1162 5185 1247 5236 es,
1269 5173 1534 5240 prompte
1564 5169 2098 5239 dignoscas.Saepe-

443 5273 558 5330 que
609 5258 669 5311 in
727 5257 1046 5327 contracto,
1095 5273 1269 5312 exeso
1341 5273 1406 5311 ac
1480 5257 1747 5325 partibus
1823 5255 2095 5310 mutilato

443 5361 738 5401 marmore
784 5346 992 5401 caelum
1042 5343 1348 5401 Praxitelis
1395 5344 1774 5415 deprehendi.
1806 5344 1947 5398 Cum
1981 5344 2094 5398 ita-

445 5450 558 5506 que
595 5434 654 5490 in
681 5433 843 5491 hisce
872 5433 1146 5506 operibus
1199 5433 1371 5507 longe
1418 5432 1651 5489 diversa
1699 5432 1820 5488 sint
1870 5432 2093 5501 omnia,

2205 3391 2350 3448 Audi
2383 3391 2523 3462 quid
2557 3391 2681 3462 ipse
2707 3391 2883 3460 dicat,
2917 3391 3058 3444 dum
3094 3389 3152 3444 in
3190 3390 3302 3444 fine
3333 3394 3625 3457 auctores,
3655 3389 3756 3461 qui
3789 3390 3864 3445 de

2206 3481 2469 3552 lapidum
2519 3479 2834 3534 virtutibus
2884 3495 3095 3533 causas
3151 3478 3478 3546 reddidere,
3531 3482 3860 3543 enumerat,

2205 3573 2336 3642 post
2383 3584 2588 3623 omnes
2619 3569 2866 3624 subdit:
2894 3570 3010 3621 Τῶν
3047 3563 3105 3620 δὶ
3136 3565 3197 3620 οὐ
3229 3564 3375 3621 πολὺ
3409 3566 3514 3639 πρὸ
3545 3567 3702 3639 ἡμῶν
3735 3565 3762 3619 ὁ
3797 3563 3862 3619 ἐκ

2200 3660 2301 3722 τῆς
2349 3653 2700 3734 Ἀφροδισίας
2757 3652 3142 3731 Ἀλέξανδρος,
3203 3652 3492 3730 ἅνθρωπος
3549 3655 3672 3728 περί
3728 3658 3868 3709 πάν-

2202 3767 2308 3800 των
2343 3745 2533 3806 ἅπλῶς
2593 3745 2781 3813 αἰπεῖν,
2833 3744 2924 3799 καὶ
2979 3749 3086 3799 τῶν
3146 3743 3477 3820 ἀπορῥήτων
3508 3751 3608 3812 τῆς
3651 3742 3872 3819 φύσεως

2203 3833 2654 3909 προχειρότατος.
2713 3836 2772 3889 Id
2827 3841 2913 3890 est
2963 3851 2976 3888 :
3040 3837 3123 3889 Ex
3180 3834 3264 3888 his
3321 3843 3524 3900 autem,
3551 3835 3645 3904 qui
3688 3834 3865 3902 paulo

2203 3930 2331 3980 ante
2403 3941 2502 3979 nos
2574 3927 2837 3979 vixerunt
2895 3923 3205 3979 Alexander
3264 3923 3727 3994 Aphrodisiensis,
3783 3921 3862 3976 ad

2204 4015 2391 4068 omnia
2448 4015 2627 4068 etiam
2694 4016 2918 4069 natura:
2991 4013 3298 4068 occultiora
3373 4009 3734 4074 enucleanda,
3800 4015 3869 4066 ut

2202 4103 2370 4174 plura
2397 4103 2586 4172 paucis
2615 4103 2947 4172 complectar
2973 4102 3440 4172 promptissimus.
3474 4102 3640 4155 Anne
3668 4099 3864 4171 fpaulo

2206 4198 2339 4246 ante
2369 4196 2636 4260 tempora
2668 4189 2860 4254 Pselli,
2895 4190 2996 4261 qui
3047 4190 3156 4244 sub
3212 4189 3597 4246 Constantino
3645 4194 3702 4244 et
3753 4187 3871 4243 Mi-

2206 4279 2405 4335 chaele
2437 4279 2612 4334 Ducis
2645 4278 2908 4341 ﬂorebat,
2943 4279 3266 4334 Alexander
3295 4276 3871 4350 Aphrodiensis,qui

2206 4371 2316 4425 sub
2348 4369 2641 4424 Antonino
2673 4373 2730 4424 et
2759 4367 2972 4424 Severo
3003 4367 3542 4435 scribebat,vixisse
3578 4367 3871 4422 dicendus

2205 4459 2336 4514 est?
2364 4459 2424 4514 Si
2455 4459 2929 4530 octingentorum
2979 4462 3036 4513 et
3084 4457 3520 4528 quinquaginta
3571 4473 3869 4512 annorum

2208 4548 2466 4620 spatium
2528 4547 2828 4602 modicum
2885 4547 3172 4618 temporis
3233 4545 3609 4602 intervallum
3669 4544 3869 4601 Psello

2204 4642 2314 4706 est,
2347 4637 2502 4708 quod
2537 4637 2647 4692 erit
2677 4635 2952 4708 longum?
2974 4635 3120 4708 Ergo
3149 4634 3236 4691 vel
3271 4634 3367 4690 hic
3397 4634 3632 4690 libellus
3673 4633 3870 4690 Psello

2209 4725 2346 4781 huic
2376 4725 2592 4782 seniori
2625 4725 3018 4780 vindicandos
3047 4728 3158 4791 est,
3194 4724 3282 4780 vel
3313 4724 3363 4780 si
3395 4723 3649 4780 sexcenti
3683 4723 3869 4779 etiam

2207 4820 2264 4870 et
2313 4813 2511 4885 plures
2559 4814 2698 4868 anni
2749 4813 3122 4869 diuturniora
3177 4818 3444 4885 tempora
3489 4817 3650 4878 sunt,
3700 4811 3872 4867 ideo-

2207 4918 2321 4975 que
2372 4919 2476 4957 nec
2521 4902 2738 4957 seniori
2784 4902 3160 4969 tribuendus,
3195 4901 3353 4958 alius
3381 4901 3552 4956 nobis
3585 4900 3869 4973 opusculi

2207 4996 2408 5046 auctor
2457 4991 2808 5062 quaerendus
2859 4996 2950 5045 est
2996 4990 3224 5058 sedulo,
3276 5008 3350 5046 ne
3402 4989 3683 5059 Peellum,
3718 4990 3871 5046 dum

2205 5080 2326 5135 hinc
2357 5081 2660 5148 scriberet,
2690 5079 3044 5136 dormitasse
3076 5080 3472 5152 nugacissime
3502 5080 3666 5135 fateri
3698 5095 3880 5152 coga-

2207 5187 2363 5225 mur.

2275 5261 2373 5314 XI.
2409 5259 2577 5313 Liber
2606 5257 2782 5314 etiam
2814 5257 3045 5314 Medicus
3094 5261 3152 5312 et
3202 5257 3626 5330 Therapeulicus
3657 5257 3867 5329 Pselli,

2205 5363 2379 5418 quem
2412 5347 2791 5402 Constantino
2822 5345 3404 5419 Porphyrogennetaa,
3438 5347 3554 5402 nisi
3604 5364 3712 5403 nos
3763 5346 3869 5401 lu-

2203 5433 2287 5490 dit
2342 5435 2674 5506 inscriptio,
2731 5435 3115 5507 nuncupavit,
3174 5435 3321 5492 l'orte
3394 5434 3577 5492 Psello
3635 5436 3861 5494 seniori

2033 5596 2262 5654 NOTAE.

521 5739 590 5816 (g)
617 5737 698 5797 De
736 5737 847 5796 hoc
867 5737 1022 5796 infra
1049 5740 1077 5811 §
1103 5738 1195 5796 39.
1227 5738 1455 5798 Laudat
1481 5743 1540 5799 et
1566 5737 1815 5799 Allatius
1845 5737 1992 5796 diss.
2025 5738 2096 5797 de
2122 5737 2599 5814 Engastrimytho
2630 5753 2682 5797 ο.
2713 5739 2749 5794 2
2777 5741 2835 5796 et
2858 5737 2949 5796 l6.
