4122 6394
356 441 468 501 485

1625 441 2000 503 ΒΙΛἸἪΙΒΛ
2051 442 2149 503 DE
2199 443 2536 505 PSELLIS.

3671 448 3789 509 486

361 571 710 627 tribuendus
732 578 849 639 est,
885 572 937 628 si
971 571 1149 628 vitam
1180 589 1247 628 eo
1277 588 1469 645 usque
1500 573 1820 644 protraxit;
1853 577 2010 629 certe
2039 575 2096 641 Α
2123 573 2378 646 ﬁrmant,
2409 574 2546 629 huic
2579 574 2792 630 Nicetas
2825 574 3021 629 Davidi
3055 574 3347 631 tribuunt.
3375 576 3602 633 Habent
3623 578 3783 634 enim

362 659 669 717 recentiori
697 666 977 733 tempora
1017 665 1250 734 negant.

422 750 553 806 XII.
616 751 958 806 Verisimile
993 751 1190 823 itaque
1220 757 1332 822 est,
1363 751 1622 809 Psellum
1655 751 1812 807 hunc
1853 750 2025 824 plura

349 839 410 896 in
441 840 860 910 Philos0phicis
917 840 1224 897 Rhetoricis
1271 841 1709 912 composuisse.
1777 843 1847 896 At
1905 856 2021 896 non

345 929 618 1000 scripsit,
645 929 909 1001 inquies,
965 931 1255 1001 quidquid
1287 931 1357 986 de
1388 930 1520 987 aliis
1571 931 1670 996 sit,
1703 931 1760 984 in
1794 930 2022 986 Simeo-

353 1035 494 1074 nem
556 1019 1025 1091 Metaphrastem
1084 1019 1544 1091 panegyricum,
1604 1023 1670 1074 ut
1735 1019 2023 1074 Barouius

363 1109 638 1177 somniat,
661 1108 740 1180 [9]
772 1125 909 1164 cum
943 1108 1111 1164 illum
1140 1108 1366 1164 Psellus
1385 1109 1676 1164 recentior
1693 1107 2020 1180 scripserit.

366 1199 551 1263 Quare
583 1198 878 1254 Baronius
913 1198 1100 1254 falsus
1145 1204 1255 1266 est,
1304 1203 1362 1254 et
1404 1198 1463 1252 in
1504 1197 1716 1264 Psello,
1749 1213 1926 1268 quem
1961 1196 2020 1250 in

363 1287 524 1342 aliud
555 1293 795 1358 tempus
826 1288 1131 1356 amandat,
1151 1293 1207 1342 et
1225 1287 1286 1342 in
1311 1287 1730 1359 Metaphrastc,
1749 1302 1923 1357 quem
1948 1287 2022 1340 ob

356 1376 784 1448 imaginarium
826 1375 1084 1432 Psellum
1127 1376 1300 1432 annis
1346 1377 1494 1432 ferre
1541 1375 1832 1442 ducentis,
1859 1378 2023 1429 ante-

353 1481 546 1537 quam
577 1471 753 1534 esset,
772 1482 944 1521 suam
968 1464 1236 1521 Ecclesiae
1273 1481 1510 1536 operam
1541 1464 1908 1520 contuluisse
1961 1463 2022 1517 in

347 1554 711 1610 enarrandis
742 1559 1082 1610 sanctorum
1113 1555 1247 1609 vitis
1269 1554 1589 1610 contendit.
1625 1554 1741 1609 Nec
1779 1551 2022 1608 feliciori

347 1649 574 1698 eventu
607 1643 1002 1699 Bellarmiuus
1034 1645 1106 1699 de
1139 1643 1538 1715 Scriptoribus
1573 1641 2020 1710 Ecclesiasticis,

351 1731 584 1788 saeculo
606 1749 685 1803 1x,
717 1749 869 1788 anno
890 1733 997 1787 850
1028 1758 1042 1800 ς
1089 1731 1348 1789 Jacobus
1380 1731 1696 1788 Gaulterus
1728 1732 1788 1786 in
1822 1731 2023 1788 tabula

353 1821 780 1894 Chronologica,
807 1821 1021 1878 saeculo
1052 1839 1132 1888 IX,
1167 1837 1298 1894 pag.
1325 1822 1467 1890 598;
1495 1822 1753 1877 Jacobus
1795 1821 2024 1877 Gretse-

353 1928 459 1967 rus
490 1912 572 1967 De
594 1911 932 1981 imaginibus
963 1928 1135 1966 manu
1167 1927 1277 1967 non
1305 1913 1471 1981 factis
1501 1927 1551 1965 c.
1586 1911 1676 1982 10,
1700 1917 1758 1966 et
1779 1910 1898 1976 alii,
1924 1911 2025 1966 Ba-
2053 1953 2102 2018 B

358 2001 607 2057 ronium
641 2001 829 2056 secuti
861 2007 1021 2056 sunt.

432 2089 588 2145 XIII.
616 2089 717 2144 Hic
740 2088 998 2145 historiae
1029 2088 1437 2145 ecclesiasticae
1471 2089 1693 2158 hostes,
1727 2092 1784 2144 et
1803 2089 2023 2145 Simeo-

377 2178 469 2234 nis
495 2178 906 2250 Metapbrastaa
939 2178 2022 2250 acerrimidefensorisoppuguatores,

384 2273 674 2322 tantorum
701 2268 961 2323 virorum
988 2269 1158 2339 lapsu
1192 2269 1561 2340 triumphare
1583 2267 1693 2322 sibi
1727 2267 2022 2322 videntur.

370 2357 490 2412 Sed
524 2356 675 2411 nulla
728 2357 785 2412 id
841 2357 1095 2412 evidenti
1154 2358 1379 2413 ratione
1429 2362 1742 2424 conantur,
1807 2358 1864 2410 ni
1926 2373 2019 2411 me

367 2463 505 2502 mea
537 2445 684 2501 fallit
743 2446 966 2518 Opinio.
1021 2445 1192 2502 Pselli
1252 2451 1519 2518 tempora
1575 2445 1863 2501 Baronius
1904 2462 2021 2501 non

358 2535 667 2603 distinxit;
701 2541 761 2592 at
791 2553 1050 2607 quonam
1105 2535 1217 2606 ipsi
1249 2537 1423 2591 modo
1455 2534 1874 2608 distinguunt?
1904 2535 2023 2607 Ipsi

358 2623 718 2696 Panegyrim
749 2623 913 2680 illam
949 2625 1005 2679 in
1054 2623 1510 2695 Metaphrastem
1543 2623 1769 2678 Juniori
1817 2622 2027 2693 Psello,

359 2713 467 2768 sed
520 2729 784 2784 quonam
807 2720 1158 2782 argumento
1177 2711 1552 2783 adjudicant?
1571 2712 1816 2768 Prorsus
1840 2711 2025 2767 nullo.

361 2805 693 2858 Auctorem
741 2801 904 2857 illius
960 2801 1240 2858 orationis
1302 2801 1552 2856 Psellum
1588 2800 1838 2857 alterum
1878 2818 2029 2871 esse,

360 2908 486 2948 non
519 2891 734 2948 Leonis
767 2890 1107 2963 Philosophi
1143 2891 1495 2964 magistrum
1534 2907 1841 2963 nunquam
1873 2891 2029 2946 evin-

359 2985 520 3037 cent.
558 2979 813 3052 Scripsit
835 2979 933 3036 ille
965 2979 1239 3050 plurima,
1273 2985 1340 3034 ut
1361 2978 1656 3035 versimile
1688 2983 1812 3047 est;
1847 2995 2030 3050 quare

364 3086 485 3126 non
519 3075 580 3125 et
610 3069 764 3125 hanc
784 3068 1108 3124 orationem
1132 3069 1386 3124 scribere
1405 3067 1622 3139 potuit?
1634 3072 1700 3122 Et
1719 3068 2030 3139 scripsisse

361 3163 733 3232 argumento
755 3157 866 3212 hoc
896 3159 967 3212 ad
1001 3158 1370 3230 probandum
1407 3157 1772 3226 ﬁrmissimo,
1826 3157 1886 3212 ni
1937 3174 2030 3213 me

362 3249 604 3305 codices
625 3247 1018 3318 manuscripti
1042 3247 1274 3315 fallunt,
1295 3248 1354 3303 ni
1387 3247 1521 3318 ipsi,
1547 3246 1644 3318 qui
1665 3248 2026 3303 contrarium

2132 664 2272 718 satis
2323 664 2658 731 evidenter,
2710 663 2920 732 Νικήτα
2974 661 3280 738 φιλοσόφου
3331 667 3430 718 τοῦ
3489 666 3786 741 Παφλαγο-

2131 751 2248 814 νίας
2305 753 2420 824 [10]
2469 749 2764 826 Ἐρμηνεία
2811 750 2888 812 εἷς
2935 751 3003 804 τὰ
3059 746 3164 822 ἔπη
3215 756 3314 806 τοῦ
3364 752 3658 828 Θεολόγου.
3700 761 3787 827 Et,

2131 840 2346 910 Νικήτα
2373 844 2472 894 τοῦ
2495 840 2586 894 καὶ
2621 837 2825 909 Δαυὶδ’,
2860 839 3149 915 Ἐξήγησις
3183 839 3258 902 εἷς
3288 842 3357 895 τὰ
3400 842 3558 900 αὐτά.
3590 847 3793 903 Νἱσειςυ

2135 931 2454 1000 Philosophi
2489 930 2882 1002 Paphlagonia
2925 931 3210 1001 Expositio
3245 933 3305 985 in
3335 931 3604 988 Carmina
3635 934 3794 991 Theo-

2135 1020 2268 1090 logi,
2313 1025 2368 1075 et
2415 1021 2641 1087 Nicetas,
2698 1021 2796 1090 qui
2835 1022 2887 1074 et
2939 1019 3140 1086 David,
3171 1021 3450 1092 expositio
3483 1023 3540 1077 in
3572 1023 3782 1080 eadem.

2134 1108 2335 1178 Neque
2384 1109 2456 1164 ab
2519 1109 2612 1164 his
2665 1107 2880 1163 diversi
2931 1114 3073 1163 sunt
3115 1109 3348 1165 codices
3393 1127 3538 1166 mss.
3587 1113 3789 1184 Augu-

2134 1197 2310 1263 stani;
2345 1199 2776 1269 confirmatque
2807 1197 2988 1252 editio
3021 1201 3243 1254 Veneta
3291 1199 3403 1254 sub
3434 1214 3589 1256 anno
3621 1201 3788 1256 1563.

2136 1287 2207 1342 Ut
2236 1287 2374 1341 hinc
2406 1286 2604 1342 videas
2640 1303 2756 1341 una
2786 1290 2872 1341 tot
2931 1288 3467 1358 manuscriptorum
3517 1289 3787 1345 codicum

2135 1376 2590 1447 conspiratione,
2650 1393 2766 1430 non
2816 1374 2994 1431 unius
3043 1377 3448 1449 exscriptoris,‘
3477 1378 3790 1435 oscitantia

2134 1465 2370 1520 illarum
2399 1465 2836 1537 expositionum
2869 1466 3274 1521 immutatum‘
3310 1467 3408 1522 sed
3444 1468 3790 1524 continuata

2135 1554 2286 1609 serie
2347 1553 2618 1625 pluribus
2661 1554 3136 1625 comprobatum,
3176 1561 3474 1612 auctorem
3527 1556 3788 1612 Nicetam

2136 1644 2340 1709 fuisse,
2374 1643 2474 1714 qui
2517 1647 2573 1698 et
2610 1643 2788 1698 David
2814 1648 2872 1698 et
2895 1642 3190 1716 Paphalgo
3221 1643 3788 1717 Philosophusdice-

2135 1733 2329 1787 batur.
2364 1733 2576 1787 Serron
2607 1730 2807 1802 itaque
2850 1731 3083 1788 Nicetas
3115 1738 3172 1788 et
3219 1733 3398 1789 David
3432 1735 3785 1792 auctoritate

2138 1821 2344 1876 horum
2379 1821 2645 1877 codicum
2680 1837 2836 1876 unus
2867 1826 2960 1876 est
2988 1829 3045 1877 et
3071 1821 3224 1877 idem
3278 1828 3503 1878 auctor.
3539 1823 3614 1880 Ea
3647 1841 3787 1896 prie,

2136 1927 2403 1982 sequere,
2434 1910 2511 1965 mi
2536 1909 2864 1966 Gaﬂ'arelle.
2888 1911 3143 1976 Nicetas,
3169 1917 3374 1983 printer
3395 1914 3791 1984 expositiones

2133 2001 2193 2055 in
2225 2000 2488 2072 Gregorii
2520 2000 2836 2065 orationes,
2870 2005 2926 2054 et
2955 2000 3072 2056 alia
3102 2001 3321 2074 ingenii
3372 2003 3464 2057 sui
3514 2002 3571 2056 in
3626 2004 3790 2059 omni

2133 2105 2345 2161 genere
2377 2089 2810 2155 doctrinarum,
2843 2089 3074 2144 erudita
3105 2106 3248 2146 sane
3275 2097 3332 2146 et
3361 2091 3534 2147 docta
3582 2109 3790 2148 monu-

2135 2183 2352 2245 menta,
2388 2177 2447 2232 in
2480 2176 2592 2232 divi
2629 2177 2795 2232 Lucas
2853 2177 3254 2248 Evangelium,
3304 2185 3566 2251 quatuor
3622 2180 3791 2238 libris

2135 2267 2498 2329 distinctam,
2553 2265 2700 2322 satis
2748 2266 2985 2321 uberem
3027 2272 3084 2321 et
3113 2266 3476 2322 luculentam
3508 2273 3789 2327 Catenam

2132 2374 2199 2412 ex
2232 2356 2504 2428 pluribus
2536 2355 2806 2410 Patribus
2839 2360 2896 2409 et
2936 2355 3324 2426 scriptoribus
3375 2358 3790 2416 ecclesiasticis

2130 2448 2374 2501 venuste
2407 2445 2723 2500 admodum
2756 2444 3158 2514 concinnavit;
3194 2445 3348 2501 inter
3404 2464 3502 2502 eos
3532 2465 3647 2503 non
3697 2449 3787 2504 in-

2144 2535 2265 2590 timi
2299 2538 2439 2590 sunt
2484 2534 2718 2589 Simeon
2769 2533 3156 2604 Metaphrates
3200 2540 3259 2590 et
3309 2536 3552 2591 Psellus.
3597 2538 3789 2595 Fateri

2141 2641 2458 2697 possumus
2487 2640 2642 2692 ergo,
2687 2622 2944 2678 Psellum
2976 2623 3157 2689 hunc,
3192 2625 3292 2695 qui
3345 2627 3455 2681 sub
3504 2631 3790 2682 Constan-

2138 2715 2261 2769 tino
2293 2713 2454 2767 Duca
2487 2711 2705 2779 ﬂoruit,
2739 2714 2908 2767 esse?
2944 2717 3164 2784 Apage.
3216 2713 3382 2768 Mersa
3424 2732 3612 2784 nugae.
3647 2721 3793 2772 Ante

2137 2803 2350 2858 Niceta
2383 2806 2654 2873 tempora
2687 2800 2906 2856 obiissc
2964 2817 3099 2856 eum
3158 2811 3311 2858 certo
3360 2809 3610 2868 constat,
3645 2805 3791 2862 Eum

2139 2892 2210 2948 de
2233 2907 2380 2947 novo
2412 2893 2546 2962 post
2566 2888 2830 2945 Nicetam
2861 2889 3140 2946 revixisse
3172 2891 3418 2962 probent
3443 2891 3578 2964 ipsi,
3609 2893 3657 2949 si
3693 2911 3791 2966 po-

2139 2984 2361 3036 terunt.

2209 3069 2361 3124 XIV.
2396 3071 2822 3140 Argumentum
2857 3068 2964 3123 hoc
2987 3083 3128 3123 sane
3151 3069 3375 3136 efﬁcax,
3401 3070 3544 3125 mihi
3569 3070 3628 3126 in
3651 3089 3791 3144 prae-

2139 3157 2348 3224 sentia,
2389 3163 2454 3212 ut
2484 3173 2682 3213 verum
2741 3156 2946 3226 fateor,
3005 3173 3119 3211 non
3169 3157 3476 3213 satisfecit.
3519 3159 3634 3214 Nec
3679 3161 3792 3218 ﬁde

2141 3249 2677 3318 manuscriptorum
2729 3247 3024 3317 codicum,
3077 3265 3225 3320 quos
3272 3265 3452 3320 supra
3500 3251 3790 3319 recensui,

359 3342 671 3406 astruunt,
720 3337 947 3409 lapides
992 3341 1158 3407 sunt,
1201 3337 1643 3392 demonstrabo.
1689 3337 2026 3393 Concedent
2056 3321 2099 3389 C
2138 3338 2400 3393 Nicetam
2434 3337 2714 3392 Davidem
2747 3337 3018 3392 eumdem
3052 3353 3181 3392 esse
3229 3355 3364 3393 cum
3413 3338 3616 3395 Niceta
3653 3340 3791 3395 Ser-

360 3432 420 3482 et
449 3426 780 3482 concedere
834 3426 1053 3480 debent
1108 3424 1390 3481 orationis
1453 3431 1757 3496 parentem
1807 3441 2029 3496 cogno-

367 3519 579 3571 mento
629 3513 892 3570 Psellum
943 3513 1149 3582 fuisse,
1202 3513 1529 3585 vixisseque
1585 3530 1701 3569 non
1758 3514 1855 3568 diu
1900 3517 2032 3586 post

368 3603 788 3676 Metaphrastae
834 3608 1121 3676 tempora.
1156 3604 1236 3658 En
1285 3603 1446 3658 illius
1484 3603 1660 3659 verba
1689 3599 2032 3674 (Ιι);Ἕδειξι

378 3693 484 3765 γὰρ
538 3693 633 3746 κάν
685 3695 768 3763 τῷ
822 3689 968 3746 τέλιι
1025 3691 1219 3752 ὁποῖος
1267 3689 1414 3762 αὐτῷ
1461 3690 1489 3743 ὁ
1534 3687 2029 3763 διεσπουδασμένος

379 3779 501 3853 βίος
558 3779 850 3855 ἐτύγχανεν
909 3773 1008 3836 ὤν.
1066 3780 1145 3837 Οὐ
1193 3779 1294 3856 γὰρ
1344 3777 1524 3856 ὥσπερ
1572 3785 1898 3852 τετιμῆσθαι
1939 3778 2032 3832 αὐ-

369 3870 465 3924 τὸν
525 3870 579 3923 o't
635 3867 1036 3945 συνεωρακότες
1095 3870 1276 3946 φασὶν,
1339 3865 1465 3923 οὐδὲ
1523 3865 1844 3944 διῃρῆσθαι,
1906 3866 2034 3922 ἀλλ’

375 3957 560 4014 ἐδόκει
631 3957 811 4034 ὥσπερ
890 3959 1038 4020 τινὸς
1118 3956 1322 4029 δέσμης
1378 3957 1882 4034 ἐλευθεροόμενος,
1941 3956 2028 4011 καὶ

381 4047 641 4121 ιεῦμαρῶς
692 4049 826 4123 πρὸς
866 4045 993 4109 τοὺς
1025 4043 1254 4122 ἄγοντας
1299 4045 1568 4122 ἀγγέλους
1623 4045 2033 4118 ἀνατεινόμενος

378 4136 632 4209 νεύματι.
689 4142 746 4193 Id
807 4143 902 4194 est
933 4155 947 4194 :
984 4139 1120 4193 Nam
1148 4139 1233 4194 vel
1263 4139 1322 4194 in
1371 4139 1481 4208 ﬁne
1527 4137 1782 4204 ostendit,
1818 4137 2037 4208 qualem

370 4232 559 4284 vitum
587 4231 791 4299 egerat.
825 4228 943 4284 Non
987 4229 1139 4283 enim
1193 4223 1322 4283 eum
1359 4228 1531 4283 veluti
1579 4227 1908 4293 abscissum,
1939 4229 2035 4282 aut

367 4320 622 4374 divisum
647 4319 825 4388 fuisse
853 4317 1050 4373 dicunt
1079 4317 1252 4388 ii,qui
1283 4317 1545 4372 viderunt
1576 4333 1588 4372 :
1613 4317 1716 4372 sed
1748 4317 2037 4372 videbatur

369 4409 556 4467 veluti
585 4425 625 4462 a
651 4412 889 4478 quodam
936 4407 1162 4463 vinculo
1209 4406 1459 4476 liberari,
1510 4410 1561 4463 et
1603 4405 1785 4462 hilari
1811 4414 1954 4460 nutu
1979 4421 2034 4462 se

365 4501 667 4562 extendere
693 4496 764 4553 ad
794 4496 1048 4552 ducentes
1096 4496 1330 4566 angelos.
1368 4495 1570 4567 Neque
1621 4511 1834 4567 negare
1867 4499 2033 4566 pote-

368 4596 533 4657 runt,
565 4588 832 4645 Nicetam
859 4584 984 4656 qui,
1014 4588 1070 4640 et
1099 4585 1277 4640 David
1321 4584 1650 4653 dicebatur,
1701 4582 2031 4655 Paphalgo-

2140 3444 2298 3494 rone,
2331 3427 2559 3483 Catenae
2583 3426 2639 3480 in
2665 3426 2877 3480 Lucam
2905 3425 3284 3497 compilatore
3309 3429 3620 3499 probatum
3643 3431 3789 3485 satis

2141 3521 2316 3590 puto:
2352 3515 2594 3587 longum
2655 3515 2811 3570 enim
2873 3515 3154 3587 temporis
3210 3515 3584 3573 intervallum
3635 3518 3790 3574 inter

2142 3611 2460 3675 utrumque
2511 3603 2917 3660 intercessisse
2967 3603 3268 3661 existimo.
3344 3606 3489 3662 Nam
3553 3606 3786 3664 Nicetas

2140 3698 2370 3761 Serron,
2390 3693 2674 3749 diaconus
2705 3693 2960 3764 primum
2994 3693 3219 3765 Magnae
3248 3695 3539 3762 Ecclesiae,
3572 3702 3630 3752 et
3661 3715 3789 3752 ma-

2142 3785 2343 3857 gister,
2394 3799 2496 3837 seu
2527 3783 2749 3840 doctor.
2809 3781 3038 3836 Catenae
3073 3783 3131 3836 in
3165 3783 3409 3850 Lucam,
3452 3786 3790 3842 Mattbaaum

2141 3877 2199 3928 et
2222 3871 2366 3927 alios
2397 3875 2618 3940 auctor,
2649 3875 2705 3924 et
2736 3869 3138 3926 Heracleensis
3177 3876 3377 3942 postea
3398 3873 3794 3946 archiepisco-

2143 3978 2276 4032 pus,
2310 3960 2520 4015 iisdem
2554 3975 2690 4013 cum
2731 3957 3131 4030 Thephylacto
3184 3959 3625 4034 archiepiscopo
3665 3963 3795 4018 Bul-

2143 4049 2318 4122 garias
2372 4048 2742 4120 temporibus
2794 4047 3012 4112 ﬂoruit,
3046 4049 3118 4103 ad
3152 4064 3325 4120 quem
3351 4067 3567 4105 nonam
3601 4052 3794 4108 Theo-

2144 4139 2403 4211 phylacti
2434 4136 2742 4208 epistolam
2778 4137 2930 4191 inter
2952 4135 3274 4208 impressas
3303 4154 3339 4192 a
3358 4139 3634 4212 Meursio,
3658 4140 3795 4214 legi.

2142 4229 2252 4283 Sed
2283 4228 2355 4282 de
2387 4225 2476 4282 his
2510 4225 2661 4281 alius
2694 4223 2804 4280 erit
2833 4225 3168 4296 inquirendi
3202 4225 3384 4283 locus.

2213 4317 2330 4372 XV.
2357 4315 2518 4380 Quod
2553 4314 2602 4371 si
2631 4319 2975 4370 novaturum
3026 4315 3310 4373 doctrinis
3359 4317 3634 4375 insistere
3678 4319 3798 4376 vel-

2142 4405 2280 4472 lem,
2323 4405 2751 4476 Metapbrastes
2781 4403 2838 4458 in
2874 4403 3081 4460 ultima
3127 4404 3471 4462 Christianae
3523 4407 3796 4464 Ecclesia;

2142 4493 2494 4566 antiquitate
2527 4492 2674 4564 ipsis
2699 4493 2877 4548 etiam
2909 4493 3310 4564 apostolorum
3345 4495 3653 4568 discipulis
3671 4495 3798 4572 σύγ-

2142 4602 2341 4658 χρονοε
2377 4581 2507 4652 fuit,
2530 4587 2763 4638 tantum
2785 4582 2953 4638 abest
2977 4586 3040 4638 ut
3058 4583 3504 4640 recentissimus
3535 4585 3631 4640 sit.
3686 4587 3794 4644 Νο-

368 4699 508 4740 uem
543 4678 679 4735 divo
730 4674 956 4748 Ignatio
1000 4671 1670 4745 Coustantinopolilano,
1722 4670 2030 4744 aequalem,
2065 4691 2110 4757 Β
2140 4673 2252 4728 dus
2281 4688 2452 4743 quem
2487 4670 2704 4741 nescio,
2734 4687 2807 4725 an
2843 4687 3101 4741 unquam
3127 4671 3794 4742 expedientadversarii.

365 4773 590 4828 iisdem
620 4781 756 4822 cum
789 4763 1039 4820 senioris
1070 4761 1376 4818 Michaelis
1426 4761 1600 4818 Pselli
1643 4761 2032 4833 temporibus,

363 4858 612 4932 scriptis
641 4855 820 4912 editis
850 4852 1325 4923 celeberrimum,
1369 4852 1608 4910 vixisse.
1644 4853 1774 4924 Ipse
1807 4853 1912 4907 hoc
1960 4851 2033 4906 de

367 4968 456 5018 se,
475 4950 536 5003 in
573 4943 862 5019 principio
887 4942 1030 4996 Vite
1055 4941 1267 5013 Ignatii
1290 4958 1324 4996 a
1351 4958 1414 4996 se
1445 4939 2030 5011 conscriptae.tradit.

366 5040 640 5097 Nicetam
673 5034 829 5088 hunc
847 5031 1124 5086 eumdem
1155 5046 1289 5084 cum
1313 5029 1516 5085 Niceta
1539 5030 1784 5086 Serrone
1808 5029 2034 5085 faciunt

366 5128 640 5202 plerique
670 5121 904 5178 codices
935 5119 1221 5175 Vaticani.
1268 5119 1703 5191 Expositionem
1735 5117 2030 5190 siquidem

364 5219 431 5274 in
463 5213 744 5272 Carmina
773 5209 1035 5281 Gregorii
1088 5207 1460 5274 Nazianzeni,
1514 5209 1800 5279 ejusdem,
1845 5207 1946 5278 qui
1976 5211 2034 5263 et

370 5307 432 5362 in
463 5303 581 5360 alia
603 5298 867 5372 Gregorii
889 5300 1326 5354 commentatus
1366 5301 1457 5352 est
1502 5295 1739 5366 Nicetas,
1763 5295 2032 5352 Serronis

367 5393 623 5460 scilicet,
655 5389 813 5462 quod
854 5391 913 5444 et
941 5385 1182 5458 plurimi
1215 5385 1446 5442 codices
1481 5384 1869 5458 manuscripti
1899 5401 2033 5442 con-

2143 4760 2459 4825 Gesnerus,
2480 4763 2538 4814 et
2567 4759 2694 4828 ejus
2717 4759 3078 4830 Epitomator
3124 4759 3524 4832 suspicantur,
3580 4761 3794 4834 Hippo-

2142 4847 2797 4922 lytumThebanum,Ch
2809 4847 3396 4904 roniciEcclesiastici
3423 4848 3796 4921 scriptorem,

2142 4938 2312 5008 cujus
2338 4938 2736 5009 fragmentum
2780 4934 3052 4992 Canisius
3102 4937 3161 4991 in
3206 4939 3478 5009 Antiquit.
3513 4941 3657 4994 tom.
3693 4939 3792 5009 Ill,

2148 5026 2318 5084 nobis
2349 5030 2543 5082 Graece
2563 5031 2621 5081 et
2667 5024 2870 5080 Latine
2931 5024 3216 5094 exhibuit,
3250 5026 3417 5082 illum
3451 5044 3602 5098 esse,
3625 5029 3796 5100 cujus

2142 5117 2535 5187 Hieronymus
2567 5113 2838 5170 meminit
2870 5113 2927 5167 in
2958 5112 3108 5169 libro
3155 5115 3229 5169 De
3274 5117 3413 5172 viris
3460 5117 3792 5189 illustri/ius,

2096 5236 2101 5242 -
2142 5206 2522 5262 Portuensem
2559 5204 2868 5268 duntaxat,
2905 5218 3010 5257 nec
3042 5203 3401 5276 incongrue;
3437 5221 3573 5262 cum
3604 5211 3662 5262 et
3690 5207 3794 5263 Ni-

2145 5294 2435 5365 cephorus
2487 5291 2760 5348 Callistus
2822 5291 3022 5345 Hister.
3072 5293 3283 5348 Eccles.
3339 5293 3440 5348 lib.
3502 5311 3565 5364 ιι,
3623 5311 3672 5350 c.
3735 5296 3790 5364 3,

2143 5383 2372 5456 Glycas,
2417 5381 2482 5453 (i)
2541 5385 2598 5436 et
2657 5380 2764 5451 [11]
2823 5378 3163 5436 Theodorus
3221 5379 3537 5440 Metochita
3573 5383 3633 5440 in
3681 5385 3793 5441 An-

1978 5518 2188 5576 NOT/E

465 5630 524 5701 h)
553 5624 726 5710 Apud
757 5621 1043 5710 Allartium
1078 5621 1150 5678 de
1193 5620 1572 5680 Simeonibus
1598 5639 1658 5694 p.
1685 5621 1814 5677 335.
1846 5621 2030 5686 Quem

361 5695 514 5760 vide'
531 5695 710 5757 etiam
746 5713 803 5768 p.
825 5695 912 5768 _118
942 5708 1068 5764 seq.

435 5773 506 5851 (i)
538 5763 941 5847 Glycs'etiam
972 5763 1112 5821 sunt
1131 5780 1280 5838 quos
1299 5763 1413 5822 sub
1443 5763 1772 5824 Metochitaa
1792 5763 2031 5824 nomine

2140 5615 2711 5692 annales_Meursius
2741 5614 2949 5692 edidit.
2989 5614 3337 5692 Hippolytus
3365 5635 3497 5678 vero
3522 5619 3794 5680 Chronici

2141 5696 2347 5751 auctor
2376 5690 2577 5748 ﬂoruit
2605 5685 2818 5745 saeculo
2847 5687 2972 5745 XI.’
