4122 6394
361 372 474 433 48⁸1

1781 345 2058 405 LEONIS
2103 342 2413 404 ALLA'l‘ll

3659 335 3786 396 488

357 503 872 568 nalibus,ea,quze
903 493 1042 547 sunt
1071 483 1366 558 Hippolyti
1414 478 1696 540 Thebani.
1748 476 2015 531 tribuant
2044 502 2097 566 Α
2128 474 2386 568 locutum
2423 473 2907 541 familiarissime,
2956 489 3198 546 suasque
3243 471 3554 540 legationis
3594 470 3777 524 finem

360 589 693 665 Hippolyto,
728 580 1036 640 Portuensi
1067 578 1364 648 episcopo,
1397 569 1879 637 substituantque
1909 581 2012 635 pro

360 653 638 737 Thebano
663 679 1067 730 Portuensem.
1101 665 1309 722 Verum
1357 657 1698 715 Portuensis
1729 656 1838 709 sub
1889 653 2016 707 Ale-

360 770 586 827 xandro
617 763 994 834 imperatore,
1026 770 1178 810 anno
1206 751 1428 808 scilicet
1457 746 1673 802 Christi
1702 745 1826 814 229,
1862 759 2015 798 mar-

363 860 582 931 tyrium
603 832 817 928 passus
845 853 955 904 est.
977 846 1080 900 Est
1093 860 1226 913 ergo
1247 839 1676 910 Metaphrastes
1694 832 2015 905 antiquior,

368 920 501 1004 c'um
523 920 933 1013 Me'taphrastaa
961 931 1323 989 Simeonisin
1342 925 1627 982 Chronico
1649 923 1869 978 mentio
1892 920 2015 988 ﬁat,

366 1041 422 1092 et
446 1008 783 1106 suspicione
803 1028 1069 1099 ipsorum
1087 1037 1203 1076 una
1227 1034 1359 1073 cum
1381 1013 1691 1086 discipulis
1725 1008 2017 1082 apostolo-

367 1139 499 1179 rum
534 1100 749 1177 floruit.
793 1116 997 1170 Plures
1023 1113 1148 1183 jam
1199 1107 1290 1162 hic
1331 1103 1758 1174 Metaphrastas
1815 1100 2016 1170 partu-

366 1213 538 1278 rient,
573 1208 834 1266 omnium
869 1209 1063 1260 tamen
1097 1195 1566 1254 recentissimum
1596 1189 1762 1244 Vitas
1785 1195 2014 1244 sancto-

362 1318 494 1356 rum
527 1296 838 1368 scripsisse
869 1293 1084 1346 dicent.
1121 1291 1297 1357 Nugaa
1329 1287 1388 1338 et
1417 1279 1670 1336 somnia.

431 1389 574 1444 XVI.
608 1364 1029 1455 Metaphrastes
1057 1377 1290 1431 Simeon
1339 1371 1549 1426 unicus
1593 1371 1741 1431 esto,
1798 1364 2014 1419 Theba-

359 1495 470 1534 nus
502 1495 536 1533 a
565 1453 900 1535 Portuensi,
933 1467 1017 1524 uti
1068 1470 1158 1522 est
1193 1461 1539 1534 Hippolytus
1590 1457 1859 1512 diversus
1891 1453 2014 1509 exi-

359 1568 650 1632 stimetur;
695 1568 751 1617 et
786 1576 892 1616 nos
939 1569 1224 1628 perquam
1255 1551 1510 1606 obscura
1557 1545 1721 1601 illius
1753 1550 2018 1614 tempora

361 1662 418 1712 et
446 1655 576 1710 vita
609 1629 947 1707 institutum
982 1643 1220 1700 aliunde
1250 1655 1430 1711 quam
1462 1653 1495 1692 a
1524 1641 1785 1706 tempore
1819 1629 2015 1696 Pselli,

361 1750 440 1812 et,
463 1744 513 1799 si
547 1741 669 1796 fieri
703 1743 917 1812 potest,
951 1737 1023 1789 ab
1054 1732 1256 1789 eodem
1294 1728 1470 1784 etiam
1501 1722 1894 1794 Metaphraste
1927 1720 2013 1774 in-

361 1808 918 1906 quiramus.l\uctor
936 1823 1082 1878 Vitas
1125 1825 1340 1876 sanctas
1376 1814 1724 1871 Theoctistts
1777 1808 2012 1876 Lesbia,

2124 566 2512 630 fortunatum,
2546 564 2618 618 ob
2650 579 2898 635 eamque
2928 579 3175 618 munera
3208 561 3282 618 ab
3311 561 3666 632 imperatore
3697 575 3786 612 rc-

2125 653 2431 724 portanda,
2463 652 2848 724 praesagiente
2878 653 3076 709 divino
3122 651 3224 707 illo
3273 667 3434 716 sene,
3485 649 3725 704 audisse
3759 663 3775 701 ε

2125 748 2261 813 post
2307 742 2638 797 absolutam
2700 741 3154 814 navigationem,
3188 741 3497 796 scribendo
3532 754 3621 808 ea,
3653 753 3787 808 qua

2126 831 2351 887 viderat
2379 837 2438 886 et
2494 831 2782 896 audierat,
2842 837 3128 902 praecepta
3185 830 3348 886 senis
3400 827 3783 899 adimplesse.

2129 919 2237 974 Illa
2266 936 2397 987 ergo
2458 925 2804 991 tempestate
2862 920 3112 986 vivebat,
3167 935 3299 975 cum
3349 918 3568 974 Arabes
3626 915 3788 987 ngel

2127 1009 2380 1076 insulas,
2414 1015 2471 1064 et
2517 1025 2650 1064 oras
2698 1009 2932 1065 Graecisa
2990 1009 3318 1066 maritimas
3395 1024 3508 1063 non
3567 1003 3788 1061 infelici

2127 1103 2358 1164 eventu,
2397 1097 2610 1153 misera
2639 1103 2838 1154 tamen
2867 1099 3098 1154 Graeciaa
3131 1098 3465 1154 calamitate
3508 1112 3575 1152 ac
3619 1094 3790 1150 clade

2129 1186 2485 1242 afflixerunt.
2520 1188 2631 1242 Sed
2668 1193 2808 1243 tunc
2861 1187 3265 1260 potissimum,
3297 1202 3433 1241 cum
3474 1184 3534 1240 in
3570 1183 3790 1239 Arabas

2129 1274 2320 1330 classe
2352 1292 2419 1330 ac
2455 1277 2605 1332 ferro
2653 1275 2972 1343 Himerius,
3007 1276 3134 1348 ipse
3181 1277 3358 1331 verbo
3405 1290 3471 1330 ac
3520 1272 3784 1328 muneri-

2129 1365 2240 1420 bus
2265 1366 2687 1436 expugnandos
2721 1365 2993 1432 mittitur,
3028 1371 3168 1420 tunc
3207 1381 3340 1420 cum
3392 1363 3657 1419 nondum
3711 1361 3785 1416 ad

2128 1455 2508 1525 scriptionem
2561 1455 2825 1510 animum
2879 1455 3215 1526 adjecisset.
3249 1454 3361 1509 Sed
3395 1454 3509 1508 ista
3538 1466 3784 1506 evenere

2125 1544 2496 1615 temporibus
2547 1544 2759 1599 Leonis
2819 1544 3139 1616 Sapientis,
3186 1542 3388 1598 Basilii
3450 1539 3786 1597 Macedoni

2125 1632 2253 1698 ﬁlii,
2313 1632 2360 1686 si
2420 1631 2702 1699 Cedreno,
2777 1632 3168 1705 Curopalatte,
3232 1632 3471 1687 Zonaras
3532 1628 3784 1700 aliisque

2123 1721 2422 1777 historicis
2477 1722 2695 1778 Graecis
2749 1723 2894 1778 fides
2953 1722 3227 1778 habenda
3277 1727 3386 1776 est.
3440 1720 3593 1792 Ergo
3641 1721 3788 1773 tunc

2127 1812 2363 1867 Simeon
2387 1812 2498 1868 iste
2528 1811 3251 1884 Metaphrastes,Vitarum
3281 1807 3784 1882 scriptor,ﬂoruit,

359 1878 1024 1995 ἰῖῐᾶὶὶῖὧῖλέίῑέῑ-έιῖτίον
1078 1911 1146 1983 (1)
1179 1909 1426 1979 aliisque
1464 1904 1592 1960 είῑιθ
1623 1900 1742 1957 una
1781 1898 2017 1954 hmsita-
2051 1878 2096 1941 Β
2128 1901 2476 1956 muneribus
2503 1917 2570 1956 ac
2600 1878 2992 1973 dignitatibus
3017 1906 3245 1956 auctus.
3281 1900 3349 1954 Et
3387 1878 3434 1954 si
3465 1897 3606 1969 quid
3646 1913 3784 1952 oon-

357 2013 539 2075 tione,
571 2008 842 2080 quamvis
875 2002 1072 2058 nescio
1103 1999 1244 2071 quid
1277 1997 1346 2051 ad
1371 1997 1660 2050 incertum
1712 1993 2010 2044 auctorem
2115 1991 2349 2062 jectura
2404 1990 2681 2060 augurari
2713 1989 2869 2057 licet,
2903 1990 3141 2045 Simeon
3173 1989 3272 2044 ille
3302 2005 3336 2044 a
3365 1986 3608 2043 secretis
3656 1985 3771 2041 sub

358 2078 750 2164 transmittat,
782 2091 1210 2164 Metaphrastes
1259 2085 1354 2140 hic
1403 2087 1515 2139 est.
1557 2078 2011 2164 Comprobatur-

367 2207 482 2262 que
512 2163 843 2244 certissimo
891 2163 1082 2254 ipsius
1137 2175 1310 2233 Pselli
1368 2169 1726 2228 testimonio.
1786 2163 2012 2221 Psellus

373 2293 650 2348 namque,
677 2276 816 2330 dum
849 2272 908 2326 in
934 2267 1390 2339 Metaphrastem
1434 2277 1674 2327 canone,
1717 2271 2011 2312 commen-

360 2343 612 2423 tationes
633 2363 1028 2435 Motaphraste
1068 2356 1354 2420 insinuat,
1389 2349 1594 2406 scribit
1624 2348 1791 2402 illum
1825 2343 2012 2398 consi-

360 2457 438 2512 lio
471 2461 648 2528 atque
681 2452 906 2508 monitu
936 2447 1087 2504 Parii
1129 2445 1490 2501 anachoretae
1523 2453 1742 2493 munus
1772 2449 2009 2506 aggres-

360 2562 495 2602 sum
527 2521 846 2606 scribendi,
881 2539 1134 2610 primum
1177 2533 1442 2589 omnium
1475 2526 1834 2597 colloquium
1869 2521 2010 2576 illud

357 2634 849 2706 composuisse,et
870 2625 1220 2683 Theoctistae
1244 2619 1489 2687 virginis
1521 2616 1699 2671 vitam
1733 2611 2014 2684 graphice

359 2697 680 2778 admodum
733 2697 1071 2778 celebrasse,
1107 2711 1225 2767 Ode
1253 2711 1306 2763 6.
1355 2706 1431 2762 Τὸ
1482 2701 1697 2779 πρῶτόν
1747 2721 1842 2754 σου
1883 2697 2012 2771 σύγ-

360 2829 596 2885 γραμμα
647 2807 706 2860 ἐκ
762 2803 1030 2878 Ηρονοίαις
1088 2799 1273 2867 θεὶκῆς
1310 2840 1325 2867 ,
1379 2796 1468 2850 καὶ
1539 2790 1763 2863 ὁμιλίας
1827 2789 2016 2863 γὲγονι

359 2903 457 2954 τοῦ
502 2899 653 2972 ἱεροῦ
701 2891 1005 2970 πρεσϐύτου
1035 2889 1124 2944 καὶ
1163 2888 1450 2960 novata-r06,
1485 2879 1711 2955 Συμεὼν
1747 2878 2012 2945 θεσπέσιε,

364 2988 422 3043 ὃν
458 2986 509 3042 ἐν
541 2966 708 3061 Πάρῳ
746 2966 826 3056 ’τῇ
871 2983 1022 3053 νήσῳ
1049 2977 1410 3050 τεθεώρηκας.
1446 2975 1530 3040 Et,
1566 2969 1751 3042 Ἀξίως
1783 2966 2013 3038 eaeam-

361 3098 455 3139 σας
493 3082 593 3144 τῆς
629 3057 878 3132 ⁷Λεετόίθις
937 3070 1002 3124 τὰ
1061 3066 1292 3140 Λαμπρὰ
1345 3062 1435 3117 καὶ
1495 3065 1611 3126 θεῖα
1662 3057 2015 3133 ἀγωνίσματα

359 3166 685 3235 Θιογτίστης
715 3169 816 3232 τῆς
846 3157 1018 3223 ὄντως
1038 3155 1349 3234 ἀγγελικὸν,
1379 3154 1576 3226 μικροῦ
1599 3152 1689 3204 καί
1723 3147 2011 3218 ἀσώματον

2126 2079 2235 2134 hoc
2268 2079 2585 2150 Leone,qui
2604 2095 2812 2134 aurum
2829 2077 3280 2150 aRhodophyllo
3296 2075 3562 2132 relictum
3597 2074 3777 2130 Leoni

2119 2168 2414 2240 Tripolitsa
2445 2169 2650 2224 infami
2679 2174 2944 2240 apostate
2974 2167 3284 2234 obtulerat,
3321 2169 3386 2221 ut
3413 2181 3548 2220 eum
3581 2164 3652 2219 ab
3675 2179 3776 2218 ex-

2121 2259 2271 2313 cidio
2298 2257 2808 2314 Thessalonicensi
2833 2262 3138 2326 averteret,
3157 2256 3407 2326 ideoque
3428 2254 3500 2308 ab
3529 2253 3784 2324 impera-

2119 2352 2244 2402 tore
2276 2347 2578 2419 patriciiet
2599 2347 2894 2402 secretarii
2925 2346 3184 2418 primarii
3219 2343 3612 2418 dignitatibus
3633 2357 3777 2397 con-

2121 2438 2446 2501 decoratas,
2479 2436 2678 2492 nullus
2693 2436 2843 2492 alius
2864 2441 3157 2507 est,quam
3185 2433 3544 2491 Simeonisle
3577 2437 3780 2487 noster

2123 2525 2564 2595 Metaphrastes,
2619 2526 2720 2597 qui
2773 2525 3102 2597 Logothetaa
3136 2525 3373 2580 nomine
3402 2540 3437 2578 a
3465 2520 3676 2588 Psello,
3713 2524 3782 2576 ut

2125 2615 2391 2670 dicemus
2425 2614 2690 2683 inferius,
2725 2621 2780 2670 et
2811 2615 2883 2670 ab
2915 2614 3047 2670 aliis
3073 2613 3410 2682 insignitur.

2198 2704 2374 2758 XVII.
2435 2704 2865 2774 Metaphrastes
2896 2719 3033 2775 ergo
3099 2703 3331 2759 Simeon
3394 2701 3777 2774 scriptionem

2123 2809 2366 2851 exorsus
2397 2798 2488 2848 est
2518 2794 2628 2849 sub
2652 2794 2858 2863 Leone,
2881 2799 2939 2849 et
2960 2793 3070 2848 sub
3098 2792 3483 2849 Constantino
3518 2789 3780 2861 Porphy-

2125 2887 2463 2953 rogenneta,
2491 2882 2696 2938 Leonis
2730 2881 2869 2951 filio,
2914 2886 2973 2936 et
3021 2885 3233 2952 nepote
3271 2881 3552 2947 Romano,
3603 2883 3780 2934 atate

2123 2972 2301 3028 etiam
2334 2971 2458 3042 ipse
2491 2973 2850 3042 provectiore
2881 2970 3139 3026 assiduis
3173 2969 3472 3024 laboribus
3504 2966 3775 3023 absolve-

2125 3061 2256 3128 bat;
2292 3065 2353 3116 ut
2381 3077 2448 3115 ex
2491 3060 2653 3114 illius
2684 3060 2946 3115 oratione
2987 3060 3058 3114 de
3105 3057 3504 3129 exportatione
3557 3072 3774 3111 manus

2125 3151 2339 3206 dextra:
2396 3149 2640 3205 Joannis
2672 3149 2940 3220 Baptistae
2989 3148 3145 3220 apud
3214 3147 3642 3219 Lippomanum
3719 3149 3777 3199 et

354 3253 655 3323 τελισάσης
698 3249 988 3324 πανσόφως
1037 3248 1101 3302 τὸ
1153 3242 1482 3315 πολίτευμα.
1542 3242 1596 3296 Id
1649 3244 1780 3295 est:
1818 3239 2010 3292 Prima

2132 3239 2362 3295 Surium
2390 3237 2470 3309 (Ιί)
2503 3237 2695 3310 colligi
2741 3237 2971 3308 poterit.
3024 3237 3112 3292 Ait
3160 3235 3320 3292 enim
3371 3252 3438 3290 ea
3465 3238 3635 3290 tetate
3667 3235 3781 3289 sub

355 3355 453 3402 tua
481 3322 967 3401 commentatio‘ex
1002 3339 1198 3394 divina
1248 3333 1606 3391 Providentia
1653 3332 1703 3384 ei
1744 3327 2010 3396 colloquio
2119 3327 2498 3384 Constantino
2531 3331 2589 3382 et
2621 3327 2882 3382 Romano
2915 3325 3377 3397 imperatoribus
3408 3342 3441 3380 a
3469 3323 3617 3378 Jobo
3647 3322 3777 3378 dia-

356 3438 509 3505 facta
552 3439 624 3488 est
657 3433 811 3487 sacri
857 3430 1006 3484 senis
1063 3431 1116 3482 et
1171 3422 1544 3486 anachoreta,
1577 3418 1803 3472 Simeon
1828 3412 2010 3469 admi-

359 3523 578 3584 rabilis,
612 3537 772 3592 quem
809 3521 867 3573 in
927 3519 1070 3571 Paro
1113 3515 1302 3569 insula
1349 3508 1713 3580 conspexisti.
1766 3505 1856 3571 Et,
1909 3509 2011 3557 Pro

361 3611 642 3681 dignitate
692 3608 907 3663 laudati
965 3605 1170 3661 Lesbia:
1204 3601 1448 3657 illustria
1492 3602 1544 3652 et
1593 3596 1782 3650 divina
1826 3601 2011 3647 certa-

363 3704 540 3766 mina,
577 3714 697 3755 vere
729 3698 1072 3758 Theoctzstw,
1105 3709 1136 3746 a
1171 3693 1279 3746 Deo
1317 3689 1631 3760 fabricatae,
1679 3696 1807 3754 quae
1844 3696 2012 3751 ange-

364 3790 530 3844 licam
559 3796 610 3844 et
639 3791 853 3843 tantum
881 3800 992 3840 non
1040 3785 1422 3848 incorporeum
1469 3775 1704 3831 absolvit
1738 3773 2015 3843 sapienter

361 3881 497 3935 vitae
527 3879 820 3932 rationem.
860 3874 918 3929 In
952 3874 1061 3927 hac
1094 3875 1292 3924 autem
1343 3865 1683 3937 scriptione,
1729 3869 1788 3917 et
1835 3858 2012 3915 collo-

359 3969 566 4039 quium
623 3964 781 4021 senis
833 3964 890 4017 in
945 3962 1106 4030 Paro,
1158 3962 1213 4013 et
1273 3956 1747 4013 adhortamenta,
1790 3954 1848 4005 et
1895 3949 2016 4002 vita

355 4056 720 4112 'l‘heoctistes
753 4069 856 4125 pro
878 4049 1120 4106 humani
1149 4045 1367 4117 ingenii
1397 4043 1680 4098 tenuitate
1713 4053 2013 4110 exponun-

355 4153 472 4201 tur.
513 4147 557 4199 A
587 4143 814 4198 ratione
846 4155 984 4211 ergo
1012 4138 1240 4192 alienus
1271 4138 1449 4198 esset,
1486 4131 1825 4202 quicunque
1869 4123 2012 4180 scri-

361 4240 529 4307 ptum
563 4232 669 4287 hoc
704 4228 1113 4301 Metaphrastaa
1145 4239 1273 4280 esse
1299 4222 1621 4293 genuinum
1679 4219 2014 4288 denegaret.

365 4305 438 4377 et
461 4323 522 4376 in
553 4321 662 4376 hoc
689 4319 816 4374 vitae
849 4316 1188 4372 institutum
1221 4311 1510 4383 ejusdem,
1543 4313 1601 4363 et
1651 4305 1838 4361 aetatis
1877 4309 2020 4358 tem-

364 4429 509 4484 pora
531 4411 702 4483 plane
736 4414 793 4464 et
821 4408 948 4463 sine
1000 4403 1140 4460 ullis
1195 4400 1546 4472 ambagibus
1591 4399 2017 4467 proponuntur.

365 4505 600 4556 Frustra
632 4499 833 4568 itaque
863 4513 931 4552 ex
981 4495 1113 4558 alio,
1151 4509 1256 4546 nec
1308 4491 1382 4545 ab
1442 4490 1566 4559 ipso
1627 4485 1920 4549 Simeone,
1953 4482 2024 4536 de

375 4590 668 4656 Simeone,
690 4583 1098 4642 testimonium
1123 4579 1479 4651 querimius.
1507 4577 1813 4631 Discamus
1833 4588 1966 4627 vero
1988 4588 2020 4625 a
2055 4616 2097 4680 D

365 4680 659 4748 Simeone,
693 4692 826 4732 eum
856 4691 971 4730 non
1023 4689 1056 4727 a
1103 4670 1371 4726 ducenda
1401 4682 1580 4722 uxore
1610 4661 2016 4728 abhorruisse,

367 4771 466 4825 sed
502 4786 570 4824 ex
603 4767 708 4823 illa
749 4765 964 4820 liberos
995 4761 1171 4818 etiam
1218 4771 1578 4836 procreasse,
1629 4752 2021 4823 civilibusque

371 4858 718 4914 muneribus
753 4856 1042 4917 functum,
1089 4855 1230 4905 tunc
1269 4849 1510 4902 demum
1556 4860 1689 4898 cum
1742 4841 2017 4906 Ilimerio,

372 4946 775 5003 ducendarum
811 4943 1112 5014 copiarum
1140 4935 1391 5009 peritissi
1404 4932 1719 5003 mo,legatu
1732 4947 1784 4985 m
1810 4930 1922 4999 [12]
1947 4930 2018 4984 ad

371 5036 617 5103 Arabas,
651 5033 753 5105 qui
811 5032 1038 5086 Cretam
1103 5027 1460 5089 invaserant,
1496 5021 1743 5075 missum
1792 5019 1971 5073 fuisse
2005 5034 2017 5072 :

370 5129 446 5188 et,
476 5139 612 5177 cum
659 5138 774 5176 non
827 5120 1031 5174 liceret
1084 5132 1188 5187 per
1245 5116 1449 5169 ventos
1503 5110 1773 5174 ulterius,
1807 5109 2021 5161 Parum

369 5211 776 5282 adnavigasse,
809 5213 866 5263 et
908 5223 1043 5262 cum
1094 5219 1233 5259 sene
1269 5201 1367 5256 illo
1411 5198 1766 5256 anachoreta
1807 5212 2021 5266 cogno-

372 5303 550 5368 mine,
581 5315 616 5354 a
661 5314 776 5370 quo
833 5302 891 5351 et
947 5312 1042 5351 res
1095 5298 1292 5366 gestas
1347 5288 1681 5344 Theoctitss
1731 5303 1800 5341 ea
1821 5284 2020 5340 condi-

372 5389 552 5458 tione,
585 5391 650 5443 ut
669 5385 870 5442 omnia
899 5383 1136 5456 scriptis
1169 5380 1498 5449 mandaret,
1529 5379 1888 5449 perceperat,
1908 5373 2024 5431 col-

2118 3434 2262 3472 cono
2298 3433 2537 3472 manum
2571 3414 2879 3470 Antiochia
2903 3413 3245 3487 Byzantium
3279 3413 3536 3468 delatam
3569 3413 3771 3468 fuisse.

2122 3507 2183 3561 Id
2218 3513 2409 3560 autem
2445 3507 2556 3560 sub
2589 3505 2760 3559 dictis
2794 3503 3247 3574 imperatoribus
3277 3502 3544 3558 evenisse
3566 3500 3766 3556 confir-

2123 3599 2289 3650 mant
2328 3595 2624 3649 Cedrenus
2684 3597 2740 3649 et
2792 3594 3046 3648 Zonaras
3102 3592 3163 3647 in
3217 3591 3608 3647 Constantino
3657 3588 3776 3644 Por-

2130 3685 2590 3756 phyrogenneta.

2194 3772 2392 3828 XVIII.
2428 3776 2593 3826 Errat
2631 3787 2768 3843 ergo
2802 3771 3095 3826 Gerardus
3127 3770 3393 3839 Vossius,
3425 3773 3482 3826 et
3511 3767 3628 3833 alii,
3665 3765 3772 3836 qui

2123 3867 2335 3937 putant
2378 3863 2710 3918 Simeonem
2749 3861 3203 3933 Mctaphrastem
3237 3861 3349 3915 sub
3390 3855 3768 3914 Constantino

2125 3955 2204 4006 Du
2215 3969 2302 4020 ca,
2320 3950 2406 4007 vel
2430 3950 2636 4006 saltem
2656 3951 2811 4006 circa
2831 3965 2900 4005 ea
2915 3954 3028 4005 tem
3039 3966 3176 4020 pora
3190 3947 3462 4004 floruisse
3483 3963 3495 4002 :
3520 3959 3779 4000 errasse-

2125 4057 2239 4111 que
2271 4039 2585 4094 Baronium
2620 4044 2676 4094 et
2707 4037 3156 4101 Bellarminum,
3208 4053 3344 4092 cum
3403 4035 3668 4097 Simeon,
3719 4035 3788 4086 ut

2125 4132 2374 4184 Vossius
2409 4128 2530 4199 ipse
2561 4133 2747 4199 putat,
2779 4128 3048 4182 ducentis
3081 4126 3253 4182 annis
3286 4123 3577 4197 posterior
3625 4120 3783 4176 vixe-

2130 4218 2226 4282 rit,
2254 4232 2431 4287 quam
2465 4214 2547 4270 illi
2577 4216 3012 4271 existimarunt.

2201 4306 2342 4362 XIX.
2377 4307 2672 4370 Quantum
2707 4310 2984 4376 praeterea
3016 4303 3356 4359 immaniter
3383 4299 3786 4357 hallucinatus

2132 4395 2208 4452 sit
2242 4395 2662 4465 Hospinianus,
2697 4395 2835 4449 dum
2871 4394 3303 4465 Metaphrastas
3333 4399 3388 4446 et
3435 4388 3660 4446 Psellos
3684 4403 3788 4460 pro

2134 4483 2440 4549 arbitratu,
2480 4490 2546 4538 ut
2576 4483 2656 4539 ita
2683 4484 2873 4539 dicam
2898 4483 3232 4554 discerpsit,
3252 4481 3368 4552 [l3]
3382 4479 3620 4535 abunde
3641 4478 3789 4533 satis

2139 4573 2396 4628 ostendit
2425 4573 2681 4629 Jacobus
2713 4573 3023 4629 Gretserus
3082 4573 3155 4627 De
3213 4569 3557 4642 imaginibus
3613 4582 3790 4622 manu

2127 4679 2237 4717 non
2266 4665 2448 4734 factis,
2479 4680 2528 4718 c.
2582 4664 2666 4716 19.
2727 4663 3033 4718 Conferam
3084 4666 3141 4716 et
3197 4677 3268 4716 ex
3318 4675 3448 4715 meo
3481 4654 3788 4724 nonnulla,

2128 4758 2339 4826 praeter
2361 4753 2484 4822 jam
2519 4751 2698 4822 dicta,
2724 4753 2794 4807 ad
2833 4767 3087 4807 messem
3123 4755 3244 4805 tam
3277 4749 3614 4816 uberem,ut
3640 4744 3789 4800 veri-

2127 4845 2219 4896 tas
2273 4841 2491 4896 clarius
2544 4841 2860 4896 eluceecat.
2911 4841 3041 4895 Fuit
3106 4837 3532 4909 Metaphrastes
3574 4851 3690 4890 non
3724 4833 3788 4905 (l)

2130 4930 2380 4986 trivialis
2411 4928 2916 5002 ConstantinOpoli
2952 4927 3382 4999 Iudimagister,
3433 4925 3534 4981 sed
3577 4937 3791 4994 genere

2131 5020 2328 5076 clarus
2359 5018 2575 5074 illustri
2611 5018 2835 5074 familia
2867 5022 3062 5082 natus,
3095 5017 3318 5072 divitiis
3351 5014 3684 5081 abundans,
3719 5011 3782 5066 in

2133 5109 2267 5166 aula
2297 5108 2678 5180 imperatoria
2709 5107 2977 5177 celebris,
3031 5125 3065 5162 a
3113 5105 3355 5162 secretis
3413 5110 3472 5160 et
3522 5101 3791 5159 consiliis

2134 5198 2384 5267 intimis,
2417 5203 2475 5253 et
2506 5202 2637 5270 post
2670 5202 2916 5253 mortem
2950 5196 3127 5252 etiam
3161 5194 3466 5251 miraculis
3517 5190 3790 5247 illustris.

2133 5286 2358 5342 Psellus
2407 5286 2465 5340 in
2519 5287 2792 5342 eumdem
2829 5303 2842 5342 :
2873 5284 2975 5342 Καὶ
3022 5282 3153 5358 τόγι
3201 5281 3664 5355 θαυμασιώτερον,
3707 5276 3793 5332 ὅτι

2132 5373 2224 5429 καὶ
2252 5373 2440 5448 γένους
2499 5372 2555 5428 εὖ
2615 5371 2786 5449 ἔχων,
2843 5373 2934 5429 καὶ
2975 5373 3058 5428 ’τὰ
3113 5373 3213 5442 τῆς
3268 5369 3516 5433 εὐκλείας
3575 5366 3793 5431 οἷδιοθεν

1973 5491 2185 5550 NOTE

480 5603 509 5671 ἱ)
539 5601 624 5657 Ad
657 5601 724 5656 10
753 5597 1064 5671 Novembr.

474 5668 530 5748 li)
561 5673 646 5733 Ad
669 5673 740 5731 29
767 5668 1039 5746 Augusti.

2209 5590 2274 5664 (l)
2305 5589 2516 5649 Confer
2551 5589 2832 5648 Allatinm
2889 5589 2962 5647 de
3014 5587 3161 5646 Nilis
3191 5605 3250 5664 p.
3282 5588 3352 5644 29
3380 5586 3523 5646 edit.
3556 5591 3792 5644 nostra.
