4122 6394
330 335 460 396 489

1581 337 1956 399 DIATRIBA
2001 340 2104 402 DE
2148 341 2494 407 PSELLIS.

3653 358 3780 420 490

330 469 698 542 κεκτημένος,
751 468 909 544 βαθεῖ
951 488 1012 523 τε
1059 464 1286 541 πλούτῳ
1317 472 1530 542 κομῶν,
1561 469 1651 523 καὶ
1684 468 1766 533 οἷς
1810 466 1868 524 ἄν
1915 491 1992 534 τις

2116 475 2390 534 Simeone
2453 482 2808 555 conscriptis
2856 485 3088 560 aliquas
3157 506 3193 545 a
3244 488 3585 560 junioribus
3637 507 3770 548 esse

339 561 482 635 πρὸς
546 555 827 612 παίδευσιν
873 557 1256 628 ἆποκνήσειεν.
1307 559 1374 614 Et
1421 559 1564 630 quod
1607 563 1687 615 est
1750 560 2000 616 admira-

339 651 532 714 bilius,
561 653 615 704 et
645 651 867 719 prapter
896 647 1037 719 quod
1068 648 1233 703 illum
1281 648 1561 718 quispiam
1609 651 1800 721 magis
1826 652 2006 720 fuerit

332 739 674 806 admiratus,
715 753 845 792 cum
895 745 1030 792 esset
1075 751 1274 808 genere
1320 737 1527 808 clarus,
1573 740 1625 793 et
1673 755 1744 793 ea:
1788 740 2005 794 illustri

327 826 574 900 familia
603 835 790 892 natus,
830 829 881 881 et
928 825 1237 880 abundaret
1286 825 1522 895 divitiis,
1566 835 1617 881 et
1665 828 1735 882 iis
1765 843 1891 900 quae
1917 844 2001 884 se-

328 919 592 989 gniorem
621 916 899 986 eﬂecerint
928 931 1249 986 quempiam
1274 916 1349 970 ad
1376 915 1838 986 dtsciplinas,etc.
1857 917 2001 972 Hinc

333 1007 493 1062 idem
528 1003 758 1060 Psellus
789 1004 1056 1075 ejusdem
1087 1002 1357 1058 Oflicium
1386 1003 1903 1076 composuit,quod
1928 1005 2000 1060 ab

339 1093 752 1151 ecclesiatticis
783 1094 842 1148 in
873 1093 1003 1164 ejus
1033 1091 1428 1157 solemnitate,
1463 1092 1637 1147 sicuti
1669 1092 1793 1147 ﬁeri
1843 1097 2002 1148 amat

341 1187 404 1240 in
436 1184 564 1240 aliis
595 1182 854 1250 Sanctis,
888 1183 1320 1251 decantaretur,
1351 1181 1409 1236 in
1451 1197 1517 1237 eo
1557 1181 1679 1237 Oda
1708 1183 1742 1236 3
1773 1182 2000 1253 scribit,

342 1270 740 1348 Ἐνδιαπρὲψας
791 1269 844 1324 ἐν
913 1270 1114 1345 ἀρχαῖς
1157 1273 1280 1332 ταῖς
1330 1275 1430 1340 τῆς
1481 1269 1626 1325 κάτω
1684 1268 2002 1344 συγκλήτου

335 1364 409 1425 ὡς
461 1362 604 1435 ἀνὴρ
663 1358 1022 1435 βουληφόρος
1069 1359 1132 1413 τὸ
1173 1355 1484 1432 πολίτευμα
1535 1359 1596 1414 τὸ
1647 1359 1735 1414 σὸν
1787 1359 1998 1430 ἐκτήσω

325 1451 378 1506 ἐν
440 1451 726 1525 οὐρανοῖς,
777 1449 866 1504 καὶ
929 1450 1031 1518 τήν
1094 1444 1206 1503 ἄνω
1291 1447 1598 1525 σύγκλητον
1665 1446 1996 1522 ἐκόσμησας.

329 1545 474 1600 Cum
508 1543 724 1598 terreni
752 1545 976 1596 senatus
1007 1539 1373 1609 dignitatibus
1415 1539 1808 1596 condecoratus
1851 1541 1997 1613 [uis-

321 1649 432 1700 ses,
466 1632 650 1688 veluti
678 1633 764 1687 vir
793 1631 1169 1696 consiliarius,
1220 1631 1354 1687 vitae
1399 1629 1673 1688 ducendae
1722 1630 2000 1686 rationem

323 1725 384 1778 in
412 1723 576 1778 cretis
618 1721 929 1793 acquieras,
960 1724 1014 1776 et
1058 1736 1368 1791 supernum
1405 1724 1661 1776 senatum
1702 1719 1993 1776 decorasli.

321 1813 618 1909 Saepeque
651 1808 1028 1909 Logqtbetam
1053 1808 1348 1909 .nominat.
1381 1808 1497 1909 Qde
1537 1809 1730 1909 prima
1763 1827 1776 1865 :
1813 1805 1994 1909 ltlélo;
2027 1844 2074 1909 B

328 1921 425 1974 μοι
459 1897 738 1975 εὔρυθμον
781 1895 956 1965 δίδου,
991 1897 1134 1973 Λόγε
1183 1902 1340 1966 Θεοῦ,
1373 1896 1638 1976 εὐφημεῖν
1689 1899 1993 1975 ὁρμήσαντι

326 1991 420 2045 τὸν
475 1988 788 2066 Θερᾶποντα
841 1989 936 2043 τὸν
997 1988 1088 2043 σὸν
1145 1992 1412 2062 Συμεῶνα
1456 1989 1548 2044 τὸν
1601 1989 1997 2066 Μεταφραστὴν

332 2080 424 2133 τὸν
455 2077 661 2154 κυρίως
703 2075 1006 2152 λογοθὲτην
1058 2075 1395 2153 ἀξιάγαστον.
1453 2081 1630 2135 Melas
1677 2081 1818 2134 mihi
1863 2095 1992 2136 con-

341 2173 567 2224 cinnum
601 2169 832 2224 Verbum
854 2169 970 2236 Dei,
1001 2184 1126 2223 cum
1147 2169 1427 2224 celebrare
1446 2169 1752 2237 inceperim
1775 2185 1994 2225 servum

341 2263 510 2314 tuum
557 2259 808 2314 Simeona
871 2258 1310 2329 Metaphrastem,
1358 2261 1582 2330 proprie
1640 2260 1991 2328 Logothetam

342 2348 748 2416 admirabilem,
795 2348 866 2404 Et
913 2347 1058 2403 alibi
1114 2364 1127 2402 :
1177 2344 1602 2422 Εὖφημήσωμεν
1652 2348 1846 2410 πάντες
1894 2346 1987 2402 ἐπ-

329 2435 511 2508 αξίοις
592 2435 724 2507 ᾠαῖς
772 2435 864 2489 τὸν
949 2432 1112 2511 μὲγαν
1171 2438 1304 2490 Θεοῦ
1362 2435 1663 2510 θεράποντα
1721 2441 1989 2508 Συμεῶνα

313 2525 412 2580 τὸν
457 2525 610 2599 ἅγιον
663 2522 990 2600 λογοθὲτην.
1063 2526 1403 2582 Celebremus
1449 2544 1638 2583 omnes
1704 2527 1990 2598 condignis

316 2617 584 2672 cantibus
631 2632 901 2684 magnum
965 2615 1060 2670 Dei
1122 2631 1343 2671 servum
1407 2615 1667 2672 Simeona
1734 2621 1987 2673 sanctum

321 2706 708 2777 Logothetam.
758 2704 890 2759 Fuit
954 2720 1092 2776 ergo
1143 2704 1474 2774 Logothetaa
1521 2705 1714 2762 ofﬁcio
1759 2709 1988 2780 conspi-

315 2812 495 2863 cuus,
529 2795 691 2867 quod
723 2794 1008 2865 quidnam
1037 2792 1232 2862 fuerit,
1265 2793 1535 2865 pluribus
1566 2794 1664 2850 alii
1699 2813 1987 2868 exponere

315 2889 520 2941 conati
557 2888 701 2938 sunt
732 2899 746 2937 :
781 2899 901 2950 eos,
935 2881 1038 2954 qui
1071 2881 1243 2954 plura
1290 2881 1603 2952 desiderat,
1651 2883 1849 2942 videre
1879 2903 1985 2958 po-

318 2973 479 3030 terit.
516 2971 682 3029 Satis
711 2971 859 3027 mihi
908 2971 1021 3028 erit
1061 2987 1163 3043 pro
1206 2971 1316 3026 hac
1360 2989 1421 3028 re
1468 2973 1821 3030 stabilienda
1866 2975 1986 3031 ele-

316 3061 667 3136 gantissimi
697 3061 861 3131 item,
897 3077 964 3116 ac
998 3061 1466 3132 prudentissimi,
1511 3062 1649 3118 licet
1695 3065 1986 3136 sequioris

316 3152 521 3209 saeculi
586 3150 918 3222 scriptoris,
952 3149 1196 3206 Joannis
1229 3149 1500 3206 Cinnami
1533 3151 1981 3223 testimonium;

2113 565 2374 635 adjectae
2406 569 2792 628 observarunt
2839 575 3149 648 Baronius,
3197 582 3254 633 et
3275 577 3691 649 Bellarminus,
3721 585 3780 636 et

2113 654 2234 723 alii,
2267 671 2402 712 cum
2428 659 2534 713 viri
2564 659 2650 715 illi
2683 667 2818 732 post
2846 664 3139 722 Simeonis
3181 671 3453 738 tempore.
3501 668 3775 726 vixerint.

2110 741 2182 798 At
2211 760 2309 800 eas
2337 763 2370 801 a
2401 747 2611 815 Psello,
2644 753 2971 810 recentiore
3020 770 3256 827 nempe,
3303 773 3565 813 annexas
3595 758 3654 812 in
3687 759 3774 814 lu-

2111 848 2238 889 cem
2268 835 2538 908 vulgatas
2587 840 2866 911 opinatur
2910 845 3178 901 Andreas
3223 844 3523 914 Schottus,
3569 850 3775 920 praefa-

2110 920 2268 977 tione
2299 925 2369 978 ad
2404 924 2702 996 lectorem,
2737 931 2794 984 in
2828 932 3066 988 Cantica
3106 935 3490 990 canticorum.
3521 935 3684 992 Unde
3715 938 3774 993 id

2109 1009 2386 1069 habuerit
2415 1015 2692 1074 Schottus
2727 1036 2843 1075 non
2875 1020 3084 1093 liquet,
3117 1023 3226 1079 etsi
3257 1040 3463 1079 verum
3496 1024 3576 1080 sit
3605 1025 3762 1082 Psel-

2109 1098 2255 1169 lum,
2288 1101 2408 1159 sive
2438 1105 2729 1164 Simeonis
2760 1110 3158 1179 aemulatione,
3213 1112 3333 1168 sive
3382 1113 3665 1186 religione
3713 1116 3774 1171 in

2110 1195 2367 1258 sanctos,
2402 1195 2707 1267 perplures
2737 1204 3076 1256 sanctorum
3110 1201 3278 1258 Vitas
3310 1219 3425 1258 non
3450 1203 3773 1276 ineleganti

2109 1277 2260 1350 stylo
2292 1284 2738 1341 accuratissime
2768 1287 3777 1362 descripsisse,utinam,puerilibus

2109 1371 2475 1440 argumentis
2507 1373 2876 1446 neglectis,in
2904 1377 3120 1450 quibus
3153 1395 3581 1450 nonnunquam
3613 1384 3775 1438 totus

2109 1472 2237 1513 esse
2265 1458 2517 1532 videtur,
2573 1463 2632 1517 in
2677 1463 2811 1520 istis
2861 1466 3033 1522 seriis
3083 1469 3520 1539 pcrtractandis
3553 1468 3773 1542 plures.

2109 1561 2285 1616 quam
2312 1547 2467 1617 fecit,
2502 1549 2678 1606 horas
2709 1551 3172 1624 insumpsissetl
3213 1554 3378 1610 Illius
3423 1555 3484 1610 in
3534 1561 3773 1613 sanctos

2107 1638 2354 1691 conatus
2387 1636 2446 1692 in
2490 1639 2767 1712 Catalogo
2813 1657 3059 1713 Operum
3118 1643 3273 1700 inl'ra
3311 1645 3771 1702 recensebimus.

2107 1740 2372 1796 IIl-VII.
2405 1743 2639 1825 Michael
2663 1747 2910 1825 Psellus,
2941 1749 3229 1806 Michaelis
3257 1752 3418 1825 Daca:
3448 1753 3585 1825 imp.
3613 1767 3771 1825 pra?-

2357 1824 2556 1887 ceptor,
2588 1819 2775 1875 clarus
2804 1822 2954 1876 circa
2981 1839 3076 1877 an.
3122 1852 3178 1862 -—
3211 1824 3370 1877 1050.
3404 1819 3534 1878 Alii;

2177 1901 2321 1958 XXI.
2370 1903 2602 1961 Tertius
2674 1908 2787 1964 fuit
2848 1909 3097 1966 Michael
3157 1911 3410 1980 Psellus,
3462 1911 3769 1968 Michaelis

2105 1993 2276 2046 Duca
2308 1998 2756 2068 przeceptor,qui
2782 1999 3038 2055 maxime
3067 2001 3335 2056 omnium
3367 2001 3439 2056 de
3469 2000 3770 2073 republica

2103 2077 2390 2138 litteraria
2440 2085 2710 2151 meritus,
2761 2087 3145 2145 honoriﬁcam
3177 2091 3270 2145 sui
3313 2091 3468 2162 apud
3502 2098 3772 2163 posteros

2105 2171 2450 2227 memoriam
2498 2176 2882 2244 consecravit,
2919 2178 2998 2232 ita
3032 2183 3097 2232 ut
3143 2177 3403 2250 reliquos
3453 2179 3601 2235 alios
3632 2180 3761 2251 ejus

2102 2259 2480 2330 cognomines
2517 2263 2790 2320 acumine
2855 2264 3099 2337 ingenii,
3176 2267 3528 2323 eruditionis
3577 2269 3767 2340 00pia,

2099 2346 2495 2416 profunditate
2528 2351 3432 2427 scientiarum,argumentorum
3463 2357 3766 2426 varietate,

2101 2435 2481 2494 multitudine
2512 2441 2870 2513 scriptorum
2895 2449 2953 2499 et
2989 2443 3304 2515 splendore
3329 2444 3528 2517 glorias
3559 2447 3766 2503 obrue-

2095 2525 2210 2593 rit;
2244 2544 2444 2598 quare,
2490 2529 2741 2586 aliorum
2807 2532 3117 2598 exstincta,
3165 2539 3242 2600 et,
3296 2539 3360 2588 ut
3405 2533 3488 2589 ita
3540 2534 3764 2606 dicam,

2097 2614 2405 2672 obliterata
2458 2620 2765 2688 memoria,
2814 2621 2942 2692 ipse
2991 2621 3152 2678 solus
3204 2639 3418 2677 nomen
3448 2622 3594 2678 illud
3627 2640 3749 2679 me-

2097 2705 2288 2761 ruisse
2320 2705 2567 2765 videtur.
2598 2708 2690 2764 Sic
2721 2715 2950 2780 poetam
3001 2715 3057 2765 et
3107 2715 3396 2767 oratorem
3431 2727 3568 2767 cum
3599 2711 3748 2768 dici-

2097 2810 2254 2864 mus,
2287 2795 2575 2853 Homerus
2605 2797 2779 2854 nobis
2810 2803 2984 2871 atque
3022 2799 3467 2870 Demosthenes,
3497 2801 3568 2856 de
3596 2803 3750 2856 Grie-

2096 2883 2179 2938 cis
2209 2883 2436 2954 loquor,
2469 2886 2672 2942 statim
2705 2904 2836 2944 sese
2866 2889 3138 2957 utl‘erunt,
3196 2890 3536 2962 mentisque
3561 2890 3751 2946 oculis

2095 2981 2542 3044 repraesentant.

2167 3064 2335 3118 XXII.
2386 3065 2519 3120 Fuit
2568 3065 2756 3138 patria
2806 3067 3524 3140 Constantinopolitanae,
3558 3084 3587 3124 e
3617 3085 3754 3125 con-

2097 3151 2296 3206 sulum
2326 3170 2391 3208 ac
2424 3155 2806 3225 patriciorum
2839 3157 3133 3227 prosapia,
3180 3158 3453 3228 quamvis
3486 3175 3600 3213 non
3636 3163 3758 3213 tam

314 3242 375 3297 in
407 3259 532 3313 quo
565 3217 871 3308 vertendo,
906 3217 1382 3312 illustrandoque
1429 3241 1533 3296 diu
1583 3258 1676 3297 me
1724 3217 1983 3310 exerceo,
2016 3217 2058 3284 C
2097 3240 2249 3296 felici
2284 3217 2679 3314 fortunalpse
2710 3244 2768 3298 id
2805 3217 2890 3300 ait
2919 3245 2988 3300 de
3012 3217 3073 3301 se
3098 3217 3156 3300 in
3184 3217 3496 3318 Epitaphio
3521 3246 3759 3303 matris:

317 3331 417 3403 (ιη)
443 3345 743 3402 speroque
796 3328 1060 3384 laborem
1107 3327 1264 3384 hunc
1313 3345 1535 3398 meum,
1590 3337 1827 3402 propter
1855 3332 1982 3404 pul-

319 3419 686 3476 cherrimam
717 3417 1132 3484 historiam,ad
1163 3416 1322 3472 hunc
1347 3418 1500 3474 diem
1534 3435 1669 3475 cum
1700 3424 1988 3476 vetustate

314 3508 677 3572 luctantem,
731 3505 880 3562 meis
923 3505 1167 3578 vigiliis,
1217 3511 1274 3562 et
1317 3505 1640 3564 amicorum
1685 3525 1884 3581 Opera,
1933 3515 1990 3566 et

319 3596 571 3669 scopulo
600 3597 664 3651 in
696 3593 1082 3666 tranquillum
1117 3594 1361 3665 illatam,
1404 3595 1695 3653 historica
1725 3599 1988 3655 veritatis

331 3686 611 3743 studiosis
643 3701 764 3741 non
795 3684 1096 3756 ingratum
1129 3683 1415 3740 futurum.
1450 3685 1504 3742 Is
1536 3685 1734 3760 itaque
1785 3690 1984 3746 Hister.

328 3777 586 3832 Romana
609 3775 712 3830 lib.
749 3790 806 3830 ιν
837 3774 908 3830 de
927 3772 1101 3829 rebus
1135 3773 1318 3846 gestis
1367 3774 1658 3833 Manuelis
1684 3779 1986 3848 Comneni,

321 3867 399 3923 de
433 3865 726 3922 Richardo
757 3864 924 3919 Antri
955 3862 1195 3919 domino
1233 3864 1409 3920 verba
1439 3865 1680 3933 faciens,
1736 3867 1944 3924 scribit
1971 3885 1984 3923 :

317 3955 417 4014 ⁸ος
477 3950 540 4007 3‘s.
591 3956 696 4007 τῶν
755 3948 948 4006 πυλῶν
1007 3949 1467 4026 ἀλογιστήσαντες
1523 3948 1864 4024 Γιϐενάτζιόν
1932 3975 1988 4009 τε

330 4042 470 4097 αὐτὸ
503 4038 762 4116 ὁμολογία
795 4038 978 4116 ἔσχεν,
1011 4039 1100 4095 καὶ
1140 4041 1264 4116 περὶ
1312 4045 1420 4096 τῶν
1471 4039 1683 4098 λοιπῶν
1735 4046 1986 4120 προσιόν-

321 4152 422 4193 τες
480 4128 816 4185 ἐσκέπτοντο.
871 4129 1089 4203 Κόμησί
1145 4151 1202 4184 τε
1253 4128 1472 4203 ἄλλοις,
1531 4131 1621 4186 καὶ
1674 4129 1740 4203 δὴ
1789 4135 1988 4207 καὶτῷ

319 4217 647 4292 Γυλιὲλμου
701 4217 1102 4295 Καντζηλαρίῳ
1153 4221 1544 4296 συγγεγονὼς,
1576 4221 1636 4276 ’ὸν
1695 4220 1991 4299 λογοθέτην

319 4309 468 4364 εἶ’ποι
501 4306 564 4363 ἄν
612 4329 694 4370 τις
744 4305 1048 4378 ἑλληνίζων
1098 4307 1257 4384 ἀνὴρ,
1301 4307 1389 4363 ἐπὶ
1434 4308 1630 4387 Τράνιν
1660 4309 1752 4365 σὺν
1799 4311 1990 4377 αὐτοῖς

317 4398 517 4470 ἦλθεν,
597 4397 674 4460 ὡς
751 4391 1004 4452 αὐτοϐοεί
1083 4399 1184 4468 τήν
1269 4396 1431 4454 πόλιν
1517 4399 1985 4476 ἀναρπασόμενος.

318 4491 439 4562 [is]
474 4491 622 4544 Cum
651 4504 776 4545 vero
795 4494 974 4561 portae
1015 4490 1175 4546 urbis
1203 4507 1405 4561 parum
1446 4499 1601 4546 caute
1644 4494 1986 4550 custodiren-

2093 3334 2183 3402 Τῷ
2211 3330 2390 3386 τοίνυν
2441 3331 2558 3405 ἐμῷ
2600 3333 2765 3408 πατρὶ
2814 3334 2874 3388 τὸ
2928 3334 3022 3407 μὲν
3071 3335 3274 3398 ἄνωθεν
3325 3333 3479 3410 γένος
3528 3333 3580 3395 ἐς
3621 3335 3756 3388 ὑπά-

2092 3440 2221 3483 τους
2276 3420 2477 3490 ἀνῆκτο
2535 3421 2624 3476 καὶ
2675 3423 3000 3497 πατρικίους
3037 3441 3049 3454 ·
3109 3424 3177 3478 τὰ
3233 3420 3290 3478 δὲ
3371 3423 3485 3478 κατ’
3554 3423 3756 3478 ἐκεῖνον

2093 3512 2394 3586 πράγματα
2425 3513 2537 3588 οὐχ
2561 3511 2708 3567 οὕτω
2756 3509 2942 3583 δεξιῶς
2991 3515 3161 3589 εἶχεν.
3216 3515 3402 3571 Patris
3447 3516 3621 3587 igitur
3647 3515 3759 3571 mei

2094 3619 2270 3674 genus
2297 3605 2590 3675 antiquum
2619 3603 2690 3658 ad
2721 3604 2968 3660 consules
2999 3613 3050 3659 et
3087 3605 3349 3675 patricios
3386 3603 3756 3677 referebatur,

2096 3708 2181 3746 res
2205 3708 2330 3747 vero
2362 3694 2536 3764 ipsius
2565 3709 2677 3748 non
2706 3695 2878 3749 nimis
2914 3710 3172 3766 prospere
3207 3709 3263 3748 se
3292 3693 3589 3749 habebant.
3619 3694 3759 3748 Post

2097 3781 2245 3836 duas
2294 3781 2556 3838 femellas
2607 3783 2778 3839 tertio
2829 3783 2957 3855 ipse
3024 3789 3217 3855 partu,
3274 3782 3481 3839 multis
3548 3781 3758 3838 matris

2097 3870 2392 3941 suspiriis,
2427 3875 2484 3925 et
2513 3871 2584 3926 ad
2636 3871 2823 3926 Deum
2871 3871 3144 3943 precibus
3192 3871 3417 3940 ell‘usis,
3471 3871 3528 3926 in
3564 3870 3759 3926 lucem

2097 3959 2311 4014 editur.
2361 3959 2570 4014 Mirum
2617 3964 2731 4030 est,
2783 3961 2940 4032 quod
2986 3960 3045 4014 in
3094 3961 3225 4032 ejus
3272 3963 3406 4016 ortu
3458 3964 3757 4028 narratur,

2098 4047 2292 4104 nullas
2322 4065 2458 4104 eum
2489 4047 2776 4121 lacrymas
2800 4049 3355 4121 profudisse,neque
3390 4065 3642 4120 usquam
3666 4065 3764 4120 po-

2098 4141 2226 4192 stea
2255 4137 2316 4192 in
2342 4137 2613 4193 maximis
2644 4137 2821 4193 etiam
2855 4137 3315 4194 necessitatibus
3346 4137 3630 4209 plorasse,
3657 4137 3758 4193 sed

2097 4227 2213 4299 [15]
2244 4244 2479 4299 semper
2519 4232 2690 4282 aetate
2738 4226 2843 4282 illa
2890 4227 3104 4283 tenella
3151 4226 3316 4283 laetos
3364 4244 3430 4284 ac
3479 4226 3760 4300 puniceos

2098 4318 2298 4373 oculos
2327 4316 2608 4372 habuisse
2640 4335 2653 4372 :
2689 4321 2922 4372 tantum
2957 4316 3243 4389 parentis,
3298 4315 3597 4388 nullisque
3627 4316 3759 4372 aliis

2097 4423 2274 4478 quam
2311 4406 2612 4475 maternis,
2636 4407 2704 4461 ad
2739 4424 2867 4479 quae
2899 4407 2987 4462 vel
3019 4424 3132 4462 usu
3172 4406 3263 4462 vel
3295 4406 3586 4464 sententia
3617 4408 3761 4461 tere-

2097 4496 2288 4566 batur,
2323 4497 2604 4552 uberibus
2637 4495 2920 4552 inhiasse.
2962 4497 3376 4568 Quinquennis
3419 4497 3762 4568 praeceptori

321 4584 439 4647 tur,
470 4578 831 4635 Iuvenalium
860 4580 1039 4650 ipsum
1068 4581 1129 4634 in
1177 4578 1420 4651 ejusdem
1466 4579 1626 4651 ﬁdem
1673 4598 1729 4638 se
1770 4583 1986 4639 dedidit
2015 4587 2064 4650 D
2095 4585 2368 4654 traditur,
2404 4585 2670 4657 adeoque
2701 4587 2943 4642 robuste
2974 4585 3314 4641 studiorum
3349 4586 3582 4656 pondus
3606 4601 3766 4640 exce-

325 4670 468 4725 Hinc
497 4684 599 4741 pro
628 4669 962 4740 occupandis
989 4669 1204 4724 caeteris
1228 4685 1353 4724 cum
1390 4671 1685 4728 comitibus
1716 4673 1866 4741 aliis,
1898 4689 1996 4729 nec

320 4778 439 4818 non
468 4758 774 4818 Guitielmi
803 4761 1170 4828 Cancettario,
1215 4778 1377 4832 quem
1425 4762 1775 4834 Logothetam
1807 4765 1999 4823 Graeca

321 4855 454 4924 quis
485 4851 685 4920 lingua
707 4851 1058 4922 expresserit,
1107 4851 1407 4907 consilium
1447 4852 1647 4920 inibat,
1692 4858 1744 4908 et
1775 4855 1999 4910 Tranim

323 4955 503 5012 usque
531 4944 655 4995 tum
685 4939 803 4995 illis
831 4941 1110 5010 processit,
1142 4941 1304 5011 quasi
1331 4941 1514 5011 primo
1559 4943 1773 5014 impetu
1805 4943 1999 5000 Urbem

325 5029 657 5100 direpturus
686 5027 909 5096 fuisset.
944 5024 1136 5082 Alium
1170 5026 1350 5097 hujus
1382 5027 1538 5082 vocis
1569 5028 1996 5100 significatum,

324 5122 654 5189 antequam
683 5116 965 5187 majestas
986 5114 1087 5171 illa
1116 5115 1349 5187 imperii
1371 5116 1545 5172 statis
1575 5122 1832 5173 veterum
1867 5119 1994 5174 ofﬁ-

321 5206 560 5262 ciorum
592 5205 800 5261 formis
829 5203 1144 5276 abrogatis,
1195 5203 1408 5260 exteris
1450 5206 1842 5262 Barbarorum
1872 5226 1997 5265 mo-

321 5297 520 5363 ribus,
554 5311 706 5351 nova
735 5293 937 5351 omnia
959 5295 1667 5366 approbando,cessisset,
1690 5295 1815 5370 lege
1840 5299 1996 5371 apud

320 5385 685 5459 Procopium
716 5384 780 5439 in
809 5383 1060 5440 Historia
1089 5384 1332 5440 Arcana.

393 5474 517 5532 XX.
566 5473 746 5544 Vitis,
816 5477 885 5529 ut
930 5472 1043 5530 hoc
1094 5471 1273 5529 etiam
1324 5472 1421 5529 hic
1471 5473 1662 5532 obiter
1703 5479 1922 5549 notem,
1967 5497 2002 5536 a

2108 4675 2213 4746 pit,
2249 4679 2315 4730 ut
2347 4673 2572 4730 ludicra
2603 4674 2825 4742 omnia,
2858 4679 3068 4748 praeter
3113 4674 3442 4729 litterarum
3476 4673 3762 4743 studium,

2108 4781 2224 4836 quo
2288 4779 2664 4834 summopere
2731 4763 3156 4829 delectabatur,
3204 4763 3630 4818 sordescerent.
3683 4762 3764 4817 Er:

2107 4852 2271 4908 illius
2302 4852 2576 4908 allectum
2597 4853 2987 4924 ejusdemmet
3008 4851 3198 4906 verbis
3222 4867 3563 4922 expressum
3599 4868 3613 4906 :
3648 4850 3765 4904 Ἐν-

2105 4941 2285 4995 τεῦθεν
2340 4937 2433 4994 οὖν
2483 4941 2519 5009 ἡ
2577 4942 2756 5014 μήτηρ
2805 4939 2943 5015 πρὸς
3003 4939 3069 4993 τὰ
3116 4937 3345 5014 κρείττω
3395 4957 3768 5014 χειραγωγου-

2112 5031 2246 5102 μὲνη
2305 5029 2380 5092 εἷς
2437 5032 2691 5101 πέμπτον
2751 5025 2868 5090 ἔτος
2942 5026 3236 5083 τελέσαντα
3294 5023 3608 5100 διδασκάλῳ
3670 5025 3764 5104 ἐφ-

2111 5119 2308 5188 ίστησι.
2341 5119 2444 5177 Καὶ
2492 5120 2558 5188 ἦν
2598 5139 2692 5192 μοι
2739 5118 2800 5174 τὸ
2843 5118 3078 5191 μάθημα
3113 5117 3178 5172 οὗ
3234 5116 3400 5189 μόνον
3429 5117 3492 5172 τὸ
3525 5115 3766 5192 εὐχερὲς,

2107 5207 2254 5264 ἀλλᾶ
2300 5209 2390 5263 καὶ
2450 5206 2556 5278 ἡδὺ
2601 5209 2708 5264 ἀντ’
2757 5206 2938 5278 ἄλλης
2987 5206 3138 5269 τινὸς
3184 5203 3428 5269 παιδιὰς.
3484 5207 3766 5280 ἸΙνιώμην

2107 5302 2263 5372 γοῦν,
2293 5297 2340 5352 εἰ
2371 5300 2436 5371 μὲ
2470 5319 2564 5371 μοι
2593 5296 2683 5353 διὰ
2721 5299 2900 5368 πάσης
2949 5296 3160 5374 ἡμέρας
3192 5293 3374 5368 διδοίη
3407 5297 3476 5350 τὰ
3519 5293 3766 5352 παιδικά.

2109 5386 2214 5448 Καὶ
2291 5388 2358 5456 ἦν
2439 5408 2531 5460 μοι
2608 5384 2800 5443 παιδιά
2863 5387 2958 5460 μὶν
3035 5388 3070 5455 ἡ
3131 5382 3342 5455 σπουδή
3424 5381 3482 5439 δὲ
3557 5382 3772 5456 παιδιὰ,

2111 5477 2220 5554 οὐχ
2251 5477 2328 5541 ὡς
2357 5479 2526 5532 ταῦτα
2575 5477 2850 5550 παίζοντι,
2901 5473 3080 5531 ἐκεῖνα
3131 5471 3189 5529 δὲ
3236 5470 3616 5545 σπουδάζοντι,
3664 5479 3772 5531 etc.

1919 5595 2157 5654 NOT/E.

397 5693 500 5769 (νη)
530 5693 868 5753 Cinnamus
898 5690 1092 5749 Allatii
1127 5706 1436 5764 nunquam
1465 5692 1704 5764 prodiit.
1737 5694 1988 5754 Exstant
2015 5697 2304 5756 editiones
2336 5697 2510 5755 Corn.
2543 5695 2718 5754 Tollii
2747 5699 2804 5754 et
2829 5695 3056 5768 Cangii.

653 5823 926 5883 ΡΑτιιοι..
973 5821 1086 5883 Gs.
1135 5819 1376 5883 CXXII.

3374 5822 3451 5879 16
