4122 6388
345 352 458 412 491

1746 338 2029 403 LEONIS
2073 342 2391 405 ALLATII

3661 342 3786 405 492

346 482 410 539 Id
442 483 532 538 est
560 495 577 536 :
610 478 750 535 Hinc
790 475 979 549 igitur
1022 480 1201 531 mater
1217 473 1288 530 ad
1337 471 1581 531 meliora
1630 472 2006 530 manuducens
2035 474 2089 541 Α
2117 474 2368 531 animum
2400 480 2549 533 Deus
2577 477 2822 550 sospitet,
2863 476 2960 533 sed
2989 492 3186 533 amore
3232 475 3489 534 discendi
3508 477 3790 549 pleraque

345 572 541 644 quinto
577 568 764 624 elatis
809 580 957 621 anno
1011 566 1278 634 magistro
1343 563 1713 620 commendat.
1767 566 1843 619 Et
1888 567 2007 619 erat

343 660 489 715 mihi
515 656 816 729 disciplina
862 670 972 711 non
1020 657 1241 709 tantum
1285 654 1492 725 facilis,
1541 653 1633 710 sed
1682 653 1860 709 dulcis
1883 667 2008 725 pra?

343 748 593 822 quolibet
621 747 739 803 alio
771 744 921 800 ludo.
954 746 1120 814 A'Zgre
1151 745 1338 816 itaque
1364 744 1630 813 ferebam,
1660 744 1712 798 si
1739 743 1882 797 mihi
1908 758 2007 814 per

347 842 521 895 totum
572 836 719 892 diem
764 833 1000 890 delicias
1050 848 1162 889 non
1212 840 1549 905 suggereret.
1599 833 1836 905 Eratque
1866 830 2011 886 mihi

344 934 518 991 ludus
545 932 814 998 studium,
865 928 1111 986 studium
1156 929 1337 999 ludus,
1386 946 1501 984 non
1544 928 1687 1001 quod
1728 927 1829 986 hoc
1859 929 2008 984 ludi-

345 1024 469 1080 brio
510 1021 785 1088 haberem,
837 1019 934 1075 illi
978 1035 1108 1075 vero
1155 1018 1552 1075 incumberem.
1604 1016 1789 1072 Etate
1828 1031 2005 1089 gran-

340 1113 527 1178 diore,
559 1112 705 1168 dum
745 1109 900 1165 inter
941 1112 1216 1180 parentes
1268 1124 1382 1162 non
1430 1105 1719 1175 convenit,
1767 1105 2003 1160 cuinam

342 1201 680 1257 studiorum
712 1197 911 1272 generi
941 1200 1099 1253 esset
1129 1194 1518 1264 addicendus,
1543 1193 1803 1249 Joannes
1833 1192 2009 1266 Chry-

338 1295 638 1347 sostomus
669 1293 726 1345 et
752 1285 1024 1359 apostoli,
1062 1285 1234 1341 matri
1266 1284 1325 1339 in
1357 1282 1610 1340 somniis
1639 1282 1774 1351 visi,
1805 1282 2005 1337 decer-

341 1386 515 1437 nunt.
552 1380 699 1435 Hinc
721 1376 1174 1449 disciplinarum
1208 1390 1383 1447 quam
1432 1372 1802 1445 voluptatum
1834 1371 2004 1444 cupi-

338 1472 489 1540 dior,
523 1469 852 1543 mqualibus
885 1468 942 1523 in
978 1467 1173 1523 studio
1205 1465 1520 1538 superatis,
1557 1480 1675 1520 non
1706 1462 1882 1537 longo
1914 1463 2004 1519 in-

336 1560 585 1617 tervallo
616 1559 689 1615 ad
720 1572 997 1630 suprema
1028 1571 1275 1629 quaeque
1308 1554 1709 1610 doctrinarum
1743 1552 2005 1636 culmina

338 1648 590 1721 gradum
624 1647 782 1714 fecit,
829 1646 1166 1717 onibusque
1215 1642 1491 1699 innotuit.
1545 1641 1679 1697 Haec
1709 1642 1835 1713 ipse
1866 1658 2001 1713 pro-

338 1738 453 1794 lixe
486 1737 685 1807 nimis,
720 1734 985 1792 oratione
1018 1734 1084 1789 In
1118 1737 1390 1800 matrem,
1423 1730 1822 1804 prosequitur,
1855 1736 1913 1785 et
1933 1746 2001 1785 ex

340 1848 408 1886 eo
459 1835 629 1887 Anna
676 1829 977 1885 Comnena
1025 1823 1329 1881 Aleziados
1391 1821 1494 1878 lib.
1548 1840 1604 1892 v,
1652 1821 1999 1877 brevissime

335 1916 737 1988 concinnavit,
776 1916 918 1971 dum
965 1915 1037 1969 de
1075 1912 1220 1969 Itan
1261 1912 1438 1969 verba
1469 1911 1684 1967 faceret
1717 1927 1730 1966 :
1763 1908 1861 1963 Καὶ
1897 1910 1993 1966 Μι-

335 2004 492 2082 χαὴλ
550 2003 734 2060 ἐκείνω
790 2006 869 2075 τῷ
920 1999 1131 2073 Ψελλῷ
1180 1999 1233 2056 ἰν
1285 1998 1494 2076 ὑστέρῳ
1541 1997 1993 2075 προσωμίλησεν,

337 2095 396 2155 ’ὸς
438 2094 527 2150 καὶ
572 2092 712 2148 πάνυ
761 2111 848 2146 τοι
887 2090 1035 2166 παρὰ
1082 2085 1432 2150 διδασκάλοις
1477 2091 1668 2164 σοφοῖς
1715 2085 1990 2161 ἑφοίτησε.

336 2192 437 2246 Διά
484 2190 697 2269 φύσεως
750 2186 809 2244 δὲ
858 2185 1162 2260 δεξιότητα,
1194 2188 1285 2241 καὶ
1330 2186 1458 2249 νοὸς
1491 2184 1775 2257 εύθύτητα,
1804 2185 1991 2260 τυχὼν

341 2280 525 2354 μέντοι
568 2277 658 2334 καὶ
699 2282 833 2334 Θεοῦ
888 2276 1129 2353 ἀρωγοῢ.
1162 2275 1305 2352 Πρὸς
1350 2273 1568 2337 τούτοις
1617 2270 1709 2328 διὰ
1744 2274 1844 2342 τὴν
1871 2284 1990 2349 θερ-

338 2369 580 2446 μοτάτην
634 2367 841 2423 ἰκεσίαν
889 2373 989 2438 τῆς
1050 2366 1259 2440 μητρὸς
1310 2363 1476 2419 αὐτοῦ
1537 2360 1993 2438 ἔπαγρυπνούσης

338 2462 558 2535 συχνῶς
608 2461 690 2530 τῷ
736 2456 790 2513 ἓν
856 2460 936 2528 τῷ
992 2459 1104 2528 ναῷ
1158 2451 1255 2508 τοῦ
1308 2452 1509 2530 Κυρίου
1562 2458 1663 2521 τῆς
1722 2450 1989 2507 Θεοτόκου

332 2552 513 2622 σεπτῷ
561 2547 929 2620 εἷκονίσματι,
972 2544 1065 2599 καὶ
1113 2544 1339 2619 θερμοῖς
1387 2547 1505 2606 τοῖς
1549 2539 1803 2617 δάκρυσιν
1856 2539 1987 2614 ὑπὲρ

326 2641 423 2691 τοῦ
450 2633 645 2697 παιδὸς
703 2631 873 2689 ἐκκαλ
908 2634 1170 2706 ουμὲνης,
1195 2631 1273 2692 είς
1323 2631 1486 2707 ἄκρον
1543 2629 1732 2705 σοφίας
1774 2629 1987 2695 ἁπάσης

326 2724 643 2797 ἐληλακὼς,
684 2724 776 2779 καὶ
822 2722 891 2777 τὰ
939 2719 1226 2792 Ἐλλήνων
1268 2718 1358 2774 καὶ
1406 2715 1692 2774 Χαλδαίων
1746 2712 1985 2793 ἀκριϐω-

328 2813 578 2889 σοὶμενος,
637 2814 828 2890 γὲγονε
881 2815 1003 2872 τοῖς
1056 2809 1182 2864 τότε
1258 2809 1486 2884 χρόνοις
1540 2802 1874 2882 περιϐόητος
1930 2804 1983 2860 ἐν

326 2904 505 2982 ςοφίᾳ.
542 2904 599 2960 Id
631 2908 721 2960 est
771 2920 784 2959 :
836 2902 1178 2972 Tandemque
1228 2900 1287 2953 in
1337 2899 1617 2954 Michaelis
1666 2898 1986 2954 Psellicon-

324 2993 671 3050 suetudinem
692 2992 864 3061 venit,
894 2990 994 3063 qui
1018 2997 1408 3061 prmeeptores,
1457 2988 1738 3059 sapientes
1768 2986 1983 3059 oppido,

327 3086 543 3152 nactus,
585 3086 804 3138 naturae
868 3079 1205 3135 dexteritate
1251 3085 1305 3133 et
1350 3074 1664 3132 intellectus
1707 3077 1985 3143 acumine,

326 3174 431 3229 Deo
462 3188 671 3245 quoque
701 3171 795 3227 illi
820 3169 1206 3241 coadjuvante.
1255 3166 1434 3221 adhuc
1478 3174 1532 3222 et
1578 3167 1777 3221 matris
1808 3167 1987 3221 inten-

322 3225 887 3333 sissimiszprecibus,
948 3258 1151 3329 saepius
1211 3257 1272 3311 in
1314 3253 1519 3325 templo
1579 3255 1801 3309 Domini
1849 3258 1986 3310 ante
2017 3225 2061 3293 Ο

323 3352 584 3424 Deiparw
616 3346 990 3406 venerandam
1022 3346 1329 3414 imaginem
1360 3344 1727 3414 invigilantis,
1758 3345 1982 3413 spissis-

322 3457 426 3511 que
446 3455 547 3512 pro
576 3439 695 3510 ﬁlio
725 3437 984 3508 lacrymis
1012 3434 1318 3500 exorantis,
1351 3432 1422 3488 ad
1450 3433 1725 3488 universis
1761 3436 1984 3504 sapien-

321 3531 419 3586 tiae
454 3530 674 3586 culmen
703 3525 976 3599 pervenit,
1024 3532 1078 3579 et
1130 3527 1448 3578 Graecorum
1493 3537 1557 3577 ac
1602 3520 1987 3578 Chaldaeorum

320 3617 556 3673 decretis
631 3614 1050 3671 accuratissime
1126 3611 1474 3683 conquisitis,
1534 3625 1600 3666 ea
1666 3615 1987 3682 tempestate

322 3706 537 3762 celebre
586 3704 886 3777 sapientiae
934 3716 1131 3757 nomen
1199 3708 1522 3756 consecutus
1592 3708 1691 3755 est.
1770 3700 1986 3757 Subdit

325 3796 539 3851 deinde
586 3794 737 3849 inter
784 3791 999 3848 Italum
1049 3794 1105 3845 et
1155 3788 1413 3845 Psellum
1461 3787 1712 3844 dissidia
1760 3795 1978 3846 exorta.

324 3893 627 3951 Medicinae
655 3907 889 3965 quoque
918 3904 1154 3961 operam
1179 3887 1364 3954 dedit,
1398 3891 1463 3943 ut
1488 3887 1613 3958 ipse
1645 3887 1714 3942 de
1745 3903 1807 3944 se
1837 3892 1983 3943 Ora-

324 3983 481 4040 tione
511 3983 571 4039 in
602 3982 873 4050 Matrem,
905 3977 1121 4051 saepius
1152 3976 1413 4043 laudata,
1447 3976 1724 4047 afﬁrmat,
1750 3978 1891 4033 dum
1911 3979 1983 4034 de

322 4078 489 4146 patre
516 4070 871 4128 moribundo
902 4068 1191 4141 loquitur.
1222 4065 1311 4125 Ὧς
1362 4060 1420 4118 δὲ
1452 4063 1541 4118 καὶ
1591 4068 1708 4127 τοῖς
1753 4067 1866 4138 [16]
1895 4062 1982 4120 δα.

322 4159 545 4223 κτύλοις
622 4158 719 4221 τὰς
776 4164 877 4227 τῆς
954 4153 1216 4231 ἀρτηρίας
1268 4153 1509 4225 κινήσεις
1565 4150 1977 4230 ἐτεκμηράμην.

322 4246 722 4319 Ἐσπουδοὶζετο
796 4248 899 4322 γάρ
982 4265 1075 4317 μοι
1159 4242 1423 4318 μακρόθεν
1498 4243 1532 4312 ἡ
1592 4244 1716 4318 περὶ
1782 4243 1980 4300 τούτου

318 4340 516 4414 τέχνη.
544 4341 607 4397 Ut
637 4353 767 4395 vero
810 4340 865 4392 et
910 4335 1110 4408 digitis
1160 4334 1389 4390 arteria
1434 4335 1612 4388 motus
1651 4334 1980 4392 observavi:

314 4440 440 4511 jam
504 4438 655 4493 enim
739 4434 838 4491 diu
921 4431 1147 4505 aliquid
1223 4432 1285 4488 in
1346 4446 1473 4487 eam
1537 4439 1719 4487 artem
1784 4433 1978 4502 studii,

319 4537 371 4584 et
436 4541 621 4596 operm
702 4524 1077 4581 contuleram.
1161 4519 1435 4576 Studium
1519 4520 1577 4577 in
1664 4538 1975 4593 capessen-

2114 580 2185 621 ea:
2230 564 2550 635 disciplinis
2592 567 2809 639 collegi.
2869 567 3114 639 Namque
3157 571 3366 623 natura
3409 570 3790 640 cujuscunque

2117 654 2299 711 studii
2343 656 2528 723 avida,
2598 672 2888 729 nunquam
2957 657 3210 713 scientiis
3270 659 3450 728 potuit
3493 659 3781 714 saturari.

2114 742 2446 816 Nullamque
2472 744 2673 802 vellem
2703 761 2836 813 esse,
2869 746 3011 818 quod
3057 747 3171 802 mei
3211 747 3476 802 notitiam
3525 749 3782 816 fugeret;

2115 849 2218 887 nec
2264 835 2557 891 molestum
2604 835 2749 891 mihi
2809 838 2976 907 foret,
3032 834 3204 891 etiam
3242 836 3295 890 si
3340 835 3441 890 sub
3490 843 3780 899 terranea,

2114 938 2412 979 noscerem.
2438 924 2620 997 Neque
2647 928 2709 980 ut
2733 926 2995 997 plurimi,
3026 926 3087 980 in
3109 924 3215 981 hoc
3240 928 3462 981 tantum
3491 926 3778 994 incumbe,

2116 1012 2261 1067 illud
2289 1029 2424 1069 vero
2470 1016 2709 1087 negligo,
2759 1014 2851 1071 sed
2896 1018 2946 1070 et
2987 1030 3285 1087 pravorum
3326 1016 3518 1084 etiam,
3568 1022 3621 1071 et
3649 1014 3784 1072 abo-

2116 1102 2511 1159 minandorum
2554 1104 2700 1159 mihi
2740 1104 3020 1160 notitiam
3063 1119 3342 1175 comparo,
3392 1106 3455 1159 ut
3498 1103 3627 1159 inde
3673 1104 3780 1159 hu-

2116 1191 2290 1262 beam,
2325 1192 2465 1263 quod
2497 1210 2563 1249 ea
2592 1195 2994 1265 usurpantibus
3023 1208 3312 1265 opponam.
3339 1191 3515 1249 Plura
3539 1194 3613 1249 de
3642 1191 3778 1258 hoc,

2117 1280 2269 1337 Orat.
2303 1282 2373 1337 de
2399 1292 2598 1353 matre,
2631 1283 2691 1337 in
2738 1298 2855 1355 qua
2902 1282 3143 1355 singula
3188 1298 3439 1355 quasque
3482 1283 3554 1338 ad
3605 1282 3776 1339 fasti-

2114 1369 2278 1425 dium
2308 1388 2495 1443 usque
2526 1375 2855 1428 enumerat.
2880 1371 2961 1427 Ea
2990 1370 3189 1443 lector,
3241 1388 3315 1429 ne
3362 1372 3488 1443 ipse
3534 1371 3776 1428 fastidio

2115 1459 2249 1531 sim,
2275 1459 2493 1517 videat.

2180 1584 2385 1641 XXIII.
2419 1587 2651 1642 Interea
2680 1584 2825 1641 satis
2858 1584 3049 1641 astatis
3080 1600 3147 1642 ac
3189 1583 3515 1657 prudentia
3547 1582 3775 1641 habens

2110 1672 2169 1728 in
2220 1673 2355 1729 aula
2405 1673 2864 1748 imperatoribus
2907 1673 3185 1744 innotuit,
3235 1672 3336 1746 qui
3384 1672 3445 1728 in
3495 1672 3774 1731 maximis

2109 1764 2362 1835 negotiis
2392 1766 2714 1835 prolicuam
2744 1763 2906 1820 illius
2937 1780 3177 1836 operam
3208 1761 3430 1835 experti
3451 1762 3769 1819 sunt.Nam

2027 1865 2075 1931 Β
2108 1850 2355 1908 Michael
2384 1853 2756 1909 Stratioticus
2785 1852 2938 1909 inter
2967 1850 3216 1909 selectos
3236 1869 3304 1908 ex
3332 1851 3604 1925 patribus
3633 1867 3771 1907 con-

2106 1941 2345 2014 scriptis
2376 1942 2553 2009 viros,
2584 1958 2727 2013 quos
2756 1945 3050 1999 Comneno
3080 1942 3303 1998 Isaacio
3333 1942 3405 1997 ad
3436 1939 3685 1997 rebelles
3706 1941 3771 1997 in

2102 2030 2478 2086 concordiam
2508 2030 2855 2103 redigendos
2885 2031 3069 2097 misit,
3103 2029 3360 2086 Psellum
3393 2045 3631 2101 quoque
3656 2045 3761 2085 no-

2102 2125 2293 2175 strum
2326 2119 2560 2192 legavit,
2592 2136 2706 2175 non
2731 2119 3159 2175 contemnendo
3181 2117 3369 2190 elogio
3401 2118 3766 2175 celebratum

2103 2224 2137 2262 ει
2184 2212 2409 2264 Zonara
2456 2213 2614 2264 tomo
2664 2208 2739 2265 ΙΙΙ
2791 2225 2805 2264 :
2854 2205 3189 2262 Στὶλλονται
3256 2205 3431 2261 τοίνυν
3478 2207 3618 2282 πρὸς
3664 2205 3760 2262 τὸν

2104 2295 2391 2368 Κομνηνὸν
2448 2289 2870 2370 πρεσϐεύσοντες
2930 2292 3120 2371 ἄνδρες
3173 2298 3280 2350 τῶν
3339 2293 3600 2371 ἐκκρίτων
3659 2302 3766 2366 τῆς

2102 2381 2420 2459 συγκλήτου
2471 2381 2702 2461 βουλῆς·
2764 2385 2816 2440 οἱ
2870 2380 2917 2439 δ’
2974 2385 3109 2454 ἦσαν
3170 2385 3199 2440 6
3257 2381 3526 2461 πρόεδρος
3583 2385 3706 2441 Κων
3741 2418 3767 2429 -

2100 2478 2379 2536 σταντῖνος
2435 2474 2464 2528 ὁ
2524 2471 2859 2550 Λειχούδης,
2921 2475 2950 2530 6
3008 2471 3275 2550 πρόεδρος
3325 2472 3475 2529 Λὲων
3525 2470 3767 2530 ὁἊλω-

2098 2562 2222 2630 πὸς,
2283 2562 2371 2617 καὶ
2435 2562 2673 2638 Μιχαὴλ
2731 2564 2759 2619 ὁ
2792 2563 3107 2643 σοφώτατος
3162 2561 3383 2626 Ψελλὸς
3430 2567 3540 2619 τῶν
3591 2561 3755 2641 φιλο-

2096 2651 2277 2728 σόφων
2330 2650 2403 2705 ὣν
2451 2649 2672 2714 ὕπατος.
2726 2655 3020 2727 Legantur
3085 2656 3262 2727 igitur
3300 2654 3373 2710 ad
3424 2654 3763 2710 Comnenum

2096 2743 2289 2798 selecti
2352 2744 2466 2799 viri
2510 2760 2584 2799 ea:
2636 2744 2889 2815 patribus
2955 2746 3304 2814 conscriptis,
3364 2743 3763 2800 Constantinus

2096 2831 2360 2888 Lichudes
2412 2848 2634 2904 presses,
2705 2833 2808 2889 Leo
2875 2833 3079 2905 Alopus
3138 2848 3340 2906 praeses
3407 2837 3461 2887 et
3528 2833 3764 2890 Michael

2095 2921 2331 2989 Psellus,
2363 2922 2811 2993 sapientissimus
2836 2921 3100 2994 princeps
3130 2931 3261 2977 tunc
3285 2921 3757 2993 philosophorum.

2096 3013 2167 3068 Et
2206 3013 2502 3068 Cedrenus
2545 3012 2605 3067 in
2654 3012 2907 3085 Synopsi
2941 3030 2955 3070 :
2990 3011 3137 3066 Ἐκεῖ
3168 3009 3225 3065 δὲ
3280 3011 3428 3082 αύτῷ
3474 3009 3760 3086 γενομὲνῳ

2097 3098 2355 3177 φθάνουσι
2400 3100 2490 3156 καὶ
2541 3095 2863 3177 πρεσϐευταὶ
2921 3098 3191 3175 βασιλεως
3223 3101 3251 3156 6
3281 3096 3550 3175 πρόεδρος
3603 3105 3756 3156 Κων-

2099 3195 2375 3252 σταντῖνος
2405 3190 2434 3245 6
2486 3186 2820 3265 Λειχούδης,
2870 3185 3154 3266 Θεόδωρος
3199 3190 3227 3244 6
3278 3185 3557 3262 Ἀλωπὸς,
3602 3194 3755 3245 Κων-

2099 3283 2377 3343 σταντῖνος
2429 3277 2457 3333 6
2489 3276 2732 3347 Ψελλὸς,
2767 3277 2795 3334 6
2825 3282 2932 3333 τῶν
2975 3276 3295 3357 φιλοσόφων
3327 3276 3550 3343 ὕπατος.
3593 3278 3755 3333 Οὗτοι

2093 3368 2194 3442 γὰρ
2244 3368 2295 3422 οἳ
2342 3371 2489 3440 τρεῖς
2538 3362 2729 3441 ἄνδρες
2776 3364 2864 3421 ἐπὶ
2916 3365 3122 3445 σοφίᾳ,
3170 3366 3264 3422 καὶ
3309 3365 3478 3443 λόγου
3530 3364 3754 3442 δυνάμει

2092 3460 2199 3511 τῶν
2232 3455 2368 3511 κατᾶ
2395 3455 2494 3524 τήν
2535 3456 2749 3531 ἡμέραν
2782 3455 3078 3531 ἀνθρώπων
3127 3453 3397 3535 διαφέρειν
3443 3453 3747 3525 δοκοῦντες,

2092 3544 2184 3599 καὶ
2233 3543 2572 3620 ἆσυγκρίτως
2625 3544 2653 3599 6
2707 3543 2932 3608 Ψελλὸς
2985 3542 3307 3621 ὲξελὲγησαν
3355 3544 3433 3600 εἰς
3499 3546 3563 3601 τὸ
3619 3565 3742 3621 πρε-

2094 3626 2336 3700 σϐεῦσαι,
2388 3630 2476 3685 καὶ
2521 3628 2925 3707 προσεδόκησεν
2960 3633 2988 3688 6
3031 3630 3289 3709 βασιλεὺς
3340 3631 3558 3709 μεγάλα
3586 3655 3746 3690 κατα-

2092 3721 2393 3797 πράξασθαι
2472 3717 2563 3777 διὰ
2634 3727 2734 3791 τῆς
2815 3720 3034 3777 ἆκείνων
3099 3724 3213 3798 [17]
3289 3721 3603 3798 εὐστομίας,
3664 3723 3759 3778 καὶ

2091 3810 2339 3885 χάριτος.
2380 3812 2468 3869 lbi
2494 3814 2551 3869 ei
2576 3817 2934 3869 occurrerunt
2964 3815 3135 3886 legati
3176 3816 3525 3887 imperatoris
3541 3829 3755 3885 praeses

2094 3900 2489 3956 Constantinus
2557 3901 2844 3971 Lichudes,
2893 3918 3102 3974 praeses
3173 3902 3477 3961 Theodorus
3519 3903 3751 3975 Alopus,

2092 3990 2493 4046 Constantinus
2521 3992 2757 4058 Psellus,
2772 3991 3230 4064 philosophorum
3254 3993 3756 4065 princeps.Etenim

2090 4079 2151 4133 hi
2178 4088 2285 4135 tres
2311 4080 2428 4135 viri
2453 4082 2758 4151 sapientia,
2791 4088 2844 4137 et
2870 4080 3158 4152 facundia,
3218 4084 3464 4138 omnium
3495 4084 3595 4156 qui
3621 4093 3764 4140 tunc

2087 4169 2364 4235 vivebant,
2393 4170 2571 4240 primi
2597 4168 2852 4240 habtti,et
2884 4170 3107 4241 quidem
3134 4179 3295 4226 extra
3320 4174 3759 4245 comparationis

2088 4262 2293 4314 sortem
2319 4258 2553 4325 Psellus,
2585 4258 2664 4315 ad
2705 4275 2837 4316 eam
2889 4258 3220 4331 legationem
3264 4264 3490 4333 fuerant
3515 4261 3762 4332 delecti;

2090 4347 2237 4418 quod
2265 4348 2570 4419 imperator
2597 4362 2790 4404 eorum
2818 4348 3140 4421 eloquentia
3167 4353 3221 4405 et
3269 4352 3456 4420 gratia
3482 4368 3540 4407 se
3567 4352 3759 4410 maxi-

2089 4452 2183 4492 ma
2206 4444 2633 4493 consecuturum
2661 4436 3054 4509 sperabaLUbi
3085 4437 3464 4511 exscriptoris
3497 4439 3754 4513 incuria,

2092 4539 2196 4595 pro
2227 4522 2531 4593 Michaele,
2563 4523 2984 4580 Constantinus
3016 4525 3274 4598 irrepsit.
3306 4529 3375 4581 Et
3406 4526 3466 4583 in
3498 4544 3566 4584 eo
3592 4528 3756 4586 falsa

319 4616 409 4673 dis
437 4614 791 4689 disciplinis,
822 4617 879 4669 et
926 4610 1207 4668 omnibus
1252 4609 1633 4666 addiscendis
1664 4612 1877 4668 ardens
1909 4630 1976 4669 ac
2007 4600 2053 4666 D
2085 4611 2396 4684 legationis
2429 4618 2744 4670 accusatur
2773 4613 2845 4669 ab
2878 4615 3079 4670 eodem
3106 4615 3355 4672 inferius
3390 4633 3404 4672 :
3438 4616 3662 4692 Λέγεται
3694 4614 3757 4671 δὲ

320 4706 607 4779 pertinax,
636 4705 764 4777 ipse
804 4700 999 4759 libello
1045 4705 1123 4757 De
1168 4699 1604 4755 admirabilibus
1652 4700 1981 4757 lectionibus

319 4795 380 4851 in
428 4795 544 4852 ﬁne
594 4793 870 4867 explicat.
929 4787 1076 4863 Ἐγὼ
1118 4783 1175 4842 δὲ
1206 4786 1268 4842 ού
1321 4786 1445 4862 περὶ
1496 4785 1752 4863 ἐργασίας
1801 4784 1973 4862 ἕνεκα,

318 4886 384 4953 νὴ
416 4885 517 4953 τήν
550 4883 697 4959 ἱεράν
741 4902 836 4936 σου
879 4878 1089 4953 ψυχὴν,
1133 4874 1279 4932 ἀλλὰ
1316 4875 1678 4953 φιλομαθείας
1703 4878 1771 4933 τὰ
1798 4876 1974 4935 πλείω

318 4977 426 5026 τῶν
487 4970 826 5046 μαθημάτων
880 4965 1272 5040 συνελεξάμην.
1334 4966 1582 5040 Ἐγένετο
1638 4966 1738 5043 γάρ
1791 4990 1885 5041 μοι
1936 4971 1970 5040 ἡ

322 5059 481 5134 φύσις
526 5060 817 5134 ἀκόρεστος
863 5057 1001 5133 πρὸς
1053 5056 1234 5110 ὁτιοῦν
1282 5051 1626 5128 σπούδασμα,
1676 5057 1765 5111 καὶ
1817 5055 1970 5113 οὐδὲν

320 5147 379 5202 ἄν
443 5169 510 5222 με
559 5147 869 5225 βουλοίμην
920 5142 1219 5200 διαλαθεῖν.
1263 5141 1424 5198 ’Λλλ’
1477 5142 1741 5220 ἀγαπῴην
1789 5144 1871 5219 ἂν,
1924 5147 1970 5202 εἷ

314 5236 405 5292 καὶ
456 5239 523 5292 τὰ
568 5238 743 5311 νέρθεν
792 5232 991 5305 εἰδείην
1053 5240 1155 5304 τῆς
1201 5239 1323 5308 γῆς.
1375 5234 1472 5288 Καὶ
1527 5232 1632 5311 οὐχ
1686 5234 1868 5311 ὥσπερ
1918 5238 1971 5291 οἱ

312 5324 522 5381 πολλοὶ
571 5324 695 5401 περὶ
742 5329 904 5381 τοῦτο
956 5323 1050 5397 μὲν
1103 5318 1431 5393 ἐσπούδακα,
1478 5321 1651 5377 ἐκεῖνο
1703 5321 1762 5379 δὲ
1815 5325 1966 5381 ἀπω-

315 5415 515 5488 σάμην,
567 5413 715 5471 ἀλλᾶ
768 5414 860 5469 καὶ
910 5417 1017 5469 τῶν
1083 5409 1328 5490 φαύλων,
1399 5409 1433 5480 ἢ
1494 5410 1680 5476 ἄλλως
1738 5413 1971 5490 ἀποτρο-

312 5503 489 5559 παίων
545 5504 833 5579 ἐπιγνῶναι
885 5502 979 5564 τᾶς
1030 5497 1297 5575 μεθόδους
1356 5498 1685 5571 ἐσπούδακα,
1725 5500 1799 5557 τίν’
1849 5502 1966 5581 ἔχω

310 5591 545 5649 ἐντεῦθεν
581 5589 883 5669 ἀντιλέγειν
932 5596 1059 5655 τοῖς
1094 5587 1410 5667 χρωμένοις
1460 5588 1663 5655 αὐτοῖς.
1711 5596 1772 5651 Id
1818 5602 1908 5653 est
1946 5615 1961 5654 :

310 5687 440 5760 Ego
487 5701 638 5755 vero,
689 5701 797 5742 non
841 5683 1176 5740 curiositatis
1218 5696 1374 5754 ergo,
1406 5683 1489 5740 ita
1535 5700 1756 5740 sacram
1806 5694 1963 5744 tuum

2087 4701 2173 4755 δτι
2227 4700 2318 4756 καὶ
2379 4701 2430 4755 o't
2484 4695 2810 4777 πρεσϐευταὶ
2868 4696 3447 4778 παραπρεσϐεύσαντες
3496 4702 3637 4760 ἄλλο
3686 4725 3753 4760 τε

2086 4787 2275 4851 ἄλλως
2328 4786 2504 4865 λάθρα
2554 4794 2635 4863 τῷ
2687 4790 3019 4864 Κεκαυμὲνῳ
3050 4790 3369 4865 προσιόντες
3401 4792 3748 4869 παρεκάλουν

2086 4874 2308 4954 ἔχεσθαι
2336 4884 2437 4949 τῆς
2469 4876 2789 4953 ἐνστάσεως,
2820 4878 2910 4935 καὶ
2955 4877 3223 4953 μηδόλως
3272 4878 3539 4939 ἐνδοῦναι.
3570 4887 3753 4938 Τοῦτο

2085 4964 2145 5023 δὲ
2172 4966 2368 5030 αὐτοὺς
2418 4974 2667 5039 ποιῆσαι,
2716 4967 2807 5023 καὶ
2856 4969 2908 5023 οἱ
2956 4966 3142 5031 καλῶς
3197 4967 3404 5033 εἷ’δότες
3434 4968 3755 5049 ἑπληροφό-

2083 5077 2209 5132 ρουν
2244 5054 2432 5133 ἄνδρες
2470 5056 2578 5133 οὐχ
2626 5056 2797 5113 οἷοίτε
2840 5054 3151 5132 ψεύδεσθαι,
3181 5059 3272 5113 καὶ
3326 5058 3405 5121 εἷς
3453 5059 3613 5115 αὐτὸν
3649 5061 3745 5117 τὸν

2082 5147 2366 5221 Κομνηνὸν
2435 5145 2917 5224 πληροφοροῦντες
2972 5146 3285 5221 ἐνωμότως,
3348 5149 3422 5212 ὡς
3477 5148 3617 5205 ἅπαν
3677 5149 3741 5205 τὸ

2080 5236 2308 5291 ἆστυκὸν
2341 5233 2557 5306 πλῆθος
2584 5239 2891 5313 περικακῶς
2924 5235 3001 5298 εἷς
3052 5235 3211 5291 αὐτὸν
3241 5234 3380 5313 ἔχει.
3428 5236 3527 5293 Καὶ
3572 5238 3647 5300 ὡς
3694 5238 3749 5294 εἷ’

2084 5326 2249 5399 μόνον
2311 5324 2512 5401 ἐγγίσει
2567 5328 2638 5401 τῇ
2694 5323 2880 5398 πόλει,
2936 5326 3028 5381 τὸν
3082 5325 3311 5403 γέροντα
3359 5326 3743 5400 ἐξωθήσαντες,

2080 5415 2196 5487 μετ’
2225 5413 2527 5488 ἐπινικίων,
2558 5415 2646 5471 καί
2680 5413 2865 5490 ὕμνων
2899 5414 3057 5472 αὐτὸν
3091 5412 3496 5492 προσδεξονται.
3519 5420 3593 5476 Ac
3609 5434 3745 5493 pro-

2075 5506 2254 5562 ditum
2281 5509 2361 5563 est
2391 5507 2694 5575 memoriae,
2729 5507 2877 5579 ipsos
2906 5508 3077 5563 etiam
3108 5507 3321 5578 legatos
3344 5511 3744 5580 pravaricatos

2072 5597 2270 5668 fuisse,
2296 5604 2349 5651 et
2378 5596 2544 5651 modo
2574 5595 2741 5665 hunc,
2770 5595 2929 5654 modo
2949 5596 3115 5651 illum
3133 5594 3371 5655 diversis
3400 5598 3741 5672 temporibus

2075 5686 2411 5745 Cecaumeno
2459 5688 2719 5761 suasisse,
2765 5695 2827 5745 ut
2878 5688 3215 5761 oppugnaret
3261 5690 3472 5746 acriter
3525 5688 3743 5747 oblatas
