4122 6440
381 436 512 498 493

1653 434 2030 500 DlATRIBA
2070 434 2174 495 DE
2217 434 2567 498 PSELLIS.

3695 439 3816 500 494

388 569 752 638 conditiones,
782 585 962 641 neque
999 568 1307 641 quidquam
1349 568 1681 625 concederet.
1726 569 1792 624 Et
1828 567 2047 641 quidem
2075 568 2126 636 Α
2158 568 2518 639 complexus,
2550 567 2677 626 loco
2709 569 2766 625 in
2795 568 2897 626 illo
2957 569 3256 626 uberrimo
3300 587 3369 627 ac
3422 571 3813 643 feracissimo,

390 667 491 717 hoc
519 675 610 716 eos
640 661 813 730 egisse
841 675 944 730 pro
975 662 1120 714 certo
1146 659 1438 731 perhibent
1468 659 1531 724 ii,
1565 660 1762 730 quibus
1803 659 1912 714 ista
1953 673 2052 728 op-

387 750 527 803 time
553 750 689 802 sunt
719 749 869 815 nota,
902 755 955 802 et
983 763 1018 801 a
1045 746 1322 802 mendacii
1349 747 1662 817 suspicione
1684 754 1813 801 sunt
1842 747 2054 800 immu-

380 854 506 906 nes,
538 839 806 908 aiuntque
832 851 946 902 eos,
980 837 1305 907 interposito
1325 835 1723 907 jurejurando,
1747 836 2055 907 afﬁrmasse

387 932 697 993 Comneno,
728 925 992 980 ardenter
1020 940 1144 980 eum
1168 925 1235 979 ab
1263 926 1481 980 urbana
1510 924 1872 980 multitudine
1911 921 2052 978 diti-

383 1019 465 1089 gi;
511 1032 601 1082 ac,
623 1017 674 1070 si
698 1022 913 1070 tantum
951 1016 1268 1079 accessisset
1297 1014 1369 1069 ad
1400 1014 1613 1080 urbem,
1639 1017 1760 1085 fore
1790 1015 1847 1068 ut
1879 1014 2056 1083 ipsam

391 1125 477 1173 ea,
533 1119 670 1162 sene
710 1105 1029 1172 exturbato,
1088 1120 1214 1158 cum
1251 1104 1646 1173 gratulatoriis
1689 1103 1960 1173 victoriae,
2001 1104 2056 1156 et

399 1195 625 1266 imperii
648 1194 995 1248 carminibus
1013 1193 1278 1264 excipiat.

463 1283 655 1340 XXIV.
680 1282 944 1339 Isaacius
967 1283 1321 1351 Comnenus,
1347 1299 1484 1338 cum
1508 1281 1850 1338 Michaelcm
1877 1281 2057 1337 Ceru-

392 1373 634 1436 larium,
672 1371 1068 1444 patriarcham
1120 1371 1833 1444 Constantinopolitanum
1886 1372 2057 1428 abdi-

383 1479 524 1519 care
556 1463 865 1527 niteretur,
900 1459 1181 1528 aliorum,
1223 1465 1281 1515 et
1315 1460 1496 1516 Psseli
1524 1461 1814 1532 praecipue
1858 1477 2056 1532 opera,

395 1552 527 1624 qui,
587 1551 649 1606 in
701 1566 835 1606 eum
886 1548 1160 1606 Oratione
1218 1551 1572 1622 conscripta,
1635 1549 1959 1605 multorum
1993 1566 2059 1604 ac

385 1641 694 1698 variorum
727 1639 1054 1694 facinorum
1107 1655 1273 1694 reum
1323 1639 1476 1705 fecit,
1527 1656 1674 1694 usus
1730 1643 1822 1694 est
1875 1639 2059 1694 Zona-

385 1748 491 1787 ras
544 1728 808 1784 ibidem:
844 1728 975 1783 Εἶτα
1030 1727 1119 1781 καὶ
1181 1725 1488 1803 καθαιρέσει
1541 1721 1836 1782 ὑποϐαλεῖν
1895 1726 2055 1782 αὐτὸν

389 1817 484 1875 διὰ
517 1815 804 1896 φροντίδος
857 1815 1079 1886 ἐτίθετο,
1130 1817 1220 1870 καὶ
1250 1836 1358 1870 τισι
1394 1817 1501 1872 τῶν
1535 1816 1836 1891 ἀρχιερέων
1871 1836 2060 1890 συνερ-

390 1913 519 1983 γοῖς
548 1907 688 1980 πρὸς
733 1910 892 1961 τοῦτο
938 1903 1230 1981 ἐκέχρητο,
1281 1905 1370 1960 καὶ
1416 1909 1498 1978 τῷ
1546 1903 1754 1978 Ψελλῷ
1802 1905 2062 1979 αἱτιαμά-
2090 1945 2136 2010 Β

640 1993 659 2010 ἢ
679 1993 697 2010 \
725 1999 751 2009 ο
943 1995 957 2010 \
1023 1993 1069 2010 ες
1089 1991 1109 2010 Ἴ
1209 1993 1222 2010 Ι
1677 1998 1699 2010 ιο
1777 1993 1798 2010 η
1871 1992 1885 2007 9
2017 1997 2044 2008 ευ

1777 1993 1798 2011 η

389 2019 502 2052 των
558 1993 816 2066 πολλῶν,
868 1995 959 2049 καὶ
1013 1991 1335 2049 ἀλλοκότων
1395 1998 1718 2070 συναγωγεῖ,
1777 1993 1810 2048 ἃ
1867 1992 1919 2048 ἐν
1978 1997 2058 2066 τῷ

393 2086 515 2140 κατ’
554 2084 764 2139 ἐκείνου
824 2082 979 2157 λόγῳ
1027 2081 1353 2158 συνήθροισέ
1396 2103 1479 2152 τε,
1526 2083 1616 2138 καὶ
1666 2084 2058 2160 συνεγράψατο,

405 2172 572 2245 δηλοῖ
595 2193 655 2229 τε
686 2169 778 2228 διά
805 2193 970 2227 τινων
1012 2176 1092 2244 τῷ
1136 2169 1291 2248 ἀνδρὶ
1324 2171 1649 2228 ἀπείπασθαι
1695 2173 1795 2241 τὴν
1823 2193 2060 2246 ποιμαν-

409 2265 585 2332 τικὴν,
609 2262 686 2316 ἶν’
736 2261 874 2316 ἑκὼν
924 2259 1076 2317 δοκεῖ
1116 2263 1518 2337 παραιτεῖσθαι,
1567 2262 1642 2324 ὡς
1675 2261 1720 2316 εἷ
1757 2265 1832 2335 μή
1872 2267 2058 2330 τοῦτο,

411 2353 504 2407 καὶ
579 2352 715 2407 ᾰκων
797 2351 969 2420 αὐτὴν
1054 2351 1498 2426 ἀφαιρεθήσεται,
1559 2351 1638 2413 εἷς
1719 2351 1882 2423 μέσον
1941 2351 2058 2406 κατ’

408 2442 576 2497 αὐτοῦ
604 2439 1002 2514 προτιθεμένων
1038 2441 1393 2514 αἰτιαμάτων.
1421 2442 1625 2498 Deinde
1643 2443 1716 2498 de
1746 2442 2060 2512 abrogando

401 2535 503 2588 illi
523 2533 913 2604 patriarchatu
942 2533 1226 2605 cogitans,
1267 2548 1428 2605 opere
1457 2531 1818 2604 quorumdam
1848 2533 2063 2604 episco-

390 2638 600 2694 porum
630 2623 832 2685 utitur,
863 2623 914 2676 et
943 2621 1135 2687 Pselli,
1159 2623 1449 2677 variarum
1476 2625 1528 2676 et
1557 2621 1942 2677 absurdarum
1956 2621 2061 2675 cri-

397 2712 785 2766 minationum
813 2711 1232 2778 coacervatoris,
1273 2727 1408 2782 quas
1452 2712 1514 2766 in
1555 2711 1817 2767 Oratione
1868 2715 2064 2766 contra

397 2799 574 2856 illum
621 2801 830 2870 scripta
874 2801 1198 2868 congressit,
1223 2803 1278 2854 et
1323 2816 1420 2872 per
1450 2800 1714 2871 quosdam
1743 2801 1864 2855 viro
1893 2800 2066 2869 signi-

393 2891 532 2961 ficat
564 2897 619 2944 ut
646 2887 878 2944 simulet
901 2904 962 2944 se
989 2889 1137 2944 ultro
1173 2889 1503 2960 pontiﬁcatu
1521 2889 1706 2945 cedere
1735 2904 1894 2959 quem
1921 2889 2062 2944 alio-

395 2981 539 3052 quin
575 2980 786 3034 invitus
815 2993 942 3034 cum
968 2978 1194 3050 publica
1216 2980 1458 3050 infamia
1484 2980 1558 3034 sit
1587 2979 1919 3034 amissurus.

473 3069 594 3140 [18]
626 3067 809 3123 XXV.
843 3066 1086 3139 Diogeni
1118 3069 1457 3140 imperatori
1503 3068 1794 3134 infensus,
1839 3066 2066 3138 primus

396 3160 530 3229 ipse
565 3157 722 3212 inter
753 3161 1138 3224 senatores,et
1165 3157 1426 3212 Joannes
1448 3157 1722 3225 Cessat-,et
1742 3156 2064 3222 lilii,Eudo-

398 3247 554 3303 ciam
576 3245 1014 3318 imperatricem
1040 3247 1097 3300 in
1124 3246 1546 3301 monasterium
1563 3246 1737 3300 trudu
1750 3249 1831 3313 nt;
1857 3245 2066 3300 Micha-

2166 659 2508 730 frugiferam
2539 658 2672 726 sibi,
2706 663 2764 713 et
2819 657 2951 714 aliis
2984 658 3347 728 diligentiam
3383 666 3686 731 expertus,
3731 680 3824 718 ex-

2164 748 2342 804 traxit
2364 747 2655 803 malorum
2680 746 2907 804 radices
2932 766 2946 817 ;
2969 748 3040 803 de
3063 752 3272 804 natura
3294 754 3352 804 et
3373 751 3549 806 rebus
3571 752 3821 808 occultis

2166 837 2386 908 optime
2419 836 2710 909 planeque
2762 837 3064 906 disseruit,
3112 839 3271 908 quod
3315 854 3516 894 verum
3553 844 3611 894 et
3660 842 3818 913 quod

2167 927 2384 982 falsum
2417 931 2507 982 est
2536 925 2594 980 in
2627 926 2909 995 oratione,
2943 926 3196 998 aperuit,
3228 927 3603 1000 summisque
3632 929 3820 1002 impe-

2167 1017 2463 1072 ratoribus
2491 1015 2602 1071 fuit
2629 1021 2688 1070 et
2716 1016 2948 1071 vivendi
2983 1019 3327 1088 praeceptor,
3361 1020 3419 1072 et
3461 1017 3714 1074 dicendi.
3740 1020 3823 1074 Ad

2168 1105 2396 1161 labores
2427 1105 2698 1178 impiger,
2733 1105 2833 1160 diu
2868 1110 3163 1177 noctuque
3194 1110 3295 1161 aut
3313 1105 3537 1178 aliquid
3565 1109 3823 1164 conscri-

2169 1196 2386 1263 bendo,
2419 1201 2520 1250 aut
2558 1195 2826 1267 legendo,
2848 1199 3085 1266 tempus
3113 1194 3456 1252 insumebat
3488 1213 3502 1252 :
3536 1213 3640 1252 nec
3670 1197 3824 1253 vires

2169 1289 2621 1353 consenuerant,
2654 1301 2758 1340 nec
2789 1285 3079 1340 defecerat
3109 1284 3365 1340 animus.
3399 1285 3468 1340 Et
3497 1303 3630 1341 cum
3689 1303 3822 1342 mu-

2168 1391 2282 1429 nus
2335 1373 2628 1445 optimum
2685 1373 3354 1446 fructuosissimumque
3411 1376 3569 1446 quod
3631 1376 3826 1446 possit

2169 1463 2360 1518 afferri
2384 1463 2774 1536 principibus,
2801 1463 2943 1518 illud
2960 1479 3092 1519 esse
3111 1463 3555 1534 exsitimaret,si
3575 1466 3826 1522 docean-

2166 1559 2266 1609 tur
2295 1559 2472 1625 atque
2501 1553 2866 1620 erudiuntur,
2892 1569 3129 1608 summa
3159 1569 3266 1624 ope
3299 1554 3687 1621 nitebatur,ut
3711 1556 3823 1610 Mi-

2169 1643 2428 1698 cbaelem
2479 1642 2696 1698 Ducam
2750 1643 3067 1698 instrueret
3099 1643 3388 1714 bonisque
3439 1644 3705 1700 moribus
3733 1646 3826 1700 in-

2170 1732 2470 1788 formaret.
2520 1734 2643 1798 Quo
2693 1732 2826 1804 quis
2878 1736 3072 1803 potest
3117 1731 3177 1786 in
3225 1733 3344 1786 vita
3391 1731 3677 1803 humana,
3737 1733 3826 1788 vel

2169 1821 2502 1876 desiderare
2535 1820 2770 1889 melius,
2802 1819 2890 1876 vel
2941 1825 3144 1891 optare
3193 1821 3606 1891 prastantius?
3655 1821 3826 1878 Coer-

2169 1911 2354 1967 cenda
2382 1914 2472 1966 est
2506 1910 2840 1982 principum
2861 1909 3066 1975 libido,
3108 1910 3611 1982 refrenendusque
3641 1911 3822 1980 furor,

2168 2016 2356 2072 neque
2387 1999 2502 2055 alia
2525 1999 2616 2055 via
2637 2000 2694 2054 id
2724 1999 3532 2071 consequipossumusquam
3557 2001 3828 2056 doctrina

2168 2093 2225 2144 et
2255 2089 2603 2144 eruditione.
2632 2088 2901 2144 Hominis
2933 2089 3112 2143 decus
3137 2093 3228 2145 est
3249 2087 3574 2161 ingenium,
3600 2089 3824 2161 ingenii

2167 2178 2366 2234 lumen
2400 2177 2756 2249 eloquentia,
2799 2176 3146 2248 eloquentiae
3179 2179 3398 2233 candor
3429 2177 3826 2250 philosophia,

2169 2267 2556 2340 philosophiae
2618 2267 2830 2322 rectrix
2879 2283 2944 2321 ac
2995 2267 3279 2338 magistra
3310 2266 3522 2338 pietas,
3555 2285 3681 2340 qua:
3712 2268 3829 2324 nisi

2171 2361 2591 2430 praeceptorum
2625 2356 2868 2412 monitis
2900 2355 3199 2424 fulciatur,
3252 2355 3311 2411 in
3363 2356 3708 2428 ignorantiae
3739 2363 3822 2413 te-

2171 2447 2386 2502 nebras
2417 2446 2710 2518 prolapsa,
2746 2445 2979 2500 ruinam
3013 2445 3171 2501 facit.

2241 2535 2477 2591 XXVII.
2510 2535 2635 2590 Non
2685 2533 2875 2606 potuit
2917 2539 3114 2589 tamen
3165 2535 3419 2606 ell‘ugere
3467 2533 3828 2592 calumniam

2171 2631 2402 2680 Zonaras
2434 2623 2536 2678 lib.
2575 2640 2659 2678 III.
2692 2623 2896 2678 Annal.
2932 2639 2944 2678 :
2981 2621 3078 2676 Καὶ
3124 2622 3188 2692 ἧν
3220 2626 3328 2676 τῶν
3370 2621 3671 2698 ἀνθρώπων
3707 2621 3830 2677 σόν-

2169 2733 2406 2789 τριμμα,
2440 2711 2528 2766 καὶ
2578 2709 2946 2787 ταλαιπωρία,
2981 2713 3091 2785 [19]
3146 2711 3236 2766 καὶ
3270 2713 3298 2766 6
3339 2710 3549 2766 τούτων
3584 2711 3831 2788 ἐπιπρε-

2173 2803 2410 2882 φόμενος
2481 2798 2747 2873 οὐδαμοῦ.
2802 2802 2859 2853 Ὁ
2913 2800 3017 2875 γὰρ
3082 2798 3340 2876 βασιλεὺς
3401 2797 3828 2876 παιδαριώδεσιν

2174 2890 2442 2966 ἐσχόλαζε
2497 2889 2717 2960 πράξεσι
2777 2893 2873 2944 τοῦ
2933 2887 3139 2944 ὑπάτου
3199 2894 3306 2944 τῶν
3366 2888 3684 2968 φιλοσόφων
3735 2888 3826 2944 καὶ

2178 2979 2479 3055 ὑπερτίμου
2528 2975 2759 3054 Μιχαὴλ
2806 2981 2903 3032 τοῦ
2953 2977 3202 3049 Ψελλοῦ,
3263 2977 3453 3056 λόγοις
3508 2983 3589 3052 τῷ
3647 2976 3826 3034 δοκεῖν

2174 3069 2333 3124 αὐτὸν
2384 3062 2801 3141 ἐμϐιϐάζοντος,
2851 3067 2942 3122 καὶ
2987 3064 3360 3140 διδάσκοντος,
3418 3072 3508 3122 νῦν
3573 3069 3666 3142 μὲν
3724 3070 3826 3138 τὴν

2172 3158 2561 3234 γραμματικὴν
2593 3155 2812 3231 τέχνην,
2850 3155 2939 3210 καὶ
2993 3157 3181 3231 μέτρα,
3212 3157 3302 3211 καὶ
3359 3154 3698 3225 διαλέκτους,
3740 3161 3830 3211 νῦν

2177 3246 2222 3302 δ’
2256 3247 2342 3301 ἵνα
2370 3246 2507 3301 κατᾶ
2536 3245 2772 3322 ῥήτορας
2798 3242 3136 3319 διαλέγοιτο,
3169 3250 3260 3300 νῦν
3295 3243 3342 3300 δ’
3371 3247 3637 3320 ἱστορίαις
3667 3245 3826 3300 αὐτὸν

395 3337 554 3393 clem
611 3334 834 3391 Ducam
859 3335 1278 3406 imperatorem
1311 3334 1703 3403 denuntiant;
1739 3334 2058 3407 Diogenem

2182 3319 2615 3413 προσεθίζοντος.
2673 3319 2912 3392 ίἈλλοτε
2971 3333 3027 3391 δὲ
3085 3331 3401 3414 φιλοσόφων
3459 3319 3831 3413 θεωρημάτων

390 3428 526 3499 jam
554 3428 943 3480 revertentem
979 3424 1226 3496 imperio
1255 3424 1795 3492 abdicant,auctore
1817 3429 1874 3480 et
1903 3423 2065 3494 adju-

396 3522 527 3570 tore
558 3511 942 3569 consiliorum
977 3514 1182 3568 eodem
1216 3512 1775 3579 Psello.Zonaras,in
1803 3513 2065 3569 Romano

398 3605 667 3675 Diogene
702 3619 716 3656 :
749 3601 812 3656 Ὁ
869 3603 1000 3676 γοῦν
1065 3604 1269 3675 Καῖσαρ
1319 3598 1577 3670 Ἰωάννης
1635 3599 1724 3654 καὶ
1757 3601 1808 3654 οἱ
1861 3599 2066 3655 ἐκείνου

406 3691 520 3746 υἱοὶ
550 3690 654 3761 ἀεὶ,
692 3689 769 3752 ὡς
819 3687 1055 3764 ε’ίρῃται,
1103 3688 1449 3764 ἐγκοτοὒντεε
1497 3693 1576 3761 τῷ
1627 3690 1862 3766 Διογὲνει
1901 3688 2090 3764 ἁρπάιο

416 3786 565 3850 ζουσι
594 3780 686 3836 τὸν
719 3779 932 3854 καιρὸν,
965 3778 1057 3834 καὶ
1081 3773 1524 3854 προσλαϐόμενοι
1549 3782 1658 3832 τῶν
1686 3785 1786 3848 τῆς
1818 3776 2066 3853 συγκλή-

405 3891 505 3926 του
564 3869 756 3937 ἐνίους,
818 3869 938 3923 ὅσοι
997 3868 1357 3946 ὡμοφρὸνουν
1417 3868 1706 3936 αὑτοῖς,ὧν
1763 3867 1986 3944 ἐξῆρχεν
2037 3869 2066 3923 ὁ

405 3960 712 4034 ὗπέρτιμος
781 3956 1028 4025 Ψελλὸς,
1086 3957 1274 4021 ύσνους
1322 3957 1412 4012 καὶ
1477 3959 1639 4020 αὐτὸς
1687 3963 1766 4031 τῷ
1825 3957 2063 4033 Διογένει

408 4049 723 4124 τυγχάνων,
776 4049 879 4116 τήν
941 4045 1268 4104 Βασίλισσαν
1331 4042 1601 4103 Εὐδνκίαν
1657 4045 1734 4108 εἷς
1785 4048 1882 4116 τήν
1939 4047 2066 4119 παρ’

415 4137 591 4206 αὐτῆς
623 4134 946 4211 δομηθεῖσαν
1004 4137 1176 4210 μονὴν
1205 4137 1339 4191 κατὰ
1388 4137 1460 4190 ὧν
1493 4137 1584 4190 τὸν
1632 4135 1683 4190 ἐν
1715 4140 1783 4210 τῇ
1819 4142 2066 4211 Προπον-

407 4225 519 4283 τέδι
547 4227 793 4303 πορθμὸν
845 4224 1278 4303 περιορίζουσιν,
1328 4226 1420 4281 τὸν
1475 4223 1532 4280 δὲ
1576 4225 1809 4301 Μιχαὴλ
1861 4225 2068 4296 ἀνακη-

401 4317 692 4394 ρῦττουσιν
743 4314 1142 4392 αὐτοκράτορα,
1184 4323 1294 4384 etc,
1335 4318 1573 4374 Joannes
1631 4319 1804 4389 igitur
1863 4317 2063 4386 Caesar,

400 4412 628 4481 eiusque
656 4409 791 4479 ﬁlii,
825 4409 1062 4479 Diogeni
1089 4423 1326 4477 semper,
1358 4411 1416 4462 ut
1449 4407 1665 4462 dictum
1719 4415 1817 4475 est,
1850 4409 2065 4478 infesti,

399 4503 637 4572 arrepta
665 4499 966 4568 occasione,
997 4497 1330 4571 quibusdam
1358 4499 1530 4553 etiam
1557 4513 1630 4552 ea:
1656 4501 1850 4553 senatu
1876 4499 1968 4552 sui
1983 4499 2070 4567 fa.

399 4593 634 4656 cinoris,
665 4604 902 4660 quorum
938 4588 1153 4645 Psellus
1183 4590 1270 4642 vir
1310 4588 1771 4643 honoratissimus
1807 4589 2068 4658 princeps

2175 3427 2471 3502 ἀκροᾶσθαι
2529 3425 3050 3500 παρασκευάζοντος.
3112 3425 3173 3482 Ὀ
3232 3424 3290 3480 δὲ
3344 3425 3482 3502 πρὸς
3533 3423 3687 3481 οὐδὲν
3736 3426 3831 3481 ἐπ-

2177 3515 2381 3595 εφύκει.
2434 3515 2659 3576 Τούτοις
2715 3515 2806 3569 οὗν
2855 3516 2883 3569 6
2930 3515 3216 3588 Ῥωμαίων
3267 3515 3618 3592 αὐτοκράτωρ
3665 3536 3834 3592 προσ-

2175 3605 2444 3676 τετηκὼς,
2506 3605 2594 3680 ὑφ’
2637 3600 2820 3680 ἕτερον
2881 3604 2969 3658 καὶ
3029 3607 3219 3658 τοῦτον
3272 3602 3363 3658 ἕνα
3402 3603 3495 3658 τὸν
3556 3608 3664 3658 τῶν
3715 3625 3834 3659 και-

2176 3699 2281 3749 νῶν
2335 3688 2658 3769 κυϐέρνησιν
2708 3692 3026 3764 ἐποιήσατο,
3066 3693 3156 3748 καὶ
3205 3692 3377 3765 νόμος
3405 3692 3472 3762 ἦν
3525 3693 3587 3748 τὸ
3615 3697 3696 3766 τῷ
3725 3700 3831 3748 Λο-

2176 3785 2374 3859 γοθέτῃ
2406 3781 2623 3838 δοκοῦν.
2685 3785 2943 3840 Homines
2999 3784 3402 3854 atterebantur,
3453 3793 3506 3840 et
3562 3787 3830 3840 arumnis

2174 3875 2608 3947 premebantur:
2625 3876 2675 3928 et
2704 3889 2864 3928 nemo
2893 3878 3034 3943 erat,
3059 3875 3155 3928 cui
3181 3874 3284 3928 illa
3309 3889 3457 3929 curae
3485 3874 3830 3929 essent.Nam

2177 3965 2487 4032 imperator
2537 3960 2854 4033 puerilibus
2902 3961 3063 4016 rebus
3119 3971 3428 4033 occupatus,
3477 3979 3511 4017 a
3580 3962 3832 4034 principe

2175 4051 2648 4125 philosophorum,
2682 4054 2732 4106 et
2771 4052 3199 4106 honoratissimo
3243 4051 3520 4107 Michaele
3553 4051 3730 4108 Psello
3760 4052 3830 4106 ad

2177 4145 2497 4198 litterarum
2527 4140 2713 4196 studia
2742 4140 2938 4196 deduci
2967 4141 3291 4203 videbatur;
3325 4157 3389 4196 ac
3429 4142 3588 4198 modo
3616 4143 3676 4196 in
3706 4147 3832 4197 arte

2175 4233 2544 4304 grammatica
2574 4231 2841 4297 versibus,
2877 4231 2936 4284 in
2983 4229 3310 4299 linguarum
3340 4231 3672 4302 diﬁerentiis
3701 4247 3829 4287 eru-

2176 4323 2448 4388 diebatur,
2477 4320 2634 4376 modo
2663 4319 3166 4376 declamationibus
3196 4321 3509 4390 rethoricis,
3551 4320 3710 4377 modo
3739 4321 3831 4376 hi-

2177 4413 2362 4467 storiis
2417 4410 2764 4482 assueﬁebat,
2815 4409 2971 4466 modo
3027 4411 3102 4466 ad
3129 4410 3415 4467 audienda
3443 4410 3832 4483 philosophica

2173 4510 2449 4574 pracepta
2478 4501 2804 4572 parabatur,
2837 4503 3091 4572 quamvis
3129 4500 3200 4556 ad
3228 4503 3340 4557 haec
3369 4502 3559 4558 omnia
3589 4502 3830 4572 ineptus.

2180 4589 2516 4662 ltujusmodi
2570 4591 2746 4660 igitur
2798 4589 3000 4645 studiis
3078 4591 3447 4646 Romanorum
3527 4592 3837 4662 imperator

403 4683 551 4749 erat,
579 4683 635 4735 et
658 4680 774 4749 ipse
805 4679 1066 4746 Diogenis
1084 4677 1367 4746 inimicus,
1393 4675 1682 4744 adhibitis,
1717 4677 2072 4747 imperatrice
2106 4697 2150 4760 Ι)
2180 4680 2410 4749 afﬁxus,
2471 4693 2654 4733 rerum
2704 4677 3250 4733 administrationem
3305 4678 3488 4748 atteri,
3535 4679 3691 4749 eique
3735 4678 3840 4731 uni

405 4769 661 4827 Budocia
692 4770 750 4823 in
781 4768 1138 4834 monasterio,
1171 4766 1313 4838 quod
1335 4769 1462 4838 ipsa
1491 4767 1646 4822 circa
1671 4767 1885 4837 fretum
1925 4768 2070 4823 Pro-

403 4858 651 4931 pontidis
680 4861 985 4926 struxerat,
1017 4856 1286 4926 relegata,
1318 4853 1643 4912 Miehaelem
1685 4856 2073 4927 imperatorem

407 4949 683 5021 appellat.

484 5037 683 5093 XXVI.
717 5037 770 5092 A
801 5052 982 5108 puero
1015 5036 1214 5107 itaque
1243 5033 1566 5091 liberaliter
1595 5035 1905 5103 educatus,
1951 5033 2072 5089 ani-

409 5144 512 5184 mo
560 5127 720 5182 circa
769 5131 925 5183 artes
975 5125 1396 5198 doctrinaeque
1447 5125 1757 5197 gestiente,
1819 5125 2068 5191 fructus,

407 5233 564 5289 quos
597 5215 670 5272 ab
719 5215 806 5272 eis
864 5215 1192 5287 expetebat,
1243 5214 1556 5287 decerpsit,
1607 5231 1724 5270 non
1755 5215 1958 5270 breves
1991 5218 2072 5269 at-

409 5322 530 5378 que
558 5305 837 5369 incertos,
869 5305 969 5360 sed
1014 5304 1225 5360 uberes
1247 5307 1307 5359 et
1344 5303 1746 5376 tempestivos.
1783 5301 2070 5374 Eloquen-

410 5397 560 5451 tiam
594 5395 776 5462 enim,
809 5393 1109 5449 horridam
1142 5397 1286 5448 tunc
1333 5397 1392 5450 et
1433 5392 1742 5460 incultam,
1793 5391 2070 5461 excoluit,

409 5501 522 5540 nec
554 5485 626 5540 ad
661 5483 978 5557 perniciem
1011 5487 1070 5538 et
1097 5486 1322 5554 pestem
1371 5482 1677 5553 convertit,
1709 5482 1810 5538 sed
1864 5483 1937 5537 ad
1977 5499 2071 5538 sa-

409 5575 625 5631 lutem.
675 5573 937 5629 Tandem
983 5571 1440 5644 philosophandi
1500 5573 1786 5628 rationem
1834 5587 2071 5628 omnem

486 5719 568 5791 (n)
601 5718 729 5791 Non
761 5715 1479 5791 adeo_reprehenden_dum
1503 5720 1735 5791 Zonaras
1753 5714 2069 5791 judicium,

413 5792 466 5848 si
494 5786 838 5848 studiorum
898 5786 1123 5844 deliciis
1179 5790 1260 5845 ita
1317 5788 1429 5845 fuit
1485 5788 1727 5845 edoctus
1765 5787 2074 5861 indulgere

2179 4768 2474 4836 commisit,
2516 4774 2578 4823 ut
2631 4768 2763 4839 legis
2793 4767 3180 4823 auctoritatem
3210 4767 3453 4833 haberet,
3484 4765 3626 4836 quod
3666 4766 3834 4835 Logo-

2178 4858 2345 4914 theta:
2375 4860 2557 4913 visum
2585 4862 2748 4912 esset.
2783 4857 2852 4911 Et
2879 4855 3128 4911 inferius
3163 4873 3175 4911 :
3212 4856 3456 4924 Μήτινος
3481 4850 3539 4907 δὲ
3567 4872 3835 4927 προνοου-

2183 4945 2348 5020 μένου
2377 4949 2484 5000 τῶν
2531 4948 2686 5018 κοινῇ
2735 4942 3144 5020 συμφερόντων,
3197 4943 3225 4997 6
3273 4944 3374 5018 γὰρ
3428 4940 3680 5017 βασιλεὺς
3710 4941 3835 5017 περί

2183 5032 2380 5107 λόγους
2430 5031 2744 5107 ἡσχόλητο,
2788 5033 2882 5086 καὶ
2929 5025 3164 5104 ἰάμϐους
3214 5029 3512 5094 συντιθέναι
3565 5030 3701 5104 πρὸς
3738 5034 3836 5085 τοῦ

2181 5121 2408 5178 Ψελλοῦ
2455 5119 2788 5190 ἐδιδάηετο,
2842 5117 3080 5176 σιτοδεία
3124 5121 3252 5183 τοὺς
3297 5119 3349 5175 ἐν
3397 5119 3557 5175 πόλει
3608 5119 3834 5189 ἐπίεζεν.

2181 5215 2408 5271 Nenime
2434 5221 2622 5269 autem
2653 5214 2856 5269 bonum
2883 5213 3170 5284 publicum
3199 5217 3451 5284 curante,
3490 5229 3623 5269 nam
3662 5211 3835 5284 impe‘

2181 5314 2337 5361 rator
2386 5305 2594 5361 studiis
2629 5321 2850 5370 vacans,
2885 5304 3095 5360 iambos
3122 5291 3364 5360 scribere
3394 5320 3430 5359 a
3466 5303 3644 5360 Psello
3681 5303 3836 5359 doce-

2183 5395 2364 5466 batur,
2398 5395 2642 5450 urbanos
2665 5408 2899 5449 annonae
2952 5395 3192 5464 penuria
3226 5408 3480 5466 premere
3524 5393 3702 5465 ca’pit.
3755 5393 3841 5448 Ita

2183 5484 2264 5540 nil
2297 5488 2416 5539 tam
2449 5487 2719 5540 sanctum
2744 5483 2824 5554 (η)
2847 5486 2956 5550 est,
2982 5483 3137 5554 quod
3161 5482 3704 5542 calumniatentare
3723 5498 3842 5536 non

2182 5576 2416 5641 audeat,
2463 5579 2520 5629 et
2569 5573 2724 5644 quod
2757 5571 2930 5627 laude
2963 5573 3210 5645 dignum
3243 5579 3351 5641 est,
3401 5590 3470 5630 ex
3497 5571 3842 5653 improviso,

2180 5717 2481 5846 princeps,
2515 5720 2582 5772 ut
2607 5714 2722 5770 illis
2755 5713 3023 5771 intentus
3055 5715 3283 5789 imperii
3317 5732 3516 5773 curam
3569 5714 3699 5769 allis
3755 5728 3847 5766 rc-

2206 5791 2502 5846 moueret.

2206 5791 2348 5862 inqu
2363 5794 2502 5847 oret.
