4122 6400
295 411 415 470 495

1687 403 1966 466 LEONIS
2015 404 2329 466 ALLATII

3601 403 3723 464 496

295 538 822 612 fraudulenterque
878 538 1148 611 irrepens
1193 537 1391 594 nescio
1441 537 1578 608 quis
1635 535 1954 592 criminose
1983 539 2038 603 Α
2067 551 2132 590 co
2166 553 2179 590 :
2213 539 2271 592 et
2296 536 2554 592 Zonoras
2583 533 2730 592 locis
2759 551 2943 607 supra
2977 533 3274 601 adductis,
3307 537 3365 590 et
3392 534 3452 590 in
3499 534 3721 590 lsaacio

295 629 600 684 dilacerat.
635 628 700 683 Et
731 629 1036 684 hominum
1069 629 1246 684 turba
1295 644 1446 684 caeca
1492 626 1674 682 veluti
1708 624 1947 680 oraculo

297 717 549 790 plaudit,
583 717 800 774 misera
832 734 996 786 sane,
1031 719 1298 788 duraque
1347 714 1948 788 prudentissimorum

296 807 605 862 hominum
638 807 990 862 conditione.
1023 807 1144 861 Sub
1167 806 1299 861 aliis
1331 807 1470 862 item
1495 803 1951 876 imperatoribus

300 896 632 951 Graecorum
675 895 920 967 imperio
945 897 1074 967 jam
1107 902 1468 964 senescente,
1511 893 1698 949 doctri
1739 893 1953 963 nisque

301 984 579 1040 omnibus
611 984 670 1039 in
703 985 1031 1040 barbariem
1063 984 1460 1048 commutatis,
1495 1000 1652 1052 cum,
1686 981 1828 1053 proh
1847 981 1951 1035 do-

283 1072 420 1129 .lorl
451 1073 661 1128 inertia
692 1089 795 1145 pro
825 1073 1118 1146 sapientia
1148 1077 1272 1129 erat
1292 1073 1470 1128 vitam
1502 1072 1628 1144 ipse
1657 1071 1810 1125 fama
1832 1067 1954 1125 cla-

306 1162 583 1218 rissimus
638 1163 946 1232 transegit,
999 1162 1304 1234 jucundus
1366 1159 1594 1229 amicis,
1645 1158 1958 1232 egentibus

310 1251 494 1319 utilis,
527 1252 807 1308 omnibus
836 1251 1090 1323 denique
1113 1251 1350 1307 charus.

379 1340 633 1397 XXVIII.
654 1339 819 1396 Illius
836 1345 1054 1396 tamem
1079 1338 1216 1394 ﬁdei
1239 1355 1502 1405 causam,
1527 1337 1960 1393 defensionem-

307 1447 422 1502 que
454 1445 569 1485 non
595 1428 981 1500 susceperim,
999 1428 1070 1496 si,
1106 1445 1232 1500 quae
1256 1429 1327 1483 de
1349 1443 1414 1482 eo
1430 1426 1724 1498 Josephus
1747 1425 1962 1480 Metho-

306 1517 507 1574 ncnsis
533 1517 846 1590 episcopus
869 1516 1140 1589 apologia
1157 1516 1629 1572 contraMarcum
1649 1514 1962 1586 Ephesium

304 1607 504 1677 tradit,
533 1623 668 1662 vera
699 1611 859 1662 sunt.
895 1606 1068 1662 Illum
1099 1606 1254 1661 enim
1286 1609 1640 1660 annumerat
1670 1603 1962 1658 schisma-

305 1696 439 1752 ticis
462 1695 689 1765 Photio,
712 1695 1016 1762 Cabasila,
1040 1693 1314 1761 Palamae,
1339 1698 1662 1760 Camatero,
1687 1691 1961 1759 Phurnio,

308 1784 756 1852 Moschambari,
778 1781 1340 1856 Bulgariae,Nicolao
1364 1782 1754 1852 Methoncnsi,
1779 1787 1835 1836 et
1857 1785 1962 1834 Pa-

2057 623 2377 691 Comneno,
2433 621 2617 685 Πολὺς
2649 623 2748 691 τὴν
2810 623 3058 699 γλῶτταν
3115 622 3143 676 ὁ
3201 623 3515 698 σοφώτατος
3567 620 3719 677 Ψελ-

2059 710 2178 772 λός.
2212 713 2342 768 Vim
2377 714 2656 769 dictionis
2687 730 2822 769 cum
2842 730 2956 768 non
2989 711 3376 768 intellexisset
3408 714 3722 783 interpres,

2059 798 2233 854 πολὺ,
2284 801 2384 869 τὴν
2423 799 2695 876 γλῶτταν,
2752 803 3039 858 uerbosum
3086 801 3362 857 reddidit.
3395 804 3591 874 Apage
3633 817 3727 857 sa-

2061 891 2496 963 pientissimum
2529 892 2735 955 istum,
2768 892 2818 947 si
2879 891 3179 947 verbosus
3211 895 3320 954 est.
3379 890 3561 945 Graeci
3588 907 3725 945 cum

2063 981 2482 1037 admirandum
2513 980 2794 1052 aliquem,
2818 996 2926 1035 nec
2955 997 3090 1035 cum
3116 979 3463 1051 vulgaribus
3486 995 3724 1050 compa-

2065 1070 2314 1124 randum
2347 1069 2626 1140 innuunt,
2659 1069 2911 1125 dictione
2940 1068 3037 1124 illa
3059 1066 3234 1129 πολὺς
3275 1073 3544 1124 utuntur.
3583 1069 3727 1122 Hinc

2067 1159 2376 1230 aptissime
2396 1160 2642 1229 diceres,
2662 1163 2719 1214 et
2736 1159 2807 1214 ad
2835 1160 3033 1214 Atticm
3055 1158 3403 1230 eloquentiae
3431 1173 3728 1225 normam,

2069 1245 2253 1308 Πολὺς
2283 1247 2350 1301 τὰ
2381 1252 2495 1310 θεῖα
2516 1248 3063 1322 Γρηγόριος,ε.τὶιηὶθ
3090 1257 3310 1303 sanctus
3331 1247 3404 1319 (ο)
3438 1246 3729 1318 Gregorius

2075 1335 2253 1398 Πολὺς
2284 1337 2384 1404 τήν
2415 1335 2560 1390 Θείαν
2595 1338 2814 1412 Γραφῆν
2867 1336 3112 1394 Michael
3154 1336 3504 1401 Ghislerius,
3551 1336 3726 1391 Disci-

2066 1428 2228 1499 plina
2255 1443 2446 1482 rerum
2475 1429 2800 1482 divinarum
2818 1427 3320 1494 eruditissimus,et
3341 1427 3730 1496 ingenio,pru-

2069 1517 2363 1587 dentiaque
2393 1519 2454 1571 in
2480 1518 2662 1572 sacris
2692 1517 2916 1572 Litteris
2936 1514 3273 1587 exponendis
3318 1517 3724 1572 accutissimus.

2073 1602 2250 1665 Πολὺς
2279 1605 2380 1670 τὴν
2426 1601 2750 1681 φιλοσοφίαν
2799 1605 3116 1660 Fortunius
3169 1603 3418 1660 Licetus.
3459 1605 3600 1668 Illis,
3633 1606 3732 1676 qui

2071 1694 2142 1748 ad
2197 1694 2606 1765 philosophiam
2660 1698 2938 1766 spectant,
2992 1709 3161 1765 quam
3205 1695 3453 1749 maxime
3480 1696 3676 1760 potens
3709 1711 3730 1746 :

2069 1786 2234 1854 pauci
2257 1789 2319 1837 ut
2340 1785 2451 1839 sint
2473 1785 2572 1855 qui
2608 1785 2774 1839 tantis
2805 1782 2919 1856 [21]
2943 1783 3312 1855 philosophiae
3337 1782 3554 1838 dotibus
3580 1797 3728 1855 pra?-

307 1879 532 1944 nareto,
565 1874 667 1946 qui
690 1873 842 1929 dicto
875 1877 931 1929 ct
952 1874 1169 1944 scripto
1192 1872 1430 1928 Lainam
1456 1871 1775 1927 Ecclesiam
1807 1870 1962 1925 inse-

2082 1873 2180 1928 iiti
2202 1874 2332 1927 sint.
2370 1869 2549 1932 Πολὺς
2580 1871 2646 1925 τὰ
2675 1871 3034 1944 μαθηματικὰ
3053 1872 3258 1928 Petrus
3281 1871 3644 1940 Gassendus,
3670 1873 3734 1927 in

309 1964 447 2020 ctati
481 1970 639 2019 sunt.
676 1960 771 2017 Καὶ
803 1960 865 2015 σὺ
903 1961 996 2033 μὲν
1027 1961 1326 2037 συνήφθης,
1361 1960 1434 2021 ὡς
1467 1960 1598 2034 φὴς,
1629 1962 1746 2020 τοῖς
1791 1956 1965 2031 ἁγίοις

311 2073 406 2106 σου
463 2051 758 2124 Ηατράσιν,
817 2049 905 2104 καὶ
974 2046 1324 2110 διδασκάλοις
1383 2046 1585 2120 Φωτίῳ
1636 2051 1715 2118 τῷ
1762 2046 1966 2121 πρώτῳ

313 2143 683 2214 σχισματικῷ,
723 2137 935 2211 μᾶλλον
963 2135 1019 2192 δὲ
1048 2137 1353 2212 αὐτουργῷ,
1380 2140 1492 2210 [20]
1523 2137 1612 2190 καὶ
1645 2134 1968 2211 δημιουργῷ

308 2233 406 2283 τοῦ
437 2226 766 2303 σχίσμα-ξος,
801 2226 892 2281 καὶ
940 2232 1040 2295 τῆς
1072 2224 1406 2297 διαιρέσεως,
1441 2219 1746 2296 Καόασίλᾳ,
1781 2223 1967 2280 Παλαι-

314 2322 408 2390 μᾷ,
493 2320 852 2391 Καματηρῷ,
915 2319 1184 2389 Φουρνῇ,
1245 2313 1476 2387 Ψελλῷ,
1539 2313 1914 2389 ὺίοσχοὶμπαρι
1952 2357 1968 2383 ,

311 2404 635 2482 Βουλγαρίᾳ,
686 2402 952 2477 Νικολάῳ
1008 2407 1293 2476 Μεθώνης,
1347 2405 1659 2479 Παναρὲτῳ,
1710 2404 1798 2458 καὶ
1853 2407 1969 2463 τοῖς

311 2493 531 2557 λοιποῖς
579 2498 695 2555 τοῖς
751 2494 886 2567 μετὰ
934 2495 998 2548 τὸ
1049 2494 1282 2569 σχίσμα,
1331 2493 1421 2548 καὶ
1459 2495 1559 2561 τήν
1611 2490 1830 2562 πολλὴν
1860 2487 1969 2565 ἔριν

309 2585 446 2640 κατὰ
522 2590 623 2652 τῆς
671 2584 990 2656 Ῥωμαῖκῆς
1067 2581 1401 2652 Ἐκκλησίας
1497 2581 1732 2636 εἰποῦσι.
1792 2583 1856 2638 Et
1913 2591 1973 2636 tu

311 2675 554 2746 quidem,
593 2677 653 2728 ut
703 2676 811 2743 ais,
843 2675 1051 2728 sanctis
1099 2675 1212 2728 tuis
1260 2673 1524 2728 Patribus
1561 2689 1625 2726 ac
1653 2672 1971 2727 doctoribus

317 2771 366 2820 te
394 2763 726 2836 adjunxisti,
779 2762 969 2818 Photio
1007 2763 1490 2818 schismaticorum
1540 2763 1811 2832 principi.
1863 2763 1971 2816 imo

315 2869 444 2908 vero
473 2853 706 2918 auctori,
738 2859 792 2907 et
824 2852 1012 2922 opifici
1033 2852 1374 2921 schismatis,
1406 2860 1458 2907 et
1489 2851 1711 2905 dissidii
1747 2866 1758 2904 :
1798 2849 1972 2904 Caba-

317 2943 461 3014 silaz,
495 2941 807 3012 Camatero,
841 2941 1114 3008 Phurnio,
1145 2940 1340 3007 Psello,
1382 2939 1803 3003 Moschambari,
1839 2939 1971 2993 Bul-

315 3035 508 3103 garia,
538 3031 760 3088 Nicolao
794 3031 1158 3100 Methonensi,
1194 3031 1483 3096 Panareto,
1518 3033 1568 3083 et
1617 3029 1832 3085 caeteris
1877 3029 1975 3100 qui

318 3131 440 3195 post
465 3123 728 3189 schisma,
758 3129 808 3177 et
839 3121 1074 3176 multam
1124 3121 1532 3175 contentionem
1563 3119 1621 3173 in
1673 3120 1973 3173 Romanam

315 3213 520 3268 invecti
540 3219 668 3267 sunt
690 3210 1007 3266 Ecclesium.
1043 3209 1194 3264 Sane
1219 3208 1427 3272 Pbotii,
1461 3206 1767 3275 Cabasilae,
1802 3207 1970 3261 Pala-

316 3320 447 3367 mm,
471 3299 692 3357 Nicolai
719 3299 1137 3363 Methonensis,
1161 3299 1530 3369 aliorumque
1552 3297 1609 3350 in
1652 3295 1971 3351 Ecclesium

316 3391 582 3446 Latinam
615 3389 1142 3445 commentationes
1184 3387 1618 3458 nugacissimas
1667 3402 1784 3440 non
1845 3385 1973 3440 sine

318 3479 490 3534 taedio
524 3495 590 3533 ac
623 3476 927 3533 stomacho
961 3475 1094 3548 legi.
1129 3475 1305 3531 Pselli
1329 3474 1586 3530 similem
1622 3473 1974 3544 disputatio-

317 3585 455 3623 nem
489 3567 560 3622 ad
595 3567 753 3621 hunc
785 3565 940 3620 diem
975 3580 1090 3620 non
1123 3563 1360 3629 offendi,
1385 3568 1443 3619 et
1475 3563 1721 3618 fortasse
1753 3579 1857 3617 nec
1879 3561 1977 3616 ille

321 3655 695 3726 conscripsit.
727 3653 1147 3709 Verumtamen
1203 3657 1295 3708 est
1339 3652 1397 3706 in
1455 3653 1810 3722 Expositione
1847 3650 1980 3722 ﬁdei

327 3745 396 3800 ad
423 3742 766 3799 Michaelem
792 3741 1036 3810 Ducam,
1061 3743 1199 3795 dum
1224 3741 1295 3795 de
1327 3739 1700 3812 processione
1722 3739 1978 3811 Spiritus

329 3833 516 3890 sancti
546 3832 725 3888 verba
757 3831 914 3900 facit,
974 3846 1108 3886 eum
1166 3829 1465 3885 allirmare
1509 3844 1578 3884 ex
1628 3828 1752 3884 solo
1813 3828 1979 3884 Patre

328 3923 661 3997 procedere,
689 3938 804 3993 quo
835 3918 923 3976 vel
956 3919 1078 3975 solo
1111 3919 1351 3975 nomine
1383 3917 1543 3973 illius
1583 3919 1642 3973 in
1692 3918 1978 3974 recentio-

324 4029 456 4069 rum
488 4011 821 4068 Graecorum
852 4008 1084 4082 placitis
1117 4009 1544 4080 propugnantis
1577 4006 1982 4078 pertinacia,et

322 4106 393 4159 ad
426 4104 819 4175 pervicaciora
875 4116 1123 4173 quasque
1181 4101 1543 4167 audendum,
1577 4099 1625 4156 si
1657 4101 1888 4156 occasio
1917 4115 1980 4156 se

318 4192 575 4256 tulisset,
608 4192 845 4246 animus
878 4190 1212 4245 innotescit.

396 4280 599 4336 XXIX.
631 4280 893 4335 Tandem
919 4279 1040 4348 jam
1068 4295 1243 4333 senex
1291 4281 1660 4334 exauctorato
1705 4277 1982 4334 Michaele

328 4376 505 4436 Duca,
537 4369 663 4442 ipse
691 4384 925 4441 quoque
957 4385 990 4422 a
1022 4368 1331 4422 Botaniata
1362 4365 1689 4438 Nicephoro
1719 4367 1982 4440 dignita-

319 4459 486 4514 tibus
515 4457 823 4529 spoliatus,
849 4455 1208 4511 monachum
1241 4455 1334 4510 ind
1348 4471 1514 4526 uens,
1539 4455 1730 4510 solum
1760 4460 1983 4512 vertere

325 4552 564 4603 coactus
593 4551 722 4614 est;
758 4563 862 4601 nec
895 4544 1080 4600 multo
1103 4548 1253 4616 post,
1285 4544 1406 4600 sive
1437 4544 1625 4614 senio,
1652 4545 1773 4600 sive
1802 4546 1981 4600 etiam

2079 1962 2241 2017 rebus
2268 1961 2679 2018 mathematicis
2719 1963 3028 2017 tractandis
3056 1963 3400 2032 ingeniosus,
3432 1976 3734 2033 eorumque

2077 2050 2505 2120 difﬁcultatibus
2561 2049 2863 2106 enodandis
2915 2051 3370 2106 consultissimus.
3431 2047 3616 2112 Πολὺς
3669 2046 3740 2103 τὰ

2079 2138 2296 2213 ἰατρικὰ
2343 2138 2573 2195 Gabriel
2628 2139 2942 2205 Naudasus,
3006 2140 3165 2195 rebus
3220 2139 3449 2194 medicis
3497 2140 3742 2193 nimium

2077 2231 2310 2302 pollens,
2337 2227 2582 2284 multum
2613 2233 2881 2295 versatus,
2905 2245 3076 2298 supra
3103 2228 3547 2300 plerosquealios
3577 2244 3742 2283 exer-

2077 2322 2298 2383 citatus,
2332 2319 2509 2373 nimio
2541 2319 2654 2384 iam
2675 2319 2915 2372 imbutus
2937 2334 3041 2373 usu
3081 2319 3388 2373 liberaliter
3415 2319 3729 2372 institutus.

2080 2405 2261 2468 Πολὺς
2317 2406 2416 2474 τήν
2465 2403 2714 2460 παιδείαν
2780 2405 3056 2462 Nicolaus
3123 2405 3402 2462 Villanus.
3460 2407 3749 2463 Praeclara

2079 2497 2397 2551 eruditione
2425 2499 2589 2564 atque
2609 2493 2863 2550 doctrina
2885 2498 3116 2549 ornatus
3150 2509 3164 2548 :
3197 2494 3512 2550 eruditione
3536 2497 3589 2549 et
3637 2495 3744 2563 ﬂo-

2081 2585 2330 2640 rentibus
2348 2583 2553 2639 studtis
2574 2599 2862 2655 nunquam
2874 2599 2984 2638 non
2996 2584 3131 2637 satis
3150 2585 3473 2647 instructus,
3488 2598 3648 2653 magn
3659 2596 3743 2636 us.

2083 2671 2265 2733 Ηολὺς
2286 2672 2383 2741 τήν
2426 2671 2618 2741 ἐπιστή
2631 2692 2763 2743 μην,
2789 2673 3046 2728 Renatus
3069 2673 3325 2739 Moreau,
3355 2673 3416 2726 in
3444 2673 3744 2741 perfectis-

2083 2766 2229 2820 sima
2259 2763 2557 2834 disciplina
2573 2763 3022 2834 probatissimus,
3059 2766 3111 2817 et
3151 2761 3471 2816 incredibili
3500 2761 3742 2832 quadam

2085 2855 2302 2923 ingenii
2352 2851 2736 2924 magnitudine
2781 2851 2850 2906 ad
2881 2867 3234 2922 quascunque
3293 2851 3616 2922 disciplinas
3666 2853 3753 2907 in-

2083 2945 2482 2998 sructissimus.
2513 2936 2697 3000 ΙῙολύς
2737 2941 2834 3008 τὴν
2886 2938 3129 3013 ἲστορίαν
3159 2939 3414 2996 Jacobus
3437 2939 3748 3013 Philippus

2083 3031 2501 3098 Thomasinus,
2535 3029 2613 3084 ad
2639 3029 2960 3085 scribendas
3015 3029 3284 3085 historias
3327 3031 3576 3085 maxime
3620 3030 3752 3085 illu-

2084 3123 2215 3176 stris
2249 3136 2262 3176 :
2291 3122 2355 3175 in
2385 3119 2733 3175 illustranda
2761 3121 3108 3189 antiquitate
3144 3119 3324 3174 sedulo
3345 3119 3531 3175 studio
3551 3121 3749 3191 appri-

2085 3227 2170 3266 me
2201 3211 2410 3272 clarus,
2443 3210 2768 3278 singularis.
2801 3205 2982 3268 Πολὺς
3002 3206 3094 3261 τὸν
3119 3211 3243 3260 νοῦν
3269 3208 3530 3264 Joannes
3561 3208 3751 3264 Bour-

2088 3300 2364 3355 delotius.
2401 3299 2568 3354 Pleno
2595 3303 2820 3369 pectore
2844 3299 3070 3369 sapiens
3099 3315 3117 3352 :
3149 3299 3429 3370 sapientia
3456 3300 3748 3355 munitam

2084 3393 2322 3444 mentem
2342 3388 2561 3456 egregie
2581 3403 2808 3456 gerens;
2843 3388 3186 3442 considerate
3215 3388 3407 3442 omnia
3435 3387 3744 3458 perﬁciens.

2086 3475 2270 3538 Πολὺς
2317 3477 2416 3544 τήν
2468 3474 2690 3545 ποίησιν
2739 3477 2998 3532 Joannes
3065 3475 3352 3546 Rhodius,
3405 3477 3463 3531 in
3521 3478 3745 3548 poeticis

2084 3567 2290 3622 studiis
2316 3566 2552 3636 miriﬁce
2593 3570 2863 3628 versatus;
2893 3565 3221 3621 admirabili
3255 3565 3492 3638 quodam
3524 3566 3596 3621 ad
3619 3580 3741 3638 poe-

2062 3658 2192 3711 ‘sim
2220 3655 2400 3711 studio
2445 3656 2778 3725 concitatus,
2815 3656 3274 3726 praestantissime
3321 3671 3448 3710 cum
3495 3656 3748 3711 omnibus

2088 3747 2248 3800 Musis
2278 3745 2557 3800 rationem
2608 3744 2818 3799 habuit.
2854 3740 3036 3806 Πολὺς
3091 3743 3191 3810 τὴν
3242 3741 3463 3817 ἀρετὴν,
3507 3742 3596 3796 καὶ
3644 3742 3749 3810 τήν

2089 3833 2376 3908 φρόνησιν.
2413 3833 2749 3889 Dominicus
2783 3832 3060 3902 Molinus,
3092 3835 3297 3889 virtute
3329 3836 3446 3906 ipsa
3474 3833 3748 3889 excellen-

2088 3924 2334 3979 tissimus
2381 3924 2464 3977 An
2518 3939 2631 3977 non
2659 3921 3106 3978 Ciceronianum
3141 3921 3289 3977 illud
3342 3920 3553 3978 infert?
3601 3920 3747 3976 Talis

2089 4021 2167 4068 est
2199 4013 2303 4079 vir,
2336 4020 2396 4067 ut
2426 4013 2584 4067 nulla
2616 4027 2704 4066 res
2734 4015 2888 4066 tanta
2915 4013 3011 4081 sit,
3039 4027 3110 4067 ac
3137 4017 3254 4067 tam
3281 4011 3553 4083 difﬁcilis,
3587 4027 3752 4082 quam

2089 4102 2186 4156 ille
2219 4117 2329 4156 non
2385 4109 2436 4156 et
2484 4101 2716 4157 consilio
2762 4116 2967 4172 regere,
3017 4106 3072 4156 et
3125 4102 3450 4172 integritate
3497 4101 3669 4168 tueri,
3700 4103 3756 4155 et

2091 4194 2290 4247 virtute
2317 4191 2585 4260 conﬁcere
2623 4194 2838 4261 possit:
2872 4195 2929 4246 et
2977 4189 3345 4246 similia.Sic
3395 4189 3626 4246 Psellus
3655 4190 3748 4244 di-

2091 4287 2222 4337 ctus
2248 4284 2357 4350 est,
2391 4275 2565 4340 πολὺς
2597 4280 2699 4347 τήν
2726 4277 2997 4353 γλῶτταν,
3034 4279 3203 4352 quasi
3237 4279 3468 4335 diceres
3501 4295 3755 4350 magnus,

2090 4370 2324 4434 multus,
2377 4368 2749 4425 admirandus
2804 4369 3041 4441 eloquio,
3074 4370 3388 4440 eloquentia
3444 4369 3745 4439 singulari.

2095 4458 2422 4532 Σοφώτατος
2455 4459 2633 4514 etiam
2666 4457 2890 4530 passim
2925 4459 3110 4526 audit,
3142 4459 3608 4530 sapientissimus,
3634 4461 3693 4513 et
3721 4473 3756 4512 a

2093 4548 2270 4621 Glyca
2303 4549 2360 4604 in
2394 4547 2745 4616 Annalibus,
2779 4551 2838 4602 et
2861 4564 2894 4602 a
2924 4547 3238 4603 Metocbita
3267 4547 3326 4602 in
3369 4545 3648 4602 Historia.
3685 4546 3756 4601 Et

325 4652 572 4692 maerore
601 4635 777 4690 vitam
811 4635 1046 4706 posuit:
1072 4633 1249 4704 idque
1271 4633 1516 4704 conjicio
1548 4650 1616 4688 ex
1646 4634 1976 4689 verbisAn-
2007 4633 2055 4699 D
2087 4637 2248 4693 illius
2305 4635 2640 4704 sententiis,
2691 4635 2791 4707 qui
2839 4651 2975 4691 eum
3008 4635 3192 4690 secuti
3240 4639 3399 4702 sunt,
3431 4635 3754 4706 scriptores

322 4743 408 4782 me
441 4726 748 4781 Comnenae
772 4726 910 4779 Ilist.
945 4723 1040 4777 lib.
1083 4739 1136 4778 ν.
1172 4723 1283 4777 Sed
1333 4721 1405 4778 iis
1438 4723 1731 4794 praecipue
1763 4740 1776 4778 :
1809 4723 1978 4776 ’Ένοα

321 4813 413 4868 καὶ
478 4817 576 4868 τοῦ
635 4809 866 4867 Ψελλοῦ
915 4811 1414 4885 μεταχωρήσαντος
1465 4808 1789 4877 Βυζαντόθεν
1847 4811 1981 4882 μετὰ

321 4905 421 4972 τὴν
468 4897 789 4976 ἀπόκρασιν,
837 4901 987 4974 (lego
1049 4898 1396 4973 ἀπόκαρσιν,)
1447 4898 1608 4959 αὐτὸς
1658 4897 1982 4977 φιλοσοφίας

326 4993 539 5060 ἁπάσης
568 4991 787 5064 πρόεστι
826 4987 1174 5049 διδάσκαλος.
1211 4989 1312 5046 Ι]ὸὶ
1339 4997 1390 5044 et
1412 4990 1590 5044 Psello
1612 4994 1729 5060 post
1763 5005 1983 5046 comam

325 5083 609 5137 detonsam
638 5081 912 5151 Byzantio
942 5079 1364 5150 secedente,ipse
1382 5077 1558 5133 Italus
1575 5080 1852 5137 universa:
1862 5083 1984 5150 phi-

324 5173 588 5243 Iosophim
616 5173 888 5242 magister
915 5175 1133 5226 creatus
1163 5175 1264 5226 est.

394 5263 580 5316 XXX.
616 5259 906 5331 Quidquid
955 5265 1152 5315 tamen
1185 5258 1281 5324 sit,
1314 5257 1589 5313 maximis
1621 5274 1753 5312 eum
1789 5257 1981 5314 laudi-

328 5351 439 5406 bus
467 5353 1062 5418 exoruarunt,prteter
1077 5353 1308 5402 Annam
1337 5348 1982 5413 Gomnenam,Joanncs

323 5439 592 5511 Scylitza,
617 5441 674 5492 et
704 5436 1000 5492 Cedrenus
1034 5437 1090 5491 in
1125 5437 1407 5508 prooemio
1439 5435 1728 5504 Historiae,
1763 5435 1980 5508 ὑπὲρτι-

327 5547 433 5600 μος
467 5523 712 5595 Ψελλός,
749 5525 1214 5581 honoratissimus
1246 5526 1479 5596 Psellus,
1513 5528 1571 5581 et
1601 5525 1660 5580 in
1692 5526 1980 5583 Stratioti-

2093 4744 2197 4783 sua
2227 4723 2662 4782 Commentaria
2685 4740 2799 4778 non
2823 4724 3022 4779 minus
3045 4739 3221 4796 quam
3246 4722 3494 4779 aliorum
3511 4727 3751 4778 Patrum

2091 4814 2857 4872 testimoniisillustrarunt.
2913 4815 3072 4869 Inter
3101 4813 3248 4869 alios
3299 4813 3576 4885 [πωοίροὶ
3609 4816 3754 4868 sunt

2090 4906 2288 4961 Niceta
2317 4909 2550 4970 Serron,
2577 4906 2793 4960 Catena
2818 4902 3262 4958 absolutissima
3292 4903 3348 4957 in
3368 4901 3753 4971 Evangelium

2095 4997 2255 5050 Luca:
2283 5011 2297 5063 ;
2333 4993 2619 5049 Macarius
2649 4992 3154 5064 Chrysocephalus
3202 4995 3263 5046 in
3296 4991 3508 5062 Magno
3540 4989 3756 5063 Alpha-

2094 5085 2248 5154 beto,
2275 5082 2374 5139 ubi
2405 5099 2476 5138 ex
2506 5081 2870 5137 diversorum
2905 5085 3146 5136 Patrum
3207 5080 3384 5135 dictis
3441 5077 3758 5150 Evangelia

2093 5171 2522 5246 perfectissime
2573 5171 3027 5241 interpretatur;
3062 5173 3120 5225 et
3146 5169 3408 5225 Joannes
3458 5168 3758 5224 Diaconus

2092 5265 2311 5334 Magnae
2364 5258 2632 5316 Ecclesiae
2692 5260 2884 5314 Tract.
2920 5255 3020 5321 Τίς
3076 5258 3104 5311 ὁ
3163 5257 3359 5333 σκορὸς
3387 5261 3467 5329 τῷ
3498 5253 3616 5328 Θεῷ
3659 5258 3760 5324 τῆς

2091 5351 2319 5426 πρώτης
2370 5353 2467 5402 τοῦ
2516 5347 2806 5423 ἀνθρώπου
2855 5345 3132 5416 πλάσεως,
3193 5346 3285 5402 καὶ
3343 5350 3444 5412 τῆς
3505 5344 3757 5422 δευτέρας

2092 5439 2446 5500 ἀναπλάσεως
2481 5435 2571 5492 διὰ
2598 5441 2696 5493 τοῦ
2728 5441 2886 5493 Θεοῦ.

2162 5529 2358 5586 XXXI.
2413 5528 2562 5586 Illud
2622 5527 2858 5585 interim
2919 5527 3386 5586 animadvertere
3439 5526 3751 5595 debemus,

1913 5658 1961 5712 Ν
1967 5654 2150 5713 OT/E.

395 5742 471 5818 (ο)
500 5740 700 5801 Malim
731 5755 920 5798 rerum
948 5741 1272 5798 divinarum
1299 5741 1546 5814 apprime
1571 5743 1804 5815 peritus.
