4122 6390
459 385 582 443 497

1725 382 2098 445 DIA'l‘BlBA
2143 380 2246 442 DE
2293 381 2638 442 PSELLIS.

3778 383 3899 442 498

457 515 790 571 Gesnerum
822 513 883 569 in
915 513 1282 571 Bibliotheca
1331 515 1578 572 ridicule
1627 518 1773 573 satis
1832 514 2113 587 argutari,

2235 513 2567 600 Iﬁ‘yausrﬁ
2597 514 2694 600 ’τεοῦ
2725 507 2957 585 Μιχαὴλ
2979 508 3269 600 ζεύχνυταξ
3286 510 3458 600 Χνόμῳ
3487 507 3691 600 Iliaco,

456 603 734 658 eumdem
765 618 896 658 esse
927 602 1272 660 Michaelem
1314 605 1659 676 Ephesium,
1692 610 1748 660 et
1779 604 2120 661 Michaelem

453 690 738 746 Psellum.
777 691 907 747 llihi
937 692 1156 763 quidem
1185 694 1486 764 aliquando
1539 695 1858 765 conjectura
1886 694 2124 750 occurrit

445 779 710 836 eumdem
753 781 1116 837 existimandi
1179 781 1506 839 Michaelem
1576 785 1890 855 Ephesium,
1936 790 2002 842 ζει
2030 781 2122 836 Μί-

445 870 709 926 chaelem
742 870 1012 926 Psellum.
1047 871 1187 926 Nam
1214 877 1424 943 prmter
1463 888 1752 929 commune
1779 888 2119 945 praenomen,

448 966 759 1029 utrumque
792 961 1001 1014 constat
1047 961 1411 1016 recentiorem
1459 962 1651 1030 fuisse,
1701 961 2120 1028 Christianum,

453 1052 915 1121 Peripateticum,
962 1051 1275 1108 Aristotelis
1316 1052 1756 1124 paraphrastem.
1809 1051 1977 1108 Multi
2021 1051 2121 1107 alii

458 1140 724 1209 ejusdem
776 1140 1160 1211 praenominis
1232 1143 1613 1210 recentiores,
1679 1141 2018 1207 Christiani,
2066 1143 2124 1196 et

455 1229 854 1300 Peripatetici,
886 1229 1218 1286 Aristotelis
1268 1231 1692 1303 paraphrasim,
1746 1249 1892 1287 nova
1945 1231 2122 1287 hacce

451 1318 917 1390 argumentandi
952 1319 1178 1376 ratione
1223 1319 1397 1376 Pselli
1426 1325 1622 1390 erunt,
1655 1321 1870 1392 inepte.
1903 1320 2120 1375 Verum

449 1411 549 1462 est
578 1411 904 1478 utrumque
953 1409 1338 1465 recentiorem
1387 1427 1536 1478 esse,
1585 1410 2012 1475 Christianum,
2046 1425 2118 1464 an

443 1513 618 1568 eaque
669 1497 1062 1569 Peripatetici,
1115 1499 1407 1568 dubium;
1449 1501 1562 1572 [22]
1608 1504 1831 1556 certum
1879 1499 2119 1556 omnino

442 1586 876 1657 paraphrastes
907 1604 1023 1643 non
1053 1605 1183 1646 esse
1216 1606 1229 1644 :
1262 1590 1322 1644 ni
1355 1589 1598 1658 scholia,
1632 1595 1688 1647 et
1727 1589 2120 1662 expositiones

441 1679 650 1731 textus
681 1677 1084 1744 brevissimae,
1129 1695 1249 1734 una
1299 1696 1434 1735 cum
1484 1679 1839 1751 Paraphrasi
1873 1679 2118 1735 confun-

443 1765 590 1820 dere
623 1764 892 1820 velimus.
945 1767 1333 1823 Conferantur
1362 1768 1674 1840 utriusque
1725 1769 1785 1824 in
1835 1768 2120 1824 Aristotc-

2241 581 2338 660 Κᾲί
2365 581 2737 660 ιτα-ᾗςτάγὲρωγ
2768 581 3036 660 τρὐερᾷλ
3062 581 3384 660 τέὲμπελλοξ
3413 581 3696 654 vtato-601).

2232 655 2403 712 Αὐτὸν
2440 653 2496 710 δὲ
2532 653 2918 730 βᾴρύνὸ-με-νοὺ,
2943 653 3041 709 ⁷καὶ
3072 653 3581 730 ῥυνσανᾳσχετοῦντα

2232 730 2346 797 Τῆς
2385 727 2647 803 Ἐφεσίων
2672 727 2888 790 πόλεως
2919 727 3155 800 ποιμένα
3184 727 3512 782 καθιᾶτάνει.

2231 838 2599 892 Antecessoris
2660 837 2938 892 Michaelis
3015 837 3302 908 conjugem
3363 837 3472 891 sibi
3533 837 3891 894 matrimonio

2232 927 2477 998 copulat,
2508 942 2676 982 senex
2703 927 3000 1002 mulierem
3028 934 3277 982 teneram
3299 928 3349 980 et
3379 924 3890 997 dedicatam,capu-

2235 1016 2392 1082 laris,
2424 1018 2474 1070 et
2518 1015 3072 1086 funeri‘destinatus
3118 1022 3384 1084 vegetam,
3433 1018 3594 1084 atque
3635 1015 3888 1082 iuvenem

2235 1105 2512 1176 Quemque
2558 1110 2758 1160 sortem
2798 1122 2958 1160 suam
3006 1120 3176 1176 aegre,
3229 1104 3554 1175 molesteque
3600 1105 3889 1174 ferentem,

2231 1211 2294 1248 ac
2322 1193 2723 1265 deplorantem,
2755 1194 3044 1266 Ephesinaz
3071 1194 3228 1248 urbis
3267 1197 3540 1264 pastorem
3590 1194 3892 1265 imperator

2229 1285 2530 1338 constituit.
2565 1283 2633 1337 Et
2663 1283 2932 1354 Ephrem
2966 1283 3025 1336 in
3058 1282 3342 1338 Chronico
3376 1299 3389 1336 :

2539 1397 2773 1472 Μιχαὴλ
2806 1394 3090 1472 Sevius-rut
3127 1394 3506 1472 μελαμφόρος,

2303 1467 2413 1526 El“?
2448 1467 2775 1545 ἀρχιθὶῗτης,
2808 1467 3196 1543 καῖπρόεδρος
3223 1467 3476 1543 Ἐφέσὸυ.

2231 1587 2473 1645 Michael
2512 1605 2644 1644 vero
2691 1589 2881 1661 nigris
2923 1589 3262 1644 vestimentis
3307 1587 3540 1642 indutus
3580 1586 3890 1656 sacriﬁcio-

2230 1694 2356 1733 rum
2406 1679 2682 1749 princeps,
2749 1678 3064 1749 prmsulque
3111 1675 3322 1747 Ephesi
3385 1675 3466 1745 ﬁl.
3514 1675 3577 1730 In
3631 1691 3697 1730 eo
3746 1675 3884 1744 otio,

2230 1767 2278 1822 si
2309 1783 2544 1840 gregem
2577 1766 2789 1823 Christi
2823 1782 3061 1839 pascere
3091 1765 3277 1821 otium
3320 1772 3427 1832 est,
3480 1763 3668 1820 multa
3697 1763 3755 1819 in
3782 1780 3885 1818 va-

443 1853 568 1909 lem
600 1857 1158 1924 commentationes,
1192 1859 1466 1928 quamvis
1499 1857 1796 1914 sententia
1822 1857 1881 1912 in
1915 1856 2121 1912 multis
2152 1895 2198 1959 B
2229 1857 2349 1913 rias
2379 1856 2749 1929 disciplinas,
2782 1873 2886 1911 nec
2918 1856 3148 1924 dubito,
3196 1853 3570 1926 conscripsit,
3619 1870 3747 1925 quae
3779 1870 3884 1908 no-

444 1945 831 2012 conveniant,
861 1945 920 2000 in
949 1946 1146 2015 modo,
1190 1963 1258 2002 ac
1302 1947 1580 2003 methodo
1631 1947 1956 2020 exponendi
1990 1949 2121 2001 Ari-

446 2033 722 2089 stotelem
757 2032 927 2105 longe
959 2034 1174 2091 diversi
1207 2036 1604 2092 sunt.Psellus
1625 2037 1903 2092 continua
1925 2040 2118 2092 textus

452 2122 809 2194 paraphrasi
842 2124 1199 2180 sententiam
1249 2127 1458 2197 aperit,
1510 2125 1800 2198 Ephesius
1853 2143 1968 2182 non
2002 2125 2117 2182 nisi

460 2211 893 2267 difﬁcilioribus
947 2228 1186 2284 cperam
1230 2213 1369 2283 dat,
1419 2215 1596 2286 clara,
1645 2218 1980 2286 apertaque,
2030 2198 2115 2270 uti

459 2300 664 2372 cuique
691 2299 889 2370 obvia,
925 2301 1188 2374 negligit.

523 2388 746 2444 XXXII.
785 2394 859 2445 At
907 2390 1184 2462 quisnam
1229 2390 1304 2447 sit
1349 2391 1460 2448 iste
1514 2392 1808 2464 Ephesius
1839 2393 2108 2461 Michael,

445 2477 547 2548 qui
574 2478 632 2533 in
665 2478 976 2534 enodando
1006 2479 1320 2535 Aristotele
1364 2485 1671 2554 tantOpere
1700 2482 1880 2538 etiam
1910 2482 2108 2538 elucu-

434 2565 817 2623 brationibus
847 2568 1046 2634 editis,
1079 2568 1401 2637 insudavit,
1436 2571 1724 2642 quaesiere
1771 2570 1962 2626 multi.
1996 2573 2104 2627 Sed

431 2655 658 2711 frustra
686 2673 928 2728 operam
962 2658 1382 2714 contriverunt.
1417 2658 1522 2714 Ubi
1549 2660 1780 2716 nullum
1815 2661 1897 2716 rei
1928 2661 2107 2716 vesti-

429 2745 599 2816 gium
632 2751 898 2818 apparet,
933 2747 982 2802 si
1017 2749 1280 2803 venatori
1312 2765 1405 2804 res
1433 2765 1549 2804 non
1583 2749 2103 2816 succedit,laudem

429 2831 532 2889 ille
563 2850 668 2906 pro
699 2839 938 2903 conatu,
996 2853 1135 2903 non,
1193 2838 1349 2907 quod
1400 2854 1518 2893 non
1557 2837 1866 2907 invenerit,
1908 2856 2103 2911 repre-

431 2922 786 2980 hensionem
823 2930 1439 2996 promeretur.Verum
1471 2928 1612 2982 dum
1645 2944 1751 3001 ego
1781 2929 1957 2983 etiam
1981 2945 2103 2984 om-

2232 1946 2390 2002 mine
2439 1945 2738 2002 Michaelis
2802 1945 3058 2017 Ephesii,
3130 1942 3345 2016 quietis
3398 1942 3590 2014 potius
3652 1958 3881 2009 amans,

2229 2051 2454 2091 memor
2483 2035 2815 2100 turbarum,
2842 2051 2959 2090 non
2992 2033 3388 2106 imperatoris,
3411 2032 3675 2103 exemplo
3700 2032 3883 2087 etiam

2227 2125 2478 2180 aliorum
2509 2127 2960 2196 imperatorum,
2999 2123 3203 2194 voluit,
3237 2127 3301 2178 ut
3343 2122 3686 2179 hominibus
3715 2121 3884 2177 inno-

2225 2218 2534 2270 tescerent.
2598 2215 2723 2269 Non
2787 2212 3028 2286 placet?
3073 2212 3299 2268 dictum
3372 2213 3664 2268 indictum
3732 2216 3882 2267 esto.

2223 2303 2493 2360 Ἐπανίτω
2523 2304 2662 2380 πρός
2705 2325 2771 2376 με
2817 2304 2906 2358 τὸν
2959 2301 3182 2358 τεκόντα
3210 2303 3272 2358 τὸ
3313 2301 3632 2375 ἀποκύημα.
3683 2302 3886 2360 Redeat

2219 2396 2297 2450 ad
2325 2412 2410 2451 me
2438 2399 2716 2451 auctorem
2746 2397 2911 2466 [cetus
2931 2393 3022 2449 hic
3048 2409 3218 2449 meus.

2291 2485 2532 2542 XXXIII.
2568 2485 2671 2541 Hic
2702 2500 2840 2556 ergo
2883 2482 3131 2552 Psellus,
3165 2485 3231 2537 ut
3277 2481 3548 2538 doctrina
3597 2484 3882 2552 praestan-

2217 2575 2514 2638 tissimus.
2541 2575 2622 2630 ita
2655 2572 2918 2641 omnium
2949 2568 3461 2648 πολυγραφώτατος
3503 2569 3635 2624 fuit.
3672 2569 3879 2624 Ausim

2216 2666 2410 2720 dicere
2443 2665 2765 2720 neminem.
2798 2680 2886 2731 ea,
2918 2662 3006 2718 vel
3043 2662 3440 2733 subsequente
3467 2663 3652 2725 aetate,
3683 2658 3878 2714 Greece

2214 2753 2302 2810 vel
2335 2754 2626 2809 invenisse
2669 2751 2886 2816 acrius,
2929 2751 3019 2806 vel
3069 2751 3376 2806 ordinasse
3425 2749 3642 2820 aptius,
3674 2747 3762 2802 vel
3794 2747 3878 2802 lo-

2214 2849 2419 2899 cutum
2451 2839 2942 2914 eloquentius,vel
2965 2840 3317 2912 profundius
3348 2855 3441 2894 res
3463 2841 3874 2910 pertractasse.

2211 2932 2385 2988 Nulla
2418 2931 2530 2987 fuit
2559 2931 2826 3000 scientia,
2880 2946 3058 3000 quam
3108 2929 3236 3000 ipse
3264 2929 3353 2982 vel
3396 2927 3552 2983 notis
3594 2943 3711 2983 non
3742 2919 3872 2980 illu-

433 3012 534 3069 nia
569 3014 923 3086 pervcstigo,
957 3014 1006 3071 si
1057 3015 1198 3086 quid
1248 3016 1644 3073 subodoratus
1691 3034 1847 3084 sum,
1882 3018 1938 3072 in
1973 3034 2100 3074 me-
2210 3023 2502 3091 straverit,
2533 3020 2620 3076 vel
2654 3019 3000 3091 compendio
3031 3035 3149 3074 non
3169 3017 3505 3087 tentaverit,
3525 3015 3614 3072 vel
3645 3016 3871 3086 optima

433 3103 604 3158 dium
636 3104 902 3173 atteram,
935 3105 1120 3160 donec
1153 3105 1394 3162 meliora
1416 3107 1488 3161 ab
1510 3105 1644 3163 aliis
1674 3109 2096 3178 producantur.

2209 3110 2488 3166 methodo
2521 3127 2636 3165 non
2670 3107 3008 3180 expedierit.
3043 3108 3279 3171 Eorum,
3309 3123 3437 3178 quae
3468 3104 3872 3176 scripsitque-

427 3196 752 3263 Sensuum,
803 3208 870 3248 ac
929 3195 1372 3250 enarrationum
1417 3194 1744 3252 similitudo
1792 3196 1902 3252 hos
1945 3197 2096 3254 duos
2143 3268 2169 3270 υ
2208 3215 2323 3270 que
2350 3198 2421 3254 ad
2454 3199 2722 3254 notitiam
2771 3213 2960 3252 meam
3009 3211 3342 3266 pervenere,
3387 3193 3658 3264 quaedam
3712 3193 3874 3248 edita

423 3287 704 3338 auctores
734 3299 920 3338 unum
944 3284 1019 3339 ab
1047 3283 1159 3340 alio
1190 3285 1459 3356 adjutum
1487 3285 1667 3341 fuisse
1691 3285 2097 3358 satisindicat,
2130 3268 2174 3334 (ἶ
2211 3268 2371 3354 sunt,
2401 3287 2669 3358 quaedam
2715 3285 2908 3340 adhuc
2961 3284 3187 3340 inedita
3219 3299 3232 3338 :
3267 3283 3339 3339 de
3390 3280 3563 3338 editis
3610 3281 3872 3352 primum

425 3370 522 3428 vel
558 3375 882 3443 utrumque
928 3373 1000 3426 ab
1051 3372 1188 3441 alio,
1221 3379 1278 3429 et
1325 3391 1394 3430 ex
1444 3391 1561 3430 uno
1613 3375 1769 3430 fonte
1801 3375 2108 3449 utriusque

431 3464 828 3514 monumenta
853 3459 1152 3516 corrivari.
1184 3461 1450 3532 Cumque
1497 3479 1531 3516 a
1579 3478 1694 3533 quo
1742 3462 1969 3519 Psellus
2000 3482 2111 3520 sua

432 3547 710 3604 hauserit
741 3565 858 3604 non
891 3549 1166 3618 habeam,
1208 3550 1411 3622 utique
1460 3551 1782 3622 Ephesium
1813 3568 1882 3608 ex
1912 3553 2108 3619 Pselli,

439 3638 557 3693 sive
585 3653 712 3705 ore,
750 3637 870 3692 sive
919 3640 1344 3710 monumentis,
1394 3641 1671 3712 quamuis
1719 3642 2110 3699 verosimilius

445 3742 514 3781 ex
561 3743 683 3794 ore,
737 3742 847 3782 sua
895 3727 1201 3795 habuisse,
1273 3745 1520 3801 esseque
1587 3730 1929 3786 Michaelem
1991 3732 2107 3788 Du-

441 3831 572 3870 cam
606 3815 1067 3886 Parapinaceum
1118 3817 1364 3883 dictum,
1417 3818 1591 3873 Pselli
1646 3819 2026 3892 discipulum,
2059 3821 2109 3878 si

441 3905 786 3974 conjectura
817 3904 1040 3977 aliquid
1073 3906 1258 3972 valeo,
1290 3907 1584 3963 existimo.
1619 3907 1723 3964 Hic
1756 3910 1936 3977 enim,
1968 3911 2107 3966 dum

449 4007 742 4048 summam
805 3993 1039 4065 imperii
1086 4000 1328 4064 teneret,
1377 4013 1412 4052 a
1480 3996 1670 4053 Psello
1713 3999 1976 4068 edoctus,
2010 3999 2110 4056 illo

455 4079 693 4147 amisso,
723 4081 784 4137 in
816 4083 1110 4154 Ephesum
1159 4084 1408 4156 delatus,
1459 4085 1622 4143 illius
1668 4085 1937 4144 Ecclesiae
1967 4089 2114 4144 anti-

439 4173 567 4224 stes
592 4175 990 4228 consecratur.
1031 4177 1288 4230 Zonaras
1319 4175 1378 4230 in
1428 4175 1750 4232 Botaniata.
1802 4177 1862 4232 Ὀ
1899 4177 1993 4248 μὲν
2024 4197 2109 4232 τοι

440 4250 903 4332 προϐασιλευκὼς
954 4260 1212 4336 Μιχαὴλ,
1262 4262 1339 4324 ὡς
1390 4261 1623 4335 ε’ῐρηται,
1654 4265 1756 4332 τήν
1801 4265 1969 4341 τρίχα
2010 4287 2111 4321 κα-

449 4345 586 4422 ρεὶς,
657 4347 749 4402 καὶ
808 4351 980 4427 ψήφῳ
1059 4348 1319 4425 συνοδικῇ
1395 4353 1829 4426 Μητροπολιτης
1884 4356 2111 4429 Ἐφέσου

443 4435 902 4510 κεχειροτόνητο,
959 4437 1050 4492 καὶ
1118 4440 1254 4510 ἅπαξ
1310 4444 1577 4518 φοιτήσας
1631 4441 1742 4498 ἐκεῖ
1796 4443 2110 4515 ἐπανῆλθε,

435 4523 533 4579 καὶ
587 4523 640 4579 ἰν
679 4528 748 4599 τῇ
790 4529 890 4580 τοῦ
939 4529 1208 4599 Μανουὴλ
1265 4533 1408 4604 μονῇ
1451 4529 1691 4586 ἐποιεῖτο
1735 4539 1834 4602 τῆν
1879 4531 2108 4592 δίαιταν.

2218 3393 2547 3434 sermonem
2581 3376 2914 3430 instituam.
2947 3373 3118 3429 Edita
3147 3375 3286 3429 sunt
3320 3389 3334 3427 :

2287 3463 2528 3520 XXXIV.
2565 3463 2734 3520 Pselli
2765 3465 2840 3519 De
2882 3464 3058 3519 victus
3106 3463 3341 3530 ratione,
3391 3461 3568 3532 deque
3594 3460 3882 3530 facultati-

2221 3555 2336 3623 bus,
2367 3561 2420 3611 et
2463 3555 2610 3610 succi
2659 3554 2950 3626 qualitate,
3003 3551 3426 3615 elementorum,
3478 3551 3612 3605 libri
3657 3548 3764 3605 duo
3808 3547 3880 3603 ad

2218 3646 2672 3702 Constantinum
2721 3644 2800 3716 (p)
2854 3644 3294 3716 imperatorem,
3363 3641 3590 3710 Latine,
3639 3639 3885 3711 Georgio

2217 3735 2383 3791 Valla
2426 3735 2768 3806 interprete,
2813 3750 2931 3788 una
2981 3749 3118 3788 cum
3178 3731 3384 3786 Rhazae
3433 3730 3506 3784 de
3552 3727 3886 3800 pestilentia

2217 3824 2388 3894 libro,
2422 3827 2480 3878 et
2521 3823 2766 3878 Joannis
2819 3821 3085 3876 Manardi
3139 3817 3530 3876 Ferrariensis
3579 3817 3638 3872 in
3687 3818 3881 3871 Artem

2219 3911 2423 3968 Galeni
2457 3911 2842 3983 expositione.
2896 3910 3158 3978 Basilea—z,
3209 3907 3366 3980 apud
3416 3907 3708 3961 Andream
3740 3905 3882 3960 Cra-

2217 4001 2522 4070 tandrum,
2546 4016 2701 4055 anno
2733 3999 2893 4063 1529,
2927 3998 2986 4052 in
3019 4001 3073 4053 8.

2288 4092 2528 4146 XXXV.
2564 4089 2840 4158 Ejusdem
2872 4087 3082 4142 iambos
3115 4087 3174 4140 in
3201 4086 3339 4140 vilia
3363 4091 3418 4139 et
3444 4081 3878 4149 virtutes.ltem,

2219 4181 2502 4252 Anagogas
2533 4181 2593 4233 in
2622 4176 2952 4247 Tantalum,
2983 4175 3334 4247 Allegoriam
3354 4175 3418 4229 dc
3439 4172 3701 4245 Sphinge,
3734 4171 3885 4226 Ana-

2219 4286 2415 4341 gogam
2447 4269 2506 4324 in
2539 4267 2908 4338 Circem,quae
2941 4265 3154 4322 volebat
3187 4264 3432 4336 Ulyssem
3457 4264 3884 4332 trans/armare.

2221 4357 2506 4414 Arsenius
2535 4355 2952 4412 Monembasiaa
2976 4353 3290 4426 episcopus
3322 4351 3518 4406 Romae
3551 4349 3627 4421 (q)
3658 4349 3887 4420 primus

2220 4447 2508 4518 vulgarat.
2560 4445 2778 4501 Deinde
2853 4442 3126 4516 pluribus
3170 4441 3314 4496 locis
3375 4439 3668 4506 restituta,
3715 4441 3894 4508 atque

2219 4536 2633 4608 interpolata,a
2665 4534 2929 4590 Conrado
2961 4528 3488 4598 Gesnero,Basilem
3519 4526 3892 4583 ediditJoan-

437 4615 680 4671 Michael
712 4632 859 4682 vero,
883 4617 1109 4688 pridem
1155 4622 1474 4691 imperator,
1508 4629 1666 4677 tonsa
1709 4639 1898 4691 coma,
1929 4627 1990 4679 ut
2018 4625 2105 4681 di-
2141 4639 2185 4703 ι)
2216 4642 2322 4681 nes
2353 4623 2645 4695 Oporinos
2676 4622 2748 4694 (r)
2781 4638 2937 4677 anno
2971 4620 3199 4685 1544,ὶη
3231 4620 3285 4688 8,
3313 4634 3430 4672 una
3460 4632 3594 4672 cum
3627 4613 3886 4703 Heracli-

434 4707 592 4760 clum
662 4708 758 4770 est,
825 4708 1053 4762 concilii
1133 4710 1422 4780 suﬂ'ragiis
1496 4710 1698 4782 Ephesi
1769 4702 2162 4785 Metropolim,
2222 4713 2561 4770 disPontici
2587 4710 2977 4783 Allegoriisin
3004 4707 3241 4764 Homeri
3272 4705 3503 4762 fabulas
3527 4705 3598 4759 de
3622 4702 3873 4775 [24Jdiis

439 4797 688 4854 creatur.
721 4796 786 4849 Et
813 4811 943 4851 cum
972 4799 1138 4853 semel
1169 4814 1230 4854 eo
1275 4801 1534 4870 venisset,
1579 4817 1846 4868 reversus,
1891 4805 1953 4857 in
1984 4808 2112 4860 Μα-

443 4883 633 4938 nuelis
663 4887 1007 4942 monasterio
1036 4888 1210 4943 vitam
1234 4890 1364 4961 egit.
1409 4889 1837 4970 Constantinus
1880 4892 2108 4949 Manas-

446 4986 548 5027 888
583 4987 596 5026 2

2223 4805 2293 4860 de
2323 4803 2541 4874 quibus
2571 4801 2703 4856 vide
2736 4800 2889 4854 intra
2923 4799 2982 4853 in
3011 4797 3238 4854 Joanne
3273 4794 3461 4851 Psello
3491 4793 3522 4866 §
3552 4794 3640 4860 49,
3671 4793 3764 4860 56,
3794 4790 3884 4845 80.

2221 4892 2422 4948 Obiter
2449 4895 2506 4946 et
2537 4891 2630 4946 hic
2663 4886 3256 4944 animadvertendum
3308 4889 3421 4948 est,
3469 4880 3734 4937 carmina
3764 4880 3890 4945 illa,

2224 4997 2352 5054 quae
2384 4979 2696 5036 Federicus
2742 4975 3022 5033 Morellus
3069 4973 3310 5030 Lutetiae
3361 4988 3515 5028 anno
3548 4970 3707 5036 1608,
3738 4968 3798 5023 in
3830 4967 3889 5035 8,

2056 5081 2291 5141 NOTIE.

517 5159 598 5231 (p)
633 5163 849 5218 Ducam
886 5162 976 5220 vel
1009 5164 1487 5232 Monomachum,
1523 5169 1583 5222 ut
1613 5166 1864 5225 Allatius
1896 5171 2120 5226 notavit

443 5247 633 5314 supra
675 5233 807 5314 §M§,
863 5251 994 5314 poli
1074 5237 1710 5314 Porphyrogennetam,
1777 5247 1850 5314 ut,
1888 5241 2116 5314 iGyral-

446 5304 564 5386 dus
592 5319 661 5386 Ρ..
686 5307 811 5386 28_2.
846 5307 918 5361 de
950 5307 1161 5364 Poetis.
1188 5304 1570 5386 'Prodiernnt
1611 5304 1787 5386 etiam
1839 5313 1898 5368 hi
1932 5304 2116 5368 libelli

445 5375 520 5456 de
554 5375 710 5456 victu
745 5377 1154 5456 hu_mapo_una
1193 5380 1491 5456 cumsliis
1532 5383 1828 5456 variorum
1879 5386 2119 5456 scriptis

447 5447 526 5528 ab
559 5446 770 5528 eodem
797 5451 864 5505 ϐ.
898 5449 1066 5528 Valla
1092 5453 1278 5528 versis
1311 5452 1521 5528 Venet.
1549 5454 1715 5528 A1498,
1744 5456 1866 5523 fo|.,
1901 5463 1962 5511 ut
1993 5446 2116 5512 edi-

443 5519 645 5592 tiones
674 5519 877 5592 Colon.
916 5523 1074 5579 1526.
1106 5527 1161 5592 8,
1184 5530 1242 5580 et
1293 5524 1466 5579 Basil.
1500 5525 1638 5580 4457
1674 5519 1734 5581 in
1781 5529 1815 5582 8
1846 5519 2117 5585 omittam

448 5589 518 5645 In
549 5588 770 5668 libellis
801 5593 934 5668 istis
969 5588 1340 5668 imperatoris
1377 5597 1553 5666 jussu
1597 5598 1856 5654 collectis
1889 5600 2118 5657 nullum

450 5661 805 5752 sc-rip_tqrem
849 5661 1310 5752 laudat'Esellus
1344 5661 1659 5752 praeter}.
1707 5671 1764 5734 8,
1809 5671 2116 5752 Calenum.

455 5733 535 5790 De
564 5733 774 5791 eodem
805 5743 1161 5810 argumento
1195 5739 1298 5796 sed
1329 5733 1504 5812 plane
1562 5733 1831 5800 diversus
1862 5743 2010 5801 liber
2038 5745 2121 5800 Si-

2229 5125 2460 5225 m'eonis
2506 5165 2668 5223 Sethi
2714 5168 2905 5221 exstat
2953 5163 3026 5220 ad
3078 5159 3424 5217 Michaelem
3477 5163 3696 5214 Ducam
3732 5125 3889 5225 imp.

2229 5241 2323 5297 cui
2357 5239 2524 5294 valde
2556 5237 2750 5294 simile
2780 5236 3069 5306 scriptum
3097 5233 3259 5290 aliud
3290 5230 3480 5289 Psello
3509 5231 3798 5287 tributum
3821 5230 3895 5283 de

2229 5329 2343 5384 quo
2375 5310 2625 5366 Allatius
2649 5310 2802 5384 infra
2828 5311 2856 5377 §
2885 5309 2975 5384 5t.

2303 5383 2375 5455 (q)
2420 5384 2614 5438 Greece
2661 5381 2720 5455 1n
2768 5374 2849 5445 8,'
2877 5381 2948 5435 ad
3019 5376 3238 5434 calcem
3288 5374 3893 5448 Apophthegmatum,

2229 5453 2406 5511 Leoni
2439 5457 2495 5509 X
2522 5453 2964 5522 inscriptorum.

2304 5528 2374 5598 (r)
2406 5528 2598 5581 Graece
2626 5513 2888 5598 tantum,
2921 5538 3044 5598 non
3068 5520 3261 5598 Graece
3290 5523 3347 5574 et
3378 5517 3601 5598 Latine.
3623 5522 3688 5571 ut
3717 5531 3749 5570 a
3771 5513 3888 5598 cla-

2229 5587 2466 5654 rissimo
2495 5603 2676 5653 Caveo
2706 5597 2764 5650 in
2815 5597 2950 5650 Hist.
3001 5595 3286 5648 litterario
3329 5587 3880 5660 scriptorumieccles.

2227 5671 2553 5740 proditum,
2585 5669 2723 5740 licet
2752 5665 3030 5740 Heracliti
3057 5663 3367 5735 Allegoriis
3413 5659 3619 5717 Latina
3645 5659 3880 5714 illarum

2233 5738 2479 5799 Gesneri
2509 5739 2699 5798 versio
2729 5738 3065 5812 subjuncta.
