4122 6390
367 397 489 456 501

1642 397 2018 460 DIATRIBA
2061 396 2164 458 DE
2207 396 2551 459 PSELLIS.

3687 399 3808 462 502

374 522 564 595 ἔπειδή
623 527 747 588 νέος
805 527 901 599 μὲν
963 524 1038 583 ὥν
1086 526 1165 592 εἷς
1209 527 1302 584 τὸν
1355 527 1534 602 δῆμον
1587 530 1723 602 μετά
1766 529 2025 602 Τιμοθὲοι

2154 531 2480 600 operatione
2539 531 2854 588 daemonum
2919 530 3071 587 liber
3134 533 3164 586 ὁ
3232 532 3429 590 Graeco
3508 530 3572 587 in
3647 529 3810 586 Lati-

373 617 495 680 καθ’
557 615 712 688 ὑμῶν
786 613 1080 679 ἐπιστολὲις
1159 617 1393 694 αἰσχράς
1469 613 1722 696 ἔγραφεν,
1799 619 1914 673 νυνὶ
1984 615 2025 672 δί

2151 636 2296 675 num
2327 620 2407 692 (y)
2439 637 2759 676 conversus
2790 624 2880 677 est
2932 639 2965 676 a
3009 620 3177 676 Petro
3226 620 3463 676 Morello
3511 621 3582 692 (π.)
3629 620 3808 676 Turo-

370 699 686 776 πρεσϐύτης
743 700 839 772 ὧν,
899 706 1086 782 ὥσπερ
1146 706 1308 776 ἑκὼν,
1353 710 1387 776 ἢ
1446 713 1658 786 φθονῶν
1704 708 1772 763 τά
1810 708 2025 764 πλεῖστα

2149 709 2342 776 nensi,
2377 710 2693 782 editasque
2727 710 2930 766 Latine
2962 727 3095 766 cum
3131 711 3470 766 Praefatione
3513 709 3803 766 Francisci

360 798 475 848 τῶν
585 795 716 866 ὑμῖν
824 794 1184 870 ὑπαρχόντων
1270 796 1488 871 ἀγαθῶν
1577 795 1984 873 παραλέλοιπεν
2023 839 2035 852 .

357 879 692 938 Απὲσταλκε
722 880 780 938 δέ
824 903 910 937 σοι
962 883 1156 959 Λόγον,
1191 884 1250 940 ’ὸν
1293 886 1356 940 τὸ
1407 886 1501 959 μὶν
1534 891 1751 959 πρῶτον
1804 882 2034 962 ἔγραψεν

354 967 707 1048 Ἀγησιλάῳ,
773 972 943 1049 μικρὰ
998 970 1346 1036 διασκευάσας
1403 973 1623 1047 ὕστερον
1680 973 1882 1031 ἐπώλει
1958 979 2036 1046 τῷ

365 1059 621 1122 Σικελίας
681 1060 932 1137 τυράννῳ
990 1063 1273 1136 Διονυσίῳ.
1334 1065 1408 1121 Τὸ
1468 1061 1526 1118 δὲ
1577 1064 1759 1139 τρίτον
1804 1065 1872 1120 τὰ
1933 1064 2030 1138 μὲν

365 1149 600 1228 ἀφελὼν,
631 1150 700 1218 τὰ
745 1148 802 1205 δὲ
848 1153 1106 1226 προσθεὶς
1149 1151 1506 1226 ἐμνήστευσεν
1563 1150 1906 1230 Ἀλεξάνδρῳ
1953 1157 2033 1224 τῷ

368 1237 644 1311 Θετταλῷ,
674 1239 738 1295 τὸ
770 1237 828 1294 δέ
855 1237 1170 1296 τελευταῖον
1200 1245 1292 1296 νῦν
1335 1243 1474 1317 πρὸς
1525 1242 1582 1296 σὲ
1621 1241 1907 1318 γλίσχρως
1937 1241 2032 1296 αὐ-

361 1327 454 1384 τόν
520 1328 904 1399 ἀπηκόντισεν.
974 1333 1037 1388 Id
1099 1337 1192 1388 est
1242 1349 1256 1388 :
1315 1333 1592 1390 Similiter
1655 1339 1708 1390 et
1771 1336 2034 1390 Isocrates

342 1420 584 1490 juvenis
616 1421 817 1487 adhuc,
848 1437 961 1476 una
1010 1438 1134 1476 cum
1191 1422 1487 1491 Timotheo,
1524 1426 1732 1480 contra
1772 1439 1862 1480 vos
1911 1425 2030 1494 cpi-

351 1509 545 1566 stolas
569 1512 798 1582 probris
823 1511 1018 1582 plenas
1047 1511 1118 1567 ad
1139 1513 1409 1584 populum
1446 1513 1800 1581 scriptitabat
1816 1529 1836 1574 ;
1884 1529 2034 1568 nunc

347 1616 553 1670 senex,
585 1602 706 1656 sive
732 1601 942 1668 volens,
974 1602 1093 1657 sive
1123 1602 1429 1658 invidentia
1470 1604 1734 1672 percitus,
1785 1619 1872 1658 res
1918 1618 2029 1658 ves-

349 1693 477 1745 tras
512 1706 684 1761 quam
711 1691 1005 1762 plurimas,
1055 1707 1253 1763 easque
1299 1693 1466 1748 bonas
1513 1693 1740 1748 silentio
1787 1696 2029 1760 praeter-

349 1781 440 1834 iit.
477 1779 741 1851 Misitque
769 1779 840 1836 ad
867 1783 923 1834 te
951 1789 1283 1851 orationem,
1335 1798 1500 1853 quam
1540 1783 1792 1853 primum
1838 1782 2027 1850 Agesi-

351 1867 448 1925 lao
518 1869 910 1940 inscripserat,
977 1875 1032 1926 et
1092 1873 1288 1942 paucis
1368 1873 1677 1927 immutatis
1759 1872 2027 1943 Dionysio
2058 1899 2104 1965 Β

348 1958 572 2014 Siciliae
602 1961 850 2030 tyranno
879 1959 1133 2016 venalem
1185 1959 1469 2027 exhibuit,
1524 1963 1773 2031 tertium,
1831 1961 2028 2016 multis

355 2046 568 2102 additis
633 2048 938 2120 multisque
1011 2048 1296 2116 detractis,
1383 2050 1701 2106 Alexandro
1779 2051 2026 2106 Thessalo

362 2135 668 2207 despondit,
716 2154 867 2192 nunc
910 2138 1134 2193 tandem
1181 2139 1252 2194 ad
1300 2144 1352 2196 te
1401 2140 1781 2210 illiberaliter,
1830 2148 1890 2195 ut
1943 2142 2027 2195 ita

366 2224 548 2281 dicam
571 2227 885 2296 ejaculavit.
922 2226 1436 2298 Elegantissimam
1464 2229 1632 2300 hanc,
1661 2234 1718 2284 et
1766 2229 2024 2301 reliquas

363 2313 620 2370 Socratis
646 2320 701 2370 et
730 2314 983 2371 aliorum
1014 2315 1440 2373 Socraticorum
1473 2317 1752 2389 epistolas
1785 2317 2023 2373 Latinas

350 2407 486 2476 jam
521 2411 686 2461 antea
715 2425 750 2463 a
779 2423 876 2462 me
906 2407 1108 2475 factas,
1154 2407 1520 2480 antiquitatis
1569 2408 2024 2482 vestigatoribus

352 2512 541 2566 quam
575 2495 839 2568 primum
873 2497 1348 2554 communicabo.
1382 2500 1490 2553 Sed
1526 2500 1598 2554 ad
1646 2515 1790 2554 rem.
1846 2498 2023 2555 Lilius

347 2585 652 2657 Gyraldus
681 2586 1040 2660 Dialogismo
1069 2587 1102 2640 8
1134 2586 1626 2654 narrat,libellum
1659 2588 2017 2660 hunc,quem

345 2678 526 2730 vocat
558 2674 890 2740 aureolum,
925 2675 1076 2732 inter
1102 2680 1466 2748 pervetuslos
1515 2677 1744 2733 codices
1794 2679 2022 2735 Graicos

346 2767 687 2833 repertum,
716 2778 1014 2835 manuque
1047 2780 1155 2818 sua
1205 2765 1564 2837 exscriptum
1613 2765 1748 2821 Pico
1803 2765 2022 2822 Miran—

343 2850 507 2906 dulaa
561 2868 625 2908 se
675 2851 1013 2920 tradidisse,
1071 2867 1508 2925 exornasseque
1565 2853 1674 2910 hoc
1730 2855 2022 2927 epigram-

347 2944 516 2995 mate
556 2955 570 2995 :

346 3118 412 3173 Si
444 3117 604 3172 velut
633 3115 926 3190 Aisonides
951 3117 1251 3188 Nepheleia
1285 3117 1498 3175 vellera
1527 3120 1752 3190 quaeris,

420 3193 550 3248 Non
578 3204 686 3262 per
716 3187 968 3262 Cyaneas
1000 3191 1109 3245 illa
1134 3190 1369 3262 petenda
1395 3187 1601 3262 petras.

344 3263 415 3319 Si
443 3259 887 3334 quzilantaleis
920 3259 1208 3316 latuerunt
1235 3259 1443 3318 aedibus
1473 3263 1642 3334 Atrei,

417 3334 544 3388 Non
577 3347 645 3405 ea
681 3333 942 3405 Tantalea
962 3334 1163 3403 fraude
1189 3334 1452 3405 paranda
1480 3335 1606 3389 tibi.

347 3404 724 3473 Hesperidum
745 3405 801 3458 si
830 3404 983 3459 mala
1013 3407 1168 3472 cupis
1194 3411 1411 3461 servata
1441 3407 1705 3476 Dracone,

419 3478 545 3532 Non
577 3491 714 3546 opus
744 3476 1026 3544 Herculeo,
1059 3479 1187 3532 Pice
1219 3478 1401 3543 labore
1430 3479 1552 3534 tibi.

345 3548 410 3604 Si
436 3548 728 3618 quidquid
757 3549 934 3618 nigris
965 3551 1100 3604 auri
1127 3547 1384 3619 defertur
1407 3550 1473 3604 ab
1505 3549 1683 3619 Indis,

430 3625 549 3692 Non
581 3624 663 3674 est
694 3635 820 3692 cum
849 3621 1098 3692 trucibus
1125 3637 1310 3692 pugna
1337 3624 1528 3688 futura
1553 3624 1711 3692 feris.

361 3690 474 3761 [27]
511 3691 569 3746 Si
594 3690 866 3762 quidquid
898 3693 1073 3763 Lydis
1103 3691 1188 3746 vel
1208 3690 1389 3748 lberis
1416 3690 1661 3748 volvitur
1689 3693 1876 3762 undis,

430 3764 548 3818 Non
576 3765 684 3818 tibi
709 3779 807 3833 per
833 3773 1025 3832 gentes
1055 3767 1215 3833 longa
1245 3765 1471 3820 terenda
1499 3767 1595 3820 via
1627 3774 1723 3820 est.

351 3835 561 3893 Omnes
589 3849 708 3890 ecce
737 3834 844 3890 tibi
871 3837 1082 3908 ignotos
1100 3852 1433 3908 quacunque
1458 3837 1755 3908 parandos,

433 3908 755 3977 Thesauros,
783 3923 956 3978 parvo
985 3906 1169 3963 codice
1198 3906 1424 3964 Psellus
1455 3909 1637 3964 habet.

437 4103 588 4158 Hinc
619 4104 887 4178 frequens
920 4103 1082 4160 illius
1114 4105 1352 4173 mentio,
1371 4110 1429 4162 et
1458 4106 1748 4162 dictorum
1778 4122 2020 4162 examen

352 4193 517 4265 apud
585 4193 870 4250 Joannem
930 4195 1308 4251 Franciscum
1367 4195 1568 4252 Picum
1623 4195 1682 4250 in
1735 4197 1904 4253 libris
1952 4197 2024 4252 de

346 4287 534 4352 Auro,
592 4285 693 4340 sed
753 4283 1046 4356 praecipue
1103 4285 1317 4356 σοι).ίὲ
1371 4284 1474 4340 lib.
1533 4303 1596 4353 ιι,
1644 4287 2025 4344 Πεῖηοενὶιίσιτε

345 4379 507 4427 secta
574 4376 626 4428 et
694 4372 1027 4430 Abderiticae
1091 4374 1240 4428 inter
1313 4374 1636 4430 Aristotelis
1701 4377 2025 4447 interpretes

351 4461 596 4517 Michael
626 4462 847 4518 Psellus
877 4478 986 4518 non
1017 4463 1198 4517 solum
1229 4464 1499 4530 meminit,
1541 4465 1641 4520 sed
1686 4481 1720 4518 a
1768 4480 1824 4519 se
1872 4481 2022 4520 reve-

350 4552 478 4606 lata
527 4551 726 4606 scribit
770 4553 892 4622 ejus
941 4567 1178 4607 arcana.
1234 4553 1340 4608 Hic
1385 4555 1538 4608 enim
1565 4558 1684 4624 post
1713 4553 2020 4620 Rhetorica,

2149 802 2518 858 Feuardentii
2568 803 2810 858 Parisiis
2862 804 3018 874 apud
3073 802 3431 858 Gulielmum
3479 803 3802 858 Chaudiere

2146 890 2308 959 l577,
2340 892 2394 961 8,
2427 896 2482 946 et
2514 909 2670 948 anno
2703 893 2861 948 1615.
2898 892 3138 948 Lutetiae
3170 893 3530 948 Parisiorum
3564 891 3719 947 notis
3770 907 3804 945 a

2145 997 2208 1035 se
2240 979 2602 1036 illustratum
2651 983 2882 1052 primus
2931 982 3125 1038 Graece
3174 983 3265 1052 (ex
3312 983 3542 1038 duobus
3591 997 3807 1037 manu-

2143 1069 2381 1140 scriptis
2415 1087 2522 1126 suo
2553 1075 2610 1126 et
2641 1071 2886 1143 Morelli)
2917 1071 3410 1127 ediditGilbertus
3432 1070 3804 1139 Gaulminus,

2145 1174 2278 1213 cum
2312 1159 2797 1229 interpretatione
2831 1161 3038 1216 Latina
3069 1162 3337 1232 ejusdem
3373 1159 3808 1216 Morelli.Plura

2140 1245 2281 1302 item
2341 1264 2411 1303 ex
2469 1251 2673 1305 eodem
2735 1249 2975 1323 Dialogo
3034 1256 3323 1320 excerpta,
3386 1249 3589 1306 Latina
3654 1249 3806 1303 facta

2139 1335 2354 1392 Joanni
2387 1338 2619 1406 Medici,
2641 1356 2759 1394 una
2789 1356 2922 1394 cum
2955 1339 3087 1394 aliis
3117 1356 3186 1394 ex
3216 1337 3802 1407 Jamblicho,Proclo,

2140 1425 2485 1498 Porphyrio,
2519 1427 2820 1484 Marsilius
2879 1429 3115 1484 Ficinus
3165 1433 3626 1501 nuncupaverat.
3660 1429 3802 1484 Ges-

2140 1531 2317 1571 nerus
2351 1517 2641 1588 scriptum
2675 1519 2935 1588 reliquit,
2969 1519 3224 1574 Psellum
3260 1520 3410 1574 duos
3457 1518 3527 1572 de
3577 1523 3802 1573 Daemo-

2140 1604 2316 1660 nibus
2377 1604 2562 1662 libros
2631 1607 2962 1679 scripsisse,
3026 1625 3174 1678 quos
3235 1607 3450 1680 Diegus
3501 1607 3800 1662 Hurtadus

2138 1695 2392 1751 Venetiis
2453 1697 2816 1768 possidebat,
2868 1699 3190 1769 excusique
3255 1702 3418 1753 erant
3487 1699 3689 1752 Latine
3739 1696 3801 1751 in

2137 1783 2371 1840 officina
2401 1786 2550 1840 Aldi.
2593 1786 2667 1840 De
2719 1785 2982 1842 Hurtado
3033 1786 3181 1841 nihil
3232 1787 3383 1842 dico.
3434 1787 3514 1842 De
3565 1784 3802 1841 ofﬁcina

2138 1872 2270 1927 Aldi
2299 1873 2513 1930 falsum
2541 1879 2631 1930 est
2661 1874 2742 1930 ibi
2775 1874 2883 1931 bos
2913 1876 3061 1932 duos
3091 1875 3271 1931 libros
3302 1876 3373 1931 de
3422 1875 3791 1930 daemonibus

2137 1979 2267 2019 esse
2313 1963 2657 2035 impressos,
2693 1981 2824 2020 cum
2866 1967 2925 2020 in
2979 1965 3078 2021 illa
3125 1965 3378 2021 editione
3426 1964 3575 2020 nihil
3629 1964 3789 2020 aliud

2135 2053 2530 2123 contineatur,
2625 2069 2803 2125 quam
2901 2059 3174 2126 excerpta
3267 2053 3369 2110 illa
3463 2053 3786 2118 Ficiniana,

2135 2142 2352 2212 saepius
2401 2142 2478 2214 (a)
2511 2143 2718 2198 multis
2750 2143 2808 2198 in
2839 2143 2992 2199 locis
3017 2144 3196 2210 edita,
3221 2145 3427 2200 eodem
3459 2143 3685 2208 ordine,
3718 2160 3786 2198 ac

2135 2231 2538 2287 distinctione.
2572 2231 2925 2290 Gaulminus
2955 2234 3246 2304 conjectat
3273 2249 3344 2289 ex
3373 2233 3566 2288 verbis
3596 2232 3786 2304 ipsius

2131 2320 2307 2375 Pselli
2339 2320 2399 2374 in
2430 2321 2544 2376 line
2575 2320 2795 2393 dialogi
2843 2323 2914 2377 de
2964 2323 3354 2394 daemonibus,
3405 2322 3586 2379 libros
3635 2322 3786 2377 duos

2133 2410 2462 2479 scripsisse.
2524 2411 2678 2481 quod
2743 2411 2991 2468 latuisse
3050 2411 3398 2484 interpretes
3454 2411 3786 2480 Morellum,

2133 2503 2189 2554 et
2212 2498 2496 2566 Ficinum,
2529 2501 2656 2556 ideo
2680 2501 2934 2556 maxime
2956 2504 3108 2572 quod
3132 2501 3192 2556 in
3216 2501 3505 2574 excerptis
3536 2517 3566 2556 e
3598 2500 3786 2556 Psello

2133 2605 2260 2660 quae
2295 2605 2447 2645 tcum
2509 2589 2797 2661 excerptis
2859 2591 3078 2662 pariter
3132 2591 3246 2662 [28]
3302 2607 3370 2646 ex
3430 2589 3785 2656 Jamblicho,

2131 2677 2355 2746 Proclo,
2410 2682 2469 2734 et
2519 2678 2836 2751 Porphyrio
2901 2681 3061 2736 edita
3117 2685 3276 2746 sunt,
3331 2679 3528 2751 aliqua
3579 2677 3787 2735 ultimo

2133 2769 2322 2840 capite
2352 2768 2578 2837 atterat,
2614 2785 2744 2841 quae
2774 2769 3092 2842 desumpta
3138 2787 3207 2826 ex
3255 2769 3515 2826 secundo
3563 2769 3686 2835 illo,
3737 2769 3788 2824 si

2131 2859 2269 2929 quis
2298 2862 2408 2928 est,
2441 2857 2591 2914 libro
2621 2858 2806 2914 videri
2838 2864 3107 2930 possunt.
3149 2859 3385 2931 Optima
3428 2859 3787 2929 conjectura,

2131 2951 2189 3003 et
2235 2946 2468 3003 veritati
2519 2949 2928 3018 consentiens;
2981 2967 3109 3022 qua
3158 2949 3316 3005 enim
3371 2950 3431 3004 in
3482 2965 3548 3004 eo
3601 2947 3790 3019 capite

2131 3036 2531 3100 continentur,
2587 3055 2746 3102 cum,
2806 3043 2871 3093 ut
2931 3038 3314 3094 manifestum
3386 3039 3602 3110 legenti
3659 3053 3789 3093 esse

2130 3129 2344 3197 potest,
2369 3125 2429 3181 in
2463 3125 2572 3182 hoc
2598 3126 2840 3198 Dialogo
2871 3144 2988 3183 non
3021 3127 3370 3196 habeantur,
3391 3144 3459 3184 ex
3493 3127 3607 3183 alio
3639 3126 3789 3182 libro

2131 3215 2447 3286 desumpta
2480 3231 2607 3270 esse
2639 3231 2873 3272 necesse
2904 3220 3010 3272 est.
3044 3217 3192 3272 Sunt
3220 3222 3437 3286 autem,
3463 3233 3535 3272 ne
3563 3215 3790 3272 diutius

2049 3267 2091 3335 Ο
2131 3267 2195 3359 te
2209 3267 2873 3372 ingeminata};
2903 3267 3788 3376 ίιῖεὲειζιῖιῖἐἶιῖεζᾶἔιέξρεὲιῖῖἔτί

2128 3394 2282 3450 hanc
2348 3396 2618 3450 eamdem
2686 3412 2807 3451 rem
2876 3396 2984 3450 sub
3049 3395 3160 3452 hoc
3219 3394 3411 3465 titulo,
3469 3394 3610 3451 Τίνα
3664 3392 3790 3468 περὶ

2128 3479 2402 3554 δαιμόνων
2434 3469 2745 3552 δοξάζουσιν
2777 3481 3072 3554 “Ἐλληνες’
3108 3486 3376 3554 Quaenam
3403 3486 3516 3540 sint
3557 3484 3624 3540 de
3669 3484 3789 3540 da:-

2129 3575 2382 3629 monibus
2413 3576 2698 3645 opiniones
2731 3575 3255 3646 Graecorum-cujus
3287 3573 3649 3648 principium
3678 3573 3793 3628 tale

2131 3672 2239 3734 est,
2296 3662 2358 3718 Ὀ
2425 3662 2519 3735 μὶν
2581 3661 2851 3740 ἡμέτερος
2906 3661 3072 3740 λόγος
3131 3663 3474 3736 προαιρέσεις
3529 3661 3619 3717 καὶ
3678 3666 3795 3722 τοῖς

2132 3749 2392 3825 ἀγγέλοις
2439 3748 2648 3814 διδούς.
2698 3754 2807 3818 Qui
2868 3771 2939 3809 an
3002 3771 3155 3810 unus
3210 3755 3287 3810 sit
3338 3771 3472 3809 cum
3531 3753 3792 3809 secundo

2131 3841 2493 3897 Hurtadiano
2525 3859 2641 3898 non
2675 3844 2866 3898 ausim
2900 3844 3197 3899 affirmare
3229 3862 3243 3899 :
3277 3847 3333 3899 et
3363 3843 3688 3915 praesertim
3730 3842 3788 3896 in

2131 3929 2242 3986 hoc
2270 3931 2571 4002 scriptore,
2609 3931 2705 3986 cui
2755 3948 2872 3988 non
2926 3931 3163 3988 defuere
3209 3932 3365 3987 vires
3413 3931 3787 4004 eloquentiae,

2133 4036 2238 4075 nec
2271 4025 2752 4092 argumentorum
2786 4021 3198 4093 copia,quibus
3228 4022 3489 4078 eamdem
3523 4037 3644 4076 rem
3671 4037 3790 4077 non

2133 4109 2337 4177 semel,
2371 4111 2472 4165 sed
2507 4110 2728 4182 pluries
2778 4115 3194 4181 pertractaret;
3243 4115 3308 4166 ut
3350 4111 3544 4166 videre
3590 4114 3681 4165 est
3726 4110 3788 4164 in

2135 4197 2268 4254 aliis
2299 4199 2371 4254 ab
2402 4215 2468 4254 eo
2500 4199 2870 4271 conscriptis.
2907 4200 3078 4256 Porro
3110 4199 3218 4255 hos
3251 4201 3400 4256 duos
3445 4201 3518 4255 de
3567 4204 3787 4255 Daemo-

2135 4287 2310 4342 nibus
2361 4286 2543 4343 libros
2590 4287 2690 4343 alii
2743 4289 3015 4344 tribuunt
3077 4288 3343 4344 Michaeli
3402 4287 3674 4360 Ephesio,
3726 4293 3792 4344 ut

2135 4375 2338 4431 scribit
2372 4375 2724 4432 Possevinus
2755 4376 2815 4432 in
2846 4364 3386 4450 Apparatu.Eorum
3419 4377 3478 4432 in
3514 4378 3789 4433 Latinum

2132 4465 2322 4519 versio
2351 4465 2557 4520 incerti
2605 4465 2820 4539 legitur
2869 4468 2927 4522 in
2983 4468 3122 4523 Cod.
3173 4468 3334 4537 3122,
3387 4467 3791 4538 manuscripto

2137 4554 2458 4611 Vaticano:
2510 4559 2568 4610 et
2614 4556 2686 4610 de
2739 4557 3112 4612 Daemonibus
3159 4560 3435 4628 excerpta
3483 4573 3554 4612 ex
3605 4556 3788 4612 Psello

355 4641 655 4709 Historica,
688 4641 930 4712 Poetica,
963 4641 1375 4710 Mathematica,
1407 4644 1628 4714 scripsit
1653 4648 1706 4699 et
1735 4643 2017 4715 Chymica,
2052 4645 2097 4710 Ι)
2129 4659 2233 4714 per
2280 4643 2568 4699 Joannem
2620 4645 2906 4700 Jacobum
2955 4645 3360 4701 Bartholotum
3409 4650 3787 4701 Parmensem

348 4745 454 4784 nec
508 4745 626 4786 non
681 4737 736 4786 et
790 4730 1018 4801 Medica,
1073 4745 1199 4803 qua:
1263 4733 1628 4789 Constantino
1694 4734 2022 4805 imperatOri

345 4816 590 4874 dicavit.

415 4907 674 4964 XXXIX.
734 4909 1012 4982 Ejusdem
1084 4905 1216 4984 Περί
1300 4905 1564 4986 ἐνεργείας
1624 4905 1900 4984 δαιμόνων
1962 4913 2030 4970 de

2134 4733 2464 4806 physicum,
2531 4733 2728 4790 codice
2799 4735 2961 4789 5376.
3032 4733 3177 4791 Vide
3243 4751 3370 4808 quae
3439 4750 3546 4791 nos
3606 4735 3785 4790 etiam

2135 4839 2312 4895 supra
2337 4823 2412 4895 (b)
2443 4823 2721 4879 diximus.

2209 4911 2315 4967 XL.
2348 4912 2630 4983 Ejusdem
2661 4913 2725 4968 In
2753 4913 3003 4972 Oracula
3050 4912 3348 4970 Chaldaica
3393 4913 3664 4986 expositio
3713 4913 3784 4986 (ο)

1965 5009 2180 5067 NOTAE

424 5097 506 5169 ly)
541 5096 606 5150 In
635 5093 804 5169 Bibl.‘
836 5093 1059 5169 Gallica
1105 5095 1464 5169 Crucimanii
1513 5114 1571 5169 p.
1623 5098 1748 5153 405.
1799 5097 2022 5156 Gallica

351 5165 539 5224 etiam
572 5167 760 5222 versio
790 5165 969 5237 hujus
997 5166 1132 5222 libri
1166 5184 1200 5222 a
1232 5168 1470 5224 Morello
1513 5165 1679 5224 edita
1728 5186 2021 5226 memora-

348 5243 476 5304 tur,
511 5239 720 5304 Paris.,
774 5239 930 5310 apud
981 5237 1137 5310 Guil.
1189 5238 1536 5308 Cbaudiere,
1590 5242 1749 5306 1575,
1803 5243 2021 5298 additis

352 5310 654 5378 capitibus
684 5311 775 5375 33,
806 5315 865 5365 et
893 5309 1148 5381 36,,libri
1182 5313 1374 5381 quarti
1407 5313 1617 5367 Nicetes
1650 5314 1721 5368 de
1764 5313 2022 5371 Colossis

350 5382 523 5438 Asiae.
564 5383 796 5437 Librum
829 5380 1005 5436 Pselli
1036 5380 1261 5452 accepit
1293 5384 1569 5439 Morellus
1599 5401 1628 5440 e
1660 5385 2022 5442 Bibliotheca

347 5453 557 5510 Jacobi
591 5456 651 5510 S.
683 5451 1003 5516 Andreani,
1033 5451 1301 5509 canonici
1335 5457 1394 5511 S.
1429 5455 1629 5510 Mariae
1660 5459 1845 5513 Paris.

419 5528 497 5597 (τ)
532 5525 757 5582 Morelli
809 5524 1002 5581 versio
1051 5524 1238 5597 latina
1285 5532 1478 5582 exstat
1527 5528 1704 5582 etiam
1752 5528 1810 5583 in
1869 5527 2017 5582 Bibl.

352 5596 599 5654 Patrum
632 5598 774 5652 edit.
810 5597 994 5670 Lugd.
1026 5596 1093 5670 T_.
1138 5613 1304 5670 ,xvm.
1355 5615 1412 5670 p.
1459 5598 1584 5654 569.
1632 5600 1777 5654 llinc
1829 5600 2023 5654 Grece

333 5677 409 5738 _et
445 5670 654 5728 Latine
687 5685 820 5725 cum
853 5668 1149 5723 Gaulmini
1184 5669 1338 5724 notis
1357 5668 1529 5726 hunc
1559 5670 1774 5726 librum
1824 5671 2020 5726 minus

351 5744 669 5799 emendate
698 5740 1158 5812 recudiicuravit
1192 5741 1294 5812 _B._
1327 5742 1467 5798 Dan.
1513 5741 2018 5812 Hasenmullerus,

351 5812 541 5872 Kilon.
579 5815 745 5882 1688,
778 5812 868 5866 12.
904 5810 1042 5869 Vide
1072 5814 1130 5868 et
1156 5809 1208 5867 si
1241 5810 1432 5884 placet
1459 5815 1789 5870 Cardanum
1823 5831 1873 5871 ο.
1925 5809 2014 5870 93.

2128 5102 2210 5172 l_)_e
2241 5113 2438 5172 rerum
2469 5099 2790 5172 varietate,
2843 5100 2906 5155 T.
2952 5098 3083 5172 AIIIL
3108 5115 3242 5172 opp.
3296 5116 3353 5171 p.
3401 5099 3509 5154 319
3555 5116 3646 5172 sq.
3691 5104 3782 5158 Jo.

2129 5169 2416 5244 glericum
2468 5170 2616 5226 Bibl.
2667 5170 2991 5244 Universal.
3041 5171 3110 5228 T.
3151 5169 3312 5244 XV,‘
3334 5172 3567 5244 _p._118,
3602 5169 3692 5244 sq.
3726 5178 3786 5230 et

2128 5240 2469 5317 Yignoljum
2521 5243 2848 5317 Marvillum
2905 5259 2951 5298 s.
3004 5259 3068 5317 ιι,
3123 5240 3370 5317 miscell'.
3421 5240 3670 5317 litterar:
3725 5263 3785 5317 p.

2129 5310 2254 5390 ξοδ.
2285 5381 2296 5390 ι
2324 5313 2566 5390 Dialogi
2593 5314 2830 5390 _titu_lus
2868 5310 3184 5390 _Tipo'lleoe
3225 5312 3260 5382 ἢ
3324 5313 3449 5390 περὶ
3515 5310 3784 5390 ἐνεργείας

2132 5380 2443 5460 δαιμόνιωιο.Δ
2495 5380 2647 5460 Vide
2682 5380 2999 5460 iFulYlUII'li
3056 5380 3333 5460 Ursinum
3395 5380 3460 5442 'in
3525 5380 3783 5460 Ly'ricor.

2131 5457 2480 5531 fragmentis
2512 5459 2724 5531 p.179.
2761 5458 3114 5531 ethLambec.
3145 5457 3248 5515 lib.
3280 5476 3472 5531 vn,Ap.
3514 5457 3632 5518 I38.

2202 5528 2279 5604 (a)
2308 5528 2648 5604 gont‘er’lib.
2683 5531 2734 5585 1.
2767 5529 2914 5585 Bibl.
2950 5531 3179 5593 Graecae,
3212 5547 3263 5587 ο.
3295 5532 3348 5599 7,
3383 5528 3495 5604 §‘4.

2202 5601 2278 5667 (b)
2310 5601 2498 5672 Supra
2527 5600 2556 5670 ξ
2582 5601 2637 5654 9.

2203 5671 2278 5742 (c)
2311 5671 2662 5728 Inscr-ibitur
2690 5673 2866 5744 etiam
2898 5671 2958 5727 in
2991 5672 3191 5744 codice
3222 5689 3396 5744 quem
3428 5674 3612 5730 habeo
3645 5693 3782 5744 ms.,

2129 5745 2232 5820 Τοῦ
2307 5744 2629 5820 σοφωτάτου
2702 5741 2927 5799 Ψελλοῦ
3004 5741 3259 5818 ἐξήγησις
3331 5744 3408 5806 εἷς
3485 5746 3551 5799 τὰ
3621 5741 3781 5820 λόγια

2129 5815 2509 5891 Ζωροάστρου.
