4122 6384
411 395 532 456 503

1803 386 2090 449 LEONIS
2135 385 2452 446 ALLATII

3709 394 3832 456 504

413 529 587 600 cujus
635 526 1010 600 potissimam
1058 529 1281 599 partem
1332 523 1701 597 Nicephorus
1755 525 2064 594 Gregoras,
2095 519 2149 587 Α
2179 518 2326 588 tadi,
2355 518 2561 575 Caesari
2595 518 2665 574 ad
2698 519 2950 576 Venetos
2980 519 3264 594 Oratoris,
3316 523 3494 581 refert
3538 527 3833 586 Gesnerus

412 617 539 674 suis
568 616 627 671 in
661 616 893 688 Synesii
924 615 1188 671 libellum
1222 615 1295 669 de
1326 613 1646 669 Insomniis
1694 611 2065 666 Commenta-

413 707 541 773 riis,
571 708 926 762 verbotenus
958 706 1134 760 tacito
1170 703 1340 760 Pselli
1373 703 1631 770 nomine,
1667 699 2060 771 transeripsit.

412 800 530 851 Nec
561 812 677 850 non
711 795 1001 866 ejusdem,
1039 795 1227 849 Brevis
1272 793 1590 862 dogmatum
1638 790 2063 847 Chaldaicorum

410 884 734 950 declaratio,
767 884 846 956 (ά)
877 885 1073 939 Graece
1111 887 1168 938 et
1215 882 1417 936 Latine
1466 881 1723 952 primum
1773 879 1931 934 edita
1976 881 2066 932 est

415 991 449 1030 a
513 973 821 1029 Francisco
885 971 1134 1027 Patricio
1201 972 1260 1025 in
1328 970 1488 1025 Nova
1554 967 1929 1038 Pbi1030phia
1995 968 2065 1021 de

409 1061 710 1118 Universis
759 1063 831 1134 (e)
878 1061 936 1116 in
997 1065 1287 1128 Zorastre,
1341 1058 1678 1129 imperfecte
1736 1061 1956 1122 tamen,
2008 1059 2067 1109 et

409 1153 675 1218 confuse,
737 1167 868 1207 cum
932 1155 1253 1220 utrumque
1312 1147 1802 1203 commentarium
1861 1146 2064 1200 eadem

411 1241 704 1296 sententia
733 1238 1067 1305 concludat,
1101 1239 1186 1293 sic
1214 1237 1372 1293 enim
1407 1235 1631 1291 claudit
1679 1251 1692 1290 :
1743 1232 1957 1286 Τούτων
2009 1229 2068 1285 8‘;

405 1332 515 1382 τῶν
587 1323 874 1403 δογμάτων
939 1326 1006 1381 τὰ
1081 1323 1281 1392 πλείω,
1341 1324 1432 1378 καὶ
1508 1321 1916 1397 Ἀριστοτέλης,
1975 1319 2066 1375 καὶ

408 1416 639 1472 Πλάτων
693 1414 965 1486 ἐδέξαντο,
1013 1415 1065 1469 οἱ
1127 1413 1186 1469 δὲ
1242 1413 1365 1490 περὶ
1400 1411 1701 1482 Πλωτῖνον,
1733 1410 1822 1466 καὶ
1857 1409 2069 1486 Πορφύ-

411 1526 547 1582 ριον,
621 1505 712 1560 καὶ
793 1500 1144 1579 Ἰάμϐλιχον,
1220 1504 1309 1558 καὶ
1391 1501 1638 1576 Πρόκλον
1725 1507 1855 1556 πᾶσι
1935 1521 2066 1555 κατ-

409 1595 799 1666 ηκολούθησαν
834 1640 849 1664 ,
903 1592 992 1648 καὶ
1066 1594 1141 1654 ὡς
1219 1592 1364 1656 θείας
1422 1593 1602 1668 φωνὰς
1661 1587 2067 1665 ἀσυλλογίστως

405 1688 577 1738 ταῦτα
606 1680 870 1752 ἐδέξαντο.
904 1685 1112 1738 Horum
1143 1692 1328 1738 autem
1357 1683 1679 1753 dogmotum
1720 1681 1968 1751 plurima
2015 1688 2067 1734 et

411 1775 727 1830 Aristoteles
774 1781 827 1830 et
873 1774 1036 1829 Plato
1084 1777 1456 1843 susceperunt.
1515 1771 1764 1826 Plotinus
1818 1786 1965 1837 vero,
2014 1773 2068 1824 et

411 1863 781 1936 Porphyrius,
814 1865 867 1918 et
911 1861 1282 1929 Jamblichus,
1335 1875 1385 1916 et
1438 1861 1668 1914 Proetus
1715 1861 1904 1914 omnia
1949 1874 2077 1929 sunt
2107 1876 2155 1942 Β

404 1954 598 2022 secuti,
655 1957 708 2007 et
761 1956 1027 2022 tanquam
1072 1952 1299 2006 divinas
1349 1965 1501 2005 voces
1561 1965 1624 2004 ea
1689 1955 2061 2018 susceperunt.

407 2041 706 2097 Patricius
737 2041 798 2095 in
830 2041 1085 2096 Psellum
1109 2039 1185 2095 ita
1221 2038 1639 2095 animadvertit
1669 2055 1681 2093 :
1716 2038 1939 2092 Similia
1981 2036 2070 2090 his

407 2130 626 2185 Psellus
656 2133 849 2197 postea
876 2128 1132 2192 tradidit,
1181 2129 1399 2182 utinam
1445 2128 1615 2182 sicuti
1649 2127 1946 2198 prolixius,
1989 2129 2068 2181 ita

409 2224 464 2272 et
494 2217 851 2289 diligentius,
902 2217 994 2272 sed
1041 2217 1450 2288 qualiacunque
1495 2216 1630 2280 sint,
1679 2232 1787 2271 non
1836 2217 2069 2270 inutilia

412 2308 638 2378 cognitu
665 2307 900 2376 fuerint.
931 2306 1130 2376 Neque
1161 2306 1254 2360 hic
1286 2304 1516 2360 silentio
1551 2305 1662 2376 [29]
1714 2310 2067 2376 pretereun-

412 2397 555 2451 dum
586 2401 698 2460 est,
730 2395 984 2467 primam
1015 2394 1459 2466 Expositionem
1491 2393 1550 2447 in
1583 2393 1895 2449 Cbaldaica
1924 2394 2069 2449 Ora-

412 2484 547 2540 cula
577 2487 648 2541 ab
699 2483 832 2540 aliis
881 2487 1083 2540 Proclo
1133 2483 1309 2556 Lydio
1357 2483 1425 2552 (Γ)
1488 2482 1727 2547 ascribi,
1777 2483 1860 2538 sic
1909 2483 2069 2537 enim

413 2575 733 2630 adnotatur
798 2575 872 2629 ab
943 2573 1104 2628 illius
1171 2572 1530 2641 exscriptore
1587 2571 1646 2625 in
1705 2570 1900 2626 codice
1965 2572 2071 2626 572

411 2663 715 2728 Vaticano,
751 2657 1039 2733 Ἀλλαχοῦ
1070 2658 1250 2732 εὗρον,
1282 2657 1539 2732 Πρόκλου
1587 2654 1790 2711 Λυδίου
1841 2658 2069 2712 Ὑποτύ-

411 2751 800 2811 πωσις.Αιιὸί
827 2751 1037 2818 inveni,
1079 2751 1268 2805 Procli
1315 2750 1479 2820 Lydii
1528 2750 1903 2821 Hypotyposis.
1954 2748 2070 2803 Nec

411 2841 619 2896 dubito
650 2839 942 2907 Proclum,
975 2839 1152 2895 rebus
1184 2839 1344 2894 hisce
1377 2839 1869 2909 addictissimum,
1903 2837 2070 2895 libel-

409 2930 536 2984 lum
595 2931 666 2986 de
724 2929 834 2984 bac
893 2930 1096 2984 eadem
1149 2945 1210 2983 re
1261 2928 1706 3000 conscripsisse.
1767 2930 1877 2985 Sed
1951 2928 2071 2984 sive

412 3018 600 3074 Procli
635 3019 755 3074 sive
789 3017 962 3074 Pselli
993 3017 1186 3090 opella
1233 3017 1524 3087 ejusmodi
1575 3019 1670 3087 sit,
1723 3017 1870 3073 nulli
1916 3018 2068 3074 bono

412 3107 591 3163 fuerit
621 3107 677 3161 id
712 3123 905 3163 nosse.
941 3107 1217 3161 Eamdem
1252 3124 1380 3162 esse
1427 3106 1698 3162 existimo
1748 3109 1807 3163 in
1857 3108 2067 3164 biblio-

408 3196 579 3252 theca
632 3197 846 3268 reginaa
903 3192 1126 3263 Gallias,
1192 3212 1319 3267 quae
1369 3196 1533 3265 prius
1584 3197 1773 3252 fuerat
1819 3197 2066 3253 Joannis

414 3285 705 3356 Lascaris,
776 3291 980 3357 postea
1048 3286 1197 3340 Petri
1267 3286 1545 3354 Slrozzss;
1615 3287 1804 3357 primo
1870 3293 2066 3342 autem

414 3374 735 3430 cardinalis
769 3373 1086 3446 Rudolphi,
1117 3379 1180 3428 ut
1213 3374 1420 3429 scribit
1449 3374 1744 3430 Draudius
1775 3375 1834 3430 in
1867 3376 2075 3434 Biblio-

412 3463 584 3519 theca
613 3463 882 3518 classica.
918 3463 1034 3518 Nec
1060 3463 1175 3518 alia
1202 3464 1433 3519 videtur
1463 3480 1590 3534 quae
1611 3447 1680 3519 'in
1712 3464 2075 3522 Bibliotheca

411 3548 647 3605 Antonii
678 3549 994 3621 Augustini
1026 3550 1355 3606 habebatur
1382 3552 1510 3606 cod.
1540 3553 1669 3617 219,
1697 3553 1868 3608 Pselli
1889 3555 2072 3619 expli-

414 3640 564 3694 catio
595 3637 926 3706 dogmatum
955 3638 1102 3710 apud
1150 3640 1424 3710 Assyrios.
1478 3639 1823 3696 Absolutius
1870 3649 2074 3713 postea

418 3743 551 3782 cum
581 3725 883 3798 Sibyllinis
933 3727 1224 3793 Oraculis,
1274 3727 1523 3798 aliisque
1573 3729 1812 3784 Parisiis
1857 3732 2074 3802 prodiit

413 3814 611 3870 studio
639 3814 890 3870 Joannis
923 3813 1187 3886 Obsopmi
1218 3813 1296 3885 (g)
1330 3816 1487 3870 1599.
1522 3816 1580 3870 in
1608 3817 1660 3871 8.
1716 3819 2068 3874 Eorumdem

413 3902 861 3974 opusculorum,
891 3903 1123 3958 diversa
1153 3905 1224 3958 ab
1257 3904 1433 3969 edita,
1469 3904 1526 3959 in
1560 3905 1829 3962 Latinum
1881 3910 2068 3964 versio

408 3992 664 4048 habetur
694 3991 1100 4063 manuscripts
1131 3992 1258 4048 cod.
1291 3993 1450 4048 312.2.
1487 3993 1780 4062 Vaticano,
1833 3999 2066 4053 Incerti.

481 4079 622 4136 XLI.
677 4081 958 4151 Ejusdem
1011 4081 1452 4138 Commentarios
1498 4082 1575 4154 (h)
1623 4087 1686 4138 in
1733 4094 1852 4141 octo
1901 4087 2070 4143 libros

409 4169 722 4225 Aristotelis
749 4169 818 4224 de
847 4169 1085 4241 Physica
1127 4171 1552 4242 auscultatione,
1585 4176 1673 4241 ζει
1701 4175 2068 4246 ,interpreta-

407 4258 567 4314 tione
595 4259 823 4314 Joannis
880 4260 1148 4329 Baptista
1198 4258 1454 4326 Camotii,
1501 4261 1786 4318 cardinali
1837 4265 2067 4320 Herculi

407 4348 691 4418 Gonzagaa
752 4351 1148 4416 consecratos,
1197 4348 1382 4403 edidit
1436 4347 1698 4406 Venetiis
1758 4353 2068 4410 Federicus

407 4435 772 4492 Turrisanus
803 4435 1009 4491 Latine
1050 4436 1212 4501 1554,
1261 4437 1320 4491 in
1374 4435 1532 4492 folio.
1585 4441 1694 4494 Eos
1739 4443 2068 4498 manuscri-

405 4528 542 4596 ptos
590 4523 786 4580 Graece
841 4525 1106 4581 extitisse
1154 4525 1214 4579 in
1269 4524 1628 4582 bibliotheca
1675 4528 1877 4586 Didaci
1926 4530 2067 4588 Hur-

2171 607 2232 661 in
2293 607 2575 663 Michaele
2624 607 2834 677 Psello,
2886 613 2944 664 et
2992 609 3343 667 Possevinus
3396 612 3454 668 in
3507 617 3830 688 Apparatu.

2171 699 2236 751 In
2273 697 2416 751 alios
2447 697 2620 751 etiam
2672 695 2998 753 Aristotelis
3049 700 3230 756 libros
3281 702 3592 774 scripsisse
3641 709 3831 761 mani-

2173 785 2386 840 festum
2417 789 2506 841 est
2536 802 2605 841 ex
2635 785 2871 854 iisdem,
2906 787 3007 858 qui
3038 787 3278 845 Viennae
3329 791 3600 848 scribunt
3647 794 3834 851 fuisse

2172 873 2438 942 ejusdem
2471 876 2757 945 Epitomen
2784 877 3148 948 philosophiae
3173 880 3537 938 Aristoteliam
3566 883 3632 939 de
3669 899 3832 955 gene-

2174 965 2405 1031 ratione,
2439 968 2490 1018 et
2518 967 2890 1036 corruptione,
2919 975 2971 1022 et
2995 967 3063 1022 de
3091 972 3363 1025 meteoris.
3415 973 3553 1028 Item
3603 973 3835 1044 Exposi-

2173 1051 2378 1106 tionem
2424 1057 2485 1107 in
2531 1055 2909 1125 metaphysica
2956 1057 3284 1114 Aristotelis.
3336 1060 3643 1133 Latentque
3687 1064 3835 1131 ejus-

2174 1139 2315 1210 dem,
2365 1141 2568 1196 scribit
2613 1143 2877 1198 Andreas
2933 1144 3204 1201 Scbottus
3262 1147 3492 1204 Prtefat.
3545 1150 3606 1205 in
3661 1151 3834 1207 Cant.

2175 1229 2410 1296 cantic,,
2441 1231 2621 1286 Pselli
2644 1232 2892 1302 plurima
2921 1233 2982 1287 in
3013 1234 3260 1301 eiusdem
3287 1238 3606 1295 Aristotelis
3640 1241 3839 1313 Physi-

2174 1333 2316 1384 ca-m,
2349 1322 2698 1392 primamque
2725 1323 3153 1396 philosophiam,
3202 1328 3263 1380 in
3313 1326 3554 1385 Caesaris
3606 1331 3842 1402 Augusti

2183 1408 2398 1463 Viennae
2431 1409 2778 1465 bibliotheca.

2248 1495 2413 1552 XLII.
2476 1499 2748 1568 Ejusdem
2812 1499 2960 1557 liber
3027 1502 3158 1575 Περὶ
3226 1499 3509 1578 δυνάμεων
3573 1513 3675 1576 τῆς
3743 1510 3837 1581 ψυ-

2178 1587 2311 1658 χῆς,
2341 1589 2414 1643 de
2443 1590 2818 1645 Facultatibus
2848 1593 3078 1662 animte,
3111 1593 3286 1664 cujus
3315 1595 3460 1650 illud
3495 1602 3585 1653 est
3615 1598 3838 1670 princi-

2178 1675 2340 1746 pium
2397 1693 2410 1730 :
2462 1677 2585 1732 ’Ὁτι
2635 1681 2743 1731 τῶν
2797 1680 3053 1753 ψυχικῶν
3102 1677 3388 1755 δυνάμεων
3438 1684 3492 1738 αἱ
3554 1686 3650 1758 μὲν
3708 1685 3839 1741 εἰσιν

2178 1759 2396 1837 ἄλογοι,
2465 1767 2577 1822 sub
2645 1771 2921 1841 anonymi
2988 1771 3249 1838 nomine,
3308 1778 3365 1829 et
3433 1775 3606 1831 titulo
3679 1775 3837 1845 Δόξαι

2186 1852 2312 1926 περὶ
2341 1855 2548 1927 ψυχῆς.
2577 1856 2651 1911 De
2699 1858 2890 1912 anima
2937 1859 3176 1915 celebres
3221 1864 3534 1933 opiniones,
3582 1867 3758 1937 quasi
3809 1883 3840 1921 a

2185 1943 2334 1998 libro
2382 1943 2644 2015 longiore
2692 1951 2747 2001 ct
2797 1948 3054 2018 perfecto
3104 1946 3390 2023 Ἐκλογαὶ,
3435 1953 3524 2006 καὶ
3575 1958 3837 2027 Χρηστο-

2181 2032 2397 2103 μαθεῖαι
2430 2033 2542 2104 [30]
2575 2034 2772 2089 editus
2801 2043 2891 2090 est
2918 2039 3112 2093 Grtsce
3144 2045 3202 2094 et
3251 2040 3479 2108 Latine,
3527 2060 3561 2098 a
3604 2044 3838 2100 Joanne

2177 2122 2389 2176 'l‘arino
2423 2123 2738 2195 Andegavo
2768 2141 2995 2194 versus,
3028 2143 3161 2182 cum
3194 2130 3463 2200 Origenis
3498 2132 3840 2200 Philocalia;

2177 2210 2464 2265 Zacharias
2519 2211 2885 2283 Scholastici,
2959 2216 3220 2288 episcopi
3295 2218 3707 2292 Mitylenensis
3775 2223 3843 2277 de

2180 2299 2384 2354 mundi
2417 2299 2694 2370 Opiﬁcio;
2728 2307 2785 2357 et
2814 2305 3112 2360 Anastasii
3145 2305 3402 2374 Sinaitas,
3452 2310 3522 2365 de
3577 2311 3844 2367 hominis

2179 2390 2250 2443 ad
2286 2389 2603 2460 imaginem
2633 2390 2734 2446 Dei
2766 2397 2824 2446 et
2871 2393 3316 2452 similitudinem
3367 2399 3688 2466 creatione,
3749 2402 3848 2456 Lu-

2178 2484 2280 2532 tet.
2331 2479 2541 2545 Paris.,
2596 2497 2689 2551 ap.
2741 2480 3155 2538 Sebastianum
3210 2485 3517 2560 Cramoisy
3571 2490 3739 2556 1624,
3788 2491 3840 2546 Δ.

2181 2568 2355 2623 Illum
2386 2570 2600 2624 vetusti
2633 2571 2863 2627 codices
2907 2573 3069 2630 MSS.
3121 2575 3310 2632 Psello
3357 2578 3688 2645 vindicant,
3748 2596 3850 2635 nec

2180 2675 2213 2712 a
2260 2657 2430 2712 Pselli
2488 2659 2774 2716 orationis
2819 2666 3120 2719 structura
3169 2664 3342 2738 longe
3394 2667 3582 2724 abest.
3635 2669 3737 2740 Et,
3787 2670 3843 2725 ni

2179 2746 2368 2816 fallor,
2403 2747 2578 2818 [idem
2629 2748 2757 2820 ipse
2803 2755 2914 2817 est,
2965 2768 3138 2824 quem
3189 2754 3381 2811 Psello
3432 2757 3737 2828 tribuunt,
3784 2760 3845 2815 de

2178 2839 2363 2891 animo
2391 2837 2688 2892 secundum
2735 2841 2954 2895 variam
2995 2841 3454 2914 philosophorum
3500 2848 3842 2918 opinionem.

2179 2925 2239 2979 in
2273 2927 2610 2996 Augustana
2641 2926 3018 2998 bibliotheca,
3047 2930 3107 2985 in
3138 2933 3392 2990 armario
3423 2933 3493 2990 ll.
3523 2937 3709 2991 Index
3741 2939 3844 2992 Au-

2179 3020 2470 3085 gustanus
2505 3021 2606 3070 :et
2647 3015 2706 3071 in
2759 3015 3114 3074 bibliotheca
3162 3021 3535 3093 imperatoris
3581 3025 3838 3092 Vienna),

2176 3103 2483 3176 Spacbius.
2538 3104 2654 3160 Nec
2711 3105 2864 3161 alius
2922 3108 3120 3163 forsan
3177 3115 3289 3175 est,
3350 3112 3450 3183 qui
3512 3113 3572 3168 in
3635 3113 3839 3169 biblio-

2179 3193 2350 3248 theca
2415 3194 2571 3266 regis
2647 3194 2966 3264 Gallorum,
3032 3198 3206 3255 Pselli
3269 3201 3345 3256 de
3409 3206 3619 3274 anima,
3688 3202 3836 3276 legi-

2184 3285 2300 3337 tur.

2255 3371 2445 3428 XLIII.
2473 3373 2750 3444 Ejusdem
2786 3375 3202 3434 Annotationes
3232 3374 3290 3433 in
3324 3379 3552 3454 aliquot
3575 3381 3829 3456 Gregorii

2182 3462 2526 3518 Nazianzeni
2559 3463 2706 3530 loca,
2741 3481 2873 3520 cum
2927 3466 3060 3522 Elite
3107 3469 3401 3526 Cretensis
3445 3472 3725 3545 episcopi,
3773 3476 3825 3526 et

2182 3551 2654 3618 aliorum,studio
2684 3560 2740 3609 et
2768 3571 2945 3628 opera
2972 3555 3177 3612 Jacobi
3208 3558 3364 3614 Billii
3398 3559 3625 3618 Latina:
3671 3564 3820 3617 facta

2181 3646 2401 3712 saeptus
2432 3642 2601 3698 editae
2634 3648 2799 3714 sunt,
2829 3660 2967 3700 cum
2999 3645 3264 3718 Gregorii
3295 3648 3642 3707 Nazianzeni
3695 3667 3826 3724 opo-

2182 3729 2368 3786 ribus.
2471 3763 2479 3773 -

2249 3819 2439 3875 XLIV.
2469 3821 2742 3890 Ejusdem
2775 3823 2962 3878 oratio
2995 3825 3356 3898 Panegyrica
3389 3826 3447 3882 in
3496 3828 3822 3884 Simeonem

2180 3909 2636 3980 Metapbrastem
2668 3913 2826 3967 edita
2854 3913 2916 3984 (i)
2949 3913 3150 3969 Latine
3181 3932 3215 3971 a
3243 3917 3414 3972 Surio
3463 3917 3553 3973 die
3596 3918 3665 3971 27
3696 3918 3825 3987 ςΝοο

2176 3998 2451 4054 vembris.
2487 4002 2686 4055 Exstat
2724 4005 2919 4058 Graece
2972 4004 3380 4076 manuscripts
3429 4006 3486 4061 in
3541 4008 3670 4063 cod.
3723 4009 3830 4066 Va-

2177 4086 2372 4142 ticano
2419 4088 2546 4153 568,
2599 4104 2726 4159 quas
2795 4089 3024 4161 incipit,
3072 4091 3177 4147 Τὸν
3251 4090 3414 4168 μέγαν
3467 4091 3520 4150 ἐν
3572 4094 3676 4170 βίῳ
3744 4095 3834 4149 καὶ

2179 4171 2335 4246 λόλῳ
2371 4174 2615 4247 Συμεὼν,
2651 4174 2886 4231 ἐπαινεῖν
2917 4178 3308 4254 προελόμενοι,
3344 4200 3478 4240 cum
3512 4184 3645 4242 aliis
3676 4188 3834 4258 ejus-

2179 4265 2311 4320 dem
2347 4264 2521 4321 Pselli
2552 4265 2613 4320 in
2644 4267 2918 4322 eumdem
2953 4285 3080 4342 quas
3114 4287 3231 4326 non
3286 4271 3472 4330 multo
3524 4274 3681 4331 intra
3731 4277 3838 4332 ad-

2179 4353 2540 4410 notabimus.

2248 4443 2408 4499 XLV.
2441 4445 2716 4515 Ejusdem
2766 4446 3030 4503 carmina
3079 4449 3145 4521 (i)
3197 4449 3256 4505 in
3301 4452 3544 4510 Cantica
3591 4456 3842 4512 cantico-

2177 4549 2305 4588 rum
2337 4533 2756 4606 interpretatus
2787 4540 2878 4592 est
2925 4538 3270 4596 Franciscus
3314 4542 3494 4598 Zinus
3537 4542 3838 4602 Veronen-

2017 4632 2064 4687 N

476 4708 831 4806 (ﬂmmech
888 4704 1276 4796 »ξεφαλαιώδης
1336 4710 1426 4764 καὶ
1477 4708 1748 4786 σύντομος
1785 4718 1892 4770 τῶν
1925 4719 2068 4795 ποιρά

2185 4633 2230 4688 Ε

2185 4720 2518 4806 Simoneum
2567 4724 2829 4806 scriptis,
2873 4743 2938 4806 ⁸ρ.
2987 4729 3205 4806 2ξ1-23.
3257 4730 3564 4806 Ἐγκώμιον
3622 4733 3700 4797 εἰς
3748 4736 3841 4791 τὸν

415 4777 712 4842 Χάλδαίοις
745 4777 1052 4853 δογμάτων.
1233 4777 1240 4780 ⁷
1349 4825 1354 4828 .

502 4855 554 4924 e)
589 4854 864 4910 Ferrarius
897 4855 1055 4909 1591.
1091 4853 1294 4909 Venet.
1326 4855 1486 4926 1593,
1522 4856 1619 4911 fol.

479 4854 549 4993 ξω
584 4926 816 4993 Lycium
851 4942 966 4980 non
1003 4925 1244 4993 Lydium
1280 4927 1462 4982 fuisse
1511 4929 1612 4984 Pro

501 4928 555 4998 ί)
584 4926 973 4998 Lyciuminon
1003 4925 1244 4998 Lydium
1280 4925 1479 4982 fuisse
1511 4929 1773 4986 Proclum
1824 4935 2076 4989 testatur

413 4997 479 5066 in,
510 4997 637 5066 ejus
666 4997 800 5052 Vita
833 4997 1119 5062 Marinus,
1154 4998 1255 5066 qui
1288 5001 1744 5057 commentarios
1776 5005 1964 5058 Procli
2015 5007 2074 5061 in

417 5065 584 5140 λόγια
616 5074 901 5140 memorat
930 5085 981 5124 ο.
1033 5069 1121 5122 26.
1174 5065 1681 5133 Quemadmodum
1731 5078 1787 5129 et
1837 5076 2072 5132 Simeon

419 5139 792 5213 M_agister_de
821 5139 1232 5213 alimentorum
1265 5141 1644 5213 facultatibus
1677 5161 1731 5213 p.
1767 5146 1887 5200 141.
1923 5147 2073 5204 Edit.

425 5210 661 5287 Martini
695 5210 978 5287 Bogdani,
1011 5220 1134 5266 tum
1167 5211 1408 5269 Proclus
1438 5215 1564 5286 ipse
1595 5233 1650 5287 p.
1679 5210 1806 5271 359.
1839 5218 1901 5272 In
1935 5219 2076 5276 Poli-

423 5283 566 5337 tiam
598 5281 874 5336 Platonis.

491 5352 570 5424 (g)
599 5352 786 5424 Etiam
817 5353 958 5408 4589
987 5356 1045 5408 et
1082 5353 1234 5421 1601,
1269 5354 1450 5410 Paris.
1477 5356 1534 5411 in
1567 5359 1619 5411 8.
1651 5357 1718 5412 Et
1750 5362 1818 5415 ad
1853 5361 2070 5418 calcem

413 5423 693 5497 editionis
723 5423 1098 5497 oraculorum
1132 5425 1550 5497 Sibyllinorum
1588 5428 1896 5487 luculentas
1935 5451 2070 5489 cum

412 5495 576 5568 notis
596 5496 852 5568 Servatii
878 5496 1106 5568 Gallei,
1135 5495 1433 5554 Am‘sterd.
1468 5500 1627 5568 1689,
1658 5502 1715 5556 4.

482 5567 563 5637 (h)
594 5567 838 5623 Videtur
875 5567 1006 5642 bos
1033 5568 1344 5642 scripsisse
1393 5571 1451 5625 in
1484 5567 1732 5642 gratiam
1768 5574 2070 5632 Michaelis

413 5640 623 5716 Ducas,
652 5654 827 5709 quem
861 5637 1285 5716 discipulorum
1315 5637 1605 5716 optimum
1637 5646 1915 5716 appellat.

475 5710 540 5783 (i)
583 5709 781 5767 Graece
826 5715 884 5767 et
933 5709 1134 5766 Latine
1178 5709 1444 5785 vulgavit
1487 5709 1744 5772 Allatius
1792 5718 1945 5774 libro
1997 5719 2070 5775 de

2183 4792 2574 4876 Mesappdatnv
2628 4792 2822 4869 κύριον
2870 4792 3153 4876 Συμεῶνα,
3196 4807 3254 4876 et
3408 4792 3697 4863 236-244.-
3735 4810 3840 4865 0f-

2189 4865 2384 4944 ficium
2435 4865 2494 4918 in
2529 4865 3148 4944 commemorationem
3181 4865 3446 4944 ejus-dem
3481 4879 3778 4936 Simeonis
3807 4899 3841 4936 a

2186 4935 2825 5010 Pselloco‘mpositum.
2858 4939 3185 5005 Ἀκολουθία
3207 4935 3539 5010 ’συντεθεῖσα
3587 4950 3693 5004 ὑπὸ
3742 4935 3841 5005 “toti

2186 5003 2608 5080 ιῐπελλοῦῊιιίιο
2627 5011 2927 5080 juniorem
2961 5003 3218 5071 Psellum
3251 5003 3548 5077 auctorem
3581 5003 3713 5079 esse
3736 5003 3842 5079 Pa?

2187 5079 2443 5151 negyrici
2476 5080 2532 5134 in
2566 5079 2901 5140 Simeonem
2933 5088 3392 5160 Metapbrasten,
3447 5095 3658 5163 probat
3712 5097 3843 5151 Bol-

2184 5149 2398 5223 landus
2451 5154 2607 5220 prati.
2655 5156 2726 5209 ad
2775 5161 2918 5211 tom.
2964 5160 3005 5212 Ι.
3037 5163 3299 5217 Sanctor.
3333 5164 3623 5223 Januarii.
3659 5184 3716 5223 υ.
3752 5169 3841 5223 17.

2185 5184 2398 5205 ιαιιυυ
2453 5184 2607 5220 μιωι.
2655 5184 2726 5209 οιυ
2779 5184 2918 5211 sunt.
2964 5184 3005 5212 1.
3038 5184 3299 5217 Duucwl‘.
3333 5184 3623 5232 Januarii,
3659 5184 3716 5237 p.
3752 5184 3841 5223 ‘l'l.

2184 5221 2301 5302 Ijec
2331 5224 2621 5302 diffitetur
2650 5227 2900 5302 Allatius
2929 5229 3056 5302 ipse
3087 5231 3193 5286 boc
3222 5233 3346 5290 loco
3378 5242 3434 5290 et
3464 5238 3720 5294 diatriba
3771 5240 3842 5294 de

2186 5294 2585 5363 Simeonibus,
2620 5314 2672 5366 p.
2707 5299 2798 5353 68.

2252 5366 2332 5435 (j)
2363 5365 2661 5452 Ἐρμ-ρνείοι
2685 5369 2893 5452 illain
2913 5371 3222 5452 Ganticum
3253 5377 3616 5452 canticorum
3657 5379 3841 5434 versi-

2183 5435 2301 5520 bus
2344 5435 2581 5520 scripta.
2613 5445 2703 5520 est
2733 5441 3020 5520 politicis._
3049 5445 3266 5520 _l.atina
3304 5450 3494 5505 versio
3527 5452 3748 5506 Schotti
3782 5461 3840 5506 et

2180 5509 2304 5590 Zini
2336 5512 2590 5590 occurrit
2619 5509 2793 5590 etiam
2829 5516 2899 5590 in_
2929 5514 3081 5571 Bibl.
3131 5519 3384 5588 Patrum,
3435 5521 3620 5578 Paris.
3673 5523 3836 5590 4654,

2179 5585 2321 5657 tom.
2356 5599 2456 5657 χιιι
2482 5587 2538 5636 et
2569 5584 2709 5657 edit.
2743 5585 2924 5657 Lugd.
2960 5593 3099 5642 tom.
3125 5606 3285 5645 xwu.
3320 5584 3513 5648 Graece
3545 5601 3603 5649 et
3638 5584 3837 5650 Latine

2179 5656 2365 5706 exstat
2397 5655 2454 5707 in
2486 5656 2750 5733 auctario
2786 5655 3087 5726 Duceeano,
3121 5661 3302 5716 Paris.
3343 5664 3504 5719 162i.
3535 5666 3718 5722 Tomo
3772 5683 3832 5733 η,

2179 5740 2297 5780 una
2327 5740 2460 5781 cum
2492 5725 2676 5783 altero
2706 5733 3132 5788 commentario
3179 5734 3238 5789 in
3270 5734 3425 5791 idem
3465 5738 3768 5795 canticum
3802 5725 3835 5793 ὁ
