4122 6404
374 456 496 518 505

1647 453 2019 516 DIATl’JBA
2062 454 2161 515 DE
2206 454 2546 517 PSELLIS.

3695 440 3815 502 506

383 591 511 647 sis:
544 602 763 644 excusa
814 596 959 644 sunt
1012 604 1146 644 cum
1199 587 1578 656 Theodoreti,
1623 588 1880 655 Maximi,
1933 586 2049 645 Nili
2080 594 2130 657 Α
2164 586 2331 656 mihi,
2383 587 2693 658 utriusque
2742 583 3165 651 amicissimus,
3198 579 3454 636 Jacobus
3499 574 3813 648 Philippus

380 678 882 751 explicationibus
906 684 1077 734 Rom.
1106 678 1265 743 1563,
1290 677 1750 749 fol.,separatim
1768 677 2050 745 Venetiis,

2162 676 2520 734 'l‘homasius
2572 674 2947 747 signiﬁcavit.
2971 670 3176 727 Libelli
3218 670 3355 725 item
3401 666 3670 723 meminit
3700 666 3809 720 Ca-

374 769 535 840 apud
593 768 1027 841 Hieronymum
1080 767 1305 823 Polum.
1351 767 1512 836 1573,
1547 768 1605 822 in
1638 768 1697 830 4;
1731 771 1789 823 et
1836 766 2052 839 saepius
2161 769 2464 823 saubonus
2506 767 2566 821 in
2597 763 2725 819 Elii
2760 761 3056 835 Spartiani
3096 758 3415 815 Antonium
3445 754 3809 812 Caracallam

373 875 518 914 cum
542 857 916 913 Theodoreti
948 857 1527 929 operibus.Tandem
1564 856 1899 926 Antuerpiae
1917 871 2052 909 cum
2161 855 2336 911 notis.
2372 857 2439 910 Et
2485 856 2695 910 Justus
2748 852 3028 922 Ricquius
3068 850 3169 921 (ιη)
3223 848 3281 901 in
3332 845 3506 917 epist.
3538 843 3811 899 Centuria

375 951 601 1002 Catena
636 946 902 1011 Patrum,
936 952 995 1001 et
1024 945 1469 1016 Thaumaturgo
1513 945 1575 1001 in
1615 944 2049 1009 Ecclesiastem,

2160 961 2324 1000 nova.
2368 943 2655 1016 epist.29.
2682 946 2743 999 In
2776 941 3048 1013 Saregica
3091 936 3446 994 bibliotheca
3492 934 3645 989 inter
3692 932 3808 988 alia

375 1055 412 1091 a
446 1035 694 1091 Peltano
742 1036 900 1107 apud
934 1034 1256 1107 Gasparem
1299 1033 1587 1089 Bellorum
1622 1034 1777 1101 1615,
1809 1033 1869 1087 in
1898 1034 1952 1088 8.
1986 1034 2050 1087 In
2157 1035 2441 1106 opuscula
2472 1033 2877 1104 manuscripta
2904 1030 3071 1085 illum
3104 1045 3167 1083 se
3199 1026 3413 1081 vidisse
3440 1024 3635 1079 refert.

379 1126 495 1181 hac
523 1125 786 1181 editione
838 1125 1099 1197 primum
1134 1129 1311 1195 caput
1342 1123 1548 1179 Latine
1595 1122 1881 1179 convertit
1924 1124 2046 1177 An-

383 1216 554 1271 dreas
600 1212 909 1284 schotlus,
946 1231 980 1269 a
1011 1213 1268 1269 secundo
1299 1212 1423 1267 Zini
1457 1214 1646 1267 utitur
1695 1212 2047 1282 interpreta-

382 1304 560 1360 tione.
587 1303 957 1375 Opusculum
989 1302 1331 1359 inscribitur
1351 1302 1677 1373 Nicephoro
1702 1300 2043 1370 Botaniatae,

374 1390 1037 1463 Constantinopolitano
1069 1389 1428 1461 imperatori,
1462 1405 1638 1461 quem
1679 1385 2043 1463 πεφηφὸρον,

363 1483 424 1537 id
476 1486 575 1537 est
630 1498 893 1537 coronam
949 1482 1279 1551 gestantem,
1322 1479 1737 1549 imperatorem
1799 1475 2040 1540 scilicet,

360 1570 657 1643 appellat,
682 1574 749 1625 ut
772 1574 830 1625 et
851 1569 1000 1625 alios
1031 1569 1417 1639 imperatores
1440 1566 1555 1639 [31]
1584 1566 1714 1621 aliis
1739 1564 2041 1637 opusculis

359 1658 732 1731 compellare
766 1657 1092 1725 consuevit,
1125 1656 1415 1728 quidquid
1465 1656 1563 1711 alii
1613 1656 1929 1710 somnient.
1963 1654 2043 1707 Ea

360 1750 605 1821 primus
638 1765 673 1804 θ
701 1748 963 1803 tenebris
993 1751 1161 1802 eruta
1198 1746 1394 1801 Greece
1436 1744 1753 1817 publicavit
1782 1744 2041 1799 Joannes

356 1838 688 1907 Meursius,
723 1853 858 1892 cum
892 1835 1284 1909 Polychronii,
1315 1833 1574 1903 Eusebii,
1608 1838 1666 1888 et
1695 1834 1946 1889 aliorum
1979 1831 2039 1886 in

362 1929 578 1983 eadem
614 1926 857 1982 Cantica
888 1925 1375 1998 expositionibus,
1408 1923 1592 1994 Lugd.
1627 1927 1752 1977 Bat.
1790 1923 1945 1992 1617,
1977 1922 2030 1976 4.
2069 1964 2118 2029 Β

368 2017 670 2072 Martinus
720 2015 949 2071 Deltius
1000 2015 1224 2085 lsagoge
1269 2015 1327 2068 in
1385 2013 1541 2068 Cant.
1586 2014 1785 2067 cantio.
1820 2028 1949 2083 cap.
1981 2012 2038 2078 5,

375 2107 552 2162 refert
583 2105 842 2161 Psellum
892 2104 1141 2159 deﬁcere
1192 2104 1253 2159 in
1306 2102 1405 2157 illa
1450 2101 1834 2173 expositione,
1866 2100 2038 2170 cujus

378 2200 488 2265 est,
537 2200 599 2249 ut
650 2195 779 2267 ipse
827 2193 933 2259 ait,
985 2192 1164 2248 nimis
1213 2191 1485 2248 concisus
1533 2190 1904 2245 abbreviator
1934 2206 1948 2244 :
1983 2194 2040 2244 et

380 2285 693 2339 oscitanter
721 2283 903 2338 nimis
946 2282 1259 2354 decipitur,
1295 2282 1434 2336 dum
1466 2280 1549 2335 ait
1578 2279 1835 2335 Psellum
1868 2279 2035 2334 citari

374 2390 411 2428 a
444 2374 824 2440 Theodoreto,
856 2372 928 2427 ab
979 2370 1398 2443 antiquissimo
1452 2368 1947 2434 recentissimum,
1981 2374 2038 2424 et

371 2463 480 2535 qui
514 2462 746 2517 nonnisi
788 2466 921 2533 post
972 2460 1344 2532 octingentos
1378 2460 1496 2515 fere
1544 2475 1729 2514 annos
1780 2458 2036 2530 scripse-

360 2558 481 2607 rat.
517 2552 994 2608 Commentarius
1044 2549 1182 2605 item
1216 2550 1274 2603 in
1304 2548 1542 2605 Cantisa
1591 2565 1660 2603 ex
1707 2548 1898 2603 tribus
1930 2547 2032 2604 Pa-

361 2641 583 2711 tribns,
618 2642 691 2696 ab
742 2640 945 2696 eodem
996 2637 1206 2709 Psello,
1239 2638 1289 2693 si
1332 2638 1506 2693 index
1554 2637 1868 2693 Bavaricus
1901 2638 2031 2692 cod.

358 2732 455 2795 99,
492 2730 692 2785 fraudi
726 2746 841 2784 non
882 2733 996 2799 est,
1030 2728 1245 2800 saapius
1278 2743 1412 2782 cum
1443 2726 1805 2782 Theodoreto
1839 2727 2034 2782 Latine

360 2819 594 2885 editus,
628 2818 908 2874 collectus
940 2822 1050 2873 est.
1076 2817 1155 2871 En
1184 2817 1363 2871 verba
1395 2815 1642 2871 indicis:
1677 2816 1831 2883 item,
1862 2814 2030 2870 Com-

353 2907 697 2963 mentarius
735 2924 805 2963 ea:
833 2906 1011 2963 tribus
1034 2907 1291 2962 Pati-ibus
1316 2904 1576 2976 Gregorio
1612 2906 1875 2977 Nysseno,
1900 2904 2027 2960 Nilo

361 3008 418 3054 et
446 2998 720 3062 Maximo,
750 2997 1032 3052 collectore
1059 2996 1259 3051 Psello.

432 3083 673 3139 XLVII-
696 3084 976 3154 Ejusdem
1015 3084 1086 3138 ad
1128 3081 1475 3138 Michaelem
1508 3081 1584 3153 (k)
1615 3081 2027 3152 imperatorem

356 3174 563 3245 capita
594 3174 863 3245 quaedam
897 3171 1244 3243 theologica,
1273 3172 1344 3227 de
1383 3172 1675 3237 Trinitate,
1707 3175 1761 3225 et
1785 3186 2029 3241 persona

358 3264 607 3329 Christi,
632 3262 829 3317 Graece
857 3268 915 3316 et
948 3260 1165 3329 Latine,
1198 3277 1333 3315 cum
1366 3261 1521 3316 notis
1551 3260 1790 3315 Joannis
1823 3259 2025 3332 Wege-

2226 1122 2470 1179 XLVIII.
2506 1123 2784 1194 Ejusdem
2830 1120 3089 1192 Synopsis
3120 1120 3305 1186 legum
3353 1113 3620 1170 versibus
3652 1112 3804 1166 iam-

2154 1212 2324 1283 bicis,
2357 1216 2414 1269 et
2444 1212 2700 1284 politicis
2729 1211 2887 1266 edita
2916 1214 3006 1265 est
3034 1212 3249 1275 Graece,
3282 1204 3488 1260 Latina
3516 1203 3803 1272 interpre-

2153 1302 2394 1368 tatione,
2426 1306 2484 1358 et
2521 1301 2675 1356 notis
2720 1299 3036 1368 illustrata,
3068 1314 3245 1370 opera
3292 1299 3349 1350 et
3395 1293 3593 1348 studio
3623 1295 3801 1345 Fran-

2153 1391 2288 1446 cisci
2325 1392 2596 1463 Bosqueti
2627 1388 3049 1453 Narbonensis,
3081 1404 3151 1443 ex
3192 1382 3548 1440 bibliotheca
3577 1379 3802 1435 archie-

2152 1480 2374 1552 piscopi
2407 1480 2706 1547 Tolosani,
2728 1477 2970 1534 Parisiis
3001 1476 3155 1548 apud
3186 1475 3471 1529 Joannem
3502 1471 3801 1526 Catnusat.

2154 1570 2311 1637 1622,
2344 1572 2397 1626 8.
2431 1570 2488 1624 in
2541 1568 2842 1625 nonnullis
2887 1568 3004 1640 [32]
3054 1566 3355 1621 codicibus
3404 1560 3689 1631 inscripta
3720 1558 3800 1631 (η)

2151 1658 2490 1731 imperatori
2523 1658 2789 1714 Michaeli
2830 1663 3015 1712 Ducas.
3051 1655 3215 1710 Alius
3245 1654 3426 1708 codex
3454 1649 3800 1716 Vaticanus,

2153 1752 2215 1802 ut
2271 1754 2435 1803 notat
2489 1748 2645 1802 idem
2706 1747 3060 1819 Bosquetus,
3092 1744 3297 1809 habet,
3356 1740 3644 1804 Alexium,
3702 1738 3800 1788 tot”;

2148 1837 2466 1913 σοφωτάτου
2492 1834 2717 1891 Ψελλοῦ
2748 1835 2826 1899 εἷς
2852 1832 2981 1897 τοὺς
3010 1834 3213 1906 νόμους
3245 1829 3380 1905 πρὸς
3423 1828 3515 1882 τὸν
3560 1822 3799 1881 Βασιλέα

2150 1927 2316 2000 Κύριν
2350 1924 2614 1995 Ἀλέξων.
2677 1926 2745 1981 Et
2800 1930 2971 1981 vetus
3011 1920 3332 1987 Sirmondi,
3379 1917 3799 1988 Nicephorum,

2148 2015 2329 2090 Ἀρχή
2385 2012 2477 2068 σὺν
2529 2018 2644 2085 Θεῷ
2692 2017 2799 2067 τῶν
2846 2011 3153 2067 πολιτικῶν
3214 2007 3418 2083 στίχων
3474 2009 3572 2060 τοῦ
3626 2003 3801 2076 νόμου

2148 2103 2468 2158 ἐκτεθέντων
2524 2103 2670 2177 παρὰ
2723 2106 2821 2156 τοῦ
2879 2101 3078 2175 Κυρίου
3134 2095 3369 2173 Μιχαὴλ
3413 2099 3511 2149 τοῦ
3552 2091 3800 2163 ὶΙπελλοῦ,

2146 2193 2282 2266 πρὸς
2344 2194 2436 2247 τὸν
2501 2191 3018 2269 Ιιορφυρογὲννητον
3070 2188 3266 2265 Κύριον
3321 2183 3655 2262 Νικηφόρον.
3703 2182 3797 2249 Μὴ

2150 2281 2488 2358 βδυλόμενον
2538 2283 2829 2358 προσέχειν
2872 2286 2989 2343 τοῖς
3042 2278 3217 2352 νόμου
3268 2277 3551 2349 μαθήμασι
3600 2270 3691 2327 διὰ
3735 2272 3798 2325 τὸ

2144 2372 2381 2448 κεχηνὸς
2409 2373 2604 2427 τούτου
2642 2370 2899 2447 πέλαγος.
2940 2371 3194 2433 Titulus,
3226 2367 3315 2423 vel
3357 2365 3799 2438 Porphyrogen-

2147 2470 2292 2518 uetas
2350 2461 2733 2535 cognomine,
2786 2459 3112 2532 Nicephoro
3169 2458 3491 2513 Botaniataa
3549 2454 3794 2521 adnexo,

2145 2557 2457 2625 suspectus
2488 2556 2595 2608 est.
2626 2551 2749 2607 Non
2783 2551 2987 2606 dubito
3032 2554 3227 2604 tamen
3276 2543 3568 2609 libellum,
3598 2558 3797 2597 rerum

2143 2659 2435 2698 summam
2462 2641 2804 2713 gerentibus
2832 2640 2975 2694 adeo
3008 2635 3433 2703 necessarium,
3456 2649 3561 2706 pro
3591 2647 3800 2702 oppor-

2142 2731 2393 2787 tunitate
2450 2730 2696 2786 diversis
2754 2727 3209 2800 imperatoribus
3265 2722 3668 2793 inscripsisse,
3732 2724 3797 2774 ut

2142 2821 2468 2892 praecipuas
2496 2820 2659 2875 Juris
2700 2817 2954 2890 regulas,
2981 2834 3050 2872 ex
3088 2815 3235 2888 ipsis
3263 2813 3422 2869 luris
3453 2810 3635 2867 totius
3665 2809 3792 2864 fon-

2141 2894 2299 2965 tibus
2330 2908 2676 2980 compendio
2707 2911 3114 2980 pertractatas,
3137 2910 3193 2960 et
3212 2903 3472 2960 carmine
3504 2900 3673 2972 quasi
3706 2898 3792 2953 le-

2140 2998 2372 3055 nocinio
2399 2997 2712 3063 cmollitas,
2736 2997 2958 3068 absque
2985 2993 3271 3066 longioris
3298 2990 3567 3048 lectionis
3594 2988 3792 3058 taedio,

2138 3088 2188 3143 si
2240 3088 2473 3154 liberet;
2508 3090 2942 3158 percurrerent;
2988 3090 3055 3140 ut
3102 3085 3173 3138 de
3219 3082 3487 3153 ejusdem
3536 3078 3788 3147 Chryso-

2138 3177 2287 3249 pmia
2317 3193 2496 3247 supra
2528 3175 2805 3230 diximus.
2838 3175 2918 3229 Ex
2955 3173 3050 3227 his
3083 3171 3366 3227 nonnulla
3395 3170 3506 3225 sub
3537 3167 3787 3223 scholic-

2138 3283 2268 3321 rum
2302 3265 2539 3320 nomine
2568 3264 2808 3335 vulgata
2829 3261 2969 3318 olim
3001 3261 3163 3316 fuere
3193 3277 3226 3315 a
3260 3257 3600 3315 Leunclavio
3628 3255 3789 3311 Juris

350 3352 485 3407 lini.
551 3325 838 3423 Augustae
881 3350 1112 3406 Vindel.
1152 3325 1320 3422 apud
1380 3349 1695 3423 Georgium
1727 3325 2026 3419 Viller,'et
2055 3325 2098 3393 (ἶ
2139 3325 2874 3411 Graeco-Romanitdmou.
2900 3353 2963 3406 ln
2992 3349 3242 3423 Synopsi
3267 3348 3464 3420 legum
3488 3344 3788 3401 Michaelis

356 3441 787 3498 Sebastianum
819 3438 1059 3512 Mylium
1094 3440 1251 3507 1608,
1287 3439 1347 3494 in
1376 3440 1432 3495 8.

424 3529 662 3587 XLVII.
699 3528 976 3599 Ejusdem
999 3527 1291 3597 libellum,
1315 3528 1380 3583 de
1410 3528 1679 3599 Lepidum
1699 3529 2022 3597 virtutibus,

358 3619 678 3691 Philippus
708 3618 964 3674 Jacobus
1014 3619 1356 3675 Maussacus
1390 3618 1448 3688 (ι)
1488 3617 1717 3690 primus
1744 3618 2024 3692 vulgavit,

367 3708 571 3764 Latine
629 3708 828 3778 vertit,
878 3712 936 3763 et
992 3708 1355 3775 emendavit;
1411 3708 1606 3763 editus
1664 3713 1756 3763 est
1801 3708 2026 3764 Tolosae

361 3799 557 3853 Graece
608 3802 667 3853 et
721 3796 926 3853 Latine
979 3813 1133 3852 anno
1184 3798 1343 3865 1615,
1387 3797 1438 3852 8.
1486 3796 1699 3852 Verum
1755 3796 2022 3853 libellum

354 3886 517 3942 hunc
550 3890 689 3942 ante
739 3886 1115 3942 Maussacum
1159 3885 1366 3941 Latine
1396 3891 1453 3941 et
1481 3885 1680 3941 Italice
1726 3887 2022 3943 redditum

357 3976 437 4030 ab
464 3974 716 4029 Adriano
735 3974 993 4047 Spigelio
1022 3973 1376 4046 philosopho
1408 3979 1465 4029 et
1496 3974 1744 4044 medico,
1769 3980 1825 4030 et
1851 3976 2022 4048 Gym-

362 4064 521 4118 nasii
544 4064 794 4118 Patavini
828 4064 1182 4134 anatomico,
1206 4064 1363 4135 apud
1391 4063 1713 4119 Liberalem
1735 4068 2021 4133 Cremam,

356 4152 783 4225 philosophum
817 4170 885 4209 ac
926 4152 1218 4209 medicum
1252 4152 1625 4208 Tarvisinum
1657 4156 2022 4224 praetentis-

349 4242 583 4298 simum
643 4242 977 4298 conservari
1038 4242 1108 4297 ad
1162 4241 1321 4297 hunc
1369 4241 1548 4312 diem,
1608 4242 1861 4314 epistola
1911 4262 2023 4301 sua

2136 3443 2441 3510 Attaliotas,
2486 3443 2578 3499 tit.
2613 3443 2937 3515 praesertim
2974 3442 3061 3505 16,
3090 3440 3182 3509 25,
3214 3441 3305 3506 28,
3335 3439 3424 3505 32,
3457 3437 3547 3506 37,
3571 3436 3661 3502 40,
3697 3436 3786 3505 42,

2136 3535 2225 3605 48,
2252 3534 2342 3591 83.
2391 3534 2519 3603 Qui,
2569 3549 2703 3588 cum
2756 3549 2872 3587 non
2913 3528 3427 3587 animadvertisset
3472 3540 3788 3581 numerum

2137 3622 2489 3693 carminum,
2538 3628 2825 3693 tanquam
2871 3619 3126 3676 solutam
3182 3617 3506 3673 orationem
3556 3612 3792 3669 excudit

2134 3710 2497 3766 indistincte.

2205 3799 2409 3855 XLIX.
2442 3800 2720 3871 Ejusdem
2768 3799 2839 3854 ad
2884 3797 3155 3855 eumdem
3190 3796 3265 3867 (o)
3296 3793 3641 3851 Michaelem
3674 3793 3790 3848 Du-

2136 3906 2265 3945 cam
2308 3889 2571 3944 carmina
2629 3887 2883 3960 politica,
2935 3888 3010 3943 De
3061 3889 3329 3957 dogmate,
3378 3887 3572 3939 Graece
3630 3883 3788 3937 idem

2134 3980 2458 4048 Bosquetus
2489 3993 2620 4031 cum
2664 3976 2908 4049 Synopsi
2957 3975 3154 4047 legum
3208 3974 3301 4030 edi
3352 3972 3599 4038 curavit,
3630 3970 3789 4026 aJa-

2134 4068 2276 4123 cobo
2336 4065 2649 4122 Sirmondo
2707 4070 2966 4137 accepta,
2999 4065 3156 4120 unde
3203 4063 3441 4135 legitur,
3473 4061 3537 4117 de
3582 4068 3789 4132 septem

2132 4156 2307 4211 sacri:
2363 4154 2596 4227 Synodz's
2648 4156 2999 4209 cecunzenicis
3051 4154 3383 4222 Tractatus,
3441 4153 3539 4222 (ρ)
3591 4148 3789 4205 editus

2134 4246 2338 4302 Latine
2387 4248 2528 4301 tom.
2559 4260 2623 4299 ιιι
2655 4242 3074 4311 Conciliorum,
3108 4246 3272 4314 parte
3322 4240 3534 4313 prima,
3570 4256 3626 4311 p.
3660 4238 3788 4306 400,

1956 4352 2199 4410 ΝΟΤλλΕ.

346 4443 637 4521 Gregorio
669 4445 954 4521 Nysseno,
980 4446 1038 4501 S.
1061 4445 1191 4521 Nilo
1222 4452 1278 4502 et
1300 4447 1578 4515 Maximo,
1602 4462 1705 4518 per
1726 4451 2022 4521 eumdem,

347 4463 637 4517 uregorlo
669 4463 710 4500 ιν
759 4463 954 4515 sseno,
980 4463 1038 4501 δ.
1061 4463 1191 4502 nuo
1222 4463 1272 4502 et

347 4524 417 4573 ut
450 4517 686 4585 volunt,
717 4463 975 4574 ly’sellum
1008 4519 1272 4574 collecto.

426 4589 505 4660 (k)
542 4588 606 4643 In
641 4590 918 4664 Catalogo
949 4590 1100 4664 Bibl.
1136 4591 1465 4664 Barberinas
1499 4598 1638 4648 tom.
1660 4609 1723 4657 ιι,
1749 4608 1880 4664 pag.
1913 4593 2022 4648 253

346 4677 690 4736 perperam,
719 4662 792 4736 ad
839 4661 915 4736 M.
948 4661 1338 4736 Comnenum.
1372 4662 1503 4736 Haec
1551 4661 2010 4736 capita—Thecla.

345 4733 838 4816 gica_integrio_ra
867 4733 1052 4790 lector
1080 4734 1151 4789 ad
1185 4734 1403 4789 calcem
1434 4733 1831 4806 hujus‘libelli
1863 4736 2017 4793 Alla-

345 4811 432 4859 tia
445 4811 501 4858 ni
538 4811 809 4875 reperiet.

421 4878 491 4947 (ι)
524 4875 838 4932 Plutarcho
870 4877 942 4931 de
972 4875 1342 4945 ﬂuminibus,
1367 4876 1538 4933 Pselli
1571 4876 1839 4933 libellum
1874 4880 2013 4935 sub-

335 4947 889 5023 jecit_Maussacus,
914 4953 1179 5023 testatus
1200 4948 1364 5023 illum
1392 4966 1454 5023 se
1475 4950 1645 5023 edere
1676 4966 1743 5005 ex
1766 4968 2015 5023 apogra-

345 5018 466 5101 pho
493 5018 699 5075 Jacobi
740 5019 1059 5087 Sirmondi,
1092 5020 1262 5091 epist.
1299 5021 1661 5077 dedicatoria
1708 5022 1780 5077 ad
1812 5018 2013 5078 ‘Gaul-

341 5107 602 5146 mnuum.

415 5162 521 5232 (τη)
551 5163 760 5217 Justus
808 5162 1109 5233 Hycquius
1156 5162 1409 5232 epistola
1460 5164 1533 5219 ad
1584 5164 1660 5218 M.
1703 5162 2027 5222 Velserum‘

337 5235 483 5289 data
512 5237 706 5289 Romae
738 5236 897 5291 l6l0.
930 5235 1067 5307 Mihi
1110 5234 1513 5307 Bibliotheca-m
1561 5252 1740 5306 nuper
1787 5236 2011 5307 Saregi-

338 5322 467 5361 cam
494 5309 801 5361 excutienti
828 5305 1115 5380 opuscula’
1129 5306 1594 5380 ᾳᾳέειίιιγηϐνκεα
1624 5305 1842 5363 calamo
1873 5305 2007 5363 eaEa-

337 5383 470 5433 γαῖα
512 5380 571 5432 in
602 5394 799 5432 manus
849 5377 1132 5434 uenerunt.
1169 5377 1404 5432 Maximi
1459 5378 1733 5434 Planudaa
1781 5385 1837 5434 et
1889 5380 2010 5435 cla-

342 5466 550 5505 rorum
593 5448 819 5519 aliquot
866 5451 1124 5505 virorum
1174 5448 1436 5517 epistolae
1486 5458 1743 5505 centum.
1781 5450 2010 5508 Psellus

340 5523 414 5576 de
459 5537 833 5593 gemmarum
888 5521 1227 5586 virtutibus,
1260 5522 1473 5577 Incerti
1522 5523 1828 5591 cujusdam
1854 5524 2009 5591 (Em-

336 5594 560 5667 pedocli
585 5595 748 5663 vulgo
779 5593 1131 5667 tribuuntqr)
1157 5608 1361 5667 versus
1377 5593 1629 5667 iambici
1656 5595 1727 5649 de
1758 5594 2008 5651 lixarum

344 5664 660 5721 stellarum
704 5664 953 5735 sphaera,
988 5682 1021 5721 ι
1051 5664 1342 5720 Demetrio
1374 5664 1654 5721 Triclinio
1685 5667 2004 5722 emendati.

755 5737 977 5793 caedam
1008 5751 1209 5807 eorum
1236 5751 1364 5807 quas
1396 5736 1451 5790 in
1486 5736 1715 5793 excusis
1741 5738 2004 5794 Athenai

750 5807 1139 5867 eeiderantur.
1173 5805 1388 5871 Incerti
1424 5810 1487 5865 in
1517 5808 1735 5867 librum
1780 5808 2004 5868 Aristo-

343 5736 678 5793 Parecbolee

341 5809 657 5869 codicibus

2133 4450 2265 4507 telis
2324 4451 2395 4506 de
2451 4448 2745 4506 coloribus
2803 4448 3287 4505 commentarius.
3329 4445 3585 4502 Caniclei
3637 4445 3790 4501 liber

2132 4529 2334 4578 contra
2387 4522 2705 4589 Plotinum,
2757 4523 2885 4593 ejus
2921 4522 3090 4593 forte
3144 4522 3316 4592 cujus
3373 4520 3659 4593 scriptum
3719 4518 3791 4593 de

2131 4595 2575 4650 immortalitate
2628 4589 2861 4659 animi»,
2910 4589 3533 4647 civéxSorov’Cardanis
3582 4590 3684 4645 lib.
3718 4591 3789 4643 de

2132 4666 2667 4745 rerum__variet_a_te
2727 4665 2946 4745 laudat.
2995 4663 3258 4745 Sallustii
3312 4661 3789 4745 philosophiiﬁin

2049 4724 2098 4789 D
2134 4736 2402 4793 Heracliti
2438 4724 2819 4808 problemata
2868 4735 3177 4792 Homerica
3228 4724 3644 4808 summarium.
3681 4732 3787 4786 Ex-

2127 4817 2325 4882 cerpta
2355 4826 2424 4864 ex
2454 4804 2701 4882 Gemisti
2751 4808 3050 4882 Plethonis
3100 4807 3394 4882 Monodia,
3428 4804 3787 4882 de_immor-

2131 4876 2354 4937 tali'tate
2376 4881 2585 4936 anima
2627 4881 2904 4949 Ejusdem
2938 4878 3200 4934 defensio
3232 4876 3559 4949 Aristotelis
3581 4880 3789 4949 contra

2128 4954 2509 5009 scholarium.
2544 4946 2845 5007 Michaelis
2891 4950 3183 5021 Apostolus
3236 4965 3338 5020 pro
3387 4947 3667 5003 Plethone
3716 4946 3788 5002 li-

2127 5025 2249 5107 ber,
2284 5041 2477 5107 super.
2511 5023 2846 5107 substantia
2893 5022 3286 5107 Aristotelica,
3320 5023 3784 5107 contraﬁaza‘m,

2127 5090 2403 5152 Demetrii
2433 5094 2699 5150 Triclinii
2743 5096 2814 5150 de
2865 5094 3068 5149 metris
3116 5092 3369 5164 pouticis
3418 5090 3623 5164 libelli.
3658 5093 3786 5146 Di:-

2121 5170 2258 5238 picc,
2292 5183 2491 5239 quaso,
2524 5185 2596 5222 an
2628 5166 2836 5238 aliquid
2876 5168 2953 5222 sit
2991 5162 3152 5221 cedro
3181 5174 3234 5219 et
3276 5165 3495 5236 pumice
3524 5162 3780 5218 dihnum.

2124 5239 2403 5383 Hizflifé
2456 5309 2765 5383 etiamin
2816 5308 3026 5383 Codice
3081 5306 3551 5383 Vindobonensi,
3609 5306 3781 5383 cujus

2123 5377 2445 5439 meminere
2499 5381 2847 5437 Lambecius
2876 5386 2935 5436 et
2963 5377 3267 5435 Nesselius
3317 5386 3467 5450 part.
3501 5395 3564 5444 ιι,
3598 5395 3655 5449 p.
3688 5380 3781 5443 28,

2121 5462 2177 5510 et
2226 5455 2283 5509 in
2327 5454 2440 5510 alio
2488 5454 2688 5525 codice
2719 5470 2749 5509 e
2781 5469 2896 5525 quo
2946 5456 3081 5525 ante
3113 5451 3429 5525 _Bosqueti_
3461 5451 3781 5525 editionem

2120 5543 2323 5582 versus
2373 5524 2693 5581 nonnullos
2743 5521 3017 5597 produxit
3059 5522 3311 5578 Allatius
3364 5523 3435 5579 ad
3486 5521 3781 5578 Eustathii

2119 5598 2517 5654 Hexaemeron
2551 5614 2607 5654 ι).
2640 5598 2767 5652 280.

2192 5614 2517 5653 :xaemeron
2595 5639 2607 5652 .
2640 5614 2767 5652 ιδυ.

2192 5672 2262 5739 (ο)
2296 5675 2357 5723 In
2396 5686 2503 5725 ms.
2537 5614 2823 5732 gaesareo,
2873 5668 2945 5723 ad
2975 5666 3432 5724 Constantinum
3480 5664 3780 5721 Menema-

2117 5741 2318 5797 chum.
2352 5740 2500 5796 Vide
2532 5740 2848 5803 Lambech.
2871 5756 2949 5807 vx,
2983 5756 3041 5811 p.
3074 5740 3198 5795 163.

2188 5817 2277 5885 (p)
2307 5813 2491 5871 Totus
2521 5811 2849 5872 absolvitur
2872 5807 3143 5870 versibus
3181 5809 3439 5885 politicis
3467 5807 3556 5863 71.
