4122 6428
352 446 474 506 507
1749 445 2016 509 LEONIE

2137 446 2391 507 LLATII
3653 436 3781 498 508

341 575 588 632 Colonie
618 577 950 650 Agrippinae
985 580 1146 646 1606,
1177 580 1474 637 industria
1510 580 1767 637 Severini
1813 579 1962 634 Binii
1991 597 2005 646 ;
2036 583 2096 647 Α
2125 579 2237 634 bus
2270 577 2642 650 signiﬁcavit.
2693 579 2766 633 De
2813 576 3029 643 eadem,
3063 573 3288 635 scribit.
3317 576 3494 646 ferme
3522 588 3583 628 re
3610 581 3661 628 et
3691 574 3788 643 fa-

346 670 404 720 et
435 666 631 722 Graece
655 666 768 722 sub
793 667 1043 724 Joannis
1077 669 1247 726 Pselli
1282 670 1541 737 nomine,
1566 686 1698 726 cum
1725 668 2008 725 Theodori
2121 670 2330 724 cultate
2376 672 2450 724 ad
2499 668 2938 732 Constantinum,
2989 666 3171 737 hujus,
3209 668 3270 719 ut
3313 667 3467 734 puto,
3499 660 3792 718 Michaelis

347 755 656 810 Prodromi
703 761 759 812 et
807 757 1116 829 Nicephori
1149 759 1373 816 Callisti
1423 760 1714 829 versibus,
1768 758 2008 813 Basileae
2121 760 2288 816 Duce
2315 762 2625 829 parentem,
2658 757 2890 813 Michael
2935 756 3148 812 Psellus
3177 753 3450 810 Libellum
3479 756 3609 808 ante
3635 753 3783 807 scri-

342 846 500 915 apud
556 845 841 902 Joannem
901 848 1204 905 Bebelium
1262 849 1428 919 1536,
1477 849 1588 920 [33]
1636 851 1693 904 in
1738 849 1792 902 8.
1826 849 2008 913 Quem
2113 851 2325 920 pserat,
2357 849 2514 918 cujus
2567 851 2646 903 est
2701 847 3015 917 exemplum
3069 843 3218 916 apud
3269 844 3569 907 Heletium,
3619 840 3775 896 Grae-

339 933 556 989 Joanni
587 935 662 1006 (q)
694 936 872 991 etiam
928 939 1139 994 tribuit
1187 941 1444 996 Joannes
1493 938 1684 994 Tilius
1735 936 2004 1009 Engolis-

347 1024 591 1094 mensis,
627 1023 686 1078 in
720 1025 1121 1097 apostolorum
1151 1032 1208 1083 et
1237 1034 1578 1084 sanctorum
1622 1025 2004 1083 conciliorum

345 1111 629 1177 Decretis,
660 1112 970 1186 impressis
1006 1116 1242 1173 Parisiis
1282 1135 1386 1190 per
1413 1115 2006 1187 Conradum;Neoba-

344 1201 500 1256 rium
562 1203 726 1258 1540.
781 1205 840 1258 In
903 1205 1059 1261 hunc
1119 1207 1315 1278 ipsum
1371 1208 1709 1262 Tractatum
1767 1204 2006 1277 scripsit

346 1292 695 1348 Franciscus
752 1293 1207 1364 Feuardentius;
1260 1301 1318 1352 et
1364 1297 1757 1353 Bellarminus
1803 1295 2003 1365 tradit,

349 1378 609 1436 Psellum
641 1381 701 1436 in
734 1383 938 1438 eodem
995 1384 1445 1456 hallucinatum,
1478 1386 1536 1441 in
1572 1391 1855 1458 tempore,
1888 1401 2004 1455 quo

352 1468 646 1525 celebrata
688 1476 779 1527 est
816 1472 1005 1544 prima
1036 1475 1689 1548 Constantinopolitana
1719 1474 2002 1546 synodus.

353 1574 481 1629 quae
514 1559 624 1614 fuit
655 1561 915 1617 secunda
945 1579 1015 1618 ex
1045 1569 1296 1635 quatuor
1325 1565 1563 1637 primis;
1598 1565 1657 1619 in
1693 1564 2004 1636 Ephesina,

354 1664 482 1719 quae
515 1649 624 1704 fuit
667 1651 855 1722 tertia,
884 1657 1030 1710 tom.
1065 1657 1108 1724 Ι,
1145 1657 1513 1712 Controvers.
1547 1655 1600 1726 li,
1634 1654 1704 1710 de
1733 1652 2007 1710 Conciliis

354 1754 485 1810 cap.
519 1739 575 1795 5.

426 1827 486 1884 L.
523 1829 798 1900 Ejusdem
831 1831 896 1887 de
943 1833 1323 1890 Nomocanone
1367 1835 1628 1891 carmina
1659 1835 1851 1890 Graece
1879 1831 2007 1889 edi-

2119 955 2248 997 cum
2295 940 2468 993 totius
2523 929 2819 993 medicinae
2854 937 3201 1007 scriptorem,
3233 949 3340 988 non
3387 932 3574 990 eodem
3620 931 3786 987 modo

2119 1036 2462 1099 argumento,
2495 1027 2588 1082 sed
2633 1028 2824 1082 iisdem
2866 1023 3145 1084 interdum
3191 1039 3330 1095 pene
3376 1023 3576 1078 verbis.
3611 1025 3788 1078 Hunc

2118 1139 2215 1192 ego
2244 1122 2592 1191 Symeonem,
2628 1117 2831 1174 multis
2879 1119 3003 1172 licet
3055 1119 3115 1171 in
3161 1115 3298 1171 locis
3344 1114 3705 1186 depravatum
3733 1102 3790 1167 σε

2117 1227 2402 1276 mancum,
2424 1225 2552 1265 cum
2579 1209 2774 1264 Latine
2798 1223 3012 1280 quoque
3031 1205 3201 1260 modo
3223 1206 3498 1260 vertissem
3510 1221 3532 1266 ,'
3561 1202 3790 1272 adiutus

2117 1300 2398 1372 imprimis
2446 1300 2621 1370 ipsius
2652 1297 2827 1353 Pselli
2857 1297 3064 1360 libello,
3097 1303 3212 1351 tum
3259 1293 3505 1366 ejusdem
3534 1291 3714 1348 altera
3745 1309 3789 1346 α

2120 1390 2345 1461 Georgio
2388 1387 2542 1444 Valla
2593 1389 2652 1442 in
2701 1387 2962 1442 Latinum
3011 1386 3245 1458 pessime
3287 1399 3631 1448 conversum,
3681 1382 3790 1437 tibi

2118 1481 2179 1535 in
2207 1479 2363 1534 omni
2391 1477 2614 1532 medica
2639 1476 2947 1545 facultatis,
2975 1481 3085 1529 etc.
3111 1473 3284 1529 Recte
3305 1471 3528 1541 omnia,
3551 1471 3598 1527 si
3633 1469 3783 1525 illud

2117 1568 2404 1641 excipias,
2459 1566 2904 1622 Constantinum
2962 1562 3420 1620 Monomachum
3478 1565 3788 1634 parentem

2117 1657 2416 1714 Michaelis
2438 1656 2612 1712 Ducae
2639 1655 2844 1724 fuisse,
2869 1654 3087 1726 quippe
3117 1651 3218 1724 qui
3241 1653 3509 1708 diversus
3540 1650 3784 1707 omnino

2117 1749 2196 1805 sit
2225 1766 2258 1804 a
2285 1746 2669 1805 Constantino
2696 1745 2858 1800 Duca
2888 1741 3191 1798 Michaelis
3223 1747 3482 1814 parente.

2191 1837 2309 1895 LII.
2354 1837 2571 1892 Eidem
2624 1833 2818 1890 Psello
2877 1833 3094 1889 librum
3157 1829 3286 1905 Περὶ
3342 1825 3641 1903 ποδάγρας,
3701 1831 3784 1886 De

353 1916 605 2024 doitlcum.
639 1921 1048 2019 superioribus
1078 1923 1592 2024 liosquet.us,.quze
1625 1941 1757 1980 cum
1790 1922 2009 2024 lentior}!
2041 1959 2087 2024 Β
2116 1929 2380 2003 podagra,
2414 1944 2448 1982 a
2478 1923 2778 1981 nonnullis
2825 1922 3130 1979 codicibus
3161 1921 3340 1976 tribui
3382 1919 3574 1987 video,
3604 1919 3782 1990 cujus

354 2007 496 2076 sint,
531 2007 776 2064 alterius
826 2025 955 2067 esse
1005 2013 1261 2068 multum
1311 2014 1571 2069 dubitavi
1609 2031 1621 2068 :
1656 2030 1760 2069 nec
1809 2011 2013 2068 fefellit

2129 2020 2264 2075 illud
2301 2022 2391 2074 est
2421 2016 2657 2070 initium
2697 2032 2710 2070 :
2747 2012 2897 2068 Ἐπεὶ
2939 2011 3102 2085 ὥρισε
3140 2011 3276 2084 πρός
3320 2029 3386 2082 με
3415 2009 3442 2062 ὁ
3475 2007 3781 2084 κράτιστος,

360 2112 455 2151 me
486 2097 742 2167 animus,
779 2115 913 2154 nam
956 2100 1013 2154 in
1049 2100 1163 2156 alio
1195 2103 1601 2176 manuscripto
1634 2102 1829 2158 codice
1859 2104 2010 2157 Con-

357 2185 618 2241 stantino
648 2186 839 2244 Psello
887 2190 1250 2245 tribuuntur.
1286 2189 1689 2246 Κωνσταντίνου
1720 2187 2009 2264 προέδρου,

356 2272 445 2326 καὶ
479 2273 682 2328 ὑπάτου
735 2279 842 2330 τῶν
892 2272 1210 2355 φιλοσόφων
1265 2283 1359 2334 τοῦ
1391 2278 1618 2336 Ψελλοῦ
1669 2279 1742 2342 εἰς
1769 2280 1868 2348 τήν
1904 2285 2011 2332 No-

358 2363 662 2434 μοκανόνοὺ
722 2365 991 2422 ὑπόθεσιν.
1031 2371 1089 2424 In
1143 2369 1499 2427 bibliotheca
1549 2373 1728 2427 etiam
1777 2369 2012 2426 Antonii

353 2454 666 2527 Augustini
730 2457 859 2511 cod.
922 2458 1023 2512 151
1080 2463 1138 2514 et
1197 2461 1323 2529 175,
1381 2461 1570 2515 eidem
1630 2459 2014 2516 Constantino

355 2541 548 2599 Psello
579 2545 942 2602 tribuuntur.
976 2547 1089 2603 Sed
1133 2549 1445 2618 cujusnam
1495 2567 1645 2622 opus
1675 2549 1753 2604 sit
1785 2566 1898 2604 non
1932 2549 2014 2602 vi-

356 2633 530 2733 detur
560 2635 732 2705 tanti,
766 2639 831 2691 ut
861 2635 920 2690 in
953 2637 1082 2706 ejus
1125 2644 1363 2694 auctore
1408 2638 1761 2710 inquirendo
1791 2638 2016 2710 diutius

355 2738 762 2779 immoremur.

431 2811 524 2866 Ll.
575 2812 696 2867 Sub
763 2813 1029 2882 ejusdem
1104 2815 1344 2872 nomine
1407 2817 1821 2872 circumfertur
1873 2821 2018 2889 Syn-

357 2903 560 2971 tagma
625 2897 1019 2975 ἐκλελεγμένον
1089 2902 1194 2958 ἀπὸ
1249 2908 1358 2958 τῶν
1416 2905 1696 2980 Ἰατρικῶν
1761 2899 2017 2980 βιϐλίων,

358 2989 484 3064 περὶ
539 2986 821 3064 δυνάμεως
872 2999 1112 3071 τροφῶν,
1172 2995 1262 3050 καὶ
1318 2994 1604 3071 ὠφελείας,
1654 2995 1744 3051 καὶ
1781 2990 2019 3070 βλάϐης,

363 3079 434 3134 de
481 3081 828 3137 Cibariorum
866 3087 1161 3154 facultate,
1193 3088 1458 3151 utilitate,
1490 3095 1545 3142 et
1591 3104 1759 3153 noxa,
1793 3103 1866 3142 ea:
1910 3086 2018 3142 Me-

360 3167 499 3224 dicis
551 3169 711 3225 libris
757 3172 1062 3244 collectum,
1099 3175 1169 3230 ad
1215 3175 1668 3231 Constantinum
1723 3176 2021 3232 Monoma-

363 3257 540 3312 chum
573 3275 677 3331 per
707 3259 1034 3318 litterarum
1059 3263 1348 3334 ordinem,
1368 3266 1540 3335 cujus
1570 3264 1716 3320 illud
1745 3270 1835 3320 est
1865 3264 2021 3335 prin-

363 3346 609 3418 cipium,
636 3345 842 3402 ῐιολλῶ
870 3348 960 3404 καὶ
994 3347 1221 3426 λογίων,
1246 3352 1290 3406 ὦ
1315 3351 1549 3427 μέγιστε.
1581 3354 1733 3409 Illud
1761 3353 2019 3409 Simeoni
2051 3335 2094 3401 (ἶ

361 3437 536 3491 Setho
568 3437 642 3509 (ν)
675 3439 955 3510 magistro
1003 3441 1364 3498 Antiocheno
1411 3444 1721 3509 tributum,
1757 3447 1814 3498 et
1844 3460 1877 3498 a
1906 3443 2018 3514 Gy-

363 3523 530 3580 raldo
562 3525 763 3582 Latine
797 3529 1088 3586 redditum
1120 3531 1307 3587 Graece
1337 3537 1394 3586 et
1435 3532 1636 3588 Latine
1667 3531 2019 3603 Isingrinius

364 3613 604 3668 Basileaa
635 3618 874 3671 excudit
917 3618 974 3673 in
1009 3621 1065 3686 8,
1102 3620 1260 3675 1538.
1293 3625 1440 3677 Cum
1471 3639 1604 3678 vero
1637 3640 1751 3678 non
1784 3626 2014 3677 tantum

365 3703 691 3775 sententiae,
725 3707 823 3761 sed
857 3708 1033 3763 verba
1079 3710 1255 3765 etiam
1289 3711 1418 3782 ipsa
1462 3712 1519 3766 in
1570 3717 1820 3784 utroque
1849 3728 2019 3783 repe-

365 3791 618 3863 riantur,
650 3793 943 3861 existimo,
977 3797 1359 3856 Collectaneis
1406 3800 1574 3856 Pselli
1615 3800 1898 3856 nonnulla
1927 3802 2017 3854 Si-

366 3896 634 3937 meonem
670 3902 704 3938 a
733 3901 815 3952 se,
850 3885 1004 3941 inter
1045 3886 1357 3960 legendum
1390 3890 1816 3958 animadversa,
1849 3891 2019 3946 addi-

363 3969 545 4037 disse,
568 3972 657 4026 vel
682 3975 1016 4046 quempiam
1043 3977 1281 4034 tertium
1305 3981 1377 4035 ab
1404 3984 1653 4052 utroque
1675 3980 2016 4047 confecisse,

363 4060 516 4130 quod
566 4076 635 4114 ex
684 4061 875 4118 indice
929 4067 1330 4138 manuscripto
1379 4069 1448 4140 (s)
1497 4068 1691 4140 colligi
1744 4069 1954 4140 poterit
2003 4086 2015 4124 :

366 4145 663 4222 Σύντπγμα
711 4151 835 4224 περὶ
895 4157 1108 4231 τροφῶν
1160 4152 1440 4228 δυνάμεων
1485 4162 1582 4211 τοὺ⁹
1631 4155 1878 4229 Ψελλοῐὶ⁷
1927 4155 2018 4211 καὶ

368 4236 594 4306 Συμεὼν
627 4241 724 4290 τοῦ
773 4241 1112 4314 Μαγίστρου.
1158 4245 1463 4317 Synlagma
1511 4247 1576 4304 de
1622 4247 2021 4303 alimentorum

368 4325 583 4382 viribus
637 4329 829 4399 Pselli,
870 4340 921 4386 et
969 4331 1240 4389 Simeonis
1292 4337 1559 4406 Magistri.
1607 4337 1808 4408 Neque
1863 4335 2019 4392 enim

368 4413 582 4469 adduci
641 4433 908 4489 possum,
962 4426 1027 4477 ut
1072 4425 1327 4492 credam,
1365 4425 1619 4481 Psellum
1671 4425 1784 4498 [34]
1834 4442 1942 4480 sua
1989 4442 2023 4480 a

368 4502 567 4571 Setho,
590 4506 968 4564 eruditiorem
992 4510 1574 4586 eloquentioremque
1603 4532 1636 4570 a
1665 4515 1864 4570 minus
1895 4532 2023 4570 cru-

370 4591 495 4647 dito
526 4597 584 4647 et
613 4593 921 4666 eloquente
952 4605 1309 4658 mutuatum.
1335 4603 1597 4659 Aliorum
1619 4604 1913 4676 siquidem
1944 4603 2026 4660 la-

2119 2106 2206 2163 xati
2243 2107 2420 2182 ἅγιος,
2445 2105 2740 2177 capitibus
2771 2102 3170 2174 quadraginta
3195 2117 3296 2155 sex
3326 2099 3782 2166 concinnatum;

2122 2199 2248 2270 qui,
2279 2213 2414 2253 cum
2447 2195 2518 2250 ad
2552 2193 2931 2264 Palazologos,
2953 2207 3200 2262 quorum
3231 2191 3402 2260 jussu
3429 2189 3619 2244 fuerat
3648 2203 3786 2243 con-

2123 2287 2400 2359 scriptus,
2434 2285 2692 2339 directus
2725 2282 2822 2347 sit,
2856 2280 2969 2336 nisi
3017 2278 3273 2336 Psellum
3327 2277 3507 2333 alium
3541 2277 3784 2348 lingere,

2123 2377 2218 2432 cui
2268 2373 2449 2430 tribui
2500 2371 2710 2445 possit,
2750 2369 3020 2437 velimus,
3077 2373 3232 2424 certe
3279 2366 3451 2424 Pselli
3503 2383 3620 2422 non
3671 2369 3781 2421 est.

2125 2468 2338 2521 Auctor
2369 2468 2633 2534 tempore
2663 2458 2966 2517 Michaelis
3010 2456 3313 2529 Palaeologi
3345 2456 3595 2524 vivebat,
3627 2455 3722 2510 cui
3756 2471 3791 2509 a

2125 2552 2479 2610 valetudinis
2529 2569 2671 2607 cura
2719 2553 2868 2618 erat,
2903 2553 2968 2604 ut
3017 2548 3142 2619 ipse
3193 2548 3454 2602 fatetur:
3489 2543 3640 2601 Ἐπεὶ
3671 2542 3788 2597 τοί-

2125 2664 2216 2696 νυν
2245 2639 2492 2696 ἐκὲλευσὲ
2541 2659 2605 2711 με
2649 2639 2677 2692 ὁ
2728 2635 3001 2700 θειότατος
3059 2633 3336 2711 βασιλεὺς,
3370 2632 3486 2706 ciui
3537 2629 3583 2688 δ’
3622 2631 3787 2693 αὐτὸς

2127 2732 2232 2786 ἀπὸ
2285 2727 2392 2784 τῶν
2455 2727 2653 2803 ἰατρῶν
2715 2725 2900 2799 αὐτοῦ,
2958 2726 3047 2780 καὶ
3104 2725 3203 2793 τήν
3262 2722 3427 2778 αὐτοῦ
3471 2723 3651 2801 φύσιν,
3691 2721 3786 2776 καὶ

2127 2821 2225 2889 τήν
2257 2817 2469 2893 κράσιν,
2521 2816 2608 2871 καὶ
2658 2812 2907 2885 ἰδιότητα
2952 2813 3088 2868 κατὰ
3117 2813 3181 2868 τὸ
3221 2809 3442 2866 δυνατὸν
3477 2807 3664 2877 εἰδὼς,
3697 2806 3792 2862 διὰ

2127 2909 2188 2963 τὸ
2247 2909 2322 2982 μή
2373 2905 2512 2981 πρὸς
2563 2903 2755 2980 ὀλίγον
2806 2903 2993 2979 κκιρὸν
3046 2907 3275 2956 συνεῖναι
3326 2900 3496 2971 αὐτῷ,
3541 2897 3610 2953 τὰ
3647 2899 3790 2974 πρὸς

2129 2997 2266 3072 ἐμὴν
2323 2997 2596 3067 ἀνήκοντα
2645 2991 2870 3067 δύναμιν
2917 2992 3056 3047 κατὰ
3095 2995 3258 3046 τοῦτο
3291 2994 3369 3062 τῷ
3411 2989 3628 3065 ὁρισμῷ
3656 2986 3791 3042 τού-

2127 3108 2224 3142 του
2281 3087 2606 3158 πειθόμενος
2660 3080 2768 3154 ἤδη
2835 3081 3046 3159 γράφω.
3105 3079 3556 3152 Quandoquidem
3621 3079 3801 3148 igitur

2134 3179 2232 3235 hoc
2260 3179 2406 3234 mihi
2434 3177 2729 3248 imperavit
2759 3173 3142 3230 sanctissimus
3169 3187 3290 3239 rex,
3320 3186 3348 3225 e
3375 3171 3535 3241 cujus
3564 3167 3800 3224 medicis

2130 3285 2252 3324 sum
2301 3283 2464 3336 unus,
2499 3267 2728 3336 ideoque
2775 3266 3032 3319 naturam
3081 3265 3230 3334 ejus,
3273 3262 3799 3328 temperamentum-

2129 3374 2232 3430 que
2256 3358 2405 3427 novi,
2432 3356 2746 3427 prasertim
2785 3369 2908 3406 cum
2957 3351 3056 3407 diu
3105 3367 3229 3405 cum
3279 3364 3342 3405 eo
3391 3351 3640 3404 versatus
3665 3348 3797 3417 fue-

2129 3450 2264 3513 rim,
2295 3463 2393 3517 pro
2448 3462 2534 3512 ca,
2565 3458 2692 3516 quae
2744 3441 2889 3497 mihi
2916 3450 2995 3496 est
3034 3441 3290 3509 scientia,
3330 3439 3394 3494 de
3441 3438 3540 3492 hoc
3584 3437 3790 3503 morbo,

2127 3546 2190 3593 ut
2235 3538 2354 3607 ejus
2406 3535 2658 3591 obediam
2707 3531 2985 3601 mandato,
3047 3533 3288 3585 tractare
3345 3529 3574 3600 incipio.
3607 3529 3687 3591 Et,
3734 3523 3784 3578 si

2128 3643 2221 3682 res
2253 3626 2311 3680 in
2345 3641 2412 3680 eo
2461 3626 2866 3696 pertractatas,
2903 3621 3122 3674 nodum
3156 3623 3212 3674 et
3261 3618 3505 3672 formam
3557 3612 3786 3670 dicendi

2127 3715 2491 3778 consideras,
2524 3711 2755 3783 aliaque
2789 3728 2800 3765 :
2835 3728 2869 3766 a
2898 3709 3132 3764 dicendi
3165 3705 3579 3777 tractandique
3611 3702 3794 3758 ratio-

2128 3822 2200 3860 ne
2229 3803 2524 3860 Pselliana
2558 3802 2730 3874 longe
2761 3800 2999 3856 absunt.
3024 3798 3149 3853 Vidi
3183 3801 3388 3869 postea
3417 3795 3634 3851 editum
3673 3792 3794 3846 La-

2128 3894 2248 3950 tine
2297 3894 2407 3949 sub
2457 3891 2696 3947 nomine
2731 3889 2940 3945 incerti
2972 3888 3044 3943 ab
3073 3886 3326 3943 Henrico
3373 3882 3664 3954 Stephano
3695 3883 3792 3950 (t),

2129 3983 2285 4038 inter
2313 3987 2580 4036 auctores
2624 3978 2903 4045 medicos,
2937 3982 3077 4033 tom.
3109 3976 3180 4045 Il,
3215 3991 3285 4030 ex
3315 3972 3581 4030 versione
3613 3967 3798 4024 Marci

2129 4072 2354 4128 Musuri
2389 4071 2459 4126 ad
2492 4075 2729 4125 Scaram
2755 4067 3135 4133 Trivultium,
3157 4065 3328 4136 cujus
3358 4065 3429 4118 de
3459 4077 3528 4118 eo
3559 4059 3669 4115 hoc
3701 4063 3800 4114 est

2121 4161 2412 4231 judicium
2447 4178 2459 4214 :
2494 4158 2645 4228 Quod
2687 4160 2829 4213 sicut
2859 4160 3068 4220 auctor,
3093 4154 3341 4226 quisquis
3390 4153 3502 4206 hac
3529 4147 3791 4214 ediderit,

2129 4252 2317 4319 infans
2346 4258 2396 4304 et
2435 4249 2673 4319 elinguis
2721 4254 2860 4316 erat,
2889 4254 2948 4300 ut
2998 4247 3095 4316 qui
3140 4244 3394 4310 nesciret,
3427 4242 3480 4294 si
3527 4235 3662 4309 quid
3710 4235 3798 4290 vel

2128 4343 2252 4394 arte
2279 4338 2578 4405 didicisset,
2612 4336 2696 4391 vel
2738 4352 2843 4391 usu
2889 4343 3227 4406 compertum
3269 4330 3570 4397 habuisset,
3603 4325 3797 4398 expri-

2128 4445 2297 4498 mere,
2330 4432 2440 4485 etc.
2485 4427 2551 4482 Et
2603 4429 2739 4482 ante
2789 4424 3015 4496 aliquot
3063 4439 3272 4488 anuos,
3323 4419 3520 4475 Graece
3569 4415 3796 4470 editum

2131 4517 2370 4573 Parisiis
2416 4517 2474 4572 in
2507 4516 2752 4586 8,1558.
2804 4513 2971 4586 Apud
3024 4509 3406 4567 Guilielmum
3459 4499 3796 4569 Morelium,

2131 4608 2400 4664 Demetrio
2450 4611 2835 4679 Pepagomeno
2878 4601 3277 4666 vindicatum;
3311 4601 3368 4654 et
3396 4596 3513 4668 [35]
3545 4591 3796 4649 seorsim

367 4680 616 4772 boribus
645 4685 938 4757 meliores,
965 4706 1079 4745 non
1104 4691 1424 4748 deteriores
1453 4693 1695 4750 evadere
1717 4709 2020 4751 conamur.
2054 4707 2100 4772 Ι)
2132 4697 2338 4754 Latine
2360 4711 2428 4750 ex
2458 4691 2943 4766 interpretatione
2965 4687 3294 4745 doctissimi
3320 4685 3627 4757 cujusdam
3662 4679 3796 4749 viri,

365 4771 435 4824 Et
492 4771 722 4830 Psellus
778 4775 1076 4836 Sethianis
1135 4779 1276 4850 illis,
1307 4781 1513 4856 veluti
1569 4782 1764 4839 aliena
1819 4783 2022 4856 pluma
2054 4767 2090 4772 —
2132 4802 2306 4857 quem
2339 4784 2467 4854 ipse
2496 4799 2612 4838 non
2648 4780 2932 4837 nominat.
2952 4780 3098 4836 Cum
3121 4793 3256 4833 vero
3285 4775 3347 4832 in
3381 4772 3586 4830 multis
3608 4767 3798 4826 Psello

364 4859 644 4929 amictus,
674 4866 1102 4924 candidissima
1131 4885 1241 4924 sua
1269 4853 1663 4943 deturpasset.
1694 4853 1934 4929 Viderat
1961 4874 2021 4929 id

363 4962 601 5022 quoque
633 4952 946 5026 Gyraldus,
977 4956 1348 5031 epistolaque
1379 4961 1812 5035 nuncupatoria
1840 4963 2025 5019 omni-

2133 4873 2452 4943 tribuatur,
2484 4871 2622 4927 licet
2654 4869 2816 4925 illius
2848 4884 2965 4924 non
2997 4868 3096 4937 sit,
3127 4866 3284 4922 inter
3312 4863 3428 4921 alia
3461 4859 3637 4918 Pselli
3667 4874 3797 4914 mo-

2135 4964 2420 5019 numenta
2449 4960 2609 5018 edita
2636 4959 2832 5016 locum
2864 4957 3098 5014 habeat.

1964 5107 2200 5164 NOTIE.

438 5223 516 5304 ((1)
549 5221 1045 5304 1n_m_s.rGags_areo
1091 5228 1394 5304 Michaelis
1430 5231 1597 5304 Pselli
1650 5249 1778 5304 esse
1827 5233 2026 5304 perhi-

368 5293 590 5382 betur}
622 5299 729 5349 Τοῦ
773 5295 998 5382 Ψελλοῖξ
1043 5300 1238 5382 κυρίου
1283 5293 2022 5382 ,ῳιχαήλ-περὶ-τῶίάγίῳν

370 5370 462 5450 xui
502 5370 842 5451 ,οἰκουμρνικ
870 5375 943 5425 ὧν
977 5370 1122 5427 ἔπτᾶ
1168 5370 1413 5428 συνόδουκῖ
1457 5370 1594 5446 ’πρὸς
1628 5370 1738 5430 ’τὸν
1803 5370 2028 5451 βασίλὲα

373 5435 469 5515 τὸγ
495 5435 865 5515 Μονοράχονῗ

438 5507 795 5586 (1‘)_S_imeoni
855 5513 992 5570 huic
1046 5515 1327 5586 vindicat,
1374 5522 1433 5574 et
1478 5536 1546 5575 ex
1596 5521 1828 5577 duobus
1879 5537 2024 5577 mss.

370 5577 500 5670 {sui
531 5583 788 5670 Mentelii
846 5577 1462 5670 integrioremuh'ujus
1490 5590 1655 5670 r_libri
1691 5593 2026 5670 _edit_ionem

369 5665 503 5736 cum
535 5660 834 5736 versione‘
853 5660 1113 5736 etinotis
1143 5660 1306 5736 dedit
1345 5662 1646 5736 Martinus
1691 5666 2025 5736 Bogdanus,

370 5721 558 5814 Ραςὶξτ
612 5731 1040 5814 1§58,.8..'Vide
1085 5736 1144 5787 et
1190 5731 1470 5814 Allatium
1513 5737 1586 5791 de
1630 5721 2024 5814 Simejouibus;

361 5811 422 5868 p.
463 5796 588 5855 181.
621 5801 800 5861 Pselli
829 5802 1050 5860 librum
1095 5818 1216 5861 una
1244 5819 1383 5862 cum
1415 5806 1710 5866 Simeonis
1757 5808 1907 5867 libro
1952 5796 2026 5866 ad

2137 5249 2280 5288 mss.
2313 5232 2542 5287 codices
2593 5228 2881 5287 recensito
2913 5227 3082 5282 edere
3123 5225 3307 5296 voluit
3334 5221 3618 5296 Georgius
3663 5218 3802 5275 Hie-

2137 5322 2262 5361 ron.
2297 5303 2654 5359 Welschius.
2688 5302 2833 5355 Vide
2864 5301 2994 5369 ejus
3025 5295 3332 5369 epistolam
3369 5294 3464 5351 IX.

2206 5377 2278 5449 (s)
2303 5377 2402 5449 Sic
2453 5377 2630 5432 etiam
2677 5374 2867 5449 codex
2892 5363 3240 5449 “Caesareus”
3263 5370 3500 5449 denque
3523 5363 3804 5449 ‘Lam'he—

2137 5433 2274 5504 citis,
2295 5448 2388 5517 v1,
2423 5465 2479 5518 p.
2517 5449 2640 5502 161.
2674 5446 2834 5500 Idem
2885 5448 3173 5518 memorat
3204 5439 3376 5518 paeni
3403 5433 3538 5518 ’περξ
3590 5433 3806 5518 suae,

2138 5521 2208 5575 ad
2243 5505 2388 5591 imp:
2421 5505 2874 5574 Constantinum
2906 5513 3385 5570 Monomacbum.
3419 5505 3634 5633 Incipit
3659 5524 3672 5562 :
3700 5505 3802 5557 Καὶ

2138 5593 2298 5633 Ψηῆφη
2373 5597 2472 5633 Tic-
2550 5592 2648 5633 εἰς
2731 5581 2886 5633 ἔργον
2945 5585 3206 5633 ποονοίαα
3261 5581 3353 5633 καὶ
3415 5600 3555 5633 nava
3598 5579 3802 5633 οφυοῦς

2136 5593 2298 5644 τοῦτο
2333 5581 2349 5591 ’
2373 5597 2472 5658 τῆς
2505 5660 2511 5661 γ
2550 5592 2648 5653 σῆς
2731 5581 2886 5661 ἔργον
2922 5585 3206 5661 ,προνοίᾳς
3237 5581 3353 5661 ,καὶ
3415 5581 3803 5661 μεγῇλοφυοΰς

2139 5661 2391 5738 ἐπινοίας.
2429 5653 2519 5716 καὶ
2579 5653 3102 5738 φίλανὸρωπόῖήτος
3143 5653 3433 5738 ,ἐπίταγμὰ
3457 5653 3804 5738 ,έΚωνσταν-

2139 5740 2255 5790 τῖνε
2283 5733 2524 5800 θειότατε
2546 5724 2636 5788 κάὶ
2670 5724 2888 5805 μὲγίστξ
2917 5724 3280 5803 αὐτοκράτορ,
3311 5724 3438 5783 κζτ.
3474 5724 3530 5780 λ.

2213 5812 2282 5880 (ι)
2309 5807 2492 5879 Paris,
2525 5810 2590 5862 Δ.
2625 5801 2786 5876 1567',
2817 5801 2918 5861 fol.
