4122 6410
213 406 327 466 509

1476 400 1853 463 DIATRIBA
1896 401 1998 462 DE
2046 400 2385 463 PSELLIS.

3527 406 3650 468 510

281 537 435 593 Llll.
487 540 555 591 Et
595 537 718 594 base
767 537 939 595 Pselli
989 553 1166 610 opera
1207 535 1288 608 (u)
1335 535 1494 592 edita
1549 539 1691 592 sunt
1747 551 1875 606 quae
1903 535 1959 603 Α
2064 535 2174 591 LV.
2211 536 2548 604 Quaestione:
2578 535 2903 604 theologica
2924 551 3049 591 cum
3081 540 3548 608 responsionibus,
3574 540 3650 595 ad

211 628 366 684 mihi
397 627 588 682 videre
640 629 910 700 contigit.
946 633 1031 683 An
1083 626 1196 682 alia
1247 626 1387 681 item
1448 627 1570 680 sint
1617 626 1880 681 nondum

214 717 372 772 novi.
410 715 561 771 Illud
593 717 774 784 scias,
809 717 1012 786 lector,
1043 715 1189 772 alias
1236 715 1373 771 item
1407 730 1537 770 esse
1567 713 1884 769 nonnullo-

204 823 338 862 rum
370 823 440 862 ex
486 805 652 862 hisce
702 807 984 879 Operibus
1014 806 1324 870 editiones,
1358 821 1508 876 quas
1559 804 1751 859 libens
1781 819 1880 859 vo-

204 895 463 968 lensque
493 895 691 951 omisi.
728 897 885 952 Satis
932 897 1008 951 sit
1054 895 1482 968 praecipuarum
1535 893 1880 949 commemi-

205 987 392 1041 nisse.
427 984 672 1040 Utinam
724 989 780 1040 et
831 985 967 1056 alia,
1014 1001 1141 1056 qua:
1185 985 1310 1055 jam
1361 984 1566 1048 latent,
1615 985 1879 1038 eamdem

205 1092 348 1131 cum
378 1074 515 1130 istis
546 1075 848 1130 fortunam
882 1073 1312 1146 experirentur!
1339 1074 1449 1129 Sed
1481 1072 1718 1144 quando
1750 1087 1880 1143 pes-

207 1165 504 1220 simorum
557 1162 876 1218 hominum
933 1161 1196 1233 nequitia
1253 1161 1310 1216 id
1371 1161 1496 1216 fieri
1551 1160 1778 1232 nequit,
1808 1176 1879 1214 en

206 1254 546 1324 aliquorum
609 1253 805 1307 adhuc
854 1252 1208 1307 ineditorum
1262 1250 1595 1323 catalogum
1646 1249 1742 1304 hic
1790 1254 1875 1304 at-

208 1349 426 1410 texam,
479 1357 738 1413 quorum
798 1340 943 1396 mihi
995 1340 1280 1396 memoria
1327 1341 1613 1411 suppetit,
1659 1342 1717 1394 et
1763 1354 1878 1409 quo

208 1431 497 1486 dicuntur
545 1446 678 1487 esse
729 1430 786 1485 in
843 1429 970 1486 loco
1019 1429 1302 1501 aperiam,
1334 1435 1420 1496 ut,
1456 1430 1505 1484 si
1553 1429 1724 1484 detur
1768 1427 1877 1482 ali-

203 1522 445 1592 quando
482 1519 760 1590 facultas,
782 1519 893 1575 tibi
925 1520 1117 1590 possis
1147 1523 1344 1574 tantos
1374 1519 1682 1574 thesauros
1713 1533 1864 1572 com-

198 1626 433 1682 parare.
468 1609 876 1680 Laudaboque
904 1613 1194 1678 auctores,
1228 1613 1294 1662 ut
1322 1608 1478 1663 unde
1509 1608 1566 1662 id
1599 1607 1872 1672 habeam,

197 1701 308 1756 tibi
341 1704 725 1770 compertum
759 1697 855 1763 sit,
879 1701 934 1753 et
965 1697 1014 1754 si
1038 1715 1168 1769 quae
1190 1700 1356 1753 fraus
1378 1697 1872 1768 deprehendetur,

197 1789 424 1845 habeas
457 1796 524 1843 tu
545 1788 752 1852 etiam,
773 1786 832 1841 in
866 1803 1015 1859 quas
1037 1786 1259 1842 crimen
1293 1786 1530 1842 referas.
1555 1786 1635 1841 De
1658 1784 1874 1857 quibus

1994 624 2338 680 Michaelem
2398 625 2645 692 Ducam,
2695 626 2914 695 quibus
2973 630 3031 680 et
3090 627 3160 681 ad
3222 628 3646 700 physiologiam

1995 714 2350 784 pertinentia
2381 715 2775 780 continentur,
2811 714 2935 784 fol.,
2968 715 3026 769 in
3062 716 3418 773 bibliotheca
3446 719 3649 790 Augu-

1995 809 2187 870 stana,
2220 804 2275 858 in
2309 805 2564 861 armario
2596 804 2691 859 Vl.
2727 805 2904 859 Index
2933 806 3318 875 Augustanus
3353 823 3464 862 ms-
3495 808 3652 863 infra

1994 893 2171 948 etiam
2203 893 2357 948 idem
2392 893 2564 948 index
2596 893 2717 948 haec
2759 894 2936 948 habet
2969 912 2981 949 :
3018 896 3192 950 Pselli
3219 895 3290 951 ad
3319 898 3652 952 Michaelem

1995 983 2348 1040 Commenum
2377 987 2533 1040 varia
2579 987 2761 1056 capita
2793 984 3094 1056 theologica
3125 1004 3144 1040 :
3178 984 3307 1059 Περὶ
3356 982 3650 1040 ἐνῦποστά-

1990 1088 2110 1143 του,
2142 1079 2212 1129 de
2238 1075 2450 1140 anima,
2483 1081 2550 1130 de
2577 1075 2904 1141 virtutibus,
2929 1083 2981 1130 et
3005 1077 3240 1147 physica
3268 1075 3338 1130 de
3365 1077 3652 1144 sensibus;

1992 1162 2057 1218 de
2102 1163 2491 1219 similitudine.
2543 1172 2595 1219 et
2638 1164 3109 1220 dissimilitudine
3169 1165 3476 1220 liberorum
3522 1182 3649 1220 cum

1985 1253 2347 1323 parentibus;
2391 1253 2458 1308 de
2507 1255 2834 1324 embryone;
2881 1253 2947 1308 de
2999 1255 3260 1315 somniis:
3310 1254 3373 1309 de
3424 1255 3650 1310 circulis

1989 1339 2333 1404 cazlestibus;
2359 1343 2426 1397 de
2456 1345 2744 1405 meteoris;
2774 1342 2840 1398 de
2869 1343 3022 1400 lunae
3053 1344 3280 1411 eclipsi:
3309 1342 3374 1398 de
3401 1342 3531 1398 solis
3551 1359 3652 1398 ca-

1991 1431 2141 1494 tore;
2171 1431 2236 1487 de
2276 1432 2479 1499 stellis;
2511 1431 2578 1487 de
2607 1433 2915 1494 Dioscuris;
2963 1432 3028 1488 de
3079 1435 3293 1504 pluvia,
3343 1433 3646 1503 grandine,

1986 1522 2130 1587 nive,
2179 1523 2406 1592 pruina,
2457 1536 2612 1588 rore;
2644 1523 2714 1576 de
2759 1521 3019 1594 typhone,
3053 1527 3106 1577 et
3154 1523 3420 1593 ecnephia
3448 1521 3647 1592 ventis,

1983 1611 2050 1665 de
2076 1609 2354 1680 fulmine;
2383 1610 2448 1665 de
2475 1610 2724 1680 partibus
2769 1609 2994 1673 mundi;
3045 1610 3110 1666 de
3156 1615 3323 1668 terra?
3368 1612 3646 1672 motibus:

1984 1699 2052 1754 de
2078 1700 2518 1771 tempestatibus;
2552 1701 2620 1755 de
2667 1699 2947 1755 salsedine
2988 1702 3198 1762 maris;
3226 1700 3292 1755 de
3337 1701 3648 1768 imbribus;

1985 1789 2052 1844 de
2096 1791 2454 1860 ﬂuminibus;
2489 1789 2554 1843 de
2604 1790 2894 1845 stellarum
2943 1791 3092 1857 luce;
3141 1790 3283 1863 quid
3327 1791 3647 1858 necessitas,

197 1883 475 1934 exactum
542 1876 658 1932 tibi
708 1875 1030 1947 judicium,
1079 1880 1421 1946 certamque
1480 1875 1874 1932 narrationem
1908 1879 2329 1962 Bcontingens,
2391 1887 2622 1950 tempus,
2683 1881 2962 1946 materia,
3015 1881 3222 1950 forma,
3274 1878 3651 1934 elementum?

202 1983 320 2022 non
350 1965 672 2038 promitto,
703 1982 837 2020 cum
878 1981 948 2020 ea
989 1981 1104 2036 prae
1137 1965 1417 2020 manibus
1471 1981 1584 2020 non
1638 1963 1874 2019 fuerint.

208 2053 358 2108 Illud
389 2059 621 2109 certum
656 2057 763 2118 est,
798 2068 868 2107 ex
907 2051 1002 2107 his
1056 2051 1343 2107 nonnulla
1392 2068 1522 2108 esse
1575 2052 1688 2122 bis,
1718 2056 1879 2107 terve

212 2141 482 2212 repetita,
514 2141 786 2213 quaedam
820 2141 1000 2197 etiam
1044 2141 1199 2213 typis
1235 2158 1468 2197 excusa.
1503 2142 1649 2206 Quia
1680 2146 1877 2197 tamen

206 2247 284 2286 ex
316 2230 444 2286 sola
473 2231 625 2286 tituli
662 2231 899 2299 notitia,
931 2247 1116 2302 eaque
1157 2231 1445 2300 variaLde
1476 2236 1595 2287 toto
1627 2236 1878 2287 tractatu

206 2337 336 2376 non
382 2337 694 2392 possumus
745 2321 1100 2376 sententiam
1137 2321 1315 2387 ferre,
1339 2325 1398 2375 et
1442 2336 1627 2376 unum
1661 2321 1732 2375 ab
1766 2319 1880 2376 alio

202 2409 604 2482 distinguere,
624 2409 1129 2481 quemadmodum
1163 2408 1221 2463 in
1255 2408 1392 2464 aliis
1416 2408 1774 2478 invenimus,
1797 2408 1882 2464 ita

203 2499 319 2556 tibi
349 2499 589 2570 damus,
621 2515 750 2570 quae
798 2503 954 2554 certo
987 2499 1145 2554 edita
1183 2502 1324 2554 sunt
1353 2497 1593 2554 omnino
1643 2502 1881 2570 praeter-

205 2595 451 2654 euntes,
482 2588 564 2643 sit
593 2604 734 2660 ergo
769 2605 782 2643 :

284 2677 428 2734 LIV.
473 2677 659 2734 Pselli
718 2676 868 2734 liber
915 2680 1118 2732 Contra
1170 2677 1528 2743 Eunomium,
1578 2681 1772 2732 Romae
1821 2675 1881 2731 in

211 2767 504 2824 Vaticana
536 2771 812 2824 servatur
845 2784 859 2822 :
893 2766 1190 2823 Gesnerus
1239 2766 1299 2821 in
1351 2766 1731 2833 Bibliotheca,
1764 2765 1884 2822 Gil-

213 2858 420 2913 bertus
454 2855 820 2911 Gaulminus
860 2855 1016 2910 notis
1062 2855 1119 2909 in
1151 2856 1425 2911 eumdem
1456 2853 1589 2929 Περὶ
1620 2852 1888 2928 ἐνεργείας

217 2945 534 3016 Δαιμόνων,
569 2951 630 3000 et
679 2944 1025 3000 Franciscus
1075 2945 1501 3000 Feuardentius
1549 2944 1888 3016 praafatione

221 3036 278 3090 iu
312 3035 468 3090 Petri
511 3033 740 3089 Μοτθηὶ
796 3034 1339 3106 interpretationem
1391 3035 1660 3106 ejusdem
1707 3032 1890 3088 libelli

221 3131 302 3182 De
333 3124 711 3182 daemonibus.

282 3215 504 3270 Scholia
533 3213 781 3282 eiusdem
807 3215 866 3270 in
890 3213 1091 3270 dictum
1115 3212 1388 3285 quoddam
1411 3201 1633 3283 Basilii,
1658 3213 1886 3282 Romae;

229 3307 528 3360 Gesnerus
561 3303 808 3358 ibidem.

289 3395 543 3466 Epitome
594 3392 871 3448 librorum
920 3393 1117 3464 Moysis
1147 3394 1207 3447 in
1239 3393 1270 3446 4
1299 3395 1404 3448 Ms.
1439 3391 1498 3447 in
1532 3391 1893 3447 bibliotheca

227 3482 608 3555 imperatoris
641 3482 873 3537 Vienna
907 3497 920 3539 :
955 3483 1267 3539 Gesnerus.

295 3575 550 3644 Diaptra,
594 3572 651 3626 id
705 3575 797 3627 est
846 3572 1238 3643 Perspectiva,
1286 3571 1594 3628 continens
1642 3577 1896 3644 quatuor

229 3677 539 3717 sermones
571 3661 632 3716 in
656 3660 876 3732 quibus
907 3662 1144 3717 animus
1164 3665 1222 3716 et
1249 3678 1461 3734 corpus
1483 3661 1808 3733 disputant,
1832 3661 1891 3715 in

226 3750 593 3806 bibliotheca
651 3753 998 3817 Augustana
1053 3767 1067 3805 :
1121 3751 1414 3806 Gesnerus
1457 3751 1568 3822 [36]
1615 3754 1671 3805 et
1719 3751 1894 3805 index

223 3845 626 3913 Augustanus
662 3856 676 3894 :
709 3840 859 3896 Plut.
891 3841 946 3904 6,
969 3857 1134 3894 num.
1168 3841 1256 3894 12.
1293 3841 1419 3895 Haec
1459 3857 1532 3896 an
1576 3841 1780 3895 eadem
1816 3839 1895 3894 sit

222 3945 367 3985 cum
405 3927 664 4000 Philippi
703 3927 950 3984 solitarii
999 3930 1258 4001 Dioptra,
1284 3930 1409 3998 jam
1460 3929 1619 3984 edita
1667 3928 1892 3997 Latine,

225 4034 354 4072 non
391 4033 636 4088 possum
659 4017 939 4083 divinare,
965 4022 1024 4074 et
1050 4018 1195 4073 forte
1225 4017 1444 4073 Indicis
1475 4020 1697 4088 auctor,
1722 4016 1896 4072 Pselli

218 4107 547 4179 praetentis
596 4109 661 4175 (υ)
714 4106 954 4163 nomine
1019 4107 1336 4178 deceptus,
1394 4111 1580 4162 totum
1639 4107 1896 4177 Dioptraa

215 4213 404 4268 Opus,
452 4213 486 4250 a
528 4212 656 4251 vero
707 4197 995 4269 scriptore
1044 4195 1309 4268 Philippo
1363 4195 1654 4263 avulsum,
1701 4195 1894 4252 Psello

217 4285 647 4356 imprudenter
676 4285 856 4342 nimis
884 4287 1215 4358 supposuit.
1252 4284 1505 4358 Philippi
1541 4293 1734 4341 tamen
1767 4302 1896 4342 esse

218 4379 498 4448 apparet,
537 4391 672 4430 cum
727 4391 878 4444 eam,
912 4391 981 4430 ex
1019 4373 1376 4430 bibliotheca
1428 4380 1767 4447 Augustana
1796 4377 1896 4431 de-

220 4468 594 4536 promptum,
643 4481 777 4519 cum
823 4463 1117 4535 Cabasila,
1150 4462 1476 4532 Philotheo,
1507 4464 1732 4520 Joanne
1761 4467 1896 4521 Car-

221 4554 452 4624 pathio,
486 4561 545 4610 et
575 4553 753 4625 Glyca
796 4553 1064 4609 Latinam
1098 4552 1426 4624 vulgaverit
1462 4554 1714 4609 Iacobus
1746 4554 1899 4610 Pon-

1989 1967 2131 2034 Quid
2175 1969 2606 2039 encyclopedia?
2653 1968 2720 2023 de
2771 1969 3084 2023 litterarum
3131 1968 3533 2035 inventoribus;
3582 1966 3649 2022 de

1986 2057 2384 2124 Amazonibus;
2412 2058 2479 2112 de
2499 2057 2822 2113 nominibus
2851 2073 3247 2112 mensurarum
3274 2083 3288 2126 ς
3319 2058 3383 2113 de
3410 2057 3651 2114 circulo-

1988 2162 2116 2200 rum
2147 2147 2358 2214 initiis;
2387 2161 2515 2219 quae
2550 2147 2790 2202 habeant
2825 2147 3042 2213 caelum,
3079 2163 3256 2213 mare,
3285 2149 3398 2208 sol;
3423 2147 3488 2202 de
3517 2155 3649 2202 ortu

1988 2235 2122 2290 solis
2149 2237 2381 2306 triplici,
2415 2236 2589 2308 deque
2617 2237 2743 2307 igne
2770 2237 2985 2291 caelitus
3015 2236 3084 2291 ad
3110 2236 3184 2307 ph
3197 2236 3438 2308 ilosOphi
3461 2252 3651 2308 preces

1990 2325 2244 2396 delapso;
2275 2324 2342 2379 de
2389 2327 2642 2392 Potidea,
2684 2324 2952 2386 Arcadia;
3004 2341 3069 2380 ac
3112 2326 3418 2396 Aristotele,
3453 2324 3651 2380 Clean-

1990 2418 2100 2482 the,
2145 2414 2509 2482 Anaxagora;
2538 2415 2605 2470 de
2644 2414 2871 2481 Euboea,
2905 2414 3121 2470 Sicilia.
3156 2414 3454 2470 Gesnerus
3484 2415 3648 2485 item,

1991 2503 2235 2574 ejusdem
2263 2503 2328 2559 de
2354 2503 2468 2574 ﬁde
2513 2504 2584 2559 ad
2629 2503 2946 2560 Michaelem
2992 2505 3229 2569 Ducam,
3249 2506 3454 2576 juncta
3501 2505 3650 2574 ejus-

1993 2595 2124 2649 dem
2154 2595 2399 2665 Epitmne
2442 2593 2816 2666 philosophia
2855 2594 3247 2660 Aristoteliam,
3279 2593 3336 2649 id
3384 2597 3462 2649 est
3504 2594 3651 2666 phy-

1993 2686 2144 2751 sica},
2193 2683 2260 2738 de
2320 2685 2677 2754 generatione
2732 2687 2784 2738 et
2837 2685 3210 2755 corruptione,
3259 2684 3328 2739 de
3372 2685 3652 2753 meteoris,

1994 2789 2122 2829 cum
2164 2773 2540 2844 supplemento
2571 2774 2830 2842 Gregorii
2874 2773 3092 2828 Nicmni
3139 2774 3207 2827 ad
3254 2774 3481 2828 Petrum
3529 2774 3653 2842 fra-

1995 2865 2137 2917 trem
2169 2864 2228 2916 in
2262 2862 2314 2932 4,
2343 2878 2448 2917 ms.
2479 2863 2804 2919 bibliothoca
2837 2865 2972 2935 imp.
3011 2864 3251 2920 Viennae.
3283 2863 3446 2918 Idem
3478 2861 3658 2917 habet

1998 2951 2176 3008 Israel
2208 2952 2494 3024 Spacbius
2530 2953 2589 3007 in
2624 2954 3070 3010 Nomenclatore
3118 2953 3470 3024 scriptorum
3521 2952 3652 3023 phi-

1999 3040 2437 3113 losophicorum
2496 3046 2554 3096 et
2609 3041 3119 3115 philologicorum.
3154 3042 3297 3097 Item
3348 3041 3543 3097 Romae
3594 3042 3652 3097 in

2000 3129 2356 3185 bibliotheca
2394 3129 2979 3186 Sancto-Silvestrina
3026 3131 3084 3184 in
3137 3134 3335 3185 monte
3366 3129 3654 3195 Quirinali

2001 3223 2091 3274 est
2117 3219 2382 3289 ejusdem
2424 3219 2518 3274 hic
2565 3218 2713 3274 liber
2761 3235 2872 3275 ms.
2905 3219 3123 3286 Graece,
3157 3235 3334 3290 quem
3367 3234 3474 3289 ego
3505 3217 3653 3286 vidi;

2005 3307 2212 3363 titulus
2264 3311 2388 3363 erat
2424 3324 2436 3362 :
2480 3303 2708 3360 Ψελλοῦ
2737 3308 2872 3381 πρὸς
2919 3307 3010 3361 τὸν
3066 3304 3294 3382 βασιλέα
3329 3304 3518 3380 κύριον
3551 3311 3656 3358 Μι-

2003 3394 2157 3470 χαὴλ
2194 3395 2286 3450 τὸν
2338 3400 2544 3450 Δοῦκαν
2576 3398 2678 3470 (ω).
2711 3399 2886 3454 Pselli
2924 3398 2996 3453 ad
3041 3400 3428 3469 imperatorem
3474 3397 3656 3452 domi-

2003 3504 2138 3542 num
2174 3486 2494 3544 Michaelem
2540 3489 2777 3549 Ducam;
2807 3487 2995 3559 capita
3039 3491 3224 3543 erant.
3259 3486 3323 3543 α’.
3354 3483 3660 3559 Ὁμολογία

2001 3581 2103 3644 τῆς
2161 3573 2412 3637 πίστεως.
2479 3575 2544 3650 β’.
2601 3575 2731 3652 Περὶ
2793 3575 3077 3648 ὀνομάτων
3133 3578 3296 3629 τινῶν
3343 3572 3658 3650 λεγομὲνων

2003 3657 2054 3713 ἐν
2112 3662 2194 3731 τῷ
2242 3662 2350 3713 τῶν
2411 3659 2746 3734 Χριστιανῶν
2796 3656 3051 3733 δόγματι.
3081 3664 3147 3734 γ’.
3183 3655 3310 3732 Περί
3363 3655 3655 3711 ἐνυποστά-

2001 3769 2131 3804 των.
2191 3745 2258 3804 δ.
2305 3747 2435 3822 Περὶ
2492 3748 2850 3820 Ὀμοουσίου.
2907 3750 2969 3805 ε’.
3020 3747 3154 3823 Περὶ
3198 3745 3652 3819 Ὀμοϋποστάτου

2004 3838 2062 3900 ς’.
2115 3837 2245 3910 Περὶ
2290 3835 2588 3899 οὐσιώδους
2637 3837 2901 3902 ὲνώσεως,
2955 3835 3047 3891 καὶ
3097 3834 3379 3914 διαφορᾶς.
3415 3836 3477 3903 ζ’.
3525 3833 3661 3907 Περὶ

2005 3925 2369 3994 ὑποστατικῆς
2419 3927 2681 3995 ὲνώσεως,
2739 3925 2829 3982 καὶ
2881 3923 3166 4003 διαφορᾶς.
3217 3926 3289 3995 η’.
3337 3921 3471 3999 Περὶ
3527 3942 3662 3997 σχε-

2001 4021 2158 4084 τικῆς
2192 4015 2457 4078 ὲνώσεως.
2493 4017 2555 4080 θ’.
2592 4014 2721 4090 Περὶ
2775 4021 2874 4085 τῆς
2923 4015 3079 4091 ἁγίας
3127 4010 3379 4086 Τριάδος.
3434 4013 3464 4065 ι’
3529 4009 3664 4084 Περὶ

2005 4106 2118 4177 [37]
2167 4105 2375 4178 τρόπου
2431 4108 2528 4173 τῆς
2587 4101 2933 4166 ἀντιδόσεως.
2998 4111 3083 4160 ια’.
3146 4104 3274 4180 Περὶ
3330 4101 3473 4167 θείας
3525 4101 3664 4156 ἰνώ-

2005 4215 2140 4256 σεως
2177 4194 2267 4264 ιβ’.
2311 4194 2442 4267 Περὶ
2491 4193 2720 4271 φύσεως.
2758 4198 2782 4251 1
2839 4197 3118 4265 Pro/essio
3167 4194 3315 4265 ﬁdei.
3348 4194 3406 4250 2.
3440 4194 3514 4248 De
3544 4192 3669 4263 qui-

2005 4283 2234 4340 busdam
2262 4286 2590 4340 nominibus
2620 4285 2680 4339 in
2707 4285 3161 4343 Christianorum
3210 4285 3470 4354 dogmate
3497 4297 3666 4336 usur-

2001 4375 2166 4445 patis.
2227 4374 2280 4429 3.
2340 4375 2414 4429 De
2467 4377 2540 4445 (y)
2599 4375 3036 4447 enypostasibus.
3096 4374 3149 4428 4.
3210 4374 3286 4428 De
3350 4371 3660 4427 Homousio.

2003 4465 2058 4518 5.
2093 4464 2165 4518 De
2221 4465 2702 4536 Homohypostato.
2753 4465 2807 4522 6.
2863 4469 2939 4520 De
2993 4463 3280 4520 essentiali
3335 4463 3558 4527 unione,
3611 4461 3668 4514 et

2006 4553 2342 4624 diﬂerentia.
2376 4555 2430 4608 7.
2463 4555 2539 4610 De
2587 4554 2938 4626 hypostatica
2983 4555 3209 4619 unione,
3242 4561 3294 4608 et
3324 4550 3664 4623 diﬂerentia.

223 4647 404 4699 tanus
457 4641 835 4714 Ingolstadii,
867 4659 937 4699 ex
966 4641 1350 4715 typographis
1382 4641 1586 4698 Adami
1635 4642 1898 4716 Sertorii,
1931 4639 1978 4704 D
2009 4644 2062 4697 8.
2099 4647 2184 4697 De
2221 4644 2458 4699 relativo
2504 4645 2729 4700 unione.
2761 4643 2814 4697 9.
2850 4644 2925 4698 De
2969 4651 3167 4699 sancta
3216 4640 3433 4697 Triade.
3471 4641 3554 4695 10.
3588 4638 3669 4692 De

218 4731 387 4799 1604,
421 4731 484 4787 in
513 4733 567 4787 4.

2001 4733 2156 4789 modo
2190 4732 2263 4805 lx)
2294 4733 2709 4789 retributionis.
2746 4732 2833 4788 11.
2865 4733 2939 4788 De
2984 4731 3173 4787 divina
3218 4731 3447 4800 unione,
3480 4729 3562 4783 12.
3595 4727 3672 4783 De

1834 4859 2068 4917 NOTAE.

293 4958 369 5021 (al
400 4956 571 5011 Adde
621 4954 717 5011 his
756 4955 828 5010 ab
875 4955 1086 5011 Allatio
1119 4956 1426 5012 recensitis
1459 4958 1510 5012 1.
1545 4953 1780 5021 Σύνοψιν
1821 4955 1898 5019 εἷς

207 5029 322 5095 τήν
359 5025 785 5102 Ἀριστοτέλρψς
836 5029 1081 5102 Λογικήν
1115 5045 1294 5099 quam
1345 5029 1540 5102 Graece
1575 5033 1665 5102 _et
1695 5025 1899 5086 Latine

206 5100 436 5184 edidit
470 5100 631 5184 Filias
669 5100 1030 5184 _E_hin_gerus_
1054 5104 1331 5184 Augustae
1378 5100 1613 5156 Vindel.
1649 5101 1809 5171 1597,
1841 5104 1896 5184 β,

208 5176 551 5228 observans
589 5171 738 5245 Petri
787 5171 1032 5243 Hispani
1069 5171 1454 5243 summulam,
1488 5188 1704 5245 magna
1736 5178 1898 5245 parte

209 5263 287 5300 ex
320 5245 434 5300 hoc
473 5243 648 5299 Pselli
689 5245 973 5316 opusculo
1020 5244 1264 5316 petitam
1315 5260 1462 5299 esse.
1496 5243 1894 5316 2.)’Μονῐρδίαν

208 5317 274 5372 in
312 5317 616 5388 templum
666 5314 893 5388 Sophia:
925 5314 1083 5388 Cpol.
1118 5322 1284 5388 terrae
1337 5321 1500 5388 motu
1530 5314 1892 5387 quassa—lam,

211 5407 400 5459 quam
435 5387 628 5444 edidit
665 5388 917 5442 Allatius
949 5387 1115 5460 potis
1146 5387 1218 5442 ad
1251 5387 1566 5460 Georgium
1597 5389 1896 5460 Acropoli-

217 5468 366 5527 tam,
403 5479 461 5532 p.
517 5459 620 5515 281
678 5477 801 5532 seq.
830 5462 914 5532 3.)
947 5459 1124 5514 Breve
1173 5459 1427 5532 c‘armen’
1459 5459 1774 5515 iambicum
1835 5462 1894 5516 in

226 5529 661 5617 dispositionem
694 5529 784 5587 Jo’.
809 5529 1235 5659 Qhrgsostomi,
1258 5531 1562 5615 vulgatum
1597 5532 1792 5588 Grece
1823 5533 1895 5587 ab

232 5605 435 5659 Allatlo
477 5622 539 5659 In
592 5609 885 5659 excerptas
968 5618 1164 5657 raecor.
1199 5603 1600 5659 sonhistarum
1651 5620 1717 5659 ac
1766 5604 1895 5659 rhe-

232 5605 435 5662 Allatio
477 5606 539 5661 in
592 5604 885 5675 excerptis
915 5603 1164 5675 Graecor.
1199 5603 1600 5674 sophistarum
1641 5620 1717 5675 "ac
1766 5604 1896 5660 rhe-

229 5681 443 5750 torum,
498 5695 559 5750 p.
612 5675 740 5750 {£00.
773 5674 970 5750 ’Rom.
1005 5674 1172 5750 1646,
1196 5675 1249 5729 8.
1293 5675 1451 5750 Idem
1505 5692 1575 5731 ex
1623 5674 1896 5750 Oratione

225 5745 445 5808 inedita
489 5745 564 5808 ad
607 5746 1077 5806 Constantinum
1121 5745 1572 5805 Monomachum
1621 5748 1897 5820 producit

2011 4956 2317 5025 nonnulla,
2351 4974 2408 5030 p.
2446 4957 2568 5027 102,
2607 4958 2681 5014 De
2728 4957 3099 5014 recentiorum
3153 4958 3475 5011 Graecorum
3529 4955 3666 5008 tem-

2049 5031 2138 5085 lis.

2005 5047 2155 5174 pii?)
2187 5100 2378 5154 Etiam
2426 5100 2539 5156 hoc
2585 5100 2785 5171 ipsum
2823 5116 2891 5155 ex
2938 5103 3270 5174 temporum
3330 5093 3661 5174 rationein

2009 5166 2475 5244 dubiumvocat,
2510 5166 2698 5243 neque
2729 5166 3082 5244 persuadere
3104 5169 3224 5244 sibi
3251 5172 3462 5244 potest
3507 5166 3664 5244 Alia:

2009 5246 2149 5316 tius,
2204 5243 2381 5316 Mich.
2434 5239 2688 5299 Psellum
2730 5239 2805 5298 'in
2861 5243 3115 5316 Philippi
3166 5239 3666 5316 qui—AscallOS

2009 5311 2246 5388 scripsit
2307 5315 2604 5385 Dioptram
2665 5317 2975 5388 praefatum
3019 5311 3239 5370 luisse.
3289 5313 3436 5368 Vide
3487 5311 3661 5378 infra,

2008 5405 2136 5458 cap.
2171 5389 2535 5458 antepenuit.

2127 5431 2136 5440 .
2171 5405 2306 5442 ante
2353 5405 2535 5442 enim.

2078 5405 2159 5532 fx)
2191 5405 2628 5531 Hocpscriptum
2661 5457 2844 5514 habes
2873 5457 3028 5513 intra
3057 5456 3126 5514 ad
3161 5454 3378 5512 calcem
3414 5471 3660 5526 praesen

2005 5532 2084 5586 tis
2116 5531 2401 5586 diatriba.

2077 5605 2156 5674 (ῃ)
2191 5603 2342 5674 Lege
2374 5619 2388 5658 :
2421 5601 2778 5674 enypostatis.

2076 5668 2154 5744 (Ξ)
2184 5668 2543 5731 Vertendum
2602 5678 2774 5730 erat:
2821 5672 2886 5729 de
2940 5671 3102 5730 modo
3151 5668 3662 5728 communicationis

2027 5746 2351 5802 diomatum.

2004 5748 2351 5805 idiomatum.
