4122 6386
487 380 601 441 511

1876 380 2157 444 LEONIS
2203 382 2246 440 Α
2263 379 2516 442 LLATII

3753 349 3758 352 ’
3794 371 3921 431 512

488 520 712 569 natura.
746 515 881 579 Qua
910 511 1112 569 omnia
1150 529 1222 569 an
1257 530 1444 571 unum
1477 531 1624 586 opus
1655 515 1795 586 sint,
1827 515 1918 571 vel
1954 515 2147 570 diver-
2176 515 2232 582 Α
2335 514 2614 586 Expositio
2673 515 2732 568 in
2792 509 3162 584 Metaphysica
3219 506 3552 573 Aristotelis,
3602 505 3664 561 in
3724 505 3922 569 Italia,

489 620 576 672 sa,
620 602 1000 674 judicabant,
1051 603 1150 674 qui
1204 602 1417 674 legent.
1469 604 1589 677 Ego
1637 605 1908 661 existimo
1959 619 2145 659 unum

489 709 640 760 esse,
670 696 926 748 attamen
961 691 1020 748 in
1043 709 1161 748 uno
1183 694 1380 750 codice
1402 694 1804 751 abundantius
1825 691 2141 760 contineri;

2255 601 2573 659 Gesnerus.

2329 693 2778 748 Commentarius
2810 693 2869 747 in
2914 689 3230 747 Aristotelis
3257 688 3445 758 verba,
3481 693 3592 743 Ars
3612 687 3830 744 artium
3861 691 3927 744 et

490 798 559 836 ex
591 781 868 837 omnibus
897 786 1094 837 tamen
1132 800 1316 838 unum
1365 801 1536 855 posse
1576 784 1784 840 confici
1821 786 2145 854 perlectum
2252 782 2500 838 scientia
2531 782 2938 847 scientiarum,
2971 785 3047 847 et,
3083 779 3355 848 Quomodo
3394 779 3587 832 omnia
3617 794 3651 832 a
3675 778 3926 850 philoso-

491 875 550 926 et
569 871 845 926 omnibus
874 872 1142 942 partibus
1166 873 1527 928 absolutum.
1553 874 1690 938 Qua
1716 873 2009 945 provincia
2032 888 2144 926 non
2251 872 2388 944 phia
2411 871 2774 942 dependeant,
2808 871 2866 925 in
2901 868 3093 938 Italia,
3127 868 3442 925 Gesnerus.

492 964 651 1016 esset
678 960 918 1016 omnino
949 961 1198 1017 eruditis
1228 961 1372 1018 viris
1413 963 1864 1018 contemnenda.
1896 959 2147 1017 Consule

493 1049 694 1118 etiam,
719 1066 849 1122 qua
893 1067 1001 1106 nos
1029 1051 1099 1106 de
1131 1051 1240 1106 hoc
1284 1052 1692 1124 eodemjopere
1724 1051 1967 1106 inferius
1990 1051 2145 1105 dice-

495 1155 630 1195 mus
655 1156 668 1195 :
692 1139 880 1195 obiter
911 1145 1106 1196 tamen
1149 1140 1244 1197 hic
1275 1141 1739 1198 animadvertam
1779 1141 2021 1196 titulum
2053 1155 2146 1195 se-

493 1230 674 1285 cundi
703 1230 1031 1301 Augustani
1063 1247 1175 1286 non
1209 1246 1408 1286 carere
1438 1235 1576 1286 nota
1606 1229 2014 1302 falsitatis,qui
2040 1246 2146 1284 no-

494 1319 587 1374 bis
641 1335 744 1390 pro
801 1318 1080 1376 Michaele
1136 1319 1317 1389 Duca,
1365 1320 1704 1377 Michaelem
1763 1324 2147 1376 Commenum

495 1408 778 1475 obtrudit,
803 1409 972 1480 cujus
1005 1411 1349 1466 auctoritate
1381 1411 1660 1483 deceptus
1691 1409 2058 1482 Wagelinus
2090 1409 2149 1464 in

493 1514 602 1554 sua
632 1497 883 1553 editione
915 1497 1177 1567 retinuit,
1203 1504 1261 1554 et
1291 1499 1348 1554 in
1383 1499 1558 1567 notis,
1583 1499 1952 1556 Constantini
1981 1498 2150 1553 Duca

498 1585 688 1641 ﬁlium
721 1586 1061 1643 Michaelem
1090 1587 1242 1644 inter
1261 1593 1614 1656 Comnenos,
1633 1590 1781 1646 mira
1801 1585 2156 1660 ἀνιστορησίᾳ

493 1675 670 1731 refert
699 1693 832 1732 cum
864 1676 1104 1732 omnino
1135 1683 1292 1734 esset
1323 1679 1751 1747 immutandus,
1782 1678 2156 1735 reclamanti-

492 1763 605 1820 bus
644 1766 870 1821 cateris
902 1765 1226 1834 codicibus,
1263 1767 1363 1839 qui
1391 1784 1600 1824 omnes
1633 1785 1749 1823 uno
1781 1784 1880 1823 ore
1908 1767 2159 1823 Michae.

2325 963 2389 1016 In
2431 962 2873 1033 Psychogoniam
2920 960 3197 1029 Platonis,
3238 958 3298 1013 in
3346 956 3532 1025 Italia,
3566 956 3867 1012 Gesnerus
3904 973 3921 1011 :

2256 1049 2315 1105 in
2346 1049 2701 1106 bibliotheca
2739 1051 3078 1116 Augustana
3122 1047 3224 1104 fol.
3255 1048 3316 1102 in
3366 1046 3620 1102 armario
3653 1063 3710 1111 v,
3741 1044 3926 1100 index

2255 1144 2641 1212 Augustanus
2671 1156 2783 1195 ms.
2808 1140 2867 1194 in
2892 1137 3248 1194 bibliotheca
3275 1137 3487 1209 imper.
3510 1135 3743 1192 Vienna
3775 1135 3920 1202 in-t,

2257 1228 2437 1285 Israel
2469 1229 2778 1301 Spachius.

2328 1321 2700 1391 Expositione
2728 1319 2906 1376 variae
2947 1319 3008 1372 in
3038 1318 3219 1373 varios
3257 1316 3507 1372 Platonis
3538 1313 3701 1384 locos,
3734 1311 3795 1368 in
3833 1311 3925 1367 bi-

2257 1407 2554 1465 bliolheca
2582 1409 2860 1464 Bavarica
2897 1408 3026 1464 cod.
3062 1408 3186 1462 165.
3224 1407 3402 1462 Index
3432 1403 3769 1460 Bavaricus.

2333 1497 2667 1552 Συνοπτικὸν
2693 1498 2973 1572 σύνταγμα
2992 1502 3093 1566 τῆς
3113 1493 3462 1573 φιλοσοφίας,
3482 1494 3542 1549 in
3565 1492 3927 1550 bibliotheca

2257 1589 2504 1645 Joannis
2532 1587 2831 1657 Sambuci,
2865 1588 3174 1644 Gesnerus.

2337 1681 2516 1734 Varia
2539 1678 2937 1750 philosophica,
2971 1677 3167 1734 Roma
3191 1676 3250 1732 in
3273 1674 3572 1733 Vaticana.
3597 1673 3921 1730 Gesnerus.

2265 1770 2523 1841 Physica,
2567 1771 2958 1836 astronomicu,
3007 1769 3240 1837 musica,
3283 1765 3654 1829 arithmetica,
3699 1777 3924 1833 geome-

491 1851 606 1960 Iem
641 1854 864 1960 Ducam
909 1860 1266 1960 proponunt,
1301 1857 1395 1910 cui
1426 1857 1619 1928 capita
1645 1857 1746 1912 illa
1773 1857 2153 1929 nuncupavit.
2184 1897 2232 1960 Β
2268 1861 2426 1925 trica,
2458 1859 2661 1929 iunctis
2706 1857 3060 1930 opinionibus
3105 1855 3172 1911 de
3217 1856 3429 1922 anima,
3462 1853 3607 1923 in-é,
3641 1849 3919 1907 biblioth.

490 1943 882 2015 Marquardus
912 1943 1198 2000 Freherus
1221 1945 1276 2000 in
1305 1946 1669 2014 Chronologia
1690 1947 1918 2003 imperii
1937 1947 2151 2001 utrius-

491 2047 596 2103 que
626 2050 644 2086 .'
681 2033 776 2088 Ad
814 2033 1134 2090 Michaelem
1169 2039 1377 2091 Ducam
1405 2037 1629 2108 scripsit
1658 2034 1892 2092 Michael
1937 2036 2154 2091 Psellus

491 2136 556 2176 ea
585 2125 751 2178 aetate
774 2124 833 2176 in
863 2123 997 2193 jure
1047 2131 1100 2178 et
1151 2125 1496 2197 philosOphia
1543 2125 1938 2180 scientissimus
1967 2134 2020 2180 rt
2050 2144 2152 2178 πο·

495 2205 944 2286 λυγραφώτατος,
995 2215 1293 2285 Synopsim
1345 2215 1527 2286 legum
1573 2215 1826 2272 versibus
1868 2215 2154 2286 politicis;

490 2303 675 2354 exstat
719 2317 823 2355 ms.
867 2301 926 2356 in
979 2302 1314 2359 bibliotheca
1360 2305 1620 2360 Palatina
1669 2309 1721 2360 et
1771 2305 2152 2360 Constantino-

488 2391 764 2460 polituna.
799 2391 1075 2462 Ejusdem
1124 2392 1295 2448 Pselli
1323 2393 1392 2448 ad
1423 2394 1568 2450 hunc
1600 2395 1803 2450 Ducam
1851 2408 2155 2465 responsio-

490 2493 586 2533 nes
635 2478 707 2533 ad
755 2479 1001 2534 diversas
1054 2484 1382 2552 quastiones
1434 2483 1764 2555 theologicas
1808 2491 1860 2539 et
1907 2483 2157 2539 doctrina

491 2567 830 2637 omni/aria,
884 2568 986 2624 194
1040 2572 1316 2641 capitibus
1363 2572 1774 2644 comprehensa
1831 2574 1889 2627 in
1952 2572 2155 2627 biblio—

494 2657 646 2711 theca
695 2658 986 2714 Palatina.
1021 2661 1260 2716 Codices
1309 2661 1390 2731 hi,
1425 2661 1581 2717 sicut
1628 2666 1686 2716 et
1731 2661 1942 2732 reliqui
1973 2661 2155 2716 Graci

496 2749 555 2799 et
585 2745 773 2800 Latini
806 2749 1197 2821 manuscripti
1231 2749 1729 2806 decantatissima
1760 2750 1919 2806 illius
1951 2749 2158 2804 biblio-

500 2833 706 2902 theca,
743 2836 890 2892 meis
932 2835 1235 2893 laboribus
1267 2839 1365 2910 (a),
1397 2839 1614 2911 vigiliis
1662 2839 1897 2911 integri,
1930 2839 2154 2895 incolu-

498 2939 742 2995 mesque
774 2925 831 2980 in
866 2925 1149 2981 Vaticana
1183 2934 1580 2984 asservantur.
1615 2929 1776 2994 Quod
1808 2933 1962 2984 certe
1993 2927 2154 2984 omni

508 3012 903 3069 admiratione
955 3015 1199 3087 dignum
1244 3022 1356 3085 est,
1403 3019 1618 3090 Deique
1670 3018 1891 3074 summi
1944 3033 2155 3073 muner

497 3101 936 3167 ascribendum,
966 3102 1022 3157 in
1059 3108 1178 3159 tam
1205 3110 1367 3161 vasto
1399 3105 1627 3172 itinere,
1653 3104 1976 3162 saevissimo
2008 3110 2152 3161 tem-

493 3206 655 3262 pore,
689 3195 1042 3263 tempestate
1090 3193 1356 3261 hiberna,
1408 3210 1475 3249 ac
1528 3193 1746 3266 pluvia,
1781 3211 1975 3251 rerum
2024 3210 2152 3250 om-

2262 1949 2534 2020 imperat.
2568 1947 2822 2002 Vienna.
2859 1946 3178 2002 Gesnerus.

2334 2040 2810 2109 Interpretationes
2839 2037 3135 2092 dubiorum
3154 2035 3525 2097 naturalium,
3549 2029 3920 2087 bibliotheca

2262 2127 2532 2198 imperat.
2587 2127 2840 2192 Vienna,
2890 2125 3039 2191 in-4,
3091 2124 3404 2188 Gesnerus,
3437 2126 3494 2176 et
3545 2119 3722 2175 Israel
3771 2119 3923 2191 Spa-

2264 2215 2433 2270 chius
2468 2233 2481 2271 :
2514 2216 2728 2271 Salutio
2759 2216 2926 2269 unius
2974 2218 3142 2284 atque
3189 2213 3430 2268 alterius
3475 2209 3799 2282 qua'stionis
3831 2223 3927 2262 as-

2264 2307 2563 2375 trologiae,
2615 2303 2888 2360 biblioth.
2937 2305 3303 2376 Augustana,
3351 2300 3501 2369 inut,
3535 2299 3595 2354 in
3645 2298 3930 2364 armario,

2265 2395 2441 2450 index
2471 2397 2858 2466 Augustanus
2889 2410 2996 2449 ms.

2337 2485 2505 2540 LVII.
2559 2487 2717 2540 Inter
2773 2482 2956 2539 libros
3015 2499 3165 2555 quos
3223 2480 3594 2537 bibliotheca
3645 2477 3938 2550 Lugduno

2268 2574 2491 2629 Batava
2521 2573 2816 2645 Josephus
2844 2571 3103 2644 Scaliger
3133 2570 3368 2642 legavit,
3393 2569 3450 2624 in
3484 2567 3678 2624 indice
3708 2569 3939 2622 Graco-

2267 2679 2399 2718 rum
2434 2662 2977 2733 manuscriptorum
3026 2659 3222 2716 in-fol.
3257 2659 3470 2732 legitur
3513 2673 3650 2713 cum
3687 2655 3940 2712 Heronis

2266 2750 2642 2824 geometrica,
2676 2749 2850 2806 Pselli
2884 2750 3154 2822 quadam
3187 2747 3560 2821 astrologica.
3589 2749 3668 2802 An
3701 2746 3934 2815 eadem,

2264 2841 2352 2896 vel
2386 2841 2623 2897 diversa
2672 2857 2806 2896 cum
2859 2839 3288 2912 superioribus,
3322 2855 3437 2894 non
3486 2852 3814 2908 possumus
3842 2835 3936 2889 di-

2263 2931 2486 2986 vinare.
2521 2932 2604 2985 An
2641 2929 2818 2984 etiam
2854 2929 2954 2984 illa
2993 2933 3154 2999 sunt,
3184 2945 3309 2999 qua
3359 2927 3468 2982 sub
3500 2926 3599 2981 illo
3634 2923 3833 2981 libello
3866 2925 3938 2979 de

2264 3025 2517 3093 quatuor
2548 3018 2812 3075 scientiis
2861 3017 3298 3074 mathematicis
3347 3013 3769 3072 continentur?
3825 3013 3937 3070 Sed

2264 3109 2566 3180 suspendo
2601 3107 2926 3178 judicium.

2338 3197 2624 3270 Expositio
2694 3197 3103 3253 mathematices
3159 3196 3218 3252 in
3278 3197 3478 3253 Timaeo
3539 3195 3816 3254 Platonis.
3874 3192 3942 3249 de

495 3279 660 3335 nium
707 3281 971 3352 penuria,
1007 3299 1110 3354 per
1164 3282 1380 3354 oppida
1436 3300 1503 3338 ac
1550 3283 1806 3340 ditiones
1868 3283 2162 3357 hostium,
2193 3272 2237 3341 (ἶ
2274 3293 2484 3348 animae
2511 3292 2887 3359 generatione,
2920 3290 3036 3344 sive
3067 3289 3328 3358 essentia,
3360 3287 3418 3342 in
3452 3285 3550 3342 tol.
3583 3285 3947 3342 bibliotheca

494 3371 728 3423 tantum
750 3368 1048 3425 librorum
1073 3387 1385 3427 numerum
1413 3376 1638 3428 sartum
1664 3377 1881 3428 tectum
1910 3373 2162 3428 Romam

494 3455 904 3529 importatum,
938 3459 1020 3514 ita
1069 3465 1135 3516 ut
1167 3478 1238 3516 ne
1281 3461 1564 3518 schedula
1612 3461 1850 3533 quidem
1903 3461 2160 3534 perierit.

496 3544 608 3600 Sed
643 3546 713 3600 ad
748 3546 1034 3604 Psellum.

571 3633 711 3690 LVI.
745 3637 1045 3708 Opuscula
1075 3639 1343 3708 quadam
1390 3643 1452 3697 In
1489 3643 1810 3698 Passionem
1836 3646 1888 3699 et
1917 3642 2167 3715 sepultu-

499 3742 629 3780 rum
659 3726 899 3790 Christi;
934 3729 1175 3785 Libellus
1210 3731 1393 3787 dictus
1422 3732 1826 3794 Antichristus;
1858 3734 1933 3789 De
1983 3740 2168 3789 Para-

499 3815 651 3882 diso;
681 3817 745 3871 In
777 3816 1032 3874 Natalem
1064 3820 1295 3888 Christi,
1321 3820 1470 3876 in-II.
1496 3821 1770 3878 biblioth.
1795 3821 2168 3894 imperatoris

503 3905 765 3973 Vienna,
794 3908 1112 3979 Gesnerus,
1147 3911 1522 3969 Possevinus.

574 3998 689 4068 [38]
726 3995 819 4058 Εἷς
847 4000 948 4068 τήν
980 3999 1282 4072 σταύρωσιν
1327 4004 1424 4054 τοῦ
1473 4001 1692 4077 Κυρίου.
1726 4008 1793 4060 In
1835 4005 2170 4074 cruci/ixio-

502 4102 632 4178 nem
680 4089 921 4156 Domini,
955 4089 1016 4146 in
1068 4090 1431 4147 bibliotheca
1488 4092 1808 4149 cardinalis
1850 4093 2168 4178 Columna,

503 4174 816 4233 Gretserus
861 4181 1014 4234 notis
1073 4179 1133 4234 in
1185 4181 1510 4237 orationem
1562 4183 1799 4256 Macarii
1852 4174 2173 4254 ChrysoceQ

505 4264 668 4334 phali
724 4267 797 4323 de
852 4267 1205 4326 exaltatione
1264 4275 1478 4326 sancta
1529 4258 1734 4327 Crucis
1791 4277 1936 4328 tom.
1981 4272 2052 4337 II,
2099 4271 2171 4326 de

506 4356 706 4410 Cruce.
740 4355 869 4412 Non
919 4361 1168 4426 constat,
1214 4375 1286 4414 an
1339 4360 1411 4414 de
1458 4360 1568 4416 hac
1616 4360 1909 4432 intelligat
1957 4359 2170 4432 ampli-

508 4443 714 4499 ﬁcator
769 4444 1139 4504 Gesneriana
1197 4447 1584 4517 bibliotheca,
1646 4449 1866 4522 Georgii
1919 4452 2166 4506 Nicome-

508 4531 622 4590 dia
677 4533 1076 4606 archiepiscopi
1125 4537 1200 4592 De
1260 4537 1465 4605 Cruce,
1526 4557 1693 4611 quam
1747 4541 1888 4610 [also
1945 4539 2168 4612 quidam

509 4623 696 4717 {sella
743 4625 1046 4697 ascripsere
1094 4625 1279 4684 Greece
1320 4643 1421 4684 ms.
1459 4631 1518 4684 in
1568 4630 1621 4698 4,
1653 4630 1914 4686 Biblioth.
1967 4631 2160 4702 imper.
2194 4653 2243 4717 D

519 4713 756 4769 Vienna.

581 4803 1010 4876 Compendiosa
1041 4805 1324 4876 expositio
1372 4806 1428 4860 in
1481 4791 1813 4865 Aristotelis
1860 4807 2044 4866 libros
2091 4810 2166 4866 De

508 4894 761 4949 naturali
789 4895 1214 4963 auscultatione,
1247 4899 1435 4951 exstat
1474 4897 1531 4951 in
1576 4896 1932 4954 bibliotheca
1960 4899 2165 4955 Didaci

511 4983 776 5039 Ilurtadi.
817 4986 1134 5040 Gesnerus.
1185 4983 1248 5040 In
1303 4984 1663 5042 bibliotheca
1711 4987 1989 5043 Bavarica
2035 4988 2166 5044 cod.

515 5069 636 5125 145.
679 5071 858 5128 Index
909 5073 1244 5138 Bavaricus,
1276 5079 1336 5130 et
1381 5073 1443 5130 in
1495 5074 1852 5132 bibliotheca
1892 5077 2166 5149 imperat.

511 5158 773 5228 Vienna,
805 5161 985 5218 Israel
1015 5163 1324 5234 Spachius.

583 5248 848 5322 Synopsis
895 5252 1112 5323 Logicae
1157 5253 1490 5322 Aristotelis,
1531 5251 1673 5320 in-h,
1705 5253 1764 5308 in
1816 5253 2172 5311 bibliotheca

513 5340 882 5412 Augustana,
910 5340 972 5396 in
1003 5342 1258 5398 armario
1290 5358 1456 5397 num.
1480 5342 1534 5396 5.
1560 5341 1740 5398 Index
1766 5345 2170 5416 Augustanus.

2277 3383 2640 3452 Augustana,
2700 3379 2878 3434 Index
2935 3381 3180 3450 August.
3235 3394 3346 3434 ms.
3395 3379 3483 3432 An
3541 3375 3742 3432 eadem
3802 3391 3942 3430 cum

2273 3468 2680 3542 Psychogonia
2703 3468 2732 3522 ‘l

2347 3558 2464 3629 [39]
2499 3558 2643 3629 Opus
2675 3557 2917 3613 Graecum
2955 3573 3025 3612 ex
3055 3556 3213 3611 libris
3265 3555 3709 3617 medicinalibus,
3739 3550 3938 3606 ordine

2275 3647 2585 3719 alphabeti,
2621 3647 2820 3702 Roma
2863 3647 2920 3700 in
2955 3645 3258 3700 Vaticana.
3292 3644 3608 3710 Gesnerus,
3641 3639 3946 3696 Paschalis

2278 3737 2502 3799 Gallus.
2533 3741 2590 3791 et
2615 3735 2878 3792 Joannes
2908 3734 3194 3807 Georgius
3225 3733 3586 3789 Schenckius
3630 3730 3691 3786 in
3728 3729 3948 3786 biblio-

2277 3825 2448 3883 theca
2479 3826 2725 3881 Medica.
3647 3863 3652 3866 -

2351 3917 2552 3984 Ecloga
2583 3915 2736 3970 utilis
2780 3930 2850 3970 ex
2898 3915 3038 3970 libro
3065 3913 3494 3970 Parallelorum.
3527 3909 3770 3966 Ibidem.
3804 3912 3950 3966 Ges-

2279 4022 2457 4062 nerus
2489 4009 2546 4060 et
2573 4004 2881 4076 Spachius.

2351 4096 2616 4150 Encomia
2643 4094 2880 4150 diversa.
2911 4093 3160 4162 Ibidem,
3193 4092 3506 4148 Gesnerus.

2353 4183 2625 4250 Monodia,
2654 4187 2868 4249 Roma,
2896 4181 2955 4237 in
2984 4181 3267 4238 Vaticana
3297 4181 3616 4237 Gesnerus.

2353 4274 2665 4346 Eaplicatio
2709 4273 2770 4327 in
2819 4271 3029 4326 librum
3078 4270 3440 4338 Dioscoridis,
3476 4269 3535 4324 in
3589 4267 3957 4324 bibliotheca

2280 4361 2568 4418 Manuelis
2625 4361 2937 4433 Eugenici,
2997 4365 3056 4416 et
3111 4359 3360 4417 Joannis
3415 4358 3592 4414 Suzii.
3654 4357 3956 4413 Antonius

2277 4451 2596 4508 Verderius
2636 4451 2694 4506 in
2743 4449 3189 4522 Supplementa,
3223 4455 3282 4506 et
3329 4447 3694 4504 Schenckius
3744 4447 3804 4502 in
3861 4446 3952 4501 bi-

2277 4541 2576 4598 bliotheca
2606 4539 2849 4596 Medica.

2347 4632 2694 4701 {Enigmatm
2730 4629 2787 4683 in
2832 4627 3107 4684 biblioth.
3140 4626 3441 4693 Bavarica,
3475 4626 3600 4682 cod.
3632 4626 3723 4680 38.

2348 4720 2532 4775 LVIII.
2567 4717 2864 4774 Meursius
2916 4719 3289 4774 Historiarum
3339 4732 3474 4788 opus
3505 4714 3761 4771 Psellum
3795 4715 3951 4769 scri-

2277 4810 2462 4881 psisse
2512 4811 2804 4876 autumat,
2834 4805 3099 4878 illudque
3150 4804 3378 4862 laudari
3430 4822 3464 4860 a
3512 4804 3736 4859 Zonsra
3764 4807 3808 4857 t.
3850 4803 3949 4858 III.

2278 4900 2340 4955 In
2374 4897 2595 4954 Isaacio
2626 4896 2948 4962 Comneno,
2979 4900 3037 4952 et
3067 4895 3128 4950 in
3171 4895 3438 4950 Romano
3491 4893 3763 4964 Diogene,
3799 4893 3952 4948 item

2278 5005 2312 5044 a
2341 4987 2648 5044 Theodoro
2680 4985 3000 5042 Metochita
3040 4987 3257 5042 Ilistor.
3287 4999 3462 5040 sacrae
3492 4982 3531 5038 l.
3568 5000 3629 5038 ιι.
3661 4982 3952 5050 Cedreno,

2277 5077 2507 5134 Joanne
2527 5074 2885 5147 Curopalata
2910 5075 2968 5129 in
2997 5073 3267 5130 Historia
3290 5090 3410 5129 sua
3440 5071 3633 5142 initio,
3662 5070 3958 5127 Michaele

2279 5165 2456 5238 Glyca
2484 5165 2544 5219 in
2576 5162 2905 5221 Annalibus
2939 5162 3118 5220 semel
3144 5167 3320 5236 atque
3353 5163 3587 5218 ilerum.
3612 5164 3747 5215 Erat
3770 5159 3956 5215 etiam

2283 5255 2342 5310 in
2376 5254 2642 5326 catalogo
2685 5252 2944 5310 exhibito
2995 5269 3028 5307 a
3077 5251 3489 5324 grammatico,
3520 5249 3677 5323 apud
3713 5249 3960 5304 Antoni-

2285 5360 2427 5399 num
2461 5343 2804 5401 Verderium
2837 5341 2896 5396 in
2935 5341 3370 5414 supplemento.

2105 5486 2343 5544 NOTAE.

588 5583 664 5655 (α)
697 5584 776 5640 De
828 5585 1110 5641 Palatinis
1161 5584 1466 5642 codicibus
1517 5600 1665 5656 quos
1714 5586 1977 5656 pontifici
2030 5587 2174 5643 Gre-

516 5657 682 5727 gorio
729 5657 824 5712 XV
873 5658 1114 5715 donavit
1158 5659 1480 5727 imperator
1514 5656 1944 5727 _Ferdinandus
1993 5659 2064 5724 II,
2115 5659 2174 5713 in

516 5675 682 5727 801⁵10
729 5675 817 5712 AV
873 5675 1114 5715 αοηεινίι
1158 5675 1234 5712 ιω
1285 5675 1480 5713 erator
1537 5675 1944 5714 ιεθιιαιηιιηαυε
1993 5675 2064 5724 ιι,
2115 5675 2174 5713 1n

513 5729 860 5786 Vaticanam
893 5729 1036 5786 bibl.
1068 5732 1132 5786 A.
1168 5675 1310 5786 16§3
1345 5724 1670 5797 translatis,
1702 5727 1990 5802 gloriatur
2015 5728 2174 5787 Alla-

2285 5585 2408 5640 tius
2439 5584 2684 5656 passim,
2718 5585 2804 5640 uti
2854 5585 2924 5640 ad
2977 5580 3353 5656 Eustathium
3401 5579 3835 5656 Antiochenum
3889 5579 3950 5656 in

2285 5651 2456 5785 Erat:
2482 5661 2540 5711 et
2570 5657 2628 5712 in
2654 5651 2815 5739 potis
2846 5674 2902 5728 p.
2939 5657 3060 5746 151,
3112 5659 3290 5725 atque
3320 5654 3378 5708 in
3411 5651 3951 5710 animadversioni-

2330 5744 2398 5785 us
2429 5727 2502 5785 ad
2533 5728 2931 5785 Antiquitates
2961 5727 3260 5785 Etruscas.
3294 5740 3351 5785 n.
3380 5723 3474 5782 58.

2330 5744 2398 5786 us
2429 5727 2502 5786 ad
2533 5723 2931 5802 Antiquitates
2961 5723 3260 5796 Etruscas,
3293 5740 3351 5798 p.
3380 5723 3474 5782 58.
