4122 6388
244 383 360 445 513

1497 376 1876 442 DIATRIBA
1915 376 2020 441 DE
2062 376 2409 439 PSELLIS.

3546 380 3667 439 5M

316 516 670 575 Gaulminus
706 517 779 573 de
826 515 1001 573 Pselli
1050 515 1286 590 scriptis
1334 516 1458 572 hec
1508 514 1731 572 habet:
1765 512 1901 570 Alia
1930 514 1985 582 Α
2016 511 2430 585 unusquisque
2487 512 2661 569 debet
2692 528 2706 567 :
2737 512 2893 584 quod
2955 511 3005 567 si
3066 512 3377 583 nescirem,
3424 513 3485 570 in
3542 513 3671 570 sola

242 608 414 664 illius
439 610 496 662 in
535 609 695 679 regia
743 609 958 679 pariter
1006 615 1057 663 et
1108 607 1378 663 Vaticana
1421 610 1644 661 exstare
1696 613 1907 660 certum
2016 602 2374 675 optimorum
2406 601 2729 673 sriptorum
2760 601 3070 658 lectionem
3103 602 3504 657 coliocandam
3537 620 3672 659 esse

246 703 365 759 est;
421 700 479 751 ut
528 696 871 771 ψυχογονίαν
918 697 1186 763 Platonis,
1252 694 1523 768 ἐπιτομὴν
1572 700 1671 762 τῆς
1733 692 1908 766 ἰατρι-

243 788 370 854 κῆς,
400 790 707 844 Comment.
742 789 805 841 in
836 786 1154 842 Aristotelis
1186 785 1537 858 Categorias,
1589 785 1902 855 Metaphys.

246 878 344 932 lib.
394 874 520 949 περὶ
574 873 893 947 ἑρμηνείας,
946 875 1249 947 Porphyrii
1296 877 1539 947 quinque
1567 889 1739 942 voces,
1778 888 1907 928 con-

246 976 333 1022 tra
364 967 702 1022 Eunomium
760 966 969 1020 librum
1021 981 1219 1034 unum,
1251 964 1316 1020 de
1346 964 1557 1036 legibus
1594 963 1747 1026 duos,
1786 981 1913 1033 μον-

2016 691 2419 748 existimarem
2454 708 2466 745 :
2501 696 2557 746 et
2588 692 2647 746 in
2683 690 2799 747 illis
2833 692 3255 746 conservandis
3315 698 3670 764 occupatum

2019 797 2319 837 summam
2351 781 2623 836 ducerem
2672 780 3035 836 felicitatem.
3074 780 3134 835 ln
3170 781 3389 851 quibus
3436 798 3672 837 omnem

2021 872 2283 925 nostram
2342 866 2712 936 diligentiam
2780 867 3328 941 indulgentiamque
3404 871 3674 925 consumi

2016 957 2524 1029 jucundissimum
2575 974 2642 1012 ac
2712 957 3135 1029 dignissimum
3181 963 3273 1013 est
3328 958 3474 1013 Mihi
3532 975 3676 1015 sane

248 1054 443 1128 ῳδίπιν,
500 1053 751 1127 ἐγκώμια
806 1056 1040 1110 diversa.
1101 1055 1381 1126 Epistolas
1450 1056 1584 1109 item
1639 1054 1913 1123 elegantes
2019 1047 2220 1103 lumen
2271 1046 2435 1117 solis,
2495 1048 2642 1116 dies,
2701 1047 2937 1119 vitaque
2994 1049 3125 1120 ipsa
3154 1052 3327 1102 erunt
3360 1048 3593 1120 ingrata
3621 1053 3681 1103 et

251 1148 454 1202 laudat
483 1149 541 1202 in
564 1146 774 1217 adagio
806 1141 1018 1199 ἄκαπνα
1065 1142 1210 1199 Θῦειν
1256 1144 1613 1201 Casaubonus
1644 1144 1705 1199 in
1747 1142 1912 1198 Athe-

257 1254 467 1292 nzum.

333 1326 460 1381 LIX.
498 1324 670 1381 Plura
699 1325 880 1381 etiam
914 1328 1219 1382 enumerat
1260 1322 1549 1379 Antonius
1596 1320 1914 1378 Verderius

258 1415 315 1471 in
346 1415 775 1487 Supplemento
807 1414 1171 1471 bibliotheca:
1190 1414 1585 1482 Gesneriante,
1605 1428 1673 1468 ex
1703 1410 1914 1467 biblio-

253 1506 440 1561 thecis
499 1504 1202 1576 Constantinopolitanis.
1234 1503 1382 1558 Nam
1433 1502 1586 1556 inter
1615 1500 1730 1556 alia
1759 1499 1910 1572 apud

247 1596 503 1651 Joanem
538 1595 783 1650 Suzium
814 1597 1002 1660 erant,
1033 1592 1335 1647 Michaelis
1378 1591 1549 1647 Pselli
1599 1588 1918 1660 Explicatio

247 1689 308 1739 in
336 1684 686 1752 psalterium
716 1683 957 1738 Davidis.
1009 1686 1077 1739 In
1110 1682 1430 1753 Gregorium
1477 1680 1916 1736 Nasianzenum.

248 1778 312 1829 In
342 1772 616 1843 catalago
649 1789 683 1827 a
712 1771 1099 1845 grammatico
1148 1770 1430 1837 exhibito,
1462 1770 1786 1825 Medicinale
1815 1769 1920 1823 Mi-

245 1864 454 1919 chaelis
484 1860 687 1917 Pselli.
723 1861 886 1916 Liber
937 1860 1364 1932 philosophicas.
1414 1860 1477 1915 In
1529 1860 1920 1931 philosOphica
1951 1889 1997 1955 Β

250 1953 586 2008 Aristotelis.
637 1951 1105 2007 Astronomicum.
1147 1950 1455 2021 Επιτιίεαίίο
1506 1950 1563 2004 in
1624 1950 1921 2020 mysticam

256 2041 687 2113 philosophiam.
720 2042 782 2097 In
811 2041 1051 2114 quinque
1098 2056 1255 2094 voces
1300 2038 1625 2110 Porphyrii.
1674 2039 1737 2092 In
1767 2040 1918 2110 topo-

265 2132 533 2201 graphica
559 2130 874 2196 Strabonis,
905 2139 957 2185 et
987 2129 1293 2185 Ptolemaei.
1334 2130 1398 2183 In
1431 2129 1807 2183 arithmetica.
1856 2127 1919 2181 In

270 2220 470 2275 ϐαιαὶ
496 2220 919 2290 explicationem
975 2219 1032 2273 in
1064 2223 1300 2288 quatuor
1353 2215 1526 2272 libros
1570 2216 1920 2272 resolutionis

265 2311 633 2380 Hippocratis.
677 2308 984 2364 Menandri
1014 2306 1289 2363 Comedw
1344 2307 1519 2372 XXIII,
1580 2323 1612 2361 ο
1659 2305 1916 2361 Thesau-

263 2398 411 2453 rosl
470 2397 751 2467 arplicatw
806 2414 844 2452 a
884 2395 1147 2451 Michaele
1204 2397 1401 2451 Psello.
1454 2397 1516 2451 In
1566 2395 1922 2450 bibliotheca

258 2487 446 2559 Regis
527 2486 1008 2542 Chritianissimi.
1068 2490 1136 2541 In
1204 2484 1468 2540 Elenchos
1522 2486 1917 2556 sophistarum.

253 2576 483 2633 Scholia
514 2577 573 2630 in
604 2577 975 2646 deﬁnitiones.
1010 2576 1082 2630 De
1109 2579 1261 2629 motu
1290 2575 1569 2644 temporis.
1604 2575 1680 2629 De
1715 2576 1921 2629 circulo

254 2668 395 2721 solis
426 2674 478 2721 et
510 2667 685 2722 (una.
730 2666 800 2719 De
841 2666 1157 2719 inventione
1205 2663 1317 2718 diei
1367 2664 1663 2718 Paschalis.
1699 2668 1777 2719 De
1816 2680 1921 2718 an-

251 2757 400 2824 gelis
428 2757 479 2809 et
510 2753 881 2810 daemonibus.
925 2754 998 2807 De
1026 2754 1185 2809 novis
1216 2752 1529 2808 morborum
1581 2752 1921 2822 appellatio-

252 2845 443 2900 nibus.
482 2848 564 2899 De
590 2845 738 2898 notis
766 2842 1088 2914 spirituum.
1125 2843 1197 2897 De
1237 2842 1507 2897 divisione
1556 2842 1919 2896 animalium.

255 2935 319 2989 In
346 2932 760 2987 Salutationem
816 2928 1156 3000 angelicam.
1193 2931 1255 2985 In
1287 2930 1526 3001 Physica
1568 2930 1874 2985 Aristotelis
1904 2947 1923 2984 :

259 3028 475 3094 prater
504 3020 624 3075 alia
645 3018 1109 3091 multa,quorum
1143 3035 1325 3091 supra
1354 3017 1926 3074 meminimuslnfra

254 3127 499 3183 quoque
533 3107 825 3163 nonnulla
860 3108 973 3163 alia
1022 3107 1481 3162 recensebimus.
1517 3106 1584 3161 Et
1609 3106 1669 3161 in
1717 3106 1923 3162 biblio-

261 3200 437 3255 theca
496 3197 749 3252 Ansonii
806 3197 1163 3268 Augustini,
1225 3195 1398 3251 Pselli
1471 3195 1921 3266 Apopthegmata,

264 3289 393 3344 cod.
467 3288 600 3341 227.
679 3286 988 3356 Explicatio
1074 3286 1462 3340 mathematica
1536 3285 1925 3355 speculationis

260 3382 319 3433 in
349 3378 616 3433 Platonis
640 3376 754 3448 [40]
780 3376 1057 3430 Timaeum.
1080 3375 1348 3430 Absoluta
1370 3376 1651 3430 enarratio
1682 3373 1746 3429 de
1775 3375 1929 3429 Lem~

260 3472 426 3523 male.
451 3467 769 3537 Explicatio
789 3464 854 3519 de
882 3465 1183 3519 Platonica
1203 3465 1558 3533 aurigatione
1586 3466 1925 3529 animorum,

254 3562 310 3613 et
338 3557 405 3612 de
438 3557 651 3611 militia
681 3554 930 3620 deorum,
976 3556 1035 3609 in
1065 3554 1384 3611 Phaedrum.
1436 3554 1751 3626 Explicatio
1800 3554 1932 3609 nodi

261 3646 540 3715 difﬁcilis.
565 3661 670 3716 quo
690 3652 848 3716 pacto
880 3659 952 3699 ex
980 3645 1225 3714 quinque
1252 3643 1538 3713 secuplum
1562 3652 1665 3709 est,
1696 3647 1752 3698 et
1790 3642 1932 3714 quod

265 3736 426 3789 circa
453 3736 692 3806 quinque
717 3734 931 3803 ﬁguras
961 3733 1076 3788 alia
1107 3733 1290 3801 ﬁgura
1319 3748 1429 3788 non
1473 3736 1755 3788 statuatur
1799 3748 1931 3788 con-

256 3833 423 3879 tenta
454 3824 557 3879 snb
584 3822 1007 3894 aequilateribus
1036 3825 1087 3878 et
1115 3822 1457 3893 rectangulis
1488 3824 1635 3877 inter
1661 3837 1721 3877 se
1744 3836 1932 3893 aequa-

252 3915 441 3981 libus,
472 3916 602 3969 cod.
635 3914 760 3967 191.

345 4002 475 4056 LX.
537 4001 663 4056 Haec
714 4006 877 4069 sunt,
920 4000 1121 4069 lector,
1158 3999 1327 4056 Pselli
1362 4005 1769 4070 monumenta,
1801 4016 1929 4073 quis

258 4091 595 4153 hactenus,
655 4096 712 4144 ut
758 4089 908 4145 mihi
950 4090 1315 4158 videturpin
1372 4090 1505 4145 istis
1555 4089 1930 4145 bibliothecis

256 4180 541 4252 reposita
570 4178 770 4246 latent,
803 4196 931 4249 quis
961 4196 1073 4233 non
1108 4178 1303 4234 solum
1352 4180 1572 4245 videre,
1604 4179 1705 4234 sed
1755 4179 1933 4234 etiam

255 4286 459 4340 queas
494 4275 561 4324 ut
611 4270 695 4324 ita
742 4269 935 4325 dicam
997 4284 1335 4339 usurpare:
1370 4268 1692 4339 usurpabis
1749 4268 1931 4333 enim,

252 4361 411 4414 dum
472 4358 840 4428 conferendi,
898 4358 1348 4429 interpretandi,
1404 4357 1734 4429 edendique
1764 4357 1935 4428 c0pia

255 4449 430 4517 data,
468 4448 601 4519 ipse
629 4453 857 4501 tantum
911 4447 1262 4518 scriptorem
1295 4447 1558 4501 studium
1594 4452 1653 4501 et
1700 4452 1934 4518 tempus

258 4536 565 4593 insumes.
603 4536 919 4608 Scriptioni
957 4552 1094 4591 mea:
1128 4536 1302 4590 fidem
1345 4535 1437 4590 hic
1469 4536 1768 4606 imponere
1802 4552 1930 4608 per-

2023 1152 2241 1203 amara,
2278 1135 2349 1201 si,
2374 1152 2500 1207 qua:
2519 1134 2726 1207 legam,
2754 1153 2869 1191 non
2907 1135 3193 1191 habeam:
3220 1136 3269 1192 si
3296 1145 3679 1193 monumenta

2024 1224 2488 1281 clarissimorum
2548 1224 2813 1280 vivorum
2863 1226 3223 1293 defecerint;
3276 1242 3393 1298 prae
3439 1225 3679 1282 illorum

2025 1330 2283 1386 namque
2309 1314 2615 1387 dignitate,
2639 1319 2695 1370 et
2716 1315 3024 1382 suavitate,
3057 1314 3295 1384 divitiae,
3328 1314 3678 1388 voluptates,

2025 1410 2081 1460 et
2130 1404 2417 1477 quidquid
2477 1404 2633 1475 apud
2691 1403 2960 1460 homines
3018 1406 3077 1460 in
3137 1405 3324 1477 pretio
3383 1409 3493 1473 est,
3553 1421 3678 1461 sor-

2027 1495 2129 1549 des
2162 1497 2301 1549 sunt
2348 1498 2407 1548 et
2451 1509 2640 1565 nugas.
2695 1492 2812 1548 Hac
2870 1495 3067 1564 itaque
3122 1494 3272 1564 sitis,
3346 1494 3468 1549 sive
3518 1495 3683 1549 furor

2029 1581 2219 1654 (liceat
2249 1582 2523 1654 propensi
2556 1583 2625 1637 ad
2660 1582 2883 1637 litteras
2903 1581 3089 1637 animi
3111 1583 3518 1654 cupiditatem,
3552 1599 3681 1654 quae

2027 1672 2255 1728 nesciat
2284 1672 2547 1741 modum,
2582 1671 2662 1726 ita
2697 1670 3011 1743 appellare)
3062 1673 3203 1727 dum
3254 1672 3401 1727 mihi
3441 1673 3679 1729 assidue

2028 1778 2209 1816 novos
2242 1766 2511 1816 auctores
2546 1761 2938 1832 investigandi
2965 1761 3229 1816 studium
3250 1761 3489 1833 ingerit,
3521 1777 3678 1817 sem-

2029 1867 2133 1923 per
2165 1866 2381 1905 novum
2413 1850 2555 1920 quid
2606 1849 2842 1922 ingenio
2888 1850 3092 1922 objicit
3124 1867 3136 1905 :
3172 1852 3329 1923 quod
3363 1856 3677 1922 postquam

2030 1939 2229 2007 didici,
2282 1955 2466 2010 angor
2486 1943 2543 1995 et
2571 1938 2758 2005 doleo,
2785 1956 2876 1994 me
2906 1938 3029 2007 illo,
3064 1945 3227 1995 tanto
3260 1945 3518 2011 tempore
3552 1942 3676 1995 fru-

2028 2031 2282 2083 stratum
2309 2027 2504 2083 t'uisse.
2538 2028 2679 2083 [lino
2712 2027 2896 2100 magis
2925 2044 2991 2083 ac
3033 2028 3221 2100 magis
3244 2028 3515 2101 impellor
3540 2045 3680 2085 con-

2028 2116 2397 2172 citatioribus
2436 2116 2716 2171 stimulis.
2748 2116 2905 2171 Dabo
2944 2116 3125 2189 igitur
3158 2116 3286 2184 tibi,
3319 2117 3520 2185 lector,
3555 2117 3682 2173 sine

2029 2207 2153 2261 futo
2202 2212 2259 2261 et
2304 2205 2549 2261 fallaciis
2574 2222 2886 2260 numerum
2930 2206 3219 2261 librorum
3244 2207 3679 2279 manuscripto-

2031 2310 2161 2349 rum
2193 2291 2392 2360 Pselli,
2428 2294 2526 2364 qui
2552 2294 2677 2363 jam
2710 2293 2893 2348 latent
2924 2294 2983 2348 in
3018 2294 3409 2365 bibliothecis,
3462 2313 3568 2351 nec
3593 2296 3683 2351 lu-

2030 2398 2156 2439 cem
2188 2382 2477 2453 viderunt,
2509 2387 2566 2437 et
2591 2398 2794 2437 eorum
2820 2382 2995 2438 simul
3030 2383 3340 2456 principia,
3376 2389 3440 2440 ut
3484 2402 3682 2440 rerum

2030 2473 2239 2527 harum
2271 2472 2376 2526 tibi
2408 2472 2681 2527 notitiam
2715 2472 2928 2529 habeas
2955 2472 3385 2529 dilucidiorem.
3407 2475 3492 2529 Ad
3527 2474 3682 2531 Rho-

2032 2562 2176 2617 dum
2207 2561 2397 2634 ipsam
2428 2566 2484 2616 et
2514 2559 2754 2617 saltum.

2106 2659 2234 2716 LXI.
2270 2660 2393 2715 Visi
2425 2660 2628 2731 igitur,
2661 2666 2763 2715 aut
2791 2658 2926 2716 lecti
2957 2660 3130 2717 Pselli
3161 2679 3193 2716 a
3216 2678 3308 2717 me
3338 2660 3473 2717 libri
3504 2666 3682 2718 sunt:

2034 2748 2229 2823 Στίχοι
2308 2745 2608 2817 πολιτικοὶ,
2665 2748 2789 2823 περὶ
2863 2753 3251 2825 γραμματικῆς
3324 2750 3460 2825 πρὸς
3530 2750 3684 2823 κύριν

2033 2842 2427 2892 Κωνσταντῖνον
2488 2837 2580 2891 τὸν
2636 2839 2996 2914 Μονομάχον.
3060 2844 3134 2896 De
3195 2843 3567 2911 grammatica
3619 2840 3692 2895 ad

2033 2931 2450 2987 Constantinum
2507 2929 2951 2997 Monomachum,
3012 2932 3267 2985 carmina
3330 2930 3574 3002 politica.
3626 2931 3688 2986 P.

2035 3015 2268 3074 Μελὲτω
2300 3037 2384 3071 σοι
2415 3024 2828 3091 γραμματικῆς,
2861 3016 2950 3072 καὶ
2981 3024 3080 3087 τῆς
3113 3017 3503 3096 ὀρθογραφίας.

2102 3108 2221 3178 [41]
2253 3105 2395 3180 Πρὸς
2440 3106 2531 3160 τὸν
2584 3104 2765 3178 αὐτὸν,
2793 3107 2916 3180 περὶ
2966 3105 3377 3182 Ἀντιστοίχων.
3418 3109 3497 3164 Ad
3534 3125 3689 3165 eum-

2037 3197 2181 3264 dem,
2238 3196 2304 3252 de
2360 3196 2739 3253 Antistaechis.
2793 3196 2853 3251 P.
2905 3195 3136 3271 ἄγγαρος
3189 3197 3293 3271 γὰρ
3353 3197 3381 3251 6
3438 3193 3690 3273 ἅγγελος,

2038 3284 2241 3360 ἆγῆλαι
2270 3284 2334 3339 τὸ
2362 3284 2640 3358 σεμνύναι.
2674 3286 2805 3343 Haec
2837 3286 2952 3342 duo
2983 3304 3016 3342 a
3059 3286 3353 3359 plerisque
3399 3287 3459 3342 in
3505 3304 3691 3343 unum

2038 3377 2216 3431 veluti
2249 3392 2461 3448 corpus
2512 3376 2718 3447 digeri,
2753 3380 2810 3431 et
2838 3376 2949 3431 sub
2990 3379 3407 3447 grammatices
3458 3378 3694 3433 nomine

2038 3465 2290 3531 laudari,
2326 3465 2489 3531 novi;
2542 3465 2725 3520 codex
2775 3470 2971 3521 tamen
3005 3464 3419 3522 Vallicellanus
3470 3466 3531 3522 in
3580 3466 3697 3521 duo

2039 3553 2268 3621 dividit,
2295 3553 2551 3609 secundo
2575 3553 2857 3625 primum,
2883 3553 3016 3610 aliis
3038 3555 3215 3610 etiam
3241 3554 3490 3612 aliorum
3524 3556 3701 3611 inter-

2037 3644 2229 3714 jectis,
2263 3643 2452 3713 primo
2485 3644 2811 3698 secundum
2855 3644 3121 3700 tribuens
3171 3645 3395 3712 locum;
3430 3650 3485 3701 et
3517 3661 3698 3715 argu-

2042 3738 2304 3787 mentum
2356 3730 2665 3804 utriusque
2698 3733 2989 3788 diversam
3021 3734 3197 3789 etiam
3249 3734 3436 3805 poscit
3478 3740 3693 3790 tracta-

2040 3821 2286 3876 tionem.
2320 3824 2433 3875 Nec
2464 3821 2523 3875 in
2576 3838 2758 3876 unum
2794 3822 3190 3894 grammaticae
3222 3822 3457 3895 regulas,
3485 3828 3543 3879 et
3572 3823 3695 3878 dic-

2041 3911 2269 3965 tionum
2302 3910 2721 3981 expositiones,
2754 3910 2867 3965 nisi
2901 3911 3226 3967 confundas
3256 3911 3476 3979 omnia,
3504 3911 3697 3970 coale-

2043 4003 2236 4055 scunt.
2272 3998 2537 4054 Meminit
2581 3998 2967 4055 Casaubonus
3012 3999 3073 4055 in
3107 4000 3448 4056 Athenaeum
3499 4000 3603 4056 lib.
3636 4018 3700 4067 II,

2042 4105 2091 4143 c.
2122 4090 2213 4142 26.
2248 4086 2467 4143 Psellus
2513 4090 2572 4143 in
2621 4088 2866 4143 versibus
2893 4089 3158 4161 politicis,
3188 4089 3385 4161 quibus
3423 4090 3703 4147 obscurio-

2041 4194 2126 4232 res
2158 4193 2308 4232 voces
2348 4179 2623 4248 exposuit.
2655 4183 2968 4233 Auctorem
3002 4177 3213 4233 horum
3264 4195 3393 4235 esse
3440 4178 3700 4236 Psellum

2042 4265 2389 4323 Michaelem
2460 4266 2663 4322 nullus
2729 4267 2957 4323 dubito.
3019 4268 3308 4324 Meursius
3363 4269 3439 4341 (b)
3502 4273 3702 4326 tamen

2041 4357 2353 4423 Joannem,
2385 4356 2479 4410 cui
2512 4357 2582 4411 de
2628 4355 2950 4413 virtutibus
2999 4374 3065 4412 ac
3112 4357 3271 4414 vitiis
3321 4358 3550 4415 iambos
3596 4360 3704 4415 tri-

2043 4446 2192 4515 buit,
2245 4445 2453 4501 horum
2511 4450 2811 4501 auctorem
2869 4446 3163 4516 insinuat;
3214 4465 3348 4503 cum
3408 4449 3708 4506 existimet

2043 4535 2328 4590 Joannem
2378 4551 2505 4591 esse
2545 4552 2721 4606 quem
2774 4535 2833 4590 in
2884 4536 3162 4609 ἡγήτορες
3220 4538 3424 4593 laudat
3470 4538 3703 4605 Suidas,

262 4633 686 4698 opportunum
743 4625 1088 4691 videbatur;
1152 4624 1334 4679 habes
1392 4624 1569 4691 enim,
1631 4624 1690 4679 ni
1750 4624 1921 4681 fallor

2052 4623 2205 4699 Λέγει
2238 4619 2295 4677 δὲ
2326 4621 2415 4676 καὶ
2449 4622 2477 4677 6
2510 4622 2753 4691 Ψελλὸς,
2806 4623 3075 4698 ἡγητοοία
3128 4622 3334 4699 πέφυκι
3381 4629 3488 4680 τῶν
3529 4624 3706 4681 σύκων

258 4720 546 4771 exactam
570 4713 743 4769 Pselli
777 4714 1132 4784 scriptorum
1163 4713 1695 4780 enumerationem;
1722 4718 1938 4783 tamen,

2049 4714 2084 4781 ἡ
2118 4709 2361 4781 παλάθη.
2398 4714 2682 4768 Eumdem
2734 4714 2994 4769 Psellum
3046 4714 3263 4786 saepius
3295 4732 3328 4770 a
3356 4715 3538 4771 Suida
3575 4715 3703 4771 lau-

255 4822 343 4861 ne
395 4802 837 4875 rempublicam
882 4801 1231 4857 litterariam
1287 4802 1557 4857 fraudare
1615 4802 1835 4871 videar,
1870 4804 1923 4859 dt

2050 4803 2256 4857 datum
2315 4801 2533 4868 inveni,
2593 4802 2652 4856 in
2712 4800 2963 4876 Δέρτρον.
3026 4800 3279 4876 Δὲρτρον,
3338 4806 3433 4856 τοῦ
3491 4801 3708 4877 ἔντὲρου

255 4911 393 4965 qua
426 4894 583 4948 bene
616 4893 823 4947 mereri
854 4908 1090 4963 semper
1119 4890 1411 4946 sollicitus
1442 4907 1675 4957 sum,en
1701 4893 1939 4948 tertium

2047 4890 2111 4949 τὸ
2144 4887 2341 4944 λεπτὸν
2390 4887 2534 4963 λέγει
2586 4890 2613 4943 6
2653 4889 3040 4965 Ἱπποκράτης.
3093 4890 3236 4961 Φησὶ
3268 4890 3358 4945 καὶ
3399 4893 3427 4945 6
3460 4889 3710 4962 Ψελλὸς,

255 4983 369 5039 hic
394 4982 697 5038 ascribam
722 4981 1051 5052 catalogum
1071 4980 1357 5036 librorum
1387 4980 1577 5046 Pselli,
1599 4998 1770 5053 quos,
1798 4983 1923 5037 dun

2048 4984 2145 5034 τοῦ
2196 4976 2252 5033 δὲ
2302 4977 2517 5053 ὲντὲρου
2564 4980 2626 5034 τὸ
2681 4976 2876 5034 λεπτὸν
2928 4981 3287 5054 κατονομάζει
3349 4978 3591 5056 δέρτρον.
3643 4984 3715 5039 Et

260 5089 518 5144 semper
542 5070 767 5142 aliquid
800 5069 928 5126 novi
961 5068 1169 5124 avidus
1191 5073 1381 5140 capto,
1411 5069 1553 5123 mihi
1579 5068 1789 5141 legisse
1808 5087 1942 5126 con-

2052 5068 2300 5141 Γηώρας,
2333 5068 2560 5143 Γηώρας
2611 5069 2639 5122 6
2693 5067 3009 5144 ἀλλότριος,
3060 5073 3157 5123 τοῦ
3186 5068 3436 5138 Ψελλοῦ,
3482 5071 3712 5143 Γηώρας

259 5162 435 5234 tigit.
507 5161 725 5217 Mirum
770 5160 927 5214 enim
960 5163 1068 5228 est,
1132 5162 1196 5213 ut
1223 5157 1459 5213 animus
1518 5158 1590 5212 ad
1624 5174 1714 5213 res
1766 5175 1923 5215 nova:

2053 5158 2081 5211 6
2119 5155 2437 5232 ἀλλότριος,
2472 5157 2564 5211 καὶ
2596 5154 2796 5231 γὲρδης
2830 5159 2857 5211 6
2892 5157 3150 5234 ὑφάντης.
3178 5162 3313 5226 Quae
3358 5177 3489 5217 cum
3524 5162 3582 5217 in
3618 5162 3712 5218 his

263 5266 521 5322 semper
550 5247 791 5321 gestiat,
852 5245 1033 5302 nullis
1085 5245 1411 5312 laboribus,
1446 5245 1626 5302 nullis
1668 5264 1943 5303 succum-

2055 5248 2126 5303 de
2158 5248 2565 5320 grammatica,
2592 5253 2650 5303 et
2669 5248 3037 5304 antistaechis
3067 5250 3359 5322 legantur,
3385 5268 3500 5306 non
3528 5250 3710 5307 alium

266 5341 427 5397 bene
498 5336 748 5411 vigiliis.
781 5336 910 5391 Scio
972 5334 1148 5391 aliam
1204 5334 1549 5391 hominibus
1607 5336 1944 5393 beatitatem
2054 5337 2285 5402 horum,
2316 5353 2494 5409 quam
2541 5338 2827 5394 Joannem
2881 5344 3183 5396 auctorem
3220 5340 3510 5398 Meursius
3541 5341 3713 5401 nobis

270 5434 572 5502 paratam,
634 5427 709 5483 ad
771 5440 953 5496 quam
1009 5424 1151 5481 totis
1205 5423 1515 5481 conatibus
1593 5426 1945 5483 contendere

2059 5426 2331 5483 intrudit.
2414 5501 2418 5507 _

1892 5579 2125 5638 NOTE.

341 5721 417 5798 (b)
448 5715 768 5780 Meursius
799 5713 876 5772 ad
907 5712 1160 5773 Psellum
1189 5714 1251 5771 in
1282 5713 1588 5773 Canticum
1619 5714 1924 5788 canticor.,
1955 5731 2013 5790 p.
2048 5717 2173 5774 177.
