4122 6416
420 374 542 435 515

1807 369 2092 435 LEONIS
2137 370 2451 435 ALLATII

3714 368 3839 429 5l6

490 504 559 564 Τί
606 503 719 561 ἐστὶ
773 500 1260 582 Βαόουτζικάριος.
1303 505 1445 575 Quid
1498 504 1573 562 sit
1628 505 2068 561 Babutzicarius.

2184 502 2530 561 ostendendi
2577 502 2800 576 ingenii
2856 518 3056 571 causa,
3102 505 3161 559 et
3188 501 3539 574 eloquentiae
3569 500 3840 572 divitias,

416 594 478 651 P.
511 594 572 652 Ὁ
605 595 789 669 μέντοι
819 587 1280 669 Βαϐουτζικάριος
1311 593 1387 664 ἐξ.

488 683 618 759 Περὶ
650 689 752 753 τῆς
784 681 1040 755 Γιλλοῦς,
1071 685 1143 741 de
1184 683 1336 741 Gillo
1371 683 1431 739 P.
1463 687 1523 737 'H
1574 679 1632 737 ὃὶ
1679 679 1865 738 Γιλλὼ
1910 686 2072 737 τοῦτο

419 770 486 844 δὴ
516 773 579 828 τὸ
611 772 867 848 ἀρχαῖον.
904 772 1027 830 Καί.

490 861 659 917 Πόθεν
689 861 752 916 τὸ
793 861 890 917 τοῦ
932 867 1140 935 Κερατᾶ
1189 856 1384 935 ὄνομα.
1421 863 1570 921 Unde
1614 879 1809 919 nomen
1844 862 2076 919 Cornuti

418 955 693 1026 originem
760 953 1042 1009 habuerit.
1104 953 1165 1008 P.
1223 951 1509 1027 Τέτριπται
1568 948 1618 1006 ἒν
1672 950 1926 1022 συνηθείᾳ
1974 954 2073 1007 τοῦ

423 1041 547 1118 βίου
574 1041 637 1096 τὸ
668 1044 763 1094 τοῦ
789 1046 999 1116 Κερατᾶ
1028 1035 1224 1114 ὄνομα.

492 1128 559 1188 Τί
610 1130 866 1203 σημαίνει
912 1130 976 1185 τὸ
1025 1127 1299 1206 Καίσαρος
1346 1125 1540 1203 ὄνομα.
1575 1131 1723 1196 Quid
1774 1129 1889 1186 sibi
1938 1129 2076 1185 velit

420 1218 667 1277 Caesaris
697 1237 935 1277 nomen.
968 1220 1032 1277 P.
1062 1218 1133 1273 Τὸ
1161 1222 1259 1274 τοῦ
1292 1218 1555 1293 Καίσαρος
1590 1214 1786 1292 ὄνομα.

493 1307 589 1372 Εἷς
636 1308 721 1377 τὸ,
753 1305 806 1363 εἷ’
851 1329 902 1363 τι
954 1304 1200 1383 ἔφθασεν.
1245 1311 1305 1365 [η
1352 1309 1516 1379 illud,
1546 1311 1597 1365 si
1646 1309 1778 1381 quid
1832 1309 2072 1365 advenit.

419 1401 484 1456 P.
516 1395 750 1476 Ἑφθασὲ
778 1418 862 1460 τις
896 1396 1087 1471 εἰπὼν,
1121 1395 1204 1452 ὅτι
1237 1394 1485 1475 ἔφθασεν.

492 1487 782 1564 Ἐξήγησις
843 1486 920 1550 εἰς
976 1486 1059 1559 τὸ,
1125 1487 1285 1564 Λίγξε
1348 1486 1490 1563 βιὸς,
1549 1487 1714 1563 νευρὴ
1768 1483 1827 1542 δὶ
1879 1485 2074 1561 μεγάλ’

412 1574 595 1651 ῗαχεν.
646 1579 710 1633 1η
757 1577 925 1644 illud,
966 1577 1165 1633 Slridit
1213 1595 1397 1644 arcus,
1440 1594 1639 1634 nervus
1685 1584 1874 1634 autem
1919 1577 2077 1633 valde

417 1669 626 1723 sonuit.
678 1666 915 1722 Homeri
968 1665 1132 1723 Iliad.
1182 1664 1250 1735 δ’,
1292 1685 1345 1722 v.
1382 1668 1504 1723 125.
1538 1668 1596 1723 Ρ.
1630 1667 1785 1723 Ἐστι
1820 1665 1914 1739 μὶν
1959 1662 2074 1720 οὐδ’

417 1753 549 1830 ὅπερ
583 1754 817 1830 εἷρήκειν
850 1753 1007 1819 εὐθὺς
1038 1754 1352 1830 ἐρωτηθείς.

2181 599 2240 650 et
2266 594 2409 665 vim,
2440 610 2568 665 quae
2602 610 2695 650 res
2733 598 2910 665 auget
2960 593 3277 656 laudando,
3329 591 3839 665 vituperandoque

2182 700 2392 740 rursus
2424 683 2636 756 afﬂigit
2659 700 2672 739 :
2697 689 2754 740 et
2800 683 2955 755 quod
2981 681 3364 753 spectabilius
3382 687 3493 750 est,
3525 697 3702 753 parva
3733 698 3840 753 pro

2182 773 2418 845 magnis
2448 774 2753 844 approbat,
2798 772 3059 844 itemque
3093 788 3309 843 magna
3337 775 3631 837 attenuat,
3661 775 3723 826 et
3763 771 3839 826 ad

2183 862 2433 917 minima
2462 862 2719 918 deducit.
2774 861 2962 917 Licuit
3019 876 3274 931 semper,
3339 864 3399 915 et
3453 859 3738 931 antiquis,
3783 867 3844 914 et

2183 952 2517 1009 subsecutis
2574 952 2850 1022 deinceps
2920 950 3288 1022 temporibus
3346 948 3842 1021 eloquentissimo

2184 1041 2416 1113 cuique,
2443 1047 2502 1098 et
2534 1058 2692 1098 nunc
2722 1040 2878 1097 licet.
2903 1043 3263 1113 Argumenta
3293 1039 3536 1105 similia,
3587 1038 3840 1094 infames

2185 1136 2486 1207 materias,
2523 1135 2606 1192 vel
2635 1134 3030 1208 inopinabiles
3060 1131 3839 1205 nuncupabant.Flagitiosa

2184 1224 2479 1297 siquidem
2534 1224 2583 1280 si
2631 1224 3143 1290 commendarent,
3203 1220 3335 1292 ἄοξα
3381 1219 3470 1274 καὶ
3505 1217 3726 1274 ἄτοπαο
3778 1221 3831 1276 si

2185 1319 2391 1387 prater
2420 1314 2730 1369 hominum
2761 1311 3124 1383 opinionem,
3154 1306 3435 1386 παράδοξα
3463 1309 3704 1382 aggredi
3738 1310 3832 1365 di-

2184 1404 2489 1459 cebantur.
2520 1402 2820 1459 Ranarum
2854 1416 3110 1473 pugnam
3146 1400 3472 1468 Homerus;
3509 1415 3662 1455 unus
3682 1416 3714 1455 e
3745 1416 3839 1455 sa-

2184 1492 2483 1565 pientibus
2532 1491 2765 1549 Graeciae
2814 1490 3071 1547 Pittacus
3120 1488 3341 1546 molam
3391 1488 3700 1545 laudavit:
3736 1487 3839 1544 Dio

2184 1588 2493 1638 Prussaeus
2523 1581 2821 1637 exornavit
2859 1580 3208 1652 psittacum,
3253 1577 3585 1650 Polycrates
3613 1594 3840 1644 mures,

2183 1672 2507 1728 teredinem
2537 1670 2888 1735 Clitarchus,
2922 1685 3191 1726 muscam
3226 1668 3542 1732 Lucianus,
3598 1666 3837 1723 Themi-

2183 1777 2290 1816 son
2352 1758 2775 1832 plantaginem,
2826 1758 3044 1815 Marcio
3109 1756 3459 1827 raphanum,
3514 1755 3839 1813 Erasistra-

488 1843 584 1906 Εἰς
614 1845 713 1913 τήν
746 1843 800 1900 ἐν
834 1844 1176 1916 Νικομηδείᾳ
1224 1843 1530 1920 λεγομένην
1579 1845 1775 1914 ἀκοήν.
1810 1851 1875 1902 In
1909 1848 2072 1902 intel-

2183 1854 2281 1905 tus
2314 1848 2749 1922 lysimacbiam,
2781 1848 3186 1919 Pbythagoras
3216 1844 3450 1911 bulbos,
3482 1844 3713 1901 Diocles
3743 1862 3837 1901 ra-

418 1934 708 1992 lccltone-m
736 1936 819 1991 sic
844 1936 1072 2002 dictum,
1103 1950 1230 2008 qua?
1261 1937 1597 1993 Nicomediae
1623 1944 1724 1992 est.
1761 1941 1818 1993 Ρ.
1852 1935 2071 2007 Θαυμά-

421 2026 600 2092 ζοδδσιν
635 2021 687 2076 οἱ
717 2019 925 2079 πολλοὶ
955 2021 1007 2076 ἐν
1040 2018 1387 2096 Νικομηδείᾳ
1415 2025 1632 2098 ἡχεῖον.

487 2111 586 2174 Τίς
634 2112 669 2180 ἡ
722 2106 991 2187 διάκρισις
1042 2114 1150 2165 τῶν
1198 2110 1665 2187 συγγραμμάτων,
1717 2110 1791 2164 ὦν
1844 2113 1925 2182 τῷ
1976 2109 2071 2183 μὲν

416 2201 452 2270 ἡ
487 2197 812 2272 Χαρίκλεια,
863 2204 943 2272 τῷ
990 2196 1048 2254 δὲ
1084 2201 1120 2269 ἡ
1171 2200 1457 2271 Λευκίππη
1518 2199 1772 2264 ὑπόθεσις
1815 2200 2074 2270 καθεστή-

417 2310 597 2345 κατον.
633 2292 892 2360 Quaenam
932 2293 1006 2346 sit
1053 2292 1417 2363 scriptionum
1461 2291 1804 2363 diﬁerenlia,
1835 2306 2075 2363 quarum

416 2380 589 2436 atteri
629 2380 938 2449 Chariclen,
992 2381 1161 2436 alteri
1208 2382 1482 2453 Leneippe
1530 2384 1866 2454 argumento
1922 2388 2073 2437 sunt.

418 2473 476 2525 P.
512 2463 770 2529 Πολλοὺς
799 2465 918 2523 οἶδα
946 2467 1035 2523 καὶ
1066 2472 1173 2523 τῶν
1208 2465 1360 2544 ἄγανο

490 2558 653 2615 LXII.
690 2555 818 2632 Περί
849 2554 1167 2633 παραδόξων
1200 2557 1583 2631 ἀκουσμάτων.
1619 2560 1694 2616 De
1720 2560 2073 2616 mirabilibus

417 2648 817 2705 auditionibus.
878 2648 1010 2720 [42]
1068 2653 1129 2704 Ρ.
1180 2644 1332 2718 Μηδὲ
1382 2651 1579 2702 καινῶν
1635 2646 2071 2722 ἀναγνωσμάτων

419 2732 557 2805 εἷής.
596 2736 886 2792 Libellum
919 2736 1363 2793 Schediasmate
1394 2737 1465 2810 (ο)
1498 2736 1947 2795 illustravimus.

492 2826 800 2900 Έγκώμιον
851 2823 927 2887 εἷς
974 2823 1105 2887 τοὺς
1152 2824 1391 2901 κὸῥρεις.
1422 2828 1569 2882 Laus
1612 2828 1870 2883 cimicum
1916 2828 1974 2885 Ρ.
2007 2827 2074 2884 Οἱ

421 2911 480 2969 δὲ
508 2910 715 2969 πολλοὶ
744 2913 871 2976 τοὺς
905 2912 1135 2990 Iessea:
1168 2913 1503 2983 κακίζουσιν.

488 3005 795 3077 Ἑγχώμιον
827 3002 902 3065 εῗς
939 3004 1038 3072 τήν
1086 3007 1301 3082 φθεῖρα.
1333 3005 1480 3060 Laus
1526 3003 1784 3077 pediculi.
1820 3005 1881 3061 P.
1920 3002 2075 3060 Ἀλλ’

422 3092 450 3148 6
482 3093 635 3171 φθεὶρ
664 3089 795 3156 ἴσως
821 3096 891 3166 τῇ
922 3090 1131 3166 ψύλλῃ.

2183 1955 2341 2012 pam,
2400 1938 2654 1993 Phanias
2710 1937 2984 2005 urticam,
3015 1940 3153 1991 Cato
3202 1935 3554 2006 brassicam,
3585 1939 3838 1991 mortem

2179 2027 2550 2093 Alcidamas,
2606 2026 3031 2097 Aristophanes
3090 2028 3541 2097 paupertatem,
3611 2023 3837 2079 febrem

2180 2122 2534 2189 quartanam
2593 2116 2982 2180 Phavorinus,
3042 2114 3329 2187 Synesius
3385 2112 3836 2186 cavitium,[43]

2183 2207 2282 2262 alii
2314 2205 2520 2274 salem,
2550 2207 2707 2277 quod
2750 2204 2899 2261 ridet
2924 2204 3084 2260 Plato
3118 2204 3176 2259 in
3209 2202 3504 2271 Convivia,
3529 2202 3629 2257 alii
3660 2203 3844 2258 vomi-

2183 2304 2332 2362 tum,
2364 2294 2536 2361 ollas,
2595 2296 2839 2362 insecta,
2870 2297 2928 2349 et
2985 2310 3111 2366 quis
3164 2297 3306 2349 sunt
3352 2292 3533 2363 hujus
3583 2291 3843 2363 generis,

2184 2402 2312 2458 qua:
2344 2384 2695 2440 Plutarchus
2723 2389 2782 2440 et
2814 2383 3124 2451 Isocrates,
3168 2387 3227 2438 et
3256 2386 3460 2438 nostra
3492 2386 3841 2454 tempestate

2183 2474 2280 2531 alii
2306 2474 2618 2548 magniﬁca
2646 2489 2713 2529 ac
2741 2473 2963 2529 diserta
2991 2472 3256 2528 oratione
3303 2470 3582 2527 laudibus
3634 2487 3839 2542 prose-

2182 2564 2301 2619 cuti
2334 2568 2512 2631 sunt;
2573 2563 2669 2619 hic
2719 2562 2965 2634 quidam
3015 2577 3214 2630 ovum,
3244 2559 3342 2616 ille
3393 2560 3654 2628 asinum,
3688 2560 3841 2617 alius

2184 2653 2554 2718 ebrietatem,
2584 2652 2738 2708 alius
2766 2650 3107 2718 stultitiam,
3160 2648 3313 2706 alius
3346 2650 3748 2717 mendacium,
3779 2655 3840 2705 et

2185 2742 2326 2814 quid
2374 2742 2535 2797 non?
2573 2758 2701 2813 qua:
2758 2741 2817 2796 in
2880 2756 3065 2796 unum
3122 2738 3397 2795 volumen
3456 2738 3567 2795 sub
3626 2738 3838 2795 theatri

2180 2829 2508 2886 Joco-Serii
2532 2829 2768 2885 nomine
2790 2827 3089 2900 congessit
3117 2828 3345 2899 Gaspar
3374 2827 3700 2893 Dornanus,
3754 2827 3835 2900 (ά)

2185 2926 2242 2975 et
2271 2919 2591 2992 publicavit
2641 2935 2756 2975 non
2798 2918 2926 2974 sine
2955 2917 3311 2990 Appendice.
3345 2921 3414 2973 Et
3459 2917 3613 2989 quod
3645 2917 3836 2987 magis

2186 3010 2419 3074 mirere,
2453 3007 2894 3080 Wittembergm
2925 3007 3114 3063 Bruno
3145 3006 3387 3078 quidam
3420 3006 3683 3063 Nolanus
3722 3006 3839 3061 im-

2187 3099 2279 3170 pie
2329 3098 2686 3170 praaconium
2736 3095 2955 3152 diaboli
3005 3095 3283 3151 recitasse
3326 3095 3570 3166 dicitur;
3621 3101 3680 3152 et
3706 3095 3840 3168 qui-

491 3181 798 3258 Έγκώμιον
849 3181 927 3246 εἷς
970 3181 1070 3252 τήν
1118 3178 1334 3255 ψύλλαν
1384 3185 1526 3240 Laus
1570 3183 1798 3255 pulicis.
1844 3184 1905 3240 P.
1966 3182 2073 3240 Τὸν

2184 3188 2321 3242 dam
2356 3188 2533 3255 alius,
2583 3200 2756 3258 quem
2806 3185 3113 3241 nominare
3163 3185 3565 3255 praetermitto,
3617 3184 3842 3241 lictoris

419 3269 668 3325 Κώνωπά
751 3291 907 3348 φασιν
992 3270 1066 3332 ὡς
1132 3267 1451 3348 Ἐλέφαντα,
1517 3271 1605 3327 καὶ
1671 3268 1766 3327 ’ίνα
1827 3292 1889 3346 γε
1951 3272 2073 3327 καθ’

2187 3276 2402 3347 publici
2436 3293 2449 3331 :
2485 3253 2686 3332 verum
2719 3291 2821 3347 pro
2853 3279 3023 3330 tanto
3054 3274 3113 3328 in
3158 3253 3508 3330 Acherontis
3536 3273 3840 3329 ministros

417 3357 566 3416 ὁδόν.
601 3360 790 3432 Hujus
837 3359 1107 3418 meminit
1150 3360 1411 3418 Joannes
1456 3362 1693 3419 Tzetzes
1739 3362 1969 3418 chiliad.
2003 3363 2071 3432 Il,

417 3452 621 3507 Hister.
655 3450 779 3506 185.

510 3552 744 3630 Μιχαὴλ
779 3554 934 3630 μὲν-ὁ
967 3552 1188 3630 Ψελλὸς
1217 3552 1432 3630 enim
1462 3553 1811 3630 ﬂammata.

419 3624 750 3702 Ἥμῶν’πρὸ
782 3624 999 3702 χρόνων
1032 3624 1516 3701 ἑκατὸν“ἇκμάζων
1548 3624 1870 3705 ἐν’τῷήβίῳ.

560 3716 794 3773 Michael
819 3717 1042 3788 quidem
1072 3717 1289 3775 Psellus
1316 3718 1534 3785 pulices
1562 3718 1774 3788 laudat,

561 3789 733 3845 Annis
760 3794 890 3845 ante
916 3805 1014 3845 nos
1041 3793 1261 3845 centum
1287 3790 1490 3860 ﬂorens
1519 3806 1580 3845 in
1609 3792 1736 3846 vita.

487 3895 635 3970 Ηρὸς
663 3893 755 3950 τὸν
790 3895 1039 3967 μαθητὴν
1086 3894 1253 3950 αὑτοῦ
1299 3893 1551 3972 Σὲργιον,
1586 3894 1808 3952 εἰπόντα
1859 3897 2074 3970 μήποτε

419 3980 693 4059 δηχθῆναι
745 3982 847 4038 ὑπὸ
886 3981 1128 4057 ψύλλης.
1177 3987 1239 4042 In
1282 3986 1621 4057 discipulum
1665 3990 1946 4059 Sergium,
1976 3990 2075 4060 ριιὶ

411 4074 653 4141 dixerat,
692 4090 989 4146 nunquam
1037 4090 1096 4129 se
1143 4091 1387 4130 morsum
1440 4092 1474 4131 a
1513 4076 1723 4148 pulice.
1758 4076 1819 4131 P.
1854 4072 1954 4129 Καὶ
1998 4075 2072 4137 ὡς

417 4159 643 4232 ἀληθῶς
670 4158 901 4236 ἄπορον,
929 4159 975 4216 εἲ
1005 4161 1248 4219 πάντων.

488 4250 633 4324 Πρὸς
675 4250 766 4305 τὸν
817 4249 986 4305 αὐτοῦ
1029 4254 1239 4308 Παπᾶν.
1272 4251 1352 4308 Ad
1397 4268 1564 4309 suum
1610 4254 1839 4327 Papam.
1872 4258 1936 4310 P.
1970 4252 2071 4312 Καὶ

420 4339 665 4402 ποταπὸς
697 4344 886 4402 Ηαπᾶς
914 4340 943 4394 ὁ
976 4344 1189 4401 Ιῐαπᾶς.

487 4428 799 4503 Ἐγκώμιον
851 4427 927 4491 εἷς
973 4427 1067 4484 τὸν
1113 4429 1281 4486 οἶνον.
1324 4434 1470 4488 Laus
1519 4432 1663 4489 vini.
1705 4432 1768 4488 P.
1803 4430 1902 4488 οὐκ
1950 4429 2074 4488 οῖδα

417 4515 648 4593 πότερον
684 4516 758 4579 ὡς
792 4515 1115 4589 ἀνθοσμίαν.

2182 3364 2490 3430 beneﬁcio,
2542 3363 2752 3436 reliqui
2806 3363 2985 3420 Italiae
3043 3362 3297 3431 lictores,
3333 3377 3406 3418 ne
3455 3362 3666 3434 ingrati
3709 3378 3842 3420 esse

2181 3454 2540 3520 viderentur,
2572 3452 2729 3509 datis
2776 3452 2850 3507 ad
2902 3451 3266 3508 laudatorem
3320 3450 3555 3518 litteris,
3588 3451 3839 3521 gratiam

2183 3544 2398 3600 referre
2426 3542 2622 3599 conati
2661 3546 2827 3612 sunt,
2867 3542 3062 3598 officia
3092 3558 3200 3597 sua
3230 3539 3493 3614 polliciti,
3521 3556 3657 3596 cum
3689 3544 3834 3596 tem-

2182 3649 2295 3705 pus
2343 3632 2618 3700 adfuerit,
2660 3632 2830 3700 bene,
2851 3630 3186 3703 etbenigne
3206 3646 3337 3687 sese
3358 3628 3442 3684 illi
3476 3629 3835 3702 praetituros.

2182 3722 2308 3778 Non
2342 3722 2562 3777 mirum
2620 3722 2814 3791 itaque
2855 3720 2904 3776 si
2956 3719 3183 3776 Psellus
3238 3720 3415 3776 etiam
3476 3724 3698 3788 noster,
3746 3717 3842 3775 sui

2179 3811 2516 3884 experiendi
2546 3813 2756 3884 gratia,
2793 3810 2852 3865 in
2884 3807 3421 3881 contemptissimis
3450 3808 3583 3864 istis
3619 3808 3836 3879 stylum

2182 3901 2459 3957 exercuit.
2490 3900 2732 3956 Memini
2766 3915 2859 3955 me
2896 3900 3024 3956 fuse
3054 3899 3376 3955 admodum
3418 3898 3476 3953 in
3516 3895 3838 3965 Rhetoricis

2184 3990 2511 4057 dubitasse,
2568 3988 2951 4044 ditﬁciliusne
3008 3987 3087 4044 sit
3141 3988 3392 4060 ideoque
3440 3985 3839 4060 praestantius,

2183 4084 2242 4135 et
2292 4077 2707 4134 admirabilius
2768 4094 2863 4133 res
2914 4077 3087 4140 -viles.
3150 4077 3455 4145 minimas,
3511 4076 3600 4133 vel
3662 4077 3841 4132 etiam

2184 4168 2372 4224 malas
2402 4167 2650 4223 dicendo
2680 4182 2984 4235 exornare,
3018 4183 3092 4222 an
3127 4183 3254 4238 qua
3283 4165 3376 4222 his
3407 4164 3723 4233 contraria,
3778 4168 3846 4220 ut

2184 4259 2483 4327 virtutem,
2533 4256 2909 4329 sapientiam,
2961 4261 3022 4312 et
3077 4256 3232 4313 viros
3262 4255 3358 4312 his
3407 4254 3557 4326 ipsis
3584 4253 3844 4312 celebres

2182 4354 2241 4404 et
2270 4346 2552 4403 illustres.
2585 4346 2775 4415 Nunc,
2835 4350 2899 4401 ut
2953 4344 3253 4416 lectorem,
3288 4344 3541 4401 lectione
3596 4360 3842 4416 operum

2183 4435 2358 4493 Pselli
2389 4436 2711 4503 defessum,
2735 4434 3134 4502 sublevemus,
3170 4449 3358 4507 pauca
3385 4448 3455 4488 ex
3484 4430 3693 4487 multis
3725 4431 3845 4488 illis

2182 4526 2548 4582 adducemus
2577 4541 2680 4598 pro
2714 4530 2964 4596 utraque
2994 4528 3159 4596 parte
3176 4520 3498 4593 exingenio
3521 4520 3843 4579 afferenda.

489 4606 632 4681 Πρὸς
671 4626 790 4661 τινα
820 4605 1085 4677 Κάπηλον
1125 4604 1504 4683 μεγάλαυχον,
1546 4608 1636 4663 καὶ
1670 4607 2073 4689 φιλοσοφοῦντα

2183 4617 2468 4672 Isocrates
2490 4614 2713 4671 similes
2733 4621 2981 4670 conatus
3001 4613 3385 4669 verbisetiam
3410 4608 3839 4681 acerbissimis,

418 4691 653 4753 διάκενα.
676 4698 741 4753 In
773 4695 1083 4760 Cauponem
1107 4697 1405 4768 quemdam
1433 4699 1755 4769 superbum,
1780 4709 1836 4756 el
1860 4703 2079 4770 frustra

414 4786 906 4859 philosophantem.
942 4785 1003 4843 P.
1060 4781 1238 4841 Ἀλλά
1294 4782 1456 4849 ποίας
1505 4789 1673 4841 ταῦτα
1725 4787 2072 4867 φιλοσοφίας,

421 4874 728 4950 λογιώτατα
757 4869 977 4935 ἀδελφέ.
2058 4940 2073 4954 .

489 4960 585 5026 Ε’ίς
629 4983 752 5018 τινα
800 4960 1091 5034 Κάπηλον,
1126 4960 1418 5038 γενόμενον
1447 4962 1696 5037 νομικόν.
1750 4969 1808 5023 In
1860 4967 2079 5041 Caupo-

417 5069 545 5109 nem
592 5055 739 5126 leges
781 5057 1236 5126 pertractantem.
1271 5055 1331 5111 P.
1371 5052 1503 5110 Εἶτα
1532 5052 1579 5109 εἰ
1612 5052 1669 5110 σέ
1708 5076 1795 5119 τις
1845 5052 2079 5128 δικάζειν

423 5139 907 5217 ἐπιτετραμμένον.

2187 4705 2458 4777 pluribus
2488 4702 2549 4759 in
2583 4704 2727 4760 locis
2757 4702 3117 4770 insectatur;
3159 4700 3322 4756 Plato
3353 4698 3582 4755 deridet
3602 4699 3661 4755 in
3694 4699 3845 4755 Con-

2189 4794 2382 4864 vivio;
2438 4793 2718 4867 Synesius
2776 4791 2833 4846 in
2896 4788 3176 4862 Epistolis
3245 4789 3579 4862 improbat;
3655 4803 3846 4860 eoque

2190 4883 2503 4957 praecipue,
2536 4882 2587 4938 si
2628 4898 2757 4953 quis
2801 4880 2945 4937 totis
2992 4878 3218 4935 viribus
3267 4881 3705 4947 consectamur,
3738 4877 3847 4933 im-

2191 4973 2375 5046 proba
2431 4970 2751 5028 decacitate
2811 4969 3259 5039 vituperantur;
3295 4972 3362 5023 ut
3420 4967 3493 5022 de
3544 4965 3847 5023 Carneade

2189 5062 2560 5134 vituperante
2579 5058 2878 5131 justitiam
2909 5057 3187 5114 traditur.
3217 5057 3381 5112 Adde
3413 5072 3426 5111 :
3471 5055 3627 5111 sicut
3672 5053 3850 5127 longe

2194 5148 2587 5225 praestabilius
2645 5153 2803 5204 esset
2857 5147 2929 5204 de
2983 5146 3165 5204 rebus
3223 5146 3472 5203 utilibus
3521 5144 3850 5201 mediocres

495 5229 689 5287 LXIII.
726 5230 1049 5289 Levissima
1097 5231 1213 5290 ista
1261 5236 1423 5304 sunt,
1457 5236 1515 5290 et
1562 5235 1764 5292 minus
1804 5237 1994 5309 seria;
2024 5243 2084 5296 at
2192 5240 2502 5314 opiniones
2532 5237 2772 5307 habere,
2805 5253 2986 5310 quam
3041 5250 3614 5310 supervacanearum
3645 5232 3850 5306 exqui-

2009 5384 2243 5443 NOTAE.

496 5490 1054 5574 (c)_Nequ_e_li_b_ellus
1098 5494 1295 5562 Pselli,
1331 5511 1520 5568 neque
1563 5495 1757 5554 Allatii
1801 5499 2068 5557 schedia-

425 5562 556 5618 sma
586 5562 869 5619 hoc’vidit
896 5564 1108 5620 lucem.

497 5634 574 5711 (d)
604 5634 874 5711 Hanoviaa
932 5637 1091 5711 1619,
1141 5636 1242 5711 fol.
1269 5636 1654 5711 iDornaviano
1681 5645 1841 5711 operi
1878 5643 2079 5706 licebit

427 5706 641 5764 addere
662 5707 1146 5766 dissertationum
1187 5708 1546 5768 ludicrarum
1578 5715 1637 5767 et
1684 5706 2076 5779 aincsniorum

2179 5502 2497 5575 scriptores
2527 5498 2901 5575 variosuLug.
2935 5498 3062 5555 Bat.
3100 5498 3260 5575 1649,
3293 5498 3383 5575 12,
3414 5499 3473 5552 et
3493 5492 3845 5575 admiranda

2187 5567 2386 5630 rerum
2410 5567 3174 5630 admirabilium—cummis.
3206 5567 3549 5640 Noviomagi
3580 5571 3843 5623 Batavor.

2186 5647 2349 5717 4666,
2384 5647 2472 5701 12.
