4122 6422
283 353 404 415 517

1545 345 1919 410 DIATRIBA
1959 346 2063 409 DE
2105 347 2451 412 PSELLIS.

3592 359 3713 422 518

281 496 458 551 sitam
494 489 926 566 cognitionem;
959 490 1018 544 et
1062 483 1372 560 paululum
1403 484 1660 543 eminere
1709 483 1772 540 in
1819 500 1950 540 ma-
1977 485 2034 553 Α
2061 483 2423 557 apicularum
2451 503 2616 560 opera
2653 496 2947 563 stupemus,
2980 506 3145 564 quam
3182 493 3458 552 immensa
3485 511 3719 570 corpora

284 584 439 657 guis,
473 599 653 656 quam
703 579 764 635 in
813 577 1028 650 parvis,
1063 577 1389 649 praesrtim
1436 575 1708 647 iiis,que
1755 573 1938 630 vitam

285 673 430 730 nihil
472 675 704 743 juvant,
737 666 1050 735 excellere;
1090 664 1174 722 ita
1203 670 1261 721 et
1290 665 1349 721 in
1399 664 1647 722 dicendo
1678 663 1940 737 philoso-

283 763 588 836 phandum
621 763 730 816 est.
764 758 834 814 Et
872 756 1006 829 quis
1039 755 1228 811 nescit
1271 755 1620 828 gravitatem
1674 753 1940 810 scurrili-

282 854 406 920 tati,
439 867 534 907 res
578 848 764 906 serias
811 845 970 902 ludis
1018 849 1076 901 et
1119 844 1268 916 jocis
1316 860 1442 900 esse
1487 842 1942 900 laboriosiores?

282 949 456 1020 idque
507 963 578 1002 ex
624 961 692 1000 eo
743 942 1116 1016 intelligitur,
1159 949 1226 997 ut
1271 941 1502 997 dicebat
1550 943 1836 997 Isocrates
1880 940 1939 994 in

288 1037 510 1093 llelenze
557 1033 922 1100 laudatibne,
957 1032 1113 1104 quod
1145 1031 1444 1086 neminem
1493 1046 1757 1102 unquam
1809 1027 1940 1084 illo-

293 1143 420 1182 rum
467 1124 644 1180 verba
693 1121 1037 1187 defecerint,
1059 1136 1195 1176 cum
1225 1119 1287 1174 hi
1330 1118 1588 1176 universi
1632 1119 1806 1191 longe
1852 1122 1943 1173 tc-

298 1215 471 1270 nuius
501 1212 767 1280 dixerint,
796 1227 971 1282 quam
996 1208 1332 1282 argumenti
1365 1208 1709 1281 magnitudo
1739 1211 1943 1280 postu-

298 1304 401 1372 lat,
430 1305 565 1359 adeo
607 1303 679 1358 de
730 1301 908 1357 rebus
937 1298 1253 1356 luculentis
1296 1297 1535 1354 difficile
1582 1301 1671 1353 est
1718 1296 1942 1368 aliquid

303 1394 490 1449 ail‘erre
520 1392 579 1446 in
614 1391 902 1456 medium,
931 1389 1089 1461 quod
1138 1404 1311 1444 nemo
1341 1393 1477 1444 ante
1507 1386 1838 1459 usurparit;
1873 1386 1946 1442 de

297 1484 456 1538 rebus
486 1486 688 1537 autem
714 1479 1068 1551 contemptis
1099 1482 1156 1534 et
1187 1476 1850 1548 humillibus,quidquid
1882 1476 1940 1531 in

294 1581 529 1636 buccam
561 1579 809 1646 venerit,
843 1594 1015 1634 omne
1046 1577 1160 1649 [44]
1191 1579 1496 1650 proprium
1536 1575 1734 1642 fuerit,
1767 1576 1942 1630 Vide-

288 1674 379 1725 tur
409 1675 606 1725 tamen
641 1668 830 1740 magis
881 1667 1181 1739 egregium
1235 1667 1492 1738 primum
1529 1683 1543 1722 :
1579 1665 1752 1736 primi
1782 1666 1938 1721 enim

291 1759 633 1831 eloquentiae
675 1757 963 1826 magistri,
996 1757 1096 1827 qui
1147 1756 1258 1811 sibi
1305 1756 1542 1811 laudem
1575 1770 1940 1827 comparare,

2058 573 2431 632 balaenarum.

2123 664 2324 720 LXIV.
2357 665 2469 722 Sed
2517 666 2588 721 de
2646 667 2841 739 parvis
2899 684 3089 740 pauca
3131 668 3255 728 haec
3303 672 3484 729 etiam
3541 675 3714 748 satis.

2049 753 2266 809 Caetera
2297 753 2470 811 Pselli
2501 772 2952 828 persequamur.

2123 837 2218 903 Εἷς
2264 841 2353 896 τὸν
2394 840 2559 916 αὐτοῦ
2605 836 2826 920 ἔγγονον
2880 840 2959 900 ἔτι
3005 847 3198 916 νήπιον
3251 843 3394 906 ὄντα.
3428 853 3491 908 In
3546 869 3708 910 suum

2047 933 2291 1002 nepotem
2344 933 2530 988 adhuc
2585 933 2878 1006 infantem.
2916 936 2974 992 P.
3026 935 3139 990 Οὐκ
3187 934 3395 1011 ὅψομαί
3443 960 3502 995 σε
3551 937 3708 1014 ἴσως,

2052 1017 2310 1095 φίλτατόν
2347 1041 2442 1092 μοι
2472 1019 2827 1099 βρεφύλλιον.

2125 1110 2238 1182 [45]
2297 1110 2609 1184 Ἐγκώμιον
2667 1111 2746 1174 εἷς
2801 1111 2922 1167 τινά
2982 1112 3256 1173 Νικόλαον
3312 1117 3578 1192 μοναχὸν,
3624 1139 3714 1192 γε·

2053 1196 2283 1269 νόμενον
2369 1198 2786 1274 καθηγούμενον
2859 1207 2962 1271 τῆς
3039 1201 3092 1256 ἐν
3166 1202 3438 1278 Ὀλύμπῳ
3518 1215 3712 1279 μονῆς.

2057 1288 2208 1344 Laus
2262 1289 2550 1365 cuiusdam
2606 1291 2871 1348 monachi
2925 1293 3163 1361 Nicolai,
3211 1297 3314 1367 qui
3371 1298 3430 1351 in
3491 1297 3720 1370 Olympi

2055 1380 2388 1434 monasterio
2440 1394 2643 1451 pra’ses
2696 1381 2906 1451 fuerat.
2939 1382 3002 1438 P.
3044 1380 3406 1458 Ὑψηλότεροι
3469 1384 3563 1457 μὶν
3615 1392 3718 1456 τῆς

2054 1466 2161 1521 ἀπὸ
2191 1469 2298 1520 τῶν
2310 1510 2323 1523 .

2126 1557 2436 1630 Ἐγκώμιον
2496 1554 2575 1621 εἷς
2628 1556 2719 1612 τόν
2775 1559 3014 1635 μοναχὸν
3072 1560 3332 1632 Ἰωάννην
3389 1563 3480 1618 τὸν
3540 1570 3712 1640 Κρου-

2052 1643 2285 1700 στουλᾶν
2334 1646 2424 1700 τὸν
2484 1646 2782 1721 ἀναγνόντα
2833 1647 2888 1703 ἐν
2939 1652 3008 1722 τῇ
3062 1648 3225 1725 Ἀγίᾳ
3263 1655 3442 1726 Σορῷ.
3475 1655 3717 1713 Joannis

2056 1735 2332 1794 Crustula:
2381 1739 2639 1793 monachi
2695 1739 2842 1806 laus,
2898 1741 3002 1810 qui
3057 1741 3120 1795 in
3174 1740 3229 1796 S.
3279 1743 3428 1799 Urna
3484 1744 3715 1816 legerat.

293 1853 345 1904 et
370 1864 574 1903 omnes
609 1847 668 1901 in
702 1846 793 1902 sui
823 1845 1280 1901 admirationem
1307 1844 1539 1900 trahere
1569 1845 1942 1930 studuerunt1

2089 1833 2119 1881 '.
2149 1823 2216 1881 Τί
2241 1829 2425 1894 τοῦτο,
2453 1824 2610 1887 εὐθὺς
2641 1827 2744 1900 γὰρ
2777 1825 2852 1889 εἰς
2887 1823 3150 1882 ὃεδυκότα
3182 1849 3250 1901 με
3277 1830 3367 1885 τὸν
3400 1830 3549 1889 ναόν.

2133 1914 2194 1932 ..η
2516 1914 2913 1932 -..ς-,
3091 1920 3429 1932 .......-

290 1946 503 2002 similia
531 1949 886 2018 argumenta
927 1949 1314 2016 usurparunt,
1342 1944 1648 2009 Homerus,
1682 1941 1948 2014 Gorgias,

290 2036 660 2107 Protagoras,
694 2033 913 2105 aliique
962 2049 1077 2089 non
1128 2033 1319 2105 pauci,
1357 2038 1414 2088 et
1447 2036 1580 2104 post
1609 2032 1716 2087 bos
1764 2031 1948 2087 multo

297 2123 506 2194 plures.
541 2128 735 2194 Atque
782 2124 892 2178 has
943 2122 1222 2178 materias
1271 2126 1496 2178 veteres
1545 2121 1732 2176 adorti
1783 2124 1945 2189 sunt,

296 2238 408 2276 non
458 2221 734 2294 sophistae
784 2220 1002 2287 solum,
1052 2221 1152 2276 sed
1209 2220 1542 2292 philosophi
1594 2235 1847 2291 quoque,
1881 2222 1949 2274 ut

295 2310 495 2381 probat
527 2318 593 2364 Α.
627 2309 848 2365 Gellius
882 2307 983 2363 lib.
1017 2326 1155 2376 xvn,
1181 2324 1230 2364 c.
1260 2311 1346 2378 12,
1371 2312 1429 2364 et
1462 2307 1854 2362 Philostratus
1887 2308 1944 2362 in

298 2399 430 2454 Vitis
466 2399 849 2470 sophistarum.
872 2397 986 2454 Nec
1036 2399 1353 2453 dicendum
1406 2403 1516 2465 est,
1549 2401 1635 2452 tot
1681 2397 1945 2452 eruditos

294 2487 554 2544 homines
591 2487 647 2543 in
681 2487 791 2543 hac
831 2503 893 2543 re
941 2487 1126 2543 luisse
1177 2487 1452 2559 deceptos
1487 2503 1501 2542 :
1535 2502 1739 2541 eorum
1786 2485 1941 2556 apud

285 2593 483 2633 omnes
515 2577 824 2632 aestimatio
856 2575 1178 2648 singularis
1213 2576 1268 2631 id
1304 2579 1496 2647 negat.
1529 2576 1617 2642 Et,
1643 2575 1785 2630 dum
1819 2591 1942 2630 ma-

280 2667 432 2722 teriis
464 2666 816 2722 difﬁcultate
852 2666 1042 2738 magis
1081 2671 1426 2721 exercentur
1455 2665 1717 2737 ingenia,
1751 2664 1943 2737 magis

281 2756 450 2812 etiam
484 2754 687 2810 lucent
720 2771 732 2811 :
768 2755 986 2812 etenim
1038 2755 1136 2810 ubi
1191 2755 1386 2810 deficit
1416 2751 1661 2810 materia
1708 2758 1944 2826 propter

280 2845 748 2917 improbitatem,
779 2850 882 2900 aut
931 2844 1303 2914 tenuitatem,
1335 2843 1416 2898 ibi
1465 2842 1812 2915 eloquentiae
1852 2842 1942 2898 lu-

281 2936 438 2990 mina
465 2939 528 2991 et
555 2934 714 2990 vires
745 2934 936 3006 magis
977 2933 1220 2990 infensas
1251 2931 1688 2989 vehementiora
1718 2932 1944 3004 spicula

283 3031 338 3088 in
367 3033 743 3089 audientium
791 3032 1019 3087 animos
1067 3035 1477 3102 contorquent,
1512 3030 1725 3103 suique
1774 3031 1940 3102 copia

281 3123 337 3177 in
366 3124 629 3179 maxima
675 3121 878 3194 inopia
922 3121 1198 3190 ingerunt
1247 3119 1719 3176 admirationem.
1754 3119 1941 3192 Magis

282 3211 430 3267 enim
480 3211 774 3268 facundiae
822 3225 963 3282 opes
1020 3211 1080 3265 in
1131 3211 1307 3266 rebus
1367 3210 1542 3264 laude
1601 3209 1938 3265 carentibus
1971 3234 2014 3302 ρ

280 3313 674 3364 ostentantur.
731 3308 873 3362 Hinc
922 3306 1198 3363 omnibus
1251 3307 1484 3378 sibique
1532 3307 1630 3362 isti
1691 3307 1939 3380 scripto-

280 3413 368 3454 res
432 3397 829 3467 persuadent,
907 3395 995 3456 Ὡς
1063 3393 1114 3449 εἷ’
1175 3393 1300 3470 περὶ
1363 3399 1618 3469 πονηρῶν
1687 3393 1939 3470 πραγμά-

275 3505 378 3540 των
455 3483 656 3562 ἔχουσί
732 3505 786 3539 τι
872 3483 1094 3559 λέγειν,
1186 3483 1310 3561 περὶ
1392 3489 1503 3539 τῶν
1558 3482 1772 3539 ’καλῶν
1849 3485 1940 3539 καὶ

281 3575 486 3650 ἀγαθῶν
556 3572 766 3653 ῥᾳδίως
831 3571 1220 3646 εὖπορήσουσι.
1291 3577 1391 3646 Se,
1457 3593 1583 3632 cum
1647 3577 1713 3631 de
1778 3577 1942 3632 rebus

283 3667 407 3722 adeo
470 3666 806 3740 improbatis
877 3667 1042 3722 verba
1107 3671 1432 3737 suppetant,
1512 3665 1582 3721 ad
1644 3683 1730 3722 res
1791 3681 1940 3737 prae-

287 3755 462 3810 claras
505 3755 869 3829 exponendas
918 3754 1210 3810 luculenta
1247 3759 1499 3812 oratione
1549 3756 1715 3826 facile
1762 3756 1941 3810 abun-

283 3852 522 3910 daturos.
583 3855 705 3911 Nec
764 3853 920 3909 male
975 3852 1254 3909 Sidonius
1313 3853 1672 3926 Apollinaris
1727 3871 1740 3910 :
1802 3858 1944 3910 Nam

277 3946 444 3999 moris
508 3955 590 4000 est
655 3943 1038 4015 eloquentibus
1107 3944 1247 3998 viris
1327 3944 1682 4013 ingeniorum
1758 3943 1942 4014 facul-

282 4036 449 4087 tatem
496 4035 844 4102 negotiorum
904 4033 1139 4100 probare
1194 4032 1666 4103 difﬁcultatibus;
1724 4035 1774 4087 et
1826 4032 1946 4086 illic

276 4121 485 4192 stylum
537 4123 806 4193 peritum,
862 4123 1028 4193 quasi
1086 4123 1377 4192 quemdam
1432 4121 1660 4192 fecundi
1707 4123 1947 4194 pectoris

271 4225 553 4266 vomerem
588 4211 784 4282 ﬁgere,
817 4211 917 4266 ubi
962 4210 1219 4265 materia
1264 4210 1480 4265 sterilis
1531 4214 1942 4281 argumentum,

269 4308 421 4362 velut
446 4309 629 4364 arida
653 4309 876 4379 cespitis
904 4308 1092 4363 macri
1108 4307 1270 4377 gleba
1289 4308 1536 4378 jejunat.
1561 4307 1678 4362 Nec
1702 4308 1944 4363 minutae

267 4396 522 4454 bestiolae
561 4397 768 4454 minus
825 4395 1173 4453 necessaria
1215 4396 1654 4452 existimantur.
1687 4396 1834 4452 Nam
1866 4413 1945 4453 eae

267 4502 498 4559 quoque
562 4488 626 4543 in
687 4503 794 4542 suo
843 4502 1058 4558 genere
1106 4486 1365 4557 pulchrae
1417 4490 1583 4551 sunt,
1615 4489 1672 4540 et
1721 4486 1945 4558 aliquid

267 4575 489 4633 decoris
533 4574 919 4632 universitati
968 4591 1192 4641 rerum,
1227 4579 1514 4645 tanquam
1568 4575 1627 4629 in
1677 4590 1942 4631 commu-

268 4681 394 4722 nem
427 4664 898 4738 rempublicam,
923 4681 1026 4736 pro
1054 4681 1164 4720 sua
1193 4664 1482 4736 portione,
1509 4665 1846 4734 conferunt;
1880 4670 1945 4720 ut

267 4763 472 4826 preter
499 4757 662 4812 alios
712 4754 1132 4809 adimadvertit
1158 4753 1498 4808 Aristoteles
1531 4770 1548 4807 ι
1579 4754 1653 4808 De
1680 4754 1940 4824 partibus

263 4847 507 4907 animal;
543 4861 680 4916 cap.
715 4844 771 4897 5.
805 4842 1050 4898 Divinus
1079 4841 1296 4914 quippe
1326 4841 1548 4897 Artifex
1577 4842 1662 4897 ita
1695 4859 1946 4915 magnus

265 4935 436 4990 estin
473 4933 727 5006 magnis
774 4931 970 4999 rebus,
1007 4935 1072 4986 ut
1101 4931 1295 4986 minor
1324 4947 1442 4986 non
1494 4931 1571 4986 sit
1617 4931 1676 4986 in
1731 4933 1943 5004 parvis.

261 5037 556 5106 Recteque
619 5050 660 5090 ο.
716 5030 910 5086 Plinio
968 5030 1070 5086 lib.
1125 5047 1164 5086 ιι
1211 5031 1403 5087 Natur.
1460 5031 1662 5086 Hister.
1714 5046 1840 5102 cap.
1885 5031 1941 5085 2.

261 5125 549 5193 scriptum
585 5127 688 5179 est
719 5137 734 5176 :
767 5125 834 5177 In
868 5123 1092 5190 magnis
1135 5120 1477 5192 corporibus,
1510 5129 1607 5175 aut
1651 5128 1796 5175 certe
1824 5137 1944 5175 ma-

249 5213 490 5284 joribus,
522 5211 765 5284 facilem
811 5209 1104 5281 ofﬁcinam
1148 5212 1372 5282 seqnaci
1416 5211 1653 5265 materia
1692 5225 1806 5266 esse
1834 5227 1853 5264 :
1885 5211 1946 5265 in

256 5305 462 5373 parvis,
496 5306 679 5374 atque
717 5316 822 5355 sua
851 5301 1101 5355 exilitate
1127 5300 1322 5370 nullis,
1355 5297 1597 5354 multam
1646 5301 1944 5370 rationem,

260 5401 599 5457 immensam
641 5399 781 5465 vim,
816 5396 1266 5454 inextricabilem
1306 5398 1740 5469 perfectionem;
1771 5400 1823 5452 et
1852 5413 1942 5453 re-

265 5505 384 5545 rum
411 5499 698 5545 naturam
724 5503 1014 5558 nunquam
1050 5489 1253 5556 magis,
1286 5503 1455 5558 quam
1482 5487 1543 5541 in
1573 5487 1826 5542 minimis
1859 5489 1942 5542 to-

269 5581 374 5634 tam
401 5596 539 5637 esse.
567 5578 778 5648 quue
809 5580 1036 5648 spectat
1062 5575 1210 5631 illud
1241 5576 1309 5631 D.
1336 5575 1656 5647 Augustini
1688 5574 1792 5630 lib.
1824 5591 1944 5630 xxn

270 5667 334 5722 de
363 5668 531 5724 Civil.
569 5667 715 5732 Dei,
737 5681 863 5738 cap.
893 5666 966 5720 24
990 5681 1003 5721 :
1032 5668 1112 5722 Ea
1135 5667 1263 5738 plus
1295 5663 1498 5723 habent
1527 5665 1942 5734 admirationis,

268 5772 382 5829 quae
416 5757 595 5815 molis
657 5755 985 5812 minimum.
1033 5754 1169 5812 Plus
1209 5756 1361 5813 enim
1405 5755 1845 5829 formicularum
1894 5758 1948 5812 et

2133 1914 2391 1977 'Emuvoc
2447 1919 2544 1970 τοῦ
2594 1914 2830 1986 Ἰταλοῦ,
2884 1919 3032 1974 Laus
3083 1920 3215 1976 Itali
3267 1924 3331 1977 P.
3378 1921 3465 1984 Ὠς
3526 1922 3584 1977 εὗ
3635 1927 3715 1996 τῷ

2058 2003 2276 2076 Ἰταλῷ.
2307 2003 2372 2059 Εἰ
2406 2001 2463 2059 δὲ
2496 2003 2777 2080 βούλοιτο.

2129 2094 2268 2167 Πρὸς
2323 2093 2452 2155 τοὺς
2505 2093 2769 2166 μαθητὰς,
2817 2095 2938 2171 περὶ
2995 2098 3096 2161 τῆς
3157 2095 3325 2167 αὐτῆς
3384 2099 3716 2164 ὑποθέσεως,

2055 2183 2136 2238 Ad
2160 2183 2482 2268 discipulos,
2514 2184 2580 2240 de
2624 2184 2815 2240 eodem
2861 2191 3208 2257 argumento.
3241 2188 3304 2244 P.
3339 2185 3533 2252 Οὐδεὶς
3585 2192 3716 2268 παρ’

2052 2271 2188 2343 ἡμῖν
2222 2267 2335 2325 οὔτ’
2361 2269 2672 2346 αἰχμητὴς,
2707 2268 2818 2327 οὔτ’
2852 2273 3198 2345 ἀκοντιστής.

2124 2358 2268 2433 Πρὸς
2296 2358 2424 2422 τοὺς
2463 2360 2846 2435 βασκαίνοντας
2888 2361 3055 2434 αὐτῷ,
3091 2365 3292 2422 Contra
3320 2368 3411 2423 sui
3435 2368 3715 2426 obtrecta-

2051 2456 2198 2506 tores
2228 2451 2284 2506 P.
2321 2451 2505 2522 Ὑμεῖς
2548 2450 2642 2522 μὶν
2677 2449 2876 2521 οὕτως,
2908 2448 3053 2528 λέγω
3085 2450 3143 2508 δὲ
3171 2452 3318 2519 τούς.

2126 2539 2268 2613 Πρὸς
2307 2537 2436 2601 τοὺς
2485 2537 2700 2602 αὐτούς.
2751 2541 2814 2596 In
2859 2541 3104 2602 eosdem.
3159 2544 3218 2599 P.
3255 2539 3380 2601 Οὕεγ
3436 2545 3561 2614 ὑμῖν
3615 2547 3712 2621 βα-

2051 2627 2273 2690 σκανίας
2304 2625 2761 2703 περιλελείψεται
2781 2629 3033 2706 ἀφορμή.

2123 2715 2274 2774 Κατά
2318 2738 2461 2779 τινος
2521 2713 2953 2792 λοιδορήσαντος
3001 2717 3162 2776 αὐτὸν
3215 2721 3453 2798 ἀφανῶς.
3505 2725 3712 2782 Contra

2052 2808 2361 2878 quemdam,
2394 2811 2493 2880 qui
2545 2809 2633 2864 illi
2678 2808 3003 2866 clanculum
3047 2812 3434 2869 maledixerat.
3467 2818 3533 2872 P.
3566 2814 3709 2888 Πρὸς

2048 2897 2148 2964 τὴν
2178 2892 2457 2968 λοιδορίαν
2491 2896 2519 2950 ὁ
2552 2895 2742 2971 λόγος.

2123 2985 2265 3060 Πρὸς
2293 2983 2420 3048 τοὺς
2464 2985 2708 3058 μαθητὰς
2764 2984 3193 3064 ἀπολειφθέντας
3242 2995 3344 3059 τῆς
3391 2988 3708 3066 ἑρμηνείας.

2047 3077 2146 3129 τοῦ
2178 3074 2305 3148 Περὶ
2338 3073 2646 3148 ἑρμηνείας,
2679 3077 2759 3132 Ad
2787 3077 3108 3149 discipulos,
3138 3081 3236 3151 qui
3264 3082 3715 3153 interpretationi

2052 3165 2184 3220 libri
2209 3166 2521 3222 Aristotelis
2564 3165 2630 3222 de
2674 3166 3136 3239 Interpretatione
3163 3185 3275 3225 non
3305 3171 3707 3243 interfuerunt.

2054 3259 2112 3310 P.
2147 3253 2290 3325 Πρὸς
2311 3251 2438 3315 τοὺς
2471 3253 2901 3329 ἀπολειφθέντας
2930 3255 2958 3310 ὁ
2985 3253 3172 3332 λόγος.

2123 3345 2254 3399 "Ore
2308 3337 2601 3416 ἐϐράδυναν
2663 3344 2714 3396 οἱ
2761 3345 2996 3416 μαθηταὶ
3049 3343 3213 3401 αὐτοῦ
3260 3349 3330 3420 τῇ
3360 3352 3462 3417 τῆς
3493 3345 3710 3424 σχολῆς

2053 3431 2374 3506 ξονελεύσει.
2413 3436 2553 3490 Cum
2593 3434 2858 3507 discipuli
2905 3436 3064 3492 tarde
3095 3437 3166 3493 ad
3195 3443 3522 3495 conventum
3550 3439 3714 3497 scho-

2055 3525 2315 3579 lasticam
2349 3525 2760 3595 processissent.
2795 3525 2855 3580 P.
2891 3520 3060 3580 Οὐδὲν
3111 3526 3294 3581 καινὸν
3345 3533 3556 3584 ποιεῖτε
3602 3527 3716 3585 οἵτε

2055 3609 2336 3673 δοκοῦντες
2371 3611 2498 3684 ὑμῖν
2533 3601 2851 3690 φιλόσοφοι.

2127 3701 2285 3757 LXV.
2347 3699 2607 3774 Μονῳδία
2664 3700 2752 3756 ἐπὶ
2811 3703 3076 3776 Ῥωμανῷ
3122 3702 3599 3781 Ῥαιφερενδαρίφ,
3652 3709 3714 3763 in

2054 3793 2367 3846 Romanum
2443 3792 2935 3863 Re/erendarium,
3004 3793 3274 3851 Monodia.
3346 3796 3404 3851 P.
3461 3792 3715 3858 Πολλοὺς

2055 3877 2161 3954 ἐγὼ
2189 3882 2297 3933 τῶν
2331 3877 2507 3956 φίλων
2544 3879 2890 3950 τεθνηκότας.

2126 3965 2386 4040 Μονῳδία
2418 3967 2494 4030 εἰς
2542 3968 2634 4023 τὸν
2683 3967 2948 4046 πρόεδρον
2986 3970 3138 4045 κόριν
3189 3971 3423 4047 Μιχαὴλ
3452 3972 3543 4027 τὸν
3591 3972 3714 4027 Ῥα-

2057 4054 2243 4127 δηνόν,
2276 4061 2338 4114 in
2364 4061 2681 4116 aniistitem
2723 4060 3007 4116 dominum
3051 4061 3380 4119 Michaelem
3411 4061 3713 4134 Radenum,

2054 4147 2324 4217 Monodia,
2357 4151 2422 4202 P.
2456 4152 2587 4210 Τοῖς
2615 4148 2709 4219 μὲν
2739 4145 2938 4211 ἄλλοις
2969 4152 3069 4221 τῷ.

2126 4232 2384 4308 Μονῳδία
2433 4235 2508 4298 εἷς
2565 4237 2663 4305 τὴν
2723 4241 2820 4291 τοῦ
2874 4236 3201 4314 ἀκτουαρίου
3249 4237 3500 4294 Ἰωάννου
3554 4237 3716 4295 ἀδελ-

2057 4326 2186 4403 φήν,
2229 4328 2292 4381 in
2338 4328 2578 4383 actuarii
2624 4329 2855 4384 Joannis
2899 4344 3162 4399 sororem,
3211 4329 3482 4386 Monodia.
3534 4334 3600 4386 P.
3651 4334 3717 4385 Ὢ

2056 4414 2216 4478 ποίας
2246 4415 2274 4469 ὁ
2307 4414 2528 4488 Δαίμων
2559 4415 2811 4492 ἀφορμάς
2844 4414 3046 4494 λόγων.

2130 4501 2388 4576 Μονῳδία
2435 4503 2512 4568 εἷς
2583 4506 2842 4575 Ἰωάννην
2912 4507 3007 4561 τὸν
3084 4505 3373 4578 Πατρίκιον
3435 4505 3715 4581 ὁμιλητὴν

1979 4616 2029 4679 D
2057 4594 2225 4649 αὐτοῦ
2258 4589 2406 4662 ὄντα,
2439 4597 2500 4650 in
2540 4597 2809 4652 Joannem
2850 4597 3168 4653 Patricium
3199 4597 3560 4671 discipulum,
3599 4604 3718 4656 Mo-

2057 4685 2246 4741 nodia.
2284 4684 2345 4740 P.
2379 4684 2570 4760 Κωφὸν
2604 4686 2741 4757 ἡμῖν
2772 4685 2834 4739 τὸ
2865 4684 3248 4761 ἀκροατήριον.

2129 4772 2350 4846 Ἰωάννῃ
2413 4771 2658 4847 Βοῦρτζῃ
2737 4774 3051 4851 Βεστάρχῃ,
3123 4773 3553 4846 τελευτήσαντος
3617 4780 3716 4831 τοῦ

2057 4856 2295 4938 ἀδελφοῦ
2353 4859 2538 4930 αὐτοῦ,
2590 4863 2662 4918 ad
2704 4867 2985 4921 Joannem
3036 4870 3292 4921 Burtzem
3341 4868 3718 4938 Bestarcham,

2055 4953 2120 5008 ob
2149 4952 2356 5007 obitum
2389 4952 2545 5008 illius
2573 4955 2792 5023 fratris.
2828 4953 2887 5009 P.
2916 4951 3026 5007 Οὐκ
3055 4950 3178 5008 οἶδα
3205 4952 3325 5010 τίνα
3355 4975 3464 5012 σοι.

2128 5039 2446 5117 Ἐπιτάφιος
2508 5039 2584 5104 εἴς
2628 5062 2752 5097 τινα
2804 5039 2965 5120 φίλον
3023 5043 3213 5114 αὐτοῦ,
3270 5043 3360 5099 καὶ
3417 5055 3716 5119 συμμαθη-

2053 5130 2178 5199 τήν,
2211 5131 2274 5185 in
2305 5131 2602 5203 quemdam
2639 5134 2882 5190 amicum
2929 5136 2981 5188 et
3028 5133 3492 5207 condiscipulum,
3528 5134 3720 5193 Oratio

2054 5221 2327 5291 funebris.
2358 5221 2419 5276 P.
2456 5219 2594 5296 Ἐγὼ
2629 5221 2724 5292 μὲν
2755 5219 2915 5294 ᾤμην
2951 5221 3265 5298 ἀνακωχήν.

2128 5304 2448 5385 Ἐπιτάφιος
2482 5307 2557 5371 εἰς
2603 5310 2704 5378 την
2756 5312 3020 5386 Θυγατὲρα
3069 5310 3374 5382 Στυλιανὴν
3416 5314 3522 5389 πρὸ
3574 5312 3722 5389 ὥρας

2055 5401 2154 5452 τοῦ
2203 5397 2386 5473 γάμου
2429 5395 2848 5469 τελευτήσασαν,
2891 5404 2948 5457 in
2995 5403 3174 5474 ﬁliam
3215 5403 3562 5476 Slylianam,
3594 5421 3722 5478 quae

2056 5492 2187 5544 ante
2231 5489 2557 5560 nuptiarum
2607 5499 2820 5562 tempus
2870 5495 3105 5547 mortem
3151 5493 3307 5550 obiit.
3353 5494 3414 5550 P.
3447 5491 3725 5569 Θυγατὲρα

2053 5579 2135 5648 τῷ
2163 5573 2314 5651 λόγῳ
2333 5580 2534 5650 τιμῶν.

2129 5667 2258 5740 [46]
2291 5666 2608 5744 Ἐπιτάφιος
2666 5665 2744 5729 εἷς
2785 5667 2884 5737 τὴν
2941 5668 3133 5723 ἒάυτοῦ
3193 5671 3422 5748 μητέρα,
3480 5676 3539 5730 in
3594 5689 3715 5730 ma-

2052 5760 2211 5828 trem,
2243 5756 2434 5815 Oratio
2471 5758 2742 5831 funebris.
2777 5759 2839 5815 P.
2876 5757 2954 5815 Τὸ
2986 5756 3284 5836 ἐγκώμιον,
3314 5760 3443 5818 ἀλλ’
3477 5760 3581 5836 οὐχ
3616 5763 3714 5824 ὡς.
