4122 6464
387 369 510 429 519

1776 360 2054 426 LEONIS
2095 363 2414 426 ALLATII

3693 377 3813 442 520

457 501 777 578 Ἐπιτάφιος
827 497 904 561 είς
959 497 1197 574 Εἰρήνην
1258 497 1645 574 Καισάρισσαν.
1705 501 1767 556 Ia
1819 503 2005 556 [rma

2120 560 2124 567 ,
2154 498 2438 555 Auxentii.
2472 499 2534 556 P.
2567 499 2748 574 Ἀρχὴ
2791 499 2886 572 μὲν
2926 503 3062 576 ἡμῖν
3094 508 3193 574 τῆς
3223 504 3361 579 πρὸς
3411 506 3474 562 16
3521 506 3718 584 ἀγαθὸν
3750 507 3812 565 in

387 593 758 660 Cmaarissam,
796 592 981 647 Oratio
1023 591 1292 662 funebris,
1352 595 1414 646 P.
1467 589 1858 665 Ἐγκωμιάζειν
1905 607 2004 642 κατ

2148 589 2245 639 τοῦ
2276 583 2514 641 παλαιοῦ
2546 588 2864 661 πτώματος.

380 679 566 750 ταύτὸ,
599 678 686 734 καὶ
716 684 931 753 θρηνεῖν
965 677 1241 754 ἐπιτάφιοι.

455 770 645 826 LXVI.
681 768 993 843 Ἑγκώμιον
1042 765 1118 829 εἷς
1163 769 1263 837 τὴν
1313 767 1627 824 Δέσποιναν.
1661 770 1801 824 Lans
1832 768 1900 841 (8)
1933 769 2036 822 im-

375 864 676 934 peratoris.
707 862 768 916 P.
803 854 951 914 Ἐδει
982 857 1114 912 ποτὲ
1144 857 1236 912 τὸν
1271 855 1567 930 εὐδαίμονα
1594 855 1818 926 ταύτην.

454 949 546 1012 Εἷς
583 949 674 1003 τὸν
737 946 962 1022 βασιλέα
1017 946 1108 1000 τὸν
1178 946 1434 1023 Διογένην
1497 947 1570 1008 ὡς
1621 947 1681 1000 ἐκ
1737 947 2034 1016 προσώπου

375 1038 523 1100 τινὸς
570 1041 671 1091 τοῦ
717 1035 970 1092 πολίτου.
1021 1039 1082 1092 1η
1127 1038 1428 1108 Diogenem
1479 1039 1899 1108 imperatorem;
1949 1037 2032 1092 lo-

377 1131 571 1202 quitur
596 1144 740 1184 unus
788 1143 818 1183 e
864 1126 1189 1198 civibus.[P.
1230 1123 1336 1179 Νῦν
1368 1128 1581 1200 πρῶτον
1617 1121 1848 1192 ὁπλίτην
1886 1124 2033 1198 βασι-

377 1216 478 1272 λὲα
505 1217 782 1289 τεθὲάμαι.

424 1295 585 1378 ’Πρὸς
621 1303 846 1382 βασιλέα
873 1303 964 1357 τὸν
995 1301 1221 1375 Δούκαν,
1257 1306 1316 1358 in
1359 1305 1566 1359 Ducam
1615 1307 2024 1376 imperatorem.

372 1397 434 1453 P.
469 1395 710 1451 Δὲσποτά
745 1415 854 1467 μου
886 1390 1021 1469 ἅγιε,
1058 1392 1427 1468 ἀνεθεώρησα.

443 1483 765 1559 Δημηγορία
796 1482 872 1543 εἷς
917 1482 1008 1536 τὸν
1044 1479 1266 1556 βασιλέα
1310 1482 1404 1536 τὸν
1457 1481 1683 1538 Δοόκαν.
1727 1486 1788 1540 In
1819 1485 2025 1540 Ducam

370 1575 783 1647 impera-torem,
837 1573 1057 1629 Concio.
1099 1572 1162 1628 P.
1197 1571 1259 1628 Εἴ
1322 1570 1413 1625 καὶ
1470 1571 1576 1646 πρὸ
1629 1575 1726 1626 τοῦ
1784 1570 2023 1648 μεγάλου

366 1662 565 1718 τούτου
594 1661 880 1738 τροπαίου.

438 1754 526 1814 Ὧς
553 1752 658 1807 ἀπὸ
702 1750 1005 1826 προσώπου
1035 1753 1130 1804 τοῦ
1184 1748 1470 1824 βασιλέως.
1511 1752 1788 1823 Tanquam
1817 1768 1887 1807 ex
1916 1753 2020 1807 im-

363 1845 635 1915 peratOris
675 1858 937 1914 persona.
972 1841 1034 1896 P.
1069 1835 1413 1892 Παντοδαπόν
1455 1860 1508 1893 τι
1547 1841 1763 1914 χρῆμα,
1795 1840 1882 1894 καὶ
1916 1860 2017 1894 που

365 1931 661 2006 λυέραστον
695 1929 973 2006 βασιλεύς.

437 2019 981 2094 Προσφωνηματικὸς
1038 2019 1174 2093 πρὸς
1240 2017 1333 2072 τὸν
1391 2017 1578 2092 κόριον
1636 2014 1867 2093 Μιχαὴλ
1926 2018 2017 2071 τὸν

364 2115 594 2167 Δουκᾶν.
645 2112 706 2166 In
736 2110 1023 2166 dominum
1053 2109 1384 2164 Michaclem
1415 2109 1622 2164 Ducam
1669 2108 2016 2180 Prosphone-

359 2203 615 2256 malicus.
649 2201 709 2255 P.
743 2197 980 2254 Λέλυταί
1015 2218 1107 2270 μοι
1138 2203 1238 2266 τῆς
1271 2196 1531 2273 ἀφωνίας.

432 2287 712 2343 Σελέντιον
783 2285 1165 2362 δημηγορικὸν
1239 2286 1385 2361 παρὰ
1452 2283 1721 2360 βασιλέως
1778 2282 2011 2360 Μιχαὴλ

354 2381 451 2432 τοῦ
482 2377 678 2433 Δούκα.
713 2378 1011 2434 Silentium
1054 2393 1162 2449 pro
1204 2378 1464 2432 concione
1499 2376 1705 2431 dictum
1738 2376 1809 2432 ab
1840 2377 2011 2447 impe-

353 2474 541 2524 ratore
577 2469 839 2523 Michacle
869 2468 1036 2522 Duca.
1072 2470 1133 2521 P.
1167 2464 1230 2518 Εἰ
1279 2463 1368 2518 καὶ
1417 2461 1656 2528 πολλοῖς
1701 2467 1808 2518 τῶν
1863 2464 2013 2539 βασι-

354 2553 494 2611 λὲων
528 2553 649 2619 ἔθος
677 2554 816 2610 ἐστὶν
847 2553 896 2628 ἐξ
932 2552 1301 2628 ὑψηλοτέρου.

426 2643 710 2700 Σελὲντιον
744 2643 1050 2721 ἐκφωνηθὶν
1084 2642 1171 2697 ἐπὶ
1215 2646 1322 2696 τῶν
1356 2643 1579 2716 ἡμερῶν
1618 2647 1718 2710 τῆς
1749 2642 2008 2698 Βασιλίσ-

350 2754 452 2804 σης
482 2731 672 2808 κυρίας
721 2730 1024 2807 Θεοδώρας.
1055 2732 1361 2788 Silentium
1402 2732 1609 2787 dictum
1639 2734 1738 2786 sub
1771 2734 2008 2803 imperio

350 2823 592 2880 domina:
637 2822 960 2880 Theodorae.
999 2823 1053 2878 Ρ.
1088 2823 1156 2877 Η.
1205 2823 1326 2877 Τῶν
1363 2819 1564 2895 ἀρετῶν
1612 2817 1838 2881 Βασιλὶς
1875 2820 2008 2892 μετὰ

353 2917 454 2980 τῆς
481 2915 589 2966 τῶν
623 2911 781 2987 ὡρῶν
814 2907 1129 2974 Βασιλίὸος.

420 2995 830 3073 Χρυσόόουλον,
890 3002 1073 3056 Aurea
1131 3000 1313 3055 Bulla.
1365 3003 1427 3054 P.
1461 2996 1538 3055 Οὔ
1597 2996 1904 3072 θαυμαστὸν
1955 2994 2012 3052 εἷ’

344 3111 428 3152 τις
460 3090 551 3144 τὸν
587 3090 755 3164 μὲγαν
790 3089 1064 3162 θεώμενος
1092 3088 1254 3157 ἥλιον
1279 3087 1487 3162 ἀπείρῳ
1524 3088 1686 3165 φωτί.

414 3179 592 3254 Λόγος
653 3179 934 3249 ὑποθήκην
994 3175 1180 3255 φιλίας
1240 3175 1630 3252 εἰσηγούμενος
1703 3181 1820 3238 τοῖς
1880 3175 2000 3231 ἀνε-

2222 676 2365 750 Πρὸς
2405 675 2498 730 τὸν
2551 676 3074 752 Ηρωτοσύγκελλον,
3107 682 3231 758 περὶ
3269 687 3366 738 τοῦ
3408 684 3560 759 ἁγίου
3591 693 3806 763 Γρηγο-

2148 763 2265 840 ρίου
2313 769 2410 819 τοῦ
2463 771 2904 844 Θαυματουργοῦ.
2964 772 3047 827 Ad
3097 774 3595 847 Protosyncellum,
3640 778 3708 834 de
3745 779 3802 836 S.

2147 854 2401 927 Gregorio
2469 858 2900 931 Thaumaturgo.
2960 865 3022 915 P.
3082 862 3172 930 Μὴ
3243 862 3525 938 θαυμάσῃς
3586 865 3614 919 ὁ
3672 865 3803 940 ἐμὸς

2149 943 2516 1020 μουσηγέτης,
2567 945 2613 1000 εἰ
2665 947 2825 1022 τορόν
2877 969 2928 1002 τι
2988 949 3077 1004 καὶ
3131 950 3385 1027 λαμπρὸν
3446 954 3746 1032 φθέγξομαι
3785 1002 3799 1015 .

2142 1033 2204 1088 In
2247 1035 2752 1108 Protosyncellum
2802 1037 2925 1094 haec
2974 1041 3151 1096 etiam
3183 1044 3450 1100 carmina
3497 1045 3670 1101 Pselli
3719 1047 3800 1103 le-

2140 1128 2364 1195 guntur
2396 1139 2409 1179 :

2247 1235 2526 1320 ξύγγελος
2559 1239 2935 1320 ὡςσῦνοίκολς,
2971 1240 3238 1320 ἅλλᾲ-τοῦ
3270 1245 3473 1320 Λόγου.

2246 1311 2347 1390 δαὶ
2376 1311 2593 1390 πρῶτος
2622 1312 2697 1390 ὡς
2730 1311 3022 1390 Ι-Ιρόιδρος.
3057 1314 3208 1390 άλλᾷ
3231 1323 3336 1390 τοῦῗ
3362 1311 3568 1390 Πύλου,

2244 1388 2355 1464 Ili;
2373 1383 2478 1464 Αοζῖν
2511 1405 2606 1464 τις*
2631 1383 2812 1464 aptet
2828 1383 3470 1464 Hp'w1pcﬁyyelov__léys,

2243 1455 2330 1517 Ὠς
2363 1455 2610 1532 Οὐρανοῦ
2640 1455 2937 1532 Ιίρόεδρον,
2971 1459 3046 1520 ὡς
3078 1455 3212 1515 όεόὖ
3243 1455 3426 1540 φίλον.

2204 1570 2455 1629 LXVIII.
2507 1571 2679 1648 Λόγος
2742 1572 3173 1649 ἑγκωμιαστικὸς
3241 1576 3318 1640 εἷς
3376 1583 3642 1651 Συμεῶνα
3694 1579 3787 1636 τὸν

2132 1659 2519 1736 Μεταφράστην
2569 1665 2632 1718 In
2675 1663 2993 1720 Simeonem
3041 1666 3490 1738 Metaphrastem,
3518 1673 3584 1741 (Ῑ)
3639 1671 3786 1727 Ora-

2131 1751 2209 1804 tio
2273 1754 2633 1823 panegyrica.
2694 1753 2753 1808 P.
2812 1752 2911 1806 Τὸν
2971 1754 3138 1828 μέγαν
3195 1753 3248 1808 ἐν
3307 1755 3432 1830 βίῳ,
3491 1757 3584 1811 καὶ
3641 1757 3792 1833 λόγῳ

2133 1839 2359 1909 Συμεὼν
2391 1837 2626 1894 ἐπαινεῖν
2671 1839 3060 1916 προελόμενος.
3094 1845 3156 1900 In
3198 1862 3374 1917 quem
3405 1852 3463 1903 et
3491 1847 3788 1922 Ofﬁcium,

2126 1928 2220 1983 die
2253 1931 2365 1999 ipsi
2397 1947 2563 1986 sacro
2606 1931 2665 1986 in
2697 1933 2944 1988 ecclesia
2975 1934 3435 2006 decantandum,
3469 1939 3786 1994 concinna-

2125 2017 2225 2071 vit.
2257 2018 2540 2090 Troparia
2583 2021 2641 2074 in
2679 2020 2983 2076 Laudibus
3017 2027 3074 2076 ot
3103 2021 3378 2094 Vesperis
3409 2025 3785 2097 conscripsit,

2127 2109 2184 2160 P.
2217 2105 2381 2180 Γέρας
2429 2106 2486 2160 νὸ
2539 2105 2819 2180 λαμπρὸν,
2865 2107 2927 2162 τὸ
2972 2103 3336 2182 περίϐλεπτον
3385 2109 3544 2184 ὕψος,
3575 2117 3633 2169 et
3677 2114 3784 2170 Ca-

2126 2211 2336 2250 nonem
2387 2213 2491 2268 pro
2523 2197 2832 2254 Matutinis
2878 2198 3040 2254 horis
3069 2199 3340 2267 confecit,
3375 2203 3549 2272 cujus
3577 2220 3644 2258 ea
3676 2204 3790 2260 fuit

2123 2286 2491 2355 acrostichis,
2549 2283 2763 2341 Μέλπω
2828 2307 2885 2340 σε
2941 2287 3032 2340 τὸν
3095 2287 3378 2362 γράψαντα
3443 2289 3538 2351 τὰς
3598 2292 3788 2347 Μετα-

2123 2373 2364 2448 φράσεις.
2429 2380 2485 2430 Ρ.
2544 2372 2725 2436 Μίλος
2788 2395 2881 2447 μοι
2933 2371 3200 2450 εὔρυθμον
3264 2373 3438 2434 δίδου.
3486 2380 3783 2438 Simeonis

2121 2479 2252 2518 vero
2304 2465 2587 2520 memoria
2634 2465 2966 2521 celebratur
3006 2483 3061 2521 Iv
3109 2467 3234 2522 Kal.
3277 2470 3635 2539 Decembris,
3679 2487 3783 2527 eo-

2120 2552 2252 2607 dem
2288 2553 2414 2624 ipso
2445 2555 2559 2623 die,
2585 2571 2701 2626 quo
2733 2557 3066 2626 Stephanus
3089 2556 3264 2612 vitam
3296 2559 3577 2631 martyrio
3605 2561 3782 2632 ﬁniit,

2120 2647 2187 2697 ut
2225 2643 2456 2698 canitur
2495 2643 2613 2699 Ode
2652 2645 2705 2698 9.
2733 2642 3060 2716 Εῗρηνικῶς,
3090 2646 3472 2720 τρισμακάριε,
3506 2644 3780 2719 ἐξεδήμη-

2119 2749 2211 2790 σας
2263 2730 2380 2784 κατ’
2429 2729 2596 2798 αὐτὴν
2641 2731 2740 2799 τὴν
2790 2732 3025 2806 ἡμέραν,
3071 2734 3190 2797 καθ’
3219 2735 3285 2804 ἣν
3319 2735 3346 2788 6
3397 2733 3614 2799 κλεινὸς
3655 2738 3784 2792 Στέ-

2117 2839 2280 2895 (pavo:
2311 2818 2633 2875 τελειοῦται’
2655 2821 2682 2874 ὁ
2706 2821 3057 2896 ὁσιομάρτυς.
3083 2825 3295 2893 Quiete,
3321 2833 3405 2881 ter
3427 2829 3596 2897 beate,
3620 2832 3779 2883 tran-

2113 2912 2378 2978 miyrasti
2425 2927 2488 2966 eo
2540 2915 2660 2982 ipso
2687 2913 2800 2982 die,
2833 2929 2936 2984 quo
2976 2914 3225 2985 inclytus
3272 2914 3581 2986 Stephanus
3628 2934 3777 2972 mar-

2111 3002 2258 3070 tyrio
2292 3001 2393 3055 Deo
2438 3011 2806 3057 consecratur.
2843 3002 3126 3074 Loquitur
3156 3009 3352 3059 tamen
3399 3021 3516 3060 non
3548 3007 3618 3062 de
3648 3006 3775 3063 Ste-

2112 3090 2307 3159 phano
2339 3095 2787 3163 protomartyre,
2821 3093 2920 3146 sed
2975 3092 3045 3147 de
3089 3092 3327 3163 juniore
3359 3093 3497 3160 alio,
3530 3095 3630 3167 qui
3663 3097 3775 3153 sub

2111 3177 2495 3233 Constantino
2527 3182 2892 3252 Copronymo
2933 3197 3036 3252 pro
3068 3186 3406 3237 sanctarum
3439 3183 3770 3256 imaginum

341 3270 492 3340 ψιοῖς
545 3271 640 3322 τοῦ
689 3267 1033 3343 πατριάρχου
1079 3269 1247 3340 κυροῦ
1303 3264 1558 3341 Μιχαὴλ.
1593 3267 1797 3335 Oratio,
1845 3282 1993 3338 prae-

2120 3267 2270 3322 cultu
2305 3283 2438 3322 cum
2488 3267 2620 3323 aliis
2651 3269 2808 3324 vario
2841 3269 3271 3341 suppliciorum
3324 3287 3537 3344 genere
3571 3255 3772 3331 ivitam

340 3367 493 3429 cepta
524 3361 794 3416 amicitia
823 3359 1046 3414 tradens
1082 3357 1371 3428 nepotibus
1416 3356 1757 3428 patriarcha
1787 3356 2002 3412 domini

339 3447 638 3504 Michaelis.
697 3452 754 3501 P.
796 3444 1075 3501 Πολλάκις
1125 3443 1403 3517 ἐθαύμασα
1460 3443 1542 3499 ὅτι
1607 3464 1674 3517 με
1727 3447 1834 3498 τῶν
1897 3441 1996 3498 ἂλ-

341 3535 476 3593 λων.

414 3626 557 3701 Πρὸς
586 3626 676 3681 τὸν
710 3625 911 3681 οἰκεῖον
938 3623 1345 3700 Γραμματικόν.
1382 3629 1448 3683 In
1476 3628 1777 3698 proprium
1811 3625 1998 3681 Gram-

337 3720 624 3773 malicum.
659 3719 718 3789 Ρ,
750 3716 918 3792 ΙὙπὲρ
952 3719 1048 3770 σοῦ
1078 3716 1215 3791 πρὸς
1242 3713 1368 3776 τοὺς
1405 3715 1541 3769 κατὰ
1580 3717 1676 3768 σοῦ
1705 3713 1796 3768 τὸν
1831 3711 1993 3787 λόγον

337 3805 540 3876 πεποίη
553 3827 670 3878 μαι.

408 3895 630 3952 LXVII.
699 3895 872 3970 Λόγος
933 3893 1012 3956 εἰς
1075 3893 1174 3962 τὴν
1239 3889 1576 3964 ἀνακομιδὴν
1642 3895 1738 3947 τοῦ
1805 3893 1993 3966 τιμίου

333 3980 593 4057 λειψάνου
643 3983 801 4060 ἁγίου
840 3981 1312 4058 πρωτομάρτυρος
1360 3983 1662 4059 Στεφάνου.
1714 3978 1994 4046 Ἐκδοθεὶς

331 4070 711 4149 αὒτοσχὲδιος.
747 4075 933 4132 Oratio
976 4077 1036 4130 in
1085 4073 1516 4129 translationem
1544 4073 1993 4128 venerandarum

329 4165 700 4236 reliquiarum
758 4165 934 4220 sancti
988 4164 1418 4235 protomartyris
1467 4162 1780 4231 Stephani;
1837 4163 1992 4217 dicta

328 4269 402 4307 ex
440 4255 764 4325 improviso,
799 4254 859 4309 P.
894 4253 956 4308 Ὀ
1001 4252 1199 4326 Κύριος
1238 4251 1401 4321 ἡμῶν
1435 4251 1643 4319 Ἰησοῦς
1692 4249 1932 4324 Χριστὸς
1961 4250 1988 4303 6

329 4341 516 4416 Πατὴρ
549 4344 762 4394 πάντων
795 4339 900 4394 τῶν
935 4338 1333 4411 ἐλπιζομένων.

401 4429 576 4505 Λόγος
632 4428 720 4483 ἐπὶ
775 4434 856 4502 τῷ
915 4427 966 4482 ἐν
1028 4427 1373 4502 Βλαχὲρναις
1425 4425 1672 4502 γεγονότι
1727 4426 1982 4502 θαύματι.

2107 3356 2334 3412 effudit.

2179 3443 2488 3518 Αἰνίγματα
2528 3445 2664 3520 πρὸς
2705 3445 2937 3521 Μιχαὴλ
2966 3444 3059 3500 τὸν
3095 3454 3300 3503 Δουκᾶν
3328 3451 3409 3506 Ad
3446 3451 3768 3508 Michaelcm

2105 3535 2310 3590 Ducam
2358 3536 2700 3604 Enigmata,
2751 3537 3022 3594 versibus
3080 3538 3334 3610 politicis
3383 3544 3442 3595 et
3494 3539 3768 3596 iambicis

2105 3625 2451 3696 composita,
2501 3625 2656 3697 apud
2711 3641 2804 3680 me
2844 3631 2988 3682 sunt
3037 3643 3202 3682 num.
3255 3627 3394 3697 XLI,
3442 3628 3639 3684 nescio
3687 3645 3762 3684 an

2105 3714 2326 3782 omnia,
2377 3713 2441 3770 P.
2483 3713 2634 3767 Ἐστι
2682 3734 2734 3768 τι
2789 3717 2926 3782 ζῶον
2988 3712 3230 3790 λογικὸν⁹
3282 3712 3517 3772 δέσποτα
3567 3737 3764 3789 στεφη-

2105 3802 2257 3880 φόρε,

2174 3893 2283 3965 [48]
2330 3889 2669 3959 Ἐπιστολαί,
2733 3893 3010 3964 Epistolzr,
3071 3894 3304 3951 circiter
3357 3896 3447 3964 33,
3508 3913 3764 3968 quarum

2103 3983 2295 4055 prima
2344 3983 2553 4055 incipit
2586 4000 2599 4038 :
2631 3981 2695 4038 Ὁ
2749 3983 2978 4058 πτωχὸς
3033 3983 3196 4046 οὗτος
3249 3984 3596 4058 ἠγαπημένε,
3644 4006 3763 4058 μοι,

2101 4071 2302 4144 ἀνεψιέ.
2337 4077 2446 4128 Eas
2492 4076 2825 4144 sequuntur
2882 4073 3152 4128 nonnulli
3203 4074 3408 4139 iambi.
3442 4091 3578 4130 cum
3629 4075 3768 4133 aliis

2101 4162 2234 4234 styli
2265 4161 2621 4217 exercitandi
2654 4163 2846 4234 gratia
2875 4163 3248 4235 conscriptis.
3273 4163 3449 4220 Pselli
3474 4163 3765 4236 Epistolas

2098 4251 2159 4306 in
2210 4250 2560 4307 bibliotheca
2612 4251 2884 4307 Bavarica
2935 4253 3222 4308 asservari
3256 4254 3394 4308 Cod.
3432 4254 3537 4308 165
3584 4253 3762 4308 disci-

2100 4357 2232 4395 mus
2263 4357 2331 4396 ex
2360 4340 2490 4411 ejus
2520 4340 2731 4410 indice,
2765 4345 2823 4396 et
2876 4341 3032 4412 apud
3085 4341 3374 4398 Joannem
3407 4343 3668 4409 Suzium,
3703 4348 3764 4399 et

2096 4428 2426 4486 Manuelem
2487 4430 2868 4502 Eugenicum,
2930 4445 3000 4485 ex
3056 4431 3309 4487 Antonio
3367 4432 3641 4487 Verderio
3699 4433 3760 4487 in

326 4523 391 4577 In
419 4521 760 4576 miraculum
792 4523 850 4575 in
889 4520 1210 4575 Blachernis
1261 4523 1561 4589 patratum,
1595 4519 1781 4575 Oratio
1813 4520 1872 4575 P.
1907 4519 1984 4575 Οὐ
2093 4518 2394 4591 Supplem.
2427 4519 2608 4573 Erant
2665 4523 2722 4573 et
2777 4519 2934 4589 apud
2984 4519 3304 4576 Antonium
3354 4521 3759 4590 Augustinum

327 4606 615 4663 πολιτικὸν
647 4612 743 4662 τοῦ
774 4605 1065 4662 πολιτικοῦ
1098 4607 1412 4679 ζητήματος
1443 4605 1528 4662 τό.

393 4697 509 4771 [47]
542 4697 638 4759 Εἰς
686 4698 750 4751 τὰ
807 4697 1053 4769 θαύματα
1099 4699 1194 4749 τοῦ
1245 4695 1690 4770 ἀρχιστρατήγου
1730 4694 1982 4770 Μιχάήλ.

323 4793 389 4844 In
418 4788 697 4843 miracula
743 4789 970 4845 militias
1015 4784 1640 4858 principis-Michaelis.
1676 4790 1736 4840 P.
1774 4785 1989 4850 Σκοπὸς

328 4876 423 4949 μὶν
457 4875 548 4931 καὶ
580 4872 740 4938 τέλος
769 4875 1122 4951 ἐναγυμένοις
1155 4876 1292 4947 ἡμῖν
1325 4874 1482 4950 πρός.

393 4965 488 5027 Εἷς
537 4967 638 5034 τὴν
703 4964 950 5039 μεγάλην
1011 4964 1311 5038 Κυριακὴν,
1386 4963 1580 5036 ἑορτὴν
1647 4965 1746 5032 τῆς
1826 4963 1983 5039 ἁγίας

321 5053 580 5127 Ἀγάθης,
614 5054 706 5108 καὶ
751 5053 828 5115 εἷς
883 5053 980 5115 τὰς
1032 5051 1332 5126 μαθητρίας
1384 5052 1572 5117 αὐτῆς.
1608 5054 1670 5108 In
1717 5071 1986 5126 magnam

323 5144 685 5214 Dominicam,
726 5145 873 5202 diem
922 5147 1122 5216 festum
1167 5143 1521 5216 5.Α9ατ1ιτἐ;
1575 5145 1636 5198 in
1683 5144 1984 5216 discipula:

321 5233 498 5288 illius.
532 5233 594 5288 P.
628 5232 701 5288 Οὐ
727 5233 794 5288 τὰ
822 5231 1093 5288 σπουδαῖα
1127 5231 1292 5306 μόνον
1320 5233 1574 5305 αἱρεῖται.

390 5319 519 5382 Βίος
572 5324 669 5376 τοῦ
728 5321 877 5377 ὁσίου
933 5323 1142 5400 Ματρὸς
1179 5319 1467 5393 Αὖξεντίου
1516 5323 1636 5379 Vita
1683 5323 1737 5379 S.
1790 5324 1980 5379 Patris

2016 4630 2062 4693 Ι)
2093 4610 2230 4666 Cod.
2266 4610 2388 4675 191,
2429 4625 2680 4680 quarum
2732 4608 2996 4680 quinque
3047 4608 3272 4680 priores
3321 4611 3394 4666 ad
3444 4610 3760 4681 Caesarem,

2095 4700 2160 4753 ad
2220 4697 2592 4753 Emilianum
2660 4697 3054 4768 patriarcbam
3085 4698 3411 4754 Antiochiae
3469 4704 3617 4766 tres;
3677 4701 3754 4756 ad

2096 4793 2342 4843 Leonem
2378 4786 2635 4858 primum
2669 4785 3042 4841 sacellarium
3075 4787 3276 4855 unica;
3315 4791 3372 4843 et
3401 4789 3472 4843 ad
3508 4788 3764 4860 Xiphili-

2095 4892 2235 4930 num
2271 4874 2463 4930 unica.
2489 4874 2600 4930 Eas
2623 4874 2992 4946 pereruditus
3024 4874 3341 4947 appellavit
3368 4877 3764 4934 Casaubonus

2093 4964 2474 5020 Animadvers.
2509 4965 2571 5018 in
2607 4963 2931 5021 Athenaeum
2972 4963 3075 5029 lib,
3110 4982 3148 5020 ι.
3183 4981 3310 5038 cap.
3345 4968 3399 5034 8,
3433 4971 3490 5021 et
3521 4971 3762 5038 tempo-

2093 5071 2154 5109 re
2184 5055 2360 5109 etiam
2411 5053 2602 5126 ipsius
2650 5052 2849 5122 Pselli,
2878 5055 3123 5125 Magnus
3155 5054 3525 5128 Drungarius
3552 5057 3762 5128 magni

2092 5143 2444 5209 aestimabat,
2497 5141 2547 5196 si
2596 5141 2789 5196 Psello
2849 5141 2960 5212 ipsi
3019 5143 3346 5212 credimus,
3374 5143 3620 5216 epistola
3679 5147 3763 5202 ad

2089 5233 2364 5288 eumdem
2400 5248 2412 5286 :
2448 5226 2624 5284 Πάλαι
2653 5229 2788 5283 ποτὲ
2829 5229 3087 5284 ἀπέτεκον
3134 5228 3240 5306 ἐγὼ
3283 5228 3510 5306 ἄγαλμα
3558 5231 3763 5311 σοφίας

2090 5318 2385 5396 ἐπήρατον,
2437 5315 2643 5392 ὡραίας
2691 5315 3043 5391 Ἐπιπολὰς,
3092 5319 3175 5380 αἷς
3226 5315 3292 5389 δὴ
3325 5318 3388 5374 σὺ
3418 5320 3765 5397 περιτυγχά-

1902 5528 2140 5586 ΝΟΤέΕ.

383 5678 458 5825 ﬂ
489 5679 772 5752 Augustae.

405 5755 438 5821 f
490 5756 622 5809 Haec
670 5768 769 5810 ora

2077 5679 2274 5736 Graece
2302 5680 2361 5734 et
2391 5676 2595 5734 Latine
2625 5677 2783 5734 edita
2811 5678 2882 5734 ab
2915 5676 3133 5734 Allatio
3165 5677 3236 5733 ad
3270 5677 3491 5736 calcem
3523 5679 3754 5736 disser-

490 5749 622 5809 Haéc
670 5751 856 5810 oratio
906 5769 1025 5810 una
1080 5768 1216 5810 cum
1274 5753 1480 5810 Ofﬁcio
1533 5752 1592 5809 in
1640 5752 1969 5812 Simeonem
2079 5750 2324 5810 tationis
2353 5751 2425 5808 de
2454 5749 2855 5822 Simeonibus,
2892 5749 3055 5806 Paris
3084 5750 3246 5818 1664,
3281 5751 3334 5805 4.
