4122 6416
309 361 428 422 521

1574 357 1949 421 DIATBIBA
1991 356 2095 419 DE
2139 357 2482 419 PSELLIS.

3619 359 3746 423 522

307 515 418 548 νων
455 489 756 564 πολλάκις,
819 492 933 548 εἶτα
965 490 1032 562 δὴ
1063 492 1150 547 καὶ
1186 493 1474 565 Οαυμάζων
1530 491 1661 556 ἴσως
1708 499 1808 562 τῆς
1868 493 1945 567 χά

2087 508 2250 564 quam
2283 491 2529 548 dilucida
2559 492 2827 550 doctrinae
2855 493 3015 562 libri,
3047 493 3114 550 de
3154 495 3631 568 InterpretatiOne.
3675 497 3739 556 P.

312 605 486 662 ριτος,
542 577 648 638 οἷέι
694 582 972 653 τοιαύτας,
1021 602 1088 654 με
1136 583 1224 636 καὶ
1285 580 1438 644 αὖθις
1494 583 1776 638 ἀποτεκεὶν
1805 579 1966 636 δύνα-

307 684 454 738 σθαι.
515 671 620 728 Atii
669 675 834 726 τοῦτο
881 671 944 725 σὺ
1011 669 1106 744 μὲν
1164 669 1288 742 ἐρᾷς
1359 675 1466 725 τῶν
1530 671 1676 744 ἐμῶν
1732 669 1963 728 ὠδίνων.

304 763 448 838 Ἐγὼ
483 758 542 816 δέ
573 782 658 816 σοι
693 760 922 838 ἐκφῆναι
949 760 1042 815 τὸν
1073 759 1235 815 τόκον
1269 759 1332 815 οὖ
1381 759 1680 836 βούλομαι.
1739 763 1800 818 Id
1833 767 1922 818 est
1949 780 1962 818 :

293 855 468 910 Multo
518 852 722 908 abhinc
767 855 1009 922 tempore
1057 852 1351 922 sapientiae
1398 854 1670 924 specimen
1700 853 1962 920 amabile,

289 942 554 1017 pulchras
579 941 840 1014 epistolas
868 941 1058 1012 genui,
1089 957 1226 1012 quas
1255 943 1372 1013 ipse
1399 957 1527 996 cum
1554 944 1756 1013 saepius
1806 959 1961 999 acce-

289 1035 488 1106 pisses,
514 1034 666 1100 forte
692 1045 887 1086 earum
914 1032 1128 1102 gratias
1152 1030 1484 1101 admiratus,
1517 1031 1730 1087 similes
1755 1048 1862 1100 me,
1911 1039 1964 1088 et

294 1137 520 1177 rursum
545 1119 706 1176 edere
748 1135 904 1192 posse
955 1120 1274 1176 existimas.
1317 1123 1618 1190 Propterea
1649 1128 1706 1176 tu
1741 1120 1964 1192 quidem

300 1213 449 1282 fetus
475 1226 616 1266 meos
665 1213 942 1282 exoptas;
981 1225 1076 1282 ego
1124 1225 1253 1266 vero
1282 1210 1391 1266 tibi
1415 1216 1641 1283 partum
1668 1210 1962 1266 excludere

307 1316 405 1356 ren
413 1317 478 1356 uo
485 1341 498 1355 .

370 1389 554 1446 LXIX.
609 1385 782 1463 Λόγος
832 1384 1176 1463 σχεδιασθεὶς
1229 1387 1366 1462 πρὸς
1417 1386 1588 1444 Πόθον
1642 1385 1960 1464 Βεστάρχην

293 1476 596 1548 ἀξιώσαντα
678 1475 870 1532 τοῦτον
955 1477 1162 1553 γράψαι
1231 1477 1354 1552 περὶ
1443 1481 1541 1532 τοῦ
1627 1476 1958 1552 θεολογικοῦ

289 1573 668 1643 χαρακτῆρος.
713 1568 899 1625 Oratio
941 1585 1016 1623 ex
1056 1571 1297 1638 tempore
1345 1568 1420 1622 art
1458 1567 1695 1624 Pathum
1739 1569 1954 1624 Vester-

285 1659 476 1724 cham,
535 1659 637 1730 qui
691 1658 936 1714 Psetlum
962 1660 1207 1726 rogarat,
1237 1665 1298 1712 ut
1327 1656 1392 1712 de
1432 1657 1736 1727 theologica
1753 1657 1956 1714 chara-

283 1756 436 1804 ctere
461 1749 752 1803 scriberet.
783 1747 845 1802 P.
890 1745 984 1814 Μὴ
1027 1742 1334 1818 θαυμᾶσῃς,
1391 1740 1532 1800 Πόθε
1584 1765 1679 1818 μοι
1725 1743 1956 1825 φίλτατε

2092 575 2462 653 Διαλαμϐάνει
2495 581 2615 656 περὶ
2645 581 2987 654 Προτάσεων.

2147 668 2241 731 Εἷς
2287 670 2350 724 τὸ
2401 669 2526 746 περὶ
2586 669 2916 746 Ἑρμηνείας
2962 667 3174 734 ἔνδοσις
3235 670 3516 746 ἐπίτομος,
3577 677 3740 734 Libri

2073 759 2139 816 de
2168 763 2648 833 Interpretatione,
2679 763 3061 832 compendiosa
3087 765 3374 834 evpositio.
3405 764 3464 819 P.
3499 763 3581 820 Τὰ
3610 761 3726 836 εἷ’δη

2071 852 2170 903 τοῦ
2205 845 2375 924 λόγου
2408 849 2565 904 πέντε
2587 849 2680 904 τὸν
2713 848 2968 926 ἀριθμόν.

2145 935 2371 994 Ψελλοῦ
2427 939 2515 994 καὶ
2575 936 2762 994 ἄλλων
2811 937 3050 1014 ΣχόΛια,
3107 938 3196 994 καὶ
3249 941 3726 1014 Ἀποσημειώσεις

2073 1025 2150 1090 εἷς
2177 1027 2240 1081 τὸ
2269 1032 2485 1102 πρῶτον
2517 1032 2625 1082 τῶν
2672 1025 2952 1102 προτέρων
3017 1025 3386 1084 Ἀναλυτικῶν
3435 1034 3534 1084 τοῦ
3574 1031 3725 1106 Ἀρι-

2071 1114 2382 1180 στοτέλους.
2435 1118 2618 1174 Pselli
2657 1123 2710 1174 et
2737 1119 2980 1174 aliorum
3010 1119 3228 1176 Scholia
3256 1128 3308 1175 et
3335 1121 3728 1178 Annotationes

2078 1207 2136 1262 in
2164 1210 2408 1279 primum
2437 1211 2687 1279 priorum
2713 1208 3131 1280 Analyticorum
3161 1208 3495 1266 Aristotelis.
3535 1215 3592 1266 P.
3624 1211 3725 1265 Καὶ

2071 1293 2133 1349 τὸ
2165 1292 2388 1350 δέκατον
2415 1290 2635 1372 πρόϐλη
2648 1316 2742 1368 μα.

2141 1383 2426 1461 Ἐξηγησις
2482 1384 2560 1446 εἷς
2616 1386 2677 1440 τὸ
2729 1389 2946 1460 πρῶτον
2977 1385 3070 1440 καὶ
3128 1384 3378 1461 δεύτερον
3437 1391 3546 1443 τῶν
3583 1408 3722 1464 προ-

2064 1473 2234 1548 τέρων
2311 1472 2684 1529 Ἀναλυτικῶν
2741 1472 2838 1529 τοῦ
2897 1475 3348 1550 Ἀριστοτέλους.
3413 1481 3721 1552 Expositio,

2065 1565 2126 1620 in
2161 1565 2408 1636 primum
2439 1569 2492 1620 et
2519 1565 2816 1620 secundum
2843 1567 3106 1633 prim-um
3143 1567 3562 1638 Analyticorum
3590 1569 3722 1624 Ari-

2063 1655 2296 1712 stotelis.
2333 1661 2391 1711 P.
2425 1655 2510 1709 Ἐν
2541 1659 2622 1726 τῷ
2651 1655 2856 1731 πρώτῳ
2887 1653 3081 1711 εἰπεῖν.

2132 1743 2421 1819 Ἐξήγησις
2448 1743 2524 1805 εἷ¹ς
2553 1745 2615 1798 τὸ
2647 1748 2862 1820 πρῶτον
2900 1748 3007 1799 τῶν
3055 1744 3291 1820 ὑστέρων
3323 1743 3714 1804 ’Δναλυτικων.

287 1833 342 1892 εἴ
361 1839 498 1892 τῶν.
537 1841 672 1893 Duae
717 1837 790 1892 de
839 1835 948 1892 hac
995 1834 1244 1892 materia
1273 1835 1346 1892 ad
1373 1835 1621 1892 Pathum
1654 1837 1951 1893 orationes
1985 1869 2030 1936 Β
2064 1834 2344 1936 Expositio
2375 1837 2436 1890 in
2465 1837 2714 1936 primum
2739 1837 3114 1906 posteriorum
3147 1837 3589 1936 analytieorum.
3649 1837 3712 1896 P.

285 1925 722 1982 indicanturiu
753 1925 1099 1982 Bibliotheca
1147 1925 1388 1981 Antonii
1447 1925 1766 1997 Augustini
1817 1926 1948 1982 cod.

291 2017 414 2073 191.
451 2021 540 2071 An
576 2016 699 2072 haec
733 2033 852 2072 una
879 2015 938 2072 in
968 2016 1117 2072 duas
1133 2015 1322 2071 divisa
1351 2015 1467 2085 sit;
1501 2014 1589 2072 vel
1617 2031 1748 2072 vere
1779 2016 1950 2072 binas

285 2103 618 2177 scripserit,
651 2104 796 2160 mihi
829 2122 946 2161 non
967 2103 1172 2176 liquet.

371 2203 744 2274 Paraphrasis
774 2203 834 2258 in
867 2205 1087 2259 Homeri
1115 2202 1318 2270 Iliada,
1339 2201 1520 2259 soluto
1544 2203 1599 2275 (g
1625 2203 1682 2276 h)
1703 2217 1950 2259 sermone

292 2295 358 2349 P.
397 2291 506 2360 Τὴν
553 2289 668 2346 εἰπέ
725 2291 911 2364 μηνὶν,
955 2291 999 2345 ὤ
1057 2291 1176 2362 θεὰ,
1230 2293 1328 2345 τοῦ
1385 2291 1506 2345 υἱοῦ
1551 2294 1649 2344 τοῦ
1696 2289 1946 2360 Πηλέως.

291 2383 388 2438 Its
413 2386 631 2452 tamen,
661 2386 726 2438 ut
754 2380 976 2454 singuli
1007 2397 1212 2438 versus
1243 2382 1490 2438 seorsim
1528 2380 1740 2436 redditi
1803 2381 1946 2436 sint.

293 2471 438 2527 Eam
473 2471 744 2528 habuisse
777 2471 954 2528 etiam
985 2471 1274 2528 Joannem
1297 2471 1622 2544 Oporinum
1657 2470 1949 2527 Basileen-

287 2577 441 2626 sem,
477 2561 656 2616 tradit
683 2564 996 2617 Gesnerus'

357 2649 638 2723 Εξήγησις
694 2647 770 2711 εἲς
798 2647 894 2710 τὰς
938 2648 974 2703 ε’
1004 2647 1186 2726 φωνὰς
1213 2651 1310 2702 τοῦ
1359 2647 1697 2726 Πορφυρίου.
1762 2653 1939 2720 Expo-

285 2741 422 2796 sitio
451 2741 514 2794 in
544 2741 789 2812 quinque
817 2755 968 2796 voces
1005 2739 1306 2811 Porphyrii
1349 2739 1407 2794 P.
1443 2737 1596 2794 Διατί
1645 2735 1946 2813 ἀπροσδιο-

283 2846 312 2902 ρ
325 2825 512 2889 ίστως.

356 2916 638 2990 Εἰξήγησις
670 2914 745 2978 εἰς
781 2915 877 2978 τὰς
938 2913 1283 2990 Κατηγορίας
1349 2919 1445 2970 τοῦ
1501 2913 1944 2989 Ἀριστοτέλους.

279 3005 564 3080 Expositio
589 3011 651 3062 in
679 3007 1130 3064 Praedicamenta
1161 3006 1490 3065 Aristotelis.
1535 3008 1594 3062 P.
1628 3009 1744 3060 Τῶν
1804 3025 1947 3079 πρα-

279 3091 538 3170 γμᾶτων,
567 3095 638 3148 τὰ
670 3095 764 3168 μὲν
798 3099 1070 3150 κοινωνεῖ.

353 3181 687 3239 ΔιδασκαΛία
757 3183 1026 3256 σόντομος
1100 3182 1188 3239 καὶ
1268 3179 1570 3260 σαφεστέέτη
1647 3185 1770 3260 περί
1830 3187 1938 3239 τῶν

279 3269 413 3328 δέκα
495 3276 852 3348 Κατηγοριῶν
882 3319 896 3345 ,
971 3273 1058 3327 καὶ
1133 3275 1242 3327 τῶν
1300 3270 1639 3348 Ηροτέσεων,
1677 3274 1767 3327 καὶ
1831 3277 1938 3328 τῶν

280 3361 714 3439 Συλλογισμῶν,
763 3363 888 3438 περὶ
937 3363 1012 3416 ὦν
1042 3382 1128 3424 τις
1177 3357 1572 3437 προδιδαχθεὶς
1636 3360 1714 3425 εἷς
1767 3367 1938 3417 πᾶσαν

281 3453 379 3525 μὶν
437 3452 528 3507 καὶ
587 3449 767 3522 ἄλλην
819 3450 1130 3524 ἐπιστήμην
1193 3449 1283 3504 καὶ
1341 3449 1542 3526 τέχνην
1577 3496 1590 3522 ,
1655 3450 1939 3526 ἐξαιρέτως

280 3539 340 3596 δὲ
398 3540 477 3604 εἲς
523 3543 624 3612 τὴν
703 3540 962 3617 ῥητορίαν
1042 3542 1154 3614 [49]
1234 3537 1470 3601 εὐκλεῶς
1523 3537 1938 3616 ἐμπορεύσεται,

281 3633 546 3688 Doctrina
589 3631 1014 3704 compendiosa,
1068 3641 1120 3688 et
1167 3647 1334 3702 quam
1383 3633 1633 3687 maxime
1669 3625 1939 3698 dilucida,

282 3720 352 3776 de
381 3722 564 3776 decem
612 3719 1090 3785 Prwdicamentis,
1139 3719 1617 3791 Propositionibus
1661 3729 1716 3775 et
1754 3719 1940 3792 Syllo-

280 3810 509 3884 gismis,
542 3825 775 3882 quorum
819 3810 1043 3876 notitia,
1094 3811 1254 3880 prius
1312 3807 1518 3877 habita,
1553 3810 1614 3863 in
1645 3810 1942 3879 quamlibet

276 3901 576 3956 scientiam
615 3905 664 3956 et
695 3910 892 3966 artem,
927 3899 1020 3954 sed
1050 3899 1335 3954 rhetorum
1363 3899 1734 3970 potissimum,
1783 3901 1942 3969 facili

277 3989 507 4056 negotio
537 3990 731 4060 cuique
779 3987 967 4044 aditus
1017 3986 1246 4058 patebit.
1283 3990 1342 4040 P.
1402 3981 1626 4054 Ἐπειδή
1657 4005 1796 4039 τισιν
1841 3985 1943 4040 οὐκ

281 4071 398 4128 οἷδ’
429 4071 549 4136 ὅθεν
581 4073 743 4130 εἰπεῖν
772 4075 874 4144 τήν
905 4076 1008 4140 τῆς
1037 4071 1404 4146 διαλεκτικῆς.

355 4169 458 4232 Εἷς
537 4171 635 4238 τήν
701 4171 1014 4250 Πορφυρίου
1087 4170 1436 4246 Εἴσαγωγὴν,
1518 4172 1607 4226 καί
1666 4192 1784 4226 τινα
1831 4176 1942 4228 τῶν

273 4259 702 4336 Ἀριστοτέλους
751 4263 1142 4338 Κατηγοριῶν.
1177 4263 1238 4318 In
1287 4261 1752 4318 Inlroductionem
1807 4265 1944 4318 Por-

267 4353 494 4424 phyrii,
523 4358 578 4407 et
609 4351 1054 4410 Praedicamenta
1085 4351 1419 4408 Aristotelis.
1469 4350 1531 4406 P.
1597 4347 1806 4406 Πολλοὶ
1851 4350 1944 4424 μὲν

272 4437 592 4514 πολλαχῶς
619 4443 728 4494 τῶν
762 4438 1030 4517 ἀρχαίων.

345 4529 637 4604 Ἐξῆγησις
715 4528 793 4590 εἷς
879 4528 940 4582 τὸ
1033 4526 1159 4604 περὶ
1234 4525 1564 4602 Ἐρμηνείας
1644 4527 1946 4603 Ἀριστοτέ“

2063 1922 2280 1984 Σκοπός
2315 1921 2456 1978 ἐστιν
2491 1921 2719 1978 ἐνταῦθα
2748 1927 2827 1995 τῷ
2857 1922 3252 1998 Ἀριστοτέλει.

2131 2018 2522 2097 Προλεγόμενα
2571 2021 2646 2084 εἷς
2677 2021 2804 2086 τοὺς
2853 2021 3200 2100 σοφιστικοὺς
3255 2020 3557 2098 Ἐλέγχους
3617 2027 3714 2078 τοῦ

2057 2108 2472 2182 Ἀριστοτέλους
2501 2156 2513 2168 .
2572 2115 2636 2168 In
2688 2113 3006 2182 sophisticos
3073 2114 3350 2170 Elenchos
3404 2115 3717 2171 Aristotelis

2057 2199 2482 2271 Prologomena.
2534 2201 2658 2254 Ὅτι
2715 2201 2809 2273 μὲν
2843 2201 2870 2254 ὁ
2929 2199 3054 2276 περὶ
3109 2199 3468 2271 Ἀποδείξεως
3525 2201 3714 2278 λόγος.

2060 2287 2122 2343 In
2156 2287 2270 2344 alio
2299 2305 2433 2344 vero
2465 2289 2782 2362 exemplari
2813 2289 2929 2346 ista
2974 2290 3244 2346 Michaeli
3301 2291 3555 2363 Ephesio
3609 2293 3715 2348 tri-

2057 2377 2344 2433 buuntur.

2133 2466 2284 2522 LXX.
2334 2464 2468 2522 Τίνα
2524 2465 2647 2540 περὶ
2709 2461 2982 2540 δαιμόνων
3048 2464 3364 2538 δοξάζουσιν
3419 2468 3708 2540 Ἓλληνες.

2058 2557 2194 2623 Quae
2240 2555 2305 2611 de
2353 2558 2703 2613 Dzmonibus
2757 2560 2936 2622 ϐιοωεί
2989 2561 3306 2630 apinentar.
3370 2561 3430 2615 P.
3485 2560 3548 2615 Ὀ
3611 2559 3709 2631 μέν

2055 2645 2326 2716 ἡμέτερος
2409 2643 2577 2719 λόγος
2653 2647 2995 2721 προαιρέσεις
3079 2646 3170 2700 καὶ
3248 2653 3368 2710 τοῖς
3453 2645 3710 2724 ἀγγέλοις

2057 2729 2264 2794 διδούς.
2323 2736 2392 2789 Et
2448 2735 2604 2791 hunc
2639 2742 2776 2807 puto
2833 2753 2964 2792 esse
3003 2737 3252 2793 alterum
3285 2739 3350 2810 (i)
3380 2739 3599 2795 librum
3633 2741 3706 2795 de

2055 2822 2455 2890 Daemonibus,
2487 2841 2556 2879 ex
2603 2841 2720 2897 quo
2767 2825 3065 2882 Marsilius
3099 2827 3387 2898 excerpsit
3439 2845 3524 2895 ea,
3577 2845 3705 2900 quas

2057 2911 2335 2984 leguntur
2383 2912 2590 2968 ultimo
2643 2915 2835 2987 capite
2863 2915 3016 2986 apud
3051 2915 3274 2988 ipsum,
3303 2933 3486 2988 eoque
3517 2917 3706 2990 magis

2057 3001 2240 3057 ducor
2287 3002 2344 3056 in
2397 3002 2550 3058 hanc
2598 3004 2973 3070 sententiam,
3027 3006 3180 3076 quod
3235 3006 3294 3060 in
3337 3023 3462 3062 meo
3508 3007 3708 3064 codice

2057 3090 2259 3146 statim
2294 3096 2424 3160 post
2459 3091 2611 3148 hunc
2640 3095 2976 3149 Tractatum
3008 3093 3281 3165 sequitur
3315 3095 3588 3168 Dialogus
3636 3097 3710 3152 de

2058 3179 2444 3251 daemonibus,
2477 3180 2535 3234 in
2570 3197 2687 3251 quo
2734 3181 3221 3254 interloquuntur
3265 3184 3618 3240 Timotheus
3650 3189 3709 3240 et

2059 3268 2276 3334 Thrax,
2335 3269 2406 3324 de
2465 3285 2580 3341 quo
2639 3270 2912 3342 superius
2967 3271 3025 3326 in
3087 3271 3252 3328 libris
3301 3272 3475 3329 editis
3531 3273 3708 3329 Pselli

2051 3373 2302 3429 egimus.

2123 3444 2215 3506 Εἷς
2244 3445 2344 3513 τὴν
2393 3445 2744 3522 Ψυχογονίαν
2804 3451 2902 3502 τοῦ
2952 3445 3269 3510 Πλάτωνος.
3306 3451 3379 3506 De
3406 3452 3580 3506 animi
3607 3468 3704 3521 ge-

2048 3539 2344 3592 neratione
2373 3537 2519 3608 apud
2549 3539 2856 3594 Platonem.
2893 3539 2951 3594 P.
2973 3538 3043 3592 Τὸ
3079 3539 3173 3610 μὲν
3208 3537 3504 3614 λεγόμενον
3534 3539 3699 3609 ἐστιν,

2049 3623 2132 3678 ὅτι
2163 3623 2224 3679 οὐ
2260 3623 2454 3697 μάτην.

2120 3715 2232 3787 [50]
2265 3715 2449 3771 Locus
2479 3731 2548 3772 ex
2578 3716 2864 3789 Physicis,
2893 3718 2964 3774 de
3023 3718 3223 3775 anima
3278 3722 3336 3774 et
3390 3723 3585 3776 mente
3635 3721 3697 3775 P.

2048 3806 2196 3865 Νοῦς
2225 3801 2366 3855 ἐστιν
2396 3799 2504 3872 ἕξις
2537 3806 2741 3879 ψυχῆς.

2125 3890 2256 3966 Περὶ
2304 3894 2508 3966 ψυχῆς.
2577 3897 2752 3950 Variae
2807 3898 3142 3968 quaestiones
3194 3897 3268 3952 de
3328 3899 3519 3952 anima
3554 3939 3566 3952 .
3645 3903 3705 3955 P.

2049 3979 2232 4056 Νοερὰ
2277 3981 2372 4053 μὶν
2405 3979 2496 4035 οῦν
2526 3983 2561 4050 ἡ
2594 3983 2773 4057 ψυχὴ,
2804 3979 3015 4057 νοερὸς.

2121 4077 2252 4154 Περὶ
2282 4083 2387 4132 τῶν
2418 4079 2574 4134 πέντε
2605 4077 2886 4152 δυνάμεων
2916 4087 3016 4150 τῆς
3065 4085 3288 4158 ψυχῆς.·
3341 4088 3424 4140 De
3473 4087 3714 4158 quinque

2049 4171 2417 4242 facultatibus
2447 4175 2675 4230 animae.
2719 4175 2776 4229 P.
2825 4175 2967 4234 Νοῦς
2998 4173 3093 4246 μέν
3127 4173 3268 4229 ἐστιν
3300 4175 3327 4228 ὁ
3358 4175 3549 4239 Θεόθεν
3577 4175 3716 4230 κατὰ

2056 4257 2213 4337 φύσιν
2243 4259 2587 4334 κινούμενος.

2125 4350 2256 4425 Περὶ
2286 4352 2386 4418 τῆς
2434 4351 2626 4426 χώρας
2675 4357 2774 4421 τῆς
2812 4357 2936 4427 γῆς.
2987 4354 3061 4409 De
3107 4355 3220 4410 situ
3270 4362 3455 4424 terrae,
3507 4357 3712 4428 ﬁgura,

2053 4445 2108 4495 et
2137 4441 2539 4512 magnitudine.
2611 4441 2671 4497 P.
2731 4441 2795 4498 Ἠ
2853 4447 2923 4518 γῆ
2984 4442 3084 4510 τὴν
3149 4443 3320 4516 μέσην
3351 4447 3449 4498 τοῦ
3508 4445 3712 4507 παντὸς

2023 4525 2227 4604 ,ἔλαχε
2271 4529 2480 4604 χώραν,
2531 4531 2654 4587 Non
2709 4549 2800 4588 me
2855 4531 2998 4588 latet
3031 4537 3248 4606 tamen,
3300 4534 3358 4589 in
3415 4535 3530 4591 alio
3589 4552 3714 4591 ma-

269 4639 406 4680 κους
467 4622 527 4675 In
557 4620 870 4675 Aristotelis
902 4620 1132 4685 librum,
1165 4618 1231 4674 de
1269 4618 1746 4691 Interpretatione,
1782 4636 1942 4688 expo-
1981 4616 2028 4681 D
2057 4619 2363 4692 nuscripto
2419 4621 2772 4692 opusculum
2837 4621 2947 4677 hoc
2999 4621 3326 4695 Nicephoro
3374 4623 3715 4681 Blemmidze

267 4711 424 4768 sitio.
455 4709 514 4765 P'
547 4708 610 4764 Ὁ
649 4707 852 4770 σκοπὸς
873 4711 968 4761 τοῦ
1000 4706 1129 4784 περὶ
1162 4705 1494 4781 Ἑρμηνείας
1525 4706 1637 4762 ἐστὶ
1671 4703 1949 4762 διαλαϐεῖν

264 4797 396 4873 περί
429 4794 779 4872 Προτᾶσεων,
814 4797 1050 4854 diversa
1078 4799 1152 4853 ab
1202 4797 1387 4866 edita,
1441 4799 1947 4870 quemadmodum

265 4893 330 4944 et
361 4893 703 4959 sequentes.

345 4977 638 5052 Ἐξήγησις
672 4973 750 5037 εἷς
779 4975 843 5029 τὸ
876 4975 1000 5051 πιρί
1033 4974 1364 5050 Ἐρμηνείας
1411 4973 1850 5052 Ἀριστοτέλους.
1885 4979 1946 5032 In

259 5065 592 5123 Aristotelis
651 5066 876 5121 librum-
909 5065 974 5121 de
1026 5067 1512 5138 lnterpretalione,
1557 5067 1846 5138 empositio.
1884 5071 1938 5121 P.

257 5153 474 5211 Θέσθαι
495 5154 587 5208 νῦν
617 5153 734 5209 ἀντὶ
763 5157 862 5208 τοῦ
895 5152 1201 5228 ὁρίσασθαι.

345 5241 584 5318 ἰόνοψις
632 5242 724 5297 καὶ
783 5238 1119 5317 μετᾶφρασις
1178 5239 1482 5321 σαφεστᾶνη
1521 5249 1622 5312 τῆς
1697 5240 1946 5298 διδασκα-

255 5332 390 5396 λίας
421 5335 524 5386 τοῦ
575 5331 698 5408 περὶ
749 5331 1105 5406 Ἑρμηνείας·
1168 5334 1431 5407 Synopsis
1480 5342 1534 5390 et
1589 5333 1946 5406 Metaphrasis

2055 4709 2261 4764 tribui.

2125 4796 2264 4852 Πότε
2337 4795 2579 4854 ἐκλείπει
2659 4801 2686 4854 ὁ
2767 4797 2958 4872 ἥλιος,
3033 4801 3120 4855 καὶ
3194 4799 3328 4855 πότε
3382 4803 3416 4870 ἡ
3477 4798 3710 4873 σελήνη,

2052 4887 2142 4940 καὶ
2206 4889 2321 4948 πῶς
2391 4888 2488 4956 τήν
2554 4886 2797 4962 ἔκλειψιν
2848 4888 3172 4967 ἀμφοτέρων
3230 4883 3518 4962 συμϐαίνει
3566 4889 3713 4966 γίνε-

2055 4986 2197 5040 σθαι.
2242 4978 2468 5046 Quando
2497 4979 2680 5050 deﬁcit
2713 4979 2817 5049 sol,
2849 4985 2903 5035 et
2928 4979 3152 5052 quando
3175 4979 3334 5050 luna,
3366 4983 3416 5036 et
3444 4981 3712 5053 quomodo

2051 5069 2338 5140 utriusque
2365 5068 2608 5141 defectus
2636 5071 2942 5140 contingat.
2977 5075 3031 5124 P.
3065 5067 3131 5126 Ei
3167 5068 3262 5142 μὶν
3295 5067 3422 5132 τοὺς
3472 5069 3710 5148 τρόπους

2053 5154 2256 5230 ἐρωτᾷς
2281 5159 2390 5210 τῶν
2421 5155 2738 5232 ἐκλείψεων.

2127 5244 2254 5320 Περὶ
2287 5245 2538 5312 Θυτικῆς.
2577 5249 2650 5303 De
2677 5249 3034 5319 sacriﬁcandi
3063 5251 3297 5307 ratione.
3348 5253 3412 5306 P.
3447 5249 3578 5324 Περὶ
3609 5256 3710 5321 τῆς

2052 5340 2288 5404 Θυτικῆς
2319 5333 2629 5408 ἐπιστήμης
2657 5335 2920 5408 ἠξίωσας,
3117 5337 3124 5342 ’

1889 5539 2098 5598 ΝΟΤίΕ

336 5695 492 5772 (g-h)
527 5691 818 5751 Versibus
849 5689 1127 5766 politicis.

581 5823 850 5883 ΡΑτιιοι..
901 5821 1013 5882 Gs.
1065 5821 1306 5882 CXXII.

2119 5694 2186 5771 (i)
2218 5695 2359 5755 Vide
2387 5713 2590 5773 supra,
2621 5701 2650 5770 §
2679 5699 2770 5773 39,
2799 5715 2859 5774 p.
2889 5699 2979 5758 28.
