4122 6384
341 400 464 461 525

1605 379 1986 448 DIATRIBA
2023 375 2126 439 DE
2170 379 2518 452 PSELLIS.

3657 392 3780 453 526

341 531 452 600 πζο,
515 525 643 602 [περὶ
704 522 918 580 αἳτιῶν,
973 523 1086 592 πη’,
1149 521 1279 598 Περὶ
1344 520 1667 596 σχημάτων.
1718 516 1825 580 πθ’.
1876 511 2003 589 Περὶ
2034 513 2228 580 Ατῶν
2258 521 2358 586 τῆς
2411 526 2514 593 γῆς
2575 525 2774 596 μερῶν.
2809 518 2936 598 ρξδ’.
2973 522 3104 596 Περὶ
3158 527 3418 595 σεισμῶν.
3476 525 3594 600 ρξε’.
3649 525 3780 600 Περὶ

344 617 685 696 χρωμάτων.
737 614 806 692 ιί.
870 611 1000 688 Περὶ
1055 610 1251 685 μίξεως
1303 611 1391 666 καὶ
1435 609 1702 685 κράσεως.
1736 607 1838 684 ιμ’.
1873 603 2008 696 Περί

339 691 606 786 γενέσεως
645 691 1012 781 καὶίφθορᾶς.
1047 701 1158 779 ιβ’.
1202 699 1335 775 Περὶ
1381 698 1669 772 σωμάτων.
1723 696 1828 773 ια’.
1882 691 2010 768 Περὶ

342 785 684 873 ἐλαχίστων.
744 789 846 871 [ιδ’.
902 790 1032 866 Περὶ
1081 787 1342 868 διαφορᾶς
1401 787 1674 864 γνώσεων.
1732 785 1824 863 [ιε’.
1888 787 2010 844 Πῶς

342 888 451 943 οὐκ
525 883 609 940 ἀεὶ
701 879 1006 956 μετέχομεν
1085 879 1182 934 τοῦ
1262 882 1395 934 Θεοῦ
1428 923 1441 946 ,
1500 874 1581 931 ἀεὶ
1668 875 2012 950 ἐνεργοῦντος

344 975 537 1032 αὐτοῦ.
594 974 697 1050 qu‘.
755 968 907 1026 Διατί
967 967 1117 1032 ὅλως
1189 967 1298 1023 ἐστὶ
1366 967 1429 1022 τὸ
1495 965 1682 1022 κακόν.
1742 964 1844 1042 ιιζκ
1906 965 2011 1020 Τε-

354 1065 627 1136 Αεώτερον
686 1061 812 1138 περὶ
869 1063 966 1114 τού
1019 1061 1212 1114 κακοῦ.
1273 1057 1382 1135 ιθηζ
1415 1057 1480 1111 Εἰ
1536 1054 1647 1110 ἐστι
1702 1076 1754 1109 τι
1809 1052 1860 1107 ἐν
1912 1053 2011 1127 ἀγ-

351 1155 544 1231 γέλοις
573 1150 764 1208 κακόν.
814 1149 912 1228 ιιθσ.
962 1147 1025 1204 Εἰ
1064 1147 1116 1202 ἐν
1160 1146 1314 1220 τόπῳ
1357 1147 1420 1202 τὸ
1469 1145 1788 1217 ἀσώματον.
1831 1143 1894 1231 pf.
1945 1139 2011 1198 Εἴ

363 1229 531 1301 κακὸν
558 1245 592 1313 ἡ
627 1239 758 1311 ὕλη.
795 1240 895 1315 ροι’.
928 1238 1056 1313 Περὶ
1084 1243 1185 1307 τῆς
1215 1236 1352 1313 πρὸς
1385 1235 1447 1290 τὸ
1478 1239 1632 1291 Θεῖον
1674 1237 1782 1288 τῶν
1839 1229 2008 1286 ὅντων

358 1334 709 1410 ἐπιστροφῆς.
744 1329 848 1406 ρβ’.
905 1328 1037 1404 Περὶ
1095 1327 1322 1404 χρόνου.
1385 1333 1486 1400 ργ’.
1536 1323 1668 1400 Περὶ
1717 1326 2008 1395 κινήσεως.

350 1423 450 1502 ρδ’.
493 1409 621 1497 Περὶ
667 1419 926 1495 ἀνάγκης.
976 1424 1067 1494 ρε¹.
1132 1416 1262 1492 Περὶ
1310 1415 1665 1492 εἱμαρμένης.
1717 1420 1819 1488 ρς’.
1879 1409 2011 1502 Περὶ

341 1501 552 1590 τύχης,
591 1509 680 1566 καὶ
711 1509 1053 1582 αὐτομάτου.
1088 1508 1185 1582 ρξ’.
1218 1506 1348 1583 Περὶ
1394 1505 1618 1575 αἰῶνος,
1644 1503 1736 1558 καὶ
1783 1501 2010 1579 χρόνου.

347 1604 459 1680 ρη’.
489 1600 622 1675 Ηερὶ
650 1604 756 1656 τῶν
810 1599 846 1654 ε’
876 1597 1204 1668 αἰσθήσεων.
1243 1597 1342 1672 ρθ’.
1376 1595 1444 1652 Εἴ
1502 1594 1702 1666 ἀληθὲς
1749 1594 1812 1648 τὸ
1856 1613 2015 1648 κατα-

345 1688 735 1755 ϐασκαίνεσθαί
764 1709 911 1750 τινας
943 1687 1048 1743 ὑπὸ
1086 1690 1195 1742 τῶν
1232 1686 1508 1762 ὁρώντων.
1545 1685 1632 1760 ρι’.
1666 1687 1791 1745 Πῶς
1830 1681 2012 1738 ἐκλεί-

343 1787 470 1857 ψεις
516 1780 784 1856 γίνονται.
819 1777 942 1853 ρια’.
977 1780 1103 1838 Πῶς
1161 1772 1358 1852 ἄρρενα
1414 1773 1502 1828 καὶ
1563 1771 1737 1844 θήλεα
1782 1770 2008 1847 γίνεται.

2118 605 2216 656 τοῦ
2267 603 2506 680 μεγάλου
2555 611 2858 683 χειμῶνος.
2891 608 3020 685 ρξς’.
3069 610 3220 665 Διατί
3269 611 3514 686 ἁλμυρὸν
3557 612 3620 667 τὸ
3677 615 3779 678 τῆς

2121 689 2395 765 θαλάσσης
2455 693 2601 772 ὕδωρ
2659 695 2794 754 ἐστί.
2853 699 2976 773 ρξζ’.
3027 698 3118 760 Τίς
3159 701 3194 768 ἡ
3250 698 3398 755 αἰτία
3445 704 3545 756 τοῦ
3597 699 3649 756 ἐν
3707 706 3777 776 τῇ

2121 778 2363 858 θαλάσσῃ
2393 784 2570 860 γλυκὺ
2618 783 2766 860 ὕδωρ
2815 786 3176 864 εὑρίσκεσθαι.
3213 789 3348 864 ρξη’.
3383 788 3534 844 Διατί
3578 791 3641 845 τὸ
3685 791 3778 845 θαι

2121 865 2341 927 λάττιον
2390 871 2536 950 ὕδωρ
2588 875 2650 930 οὐ
2698 876 2883 954 τρέφει
2930 875 2998 932 τὰ
3050 873 3266 952 δένδρα.
3315 879 3444 953 ρξθὲ
3478 878 3628 934 Διατί
3677 883 3779 949 τῆς

2120 958 2396 1032 θαλάσσης
2477 961 2648 1038 ἐλαίῳ
2705 964 3228 1042 καταῤῥαινομένης,
3282 967 3486 1042 γίνεται
3541 969 3778 1047 καταφά-

2118 1069 2235 1104 νεια
2282 1050 2372 1105 καὶ
2420 1051 2661 1128 γαλήνη.
2716 1061 2813 1130 ρο’.
2863 1054 2965 1117 Τίς
3015 1057 3050 1126 ἡ
3099 1055 3250 1111 αἰτία
3301 1053 3370 1111 δι’
3400 1059 3467 1126 ἣν
3512 1055 3640 1113 ὅταν
3699 1059 3778 1121 εἷς

2119 1140 2219 1209 τὴν
2297 1139 2566 1204 θάλασσαν
2642 1143 2875 1220 ἐμπέσῃ,
2923 1145 3206 1220 κεραυνὸς,
3265 1147 3388 1223 ἆγες
3463 1145 3776 1219 ἐξωθοῦσιν.

2122 1229 2255 1303 ροα’.
2290 1231 2418 1305 Περὶ
2447 1238 2548 1302 τῆς
2595 1231 2646 1288 ἐν
2691 1228 2899 1305 Εὐϐοίᾳ
2927 1233 3282 1310 πολιρῥοίας.
3319 1237 3456 1312 ροβ’.
3491 1237 3640 1292 Διατί
3674 1238 3778 1294 ὑπὸ

2119 1322 2230 1372 τῶν
2267 1320 2453 1375 ὑετίων
2493 1319 2704 1378 ὑδάτων
2741 1320 2980 1396 μᾶλλον,
3015 1323 3048 1393 ἢ
3089 1328 3200 1379 τῶν
3226 1323 3530 1402 ἐπιῤῥύτων
3556 1326 3624 1382 τὰ
3664 1324 3782 1383 δέν-

2123 1404 2247 1482 δρα,
2281 1409 2370 1464 καὶ
2419 1410 2486 1466 τὰ
2533 1413 2816 1487 σπέρματα
2852 1413 3057 1490 πέφυκε
3093 1415 3404 1492 τρέφεσθαι.
3454 1417 3586 1492 ρογ’.
3630 1415 3780 1472 Διατί

2119 1501 2231 1552 τῶν
2276 1494 2528 1574 ὀμϐρίων
2579 1498 2784 1557 ὑδάτων
2841 1499 3188 1577 εὐωδέστεραι
3221 1509 3341 1566 τοῖς
3396 1506 3668 1582 σπέρμασι
3713 1506 3782 1562 τὰ

2127 1587 2262 1658 μετά
2296 1588 2538 1663 βροντῶν
2568 1590 2658 1645 καὶ
2703 1591 2991 1666 ἀστραπῶν
3025 1588 3212 1649 ὕδατα.
3249 1591 3389 1666 ροδ’.
3435 1595 3566 1670 Περί
3613 1617 3778 1651 τινων

2124 1671 2359 1748 λιμνῶν.
2395 1679 2519 1752 ροε’.
2555 1679 2686 1754 Περὶ
2729 1685 3014 1753 ποταμῶν.
3061 1682 3192 1755 ρος’.
3237 1681 3365 1758 Περὶ
3404 1681 3612 1739 Νείλου
3659 1683 3783 1740 ἀνα·

2122 1760 2351 1832 ϐάσεως.
2393 1769 2524 1842 ροζ’.
2573 1769 2725 1824 Διατί
2780 1769 2946 1842 μόνος
2983 1776 3245 1845 ποταμῶν
3295 1773 3324 1827 6
3354 1771 3556 1836 Νεῖλος
3613 1772 3780 1850 αὔρας

348 1871 480 1948 ριβ’.
542 1867 694 1924 Διατί
752 1866 891 1942 γυ·.ὴ
944 1863 1219 1925 πολλάκις
1280 1861 1704 1951 συνουσιάζουσα
1763 1859 1838 1951 οὐ,
1879 1857 2010 1914 συλ-
2039 1884 2088 1951 Β
2123 1859 2221 1915 οὐκ
2250 1858 2592 1951 ἀναδίδωσιν.
2630 1868 2766 1938 ροη⁹.
2801 1863 2933 1938 Περῖ
2987 1868 3096 1919 τῶν
3149 1863 3420 1951 μεγίστων
3461 1868 3774 1943 βασιλειῶν.

348 1954 649 2032 λαμϐάνει,
709 1957 831 2031 ριγ’.
884 1952 1035 2009 Διατί
1087 1951 1288 2026 δίδυμα
1343 1951 1434 2006 καὶ
1491 1949 1729 2026 τρίδυμα
1781 1949 2007 2025 γίνεται.

348 2047 471 2125 ριδ’.
509 2047 679 2112 Πόθεν
713 2044 958 2121 γίνονται
986 2047 1096 2097 τῶν
1124 2041 1328 2118 γονέων
1373 2042 1430 2096 αἱ
1469 2041 1785 2114 ὁμοιώσεις,
1817 2039 1906 2125 καὶ
1956 2040 2010 2094 αἱ

350 2124 489 2214 πρὸς
533 2135 763 2198 τούτους
811 2131 1236 2207 ἀνομοιότητες.
1287 2131 1403 2208 ριε’.
1438 2130 1503 2187 E’i‘
1557 2131 1648 2185 καὶ
1678 2131 1740 2185 τὸ
1771 2124 2008 2204 ἔμϐρυον

359 2213 635 2296 ζῶον,καὶ
679 2229 798 2288 πῶς
841 2221 1091 2300 τρέφεται
1134 2225 1318 2276 τοῦτο.
1372 2221 1492 2297 ρις’.
1540 2223 1662 2281 Πῶς
1711 2221 1763 2274 οἱ
1811 2213 2010 2295 ὄνειροι

360 2316 626 2391 γίνονται,
658 2315 775 2390 ριξ.
834 2317 965 2387 Περι
1027 2309 1224 2386 ὑγείας,
1285 2311 1375 2364 καὶ
1432 2309 1616 2381 νόσου,
1667 2310 1753 2364 καὶ
1796 2311 2009 2384 γήρως.

361 2405 496 2482 ριη’.
533 2402 676 2458 Διατί
705 2403 757 2457 οἱ
787 2399 1140 2472 νηστεύοντες
1172 2397 1370 2474 διψῶσι
1405 2396 1643 2472 μᾶλλον,
1675 2399 1711 2469 ἢ
1761 2403 2006 2453 πεινῶσι.

355 2495 483 2570 ριθ’.
536 2491 682 2548 Διατί
728 2494 1041 2560 πεινῶντες,
1084 2487 1174 2545 ἐὰν
1226 2489 1448 2557 πίνωσι,
1499 2485 1759 2562 διψῶντες
1813 2485 1891 2555 δὲ,
1925 2485 2012 2541 ἐὰν

350 2582 622 2657 φάγωσιν,
657 2579 1032 2636 ἐπιτείνονται.
1068 2580 1166 2655 ρκ’.
1217 2578 1283 2635 Εἰ
1340 2574 1453 2633 ἔστι
1489 2599 1540 2632 τι
1582 2576 1734 2641 ἐκτὸς
1770 2581 1866 2632 τοῦ
1915 2575 2006 2631 οὐ-

353 2675 544 2749 ρανοῦ.
578 2671 711 2746 ρκα’.
745 2670 876 2746 Περὶ
905 2670 1005 2738 τῆς
1035 2671 1133 2724 τοῦ
1162 2667 1453 2744 ἀνθρώπου
1484 2665 1689 2728 οὐσίας.
1724 2667 1862 2742 ρκβ’.
1913 2665 2006 2728 Εἷς

349 2762 559 2824 πόσους
613 2757 851 2822 κύκλους
903 2756 1189 2833 διαιρεῖται
1222 2758 1250 2813 6
1282 2756 1527 2832 οὐρανός.
1563 2757 1698 2832 ρκγ’.
1736 2754 1864 2832 Περὶ
1911 2759 2008 2811 τοῦ

349 2850 688 2930 φαινομένου
720 2847 771 2903 ἐν
796 2852 879 2921 τῷ
928 2847 1145 2922 οὐρανῷ
1191 2843 1616 2924 γαλακτοειδοῦς
1667 2843 1894 2918 κύκλου³
1917 2843 2007 2900 καὶ

354 2937 664 3014 λεγομένου
708 2935 1000 3008 Γαλαξίου.
1051 2933 1183 3013 ρκδ¹.
1233 2935 1364 3012 Περὶ
1413 2939 1522 2991 τῶν
1573 2934 1914 3014 φαινομένων
1957 2935 2009 2990 ἐν

348 3035 437 3102 τῷ
469 3028 685 3105 οὐρανῷ
716 3024 991 3106 διαφόρων
1035 3025 1276 3102 πυρίνων
1325 3026 1643 3098 φασμάτων.
1694 3025 1816 3101 ρκε’.
1875 3023 2006 3100 Περὶ

344 3124 458 3174 τῶν
511 3116 850 3196 φαινομένων
899 3115 950 3170 ἐν
994 3119 1075 3188 τῷ
1118 3115 1336 3188 οὐρανῷ
1389 3116 1705 3192 χρωμάτων
1755 3113 2006 3187 αἱματω-

344 3206 484 3277 δῶν,
524 3207 615 3263 καὶ
664 3205 994 3282 χασμάτων.
1047 3210 1180 3280 ρκς’.
1232 3203 1368 3279 Περὶ
1423 3207 1525 3270 τῆς
1585 3201 1770 3267 οὐσίας
1816 3201 2006 3273 ἡλίου,

337 3296 435 3354 καὶ
467 3296 517 3352 εἷ
543 3293 750 3352 πολλοί
784 3295 917 3350 εἰσιν
959 3293 1138 3364 ἥλιοι.
1167 3296 1298 3371 ρκζ’.
1332 3293 1462 3369 Περὶ
1515 3293 1773 3368 μεγέθους
1817 3291 2003 3362 ἡλίου,

341 3389 440 3445 καὶ
491 3387 754 3458 σελήνης,
794 3387 886 3441 καὶ
937 3392 1065 3461 γῆς.
1118 3384 1257 3460 ρκη’.
1301 3382 1430 3459 Περὶ
1464 3382 1761 3457 ἐκλειψεως
1809 3381 2002 3453 ἡλίου.

343 3481 483 3557 ρκθ’.
513 3477 644 3551 Περὶ
675 3472 975 3549 ἐκλείψεως
1007 3473 1267 3544 σελήνης.
1303 3471 1406 3548 ρλ’.
1438 3472 1504 3529 Ei
1532 3472 1732 3549 θερμὸς
1761 3473 1790 3528 6
1820 3471 2004 3541 ἥλιος.

346 3566 492 3645 ρλα’.
525 3567 627 3629 Τίς
657 3567 694 3636 ἡ
727 3562 884 3620 οὐσία
925 3568 1032 3619 τῶν
1077 3563 1337 3638 ἀστέρων.
1382 3560 1524 3636 ρλβ’.
1561 3561 1690 3637 Περὶ
1739 3569 1841 3632 τῆς
1896 3567 2005 3617 τῶν

350 3656 591 3732 ἀστέρων
663 3659 835 3732 φορᾶς
901 3654 988 3708 καὶ
1066 3654 1357 3722 κινήσεως.
1405 3650 1540 3726 ρλγ“.
1599 3653 1826 3707 Ποταπᾶ
1897 3657 2004 3707 τῶν

359 3746 597 3822 ἀστέρων
643 3744 711 3799 τὰ
761 3743 1043 3818 σχήματα.
1096 3738 1232 3818 ρλδ’.
1285 3740 1417 3816 Περὶ
1483 3739 1682 3810 τάξεως
1742 3740 2001 3816 ἀστέρων.

355 3833 495 3911 ρλε’.
544 3833 710 3898 Πόθεν
760 3831 1085 3910 φωτίζονται
1136 3831 1187 3884 οἱ
1237 3831 1475 3905 ἀστέρες.
1529 3827 1666 3904 ρλς’.
1718 3830 1845 3906 Περῖ
1888 3829 2005 3884 ἐπι-

349 3923 630 3998 σημασίας
683 3920 946 3988 ἀστέρων,
975 3921 1064 3974 καὶ
1118 3923 1233 3980 πῶς
1260 3918 1460 3995 γίνεται
1503 3920 1742 3994 χειμὼν,
1769 3920 1860 3974 καὶ
1918 3920 2006 3985 θέ-

355 4035 480 4090 ρος.
518 4010 648 4087 ρλζ.
681 4011 856 4075 Πόσος
887 4010 1097 4082 ἑκάστῳ
1124 4013 1229 4064 τῶν
1261 4006 1554 4079 πλανητῶν
1589 4011 1700 4082 [53]
1731 4010 1759 4064 6
1803 4009 2010 4086 χρόνος

354 4106 463 4168 τῆς
513 4097 786 4175 περιόδου.
829 4097 972 4174 ρλη’.
1019 4098 1151 4172 Περὶ
1188 4101 1296 4152 τῶν
1351 4098 1589 4173 ἀστέρων
1636 4102 1743 4153 τῶν
1803 4097 2006 4155 καλου-

354 4191 544 4266 μένων
587 4189 950 4260 Διοσκούρων.
1003 4185 1141 4263 ρλϐ’.
1196 4185 1330 4263 Ηερὶ
1390 4187 1662 4260 κομήτου.
1714 4194 1822 4263 ρμ’.
1881 4189 2010 4263 Περὶ

348 4282 538 4349 ὑετοῦ,
576 4279 668 4334 καὶ
696 4277 970 4354 χαλάζης,
1002 4275 1092 4332 καὶ
1141 4271 1356 4351 χιόνος,
1387 4276 1610 4351 πάχνης
1652 4277 1742 4331 καὶ
1789 4275 2006 4354 δρόσου.

353 4376 506 4447 ρμα⁹.
556 4367 690 4443 Περὶ
747 4364 949 4443 δρόσου
1007 4361 1160 4428 αὖθις
1222 4363 1312 4418 καὶ
1369 4364 1608 4439 πάχνης.
1668 4367 1819 4442 ρμβ’.
1879 4366 2012 4440 Περὶ

350 4456 562 4535 ἴριδος.
617 4461 766 4532 ρμγ’.
824 4456 956 4531 Περὶ
1004 4460 1106 4523 τῆς
1179 4452 1319 4510 δίλω.
1382 4451 1526 4527 ρμδ’.
1586 4456 1717 4530 Περὶ
1776 4451 2012 4531 ῥάϐδων.

353 4549 498 4626 ρμε’.
577 4546 712 4621 Περὶ
813 4541 1216 4619 παραλλήλων.
1321 4543 1467 4618 ρμς’.
1571 4544 1700 4620 Περὶ
1776 4545 2012 4618 ἀνέμων.

2123 1951 2250 2027 ροθ’.
2284 1949 2415 2026 Περὶ
2443 1956 2664 2026 χυμῶν.
2697 1953 2803 2028 ρπ’.
2837 1953 2986 2008 Διατί
3038 1949 3492 2028 παραϐάλλουσιν
3541 1956 3678 2024 ἅλας
3725 1961 3777 2016 οἱ

2120 2044 2307 2112 νομεῖς
2339 2046 2455 2103 τοῖς
2487 2042 2816 2116 θρέμμασιν.
2853 2044 2994 2119 ρπα’.
3029 2041 3180 2098 Διατί
3218 2045 3319 2114 τὴν
3368 2045 3563 2121 χροιὰν
3607 2049 3635 2102 6
3668 2070 3776 2105 πο-

2121 2127 2330 2192 λύπους
2374 2129 2711 2200 ἐξαλλάττει,
2766 2133 2851 2194 αἷς
2919 2131 2978 2186 ἂν
3055 2132 3277 2207 πέτραις
3362 2135 3777 2214 προσομιλήσῃ.

2123 2220 2268 2295 ρπβ’.
2303 2217 2454 2274 Διατί
2483 2223 2582 2288 τῆς
2610 2217 2812 2294 ἄρκτου
2843 2223 2878 2290 ἡ
2912 2219 3146 2295 παλᾶμη
3195 2225 3295 2292 τῆς
3345 2225 3534 2299 χειρὸς
3581 2231 3772 2304 φαγεῖν

2118 2307 2452 2384 γλυκυτάτη.
2488 2310 2632 2384 ρπγ’.
2665 2308 2819 2364 Διατί
2850 2316 3078 2384 Δωριεῖς
3109 2308 3368 2386 εὔχονται
3416 2315 3586 2383 κακὴν
3637 2315 3776 2392 χόρ-

2117 2419 2215 2452 του
2247 2395 2612 2473 συγκομιδήν,
2646 2395 2788 2475 ρπδ’.
2821 2399 2972 2454 Διατί
3015 2401 3050 2470 ἡ
3110 2397 3307 2476 ἄρκτος
3357 2401 3456 2458 οὐκ
3503 2402 3668 2460 ἐσθίει
3709 2406 3778 2461 τὰ

2121 2483 2329 2555 δίκτυα,
2365 2485 2489 2541 ὅταν
2549 2485 2854 2553 ἁλίσκηται.
2916 2489 3050 2561 ρπε’.
3086 2489 3236 2544 Διατί
3286 2493 3322 2560 ἡ
3372 2491 3553 2557 τευθὶς
3582 2514 3775 2569 φαινο-

2122 2577 2252 2649 μένη
2311 2581 2539 2650 σημεῖον
2593 2577 2872 2651 χειμῶνός
2931 2577 3042 2634 ἐστι
3114 2584 3255 2652 ρπς⁶.
3301 2580 3452 2635 Διατί
3519 2582 3613 2637 τὸν
3677 2584 3770 2658 μὲν

2119 2671 2266 2721 σῖτον
2329 2665 2380 2720 ἐν
2420 2663 2669 2737 πηλώδει
2710 2665 3011 2745 φυτεύομεν
3069 2671 3164 2744 γῇ,
3204 2669 3304 2738 τήν
3365 2667 3423 2724 δὲ
3468 2674 3663 2744 κριθὴν
3719 2673 3772 2730 ἐν

2116 2756 2422 2832 καταξήρῳ.
2485 2757 2624 2832 ρπζ’.
2685 2755 2836 2811 Διατί
2889 2759 2924 2827 ἡ
2983 2754 3233 2831 ἄμπελος
3293 2757 3424 2833 οἲίνῳ
3481 2759 3769 2838 ῥαινομένη

2121 2842 2359 2917 μάλιστα
2404 2849 2483 2917 τῷ
2525 2843 2577 2916 ἐξ
2621 2843 2788 2914 αὐτῆς
2837 2844 3272 2922 ἀναξηραίνεται.
3325 2851 3474 2923 ρπη’.
3508 2851 3658 2907 Διατί
3703 2851 3772 2908 τὰ

2119 2933 2251 3010 ῥόδα
2283 2933 2498 3007 μᾶλλον
2531 2935 2682 2999 ἀνθεῖ
2713 2931 2973 2990 δυσωδῶν
3027 2957 3188 2992 τινων
3239 2943 3768 3018 παραφυτευομένων

2117 3024 2319 3085 αὐτοῖς.
2373 3025 2514 3100 ρπθ’.
2568 3024 2666 3078 Διὰ
2711 3022 2834 3080 τίνα
2884 3024 3058 3080 αἰτίαν
3110 3027 3173 3081 τὸ
3219 3032 3328 3083 τῶν
3383 3029 3586 3106 ἀγρίων
3626 3033 3768 3088 συῶν

2118 3110 2348 3188 δάκρυον
2399 3110 2525 3182 ἡδὺ,
2567 3113 2630 3167 τὸ
2679 3110 2736 3167 δὲ
2781 3116 2888 3168 τῶν
2941 3111 3158 3189 ἐλάφων
3206 3113 3476 3192 ἁλμυρόν.
3523 3118 3626 3196 ρίί.
3675 3121 3774 3176 Διὰ

2117 3201 2240 3258 τίνα
2283 3200 2456 3257 αῗτίαν
2508 3202 2563 3256 αἱ
2609 3199 2877 3277 χάληκες,
2905 3202 2995 3257 καὶ
3039 3203 3094 3257 αἱ
3129 3201 3459 3276 μολυϐδίδας
3488 3203 3773 3284 ἐμϐαλλό-

2123 3315 2277 3368 μεναι
2326 3293 2665 3369 ψυχρότερον
2709 3293 2774 3348 τὸ
2822 3290 2968 3368 ὕδωρ
3017 3299 3293 3354 ποιοῦσιν.
3342 3297 3478 3376 pltat’.
3513 3298 3611 3354 Διά
3654 3298 3776 3356 τίνα

2115 3382 2288 3439 αἰτίαν
2340 3383 2571 3458 ἀχύροις
2627 3381 2719 3437 καὶ
2767 3381 3010 3455 ἱματίοις
3054 3385 3091 3453 ἡ
3141 3385 3281 3460 χιὼν
3330 3383 3773 3466 διαφυλάττεται.

2117 3472 2262 3549 ρίιβλ
2296 3472 2364 3529 Τί
2397 3469 2540 3527 ἐστιν
2576 3471 2604 3526 6
2639 3468 2929 3546 βούλιμος.
2969 3472 3108 3550 ρίιγλ
3141 3475 3242 3539 Τίς
3283 3475 3430 3532 αἰτία
3480 3474 3549 3532 δι’
3578 3479 3638 3548 ἣν
3686 3477 3778 3535 εὔ-

2118 3573 2326 3634 θρυπτα
2353 3560 2557 3638 γίνεται
2587 3561 2656 3616 τὰ
2685 3559 2735 3614 ἐν
2776 3564 2845 3634 τῇ
2898 3565 3034 3635 συκῇ
3085 3565 3502 3640 κρεμαννύμενα
3555 3569 3775 3644 κρέατα.

2118 3654 2178 3708 Id
2211 3658 2318 3707 est.
2342 3655 2393 3706 1.
2413 3653 2486 3707 De
2512 3653 2805 3707 nonnullis
2837 3654 3178 3722 nominibus,
3202 3672 3320 3727 quae
3350 3659 3410 3713 in
3443 3657 3777 3715 Christiano-

2115 3759 2243 3798 rum
2271 3740 2532 3813 dogmate
2559 3749 2926 3812 usurpantur.
2949 3744 3004 3798 2.
3043 3744 3115 3799 De
3142 3747 3405 3812 essentia,
3441 3753 3496 3802 et
3539 3757 3772 3804 natura.

2113 3831 2168 3886 3.
2199 3833 2270 3886 De
2298 3829 2701 3901 enhypostatis.
2737 3831 2788 3885 4.
2831 3831 2907 3885 De
2943 3834 3430 3890 consubstantiali.
3460 3836 3516 3891 5.
3550 3838 3626 3892 De
3672 3838 3772 3894 ho-

2113 3925 2477 3992 moypostato.
2524 3921 2579 3977 6.
2632 3921 2706 3975 De
2751 3924 3194 3992 enypostasibus.
3242 3925 3297 3979 7.
3360 3931 3442 3982 De
3491 3929 3776 3984 essentiali

2117 4012 2321 4067 unione
2356 4017 2412 4065 et
2461 4009 2796 4081 differentia.
2829 4011 2883 4080 8,
2933 4010 2984 4064 9.
3042 4012 3113 4066 De
3168 4013 3401 4070 relativo
3466 4018 3672 4072 unione
3725 4025 3786 4074 et

2117 4099 2462 4172 differentia.
2497 4099 2583 4164 10,
2618 4099 2704 4152 11.
2741 4099 2814 4153 De
2855 4104 3049 4155 sancta
3097 4102 3306 4158 Triade.
3361 4105 3446 4160 12.
3503 4106 3579 4162 De
3619 4107 3782 4162 modo

2119 4188 2528 4246 retributionis.
2549 4187 2628 4258 (lc)
2659 4186 2745 4242 13.
2770 4188 2843 4244 De
2878 4188 3077 4245 divina
3099 4193 3319 4248 unione.
3338 4194 3422 4249 14.
3447 4195 3523 4250 De
3550 4204 3784 4263 natura,

2121 4293 2249 4351 quae
2292 4278 2412 4350 pati
2468 4278 2684 4348 nequit.
2735 4277 2822 4331 15.
2866 4277 2999 4345 Quis
3047 4281 3121 4335 sit
3167 4285 3334 4337 Deus.
3385 4284 3471 4338 16.
3502 4285 3565 4341 Si
3591 4286 3786 4348 inﬁni-

2119 4377 2238 4425 tum
2269 4369 2349 4422 est
2377 4369 2614 4434 Numen,
2657 4371 2707 4421 et
2754 4383 2862 4438 qua
2899 4369 3122 4424 ratione
3174 4371 3484 4441 inﬁnitum.
3524 4374 3608 4429 17.
3644 4376 3788 4444 Quo-

2121 4457 2282 4514 modo
2341 4456 2450 4526 [54]
2503 4457 2644 4511 Deus
2701 4461 2985 4527 cognoscat
3040 4475 3128 4515 res
3173 4477 3302 4531 quae
3346 4470 3658 4520 mutantur.
3697 4467 3788 4521 18.

2125 4549 2162 4604 Α
2207 4562 2312 4619 quo
2362 4547 2547 4616 primo
2598 4543 2869 4602 elemento
2920 4548 3060 4603 Deus
3111 4566 3342 4607 exorsus
3391 4558 3471 4609 est
3508 4557 3789 4612 mundum

354 4625 500 4715 ρμξ,
536 4633 666 4712 Περὶ
699 4638 967 4708 τυφῶνος.
1003 4639 1152 4708 ρμη’.
1201 4631 1336 4708 Περὶ
1384 4630 1650 4711 ἐκνεφίου.
1704 4635 1848 4707 ρμθ’.
1887 4636 2010 4712 Περὶ

2125 4637 2408 4707 conﬁcere.
2444 4633 2530 4688 19.
2569 4633 2716 4692 Unde
2742 4637 3070 4692 sententiam
3121 4638 3186 4693 de
3230 4641 3337 4696 Deo
3392 4641 3642 4700 homines
3695 4661 3796 4702 ac-

351 4729 659 4799 κεραυνῶν.
725 4724 819 4799 ρν’,
873 4722 1004 4798 Περὶ
1080 4727 1424 4796 πρηστῆρος.
1499 4723 1630 4796 ρνα’.
1691 4728 1818 4786 Πῶς
1893 4746 2020 4778 συν-

355 4817 488 4886 έστη
543 4815 572 4868 6
620 4812 862 4885 κόσμος.
911 4812 1043 4888 ρνβ’.
1089 4810 1152 4866 Εἰ
1199 4809 1253 4865 ἓν
1304 4811 1367 4865 τὸ
1416 4815 1544 4870 πᾶν,
1587 4813 1718 4888 ρνγ’.
1752 4813 1881 4890 Περὶ
1928 4836 2022 4870 κε-

351 4907 475 4960 νοῦ.
529 4899 657 4977 ρνδ’.
705 4900 838 4976 Περὶ
889 4899 1084 4956 τόπου.
1135 4905 1258 4976 ρνε’.
1308 4899 1439 4969 Περὶ
1507 4901 1721 4976 χώρας.
1773 4903 1904 4976 ρνς’.
1959 4903 2026 4960 Εῗ

355 4989 615 5067 ἔμψυχος
667 4991 694 5046 6
748 4988 980 5062 κόσμος.
1035 4993 1164 5064 ρνζ’.
1209 4988 1274 5045 Εἰ
1327 4989 1552 5064 γενητὸς
1602 4991 1630 5044 6
1677 4991 1887 5065 κόσμος
1935 4994 2026 5048 καὶ

354 5081 658 5160 ἄφθαρτος,
721 5079 860 5153 ρνη’.
904 5076 970 5135 Εἰ
1033 5078 1283 5155 τρέφεται
1337 5078 1365 5132 6
1423 5077 1660 5152 κόσμος.
1724 5093 1852 5156 ρνθ.
1895 5083 2024 5158 Περὶ

357 5169 572 5241 τάξεως
644 5170 879 5240 κόσμου.
930 5167 1021 5243 ρξ’.
1078 5165 1180 5231 Τίς
1234 5168 1269 5238 ἡ
1320 5166 1469 5222 αἷτία
1515 5173 1612 5224 τοῦ
1665 5171 1758 5226 τὸν
1818 5172 2026 5246 κόσμον

360 5259 498 5316 ὅλον
529 5256 872 5333 ἐγκλιθῆναι.
909 5255 1036 5329 ρξα’.
1073 5254 1244 5318 Πόθεν
1282 5256 1344 5310 ἄν
1375 5276 1460 5320 τις
1484 5258 1640 5333 γνοίη
1675 5257 2030 5331 Ἑλληνικαῖς

2129 4727 2401 4797 ceperint.
2451 4725 2542 4778 20.
2600 4725 2843 4792 Quinam
2911 4729 3334 4800 numerosiores,
3388 4734 3646 4802 angeline
3720 4752 3797 4790 an

2134 4815 2421 4870 homines?
2456 4814 2548 4877 21,
2599 4813 2692 4876 22,
2741 4813 2836 4880 23,
2883 4814 2974 4882 24,
3028 4816 3120 4884 25,
3169 4818 3262 4884 26,
3304 4820 3395 4883 27,
3443 4822 3534 4890 28,
3585 4823 3674 4878 29.
3723 4826 3802 4880 De

2137 4911 2338 4968 mente,
2389 4902 2478 4968 3o,
2535 4901 2627 4967 31,
2676 4901 2766 4968 32,
2815 4901 2904 4969 33,
2958 4903 3048 4967 34.
3099 4905 3195 4973 35,
3227 4905 3435 4976 33,37,
3468 4910 3558 4982 38,
3589 4912 3678 4978 39,
3712 4912 3804 4983 ιο,

2136 4994 2226 5062 41,
2258 4993 2348 5058 42,
2381 4991 2471 5059 43,
2504 4990 2593 5058 44,
2630 4990 2718 5060 45,
2753 4991 2842 5057 46,
2893 4992 2981 5046 47.
3014 4993 3088 5048 De
3133 4997 3346 5052 anima.
3379 4999 3466 5054 48.
3501 5000 3565 5058 Si
3616 5009 3806 5060 muta-

2139 5088 2233 5139 tur
2261 5081 2462 5136 anima
2501 5080 2563 5133 in
2593 5081 2880 5150 angelum.
2916 5083 3005 5136 49.
3041 5082 3102 5138 Si
3126 5087 3247 5141 sine
3280 5087 3565 5161 principio
3617 5093 3809 5149 anima

2138 5177 2218 5230 est
2263 5172 2355 5225 50.
2396 5171 2720 5224 Accuratius
2768 5169 2836 5226 de
2871 5172 3235 5242 facultatibus
3275 5179 3506 5238 animae.
3536 5182 3627 5238 51.
3664 5183 3810 5252 Quo-

2139 5261 2302 5317 modo
2343 5259 2502 5314 Plato
2546 5259 2799 5327 genitum
2855 5262 3023 5317 simul
3067 5272 3120 5320 et
3157 5266 3535 5326 immortalem
3562 5274 3816 5329 animum

357 5344 672 5418 ἇποδείξεσι
714 5347 814 5416 τὴν
872 5344 1085 5417 κόσμου
1146 5343 1478 5402 συντέλειαν.
1529 5348 1661 5422 ρξβ’.
1708 5348 1836 5403 Τίνα
1887 5347 2010 5420 δεξιι

2141 5351 2424 5407 decernat.
2465 5349 2553 5402 52.
2593 5349 2724 5416 Quae
2751 5351 2825 5405 sit
2869 5351 3164 5409 Platonica
3204 5356 3523 5416 animorum
3567 5376 3811 5434 genera-

361 5441 467 5493 τοῦ
530 5436 768 5509 κόσμου,
815 5434 940 5490 τίνα
982 5433 1259 5508 ἀριστερά.
1329 5433 1459 5511 ρξγ’.
1513 5441 1652 5514 Περῖ
1718 5433 2010 5512 μεταϐολῇ.

2143 5443 2241 5498 tio.
2273 5439 2365 5497 53.
2398 5438 2581 5506 Quare
2626 5439 2819 5494 anima
2865 5441 3054 5498 media
3095 5447 3454 5516 partibz'tium
3498 5433 3802 5525 etiimpar-

1981 5611 2215 5670 NOTAE.

460 5698 536 5774 (k)
573 5697 722 5756 Vide
751 5711 934 5772 supra
961 5697 989 5765 §
1016 5694 1106 5764 55,
1141 5709 1200 5768 p.
1232 5694 1324 5754 37.
