  <div class='ocr_page' id='page_1' title='image "/cluster/home/n/w/nwhite01/storage/ocr_20150623/122:no.2/coo.31924054870278/271.png"; bbox 0 0 4122 6466; ppageno 0'>
   <div class='ocr_carea' id='block_1_1' title="bbox 349 410 505 470">
    <p class='ocr_par' dir='ltr' id='par_1_1' title="bbox 349 410 505 470">
     <span class='ocr_line' id='line_1_1' title="bbox 349 410 505 470; baseline -0.019 0"><span class='ocrx_word' id='word_1_1' title='bbox 349 415 355 421; x_wconf 87' lang='grc'><em>’</em></span> <span class='ocrx_word' id='word_1_2' title='bbox 385 410 505 470; x_wconf 75' lang='grc'><strong><em>527</em></strong></span> 
     </span>
    </p>
   </div>
   <div class='ocr_carea' id='block_1_2' title="bbox 1775 407 2416 469">
    <p class='ocr_par' dir='ltr' id='par_1_2' title="bbox 1775 407 2416 469">
     <span class='ocr_line' id='line_1_2' title="bbox 1775 407 2416 469; baseline 0 -1"><span class='ocrx_word' id='word_1_3' title='bbox 1775 408 1981 468; x_wconf 84' lang='lat' dir='ltr'><strong><em>LEON</em></strong></span> <span class='ocrx_word' id='word_1_4' title='bbox 1989 407 2060 468; x_wconf 85' lang='lat' dir='ltr'><strong><em>IS</em></strong></span> <span class='ocrx_word' id='word_1_5' title='bbox 2103 408 2416 469; x_wconf 83' lang='lat' dir='ltr'><strong><em>ALLATII</em></strong></span> 
     </span>
    </p>
   </div>
   <div class='ocr_carea' id='block_1_3' title="bbox 3693 423 3818 482">
    <p class='ocr_par' dir='ltr' id='par_1_3' title="bbox 3693 423 3818 482">
     <span class='ocr_line' id='line_1_3' title="bbox 3693 423 3818 482; baseline 0.008 -1"><span class='ocrx_word' id='word_1_6' title='bbox 3693 423 3818 482; x_wconf 76' lang='lat'><strong><em>528</em></strong></span> 
     </span>
    </p>
   </div>
   <div class='ocr_carea' id='block_1_4' title="bbox 346 541 3811 613">
    <p class='ocr_par' dir='ltr' id='par_1_4' title="bbox 346 541 3811 613">
     <span class='ocr_line' id='line_1_4' title="bbox 346 541 3811 613; baseline 0.004 -16"><span class='ocrx_word' id='word_1_7' title='bbox 346 544 636 600; x_wconf 87' lang='lat' dir='ltr'><strong><em>&#39;tibilium</em></strong></span> <span class='ocrx_word' id='word_1_8' title='bbox 679 543 907 599; x_wconf 88' lang='lat' dir='ltr'><strong><em>dicitur.</em></strong></span> <span class='ocrx_word' id='word_1_9' title='bbox 955 542 1049 598; x_wconf 88' lang='lat'><strong><em>54.</em></strong></span> <span class='ocrx_word' id='word_1_10' title='bbox 1100 542 1405 610; x_wconf 87' lang='lat' dir='ltr'><strong><em>Quemnam</em></strong></span> <span class='ocrx_word' id='word_1_11' title='bbox 1446 543 1701 598; x_wconf 88' lang='lat' dir='ltr'><strong><em>animum</em></strong></span> <span class='ocrx_word' id='word_1_12' title='bbox 1749 542 1909 601; x_wconf 89' lang='lat' dir='ltr'><strong><em>Plato</em></strong></span> <span class='ocrx_word' id='word_1_13' title='bbox 1946 559 2036 613; x_wconf 91' lang='lat' dir='ltr'><strong><em>ge-</em></strong></span> <span class='ocrx_word' id='word_1_14' title='bbox 2066 546 2119 609; x_wconf 82' lang='grc' dir='ltr'><strong>Α</strong></span> <span class='ocrx_word' id='word_1_15' title='bbox 2151 541 2285 598; x_wconf 90' lang='lat' dir='ltr'><strong><em>loco.</em></strong></span> <span class='ocrx_word' id='word_1_16' title='bbox 2344 543 2465 598; x_wconf 87' lang='lat'><strong><em>155.</em></strong></span> <span class='ocrx_word' id='word_1_17' title='bbox 2524 544 2601 599; x_wconf 90' lang='lat' dir='ltr'><strong><em>De</em></strong></span> <span class='ocrx_word' id='word_1_18' title='bbox 2667 548 2839 601; x_wconf 90' lang='lat' dir='ltr'><strong><em>terra.</em></strong></span> <span class='ocrx_word' id='word_1_19' title='bbox 2887 545 3010 602; x_wconf 87' lang='grc'><strong><em>156.</em></strong></span> <span class='ocrx_word' id='word_1_20' title='bbox 3062 548 3145 603; x_wconf 84' lang='lat' dir='ltr'><strong><em>An</em></strong></span> <span class='ocrx_word' id='word_1_21' title='bbox 3208 551 3448 607; x_wconf 88' lang='lat' dir='ltr'><strong><em>mundus</em></strong></span> <span class='ocrx_word' id='word_1_22' title='bbox 3504 554 3811 612; x_wconf 88' lang='lat' dir='ltr'><strong><em>animatus.</em></strong></span> 
     </span>
    </p>
   </div>
   <div class='ocr_carea' id='block_1_5' title="bbox 378 630 2043 702">
    <p class='ocr_par' dir='ltr' id='par_1_5' title="bbox 378 630 2043 702">
     <span class='ocr_line' id='line_1_5' title="bbox 378 630 2043 702; baseline -0.002 -14"><span class='ocrx_word' id='word_1_23' title='bbox 378 641 539 688; x_wconf 90' lang='lat' dir='ltr'><strong><em>nerat</em></strong></span> <span class='ocrx_word' id='word_1_24' title='bbox 567 634 628 688; x_wconf 88' lang='lat' dir='ltr'><strong><em>in</em></strong></span> <span class='ocrx_word' id='word_1_25' title='bbox 660 632 985 689; x_wconf 72' lang='lat' dir='ltr'><strong><em>Time.55.</em></strong></span> <span class='ocrx_word' id='word_1_26' title='bbox 1007 630 1134 699; x_wconf 68' lang='lat' dir='ltr'><strong><em>Quz</em></strong></span> <span class='ocrx_word' id='word_1_27' title='bbox 1164 631 1239 686; x_wconf 89' lang='lat' dir='ltr'><strong><em>sit</em></strong></span> <span class='ocrx_word' id='word_1_28' title='bbox 1271 632 1484 688; x_wconf 77' lang='lat' dir='ltr'><strong><em>animae</em></strong></span> <span class='ocrx_word' id='word_1_29' title='bbox 1504 630 1881 702; x_wconf 86' lang='lat' dir='ltr'><strong><em>facultas.56.</em></strong></span> <span class='ocrx_word' id='word_1_30' title='bbox 1900 631 2043 700; x_wconf 86' lang='lat' dir='ltr'><strong><em>Qua-</em></strong></span> 
     </span>
    </p>
   </div>
   <div class='ocr_carea' id='block_1_6' title="bbox 372 719 2042 791">
    <p class='ocr_par' dir='ltr' id='par_1_6' title="bbox 372 719 2042 791">
     <span class='ocr_line' id='line_1_6' title="bbox 372 719 2042 791; baseline -0.001 -15"><span class='ocrx_word' id='word_1_31' title='bbox 372 722 451 776; x_wconf 91' lang='lat' dir='ltr'><strong><em>les</em></strong></span> <span class='ocrx_word' id='word_1_32' title='bbox 480 723 594 777; x_wconf 88' lang='lat' dir='ltr'><strong><em>sint</em></strong></span> <span class='ocrx_word' id='word_1_33' title='bbox 621 722 801 777; x_wconf 89' lang='lat' dir='ltr'><strong><em>animi</em></strong></span> <span class='ocrx_word' id='word_1_34' title='bbox 830 719 1150 791; x_wconf 74' lang='lat' dir='ltr'><strong><em>facultates,</em></strong></span> <span class='ocrx_word' id='word_1_35' title='bbox 1181 727 1233 775; x_wconf 92' lang='lat' dir='ltr'><strong><em>et</em></strong></span> <span class='ocrx_word' id='word_1_36' title='bbox 1263 733 1407 790; x_wconf 73' lang='lat' dir='ltr'><strong><em>quae.</em></strong></span> <span class='ocrx_word' id='word_1_37' title='bbox 1438 720 1530 774; x_wconf 89' lang='grc'><strong><em>57.</em></strong></span> <span class='ocrx_word' id='word_1_38' title='bbox 1566 720 1700 788; x_wconf 56' lang='lat' dir='ltr'><strong><em>Qum</em></strong></span> <span class='ocrx_word' id='word_1_39' title='bbox 1726 722 1803 775; x_wconf 89' lang='lat' dir='ltr'><strong><em>sit</em></strong></span> <span class='ocrx_word' id='word_1_40' title='bbox 1839 719 2042 775; x_wconf 75' lang='lat' dir='ltr'><strong><em>divisio</em></strong></span> 
     </span>
    </p>
   </div>
   <div class='ocr_carea' id='block_1_7' title="bbox 366 808 2035 881">
    <p class='ocr_par' dir='ltr' id='par_1_7' title="bbox 366 808 2035 881">
     <span class='ocr_line' id='line_1_7' title="bbox 366 808 2035 881; baseline -0.002 -16"><span class='ocrx_word' id='word_1_41' title='bbox 366 810 753 865; x_wconf 80' lang='lat' dir='ltr'><strong><em>communium</em></strong></span> <span class='ocrx_word' id='word_1_42' title='bbox 823 809 1208 881; x_wconf 86' lang='lat' dir='ltr'><strong><em>operationum</em></strong></span> <span class='ocrx_word' id='word_1_43' title='bbox 1277 808 1464 864; x_wconf 90' lang='lat' dir='ltr'><strong><em>animi</em></strong></span> <span class='ocrx_word' id='word_1_44' title='bbox 1526 811 1606 863; x_wconf 86' lang='lat' dir='ltr'><strong><em>ad</em></strong></span> <span class='ocrx_word' id='word_1_45' title='bbox 1670 824 1895 880; x_wconf 89' lang='lat' dir='ltr'><strong><em>corpus.</em></strong></span> <span class='ocrx_word' id='word_1_46' title='bbox 1943 808 2035 863; x_wconf 84' lang='lat'><strong><em>59.</em></strong></span> 
     </span>
    </p>
   </div>
   <div class='ocr_carea' id='block_1_8' title="bbox 374 905 2036 980">
    <p class='ocr_par' dir='ltr' id='par_1_8' title="bbox 374 905 2036 980">
     <span class='ocr_line' id='line_1_8' title="bbox 374 905 2036 980; baseline -0.001 -17"><span class='ocrx_word' id='word_1_47' title='bbox 374 909 610 977; x_wconf 82' lang='lat' dir='ltr'><strong><em>Quando</em></strong></span> <span class='ocrx_word' id='word_1_48' title='bbox 640 909 864 964; x_wconf 89' lang='lat' dir='ltr'><strong><em>animus</em></strong></span> <span class='ocrx_word' id='word_1_49' title='bbox 892 905 1218 980; x_wconf 86' lang='lat' dir='ltr'><strong><em>generando</em></strong></span> <span class='ocrx_word' id='word_1_50' title='bbox 1255 908 1453 961; x_wconf 88' lang='lat' dir='ltr'><strong><em>unitur</em></strong></span> <span class='ocrx_word' id='word_1_51' title='bbox 1493 908 1740 977; x_wconf 84' lang='lat' dir='ltr'><strong><em>corpori.</em></strong></span> <span class='ocrx_word' id='word_1_52' title='bbox 1768 907 1859 962; x_wconf 93' lang='lat'><strong><em>60.</em></strong></span> <span class='ocrx_word' id='word_1_53' title='bbox 1894 907 2036 975; x_wconf 92' lang='lat' dir='ltr'><strong><em>Quo-</em></strong></span> 
     </span>
    </p>
   </div>
   <div class='ocr_carea' id='block_1_9' title="bbox 374 995 2036 1068">
    <p class='ocr_par' dir='ltr' id='par_1_9' title="bbox 374 995 2036 1068">
     <span class='ocr_line' id='line_1_9' title="bbox 374 995 2036 1068; baseline 0.001 -18"><span class='ocrx_word' id='word_1_54' title='bbox 374 998 541 1053; x_wconf 83' lang='lat' dir='ltr'><strong><em>modo</em></strong></span> <span class='ocrx_word' id='word_1_55' title='bbox 566 998 790 1068; x_wconf 78' lang='lat' dir='ltr'><strong><em>corpori</em></strong></span> <span class='ocrx_word' id='word_1_56' title='bbox 816 998 1041 1052; x_wconf 88' lang='lat' dir='ltr'><strong><em>animus</em></strong></span> <span class='ocrx_word' id='word_1_57' title='bbox 1086 997 1346 1051; x_wconf 89' lang='lat' dir='ltr'><strong><em>uniatur.</em></strong></span> <span class='ocrx_word' id='word_1_58' title='bbox 1378 995 1471 1050; x_wconf 91' lang='grc'><strong><em>61.</em></strong></span> <span class='ocrx_word' id='word_1_59' title='bbox 1506 996 1577 1051; x_wconf 89' lang='lat' dir='ltr'><strong><em>De</em></strong></span> <span class='ocrx_word' id='word_1_60' title='bbox 1623 995 1819 1051; x_wconf 87' lang='lat' dir='ltr'><strong><em>anima</em></strong></span> <span class='ocrx_word' id='word_1_61' title='bbox 1859 998 2036 1052; x_wconf 86' lang='lat' dir='ltr'><strong><em>ratio-</em></strong></span> 
     </span>
    </p>
   </div>
   <div class='ocr_carea' id='block_1_10' title="bbox 375 1084 2036 1158">
    <p class='ocr_par' dir='ltr' id='par_1_10' title="bbox 375 1084 2036 1158">
     <span class='ocr_line' id='line_1_10' title="bbox 375 1084 2036 1158; baseline 0 -19"><span class='ocrx_word' id='word_1_62' title='bbox 375 1087 465 1141; x_wconf 90' lang='lat' dir='ltr'><strong><em>nis</em></strong></span> <span class='ocrx_word' id='word_1_63' title='bbox 495 1088 739 1158; x_wconf 75' lang='lat' dir='ltr'><strong><em>experte.</em></strong></span> <span class='ocrx_word' id='word_1_64' title='bbox 770 1086 861 1141; x_wconf 84' lang='lat'><strong><em>62.</em></strong></span> <span class='ocrx_word' id='word_1_65' title='bbox 894 1085 1031 1154; x_wconf 73' lang='lat' dir='ltr'><strong><em>Quae</em></strong></span> <span class='ocrx_word' id='word_1_66' title='bbox 1073 1086 1145 1140; x_wconf 88' lang='lat' dir='ltr'><strong><em>sit</em></strong></span> <span class='ocrx_word' id='word_1_67' title='bbox 1192 1084 1468 1150; x_wconf 72' lang='lat' dir='ltr'><strong><em>voluntas,</em></strong></span> <span class='ocrx_word' id='word_1_68' title='bbox 1495 1085 1546 1138; x_wconf 90' lang='lat' dir='ltr'><strong><em>et</em></strong></span> <span class='ocrx_word' id='word_1_69' title='bbox 1586 1099 1708 1156; x_wconf 58' lang='lat' dir='ltr'><strong><em>qua</em></strong></span> <span class='ocrx_word' id='word_1_70' title='bbox 1754 1085 2036 1154; x_wconf 87' lang='lat' dir='ltr'><strong><em>operaliva</em></strong></span> 
     </span>
    </p>
   </div>
   <div class='ocr_carea' id='block_1_11' title="bbox 375 1173 2037 1245">
    <p class='ocr_par' dir='ltr' id='par_1_11' title="bbox 375 1173 2037 1245">
     <span class='ocr_line' id='line_1_11' title="bbox 375 1173 2037 1245; baseline 0 -16"><span class='ocrx_word' id='word_1_71' title='bbox 375 1176 660 1245; x_wconf 77' lang='lat' dir='ltr'><strong><em>cogitatio.</em></strong></span> <span class='ocrx_word' id='word_1_72' title='bbox 690 1175 782 1230; x_wconf 91' lang='lat'><strong><em>63.</em></strong></span> <span class='ocrx_word' id='word_1_73' title='bbox 815 1174 889 1230; x_wconf 91' lang='lat' dir='ltr'><strong><em>De</em></strong></span> <span class='ocrx_word' id='word_1_74' title='bbox 932 1174 1199 1230; x_wconf 71' lang='lat' dir='ltr'><strong><em>electione</em></strong></span> <span class='ocrx_word' id='word_1_75' title='bbox 1243 1180 1297 1228; x_wconf 93' lang='lat' dir='ltr'><strong><em>et</em></strong></span> <span class='ocrx_word' id='word_1_76' title='bbox 1335 1173 1658 1228; x_wconf 71' lang='lat' dir='ltr'><strong><em>attentione.</em></strong></span> <span class='ocrx_word' id='word_1_77' title='bbox 1708 1174 1801 1228; x_wconf 91' lang='lat'><strong><em>64.</em></strong></span> <span class='ocrx_word' id='word_1_78' title='bbox 1846 1174 2037 1230; x_wconf 85' lang='lat' dir='ltr'><strong><em>Utrum</em></strong></span> 
     </span>
    </p>
   </div>
   <div class='ocr_carea' id='block_1_12' title="bbox 376 1262 2035 1335">
    <p class='ocr_par' dir='ltr' id='par_1_12' title="bbox 376 1262 2035 1335">
     <span class='ocr_line' id='line_1_12' title="bbox 376 1262 2035 1335; baseline -0.001 -16"><span class='ocrx_word' id='word_1_79' title='bbox 376 1266 600 1319; x_wconf 88' lang='lat' dir='ltr'><strong><em>animus</em></strong></span> <span class='ocrx_word' id='word_1_80' title='bbox 654 1280 691 1319; x_wconf 90' lang='lat' dir='ltr'><strong><em>a</em></strong></span> <span class='ocrx_word' id='word_1_81' title='bbox 735 1278 978 1335; x_wconf 90' lang='lat' dir='ltr'><strong><em>corpore,</em></strong></span> <span class='ocrx_word' id='word_1_82' title='bbox 1037 1280 1112 1318; x_wconf 89' lang='lat' dir='ltr'><strong><em>an</em></strong></span> <span class='ocrx_word' id='word_1_83' title='bbox 1156 1278 1353 1333; x_wconf 90' lang='lat' dir='ltr'><strong><em>corpus</em></strong></span> <span class='ocrx_word' id='word_1_84' title='bbox 1396 1262 1468 1317; x_wconf 89' lang='lat' dir='ltr'><strong><em>ab</em></strong></span> <span class='ocrx_word' id='word_1_85' title='bbox 1524 1263 1715 1318; x_wconf 88' lang='lat' dir='ltr'><strong><em>animo</em></strong></span> <span class='ocrx_word' id='word_1_86' title='bbox 1766 1262 2035 1318; x_wconf 85' lang='lat' dir='ltr'><strong><em>dissolva-</em></strong></span> 
     </span>
    </p>
   </div>
   <div class='ocr_carea' id='block_1_13' title="bbox 380 1351 2029 1423">
    <p class='ocr_par' dir='ltr' id='par_1_13' title="bbox 380 1351 2029 1423">
     <span class='ocr_line' id='line_1_13' title="bbox 380 1351 2029 1423; baseline 0 -16"><span class='ocrx_word' id='word_1_87' title='bbox 380 1363 493 1408; x_wconf 81' lang='lat' dir='ltr'><strong><em>tur.</em></strong></span> <span class='ocrx_word' id='word_1_88' title='bbox 542 1354 632 1409; x_wconf 89' lang='lat'><strong><em>65.</em></strong></span> <span class='ocrx_word' id='word_1_89' title='bbox 683 1351 956 1422; x_wconf 86' lang='lat' dir='ltr'><strong><em>Quomodo</em></strong></span> <span class='ocrx_word' id='word_1_90' title='bbox 1003 1353 1352 1408; x_wconf 80' lang='lat' dir='ltr'><strong><em>contineatur</em></strong></span> <span class='ocrx_word' id='word_1_91' title='bbox 1400 1354 1620 1406; x_wconf 89' lang='lat' dir='ltr'><strong><em>animus</em></strong></span> <span class='ocrx_word' id='word_1_92' title='bbox 1668 1354 1726 1406; x_wconf 91' lang='lat' dir='ltr'><strong><em>in</em></strong></span> <span class='ocrx_word' id='word_1_93' title='bbox 1782 1367 2029 1423; x_wconf 85' lang='lat' dir='ltr'><strong><em>corpore.</em></strong></span> 
     </span>
    </p>
   </div>
   <div class='ocr_carea' id='block_1_14' title="bbox 374 1440 2029 1512">
    <p class='ocr_par' dir='ltr' id='par_1_14' title="bbox 374 1440 2029 1512">
     <span class='ocr_line' id='line_1_14' title="bbox 374 1440 2029 1512; baseline -0.001 -16"><span class='ocrx_word' id='word_1_94' title='bbox 374 1442 469 1509; x_wconf 90' lang='lat'><strong><em>66,</em></strong></span> <span class='ocrx_word' id='word_1_95' title='bbox 513 1441 606 1510; x_wconf 88' lang='lat'><strong><em>67,</em></strong></span> <span class='ocrx_word' id='word_1_96' title='bbox 648 1442 740 1508; x_wconf 90' lang='lat'><strong><em>68,</em></strong></span> <span class='ocrx_word' id='word_1_97' title='bbox 788 1442 881 1508; x_wconf 93' lang='lat'><strong><em>69,</em></strong></span> <span class='ocrx_word' id='word_1_98' title='bbox 915 1442 1008 1512; x_wconf 88' lang='lat' dir='ltr'><strong><em>7o,</em></strong></span> <span class='ocrx_word' id='word_1_99' title='bbox 1047 1442 1139 1510; x_wconf 75' lang='lat'><strong><em>71,</em></strong></span> <span class='ocrx_word' id='word_1_100' title='bbox 1178 1441 1275 1507; x_wconf 87' lang='lat'>72,</span> <span class='ocrx_word' id='word_1_101' title='bbox 1314 1440 1409 1505; x_wconf 88' lang='lat'><strong><em>73,</em></strong></span> <span class='ocrx_word' id='word_1_102' title='bbox 1446 1440 1540 1507; x_wconf 75' lang='lat'><strong><em>74,</em></strong></span> <span class='ocrx_word' id='word_1_103' title='bbox 1571 1441 1662 1506; x_wconf 84' lang='lat'>75,</span> <span class='ocrx_word' id='word_1_104' title='bbox 1695 1441 1785 1506; x_wconf 90' lang='lat'><strong><em>76,</em></strong></span> <span class='ocrx_word' id='word_1_105' title='bbox 1818 1442 1910 1508; x_wconf 89' lang='lat'><strong><em>77,</em></strong></span> <span class='ocrx_word' id='word_1_106' title='bbox 1938 1440 2029 1511; x_wconf 92' lang='lat'><strong><em>78,</em></strong></span> 
     </span>
    </p>
   </div>
   <div class='ocr_carea' id='block_1_15' title="bbox 354 1529 2031 1601">
    <p class='ocr_par' dir='ltr' id='par_1_15' title="bbox 354 1529 2031 1601">
     <span class='ocr_line' id='line_1_15' title="bbox 354 1529 2031 1601; baseline -0.001 -16"><span class='ocrx_word' id='word_1_107' title='bbox 354 1532 465 1599; x_wconf 76' lang='lat'><strong><em>&#39;79,</em></strong></span> <span class='ocrx_word' id='word_1_108' title='bbox 495 1531 586 1599; x_wconf 89' lang='lat'><strong><em>80,</em></strong></span> <span class='ocrx_word' id='word_1_109' title='bbox 617 1531 713 1587; x_wconf 83' lang='lat'><strong><em>81.</em></strong></span> <span class='ocrx_word' id='word_1_110' title='bbox 742 1532 817 1586; x_wconf 87' lang='lat' dir='ltr'><strong><em>De</em></strong></span> <span class='ocrx_word' id='word_1_111' title='bbox 863 1531 1186 1599; x_wconf 87' lang='lat' dir='ltr'><strong><em>virtutibus,</em></strong></span> <span class='ocrx_word' id='word_1_112' title='bbox 1217 1529 1309 1584; x_wconf 84' lang='lat'><strong><em>82.</em></strong></span> <span class='ocrx_word' id='word_1_113' title='bbox 1356 1532 1422 1584; x_wconf 87' lang='lat' dir='ltr'><strong><em>In</em></strong></span> <span class='ocrx_word' id='word_1_114' title='bbox 1462 1544 1567 1601; x_wconf 92' lang='lat' dir='ltr'><strong><em>quo</em></strong></span> <span class='ocrx_word' id='word_1_115' title='bbox 1613 1530 1839 1601; x_wconf 73' lang='lat' dir='ltr'><strong><em>differat</em></strong></span> <span class='ocrx_word' id='word_1_116' title='bbox 1880 1532 2031 1595; x_wconf 88' lang='lat' dir='ltr'><strong><em>prin-</em></strong></span> 
     </span>
    </p>
   </div>
   <div class='ocr_carea' id='block_1_16' title="bbox 369 1619 2026 1692">
    <p class='ocr_par' dir='ltr' id='par_1_16' title="bbox 369 1619 2026 1692">
     <span class='ocr_line' id='line_1_16' title="bbox 369 1619 2026 1692; baseline -0.001 -17"><span class='ocrx_word' id='word_1_117' title='bbox 369 1622 580 1692; x_wconf 90' lang='lat' dir='ltr'><strong><em>cipium</em></strong></span> <span class='ocrx_word' id='word_1_118' title='bbox 627 1621 696 1676; x_wconf 90' lang='lat' dir='ltr'><strong><em>ab</em></strong></span> <span class='ocrx_word' id='word_1_119' title='bbox 742 1620 1051 1677; x_wconf 88' lang='lat' dir='ltr'><strong><em>elementis.</em></strong></span> <span class='ocrx_word' id='word_1_120' title='bbox 1085 1619 1175 1674; x_wconf 88' lang='lat'><strong><em>83.</em></strong></span> <span class='ocrx_word' id='word_1_121' title='bbox 1212 1622 1293 1674; x_wconf 92' lang='lat' dir='ltr'><strong><em>De</em></strong></span> <span class='ocrx_word' id='word_1_122' title='bbox 1334 1619 1661 1691; x_wconf 86' lang='lat' dir='ltr'><strong><em>principiis,</em></strong></span> <span class='ocrx_word' id='word_1_123' title='bbox 1710 1619 1844 1689; x_wconf 89' lang='lat' dir='ltr'><strong><em>quid</em></strong></span> <span class='ocrx_word' id='word_1_124' title='bbox 1893 1622 2026 1687; x_wconf 90' lang='lat' dir='ltr'><strong><em>sint,</em></strong></span> 
     </span>
    </p>
   </div>
   <div class='ocr_carea' id='block_1_17' title="bbox 366 1707 2028 1767">
    <p class='ocr_par' dir='ltr' id='par_1_17' title="bbox 366 1707 2028 1767">
     <span class='ocr_line' id='line_1_17' title="bbox 366 1707 2028 1767; baseline 0.001 -3"><span class='ocrx_word' id='word_1_125' title='bbox 366 1710 458 1764; x_wconf 82' lang='lat'><strong><em>84.</em></strong></span> <span class='ocrx_word' id='word_1_126' title='bbox 494 1715 571 1767; x_wconf 91' lang='lat' dir='ltr'><strong><em>De</em></strong></span> <span class='ocrx_word' id='word_1_127' title='bbox 600 1711 764 1767; x_wconf 84' lang='lat' dir='ltr'><strong><em>ideis.</em></strong></span> <span class='ocrx_word' id='word_1_128' title='bbox 793 1710 885 1764; x_wconf 90' lang='lat'><strong><em>85.</em></strong></span> <span class='ocrx_word' id='word_1_129' title='bbox 919 1710 991 1765; x_wconf 91' lang='lat' dir='ltr'><strong><em>De</em></strong></span> <span class='ocrx_word' id='word_1_130' title='bbox 1029 1708 1375 1765; x_wconf 66' lang='lat' dir='ltr'><strong><em>daemonibus</em></strong></span> <span class='ocrx_word' id='word_1_131' title='bbox 1421 1710 1472 1763; x_wconf 85' lang='lat' dir='ltr'><strong><em>et</em></strong></span> <span class='ocrx_word' id='word_1_132' title='bbox 1523 1707 1795 1764; x_wconf 78' lang='lat' dir='ltr'><strong><em>heroibus.</em></strong></span> <span class='ocrx_word' id='word_1_133' title='bbox 1828 1709 1919 1765; x_wconf 92' lang='lat'><strong><em>86.</em></strong></span> <span class='ocrx_word' id='word_1_134' title='bbox 1953 1710 2028 1766; x_wconf 90' lang='lat' dir='ltr'><strong><em>De</em></strong></span> 
     </span>
    </p>
   </div>
   <div class='ocr_carea' id='block_1_18' title="bbox 342 1796 2025 1865">
    <p class='ocr_par' dir='ltr' id='par_1_18' title="bbox 342 1796 2025 1865">
     <span class='ocr_line' id='line_1_18' title="bbox 342 1796 2025 1865; baseline 0.001 -12"><span class='ocrx_word' id='word_1_135' title='bbox 342 1802 622 1855; x_wconf 75' lang='lat' dir='ltr'><strong><em>materia.</em></strong></span> <span class='ocrx_word' id='word_1_136' title='bbox 653 1799 746 1853; x_wconf 97' lang='lat'><strong><em>87.</em></strong></span> <span class='ocrx_word' id='word_1_137' title='bbox 779 1798 852 1854; x_wconf 89' lang='lat' dir='ltr'><strong><em>De</em></strong></span> <span class='ocrx_word' id='word_1_138' title='bbox 887 1800 1090 1853; x_wconf 84' lang='lat' dir='ltr'><strong><em>causis.</em></strong></span> <span class='ocrx_word' id='word_1_139' title='bbox 1141 1797 1231 1852; x_wconf 92' lang='lat'><strong><em>88.</em></strong></span> <span class='ocrx_word' id='word_1_140' title='bbox 1274 1796 1346 1851; x_wconf 90' lang='lat' dir='ltr'><strong><em>De</em></strong></span> <span class='ocrx_word' id='word_1_141' title='bbox 1391 1796 1604 1865; x_wconf 80' lang='lat' dir='ltr'><strong><em>ﬁguris.</em></strong></span> <span class='ocrx_word' id='word_1_142' title='bbox 1636 1796 1726 1851; x_wconf 87' lang='lat'><strong><em>89.</em></strong></span> <span class='ocrx_word' id='word_1_143' title='bbox 1759 1797 1834 1852; x_wconf 92' lang='lat' dir='ltr'><strong><em>De</em></strong></span> <span class='ocrx_word' id='word_1_144' title='bbox 1878 1798 2025 1854; x_wconf 89' lang='lat' dir='ltr'><strong><em>colo-</em></strong></span> 
     </span>
    </p>
   </div>
   <div class='ocr_carea' id='block_1_19' title="bbox 2100 630 3813 711">
    <p class='ocr_par' dir='ltr' id='par_1_19' title="bbox 2100 630 3813 711">
     <span class='ocr_line' id='line_1_19' title="bbox 2100 630 3813 711; baseline 0.01 -27"><span class='ocrx_word' id='word_1_145' title='bbox 2100 630 2104 634; x_wconf 76' lang='grc'><em>’</em></span> <span class='ocrx_word' id='word_1_146' title='bbox 2152 630 2277 685; x_wconf 83' lang='grc'>457.</span> <span class='ocrx_word' id='word_1_147' title='bbox 2309 632 2390 686; x_wconf 78' lang='lat' dir='ltr'><strong><em>An</em></strong></span> <span class='ocrx_word' id='word_1_148' title='bbox 2419 632 2660 688; x_wconf 90' lang='lat' dir='ltr'><strong><em>mundus</em></strong></span> <span class='ocrx_word' id='word_1_149' title='bbox 2684 632 2870 706; x_wconf 87' lang='lat' dir='ltr'><strong><em>factus</em></strong></span> <span class='ocrx_word' id='word_1_150' title='bbox 2897 637 2986 704; x_wconf 89' lang='lat' dir='ltr'><strong><em>sit,</em></strong></span> <span class='ocrx_word' id='word_1_151' title='bbox 3019 640 3070 691; x_wconf 93' lang='lat' dir='ltr'><strong><em>et</em></strong></span> <span class='ocrx_word' id='word_1_152' title='bbox 3100 637 3562 711; x_wconf 86' lang='lat' dir='ltr'><strong><em>incorruptibilis.</em></strong></span> <span class='ocrx_word' id='word_1_153' title='bbox 3588 644 3714 700; x_wconf 84' lang='lat'><strong><em>158.</em></strong></span> <span class='ocrx_word' id='word_1_154' title='bbox 3732 651 3813 701; x_wconf 79' lang='lat' dir='ltr'><strong><em>An</em></strong></span> 
     </span>
    </p>
   </div>
   <div class='ocr_carea' id='block_1_20' title="bbox 2147 718 3817 803">
    <p class='ocr_par' dir='ltr' id='par_1_20' title="bbox 2147 718 3817 803">
     <span class='ocr_line' id='line_1_20' title="bbox 2147 718 3817 803; baseline 0.01 -30"><span class='ocrx_word' id='word_1_155' title='bbox 2147 718 2387 775; x_wconf 86' lang='lat' dir='ltr'><strong><em>mundus</em></strong></span> <span class='ocrx_word' id='word_1_156' title='bbox 2415 722 2720 777; x_wconf 79' lang='lat' dir='ltr'><strong><em>nutriatur.</em></strong></span> <span class='ocrx_word' id='word_1_157' title='bbox 2753 722 2874 777; x_wconf 89' lang='grc'>159.</span> <span class='ocrx_word' id='word_1_158' title='bbox 2911 724 2985 778; x_wconf 91' lang='lat' dir='ltr'><strong><em>De</em></strong></span> <span class='ocrx_word' id='word_1_159' title='bbox 3030 725 3228 782; x_wconf 86' lang='lat' dir='ltr'><strong><em>ordine</em></strong></span> <span class='ocrx_word' id='word_1_160' title='bbox 3274 729 3493 785; x_wconf 87' lang='lat' dir='ltr'><strong><em>mundi.</em></strong></span> <span class='ocrx_word' id='word_1_161' title='bbox 3539 732 3661 788; x_wconf 91' lang='lat'><strong><em>160.</em></strong></span> <span class='ocrx_word' id='word_1_162' title='bbox 3696 735 3817 803; x_wconf 88' lang='lat' dir='ltr'><strong><em>Qua</em></strong></span> 
     </span>
    </p>
   </div>
   <div class='ocr_carea' id='block_1_21' title="bbox 2145 811 3821 879">
    <p class='ocr_par' dir='ltr' id='par_1_21' title="bbox 2145 811 3821 879">
     <span class='ocr_line' id='line_1_21' title="bbox 2145 811 3821 879; baseline 0.011 -17"><span class='ocrx_word' id='word_1_163' title='bbox 2145 823 2307 863; x_wconf 88' lang='lat' dir='ltr'><strong><em>causa</em></strong></span> <span class='ocrx_word' id='word_1_164' title='bbox 2357 811 2599 865; x_wconf 86' lang='lat' dir='ltr'><strong><em>mundus</em></strong></span> <span class='ocrx_word' id='word_1_165' title='bbox 2641 812 2931 868; x_wconf 88' lang='lat' dir='ltr'><strong><em>universus</em></strong></span> <span class='ocrx_word' id='word_1_166' title='bbox 2980 814 3285 872; x_wconf 88' lang='lat' dir='ltr'><strong><em>inclinatus</em></strong></span> <span class='ocrx_word' id='word_1_167' title='bbox 3329 822 3421 873; x_wconf 80' lang='lat' dir='ltr'><strong><em>stt.</em></strong></span> <span class='ocrx_word' id='word_1_168' title='bbox 3478 819 3602 876; x_wconf 88' lang='lat'><strong><em>161.</em></strong></span> <span class='ocrx_word' id='word_1_169' title='bbox 3635 822 3821 879; x_wconf 87' lang='lat' dir='ltr'><strong><em>Unde-</em></strong></span> 
     </span>
    </p>
   </div>
   <div class='ocr_carea' id='block_1_22' title="bbox 2145 899 3810 979">
    <p class='ocr_par' dir='ltr' id='par_1_22' title="bbox 2145 899 3810 979">
     <span class='ocr_line' id='line_1_22' title="bbox 2145 899 3810 979; baseline 0.011 -29"><span class='ocrx_word' id='word_1_170' title='bbox 2145 912 2281 951; x_wconf 90' lang='lat' dir='ltr'><strong><em>nam</em></strong></span> <span class='ocrx_word' id='word_1_171' title='bbox 2324 900 2622 969; x_wconf 82' lang='lat' dir='ltr'><strong><em>gentilium</em></strong></span> <span class='ocrx_word' id='word_1_172' title='bbox 2663 899 3225 959; x_wconf 84' lang='lat' dir='ltr'><strong><em>demonstrationibus</em></strong></span> <span class='ocrx_word' id='word_1_173' title='bbox 3268 908 3469 963; x_wconf 87' lang='lat' dir='ltr'><strong><em>mundi</em></strong></span> <span class='ocrx_word' id='word_1_174' title='bbox 3529 908 3658 979; x_wconf 81' lang='lat' dir='ltr'><strong><em>ﬁnis</em></strong></span> <span class='ocrx_word' id='word_1_175' title='bbox 3707 911 3810 968; x_wconf 83' lang='lat' dir='ltr'><strong><em>ha-</em></strong></span> 
     </span>
    </p>
   </div>
   <div class='ocr_carea' id='block_1_23' title="bbox 2148 984 3815 1069">
    <p class='ocr_par' dir='ltr' id='par_1_23' title="bbox 2148 984 3815 1069">
     <span class='ocr_line' id='line_1_23' title="bbox 2148 984 3815 1069; baseline 0.011 -30"><span class='ocrx_word' id='word_1_176' title='bbox 2148 984 2366 1043; x_wconf 89' lang='lat' dir='ltr'><strong><em>beatur.</em></strong></span> <span class='ocrx_word' id='word_1_177' title='bbox 2420 987 2546 1043; x_wconf 88' lang='lat'><strong><em>162.</em></strong></span> <span class='ocrx_word' id='word_1_178' title='bbox 2596 990 2727 1058; x_wconf 67' lang='lat' dir='ltr'><strong><em>Quae</em></strong></span> <span class='ocrx_word' id='word_1_179' title='bbox 2769 991 2973 1047; x_wconf 76' lang='lat' dir='ltr'><strong><em>dextra</em></strong></span> <span class='ocrx_word' id='word_1_180' title='bbox 3018 994 3240 1062; x_wconf 89' lang='lat' dir='ltr'><strong><em>mundi,</em></strong></span> <span class='ocrx_word' id='word_1_181' title='bbox 3289 1004 3342 1051; x_wconf 95' lang='lat' dir='ltr'><strong><em>et</em></strong></span> <span class='ocrx_word' id='word_1_182' title='bbox 3387 1013 3510 1069; x_wconf 67' lang='lat' dir='ltr'><strong><em>qua</em></strong></span> <span class='ocrx_word' id='word_1_183' title='bbox 3555 999 3815 1058; x_wconf 89' lang='lat' dir='ltr'><strong><em>sinistra.</em></strong></span> 
     </span>
    </p>
   </div>
   <div class='ocr_carea' id='block_1_24' title="bbox 2146 1075 3806 1154">
    <p class='ocr_par' dir='ltr' id='par_1_24' title="bbox 2146 1075 3806 1154">
     <span class='ocr_line' id='line_1_24' title="bbox 2146 1075 3806 1154; baseline 0.011 -25"><span class='ocrx_word' id='word_1_184' title='bbox 2146 1075 2271 1131; x_wconf 84' lang='lat'><strong><em>163.</em></strong></span> <span class='ocrx_word' id='word_1_185' title='bbox 2305 1076 2381 1130; x_wconf 90' lang='lat' dir='ltr'><strong><em>De</em></strong></span> <span class='ocrx_word' id='word_1_186' title='bbox 2410 1080 2874 1135; x_wconf 83' lang='lat' dir='ltr'><strong><em>transmutatione</em></strong></span> <span class='ocrx_word' id='word_1_187' title='bbox 2900 1087 3072 1139; x_wconf 72' lang='lat' dir='ltr'><strong><em>terra:</em></strong></span> <span class='ocrx_word' id='word_1_188' title='bbox 3095 1086 3373 1154; x_wconf 84' lang='lat' dir='ltr'><strong><em>partium.</em></strong></span> <span class='ocrx_word' id='word_1_189' title='bbox 3409 1086 3534 1142; x_wconf 87' lang='lat'><strong><em>164.</em></strong></span> <span class='ocrx_word' id='word_1_190' title='bbox 3566 1089 3640 1144; x_wconf 91' lang='lat' dir='ltr'><strong><em>De</em></strong></span> <span class='ocrx_word' id='word_1_191' title='bbox 3695 1095 3806 1147; x_wconf 90' lang='lat' dir='ltr'><strong><em>ter-</em></strong></span> 
     </span>
    </p>
   </div>
   <div class='ocr_carea' id='block_1_25' title="bbox 2144 1167 3806 1253">
    <p class='ocr_par' dir='ltr' id='par_1_25' title="bbox 2144 1167 3806 1253">
     <span class='ocr_line' id='line_1_25' title="bbox 2144 1167 3806 1253; baseline 0.011 -36"><span class='ocrx_word' id='word_1_192' title='bbox 2144 1180 2222 1218; x_wconf 71' lang='lat' dir='ltr'><strong><em>rm</em></strong></span> <span class='ocrx_word' id='word_1_193' title='bbox 2254 1168 2509 1244; x_wconf 81' lang='lat' dir='ltr'><strong><em>motibus.</em></strong></span> <span class='ocrx_word' id='word_1_194' title='bbox 2539 1167 2659 1223; x_wconf 87' lang='lat'><strong><em>165.</em></strong></span> <span class='ocrx_word' id='word_1_195' title='bbox 2697 1169 2771 1224; x_wconf 90' lang='lat' dir='ltr'><strong><em>De</em></strong></span> <span class='ocrx_word' id='word_1_196' title='bbox 2797 1186 3004 1237; x_wconf 83' lang='lat' dir='ltr'><strong><em>magna</em></strong></span> <span class='ocrx_word' id='word_1_197' title='bbox 3041 1172 3252 1243; x_wconf 84' lang='lat' dir='ltr'><strong><em>hyeme.</em></strong></span> <span class='ocrx_word' id='word_1_198' title='bbox 3291 1175 3413 1231; x_wconf 92' lang='lat'><strong><em>166.</em></strong></span> <span class='ocrx_word' id='word_1_199' title='bbox 3447 1177 3628 1245; x_wconf 87' lang='lat' dir='ltr'><strong><em>Quare</em></strong></span> <span class='ocrx_word' id='word_1_200' title='bbox 3655 1196 3806 1253; x_wconf 85' lang='lat' dir='ltr'><strong><em>aqua</em></strong></span> 
     </span>
    </p>
   </div>
   <div class='ocr_carea' id='block_1_26' title="bbox 2142 1256 3813 1337">
    <p class='ocr_par' dir='ltr' id='par_1_26' title="bbox 2142 1256 3813 1337">
     <span class='ocr_line' id='line_1_26' title="bbox 2142 1256 3813 1337; baseline 0.011 -31"><span class='ocrx_word' id='word_1_201' title='bbox 2142 1256 2373 1309; x_wconf 85' lang='lat' dir='ltr'><strong><em>marina</em></strong></span> <span class='ocrx_word' id='word_1_202' title='bbox 2401 1263 2480 1310; x_wconf 89' lang='lat' dir='ltr'><strong><em>est</em></strong></span> <span class='ocrx_word' id='word_1_203' title='bbox 2505 1256 2672 1310; x_wconf 90' lang='lat' dir='ltr'><strong><em>salsa.</em></strong></span> <span class='ocrx_word' id='word_1_204' title='bbox 2690 1257 2812 1313; x_wconf 90' lang='lat'><strong><em>167.</em></strong></span> <span class='ocrx_word' id='word_1_205' title='bbox 2834 1258 2953 1326; x_wconf 89' lang='lat' dir='ltr'><strong><em>Qua</em></strong></span> <span class='ocrx_word' id='word_1_206' title='bbox 2979 1275 3146 1316; x_wconf 90' lang='lat' dir='ltr'><strong><em>causa</em></strong></span> <span class='ocrx_word' id='word_1_207' title='bbox 3179 1263 3242 1316; x_wconf 87' lang='lat' dir='ltr'><strong><em>in</em></strong></span> <span class='ocrx_word' id='word_1_208' title='bbox 3269 1266 3426 1319; x_wconf 83' lang='lat' dir='ltr'><strong><em>mari</em></strong></span> <span class='ocrx_word' id='word_1_209' title='bbox 3452 1281 3600 1337; x_wconf 89' lang='lat' dir='ltr'><strong><em>aqua</em></strong></span> <span class='ocrx_word' id='word_1_210' title='bbox 3628 1267 3813 1324; x_wconf 89' lang='lat' dir='ltr'><strong><em>dulcis</em></strong></span> 
     </span>
    </p>
   </div>
   <div class='ocr_carea' id='block_1_27' title="bbox 2145 1343 3817 1421">
    <p class='ocr_par' dir='ltr' id='par_1_27' title="bbox 2145 1343 3817 1421">
     <span class='ocr_line' id='line_1_27' title="bbox 2145 1343 3817 1421; baseline 0.01 -25"><span class='ocrx_word' id='word_1_211' title='bbox 2145 1343 2488 1398; x_wconf 86' lang='lat' dir='ltr'><strong><em>inveniatur.</em></strong></span> <span class='ocrx_word' id='word_1_212' title='bbox 2538 1346 2660 1401; x_wconf 88' lang='grc'>168.</span> <span class='ocrx_word' id='word_1_213' title='bbox 2727 1347 2907 1415; x_wconf 91' lang='lat' dir='ltr'><strong><em>Quare</em></strong></span> <span class='ocrx_word' id='word_1_214' title='bbox 2948 1365 3094 1421; x_wconf 87' lang='lat' dir='ltr'><strong><em>aqua</em></strong></span> <span class='ocrx_word' id='word_1_215' title='bbox 3144 1352 3369 1408; x_wconf 83' lang='lat' dir='ltr'><strong><em>marina</em></strong></span> <span class='ocrx_word' id='word_1_216' title='bbox 3415 1355 3648 1412; x_wconf 83' lang='lat' dir='ltr'><strong><em>arbores</em></strong></span> <span class='ocrx_word' id='word_1_217' title='bbox 3700 1373 3817 1414; x_wconf 87' lang='lat' dir='ltr'><strong><em>non</em></strong></span> 
     </span>
    </p>
   </div>
   <div class='ocr_carea' id='block_1_28' title="bbox 2141 1433 3813 1513">
    <p class='ocr_par' dir='ltr' id='par_1_28' title="bbox 2141 1433 3813 1513">
     <span class='ocr_line' id='line_1_28' title="bbox 2141 1433 3813 1513; baseline 0.011 -29"><span class='ocrx_word' id='word_1_218' title='bbox 2141 1434 2375 1487; x_wconf 87' lang='lat' dir='ltr'><strong><em>nutriat.</em></strong></span> <span class='ocrx_word' id='word_1_219' title='bbox 2409 1433 2536 1489; x_wconf 90' lang='lat'><strong><em>169.</em></strong></span> <span class='ocrx_word' id='word_1_220' title='bbox 2572 1434 2756 1503; x_wconf 86' lang='lat' dir='ltr'><strong><em>Quare</em></strong></span> <span class='ocrx_word' id='word_1_221' title='bbox 2787 1437 2845 1491; x_wconf 91' lang='lat' dir='ltr'><strong><em>in</em></strong></span> <span class='ocrx_word' id='word_1_222' title='bbox 2876 1454 3031 1493; x_wconf 90' lang='lat' dir='ltr'><strong><em>mare</em></strong></span> <span class='ocrx_word' id='word_1_223' title='bbox 3077 1440 3192 1495; x_wconf 89' lang='lat' dir='ltr'><strong><em>oleo</em></strong></span> <span class='ocrx_word' id='word_1_224' title='bbox 3230 1441 3423 1513; x_wconf 77' lang='lat' dir='ltr'><strong><em>effuso,</em></strong></span> <span class='ocrx_word' id='word_1_225' title='bbox 3455 1460 3612 1501; x_wconf 88' lang='lat' dir='ltr'><strong><em>mare</em></strong></span> <span class='ocrx_word' id='word_1_226' title='bbox 3655 1446 3813 1502; x_wconf 87' lang='lat' dir='ltr'><strong><em>dilu-</em></strong></span> 
     </span>
    </p>
   </div>
   <div class='ocr_carea' id='block_1_29' title="bbox 2139 1520 3811 1600">
    <p class='ocr_par' dir='ltr' id='par_1_29' title="bbox 2139 1520 3811 1600">
     <span class='ocr_line' id='line_1_29' title="bbox 2139 1520 3811 1600; baseline 0.01 -25"><span class='ocrx_word' id='word_1_227' title='bbox 2139 1520 2331 1575; x_wconf 86' lang='lat' dir='ltr'><strong><em>cidum</em></strong></span> <span class='ocrx_word' id='word_1_228' title='bbox 2387 1522 2492 1592; x_wconf 80' lang='lat' dir='ltr'><strong><em>ﬁat</em></strong></span> <span class='ocrx_word' id='word_1_229' title='bbox 2538 1528 2594 1577; x_wconf 85' lang='lat' dir='ltr'><strong><em>et</em></strong></span> <span class='ocrx_word' id='word_1_230' title='bbox 2649 1525 2919 1595; x_wconf 88' lang='lat' dir='ltr'><strong><em>quietum.</em></strong></span> <span class='ocrx_word' id='word_1_231' title='bbox 2971 1526 3096 1583; x_wconf 89' lang='lat'><strong><em>170.</em></strong></span> <span class='ocrx_word' id='word_1_232' title='bbox 3148 1528 3267 1597; x_wconf 90' lang='lat' dir='ltr'><strong><em>Qua</em></strong></span> <span class='ocrx_word' id='word_1_233' title='bbox 3333 1547 3520 1600; x_wconf 73' lang='lat' dir='ltr'><strong><em>musa,</em></strong></span> <span class='ocrx_word' id='word_1_234' title='bbox 3565 1550 3690 1591; x_wconf 89' lang='lat' dir='ltr'><strong><em>cum</em></strong></span> <span class='ocrx_word' id='word_1_235' title='bbox 3747 1537 3811 1592; x_wconf 89' lang='lat' dir='ltr'><strong><em>in</em></strong></span> 
     </span>
    </p>
   </div>
   <div class='ocr_carea' id='block_1_30' title="bbox 2138 1611 3809 1695">
    <p class='ocr_par' dir='ltr' id='par_1_30' title="bbox 2138 1611 3809 1695">
     <span class='ocr_line' id='line_1_30' title="bbox 2138 1611 3809 1695; baseline 0.011 -32"><span class='ocrx_word' id='word_1_236' title='bbox 2138 1624 2292 1665; x_wconf 90' lang='lat' dir='ltr'><strong><em>mare</em></strong></span> <span class='ocrx_word' id='word_1_237' title='bbox 2328 1611 2540 1680; x_wconf 88' lang='lat' dir='ltr'><strong><em>fulmen</em></strong></span> <span class='ocrx_word' id='word_1_238' title='bbox 2581 1613 2865 1684; x_wconf 85' lang='lat' dir='ltr'><strong><em>ceciderit,</em></strong></span> <span class='ocrx_word' id='word_1_239' title='bbox 2914 1617 2999 1671; x_wconf 90' lang='lat' dir='ltr'><strong><em>sal</em></strong></span> <span class='ocrx_word' id='word_1_240' title='bbox 3047 1623 3311 1688; x_wconf 87' lang='lat' dir='ltr'><strong><em>emergat.</em></strong></span> <span class='ocrx_word' id='word_1_241' title='bbox 3360 1621 3484 1678; x_wconf 88' lang='lat'><strong><em>171.</em></strong></span> <span class='ocrx_word' id='word_1_242' title='bbox 3527 1624 3602 1680; x_wconf 89' lang='lat' dir='ltr'><strong><em>De</em></strong></span> <span class='ocrx_word' id='word_1_243' title='bbox 3647 1626 3809 1695; x_wconf 72' lang='lat' dir='ltr'><strong><em>ﬂuxu</em></strong></span> 
     </span>
    </p>
   </div>
   <div class='ocr_carea' id='block_1_31' title="bbox 2135 1700 3814 1783">
    <p class='ocr_par' dir='ltr' id='par_1_31' title="bbox 2135 1700 3814 1783">
     <span class='ocr_line' id='line_1_31' title="bbox 2135 1700 3814 1783; baseline 0.011 -32"><span class='ocrx_word' id='word_1_244' title='bbox 2135 1701 2190 1752; x_wconf 84' lang='lat' dir='ltr'><strong><em>et</em></strong></span> <span class='ocrx_word' id='word_1_245' title='bbox 2238 1700 2463 1769; x_wconf 72' lang='lat' dir='ltr'><strong><em>reﬂuasu</em></strong></span> <span class='ocrx_word' id='word_1_246' title='bbox 2515 1701 2772 1758; x_wconf 84' lang='lat' dir='ltr'><strong><em>Euboico.</em></strong></span> <span class='ocrx_word' id='word_1_247' title='bbox 2826 1704 2948 1761; x_wconf 85' lang='lat'><strong><em>172.</em></strong></span> <span class='ocrx_word' id='word_1_248' title='bbox 3001 1710 3190 1777; x_wconf 80' lang='lat' dir='ltr'><strong><em>Quare</em></strong></span> <span class='ocrx_word' id='word_1_249' title='bbox 3232 1712 3397 1780; x_wconf 83' lang='lat' dir='ltr'><strong><em>aquis</em></strong></span> <span class='ocrx_word' id='word_1_250' title='bbox 3462 1711 3814 1783; x_wconf 81' lang='lat' dir='ltr'><strong><em>pluvialibus</em></strong></span> 
     </span>
    </p>
   </div>
   <div class='ocr_carea' id='block_1_32' title="bbox 2134 1790 3811 1859">
    <p class='ocr_par' dir='ltr' id='par_1_32' title="bbox 2134 1790 3811 1859">
     <span class='ocr_line' id='line_1_32' title="bbox 2134 1790 3811 1859; baseline 0.012 -19"><span class='ocrx_word' id='word_1_251' title='bbox 2134 1790 2320 1857; x_wconf 90' lang='lat' dir='ltr'><strong><em>magis</em></strong></span> <span class='ocrx_word' id='word_1_252' title='bbox 2349 1805 2515 1859; x_wconf 89' lang='lat' dir='ltr'><strong><em>quam</em></strong></span> <span class='ocrx_word' id='word_1_253' title='bbox 2542 1794 2898 1848; x_wconf 81' lang='lat' dir='ltr'><strong><em>currentibus</em></strong></span> <span class='ocrx_word' id='word_1_254' title='bbox 2926 1797 3149 1853; x_wconf 86' lang='lat' dir='ltr'><strong><em>arbores</em></strong></span> <span class='ocrx_word' id='word_1_255' title='bbox 3188 1807 3238 1854; x_wconf 91' lang='lat' dir='ltr'><strong><em>et</em></strong></span> <span class='ocrx_word' id='word_1_256' title='bbox 3287 1802 3499 1856; x_wconf 87' lang='lat' dir='ltr'><strong><em>semina</em></strong></span> <span class='ocrx_word' id='word_1_257' title='bbox 3546 1805 3811 1859; x_wconf 88' lang='lat' dir='ltr'><strong><em>nutrian-</em></strong></span> 
     </span>
    </p>
   </div>
   <div class='ocr_carea' id='block_1_33' title="bbox 365 1878 3809 1977">
    <p class='ocr_par' dir='ltr' id='par_1_33' title="bbox 365 1878 3809 1977">
     <span class='ocr_line' id='line_1_33' title="bbox 365 1878 3809 1977; baseline 0 -34"><span class='ocrx_word' id='word_1_258' title='bbox 365 1887 539 1943; x_wconf 89' lang='lat' dir='ltr'><strong><em>ribus.</em></strong></span> <span class='ocrx_word' id='word_1_259' title='bbox 569 1888 662 1943; x_wconf 94' lang='lat'><strong><em>90.</em></strong></span> <span class='ocrx_word' id='word_1_260' title='bbox 697 1892 780 1944; x_wconf 87' lang='lat' dir='ltr'><strong><em>De</em></strong></span> <span class='ocrx_word' id='word_1_261' title='bbox 828 1888 1087 1943; x_wconf 88' lang='lat' dir='ltr'><strong><em>mistione</em></strong></span> <span class='ocrx_word' id='word_1_262' title='bbox 1128 1893 1179 1941; x_wconf 91' lang='lat' dir='ltr'><strong><em>et</em></strong></span> <span class='ocrx_word' id='word_1_263' title='bbox 1217 1887 1778 1977; x_wconf 63' lang='lat' dir='ltr'><strong><em>temperamento.91.</em></strong></span> <span class='ocrx_word' id='word_1_264' title='bbox 1810 1888 1887 1977; x_wconf 60' lang='lat' dir='ltr'><strong><em>pe</em></strong></span> <span class='ocrx_word' id='word_1_265' title='bbox 1928 1902 2022 1977; x_wconf 85' lang='lat' dir='ltr'><strong><em>ge-</em></strong></span> <span class='ocrx_word' id='word_1_266' title='bbox 2053 1911 2101 1977; x_wconf 80' lang='grc' dir='ltr'><strong>Β</strong></span> <span class='ocrx_word' id='word_1_267' title='bbox 2137 1884 2253 1977; x_wconf 55' lang='grc' dir='ltr'><strong><em>ξαν·</em></strong></span> <span class='ocrx_word' id='word_1_268' title='bbox 2291 1878 2424 1977; x_wconf 50' lang='grc' dir='ltr'><strong><em>17⁷3ζ</em></strong></span> <span class='ocrx_word' id='word_1_269' title='bbox 2446 1879 2624 1977; x_wconf 72' lang='lat' dir='ltr'><strong><em>Quare</em></strong></span> <span class='ocrx_word' id='word_1_270' title='bbox 2653 1897 2728 1977; x_wconf 67' lang='grc' dir='ltr'><strong><em>εςε</em></strong></span> <span class='ocrx_word' id='word_1_271' title='bbox 2758 1884 2920 1977; x_wconf 66' lang='lat' dir='ltr'><strong><em>aquis</em></strong></span> <span class='ocrx_word' id='word_1_272' title='bbox 2946 1882 3314 1958; x_wconf 82' lang='lat' dir='ltr'><strong><em>pluvialibus,</em></strong></span> <span class='ocrx_word' id='word_1_273' title='bbox 3344 1904 3473 1960; x_wconf 67' lang='lat' dir='ltr'><strong><em>quae</em></strong></span> <span class='ocrx_word' id='word_1_274' title='bbox 3499 1907 3627 1946; x_wconf 87' lang='lat' dir='ltr'><strong><em>cum</em></strong></span> <span class='ocrx_word' id='word_1_275' title='bbox 3656 1894 3809 1949; x_wconf 79' lang='lat' dir='ltr'><strong><em>toni-</em></strong></span> 
     </span>
    </p>
   </div>
   <div class='ocr_carea' id='block_1_34' title="bbox 364 1967 3804 2048">
    <p class='ocr_par' dir='ltr' id='par_1_34' title="bbox 364 1967 3804 2048">
     <span class='ocr_line' id='line_1_34' title="bbox 364 1967 3804 2048; baseline 0.001 -17"><span class='ocrx_word' id='word_1_276' title='bbox 364 1976 651 2032; x_wconf 91' lang='lat' dir='ltr'><strong><em>neratione</em></strong></span> <span class='ocrx_word' id='word_1_277' title='bbox 696 1979 752 2032; x_wconf 90' lang='lat' dir='ltr'><strong><em>et</em></strong></span> <span class='ocrx_word' id='word_1_278' title='bbox 797 1983 1168 2048; x_wconf 76' lang='lat' dir='ltr'><strong><em>corruptione.</em></strong></span> <span class='ocrx_word' id='word_1_279' title='bbox 1197 1974 1289 2029; x_wconf 87' lang='lat'><strong><em>92.</em></strong></span> <span class='ocrx_word' id='word_1_280' title='bbox 1320 1974 1395 2030; x_wconf 91' lang='lat' dir='ltr'><strong><em>De</em></strong></span> <span class='ocrx_word' id='word_1_281' title='bbox 1435 1974 1777 2044; x_wconf 82' lang='lat' dir='ltr'><strong><em>corporibus.</em></strong></span> <span class='ocrx_word' id='word_1_282' title='bbox 1815 1974 1903 2030; x_wconf 88' lang='lat'><strong><em>93.</em></strong></span> <span class='ocrx_word' id='word_1_283' title='bbox 1950 1976 2026 2033; x_wconf 87' lang='lat' dir='ltr'><strong><em>De</em></strong></span> <span class='ocrx_word' id='word_1_284' title='bbox 2053 1967 2098 1977; x_wconf 72' lang='grc'><strong><em>“’</em></strong></span> <span class='ocrx_word' id='word_1_285' title='bbox 2135 1972 2226 2020; x_wconf 75' lang='grc' dir='ltr'><strong><em>ινα</em></strong></span> <span class='ocrx_word' id='word_1_286' title='bbox 2275 1970 2330 2021; x_wconf 71' lang='grc' dir='ltr'><strong><em>εἰ</em></strong></span> <span class='ocrx_word' id='word_1_287' title='bbox 2383 1967 2602 2041; x_wconf 81' lang='lat' dir='ltr'><strong><em>fulgore</em></strong></span> <span class='ocrx_word' id='word_1_288' title='bbox 2664 1970 2945 2037; x_wconf 68' lang='lat' dir='ltr'><strong><em>decidunt,</em></strong></span> <span class='ocrx_word' id='word_1_289' title='bbox 3012 1989 3194 2043; x_wconf 78' lang='lat' dir='ltr'><strong><em>magis</em></strong></span> <span class='ocrx_word' id='word_1_290' title='bbox 3257 1979 3474 2034; x_wconf 86' lang='lat' dir='ltr'><strong><em>semina</em></strong></span> <span class='ocrx_word' id='word_1_291' title='bbox 3527 1981 3804 2039; x_wconf 82' lang='lat' dir='ltr'><strong><em>irrorant.</em></strong></span> 
     </span>
    </p>
   </div>
   <div class='ocr_carea' id='block_1_35' title="bbox 367 2063 2023 2136">
    <p class='ocr_par' dir='ltr' id='par_1_35' title="bbox 367 2063 2023 2136">
     <span class='ocr_line' id='line_1_35' title="bbox 367 2063 2023 2136; baseline 0.001 -16"><span class='ocrx_word' id='word_1_292' title='bbox 367 2065 637 2120; x_wconf 79' lang='lat' dir='ltr'><strong><em>minimis.</em></strong></span> <span class='ocrx_word' id='word_1_293' title='bbox 670 2065 761 2120; x_wconf 85' lang='lat'><strong><em>94.</em></strong></span> <span class='ocrx_word' id='word_1_294' title='bbox 799 2070 878 2122; x_wconf 91' lang='lat' dir='ltr'><strong><em>De</em></strong></span> <span class='ocrx_word' id='word_1_295' title='bbox 922 2063 1254 2136; x_wconf 75' lang='lat' dir='ltr'><strong><em>diﬂerentiis</em></strong></span> <span class='ocrx_word' id='word_1_296' title='bbox 1294 2063 1693 2133; x_wconf 85' lang='lat' dir='ltr'><strong><em>cognitionum.</em></strong></span> <span class='ocrx_word' id='word_1_297' title='bbox 1739 2064 1828 2118; x_wconf 88' lang='lat'><strong><em>95.</em></strong></span> <span class='ocrx_word' id='word_1_298' title='bbox 1870 2067 2023 2133; x_wconf 79' lang='lat' dir='ltr'><strong><em>Quo-</em></strong></span> 
     </span>
    </p>
   </div>
   <div class='ocr_carea' id='block_1_36' title="bbox 369 2152 2023 2225">
    <p class='ocr_par' dir='ltr' id='par_1_36' title="bbox 369 2152 2023 2225">
     <span class='ocr_line' id='line_1_36' title="bbox 369 2152 2023 2225; baseline 0 -16"><span class='ocrx_word' id='word_1_299' title='bbox 369 2153 527 2209; x_wconf 84' lang='lat' dir='ltr'><strong><em>modo</em></strong></span> <span class='ocrx_word' id='word_1_300' title='bbox 591 2170 707 2209; x_wconf 89' lang='lat' dir='ltr'><strong><em>non</em></strong></span> <span class='ocrx_word' id='word_1_301' title='bbox 771 2169 990 2225; x_wconf 89' lang='lat' dir='ltr'><strong><em>semper</em></strong></span> <span class='ocrx_word' id='word_1_302' title='bbox 1034 2154 1203 2208; x_wconf 89' lang='lat' dir='ltr'><strong><em>Deum</em></strong></span> <span class='ocrx_word' id='word_1_303' title='bbox 1263 2152 1686 2223; x_wconf 88' lang='lat' dir='ltr'><strong><em>participamus,</em></strong></span> <span class='ocrx_word' id='word_1_304' title='bbox 1739 2169 1864 2207; x_wconf 89' lang='lat' dir='ltr'><strong><em>cum</em></strong></span> <span class='ocrx_word' id='word_1_305' title='bbox 1910 2152 2023 2210; x_wconf 88' lang='lat' dir='ltr'><strong><em>ille</em></strong></span> 
     </span>
    </p>
   </div>
   <div class='ocr_carea' id='block_1_37' title="bbox 361 2241 2016 2314">
    <p class='ocr_par' dir='ltr' id='par_1_37' title="bbox 361 2241 2016 2314">
     <span class='ocr_line' id='line_1_37' title="bbox 361 2241 2016 2314; baseline 0.001 -16"><span class='ocrx_word' id='word_1_306' title='bbox 361 2257 582 2308; x_wconf 78' lang='lat' dir='ltr'><strong><em>semper</em></strong></span> <span class='ocrx_word' id='word_1_307' title='bbox 626 2248 900 2314; x_wconf 74' lang='lat' dir='ltr'><strong><em>operetur.</em></strong></span> <span class='ocrx_word' id='word_1_308' title='bbox 931 2242 1023 2297; x_wconf 92' lang='lat'><strong><em>96.</em></strong></span> <span class='ocrx_word' id='word_1_309' title='bbox 1055 2245 1241 2311; x_wconf 88' lang='lat' dir='ltr'><strong><em>Quare</em></strong></span> <span class='ocrx_word' id='word_1_310' title='bbox 1286 2241 1513 2296; x_wconf 89' lang='lat' dir='ltr'><strong><em>omnino</em></strong></span> <span class='ocrx_word' id='word_1_311' title='bbox 1559 2241 1772 2295; x_wconf 86' lang='lat' dir='ltr'><strong><em>malum</em></strong></span> <span class='ocrx_word' id='word_1_312' title='bbox 1800 2243 1893 2298; x_wconf 89' lang='lat' dir='ltr'><strong><em>sit.</em></strong></span> <span class='ocrx_word' id='word_1_313' title='bbox 1924 2242 2016 2299; x_wconf 87' lang='lat'><strong><em>97.</em></strong></span> 
     </span>
    </p>
   </div>
   <div class='ocr_carea' id='block_1_38' title="bbox 359 2338 2018 2411">
    <p class='ocr_par' dir='ltr' id='par_1_38' title="bbox 359 2338 2018 2411">
     <span class='ocr_line' id='line_1_38' title="bbox 359 2338 2018 2411; baseline 0.001 -16"><span class='ocrx_word' id='word_1_314' title='bbox 359 2340 679 2398; x_wconf 75' lang='lat' dir='ltr'><strong><em>Absolutius</em></strong></span> <span class='ocrx_word' id='word_1_315' title='bbox 726 2340 793 2398; x_wconf 89' lang='lat' dir='ltr'><strong><em>de</em></strong></span> <span class='ocrx_word' id='word_1_316' title='bbox 830 2339 1007 2397; x_wconf 82' lang='lat' dir='ltr'><strong><em>malo.</em></strong></span> <span class='ocrx_word' id='word_1_317' title='bbox 1039 2339 1131 2394; x_wconf 90' lang='lat'><strong><em>98.</em></strong></span> <span class='ocrx_word' id='word_1_318' title='bbox 1181 2338 1245 2395; x_wconf 89' lang='lat' dir='ltr'><strong><em>Si</em></strong></span> <span class='ocrx_word' id='word_1_319' title='bbox 1290 2342 1375 2394; x_wconf 90' lang='lat' dir='ltr'><strong><em>est</em></strong></span> <span class='ocrx_word' id='word_1_320' title='bbox 1420 2339 1484 2393; x_wconf 91' lang='lat' dir='ltr'><strong><em>in</em></strong></span> <span class='ocrx_word' id='word_1_321' title='bbox 1526 2340 1745 2407; x_wconf 80' lang='lat' dir='ltr'><strong><em>angelis</em></strong></span> <span class='ocrx_word' id='word_1_322' title='bbox 1790 2340 2018 2411; x_wconf 85' lang='lat' dir='ltr'><strong><em>aliquod</em></strong></span> 
     </span>
    </p>
   </div>
   <div class='ocr_carea' id='block_1_39' title="bbox 355 2429 2017 2499">
    <p class='ocr_par' dir='ltr' id='par_1_39' title="bbox 355 2429 2017 2499">
     <span class='ocr_line' id='line_1_39' title="bbox 355 2429 2017 2499; baseline 0.001 -14"><span class='ocrx_word' id='word_1_323' title='bbox 355 2430 587 2485; x_wconf 87' lang='lat' dir='ltr'><strong><em>malum.</em></strong></span> <span class='ocrx_word' id='word_1_324' title='bbox 639 2431 729 2485; x_wconf 92' lang='lat'><strong><em>99.</em></strong></span> <span class='ocrx_word' id='word_1_325' title='bbox 795 2429 857 2487; x_wconf 91' lang='lat' dir='ltr'><strong><em>Si</em></strong></span> <span class='ocrx_word' id='word_1_326' title='bbox 918 2431 981 2485; x_wconf 86' lang='lat' dir='ltr'><strong><em>in</em></strong></span> <span class='ocrx_word' id='word_1_327' title='bbox 1046 2429 1162 2485; x_wconf 91' lang='lat' dir='ltr'><strong><em>loco</em></strong></span> <span class='ocrx_word' id='word_1_328' title='bbox 1227 2430 1609 2499; x_wconf 88' lang='lat' dir='ltr'><strong><em>incorporeum</em></strong></span> <span class='ocrx_word' id='word_1_329' title='bbox 1654 2429 1746 2483; x_wconf 91' lang='lat' dir='ltr'><strong><em>sit.</em></strong></span> <span class='ocrx_word' id='word_1_330' title='bbox 1797 2429 1919 2485; x_wconf 92' lang='lat'><strong><em>100.</em></strong></span> <span class='ocrx_word' id='word_1_331' title='bbox 1955 2429 2017 2486; x_wconf 91' lang='lat' dir='ltr'><strong><em>Si</em></strong></span> 
     </span>
    </p>
   </div>
   <div class='ocr_carea' id='block_1_40' title="bbox 348 2515 2012 2576">
    <p class='ocr_par' dir='ltr' id='par_1_40' title="bbox 348 2515 2012 2576">
     <span class='ocr_line' id='line_1_40' title="bbox 348 2515 2012 2576; baseline -0.001 -2"><span class='ocrx_word' id='word_1_332' title='bbox 348 2518 564 2575; x_wconf 86' lang='lat' dir='ltr'><strong><em>malum</em></strong></span> <span class='ocrx_word' id='word_1_333' title='bbox 602 2521 865 2576; x_wconf 82' lang='lat' dir='ltr'><strong><em>materia.</em></strong></span> <span class='ocrx_word' id='word_1_334' title='bbox 919 2519 1042 2574; x_wconf 88' lang='lat'><strong><em>101.</em></strong></span> <span class='ocrx_word' id='word_1_335' title='bbox 1093 2518 1169 2573; x_wconf 90' lang='lat' dir='ltr'><strong><em>De</em></strong></span> <span class='ocrx_word' id='word_1_336' title='bbox 1217 2532 1408 2571; x_wconf 90' lang='lat' dir='ltr'><strong><em>rerum</em></strong></span> <span class='ocrx_word' id='word_1_337' title='bbox 1450 2515 1527 2570; x_wconf 88' lang='lat' dir='ltr'><strong><em>ad</em></strong></span> <span class='ocrx_word' id='word_1_338' title='bbox 1569 2516 1743 2571; x_wconf 89' lang='lat' dir='ltr'><strong><em>Deum</em></strong></span> <span class='ocrx_word' id='word_1_339' title='bbox 1789 2532 2012 2573; x_wconf 88' lang='lat' dir='ltr'><strong><em>conver-</em></strong></span> 
     </span>
    </p>
   </div>
   <div class='ocr_carea' id='block_1_41' title="bbox 346 2605 2011 2679">
    <p class='ocr_par' dir='ltr' id='par_1_41' title="bbox 346 2605 2011 2679">
     <span class='ocr_line' id='line_1_41' title="bbox 346 2605 2011 2679; baseline 0 -16"><span class='ocrx_word' id='word_1_340' title='bbox 346 2609 525 2664; x_wconf 91' lang='lat' dir='ltr'><strong><em>sione.</em></strong></span> <span class='ocrx_word' id='word_1_341' title='bbox 577 2609 700 2664; x_wconf 88' lang='lat'><strong><em>102.</em></strong></span> <span class='ocrx_word' id='word_1_342' title='bbox 752 2610 826 2664; x_wconf 91' lang='lat' dir='ltr'><strong><em>De</em></strong></span> <span class='ocrx_word' id='word_1_343' title='bbox 871 2615 1129 2679; x_wconf 82' lang='lat' dir='ltr'><strong><em>tempore.</em></strong></span> <span class='ocrx_word' id='word_1_344' title='bbox 1183 2606 1307 2661; x_wconf 90' lang='lat'><strong><em>103.</em></strong></span> <span class='ocrx_word' id='word_1_345' title='bbox 1340 2605 1415 2661; x_wconf 89' lang='lat' dir='ltr'><strong><em>De</em></strong></span> <span class='ocrx_word' id='word_1_346' title='bbox 1466 2613 1634 2660; x_wconf 91' lang='lat' dir='ltr'><strong><em>motu.</em></strong></span> <span class='ocrx_word' id='word_1_347' title='bbox 1663 2606 1783 2660; x_wconf 88' lang='grc'>104.</span> <span class='ocrx_word' id='word_1_348' title='bbox 1820 2608 1895 2663; x_wconf 89' lang='lat' dir='ltr'><strong><em>De</em></strong></span> <span class='ocrx_word' id='word_1_349' title='bbox 1922 2623 2011 2663; x_wconf 82' lang='lat' dir='ltr'><strong><em>ne-</em></strong></span> 
     </span>
    </p>
   </div>
   <div class='ocr_carea' id='block_1_42' title="bbox 346 2696 2007 2769">
    <p class='ocr_par' dir='ltr' id='par_1_42' title="bbox 346 2696 2007 2769">
     <span class='ocr_line' id='line_1_42' title="bbox 346 2696 2007 2769; baseline 0 -17"><span class='ocrx_word' id='word_1_350' title='bbox 346 2699 621 2754; x_wconf 85' lang='lat' dir='ltr'><strong><em>cessitate.</em></strong></span> <span class='ocrx_word' id='word_1_351' title='bbox 675 2697 798 2753; x_wconf 84' lang='lat'><strong><em>105.</em></strong></span> <span class='ocrx_word' id='word_1_352' title='bbox 852 2698 926 2753; x_wconf 89' lang='lat' dir='ltr'><strong><em>De</em></strong></span> <span class='ocrx_word' id='word_1_353' title='bbox 969 2699 1106 2769; x_wconf 90' lang='lat' dir='ltr'><strong><em>fato.</em></strong></span> <span class='ocrx_word' id='word_1_354' title='bbox 1152 2696 1276 2750; x_wconf 76' lang='lat'><strong><em>103.</em></strong></span> <span class='ocrx_word' id='word_1_355' title='bbox 1332 2699 1411 2751; x_wconf 90' lang='lat' dir='ltr'><strong><em>De</em></strong></span> <span class='ocrx_word' id='word_1_356' title='bbox 1479 2696 1705 2763; x_wconf 79' lang='lat' dir='ltr'><strong><em>fortuna</em></strong></span> <span class='ocrx_word' id='word_1_357' title='bbox 1760 2699 1811 2750; x_wconf 91' lang='lat' dir='ltr'><strong><em>et</em></strong></span> <span class='ocrx_word' id='word_1_358' title='bbox 1853 2710 2007 2752; x_wconf 93' lang='lat' dir='ltr'><strong><em>casu.</em></strong></span> 
     </span>
    </p>
   </div>
   <div class='ocr_carea' id='block_1_43' title="bbox 354 2783 2007 2857">
    <p class='ocr_par' dir='ltr' id='par_1_43' title="bbox 354 2783 2007 2857">
     <span class='ocr_line' id='line_1_43' title="bbox 354 2783 2007 2857; baseline -0.001 -16"><span class='ocrx_word' id='word_1_359' title='bbox 354 2786 480 2842; x_wconf 92' lang='lat'><strong><em>107.</em></strong></span> <span class='ocrx_word' id='word_1_360' title='bbox 514 2792 597 2843; x_wconf 92' lang='lat' dir='ltr'><strong><em>De</em></strong></span> <span class='ocrx_word' id='word_1_361' title='bbox 629 2787 839 2843; x_wconf 65' lang='lat' dir='ltr'><strong><em>saeculo</em></strong></span> <span class='ocrx_word' id='word_1_362' title='bbox 884 2791 935 2842; x_wconf 89' lang='lat' dir='ltr'><strong><em>et</em></strong></span> <span class='ocrx_word' id='word_1_363' title='bbox 983 2794 1248 2857; x_wconf 87' lang='lat' dir='ltr'><strong><em>tempore.</em></strong></span> <span class='ocrx_word' id='word_1_364' title='bbox 1304 2783 1427 2839; x_wconf 89' lang='lat'><strong><em>108.</em></strong></span> <span class='ocrx_word' id='word_1_365' title='bbox 1472 2784 1548 2838; x_wconf 88' lang='lat' dir='ltr'><strong><em>De</em></strong></span> <span class='ocrx_word' id='word_1_366' title='bbox 1593 2785 1838 2857; x_wconf 88' lang='lat' dir='ltr'><strong><em>quinque</em></strong></span> <span class='ocrx_word' id='word_1_367' title='bbox 1883 2803 2007 2841; x_wconf 85' lang='lat' dir='ltr'><strong><em>sen-</em></strong></span> 
     </span>
    </p>
   </div>
   <div class='ocr_carea' id='block_1_44' title="bbox 345 2873 2004 2944">
    <p class='ocr_par' dir='ltr' id='par_1_44' title="bbox 345 2873 2004 2944">
     <span class='ocr_line' id='line_1_44' title="bbox 345 2873 2004 2944; baseline 0.001 -15"><span class='ocrx_word' id='word_1_368' title='bbox 345 2874 517 2931; x_wconf 86' lang='lat' dir='ltr'><strong><em>sibus.</em></strong></span> <span class='ocrx_word' id='word_1_369' title='bbox 581 2876 703 2932; x_wconf 88' lang='lat'><strong><em>109.</em></strong></span> <span class='ocrx_word' id='word_1_370' title='bbox 756 2876 840 2931; x_wconf 84' lang='lat' dir='ltr'><strong><em>An</em></strong></span> <span class='ocrx_word' id='word_1_371' title='bbox 896 2889 1089 2930; x_wconf 87' lang='lat' dir='ltr'><strong><em>verum</em></strong></span> <span class='ocrx_word' id='word_1_372' title='bbox 1155 2875 1228 2928; x_wconf 89' lang='lat' dir='ltr'><strong><em>sit</em></strong></span> <span class='ocrx_word' id='word_1_373' title='bbox 1291 2873 1592 2929; x_wconf 87' lang='lat' dir='ltr'><strong><em>nonnullos</em></strong></span> <span class='ocrx_word' id='word_1_374' title='bbox 1645 2873 1926 2944; x_wconf 85' lang='lat' dir='ltr'><strong><em>fascinari</em></strong></span> <span class='ocrx_word' id='word_1_375' title='bbox 1968 2891 2004 2931; x_wconf 91' lang='lat' dir='ltr'><strong><em>a</em></strong></span> 
     </span>
    </p>
   </div>
   <div class='ocr_carea' id='block_1_45' title="bbox 345 2961 1999 3033">
    <p class='ocr_par' dir='ltr' id='par_1_45' title="bbox 345 2961 1999 3033">
     <span class='ocr_line' id='line_1_45' title="bbox 345 2961 1999 3033; baseline 0.001 -15"><span class='ocrx_word' id='word_1_376' title='bbox 345 2963 678 3020; x_wconf 82' lang='lat' dir='ltr'><strong><em>videntibus.</em></strong></span> <span class='ocrx_word' id='word_1_377' title='bbox 729 2964 852 3019; x_wconf 93' lang='lat'><strong><em>110.</em></strong></span> <span class='ocrx_word' id='word_1_378' title='bbox 903 2961 1179 3033; x_wconf 87' lang='lat' dir='ltr'><strong><em>Quomodo</em></strong></span> <span class='ocrx_word' id='word_1_379' title='bbox 1226 2961 1458 3033; x_wconf 90' lang='lat' dir='ltr'><strong><em>eclipses</em></strong></span> <span class='ocrx_word' id='word_1_380' title='bbox 1503 2962 1658 3031; x_wconf 80' lang='lat' dir='ltr'><strong><em>ﬁant.</em></strong></span> <span class='ocrx_word' id='word_1_381' title='bbox 1698 2962 1821 3019; x_wconf 93' lang='lat'><strong><em>111.</em></strong></span> <span class='ocrx_word' id='word_1_382' title='bbox 1857 2964 1999 3031; x_wconf 78' lang='lat' dir='ltr'><strong><em>Quo-</em></strong></span> 
     </span>
    </p>
   </div>
   <div class='ocr_carea' id='block_1_46' title="bbox 345 3051 2003 3124">
    <p class='ocr_par' dir='ltr' id='par_1_46' title="bbox 345 3051 2003 3124">
     <span class='ocr_line' id='line_1_46' title="bbox 345 3051 2003 3124; baseline 0.001 -17"><span class='ocrx_word' id='word_1_383' title='bbox 345 3051 504 3109; x_wconf 88' lang='lat' dir='ltr'><strong><em>modo</em></strong></span> <span class='ocrx_word' id='word_1_384' title='bbox 532 3068 719 3109; x_wconf 81' lang='lat' dir='ltr'><strong><em>mares</em></strong></span> <span class='ocrx_word' id='word_1_385' title='bbox 742 3060 794 3109; x_wconf 89' lang='lat' dir='ltr'><strong><em>et</em></strong></span> <span class='ocrx_word' id='word_1_386' title='bbox 819 3053 1041 3123; x_wconf 64' lang='lat' dir='ltr'><strong><em>feminae</em></strong></span> <span class='ocrx_word' id='word_1_387' title='bbox 1086 3055 1447 3124; x_wconf 87' lang='lat' dir='ltr'><strong><em>generentur.</em></strong></span> <span class='ocrx_word' id='word_1_388' title='bbox 1496 3052 1618 3105; x_wconf 94' lang='lat'><strong><em>112.</em></strong></span> <span class='ocrx_word' id='word_1_389' title='bbox 1655 3051 1834 3120; x_wconf 88' lang='lat' dir='ltr'><strong><em>Quare</em></strong></span> <span class='ocrx_word' id='word_1_390' title='bbox 1880 3070 2003 3109; x_wconf 84' lang='lat' dir='ltr'><strong><em>mu-</em></strong></span> 
     </span>
    </p>
   </div>
   <div class='ocr_carea' id='block_1_47' title="bbox 345 3141 2003 3215">
    <p class='ocr_par' dir='ltr' id='par_1_47' title="bbox 345 3141 2003 3215">
     <span class='ocr_line' id='line_1_47' title="bbox 345 3141 2003 3215; baseline 0.001 -19"><span class='ocrx_word' id='word_1_391' title='bbox 345 3141 453 3197; x_wconf 91' lang='lat' dir='ltr'><strong><em>lier</em></strong></span> <span class='ocrx_word' id='word_1_392' title='bbox 479 3143 681 3215; x_wconf 66' lang='lat' dir='ltr'><strong><em>szpius</em></strong></span> <span class='ocrx_word' id='word_1_393' title='bbox 710 3143 894 3198; x_wconf 87' lang='lat' dir='ltr'><strong><em>virum</em></strong></span> <span class='ocrx_word' id='word_1_394' title='bbox 923 3146 1153 3213; x_wconf 72' lang='lat' dir='ltr'><strong><em>experta</em></strong></span> <span class='ocrx_word' id='word_1_395' title='bbox 1182 3155 1291 3196; x_wconf 89' lang='lat' dir='ltr'><strong><em>non</em></strong></span> <span class='ocrx_word' id='word_1_396' title='bbox 1339 3141 1595 3211; x_wconf 88' lang='lat' dir='ltr'><strong><em>concipit.</em></strong></span> <span class='ocrx_word' id='word_1_397' title='bbox 1638 3141 1762 3196; x_wconf 90' lang='lat'><strong><em>113.</em></strong></span> <span class='ocrx_word' id='word_1_398' title='bbox 1808 3146 2003 3213; x_wconf 82' lang='lat' dir='ltr'><strong><em>Quare</em></strong></span> 
     </span>
    </p>
   </div>
   <div class='ocr_carea' id='block_1_48' title="bbox 339 3228 1997 3305">
    <p class='ocr_par' dir='ltr' id='par_1_48' title="bbox 339 3228 1997 3305">
     <span class='ocr_line' id='line_1_48' title="bbox 339 3228 1997 3305; baseline 0 -18"><span class='ocrx_word' id='word_1_399' title='bbox 339 3232 553 3305; x_wconf 73' lang='lat' dir='ltr'><strong><em>gemini</em></strong></span> <span class='ocrx_word' id='word_1_400' title='bbox 580 3236 633 3287; x_wconf 88' lang='lat' dir='ltr'><strong><em>et</em></strong></span> <span class='ocrx_word' id='word_1_401' title='bbox 661 3232 955 3302; x_wconf 84' lang='lat' dir='ltr'><strong><em>tergemini</em></strong></span> <span class='ocrx_word' id='word_1_402' title='bbox 999 3237 1320 3287; x_wconf 86' lang='lat' dir='ltr'><strong><em>nascuntur.</em></strong></span> <span class='ocrx_word' id='word_1_403' title='bbox 1356 3229 1476 3284; x_wconf 88' lang='lat'><strong><em>114.</em></strong></span> <span class='ocrx_word' id='word_1_404' title='bbox 1515 3228 1668 3286; x_wconf 86' lang='lat' dir='ltr'><strong><em>Unde</em></strong></span> <span class='ocrx_word' id='word_1_405' title='bbox 1703 3240 1997 3301; x_wconf 88' lang='lat' dir='ltr'><strong><em>parentum</em></strong></span> 
     </span>
    </p>
   </div>
   <div class='ocr_carea' id='block_1_49' title="bbox 2131 2054 3791 2139">
    <p class='ocr_par' dir='ltr' id='par_1_49' title="bbox 2131 2054 3791 2139">
     <span class='ocr_line' id='line_1_49' title="bbox 2131 2054 3791 2139; baseline 0.011 -30"><span class='ocrx_word' id='word_1_406' title='bbox 2131 2054 2256 2110; x_wconf 84' lang='lat'><strong><em>174.</em></strong></span> <span class='ocrx_word' id='word_1_407' title='bbox 2322 2057 2398 2112; x_wconf 88' lang='lat' dir='ltr'><strong><em>De</em></strong></span> <span class='ocrx_word' id='word_1_408' title='bbox 2464 2059 2748 2114; x_wconf 91' lang='lat' dir='ltr'><strong><em>nonnullis</em></strong></span> <span class='ocrx_word' id='word_1_409' title='bbox 2816 2061 3063 2118; x_wconf 82' lang='lat' dir='ltr'><strong><em>lacubus.</em></strong></span> <span class='ocrx_word' id='word_1_410' title='bbox 3129 2065 3255 2121; x_wconf 86' lang='lat'><strong><em>175.</em></strong></span> <span class='ocrx_word' id='word_1_411' title='bbox 3315 2067 3389 2123; x_wconf 90' lang='lat' dir='ltr'><strong><em>De</em></strong></span> <span class='ocrx_word' id='word_1_412' title='bbox 3441 2070 3791 2139; x_wconf 87' lang='lat' dir='ltr'><strong><em>ﬂuminibus.</em></strong></span> 
     </span>
    </p>
   </div>
   <div class='ocr_carea' id='block_1_50' title="bbox 2128 2141 3797 2228">
    <p class='ocr_par' dir='ltr' id='par_1_50' title="bbox 2128 2141 3797 2228">
     <span class='ocr_line' id='line_1_50' title="bbox 2128 2141 3797 2228; baseline 0.011 -30"><span class='ocrx_word' id='word_1_413' title='bbox 2128 2141 2253 2199; x_wconf 88' lang='lat'><strong><em>176.</em></strong></span> <span class='ocrx_word' id='word_1_414' title='bbox 2296 2145 2373 2200; x_wconf 90' lang='lat' dir='ltr'><strong><em>De</em></strong></span> <span class='ocrx_word' id='word_1_415' title='bbox 2420 2146 2539 2202; x_wconf 80' lang='lat' dir='ltr'><strong><em>Nili</em></strong></span> <span class='ocrx_word' id='word_1_416' title='bbox 2586 2149 2945 2207; x_wconf 89' lang='lat' dir='ltr'><strong><em>incremento.</em></strong></span> <span class='ocrx_word' id='word_1_417' title='bbox 2982 2151 3105 2207; x_wconf 89' lang='lat'><strong><em>177.</em></strong></span> <span class='ocrx_word' id='word_1_418' title='bbox 3138 2153 3323 2221; x_wconf 89' lang='lat' dir='ltr'><strong><em>Quare</em></strong></span> <span class='ocrx_word' id='word_1_419' title='bbox 3369 2157 3525 2211; x_wconf 85' lang='lat' dir='ltr'><strong><em>inter</em></strong></span> <span class='ocrx_word' id='word_1_420' title='bbox 3556 2159 3797 2228; x_wconf 79' lang='lat' dir='ltr'><strong><em>flumina</em></strong></span> 
     </span>
    </p>
   </div>
   <div class='ocr_carea' id='block_1_51' title="bbox 2126 2231 3790 2310">
    <p class='ocr_par' dir='ltr' id='par_1_51' title="bbox 2126 2231 3790 2310">
     <span class='ocr_line' id='line_1_51' title="bbox 2126 2231 3790 2310; baseline 0.011 -23"><span class='ocrx_word' id='word_1_421' title='bbox 2126 2231 2285 2288; x_wconf 85' lang='lat' dir='ltr'><strong><em>Nilus</em></strong></span> <span class='ocrx_word' id='word_1_422' title='bbox 2315 2233 2463 2290; x_wconf 90' lang='lat' dir='ltr'><strong><em>solus</em></strong></span> <span class='ocrx_word' id='word_1_423' title='bbox 2494 2239 2679 2295; x_wconf 86' lang='lat' dir='ltr'><strong><em>ventos</em></strong></span> <span class='ocrx_word' id='word_1_424' title='bbox 2728 2253 2840 2293; x_wconf 88' lang='lat' dir='ltr'><strong><em>non</em></strong></span> <span class='ocrx_word' id='word_1_425' title='bbox 2886 2241 3064 2310; x_wconf 86' lang='lat' dir='ltr'><strong><em>efﬂat.</em></strong></span> <span class='ocrx_word' id='word_1_426' title='bbox 3100 2242 3224 2299; x_wconf 92' lang='lat'><strong><em>178.</em></strong></span> <span class='ocrx_word' id='word_1_427' title='bbox 3270 2244 3344 2299; x_wconf 92' lang='lat' dir='ltr'><strong><em>De</em></strong></span> <span class='ocrx_word' id='word_1_428' title='bbox 3388 2247 3655 2304; x_wconf 74' lang='lat' dir='ltr'><strong><em>maximis</em></strong></span> <span class='ocrx_word' id='word_1_429' title='bbox 3699 2263 3790 2305; x_wconf 89' lang='lat' dir='ltr'><strong><em>re-</em></strong></span> 
     </span>
    </p>
   </div>
   <div class='ocr_carea' id='block_1_52' title="bbox 2123 2322 3801 2413">
    <p class='ocr_par' dir='ltr' id='par_1_52' title="bbox 2123 2322 3801 2413">
     <span class='ocr_line' id='line_1_52' title="bbox 2123 2322 3801 2413; baseline 0.013 -40"><span class='ocrx_word' id='word_1_430' title='bbox 2123 2322 2272 2389; x_wconf 88' lang='lat' dir='ltr'><strong><em>gnis.</em></strong></span> <span class='ocrx_word' id='word_1_431' title='bbox 2298 2323 2419 2379; x_wconf 90' lang='lat'><strong><em>179.</em></strong></span> <span class='ocrx_word' id='word_1_432' title='bbox 2455 2325 2528 2380; x_wconf 90' lang='lat' dir='ltr'><strong><em>De</em></strong></span> <span class='ocrx_word' id='word_1_433' title='bbox 2566 2324 2906 2383; x_wconf 82' lang='lat' dir='ltr'><strong><em>humoribus.</em></strong></span> <span class='ocrx_word' id='word_1_434' title='bbox 2943 2329 3065 2385; x_wconf 88' lang='lat'><strong><em>180.</em></strong></span> <span class='ocrx_word' id='word_1_435' title='bbox 3100 2331 3283 2400; x_wconf 88' lang='lat' dir='ltr'><strong><em>Quare</em></strong></span> <span class='ocrx_word' id='word_1_436' title='bbox 3307 2342 3551 2404; x_wconf 83' lang='lat' dir='ltr'><strong><em>pastores</em></strong></span> <span class='ocrx_word' id='word_1_437' title='bbox 3599 2353 3801 2413; x_wconf 57' lang='lat' dir='ltr'><strong><em>recens</em></strong></span> 
     </span>
    </p>
   </div>
   <div class='ocr_carea' id='block_1_53' title="bbox 2122 2413 3795 2499">
    <p class='ocr_par' dir='ltr' id='par_1_53' title="bbox 2122 2413 3795 2499">
     <span class='ocr_line' id='line_1_53' title="bbox 2122 2413 3795 2499; baseline 0.011 -35"><span class='ocrx_word' id='word_1_438' title='bbox 2122 2413 2270 2465; x_wconf 75' lang='lat' dir='ltr'><strong><em>natis</em></strong></span> <span class='ocrx_word' id='word_1_439' title='bbox 2299 2414 2681 2470; x_wconf 87' lang='lat' dir='ltr'><strong><em>animantibus</em></strong></span> <span class='ocrx_word' id='word_1_440' title='bbox 2722 2417 2807 2471; x_wconf 90' lang='lat' dir='ltr'><strong><em>sal</em></strong></span> <span class='ocrx_word' id='word_1_441' title='bbox 2854 2419 3200 2489; x_wconf 83' lang='lat' dir='ltr'><strong><em>inspergunt.</em></strong></span> <span class='ocrx_word' id='word_1_442' title='bbox 3229 2421 3354 2478; x_wconf 90' lang='lat'><strong><em>181.</em></strong></span> <span class='ocrx_word' id='word_1_443' title='bbox 3399 2424 3582 2492; x_wconf 88' lang='lat' dir='ltr'><strong><em>Quare</em></strong></span> <span class='ocrx_word' id='word_1_444' title='bbox 3619 2428 3795 2499; x_wconf 82' lang='lat' dir='ltr'><strong><em>poly-</em></strong></span> 
     </span>
    </p>
   </div>
   <div class='ocr_carea' id='block_1_54' title="bbox 2116 2502 3790 2583">
    <p class='ocr_par' dir='ltr' id='par_1_54' title="bbox 2116 2502 3790 2583">
     <span class='ocr_line' id='line_1_54' title="bbox 2116 2502 3790 2583; baseline 0.011 -30"><span class='ocrx_word' id='word_1_445' title='bbox 2116 2515 2224 2570; x_wconf 79' lang='lat' dir='ltr'><strong><em>pus</em></strong></span> <span class='ocrx_word' id='word_1_446' title='bbox 2272 2502 2509 2557; x_wconf 89' lang='lat' dir='ltr'><strong><em>colorem</em></strong></span> <span class='ocrx_word' id='word_1_447' title='bbox 2552 2520 2837 2573; x_wconf 69' lang='lat' dir='ltr'><strong><em>saxorum,</em></strong></span> <span class='ocrx_word' id='word_1_448' title='bbox 2882 2508 3082 2577; x_wconf 85' lang='lat' dir='ltr'><strong><em>quibus</em></strong></span> <span class='ocrx_word' id='word_1_449' title='bbox 3119 2525 3234 2566; x_wconf 90' lang='lat' dir='ltr'><strong><em>sese</em></strong></span> <span class='ocrx_word' id='word_1_450' title='bbox 3275 2512 3666 2583; x_wconf 83' lang='lat' dir='ltr'><strong><em>applicaverit,</em></strong></span> <span class='ocrx_word' id='word_1_451' title='bbox 3698 2518 3790 2572; x_wconf 82' lang='lat' dir='ltr'><strong><em>in-</em></strong></span> 
     </span>
    </p>
   </div>
   <div class='ocr_carea' id='block_1_55' title="bbox 2119 2587 3789 2665">
    <p class='ocr_par' dir='ltr' id='par_1_55' title="bbox 2119 2587 3789 2665">
     <span class='ocr_line' id='line_1_55' title="bbox 2119 2587 3789 2665; baseline 0.012 -24"><span class='ocrx_word' id='word_1_452' title='bbox 2119 2587 2276 2643; x_wconf 89' lang='lat' dir='ltr'><strong><em>duat.</em></strong></span> <span class='ocrx_word' id='word_1_453' title='bbox 2347 2589 2468 2645; x_wconf 89' lang='lat'><strong><em>182.</em></strong></span> <span class='ocrx_word' id='word_1_454' title='bbox 2548 2593 2730 2660; x_wconf 89' lang='lat' dir='ltr'><strong><em>Quare</em></strong></span> <span class='ocrx_word' id='word_1_455' title='bbox 2796 2597 2987 2665; x_wconf 89' lang='lat' dir='ltr'><strong><em>palma</em></strong></span> <span class='ocrx_word' id='word_1_456' title='bbox 3041 2613 3189 2656; x_wconf 67' lang='lat' dir='ltr'><strong><em>ursae</em></strong></span> <span class='ocrx_word' id='word_1_457' title='bbox 3254 2600 3325 2654; x_wconf 82' lang='lat' dir='ltr'><strong><em>ad</em></strong></span> <span class='ocrx_word' id='word_1_458' title='bbox 3386 2604 3789 2661; x_wconf 87' lang='lat' dir='ltr'><strong><em>comedendum</em></strong></span> 
     </span>
    </p>
   </div>
   <div class='ocr_carea' id='block_1_56' title="bbox 2117 2679 3787 2763">
    <p class='ocr_par' dir='ltr' id='par_1_56' title="bbox 2117 2679 3787 2763">
     <span class='ocr_line' id='line_1_56' title="bbox 2117 2679 3787 2763; baseline 0.013 -32"><span class='ocrx_word' id='word_1_459' title='bbox 2117 2679 2451 2734; x_wconf 83' lang='lat' dir='ltr'><strong><em>suavissima</em></strong></span> <span class='ocrx_word' id='word_1_460' title='bbox 2505 2686 2607 2736; x_wconf 90' lang='lat' dir='ltr'><strong><em>est.</em></strong></span> <span class='ocrx_word' id='word_1_461' title='bbox 2672 2683 2795 2738; x_wconf 86' lang='lat'><strong><em>183.</em></strong></span> <span class='ocrx_word' id='word_1_462' title='bbox 2864 2688 3061 2756; x_wconf 82' lang='lat' dir='ltr'><strong><em>Quare</em></strong></span> <span class='ocrx_word' id='word_1_463' title='bbox 3119 2688 3406 2746; x_wconf 85' lang='lat' dir='ltr'><strong><em>Dorienses</em></strong></span> <span class='ocrx_word' id='word_1_464' title='bbox 3478 2704 3787 2763; x_wconf 89' lang='lat' dir='ltr'><strong><em>precantur</em></strong></span> 
     </span>
    </p>
   </div>
   <div class='ocr_carea' id='block_1_57' title="bbox 2116 2766 3780 2854">
    <p class='ocr_par' dir='ltr' id='par_1_57' title="bbox 2116 2766 3780 2854">
     <span class='ocr_line' id='line_1_57' title="bbox 2116 2766 3780 2854; baseline 0.011 -33"><span class='ocrx_word' id='word_1_465' title='bbox 2116 2770 2327 2822; x_wconf 89' lang='lat' dir='ltr'><strong><em>malum</em></strong></span> <span class='ocrx_word' id='word_1_466' title='bbox 2354 2766 2653 2825; x_wconf 82' lang='lat' dir='ltr'><strong><em>herbarum</em></strong></span> <span class='ocrx_word' id='word_1_467' title='bbox 2679 2778 3032 2844; x_wconf 80' lang='lat' dir='ltr'><strong><em>proventum.</em></strong></span> <span class='ocrx_word' id='word_1_468' title='bbox 3066 2777 3188 2831; x_wconf 88' lang='grc'>184.</span> <span class='ocrx_word' id='word_1_469' title='bbox 3224 2778 3406 2846; x_wconf 90' lang='lat' dir='ltr'><strong><em>Quare</em></strong></span> <span class='ocrx_word' id='word_1_470' title='bbox 3434 2796 3572 2837; x_wconf 87' lang='lat' dir='ltr'><strong><em>ursa</em></strong></span> <span class='ocrx_word' id='word_1_471' title='bbox 3593 2790 3780 2854; x_wconf 90' lang='lat' dir='ltr'><strong><em>capta,</em></strong></span> 
     </span>
    </p>
   </div>
   <div class='ocr_carea' id='block_1_58' title="bbox 2118 2860 3777 2944">
    <p class='ocr_par' dir='ltr' id='par_1_58' title="bbox 2118 2860 3777 2944">
     <span class='ocr_line' id='line_1_58' title="bbox 2118 2860 3777 2944; baseline 0.013 -36"><span class='ocrx_word' id='word_1_472' title='bbox 2118 2864 2232 2910; x_wconf 90' lang='lat' dir='ltr'><strong><em>rete</em></strong></span> <span class='ocrx_word' id='word_1_473' title='bbox 2278 2872 2390 2912; x_wconf 88' lang='lat' dir='ltr'><strong><em>non</em></strong></span> <span class='ocrx_word' id='word_1_474' title='bbox 2443 2860 2698 2916; x_wconf 87' lang='lat' dir='ltr'><strong><em>comedit.</em></strong></span> <span class='ocrx_word' id='word_1_475' title='bbox 2753 2864 2877 2917; x_wconf 71' lang='lat'><strong><em>185.</em></strong></span> <span class='ocrx_word' id='word_1_476' title='bbox 2928 2864 3111 2932; x_wconf 90' lang='lat' dir='ltr'><strong><em>Quare</em></strong></span> <span class='ocrx_word' id='word_1_477' title='bbox 3153 2866 3321 2935; x_wconf 84' lang='lat' dir='ltr'><strong><em>latigo</em></strong></span> <span class='ocrx_word' id='word_1_478' title='bbox 3389 2870 3510 2926; x_wconf 91' lang='lat' dir='ltr'><strong><em>visa</em></strong></span> <span class='ocrx_word' id='word_1_479' title='bbox 3573 2880 3777 2944; x_wconf 83' lang='lat' dir='ltr'><strong><em>tempe-</em></strong></span> 
     </span>
    </p>
   </div>
   <div class='ocr_carea' id='block_1_59' title="bbox 2115 2946 3773 3034">
    <p class='ocr_par' dir='ltr' id='par_1_59' title="bbox 2115 2946 3773 3034">
     <span class='ocr_line' id='line_1_59' title="bbox 2115 2946 3773 3034; baseline 0.013 -36"><span class='ocrx_word' id='word_1_480' title='bbox 2115 2946 2308 3034; x_wconf 83' lang='lat' dir='ltr'><strong><em>statem</em></strong></span> <span class='ocrx_word' id='word_1_481' title='bbox 2364 2950 2660 3021; x_wconf 68' lang='lat' dir='ltr'><strong><em>praesagit.</em></strong></span> <span class='ocrx_word' id='word_1_482' title='bbox 2715 2950 2837 3005; x_wconf 88' lang='lat'><strong><em>186.</em></strong></span> <span class='ocrx_word' id='word_1_483' title='bbox 2897 2952 3080 3016; x_wconf 88' lang='lat' dir='ltr'><strong><em>Quare</em></strong></span> <span class='ocrx_word' id='word_1_484' title='bbox 3142 2956 3391 3011; x_wconf 88' lang='lat' dir='ltr'><strong><em>triticum</em></strong></span> <span class='ocrx_word' id='word_1_485' title='bbox 3450 2960 3513 3014; x_wconf 89' lang='lat' dir='ltr'><strong><em>in</em></strong></span> <span class='ocrx_word' id='word_1_486' title='bbox 3571 2960 3773 3034; x_wconf 89' lang='lat' dir='ltr'><strong><em>lutosa,</em></strong></span> 
     </span>
    </p>
   </div>
   <div class='ocr_carea' id='block_1_60' title="bbox 2113 3032 3776 3119">
    <p class='ocr_par' dir='ltr' id='par_1_60' title="bbox 2113 3032 3776 3119">
     <span class='ocr_line' id='line_1_60' title="bbox 2113 3032 3776 3119; baseline 0.012 -32"><span class='ocrx_word' id='word_1_487' title='bbox 2113 3032 2379 3091; x_wconf 87' lang='lat' dir='ltr'><strong><em>hordeum</em></strong></span> <span class='ocrx_word' id='word_1_488' title='bbox 2440 3040 2502 3092; x_wconf 89' lang='lat' dir='ltr'><strong><em>in</em></strong></span> <span class='ocrx_word' id='word_1_489' title='bbox 2557 3039 2723 3094; x_wconf 79' lang='lat' dir='ltr'><strong><em>arida</em></strong></span> <span class='ocrx_word' id='word_1_490' title='bbox 2780 3044 2931 3097; x_wconf 86' lang='lat' dir='ltr'><strong><em>terra</em></strong></span> <span class='ocrx_word' id='word_1_491' title='bbox 2997 3045 3359 3101; x_wconf 90' lang='lat' dir='ltr'><strong><em>seminamus.</em></strong></span> <span class='ocrx_word' id='word_1_492' title='bbox 3419 3048 3536 3103; x_wconf 89' lang='lat'><strong><em>187.</em></strong></span> <span class='ocrx_word' id='word_1_493' title='bbox 3594 3032 3776 3119; x_wconf 86' lang='lat' dir='ltr'><strong><em>Quare</em></strong></span> 
     </span>
    </p>
   </div>
   <div class='ocr_carea' id='block_1_61' title="bbox 2112 3124 3770 3205">
    <p class='ocr_par' dir='ltr' id='par_1_61' title="bbox 2112 3124 3770 3205">
     <span class='ocr_line' id='line_1_61' title="bbox 2112 3124 3770 3205; baseline 0.012 -29"><span class='ocrx_word' id='word_1_494' title='bbox 2112 3124 2239 3177; x_wconf 87' lang='lat' dir='ltr'><strong><em>vitis</em></strong></span> <span class='ocrx_word' id='word_1_495' title='bbox 2268 3125 2416 3191; x_wconf 87' lang='lat' dir='ltr'><strong><em>vino,</em></strong></span> <span class='ocrx_word' id='word_1_496' title='bbox 2447 3135 2498 3181; x_wconf 95' lang='lat' dir='ltr'><strong><em>et</em></strong></span> <span class='ocrx_word' id='word_1_497' title='bbox 2522 3130 2802 3199; x_wconf 63' lang='lat' dir='ltr'><strong><em>prxcipue</em></strong></span> <span class='ocrx_word' id='word_1_498' title='bbox 2823 3130 2874 3184; x_wconf 89' lang='lat' dir='ltr'><strong><em>si</em></strong></span> <span class='ocrx_word' id='word_1_499' title='bbox 2900 3145 3019 3198; x_wconf 91' lang='lat' dir='ltr'><strong><em>suo,</em></strong></span> <span class='ocrx_word' id='word_1_500' title='bbox 3056 3145 3402 3205; x_wconf 84' lang='lat' dir='ltr'><strong><em>aspergatur,</em></strong></span> <span class='ocrx_word' id='word_1_501' title='bbox 3435 3139 3770 3196; x_wconf 69' lang='lat' dir='ltr'><strong><em>exsiccetur.</em></strong></span> 
     </span>
    </p>
   </div>
   <div class='ocr_carea' id='block_1_62' title="bbox 2112 3212 3771 3289">
    <p class='ocr_par' dir='ltr' id='par_1_62' title="bbox 2112 3212 3771 3289">
     <span class='ocr_line' id='line_1_62' title="bbox 2112 3212 3771 3289; baseline 0.012 -24"><span class='ocrx_word' id='word_1_502' title='bbox 2112 3212 2234 3267; x_wconf 71' lang='lat'><strong><em>188.</em></strong></span> <span class='ocrx_word' id='word_1_503' title='bbox 2252 3213 2433 3281; x_wconf 87' lang='lat' dir='ltr'><strong><em>Quare</em></strong></span> <span class='ocrx_word' id='word_1_504' title='bbox 2451 3230 2593 3272; x_wconf 69' lang='lat' dir='ltr'><strong><em>rosa:</em></strong></span> <span class='ocrx_word' id='word_1_505' title='bbox 2609 3219 2783 3286; x_wconf 89' lang='lat' dir='ltr'><strong><em>magis</em></strong></span> <span class='ocrx_word' id='word_1_506' title='bbox 2800 3220 3167 3289; x_wconf 86' lang='lat' dir='ltr'><strong><em>efﬂorescunt,</em></strong></span> <span class='ocrx_word' id='word_1_507' title='bbox 3182 3224 3234 3277; x_wconf 90' lang='lat' dir='ltr'><strong><em>si</em></strong></span> <span class='ocrx_word' id='word_1_508' title='bbox 3249 3225 3400 3281; x_wconf 90' lang='lat' dir='ltr'><strong><em>male</em></strong></span> <span class='ocrx_word' id='word_1_509' title='bbox 3420 3226 3637 3283; x_wconf 90' lang='lat' dir='ltr'><strong><em>olentia</em></strong></span> <span class='ocrx_word' id='word_1_510' title='bbox 3660 3245 3771 3285; x_wconf 89' lang='lat' dir='ltr'><strong><em>una</em></strong></span> 
     </span>
    </p>
   </div>
   <div class='ocr_carea' id='block_1_63' title="bbox 335 3278 1995 3389">
    <p class='ocr_par' dir='ltr' id='par_1_63' title="bbox 335 3278 1995 3387">
     <span class='ocr_line' id='line_1_63' title="bbox 335 3278 1995 3387; baseline 0.002 -13"><span class='ocrx_word' id='word_1_511' title='bbox 335 3278 887 3377; x_wconf 59' lang='grc' dir='ltr'><strong><em>ἷὶιῆὲῖἑὶαἷιὲνὶἑῗέἷ</em></strong></span> <span class='ocrx_word' id='word_1_512' title='bbox 921 3278 1414 3376; x_wconf 45' lang='lat' dir='ltr'><strong><em>austum-mam.</em></strong></span> <span class='ocrx_word' id='word_1_513' title='bbox 1479 3318 1637 3387; x_wconf 80' lang='lat' dir='ltr'><strong><em>ﬁant.</em></strong></span> <span class='ocrx_word' id='word_1_514' title='bbox 1703 3278 1838 3375; x_wconf 72' lang='lat' dir='ltr'><strong><em>’us.</em></strong></span> <span class='ocrx_word' id='word_1_515' title='bbox 1910 3321 1995 3377; x_wconf 81' lang='lat' dir='ltr'><strong><em>An</em></strong></span> 
     </span>
    </p>
   </div>
   <div class='ocr_carea' id='block_1_64' title="bbox 2104 3278 3769 3389">
    <p class='ocr_par' dir='ltr' id='par_1_64' title="bbox 2105 3303 3769 3389">
     <span class='ocr_line' id='line_1_64' title="bbox 2105 3303 3769 3389; baseline 0.011 -34"><span class='ocrx_word' id='word_1_516' title='bbox 2105 3317 2232 3355; x_wconf 89' lang='lat' dir='ltr'><strong><em>cum</em></strong></span> <span class='ocrx_word' id='word_1_517' title='bbox 2258 3303 2391 3373; x_wconf 84' lang='lat' dir='ltr'><strong><em>ipsis</em></strong></span> <span class='ocrx_word' id='word_1_518' title='bbox 2420 3304 2844 3361; x_wconf 88' lang='lat' dir='ltr'><strong><em>inseminentur.</em></strong></span> <span class='ocrx_word' id='word_1_519' title='bbox 2882 3308 3003 3364; x_wconf 84' lang='lat'><strong><em>189.</em></strong></span> <span class='ocrx_word' id='word_1_520' title='bbox 3036 3310 3217 3378; x_wconf 87' lang='lat' dir='ltr'><strong><em>Quare</em></strong></span> <span class='ocrx_word' id='word_1_521' title='bbox 3264 3328 3563 3383; x_wconf 75' lang='lat' dir='ltr'><strong><em>porcorum</em></strong></span> <span class='ocrx_word' id='word_1_522' title='bbox 3608 3334 3769 3389; x_wconf 88' lang='lat' dir='ltr'><strong><em>agre-</em></strong></span> 
     </span>
    </p>
   </div>
   <div class='ocr_carea' id='block_1_65' title="bbox 333 3409 1991 3483">
    <p class='ocr_par' dir='ltr' id='par_1_65' title="bbox 333 3409 1991 3483">
     <span class='ocr_line' id='line_1_65' title="bbox 333 3409 1991 3483; baseline 0.001 -18"><span class='ocrx_word' id='word_1_523' title='bbox 333 3409 626 3483; x_wconf 79' lang='lat' dir='ltr'><strong><em>embrgum</em></strong></span> <span class='ocrx_word' id='word_1_524' title='bbox 653 3410 867 3465; x_wconf 86' lang='lat' dir='ltr'><strong><em>animal</em></strong></span> <span class='ocrx_word' id='word_1_525' title='bbox 892 3410 988 3475; x_wconf 87' lang='lat' dir='ltr'><strong><em>sit,</em></strong></span> <span class='ocrx_word' id='word_1_526' title='bbox 1016 3412 1071 3464; x_wconf 91' lang='lat' dir='ltr'><strong><em>et</em></strong></span> <span class='ocrx_word' id='word_1_527' title='bbox 1098 3424 1205 3480; x_wconf 88' lang='lat' dir='ltr'><strong><em>qua</em></strong></span> <span class='ocrx_word' id='word_1_528' title='bbox 1248 3409 1467 3463; x_wconf 87' lang='lat' dir='ltr'><strong><em>ratione</em></strong></span> <span class='ocrx_word' id='word_1_529' title='bbox 1510 3409 1822 3464; x_wconf 90' lang='lat' dir='ltr'><strong><em>nutriatur.</em></strong></span> <span class='ocrx_word' id='word_1_530' title='bbox 1868 3410 1991 3467; x_wconf 89' lang='lat'><strong><em>116.</em></strong></span> 
     </span>
    </p>
   </div>
   <div class='ocr_carea' id='block_1_66' title="bbox 333 3498 1989 3570">
    <p class='ocr_par' dir='ltr' id='par_1_66' title="bbox 333 3498 1989 3570">
     <span class='ocr_line' id='line_1_66' title="bbox 333 3498 1989 3570; baseline 0.002 -17"><span class='ocrx_word' id='word_1_531' title='bbox 333 3498 607 3566; x_wconf 88' lang='lat' dir='ltr'><strong><em>Quomodo</em></strong></span> <span class='ocrx_word' id='word_1_532' title='bbox 652 3500 870 3554; x_wconf 87' lang='lat' dir='ltr'><strong><em>somnia</em></strong></span> <span class='ocrx_word' id='word_1_533' title='bbox 906 3499 1068 3570; x_wconf 85' lang='lat' dir='ltr'><strong><em>ﬁunt.</em></strong></span> <span class='ocrx_word' id='word_1_534' title='bbox 1104 3498 1223 3553; x_wconf 89' lang='lat'><strong><em>117.</em></strong></span> <span class='ocrx_word' id='word_1_535' title='bbox 1255 3498 1330 3554; x_wconf 87' lang='lat' dir='ltr'><strong><em>De</em></strong></span> <span class='ocrx_word' id='word_1_536' title='bbox 1369 3498 1628 3562; x_wconf 89' lang='lat' dir='ltr'><strong><em>sanitate,</em></strong></span> <span class='ocrx_word' id='word_1_537' title='bbox 1680 3500 1733 3552; x_wconf 91' lang='lat' dir='ltr'><strong><em>et</em></strong></span> <span class='ocrx_word' id='word_1_538' title='bbox 1777 3502 1989 3570; x_wconf 63' lang='lat' dir='ltr'><strong><em>morbo,</em></strong></span> 
     </span>
    </p>
   </div>
   <div class='ocr_carea' id='block_1_67' title="bbox 328 3585 1992 3659">
    <p class='ocr_par' dir='ltr' id='par_1_67' title="bbox 328 3585 1992 3659">
     <span class='ocr_line' id='line_1_67' title="bbox 328 3585 1992 3659; baseline 0.001 -16"><span class='ocrx_word' id='word_1_539' title='bbox 328 3591 383 3643; x_wconf 90' lang='lat' dir='ltr'><strong><em>et</em></strong></span> <span class='ocrx_word' id='word_1_540' title='bbox 435 3590 730 3644; x_wconf 88' lang='lat' dir='ltr'><strong><em>senectute.</em></strong></span> <span class='ocrx_word' id='word_1_541' title='bbox 781 3588 905 3644; x_wconf 91' lang='lat'><strong><em>118.</em></strong></span> <span class='ocrx_word' id='word_1_542' title='bbox 957 3587 1141 3655; x_wconf 83' lang='lat' dir='ltr'><strong><em>Quare</em></strong></span> <span class='ocrx_word' id='word_1_543' title='bbox 1188 3585 1282 3658; x_wconf 89' lang='lat' dir='ltr'><strong><em>qui</em></strong></span> <span class='ocrx_word' id='word_1_544' title='bbox 1311 3586 1601 3657; x_wconf 83' lang='lat' dir='ltr'><strong><em>jeiunant,</em></strong></span> <span class='ocrx_word' id='word_1_545' title='bbox 1649 3588 1855 3643; x_wconf 87' lang='lat' dir='ltr'><strong><em>sitiunt</em></strong></span> <span class='ocrx_word' id='word_1_546' title='bbox 1896 3603 1992 3659; x_wconf 86' lang='lat' dir='ltr'><strong><em>po-</em></strong></span> 
     </span>
    </p>
   </div>
   <div class='ocr_carea' id='block_1_68' title="bbox 328 3676 1990 3750">
    <p class='ocr_par' dir='ltr' id='par_1_68' title="bbox 328 3676 1990 3750">
     <span class='ocr_line' id='line_1_68' title="bbox 328 3676 1990 3750; baseline -0.001 -17"><span class='ocrx_word' id='word_1_547' title='bbox 328 3678 442 3733; x_wconf 88' lang='lat' dir='ltr'><strong><em>tius</em></strong></span> <span class='ocrx_word' id='word_1_548' title='bbox 470 3692 647 3750; x_wconf 82' lang='lat' dir='ltr'><strong><em>quam</em></strong></span> <span class='ocrx_word' id='word_1_549' title='bbox 683 3678 960 3734; x_wconf 87' lang='lat' dir='ltr'><strong><em>esuriunt.</em></strong></span> <span class='ocrx_word' id='word_1_550' title='bbox 987 3676 1110 3732; x_wconf 91' lang='lat'><strong><em>119.</em></strong></span> <span class='ocrx_word' id='word_1_551' title='bbox 1144 3676 1327 3745; x_wconf 90' lang='lat' dir='ltr'><strong><em>Quare</em></strong></span> <span class='ocrx_word' id='word_1_552' title='bbox 1355 3677 1456 3747; x_wconf 87' lang='lat' dir='ltr'><strong><em>qui</em></strong></span> <span class='ocrx_word' id='word_1_553' title='bbox 1500 3677 1776 3743; x_wconf 90' lang='lat' dir='ltr'><strong><em>esuriunt,</em></strong></span> <span class='ocrx_word' id='word_1_554' title='bbox 1806 3677 1859 3731; x_wconf 91' lang='lat' dir='ltr'><strong><em>si</em></strong></span> <span class='ocrx_word' id='word_1_555' title='bbox 1907 3677 1990 3733; x_wconf 91' lang='lat' dir='ltr'><strong><em>bi-</em></strong></span> 
     </span>
    </p>
   </div>
   <div class='ocr_carea' id='block_1_69' title="bbox 331 3763 1985 3838">
    <p class='ocr_par' dir='ltr' id='par_1_69' title="bbox 331 3763 1985 3838">
     <span class='ocr_line' id='line_1_69' title="bbox 331 3763 1985 3838; baseline -0.001 -16"><span class='ocrx_word' id='word_1_556' title='bbox 331 3765 490 3836; x_wconf 82' lang='lat' dir='ltr'><strong><em>bant,</em></strong></span> <span class='ocrx_word' id='word_1_557' title='bbox 522 3769 588 3821; x_wconf 90' lang='lat' dir='ltr'><strong><em>at</em></strong></span> <span class='ocrx_word' id='word_1_558' title='bbox 614 3767 712 3838; x_wconf 90' lang='lat' dir='ltr'><strong><em>qui</em></strong></span> <span class='ocrx_word' id='word_1_559' title='bbox 736 3767 957 3836; x_wconf 80' lang='lat' dir='ltr'><strong><em>sitiunt,</em></strong></span> <span class='ocrx_word' id='word_1_560' title='bbox 988 3766 1040 3820; x_wconf 87' lang='lat' dir='ltr'><strong><em>si</em></strong></span> <span class='ocrx_word' id='word_1_561' title='bbox 1074 3766 1389 3833; x_wconf 78' lang='lat' dir='ltr'><strong><em>comedunt,</em></strong></span> <span class='ocrx_word' id='word_1_562' title='bbox 1419 3763 1827 3820; x_wconf 89' lang='lat' dir='ltr'><strong><em>distenduntur.</em></strong></span> <span class='ocrx_word' id='word_1_563' title='bbox 1863 3766 1985 3821; x_wconf 89' lang='lat'><strong><em>120.</em></strong></span> 
     </span>
    </p>
   </div>
   <div class='ocr_carea' id='block_1_70' title="bbox 332 3863 1985 3936">
    <p class='ocr_par' dir='ltr' id='par_1_70' title="bbox 332 3863 1985 3936">
     <span class='ocr_line' id='line_1_70' title="bbox 332 3863 1985 3936; baseline 0.001 -17"><span class='ocrx_word' id='word_1_564' title='bbox 332 3863 416 3919; x_wconf 82' lang='lat' dir='ltr'><strong><em>An</em></strong></span> <span class='ocrx_word' id='word_1_565' title='bbox 445 3866 520 3921; x_wconf 85' lang='lat' dir='ltr'><strong><em>sit</em></strong></span> <span class='ocrx_word' id='word_1_566' title='bbox 545 3863 761 3936; x_wconf 84' lang='lat' dir='ltr'><strong><em>aliquid</em></strong></span> <span class='ocrx_word' id='word_1_567' title='bbox 790 3872 949 3921; x_wconf 75' lang='lat' dir='ltr'><strong><em>extra</em></strong></span> <span class='ocrx_word' id='word_1_568' title='bbox 995 3863 1212 3921; x_wconf 70' lang='lat' dir='ltr'><strong><em>caelum.</em></strong></span> <span class='ocrx_word' id='word_1_569' title='bbox 1242 3864 1366 3918; x_wconf 89' lang='lat'><strong><em>121.</em></strong></span> <span class='ocrx_word' id='word_1_570' title='bbox 1403 3864 1473 3919; x_wconf 90' lang='lat' dir='ltr'><strong><em>De</em></strong></span> <span class='ocrx_word' id='word_1_571' title='bbox 1509 3863 1751 3918; x_wconf 86' lang='lat' dir='ltr'><strong><em>hominis</em></strong></span> <span class='ocrx_word' id='word_1_572' title='bbox 1801 3879 1985 3920; x_wconf 89' lang='lat' dir='ltr'><strong><em>essen-</em></strong></span> 
     </span>
    </p>
   </div>
   <div class='ocr_carea' id='block_1_71' title="bbox 330 3951 1986 4027">
    <p class='ocr_par' dir='ltr' id='par_1_71' title="bbox 330 3951 1986 4027">
     <span class='ocr_line' id='line_1_71' title="bbox 330 3951 1986 4027; baseline 0.001 -19"><span class='ocrx_word' id='word_1_573' title='bbox 330 3953 439 4009; x_wconf 87' lang='lat' dir='ltr'><strong><em>tia.</em></strong></span> <span class='ocrx_word' id='word_1_574' title='bbox 473 3954 596 4010; x_wconf 90' lang='lat'><strong><em>122.</em></strong></span> <span class='ocrx_word' id='word_1_575' title='bbox 627 3956 691 4011; x_wconf 89' lang='lat' dir='ltr'><strong><em>In</em></strong></span> <span class='ocrx_word' id='word_1_576' title='bbox 717 3958 849 4027; x_wconf 86' lang='lat' dir='ltr'><strong><em>quot</em></strong></span> <span class='ocrx_word' id='word_1_577' title='bbox 880 3955 1117 4011; x_wconf 86' lang='lat' dir='ltr'><strong><em>circulos</em></strong></span> <span class='ocrx_word' id='word_1_578' title='bbox 1145 3953 1342 4009; x_wconf 75' lang='lat' dir='ltr'><strong><em>aetum</em></strong></span> <span class='ocrx_word' id='word_1_579' title='bbox 1381 3951 1685 4009; x_wconf 87' lang='lat' dir='ltr'><strong><em>dividatur.</em></strong></span> <span class='ocrx_word' id='word_1_580' title='bbox 1739 3952 1862 4008; x_wconf 90' lang='lat'><strong><em>123.</em></strong></span> <span class='ocrx_word' id='word_1_581' title='bbox 1909 3954 1986 4010; x_wconf 90' lang='lat' dir='ltr'><strong><em>De</em></strong></span> 
     </span>
    </p>
   </div>
   <div class='ocr_carea' id='block_1_72' title="bbox 330 4041 1985 4115">
    <p class='ocr_par' dir='ltr' id='par_1_72' title="bbox 330 4041 1985 4115">
     <span class='ocr_line' id='line_1_72' title="bbox 330 4041 1985 4115; baseline -0.001 -17"><span class='ocrx_word' id='word_1_582' title='bbox 330 4052 634 4115; x_wconf 84' lang='lat' dir='ltr'><strong><em>apparente</em></strong></span> <span class='ocrx_word' id='word_1_583' title='bbox 662 4046 725 4100; x_wconf 89' lang='lat' dir='ltr'><strong><em>in</em></strong></span> <span class='ocrx_word' id='word_1_584' title='bbox 747 4043 889 4100; x_wconf 69' lang='lat' dir='ltr'><strong><em>calo</em></strong></span> <span class='ocrx_word' id='word_1_585' title='bbox 934 4044 1071 4100; x_wconf 90' lang='lat' dir='ltr'><strong><em>lacti</em></strong></span> <span class='ocrx_word' id='word_1_586' title='bbox 1115 4042 1291 4099; x_wconf 85' lang='lat' dir='ltr'><strong><em>simili</em></strong></span> <span class='ocrx_word' id='word_1_587' title='bbox 1335 4043 1568 4108; x_wconf 88' lang='lat' dir='ltr'><strong><em>circulo,</em></strong></span> <span class='ocrx_word' id='word_1_588' title='bbox 1612 4041 1846 4098; x_wconf 56' lang='lat' dir='ltr'><strong><em>Galatia</em></strong></span> <span class='ocrx_word' id='word_1_589' title='bbox 1892 4042 1985 4097; x_wconf 71' lang='grc' dir='ltr'><strong><em>ἀί-</em></strong></span> 
     </span>
    </p>
   </div>
   <div class='ocr_carea' id='block_1_73' title="bbox 331 4129 1985 4205">
    <p class='ocr_par' dir='ltr' id='par_1_73' title="bbox 331 4129 1985 4205">
     <span class='ocr_line' id='line_1_73' title="bbox 331 4129 1985 4205; baseline 0 -18"><span class='ocrx_word' id='word_1_590' title='bbox 331 4135 440 4187; x_wconf 89' lang='lat' dir='ltr'><strong><em>cto.</em></strong></span> <span class='ocrx_word' id='word_1_591' title='bbox 490 4133 615 4187; x_wconf 89' lang='lat'><strong><em>124.</em></strong></span> <span class='ocrx_word' id='word_1_592' title='bbox 667 4134 742 4188; x_wconf 92' lang='lat' dir='ltr'><strong><em>De</em></strong></span> <span class='ocrx_word' id='word_1_593' title='bbox 786 4132 1177 4205; x_wconf 86' lang='lat' dir='ltr'><strong><em>apparentibus</em></strong></span> <span class='ocrx_word' id='word_1_594' title='bbox 1218 4133 1279 4187; x_wconf 90' lang='lat' dir='ltr'><strong><em>in</em></strong></span> <span class='ocrx_word' id='word_1_595' title='bbox 1321 4132 1450 4187; x_wconf 84' lang='lat' dir='ltr'><strong><em>ctelo</em></strong></span> <span class='ocrx_word' id='word_1_596' title='bbox 1514 4129 1750 4186; x_wconf 88' lang='lat' dir='ltr'><strong><em>diversis</em></strong></span> <span class='ocrx_word' id='word_1_597' title='bbox 1806 4131 1985 4202; x_wconf 87' lang='lat' dir='ltr'><strong><em>igneis</em></strong></span> 
     </span>
    </p>
   </div>
   <div class='ocr_carea' id='block_1_74' title="bbox 326 4219 1983 4293">
    <p class='ocr_par' dir='ltr' id='par_1_74' title="bbox 326 4219 1983 4293">
     <span class='ocr_line' id='line_1_74' title="bbox 326 4219 1983 4293; baseline 0.001 -18"><span class='ocrx_word' id='word_1_598' title='bbox 326 4223 572 4291; x_wconf 89' lang='lat' dir='ltr'><strong><em>spectris.</em></strong></span> <span class='ocrx_word' id='word_1_599' title='bbox 624 4221 747 4277; x_wconf 88' lang='lat'><strong><em>125.</em></strong></span> <span class='ocrx_word' id='word_1_600' title='bbox 800 4226 885 4278; x_wconf 88' lang='lat' dir='ltr'><strong><em>De</em></strong></span> <span class='ocrx_word' id='word_1_601' title='bbox 933 4220 1331 4293; x_wconf 87' lang='lat' dir='ltr'><strong><em>apparentibus</em></strong></span> <span class='ocrx_word' id='word_1_602' title='bbox 1385 4224 1446 4276; x_wconf 87' lang='lat' dir='ltr'><strong><em>in</em></strong></span> <span class='ocrx_word' id='word_1_603' title='bbox 1504 4219 1640 4275; x_wconf 79' lang='lat' dir='ltr'><strong><em>ccelo</em></strong></span> <span class='ocrx_word' id='word_1_604' title='bbox 1710 4219 1983 4276; x_wconf 90' lang='lat' dir='ltr'><strong><em>coloribus</em></strong></span> 
     </span>
    </p>
   </div>
   <div class='ocr_carea' id='block_1_75' title="bbox 322 4309 1984 4382">
    <p class='ocr_par' dir='ltr' id='par_1_75' title="bbox 322 4309 1984 4382">
     <span class='ocr_line' id='line_1_75' title="bbox 322 4309 1984 4382; baseline 0.003 -21"><span class='ocrx_word' id='word_1_605' title='bbox 322 4309 666 4378; x_wconf 85' lang='lat' dir='ltr'><strong><em>sanguineis,</em></strong></span> <span class='ocrx_word' id='word_1_606' title='bbox 699 4314 751 4365; x_wconf 91' lang='lat' dir='ltr'><strong><em>et</em></strong></span> <span class='ocrx_word' id='word_1_607' title='bbox 781 4310 1156 4382; x_wconf 88' lang='lat' dir='ltr'><strong><em>voraginibus.</em></strong></span> <span class='ocrx_word' id='word_1_608' title='bbox 1191 4309 1316 4364; x_wconf 91' lang='lat'><strong><em>126.</em></strong></span> <span class='ocrx_word' id='word_1_609' title='bbox 1361 4309 1439 4364; x_wconf 89' lang='lat' dir='ltr'><strong><em>De</em></strong></span> <span class='ocrx_word' id='word_1_610' title='bbox 1472 4309 1707 4364; x_wconf 90' lang='lat' dir='ltr'><strong><em>essentia</em></strong></span> <span class='ocrx_word' id='word_1_611' title='bbox 1742 4309 1900 4375; x_wconf 85' lang='lat' dir='ltr'><strong><em>solis,</em></strong></span> <span class='ocrx_word' id='word_1_612' title='bbox 1931 4317 1984 4366; x_wconf 93' lang='lat' dir='ltr'><strong><em>et</em></strong></span> 
     </span>
    </p>
   </div>
   <div class='ocr_carea' id='block_1_76' title="bbox 320 4396 1979 4470">
    <p class='ocr_par' dir='ltr' id='par_1_76' title="bbox 320 4396 1979 4470">
     <span class='ocr_line' id='line_1_76' title="bbox 320 4396 1979 4470; baseline 0.002 -19"><span class='ocrx_word' id='word_1_613' title='bbox 320 4396 436 4470; x_wconf 86' lang='lat'><strong><em>[55]</em></strong></span> <span class='ocrx_word' id='word_1_614' title='bbox 485 4414 555 4453; x_wconf 90' lang='lat' dir='ltr'><strong><em>an</em></strong></span> <span class='ocrx_word' id='word_1_615' title='bbox 595 4398 780 4469; x_wconf 89' lang='lat' dir='ltr'><strong><em>plures</em></strong></span> <span class='ocrx_word' id='word_1_616' title='bbox 826 4399 985 4455; x_wconf 90' lang='lat' dir='ltr'><strong><em>soles.</em></strong></span> <span class='ocrx_word' id='word_1_617' title='bbox 1021 4401 1142 4455; x_wconf 89' lang='lat'><strong><em>127.</em></strong></span> <span class='ocrx_word' id='word_1_618' title='bbox 1176 4400 1251 4455; x_wconf 91' lang='lat' dir='ltr'><strong><em>De</em></strong></span> <span class='ocrx_word' id='word_1_619' title='bbox 1295 4397 1685 4466; x_wconf 89' lang='lat' dir='ltr'><strong><em>magnitudine</em></strong></span> <span class='ocrx_word' id='word_1_620' title='bbox 1723 4398 1878 4465; x_wconf 87' lang='lat' dir='ltr'><strong><em>solis,</em></strong></span> <span class='ocrx_word' id='word_1_621' title='bbox 1924 4406 1979 4454; x_wconf 93' lang='lat' dir='ltr'><strong><em>et</em></strong></span> 
     </span>
    </p>
   </div>
   <div class='ocr_carea' id='block_1_77' title="bbox 315 4485 1980 4560">
    <p class='ocr_par' dir='ltr' id='par_1_77' title="bbox 315 4485 1980 4560">
     <span class='ocr_line' id='line_1_77' title="bbox 315 4485 1980 4560; baseline 0.003 -22"><span class='ocrx_word' id='word_1_622' title='bbox 315 4485 490 4552; x_wconf 70' lang='lat' dir='ltr'><strong><em>lunae,</em></strong></span> <span class='ocrx_word' id='word_1_623' title='bbox 527 4489 582 4542; x_wconf 89' lang='lat' dir='ltr'><strong><em>et</em></strong></span> <span class='ocrx_word' id='word_1_624' title='bbox 609 4493 794 4544; x_wconf 73' lang='lat' dir='ltr'><strong><em>terrae.</em></strong></span> <span class='ocrx_word' id='word_1_625' title='bbox 825 4488 927 4543; x_wconf 87' lang='lat'><strong><em>128</em></strong></span> <span class='ocrx_word' id='word_1_626' title='bbox 980 4493 1058 4544; x_wconf 91' lang='lat' dir='ltr'><strong><em>De</em></strong></span> <span class='ocrx_word' id='word_1_627' title='bbox 1085 4487 1283 4560; x_wconf 89' lang='lat' dir='ltr'><strong><em>eclipsi</em></strong></span> <span class='ocrx_word' id='word_1_628' title='bbox 1306 4488 1501 4543; x_wconf 71' lang='lat' dir='ltr'><strong><em>solari.</em></strong></span> <span class='ocrx_word' id='word_1_629' title='bbox 1537 4487 1660 4542; x_wconf 91' lang='lat'><strong><em>129.</em></strong></span> <span class='ocrx_word' id='word_1_630' title='bbox 1681 4493 1760 4543; x_wconf 90' lang='lat' dir='ltr'><strong><em>De</em></strong></span> <span class='ocrx_word' id='word_1_631' title='bbox 1785 4488 1980 4560; x_wconf 88' lang='lat' dir='ltr'><strong><em>eclipsi</em></strong></span> 
     </span>
    </p>
   </div>
   <div class='ocr_carea' id='block_1_78' title="bbox 312 4574 1971 4645">
    <p class='ocr_par' dir='ltr' id='par_1_78' title="bbox 312 4574 1971 4645">
     <span class='ocr_line' id='line_1_78' title="bbox 312 4574 1971 4645; baseline 0.002 -16"><span class='ocrx_word' id='word_1_632' title='bbox 312 4574 525 4631; x_wconf 88' lang='lat' dir='ltr'><strong><em>lunari.</em></strong></span> <span class='ocrx_word' id='word_1_633' title='bbox 559 4576 682 4631; x_wconf 89' lang='lat'><strong><em>130.</em></strong></span> <span class='ocrx_word' id='word_1_634' title='bbox 717 4577 798 4633; x_wconf 84' lang='lat' dir='ltr'><strong><em>An</em></strong></span> <span class='ocrx_word' id='word_1_635' title='bbox 827 4577 906 4633; x_wconf 91' lang='lat' dir='ltr'><strong><em>sol</em></strong></span> <span class='ocrx_word' id='word_1_636' title='bbox 935 4577 1153 4634; x_wconf 88' lang='lat' dir='ltr'><strong><em>calidus</em></strong></span> <span class='ocrx_word' id='word_1_637' title='bbox 1200 4581 1294 4633; x_wconf 89' lang='lat' dir='ltr'><strong><em>sit.</em></strong></span> <span class='ocrx_word' id='word_1_638' title='bbox 1347 4577 1469 4632; x_wconf 90' lang='lat'><strong><em>131.</em></strong></span> <span class='ocrx_word' id='word_1_639' title='bbox 1506 4577 1634 4645; x_wconf 75' lang='lat' dir='ltr'><strong><em>Quae</em></strong></span> <span class='ocrx_word' id='word_1_640' title='bbox 1679 4577 1751 4633; x_wconf 91' lang='lat' dir='ltr'><strong><em>sit</em></strong></span> <span class='ocrx_word' id='word_1_641' title='bbox 1787 4592 1971 4633; x_wconf 91' lang='lat' dir='ltr'><strong><em>essen-</em></strong></span> 
     </span>
    </p>
   </div>
   <div class='ocr_carea' id='block_1_79' title="bbox 2098 3392 3769 3474">
    <p class='ocr_par' dir='ltr' id='par_1_79' title="bbox 2098 3392 3769 3474">
     <span class='ocr_line' id='line_1_79' title="bbox 2098 3392 3769 3474; baseline 0.011 -31"><span class='ocrx_word' id='word_1_642' title='bbox 2098 3392 2273 3444; x_wconf 87' lang='lat' dir='ltr'><strong><em>stium</em></strong></span> <span class='ocrx_word' id='word_1_643' title='bbox 2293 3393 2553 3464; x_wconf 81' lang='lat' dir='ltr'><strong><em>lacrymae</em></strong></span> <span class='ocrx_word' id='word_1_644' title='bbox 2567 3393 2773 3465; x_wconf 87' lang='lat' dir='ltr'><strong><em>dulces,</em></strong></span> <span class='ocrx_word' id='word_1_645' title='bbox 2785 3411 3072 3452; x_wconf 87' lang='lat' dir='ltr'><strong><em>cervorum</em></strong></span> <span class='ocrx_word' id='word_1_646' title='bbox 3091 3400 3260 3457; x_wconf 75' lang='lat' dir='ltr'><strong><em>salsae</em></strong></span> <span class='ocrx_word' id='word_1_647' title='bbox 3278 3405 3426 3456; x_wconf 89' lang='lat' dir='ltr'><strong><em>sunt.</em></strong></span> <span class='ocrx_word' id='word_1_648' title='bbox 3448 3404 3567 3459; x_wconf 89' lang='lat'><strong><em>190.</em></strong></span> <span class='ocrx_word' id='word_1_649' title='bbox 3586 3406 3769 3474; x_wconf 87' lang='lat' dir='ltr'><strong><em>Quare</em></strong></span> 
     </span>
    </p>
   </div>
   <div class='ocr_carea' id='block_1_80' title="bbox 2101 3478 3764 3565">
    <p class='ocr_par' dir='ltr' id='par_1_80' title="bbox 2101 3478 3764 3565">
     <span class='ocr_line' id='line_1_80' title="bbox 2101 3478 3764 3565; baseline 0.011 -32"><span class='ocrx_word' id='word_1_650' title='bbox 2101 3478 2292 3546; x_wconf 87' lang='lat' dir='ltr'><strong><em>lapilli</em></strong></span> <span class='ocrx_word' id='word_1_651' title='bbox 2317 3481 2638 3555; x_wconf 82' lang='lat' dir='ltr'><strong><em>plumbique</em></strong></span> <span class='ocrx_word' id='word_1_652' title='bbox 2668 3483 2893 3540; x_wconf 75' lang='lat' dir='ltr'><strong><em>laminae</em></strong></span> <span class='ocrx_word' id='word_1_653' title='bbox 2922 3487 3140 3557; x_wconf 69' lang='lat' dir='ltr'><strong><em>injecta:</em></strong></span> <span class='ocrx_word' id='word_1_654' title='bbox 3167 3489 3517 3560; x_wconf 88' lang='lat' dir='ltr'><strong><em>frigidiorem</em></strong></span> <span class='ocrx_word' id='word_1_655' title='bbox 3557 3510 3764 3565; x_wconf 87' lang='lat' dir='ltr'><strong><em>aquam</em></strong></span> 
     </span>
    </p>
   </div>
   <div class='ocr_carea' id='block_1_81' title="bbox 2098 3568 3761 3644">
    <p class='ocr_par' dir='ltr' id='par_1_81' title="bbox 2098 3568 3761 3644">
     <span class='ocr_line' id='line_1_81' title="bbox 2098 3568 3761 3644; baseline 0.009 -20"><span class='ocrx_word' id='word_1_656' title='bbox 2098 3568 2372 3636; x_wconf 82' lang='lat' dir='ltr'><strong><em>efﬁciunt.</em></strong></span> <span class='ocrx_word' id='word_1_657' title='bbox 2405 3570 2528 3625; x_wconf 91' lang='lat'><strong><em>191.</em></strong></span> <span class='ocrx_word' id='word_1_658' title='bbox 2562 3572 2743 3639; x_wconf 89' lang='lat' dir='ltr'><strong><em>Quare</em></strong></span> <span class='ocrx_word' id='word_1_659' title='bbox 2784 3574 2969 3644; x_wconf 87' lang='lat' dir='ltr'><strong><em>paleis</em></strong></span> <span class='ocrx_word' id='word_1_660' title='bbox 3011 3579 3063 3631; x_wconf 90' lang='lat' dir='ltr'><strong><em>et</em></strong></span> <span class='ocrx_word' id='word_1_661' title='bbox 3112 3576 3456 3636; x_wconf 85' lang='lat' dir='ltr'><strong><em>indumentis</em></strong></span> <span class='ocrx_word' id='word_1_662' title='bbox 3483 3582 3589 3637; x_wconf 79' lang='lat' dir='ltr'><strong><em>nia:</em></strong></span> <span class='ocrx_word' id='word_1_663' title='bbox 3619 3598 3761 3638; x_wconf 88' lang='lat' dir='ltr'><strong><em>con-</em></strong></span> 
     </span>
    </p>
   </div>
   <div class='ocr_carea' id='block_1_82' title="bbox 2096 3658 3758 3736">
    <p class='ocr_par' dir='ltr' id='par_1_82' title="bbox 2096 3658 3758 3736">
     <span class='ocr_line' id='line_1_82' title="bbox 2096 3658 3758 3736; baseline 0.011 -26"><span class='ocrx_word' id='word_1_664' title='bbox 2096 3672 2368 3712; x_wconf 81' lang='lat' dir='ltr'><strong><em>servatur.</em></strong></span> <span class='ocrx_word' id='word_1_665' title='bbox 2419 3658 2541 3715; x_wconf 89' lang='lat'><strong><em>192.</em></strong></span> <span class='ocrx_word' id='word_1_666' title='bbox 2580 3660 2720 3727; x_wconf 85' lang='lat' dir='ltr'><strong><em>Quid</em></strong></span> <span class='ocrx_word' id='word_1_667' title='bbox 2758 3663 2831 3716; x_wconf 92' lang='lat' dir='ltr'><strong><em>sit</em></strong></span> <span class='ocrx_word' id='word_1_668' title='bbox 2876 3663 3133 3721; x_wconf 87' lang='lat' dir='ltr'><strong><em>bulimos.</em></strong></span> <span class='ocrx_word' id='word_1_669' title='bbox 3181 3667 3298 3722; x_wconf 90' lang='lat'><strong><em>193.</em></strong></span> <span class='ocrx_word' id='word_1_670' title='bbox 3348 3668 3526 3736; x_wconf 89' lang='lat' dir='ltr'><strong><em>Quare</em></strong></span> <span class='ocrx_word' id='word_1_671' title='bbox 3561 3686 3758 3728; x_wconf 82' lang='lat' dir='ltr'><strong><em>carnes</em></strong></span> 
     </span>
    </p>
   </div>
   <div class='ocr_carea' id='block_1_83' title="bbox 2098 3746 3756 3828">
    <p class='ocr_par' dir='ltr' id='par_1_83' title="bbox 2098 3746 3756 3828">
     <span class='ocr_line' id='line_1_83' title="bbox 2098 3746 3756 3828; baseline 0.011 -29"><span class='ocrx_word' id='word_1_672' title='bbox 2098 3746 2161 3800; x_wconf 88' lang='lat' dir='ltr'><strong><em>in</em></strong></span> <span class='ocrx_word' id='word_1_673' title='bbox 2210 3746 2319 3817; x_wconf 86' lang='lat' dir='ltr'><strong><em>ﬁcu</em></strong></span> <span class='ocrx_word' id='word_1_674' title='bbox 2356 3763 2613 3819; x_wconf 70' lang='lat' dir='ltr'><strong><em>appensa:</em></strong></span> <span class='ocrx_word' id='word_1_675' title='bbox 2662 3752 2969 3807; x_wconf 88' lang='lat' dir='ltr'><strong><em>teneriores</em></strong></span> <span class='ocrx_word' id='word_1_676' title='bbox 3017 3753 3178 3824; x_wconf 83' lang='lat' dir='ltr'><strong><em>ﬂant.</em></strong></span> <span class='ocrx_word' id='word_1_677' title='bbox 3220 3759 3298 3810; x_wconf 83' lang='lat' dir='ltr'><strong>Ex</strong></span> <span class='ocrx_word' id='word_1_678' title='bbox 3346 3757 3529 3828; x_wconf 82' lang='lat' dir='ltr'><strong><em>hisce,</em></strong></span> <span class='ocrx_word' id='word_1_679' title='bbox 3564 3759 3756 3817; x_wconf 86' lang='lat' dir='ltr'><strong><em>CLXII</em></strong></span> 
     </span>
    </p>
   </div>
   <div class='ocr_carea' id='block_1_84' title="bbox 2096 3834 3760 3918">
    <p class='ocr_par' dir='ltr' id='par_1_84' title="bbox 2096 3834 3760 3918">
     <span class='ocr_line' id='line_1_84' title="bbox 2096 3834 3760 3918; baseline 0.011 -28"><span class='ocrx_word' id='word_1_680' title='bbox 2096 3834 2289 3905; x_wconf 80' lang='lat' dir='ltr'><strong><em>capita</em></strong></span> <span class='ocrx_word' id='word_1_681' title='bbox 2318 3835 2373 3890; x_wconf 86' lang='lat' dir='ltr'><strong><em>in</em></strong></span> <span class='ocrx_word' id='word_1_682' title='bbox 2403 3835 2668 3909; x_wconf 83' lang='lat' dir='ltr'><strong><em>linguam</em></strong></span> <span class='ocrx_word' id='word_1_683' title='bbox 2688 3855 2857 3895; x_wconf 76' lang='lat' dir='ltr'><strong><em>versa</em></strong></span> <span class='ocrx_word' id='word_1_684' title='bbox 2876 3841 3133 3898; x_wconf 83' lang='lat' dir='ltr'><strong><em>Latinam</em></strong></span> <span class='ocrx_word' id='word_1_685' title='bbox 3154 3862 3189 3899; x_wconf 87' lang='lat' dir='ltr'><strong>a</strong></span> <span class='ocrx_word' id='word_1_686' title='bbox 3210 3847 3409 3902; x_wconf 84' lang='lat' dir='ltr'><strong><em>nescio</em></strong></span> <span class='ocrx_word' id='word_1_687' title='bbox 3427 3863 3543 3918; x_wconf 88' lang='lat' dir='ltr'><strong><em>quo</em></strong></span> <span class='ocrx_word' id='word_1_688' title='bbox 3565 3854 3760 3908; x_wconf 81' lang='lat' dir='ltr'><strong><em>osten-</em></strong></span> 
     </span>
    </p>
   </div>
   <div class='ocr_carea' id='block_1_85' title="bbox 2096 3923 3752 4000">
    <p class='ocr_par' dir='ltr' id='par_1_85' title="bbox 2096 3923 3752 4000">
     <span class='ocr_line' id='line_1_85' title="bbox 2096 3923 3752 4000; baseline 0.01 -22"><span class='ocrx_word' id='word_1_689' title='bbox 2096 3923 2181 3978; x_wconf 76' lang='lat' dir='ltr'><strong><em>dit</em></strong></span> <span class='ocrx_word' id='word_1_690' title='bbox 2199 3923 2343 3981; x_wconf 85' lang='lat' dir='ltr'><strong><em>mihi</em></strong></span> <span class='ocrx_word' id='word_1_691' title='bbox 2365 3928 2634 3982; x_wconf 79' lang='lat' dir='ltr'><strong><em>acerrimi</em></strong></span> <span class='ocrx_word' id='word_1_692' title='bbox 2656 3928 2877 4000; x_wconf 79' lang='lat' dir='ltr'><strong><em>ingenti</em></strong></span> <span class='ocrx_word' id='word_1_693' title='bbox 2900 3929 2987 3986; x_wconf 82' lang='lat' dir='ltr'><strong><em>vir</em></strong></span> <span class='ocrx_word' id='word_1_694' title='bbox 3004 3931 3091 3988; x_wconf 83' lang='lat' dir='ltr'><strong><em>Jo.</em></strong></span> <span class='ocrx_word' id='word_1_695' title='bbox 3112 3933 3373 3992; x_wconf 79' lang='lat' dir='ltr'><strong><em>Jacobus</em></strong></span> <span class='ocrx_word' id='word_1_696' title='bbox 3390 3936 3752 3996; x_wconf 83' lang='lat' dir='ltr'><strong><em>Buccardus.</em></strong></span> 
     </span>
    </p>
   </div>
   <div class='ocr_carea' id='block_1_86' title="bbox 2165 4047 3745 4135">
    <p class='ocr_par' dir='ltr' id='par_1_86' title="bbox 2165 4047 3745 4135">
     <span class='ocr_line' id='line_1_86' title="bbox 2165 4047 3745 4135; baseline 0.011 -34"><span class='ocrx_word' id='word_1_697' title='bbox 2165 4048 2277 4121; x_wconf 82' lang='grc'>[56]</span> <span class='ocrx_word' id='word_1_698' title='bbox 2314 4048 2553 4106; x_wconf 78' lang='lat' dir='ltr'><strong><em>LXXIII.</em></strong></span> <span class='ocrx_word' id='word_1_699' title='bbox 2589 4047 2899 4113; x_wconf 78' lang='grc' dir='ltr'><strong><em>Ἐπιλύσεις</em></strong></span> <span class='ocrx_word' id='word_1_700' title='bbox 2931 4053 3192 4135; x_wconf 83' lang='grc' dir='ltr'>σύντομοι</span> <span class='ocrx_word' id='word_1_701' title='bbox 3224 4063 3465 4134; x_wconf 77' lang='grc' dir='ltr'><strong><em>φυσικῶν</em></strong></span> <span class='ocrx_word' id='word_1_702' title='bbox 3494 4061 3745 4135; x_wconf 65' lang='grc' dir='ltr'>ζητημά-</span> 
     </span>
    </p>
   </div>
   <div class='ocr_carea' id='block_1_87' title="bbox 2090 4137 3750 4219">
    <p class='ocr_par' dir='ltr' id='par_1_87' title="bbox 2090 4137 3750 4219">
     <span class='ocr_line' id='line_1_87' title="bbox 2090 4137 3750 4219; baseline 0.012 -31"><span class='ocrx_word' id='word_1_703' title='bbox 2090 4155 2198 4189; x_wconf 88' lang='grc' dir='ltr'><strong><em>των</em></strong></span> <span class='ocrx_word' id='word_1_704' title='bbox 2230 4137 2366 4211; x_wconf 88' lang='grc' dir='ltr'>πρὸς</span> <span class='ocrx_word' id='word_1_705' title='bbox 2399 4137 2634 4212; x_wconf 72' lang='grc' dir='ltr'>Μιχαὴλ</span> <span class='ocrx_word' id='word_1_706' title='bbox 2664 4139 2755 4193; x_wconf 85' lang='grc' dir='ltr'>τὸν</span> <span class='ocrx_word' id='word_1_707' title='bbox 2784 4144 2986 4196; x_wconf 81' lang='grc' dir='ltr'>Λοῦκαν</span> <span class='ocrx_word' id='word_1_708' title='bbox 3029 4142 3082 4197; x_wconf 79' lang='grc' dir='ltr'>ἐν</span> <span class='ocrx_word' id='word_1_709' title='bbox 3118 4140 3362 4219; x_wconf 76' lang='grc' dir='ltr'>βιϐλίοις</span> <span class='ocrx_word' id='word_1_710' title='bbox 3412 4145 3553 4206; x_wconf 82' lang='grc' dir='ltr'>δυσί.</span> <span class='ocrx_word' id='word_1_711' title='bbox 3585 4152 3750 4208; x_wconf 86' lang='lat' dir='ltr'><strong><em>Solu-</em></strong></span> 
     </span>
    </p>
   </div>
   <div class='ocr_carea' id='block_1_88' title="bbox 2092 4228 3749 4305">
    <p class='ocr_par' dir='ltr' id='par_1_88' title="bbox 2092 4228 3749 4305">
     <span class='ocr_line' id='line_1_88' title="bbox 2092 4228 3749 4305; baseline 0.011 -26"><span class='ocrx_word' id='word_1_712' title='bbox 2092 4228 2271 4281; x_wconf 87' lang='lat' dir='ltr'><strong><em>tiones</em></strong></span> <span class='ocrx_word' id='word_1_713' title='bbox 2298 4228 2702 4300; x_wconf 67' lang='lat' dir='ltr'><strong><em>compendiosa?</em></strong></span> <span class='ocrx_word' id='word_1_714' title='bbox 2744 4232 3091 4289; x_wconf 85' lang='lat' dir='ltr'><strong><em>naturalium</em></strong></span> <span class='ocrx_word' id='word_1_715' title='bbox 3138 4240 3512 4305; x_wconf 71' lang='lat' dir='ltr'><strong><em>quaestionum</em></strong></span> <span class='ocrx_word' id='word_1_716' title='bbox 3549 4241 3620 4295; x_wconf 84' lang='lat' dir='ltr'><strong><em>art</em></strong></span> <span class='ocrx_word' id='word_1_717' title='bbox 3649 4242 3749 4296; x_wconf 79' lang='lat' dir='ltr'><strong><em>Mi-</em></strong></span> 
     </span>
    </p>
   </div>
   <div class='ocr_carea' id='block_1_89' title="bbox 2088 4313 3744 4403">
    <p class='ocr_par' dir='ltr' id='par_1_89' title="bbox 2088 4313 3744 4403">
     <span class='ocr_line' id='line_1_89' title="bbox 2088 4313 3744 4403; baseline 0.008 -34"><span class='ocrx_word' id='word_1_718' title='bbox 2088 4313 2329 4403; x_wconf 84' lang='lat' dir='ltr'><strong><em>chaelem</em></strong></span> <span class='ocrx_word' id='word_1_719' title='bbox 2362 4321 2573 4373; x_wconf 88' lang='lat' dir='ltr'><strong><em>Ducam</em></strong></span> <span class='ocrx_word' id='word_1_720' title='bbox 2606 4318 2762 4373; x_wconf 84' lang='lat' dir='ltr'><strong><em>libris</em></strong></span> <span class='ocrx_word' id='word_1_721' title='bbox 2791 4318 3023 4377; x_wconf 89' lang='lat' dir='ltr'><strong><em>duobus.</em></strong></span> <span class='ocrx_word' id='word_1_722' title='bbox 3048 4325 3105 4374; x_wconf 83' lang='lat' dir='ltr'><strong><em>P.</em></strong></span> <span class='ocrx_word' id='word_1_723' title='bbox 3139 4323 3200 4379; x_wconf 91' lang='lat'><strong><em>&#39;0</em></strong></span> <span class='ocrx_word' id='word_1_724' title='bbox 3236 4323 3330 4396; x_wconf 68' lang='grc' dir='ltr'>μὲν</span> <span class='ocrx_word' id='word_1_725' title='bbox 3360 4323 3744 4403; x_wconf 67' lang='grc' dir='ltr'>Πλούταρχος,</span> 
     </span>
    </p>
   </div>
   <div class='ocr_carea' id='block_1_90' title="bbox 2093 4402 3745 4492">
    <p class='ocr_par' dir='ltr' id='par_1_90' title="bbox 2093 4402 3745 4492">
     <span class='ocr_line' id='line_1_90' title="bbox 2093 4402 3745 4492; baseline 0.009 -35"><span class='ocrx_word' id='word_1_726' title='bbox 2093 4402 2313 4477; x_wconf 73' lang='grc' dir='ltr'>μέγιστε</span> <span class='ocrx_word' id='word_1_727' title='bbox 2348 4402 2437 4459; x_wconf 86' lang='grc' dir='ltr'><strong><em>καὶ</em></strong></span> <span class='ocrx_word' id='word_1_728' title='bbox 2474 4406 2734 4492; x_wconf 14' lang='grc' dir='ltr'>,θειότατε</span> <span class='ocrx_word' id='word_1_729' title='bbox 2794 4404 3039 4480; x_wconf 79' lang='grc' dir='ltr'>βασιλεῦ.</span> <span class='ocrx_word' id='word_1_730' title='bbox 3095 4414 3302 4486; x_wconf 82' lang='lat' dir='ltr'><strong><em>Capita</em></strong></span> <span class='ocrx_word' id='word_1_731' title='bbox 3355 4416 3457 4472; x_wconf 87' lang='lat' dir='ltr'><strong><em>lib.</em></strong></span> <span class='ocrx_word' id='word_1_732' title='bbox 3512 4418 3557 4474; x_wconf 93' lang='grc' dir='ltr'>Ι.</span> <span class='ocrx_word' id='word_1_733' title='bbox 3613 4402 3745 4492; x_wconf 75' lang='grc' dir='ltr'>Περὶ</span> 
     </span>
    </p>
   </div>
   <div class='ocr_carea' id='block_1_91' title="bbox 2085 4490 3742 4575">
    <p class='ocr_par' dir='ltr' id='par_1_91' title="bbox 2085 4490 3742 4575">
     <span class='ocr_line' id='line_1_91' title="bbox 2085 4490 3742 4575; baseline 0.01 -30"><span class='ocrx_word' id='word_1_734' title='bbox 2085 4496 2181 4546; x_wconf 77' lang='grc' dir='ltr'><strong><em>τοῦ</em></strong></span> <span class='ocrx_word' id='word_1_735' title='bbox 2213 4490 2533 4570; x_wconf 72' lang='grc' dir='ltr'><strong><em>σφαιροειδῆ</em></strong></span> <span class='ocrx_word' id='word_1_736' title='bbox 2566 4495 2828 4564; x_wconf 71' lang='grc' dir='ltr'>εἶναιτὴν</span> <span class='ocrx_word' id='word_1_737' title='bbox 2881 4503 3005 4572; x_wconf 82' lang='grc' dir='ltr'>γῆν.</span> <span class='ocrx_word' id='word_1_738' title='bbox 3039 4499 3171 4575; x_wconf 85' lang='grc' dir='ltr'><strong><em>Περὶ</em></strong></span> <span class='ocrx_word' id='word_1_739' title='bbox 3225 4504 3325 4555; x_wconf 79' lang='grc' dir='ltr'><strong><em>τοῦ</em></strong></span> <span class='ocrx_word' id='word_1_740' title='bbox 3375 4508 3582 4568; x_wconf 79' lang='grc' dir='ltr'>κεῖσθαι</span> <span class='ocrx_word' id='word_1_741' title='bbox 3642 4490 3742 4561; x_wconf 69' lang='grc' dir='ltr'><strong><em>αὖ·</em></strong></span> 
     </span>
    </p>
   </div>
   <div class='ocr_carea' id='block_1_92' title="bbox 2084 4580 3735 4669">
    <p class='ocr_par' dir='ltr' id='par_1_92' title="bbox 2084 4580 3735 4669">
     <span class='ocr_line' id='line_1_92' title="bbox 2084 4580 3735 4669; baseline 0.012 -35"><span class='ocrx_word' id='word_1_742' title='bbox 2084 4581 2182 4649; x_wconf 79' lang='grc' dir='ltr'>τὴν</span> <span class='ocrx_word' id='word_1_743' title='bbox 2244 4580 2295 4635; x_wconf 81' lang='grc' dir='ltr'>ἐν</span> <span class='ocrx_word' id='word_1_744' title='bbox 2354 4583 2502 4656; x_wconf 71' lang='grc' dir='ltr'>μέσῳ</span> <span class='ocrx_word' id='word_1_745' title='bbox 2556 4587 2654 4638; x_wconf 77' lang='grc' dir='ltr'><strong><em>τοῦ</em></strong></span> <span class='ocrx_word' id='word_1_746' title='bbox 2714 4585 2934 4648; x_wconf 82' lang='grc' dir='ltr'>παντός.</span> <span class='ocrx_word' id='word_1_747' title='bbox 2974 4589 3102 4663; x_wconf 77' lang='grc' dir='ltr'>Περὶ</span> <span class='ocrx_word' id='word_1_748' title='bbox 3159 4592 3423 4664; x_wconf 73' lang='grc' dir='ltr'>μεγέθους</span> <span class='ocrx_word' id='word_1_749' title='bbox 3451 4599 3553 4663; x_wconf 80' lang='grc' dir='ltr'>τῆς</span> <span class='ocrx_word' id='word_1_750' title='bbox 3608 4601 3735 4669; x_wconf 80' lang='grc' dir='ltr'>γῆς.</span> 
     </span>
    </p>
   </div>
   <div class='ocr_carea' id='block_1_93' title="bbox 305 4654 1995 4759">
    <p class='ocr_par' dir='ltr' id='par_1_93' title="bbox 305 4665 1962 4723">
     <span class='ocr_line' id='line_1_93' title="bbox 305 4665 1962 4723; baseline 0.001 -4"><span class='ocrx_word' id='word_1_751' title='bbox 305 4665 388 4720; x_wconf 90' lang='lat' dir='ltr'><strong><em>tia</em></strong></span> <span class='ocrx_word' id='word_1_752' title='bbox 434 4665 742 4723; x_wconf 88' lang='lat' dir='ltr'><strong><em>stellarum.</em></strong></span> <span class='ocrx_word' id='word_1_753' title='bbox 796 4667 918 4723; x_wconf 85' lang='lat'><strong><em>132.</em></strong></span> <span class='ocrx_word' id='word_1_754' title='bbox 963 4666 1035 4723; x_wconf 88' lang='lat' dir='ltr'><strong><em>De</em></strong></span> <span class='ocrx_word' id='word_1_755' title='bbox 1082 4667 1371 4722; x_wconf 88' lang='lat' dir='ltr'><strong><em>stellarum</em></strong></span> <span class='ocrx_word' id='word_1_756' title='bbox 1435 4666 1640 4721; x_wconf 85' lang='lat' dir='ltr'><strong><em>latione</em></strong></span> <span class='ocrx_word' id='word_1_757' title='bbox 1696 4669 1747 4721; x_wconf 88' lang='lat' dir='ltr'><strong><em>et</em></strong></span> <span class='ocrx_word' id='word_1_758' title='bbox 1794 4675 1962 4722; x_wconf 91' lang='lat' dir='ltr'><strong><em>motu.</em></strong></span> 
     </span>
    </p>
   </div>
   <div class='ocr_carea' id='block_1_94' title="bbox 2104 4654 3737 4759">
    <p class='ocr_par' dir='ltr' id='par_1_94' title="bbox 2104 4654 3737 4759">
     <span class='ocr_line' id='line_1_94' title="bbox 2104 4654 3737 4759; baseline 0.006 -32"><span class='ocrx_word' id='word_1_759' title='bbox 2104 4654 2385 4746; x_wconf 63' lang='lat' dir='ltr'><strong><em>Dpicrsv&#39;coc</em></strong></span> <span class='ocrx_word' id='word_1_760' title='bbox 2432 4654 2776 4751; x_wconf 74' lang='grc' dir='ltr'>καταγραφή.</span> <span class='ocrx_word' id='word_1_761' title='bbox 2826 4654 3057 4749; x_wconf 43' lang='lat' dir='ltr'><strong><em>Capita.</em></strong></span> <span class='ocrx_word' id='word_1_762' title='bbox 3106 4654 3375 4737; x_wconf 50' lang='lat' dir='ltr'><strong><em>secu&#39;ndi.</em></strong></span> <span class='ocrx_word' id='word_1_763' title='bbox 3410 4654 3567 4759; x_wconf 30' lang='grc' dir='ltr'>’Περὶ</span> <span class='ocrx_word' id='word_1_764' title='bbox 3621 4654 3737 4738; x_wconf 44' lang='grc' dir='ltr'>,τῶν</span> 
     </span>
    </p>
   </div>
   <div class='ocr_carea' id='block_1_95' title="bbox 304 4753 1958 4825">
    <p class='ocr_par' dir='ltr' id='par_1_95' title="bbox 304 4753 1958 4825">
     <span class='ocr_line' id='line_1_95' title="bbox 304 4753 1958 4825; baseline 0.002 -17"><span class='ocrx_word' id='word_1_765' title='bbox 304 4753 427 4810; x_wconf 91' lang='grc'>133.</span> <span class='ocrx_word' id='word_1_766' title='bbox 461 4756 659 4825; x_wconf 87' lang='lat' dir='ltr'><strong><em>Quales</em></strong></span> <span class='ocrx_word' id='word_1_767' title='bbox 698 4758 812 4812; x_wconf 88' lang='lat' dir='ltr'><strong><em>sint</em></strong></span> <span class='ocrx_word' id='word_1_768' title='bbox 865 4757 1172 4812; x_wconf 86' lang='lat' dir='ltr'><strong><em>stellarum</em></strong></span> <span class='ocrx_word' id='word_1_769' title='bbox 1212 4756 1692 4825; x_wconf 79' lang='lat' dir='ltr'><strong><em>conﬁgurationes.</em></strong></span> <span class='ocrx_word' id='word_1_770' title='bbox 1726 4754 1849 4809; x_wconf 92' lang='lat'><strong><em>134.</em></strong></span> <span class='ocrx_word' id='word_1_771' title='bbox 1883 4756 1958 4812; x_wconf 87' lang='lat' dir='ltr'><strong><em>De</em></strong></span> 
     </span>
    </p>
   </div>
   <div class='ocr_carea' id='block_1_96' title="bbox 296 4843 1950 4904">
    <p class='ocr_par' dir='ltr' id='par_1_96' title="bbox 296 4843 1950 4904">
     <span class='ocr_line' id='line_1_96' title="bbox 296 4843 1950 4904; baseline -0.001 -4"><span class='ocrx_word' id='word_1_772' title='bbox 296 4843 493 4901; x_wconf 87' lang='lat' dir='ltr'><strong><em>ordine</em></strong></span> <span class='ocrx_word' id='word_1_773' title='bbox 517 4844 841 4904; x_wconf 86' lang='lat' dir='ltr'><strong><em>stellarum.</em></strong></span> <span class='ocrx_word' id='word_1_774' title='bbox 876 4845 999 4901; x_wconf 89' lang='lat'><strong><em>135.</em></strong></span> <span class='ocrx_word' id='word_1_775' title='bbox 1035 4845 1184 4904; x_wconf 88' lang='lat' dir='ltr'><strong><em>Unde</em></strong></span> <span class='ocrx_word' id='word_1_776' title='bbox 1241 4845 1430 4900; x_wconf 88' lang='lat' dir='ltr'><strong><em>lumen</em></strong></span> <span class='ocrx_word' id='word_1_777' title='bbox 1476 4844 1710 4900; x_wconf 86' lang='lat' dir='ltr'><strong><em>habeant</em></strong></span> <span class='ocrx_word' id='word_1_778' title='bbox 1756 4845 1950 4900; x_wconf 79' lang='lat' dir='ltr'><strong><em>stellae.</em></strong></span> 
     </span>
    </p>
   </div>
   <div class='ocr_carea' id='block_1_97' title="bbox 296 4941 1954 5017">
    <p class='ocr_par' dir='ltr' id='par_1_97' title="bbox 296 4941 1954 5017">
     <span class='ocr_line' id='line_1_97' title="bbox 296 4941 1954 5017; baseline 0.002 -21"><span class='ocrx_word' id='word_1_779' title='bbox 296 4941 419 4998; x_wconf 88' lang='lat'><strong><em>136.</em></strong></span> <span class='ocrx_word' id='word_1_780' title='bbox 468 4944 539 5001; x_wconf 85' lang='lat' dir='ltr'><strong><em>De</em></strong></span> <span class='ocrx_word' id='word_1_781' title='bbox 584 4945 990 5017; x_wconf 84' lang='lat' dir='ltr'><strong><em>signiﬁcatione</em></strong></span> <span class='ocrx_word' id='word_1_782' title='bbox 1045 4944 1358 5012; x_wconf 89' lang='lat' dir='ltr'><strong><em>stellarum,</em></strong></span> <span class='ocrx_word' id='word_1_783' title='bbox 1406 4945 1459 4998; x_wconf 90' lang='lat' dir='ltr'><strong><em>et</em></strong></span> <span class='ocrx_word' id='word_1_784' title='bbox 1525 4941 1788 5015; x_wconf 86' lang='lat' dir='ltr'><strong><em>quomodo</em></strong></span> <span class='ocrx_word' id='word_1_785' title='bbox 1853 4942 1954 5011; x_wconf 84' lang='lat' dir='ltr'><strong><em>ﬁat</em></strong></span> 
     </span>
    </p>
   </div>
   <div class='ocr_carea' id='block_1_98' title="bbox 292 5028 1953 5104">
    <p class='ocr_par' dir='ltr' id='par_1_98' title="bbox 292 5028 1953 5104">
     <span class='ocr_line' id='line_1_98' title="bbox 292 5028 1953 5104; baseline 0.002 -21"><span class='ocrx_word' id='word_1_786' title='bbox 292 5028 469 5087; x_wconf 82' lang='lat' dir='ltr'><strong><em>hiems</em></strong></span> <span class='ocrx_word' id='word_1_787' title='bbox 529 5037 583 5089; x_wconf 90' lang='lat' dir='ltr'><strong><em>et</em></strong></span> <span class='ocrx_word' id='word_1_788' title='bbox 645 5044 833 5092; x_wconf 55' lang='lat' dir='ltr'><strong><em>astas.</em></strong></span> <span class='ocrx_word' id='word_1_789' title='bbox 904 5034 1026 5089; x_wconf 92' lang='lat'><strong><em>137.</em></strong></span> <span class='ocrx_word' id='word_1_790' title='bbox 1085 5034 1365 5103; x_wconf 88' lang='lat' dir='ltr'><strong><em>Quantum</em></strong></span> <span class='ocrx_word' id='word_1_791' title='bbox 1429 5033 1503 5088; x_wconf 89' lang='lat' dir='ltr'><strong><em>sit</em></strong></span> <span class='ocrx_word' id='word_1_792' title='bbox 1576 5033 1953 5104; x_wconf 82' lang='lat' dir='ltr'><strong><em>cuiuscunque</em></strong></span> 
     </span>
    </p>
   </div>
   <div class='ocr_carea' id='block_1_99' title="bbox 285 5117 1951 5197">
    <p class='ocr_par' dir='ltr' id='par_1_99' title="bbox 285 5117 1951 5197">
     <span class='ocr_line' id='line_1_99' title="bbox 285 5117 1951 5197; baseline 0.005 -26"><span class='ocrx_word' id='word_1_793' title='bbox 285 5117 532 5189; x_wconf 71' lang='lat' dir='ltr'><strong><em>planetae</em></strong></span> <span class='ocrx_word' id='word_1_794' title='bbox 578 5126 849 5181; x_wconf 84' lang='lat' dir='ltr'><strong><em>circuitus</em></strong></span> <span class='ocrx_word' id='word_1_795' title='bbox 888 5127 1120 5197; x_wconf 88' lang='lat' dir='ltr'><strong><em>tempus.</em></strong></span> <span class='ocrx_word' id='word_1_796' title='bbox 1173 5122 1294 5178; x_wconf 90' lang='lat'><strong><em>138.</em></strong></span> <span class='ocrx_word' id='word_1_797' title='bbox 1331 5122 1408 5178; x_wconf 91' lang='lat' dir='ltr'><strong><em>De</em></strong></span> <span class='ocrx_word' id='word_1_798' title='bbox 1455 5122 1630 5178; x_wconf 88' lang='lat' dir='ltr'><strong><em>stellis</em></strong></span> <span class='ocrx_word' id='word_1_799' title='bbox 1673 5122 1951 5179; x_wconf 89' lang='lat' dir='ltr'><strong><em>Dioscuris</em></strong></span> 
     </span>
    </p>
   </div>
   <div class='ocr_carea' id='block_1_100' title="bbox 285 5210 1946 5282">
    <p class='ocr_par' dir='ltr' id='par_1_100' title="bbox 285 5210 1946 5282">
     <span class='ocr_line' id='line_1_100' title="bbox 285 5210 1946 5282; baseline 0.004 -23"><span class='ocrx_word' id='word_1_800' title='bbox 285 5213 641 5279; x_wconf 83' lang='lat' dir='ltr'><strong><em>nuncupatis.</em></strong></span> <span class='ocrx_word' id='word_1_801' title='bbox 676 5214 797 5269; x_wconf 88' lang='lat'><strong><em>139.</em></strong></span> <span class='ocrx_word' id='word_1_802' title='bbox 834 5214 906 5269; x_wconf 90' lang='lat' dir='ltr'><strong><em>De</em></strong></span> <span class='ocrx_word' id='word_1_803' title='bbox 932 5214 1155 5269; x_wconf 89' lang='lat' dir='ltr'><strong><em>comete.</em></strong></span> <span class='ocrx_word' id='word_1_804' title='bbox 1192 5212 1315 5267; x_wconf 89' lang='grc'>140.</span> <span class='ocrx_word' id='word_1_805' title='bbox 1351 5214 1430 5267; x_wconf 90' lang='lat' dir='ltr'><strong><em>De</em></strong></span> <span class='ocrx_word' id='word_1_806' title='bbox 1458 5210 1653 5275; x_wconf 84' lang='lat' dir='ltr'><strong><em>imbre,</em></strong></span> <span class='ocrx_word' id='word_1_807' title='bbox 1686 5214 1740 5266; x_wconf 89' lang='lat' dir='ltr'><strong><em>et</em></strong></span> <span class='ocrx_word' id='word_1_808' title='bbox 1777 5227 1946 5282; x_wconf 88' lang='lat' dir='ltr'><strong><em>gran-</em></strong></span> 
     </span>
    </p>
   </div>
   <div class='ocr_carea' id='block_1_101' title="bbox 282 5293 1947 5372">
    <p class='ocr_par' dir='ltr' id='par_1_101' title="bbox 282 5293 1947 5372">
     <span class='ocr_line' id='line_1_101' title="bbox 282 5293 1947 5372; baseline 0.005 -25"><span class='ocrx_word' id='word_1_809' title='bbox 282 5293 432 5363; x_wconf 83' lang='lat' dir='ltr'><strong><em>dine,</em></strong></span> <span class='ocrx_word' id='word_1_810' title='bbox 463 5300 611 5369; x_wconf 87' lang='lat' dir='ltr'><strong><em>nive,</em></strong></span> <span class='ocrx_word' id='word_1_811' title='bbox 639 5304 847 5372; x_wconf 86' lang='lat' dir='ltr'><strong><em>pruina</em></strong></span> <span class='ocrx_word' id='word_1_812' title='bbox 877 5311 927 5358; x_wconf 91' lang='lat' dir='ltr'><strong><em>et</em></strong></span> <span class='ocrx_word' id='word_1_813' title='bbox 966 5318 1105 5356; x_wconf 89' lang='lat' dir='ltr'><strong><em>rore.</em></strong></span> <span class='ocrx_word' id='word_1_814' title='bbox 1144 5301 1266 5355; x_wconf 87' lang='grc'>141.</span> <span class='ocrx_word' id='word_1_815' title='bbox 1305 5303 1388 5355; x_wconf 92' lang='lat' dir='ltr'><strong><em>De</em></strong></span> <span class='ocrx_word' id='word_1_816' title='bbox 1434 5315 1568 5356; x_wconf 90' lang='lat' dir='ltr'><strong><em>rore</em></strong></span> <span class='ocrx_word' id='word_1_817' title='bbox 1614 5316 1861 5371; x_wconf 88' lang='lat' dir='ltr'><strong><em>rursum,</em></strong></span> <span class='ocrx_word' id='word_1_818' title='bbox 1891 5304 1947 5355; x_wconf 90' lang='lat' dir='ltr'><strong><em>et</em></strong></span> 
     </span>
    </p>
   </div>
   <div class='ocr_carea' id='block_1_102' title="bbox 277 5385 1943 5454">
    <p class='ocr_par' dir='ltr' id='par_1_102' title="bbox 277 5385 1943 5454">
     <span class='ocr_line' id='line_1_102' title="bbox 277 5385 1943 5454; baseline 0.005 -18"><span class='ocrx_word' id='word_1_819' title='bbox 277 5385 511 5454; x_wconf 79' lang='lat' dir='ltr'><strong><em>pruina.</em></strong></span> <span class='ocrx_word' id='word_1_820' title='bbox 565 5386 686 5444; x_wconf 87' lang='lat'><strong><em>142.</em></strong></span> <span class='ocrx_word' id='word_1_821' title='bbox 738 5392 817 5447; x_wconf 89' lang='lat' dir='ltr'><strong><em>De</em></strong></span> <span class='ocrx_word' id='word_1_822' title='bbox 864 5391 1025 5447; x_wconf 72' lang='lat' dir='ltr'><strong><em>iride.</em></strong></span> <span class='ocrx_word' id='word_1_823' title='bbox 1063 5389 1185 5446; x_wconf 80' lang='lat'><strong><em>143.</em></strong></span> <span class='ocrx_word' id='word_1_824' title='bbox 1234 5391 1306 5445; x_wconf 91' lang='lat' dir='ltr'><strong><em>De</em></strong></span> <span class='ocrx_word' id='word_1_825' title='bbox 1353 5404 1506 5445; x_wconf 91' lang='lat' dir='ltr'><strong><em>area.</em></strong></span> <span class='ocrx_word' id='word_1_826' title='bbox 1554 5389 1676 5444; x_wconf 89' lang='lat'><strong><em>144.</em></strong></span> <span class='ocrx_word' id='word_1_827' title='bbox 1728 5388 1801 5445; x_wconf 92' lang='lat' dir='ltr'><strong><em>De</em></strong></span> <span class='ocrx_word' id='word_1_828' title='bbox 1848 5389 1943 5444; x_wconf 89' lang='lat' dir='ltr'><strong><em>ba-</em></strong></span> 
     </span>
    </p>
   </div>
   <div class='ocr_carea' id='block_1_103' title="bbox 274 5472 1942 5551">
    <p class='ocr_par' dir='ltr' id='par_1_103' title="bbox 274 5472 1942 5551">
     <span class='ocr_line' id='line_1_103' title="bbox 274 5472 1942 5551; baseline 0.005 -26"><span class='ocrx_word' id='word_1_829' title='bbox 274 5472 436 5528; x_wconf 88' lang='lat' dir='ltr'><strong><em>culis.</em></strong></span> <span class='ocrx_word' id='word_1_830' title='bbox 485 5475 608 5532; x_wconf 89' lang='lat'><strong><em>145.</em></strong></span> <span class='ocrx_word' id='word_1_831' title='bbox 661 5480 736 5534; x_wconf 87' lang='lat' dir='ltr'><strong><em>De</em></strong></span> <span class='ocrx_word' id='word_1_832' title='bbox 779 5481 1096 5551; x_wconf 86' lang='lat' dir='ltr'><strong><em>parallelis.</em></strong></span> <span class='ocrx_word' id='word_1_833' title='bbox 1152 5479 1277 5534; x_wconf 88' lang='lat'><strong><em>146.</em></strong></span> <span class='ocrx_word' id='word_1_834' title='bbox 1328 5479 1403 5534; x_wconf 92' lang='lat' dir='ltr'><strong><em>De</em></strong></span> <span class='ocrx_word' id='word_1_835' title='bbox 1451 5478 1651 5534; x_wconf 81' lang='lat' dir='ltr'><strong><em>ventis.</em></strong></span> <span class='ocrx_word' id='word_1_836' title='bbox 1705 5478 1827 5534; x_wconf 88' lang='lat'><strong><em>147.</em></strong></span> <span class='ocrx_word' id='word_1_837' title='bbox 1867 5479 1942 5534; x_wconf 86' lang='lat' dir='ltr'><strong><em>De</em></strong></span> 
     </span>
    </p>
   </div>
   <div class='ocr_carea' id='block_1_104' title="bbox 274 5562 1936 5639">
    <p class='ocr_par' dir='ltr' id='par_1_104' title="bbox 274 5562 1936 5639">
     <span class='ocr_line' id='line_1_104' title="bbox 274 5562 1936 5639; baseline 0.004 -24"><span class='ocrx_word' id='word_1_838' title='bbox 274 5562 530 5632; x_wconf 86' lang='lat' dir='ltr'><strong><em>typhone.</em></strong></span> <span class='ocrx_word' id='word_1_839' title='bbox 598 5566 725 5621; x_wconf 88' lang='lat'><strong><em>148.</em></strong></span> <span class='ocrx_word' id='word_1_840' title='bbox 789 5569 866 5624; x_wconf 90' lang='lat' dir='ltr'><strong><em>De</em></strong></span> <span class='ocrx_word' id='word_1_841' title='bbox 924 5567 1215 5639; x_wconf 80' lang='lat' dir='ltr'><strong><em>ecnephia.</em></strong></span> <span class='ocrx_word' id='word_1_842' title='bbox 1268 5569 1392 5622; x_wconf 90' lang='lat'><strong><em>149.</em></strong></span> <span class='ocrx_word' id='word_1_843' title='bbox 1444 5568 1519 5622; x_wconf 88' lang='lat' dir='ltr'><strong><em>De</em></strong></span> <span class='ocrx_word' id='word_1_844' title='bbox 1580 5567 1936 5638; x_wconf 86' lang='lat' dir='ltr'><strong><em>fulminibus.</em></strong></span> 
     </span>
    </p>
   </div>
   <div class='ocr_carea' id='block_1_105' title="bbox 274 5649 1936 5726">
    <p class='ocr_par' dir='ltr' id='par_1_105' title="bbox 274 5649 1936 5726">
     <span class='ocr_line' id='line_1_105' title="bbox 274 5649 1936 5726; baseline 0.004 -23"><span class='ocrx_word' id='word_1_845' title='bbox 274 5649 398 5704; x_wconf 87' lang='grc'>150.</span> <span class='ocrx_word' id='word_1_846' title='bbox 448 5652 522 5709; x_wconf 90' lang='lat' dir='ltr'><strong><em>De</em></strong></span> <span class='ocrx_word' id='word_1_847' title='bbox 566 5664 828 5726; x_wconf 85' lang='lat' dir='ltr'><strong><em>prestere.</em></strong></span> <span class='ocrx_word' id='word_1_848' title='bbox 880 5658 1004 5711; x_wconf 86' lang='lat'><strong><em>151.</em></strong></span> <span class='ocrx_word' id='word_1_849' title='bbox 1064 5657 1340 5724; x_wconf 90' lang='lat' dir='ltr'><strong><em>Quomodo</em></strong></span> <span class='ocrx_word' id='word_1_850' title='bbox 1406 5656 1647 5711; x_wconf 87' lang='lat' dir='ltr'><strong><em>mundus</em></strong></span> <span class='ocrx_word' id='word_1_851' title='bbox 1710 5656 1936 5722; x_wconf 74' lang='lat' dir='ltr'><strong><em>coaluit,</em></strong></span> 
     </span>
    </p>
   </div>
   <div class='ocr_carea' id='block_1_106' title="bbox 269 5736 1938 5803">
    <p class='ocr_par' dir='ltr' id='par_1_106' title="bbox 269 5736 1938 5803">
     <span class='ocr_line' id='line_1_106' title="bbox 269 5736 1938 5803; baseline 0.004 -9"><span class='ocrx_word' id='word_1_852' title='bbox 269 5736 392 5796; x_wconf 85' lang='lat'><strong><em>152.</em></strong></span> <span class='ocrx_word' id='word_1_853' title='bbox 422 5741 506 5798; x_wconf 80' lang='lat' dir='ltr'><strong><em>An</em></strong></span> <span class='ocrx_word' id='word_1_854' title='bbox 550 5758 731 5799; x_wconf 90' lang='lat' dir='ltr'><strong><em>unum</em></strong></span> <span class='ocrx_word' id='word_1_855' title='bbox 771 5745 1116 5801; x_wconf 90' lang='lat' dir='ltr'><strong><em>universum.</em></strong></span> <span class='ocrx_word' id='word_1_856' title='bbox 1168 5746 1291 5801; x_wconf 88' lang='lat'><strong><em>153.</em></strong></span> <span class='ocrx_word' id='word_1_857' title='bbox 1325 5746 1401 5802; x_wconf 91' lang='lat' dir='ltr'><strong><em>De</em></strong></span> <span class='ocrx_word' id='word_1_858' title='bbox 1445 5761 1634 5803; x_wconf 89' lang='lat' dir='ltr'><strong><em>vacuo.</em></strong></span> <span class='ocrx_word' id='word_1_859' title='bbox 1692 5745 1812 5801; x_wconf 90' lang='lat'><strong><em>154.</em></strong></span> <span class='ocrx_word' id='word_1_860' title='bbox 1864 5747 1938 5801; x_wconf 86' lang='lat' dir='ltr'><strong><em>De</em></strong></span> 
     </span>
    </p>
   </div>
   <div class='ocr_carea' id='block_1_107' title="bbox 2070 4759 3738 4847">
    <p class='ocr_par' dir='ltr' id='par_1_107' title="bbox 2070 4759 3738 4847">
     <span class='ocr_line' id='line_1_107' title="bbox 2070 4759 3738 4847; baseline 0.009 -34"><span class='ocrx_word' id='word_1_861' title='bbox 2070 4759 2266 4831; x_wconf 76' lang='grc' dir='ltr'>μεταξὺ</span> <span class='ocrx_word' id='word_1_862' title='bbox 2321 4766 2423 4830; x_wconf 80' lang='grc' dir='ltr'><strong><em>τῆς</em></strong></span> <span class='ocrx_word' id='word_1_863' title='bbox 2472 4768 2576 4836; x_wconf 80' lang='grc' dir='ltr'><strong><em>γῆς</em></strong></span> <span class='ocrx_word' id='word_1_864' title='bbox 2630 4762 2721 4817; x_wconf 81' lang='grc' dir='ltr'><strong><em>καὶ</em></strong></span> <span class='ocrx_word' id='word_1_865' title='bbox 2778 4768 2876 4818; x_wconf 80' lang='grc' dir='ltr'><strong><em>τοῦ</em></strong></span> <span class='ocrx_word' id='word_1_866' title='bbox 2956 4763 3188 4841; x_wconf 82' lang='grc' dir='ltr'>οὐρανοῦ</span> <span class='ocrx_word' id='word_1_867' title='bbox 3268 4770 3584 4847; x_wconf 82' lang='grc' dir='ltr'><strong><em>στοιχείων,</em></strong></span> <span class='ocrx_word' id='word_1_868' title='bbox 3643 4774 3738 4827; x_wconf 84' lang='grc' dir='ltr'><strong><em>καὶ</em></strong></span> 
     </span>
    </p>
   </div>
   <div class='ocr_carea' id='block_1_108' title="bbox 2060 4849 3729 4941">
    <p class='ocr_par' dir='ltr' id='par_1_108' title="bbox 2060 4849 3729 4941">
     <span class='ocr_line' id='line_1_108' title="bbox 2060 4849 3729 4941; baseline 0.009 -39"><span class='ocrx_word' id='word_1_869' title='bbox 2060 4853 2169 4902; x_wconf 92' lang='grc' dir='ltr'><strong><em>τῶν</em></strong></span> <span class='ocrx_word' id='word_1_870' title='bbox 2229 4849 2354 4923; x_wconf 83' lang='grc' dir='ltr'>περὶ</span> <span class='ocrx_word' id='word_1_871' title='bbox 2428 4854 2598 4906; x_wconf 74' lang='grc' dir='ltr'>ταῦτα</span> <span class='ocrx_word' id='word_1_872' title='bbox 2674 4857 2883 4916; x_wconf 79' lang='grc' dir='ltr'>παθῶν.</span> <span class='ocrx_word' id='word_1_873' title='bbox 2946 4855 3077 4929; x_wconf 79' lang='grc' dir='ltr'>Περὶ</span> <span class='ocrx_word' id='word_1_874' title='bbox 3154 4856 3337 4933; x_wconf 74' lang='grc' dir='ltr'>ἀέρος,</span> <span class='ocrx_word' id='word_1_875' title='bbox 3391 4860 3479 4915; x_wconf 83' lang='grc' dir='ltr'><strong><em>καὶ</em></strong></span> <span class='ocrx_word' id='word_1_876' title='bbox 3533 4861 3729 4941; x_wconf 68' lang='grc' dir='ltr'>πυρὸς,</span> 
     </span>
    </p>
   </div>
   <div class='ocr_carea' id='block_1_109' title="bbox 2060 4936 3725 5024">
    <p class='ocr_par' dir='ltr' id='par_1_109' title="bbox 2060 4936 3725 5024">
     <span class='ocr_line' id='line_1_109' title="bbox 2060 4936 3725 5024; baseline 0.009 -33"><span class='ocrx_word' id='word_1_877' title='bbox 2060 4936 2149 4991; x_wconf 86' lang='grc' dir='ltr'><strong><em>καὶ</em></strong></span> <span class='ocrx_word' id='word_1_878' title='bbox 2194 4943 2388 5017; x_wconf 64' lang='grc' dir='ltr'>νεφῶν,</span> <span class='ocrx_word' id='word_1_879' title='bbox 2437 4940 2526 4994; x_wconf 76' lang='grc' dir='ltr'><strong><em>γαὶ</em></strong></span> <span class='ocrx_word' id='word_1_880' title='bbox 2579 4940 2770 5010; x_wconf 80' lang='grc' dir='ltr'><strong><em>ὑετῶν,</em></strong></span> <span class='ocrx_word' id='word_1_881' title='bbox 2810 4942 2899 4997; x_wconf 81' lang='grc' dir='ltr'><strong><em>καὶ</em></strong></span> <span class='ocrx_word' id='word_1_882' title='bbox 2955 4943 3268 5019; x_wconf 82' lang='grc' dir='ltr'>ἀστραπῶν,</span> <span class='ocrx_word' id='word_1_883' title='bbox 3317 4948 3407 5003; x_wconf 81' lang='grc' dir='ltr'><strong><em>καὶ</em></strong></span> <span class='ocrx_word' id='word_1_884' title='bbox 3461 4936 3725 5024; x_wconf 61' lang='grc' dir='ltr'>βροντῶν.</span> 
     </span>
    </p>
   </div>
   <div class='ocr_carea' id='block_1_110' title="bbox 2060 5026 3729 5114">
    <p class='ocr_par' dir='ltr' id='par_1_110' title="bbox 2060 5026 3729 5114">
     <span class='ocr_line' id='line_1_110' title="bbox 2060 5026 3729 5114; baseline 0.008 -34"><span class='ocrx_word' id='word_1_885' title='bbox 2060 5026 2190 5101; x_wconf 82' lang='grc' dir='ltr'><strong><em>Περὶ</em></strong></span> <span class='ocrx_word' id='word_1_886' title='bbox 2249 5033 2511 5113; x_wconf 12' lang='grc' dir='ltr'>σεῆισμῶν.</span> <span class='ocrx_word' id='word_1_887' title='bbox 2563 5030 2694 5105; x_wconf 81' lang='grc' dir='ltr'>Περὶ</span> <span class='ocrx_word' id='word_1_888' title='bbox 2774 5033 3035 5104; x_wconf 78' lang='grc' dir='ltr'>κομήτων</span> <span class='ocrx_word' id='word_1_889' title='bbox 3094 5033 3357 5110; x_wconf 68' lang='grc' dir='ltr'>ἀστέρων.</span> <span class='ocrx_word' id='word_1_890' title='bbox 3418 5039 3549 5114; x_wconf 77' lang='grc' dir='ltr'><strong><em>Περί</em></strong></span> <span class='ocrx_word' id='word_1_891' title='bbox 3607 5038 3729 5094; x_wconf 71' lang='grc' dir='ltr'><strong><em>ἀνέ-</em></strong></span> 
     </span>
    </p>
   </div>
   <div class='ocr_carea' id='block_1_111' title="bbox 2062 5108 3723 5203">
    <p class='ocr_par' dir='ltr' id='par_1_111' title="bbox 2062 5108 3723 5203">
     <span class='ocr_line' id='line_1_111' title="bbox 2062 5108 3723 5203; baseline 0.008 -34"><span class='ocrx_word' id='word_1_892' title='bbox 2062 5136 2199 5189; x_wconf 89' lang='grc' dir='ltr'>μων.</span> <span class='ocrx_word' id='word_1_893' title='bbox 2253 5108 2381 5193; x_wconf 62' lang='lat' dir='ltr'><strong><em>nep?</em></strong></span> <span class='ocrx_word' id='word_1_894' title='bbox 2432 5116 2630 5195; x_wconf 60' lang='grc' dir='ltr'>ἴριδος.</span> <span class='ocrx_word' id='word_1_895' title='bbox 2668 5119 2798 5203; x_wconf 74' lang='grc' dir='ltr'>Περὶ</span> <span class='ocrx_word' id='word_1_896' title='bbox 2850 5117 2990 5177; x_wconf 81' lang='grc' dir='ltr'>ἅλω.</span> <span class='ocrx_word' id='word_1_897' title='bbox 3025 5122 3154 5197; x_wconf 80' lang='grc' dir='ltr'>Περὶ</span> <span class='ocrx_word' id='word_1_898' title='bbox 3212 5108 3505 5201; x_wconf 68' lang='grc' dir='ltr'>σχήματος</span> <span class='ocrx_word' id='word_1_899' title='bbox 3559 5126 3723 5203; x_wconf 84' lang='grc' dir='ltr'>οὐρα-</span> 
     </span>
    </p>
   </div>
   <div class='ocr_carea' id='block_1_112' title="bbox 2054 5202 3726 5292">
    <p class='ocr_par' dir='ltr' id='par_1_112' title="bbox 2054 5202 3726 5292">
     <span class='ocr_line' id='line_1_112' title="bbox 2054 5202 3726 5292; baseline 0.008 -34"><span class='ocrx_word' id='word_1_900' title='bbox 2054 5208 2171 5292; x_wconf 80' lang='grc' dir='ltr'>νοῦ.</span> <span class='ocrx_word' id='word_1_901' title='bbox 2207 5206 2336 5280; x_wconf 81' lang='grc' dir='ltr'><strong><em>Περί</em></strong></span> <span class='ocrx_word' id='word_1_902' title='bbox 2366 5206 2601 5281; x_wconf 84' lang='grc' dir='ltr'>κόσμου,</span> <span class='ocrx_word' id='word_1_903' title='bbox 2634 5207 2678 5263; x_wconf 86' lang='grc' dir='ltr'><strong>εἰ</strong></span> <span class='ocrx_word' id='word_1_904' title='bbox 2706 5202 2960 5284; x_wconf 76' lang='grc' dir='ltr'>ἔμψυχος</span> <span class='ocrx_word' id='word_1_905' title='bbox 3014 5209 3042 5264; x_wconf 88' lang='grc' dir='ltr'>ὁ</span> <span class='ocrx_word' id='word_1_906' title='bbox 3090 5211 3324 5286; x_wconf 81' lang='grc' dir='ltr'>κόσμος,</span> <span class='ocrx_word' id='word_1_907' title='bbox 3354 5215 3444 5270; x_wconf 85' lang='grc' dir='ltr'><strong><em>καὶ</em></strong></span> <span class='ocrx_word' id='word_1_908' title='bbox 3492 5202 3726 5292; x_wconf 77' lang='grc' dir='ltr'>προνοίᾳ</span> 
     </span>
    </p>
   </div>
   <div class='ocr_carea' id='block_1_113' title="bbox 2055 5291 3721 5379">
    <p class='ocr_par' dir='ltr' id='par_1_113' title="bbox 2055 5291 3721 5379">
     <span class='ocr_line' id='line_1_113' title="bbox 2055 5291 3721 5379; baseline 0.008 -31"><span class='ocrx_word' id='word_1_909' title='bbox 2055 5291 2450 5369; x_wconf 75' lang='grc' dir='ltr'>διοικούμενος,</span> <span class='ocrx_word' id='word_1_910' title='bbox 2512 5296 2642 5374; x_wconf 82' lang='grc' dir='ltr'>Περὶ</span> <span class='ocrx_word' id='word_1_911' title='bbox 2690 5298 2892 5368; x_wconf 77' lang='grc' dir='ltr'>τάξεως</span> <span class='ocrx_word' id='word_1_912' title='bbox 2960 5297 3197 5370; x_wconf 86' lang='grc' dir='ltr'>κόσμου.</span> <span class='ocrx_word' id='word_1_913' title='bbox 3258 5303 3387 5379; x_wconf 84' lang='grc' dir='ltr'>Περὶ</span> <span class='ocrx_word' id='word_1_914' title='bbox 3463 5291 3564 5375; x_wconf 74' lang='grc' dir='ltr'><strong><em>τῆς</em></strong></span> <span class='ocrx_word' id='word_1_915' title='bbox 3620 5311 3721 5361; x_wconf 74' lang='grc' dir='ltr'>τοῖ’)</span> 
     </span>
    </p>
   </div>
   <div class='ocr_carea' id='block_1_114' title="bbox 2051 5383 3721 5463">
    <p class='ocr_par' dir='ltr' id='par_1_114' title="bbox 2051 5383 3721 5463">
     <span class='ocr_line' id='line_1_114' title="bbox 2051 5383 3721 5463; baseline 0.007 -26"><span class='ocrx_word' id='word_1_916' title='bbox 2051 5383 2262 5457; x_wconf 79' lang='grc' dir='ltr'>κόσμου</span> <span class='ocrx_word' id='word_1_917' title='bbox 2312 5384 2631 5460; x_wconf 78' lang='grc' dir='ltr'><strong><em>ἐγκλίσεως.</em></strong></span> <span class='ocrx_word' id='word_1_918' title='bbox 2664 5386 2796 5463; x_wconf 83' lang='grc' dir='ltr'>Περὶ</span> <span class='ocrx_word' id='word_1_919' title='bbox 2846 5392 2964 5457; x_wconf 81' lang='grc' dir='ltr'>τοῦ,</span> <span class='ocrx_word' id='word_1_920' title='bbox 3000 5387 3047 5443; x_wconf 74' lang='grc' dir='ltr'>εἰ</span> <span class='ocrx_word' id='word_1_921' title='bbox 3096 5384 3207 5446; x_wconf 78' lang='grc' dir='ltr'>ἔστι</span> <span class='ocrx_word' id='word_1_922' title='bbox 3238 5394 3391 5449; x_wconf 86' lang='grc' dir='ltr'>κενὸν</span> <span class='ocrx_word' id='word_1_923' title='bbox 3424 5393 3579 5458; x_wconf 56' lang='lat' dir='ltr'><strong><em>tua;</em></strong></span> <span class='ocrx_word' id='word_1_924' title='bbox 3624 5400 3721 5451; x_wconf 72' lang='grc' dir='ltr'><strong><em>τοῦ</em></strong></span> 
     </span>
    </p>
   </div>
   <div class='ocr_carea' id='block_1_115' title="bbox 2049 5471 3721 5559">
    <p class='ocr_par' dir='ltr' id='par_1_115' title="bbox 2049 5471 3721 5559">
     <span class='ocr_line' id='line_1_115' title="bbox 2049 5471 3721 5559; baseline 0.009 -32"><span class='ocrx_word' id='word_1_925' title='bbox 2049 5472 2286 5548; x_wconf 81' lang='grc' dir='ltr'>κόσμου.</span> <span class='ocrx_word' id='word_1_926' title='bbox 2324 5474 2387 5533; x_wconf 73' lang='lat' dir='ltr'><strong><em>El</em></strong></span> <span class='ocrx_word' id='word_1_927' title='bbox 2437 5471 2733 5555; x_wconf 74' lang='grc' dir='ltr'>ἄφθαρτος,</span> <span class='ocrx_word' id='word_1_928' title='bbox 2762 5478 2791 5532; x_wconf 84' lang='grc' dir='ltr'>ὁ</span> <span class='ocrx_word' id='word_1_929' title='bbox 2834 5476 3063 5551; x_wconf 88' lang='grc' dir='ltr'>κόσμος.</span> <span class='ocrx_word' id='word_1_930' title='bbox 3110 5480 3236 5536; x_wconf 84' lang='grc' dir='ltr'>Τίνα</span> <span class='ocrx_word' id='word_1_931' title='bbox 3286 5479 3434 5554; x_wconf 77' lang='grc' dir='ltr'>δεξιὰ</span> <span class='ocrx_word' id='word_1_932' title='bbox 3482 5485 3721 5559; x_wconf 82' lang='grc' dir='ltr'>κόσμου,</span> 
     </span>
    </p>
   </div>
   <div class='ocr_carea' id='block_1_116' title="bbox 2047 5563 3713 5645">
    <p class='ocr_par' dir='ltr' id='par_1_116' title="bbox 2047 5563 3713 5645">
     <span class='ocr_line' id='line_1_116' title="bbox 2047 5563 3713 5645; baseline 0.009 -29"><span class='ocrx_word' id='word_1_933' title='bbox 2047 5564 2139 5617; x_wconf 72' lang='grc' dir='ltr'><strong><em>καὶ</em></strong></span> <span class='ocrx_word' id='word_1_934' title='bbox 2194 5563 2313 5619; x_wconf 85' lang='grc' dir='ltr'>τίνα</span> <span class='ocrx_word' id='word_1_935' title='bbox 2361 5565 2428 5619; x_wconf 71' lang='grc' dir='ltr'>τὶ</span> <span class='ocrx_word' id='word_1_936' title='bbox 2478 5565 2758 5642; x_wconf 79' lang='grc' dir='ltr'>ἀριστερά.</span> <span class='ocrx_word' id='word_1_937' title='bbox 2819 5565 2911 5630; x_wconf 86' lang='grc' dir='ltr'>Τίς</span> <span class='ocrx_word' id='word_1_938' title='bbox 2966 5568 3001 5635; x_wconf 85' lang='grc' dir='ltr'><strong>ἡ</strong></span> <span class='ocrx_word' id='word_1_939' title='bbox 3058 5572 3159 5623; x_wconf 72' lang='grc' dir='ltr'><strong><em>τοῦ</em></strong></span> <span class='ocrx_word' id='word_1_940' title='bbox 3217 5569 3449 5645; x_wconf 76' lang='grc' dir='ltr'>οὐρανοῦ</span> <span class='ocrx_word' id='word_1_941' title='bbox 3529 5573 3713 5634; x_wconf 82' lang='grc' dir='ltr'>οὐσία.</span> 
     </span>
    </p>
   </div>
   <div class='ocr_carea' id='block_1_117' title="bbox 2047 5653 3720 5738">
    <p class='ocr_par' dir='ltr' id='par_1_117' title="bbox 2047 5653 3720 5738">
     <span class='ocr_line' id='line_1_117' title="bbox 2047 5653 3720 5738; baseline 0.008 -32"><span class='ocrx_word' id='word_1_942' title='bbox 2047 5653 2179 5726; x_wconf 81' lang='grc' dir='ltr'>Περὶ</span> <span class='ocrx_word' id='word_1_943' title='bbox 2231 5658 2339 5708; x_wconf 86' lang='grc' dir='ltr'><strong><em>τῶν</em></strong></span> <span class='ocrx_word' id='word_1_944' title='bbox 2391 5654 2443 5709; x_wconf 77' lang='grc' dir='ltr'>ἐν</span> <span class='ocrx_word' id='word_1_945' title='bbox 2488 5661 2702 5731; x_wconf 82' lang='grc' dir='ltr'>ουρανῷ</span> <span class='ocrx_word' id='word_1_946' title='bbox 2732 5654 3047 5730; x_wconf 77' lang='grc' dir='ltr'>νοουμένων</span> <span class='ocrx_word' id='word_1_947' title='bbox 3079 5656 3323 5720; x_wconf 86' lang='grc' dir='ltr'>κύκλων.</span> <span class='ocrx_word' id='word_1_948' title='bbox 3363 5665 3492 5738; x_wconf 82' lang='grc' dir='ltr'>Περὶ</span> <span class='ocrx_word' id='word_1_949' title='bbox 3522 5664 3720 5733; x_wconf 36' lang='grc' dir='ltr'>,οὐσίας</span> 
     </span>
    </p>
   </div>
   <div class='ocr_carea' id='block_1_118' title="bbox 2047 5740 3719 5828">
    <p class='ocr_par' dir='ltr' id='par_1_118' title="bbox 2047 5740 3719 5828">
     <span class='ocr_line' id='line_1_118' title="bbox 2047 5740 3719 5828; baseline 0.008 -33"><span class='ocrx_word' id='word_1_950' title='bbox 2047 5740 2306 5818; x_wconf 71' lang='grc' dir='ltr'>ἀστέρων.</span> <span class='ocrx_word' id='word_1_951' title='bbox 2342 5744 2473 5822; x_wconf 81' lang='grc' dir='ltr'><strong><em>Περὶ</em></strong></span> <span class='ocrx_word' id='word_1_952' title='bbox 2505 5748 2798 5822; x_wconf 81' lang='grc' dir='ltr'>σχήματος</span> <span class='ocrx_word' id='word_1_953' title='bbox 2830 5743 3094 5823; x_wconf 68' lang='grc' dir='ltr'>ἀστέρων.</span> <span class='ocrx_word' id='word_1_954' title='bbox 3129 5749 3265 5828; x_wconf 74' lang='grc' dir='ltr'>Περὶ</span> <span class='ocrx_word' id='word_1_955' title='bbox 3300 5758 3407 5822; x_wconf 82' lang='grc' dir='ltr'><strong><em>τῆς</em></strong></span> <span class='ocrx_word' id='word_1_956' title='bbox 3431 5756 3542 5810; x_wconf 85' lang='grc' dir='ltr'><strong><em>τῶν</em></strong></span> <span class='ocrx_word' id='word_1_957' title='bbox 3566 5755 3719 5810; x_wconf 73' lang='grc' dir='ltr'>ἀστέ-</span> 
     </span>
    </p>
   </div>
  </div>
