4122 6394
381 430 511 490 529
1642 428 2018 493 DIATRIBA
2065 430 2170 491 DE
2211 431 2560 494 PSELLIS.
3691 432 3824 499 5.3.0;

388 582 501 637 ρων
557 566 762 640 φορᾶς.
838 563 1008 626 Πόθεν
1088 562 1413 638 φωτίζονται
1480 564 1537 617 οἱ
1615 563 1852 636 ἀστὲρες.
1917 565 2041 624 11ῶς
2072 565 2222 637 Ατῃ
2251 560 2311 618 δὲ
2364 567 2461 618 τοῦ
2509 560 2859 639 Προδρόμου,
2907 564 2998 619 καὶ
3044 564 3292 636 καθεξῆς,
3330 559 3436 626 ἕως
3478 566 3587 619 τῶν
3647 563 3803 618 ἑπτά.

386 651 631 726 γίνονται
703 651 756 704 οἱ
814 651 1069 728 τέσσαρες
1120 652 1325 726 καιροί.
1386 652 1514 728 Περὶ
1569 653 1826 728 μεγέθους
1879 649 2012 721 ήλίο

2160 655 2341 722 Quare
2385 656 2571 726 angeli
2616 655 2793 725 atati,
2843 657 3130 722 coronati,
3197 655 3377 724 ﬁgura
3422 654 3690 719 humana,
3747 659 3801 709 et

382 740 476 796 καὶ
537 738 794 810 σελήνης.
855 741 985 816 Περὶ
1039 747 1141 811 τῆς
1199 746 1296 796 τοῦ
1342 741 1507 812 ἡλίου
1557 740 1874 816 ἐκλείψεως.
1917 746 2019 815 Περ

2155 745 2431 814 sphaeram
2463 747 2519 800 in
2551 746 2812 799 manibus
2839 743 3606 815 gestantes,depingantur,et
3635 759 3808 814 quare

383 829 594 898 οὐσίας,
649 827 740 883 καὶ
797 835 1094 906 φωτισμῶν
1151 830 1408 902 σελήνης,
1440 831 1528 886 καὶ
1580 833 1885 906 σχήπατος.
1919 835 2019 904 Περ

2157 848 2350 888 eorum
2379 835 2817 890 commemoratio
2846 834 2908 904 ﬁt
2952 835 3104 904 feria
3147 832 3388 888 secunda
3434 832 3803 898 hebdomadas,

383 916 688 991 ἐκλείψεως
718 915 977 989 σελήνης.
1009 920 1127 974 Ἔτι
1155 919 1278 994 περὶ
1311 919 1607 993 ἐκλείψεως
1662 919 1921 990 σελήνης·
1955 918 2017 976 Εἰ

2152 923 2303 993 feria
2354 939 2478 979 vero
2527 926 2698 979 tertia
2746 925 3140 989 Praecursoris,
3189 926 3243 979 et
3292 923 3374 979 sic
3420 922 3674 993 deinceps
3709 939 3808 992 per

382 1007 592 1070 πόσους
665 1006 905 1069 κύκλους
985 1004 1272 1082 διαιρεῖται
1333 1010 1361 1064 ὁ
1424 1007 1688 1082 οὐρανός.
1767 1007 1900 1080 Περὶ
1948 1013 2048 1078 τῆς
2154 1015 2356 1082 septem
2385 1012 2521 1068 dies.
2556 1017 2616 1068 P.
2652 1011 2781 1086 Περὶ
2831 1010 2925 1084 μὲν
2973 1013 3071 1065 τοῦ
3116 1008 3622 1087 ἀνθρωπομόρφους
3672 1010 3804 1064 εἶναι

385 1101 496 1152 τῶν
556 1097 792 1172 ἀστέρων
872 1102 1040 1175 φορᾶς
1095 1099 1186 1152 καὶ
1251 1099 1556 1169 κινήσεως.
1619 1097 1786 1155 Πόθεν
1845 1095 1905 1151 ἂν
1963 1117 2048 1161 τις
2151 1099 2304 1161 τούς.
2837 1118 2846 1128 ’

390 1185 546 1260 γνοίη
608 1179 963 1258 Ἑλληνικαῖς
1012 1184 1312 1260 ἀποδείξεσι
1369 1189 1468 1258 την
1520 1192 1618 1242 τοῦ
1674 1187 1885 1260 κόσμου
1915 1208 2043 1241 συν·
2224 1188 2320 1250 Εἷς
2347 1189 2410 1244 τὸ
2442 1188 2760 1265 θεολογικὸν
2796 1187 2985 1265 ῥητὸν,
3023 1185 3167 1244 διατί
3201 1189 3368 1262 μονὰς
3393 1186 3484 1243 ἀπ’
3509 1187 3692 1264 ἀρχῆς
3724 1186 3804 1250 εἷς

390 1272 620 1330 τὲλειαν.
676 1279 903 1333 Terram
936 1294 1054 1333 esse
1081 1278 1437 1349 sphaericam,
1471 1281 1530 1334 in
1561 1279 1747 1334 medio
1793 1281 2014 1333 univers

2153 1274 2322 1332 δυάδα
2350 1283 2629 1348 κινηθεῖσα
2662 1279 2831 1354 μέχρι
2860 1276 3083 1354 τριάδος
3113 1275 3266 1348 ἔστη.
3314 1283 3382 1336 In
3427 1278 3800 1350 theologicam

384 1366 574 1420 sitam.
608 1368 682 1422 De
712 1375 874 1425 terrae
921 1369 1320 1437 magnitudine.
1373 1369 1686 1424 Horizontis
1729 1368 2038 1437 descriptio.
2148 1368 2376 1438 dictum,
2425 1386 2596 1441 quare
2640 1373 2830 1425 unitas
2877 1387 2910 1424 a
2935 1371 3214 1441 principio
3247 1370 3303 1424 in
3337 1369 3623 1424 binarium
3651 1373 3799 1424 mota

379 1455 456 1510 De
481 1456 767 1511 elementis
814 1459 961 1511 inter
1006 1462 1212 1512 terram
1263 1462 1314 1512 et
1351 1456 1572 1523 caelum,
1604 1463 1656 1512 et
1685 1473 1876 1513 eorum
1903 1457 2009 1527 a/fe

2149 1459 2207 1512 in
2240 1461 2484 1514 ternario
2513 1459 2770 1515 consedit.
2804 1459 2864 1514 Ρ·
2899 1456 3015 1514 Οὐκ
3044 1456 3434 1532 ἀποκρύψομαι
3465 1457 3602 1531 πρὸς
3633 1455 3794 1528 ὑμᾶς,

374 1543 574 1598 ctibus.
606 1544 680 1599 De
709 1561 852 1613 aere,
883 1556 936 1600 et
967 1549 1115 1616 igne,
1146 1556 1197 1602 et
1226 1545 1456 1617 pluviis,
1486 1551 1538 1601 et
1583 1547 1938 1616 fulminibus,
1989 1555 2040 1600 et
2149 1545 2193 1598 ὦ
2224 1543 2499 1614 φίλτατοι.
2528 1548 2590 1604 In
2623 1548 2777 1604 idem
2805 1547 3026 1604 dictum
3057 1547 3172 1618 legi
3199 1552 3256 1603 et
3282 1546 3514 1620 Georgii
3538 1549 3795 1618 Acropo-

375 1635 664 1689 tonitruis.
706 1635 777 1690 De
805 1639 968 1690 terrm
997 1637 1254 1691 motibus.
1305 1637 1380 1690 De
1425 1637 1666 1691 cometis.
1716 1635 1788 1690 De
1840 1634 2034 1689 ventis.
2145 1635 2262 1691 lita
2291 1637 2854 1710 interpretationem.

372 1722 449 1776 De
480 1722 649 1791 iride,
698 1725 774 1779 De
819 1741 978 1780 arcu.
1023 1726 1098 1780 De
1153 1726 1326 1796 ﬁgura
1370 1726 1517 1780 caeli.
1570 1726 1642 1780 De
1682 1723 1907 1780 mundo.
1952 1725 2019 1778 Ar

2215 1723 2382 1788 Λύσις
2419 1732 2521 1794 τῆς
2574 1729 2762 1791 κοινῆς
2802 1724 3034 1801 ἀπορίας
3083 1724 3334 1780 ἀπάντων
3383 1729 3490 1780 τῶν
3537 1723 3639 1796 ἔξω
3693 1727 3793 1778 τοῦ

370 1812 617 1866 mundus
645 1814 950 1881 animetur,
981 1818 1032 1868 et
1062 1814 1411 1885 prouidentia
1435 1814 1802 1886 gubernetur.
1837 1815 1910 1869 De
1933 1829 2019 1869 or-

2147 1815 2414 1890 ἡμετέρου
2447 1812 2722 1891 δόγματος
2768 1819 2875 1869 τῶν
2923 1819 3292 1892 Χριστιανῶν,
3342 1813 3408 1884 ἥν
3452 1811 3596 1870 οὕτω
3627 1833 3793 1888 προσ-

369 1902 508 1956 dine
535 1902 752 1957 mundi.
788 1903 864 1958 De
911 1904 1278 1960 inclinatione
1308 1904 1523 1959 mundi.
1553 1905 1634 1959 An
1668 1908 1828 1960 extra
1867 1920 2019 1959 mun-

2147 1902 2364 1981 φέρουσι
2392 1903 2666 1980 λέγοντες.
2695 1903 2788 1966 Τίς
2817 1907 2882 1974 ἦν
2936 1902 3200 1982 ἀναγκαία
3243 1903 3408 1980 χρεία
3454 1905 3489 1973 ἡ
3539 1901 3791 1958 κατεπεί-

371 1990 509 2045 dum
539 2009 776 2047 vacuum
823 1996 914 2048 sil.
966 1994 1049 2048 An
1096 1994 1338 2049 mundus
1381 1994 1843 2066 incorruptibilis.
1900 1994 2019 2062 Qua

2147 2013 2314 2066 γουσα
2363 1994 2463 2061 τὴν
2511 1993 2824 2048 πανταιτίαν
2874 1993 3162 2067 οὐρανόθεν
3211 1990 3515 2060 κατελθεῖν,
3565 1992 3656 2046 καὶ
3712 1995 3792 2063 τῷ

371 2081 569 2137 dextra
599 2083 822 2150 mundi,
856 2099 975 2156 quae
1000 2087 1050 2140 et
1078 2086 1338 2140 sinislra.
1366 2085 1502 2154 Quae
1533 2085 1658 2140 creti
1685 2085 2019 2140 essentiaﬂc

2147 2081 2466 2158 ἀνθρωπείῳ
2511 2082 2650 2158 γένει
2704 2077 3105 2158 συγκαταϐῆναι
3136 2129 3150 2155 ,
3210 2074 3302 2137 καὶ
3345 2087 3646 2158 τεχθῆναι,
3699 2079 3790 2135 καὶ

376 2170 630 2241 circulis,
680 2188 811 2243 quos
862 2174 924 2228 in
982 2173 1122 2230 c0310
1167 2175 1570 2246 imaginamur.
1624 2174 1698 2229 De
1743 2174 2019 2230 stellarum

2147 2169 2312 2226 πάντα
2355 2172 2422 2226 τὰ
2470 2171 2783 2246 ἀνθρώπινα
2831 2173 2978 2242 πάθη
3024 2172 3344 2244 ὑποστῆναι,
3395 2171 3486 2225 καὶ
3549 2163 3807 2244 σταυρωι-Δ

379 2263 637 2317 essentia.
668 2263 740 2318 De
767 2263 1059 2318 stellarum
1089 2264 1289 2335 ﬁgura.
1343 2264 1414 2320 De
1463 2264 1756 2319 stellarum
1805 2264 2019 2319 latione.

2147 2262 2327 2331 θῆναι,
2386 2261 2476 2315 καὶ
2533 2268 2801 2340 ταφῆναι,
2866 2261 2956 2316 καὶ
3029 2262 3370 2330 ἀναστῆναις
3424 2261 3484 2314 Τί
3543 2258 3648 2336 γὰρ
3695 2259 3794 2314 οὐκ

385 2349 538 2408 Unde
565 2350 735 2408 stellae
767 2353 953 2408 lumen
983 2353 1241 2408 habeant.
1294 2353 1570 2422 Quomodo
1616 2353 1756 2424 ﬁant
1796 2355 2019 2424 quatuor

2147 2348 2374 2421 ἠδύνατο
2431 2350 2652 2423 νεύματι
2729 2349 2876 2424 μόνῳ
2938 2354 3107 2405 σῶσαι
3161 2351 3251 2404 τὸν
3303 2351 3511 2404 ἅπαντα
3557 2347 3786 2421 κόσμον,

374 2445 734 2513 tempestates.
766 2443 836 2498 De
866 2444 1256 2514 magnitudine
1281 2444 1412 2499 solis
1441 2451 1491 2499 et
1526 2445 1702 2500 lunae.
1765 2439 1836 2500 De
1875 2444 2028 2516 defe-

368 2539 468 2586 ctu
515 2531 665 2586 solis.
714 2532 788 2586 De
835 2534 1076 2588 essentia
1125 2540 1177 2588 et
1235 2533 1740 2589 illuminalionibus
1781 2535 1935 2590 lunae
1974 2544 2028 2589 et

370 2619 580 2691 ﬁgura.
633 2621 702 2676 De
746 2623 965 2691 defectu
1014 2622 1184 2678 lunae.
1246 2622 1443 2678 Adhuc
1480 2622 1545 2678 de
1593 2623 1812 2694 defectu
1859 2624 2024 2679 lunae.

366 2709 434 2765 In
467 2715 600 2782 quot
628 2711 866 2767 circulos
895 2711 1091 2766 calum
1130 2711 1430 2768 dividatur.
1485 2717 1566 2768 De
1592 2711 1894 2767 stellarum
1940 2713 2023 2769 la-

369 2800 530 2853 tione
552 2802 604 2854 et
631 2809 806 2856 motu.
848 2799 1125 2869 Quomodo
1156 2802 1281 2872 quis
1311 2817 1380 2857 ex
1408 2802 1654 2870 gentium
1683 2801 2024 2859 demonstra.

365 2889 619 2946 tionibus
647 2891 854 2946 mundi
878 2891 1044 2962 ﬁnem
1075 2892 1654 2962 cognoscet.Ejusdem
1689 2894 2023 2964 argumenti

364 2983 481 3046 est,
514 2983 572 3034 et
619 2979 772 3036 alius
819 2980 1434 3050 ejusdemtractstus.
1495 2977 1751 3054 Ἀπορίαι
1804 2979 2022 3058 φυσικαί

361 3065 458 3121 καὶ
505 3063 748 3139 λογικαί.
799 3067 975 3123 Dubia
1022 3069 1325 3125 naturalia
1383 3077 1434 3124 et
1483 3069 1684 3140 logica,
1717 3069 1819 3140 qui
1874 3070 2020 3126 inci-

364 3157 491 3228 pit:
525 3153 738 3210 Πολλοὶ
773 3155 868 3227 μὲν
899 3153 1208 3232 πολλαχῶς
1235 3159 1343 3210 τῶν
1379 3155 1648 3232 ἀρχαίων,
1682 3162 1739 3214 et
1785 3159 1884 3214 alii
1909 3161 2020 3217 sub

360 3245 616 3302 diversis
663 3245 856 3301 titulis
906 3249 964 3302 et
995 3245 1322 3318 principiis,
1358 3247 1459 3318 qui
1490 3248 1692 3304 eadem
1721 3253 1783 3303 ut
1833 3249 2014 3319 pluri-

362 3353 532 3391 mum
567 3335 890 3392 continent.
960 3303 1158 3408 Neque
1187 3303 1260 3391 in)
1308 3303 1420 3392 [his
1462 3303 1691 3393 diversa
1721 3303 2017 3409 videntur,
2050 3303 2093 3370 Ο

361 3441 499 3498 quas
528 3425 640 3480 sub
660 3425 836 3480 variis
857 3424 1051 3481 titulis
1081 3425 1139 3480 in
1165 3426 1518 3482 bibliotheca
1539 3428 1695 3499 regis
1717 3428 2016 3484 Gallorum

356 3515 662 3587 leguntur.
723 3513 1027 3571 Solutiones
1055 3517 1424 3587 qwstionum
1446 3517 1517 3572 ad
1548 3519 1873 3573 Michaclem
1907 3520 2017 3574 Du-

360 3619 508 3658 cam.
540 3604 791 3675 Epitome
831 3607 1198 3676 quaestionum
1238 3605 1611 3676 physicorum.
1648 3607 2019 3675 Quaestionum

367 3695 552 3763 capita
579 3709 724 3749 οισι.
774 3694 1114 3762 ριιίωιίοηεε
1160 3693 1486 3766 theologicae
1522 3699 1573 3751 et
1628 3697 1892 3770 physica
1942 3701 2018 3755 De

365 3781 475 3837 Deo
505 3781 571 3836 ad
601 3782 918 3838 Michaelem
945 3783 1057 3854 [57]
1090 3783 1320 3839 Ducam.
1381 3781 1607 3838 Ψελλοῦ
1648 3782 2014 3860 Φιλοσοφικά,

363 3883 436 3925 ex
469 3869 688 3942 quibus
717 3871 1020 3940 omnibus,
1054 3875 1120 3926 ut
1140 3871 1317 3928 etiam
1352 3877 1487 3928 ante
1517 3873 1797 3942 diximus,
1831 3893 2016 3931 unum

365 3958 702 4014 absolutum
737 3959 943 4016 confici
977 3961 1193 4032 poterit
1222 3978 1393 4034 opus.

445 4090 672 4148 LXXIV.
701 4093 1036 4170 Ἀντιγραφή
1079 4079 1601 4169 προσερωτήσαντός
1649 4117 1797 4160 τινος
1848 4117 2014 4169 μονα-

363 4182 476 4254 χοῦ
506 4181 627 4254 περὶ
658 4180 892 4257 ὁρισμοῦ
919 4185 1018 4237 τοῦ
1051 4182 1304 4239 θανάτου.
1359 4186 1656 4257 Responsio
1696 4186 1767 4242 ad
1813 4204 2015 4242 mona-

353 4268 527 4325 chum
555 4271 843 4341 quemdam
871 4272 936 4328 de
961 4275 1363 4329 terminatione
1407 4275 1618 4330 mortis.
1666 4279 1725 4328 P.
1769 4273 1892 4350 Οὐχ
1940 4275 2016 4338 ὡς

353 4355 616 4433 ἠπόρητο
637 4359 700 4414 τὸ
733 4354 1048 4434 προϐληθὲν
1081 4361 1228 4435 παρᾶ
1258 4364 1356 4415 σοῦ
1388 4363 1630 4435 ζήτημα.
1660 4364 1872 4420 Eadem
1906 4366 2018 4422 for-

353 4452 417 4505 te
450 4452 614 4514 sunt,
645 4466 772 4521 quae
802 4451 1070 4520 ejusdem
1096 4467 1110 4505 :
1141 4451 1217 4506 De
1246 4453 1481 4508 termino
1538 4455 1688 4519 vitae,
1740 4453 2019 4526 leguntur

351 4538 417 4592 in
451 4538 811 4594 bibliotheca
840 4539 998 4611 regis
1018 4538 1344 4595 Gallorum.

2137 2442 2224 2496 καὶ
2264 2442 2338 2515 μή
2362 2445 2641 2504 κενοῦσθαῐ
2669 2443 2768 2505 τῆς
2800 2437 2939 2501 ἰδίας
2971 2437 3152 2510 δόξης,
3189 2436 3330 2511 μηδὲ
3355 2439 3420 2493 τὸ
3450 2437 3746 2514 ἐλάχιστον
3771 2457 3784 2508 ;

2136 2533 2315 2588 Τοῦτο
2361 2530 2464 2606 γὰρ
2495 2531 2562 2600 ἦν
2591 2529 2682 2585 καὶ
2710 2533 2808 2584 τοῦ
2857 2529 3026 2603 ὕψους
3056 2535 3155 2599 τῆς
3186 2528 3443 2599 θεότητος
3475 2525 3645 2598 ἄξιον,
3691 2527 3783 2582 καὶ

2135 2622 2271 2693 ημῖν
2305 2625 2422 2682 τοῖς
2454 2619 2759 2692 ἀνθρώποις
2805 2616 3266 2695 λυσιτελέστερον.
3325 2619 3592 2675 Enodatio
3637 2633 3783 2674 com-

2135 2713 2322 2767 munis
2351 2711 2508 2766 dubii
2533 2712 2779 2774 omnium
2809 2718 2975 2766 extra
3005 2710 3453 2766 Christianorum
3490 2707 3654 2779 ﬁdem
3702 2709 3782 2763 vi.

2133 2801 2402 2869 centium,
2451 2800 2604 2871 quod
2648 2801 2730 2856 sic
2771 2803 3122 2871 proponunt:
3163 2802 3298 2869 Qum
3337 2808 3462 2855 erat
3491 2799 3784 2854 necessitas

2133 2893 2384 2946 omnium
2417 2906 2646 2946 causam
2664 2890 3014 2962 compellens,
3063 2893 3124 2945 ut
3153 2888 3218 2944 de
3247 2889 3382 2944 caelo
3411 2887 3780 2953 descenderet,

2130 2983 2353 3052 propter
2403 2979 2708 3035 humanum
2760 2995 2932 3049 genus
2978 2995 3036 3035 se
3064 2978 3393 3048 demitteret,
3436 2980 3783 3045 nasceretur,

2129 3069 2456 3126 mortalium
2498 3070 2782 3140 passiones
2826 3068 3058 3138 subiret,
3107 3069 3542 3140 cruciﬁgeretur,
3580 3065 3786 3138 sepeli-

2131 3167 2309 3226 retur,
2345 3161 2702 3230 resurgeret?
2747 3160 2944 3214 Annon
2985 3167 3130 3214 nutu
3159 3155 3279 3213 solo
3315 3161 3528 3228 poterat
3555 3157 3784 3212 univer-

2130 3265 2251 3304 sum
2297 3249 2538 3318 salvare,
2587 3247 2792 3320 absque
2836 3263 2896 3304 eo
2925 3247 3068 3320 quod
3099 3248 3336 3320 propria
3378 3245 3657 3318 dignitate
3701 3250 3787 3302 vel

2131 3341 2426 3395 minimum
2456 3348 2755 3411 exueretur
2775 3343 2801 3394 .’
2828 3340 2936 3395 Hoc
2964 3340 3162 3411 quippe
3191 3343 3331 3407 erat,
3371 3347 3426 3394 et
3456 3338 3610 3410 apice
3635 3338 3780 3394 divi-

2127 3431 2326 3485 nitatis
2354 3429 2604 3501 dignum,
2637 3428 2904 3500 nobisque
2933 3429 3258 3485 mortalibus
3309 3428 3422 3500 [58]
3464 3427 3641 3499 magis
3683 3425 3778 3482 eic-

2125 3518 2366 3591 pediens.
2401 3523 2459 3572 P.
2516 3515 2734 3586 Ταύτην
2763 3518 2864 3586 τὴν
2913 3515 3142 3591 ἀπορίαν
3178 3516 3277 3571 οὐκ
3326 3515 3618 3593 Ἀγαρηνοὶ
3671 3514 3777 3588 μό-

2125 3628 2240 3677 νον,
2276 3604 2420 3662 ἀλλά
2443 3605 2533 3660 καὶ
2562 3603 2858 3677 Ἕλληνες.
3783 3620 3790 3625 ’

2200 3698 2417 3755 LXXV.
2460 3695 2556 3758 Εἰς
2585 3696 2670 3768 τὸ,
2703 3697 2767 3751 Ἠ
2791 3693 2934 3765 καλή
2967 3696 3063 3751 τὸν
3092 3696 3316 3772 ὡραῖον,
3349 3697 3411 3752 1η
3443 3696 3609 3768 illud,
3639 3696 3776 3752 Pul-

2125 3792 2257 3842 chra
2284 3787 2613 3860 formosum.
2648 3791 2707 3842 P.
2743 3785 2870 3841 Κατ⁹
2902 3781 3148 3857 ἔλλειψιν
3179 3788 3300 3855 τοῦ,
3332 3783 3622 3858 Ἀπὲτιμε.

2200 3873 2290 3935 Εἰς
2319 3874 2382 3929 τὸ
2432 3873 2723 3949 λεγόμενον
2757 3872 2808 3928 ἐν
2840 3876 2908 3948 τῇ
2943 3874 3106 3950 ἑορτῇ
3137 3880 3240 3942 τῆς
3289 3870 3654 3946 Ἀναλήψεως
3678 3875 3777 3928 τοῦ

2127 3965 2382 4039 Χριστοῦ,
2430 3963 2688 4038 Σήμερον
2717 3961 2784 4016 τὰ
2815 3963 2940 4036 ἅγια
2989 3959 3322 4038 Κούνδουρα,
3373 3959 3464 4017 nni
3502 3959 3690 4037 αὔριον
3739 3962 3774 4030 ἡ

2126 4050 2450 4126 Ἀνάληψις.
2502 4054 2565 4108 1η
2614 4052 2777 4120 illud,
2838 4051 2980 4123 quod
3035 4054 3095 4107 in
3152 4053 3388 4109 solemni
3437 4053 3781 4109 Ascensionis

2128 4143 2334 4199 Christi
2389 4143 2482 4199 die
2529 4143 2758 4208 dicitur,
2809 4141 2969 4198 hodie
3012 4142 3212 4198 Sancta
3265 4142 3550 4211 Cundura,
3575 4150 3628 4199 et
3658 4157 3796 4198 cras“

2112 4233 2404 4289 Ascensio.
2441 4235 2500 4285 P.
2535 4229 2650 4287 Οὐκ
2675 4229 2782 4284 ἀπὸ
2811 4234 2919 4285 τῶν
2951 4229 3301 4306 ὑψηκοτὲρων
3336 4231 3525 4306 μόνον.

2197 4321 2260 4376 Τί
2287 4321 2372 4390 τὸ,
2404 4320 2530 4375 Κατ⁶
2557 4319 2760 4379 εἰκόνα.
2792 4321 2883 4375 καὶ
2911 4320 2964 4376 τί
3001 4322 3064 4376 τὸ
3113 4322 3242 4378 Καθ’
3285 4319 3575 4395 ὁμοίωσιν.
3635 4323 3780 4393 Quid

2123 4413 2197 4468 sit
2253 4410 2556 4467 secundum
2608 4413 2926 4484 imaginem,
2985 4422 3037 4469 et
3084 4413 3218 4486 quid
3243 4413 3542 4471 secundum
3571 4413 3778 4470 simili-

2125 4501 2394 4557 tudinem.
2427 4501 2490 4556 P.
2524 4499 2808 4556 Ἀπάντων
2838 4505 2946 4556 τῶν
2980 4502 3286 4577 γινομένων
3325 4503 3515 4574 μόνος.

2195 4594 2248 4643 '0
2296 4591 2507 4665 Πατὴρ.
2558 4589 2746 4652 οὐσίας
2788 4589 2823 4660 ἢ
2875 4590 3140 4666 ἐνεργείας
3172 4587 3367 4665 ὄνομα,
3399 4595 3568 4649 Pater
3593 4609 3773 4651 essen-

431 4652 586 4708 Διατί
646 4660 749 4723 τῆς
795 4653 1206 4726 κοσμοκτησίας
1256 4655 1394 4709 κατά
1440 4655 1531 4709 τὸν
1574 4656 1812 4731 Μάρτιον
1867 4664 2014 4729 μῆνα

2147 4681 2314 4750 iaene,
2345 4697 2417 4736 an
2437 4652 2686 4736 'aetionis
2713 4652 2915 4737 nomen
2945 4652 3068 4737 sit?
3216 4652 3366 4756 Πρδέ
3406 4677 3591 4758 ἕτερον
3621 4679 3773 4744 αὖθις

351 4742 458 4811 τήν
507 4741 686 4816 ἀρχὴν
738 4741 1020 4817 εἰληφὼς,
1071 4743 1098 4796 6
1147 4744 1349 4819 χρόνος
1408 4743 1500 4799 ἀπ’
1539 4746 1718 4820 ἀρχῆς
1775 4751 1873 4801 τοῦ
1922 4753 2016 4802 Σε-

353 4824 667 4906 πτεμϐρίου
722 4832 898 4905 μηνὸς
947 4831 1281 4908 ἀπάρχεσθαι
1334 4831 1572 4909 λέγεται.
1622 4837 1870 4905 Quarum
1920 4855 2017 4893 ra-

355 4923 518 4977 tione
546 4923 698 4978 orbis
725 4922 992 4991 condilus,
1041 4940 1160 4978 cum
1205 4940 1386 4980 mense
1432 4925 1630 4981 Martio
1674 4928 2020 4999 principium

358 5011 640 5079 habuerit,
671 5014 740 5068 ab
772 5013 937 5068 initio
968 5014 1174 5068 mensis
1204 5013 1542 5085 Septembris
1591 5019 1804 5087 tempus
1849 5033 2018 5073 exor-

357 5099 480 5156 diri
529 5099 766 5156 dicatur.
831 5104 890 5156 P.
942 5100 1042 5153 Διᾶ
1095 5099 1160 5154 τὸ
1202 5098 1488 5164 καλεῖσθαι
1547 5102 1748 5176 χρόνος
1807 5104 1835 5158 6
1888 5104 2023 5180 χρό-

359 5209 480 5252 νος.

438 5303 571 5379 Περῖ
601 5309 697 5360 τοῦ
727 5304 1128 5379 ἀποπομπαίου
1156 5310 1334 5382 κριοῦ.
1387 5311 1460 5366 De
1506 5311 1658 5367 hirco
1705 5313 2018 5369 emissario.

360 5401 428 5452 Α.
469 5394 784 5470 Ἐρώτησας
833 5393 1041 5466 πηνίκα
1067 5399 1164 5451 τοῦ
1195 5393 1348 5458 ἔτους
1381 5397 1409 5450 6
1441 5397 1750 5475 ἀρχιερεύς.

438 5508 569 5584 Περὶ
602 5513 722 5577 τοῦ,
767 5507 911 5565 διατί
963 5511 1016 5565 υἱ
1093 5509 1316 5586 ἄγγελοι
1366 5515 1662 5588 πτερωτοὶ,
1710 5515 1798 5570 καὶ
1831 5513 2023 5590 ἐστεμο

365 5598 551 5673 μὲνοι,
599 5598 690 5653 καὶ
749 5597 1214 5676 ἀνθρωπόμορφοι
1250 5643 1266 5665 ,

364 5688 532 5766 χερσὶ
596 5688 875 5764 φέροντες.
925 5688 1029 5745 Καὶ
1088 5685 1158 5744 δι’
1215 5691 1280 5760 ἢν
1341 5689 1518 5746 αἰτίαν
1573 5693 1796 5765 μνήμην
1845 5692 2020 5748 αὐτῶν

364 5774 682 5851 ποιούμεθα
709 5779 778 5852 τῇ
811 5773 1034 5852 δευτέρᾳ
1059 5783 1160 5848 τῆς
1191 5773 1498 5854 ἑϐδομάδος
1546 5780 1746 5856 ἦμὲρα,
1802 5785 1872 5856 τῇ
1911 5783 2026 5859 τρί-

1343 5601 1434 5656 καὶ
1511 5609 1740 5681 σφαῖραν
1795 5604 1845 5658 ἐν
1905 5611 2031 5667 ταῖς

2124 4762 2449 4844 πρόϐλημα.

2197 4856 2493 4932 Ἑρμηνεία
2522 4855 2597 4918 εἰς
2625 4856 2688 4912 τὸ
2710 4856 2872 4931 Κύριε
2902 4859 3082 4930 Ἰησοῦ
3114 4859 3330 4936 Χριστὲ,
3363 4861 3390 4914 6
3429 4861 3557 4923 Θεὸς
3588 4862 3772 4934 ἡμῶν,

2128 4943 2354 5014 ἐλέησον
2401 4947 2570 5018 ἡμᾶς.
2625 4947 2823 5020 Ἀμήν.
2871 4951 3152 5023 Expositio
3203 4952 3264 5006 in
3313 4950 3480 5008 illud.
3532 4953 3776 5008 Domine

2127 5037 2267 5094 Jesu
2299 5035 2546 5104 Christe,
2583 5041 2733 5094 Deus
2767 5043 2984 5110 noster,
3009 5040 3287 5097 miserere
3316 5041 3522 5098 nostri.
3555 5043 3767 5100 Amen.

2130 5130 2187 5181 P.
2222 5123 2431 5186 Παντὸς
2461 5121 2816 5201 δογματικοῢ.

2202 5211 2332 5288 Περὶ
2359 5219 2461 5283 τῆς
2495 5213 2801 5278 συντελείας
2828 5221 2925 5272 τοῦ
2952 5216 3172 5282 αἰῶνος.
3219 5224 3301 5276 De
3331 5220 3440 5292 ﬁne
3468 5221 3684 5279 seculi.
3719 5226 3778 5278 P.

2129 5299 2302 5376 Εὗρον
2329 5301 2382 5356 ἐν
2412 5304 2483 5376 τῇ
2514 5303 2812 5378 Ἑρμηνείᾳ
2838 5312 2940 5376 τῆς
2969 5306 3425 5384 ’Λποκαλύψεως.

2274 5421 2339 5498 in
2361 5419 2479 5498 loca
2507 5420 2840 5498 d_i/ﬁ_ciliora
2871 5426 3099 5491 Basilii,
3130 5429 3426 5498 expositio.

2273 5493 2337 5547 In
2369 5492 2486 5548 loca
2516 5492 2839 5564 difﬁciliora
2861 5492 3212 5555 Nazianzeni
3237 5501 3534 5573 expositio.

2206 5604 2302 5669 Εἷς
2328 5606 2425 5668 τὰς
2461 5604 2765 5684 ἐπιγραφὰς
2803 5613 2910 5680 τῷν
2948 5609 3225 5684 Ψαλμῶν,
3277 5615 3342 5670 In
3395 5617 3784 5688 inscriptiones

2137 5697 2495 5753 Psalmorum.
2532 5698 2595 5753 P.
2625 5698 2747 5753 Τῶν
2782 5697 2834 5754 ἐν
2867 5705 2986 5762 τοῖς
3019 5699 3300 5774 Ψαλμοῖς.

2139 5861 2144 5866 π
2205 5785 2302 5847 Εἰς
2356 5785 2452 5861 τᾲς
2509 5783 2808 5865 ἐπιγραφὰς
2862 5793 2972 5844 τῶν
3028 5787 3324 5865 Ψαλμῶν,
3389 5790 3477 5845 καὶ
3533 5791 3596 5845 τὸ
3653 5790 3779 5846 Διά-
