4122 6390
333 435 461 496 533

1604 433 1983 504 ΒΙΑΊἪΙΒΑ
2033 431 2139 493 DE
2183 435 2526 501 PSELLIS.

3668 451 3788 513 534

334 568 785 624 accommodare
852 568 1060 640 voluit,
1120 572 1388 646 contigit.
1456 573 1596 630 Mihi
1663 577 1817 630 certe
1889 585 2005 626 non
2035 562 2093 630 Α
2122 569 2425 626 Theodorus
2472 587 2594 640 rex,
2644 574 2717 628 iis
2759 577 3011 645 cognitis,
3061 576 3124 630 in
3189 577 3468 634 Orientem
3521 584 3786 652 protinus

332 655 570 712 videtur
611 656 859 714 Michael
910 658 1159 730 Psellus,
1210 664 1310 734 qui
1362 664 1472 720 sub
1520 661 1902 718 Monomacho
1951 663 2010 715 et

329 744 514 800 Ducis
544 745 764 814 floruit,
799 763 866 804 eo
902 765 1088 821 usque
1120 751 1301 806 vitam
1342 753 1722 825 protraxisse,
1755 756 1822 808 ut
1877 755 2010 822 post

330 833 594 907 Philippi
625 836 877 904 obitum,
912 839 984 893 de
1013 855 1131 910 quo
1165 857 1279 896 non
1319 845 1552 898 tantum
1607 848 1750 899 tunc
1803 857 2008 897 recens

326 923 625 980 exstincto
647 923 930 998 loquitur,
949 928 1004 983 in
1033 929 1300 1000 ejusdem
1331 931 1649 1004 Dioptram,
1670 931 1802 988 licet
1825 931 2006 987 etiam

333 1006 792 1088 μακροϐιώτατον
841 1017 1178 1086 fecerimus,
1233 1021 1462 1091 praefari
1539 1021 1814 1094 potuerit.
1866 1019 2006 1075 Phi-

325 1101 538 1174 lippus
562 1103 716 1159 enim
750 1121 905 1161 anno
938 1107 1076 1161 1105
1125 1109 1441 1180 scribebat,
1475 1115 1540 1165 ut
1589 1112 1717 1182 ipse
1767 1110 2004 1165 fatetur.

337 1211 490 1310 ᾍδου
519 1216 620 1310 γὰρ
648 1215 756 1272 ἀπὸ
779 1221 1155 1310 τοῦΛΧριστοὺξ
1348 1219 1415 1291 δὴ
1446 1224 1539 1310 καὶ
1568 1229 1670 1310 τῇς
1711 1219 1867 1296 δεῦρο

362 1240 490 1270 ιοου
521 1240 620 1308 71p
648 1240 756 1272 απο
784 1240 882 1272 του
916 1240 1155 1293 Aptata!)
1187 1242 1235 1274 αλ
1261 1241 1319 1310 PL
1348 1240 1415 1291 οη
1446 1243 1539 1277 και
1568 1244 1670 1292 της
1711 1240 1759 1277 οε

339 1285 704 1386 Ηεπλτξρωται
727 1289 803 1374 ,τὰ
833 1289 1020 1381 χίλια,
1055 1294 1196 1384 πρὲς
1223 1240 1286 1349 δε
1326 1299 1416 1386 καὶ
1457 1295 1646 1375 ἒχατόν
1676 1314 1759 1386 χε,

342 1360 438 1437 ξ(αέ
468 1360 622 1437 πέντε
653 1360 742 1415 ἐπὶ
772 1360 1106 1437 τοῖᾷτοιςγε,⁷
1131 1360 1239 1426 ἕως
1272 1367 1358 1420 καὶ
1394 1365 1489 1420 τοῦ
1528 1371 1638 1436 νῦν,
1673 1360 1793 1436 ἔτή,

337 1431 435 1485 Ἀν
469 1427 518 1485 δ’
549 1432 789 1508 ἀριθμῇς
846 1433 902 1488 ἐκ
954 1427 1054 1504 τῆς
1084 1427 1284 1514 ’ταφῆς
1340 1445 1444 1508 τῆς
1493 1427 1715 1508 τούτου,
1757 1427 1864 1524 ’καῖ’
1906 1437 2004 1490 τοῦ

327 1571 704 1651 Πεφῦκασί⁹γε
731 1575 895 1653 χίλια
925 1572 1311 1652 ἑϐδομήκοντα
1343 1577 1428 1637 δύ.
1771 1511 2000 1582 haec“

406 1701 552 1756 Ecce
607 1703 757 1757 enim
803 1719 838 1758 a
894 1703 1109 1762 Christo
1155 1723 1324 1778 usque
1372 1709 1431 1762 in
1475 1711 1810 1780 praesentem
1855 1706 2003 1762 diem

325 1792 593 1860 completi
630 1797 760 1848 sunt
807 1793 972 1852 mitte
1005 1799 1058 1852 et
1107 1802 1351 1870 centum,
1390 1808 1444 1855 et
1491 1802 1717 1872 insuper
1761 1801 1842 1855 ad
1884 1798 2004 1855 haec

327 1889 584 1951 tempora
617 1884 760 1938 anni
809 1885 1069 1958 quinque.
1104 1887 1166 1943 Si
1192 1904 1312 1944 vero
1340 1892 1626 1960 computas
1653 1907 1686 1944 a
1713 1889 2002 1961 sepultura

327 1977 384 2024 et
415 1972 679 2041 passione
708 1973 886 2044 illius,
915 1982 1048 2030 sunt
1077 1976 1233 2032 mille
1280 1979 1629 2049 septuaginta
1663 1978 1793 2035 duo.
1824 1980 1994 2034 Anno

331 2057 610 2115 videlicet
641 2060 709 2115 16
739 2061 942 2131 Alexii,
980 2068 1045 2120 ut
1071 2064 1226 2122 idem
1261 2065 1341 2122 ait
1368 2068 1638 2137 inferius,

330 2171 512 2270 Ἐμσῦ
535 2169 993 2270 ἕξῃέτηΙγίνονται
1023 2177 1394 2270 ᾀπῇὁΙΧειστοῖξ
1424 2182 1486 2236 τὸ
1515 2181 1688 2270 ¹τξάθος

333 2240 510 2329 Eilis
531 2240 1051 2329 F660p'wjiPVt1Lxui
1084 2249 1180 2329 δύο
1206 2240 1266 2308 δὲ
1295 2253 1431 2329 προς
1461 2240 1702 2329 τούτοις,

333 2317 457 2372 Τοῦ
488 2317 743 2383 Ἄνακτος
777 2319 1062 2378 ἑκκαίδεκα
1092 2317 1346 2396 Ἀλεξίου
1370 2324 1600 2402 ἀρτίως.

407 2443 588 2500 Simul
615 2448 752 2502 anni
797 2449 941 2518 ﬁunt
969 2467 1002 2504 a
1033 2450 1244 2506 Christi
1285 2453 1537 2524 passione
1566 2453 1721 2507 mitte
1766 2462 1988 2524 septua-

321 2534 491 2601 ginta
541 2535 669 2602 duo,
717 2538 1072 2608 imperatoris
1127 2541 1316 2596 Atexii
1370 2541 1650 2596 sexdecim
1713 2542 1986 2613 completi.

318 2620 442 2677 Nec
491 2624 683 2693 potuit
738 2624 837 2681 illo
894 2627 1099 2684 eodem
1157 2645 1312 2686 anno
1370 2629 1679 2702 Philippus
1733 2630 1989 2703 ingentis

322 2710 512 2766 studii
558 2729 624 2766 ac
679 2711 900 2771 laboris
948 2733 1096 2788 opus
1141 2716 1483 2774 absolvisse.
1533 2721 1606 2774 At
1651 2719 1986 2791 absolverit,

319 2800 617 2856 statimne
672 2803 743 2858 ad
802 2821 1018 2862 manus
1082 2807 1351 2862 omnium
1423 2809 1610 2880 potuit
1685 2811 1989 2881 pervenire

323 2888 726 2962 adornarique
787 2893 1127 2964 prmiatione
1191 2895 1366 2951 etiam
1446 2897 1668 2952 Pselli?
1723 2899 1884 2963 Quod
1937 2897 1988 2953 si

328 2984 639 3035 momento
695 2982 898 3036 eodem
952 2983 1170 3039 factum
1229 2984 1286 3038 id
1332 3001 1462 3041 esse
1533 2986 1987 3056 al’firmabimus,

322 3066 563 3125 Psellus
591 3074 747 3126 certe
778 3070 911 3143 plus
955 3074 1130 3130 annis
1165 3079 1400 3131 centum
1451 3082 1625 3132 natus
1672 3077 1985 3146 scribebat,

317 3162 378 3212 et
427 3157 814 3216 verisimilius
869 3167 958 3217 est
997 3163 1178 3219 alium
1211 3165 1284 3220 ab
1316 3165 1424 3220 hoc
1453 3165 1642 3222 Psello
1675 3167 1876 3222 fuisse.
1909 3171 1988 3222 De

318 3247 482 3302 notis
514 3246 639 3303 sive
667 3249 930 3321 scholiis,
966 3269 1092 3324 quae
1148 3270 1217 3308 ex
1267 3253 1456 3309 Psello
1504 3255 1563 3310 in
1615 3255 1850 3326 Dioptra
1897 3255 1986 3312 in-

317 3341 631 3406 seruntur,
665 3356 781 3394 non
831 3314 945 3412 [6i]
983 3314 1226 3410 .morer;
1279 3341 1366 3398 vel
1415 3343 1572 3399 enim
1623 3362 1655 3400 a
1711 3314 1986 3417 pretante
2017 3314 2059 3381 ί]

316 3424 542 3494 Psello,
603 3443 674 3482 ex
732 3428 1051 3501 antiquiori
1101 3430 1312 3500 Psello,
1355 3436 1421 3486 ut
1487 3432 1683 3488 afﬁnis
1739 3433 1989 3504 gloriam

317 3520 724 3587 propagaret;
757 3518 847 3573 vel
905 3535 941 3573 a
988 3519 1305 3586 scribente,
1346 3519 1434 3576 vel
1493 3519 1719 3594 legente
1765 3523 1994 3578 adnexa

322 3608 515 3670 sunt;
548 3603 608 3658 ni
638 3607 1240 3680 eumdemmet,cujus
1271 3607 1373 3664 illa
1403 3610 1850 3682 praefatiuucula
1878 3617 1991 3683 est,

326 3694 672 3749 eorumdem
723 3695 1072 3752 scholiorum
1119 3702 1422 3754 auctorem
1482 3717 1796 3772 agnoscere
1853 3703 1992 3757 veli-

325 3797 490 3836 mus.
524 3781 670 3838 Illud
704 3783 881 3840 etiam
908 3786 1053 3841 mihi
1089 3803 1192 3842 nec
1223 3787 1370 3843 satis
1413 3787 1677 3860 planum,
1715 3805 1820 3846 nec
1868 3807 1992 3847 cer-

321 3875 456 3927 tum
489 3876 598 3942 est,
630 3891 848 3929 annum
883 3876 1041 3945 1105,
1067 3892 1199 3931 cum
1235 3876 1477 3949 Dioptra
1505 3878 1875 3934 scribebatur
1895 3897 1993 3935 an-

323 3976 478 4015 num
509 3961 690 4017 Alexii
722 3969 951 4019 sextum
985 3965 1280 4021 decimum
1311 3966 1515 4037 fuisse,
1549 3984 1706 4034 cum,
1739 3968 1788 4024 si
1837 3975 1994 4026 recte

329 4064 633 4104 annorum
682 4053 860 4108 series
915 4059 1312 4126 computetur,
1360 4056 1538 4110 fuerit
1584 4073 1777 4112 annus
1832 4057 1994 4113 illius

321 4136 564 4207 imperii
595 4138 694 4207 25;
728 4157 923 4198 rerum
955 4142 1115 4198 enim
1149 4143 1375 4215 potitur
1424 4161 1576 4201 anno
1620 4147 1775 4201 1081.
1812 4147 1994 4218 quue

319 4243 438 4298 pro
472 4229 764 4284 tractatuli
797 4229 1046 4302 hujusce
1073 4232 1353 4288 brevitate
1403 4233 1672 4289 innuisse
1721 4239 1814 4290 sat
1861 4236 1990 4292 fuit.

400 4314 638 4371 LXXIX.
689 4317 1010 4390 Meursius,
1062 4321 1219 4376 notis
1263 4322 1323 4376 in
1385 4322 1648 4378 carmina
1704 4324 1881 4380 Pselli
1933 4325 1992 4380 in

315 4404 572 4461 Cantica
629 4406 995 4464 canticorum
1058 4414 1223 4465 notat
1291 4415 1427 4482 post
1496 4411 1653 4466 hunc
1713 4413 1992 4483 Psellum,

315 4492 507 4549 alium
590 4496 767 4550 etiam
845 4497 1028 4553 fuisse
1111 4498 1465 4556 Michaelum
1543 4500 1852 4574 Psellum,
1905 4503 1990 4558 vi-

319 4599 458 4637 rum
540 4583 878 4653 militarem,
942 4587 1055 4642 sub
1143 4588 1451 4645 Theodoro
1523 4590 1774 4662 Lascari,
1821 4594 1993 4664 cujus

2117 658 2299 714 redire
2357 665 2625 730 maturat,
2695 663 2923 720 Lascare
2986 667 3166 736 patris
3233 669 3523 736 avunculo,
3580 677 3635 726 et
3683 672 3784 728 Mi-

2117 747 2304 804 chaete
2335 750 2512 806 Psetto
2542 767 2669 807 cum
2698 755 2918 825 exiguis
2947 757 3139 824 copiis,
3180 759 3367 828 utpote
3413 761 3690 829 trecentis,
3722 763 3782 818 in

2120 837 2427 895 Occidentis
2479 842 2806 911 praesidium
2881 842 3103 900 relictis
3163 845 3445 918 Perilapo,
3496 852 3548 904 et
3598 851 3782 906 vicino

2117 929 2324 983 tractui
2354 928 2632 987 Theodoro
2671 932 3013 1004 Catampaci,
3047 949 3207 1006 quem
3261 935 3449 990 Tatam
3497 937 3656 994 Aula?
3699 954 3783 995 co-

2117 1018 2538 1090 gnominabant,
2587 1022 2947 1078 Constantino
2999 1022 3268 1081 Chabara:
3309 1025 3511 1081 Albani
3547 1030 3782 1099 praefec-

2116 1112 2306 1161 turam
2333 1107 2688 1166 demandavit
2707 1129 2732 1176 ;
2758 1112 2904 1168 mihi
2940 1116 3128 1168 autem
3159 1129 3481 1185 supremum
3510 1117 3569 1170 in
3600 1131 3786 1172 omnes

2115 1195 2413 1268 imperium
2442 1199 2692 1256 tradidit.

2183 1377 2318 1446 Sed,
2344 1381 2409 1432 ut
2434 1393 2634 1434 verum
2670 1379 2873 1448 fatear,
2891 1381 3168 1436 mendum
3201 1380 3261 1436 in
3291 1380 3402 1438 hoc
3431 1381 3558 1439 loco
3579 1382 3778 1440 inesse

2114 1465 2640 1537 suspicabar.Cum
2667 1467 2825 1524 enim
2860 1469 3224 1542 reliquorum
3249 1471 3774 1544 omnium,quibus

2112 1555 2430 1612 exercitum
2491 1558 2950 1616 demandaverat
3014 1559 3358 1632 imperator,
3417 1563 3660 1617 nomina
3715 1567 3776 1619 et

2113 1645 2468 1716 cognomina
2523 1650 2919 1718 opponantur,
2982 1646 3251 1703 Lascaris
3291 1646 3485 1704 solum
3531 1664 3769 1719 nomen,

2112 1750 2228 1790 non
2263 1751 2332 1789 ex
2364 1751 2524 1791 more
2571 1752 2699 1804 suo,
2733 1734 2990 1792 tacuisse
3030 1736 3322 1792 videbam.
3356 1736 3599 1805 Deinde,
3631 1753 3766 1793 cum

2110 1821 2244 1894 alia,
2293 1841 2397 1880 nec
2447 1823 2696 1880 minoris
2753 1824 3260 1894 considerationis,
3297 1825 3474 1881 unius
3529 1829 3762 1882 tantum

2027 1939 2076 2004 B
2108 1929 2260 2004 curae
2294 1913 2730 1982 demandasset,
2764 1914 2927 1970 nulla
2957 1914 3275 2004 videbatur;
3312 1915 3458 2004 ratio
3508 1913 3657 1969 duos
3699 1915 3758 1970 in

2105 2001 2350 2058 minimo
2409 2006 2640 2075 negotio
2697 2004 3048 2076 prtefecisse,
3103 2008 3161 2060 et
3231 2002 3550 2059 ridiculum
3617 2019 3758 2059 sane

2101 2095 2210 2162 est,
2249 2095 2366 2146 tam
2415 2093 2656 2164 exiguas
2708 2093 2930 2166 capias,
2979 2097 3272 2149 trecentos
3319 2092 3563 2162 scilicet,
3614 2092 3755 2148 viris

2102 2180 2334 2236 duobus
2365 2181 2828 2238 commendasse.
2863 2184 2987 2238 lmo
3018 2182 3132 2238 alia
3177 2183 3442 2252 ejusdem
3473 2181 3757 2248 auctoris,

2100 2271 2172 2325 de
2201 2271 2404 2326 eodem
2438 2275 2788 2342 argumento
2821 2271 3022 2339 editio,
3048 2271 3312 2328 Lascaris
3339 2286 3554 2327 nomen
3585 2270 3760 2327 nobis

2099 2357 2328 2430 inserit,
2349 2376 2454 2414 nec
2485 2359 2744 2415 Psellum
2777 2360 3346 2429 comminiscitur;et
3375 2375 3510 2416 cum
3541 2358 3758 2431 saepius

2099 2447 2159 2502 in
2217 2447 2301 2502 rei
2358 2453 2530 2517 gestae
2584 2449 2919 2504 narratione
2978 2449 3187 2504 horum
3228 2447 3496 2505 omnium
3549 2447 3758 2503 notitia

2097 2542 2155 2592 et
2184 2537 2557 2608 cognomina,
2593 2539 2664 2592 ad
2715 2537 3019 2593 fastidium
3071 2555 3279 2610 usque,
3312 2540 3559 2611 repetat,
3594 2537 3755 2592 Psel-

2097 2625 2222 2681 lum
2280 2627 2462 2682 istum
2522 2644 2824 2698 nunquam
2905 2628 3190 2683 nominat.
3247 2627 3406 2683 Duas
3459 2626 3754 2698 siquidem

2097 2716 2364 2787 ejusdem
2416 2717 2674 2773 historiae
2715 2711 2976 2783 ἐκδόσεις,
3028 2717 3338 2784 editiones,
3379 2716 3754 2787 conscripsit,

2097 2807 2365 2874 alteram,
2417 2823 2594 2878 quam
2643 2807 2982 2863 Theodorus
3037 2812 3237 2863 Dousa
3284 2806 3480 2862 Greece
3540 2811 3598 2860 et
3653 2806 3755 2861 La-

2095 2895 2219 2950 tine
2295 2895 2635 2966 publicavit,
2712 2895 2969 2966 brevem,
3037 2897 3354 2964 concisam,
3417 2912 3532 2951 non
3621 2911 3753 2949 nar-

2096 2989 2346 3053 rantem,
2407 2985 2508 3040 sed
2579 2989 2806 3040 tantum
2876 2986 3059 3056 digito
3118 3002 3240 3042 rem
3298 2989 3753 3055 monstrantem,

2100 3073 2253 3144 [63]
2332 3075 2580 3144 ideoque
2671 3075 3134 3146 perobscuraln,
3198 3078 3256 3130 et
3339 3075 3750 3142 decurtatam,

2096 3180 2274 3234 quam
2308 3162 2358 3218 si
2389 3163 2629 3218 alterius
2661 3163 3076 3233 compendium
3111 3162 3346 3230 dixeris,
3379 3180 3497 3219 non
3527 3162 3754 3218 errabis

2099 3268 2133 3307 a
2162 3268 2372 3322 secpo:
2404 3251 2648 3307 alteram
2696 3252 2995 3322 diffusam,
3028 3268 3144 3308 non
3195 3254 3487 3324 praecipua
3535 3250 3752 3321 solum,

2099 3341 2202 3397 sed
2251 3341 2495 3397 minima
2537 3358 2804 3414 quaeque,
2857 3343 3110 3397 oratorio
3169 3342 3523 3413 quandoque
3570 3357 3754 3404 more,

2100 3435 2510 3503 exponentem,
2563 3435 2620 3487 et
2665 3429 2837 3503 quasi
2903 3430 3354 3501 commentario,
3405 3429 3659 3485 obscura
3702 3435 3759 3484 et

2101 3523 2286 3576 ardua
2315 3519 2737 3576 illustrantem.
2771 3520 3096 3592 Hanc,quaa
3133 3520 3388 3576 Psellum
3420 3536 3536 3576 non
3560 3519 3758 3588 habet,

2101 3611 2194 3666 cui
2245 3610 2604 3666 elucidandte
2644 3609 2961 3666 nonnullas
3004 3609 3181 3666 horas
3215 3609 3500 3682 impendi,
3531 3608 3759 3664 diutius

2101 3701 2257 3772 apud
2291 3700 2679 3764 me,maximo
2701 3698 3034 3770 reipublicae
3063 3697 3358 3755 litterariae
3387 3699 3624 3765 damno,
3644 3698 3760 3752 im—

2103 3789 2320 3844 morari
2368 3806 2484 3843 non
2536 3787 2746 3860 patiar,
2783 3789 2908 3854 sed,
2942 3804 3078 3843 cum
3135 3787 3396 3860 primum
3451 3804 3554 3859 per
3607 3786 3760 3841 vires

2101 3879 2318 3948 licebit,
2353 3877 2488 3934 usui
2544 3877 2778 3948 publico
2824 3878 3161 3932 excudetur.
3199 3876 3614 3932 Libentissime
3665 3874 3761 3931 hic

2103 3967 2268 4040 plura
2315 3967 2573 4022 auctoris
2623 3967 2997 4036 ascriberem,
3032 3971 3098 4022 ut
3144 3966 3282 4038 quid
3334 3965 3487 4020 inter
3541 3969 3760 4020 utram-

2102 4074 2216 4129 que
2259 4055 2574 4112 editionem
2620 4057 2873 4124 intersit,
2908 4055 3060 4110 facta
3115 4054 3428 4111 collatione
3484 4070 3760 4125 agnosce-

2103 4164 2219 4213 res,
2253 4147 2354 4202 sed
2388 4145 2568 4202 nimis
2603 4145 2780 4217 longa
2809 4145 3073 4201 oratione
3113 4145 3514 4217 prosequitur,
3545 4149 3605 4200 et
3650 4145 3763 4200 iter

2102 4253 2279 4292 suum
2340 4236 2408 4290 ad
2472 4233 2791 4307 Prilapum,
2839 4234 3029 4306 spatio
3072 4234 3252 4289 trium
3306 4234 3602 4290 mensium
3637 4250 3762 4306 per-

2103 4333 2334 4394 actum;
2369 4329 2425 4380 et
2454 4324 2672 4396 Prilapi
2705 4325 3239 4396 expugnationem;
3275 4325 3512 4380 tandem
3562 4323 3760 4379 infeli-

2103 4431 2222 4472 eem
2254 4415 2434 4485 hujus
2465 4412 2852 4486 expeditionis
2885 4414 3058 4470 ﬁnem
3087 4431 3101 4481 ;
3131 4414 3202 4468 de
3241 4413 3460 4485 quibus
3491 4412 3552 4468 in
3584 4412 3761 4468 editis

2102 4521 2208 4561 nec
2266 4503 2507 4559 verbum
2556 4501 2794 4574 quidem
2852 4506 2960 4558 est.
2997 4506 3186 4558 Pauca
3231 4507 3428 4558 tamen
3479 4518 3580 4572 pro
3629 4502 3758 4573 jam

2102 4593 2357 4664 ascripto
2403 4591 2550 4659 loco,
2585 4592 2684 4664 (m)
2716 4591 2897 4647 veluti
2947 4591 3006 4647 in
3057 4596 3298 4664 gustum
3338 4592 3510 4648 dabo.
3543 4591 3604 4647 Ὁ
3659 4589 3754 4662 μὲν

322 4671 670 4755 meminerit
719 4674 1001 4747 Georgius
1052 4676 1404 4748 Logothetes
1466 4679 1527 4734 in
1575 4679 1695 4735 illis
1750 4681 1988 4736 verbis:

2105 4679 2192 4737 οὖν
2255 4677 2511 4752 βασιλεὺς
2571 4675 2875 4755 Θεόδωρος,
2936 4677 3051 4734 ἐπεὶ
3106 4683 3214 4734 τῶν
3268 4677 3640 4755 γεγενημένων
3702 4677 3753 4732 ἐν

317 4759 388 4815 Ὁ
451 4754 510 4812 δὲ
570 4757 827 4835 βασιλεὺς
888 4760 1194 4838 Θεόδωρος,
1244 4764 1361 4820 ἐπεὶ
1427 4765 1551 4840 περί
1607 4771 1714 4822 τῶν
1772 4789 1990 4844 γεγενη-

327 4848 514 4922 μένων
578 4847 828 4924 ἐπύθετο,
869 4847 1094 4908 ἔσπευσε
1145 4854 1283 4930 πρὸς
1344 4856 1444 4925 τήν
1495 4859 1606 4911 Ἕω
1654 4857 1988 4929 παλινοστῆ-

324 4958 442 4992 σαι.
497 4938 600 4994 Καὶ
644 4938 796 5018 ἀφεὶς
852 4939 904 4997 ἐν
957 4942 1320 5019 Θεσσαλονίκῃ
1377 4947 1466 5000 καὶ
1521 4951 1638 5008 τοῖς
1693 4947 1831 5002 κατὰ
1887 4955 1990 5002 Δυ-

323 5026 476 5100 σμὴν
537 5029 750 5101 μέρεσιν
813 5029 888 5092 εἷς
948 5031 1174 5106 φύλαξιν
1233 5033 1326 5088 τὸν
1379 5033 1778 5110 πατρόπαππον
1846 5039 1988 5092 Θεῖον

320 5115 496 5170 αὐτοῦ
559 5118 830 5195 Λάσκαριν
906 5121 998 5176 καὶ
1084 5119 1318 5197 Μιχαὴλ
1389 5123 1482 5178 τὸν
1547 5122 1768 5180 Ψελλὸν
1861 5126 1995 5200 μετᾶ

322 5209 533 5282 μικροὖ
595 5208 1016 5283 στρατεύματος,
1050 5209 1175 5266 ὅσον
1232 5211 1308 5274 εἷς
1356 5213 1704 5290 τριακοσίους
1755 5216 1997 5290 ἠριθμη-

319 5295 551 5368 μὲνους,
605 5295 703 5352 τοῦ
777 5319 837 5354 τε
909 5298 1221 5376 Πριλάπου,
1276 5303 1367 5356 καὶ
1441 5303 1511 5357 τὰ
1583 5304 1758 5379 πὲριξ,
1819 5305 1998 5380 ἀφῆκε

318 5381 612 5460 Θεόδωρον
671 5385 1088 5464 Καλαμπάκην,
1141 5390 1199 5445 ’ὃν
1257 5391 1349 5446 καὶ
1409 5394 1590 5448 Τατᾶν
1647 5401 1748 5464 τῆς
1820 5393 1998 5465 αὐλῆς

317 5473 719 5547 κατωνόμαζον
750 5495 763 5509 ·
799 5478 890 5533 τὸν
921 5477 980 5533 δὲ
1019 5481 1424 5536 Κωνσταντῖνον
1467 5482 1558 5536 τὸν
1614 5479 1870 5560 Χαϐαρᾶν
1922 5483 1998 5547 εἷς

322 5563 630 5640 ἡγεμονίαν
661 5571 759 5623 τοῦ
789 5562 1084 5638 Ἀλὸἀνου,
1117 5567 1215 5642 ἐμὲ
1245 5565 1302 5624 δὲ
1343 5571 1559 5625 πάντων
1612 5573 1997 5648 προίστασθαι·

2095 4771 2167 4843 τῇ
2220 4774 2326 4825 τῶν
2375 4765 2823 4842 Μουσουλμάνων
2881 4767 3106 4823 ἐπύθετο
3169 4767 3346 4842 χώρᾳ,
3381 4767 3442 4822 οὗ
3473 4766 3597 4843 περὶ
3628 4766 3755 4821 τού-

2095 4882 2203 4916 των
2251 4857 2462 4933 μᾶλλον
2512 4852 2654 4934 ἔχων
2701 4855 2978 4935 φροντίδα,
3010 4857 3044 4926 ἢ
3095 4857 3220 4931 περί
3257 4858 3364 4910 τῶν
3398 4857 3583 4924 αὐτοῦ,
3619 4855 3754 4929 (κίν-

2101 4946 2263 5004 δυνον
2315 4949 2421 5024 γὰρ
2467 4946 2528 5002 οὐ
2582 4947 2774 5022 μικρὸν
2821 4940 3230 5019 ἕπισυμϐαίνειν
3273 4950 3392 5008 τοῖς
3420 4947 3754 5018 Ῥωμαϊκοῖς

2103 5037 2405 5093 ὑπετόπασε
2458 5036 2711 5110 χώροις),
2743 5031 2964 5090 ἔσπευσε
3021 5035 3156 5110 πρὸς
3221 5035 3322 5103 τὴν
3353 5037 3468 5091 Ἕω
3525 5033 3757 5089 παλινο-
3839 5053 3846 5068 '

2103 5133 2317 5196 στῆσαι.
2373 5125 2469 5179 Καὶ
2549 5121 2614 5194 δή
2701 5129 2872 5179 πᾶσαν
2951 5125 3051 5192 τήν
3106 5125 3421 5197 Ῥωμαϊκήν
3507 5124 3759 5198 στρατιὰν

2109 5216 2222 5290 μεθ’
2279 5215 2469 5268 ἑαυτοῦ
2525 5209 3006 5290 προσλαϐὼν,τῆς
3063 5213 3198 5287 πρὸς
3255 5214 3354 5282 τήν
3403 5216 3516 5282 Ἕω
3574 5213 3765 5292 φερού-

2105 5327 2206 5374 σης
2261 5301 2554 5382 ἐφήπτετο,
2606 5302 2996 5358 καταλελοίπει
3056 5299 3115 5357 δὶ
3167 5300 3218 5357 ἔν
3267 5324 3326 5357 τε
3376 5307 3444 5378 τῇ
3496 5303 3763 5359 Θεσσαλοο

2105 5393 2226 5466 νίκῃ
2256 5394 2345 5447 καὶ
2375 5399 2492 5456 τοῖς
2524 5394 2660 5448 κατὰ
2699 5395 2919 5466 Δυσμὴν
2977 5394 3217 5469 μέρεσιν,
3253 5393 3327 5456 ὡς
3385 5393 3523 5470 πρὸς
3583 5394 3761 5472 φύλα-

2108 5484 2185 5553 ξιν
2215 5479 2374 5546 δῆθεν
2401 5489 2501 5552 τῆς
2532 5485 2721 5559 χώρας
2776 5482 2867 5538 τὸν
2925 5483 3062 5558 πρὸς
3118 5483 3347 5538 πάππου
3402 5485 3546 5540 Θεῖον
3599 5483 3765 5539 αὐτοῦ

2107 5573 2198 5627 τὸν
2249 5572 2520 5648 Λάσκαριν
2580 5569 2836 5647 Μιχαὴλ,
2899 5571 3091 5647 μικρόν
3149 5593 3202 5626 τι.
3269 5572 3358 5626 καὶ
3437 5572 3762 5629 εὐσύνοπτον

1922 5679 2160 5736 ΝΟΤίΕ.

403 5769 506 5843 (m)
536 5769 744 5846 Georg.
775 5774 1109 5847 Acropolita
1139 5791 1196 5848 p.
1227 5775 1300 5830 76
1331 5791 1452 5847 seq.
1485 5775 1706 5834 Allatii.
1739 5779 1927 5836 Paris.
1961 5780 2122 5848 1615,
2156 5778 2257 5835 fol.
