4122 6390
342 446 461 508 53b
1307 441 1593 506 LEONIS
1639 434 1953 503 ALLATII
2002 428 2266 494 DlATB.
2312 428 2412 490 DE
2459 427 2808 491 PSELLIS.
3653 421 3800 486 536'

341 579 402 633 ἐκ
449 578 822 656 Παφλαγόνων
881 576 1188 651 στράτευμα
1239 573 1460 638 ἐπιδοὺς
1519 575 1688 648 αὐτῷ,
1746 573 1851 628 κάκ
1905 574 2001 626 τοῦ
2031 568 2086 635 Α
2116 557 2778 656 ἈλλυριῷνῆδὶῃΧοξϐἀρον
2807 579 3137 656 fitﬁt-01am:-

348 631 400 633 Ἢ-
460 631 487 632 η
544 631 555 656 ι
659 631 670 652 ⁸
947 631 956 651 ι
1112 631 1122 649 ,
1447 631 1459 638 -
1642 631 1687 648 ,ι
2031 631 2085 635 --
2207 636 2218 652 κ
2273 631 2280 638 ·
2355 640 2378 650 -ρ
2417 631 2440 650 ἢ
2685 631 2693 636 ·
2807 635 2821 654 ›

345 668 634 733 Σκυθικοῦ,
687 665 813 721 δσον
877 665 952 727 είς
1419 663 1846 739 ἠριθμημένον·
2115 635 2794 739 Ρβὲῖξῖῖίξιῗξέέέγιξῖ,
2824 631 3306 739 frugalius...

345 700 634 733 θλυυικυυι
687 700 813 721 νυυν
877 700 951 727 “5
1005 700 1350 738 Ψιυικλυιυυιι
1427 700 1801 739 σεσωμένων
1856 748 1866 765 ,
1921 700 2004 714 ’ν’
2115 700 2395 782 ’Ᾱρχοντα
2426 700 2864 761 πάντων’καὶπ
2904 700 3093 759 ὄεδοον
3129 700 3360 757 δεικνύει

345 754 402 811 δί
454 755 763 829 Ιιριλάπου,
820 754 911 809 καὶ
969 759 1077 810 τῶν
1156 754 1281 829 περὶ
1356 752 1513 808 αὐτὸν
1568 769 2005 827 στρατευμάτων,
2118 781 2354 829 nmine“
2382 781 2621 829 “dum:
2651 750 2722 829 ,ἒῆ
2750 725 3067 829 ποαῗτωέηε
3101 774 3241 829 ἀξία.
3371 745 3384 772 ’

2117 774 2354 834 Πρόσθιν
2382 781 2621 834 τιμήσας
2651 774 2722 834 τῆ
2750 774 3067 834 ποαίτωοος
3101 774 3241 834 ἀξία.

345 776 402 811 οι
454 776 763 829 ιιριΛαπου,
820 776 911 809 και
969 776 1077 810 των
1156 776 1281 829 περι
1356 776 1513 808 αυτον
1568 776 2005 827 στρατευματων,

341 846 435 901 τὸν
478 846 535 900 ’ὸν
597 844 714 920 εἶχε
768 843 1098 919 Σκουτέριον
1145 841 1356 896 Ξυλέαν
1387 842 1801 914 ὠνομασμένον,
1834 858 2007 915 φερω-

2156 776 2354 855 [ρόσθιν
2382 781 2621 851 τιμήσας
2651 779 2722 849 τῇ
2750 776 3067 852 πραίτωρος
3101 776 3241 846 ἀξίᾳ.

2189 869 2567 925 Nihilominus
2622 868 2781 923 rebus
2838 866 3083 924 occiduis
3136 867 3271 920 bene
3326 863 3640 935 compositis
3673 864 3784 917 im-

2118 963 2341 1031 perator
2384 974 2514 1014 cum
2572 958 2822 1013 exercitu
2855 959 2914 1011 in
2947 957 3227 1012 Orientem
3257 953 3527 1023 convolat,
3557 950 3787 1007 ducibus

2120 1047 2330 1104 relictis
2380 1047 2770 1102 Thessalonica:
2818 1044 3077 1101 Michaele
3117 1043 3346 1098 Lascari
3386 1041 3504 1097 viro
3534 1049 3785 1108 strenuo,

2121 1135 2341 1206 Prilapi
2370 1134 2622 1190 Scuterio
2651 1132 2844 1204 Xylea,
2871 1133 3193 1202 cognomine
3240 1145 3338 1186 suo
3381 1129 3636 1202 equidem
3674 1145 3790 1183 non

2123 1224 2436 1287 dissimili;
2468 1224 2696 1294 Belessi,
2728 1231 2780 1278 et
2823 1223 2956 1278 locis
3011 1222 3216 1277 vicinis
3263 1220 3484 1276 custode
3513 1219 3792 1275 Theodoro

2127 1312 2500 1386 Calampace;
2540 1313 2896 1385 Illyricorum
2950 1326 3082 1367 vero
3140 1309 3460 1366 Chabarone
3503 1307 3790 1382 pra/ecta.

2124 1404 2356 1471 Insuper
2385 1403 2746 1474 Acropolitem
2781 1401 3070 1470 Georgium
3095 1400 3349 1455 omnium
3377 1397 3794 1468 presidemmc

2121 1493 2422 1564 primatem
2449 1493 2754 1560 constituit,
2769 1493 2928 1562 prius
2945 1490 3059 1562 [65]
3078 1491 3335 1579 praetoris
3364 1490 3633 1579 dignitate
3654 1488 3794 1543 insi-

2125 1582 2358 1653 gnitum.
2373 1581 2658 1649 Tandem,
2673 1586 2881 1652 praeter
2895 1595 3129 1635 omnem
3150 1577 3571 1650 suspicionem,
3591 1580 3794 1648 aperte

345 934 532 1007 νόμως
561 935 659 1002 τὴν
694 933 914 1003 κλῆσιν,
947 934 1012 1002 νὴ
1054 940 1153 1003 τῆν
1215 934 1395 1005 Θέμιν,
1423 928 1624 1006 ἔχοντα
1659 951 1671 963 ·
1705 929 1781 990 εἷς
1816 925 1873 982 δὲ
1919 928 2011 980 τὸν

346 1023 596 1092 Βέλεσον,
647 1030 737 1077 καί
790 1023 858 1076 τά
909 1024 1035 1097 περὶ
1084 1021 1243 1076 αὐτὸν
1301 1021 1394 1076 τὸν
1452 1017 1826 1092 Καλαμπάκην
1887 1015 2012 1070 Θεό-

353 1110 554 1188 δωρον,
586 1113 644 1166 ’ὸν
703 1111 794 1166 καὶ
863 1114 1043 1168 Τατᾶν
1093 1116 1193 1178 τῆς
1245 1108 1418 1178 αὐλῆς
1449 1107 1838 1181 κατωνόμαζον
1873 1124 1885 1137 ο
1919 1104 2010 1158 τὸν

357 1200 414 1257 δὶ
472 1196 772 1276 Χαϐάρωνα
830 1205 1232 1254 Κωνσταντῖνον
1289 1198 1362 1260 εἷς
1424 1196 1721 1272 ἠγεμονίαν
1767 1191 2014 1250 τοῦἈλ-

356 1287 524 1345 ϐάνου
577 1290 924 1360 κατέστησεν.
977 1289 1108 1361 Ἐμέ
1176 1285 1233 1341 δὲ
1284 1286 1568 1360 πραίτωρα
1625 1285 2015 1361 χειροτονήσας

353 1380 571 1436 πάντων
633 1378 809 1433 αὐτῶν
869 1378 1072 1456 ἀφῆκεν
1137 1374 1520 1452 προΐστασθαι.
1579 1378 1754 1431 Τοῦτο
1814 1370 1891 1442 δὲ,
1943 1371 2017 1434 ὡς

359 1471 540 1542 οἶμαι,
595 1466 916 1537 πεποίηκεν,
944 1465 1039 1520 *ἱνα
1095 1468 1164 1538 τῇ
1218 1464 1269 1535 ἐξ
1327 1464 1492 1519 αὐτοῦ
1544 1463 1851 1538 μακροτέρα
1880 1461 2014 1514 ἀπο-

357 1555 532 1630 δημίᾳ
564 1556 641 1618 εἷς
675 1556 853 1626 λήθην
909 1556 983 1609 ὧν
1034 1553 1350 1618 ἐπεπόνθειν
1407 1552 1693 1628 γενοίμην.
1723 1548 1864 1608 Οὐδὶ
1916 1548 2016 1623 γὰρ

357 1644 466 1702 εἶδέ
523 1645 590 1719 μέ
646 1666 778 1701 ποτε
839 1646 973 1718 μετά
1025 1645 1121 1706 τὰς
1173 1643 1398 1718 πΛηγὰς
1432 1641 1896 1717 ἐλευθεριάσαντα,
1927 1637 2016 1692 καὶ

361 1734 553 1810 λόγοις
608 1733 1044 1810 χαροπωτὲροις,
1097 1733 1172 1796 ὠς
1231 1732 1462 1800 εἰώθειν,
1493 1732 1632 1807 πρὸς
1686 1729 1846 1785 αὐτὸν
1875 1729 2018 1804 χρή·-

365 1835 574 1888 σασθαι.
633 1827 751 1879 Ἵνα
805 1827 934 1899 γοῦν
999 1826 1069 1896 τῇ
1134 1821 1333 1897 χρονίᾳ
1387 1820 1555 1895 ταύτῃ
1607 1813 1861 1893 διατριϐῇ
1919 1823 2019 1886 τῆς

2127 1670 2300 1727 evicit
2330 1669 2525 1725 locum
2557 1669 2728 1725 illum
2763 1671 3147 1742 depravatum
3202 1684 3354 1733 esse,
3386 1671 3443 1723 et
3493 1681 3794 1734 mancum,

2130 1761 2310 1816 codex
2335 1758 3054 1832 perantiquusVaticanus
3068 1757 3154 1826 ,in
3173 1773 3288 1828 quo
3309 1755 3487 1812 editio
3506 1755 3802 1811 Dousiana

2131 1849 2468 1905 continetur
2496 1867 2508 1918 ;
2542 1848 2640 1920 qui
2675 1846 2934 1904 Psellum
2969 1847 3126 1902 hunc
3160 1862 3268 1903 nec
3297 1846 3369 1902 de
3394 1845 3633 1903 nomine
3662 1843 3798 1916 qui-

364 1917 551 1988 ψυχῆς
578 1915 613 1981 ἡ
646 1912 1036 1987 σκυθρωπότης
1071 1908 1353 1981 διαλυθείη
1395 1932 1516 1983 μοι,
1548 1910 1798 1984 πέπραχε
1835 1911 2018 1962 τοῦτο.

2156 1941 2267 1996 lem
2302 1940 2491 1995 novit.
2527 1939 2740 1994 Locum
2774 1939 2867 1994 hic
2895 1938 3246 2009 exscribam,
3279 1940 3344 1993 ut
3372 1939 3546 1992 antea
3573 1934 3798 1993 editum

369 2002 531 2077 Τάχα
561 1999 619 2056 δὲ
647 2001 736 2055 καὶ
783 2001 858 2064 ὡς
891 1999 1260 2076 δυσχεραίνων
1317 2001 1410 2068 ἦν,
1442 2000 1539 2067 τὴν
1573 1997 1856 2070 ξυναυλίαν
1920 2015 2028 2069 μου

387 2090 756 2167 βαρυνόμενος
789 2107 803 2120 ’
855 2091 1222 2166 προσέκρουον
1279 2089 1378 2164 γὰρ
1437 2087 1584 2161 αὐτῷ
1631 2087 1922 2154 πολλάκις,
1959 2077 2033 2163 ἐείῖοι

385 2181 469 2244 οἷς
524 2175 674 2252 ᾔδειν
736 2178 802 2232 οὐ
860 2180 996 2233 κατά
1047 2179 1140 2233 τὸν
1176 2175 1378 2232 δίκαιον
1415 2177 1582 2252 λόγον
1619 2173 2034 2248 διαπράττεσθαι

385 2268 634 2333 θέλοντα.
666 2270 722 2322 Ὀ
786 2269 878 2341 μὲν
939 2266 1030 2322 οὖν
1096 2268 1350 2342 βασιλεὺς
1378 2268 1515 2342 πρὸς
1545 2269 1646 2336 τὴν
1676 2268 1790 2323 "Eoo
1823 2264 1984 2338 ἀπῄει
2020 2281 2033 2294 ⁶

382 2357 492 2434 ἐγὼ
535 2355 594 2412 δὲ
630 2356 1005 2430 κατελείμμην
1063 2363 1181 2418 τοῖς
1234 2357 1285 2411 έν
1319 2359 1532 2430 Δυσμῇ,
1579 2363 1692 2414 etc.
1743 2359 2040 2428 Imperator

381 2452 566 2521 itaque
611 2449 917 2504 Theodorus
973 2449 1038 2503 de
1079 2449 1239 2504 rebus
1267 2465 1300 2502 a
1331 2448 1693 2503 Musulmanis
1740 2449 1801 2500 in
1847 2460 2040 2500 eorum

381 2540 594 2594 ditione
635 2540 796 2609 gestis
849 2539 1050 2593 certior
1096 2540 1292 2606 factus,
1324 2538 1504 2605 magis
1551 2537 1670 2591 suis
1717 2551 1881 2606 quam
1920 2533 2042 2588 illis

381 2629 637 2682 animum
684 2626 995 2692 advertens,
1029 2628 1224 2696 ingens
1269 2625 1396 2680 inde
1435 2626 1696 2680 Romanis
1723 2623 2044 2692 regionibus

384 2717 678 2771 imminere
732 2715 1045 2786 periculum
1089 2716 1403 2784 suspicatus
1450 2715 1508 2767 in
1560 2711 1841 2768 Orientem
1879 2727 2041 2782 quam

383 2805 672 2861 celerrime
707 2804 901 2875 pedem
952 2804 1171 2870 retulit,
1203 2819 1324 2858 cum
1375 2803 1648 2856 universis
1678 2803 2046 2857 Romanorum

388 2894 500 2965 [64]
533 2895 703 2966 copiis
753 2895 866 2948 iter
912 2893 982 2948 ad
1030 2908 1096 2947 ea
1146 2892 1263 2947 loca
1313 2894 1610 2960 ingressus.
1656 2891 2046 2947 Thessalonicae

385 2998 534 3048 vero,
565 2991 618 3038 et
673 2983 734 3037 in
787 2981 924 3037 aliis
981 2979 1282 3036 Occidentis
1326 2981 1584 3051 partibus
1635 2981 1692 3034 in
1741 2979 2046 3035 custodiam

387 3073 662 3127 duntaxat
689 3071 1027 3127 avunculum
1056 3069 1376 3125 Michaelem
1396 3070 2048 3141 Lascarim,consignata

390 3159 499 3215 illa
545 3162 768 3231 exigua,
797 3175 896 3214 nec
944 3160 1142 3230 ampla
1188 3158 1626 3230 Paphlagonum
1667 3175 1858 3225 manu,
1891 3162 1946 3212 tt
1978 3174 2048 3213 ex

384 3251 601 3322 Scythis
632 3265 740 3305 non
777 3249 922 3304 ultra
953 3250 1231 3318 trecentis,
1260 3248 1501 3319 reliquit.
1538 3249 1776 3320 Prilupi,
1811 3255 1862 3302 et
1906 3249 2042 3302 vici-

383 3355 584 3394 norum
615 3340 958 3394 exercituum
992 3338 1323 3408 Scuterium,
1354 3338 1577 3409 Xyleam
1608 3337 2042 3406 dictum,digno,

384 3429 623 3500 edepol,
655 3429 1018 3498 cognomine;
1050 3426 1274 3490 Belessi,
1308 3435 1620 3496 tractusque
1650 3428 1797 3480 circa
1844 3427 2048 3498 ipsum,

389 3516 769 3588 Calampacem
803 3515 1157 3582 Theodorum,
1201 3532 1361 3587 quem
1400 3518 1595 3570 Tatam
1632 3516 1788 3571 Aulee
1834 3531 2048 3570 nuncu-

381 3607 592 3678 pabant
612 3622 632 3664 .·
667 3605 1085 3660 Constantinum
1115 3605 1497 3661 Chabaronem
1526 3605 1735 3660 Albano
1763 3605 2051 3676 praefecit;

386 3711 476 3750 me
515 3699 815 3766 praetorem
864 3703 1111 3749 creatum
1156 3693 1412 3747 omnibus
1459 3695 1606 3748 hisce
1650 3709 1887 3764 praeesse
1917 3697 2050 3766 jus-

386 3784 464 3839 sit
510 3799 618 3838 non
677 3785 812 3854 alio,
848 3784 917 3838 ni
962 3783 1152 3854 fallor,
1185 3797 1361 3854 scopo,
1391 3799 1557 3853 quam
1608 3787 1666 3838 ut
1718 3784 1958 3854 longiori
1985 3783 2052 3838 ab

389 3888 449 3929 eo
525 3873 768 3928 discessu
849 3877 1263 3944 prmteritorum
1328 3874 1604 3928 malorum
1681 3874 2050 3929 obliviscerer.

390 3977 626 4034 namque
650 3967 772 4034 post
809 3962 1014 4034 plagas
1045 3970 1319 4032 acceptas,
1351 3978 1641 4034 nunquam
1688 3979 1776 4017 me
1824 3964 2055 4018 liberius

389 4051 597 4122 dicere,
629 4068 750 4121 quae
795 4053 1080 4118 sentirem,
1121 4067 1412 4122 nunquam
1464 4053 1638 4107 verbis
1695 4053 2056 4109 hilarioribus

389 4157 542 4196 more
589 4156 708 4195 meo
739 4142 825 4194 uti
872 4147 1252 4211 conspexerat.
1285 4142 1347 4196 Ut
1401 4155 1536 4210 ergo
1565 4142 1737 4212 longa
1768 4143 1871 4197 ista
1901 4158 2058 4197 mora

392 4244 676 4286 marorem
723 4243 752 4284 e
799 4231 1015 4300 pectore
1073 4228 1374 4295 demerem,
1422 4230 1480 4284 id
1550 4239 1774 4301 egerat;
1822 4232 2058 4302 fortasse

389 4319 555 4375 etiam
584 4319 694 4373 mei
718 4317 1069 4374 contubernii
1096 4317 1238 4387 quod
1281 4318 1640 4388 fasdidicbat,
1679 4319 1866 4376 taedio.
1902 4318 2059 4390 Saepe

391 4409 542 4463 enim
588 4408 650 4462 in
699 4409 791 4472 iis,
824 4423 946 4477 quae
992 4407 1090 4462 ille
1130 4409 1437 4476 contraius
1482 4410 1682 4479 [usque
1721 4410 2054 4477 intentabat,

394 4497 508 4569 ipse
537 4496 885 4551 adversabor.
916 4497 1232 4561 Imperator
1261 4498 1454 4567 itaque
1501 4500 1559 4552 in
1611 4498 1888 4553 Orientem
1925 4515 2055 4569 pro-

395 4588 592 4647 cessit:
634 4601 729 4657 ego
776 4587 834 4640 in
883 4585 1127 4640 occiduis
1167 4587 1424 4657 partibus
1461 4589 1726 4642 remansi.
1760 4587 2056 4659 Suspicio-

398 4693 532 4733 nem
566 4675 728 4731 auxit
757 4674 1127 4746 Ephrasmius
1171 4675 1229 4729 in
1261 4675 1566 4746 Chronico,
1601 4677 1722 4748 qui,
1757 4694 1890 4731 cum
1938 4694 2052 4734 non
2084 4674 2130 4740 D

397 4765 752 4823 sententiam
777 4769 1031 4831 tantum,
1049 4765 1148 4820 sed
1171 4765 1352 4820 verba
1368 4766 1542 4820 etiam
1563 4767 1909 4837 Acropolitaa
1932 4784 2050 4822 car-

397 4857 556 4912 mine
586 4853 1049 4927 exprimat,licet
1082 4852 1228 4908 alios
1259 4855 1699 4910 accuratissime
1727 4863 2051 4925 enumeret,

397 4946 468 5001 de
500 4943 782 5000 Michaele
809 4942 919 4997 hoc
954 4941 1136 4997 Psello
1166 4943 1413 4998 verbum
1446 4942 1674 5000 nullum
1711 4945 1847 4999 facit
1881 4963 1894 5001 :

397 5081 551 5157 Πλὴν
585 5080 788 5144 διαθεὶς
817 5082 878 5157 ab
904 5080 971 5135 τὰ
999 5082 1137 5157 κατά
1165 5082 1263 5157 τήν
1297 5082 1558 5157 Ἑσπέραν
1590 5085 1775 5156 ”Αναξ.

397 5155 546 5228 Men-ri:
577 5159 828 5228 στρατιᾶς
861 5152 1108 5228 ἐκτρέχει
1140 5154 1278 5227 πρὸς
1308 5152 1578 5228 τὴνβἘω,

397 5223 1116 5299 Aincbvo1pa1njyobq'na1i
1140 5223 1538 5299 Θεσσαλονίκην

395 5294 624 5371 Μιχαὴλ
657 5294 958 5371 Ᾱασκάριον
990 5295 1156 5371 ἄνδρα
1180 5297 1427 5371 γεννάδα,

500 5367 574 5423 ’δὲ
603 5367 868 5444 Πριλάπῴ
892 5367 1481 5444 Zuou1é‘ptov‘Euléav,

396 5441 746 5515 Έπῳνυμίαν
767 5441 976 5515 ,ἀτρεκῆ
1009 5441 1172 5507 κεκτη
1184 5441 1362 5515 μένον,

397 5514 496 5585 Ἑν
519 5510 563 5566 δ’
595 5511 658 5566 αὖ
691 5509 945 5585 Βελεσσῷ
975 5517 1090 5574 τοῖς
1120 5509 1437 5585 περικύκλῳ
1465 5513 1656 5576 τόποις

418 5533 484 5568 ων
519 5533 561 5566 0'
595 5534 658 5566 αυ
691 5533 945 5585 υεΛεσσῳ
975 5533 1090 5574 τοις
1120 5533 1186 5567 πε
1229 5533 1437 5585 ικυκΛῳ
1465 5535 1494 5568 τ

399 5584 626 5640 Φύλακα
647 5580 924 5658 Θεόδωρον
958 5585 1050 5640 τὸν
1083 5533 1501 5660 Κωὶαμπάκην.

2143 2030 2475 2101 aDousa(n)
2491 2027 2867 2097 mutilum,et
2893 2027 3306 2100 hiulcum,ope
3327 2024 3802 2082 emendatissimi

2144 2119 2362 2174 codicis
2393 2119 2667 2189 integras,
2699 2134 2766 2172 ac
2822 2116 3092 2189 impleas.
3125 2116 3187 2172 Ὁ
3248 2111 3307 2169 δὲ
3363 2111 3618 2190 βασιλεὺς
3673 2113 3814 2167 Θεό-

2147 2205 2365 2281 δωρος,
2451 2205 2565 2260 ἐπεὶ
2669 2205 2794 2281 περὶ
2878 2209 2987 2260 τῶν
3074 2205 3454 2280 γεγενημένων
3559 2200 3810 2271 έπόθετο,

2147 2294 2370 2350 ἔσπευσε
2426 2296 2562 2365 πρὸς
2615 2296 2715 2363 τὴν
2760 2298 2876 2349 Ἕω
2933 2292 3364 2363 παλινοστῆσαι,
3393 2291 3484 2348 καὶ
3543 2290 3699 2366 ἀφεὶς
3759 2288 3813 2344 ἐν

2145 2388 2214 2458 τῇ
2248 2383 2616 2459 Θεσσαλονίκῃ
2653 2384 2745 2438 καὶ
2775 2388 2893 2446 τοῖς
2924 2383 3064 2438 κατὰ
3093 2383 3314 2454 Δυσμὴν
3351 2383 3565 2455 μέρεσιν
3595 2380 3673 2442 εἷς
3715 2401 3818 2457 φυ-

2149 2471 2322 2540 λακὴν
2350 2474 2446 2528 τόν
2479 2473 2619 2546 πρὸς
2648 2473 2873 2528 πάππου
2905 2473 3050 2526 Θεῖον
3083 2471 3248 2526 αὐτοῦ
3277 2471 3370 2526 τὸν
3400 2469 3617 2544 Λάσκαρ
3630 2491 3672 2523 ιν
3707 2471 3823 2526 Μι-

2152 2561 2305 2638 χαὴλ
2371 2565 2506 2635 μετὰ
2569 2567 2765 2638 μικροῦ
2823 2561 3227 2635 στρατεύματος
3281 2558 3407 2616 ὅσον
3469 2559 3544 2621 είς
3594 2578 3821 2633 τριακο-

2153 2652 2299 2714 σίους
2327 2651 2710 2727 ἠριθμημένον
2743 2669 2758 2684 ⁸
2788 2655 2886 2708 τοῦ
2927 2649 2986 2706 δὶ
3046 2648 3366 2726 Ηριλάπου,
3396 2649 3486 2705 καὶ
3525 2652 3633 2704 τῶν
3692 2648 3819 2720 περὶ

2151 2741 2311 2796 αὐτὸν
2342 2743 2780 2818 στρατευμάτων,
2807 2741 2899 2796 τὸν
2952 2740 3009 2795 ὃν
3064 2742 3181 2815 εἶχε
3235 2737 3561 2813 Σκουτέριον
3603 2734 3822 2792 Ξυλέαν

2153 2830 2544 2904 ὠνομασμένον
2575 2852 2587 2866 ’
2622 2831 2697 2894 εἰς
2761 2828 2819 2886 δὶ
2872 2829 2963 2886 τὸν
3015 2828 3302 2899 Βελεσσὸν,
3331 2827 3423 2884 καὶ
3471 2828 3539 2884 τὰ
3567 2827 3692 2903 περὶ
3725 2826 3827 2881 αὖ·

2152 2919 2264 2990 τὸν,
2295 2919 2672 2994 Καλαμπάκην
2708 2916 2987 2995 Θεόδωρον
3022 2919 3080 2973 ’ὸν
3125 2917 3214 2974 καὶ
3255 2921 3431 2977 Τατᾶν
3490 2923 3591 2986 τῆς
3647 2914 3827 2984 αὐλῆς

2152 3009 2536 3084 κατωνόμαζον
2573 3029 2586 3043 ⁸
2627 3011 2720 3066 τὸν
2781 3007 2840 3064 δὲ
2893 3003 3194 3083 Χαϐάρωνα
3250 3012 3665 3064 Κωνσταντῖνον
3747 3002 3826 3067 εἷς

2153 3100 2453 3174 ἡγεμονίαν
2514 3103 2611 3154 τοῦ
2672 3092 2966 3165 Ἀλὸάνου,
3021 3095 3120 3170 ἐμὲ
3176 3093 3234 3152 δὲ
3291 3097 3508 3152 πάντων
3566 3091 3828 3171 προΐστα-

2156 3200 2299 3257 σθαι,
2331 3195 2440 3246 etc.
2473 3189 2606 3246 Hinc
2663 3195 2861 3246 autem
2913 3205 3029 3244 non
3083 3188 3213 3244 ideo
3246 3204 3280 3242 a
3311 3203 3405 3242 me
3453 3187 3611 3242 dicta
3658 3189 3827 3254 sunt,

2073 3308 2118 3379 ϐ
2157 3285 2222 3334 ut
2240 3279 2506 3378 .Psellum
2540 3279 2719 3379 istum
2751 3295 2818 3379 eo
2851 3283 3114 3379 tempore
3148 3276 3331 3379 fuisse
3364 3292 3603 3379 negem;
3638 3274 3831 3379 potuit

2158 3369 2308 3423 enim
2341 3384 2494 3432 esse,
2526 3374 2582 3421 et
2613 3369 2759 3422 forte
2793 3366 2940 3433 fuit;
2977 3365 3079 3421 sed
3114 3370 3181 3420 ut
3210 3365 3520 3420 ostendam
3549 3380 3616 3420 ex
3664 3363 3830 3418 hisce

2158 3455 2388 3526 Georgii
2418 3456 2614 3511 verbis
2647 3460 2803 3511 certo
2835 3455 2891 3509 id
2927 3453 3216 3510 afﬁrmari
3249 3469 3364 3509 non
3401 3469 3587 3525 posse.

2232 3544 2434 3600 LXXX.
2467 3545 2652 3600 Fuere
2681 3549 2738 3600 et
2768 3543 2868 3599 alii
2906 3542 3072 3598 Pselli
3106 3559 3120 3598 :
3150 3543 3303 3597 inter
3341 3557 3442 3598 eos
3493 3539 3824 3614 pracipuos

2158 3638 2418 3690 Joannes
2447 3632 2697 3690 Psellus.
2714 3633 3011 3688 Meursius
3028 3631 3208 3703 hujus
3231 3636 3400 3703 putat
3420 3646 3550 3686 esse
3572 3629 3826 3700 iambos,

2162 3740 2312 3796 quos
2335 3739 2467 3778 cum
2484 3721 2786 3778 Heraclide
2800 3721 3039 3777 Pontico
3060 3720 3320 3794 vulgavit
3345 3719 3486 3776 olim
3499 3722 3825 3788 Gesnerus;

2163 3829 2510 3884 errasseque
2535 3827 2839 3878 eum,cum
2884 3809 3151 3866 Michaeli
3171 3808 3396 3865 tribuit.
3419 3808 3528 3864 Sed
3555 3805 3826 3865 Michaeli

2166 3902 2371 3958 tribuit
2423 3901 2599 3957 etiam
2663 3900 2920 3956 Andreas
2992 3899 3294 3968 Schottus,
3343 3898 3688 3954 Prasl'atione
3762 3895 3824 3952 in

2164 3992 2330 4046 (lant.
2365 3992 2578 4046 cantio.
2633 3991 2786 4046 Certe
2833 3989 3088 4044 iambieis
3140 3987 3206 4042 de
3251 3987 3546 4042 virtutibus
3593 3993 3644 4042 et
3673 3986 3830 4041 vitiis

2164 4095 2392 4150 gnomas
2438 4081 2771 4150 composuit,
2805 4092 2931 4149 quae
2974 4094 3096 4133 cum
3145 4076 3423 4132 Heraclidi
3475 4077 3696 4132 Pontici
3731 4076 3827 4130 al-

2167 4168 2388 4240 legoriis
2417 4168 2729 4224 Homericis
2759 4166 2918 4223 hodie
2947 4165 3230 4235 leguntur.
3263 4166 3389 4222 Non
3441 4181 3607 4238 eaque
3657 4165 3826 4220 bene.

2240 4258 2512 4328 Ejusdem
2545 4256 2723 4312 etiam
2756 4255 2914 4312 edita
2943 4259 3083 4311 sunt
3113 4254 3397 4324 carmina,
3418 4251 3512 4315 Et:
3532 4251 3660 4315 τοὺς
3681 4256 3831 4328 τρεῖς

2164 4345 2449 4420 ἱεράρχας,
2510 4341 2817 4415 Βασίλειον,
2867 4343 3200 4418 Γρηγόριον,
3249 4343 3339 4397 καὶ
3400 4342 3659 4411 Ἰωάννην
3735 4343 3826 4395 τὸν

2164 4433 2574 4509 Χρυσόστομον.
2631 4435 2798 4491 Item.
2839 4430 2932 4496 Εἷς
2985 4433 3082 4493 τὰς
3139 4431 3292 4506 ἁγίας
3349 4431 3486 4486 ἒπτᾶ
3543 4428 3823 4498 συνόδους,

2165 4541 2296 4581 cum
2351 4523 2638 4580 Theodori
2690 4523 2996 4579 Prodromi
3043 4522 3426 4590 carminibus,
3461 4527 3520 4578 et
3564 4521 3830 4577 Xantho-

2165 4614 2308 4686 puli.
2353 4613 2592 4670 Basileaa
2653 4613 2808 4684 apud
2860 4611 3160 4667 Bebelium
3216 4612 3377 4681 1536,
3419 4612 3569 4668 in-8.
3611 4610 3828 4666 Verum

2164 4702 2541 4774 Opusculum,
2591 4703 2664 4757 de
2731 4706 2955 4773 septem
3018 4700 3282 4773 synodis,
3335 4717 3464 4756 esse
3528 4699 3830 4756 Michaelis

2161 4791 2332 4847 Pselli
2366 4794 2537 4846 antea
2567 4789 2982 4844 indicavimus.

2235 4883 2379 4937 Item
2423 4879 2838 4935 Constantinus
2887 4877 3141 4945 Psellus,
3194 4879 3365 4948 cujus
3444 4879 3710 4934 Lexicum
3767 4879 3828 4934 in

2161 4969 2548 5040 evangelistas,
2598 4968 2720 5023 sive
2769 4967 2984 5022 brevem
3050 4967 3450 5039 expositionem
3505 4967 3828 5039 difﬁcilium

2162 5062 2224 5115 in
2255 5062 2324 5115 iis
2356 5060 2622 5128 locorum,
2655 5057 2738 5113 ait
2767 5062 2996 5112 exstare
3035 5073 3147 5111 ms.
3179 5060 3374 5112 Graece
3423 5057 3480 5112 in
3533 5056 3682 5114 Bibl.
3715 5057 3828 5113 im-

2163 5153 2350 5221 perat.
2382 5148 2621 5204 Viennae
2655 5147 2714 5202 in
2749 5148 2802 5202 4.
2845 5146 3164 5217 Gesnerus,
3203 5151 3263 5203 et
3290 5146 3669 5204 Possevinus.
3694 5145 3830 5220 Legi

2164 5239 2340 5295 etiam
2375 5237 2588 5310 ipsius.

2236 5327 2481 5382 Ἔκθεσιν
2533 5324 2787 5392 πίστεως,
2848 5325 3266 5396 Expositionem
3332 5325 3506 5392 Fidei,
3559 5341 3688 5397 qum
3734 5324 3830 5381 in-

2163 5415 2329 5488 cipit,
2362 5415 2606 5472 Πιστεύω
2640 5413 2718 5475 sic
2759 5412 2993 5487 Πατέρα,
3024 5413 3114 5467 καὶ
3179 5413 3320 5486 Γὶὸν,
3350 5413 3440 5469 καὶ
3494 5417 3714 5486 Πνεῦμα
3765 5413 3830 5469 τὸ

2163 5506 2338 5580 ἅγιον,
2373 5523 2501 5578 quae
2535 5505 2710 5562 etiam
2744 5504 2804 5560 in
2839 5503 3198 5560 bibliotheca
3227 5505 3466 5561 Antonii
3514 5503 3830 5578 Augustini

2161 5595 2294 5651 cod.
2329 5595 2450 5663 166,
2485 5592 2890 5666 manuscripts
2918 5591 3269 5650 habebatur.

468 5778 552 5850 (η)
582 5779 644 5831 Ρ.
676 5775 747 5832 48
771 5774 915 5832 edit.
946 5773 1240 5833 Theodori
1270 5775 1499 5848 Dousas,
1531 5776 1716 5850 Lugd.
1749 5776 1873 5834 Bat.
1909 5690 2208 5851 16ῗ4ῗΤέΕ,
