4122 6394
400 557 3286 589 W

935 744 2255 914 MICHAELIS
2441 747 3287 913 PSELLI

1465 1080 1944 1196 OPERUM
2010 1082 2304 1199 PARS
2372 1085 2742 1195 PRIMA

1850 1326 2365 1383 COMPLECTENS

1251 1533 1760 1627 OPEBA
1880 1533 2955 1631 THEOLOGICA.

2071 1861 2142 1872 ι..-

727 2117 1672 2247 ΕΡΜΗΝΕΙΑ
1771 2116 2252 2247 ΚΑΤΑ
2355 2116 3496 2248 ΠΑΡΑΦΡΑΣΙΝ

1133 2430 1383 2527 ΤΟΥ
1460 2432 2047 2530 ΑΣΜΑΤΟΣ
2132 2432 2389 2529 ΤΩΝ
2472 2431 3082 2529 ΑΣΜΑΤΩΝ

394 2690 845 2747 ΣΥΛΛΕΓΟΥΣΑ
883 2690 1027 2747 A110
1067 2691 1157 2746 TE
1193 2690 1330 2749 TON
1372 2691 1484 2747 ΕΙΣ
1525 2692 1757 2749 ΤΟΥΤΟ
1798 2693 2200 2747 ΕΡΜΗΝΕῙΩΝ
2238 2696 2367 2747 ΤΟΥ
2422 2695 2625 2748 ᾹΓΙΟΥ
2664 2692 3045 2748 ΓΡΙΙΓΟΓΙΟΥ
3084 2688 3400 2759 ΝΥΣΣΗΣ,
3445 2689 3575 2746 ΤΟΥ
3621 2691 3823 2746 ΑΓΙΟΥ

1489 2783 1766 2855 ΝΕΙΛΟΥ,
1808 2784 1927 2840 ΚΑΙ
1964 2784 2094 2840 ΤΟΥ
2130 2785 2330 2840 ΑΓΙΟΥ
2368 2785 2721 2842 ΜΑΞΙΜΟΥ.

403 3270 1498 3440 EXPOSITIO
1612 3272 2414 3441 CANTICI
2512 3270 3824 3440 CANTICORUM

1537 3597 1765 3708 PER
1833 3595 2669 3712 PARAPHRASIM

480 3849 839 3908 COLLECTA
876 3852 975 3907 EX
1012 3850 1268 3908 SANCTI
1308 3850 1654 3909 GREGORII
1693 3852 1945 3909 NYSSzE
1984 3852 2407 3921 PONTIFICIS,
2445 3853 2534 3908 ET
2574 3851 2832 3908 SANCTI
2870 3852 3016 3909 NILI
3061 3852 3146 3909 ET
3186 3851 3443 3908 SANCTI
3477 3851 3755 3908 MAXIM!

1839 3942 2389 4000 COMMENTARIIS

472 4367 691 4440 Ἐπειδὴ
749 4372 839 4428 καὶ
896 4373 995 4437 τὰς
1047 4374 1386 4450 Ηαροιμίας,
1430 4373 1521 4429 καὶ
1576 4373 1667 4428 τὸν
1728 4372 2100 4445 Ἐκκλησιαη

2245 4376 2487 4443 Qoniam
2520 4378 2579 4431 et
2605 4372 2918 4431 Proverbia
2949 4377 3005 4429 et
3036 4371 3426 4430 Ecclesiasten
3460 4372 3675 4429 cecinit
3724 4374 3828 4431 Sa-

398 4460 534 4528 στὴν
584 4458 854 4535 Σολομῶν
906 4461 1057 4537 ᾖσεν*
1108 4461 1162 4517 ἐν
1213 4464 1308 4537 μὲν
1338 4469 1454 4526 ταῖς
1514 4464 1865 4540 Παροιμίαις,
1921 4464 2026 4519 ἀπο

2199 4482 2394 4531 omon,
2428 4465 2484 4519 in
2521 4463 2849 4519 Proverbiis
2880 4463 3119 4535 quidem
3151 4463 3454 4519 deterrens
3490 4480 3523 4518 a
3554 4462 3715 4519 vitiis
3768 4467 3827 4518 et

394 4548 736 4625 τρεπόμενος
795 4552 888 4624 μὲν
946 4552 1052 4607 ἀπὸ
1098 4556 1195 4607 τοῦ
1244 4557 1452 4607 κακοῦ·
1500 4554 1943 4627 προτρεπόμενος
2004 4550 2022 4606 ἓ

2195 4555 2243 4609 ιὰ
2268 4554 2525 4610 virtutes
2555 4553 2869 4609 cohortaris
2900 4556 3077 4624 atque
3110 4552 3410 4607 moraliter
3452 4552 3776 4607 instituens
3812 4568 3823 4607 :

396 4639 538 4712 πρὸς
566 4639 658 4693 τὸν
690 4639 913 4715 ἀγαθὸν,
960 4642 1050 4696 καὶ
1099 4638 1464 4717 παιδαγωγῶν
1516 4643 1742 4712 ἠθικῶς·
1796 4641 1847 4698 ἐν
1877 4640 1935 4697 δὲ
1978 4648 2024 4697 τὶ

2196 4661 2229 4699 n
2260 4643 2610 4700 Ecclesiaste
2642 4646 2837 4698 autem
2870 4641 3199 4709 declarans,
3226 4657 3421 4697 rerum
3442 4640 3822 4712 praesentium

397 4725 810 4803 Ἐκκλησιαπῇ
857 4728 1227 4786 ἀποδεικνύων
1258 4736 1367 4787 τῶν
1399 4731 1681 4806 παρόντων
1716 4732 1778 4786 τὸ
1808 4731 2025 4804 μάταιοι

2199 4733 2513 4803 anitatem,
2539 4748 2759 4805 easque
2778 4730 3190 4804 despiciendas
3223 4731 3480 4785 suadens
3499 4745 3565 4784 ac
3596 4734 3827 4785 natura-

395 4816 491 4872 καὶ
546 4816 755 4873 τούτων
816 4818 1020 4874 πείθων
1089 4820 1444 4898 ὑπερφρονεῖν
1481 4864 1495 4888 ,
1573 4822 1663 4876 καὶ
1723 4818 2023 4876 ἐκπαιδεόω

2197 4823 2304 4877 iter
2333 4823 2550 4878 docens
2582 4839 2651 4877 ex
2685 4822 2904 4894 quibus
2954 4820 3215 4876 charitas
3248 4819 3307 4873 in
3340 4819 3524 4874 Deum
3558 4818 3825 4890 proﬁcis-

397 4910 668 4986 φυσικῶς,
703 4907 755 4978 ἐξ
816 4909 888 4963 ὧν
939 4910 974 4979 ἡ
1007 4909 1144 4985 πρὸς
1187 4910 1315 4965 Θεὸν
1364 4910 1550 4984 ἀγάπη
1600 4908 1905 4988 ὑφίσταται·
1968 4912 2023 4964 οἴ

2205 4915 2357 4979 atur,
2406 4928 2534 4983 quae
2584 4910 2865 4966 nimirum
2918 4909 2992 4965 ab
3034 4923 3102 4965 eo
3134 4909 3289 4980 quod
3321 4908 3542 4962 bonum
3574 4907 3828 4973 videtur,

391 4996 694 5051 κινούντων
726 4997 864 5071 πρὸς
892 4998 955 5053 τὸ
985 4994 1156 5062 ὅντως
1188 4999 1388 5074 ἀγαθὸν
1422 4999 1530 5055 ἀπὸ
1559 5004 1655 5055 τοῦ
1686 4999 2019 5074 νομιζομὲνο

2197 5002 2239 5055 .d
2263 5000 2322 5055 id
2356 5002 2512 5072 quod
2542 5017 2678 5056 vere
2721 5000 2943 5055 bonum
2976 5002 3087 5065 est,
3119 4997 3349 5053 animos
3383 4999 3617 5053 nostros
3674 4995 3825 5053 inci-

390 5086 491 5142 τὸν
520 5085 691 5150 πόθον
722 5088 912 5161 ἡμῶν,
941 5087 1033 5143 καὶ
1072 5086 1138 5143 τὰ
1168 5087 1356 5144 λοιπά.

2166 5093 2253 5145 tet
2283 5098 2456 5162 atque
2487 5088 2837 5160 inﬂammet,
2868 5092 2926 5145 et
2955 5085 3203 5160 reliqua.
