4122 6382
309 438 427 499 539

1636 443 2064 506 MICHAELIS
2109 444 2382 505 PSELLI

3606 436 3731 498 540

1055 740 1754 870 ΕΤΕΡΑ
1927 741 2976 872 ΕΞΗΓΗΣΙΣ

1112 999 1308 1093 ΕΙΣ
1370 998 1533 1096 ΤΟ
1589 999 1934 1095 ΑΣΜΑ
1989 999 2249 1096 ΤΩΝ
2308 996 2917 1095 ΑΣΜΑΤΩΝ

942 1198 1309 1252 ΕΞΗΓΗΘΕΝ
1380 1202 1564 1255 UAPA
1633 1203 1758 1252 ΤΟΥ
1825 1199 2110 1256 ΨΕΛΑΟΥ
2176 1205 2290 1254 AIA
2359 1198 2617 1255 ΣΤΙΧΩΝ

2686 1198 3092 1254 ΠΟΛΙΤΙΚΩΝ.

1081 1537 1596 1660 ALIA
1764 1535 2946 1663 EXPOSITIO

1235 1771 1349 1856 IN
1407 1770 2002 1861 CANTICUM
2061 1770 2820 1859 CANTICOBUM

1030 1948 1082 2008 Α
1163 1948 1456 2011 PSELLO
1539 1951 1922 2014 VERSIBUS
2007 1951 2390 2013 ClVlLlBUS
2474 1947 3000 2012 EXPLICATUM.

386 2237 533 2294 Cum
579 2239 814 2295 animus
871 2243 1010 2296 tuus
1069 2241 1336 2298 discendi
1396 2244 1667 2316 cupidus,
1699 2261 1731 2301 o
1762 2245 1964 2300 diade-
1994 2247 2049 2312 Α

316 2331 472 2383 mate
529 2328 835 2397 redimite,
895 2346 962 2386 eo
1021 2331 1312 2389 desiderio
1367 2337 1654 2401 teneatur,
1705 2334 1967 2390 cantico-

317 2431 451 2471 rum
508 2417 812 2474 Canticum
844 2436 990 2476 nova
1021 2425 1078 2476 et
1108 2422 1270 2478 varia
1317 2422 1746 2495 explanationis
1788 2429 1967 2495 atque

316 2505 714 2578 intelligentia;
770 2507 995 2565 ratione
1051 2510 1400 2580 declaretur,
1459 2530 1530 2568 en
1587 2511 1869 2570 voluntati
1901 2529 1967 2568 ac

316 2595 512 2652 studio
571 2602 672 2652 tuo
727 2599 1133 2670 obsequimur,
1193 2601 1549 2674 imperator;
1606 2607 1782 2675 atque
1850 2602 1968 2658 Do-

319 2683 463 2739 mini
513 2685 925 2743 universorum
977 2688 1194 2744 auxilio
1246 2690 1396 2756 freti,
1448 2696 1632 2746 totam
1701 2691 1968 2747 Cantico-

315 2790 448 2829 rum
507 2774 930 2846 expositionem
984 2777 1243 2850 simplici
1301 2789 1354 2835 et
1422 2779 1647 2852 vulgari
1707 2780 1969 2836 oratione

316 2862 724 2920 concinnatam
783 2866 1106 2923 aﬂerimus.
1159 2868 1646 2941 Sapientissimus
1695 2869 1792 2926 ille
1830 2887 1966 2942 pro-

317 2951 491 3022 pheta
547 2953 846 3023 Salomon,
907 2956 1148 3013 Davidis
1208 2957 1362 3014 filius
1429 2975 1496 3014 ex
1543 2975 1610 3014 ea
1670 2975 1797 3031 qua:
1859 2959 1970 3014 fuit

316 3039 500 3110 Uriaz,
559 3042 673 3097 tria
731 3045 996 3115 quaedam
1051 3046 1109 3100 in
1167 3046 1285 3102 vita
1342 3047 1646 3103 volumina
1705 3048 1965 3104 conscri-

318 3127 456 3198 psit.
505 3127 695 3184 Unum
750 3132 1068 3202 prudenter
1117 3135 1190 3189 ab
1233 3135 1510 3192 omnibus
1541 3138 1969 3193 Proverbiorum

325 3217 564 3272 nomine
625 3225 1021 3291 nuncupatur,
1083 3223 1237 3294 quod
1297 3239 1529 3282 morum
1575 3225 1835 3282 continet
1880 3226 1968 3282 di-

318 3303 652 3378 sciplinam,
686 3309 1194 3377 perturbationum
1250 3312 1429 3368 animi
1471 3315 1965 3385 emendationem,

319 3398 593 3466 recteque
650 3396 879 3452 vivendi
929 3399 1215 3455 rationem
1278 3418 1346 3457 ac
1394 3402 1592 3458 divina
1631 3409 1965 3476 praecepta:

317 3480 560 3538 alterum
633 3486 982 3543 Ecclesiastes
1041 3490 1113 3545 ab
1194 3490 1532 3547 hominibus
1603 3493 1966 3565 appellatur,

321 3571 477 3641 quod
552 3573 681 3627 vitae
760 3575 1067 3646 prasentia
1141 3578 1331 3650 aperit
1402 3581 1717 3637 vanitatem

319 3661 515 3726 tium,
591 3662 865 3733 domine,
962 3667 1115 3738 quod
1209 3668 1580 3726 continenter
1661 3672 1968 3745 sequitur,

319 3755 410 3804 est
467 3750 664 3822 ipsum
740 3754 1029 3811 Canticum
1100 3760 1466 3828 canticorum,
1521 3761 1675 3832 quod
1732 3763 1972 3834 quidem

321 3838 426 3894 tibi
458 3840 757 3913 eleganter
784 3845 1128 3914 admodum,
1161 3852 1218 3903 et
1266 3848 1380 3903 sub
1427 3850 1622 3921 specie
1668 3867 1736 3906 ac
1786 3852 1974 3925 figura

321 3929 580 3998 quadam
632 3933 977 4003 nuptiarum
1026 3935 1208 3990 tradit
1254 3934 1528 3994 humanae
1575 3939 1788 3996 animae
1846 3959 1972 4010 per-

321 4017 666 4075 fectionem.
728 4020 1037 4093 Sapienter
1108 4024 1266 4079 enim
1326 4027 1598 4098 proponit
1675 4027 1970 4085 Christum

323 4121 650 4178 sponsum,
727 4127 1066 4183 sponsaque
1133 4113 1380 4179 itidem,
1452 4116 1712 4171 animam
1771 4118 1974 4188 sponsi

324 4208 524 4250 amore
553 4196 932 4269 languentem
964 4205 1140 4271 atque
1172 4201 1618 4274 inﬂammatam,
1648 4210 1707 4260 et
1731 4206 1802 4261 ad
1835 4206 1974 4263 ilius

2152 2239 2479 2316 Ἐπειδήπερ
2510 2241 2572 2296 τὸ
2602 2239 2909 2319 φιλομαθὲς
2932 2239 2994 2295 τὸ
3027 2239 3140 2312 σὸν,
3175 2237 3220 2292 ῶ
3252 2234 3583 2314 στεφηφόρε,

2075 2333 2507 2405 Ἐρμηνευθῆναι
2538 2331 2790 2407 γλίχεται
2819 2332 2918 2400 τήν
2952 2330 3105 2400 ξένην
3137 2327 3226 2382 καὶ
3256 2323 3517 2396 ποικίλην

2076 2424 2188 2478 Τοῦ
2216 2425 2326 2476 τῶν
2359 2419 2615 2495 ᾀσμάτων
2648 2422 2928 2493 ’ᾼσματος
2955 2417 3219 2492 ἐξήγησιν
3251 2415 3340 2471 καὶ
3370 2419 3589 2492 γνῶσιν,

2078 2509 2220 2566 Ἰδού
2249 2531 2345 2564 σου
2373 2514 2454 2582 τῷ
2486 2510 2810 2583 θεσπίσματι
2841 2507 3171 2575 πεισθέντες,
3197 2503 3573 2581 αὐτοκράτωρ,

2078 2599 2181 2656 Καὶ
2232 2599 2329 2661 τὰς
2385 2597 2610 2661 ἐλπίδας
2669 2598 2884 2673 θέμενοι
2939 2600 3077 2672 πρὸς
3133 2597 3223 2651 τὸν
3281 2592 3556 2658 Δεσπότην
3589 2590 3728 2646 πάν-

3501 2684 3628 2755 [των
3639 2724 3654 2751 ,

2079 2773 2363 2849 Δηλοῦμες
2394 2778 2492 2846 τὴν
2525 2777 2778 2852 ἐξήγησιν
2811 2776 2983 2830 πᾶσάν
3018 2796 3102 2830 σοι
3131 2777 3239 2829 τῶν
3269 2770 3582 2844 ’ᾼσμάτων,

2078 2866 2164 2922 Ἐν
2199 2865 2595 2942 ἁπλουστέραις
2623 2864 2824 2936 λέξεσιν
2858 2866 2945 2919 καὶ
2981 2863 3500 2936 κατημαξευμέναις.

2076 2955 2137 3011 Ὀ
2163 2955 2263 3030 γάρ
2295 2957 2584 3033 προφήτης
2622 2953 2914 3028 Σολομῶν,
2949 2955 2977 3009 ὁ
3009 2973 3280 3030 πανσοφος
3311 2950 3542 3021 ἐκεῖνος,

2077 3044 2134 3109 ⁸ο
2166 3050 2293 3109 παῖς
2316 3064 2606 3120 τυγχανων
2638 3048 2736 3098 τοῦ
2785 3037 2973 3111 Δαὸὶδ,
3004 3040 3133 3098 ἀλλ’
3190 3040 3250 3096 ἐκ
3305 3046 3407 3109 τῆς
3471 3041 3570 3092 τοῦ
3617 3037 3730 3094 Οὐ-

3494 3125 3660 3201 [ρίου,

2076 3229 2230 3300 Τρεῖς
2262 3221 2634 3298 συνεγράψατό
2663 3242 2809 3283 τινας
2841 3219 2892 3276 ἐν
2930 3219 3035 3296 βίῳ
3063 3217 3460 3294 πραγματείας·

2077 3315 2140 3370 Ἣ
2176 3313 2272 3386 μὲν
2302 3309 2547 3366 καλεῖται
2579 3313 2854 3386 νουνεχῶς
2887 3315 3004 3372 τοῖς
3045 3315 3174 3364 πᾶσι
3199 3306 3520 3384 Παροιμίαι,

2077 3405 2324 3477 ’Ἐχουσα
2353 3397 2627 3455 παίδευσιν
2681 3401 2851 3468 ἠθῶν,
2884 3401 3068 3454 παθῶν
3103 3397 3526 3472 ἆπανορθώσεις,

2083 3491 2184 3547 Καὶ
2214 3495 2323 3544 τῶν
2355 3487 2636 3564 πρακτέων
2671 3492 2916 3563 συνεχῶς
2943 3488 3033 3542 καὶ
3066 3486 3212 3548 Θείας
3245 3486 3547 3555 ὑποθήκας.

1773 3597 1786 3639 ε
1849 3588 1968 3638 ter-
2001 3617 2049 3682 B
2079 3581 2142 3636 Ἦ
2177 3576 2234 3635 δέ
2262 3599 2379 3641 πως
2413 3576 2850 3648 Ἐκκλησιαστής
2879 3573 3144 3646 κέκληται
3176 3580 3291 3637 τοῖς
3322 3573 3656 3648 ἀνθρώποις,

2082 3669 2161 3726 Τὸ
2195 3669 2422 3742 μάταιον
2453 3664 2780 3722 διδάσκουσα
2806 3667 2868 3721 τὸ
2896 3670 2994 3721 τοῦ
3023 3664 3292 3740 παρόντος
3329 3663 3450 3740 βίου

2081 3759 2144 3815 Ἦ
2178 3755 2235 3812 δὲ
2263 3779 2323 3833 γε
2348 3757 2504 3833 τρίτη
2539 3761 2782 3833 συνεχῶς
2813 3754 3020 3811 ἐκείνου
3049 3752 3398 3832 πραγματεία

2085 3847 2254 3919 (Αὕτη
2285 3845 2572 3922 τυγχάνει,
2607 3843 2864 3916 δέσποτα,
2893 3845 2956 3900 τὸ
2980 3850 3168 3917 ’ᾼσμα
3196 3847 3304 3897 τῶν
3338 3839 3641 3914 ᾀσμάτων),

2083 3936 2191 3993 Τὸν
2219 3935 2421 4010 τρόπον
2449 3933 2769 4012 καταγγελεῖ
2797 3956 2882 3988 σοι
2911 3931 3360 4008 ποικιλοτρόπως
3385 3929 3518 4004 ἄγαν

2084 4027 2201 4094 Τῆς
2228 4025 2564 4086 τελειώσεως
2594 4024 2762 4094 αὐτῆς
2801 4026 2993 4098 ψυχῶν
3021 4027 3130 4077 τῶν
3163 4020 3540 4096 ἀνθρωπίνων,

2083 4111 2243 4169 Ἀλλ’
2274 4113 2347 4174 ὡς
2375 4112 2427 4168 ἐν
2462 4111 2710 4187 σχήματί
2737 4133 2843 4167 τινι
2875 4105 3472 4185 σεμνονυμφοστολίας.

2086 4207 2282 4280 Σοφῶς
2304 4202 2404 4278 γάρ
2435 4200 2725 4272 ὗποτίθησι
2757 4200 2846 4255 τὸν
2886 4201 2978 4273 μὲν
3014 4199 3244 4275 Χριστὸν
3276 4194 3537 4272 νυμφίον,

324 4283 546 4353 gratias
589 4290 647 4340 et
678 4303 918 4342 munera
946 4288 1226 4345 velociter
1255 4289 1676 4362 pervolantem.
1707 4294 1978 4352 Continet

2089 4291 2322 4369 Νύμφην
2357 4288 2414 4345 δὲ
2443 4289 2607 4344 πάλιν
2638 4292 2737 4358 τὴν
2767 4291 2954 4364 ψυχήν
2985 4288 3189 4364 ἐρῶσαν
3219 4291 3318 4342 τοῦ
3343 4283 3605 4362 νυμφίου,

327 4370 506 4428 etiam
564 4373 720 4430 dicta
764 4377 1033 4447 quedam
1092 4378 1363 4434 Ecclesia:
1418 4382 1820 4454 congruentia.
1864 4385 1975 4440 Sed

316 4459 471 4530 jam,
529 4463 846 4533 adjuvante
902 4465 1018 4522 Deo
1063 4467 1236 4523 verba
1283 4467 1639 4542 incipiamus
1688 4472 1976 4546 interpre-

327 4547 460 4606 tari.

737 4753 820 4808 Ex
848 4752 1025 4808 tribus
1053 4754 1262 4810 sanctis
1293 4756 1570 4811 Patribus.

398 4857 437 4912 A
461 4857 771 4915 Salomone
793 4858 1146 4932 inscriptum
1169 4866 1260 4917 est
1279 4861 1640 4919 canticorum
1681 4863 1980 4950 Canticum

2087 4378 2188 4438 Καὶ
2218 4377 2614 4452 πεπυρωμὲνην
2647 4374 2808 4455 ἔρωτι
2842 4376 3000 4448 δῆθεν
3030 4382 3109 4449 τῷ
3132 4381 3228 4431 τοῦ
3260 4375 3519 4450 νυμφίον,

2087 4469 2190 4528 Καὶ
2220 4470 2356 4545 πρὸς
2375 4467 2579 4524 ἐκείνου
2611 4471 2841 4544 χάριτας
2875 4467 3244 4539 ἀνιπταμένην
3276 4466 3441 4540 τάχα.

2086 4561 2245 4634 Ἔχει
2280 4556 2337 4614 δὲ
2367 4559 2587 4636 φράσεις
2605 4556 2694 4613 καί
2722 4579 2868 4621 τινας
2896 4555 3019 4632 περὶ
3051 4562 3152 4625 τῆς
3183 4552 3528 4624 Ἐκκλησίας.

2087 4645 2242 4706 Ἀλλ’
2271 4648 2637 4724 ἀπαρξώμεθα
2667 4645 2866 4702 λοιπὸν
2900 4644 2993 4699 σύν
3024 4666 3085 4721 γε
3115 4649 3231 4716 Θεῷ
3253 4647 3333 4715 τῷ
3365 4643 3550 4718 Λόγῳ.

2446 4755 2538 4810 Ἐκ
2565 4759 2673 4810 τῶν
2703 4757 2868 4830 τριῶν
2901 4751 3068 4829 ἁγίων
3098 4752 3372 4824 Πατέρων.

2157 4864 2346 4937 ’ᾼσμα
2393 4859 2648 4935 ᾀσμάτων
2712 4864 2792 4933 τῷ
2859 4856 3156 4932 Σολομῶνι
3208 4855 3625 4933 ἀναγέγραπται,
3671 4853 3737 4909 τὸ

325 4945 387 5000 in
411 4961 526 5018 quo
544 4964 774 5019 sponsae
791 4949 1061 5006 Ecclesia
1079 4951 1137 5006 in
1160 4951 1452 5007 Christum
1478 4949 1668 5053 ipsius
1690 4944 1977 5053 sponsum
2006 4996 2014 5046 γ

2089 4949 2294 5022 δηλοῦν
2341 4951 2442 5020 τήν
2487 4950 2622 5023 πρὸς
2669 4951 2761 5005 τὸν
2809 4947 3045 5026 νυμφίον
3089 4944 3586 5053 Χριστὸν“άγάπην
3627 4950 3736 5053 τῆς

329 5051 494 5089 amor
523 5039 873 5094 ostenditur.
906 5038 1053 5094 Nam
1096 5047 1228 5112 post
1274 5041 1722 5098 Proverbiorum
1755 5044 1827 5100 ad
1857 5045 1974 5101 vir-

327 5126 486 5176 tutes
531 5126 1019 5196 cohortationem,
1053 5135 1112 5184 et
1144 5129 1611 5186 dehortationem
1643 5149 1677 5187 a
1706 5133 1885 5202 vitiis,
1919 5138 1976 5190 et

328 5214 460 5281 post
482 5226 677 5269 rerum
710 5215 1110 5272 humanarum
1133 5224 1310 5289 atque
1349 5218 1686 5276 mortalium
1711 5228 1973 5278 contem-

327 5303 495 5370 ptum
551 5316 724 5370 quem
783 5305 855 5359 ab
912 5305 1257 5362 Ecclesiaste
1307 5305 1610 5376 didicerat,
1658 5311 1816 5365 canit
1864 5311 1974 5383 ipsi

325 5391 552 5457 Sponso
580 5389 812 5447 Christo
844 5394 1107 5465 paciﬁca,
1141 5396 1292 5466 quod
1325 5399 1382 5451 et
1412 5397 1755 5454 nobisaDeo
1785 5400 1976 5456 factus

330 5480 420 5531 est
440 5493 572 5548 pax,
596 5483 653 5533 et
674 5497 776 5550 per
798 5483 1059 5553 seipsum
1086 5501 1193 5540 nos
1221 5484 1376 5540 Patri
1419 5502 1527 5540 suo
1558 5487 1973 5545 reconciliavit.

329 5566 452 5629 Qua
484 5565 724 5636 quidem
756 5569 1040 5627 charitate
1074 5571 1334 5628 ﬁdelium
1378 5573 1690 5630 Ecclesiam
1721 5577 1973 5650 despon-

330 5653 419 5708 dit
441 5653 554 5709 sibi
586 5655 788 5714 divina
821 5659 1047 5716 ratione
1078 5677 1143 5716 ac
1183 5661 1308 5732 lege
1356 5661 1633 5734 spiritali,
1665 5671 1724 5721 et
1753 5666 1974 5723 revela-

332 5743 489 5798 tione
521 5746 938 5817 mysteriorum
981 5764 1108 5820 quas
1159 5750 1229 5806 de
1261 5749 1390 5822 ipso
1427 5752 1642 5810 tradita
1674 5761 1812 5812 sunt
1841 5772 1974 5812 eru-

2087 5039 2306 5116 νύμφης
2353 5036 2518 5094 αὖτοῦ
2560 5035 2909 5107 Ἐκκλησίας·
2961 5036 3035 5099 ὡς
3087 5036 3147 5092 ἐκ
3190 5042 3290 5106 τῆς
3334 5032 3423 5090 διὰ
3464 5039 3573 5090 τῶν
3625 5038 3737 5087 Πα-

2086 5134 2318 5205 ροιμιῶν
2369 5135 2687 5204 προτροπῆς
2734 5128 2824 5182 καὶ
2875 5127 3216 5202 ἀποτροπῆς,
3248 5124 3470 5194 καὶτῆς
3501 5120 3590 5177 διά
3639 5125 3736 5176 τοῦ

2085 5217 2518 5288 Ἐκκλησιαστοῦ
2580 5222 2689 5273 τῶν
2749 5213 3093 5286 προσκαίρων
3155 5212 3545 5288 καταγνώσεως
3605 5208 3736 5282 ᾁδο-

2089 5309 2255 5382 μὲνης
2293 5306 2440 5380 αὐτῷ
2483 5305 2562 5380 τῷ
2610 5306 2829 5384 νυμφίῳ
2877 5305 3096 5379 Χριστῷ
3137 5308 3220 5376 τῷ
3269 5301 3551 5378 εἰρηνικῷ.
3609 5301 3736 5357 ’Ὁτι

2083 5417 2142 5452 τε
2183 5399 2318 5469 ἡμῖν
2379 5395 2570 5471 εἰρήνη
2613 5395 2719 5450 ἀπὸ
2777 5397 2910 5450 Θεοῦ
2962 5393 3180 5470 γέγονιν
3218 5434 3232 5460 ,
3303 5390 3392 5445 καὶ
3455 5392 3605 5464 ἡμᾶς
3665 5384 3735 5442 δι’

2086 5487 2277 5541 ἑαυτοῦ
2328 5482 2639 5556 κατήλλαξε
2690 5488 2770 5556 τῷ
2819 5480 2943 5555 ἰδίῳ
2971 5481 3165 5556 Πατρί.
3215 5481 3346 5537 Καθ’
3403 5480 3469 5549 ἢν
3528 5477 3741 5554 ἀγάπην

2082 5572 2344 5648 νυμφεύει
2404 5574 2578 5645 ἑαυτῷ
2605 5575 2704 5643 τὴν
2737 5576 2844 5628 τῶν
2898 5574 3105 5626 πιστῶν
3165 5567 3512 5641 Ἐκκλησίαν,
3567 5587 3740 5641 μυστ-

2083 5667 2308 5739 αγωγῶν
2369 5663 2540 5732 αὐτὴν
2618 5660 2948 5737 θεολογικῶς
3022 5658 3180 5731 νόμῳ
3257 5660 3610 5731 πνευματικῷ
3683 5653 3735 5709 ἐν

2083 5755 2152 5827 τῇ
2197 5750 2539 5826 ἀποκαλύψει
2571 5755 2677 5806 τῶν
2719 5749 2844 5827 περῖ
2876 5747 3044 5804 αὐτοῦ
3087 5745 3420 5821 μυστηρίων,
3477 5744 3546 5815 ἣν
3600 5743 3741 5819 πρό·
