4122 6386
323 429 443 494 εει

1385 425 1795 490 COMMENT.
1839 426 1920 490 IN
1967 427 2369 494 CANTICUM
2413 431 2727 496 CANTIG.

3633 429 3759 490 διε

321 579 487 635 τερον
539 555 989 631 ἰνυμφοστολησε
1046 553 1137 611 διὰ
1189 561 1298 611 τῶν
1357 561 1702 632 Παροιμιῶν,
1753 556 1843 612 καὶ
1889 560 1986 612 τοῦ

2111 560 2267 618 lisns
2289 561 2474 632 illam,
2497 580 2676 635 quam
2710 563 2876 635 prius
2904 579 3009 635 per
3040 561 3348 618 Proverbia
3374 565 3434 617 et
3459 559 3753 618 Ecclesia-

323 646 769 718 Ἐκκλησιαστοῦ
815 643 1246 720 παιδαγωγησας
1295 644 1385 700 καὶ
1445 643 1799 710 ἐκπαιδεύσας
1863 647 1986 716 ἡθι-

318 742 437 799 κῶς
495 755 556 790 τε
601 733 694 789 καὶ
754 739 1015 812 φυσικῶς.
1075 736 1138 789 Ἠ
1196 735 1286 788 οὖν
1347 737 1855 809 προμνηστευθεῖσα
1908 740 1988 808 τῷ

326 829 553 902 Χριστῷ
602 822 924 894 Ἐκκλησία,
981 819 1070 878 διά
1117 843 1177 878 τε
1227 828 1326 878 τοῦ
1379 828 1623 899 γραπτοῦ
1669 825 1846 898 νόμου
1899 823 1990 879 καὶ

321 920 422 972 τοῦ
453 917 707 994 φυσικοῦ,
765 913 841 966 ὧν
879 913 976 974 τὰς
1035 909 1294 986 δυνάμεις
1349 911 1622 985 Σολομῶν
1673 909 1724 969 ἔν
1765 935 1824 968 τε
1869 919 1990 974 ταῖς

325 1003 667 1080 Παροιμίαις
715 1003 805 1058 καὶ
837 1006 918 1075 τῷ
965 999 1375 1076 Ἐκκλησιαστῇ
1425 1002 1544 1073 ᾖσε,
1581 1002 1672 1057 καὶ
1731 1001 1820 1058 διὰ
1883 1007 1990 1057 τῶν

326 1094 384 1150 ἐν
434 1093 581 1168 πάσῃ
610 1095 682 1166 τῇ
716 1094 904 1167 Γραφῇ
935 1091 1026 1145 καὶ
1073 1093 1139 1164 τῇ
1173 1092 1346 1146 κτίσει
1398 1085 1694 1164 συμϐόλων
1756 1091 1995 1166 εἰσαγω-

326 1187 504 1259 γικῶς
557 1178 907 1244 παιδευθεῖσα
944 1179 1074 1241 τοὺς
1125 1179 1252 1255 περὶ
1308 1179 1570 1257 προνοίας
1617 1180 1709 1235 καὶ
1759 1179 1988 1242 κτίσεως

334 1273 552 1348 λόγους·
583 1270 688 1326 κάκ
736 1268 946 1325 τούτων
1000 1265 1320 1344 διδαχθεῖσα
1372 1270 1440 1324 τὰ
1489 1270 1626 1345 πρὸς
1673 1270 1846 1338 αὐτὴν
1893 1273 1993 1324 τοῦ

330 1359 561 1435 νυμφίου
610 1358 854 1437 φίλτρα,
909 1356 1167 1433 βούλεται
1224 1355 1426 1413 λοιπὸν
1484 1357 1814 1434 τελεώτερον
1869 1357 1996 1412 τού-

325 1471 454 1512 τους
483 1455 610 1525 παρ’
643 1447 807 1504 αὐτοῦ
853 1450 952 1502 τοῦ
1004 1451 1144 1502 Θεοῦ
1184 1448 1367 1522 Λόγου
1396 1447 1543 1502 κατᾶ
1585 1449 1684 1517 τήν
1739 1443 1994 1523 ἔνσαρκον

319 1539 525 1594 τούτου
607 1536 923 1611 οἰκονομίαν
998 1537 1156 1611 νόμῳ
1221 1541 1581 1611 πνευματικῷ
1640 1533 1991 1612 διδαχθῆναι,

319 1629 545 1702 ἀμὲσως
586 1624 656 1682 δι’
713 1627 927 1702 ἀγάπης
987 1626 1139 1698 αύτῷ
1220 1623 1582 1697 κολληθεῖσα,
1642 1626 1730 1680 καὶ
1782 1629 1999 1698 πνεῦμα

313 1715 371 1773 ἓν
429 1716 700 1795 γενομένη
735 1714 786 1770 ἐν
841 1719 922 1787 τῷ
966 1713 1156 1792 νύμφη
1213 1715 1378 1770 αὐτοῦ
1428 1715 1794 1792 χρηματίσαι.
1847 1713 1990 1790 Φέρε

316 1807 503 1864 τοίνυν
534 1805 618 1862 ἐπ’
653 1804 819 1877 αὐτὴν
871 1803 1118 1878 ἔλθωμεν
1164 1802 1365 1860 λοιπὸν
1411 1809 1520 1860 τῶν
1573 1804 1834 1882 ῥημάτων
1893 1807 1999 1875 τὴν

321 1896 649 1975 ἑρμηνείαν.

397 2002 707 2076 Φιλησάτω
741 2022 809 2076 με
837 2001 942 2058 ἀπὸ
974 2000 1298 2080 φιλημάτων
1333 2002 1604 2075 πόματος
1633 2001 1821 2058 αὐτοῦ.

909 2095 1027 2147 Τῶν
1060 2092 1106 2168 γ’
1144 2092 1419 2165 Πατέρων.

405 2186 632 2259 ’Ἡγουν,
681 2180 858 2242 Αὺτὸς
907 2177 955 2235 δ’
1002 2181 1193 2235 ἑαυτοῦ
1231 2181 1330 2250 τήν
1380 2181 1504 2257 περὶ
1556 2180 1691 2255 ἐμοῦ
1723 2179 1990 2254 ὑπεράγα-

337 2284 436 2336 θον
467 2273 629 2326 αὐτοῦ
663 2268 872 2348 βουλὴν
902 2266 1168 2342 διδαξάτω
1203 2291 1290 2344 με,
1324 2266 1516 2348 λόγοις
1553 2271 1642 2326 καὶ
1671 2270 1988 2344 τρόποιςὰτὸ

336 2367 587 2417 συνοῖσον
618 2357 982 2416 ὑποδεικνύων
1012 2380 1129 2432 μοι.

413 2452 632 2528 Ἀγαθοί
662 2451 857 2525 μαστοί
887 2471 985 2506 σου
1017 2450 1149 2526 ὑπὲρ
1182 2448 1349 2518 οἶνον,
1377 2449 1466 2506 καὶ
1501 2449 1647 2523 όσμή
1675 2448 1858 2526 μύρων
1893 2470 1989 2504 σου

335 2542 470 2614 ὑπὲρ
500 2540 671 2596 πάντα
707 2541 775 2596 τὰ
803 2540 1090 2616 ἀρώματα.

909 2649 1090 2723 Τριῶν
1143 2646 1392 2724 Πατὲρων
1403 2689 1417 2704 .

409 2737 667 2803 Μαστοὺς
709 2734 766 2793 δὲ
810 2736 980 2793 πάλιν
1033 2736 1258 2793 ἐνταῦθα
1300 2736 1460 2792 καλεῖ
1513 2738 1577 2792 τὰ
1644 2735 1838 2814 δοχεῖα
1892 2739 1989 2794 τοῦ

331 2827 636 2905 γάλακτος,
693 2827 723 2882 ’ὀ
781 2832 897 2892 τοῖς
945 2825 1188 2883 ἀτελέσιν
1249 2825 1326 2882 ἔτι
1383 2826 1473 2881 καὶ
1502 2825 1722 2897 νηπίοις
1751 2827 1988 2902 προσφε-

334 2939 450 2991 ρειν
506 2914 649 2972 οἶδεν
701 2917 730 2971 ὁ
791 2915 1058 2992 μακάριος
1107 2915 1357 2979 Παῦλος.
1417 2913 1562 2971 Γάλα
1614 2917 1739 2992 γὰρ,
1800 2916 1986 2994 φησὶν,

335 3009 486 3080 ὑμᾶς
552 3005 810 3074 ἐπότισα,
871 3005 932 3060 οὐ
1012 3007 1246 3082 βρῶμα·
1327 3002 1480 3060 οὔπω
1553 3007 1656 3080 γὰρ
1713 3003 1988 3062 ἐδύνασθε.

332 3095 414 3154 Ού
478 3093 569 3151 διὰ
631 3098 793 3150 τοῦτο
824 3091 882 3149 δὲ
940 3093 1101 3169 μόνον
1149 3093 1374 3157 εῗκότως
1417 3099 1525 3149 τῶν
1575 3098 1788 3167 μαστῶν
1823 3093 1990 3167 ἐμνη-

336 3186 595 3261 μόνευσεν
667 3187 702 3255 ἡ
769 3184 1000 3262 νύμφηο
1062 3182 1188 3240 ἀλλ’
1258 3181 1448 3253 ἐπειδή
1521 3184 1612 3238 καὶ
1666 3187 1736 3258 τῇ
1794 3181 1992 3260 καρδίᾳ

2025 1939 2074 2004 Β

2099 656 2226 706 sten
2257 652 2559 709 moraliter
2607 662 2665 709 et
2710 651 3059 708 naturaliter
3087 656 3430 707 exornatam
3480 650 3750 706 institue-

2100 745 2211 796 rat.
2263 741 2522 797 Ecclesia
2568 741 2751 813 igitur
2798 740 3027 796 Christo
3079 741 3459 812 desponsata,
3492 755 3618 811 qua:
3651 755 3754 810 per

2099 829 2287 902 legem
2319 836 2448 887 tum
2479 832 2761 904 scriptam
2789 836 2916 887 tum
2945 829 3570 901 naturalem,quarum
3602 828 3755 884 vires

2102 919 2162 974 in
2203 919 2533 976 Proverbiis
2571 925 2628 976 et
2668 920 3019 978 Ecclesiaste
3047 920 3326 975 Salomon
3360 922 3756 990 expresserat,

2103 1024 2323 1081 perque
2353 1010 2540 1066 totius
2577 1011 2882 1081 scripturae
2927 1014 2984 1064 et
3032 1012 3316 1064 creatura;
3367 1012 3555 1073 notas,
3587 1005 3758 1078 quasi

2103 1097 2372 1155 tirocinio
2414 1103 2474 1154 et
2512 1099 2867 1155 rudimentis
2897 1098 3235 1170 quibusdan
3267 1113 3336 1153 ea
3365 1096 3596 1162 didicit,
3626 1111 3754 1166 quas

2105 1188 2177 1242 ad
2211 1188 2636 1260 providentiam
2669 1194 2722 1244 et
2753 1188 3107 1244 creationem
3134 1185 3450 1259 pertinent,
3485 1190 3662 1256 atque
3688 1199 3759 1240 ex

2106 1277 2181 1333 iis
2211 1277 2613 1334 incredibilem
2644 1278 2844 1350 sponsi
2876 1293 3014 1350 erga
3043 1293 3106 1333 se
3138 1292 3400 1332 amorem
3432 1273 3754 1343 intellexit;

2105 1365 2233 1421 vult
2259 1366 2504 1440 insuper
2534 1368 2902 1440 utperfectus
2927 1367 3047 1422 hmo
3073 1367 3145 1422 ab
3169 1363 3622 1438 ipsoDeiVerbo
3642 1379 3748 1434 per

2107 1455 2286 1526 hujus
2317 1457 2374 1512 in
2409 1473 2582 1513 carne
2611 1456 3114 1529 dispensationem
3148 1453 3400 1527 spiritali
3427 1453 3558 1526 lege
3587 1453 3762 1508 doce-

2107 1549 2259 1610 atur,
2292 1545 2421 1602 sine
2443 1544 2562 1601 ullo
2595 1545 2786 1602 medio
2819 1562 2920 1617 per
2968 1544 3317 1601 charitatem
3347 1542 3463 1615 ipsi
3512 1541 3761 1612 conjun-

2106 1639 2217 1703 cta,
2252 1651 2528 1708 unusque
2561 1635 2712 1691 facta
2743 1634 2990 1706 spiritus
3023 1651 3124 1706 per
3154 1634 3286 1704 hoc,
3335 1632 3488 1705 quod
3541 1647 3762 1702 sponsa

2106 1723 2236 1793 ejus
2260 1728 2516 1779 vocetur.
2549 1727 2667 1798 Age
2697 1723 2881 1796 igitur
2910 1725 2982 1780 ad
3012 1723 3206 1796 ipsam
3236 1738 3409 1794 porro
3451 1719 3762 1777 veniamus

2107 1811 2418 1870 verborum
2447 1813 3016 1887 interpretationem.

2175 2010 2460 2068 Osculetur
2479 2027 2569 2068 me
2597 2012 2802 2069 osculi:
2829 2012 2946 2068 oris
2977 2011 3086 2066 sui.

2629 2103 2714 2157 Ea:
2738 2102 2912 2157 tribus
2941 2101 3228 2157 Patribus.

2172 2192 2288 2245 Hoc
2318 2194 2409 2246 est
2439 2206 2453 2245 :
2492 2191 2620 2262 Ipse
2650 2206 2755 2262 per
2786 2207 2848 2246 se
2878 2190 3168 2262 optimam
3186 2204 3359 2244 suam
3381 2203 3517 2259 erga
3549 2204 3641 2243 me
3662 2204 3758 2242 vo-

2100 2279 2388 2335 luntatem
2447 2280 2671 2348 doceat,
2730 2278 3064 2351 verbisque,
3088 2282 3146 2334 et
3192 2277 3548 2349 rationibus,
3617 2276 3758 2348 quid

2099 2370 2396 2441 expediat,
2425 2369 2721 2425 ostendat.

2171 2459 2392 2515 Meliora
2421 2464 2552 2513 sunt
2581 2459 2756 2514 ubera
2785 2464 2886 2513 tua
2914 2459 3070 2528 vino,
3099 2465 3152 2513 et
3178 2455 3310 2512 odor
3340 2457 3754 2526 unguentorum

2100 2553 2325 2606 tuorum
2353 2565 2523 2620 super
2549 2549 2740 2605 omnia
2768 2553 3052 2604 aromata.

2686 2657 2886 2714 Trium
2917 2660 3172 2711 Patrum.

2171 2746 2360 2804 Ubera
2381 2762 2618 2802 rursum
2644 2745 2737 2802 hic
2759 2747 2927 2801 vocat
2946 2743 3117 2801 lactis
3149 2741 3514 2816 receptacula
3547 2759 3559 2799 :
3595 2741 3753 2813 quod

2099 2835 2462 2908 imperfectis
2491 2833 2683 2890 adhuc
2704 2837 2761 2889 et
2792 2832 3116 2888 infantibus
3136 2832 3390 2903 praebere
3422 2829 3583 2885 novit
3610 2829 3751 2885 bea-

2098 2931 2196 2981 tus
2222 2924 2436 2980 Paulus
2464 2941 2477 2978 :
2515 2925 2620 2979 Lac
2649 2923 2816 2990 vobis,
2877 2921 3179 2994 inquiens,
3219 2929 3416 2994 polum
3461 2919 3606 2988 dedi,
3633 2935 3747 2974 non

2098 3015 2282 3070 cibum
2314 3031 2329 3069 :
2361 3013 2607 3070 nondum
2644 3013 2792 3068 enim
2838 3013 3172 3084 poteratis‘.
3231 3009 3433 3081 Neque
3461 3025 3596 3063 vero
3635 3009 3745 3064 hac

2101 3104 2296 3160 solum
2329 3104 2400 3158 de
2429 3119 2612 3158 causa
2644 3103 2894 3157 uberum
2928 3117 3146 3171 sponsa
3193 3097 3552 3154 mentionem
3595 3098 3752 3168 fecit,

2102 3195 2204 3250 sed
2263 3193 2439 3248 etiam
2505 3191 2643 3261 quia
2703 3191 3036 3263 propinqua
3093 3192 3230 3244 sunt
3281 3187 3466 3258 cordi,
3527 3187 3587 3241 in
3641 3203 3755 3256 quo

327 3274 756 3346 πλησιάζουσιν,
815 3274 867 3328 ὲν
997 3273 1059 3328 τὸ
1117 3273 1454 3349 ἡγεμονικὸν
1510 3269 1744 3349 ἵδρυται,
1807 3273 1896 3351 ἀφ’
1927 3270 1989 3327 οὗ

500 3365 510 3380 .
771 3363 785 3380 .
878 3370 906 3380 ..
996 3360 1020 3380 δ
1054 3360 1078 3380 κ
1225 3363 1278 3380 ς,
1600 3361 1612 3380 .
1720 3368 1752 3380 ,ι
1891 3363 1940 3380 ν..

2111 3282 2398 3355 praecipua
2429 3279 2642 3336 mentis
2684 3285 2773 3336 est
2820 3279 3012 3346 sedes,
3043 3277 3197 3332 unde
3245 3276 3522 3331 doctrinm
3567 3276 3759 3330 fontes

329 3365 668 3441 προχέονται
738 3363 790 3419 οἱ
838 3370 940 3434 τῆς
992 3360 1345 3426 διδασκαλίας
1393 3361 1612 3436 κρουνοί
1643 3405 1656 3420 .
1716 3363 1989 3436 Θαυμάζει

332 3454 520 3512 τοίνυν
574 3457 672 3509 τοῦ
727 3453 971 3531 νυμφίου
1026 3451 1158 3515 τοὺς
1219 3452 1477 3526 μαστοὺς,
1534 3452 1609 3514 ὡς
1639 3456 1747 3508 τῶν
1776 3451 1993 3526 ἀγαθῶν

330 3544 719 3619 τυγχάνοντασ
747 3542 1037 3618 κρουνοὺς,
1094 3542 1182 3597 καὶ
1253 3541 1582 3622 προσφόρως
1633 3542 1760 3604 τούς
1816 3562 1875 3596 τε
1903 3564 1997 3614 νη-

333 3635 498 3696 πίους
548 3631 626 3688 ἔτι
652 3631 788 3694 τούς
844 3651 904 3686 τε
957 3629 1201 3696 τελείους
1241 3628 1642 3710 διατρέφοντας·
1699 3631 1789 3686 καὶ
1848 3629 1994 3708 λέγει

339 3721 536 3785 αὐτοὺς
588 3720 821 3796 ἀγαθοὺς
896 3720 1032 3794 ὑπὲρ
1089 3720 1276 3788 οἶνον,
1334 3721 1392 3783 ὃς
1451 3720 1722 3799 εὐφραίνει
1769 3719 1992 3793 καρδίαν

337 3811 652 3888 ἀνθρώπου,
701 3811 837 3866 κατά
883 3811 984 3879 τὴν
1038 3809 1181 3874 θείαν
1232 3812 1491 3888 Γραφήν.
1546 3815 1832 3886 Τροπικῶς
1890 3809 1993 3885 γὰρ

333 3902 430 3956 τὸν
487 3901 632 3956 οἶνον
696 3899 1028 3978 εὐφροσύνην
1089 3899 1392 3974 ὠνόμασεν,
1435 3897 1601 3970 δεῖξαι
1655 3897 1995 3976 βουλόμενος

343 3989 431 4044 ὅτι
482 3991 658 4060 πάσης
689 3990 828 4064 ὁμοῦ
886 3996 988 4058 τῆς
1043 3987 1454 4063 ἐν’ἀνθρώποις
1509 3987 1844 4067 εὐφροσύνης
1879 3988 1994 4062 μεί-

345 4083 455 4150 ζων
487 4080 521 4148 ἠ
571 4079 708 4154 παρᾶ
751 4083 861 4134 τῶν
916 4077 1080 4133 αὐτοῦ
1119 4075 1338 4150 δωρεῶν
1371 4078 1690 4155 ἐγγινομένη
1744 4074 1997 4153 θυμηγδα

346 4173 470 4223 τοῖς
520 4162 814 4226 εύσεόἐσιν.
986 4165 1044 4222 δὶ
1075 4166 1265 4244 βούλει
1323 4167 1412 4222 καὶ
1475 4171 1748 4241 μυστικῶς
1804 4170 1995 4236 νοῆσαι

331 4263 439 4328 τῆς
495 4258 715 4336 νύμφης
772 4257 840 4312 τα
899 4256 1158 4332 ῥήματα,
1222 4256 1422 4326 νόησον
1479 4262 1606 4320 τοὺς
1668 4257 1799 4332 ὑπὲρ
1856 4258 1994 4312 οἶνον

337 4347 798 4420 θαυμαζομένους
849 4347 1111 4420 μαστοὺς,
1135 4345 1269 4408 τοὺς
1320 4346 1594 4422 ἀρρήτους
1631 4351 1730 4402 τοῦ
1774 4348 1993 4401 θυσιασ-

331 4435 535 4511 τηρίου
583 4434 870 4508 κρουνοὺς,
923 4432 994 4489 δι’
1055 4433 1128 4489 ὧν
1178 4435 1408 4497 ἅπαντες
1457 4435 1508 4489 οἱ
1563 4442 1664 4504 τῆς
1720 4431 1995 4498 εῢσεόείας

340 4523 659 4603 τρεφόμεθα
712 4524 976 4602 τρόφιμοι
1012 4567 1026 4581 .
1105 4525 1236 4581 Εἶτα
1297 4525 1399 4594 τὴν
1455 4523 1631 4579 αἰτίαν
1689 4525 1838 4600 Λέγει
1899 4529 1996 4580 τοῦ

342 4613 568 4670 πολλοῦ
598 4613 792 4686 πόθου,
842 4614 1064 4680 καὶτῆς
1112 4614 1250 4690 πρὸς
1281 4614 1444 4669 αὐτὸν
1478 4613 1694 4690 ἀγάπης
1745 4619 1855 4669 τῶν
1919 4615 1996 4687 μὴ

339 4707 686 4775 ἡττηθεισῶν
757 4706 826 4776 τῇ
896 4706 1004 4757 τῶν
1077 4703 1428 4778 προσκαίρων
1497 4701 1683 4778 σχέσει
1757 4706 1953 4779 ψυχῶν
1981 4747 1994 4772 ,

335 4793 644 4870 φάσκουσα,
697 4791 781 4848 ὅτι
841 4791 1070 4866 Ἀγαθοὶ
1124 4791 1319 4865 μαστοί
1364 4812 1461 4846 σου
1505 4791 1638 4867 ὑπερ
1684 4792 1851 4860 οἶνον,
1907 4791 1998 4847 καὶ

334 4882 489 4955 ὀσμὴ
525 4881 712 4955 μύρων
749 4901 846 4935 σου
879 4879 1012 4956 ὑπὲρ
1041 4880 1216 4935 πάντα
1241 4879 1310 4934 τὰ
1338 4878 1623 4956 ἀρώματα.

411 4971 596 5047 Μύρον
646 4968 938 5033 ἐκκενωθὶν
989 4964 1164 5043 ὄνομά
1213 4987 1352 5023 σου⁶
1402 4965 1493 5024 διὰ
1548 4973 1710 5024 τοῦτο
1763 4967 1994 5032 νεάνιδες

330 5061 630 5136 ἠγάπησαν
664 5055 743 5117 σε.
1173 5134 1176 5136 γ

414 5146 604 5208 Εἷίτουν
659 5145 882 5223 Ἀγαθαί
920 5146 1055 5202 εἰσιν
1084 5148 1119 5217 ἡ
1153 5146 1311 5226 φύσις
1339 5148 1447 5202 τῶν
1488 5146 1633 5203 ὅλων
1667 5149 1754 5203 καὶ
1789 5149 1824 5218 ἡ
1857 5153 1995 5225 Γραι-

332 5240 439 5318 φή,
509 5233 924 5312 λαμϐανόμεναι
978 5237 1053 5299 ὡς
1097 5243 1198 5307 τῆς
1249 5235 1506 5308 ἀληθείας
1567 5232 1842 5311 σύμϐολα,
1902 5238 1992 5294 καὶ

333 5332 431 5385 οἷα
464 5328 560 5402 μὲν
616 5327 777 5402 μαζοί
826 5346 929 5382 σου
953 5329 1299 5402 χορηγοῦσαι
1347 5328 1484 5400 ἡμῖν
1549 5325 1732 5397 ἁπλῆν
1759 5328 1992 5406 τροφὴν,

329 5419 435 5488 τήν
479 5424 580 5488 τῆς
627 5417 702 5478 εἰς
733 5417 790 5471 σὲ
837 5415 1096 5484 πίστεως,
1129 5417 1218 5470 οἷα
1248 5411 1306 5470 δέ
1333 5435 1423 5471 τισ
1467 5415 1613 5489 ὀσμὴ
1659 5415 1848 5490 μύρων
1894 5437 1992 5472 σου

333 5507 644 5582 μηνύουσαι
693 5507 760 5562 τὰ
807 5509 1186 5579 πνευματικῶς
1228 5507 1378 5576 ἡμᾶς
1427 5503 1791 5575 εὐωδιάζοντα
1849 5527 1990 5561 παν-

327 5598 510 5676 άγαθά
556 5617 650 5652 σου
709 5594 1034 5669 θελήματα,
1102 5594 1219 5650 καθ’
1270 5591 1302 5649 ἃ
1344 5595 1412 5650 τὰ
1461 5594 1635 5650 πάντα
1681 5596 1986 5673 γεγόνασιν.

409 5782 427 5817 ⁸
465 5775 647 5834 lCor.
679 5778 770 5844 in,
799 5773 856 5830 2.

2105 3375 2405 3428 emanant.
2437 3369 2652 3441 Sponsi
2686 3368 2869 3441 igitur
2898 3368 3082 3422 ubera
3113 3366 3197 3420 uti
3246 3365 3533 3420 bonorum
3569 3363 3764 3418 fontes

2106 3460 2452 3530 admiratur,
2508 3475 2578 3513 ex
2649 3457 2867 3529 quibus
2923 3455 3230 3512 commode
3305 3459 3433 3509 tum
3506 3453 3765 3509 infantes

2105 3550 2320 3617 adhuc,
2352 3555 2478 3604 tum
2509 3547 2687 3603 etiam
2721 3545 2963 3619 perfecti
2993 3544 3359 3600 nutriuntur.
3393 3544 3591 3614 anue
3616 3540 3759 3598 dicit

2107 3656 2235 3695 esse
2264 3639 2498 3694 meliora
2527 3638 2676 3703 vino,
2707 3635 2888 3707 quod,
2919 3634 3127 3690 divina:
3151 3634 3460 3705 Scriptura
3492 3632 3764 3688 testimo-

2107 3729 2201 3785 nio
2233 3745 2334 3784 cor
2361 3727 2622 3783 hominis
2681 3725 2993 3780 exhilarat.
3037 3723 3304 3796 Figurate
3354 3722 3512 3777 enim
3556 3722 3762 3776 vinum

2102 3815 2364 3874 laatitiam
2398 3814 2732 3887 appellavit,
2766 3818 2831 3868 ut
2859 3813 3090 3870 cunctis
3121 3811 3399 3866 humanis
3445 3809 3765 3881 voluptati-

2103 3907 2216 3962 bus
2276 3911 2558 3978 praestare
2607 3902 2936 3959 declararet
2991 3900 3255 3956 laetitiam
3301 3900 3485 3970 illam,
3519 3916 3647 3971 quae
3695 3915 3766 3954 ex

2103 3994 2294 4068 ipsius
2325 3992 2496 4050 donis
2527 3993 2598 4049 ad
2634 3991 2760 4064 pios
2811 3989 3225 4063 proﬁciscitur.
3270 3988 3434 4054 Quod
3483 3988 3534 4044 si
3582 3989 3767 4044 ubera

2108 4083 2354 4157 mystice
2411 4083 2590 4139 etiam
2647 4081 2736 4137 vis
2818 4079 3184 4150 intelligere,
3245 4095 3349 4152 per
3403 4077 3587 4133 ubera
3661 4075 3765 4133 illa

2105 4174 2454 4230 admiranda
2478 4177 2536 4228 et
2564 4171 2698 4228 vino
2730 4170 3164 4242 praestantiora,
3197 4168 3390 4241 cogita
3436 4165 3766 4223 ineli‘abiles

2105 4263 2240 4320 illos
2270 4261 2474 4319 altaris
2509 4261 2724 4329 fontes,
2763 4263 2823 4314 et
2852 4258 3071 4329 quibus
3116 4273 3322 4313 omnes
3371 4272 3476 4310 nos
3525 4254 3763 4327 pietatis

2106 4350 2332 4406 alumni
2362 4349 2677 4406 nutrimur.
2739 4349 2890 4403 Tum
2949 4345 3211 4419 ingentis
3269 4343 3548 4401 desiderii
3581 4342 3672 4398 sui
3705 4343 3766 4397 et

2105 4439 2437 4496 dilectionis
2496 4454 2637 4510 erga
2685 4437 2885 4510 ipsum
2945 4437 3318 4503 animarum,
3378 4449 3506 4505 qua;
3564 4448 3761 4488 rerum

2107 4530 2395 4586 ﬂuxarum
2454 4526 2762 4600 cupiditati
2815 4542 2933 4582 non
2992 4525 3453 4594 succubuerunt,
3522 4537 3764 4578 causam

2106 4618 2345 4691 exponit
2373 4617 2618 4674 dicens:
2652 4615 2940 4683 Quoniam
2983 4615 3160 4672 ubera
3215 4619 3318 4669 tua
3354 4612 3592 4668 meliora
3637 4619 3766 4666 sunt

2105 4711 2233 4765 vino
2263 4725 2284 4765 :
2315 4715 2372 4764 et
2429 4707 2562 4763 odor
2614 4715 3024 4777 unguentorum
3073 4712 3301 4760 tuorum
3353 4717 3522 4774 super
3563 4701 3761 4756 omnia

2107 4802 2380 4854 aromata.

2181 4977 2530 5046 Unguentum
2551 4975 2790 5046 elusum
2819 4988 3018 5030 nomen
3047 4980 3204 5028 tuum
3237 4987 3250 5027 :
3284 4969 3409 5026 ideo
3442 4967 3766 5025 adolescen-

2105 5066 2244 5124 tulw
2273 5066 2594 5120 dilexerunt
2619 5068 2693 5120 te.

2176 5155 2236 5211 Id
2265 5159 2356 5210 est
2387 5171 2402 5210 :
2435 5153 2605 5209 Bonae
2631 5156 2774 5209 sunt
2803 5155 3017 5208 natura
3045 5167 3243 5207 rerum
3275 5154 3334 5206 et
3362 5149 3678 5222 scriptura,
3710 5147 3766 5203 si

2103 5243 2340 5316 quidem
2393 5242 2762 5314 accipiantur
2809 5240 2992 5296 veluti
3050 5241 3314 5296 veritatis
3363 5237 3654 5311 symbols,
3709 5241 3768 5292 et

2103 5350 2232 5405 quas
2264 5332 2454 5387 instar
2485 5331 2735 5387 uberum
2769 5329 3010 5402 quidem
3037 5332 3359 5402 suggerant
3405 5327 3576 5382 nobis
3619 5325 3768 5382 sim-

2103 5421 2314 5494 plicem
2351 5419 2574 5485 cibum,
2624 5420 2753 5490 ejus
2805 5417 3076 5474 videlicet
3106 5436 3234 5491 quae
3268 5417 3327 5472 in
3362 5422 3417 5473 te
3443 5420 3554 5482 est,
3586 5415 3765 5483 ﬁdei;

2101 5516 2278 5584 atque
2299 5510 2488 5565 instar
2507 5508 2701 5564 odoris
2723 5507 3036 5577 cujusdam
3061 5511 3500 5579 unguentorum
3524 5511 3764 5561 tuorum

2102 5600 2352 5656 doceant
2374 5598 2635 5670 Optimae
2658 5597 2994 5652 voluntates
3013 5599 3172 5666 tuas,
3209 5613 3338 5668 quas
3362 5612 3471 5652 nos
3503 5595 3764 5665 fragran~
