4122 6386
345 426 482 487 543

1683 425 2113 490 MICHAELIS
2157 429 2432 491 PSELLI

3649 429 3794 488 Μελ

345 561 434 614 tes
467 559 689 628 optimo
735 561 910 616 odore
960 561 1241 632 efﬁciant,
1298 577 1398 633 per
1447 579 1595 635 quas
1644 562 1994 618 exstiterunt

2131 562 2241 636 νπὲρ
2287 565 2386 616 τοῦ
2437 563 2557 626 καθ’
2609 563 2798 624 ἑαυτὰς
2852 555 3257 636 λαμϐάνεσθαι,
3308 559 3402 615 καὶ
3459 557 3614 630 δίκην
3673 559 3771 631 μὶν

352 647 645 704 universa.
675 649 729 702 Si
785 666 939 705 enim
984 651 1309 706 secundum
1353 668 1416 707 se
1449 652 1572 706 istae
1619 651 2000 723 accipiantur,

347 738 536 793 instar
565 739 803 810 quidem
837 740 953 794 vini
988 747 1241 796 mentem
1294 746 1566 796 amovent
1616 761 1647 796 ει
1709 742 1818 796 lide
1857 740 1916 794 in
1949 746 2004 794 te

351 829 521 898 quasi
553 845 686 883 vero
717 836 982 885 aromata
1008 832 1298 902 quaedam,
1334 848 1460 902 quae
1493 831 1764 885 videntur
1791 830 2006 884 habere

351 922 565 973 natura
595 936 701 974 sua
734 935 972 975 suavem
1023 921 1284 987 odorem,
1319 922 1389 976 ad
1440 937 1503 976 se
1544 920 1703 992 ipsas
1736 919 2002 986 trahunt,

352 1023 470 1078 quo
499 1007 609 1062 frui
645 1007 824 1064 libeat
854 1009 1030 1064 rebus
1059 1009 1397 1064 carnalibus
1428 1014 1485 1064 et
1535 1009 1875 1064 mundanis.
1910 1008 2005 1064 Sic

352 1101 582 1164 natura,
617 1097 886 1170 inquam,
918 1103 975 1154 et
1001 1099 1315 1170 scriptura,
1347 1098 1527 1154 veluti
1563 1104 2002 1171 unguentorum

353 1185 518 1256 odor,
548 1189 684 1242 tuas
705 1187 1009 1243 declarant
1045 1189 1400 1244 voluntates.
1437 1191 1580 1242 Nam
1617 1188 1848 1243 bonitas
1879 1191 2002 1250 tua,

355 1275 541 1331 instar
599 1276 884 1348 unguenti
942 1277 1134 1343 etl'usi,
1168 1278 1228 1332 in
1287 1293 1492 1333 omnes
1542 1281 1866 1345 creaturas,
1900 1291 2007 1347 per

356 1364 865 1437 participationem
893 1382 960 1421 ex
991 1367 1044 1421 vi
1078 1383 1285 1438 sparsa
1317 1367 1684 1422 demonstrat
1721 1371 1777 1421 te
1810 1380 2005 1421 rerum

351 1455 617 1510 omnium
649 1459 972 1524 auctorem,
1006 1472 1075 1512 ex
1108 1455 1452 1512 nominibus
1483 1455 1754 1512 indicans
1777 1471 1845 1510 ea
1877 1471 2005 1526 qua

349 1544 754 1600 communicas
788 1547 1102 1614 universis,
1132 1545 1470 1616 cujusmodi
1503 1550 1666 1615 sunt,
1699 1561 1826 1616 ens,
1858 1544 2007 1612 vita,

348 1633 655 1704 sapientia,
676 1637 734 1689 et
756 1632 1149 1690 similia.Cum
1173 1633 1354 1706 igitur
1377 1639 1589 1690 natura
1610 1638 1667 1690 et
1689 1635 2004 1706 scriptura,

351 1720 402 1777 si
435 1721 545 1778 hoc
595 1724 768 1778 modo
810 1723 1194 1796 accipiantur,
1246 1723 1412 1780 bonae
1458 1724 1596 1793 sint,
1630 1724 1759 1780 ideo
1801 1722 2006 1779 animis

351 1810 554 1866 dolum
573 1817 628 1868 et
657 1813 946 1880 fraudem,
970 1829 1098 1885 quas
1117 1829 1191 1869 ex
1214 1828 1409 1870 rerum
1433 1813 1760 1868 visibilium
1787 1811 2004 1884 specie,

2114 648 2268 705 οἷ’νου
2325 650 2529 722 ἆξιστῷι
2583 659 2684 721 τῆς
2744 651 2820 714 εἷς
2851 653 2908 707 at
2969 651 3220 713 πίστεως.
3271 653 3476 726 ⁰Ωσπερ
3535 646 3593 704 δέ
3649 669 3772 703 τινα

2115 743 2380 817 ἀρώματα
2456 740 2719 798 δοκοῦντα
2780 742 2931 820 φύσει
3002 744 3065 798 τὸ
3141 739 3340 804 εὐῶδες
3412 739 3594 815 ἔχειν,
3643 741 3768 815 παρ’

2116 832 2326 893 ἑαυτοῖς
2364 833 2502 906 πρὸς
2561 830 2861 886 ἀπόλαυσιν
2921 836 3028 888 τῶν
3091 831 3147 887 ἐν
3207 831 3363 904 σαρκὶ
3421 830 3512 885 καὶ
3571 829 3768 902 κόσμῳ

2117 919 2442 998 ἐφέλκεται·
2504 922 2676 979 οὕτως
2747 924 2782 991 ἡ
2862 923 3039 984 κτίσις
3109 921 3200 976 καὶ
3259 924 3296 990 ἡ
3351 922 3538 998 Γραφὴ
3598 919 3768 974 οἱονεὶ

2118 1009 2303 1085 μύρων
2365 1011 2510 1084 ὀσμὴ
2567 1012 2634 1067 τὸ.
2691 1011 2756 1066 σα
2813 1012 3079 1084 μηνύουσι
3140 1011 3451 1083 θελήματα.
3515 1015 3627 1078 Τῆς
3667 1009 3769 1085 γὰρ

2117 1099 2455 1176 ἀγαθότητός
2502 1121 2619 1166 σου,
2680 1102 2770 1155 οἷα
2831 1099 3006 1174 μύρου
3065 1099 3457 1160 ἐκκενωθὲντος
3514 1097 3773 1173 χεθείσης

2117 1187 2193 1250 είς
2252 1190 2425 1244 πάντα
2474 1188 2540 1242 τὰ
2580 1183 2706 1242 ὄντα
2751 1189 2888 1242 κατᾶ
2935 1185 3246 1261 μετάδοσιν,
3280 1186 3339 1240 ἐκ
3366 1186 3466 1254 τῆς
3504 1185 3771 1261 ἐνεργείας

2116 1277 2193 1338 ὡς
2244 1281 2352 1332 τῶν
2410 1276 2556 1332 ὅλων
2610 1274 2786 1338 αἶ’τιος
2838 1276 3166 1354 καταφάσκει
3222 1281 3340 1339 τοῖς
3390 1275 3621 1348 ὀνόμασι
3665 1278 3775 1329 τῶν

2121 1371 2394 1442 μετοχῶνο
2457 1368 2591 1436 ἅπερ
2645 1365 2748 1421 εἷ’σί
2773 1367 2834 1421 τὸ
2868 1365 2950 1433 ὃν,
3001 1369 3036 1435 ἡ
3094 1367 3231 1436 ζωὴ,
3285 1367 3320 1434 ἡ
3364 1364 3547 1442 σοφία,
3581 1363 3671 1419 καὶ
3702 1365 3772 1418 τὰ

2116 1455 2304 1529 ὅμοια.
2361 1458 2484 1513 Ὀτι
2540 1453 2586 1510 δ’
2644 1455 2786 1510 οὕτω
2845 1450 3324 1528 λαμϐανόμεναιὴ
3378 1454 3549 1516 κτίσις
3591 1453 3682 1508 καὶ
3732 1455 3768 1523 ἡ

2117 1545 2303 1622 Γραφὴ
2364 1544 2554 1620 ἀγαθαί
2613 1541 2886 1612 εἷσιν,διὰ
2913 1549 3074 1599 τοῦτο
3116 1545 3171 1599 αἱ
3227 1546 3328 1614 τήν
3387 1542 3445 1598 ἐκ
3501 1550 3599 1613 τῆς
3658 1542 3774 1597 tm-

2118 1634 2334 1711 φανείας
2382 1637 2488 1689 τῶν
2566 1635 2775 1710 ὁρατῶν
2845 1634 2934 1688 καὶ
3015 1637 3111 1688 τοῦ
3177 1631 3503 1710 γράμματος
3561 1631 3771 1700 ἀπάτην

2117 1727 2380 1801 φυγοῦσαι
2428 1723 2652 1799 ψυχαὶ,
2704 1723 2986 1787 κάντεῦθεν
3036 1722 3129 1777 τὸν
3177 1723 3418 1797 πονηρὸν
3480 1723 3771 1792 νικήσασαι

2118 1813 2210 1868 σὺν
2267 1819 2386 1876 τοῖς
2440 1814 2682 1868 πάθεσιν’
2745 1809 2830 1867 διὸ
2888 1811 2978 1867 καὶ
3031 1809 3267 1876 νεάνιδες
3341 1811 3634 1882 κέκληνται
3683 1809 3775 1865 καὶ

357 1903 414 1955 et
443 1916 511 1955 ex
541 1899 744 1956 littera:
797 1918 940 1958 sono
994 1902 1280 1974 provenit,
1333 1901 1638 1969 evitantes,
1686 1900 1920 1957 diabolo
1950 1904 2008 1956 et

2131 1904 2402 1978 ἡγάπησάν
2458 1923 2535 1970 σε,
2593 1901 2944 1977 ἀγαπήσασαι
3004 1899 3061 1956 δὲ
3092 1922 3148 1957 σε
3205 1902 3262 1956 ’ὸν
3317 1897 3377 1956 ἔκ
3428 1922 3486 1956 τε
3513 1904 3610 1957 τοῦ
3637 1919 3773 1975 γρα-

359 1989 906 2059 perturbationibus
925 1992 1245 2063 superatis,
1269 2008 1338 2047 ex
1369 2007 1486 2063 quo
1510 1997 1567 2047 et
1597 1991 2008 2047 adolescentu-

354 2077 426 2133 lae
455 2084 595 2134 sunt
624 2079 1469 2152 appellatae,dilexeruntte.'1‘e
1515 2085 1712 2136 autem
1765 2079 2010 2152 diligen-

360 2171 474 2233 tes,
505 2185 681 2239 quem
734 2185 803 2225 ex
836 2169 964 2241 lege
1013 2174 1140 2226 tum
1187 2169 1412 2242 scripta
1436 2174 1577 2226 tunc
1603 2168 1857 2225 naturali
1882 2185 2012 2225 esse

367 2273 655 2330 sponsum
691 2259 992 2315 Christum
1057 2259 1484 2326 intellexerant,
1516 2276 1546 2316 e
1575 2264 1820 2332 paterno
1879 2258 2013 2314 sinu

365 2349 670 2401 traxerunt
700 2351 776 2415 te,
829 2347 927 2419 qui
979 2352 1218 2419 propter
1258 2347 1390 2404 illos
1443 2347 1542 2420 qui
1595 2346 1844 2404 salutem
1875 2350 2017 2402 sunt

367 2435 660 2507 adepturi,
683 2435 741 2490 in
771 2453 946 2492 carne
968 2437 1202 2494 venisti.
1227 2437 1511 2510 Deinceps
1534 2437 1726 2510 inquit
1758 2455 1771 2493 :
1805 2439 1869 2492 In
1889 2436 2016 2494 odo-

364 2541 483 2580 rem
531 2530 942 2594 unguentorum
986 2530 1210 2582 tuorum
1259 2544 1565 2595 curramus,
1598 2527 1655 2582 id
1687 2532 1777 2582 est
1807 2543 2015 2598 seque-

369 2631 504 2668 mur
534 2619 609 2684 te,
653 2631 876 2671 morem
929 2620 1104 2688 atque
1152 2615 1491 2671 institutum
1541 2617 1864 2680 imitantes,
1899 2632 2014 2687 quo

369 2720 476 2758 nos
508 2703 579 2758 ad
612 2720 850 2759 sensum
883 2704 1119 2776 optimae
1151 2706 1471 2761 voluntatis
1509 2710 1623 2760 tuas
1666 2705 2014 2778 perduxisti,

369 2792 426 2847 id
459 2796 567 2858 est,
603 2795 667 2847 ut
696 2792 959 2848 animam
994 2811 1283 2866 ponamus
1318 2810 1421 2865 pro
1445 2793 1635 2850 salute
1669 2793 2018 2850 multorum.

370 2881 526 2952 quod
557 2880 824 2952 perfectas
857 2881 1161 2938 charitatis
1211 2881 1518 2953 indicium,
1574 2883 1774 2940 omnia
1822 2883 2023 2940 divina

373 2968 650 3026 mandata
679 2986 804 3027 com
814 2971 1044 3043 plectis.

446 3059 511 3114 Et
540 3058 692 3128 odor,
725 3060 936 3133 inquit,
972 3066 1100 3118 tuus
1123 3077 1290 3135 super
1318 3063 1506 3120 omnia
1534 3067 1804 3120 aromata.

961 3197 1148 3252 Trium
1177 3201 1438 3252 Patrum.

438 3302 650 3357 Anima
680 3318 743 3358 ex
777 3301 994 3358 Christi
1027 3302 1286 3358 Ecclesia
1335 3320 1438 3376 per
1473 3303 1652 3358 vitam
1705 3303 2019 3376 perfectam
2054 3304 2099 3373 ί]

369 3391 484 3463 ipsi
517 3392 896 3464 desponsata,
921 3397 979 3447 et
998 3393 1242 3448 docendi
1273 3409 1492 3448 munus
1522 3397 1813 3458 assecuta,
1842 3397 2015 3464 atque

371 3479 634 3551 ideojam
657 3481 866 3536 idonea
888 3497 1014 3553 quae
1037 3483 1263 3537 animas
1285 3481 1362 3537 im
1375 3483 1746 3551 perfectiores
1767 3482 1839 3536 ad
1883 3497 2015 3554 per-

372 3568 684 3624 fectionem
719 3570 994 3638 adducat,
1022 3571 1109 3625 sic
1149 3589 1248 3627 eas
1297 3571 1621 3643 alloquitur
1654 3597 1667 3628 ς
1703 3573 2019 3628 Introduxit

373 3674 456 3715 me
487 3674 588 3714 rea:
608 3661 668 3714 in
695 3660 1011 3715 cubiculum
1039 3676 1223 3716 suum.
1257 3661 1375 3716 Sua
1406 3661 1687 3717 nimirum
1712 3660 1909 3716 divina
1931 3664 2018 3716 at-

369 3762 484 3819 que
515 3738 729 3804 arcana
761 3747 1037 3821 mysteria
1068 3750 1272 3805 retexit
1303 3749 1446 3805 mihi
1483 3768 1496 3806 :
1529 3749 1587 3806 id
1621 3751 1775 3822 quod
1807 3755 1866 3806 et
1897 3767 2020 3805 ma-

371 3852 487 3908 gno
520 3837 809 3911 contingit
845 3837 1037 3905 Paulo,
1072 3839 1170 3910 qui
1204 3855 1392 3912 usque
1425 3841 1495 3895 ad
1528 3841 1769 3895 tertium
1803 3839 2014 3895 ccelum

374 3925 669 3994 sublatus,
701 3928 760 3982 id
815 3931 923 3996 est,
957 3927 1240 3985 moralem
1275 3933 1333 3986 et
1380 3926 1708 3984 naturalem
1761 3929 2020 4002 philoso-

374 4015 578 4088 phiam
611 4021 1084 4090 praetergressus,
1105 4019 1176 4073 ad
1219 4017 1573 4089 theologiam
1603 4036 1788 4091 usque
1820 4035 2021 4090 perve-

387 4105 499 4176 nit,
530 4109 588 4161 et
633 4106 854 4162 audivit
883 4123 1093 4163 arcana
1126 4107 1307 4176 verba,
1340 4124 1459 4180 qum
1488 4124 1598 4164 non
1633 4106 1779 4176 licet,
1812 4109 2028 4164 homini

377 4193 528 4267 loqu:
540 4195 584 4251 ³.

969 4331 1158 4387 Trium
1186 4332 1437 4387 Patrum.

454 4435 892 4506 Respondentes
914 4436 1116 4509 igitur,
1141 4443 1206 4494 ut
1243 4439 1467 4494 dictum
1515 4445 1606 4496 est
1653 4440 1862 4495 animas
1898 4457 2027 4512 quae

382 4524 770 4596 ducebantur,
795 4542 1024 4598 sponsae
1057 4527 1317 4598 ducenti,
1360 4528 1667 4594 Quoniam,
1725 4529 2028 4600 inquiunt,

383 4618 450 4670 ut
480 4614 610 4686 ipsa
639 4613 753 4685 ais,
783 4614 1086 4671 inroduxit
1116 4621 1173 4672 te
1211 4633 1310 4672 rex
1339 4616 1396 4671 in
1429 4617 1768 4673 cubiculum
1801 4634 1974 4673 suum
2011 4633 2026 4674 :

380 4705 442 4761 In
474 4679 580 4776 quo
603 4679 850 4760 thesauri
892 4707 1175 4776 Sapienlz'ae
1216 4714 1346 4761 sunt
1392 4707 1712 4774 absconditi,
1763 4711 1820 4762 et
1848 4707 2028 4777 hujus
2061 4679 2110 4744 D

375 4794 612 4850 divitias
641 4795 902 4851 ostendit
945 4795 1077 4861 tibi,
1108 4794 1507 4851 exsultabi-mus
1535 4797 1590 4851 et
1621 4797 1942 4854 laetabimur
1970 4799 2030 4852 in

380 4883 489 4940 te“.
524 4887 647 4949 Quo
679 4885 854 4940 modo
916 4882 1226 4954 diligemus
1289 4885 1468 4940 ubera
1525 4886 1662 4940 tua?
1718 4887 1908 4958 Super
1946 4886 2027 4940 vi-

380 4989 548 5039 num,
581 4974 639 5028 id
672 4978 780 5041 est,
816 4972 950 5044 plus
983 4989 1159 5045 quam
1211 4979 1484 5029 naturam
1533 4973 1651 5029 vini
1709 4992 1743 5030 a
1790 4963 2032 5032 veritate

380 5066 638 5118 mentem
668 5062 1008 5132 avertentis,
1041 5062 1172 5135 plus
1231 5080 1408 5136 quam
1463 5079 1656 5119 rerum
1709 5063 2032 5121 visibilium

383 5150 803 5221 speciem,plus
825 5168 1004 5222 quam
1025 5151 1172 5224 legis
1203 5151 1800 5225 litteramidiligemus
1821 5171 1888 5209 ea
1905 5170 2032 5225 quis

387 5253 422 5294 a
450 5242 506 5294 te
549 5239 606 5293 in
638 5239 900 5297 Ecclesia
945 5243 1264 5297 traduntur
1310 5241 1666 5312 rudimenta,
1699 5242 1937 5313 quibus,
1971 5247 2033 5298 ut

380 5324 530 5381 lacte
561 5325 906 5400 disciplina,
933 5333 1100 5402 potas
1132 5329 1388 5386 infantes
1430 5331 1488 5385 in
1530 5330 1782 5398 Christo,
1817 5336 1874 5386 et
1922 5349 2030 5388 nu-

382 5413 491 5469 tris
521 5415 594 5470 ad
628 5415 923 5487 pietatem.
948 5419 1096 5485 Quid
1129 5418 1254 5474 ita?
1284 5419 1429 5483 Quia
1460 5420 1770 5488 rectitudo,
1800 5420 1900 5492 qui
1943 5427 2035 5477 est

382 5502 679 5572 Christus,
712 5504 915 5562 dilexit
945 5511 1020 5562 te.
1056 5508 1186 5580 Ipse
1229 5510 1409 5578 enim,
1444 5513 1511 5565 ut
1555 5514 1644 5565 est
1673 5510 1912 5579 veritas,
1947 5511 2032 5567 sic

385 5591 562 5648 etiam
619 5597 710 5650 est
764 5595 1076 5653 rectitudo.
1139 5597 1398 5670 Diligens
1455 5603 1652 5655 autem
1691 5604 1770 5666 te,
1801 5602 2034 5672 aperuit

456 5775 480 5811 ³
509 5773 559 5831 ιι
591 5778 720 5848 Cor,
751 5791 853 5849 xu,
885 5775 940 5836 4.
1017 5777 1039 5814 ³
1068 5775 1292 5835 Coloss.
1325 5795 1387 5849 ii,
1419 5779 1472 5836 3.

2117 1997 2254 2048 πτοῦ
2312 1992 2402 2048 καὶ
2476 1993 2574 2046 τοῦ
2631 1996 2860 2070 φυσικοῦ
2926 1991 3106 2064 νόμου
3164 1990 3480 2064 ἐμυήθησαν
3535 1990 3774 2068 νυμφίον

2118 2083 2346 2158 Χριστὸν
2384 2126 2398 2150 ,
2468 2079 2698 2136 ἔλκυσάν
2757 2102 2814 2136 σε
2868 2081 2928 2136 ix
2989 2086 3098 2136 τῶν
3157 2085 3436 2156 πατρικῶν
3497 2078 3723 2135 κόλπων
3763 2120 3777 2146 ,

2122 2170 2212 2228 διὰ
2264 2171 2391 2233 τοὺς
2453 2169 2756 2244 μέλλοντας
2809 2175 2998 2246 τυχεῖν
3034 2170 3310 2244 σωτηρίας
3349 2168 3402 2224 ἐν
3451 2168 3607 2243 σαρκὶ
3646 2166 3779 2237 ἐλη-

2124 2261 2374 2318 λυθότα.
2459 2260 2661 2315 Λοιπόν
2721 2278 2930 2338 φησιν·
3006 2259 3215 2317 Ὀπίσω
3291 2281 3386 2314 σου
3446 2258 3525 2320 εἷς
3595 2257 3777 2330 ὀσμὴν

2129 2351 2313 2425 μύρων
2347 2371 2444 2405 σου
2475 2346 2848 2424 δραμούμεθα.
2884 2351 3110 2424 Ἥγοτν.
3144 2345 3624 2420 Ἀκολουθήσομὲν
3682 2367 3780 2400 σου

2123 2442 2214 2495 τὸν
2243 2439 2445 2516 τρόπον
2495 2440 2896 2512 μιμησάμεναι,
2938 2439 3055 2494 καθ’
3103 2438 3162 2492 ’ὀν
3215 2439 3364 2510 ἡμᾶς
3420 2436 3497 2498 είς
3528 2433 3778 2505 α’ίσθησιν

2124 2535 2231 2585 τῶν
2266 2529 2589 2602 παναγάθων
2621 2549 2716 2584 σου
2746 2527 3075 2600 θελημάτων
3107 2524 3325 2602 ἤγαγεςο
3369 2526 3430 2588 ὃς
3480 2524 3591 2580 ἐστι
3641 2524 3779 2579 πάν-

2125 2640 2235 2681 τως
2265 2619 2327 2673 τὸ
2358 2619 2456 2686 τήν
2488 2618 2675 2693 ψυχὴν
2706 2616 2908 2672 τιθέναι
2939 2617 3069 2688 ὑπὶρ
3101 2623 3203 2685 τῆς
3241 2620 3349 2670 τῶν
3391 2612 3622 2669 πολλῶν
3669 2635 3779 2667 σω-

2125 2708 2342 2782 τηρίας,
2375 2707 2448 2768 ὡς
2480 2706 2796 2784 ἐκφαντικὸς
2825 2713 2926 2774 τῆς
2970 2703 3378 2780 περιληπτικῆς
3426 2707 3612 2757 πασῶν
3668 2705 3778 2757 τῶν

2127 2795 2285 2852 θείων
2319 2794 2556 2852 ἐντολῶν
2589 2794 2799 2858 τελείας
2830 2795 3065 2872 ἀγάπης.

2130 3066 2232 3124 Καὶ
2265 3065 2408 3140 ὀσμή
2445 3085 2541 3120 σου
2575 3027 2706 3140 ὑπερ
2738 3062 2907 3119 πάντα
2934 3063 3003 3118 τὰ
3029 3061 3316 3139 ἀρώματα.

2701 3200 2825 3256 Τῶν
2860 3205 2903 3272 γ’
2935 3198 3208 3274 Πατὲρων.

2208 3307 2410 3362 Λοιπὸν
2439 3307 2473 3375 ἡ
2504 3305 2563 3360 ἐκ
2589 3311 2689 3374 τῆς
2736 3308 2832 3358 τοῦ
2880 3307 3113 3380 Χριστοῦ
3156 3299 3486 3372 Ἐκκλησίας
3525 3296 3615 3354 διὰ
3661 3301 3786 3375 βίου

2122 3395 2335 3452 τελείου
2367 3396 2539 3450 αὐτοῦ
2565 3398 2931 3469 νυμφευθεῖσα
2978 3393 3154 3469 ψυχὴ,
3188 3391 3277 3447 καὶ
3315 3395 3412 3446 τοῦ
3461 3387 3783 3444 διδασκαλι-

2128 3490 2227 3541 κοῦ
2257 3488 2501 3560 τυχοῦσα
2531 3482 2863 3555 ἀξιώματος,
2908 3481 3192 3545 κάντεῦθεν
3247 3479 3454 3554 ἐνάγειν
3507 3476 3775 3549 δυναμένη

2125 3575 2264 3650 πρὸς
2305 3573 2626 3642 τελειότητα
2671 3572 2764 3632 τὰς
2811 3569 3161 3646 ἀτελεστὲρας
3207 3569 3411 3644 ψυχὰς,
3461 3569 3598 3643 πρὸς
3644 3563 3779 3620 ταύ-

2125 3684 2221 3726 τας
2255 3662 2439 3740 φησίν·
2494 3659 2776 3736 Εἷς-ἤγαγέ
2830 3681 2896 3732 με
2941 3660 2968 3714 ὁ
3010 3658 3266 3736 βασιλεὺς
3314 3659 3388 3720 εἷς
3433 3658 3495 3712 τὸ
3553 3659 3777 3729 ταμεῖον

2128 3751 2314 3808 αὐτοῦ·
2347 3750 2472 3821 ἤτοι
2527 3748 2872 3822 Ἀπεκάλυψὲ
2926 3771 3019 3822 μοι
3071 3749 3139 3803 τὰ
3180 3750 3303 3822 περὶ
3343 3748 3534 3802 ἑαυτοῦ
3567 3743 3684 3810 θεῖά
3729 3764 3787 3799 τε

2128 3841 2218 3898 καὶ
2253 3841 2539 3916 ἀπόκρυφα
2574 3837 3010 3914 μυστηριαβπερ
3041 3839 3129 3893 καὶ
3165 3837 3216 3892 ἰν
3237 3841 3317 3909 τῷ
3342 3835 3566 3913 μεγάλῳ
3597 3833 3788 3911 γέγονε

2131 3930 2336 4004 Παύλῳ
2380 3931 2511 4006 ἄχρι
2559 3928 2748 4003 τρίτου
2797 3927 3032 4003 ούρανοῦ
3082 3928 3317 4003 ἀρθὲντι,
3367 3923 3539 4001 ἤγουν
3586 3926 3686 3994 τήν
3729 3943 3791 3977 τε

2131 4023 2329 4091 ἠθικὴν
2378 4020 2469 4074 καὶ
2500 4020 2731 4097 φυσικὴν
2781 4015 3107 4095 φιλοσοφίαν
3157 4016 3472 4091 περάσαντι,
3520 4012 3611 4068 καὶ
3658 4009 3791 4086 ἄχρι

2131 4117 2232 4180 τῆς
2265 4108 2590 4184 θεολογικῆς
2621 4107 2902 4185 φθάσαντι,
2943 4105 3034 4163 καὶ
3093 4105 3383 4161 ἀκούσαντι
3431 4101 3640 4181 aper,“
3690 4099 3791 4178 ῥή-

2141 4220 2302 4274 ματα,
2332 4197 2364 4253 ἃ
2396 4195 2495 4253 οὐκ
2523 4196 2636 4268 ἰξὸν
2671 4196 2940 4273 ἀνθρώπῳ
2972 4193 3236 4266 λαλῆσαι.

2703 4335 2822 4386 Τῶν
2854 4331 2902 4405 γ’
2935 4329 3212 4406 Πατὲρων.

2207 4439 2668 4514 Ἀποκρινόμεναι
2714 4435 2772 4492 δὲ
2827 4437 3016 4508 πάλιν,
3077 4437 3152 4498 ὡς
3212 4432 3448 4510 εἷ’ρηται,
3490 4435 3545 4488 αἱ
3597 4431 3789 4506 ἀναγό-

2143 4551 2296 4606 μεναι
2342 4529 2516 4603 ψυχαὶ
2571 4529 2708 4602 πρὸς
2735 4528 2835 4596 τὴν
2867 4523 3155 4600 ἐνάγουσάν
3208 4543 3388 4602 φασιν·
3439 4519 3689 4591 Ἐπειδὴ,
3722 4521 3798 4582 ὡς

2141 4621 2277 4686 αύτὴ
2337 4615 2494 4694 ἔφης,
2546 4615 2804 4691 εἰσήγαγε
2861 4635 2918 4670 σε
2969 4617 2996 4670 ὁ
3053 4612 3308 4690 βασιλεὺς
3339 4612 3414 4675 εἲς
3458 4613 3520 4666 τὸ
3568 4614 3798 4682 ταμεῖον

2142 4709 2328 4777 αὐτοῦ,
2377 4709 2462 4761 Ἐν
2514 4706 2558 4777 ᾧ
2611 4706 2662 4759 o't
2721 4704 3026 4782 ἀπόκρυφοι
3109 4701 3376 4777 θησαυροὶ
3443 4707 3544 4770 τῆς
3611 4697 3803 4776 σοφίας

2142 4797 2266 4865 sibi,
2312 4795 2402 4852 καὶ
2453 4796 2544 4851 τὸν
2589 4795 2791 4864 ταύτης
2844 4814 2928 4848 σοι
2979 4790 3222 4848 πλοῦτον
3273 4788 3584 4860 ὑπέδειξεν,
3633 4785 3804 4864 ἀγαλ-

2143 4886 2466 4959 λιασώμεθα
2523 4883 2614 4939 καὶ
2675 4883 3057 4961 εὐφρανθῶμεν
3116 4878 3167 4934 ἐν
3228 4880 3353 4938 σοί.
3422 4879 3538 4932 Τίνι
3610 4876 3804 4954 τρόπῳ

2142 4977 2494 5053 ἀγαπήσομεν
2545 4973 2782 5047 μαστούς
2829 4992 2962 5042 σου;
3013 4970 3170 5046 ’Υπὲρ
3222 4970 3390 5037 οἶνον,
3441 4965 3616 5043 ἤγουν
3667 4965 3803 5040 ὑπὲρ

2141 5066 2244 5133 τήν
2275 5061 2429 5132 δίκην
2473 5060 2646 5131 οἷ’νου,
2705 5067 2804 5130 τῆς
2857 5057 3120 5129 ἀληθείας
3175 5057 3267 5113 τὸν
3318 5061 3442 5112 νοῦν
3491 5055 3805 5126 ἑξιστῶσαν,

2145 5153 2457 5231 ἓπιφάνειάν
2525 5173 2584 5207 τε
2635 5151 2846 5225 ὁρατῶν
2895 5147 2986 5203 καὶ
3040 5148 3103 5202 τὸ
3154 5150 3252 5202 τοῦ
3310 5145 3483 5220 νόμου
3525 5144 3753 5221 γράμμα
3787 5190 3804 5216 ,

2145 5243 2504 5318 ἀγαπήσομεν
2537 5242 2603 5295 τά
2631 5238 2778 5315 παρᾶ
2806 5242 2902 5293 σοῦ
2932 5237 2986 5292 ἐν
3029 5240 3098 5310 τῇ
3150 5233 3455 5305 Ἐκκλησία
3499 5233 3807 5306 τελούμενα

2146 5327 2438 5405 σύμϐολα.
2493 5331 2571 5385 Δι’
2629 5329 2705 5383 ὧν
2763 5329 2862 5397 τὴν
2911 5326 3274 5402 εἰσαγωγικὴν
3326 5322 3676 5380 διδασκαλίαν
3731 5323 3806 5384 ὡς

2139 5421 2282 5498 γάλα
2326 5421 2565 5490 ποτίζεις
2612 5417 2738 5480 τους
2785 5415 2836 5472 ἐν
2879 5419 3096 5488 Χριστῷ
3140 5413 3396 5486 νηπίους,
3445 5415 3538 5469 καὶ
3591 5411 3808 5490 τρέφεις

2141 5513 2279 5587 πρὸς
2323 5504 2646 5574 θεοσέϐειαν.
2681 5508 2758 5562 Δι’
2787 5509 2848 5577 ἣν
2884 5506 3058 5562 αἰτίαν
3084 5525 3098 5578 ;
3129 5507 3253 5562 ’Ότι
3288 5503 3522 5574 εὐθύτης
3551 5501 3811 5578 ἠγάπησε

2144 5622 2222 5673 σε,
2267 5601 2391 5670 ἥτις
2438 5597 2545 5654 ἐστὶ
2599 5596 2854 5674 Χριστόςο
2905 5595 3070 5658 αὐτὸς
3115 5595 3222 5670 γὰρ
3274 5592 3504 5664 εὐθύτης
3560 5591 3702 5648 ἐστὶν
3733 5590 3809 5645 ὡ-
