4122 6388
372 340 496 398 545

1424 330 1831 394 COMMENT.
1879 333 1958 393 IN
2004 331 2402 394 GANTICUM
2450 332 2762 392 CANTlC.

3683 335 3804 394 546

365 469 624 540 ἀλήθεια.
658 465 1011 541 Ἀγαπήσασα
1044 461 1101 518 δέ
1131 483 1188 517 σε
1235 463 1304 517 τὰ
1340 463 1537 532 έαυτῆς
1590 484 1674 517 σοι
1723 463 2037 536 ἀπεκάλυψε

2150 464 2259 520 tibi
2294 465 2573 536 mysteria
2611 482 2740 532 sua,
2775 465 2932 520 unde
2979 462 3106 520 sine
3135 479 3332 520 errore
3378 480 3486 520 nos
3529 465 3698 522 ducis
3728 465 3801 520 ad

371 559 670 632 μυστήρια.
704 553 1002 617 Κάντεῦθεν
1035 550 1291 614 ἀπλανῶς
1324 551 1532 627 ἐναγεις
1565 554 1714 625 ἡμᾶς
1756 551 1890 627 πρὸς
1939 553 2036 621 τὴν

366 647 657 718 ἀλήθειαν,
692 641 782 699 διὰ
809 647 915 698 τῶν
941 643 1087 717 παρά
1116 646 1213 696 σοῦ
1233 639 1583 713 τελουμένων
1614 641 1665 695 ἐν
1696 645 1766 715 τῇ
1799 639 2040 712 Ἐκκλη-

365 738 459 808 σίᾳ
511 730 834 808 συμϐόλων.
866 732 958 786 Διὸ
1000 729 1066 802 δὴ
1126 735 1295 786 ταῦτα
1344 731 1476 806 ὑπὲρ
1505 731 1571 786 τὰ
1600 729 1888 801 ἐξιστῶντα
1938 737 2038 800 τῆς

366 825 665 896 ἀληθείας,
694 823 757 879 τὸ
808 822 1039 899 γράμμα
1086 841 1146 875 τε
1191 821 1281 875 καὶ
1326 820 1426 889 τήν
1458 823 1565 874 τῶν
1599 821 1812 895 ὁρατῶν
1844 817 2039 896 ἐπιφά-

361 937 539 983 νειαν,
572 913 852 989 ἀγαπῆσαι
888 908 1331 986 ὑπισχνούμεθα.

945 1041 1061 1091 Τῶν
1089 1037 1136 1112 γ’
1177 1037 1453 1112 Πατέρων.

440 1161 513 1216 Ἥ
556 1157 740 1234 νύμφη
794 1153 885 1210 οὖν
934 1157 1031 1208 τοῖ’)
1104 1153 1334 1228 Χριστοῦ
1383 1150 1684 1223 Ἐκκλησία
1735 1149 1922 1222 ἐπειδή
1985 1149 2036 1222 ἐξ

373 1249 542 1305 ἐθνῶν
574 1247 658 1302 καὶ
712 1245 763 1318 ἐξ
797 1241 1078 1301 Ἰουδαίων
1125 1241 1406 1310 συνετέθη,
1437 1239 1528 1296 καί
1586 1243 1636 1296 οἱ
1690 1241 1783 1314 μὲν
1842 1240 1894 1312 ἐξ
1952 1239 2035 1295 έθ-

368 1342 474 1393 νῶν
531 1333 814 1398 παντελῶς
873 1333 1065 1407 πρώην
1132 1331 1386 1405 ὑπῆρχον
1449 1329 1768 1408 ἆφώτιστοι,
1820 1331 1896 1392 ὡς
1956 1330 2034 1402 μή

364 1432 484 1488 ταῖς
542 1431 644 1494 τῆς
701 1421 964 1492 ἀληθείας
1023 1418 1212 1494 αὐγαῖς
1264 1416 1354 1474 διὰ
1401 1418 1574 1492 νόμου
1615 1419 1706 1474 καὶ
1737 1423 2036 1495 προφητῶν

365 1513 831 1586 ἐλλαμπόμενοιο
869 1510 922 1564 οἱ
974 1506 1032 1563 δὲ
1088 1507 1140 1578 ἐξ
1191 1505 1437 1584 Ἰσραὴλ,
1480 1507 1554 1570 ὡς
1605 1507 1770 1574 οὕτω,
1817 1506 2037 1570 ταύταις

362 1603 813 1676 ἐναυγαζόμενοι,
847 1597 908 1653 οὐ
941 1600 1114 1667 πάντη
1170 1601 1266 1650 τοῦ
1310 1595 1485 1651 καλοῦ
1533 1595 1784 1671 ὑπῆρχον
1837 1597 2035 1670 ἀμέτο-

360 1708 487 1768 χοι·
520 1688 845 1768 ἀμφοτέρων
898 1686 1098 1742 λοιπὸν
1149 1685 1380 1740 τουτωνὶ
1424 1689 1530 1739 τῶν
1587 1682 1734 1740 λαῶν
1779 1689 1886 1740 τῶν
1946 1686 2036 1740 καὶ

359 1781 570 1851 ταύτης
631 1783 811 1854 μερῶν
862 1778 930 1832 τά
987 1795 1123 1830 ποτε
1182 1773 1241 1828 ἐκ
1294 1774 1662 1850 προαιρέσεως
1721 1771 1836 1830 ἴδια
1893 1795 2036 1850 παρ-

2148 554 2457 608 veritatem
2506 553 2810 626 praeceptis
2859 552 2977 608 illis
3007 569 3135 624 qua:
3183 554 3368 607 tradis
3418 554 3474 608 in
3525 553 3800 610 Ecclesia.

2150 643 2542 708 Quamobrem
2575 660 2644 698 ea
2676 659 2780 698 nos
2817 642 3005 713 magis
3036 658 3214 712 quam
3260 640 3542 710 litteram,
3575 659 3805 699 rerum-

2151 747 2264 803 que
2291 731 2616 788 visibilium
2650 731 2906 804 speeiem
2936 748 3064 803 quas
3096 735 3341 786 avocant
3369 749 3404 787 a
3430 733 3694 804 veritate,
3719 732 3806 788 di-

2150 820 2328 892 ligere
2361 821 2726 893 proﬁtemur.

2740 1039 2928 1093 Trium
2966 1039 3218 1092 Patrum.

2221 1154 2509 1220 Quoniam
2541 1153 2722 1228 igitur
2758 1173 2980 1228 sponsa
3011 1155 3228 1212 Christi
3274 1154 3533 1212 Ecclesia
3562 1172 3632 1211 ex
3661 1172 3809 1228 gen-

2146 1243 2308 1298 tibus
2355 1248 2412 1299 et
2458 1244 2680 1302 Judaeis
2733 1245 2986 1301 conﬂata
3035 1251 3146 1314 est,
3199 1262 3266 1301 ac
3313 1249 3518 1317 gentes
3568 1247 3808 1318 quidem

2147 1333 2310 1405 prius
2340 1333 2580 1389 omnino
2610 1339 2778 1391 erant
2824 1335 3112 1403 obscurae,
3144 1335 3362 1407 quippe
3394 1352 3520 1407 quae
3551 1334 3810 1391 veritatis

2148 1421 2459 1496 splendore
2487 1440 2588 1496 per
2617 1424 2804 1496 legem
2848 1428 2904 1480 et
2945 1424 3263 1497 prophetas
3295 1441 3409 1480 non
3440 1429 3609 1480 erant
3639 1423 3808 1481 illus-

2147 1517 2309 1567 trataa
2345 1529 2357 1568 :
2388 1513 2577 1569 Judaei
2609 1529 2742 1570 vero
2788 1518 2988 1586 utpote
3019 1513 3114 1568 his
3158 1513 3503 1582 illuminati,
3537 1512 3692 1568 haud
3726 1513 3808 1569 ita

2146 1617 2391 1674 prorsus
2449 1606 2618 1658 erant
2673 1602 3138 1675 pulchritudinis
3192 1607 3462 1675 expertes
3517 1620 3530 1658 :
3592 1601 3807 1660 idcirco

2148 1691 2415 1762 proprias
2474 1691 2784 1763 utriusque
2841 1691 3041 1764 populi
3096 1697 3293 1763 partes
3355 1691 3612 1747 innuens
3662 1693 3744 1747 ait
3794 1707 3809 1747 :

2149 1781 2324 1848 Nigra
2366 1797 2488 1836 sum
2533 1785 2587 1836 et
2632 1781 2899 1853 formosa,
2945 1782 3084 1852 ﬁliae
3128 1779 3446 1837 Jerusalem
3475 1799 3492 1834 :
3526 1797 3594 1836 ac
3643 1781 3812 1853 nigra

361 1871 568 1942 ίστησι,
620 1867 711 1923 καί
757 1887 920 1944 φησιν
957 1884 970 1897 ·
1016 1861 1266 1922 Μέλαινά
1316 1862 1430 1936 εἰμι
1493 1863 1579 1918 καὶ
1619 1862 1789 1932 καλή,
1826 1864 2037 1938 θυγατέ-

2149 1839 2388 1939 quidem
2437 1839 2670 1942 propter
2702 1839 2955 1944 p0pulos
2977 1887 3048 1926 ex
3078 1870 3355 1942 gentibus
3401 1839 3806 1942 congregatos,

360 1983 449 2038 ρες
502 1955 910 2034 Ἱερουσαλήμ’
945 1953 1036 2009 καὶ
1082 1951 1312 2026 μέλαινα
1379 1952 1473 2026 μὶν
1523 1949 1612 2007 διὰ
1658 1952 1785 2014 τοὺς
1846 1952 1911 2038 ἐξ
1952 1953 2036 2007 έθ-

362 2056 500 2121 νῶν,
533 2049 608 2111 ὡς
637 2043 921 2106 παντελῶς
955 2043 1318 2122 ἀφωτίστους,
1350 2041 1440 2097 καὶ
1489 2042 1550 2097 τὸ
1603 2049 1704 2112 τῆς
1764 2037 2036 2106 εὐσεϐείας

363 2138 558 2199 σκότος
590 2132 1002 2210 περικειμένους
1036 2151 1046 2164 ·
1081 2129 1226 2200 καλή
1278 2128 1336 2185 δὲ
1386 2129 1474 2185 διὰ
1522 2131 1650 2195 τοὺς
1700 2129 1751 2201 ἐξ
1784 2131 2032 2205 Ἰσραὴλ,

371 2229 449 2290 ὡς
483 2225 572 2281 διὰ
595 2225 770 2299 νόμου
819 2223 912 2278 καὶ
964 2225 1266 2299 προφητῶν
1313 2225 1394 2292 τῷ
1431 2228 1530 2290 τῆς
1561 2216 1863 2282 θεοσεϐείας
1896 2219 2036 2274 κάλ-

389 2318 476 2372 λει
534 2314 1020 2391 προωραϊσθέντας.
1080 2308 1244 2374 Αὖθις
1305 2307 1362 2364 δὲ
1418 2311 1492 2372 ὡς
1551 2310 1604 2365 ἐν
1635 2308 2035 2384 παραδείγματι

379 2407 483 2474 τὴν
537 2403 874 2477 μελανότητα
927 2397 1394 2475 παραδεικνύουσα
1441 2400 1531 2454 καὶ
1582 2402 1680 2469 τήν
1735 2399 2032 2468 καλλονήν,

375 2494 587 2572 φάσκει,
621 2494 708 2554 Ὡς
757 2491 1092 2563 σκηνώματα
1140 2486 1347 2564 Κηδὰρ,
1379 2489 1455 2552 ὡς
1501 2485 1672 2564 δέρεις
1733 2486 2031 2560 Σολομῶν.

367 2586 603 2658 ἽΙγουν,
641 2579 870 2654 μέλαινα
923 2579 1017 2654 μέν
1071 2577 1187 2650 εἶμι
1239 2575 1328 2633 διὰ
1372 2576 1499 2640 τοὺς
1545 2575 1596 2648 ἐξ
1631 2582 1818 2649 εθνῶν,
1855 2577 2033 2652 ὥσπερ

370 2673 675 2745 οἷκητήρια
703 2669 930 2734 σκότους
963 2689 976 2704 ·
1008 2668 1318 2739 σκοτασμὸς
1347 2666 1450 2742 γὰρ
1500 2667 1563 2721 τὸ
1625 2664 1813 2742 Κηδᾶρ
1863 2665 2036 2743 ἑρμη-

366 2761 579 2817 νεύεται
615 2779 628 2794 ⁸
660 2758 804 2828 καλῆ
838 2757 894 2813 δὲ
926 2755 1017 2814 διὰ
1043 2759 1170 2818 τοὺς
1203 2755 1253 2829 ἐξ
1288 2755 1536 2832 Ἰσραὴλ,
1564 2757 1807 2832 καθάπερ
1859 2757 2032 2827 σκηνὴ

373 2850 657 2925 ε’ρηνικοῦ
705 2845 995 2926 βασιλέως.
1045 2843 1376 2921 Ἐπειδήπερ
1434 2846 1532 2913 τήν
1597 2847 1798 2916 σκηνὴν
1853 2845 1946 2918 μὲν
1998 2848 2032 2915 ἡ

377 2937 587 3016 δέρῥις,
617 2938 707 2993 τὸν
761 2935 820 2992 δὲ
869 2935 1140 3011 εἰρηνικὸν
1193 2935 1221 2990 6
1274 2932 1544 3007 Σολομὼν
1576 2939 1829 3009 παριστᾷ,
1861 2933 2034 3010 Εἴρη-

373 3030 530 3090 me;
582 3025 640 3082 δέ
687 3028 902 3088 πάντως
953 3025 1094 3080 ἐστὶν
1125 3025 1152 3079 ὁ
1189 3022 1493 3098 βασιλεύων
1539 3028 1646 3078 τῶν
1681 3022 2036 3099 Ἰσραηλιτῶν

361 3117 598 3192 νομικὸς
650 3116 740 3172 καὶ
798 3114 1140 3191 προφητικὸς
1194 3111 1382 3188 λόγος,
1433 3111 1467 3182 ἢ
1529 3109 1617 3166 διὰ
1674 3113 1735 3166 τὸ
1792 3113 2036 3168 ἀπαιτεῖν

2146 1958 2249 2029 qui
2284 1958 2452 2031 plane
2483 1964 2650 2015 erant
2687 1960 2946 2029 obscuri,
2981 1965 3159 2032 atque
3203 1960 3523 2032 impietatis
3554 1959 3806 2015 tenebris

2145 2047 2494 2103 circumfusi
2530 2066 2543 2104 :
2578 2049 2824 2119 pulchra
2873 2055 3070 2104 autem
3102 2050 3174 2104 ob
3206 2065 3304 2105 eos
3356 2048 3455 2120 qui
3507 2064 3575 2104 ex
3626 2049 3801 2108 Israel

2146 2138 2494 2193 advenerant
2529 2155 2632 2208 per
2661 2137 2848 2210 legem
2881 2143 2937 2193 et
2977 2138 3292 2210 prophetas
3325 2138 3534 2193 divinae
3568 2138 3805 2210 pietatis

2146 2225 2589 2297 pulchritudine
2649 2226 2926 2282 decorati.
2978 2235 3060 2281 Ac
3108 2243 3349 2282 rursum
3408 2225 3800 2282 similitudine

2144 2315 2401 2384 quadam
2434 2315 2800 2388 nigredinem
2833 2314 3141 2371 declarans
3179 2320 3237 2371 et
3277 2315 3801 2386 pulchritudinem,

2143 2403 2332 2458 dicit:
2375 2403 2527 2459 Sicut
2576 2404 2937 2460 tabernacula
2991 2404 3184 2470 Cedar,
3234 2406 3377 2459 sicut
3423 2405 3593 2476 pelles
3643 2404 3798 2460 Salo-

2142 2494 2338 2548 monis.
2394 2493 2572 2565 Nigra
2631 2509 2782 2562 sum,
2833 2494 3096 2565 inquam,
3160 2498 3400 2566 propter
3455 2493 3672 2550 electos
3730 2509 3800 2548 ex

2146 2582 2444 2653 gentibus,
2477 2587 2540 2637 ut
2577 2581 2914 2637 habitacula
2961 2583 3342 2638 tenebrarum
3379 2599 3392 2637 :
3434 2581 3785 2654 (obscurita-

2145 2677 2263 2726 tem
2313 2672 2469 2726 enim
2522 2671 2707 2727 Cedar
2755 2671 3217 2744 interpretamur
3251 2672 3301 2744 :)
3353 2670 3598 2744 pulchra
3642 2687 3802 2742 vero,

2147 2764 2386 2832 propter
2412 2778 2511 2817 eos
2554 2760 2655 2833 qui
2687 2766 2829 2817 sunt
2878 2778 2948 2816 ex
2998 2760 3200 2827 Israel,
3234 2761 3407 2832 quale
3455 2761 3802 2816 tabernacu-

2144 2850 2267 2905 lum
2303 2853 2392 2905 est
2436 2850 2662 2922 paciﬁci
2693 2850 2868 2923 regis.
2902 2850 3050 2906 Nam
3082 2849 3551 2914 tabernaculum,
3585 2848 3754 2921 pellis
3789 2867 3802 2906 :

2146 2937 2457 3011 paciﬁcum
2509 2956 2644 2995 vero
2694 2940 2988 3010 signiﬁcat
3025 2939 3322 2995 Salomon.
3357 2939 3644 2995 Paciﬁcus
3695 2955 3801 2993 au-

2143 3032 2262 3083 tem
2314 3028 2486 3100 plane
2532 3034 2624 3084 est
2675 3029 2822 3101 legis
2872 3033 2929 3084 et
2977 3027 3402 3100 prophetarum
3451 3043 3668 3096 sermo,
3702 3026 3804 3098 qui

2144 3117 2294 3189 regit
2337 3117 2662 3185 lsraelitas,
2694 3118 2832 3189 quia
2881 3117 3124 3188 requirit
3171 3117 3244 3172 ab
3289 3118 3375 3172 eis
3421 3116 3482 3171 in
3535 3119 3716 3172 Deum
3753 3120 3810 3172 et

359 3206 597 3267 τούτους
629 3206 729 3274 τήν
764 3203 842 3266 είς
872 3205 962 3258 τὸν
1013 3202 1140 3258 Θεὸν
1200 3201 1289 3256 καὶ
1345 3201 1436 3255 τὸν
1495 3199 1734 3272 πλησίον
1794 3201 2028 3276 ἀγάπην.

2149 3206 2480 3277 proximum
2512 3205 2912 3261 dilectionem.
2947 3210 3124 3261 Porro
3157 3205 3300 3260 illud
3338 3222 3351 3261 :
3384 3207 3552 3262 Filiae
3578 3209 3808 3263 Jerusa-

364 3297 448 3354 Τὸ
500 3292 578 3366 δὲ,
612 3292 910 3368 Θυγατέρες
963 3292 1351 3364 Ἰερουσαλήμ,
1396 3290 1441 3345 εἷ
1482 3291 1572 3345 καὶ
1625 3290 1730 3366 πρὸ
1777 3296 1887 3345 τῶν
1931 3313 2034 3346 πα-

373 3381 758 3460 ραδειγμάτων
789 3388 889 3451 τῆς
926 3380 1299 3455 μελανότητος
1344 3380 1436 3435 καὶ
1483 3386 1582 3450 τῆς
1631 3379 1910 3450 καλλονῆς
1965 3380 2041 3452 ἐξ·

376 3470 714 3544 εδόθη,ἆλλ⁹
745 3469 835 3526 οὖν
867 3465 1168 3543 ὑπέρϐατόν
1199 3469 1343 3526 ἐστιν
1365 3469 1440 3534 ὡς
1470 3470 1878 3544 συνηρτημένον
1907 3471 2042 3526 κατά

373 3564 479 3632 τήν
514 3558 748 3633 ἔννοιαν,
779 3564 878 3631 τῷ,
910 3561 1001 3629 Μὴ
1040 3557 1281 3636 βλέψητέ
1317 3579 1404 3632 με,
1438 3557 1520 3613 δτι
1563 3559 1670 3634 ἐγώ
1719 3558 1834 3632 εἰμι
1881 3581 2042 3633 μεμε-

383 3649 703 3724 λανωμένη.
735 3649 878 3720 Φησὶ
909 3649 1014 3724 γὰρ
1042 3652 1209 3704 ταῦτα
1237 3648 1301 3703 τὸ
1355 3646 1410 3702 ἓν
1462 3647 1624 3722 μέρος
1672 3654 1772 3716 τῆς
1807 3647 2041 3720 Ἐκκλη-

387 3740 506 3802 σίας
550 3740 683 3814 πρὸς
732 3741 794 3794 τὸ
840 3735 1042 3813 ἕτερον,
1077 3739 1130 3793 οἱ
1177 3735 1228 3808 ἐξ
1277 3731 1440 3800 ἕθνῶν
1474 3734 1688 3807 δηλαδὴ
1723 3738 1859 3812 πρὸς
1914 3738 2042 3802 τοὺς

384 3827 440 3900 ἐξ
501 3828 744 3902 Ἰσραήλ,
798 3829 1097 3904 Θυγατέρες
1145 3828 1249 3902 γάρ
1300 3826 1432 3880 εἰσιν
1481 3824 1850 3899 Ἰερουσαλὴμ
1888 3827 1940 3881 οἱ
1989 3827 2040 3898 ἐξ

376 3916 605 3992 Ἰσραὴλ
645 3918 1049 3984 πιστεύσαντες,
1085 3917 1136 3971 οἳ
1163 3914 1290 3977 τοὺς
1322 3914 1373 3985 ἐξ
1404 3915 1570 3969 ἐθνῶν
1612 3913 1710 3969 οὐκ
1758 3912 2038 3990 ἐδέχοντο,

383 4006 523 4080 ὅπερ
573 4008 685 4061 κατ’
736 4007 916 4083 ἀρχὰς
974 4003 1062 4060 ἐπὶ
1121 4007 1238 4066 τοῖς
1316 4001 1646 4064 ἀποστόλοις
1729 3999 2042 4076 συμϐέϐηκε

383 4093 900 4168 σκανδαλιζομένοις
933 4094 1009 4157 εἰς
1062 4095 1264 4170 Πέτρον
1317 4093 1410 4148 τὸν
1459 4099 1775 4168 κορυφαῖον,
1811 4093 1894 4148 ὅτι
1950 4096 2041 4150 τὸν

376 4182 691 4260 Κορνήλιον
727 4183 941 4256 ἐδέξατο
971 4202 984 4216 ⁶
1033 4185 1231 4260 μέχρις
1272 4181 1334 4237 ἂν
1370 4183 1518 4238 οὗτοι
1549 4184 1677 4257 παρ’
1718 4183 1882 4239 αὐτοῦ
1938 4186 2038 4254 τὴν

371 4272 726 4348 ἀποκάλυψιν
793 4281 894 4345 τῆς
973 4274 1168 4344 ὀθόνης
1243 4271 1524 4346 μαθόντες,
1583 4277 1680 4328 τοῦ
1739 4271 2040 4330 σκανδάλου

371 4361 805 4438 ἀπηλλάγησαν.
855 4368 1201 4439 Παρορᾶσθαι
1260 4361 1361 4438 γὰρ
1409 4361 1555 4437 παρά
1603 4366 1711 4417 τῶν
1768 4362 2041 4436 Ἰσραηλι-

365 4458 484 4510 τῶν
517 4455 552 4522 ἡ
603 4453 653 4524 ἐξ
703 4452 870 4508 ἐθνῶν
926 4449 1227 4522 Ἐκκλησία
1281 4452 1381 4521 τὴν
1439 4452 1632 4520 ἑαυτῆς
1697 4451 2043 4524 μελανότητα

372 4540 719 4618 βουλομένη,
753 4541 843 4596 καὶ
900 4541 976 4614 μὴ
1029 4538 1118 4595 διὰ
1172 4538 1375 4610 ταύτην
1423 4540 1514 4594 ἀπ’
1544 4539 1720 4595 αὐτῶν
1774 4538 2036 4614 διακρίνε-
2071 4570 2118 4635 D

367 4631 516 4698 σθαι,
549 4631 615 4683 τά
646 4629 908 4704 εἰρημένα
935 4629 1072 4701 πρὸς
1099 4627 1326 4690 τούτους
1358 4629 1546 4706 φησὶν,
1584 4628 1716 4700 μετά
1760 4626 1817 4683 δέ
1872 4633 2040 4685 ταῦτα

363 4719 463 4774 καὶ
500 4720 602 4788 τήν
651 4717 829 4773 αἰτίαν
882 4717 1070 4781 αὐτοῖς
1118 4716 1420 4792 ἀπαγγελεῖ
1468 4713 1539 4772 δι’
1567 4718 1629 4786 ἣν
1679 4716 2038 4790 μεμελαὶνωτο

368 4807 633 4883 λέγουσα,
663 4811 782 4863 ’Ὁτι
836 4801 1155 4882 Παρέϐλεψέ
1207 4827 1275 4878 με
1321 4807 1350 4861 6
1394 4805 1558 4875 ἥλιος
1594 4826 1606 4839 ⁸
1639 4805 1829 4883 ἤγουν,
1873 4829 2039 4881 μεμε.

368 4895 670 4968 λανωμένη
713 4895 824 4970 ἐγώ
878 4894 1016 4968 εἰμι,
1049 4893 1132 4950 ὅτι
1183 4890 1569 4969 παρεϐλέψατό
1619 4917 1686 4969 με
1735 4897 1762 4951 ὁ
1810 4903 1910 4966 τῆς
1955 4895 2040 4952 δι-

366 4985 669 5056 καιοσύνης
697 4983 920 5052 Ἥλιος,
953 4985 1150 5060 νέφους
1208 4982 1675 5059 περικαλύψαντός
1732 5005 1797 5058 με
1835 4985 2034 5058 ἀθείας,

365 5075 458 5130 καὶ
493 5078 613 5135 ταῖς
644 5080 743 5142 τῆς
776 5071 1103 5148 θεογνωσίας
1136 5071 1342 5128 ἀκτῖσιν
1377 5073 1480 5127 οὐκ
1521 5071 1776 5136 έάσαντός
1827 5095 1895 5148 με
1943 5096 2037 5130 κα-

362 5161 772 5236 ταλάμπεσθαι,
795 5162 1037 5237 καθάπερ
1065 5162 1221 5216 αὐτοὶ
1253 5160 1410 5235 νόμῳ
1439 5161 1530 5216 καὶ
1562 5165 1872 5240 προφήταις
1904 5165 2040 5239 πρὸς

362 5251 695 5329 θεογνωσίαν
728 5249 1268 5327 παιδαγωγούμενοι.

838 5380 949 5433 Τοῦ
981 5375 1282 5453 ὑπερτίμου
1316 5373 1564 5434 Ψελλοῦ.

445 5494 630 5564 Φησὶν
660 5495 695 5563 ἡ
729 5492 916 5572 νύμφη
948 5491 1215 5568 παρευθὺς
1255 5493 1394 5566 πρὸς
1421 5490 1548 5554 τοὺς
1583 5491 1855 5568 ἀγγέλους
1882 5494 2032 5570 τάδε,

369 5585 483 5648 Οὓς
519 5587 816 5660 θυγατέρας
847 5589 948 5653 τῆς
984 5584 1124 5639 Σιὼν
1157 5583 1409 5639 ἐκάλεσεν
1436 5583 1464 5636 ὁ
1497 5580 1688 5658 λόγος.

368 5676 619 5733 Μέλαινά
688 5673 807 5748 εἶμι
885 5673 974 5728 καὶ
1051 5671 1220 5746 καλὴ,
1298 5671 1587 5749 θυγατέρες
1646 5674 2035 5755 Ἰερουσαλὴμ,

2151 3295 2293 3356 lem;
2324 3294 2457 3349 licet
2486 3299 2622 3350 ante
2661 3293 2988 3366 nigredinis
3018 3301 3076 3350 et
3116 3293 3580 3366 pulchritudinis
3609 3309 3802 3350 exem-

2151 3383 2249 3455 pla
2296 3383 2519 3439 dictum
2570 3384 2668 3451 sit,
2716 3389 2916 3439 tamen
2971 3383 3294 3455 superlatio
3341 3390 3448 3451 est,
3504 3386 3563 3439 et
3609 3381 3802 3439 solum

2151 3474 2222 3528 ad
2254 3471 2354 3528 illa
2381 3473 2560 3528 verba
2588 3490 2601 3528 :
2652 3474 2730 3529 Ne
2766 3474 3052 3545 aspiciatis
3101 3489 3210 3541 me,
3242 3472 3390 3545 quod
3435 3474 3604 3542 nigra
3648 3474 3753 3528 sim
3785 3489 3804 3527 :

2150 3563 2473 3618 secundum
2530 3561 2982 3634 intelligentiam
3037 3563 3430 3618 referendum.
3464 3565 3598 3618 Haec
3645 3561 3804 3617 enim

2149 3653 2323 3706 verba
2381 3668 2499 3706 una
2552 3651 2822 3707 Beelesiae
2871 3668 3007 3723 pars
3057 3652 3201 3707 dicit
3252 3653 3322 3706 ad
3380 3649 3623 3707 alteram
3674 3666 3688 3706 :
3739 3667 3807 3706 ea

2149 3740 2432 3796 nimirum
2465 3757 2592 3812 quas
2639 3757 2708 3796 ex
2751 3741 3028 3812 gentibus
3068 3745 3320 3808 constat,
3353 3741 3425 3796 ad
3479 3739 3644 3795 illam
3677 3757 3805 3812 quae

2149 3844 2218 3886 ex
2277 3829 2476 3886 Israel.
2525 3828 2671 3885 Nam
2723 3829 2854 3884 ﬁliae
2902 3829 3229 3886 Jerusalem
3283 3828 3656 3900 accipiuntur
3702 3845 3806 3901 pro

2150 3919 2224 3974 iis
2255 3919 2356 3991 qui
2399 3936 2466 3974 ex
2518 3918 2693 3975 Israel
2726 3919 3124 3985 crediderunt,
3157 3919 3253 3990 qui
3305 3922 3508 3990 gentes
3541 3935 3656 3973 non
3698 3919 3806 3973 ad-

2151 4008 2464 4064 mittebant
2525 4023 2538 4062 :
2598 4009 2750 4079 quod
2814 4007 3049 4079 quidem
3123 4008 3292 4062 initio
3352 4006 3596 4077 contigit
3652 4006 3809 4061 inter

2099 4109 2109 4113 ·
2151 4097 2468 4168 apostolos,
2504 4097 2602 4168 qui
2655 4097 2937 4153 adversus
2965 4097 3204 4152 Petrum
3254 4094 3580 4168 principem
3636 4111 3806 4150 scan-

2151 4187 2379 4242 ἀειΙὶΖᾶῒί
2431 4189 2591 4257 sunt,
2625 4187 2778 4258 quod
2812 4185 3146 4242 Cornelium
3196 4186 3578 4257 suscepisset,
3625 4185 3807 4240 donec

2151 4277 2222 4332 ab
2270 4276 2400 4348 ipso
2447 4277 2616 4332 Petro
2668 4275 2832 4331 lintei
2879 4275 3332 4331 declarationem
3385 4273 3808 4346 intelligentes,

2151 4383 2183 4420 a
2217 4365 2495 4422 seandalo
2547 4365 2920 4421 destiterunt.
2952 4364 3184 4438 Despiei
3236 4365 3392 4420 enim
3428 4379 3490 4420 se
3521 4364 3594 4419 ab
3623 4364 3809 4419 Israe-

2150 4454 2270 4510 litis
2318 4455 2562 4511 collecta
2592 4471 2659 4511 ex
2690 4455 2968 4528 gentibus
3017 4453 3277 4510 Ecclesia
3329 4458 3568 4525 propter
3613 4453 3812 4526 nigre—

2151 4546 2351 4601 dinem
2390 4543 2613 4612 volens,
2647 4548 2703 4600 et
2734 4561 2849 4600 non
2903 4545 2976 4599 ob
3024 4543 3208 4609 illam,
3244 4544 3316 4599 ab
3349 4543 3495 4615 ipsis
3526 4541 3808 4614 separari,

2151 4636 2223 4690 ad
2282 4634 2447 4704 illos,
2502 4651 2570 4689 ea
2627 4651 2751 4705 quae
2802 4633 2958 4688 dicta
3016 4641 3189 4702 sunt,
3246 4632 3528 4704 loquitur.
3592 4630 3813 4686 Deinde

2151 4740 2392 4779 causam
2451 4724 2688 4795 exponit
2749 4722 3127 4794 quamobrem
3180 4721 3434 4777 evaserit
3481 4721 3651 4793 nigra
3686 4735 3699 4774 :
3734 4721 3814 4776 Me

2148 4814 2250 4880 sol,
2310 4813 2608 4885 inquiens,
2666 4812 2927 4884 despexit.
2997 4811 3331 4882 Nigrei‘acta
3389 4826 3521 4864 sum
3580 4807 3812 4880 utique,

2151 4903 2430 4974 quoniam
2463 4901 2727 4973 despexit
2767 4917 2858 4956 me
2905 4900 3004 4956 Sol
3047 4900 3320 4970 justitiae,
3369 4898 3692 4968 impietatis
3721 4901 3813 4952 te-

2151 4991 2352 5046 nebris
2402 5006 2494 5046 me
2540 4989 3012 5063 contegentibus,
3061 4994 3126 5044 ut
3181 4989 3394 5044 divinae
3453 4986 3812 5059 cognitionis

2149 5079 2334 5135 radiis
2365 5078 2715 5145 illustrarer,
2745 5078 3246 5150 quemadmodum
3281 5075 3560 5133 Israelitaa
3592 5092 3695 5148 per
3725 5075 3813 5132 le-

2149 5183 2279 5241 gem
2314 5173 2371 5224 et
2400 5169 2736 5241 prophetas,
2770 5169 2838 5224 ad
2892 5167 2991 5224 Dei
3031 5167 3446 5240 cogitationem
3499 5168 3639 5222 sunt
3689 5167 3812 5222 ins-

2148 5258 2327 5317 tituti.

2721 5385 2998 5443 Praeclari
3045 5384 3240 5442 Pselli.

2223 5502 2354 5558 Haec
2385 5501 2583 5559 statim
2618 5503 2690 5558 ad
2734 5501 2974 5574 angelos
3006 5517 3228 5573 sponsa
3260 5501 3549 5572 loquitur,
3581 5499 3682 5570 qui
3714 5515 3818 5571 per

2149 5591 2301 5648 ﬁlias
2354 5591 2491 5648 Sion
2543 5591 2958 5660 intelliguntur
3002 5607 3015 5646 :
3063 5593 3238 5661 Nigra
3284 5607 3408 5646 sum
3458 5597 3509 5645 et
3555 5588 3814 5660 pulchra,

2143 5683 2278 5756 ﬁlix
2305 5683 2634 5753 Jerusalem,
2665 5682 2811 5736 sicut
2842 5680 3203 5737 tabernacula
3237 5680 3433 5748 Cedar,
3459 5679 3606 5735 sicut
3635 5675 3814 5748 pelles
