4122 6386
388 341 505 398 547

1724 329 2152 391 MICHAELIS
2200 330 2471 390 PSELLI

3688 339 3817 398 548

386 471 724 528 Salomonis.
749 471 851 526 His
882 470 1078 526 verbis
1104 467 1346 540 angelos
1370 483 1588 540 sponsa
1618 465 1876 537 primum
1907 462 2040 518 allo-

2159 461 2248 525 Ὧς
2279 461 2610 536 σκηνώματα
2642 460 2848 541 Κηδάρ,
2883 463 2957 527 ὡς
2990 461 3201 542 δέρρεις
3235 465 3534 540 Σολομών.

384 562 604 633 quitur.
649 561 888 633 Oportet
933 561 1090 616 enim
1143 560 1272 631 ipsa
1317 557 1492 613 verba
1541 572 1774 628 sponsae
1826 569 2049 624 praepo-

388 667 546 720 nere,
579 656 638 707 et
669 652 1007 722 neutiquam
1043 649 1344 720 implicare
1371 646 1665 713 versibus,
1696 649 1753 699 et
1785 659 2053 699 commu-

384 744 536 796 tare.
586 741 798 796 Audite
847 757 1045 796 vocem
1098 755 1313 805 meam,
1365 736 1578 809 inquit,
1626 752 1658 790 ο
1709 733 1843 788 filiae
1891 731 2052 787 illius

389 845 656 901 supernas
703 829 1034 885 Jerusalem
1088 828 1343 883 maxime
1387 823 1742 880 venerabilis
1777 839 1789 878 :
1831 821 2053 893 pariter

391 935 497 990 ego
549 936 692 974 sane
745 918 1013 990 pulchra,
1045 923 1103 973 et
1149 917 1319 989 nigra
1370 932 1524 970 sum.
1559 913 1737 985 Nigra
1785 911 2046 982 quidem,

394 1012 460 1063 ut
489 1007 674 1062 Cedar
699 1006 1174 1071 tabernaculum,
1202 1021 1516 1078 apparens,
1550 1017 1760 1073 nempe
1791 1017 1860 1055 ex
1887 1004 2047 1054 tran-

392 1096 726 1168 sgressione
766 1097 1036 1168 pracepti
1085 1095 1247 1150 illius
1294 1093 1488 1165 primi.
1522 1092 1707 1147 Cedar
1753 1089 1909 1146 enim
1942 1089 2046 1143 ob-

393 1203 606 1242 scurus
648 1187 1115 1257 tenebrosusque
1163 1184 1398 1240 dicitur.
1435 1181 1683 1238 Pulchra
1730 1193 1886 1233 nunc
1917 1194 2047 1232 rur-

393 1293 496 1331 sus
528 1275 744 1331 exsisto
789 1292 892 1346 per
934 1273 1339 1347 pmnitentiam
1374 1288 1509 1328 cum
1541 1269 1772 1325 Christo
1815 1281 2048 1322 summe

390 1365 632 1436 paciﬁco
656 1363 1030 1420 mortificata.
1061 1363 1344 1418 Pacificus
1368 1361 1524 1418 enim
1550 1359 1805 1430 quisque
1837 1355 2045 1411 merito

391 1453 608 1509 dicitur
634 1453 928 1509 Salomon.
961 1454 1049 1508 Tu
1081 1469 1214 1508 vero
1250 1468 1322 1506 ne
1353 1450 1604 1515 mireris,
1639 1447 1791 1518 quod
1827 1461 2048 1518 sponsa

391 1541 609 1613 pariter
637 1559 700 1597 se
729 1546 786 1597 et
816 1543 1046 1613 nigram
1069 1545 1127 1596 et
1159 1540 1465 1612 pulchram
1499 1540 1819 1608 nuncupet.
1842 1532 2046 1589 Omnis

390 1631 546 1687 enim
601 1632 798 1686 anima
848 1648 976 1702 quae
1029 1630 1258 1702 proficit
1307 1629 1366 1684 in
1415 1628 1651 1682 virtutis
1699 1623 1917 1691 studio,
1960 1621 2045 1677 sic

389 1722 462 1776 ad
493 1721 684 1777 lucem
718 1738 787 1777 ex
815 1721 1074 1777 tenebris
1122 1719 1514 1792 progreditur,
1549 1723 1612 1772 ut
1643 1734 1756 1772 non
1808 1717 2044 1785 repente

386 1815 510 1864 tota
557 1811 807 1867 illustris
863 1817 922 1866 et
980 1827 1128 1883 pura
1185 1811 1314 1877 ﬁat;
1372 1808 1473 1864 sed
1533 1825 1650 1878 quo
1691 1804 1935 1877 propius
1967 1801 2039 1856 ad

387 1899 662 1956 virtutem
719 1899 980 1967 accedit,
1031 1916 1097 1955 eo
1155 1898 1392 1970 longius
1451 1897 1688 1952 recedat
1735 1912 1768 1950 a
1820 1891 2044 1948 fraudis

389 1988 772 2055 obscuritate,
796 1994 974 2060 atque
1004 1988 1087 2043 ita
1117 1987 1482 2060 splendidior
1510 1989 1567 2040 et
1587 1983 1799 2040 clarior
1820 1981 2045 2038 evadat.

388 2077 610 2133 Deinde
644 2078 794 2133 ﬁlias
835 2078 994 2149 ipsas
1027 2095 1245 2149 sponsa
1277 2075 1598 2148 alloquitur
1631 2074 1698 2130 ad
1737 2073 1891 2128 hunc
1924 2085 2048 2125 mo-

385 2167 526 2221 dum
564 2183 576 2222 :
610 2166 798 2222 Nolite
839 2169 1084 2238 aspicere
1126 2183 1234 2232 me,
1266 2167 1406 2238 quod
1436 2182 1535 2236 ego
1581 2167 1690 2219 sim
1735 2162 2048 2238 denigrata,

383 2257 520 2326 quia
570 2257 819 2326 despexit
866 2272 953 2311 me
999 2257 1098 2311 sol.
1150 2255 1254 2324 Ne,
1288 2255 1503 2327 inquit,
1537 2251 1907 2317 existimetis,
1956 2267 2049 2305 me

384 2345 466 2399 ita
524 2345 748 2400 fuscam
803 2350 860 2400 et
913 2345 1226 2400 obscuram
1276 2349 1334 2398 et
1381 2345 1611 2417 nigram
1673 2340 1858 2396 fuisse
1916 2354 2046 2410 pro-

381 2437 661 2488 creatam.
693 2435 840 2488 Tota
883 2434 1037 2489 enim
1094 2433 1292 2488 lucida
1340 2450 1373 2487 a
1420 2436 1691 2486 Creatore
1743 2445 1872 2484 meo
1927 2428 2045 2481 for-

383 2529 542 2576 mata
599 2539 754 2578 sum.
813 2524 920 2576 Sed
982 2523 1198 2576 ardens
1257 2521 1370 2588 sol,
1412 2520 1807 2576 tentationum
1868 2520 2046 2570 asstus

383 2627 478 2665 me
531 2611 911 2666 vehementer
973 2610 1234 2666 excussit
1287 2627 1353 2665 ac
1411 2607 1759 2680 denigravit.
1833 2603 2049 2660 Deinde

382 2715 499 2769 quo
559 2700 733 2754 modo
794 2717 827 2755 a
878 2699 1126 2769 justitiae
1189 2698 1318 2754 Sole
1369 2699 1644 2770 despecta
1695 2695 1808 2762 sit,
1861 2691 2046 2763 expli-

380 2791 492 2842 cat.

609 3332 745 3387 Filii
775 3332 988 3387 matris
1016 3345 1164 3388 meae
1189 3333 1582 3411 pugnaverunt
1612 3332 1670 3387 in
1701 3347 1810 3387 me.

443 3439 489 3493 A
520 3441 707 3493 matre
737 3436 938 3507 igitur,
975 3442 1040 3493 ut
1070 3453 1264 3493 rerum
1300 3441 1392 3494 est
1422 3437 1687 3493 omnium
1723 3455 1923 3508 causa,
1954 3457 2043 3497 sa-

375 3526 598 3599 pientia
627 3543 760 3580 cum
798 3526 1172 3594 defecissent,
1197 3543 1398 3582 eorum
1431 3543 1558 3598 quae
1583 3531 1725 3582 sunt
1761 3529 2042 3624 rationes,

372 3617 443 3672 ad
478 3632 607 3671 eam
639 3632 730 3671 me
763 3632 877 3671 non
911 3616 1306 3672 reduxerunt:
1335 3615 1663 3670 visibilium
1695 3616 1851 3671 enim
1878 3615 2042 3690 aspei

372 3708 465 3760 ctu
500 3705 744 3776 decepta
774 3721 900 3759 sum
931 3720 944 3759 :
979 3705 1080 3760 sed
1120 3705 1263 3760 dum
1318 3703 1462 3759 mihi
1499 3704 1776 3760 videntur
1809 3711 2040 3763 contra-

372 3794 495 3860 riae,
520 3810 614 3850 me
644 3793 704 3848 in
738 3793 1047 3866 opiniones
1101 3793 1571 3850 innumerabiles
1618 3795 2038 3853 distraxerunt.

369 3884 559 3955 Atque
603 3881 713 3938 hoc
763 3883 1004 3955 quidem
1060 3886 1232 3955 pacto
1288 3899 1375 3940 me
1430 3883 1701 3938 custodem
1751 3886 1810 3939 in
1863 3887 2041 3944 vineis

368 3974 798 4040 constituerunt,
830 3977 896 4028 ut
927 3972 985 4028 in
1017 3973 1166 4045 ipsis
1218 3977 1491 4045 perstans
1538 3972 1939 4045 opinionibus,
1967 3978 2038 4032 ab

368 4077 436 4118 ea
467 4068 525 4118 et
556 4079 590 4118 a
619 4063 863 4117 veritate
914 4062 1151 4133 penitus
1201 4061 1573 4118 dissiderem.
1625 4065 1758 4128 Quae
1799 4063 2037 4136 quidem

370 4150 516 4206 mihi
567 4157 872 4223 propterea
904 4153 1223 4224 contigere,
1257 4151 1394 4222 quia
1425 4153 1645 4208 vineam
1693 4170 1878 4209 meam
1926 4171 2038 4211 non

358 4241 652 4307 custodivi,
686 4240 786 4312 qui
819 4245 923 4296 est
976 4239 1076 4296 ille
1111 4239 1210 4312 qui
1242 4240 1390 4296 dixit
1425 4257 1436 4296 :
1471 4242 1587 4314 Ego
1634 4259 1753 4297 sum
1805 4245 1935 4299 vilis
1983 4260 2039 4316 σι

363 4343 454 4383 vos
492 4329 826 4400 palmites‘,
861 4329 1201 4401 unigenitus
1255 4329 1355 4386 Dei
1410 4330 1598 4386 Filius
1649 4335 1708 4387 et
1754 4331 2033 4405 Verbum,

361 4417 533 4487 cujus
577 4417 648 4472 ad
699 4417 1019 4490 imaginem
1073 4419 1224 4473 facta
1271 4424 1482 4474 natura
1539 4419 1826 4490 humana,
1855 4423 2035 4495 simul

355 4523 485 4578 quae
528 4506 586 4561 in
643 4507 923 4562 universo
983 4513 1124 4563 sunt
1179 4525 1384 4564 omnes
1433 4509 1694 4565 obtinuit
1755 4512 2032 4583 rationes,

2162 552 2320 615 Ταῦθ’
2350 552 2541 624 ὁμιλεῖ
2567 553 2629 608 τὸ
2661 556 2964 629 πρώτιστον
2997 557 3031 624 ἡ
3063 554 3248 633 νύμφη
3280 561 3396 619 τοῖς
3429 555 3707 632 ἀγγέλοις.

2164 641 2284 716 Χρή
2317 642 2422 716 γὰρ
2455 640 2587 696 αύτά
2615 642 2680 696 τά
2791 665 2932 716 ματα
2958 647 3061 709 τῆς
3091 643 3310 721 νύμφης
3338 647 3670 719 προτιθέναι,

2164 733 2259 787 Καὶ
2297 729 2569 806 μηδαμῶς
2603 732 2994 808 στιχοπλοκεῖν
3021 741 3189 792 ταῦτα
3218 738 3306 792 καὶ
3342 737 3756 812 μεταλλάττειν.

2160 821 2456 878 ’Δκούσατέ
2490 832 2594 895 μου
2624 831 2723 893 τῆς
2753 832 2958 902 φωνῆς,
2993 826 3178 902 φησὶν,
3211 829 3256 881 ὧ
3286 827 3567 906 θυγατέρες

2160 911 2275 978 Τῆς
2308 907 2419 965 ἅνω
2451 913 2813 987 Ἰερουσαλὴμ
2841 921 2942 984 τῆς
2987 911 3456 989 σεϐασμιωτάτης.

2158 998 2334 1070 Ὁμοῦ
2362 1001 2462 1074 γὰρ
2493 998 2666 1076 ἔγωγε
2695 1001 2839 1072 καλῆ
2872 1003 2960 1058 καὶ
2986 1001 3220 1077 μέλαινα
3250 1008 3528 1082 τυγχάνω.

2160 1087 2403 1143 Μέλαινα
2447 1091 2541 1162 μὶν
2567 1094 2642 1153 ὡς
2671 1096 2768 1146 τοῦ
2799 1090 2987 1168 Κηδάρ
3015 1095 3281 1167 σκήνωμα
3314 1102 3668 1174 προφανεῖσα,

2159 1177 2315 1248 Φημὶ
2348 1176 2394 1231 δ’
2423 1176 2482 1232 ἐκ
2511 1175 2867 1255 παραϐάσεως
2895 1189 2994 1251 τῆς
3025 1181 3250 1252 ἐντολῆς
3277 1187 3376 1250 τῆς
3407 1187 3634 1260 πρώτης

2157 1266 2240 1338 (Ὀ
2269 1265 2369 1342 γὲιρ
2402 1267 2585 1340 Κηδάρ
2621 1270 2648 1323 ὁ
2683 1271 2908 1346 ζοφερὸς
2942 1269 3153 1348 λέγεται
3183 1273 3270 1328 καὶ
3314 1271 3619 1350 σκοτώδης)
3653 1295 3666 1308 ·

2157 1353 2312 1424 Καλὴ
2350 1351 2407 1410 δὲ
2437 1355 2601 1412 πάλιν
2629 1355 2839 1436 πέφυκα
2867 1360 2981 1415 νυνὶ
3023 1364 3092 1434 τῇ
3129 1361 3404 1435 μετανοίᾳ,

2159 1447 2596 1519 Συννεκρωθεῖσα
2627 1451 2853 1522 Χριστῷ
2884 1454 2961 1504 τῶ
2993 1449 3429 1525 εἰρηνικωτάτῳ,

2157 1531 2250 1588 Εἰς
2393 1535 2406 1548 “
2523 1535 2536 1553 ‘
2657 1537 2667 1554 '
2904 1544 2929 1554 ”
3205 1542 3218 1559 ‘
3369 1541 3380 1562 '

2225 1555 2448 1606 ρηνικος
2477 1555 2578 1610 γαρ
2613 1549 2828 1611 Λεγεται
2860 1559 2965 1602 πας
2995 1538 3264 1613 Σολομων
3298 1541 3481 1614 ἀξιως,

2157 1619 2233 1674 Σὺ
2264 1618 2321 1675 δὲ
2355 1619 2483 1694 μηδ’
2514 1621 2660 1686 ὅλως
2693 1623 2974 1702 ἐκπλαγῇς
3004 1629 3138 1703 ἅπερ
3172 1631 3206 1698 ἡ
3238 1627 3423 1707 νύμφη
3460 1629 3626 1708 λέγει,

2152 1710 2262 1778 Ὧς,
2300 1712 2383 1765 Ἐν
2415 1716 2594 1783 ταυτῷ
2621 1713 2710 1768 καὶ
2745 1713 2974 1788 μέλαινα
3003 1715 3093 1771 καὶ
3124 1717 3267 1788 καλὴ
3298 1719 3387 1773 νῦν
3417 1722 3699 1796 τυγχάνω.

2155 1804 2307 1853 Πᾶσα
2334 1801 2436 1875 γάρ
2474 1799 2753 1874 μὲλλουσα
2782 1806 2935 1879 ψυχὴ
2968 1807 3106 1879 πρὸς
3137 1805 3329 1882 ἀρετὰς
3357 1808 3708 1884 προκόπτειν,

2155 1887 2256 1944 Καὶ
2309 1890 2446 1964 πρὸς
2489 1891 2549 1945 τὸ
2594 1896 2708 1970 φῶς
2762 1893 3066 1970 ἀνάγεσθαι,
3098 1897 3185 1951 καὶ
3220 1896 3437 1974 φεύγειν
3469 1895 3527 1953 ἐκ
3554 1903 3652 1954 τοῦ
3685 1901 3815 1956 σκό-
3847 1908 3851 1912 ’

3573 1990 3742 2062 [τους,

2157 2066 2235 2124 Οὐ
2261 2068 2527 2143 παρευθὺς
2557 2069 2841 2150 ὁλόφωτος
2874 2072 2962 2128 καὶ
2993 2075 3203 2150 καθαρά
3229 2075 3513 2151 τυγχάνει.

2157 2155 2316 2213 Ἀλλ’
2337 2158 2461 2214 ὅσον
2494 2163 2630 2232 πρὸς
2657 2165 2756 2232 τὴν
2789 2163 2984 2239 ἀρετὴν
3011 2165 3308 2240 προκόπτει
3344 2169 3478 2241 μετά
3507 2168 3700 2239 πόνου,

2154 2251 2418 2303 Τοσοῦτον
2452 2249 2857 2307 ἀπαλλάττεται
2888 2257 2983 2308 τοῦ
3016 2254 3241 2319 σκότους
3270 2257 3504 2329 ἀπάτης,

2158 2338 2257 2390 Καὶ
2289 2336 2643 2415 λαμπροτέρα
2673 2340 2880 2416 γίνεται
2923 2343 3140 2409 πάντως
3167 2347 3255 2400 καὶ
3289 2344 3638 2425 φαιδροτὲρα.

2159 2426 2287 2480 Εἴτά
2317 2449 2446 2505 φησι
2478 2430 2615 2502 πρὸς
2643 2431 2742 2492 τὰς
2772 2431 2938 2494 αύτάς
2972 2435 3006 2503 ἡ
3039 2434 3224 2514 νύμφη
3262 2433 3558 2512 θυγατέρας
3589 2457 3603 2470 ·

2153 2516 2244 2584 Μὴ
2281 2515 2511 2591 βλέψετὲ
2546 2539 2634 2592 με,
2667 2519 2749 2574 ὅτι
2783 2520 2890 2596 ἐγώ
2925 2521 3038 2596 εἰμι
3065 2523 3534 2599 μεμαλανωμένη,

2153 2607 2278 2660 ’Ότι
2310 2601 2620 2681 παρὲϐλεψὲ
2653 2630 2720 2682 με
2746 2611 2774 2665 ὁ
2805 2609 2991 2680 ἥλιος.

2153 2695 2243 2762 Μὴ
2274 2699 2405 2771 γοῦν
2436 2697 2719 2771 νομίσητε,
2753 2700 2942 2776 φησὶν,
2970 2700 3144 2767 οὕτως
3180 2701 3278 2776 ἐμὲ
3304 2701 3631 2777 πλασθῆναι,

2155 2784 2388 2861 Ζοφερὰν
2419 2785 2506 2840 καὶ
2539 2791 2823 2858 σκοτεινὴν
2857 2791 2948 2845 καὶ
2984 2792 3471 2866 μεμελανωμένην.

2153 2870 2464 2960 Ἐπλάσθην
2499 2877 2603 2950 γὰρ
2636 2877 2922 2956 ὁΛόφωτος
2953 2880 3099 2954 παρά
3129 2885 3227 2936 τοῦ
3256 2881 3638 2960 πλαστουργοῦ
3681 2908 3816 2960 μου.

2153 2958 2310 3014 ’ΔλΛ’
2339 2963 2366 3015 ὁ
2399 2961 2699 3040 φλογώδης
2725 2965 2906 3041 ἥλιος,
2948 2973 3054 3023 τῶν
3085 2976 3402 3045 πειρασμῶν
3427 2975 3460 3042 ἡ
3506 2958 3671 3044 ζέσις,

2151 3054 2350 3112 Δεινῶς
2389 3073 2455 3124 με
2485 3049 2868 3129 παρεόλὲψατο
2898 3057 2990 3111 καὶ
3021 3057 3380 3132 μεμελάνωκὲ
3409 3082 3494 3134 με.

2222 3139 2350 3195 Εἶτα
2379 3142 2470 3195 καὶ
2499 3144 2592 3197 τὸν
2623 3145 2826 3218 τρόπον
2858 3148 2979 3210 καθ’
3009 3147 3066 3201 ὃν
3099 3150 3382 3224 παροράθη
3423 3151 3525 3206 ὑπὸ
3555 3156 3652 3207 τοῦ
3707 3161 3815 3225 τῆς

2067 3219 2111 3286 C
2153 3225 2503 3302 δικαιοσύνης
2530 3232 2720 3289 Ἠλίου
2752 3235 2938 3312 φησίν.

2402 3338 2519 3392 Υἱοὶ
2556 3340 2762 3416 μητρός
2797 3363 2902 3414 μου
2929 3341 3270 3419 ἐμαχέσαντο
3304 3345 3356 3402 ἐν
3398 3345 3547 3419 ἐμοί.

2223 3445 2454 3518 ”Ηγουν,
2489 3447 2555 3502 Οἱ
2589 3447 2986 3525 ἀποταχθὲντες
3029 3455 3098 3526 τῇ
3145 3454 3312 3528 μητρὶ
3367 3459 3474 3510 τῶν
3535 3453 3678 3511 ὅλων
3728 3457 3811 3521 ὡς

2151 3531 2297 3605 αἰτίᾳ
2349 3533 2538 3609 σοφίας
2590 3541 2698 3591 τῶν
2751 3535 2940 3608 ὄντων,
2974 3540 3036 3595 ού
3090 3543 3224 3617 πρὸς
3272 3543 3472 3616 ταύτην
3508 3566 3574 3618 με
3601 3545 3803 3622 ἀνήγα-

2148 3642 2262 3696 γον,
2292 3621 2508 3698 ἐπείπερ
2541 3627 2830 3698 ἠπατήθην
2865 3625 2952 3683 διὰ
2991 3633 3091 3698 τῆς
3149 3630 3464 3707 ἐπιφανείας
3509 3639 3618 3690 τῶν
3675 3621 3807 3712 ὁρα-

2152 3716 2282 3782 τῶν,
2316 3710 2443 3768 ἀλλ’
2474 3713 2871 3792 ἐναντιοφανεῖς
2907 3739 3000 3791 μοι
3036 3717 3282 3792 δόξαντες
3326 3722 3402 3786 εἰς
3462 3723 3658 3798 μυρίας
3710 3710 3805 3782 δό-

2152 3800 2241 3890 ξας
2297 3801 2614 3876 κατέτεμον.
2675 3807 2992 3877 Κάντεῦθεν,
3049 3810 3267 3866 Ἔθεντό
3330 3833 3396 3885 με
3471 3811 3808 3890 φυλέκισσαν

2149 3889 2201 3945 ἐν
2291 3891 2628 3964 ἀμπελῶσι·
2693 3901 2812 3960 ταῖς
2889 3897 3202 3974 εἰρημέναις
3281 3889 3491 3972 δόξαις
3533 3901 3807 3977 ἐμμένειν,

2147 3980 2237 4033 καὶ
2287 3981 2422 4056 πρὸς
2469 3983 2663 4052 ἑαυτὴν
2716 3986 2803 4041 καὶ
2865 3988 2962 4056 τὴν
3015 3988 3276 4059 ἀλήθειαν
3335 3987 3648 4064 ἀσύμϐατον
3713 3995 3808 4066 at.

2145 4089 2252 4124 νειν
2309 4072 2824 4147 παρασκευάσαντες.
2884 4079 3064 4133 Ταῦτα
3123 4076 3179 4134 δέ
3230 4101 3324 4151 μοι
3385 4076 3801 4154 ἐπισυνέϐησαν,

2145 4155 2333 4227 ἐπειδὴ
2393 4159 2691 4234 ἀμπελῶνα
2757 4163 2886 4238 ἐμὸν
2974 4167 3074 4221 οὑκ
3147 4166 3401 4244 ἐφύλαξα,
3461 4168 3518 4232 ὅς
3571 4170 3712 4226 ἐστιν
3773 4172 3802 4226 ὀ

2145 4245 2404 4322 εἰρηκὼς,
2439 4249 2522 4304 ὅτι
2583 4253 2720 4327 Ἐγώ
2780 4253 2893 4326 εἰμι
2952 4257 2986 4324 ἡ
3046 4253 3314 4329 ἄμπελος,
3353 4260 3509 4332 ὑμεῖς
3551 4261 3619 4315 τὰ
3656 4257 3802 4331 κλή-

2147 4357 2311 4408 ματα,
2363 4339 2391 4393 ὁ
2454 4342 2758 4416 μονογενὴς
2814 4347 2911 4397 τοῦ
2969 4349 3103 4399 Θεοῦ
3161 4347 3284 4409 lio:
3341 4347 3430 4403 καὶ
3489 4348 3690 4424 Λόγος,
3743 4350 3805 4405 οὗ

2141 4426 2258 4480 κατ’
2289 4425 2470 4482 εἰκόνα
2526 4431 2805 4486 κτισθεῖσα
2861 4435 2896 4503 ἡ
2955 4434 3267 4509 ἀνθρωπεία
3315 4435 3492 4514 φύσις,
3545 4436 3803 4501 ἐνοειδῶς

2139 4513 2268 4579 τοὺς
2323 4515 2374 4569 ἐν
2433 4521 2512 4590 τῷ
2568 4521 2725 4576 παντῖ
2801 4519 2931 4598 ἔσχε
2989 4521 3190 4598 λόγους
3253 4513 3335 4588 ὡς
3387 4527 3568 4602 μίγμα
3623 4526 3803 4599 πάσης

365 4595 584 4668 quippe
635 4597 843 4652 mistas
873 4596 933 4652 in
967 4614 1027 4652 se
1059 4599 1494 4669 quodammodo
1546 4605 1848 4656 creaturas
1889 4604 2026 4658 uni-

2154 4605 2378 4674 ιτήσεως
2415 4623 2431 4642 ⁸
2461 4609 2535 4679 μή
2579 4611 2863 4683 τηρήσασα
2903 4609 2961 4666 δὲ
3003 4613 3092 4667 τὸν
3127 4610 3217 4669 ἕνα
3276 4613 3444 4691 λόγον
3495 4623 3596 4686 τῆς
3654 4613 3798 4679 ῗδίας

359 4702 560 4742 versas
593 4685 858 4742 continet
897 4691 957 4742 et
999 4687 1468 4757 comprehendit.
1503 4687 1650 4744 Vero
1682 4705 1816 4745 cum
1849 4708 2029 4748 unam

371 4775 619 4848 propriae
651 4781 872 4832 natura
905 4775 1194 4832 rationem
1229 4789 1352 4832 non
1378 4783 1692 4849 servasset,
1713 4780 1814 4835 sed
1846 4781 1903 4835 in
1937 4799 2030 4838 va-

365 4865 483 4921 rias
538 4867 818 4922 distracta
849 4866 1179 4940 opiniones,
1215 4867 1353 4922 deos
1386 4866 1741 4939 multiplices
1787 4869 2027 4941 coleret,

363 4956 663 5028 propriam
687 4956 918 5013 vineam
951 4972 1067 5011 non
1095 4956 1432 5012 custodivit.
1457 4957 1657 5030 Neque
1678 4959 1836 5016 enim
1869 4965 2027 5017 recta

358 5059 463 5114 per
494 5047 784 5102 mundum
815 5045 997 5102 veluti
1048 5061 1153 5118 per
1197 5044 1520 5120 imaginem
1553 5048 1624 5102 ad
1659 5050 1788 5120 ejus
1821 5050 2026 5108 arche-

358 5137 564 5204 typum
617 5137 874 5207 respexit
906 5153 919 5190 :
951 5135 1063 5191 hoc
1112 5143 1198 5192 est
1243 5153 1312 5191 ex
1361 5137 1539 5192 rebus
1589 5141 1909 5210 procreatis
1949 5143 2020 5198 ad

363 5236 566 5277 earum
598 5224 902 5280 contendit
931 5228 1254 5281 auctorem.

599 5331 740 5386 Filii
767 5333 965 5386 matris
994 5345 1135 5389 mew
1158 5339 1551 5405 pugnaverunt
1580 5336 1639 5390 in
1669 5352 1777 5391 me.

431 5433 520 5491 Me
555 5435 709 5492 enim
757 5445 1269 5511 oppugnaverunt,
1304 5439 1498 5512 inquit
1547 5458 1790 5514 sponsa,
1822 5461 1887 5500 ac
1917 5447 2017 5502 de-

358 5522 652 5580 feclricem
712 5526 1097 5584 reddiderunt
1144 5530 1440 5589 daemones
1494 5531 1841 5591 desertores.
1899 5537 2015 5595 Hos

431 5669 454 5703 ‘
479 5669 645 5725 Joan.
679 5687 774 5739 xv,
811 5671 866 5725 4.

2140 4693 2372 4772 φύσεως,
2425 4695 2553 4753 ἀλλ’
2601 4697 2677 4760 εἷς
2737 4698 2954 4763 πολλὰς
3009 4699 3167 4772 δόξας
3224 4710 3657 4777 κατατμηθεῖσαι,
3707 4705 3802 4760 καὶ

2138 4783 2403 4857 πολυθείᾳ
2432 4783 2789 4857 δουλεύσασα,
2819 4791 2909 4844 τὸν
2961 4788 3100 4846 ἴδιον
3157 4791 3460 4866 ἀμπελῶνα
3519 4795 3622 4850 οὐκ
3669 4793 3802 4871 ἐφύ-

2139 4873 2294 4944 λαξεν
2330 4894 2342 4907 ·
2399 4872 2522 4930 οὐδὲ
2572 4877 2673 4952 γάρ
2734 4877 2987 4942 ἲθυτενῶς
3045 4878 3134 4936 διὰ
3189 4886 3287 4937 τοῦ
3345 4884 3542 4946 παντὸς
3597 4885 3672 4946 ὡς
3727 4881 3801 4939 δι’

2135 4961 2343 5024 εἶκόνος
2401 4963 2544 5037 ἑώρα
2599 4965 2736 5039 πρὸς
2792 4967 2855 5021 τὸ
2907 4966 3240 5044 ἀρχέτυπον,
3294 4969 3487 5046 ἤγουν,
3539 4968 3628 5027 διὰ
3683 4977 3793 5028 τῶν

2134 5048 2390 5105 αἶτιατῶν
2424 5051 2559 5127 πρὸς
2586 5073 2649 5107 το
2679 5049 2874 5111 αἶίτιον.

2388 5339 2505 5392 Υἱοί
2543 5339 2750 5416 μητρός
2780 5362 2884 5415 μου
2917 5339 3262 5417 ἐμαχέσαντο
3293 5341 3345 5399 ἐν
3377 5342 3525 5418 ἐμοί.

2202 5445 2334 5530 Ἐμὲ
2380 5445 2484 5522 γὰρ
2533 5446 2900 5522 ἐπολέμησαν,
2934 5449 3097 5527 φησὶν
3147 5452 3182 5520 ἡ
3238 5450 3426 5530 νύμφη
3477 5451 3668 5526 πάλιν,
3697 5453 3791 5508 καὶ

2125 5528 2444 5610 παραϐάτην
2531 5534 2734 5609 ἔδειξαν
2825 5535 3076 5612 δαίμονες
3154 5528 3490 5600 ἀποστάται.
3549 5541 3790 5607 Τούτους
