4122 6390
428 322 556 385 549

1483 309 1894 373 COMMENT.
1941 305 2022 368 IN
2068 304 2470 370 CANTICUM
2513 308 2822 370 CANTIC.

3741 321 3866 387 550

425 454 532 529 γὰρ
559 449 795 522 εἴρηκεν,
837 445 989 508 υἱοὺς
1040 443 1248 520 μητρὸς
1295 441 1465 513 αὐτῆς
1504 442 1818 518 τυγχάνειν,
1879 437 1967 529 ὡς
2013 432 2080 529 δῇ

2200 434 2356 490 enim
2387 437 2603 494 matris
2632 456 2755 495 sum
2786 440 2939 497 ﬁlios
2969 441 3134 511 dicit,
3165 444 3386 516 quippe
3421 447 3520 516 qui
3553 465 3688 507 cum
3723 453 3836 509 reli

425 523 518 597 καί
547 538 776 599 τούτους
812 535 872 591 ἐκ
900 537 1033 590 Θεοῦ
1073 531 1384 596 κτισθέντας
1437 530 1573 604 μετά
1619 531 1860 585 πάντων.
1912 523 2092 583 Ἐπεί-

426 651 528 703 περ
561 628 662 684 ὅσα
689 625 963 698 κτίσματα
1003 623 1346 699 τυγχάνομεν
1398 619 1448 675 ἐν
1501 619 1630 696 βίῳ,
1679 616 1773 674 κᾶν
1833 612 2087 703 ἄγγελοι,

423 702 523 776 κᾶν
577 718 879 792 ἀνθρωττοι,
923 711 1024 767 κᾶν
1074 710 1349 783 δαίμονες,
1399 708 1496 764 κᾶν
1525 709 1696 777 λίθοι,
1755 706 1829 761 ὡς
1857 702 2086 780 ἀδελφοὶ

422 807 776 884 τυγχάνομεν
856 801 931 864 εἷς
1007 800 1210 876 λόγους
1272 796 1720 874 πλαστουργίαςο
1784 795 2088 884 σύμπαντες

424 881 942 974 γὰρ-*ἐπλάσθημεν
1002 889 1062 946 ἐκ
1117 892 1250 944 Θεοῦ
1305 888 1722 962 παντεργάτουο
1809 886 1940 942 Εἶτα
1996 881 2088 974 καί

426 971 580 1063 λέγει
630 985 766 1056 πρὸς
791 980 956 1043 αὐτάς
986 980 1078 1035 τὸν
1129 977 1332 1054 τρόπον
1382 981 1488 1032 τοῦ
1533 973 1812 1049 πολέμου.
1866 971 2089 1063 ’Ἐθεντό

435 1057 521 1150 με-
588 1070 922 1151 φυλάκισσαν
1009 1065 1062 1121 ἐν
1147 1063 1484 1137 ἀμπελῶνι·
1571 1061 1874 1151 ἀμπελῶνα
1957 1057 2088 1131 ἐμὸν

438 1147 539 1218 οὐκ
583 1147 841 1239 έφῦλαξα.
902 1157 988 1214 Ἐν
1040 1151 1351 1230 παραδείσῳ
1380 1152 1506 1229 γὰρ,
1555 1152 1712 1226 φησὶ,
1765 1147 2090 1217 πλασθεῖσα,

440 1253 530 1309 καὶ
558 1253 790 1316 τεθεῖσα,
823 1247 962 1303 ὥστε
992 1242 1284 1323 φυλάσσειν
1338 1240 1563 1310 ἐντολήν
1623 1245 1721 1295 τοῦ
1767 1241 1843 1312 μὴ
1903 1243 2088 1316 φαγεῖν

435 1340 698 1416 ἀκαίρως,
727 1338 818 1392 τὸν
851 1336 1020 1408 νόμον
1063 1333 1163 1388 οὐκ
1211 1330 1471 1410 ἐφόλαξα,
1519 1330 1620 1399 τὴν
1672 1327 1899 1397 ἱντολὴν
1949 1347 2088 1416 παρ-

433 1414 588 1501 έϐην.
648 1426 746 1484 Καὶ
791 1425 960 1481 ταύτα
1013 1424 1108 1498 μὶν
1163 1418 1406 1498 ὠδύρετο
1457 1421 1596 1497 πρὸς
1644 1418 1773 1481 τοὺς
1826 1414 2095 1495 ἀγγέλους

432 1518 628 1590 δῆθεν.

1011 1633 1126 1685 Τῶν
1157 1630 1202 1704 γ’
1242 1629 1520 1704 Πατέρων.

507 1759 716 1817 Λοιπὸν
768 1759 796 1814 ὁ
865 1756 1025 1819 αὐτὸς
1081 1755 1212 1830 ἐμὸς
1262 1750 1526 1827 ἀμπελὼν
1591 1752 1652 1807 οὗ
1721 1771 1788 1824 με
1832 1747 2096 1825 πρότερον

435 1850 720 1921 διέστηκεν
754 1851 789 1920 ἡ
819 1846 1090 1908 πολύθεος
1119 1845 1329 1915 πλάνη,
1361 1844 1449 1898 καὶ
1484 1841 1560 1904 εἷς
1590 1842 1650 1896 ’ὸν
1681 1845 1768 1895 νῦν
1799 1838 2093 1918 ἐφυτεύθην

437 1945 508 2016 τῇ
558 1939 760 1995 πίστει.
812 1932 1168 2013 Ἀπάγγειλον
1217 1954 1351 2007 μοι,
1407 1932 1464 1987 ’ὀν
1523 1930 1806 2007 ἠγάπησεν
1855 1932 1890 2000 ἡ
1940 1929 2095 2004 ψυχὴ

445 2051 575 2104 μου,
636 2028 689 2082 ἐν
745 2031 824 2099 τῷ
875 2026 974 2094 τὴν
1035 2021 1345 2102 ἐπιφάνειαν
1402 2025 1510 2077 τῶν
1542 2020 1814 2091 αἴσθητῳν
1864 2017 2097 2093 ὑπερκύ-

438 2123 563 2194 ψαι,
587 2118 678 2173 καὶ
709 2116 785 2179 εἷς
832 2113 961 2177 τοὺς
1013 2112 1213 2188 λόγους
1251 2115 1360 2166 τῶν
1409 2113 1618 2180 νοητῶν
1659 2106 1993 2183 παρακύψει,
2045 2104 2099 2161 ο⁹ί

442 2206 623 2270 καλῶς
681 2202 1052 2280 θεωρούμενοι
1121 2201 1257 2276 πρὸς
1329 2201 1428 2269 τὴν
1507 2195 1769 2268 ἀλήθεια)
1851 2196 2093 2270 φέρουσι.

445 2300 551 2351 που
606 2293 914 2368 ποιμαίνεις
961 2291 1233 2369 ἐκτρέφων
1294 2289 1410 2344 κατ’
1460 2287 1656 2364 ἀρετήν
1703 2285 1794 2340 καὶ
1851 2283 2094 2354 ποτίζων

442 2385 579 2440 κατα
603 2388 794 2460 γνῶσιν
832 2380 978 2457 ὕδωρ
1017 2385 1120 2450 ζῶν
1154 2379 1214 2434 ἐκ
1241 2385 1344 2449 τῆς
1375 2375 1600 2432 ἀεννάου
1643 2377 1823 2451 πηγῆς
1880 2374 1945 2430 τὰ
2004 2375 2095 2428 λο-

437 2473 563 2548 γικᾶ
610 2467 890 2550 πρόϐατα·
939 2469 1028 2526 καὶ
1077 2469 1178 2546 γὰρ
1229 2468 1298 2523 οὐ
1353 2467 1517 2540 μόνον
1549 2467 1585 2536 ἠ
1619 2463 1888 2539 ἄμπελος,
1945 2461 2093 2519 ἀλλᾶ

431 2562 527 2618 καὶ
558 2563 586 2618 ὁ
644 2561 812 2624 καλὸς
842 2560 1079 2633 ποιμὴν,
1131 2557 1358 2621 ὁτιθεῖς
1401 2557 1502 2626 τήν
1553 2555 1739 2630 ψυχὴν
1792 2554 1924 2626 ὑπὲρ
1981 2557 2090 2607 τῶν

432 2647 750 2728 προϐάτων,
808 2649 969 2712 αὐτὸς
1025 2649 1117 2720 εἶ,
1171 2647 1352 2710 καθὼς
1415 2645 1466 2701 ἐν
1517 2643 1874 2720 Εὐαγγελίοις
1935 2641 2089 2720 ἕφης’

432 2741 524 2796 καὶ
557 2745 663 2796 ποῦ
692 2741 970 2808 ποιτάζεις
999 2737 1049 2792 ἐν
1101 2757 1237 2810 μεση
1250 2731 1440 2810 μϐρίᾳ,
1471 2740 1568 2790 τοῦ
1592 2734 1813 2790 πολλοῦ
1843 2734 2092 2806 καμάτου

432 2829 726 2886 ἀναπαύων
783 2827 835 2883 ἐν
903 2832 982 2899 τῷ
1037 2825 1208 2899 ἀσκίῳ
1265 2825 1445 2895 πάσης
1496 2821 1724 2898 ψευδοῦς
1758 2822 2092 2896 ὑπολήψεως

432 2919 574 2997 φωτὶ
633 2925 734 2988 τῆς
790 2914 1134 2990 ἐπιγνώσεως
1190 2935 1287 2968 σου
1319 2957 1334 2982 ,
1407 2917 1505 2968 τοῦ
1579 2918 1682 2982 τῆς
1737 2909 2087 2982 δικαιοσύνης

428 3006 648 3078 Ἠλίου,
677 3005 805 3068 τοὺς
839 3003 1320 3074 ἀποπλανηθέντας
1365 3008 1465 3071 τῆς
1492 2999 1621 3056 ὁδοῦ
1658 3008 1758 3067 τῆς
1805 2998 2085 3072 ἀληθείας,

427 3097 522 3152 καὶ
581 3096 658 3160 sic
715 3092 998 3172 κρημνοὺς
1048 3093 1136 3148 καὶ
1201 3093 1464 3168 βάραθρα,
1521 3091 1616 3154 τὰς
1668 3089 1910 3152 ἐναντίας
1940 3089 2086 3167 φημὶ

2200 523 2336 595 quis
2395 526 2573 582 rebus
2622 544 2656 583 a
2710 527 2826 584 Deo
2869 530 2990 585 sint
3031 533 3343 602 procreati.
3375 535 3864 611 Quandoquidem

2203 629 2409 669 omnes
2450 632 2577 686 quae
2609 633 2821 674 sumus
2865 619 2922 674 in
2975 621 3222 692 mundo,
3253 629 3556 695 creature,
3591 629 3714 686 sive
3757 648 3867 686 an-

2200 703 2346 774 geli,
2393 704 2518 759 sivc
2576 705 2872 774 homines,
2920 709 3040 764 sive
3089 710 3407 781 demones,
3441 715 3562 772 sive
3612 716 3866 791 lapides,

2204 791 2427 849 ratione
2459 795 2775 852 creationis
2825 803 3104 870 tanquam
3139 799 3348 857 fratres
3378 819 3624 875 sumus;
3658 825 3865 867 omnes

2202 881 2355 937 enim
2388 899 2581 938 rerum
2613 884 2880 940 omnium
2914 885 3108 958 opifex
3139 892 3290 944 Deus
3318 891 3452 946 fecit
3490 897 3548 948 et
3576 897 3863 954 condidit.

2201 969 2426 1027 Deinde
2454 971 2592 1028 belli
2627 974 2917 1030 rationem
2963 976 3220 1033 declarat
3269 978 3358 1035 his
3392 981 3584 1039 verbis
3618 1000 3632 1038 :
3664 987 3868 1042 Posue-

2202 1064 2338 1114 runt
2395 1077 2482 1116 me
2537 1062 2815 1118 custodem
2869 1065 2932 1119 in
2981 1067 3208 1122 vineis:
3246 1071 3467 1125 vincam
3523 1089 3705 1128 meam
3757 1091 3867 1132 non

2201 1149 2505 1206 custodivi.
2539 1151 2603 1206 In
2648 1152 2924 1222 paradiso
2954 1153 3169 1227 inquit,
3203 1157 3453 1214 formata
3477 1164 3536 1216 et
3564 1162 3866 1236 collocata,

2202 1241 2270 1292 ut
2319 1239 2690 1297 observarem
2747 1244 3096 1300 mandatum
3157 1245 3327 1316 illud,
3379 1265 3451 1305 ne
3498 1253 3864 1310 comederem

2203 1326 2638 1401 intempestive,
2670 1330 2857 1404 legem
2910 1349 3026 1390 non
3072 1336 3385 1408 custodivi,
3417 1342 3701 1398 mandato
3750 1360 3863 1399 non

2203 1416 2623 1490 obtemperavi.
2653 1420 2722 1476 Et
2752 1420 2876 1477 haec
2906 1422 3148 1495 quidem
3182 1441 3318 1481 cum
3349 1429 3578 1501 angelis
3609 1430 3692 1488 ita
3721 1448 3865 1488 con-

2207 1507 2588 1577 querebatur.

2793 1627 2980 1683 Trium
3021 1629 3274 1686 Patrum.

2275 1747 2409 1804 Jam
2457 1749 2622 1806 vinea
2673 1767 2822 1822 mea,
2857 1769 2890 1807 a
2937 1769 3055 1825 qua
3103 1771 3197 1811 me
3243 1756 3508 1829 divulsit,
3562 1761 3872 1837 multiplex

2808 1809 2820 1822 1
2951 1809 2971 1825 ι
3032 1809 3035 1810 ν
3128 1809 3189 1811 "‘
3251 1809 3508 1829 "“"""7
3562 1809 3730 1818 “”““’“⁵⁷’
3780 1809 3872 1822 ⁸⁸⁸⁸

2128 1809 2176 1876 Β
2206 1837 2449 1893 deorum
2497 1838 2714 1908 cultus,
2747 1844 2806 1896 et
2853 1839 2913 1896 in
2945 1857 3064 1913 qua
3095 1861 3302 1902 rursus
3353 1845 3534 1904 insita
3581 1867 3712 1906 sum
3736 1809 3875 1924 rper

2207 1926 2408 1995 ﬁdem,
2432 1929 2653 1984 Nuntia
2676 1930 2818 1985 mihi
2835 1947 2996 2003 quem
3022 1949 3210 1990 amore
3234 1937 3521 2009 complexa
3545 1947 3624 1995 est
3654 1943 3870 2010 anima,

2205 2031 2328 2071 mea
2359 2017 2500 2073 dum
2532 2035 2600 2073 ex
2631 2035 2828 2074 rerum
2861 2038 2988 2093 quas
3019 2039 3199 2079 sensu
3233 2025 3662 2100 percipiuntur,
3695 2047 3871 2103 aspe-

2207 2111 2324 2178 ctu,
2348 2107 2419 2162 ad
2453 2124 2790 2180 earumque:
2826 2115 3022 2168 mente
3049 2117 3107 2168 et
3136 2114 3493 2187 cogitatione
3521 2124 3676 2174 recte
3706 2136 3870 2176 com-

2208 2195 2513 2268 prehensa:
2555 2199 2624 2253 ad
2659 2199 2961 2256 veritatem
2993 2203 3240 2272 ducunt,
3271 2204 3728 2279 intelligentiam
3761 2210 3871 2265 tol-

2206 2285 2378 2356 titur;
2424 2287 2525 2342 ubi
2577 2304 2785 2360 pascas
2834 2290 3066 2348 virtutis
3123 2292 3321 2349 cibum
3379 2296 3590 2353 ovibus
3645 2297 3870 2355 ratione

2205 2374 2465 2447 praeditis
2517 2393 2860 2450 suggerens,
2895 2385 2954 2435 et
3003 2398 3167 2452 aqua;
3207 2382 3349 2440 vivae
3397 2390 3600 2456 potum
3649 2403 3719 2442 ex
3771 2405 3870 2460 pe-

2205 2464 2370 2519 renni
2414 2465 2576 2522 fonte
2611 2468 2899 2539 praebens.
2931 2473 3009 2524 Tu
3053 2469 3207 2526 enim
3243 2471 3767 2545 (quemadmodum
3797 2476 3860 2533 in

2202 2553 2532 2627 Evangeliis
2591 2557 2907 2630 proﬁteris)
2966 2575 3082 2614 non
3139 2560 3332 2617 solum
3390 2562 3528 2619 vitis
3583 2579 3678 2633 es,
3754 2567 3857 2621 sed

2201 2646 2380 2698 etiam
2414 2645 2603 2701 bonus
2635 2645 2732 2702 ille
2762 2648 3019 2719 pastor“,
3053 2649 3153 2720 qui
3199 2650 3370 2721 ponis
3403 2651 3662 2710 animam
3693 2657 3863 2710 tuam

2201 2749 2306 2804 pro
2358 2733 2566 2789 ovibus
2605 2735 2740 2792 tuis.
2775 2735 3024 2792 Ubinam
3059 2738 3254 2810 pascis
3310 2740 3369 2796 in
3420 2741 3688 2812 meridie,
3721 2744 3865 2799 dum

2202 2821 2364 2877 omni
2401 2822 2678 2880 falsitatis
2723 2826 2936 2881 umbra
2975 2827 3267 2896 discussa,
3304 2833 3366 2884 tu
3399 2829 3501 2902 qui
3531 2847 3593 2886 es
3616 2832 3865 2903 justitias

2202 2910 2321 2981 Sol,
2345 2928 2480 2968 oves
2501 2912 2572 2967 de
2597 2913 2861 2970 veritatis
2889 2915 2983 2972 via
3005 2915 3388 2986 declinantes,
3415 2920 3864 2994 praecipitesque

2198 2998 2260 3054 in
2292 3000 2637 3071 opinionum
2690 3003 3154 3074 perniciosarum
3207 3008 3554 3064 barathrum
3603 3015 3863 3082 ruentes,

2196 3088 2550 3160 cognitionis
2599 3094 2714 3147 tuas
2741 3091 2874 3148 luce
2914 3094 3242 3165 perfundis,
3274 3100 3332 3151 et
3361 3113 3395 3150 a
3425 3097 3624 3153 labore
3673 3098 3857 3155 nimio

427 3184 611 3256 δόξας,
664 3170 1078 3260 κατασυρέντας.
1121 3184 1254 3239 Εἶτα
1295 3179 1528 3245 θέλουσα
1571 3181 1670 3249 τὴν
1723 3179 1896 3235 αἰτίαν
1950 3181 2081 3234 ἀνα-

2200 3178 2479 3233 recreas?
2533 3183 2702 3246 Tum,
2760 3185 2826 3236 ut
2879 3198 3117 3238 causam
3175 3182 3410 3253 doceat,
3467 3189 3854 3258 quamobrem

425 3272 667 3346 διδάξαι,
695 3270 764 3329 δι’
795 3274 856 3342 ἣν
893 3276 1045 3342 ζητεῖ
1078 3275 1266 3344 μαθεῖν
1295 3271 1389 3326 τὸν
1415 3270 1584 3326 τόπον
1615 3267 1665 3324 ἓν
1716 3270 1762 3341 ᾧ
1805 3269 2085 3342 ποιμαίνει

421 3385 484 3420 τε
514 3364 604 3419 καὶ
634 3361 896 3432 κοιτάζει,
930 3361 1004 3423 ὡς
1036 3357 1270 3436 εἷ’ρηται,
1304 3360 1331 3413 ὁ
1361 3358 1530 3422 καλὸς
1562 3361 1796 3432 ποιμὴν,
1832 3357 2082 3437 φησί-Μή

427 3473 566 3509 ποτε
595 3451 836 3526 γένωμαι
870 3451 944 3512 ὡς
977 3444 1430 3525 περιϐαλλομένη
1466 3446 1549 3502 ἐπ’
1587 3446 1807 3523 ἀγέλαις
1857 3447 2081 3524 ἑταίρων

426 3563 549 3612 σου,
591 3539 778 3616 ἤγουν,
810 3540 1040 3610 Μήποτε
1071 3537 1123 3593 ἐν
1154 3542 1234 3610 τῷ
1271 3543 1370 3606 τῆς
1399 3543 1502 3606 σῆς
1531 3533 1882 3599 διδασκαλίας
1916 3536 2084 3610 ἀμοι-

430 3639 615 3708 ρῆσαι,
645 3629 892 3708 γένωμαι
925 3629 1000 3690 ὡς
1029 3625 1225 3703 ψεῦδος
1259 3623 1580 3699 ἐνδεδυμένη
1632 3625 1715 3680 ἐπ’
1766 3623 2084 3702 ἀλλοτρίαις

429 3724 528 3775 τοῦ
557 3725 650 3774 σοῦ
679 3717 942 3792 ποιμνίου
992 3717 1235 3794 ἀγέλαις,
1281 3723 1383 3786 τῆς
1436 3714 1653 3793 ἀγνοίας
1693 3721 1792 3784 τῆς
1823 3713 2085 3785 ἀληθείας

433 3807 871 3886 συνηελασὰσης
905 3828 995 3881 με.

1069 3933 1180 3990 Τοῦ
1211 3928 1457 3987 Ψελλοῦ.

505 4050 570 4107 Ἠ
626 4051 807 4129 νῦμφη
878 4053 1029 4125 γοῦν,
1080 4046 1405 4123 προκόψασα
1455 4047 1649 4122 μικρὸν
1700 4046 1750 4101 ἐν
1802 4067 2082 4120 μετανοιᾳ,

430 4145 604 4217 φωνεῖ
662 4139 895 4215 μεγάλα,
942 4138 1034 4194 καὶ
1087 4142 1237 4208 ζητεῖ
1297 4137 1389 4193 τὸν
1445 4137 1626 4212 Λόγον
1674 4136 1764 4191 καὶ
1819 4137 2078 4215 νυμφίον.

426 4229 573 4300 Φησὶ
618 4229 718 4306 γὰρ
777 4227 922 4283 οὕτω
983 4227 1122 4302 πρὸς
1180 4225 1365 4294 αὐτὸν,
1425 4223 1606 4299 ὥσπερ
1634 4225 1810 4301 ἐρῶσα
1863 4231 2079 4282 τοῦτον·

421 4317 786 4394 Ἀπάγγειλόν
853 4337 948 4390 μοι
1002 4316 1059 4372 ’ὸν
1116 4316 1400 4390 ἠγάπησεν
1459 4317 1494 4384 ἠ
1546 4317 1701 4390 ψυχή
1773 4337 1936 4389 μου,-
1974 4321 2081 4372 ποῦ

420 4408 761 4481 ποιμαίνεις,
847 4409 954 4461 ποῦ
1023 4405 1293 4474 κοιτάζεις
1349 4404 1402 4460 ἐν
1465 4399 1824 4481 μεσημϐρίᾳ;
1879 4406 2076 4477 Φησίν·

418 4500 509 4555 Ἑν
541 4497 700 4572 τάχει
754 4496 880 4572 Λέγε
941 4515 1058 4569 μοι,
1091 4498 1197 4549 ποῦ
1226 4493 1556 4568 ποιμαίνεις,
1589 4495 1694 4549 ποῦ
1724 4495 2017 4567 κοιτάζεις,
2051 4497 2078 4551 ὁ

419 4587 598 4661 Λόγος
649 4586 710 4642 ’ὸν
755 4586 1020 4661 ἠγάπησα
1070 4587 1259 4659 ψυχῆς
1301 4583 1470 4652 αὐτῆς
1502 4582 1564 4638 ἐκ
1596 4584 1788 4656 μέσης,
1841 4585 1930 4641 Ἐν
1982 4606 2079 4658 με-

420 4671 672 4752 σημϐρίᾷ
732 4676 809 4748 μή
869 4695 1004 4730 ποτε
1058 4675 1352 4743 κοιτάζεις,
1403 4674 1720 4751 ὧνυμφίες
1775 4672 2076 4748 Πέπεισμαι

418 4767 523 4842 γὰρ
563 4768 815 4839 καθαρῶς
866 4762 920 4818 ἐν
973 4756 1292 4838 μεσημϐρίᾳ
1355 4761 1553 4835 μένειν,
1616 4761 1785 4837 ⁴ἔςγουν
1839 4763 1914 4825 εἰς
1962 4769 2078 4843 φῶς

420 4853 717 4931 ἀπρόσιτον
755 4851 884 4926 μηδ’
936 4851 1084 4914 ὅλως
1116 4852 1271 4907 σκιὰν
1324 4849 1477 4927 ἔχον.
1523 4853 1690 4916 Ἔνθα
1735 4853 1803 4907 τὰ
1833 4849 2080 4929 πρόϐατα

415 4944 485 4999 τὰ
515 4944 582 4998 cci:
610 4942 948 5016 ποιμαίνεις,
1001 4944 1136 4997 Θεοῦ
1185 4939 1345 5018 Λόγε,
1393 4940 1482 4996 καὶ
1533 4943 1885 5007 κατατάττεις
1940 4942 2080 5012 ἀλη-

419 5038 530 5098 θῶς
558 5033 698 5111 φωτὶ
731 5035 829 5086 τοῦ
876 5035 972 5086 σοῦ
1004 5029 1306 5104 προσώπου
1347 5029 1407 5086 ἂν
1457 5030 1508 5085 ἐν
1562 5029 1750 5105 ἐκείνῳ
1803 5033 2078 5110 φθάσωσιν

412 5126 588 5178 ταῦτά
638 5142 726 5176 σοι
780 5124 1165 5185 καθυπνοῦντι.
1212 5122 1348 5176 Εἱτα
1387 5121 1488 5191 τήν
1545 5119 1758 5193 πλάνην
1805 5123 2082 5197 τρέμουσα

411 5215 518 5278 τῆς
574 5211 712 5287 πρὸς
771 5209 976 5265 ἐκεῖνον
1024 5203 1244 5283 τρίϐου,
1304 5209 1438 5287 φησί
1487 5211 1649 5266 τοῦτο
1707 5210 1845 5286 πρὸς
1894 5210 2078 5284 αὐτὸν,

415 5300 664 5357 τουτέστι
728 5299 822 5355 τὸν
869 5296 1128 5376 νυμφίον’
1181 5299 1274 5370 Μή
1328 5319 1463 5354 ποτε
1509 5299 1754 5375 γένωμαι
1810 5300 1885 5364 ὡς
1926 5322 2080 5378 περι-

420 5388 758 5462 πλανωμένη
829 5387 914 5443 ἐπ’
987 5383 1214 5463 ἀγέλαις
1286 5386 1510 5462 ἑταίρων
1592 5409 1709 5446 σου.
1785 5391 1900 5460 Τήν
1971 5396 2080 5447 τῶν

419 5472 716 5556 προϐάτων
745 5497 843 5532 σου
871 5477 1070 5549 νομὴν,
1105 5475 1294 5553 φησὶν,
1322 5476 1654 5554 ἀπάγγειλον
1687 5499 1804 5553 μοι.
1857 5477 2083 5537 Δέδοικα

494 5657 518 5693 ⁸
545 5658 718 5716 Joan.
751 5673 834 5726 xx,
865 5656 953 5712 14.

2110 4541 2159 4608 D

2196 3270 2592 3339 percontetur,
2627 3286 2742 3341 quo
2779 3269 2841 3325 in
2892 3270 3019 3327 loco
3070 3276 3292 3344 pascat,
3325 3278 3384 3330 et
3413 3275 3608 3345 cubet,
3640 3280 3705 3331 ut
3734 3277 3856 3333 dic-

2198 3363 2321 3412 tum
2352 3362 2463 3426 est,
2497 3358 2688 3415 bonus
2734 3364 2936 3431 pastor
2968 3379 2982 3417 :
3015 3363 3094 3418 Ne
3137 3363 3379 3434 quando,
3414 3365 3628 3437 inquit,
3674 3368 3856 3424 veluti

2195 3447 2568 3503 circumventa
2610 3449 2985 3521 deprehendar
3013 3451 3160 3508 inter
3187 3469 3378 3524 greges
3405 3454 3681 3510 sodalium
3720 3463 3853 3512 tuo-

2194 3553 2342 3608 rum,
2373 3536 2485 3594 hoc
2531 3541 2638 3594 est.
2674 3539 2755 3594 Ne
2805 3541 3040 3610 quando
3097 3542 3298 3614 procul
3351 3561 3384 3599 a
3435 3544 3702 3602 doctrina
3751 3553 3853 3602 tua

2195 3632 2440 3694 remota,
2473 3627 2799 3685 mendaciis
2847 3629 3302 3688 circumscribar
3343 3631 3495 3689 inter
3539 3649 3746 3706 greges
3780 3637 3852 3692 ab

2197 3715 2332 3771 ovili
2372 3718 2670 3787 sejunctos
2720 3723 2843 3788 tuo,
2875 3720 3142 3777 veritatis
3189 3721 3428 3778 inscitia
3457 3739 3552 3778 me
3600 3725 3671 3779 ad
3721 3723 3854 3782 illos

2196 3810 2574 3879 aggregante.

2917 3931 3117 3990 Pselli.

2265 4048 2493 4118 Sponsa
2531 4047 2732 4121 igitur,
2765 4065 2896 4104 cum
2951 4047 3195 4120 paulum
3227 4048 3288 4105 in
3320 4050 3669 4122 paenitentia
3715 4069 3852 4126 pro-

2191 4153 2396 4210 gressa
2427 4137 2524 4206 sit,
2551 4153 2767 4210 magna
2796 4137 3076 4209 loquitur,
3100 4143 3155 4195 et
3177 4139 3436 4196 Verbum
3461 4158 3530 4197 ac
3553 4142 3851 4214 Sponsum

2192 4227 2420 4299 quaerit.
2453 4227 2548 4283 Sic
2597 4228 2758 4282 enim
2790 4227 3008 4300 ipsum,
3043 4231 3326 4301 tanquam
3358 4246 3557 4287 amore
3603 4231 3663 4288 in
3713 4249 3850 4289 eum

2191 4316 2451 4385 incitata,
2483 4317 2801 4389 campellat
2831 4333 2844 4371 :
2881 4317 3072 4374 Indica
3100 4319 3265 4385 mihi,
3296 4335 3460 4391 quem
3491 4320 3698 4378 dilexit
3726 4323 3850 4379 ani-

2191 4424 2280 4462 ma
2314 4423 2458 4476 mea,
2488 4407 2591 4462 ubi
2617 4423 2829 4478 pascas,
2859 4407 2958 4462 ubi
2998 4408 3159 4463 cubes
3187 4410 3250 4463 in
3287 4410 3540 4466 meridie.
3574 4412 3851 4467 Actutum

2191 4495 2304 4566 die,
2347 4495 2564 4568 inquit,
2599 4495 2765 4566 mihi,
2801 4495 2900 4552 ubi
2949 4496 3166 4568 pascis,
3199 4497 3299 4552 ubi
3333 4501 3536 4567 cubas,
3569 4498 3852 4571 Verbum,

2191 4586 2347 4657 quod
2402 4601 2472 4640 ex
2521 4585 2734 4640 intima
2779 4585 2982 4640 anima
3031 4585 3206 4641 dilexi
3251 4603 3402 4642 mea.
3435 4587 3740 4660 Numquid
3791 4589 3853 4645 in

2188 4673 2430 4730 meridie
2461 4673 2739 4746 quiescis,
2772 4691 2988 4745 sponse
3019 4675 3145 4730 mi?
3177 4676 3530 4732 Persuasum
3564 4678 3721 4733 enim
3751 4677 3854 4734 ba-

2188 4763 2318 4834 beo,
2348 4767 2404 4818 te
2436 4763 2662 4835 puriter
2700 4762 3027 4829 meridiari,
3059 4763 3117 4818 in
3166 4762 3298 4820 luce
3351 4763 3632 4821 nimirum
3682 4765 3847 4822 inac-

2188 4869 2374 4923 cessa,
2409 4853 2481 4908 ab
2521 4852 2679 4908 omni
2727 4869 2970 4924 prorsus
3020 4853 3230 4909 umbra
3275 4857 3525 4910 remota.
3559 4855 3668 4912 Ubi
3713 4872 3852 4914 oves

2186 4945 2322 4997 tuas
2352 4941 2566 5013 pascis,
2599 4941 2700 4997 Dei
2731 4941 3009 5010 Verbum,
3042 4959 3108 4998 ac
3149 4957 3282 4998 vere
3311 4941 3578 5000 illustras
3627 4943 3850 5002 lumine

2190 5047 2453 5104 personis
2483 5035 2616 5100 tuas,
2651 5031 2700 5088 si
2732 5030 2793 5086 in
2821 5029 2920 5088 illo
2950 5032 3024 5088 ad
3055 5036 3112 5088 te
3143 5031 3548 5104 quiescentem
3581 5050 3848 5092 accesse-

2189 5121 2329 5176 rint.
2365 5124 2572 5177 Postea
2600 5121 3140 5193 pertimescens,ne
3163 5122 3394 5178 aberret
3425 5140 3459 5180 a
3480 5124 3692 5181 semita
3722 5142 3851 5198 qua:

2191 5211 2264 5266 ad
2293 5226 2580 5283 sponsum
2613 5209 2796 5274 ducit,
2832 5210 2952 5267 haec
2995 5211 3133 5267 item
3168 5211 3239 5267 ad
3290 5211 3456 5268 illum
3488 5213 3668 5270 verba
3715 5231 3850 5286 pro-

2191 5299 2474 5357 nuntiat:
2515 5301 2593 5356 Ne
2621 5301 2840 5372 quando
2887 5301 3151 5358 oberrans
3198 5303 3259 5357 in
3305 5301 3580 5358 sodalium
3628 5310 3852 5361 tuorum

2190 5405 2377 5462 grege:
2419 5393 2725 5460 incurram,
2759 5389 2956 5446 ovium
2991 5395 3228 5446 tuarum
3261 5407 3546 5463 pascuum
3580 5393 3851 5450 demons-

2191 5482 2284 5535 tra
2327 5478 2493 5536 mihi.
2526 5483 2744 5535 Vereor
2776 5477 2953 5552 enim,
2977 5495 3050 5536 ne
3083 5496 3294 5537 cursus
3347 5497 3543 5538 errore
3582 5488 3856 5558 provecta
