4122 6388
327 312 436 370 551

1667 295 2096 361 MICHAELIS
2138 293 2415 358 PSELLI

3625 297 3745 358 532

327 446 534 514 praeter
563 455 726 512 spem
759 438 818 493 in
841 453 1045 510 greges
1070 439 1128 490 et
1158 450 1376 508 pascua
1399 433 1642 489 forsitan
1671 431 1970 487 haedorum

2087 426 2197 514 γάρ
2252 427 2328 500 μή
2385 425 2655 498 πλανηθῷ
2708 423 2990 502 δραμοῦσα
3049 432 3175 502 παρ’
3229 423 3427 482 ἐλπίδα
3480 427 3617 502 πρὸς
3648 428 3745 490 τάς

325 535 504 598 ferar;
540 538 716 600 alque
749 527 830 582 ita
859 525 1092 598 lengius
1121 522 1368 580 divellar
1406 523 1477 578 ab
1510 522 1718 578 ovibus
1748 521 1890 590 tuis,
1923 524 1982 574 et

325 619 599 676 sinistras
628 617 928 672 haedorum
963 618 1160 687 partes
1190 613 1666 677 obtineam,cum
1699 614 1976 679 tanquam

320 706 568 764 humani
601 705 835 778 generis
871 704 1057 775 judcx
1096 701 1340 757 sederis.
1374 700 1505 756 Haec
1537 699 1736 754 anima
1768 697 1982 770 pudica

321 803 376 854 et
405 795 634 853 Christo
664 795 1023 864 desponsata
1053 791 1124 845 ad
1152 791 1446 861 Sponsum
1479 788 1677 844 locuta
1697 790 1808 854 est,
1832 800 1982 841 com-

323 889 471 944 mori
503 884 768 941 celeriter
809 899 944 937 cum
985 881 1115 952 ipso
1145 878 1411 952 cupiens.
1445 878 1528 933 Tu
1582 881 1780 933 autem
1832 873 1976 930 mihi

322 991 601 1050 sponsam
634 973 846 1045 cogita,
873 976 938 1026 ut
967 971 1024 1025 in
1057 973 1430 1042 argumento,
1458 972 1681 1023 castam
1716 964 1977 1020 animam

319 1065 511 1132 illam,
540 1079 676 1119 cum
728 1077 938 1132 magno
980 1057 1156 1114 Paulo
1206 1057 1276 1113 ad
1328 1056 1566 1112 tertium
1616 1053 1852 1119 cmlum,
1885 1070 1977 1108 ar-

320 1171 466 1211 cana
497 1153 721 1209 ratione
752 1149 1072 1216 sublatam,
1107 1163 1377 1219 supernae
1410 1144 1762 1211 Jerusalem,
1795 1143 1853 1198 id
1888 1147 1979 1199 est

320 1241 579 1315 angelos.
615 1241 729 1296 Sed
775 1238 1106 1307 videamus,
1139 1235 1282 1308 quid
1327 1234 1528 1289 dicant
1574 1232 1749 1288 etiam
1803 1231 1977 1286 amici

322 1330 550 1404 sponsi,
573 1345 722 1402 quos
751 1325 918 1381 initio
941 1323 1199 1379 diximus
1225 1337 1354 1377 esse
1387 1320 1536 1375 tilias
1561 1337 1574 1375 :
1599 1323 1656 1374 et
1685 1317 1978 1389 quomodo

324 1419 528 1492 sponsi
556 1417 749 1473 cubile
769 1416 1198 1471 demonstrent.
1232 1410 1332 1466 His
1364 1410 1520 1466 enim
1551 1407 1742 1464 verbis
1771 1423 1979 1479 puram

321 1509 607 1581 virginem
643 1505 1026 1576 alloquuntur
1058 1519 1072 1558 :

2091 513 2290 590 ἀγέλας
2341 516 2430 570 καὶ
2480 515 2653 588 νομάς
2695 512 2824 577 ἴσως
2864 515 2960 578 τὰς
3000 519 3109 571 τῶν
3165 514 3362 592 ἐρίφων
3389 534 3402 548 ·
3462 515 3746 580 κάντεῦθεν

2091 603 2448 678 ἐλαθήσωμαι
2517 604 2724 680 μακρὰν
2779 609 2888 660 τῶν
2949 608 3056 659 σῶν
3115 599 3431 680 προϐάτων,
3483 604 3576 660 καὶ
3634 611 3744 660 τῶν

2092 691 2291 770 ἐρίφων
2322 690 2567 768 κερδανῶ
2596 693 2690 755 τὰς
2723 692 3040 766 εὐωνύμους
3078 694 3296 767 μοίρας,
3342 693 3467 750 ὅταν
3518 692 3746 770 καθίσῃς

2090 782 2164 842 ὡς
2215 784 2408 857 κριτὴς
2461 787 2559 838 τοῦ
2619 783 2809 858 γένους
2865 788 2972 838 τῶν
3032 783 3358 858 ἀνθρώπων.
3413 786 3595 842 Ταῦτα
3649 785 3745 857 μὲν

2090 870 2179 925 οὗν
2235 870 2520 946 ἐφθέγξατο
2581 870 2797 934 πάντως
2865 873 3002 947 πρὸς
3051 873 3140 928 τὸν
3173 872 3404 950 νυμφίον
3455 873 3490 942 ἡ
3543 875 3745 950 παρθε-

2087 958 2313 1015 νεύουσα
2359 961 2511 1038 ψυχή
2562 961 2654 1015 καὶ
2715 961 3268 1040 νυμφοστολισθεῖσα,
3297 961 3387 1017 καὶ
3423 961 3742 1038 βουλομένη

2087 1053 2168 1121 τῷ
2200 1054 2416 1126 Χριστῷ
2460 1051 2607 1126 τάχα
2655 1053 3112 1125 συννεκρωθῆναι.
3167 1051 3243 1106 Σὺ
3293 1048 3350 1106 δέ
3384 1071 3474 1124 μοι
3523 1051 3742 1130 νύμφην

2088 1139 2289 1209 νόησον
2315 1138 2496 1214 ὥσπερ
2529 1139 2580 1194 ἐν
2627 1140 2878 1204 ὑποθέσει
2915 1141 3016 1210 τήν
3051 1141 3484 1216 παρθενεύουσαν
3528 1143 3738 1218 ψυχήν,

2086 1230 2186 1297 τὴν
2218 1232 2314 1284 τοῦ
2349 1228 2589 1304 μεγάλου
2643 1229 2866 1286 Παύλου
2895 1233 2992 1285 τοῦ
3030 1230 3166 1305 πρὸς
3214 1230 3343 1292 τοὺς
3392 1229 3609 1304 τρίτους
3655 1231 3742 1288 ούο

2091 1317 2280 1394 ρανοὺς
2321 1317 2578 1394 ἀρθέντος
2626 1318 2954 1396 ἀποῤῥήτως
3009 1326 3111 1389 τῆς
3169 1317 3280 1374 ἄνω
3333 1318 3739 1395 Ἰερουσαλὴμ,

2086 1409 2330 1463 τουτέστι
2383 1407 2510 1470 τοὺς
2567 1405 2860 1485 ἀγγέλους.
2902 1406 3056 1466 Ἀλλ’
3107 1406 3309 1482 ἴδωμεν
3339 1410 3429 1463 καὶ
3472 1408 3525 1464 τί
3581 1432 3740 1488 φασιν

2090 1497 2142 1550 οἱ
2204 1495 2360 1574 φίλοι
2411 1497 2508 1551 τοῦ
2565 1495 2826 1574 νυμφίου,
2871 1497 2961 1552 καὶ
3005 1498 3123 1560 πῶς
3170 1494 3509 1552 διδάσκουσιν
3567 1500 3738 1569 αὐτὴν

317 1601 420 1669 τήν
452 1598 641 1667 κοίτην
673 1599 770 1650 τοῦ
800 1591 1059 1671 νυμφίου,
1094 1589 1187 1655 οὕς
1215 1590 1331 1644 κατ’
1361 1587 1537 1664 ἀρχάς
1569 1585 1864 1660 ε”ρήκαμεν
1894 1589 1989 1641 τοῦ
2022 1585 2203 1663 Λόγου
2235 1586 2551 1663 θυγατέρας.
2588 1587 2728 1643 Φασὶ
2757 1587 2857 1664 γὰρ
2891 1587 3034 1643 οὕτω
3065 1587 3203 1665 πρὸς
3233 1587 3400 1658 αύτὴν
3431 1591 3531 1659 τήν
3575 1603 3740 1656 καθα-

321 1687 416 1765 ρὰν
449 1685 733 1760 παρθένον.

390 1795 448 1851 Sz
498 1798 720 1866 ignoras
768 1799 817 1847 te
859 1791 1063 1862 ipsam,
1114 1805 1146 1842 ο
1193 1785 1432 1860 pulchra
1490 1786 1637 1840 inter
1695 1783 1974 1853 mulieres,
2009 1799 2053 1866 Β

317 1884 578 1958 egredere
607 1891 664 1938 lu
697 1884 758 1936 in
787 1880 1035 1948 vestigiis
1063 1893 1291 1949 gregum
1323 1883 1565 1944 tuorum,
1589 1882 1644 1929 el
1666 1889 1830 1946 pasce
1858 1872 1974 1931 ha?-

317 1975 416 2030 dos
446 1982 565 2029 tuos
597 1973 656 2027 in
689 1968 1076 2026 tabernaculis
1101 1975 1408 2040 pastorum.

389 2155 434 2208 Ο
477 2155 665 2221 casta,
716 2147 1017 2220 inquiunt,
1067 2144 1268 2201 anima
1315 2159 1382 2199 ac
1429 2141 1786 2211 veneranda,
1817 2140 1866 2197 si
1900 2140 1972 2196 ad

319 2241 514 2298 ovium
569 2255 773 2312 greges
832 2235 999 2308 cupis
1055 2233 1377 2308 pervenire,
1429 2248 1604 2287 nosce
1654 2235 1710 2286 te
1759 2230 1971 2302 ipsam,

316 2329 512 2402 qualis
544 2330 695 2384 facta
743 2327 1003 2395 sis,cum
1056 2328 1232 2380 antea
1280 2321 1427 2377 nihil
1477 2320 1718 2376 omnino
1770 2319 1971 2386 fueris,

317 2421 612 2492 quomodo
659 2416 887 2472 Domini
949 2413 1208 2486 imagine
1265 2412 1350 2467 sis
1398 2411 1690 2466 decorata.
1723 2408 1971 2465 Omnem

318 2509 524 2564 mundi
587 2507 849 2562 fraudem
900 2503 1151 2568 declina,
1187 2508 1244 2557 et
1292 2499 1539 2571 vestigia
1590 2515 1837 2571 gregum
1888 2496 1971 2552 sic

316 2597 576 2670 explora,
611 2600 674 2650 ut
722 2611 850 2666 quae
899 2593 972 2648 ad
1005 2591 1156 2646 viam
1208 2589 1463 2662 amplam
1516 2589 1814 2659 latamque
1861 2587 1973 2642 du-

315 2691 476 2754 cunt,
525 2683 818 2756 dcspicias
877 2687 1052 2754 atque
1098 2679 1342 2735 oderis:
1387 2681 1526 2734 sunt
1573 2675 1728 2732 enim
1777 2676 1970 2731 bendo-

317 2791 470 2830 rum.
505 2775 639 2838 Quae
671 2788 805 2828 vero
850 2772 922 2826 ad
973 2767 1182 2824 callem
1215 2771 1536 2838 angustum
1583 2771 1760 2839 atque
1800 2781 1970 2836 aspe-

318 2881 450 2920 rum
503 2863 778 2928 tendunt,
842 2858 1058 2930 diligas
1116 2861 1175 2912 et
1231 2853 1640 2926 complecteris
1704 2872 1717 2910 :
1773 2854 1970 2911 ovium

317 2954 474 3010 enim
528 2955 685 3008 sunt.
738 2948 986 3006 Proinde
1034 2963 1191 3017 cave,
1232 2961 1303 3001 ne
1351 2945 1654 3001 haedorum
1707 2943 1971 3018 vestigiis

318 3041 632 3114 decipiare.

841 3147 925 3202 Ex
955 3143 1132 3201 tribus
1160 3142 1443 3200 Pluribus.

389 3237 770 3310 Respondeas
803 3235 984 3307 igitur
1002 3235 1074 3290 ad
1099 3233 1251 3290 hanc
1271 3249 1340 3289 ex
1365 3231 1640 3306 gentibus
1663 3229 1968 3286 collectam

313 3326 632 3384 Ecclesiam
668 3326 873 3381 Pastor
912 3324 1126 3392 bonus,
1157 3331 1211 3377 et
1257 3327 1521 3394 Sponsus
1552 3319 1744 3392 ipsius
1777 3333 1792 3379 :
1825 3317 1886 3373 Si
1913 3323 1970 3374 te

314 3419 520 3488 ipsam,
553 3415 770 3486 inquit,
801 3428 911 3468 non
956 3413 1145 3468 nosti:
1173 3411 1224 3466 si
1275 3410 1511 3482 ignoras
1559 3413 1615 3464 te
1667 3407 1878 3479 ipsam,
1909 3407 1965 3461 in

315 3522 433 3578 qua
461 3521 564 3576 ego
596 3503 696 3576 qui
727 3499 1136 3558 circumscribi
1168 3515 1416 3572 nequeo,
1445 3497 1776 3569 descriptus
1807 3512 1966 3565 sum,

313 3600 372 3651 et
401 3593 555 3651 sicut
597 3592 658 3648 in
691 3589 950 3664 imagine
994 3589 1401 3662 archetypum,
1433 3603 1641 3644 cernor
1674 3603 1687 3640 :
1718 3590 1776 3642 et
1807 3602 1841 3640 a
1871 3602 1966 3640 ra-

314 3684 472 3740 tione
497 3681 718 3738 alienos
744 3696 956 3737 sensus
978 3683 1112 3735 tuos
1143 3677 1372 3750 corrigo
1397 3693 1410 3733 :
1433 3682 1490 3734 et
1511 3675 1968 3732 comminatione

313 3772 480 3845 quasi
513 3772 693 3845 virga,
721 3768 1150 3844 promissisque
1174 3771 1452 3839 tanquam
1487 3764 1687 3821 ﬁstula
1712 3766 1783 3820 ad
1806 3768 1968 3822 aeter-

311 3880 418 3918 nas
445 3866 501 3918 te
523 3860 722 3918 caulas
746 3861 918 3930 duco,
944 3859 1000 3914 in
1028 3856 1245 3931 quibus
1271 3857 1531 3912 secundo
1557 3855 1809 3911 adventu
1838 3871 1966 3911 meo

309 3956 364 4008 te
398 3951 608 4008 faciam
649 3949 1084 4022 conquiescere,
1117 3963 1251 4003 cum
1285 3950 1526 4019 propter
1569 3943 1966 4017 incorruptio-

311 4058 444 4098 nem
480 4045 654 4113 atque
685 4037 1190 4096 immortalitatem
1224 4034 1388 4091 nulla
1416 4039 1473 4091 te
1499 4033 1712 4090 umbra
1743 4038 1969 4106 pertur-

307 4130 614 4186 bationum
666 4127 996 4201 occupabit.
1033 4126 1072 4183 0
1100 4125 1342 4198 pulchra
1389 4127 1536 4180 inter
1583 4123 1866 4192 mulieres,
1901 4139 1968 4179 ac

309 4219 578 4292 speciosa
623 4221 860 4291 propter
889 4216 1064 4271 ﬁdem
1097 4220 1154 4271 et
1183 4214 1532 4270 cbaritatem
1588 4229 1727 4285 erga
1759 4228 1873 4283 me,
1905 4213 1967 4268 in

306 4307 468 4364 omni
499 4313 671 4380 gente
703 4304 1067 4362 inﬁdelitatis
1097 4303 1298 4360 morbo
1338 4302 1664 4371 laborante,
1688 4306 1744 4358 et
1773 4301 1969 4357 carnis

305 4395 709 4469 voluptatibus
749 4393 1031 4461 involuta,
1065 4393 1330 4463 egredere
1361 4397 1445 4447 tu.
1479 4393 1590 4460 Tu,
1623 4391 1888 4462 inquam,
1918 4407 1971 4464 si

307 4486 415 4542 tibi
441 4503 502 4543 es
533 4485 854 4558 incognita,
879 4483 929 4539 si
956 4481 1308 4556 mysterium
1334 4485 1502 4537 tuum
1525 4480 1825 4538 intellectu
1857 4497 1972 4537 non

305 4575 738 4648 complecteris,
771 4591 840 4630 ex
869 4577 1031 4644 parte
1065 4571 1278 4627 mentis
1313 4570 1588 4628 interiore
1619 4571 1688 4626 ad
1721 4587 1962 4628 sensum

305 4665 676 4739 progredere,
699 4669 787 4732 tu,
811 4680 937 4736 quae
961 4663 1186 4718 ratione
1209 4678 1450 4734 prorsus
1472 4677 1534 4717 es
1560 4665 1786 4718 ornata.
1811 4666 1958 4718 Nam

303 4755 352 4811 si
387 4755 487 4811 ubi
522 4771 629 4828 ego
674 4770 933 4828 pascam,
967 4751 1208 4808 omnino
1239 4751 1336 4806 vis.
1377 4751 1623 4821 discere,
1657 4765 1728 4806 ne
1761 4750 1818 4806 in
1850 4751 1960 4807 hac

303 4846 540 4919 quidem
588 4843 922 4918 egressione
951 4845 1181 4914 oportet
1211 4844 1266 4896 te
1296 4856 1330 4896 a
1361 4839 1586 4896 ratione
1630 4840 1868 4912 penitus
1899 4840 1959 4896 in

302 4934 662 4992 contrarium
713 4931 994 4990 converti.
1046 4929 1312 5002 Egredere
1360 4933 1559 4985 autem
1604 4929 1664 4985 in
1719 4931 1961 5000 vestigiis

299 5041 558 5097 gregum,
590 5040 801 5096 nempe
841 5024 902 5079 in
946 5020 1313 5076 diversarum
1361 5022 1704 5075 naturarum
1741 5036 1800 5076 re
1831 5021 1960 5092 ipsa

303 5112 598 5183 expressis
629 5112 912 5184 vestigiis,
947 5127 1047 5182 per
1089 5125 1219 5182 quae
1269 5107 1570 5181 sigillatim
1622 5109 1957 5182 indaganda

302 5200 688 5272 progrediens
719 5203 867 5257 ratio
890 5198 1192 5256 delinitur.
1212 5196 1430 5272 Greges
1452 5197 1736 5254 dicuntur
1759 5215 1954 5255 rerum

302 5293 525 5344 natura
558 5291 838 5359 quoniam
872 5305 1074 5346 earum
1109 5285 1355 5359 singulae
1390 5287 1551 5342 facta:
1576 5292 1716 5344 sunt
1746 5285 1960 5360 dignae,

299 5393 451 5449 quas
478 5377 844 5448 providentia
891 5395 996 5433 sua
1026 5381 1231 5432 auctor
1259 5375 1524 5432 omnium
1575 5375 1731 5432 Deus
1784 5387 1957 5448 quasi

297 5468 499 5536 pastor
531 5465 839 5536 gubernet,
871 5466 1209 5522 moderetur
1239 5479 1302 5518 ac
1339 5469 1520 5536 regat.
1561 5465 1624 5520 El
1651 5481 1816 5536 pasce
1845 5467 1955 5522 hae-

295 5553 390 5609 dos
421 5563 540 5610 luas
562 5573 580 5610 :
605 5555 871 5612 turbidos
903 5553 1127 5610 scilicet
1149 5552 1333 5608 animi
1366 5557 1583 5624 motus,
1605 5558 1669 5609 ut
1699 5555 1954 5613 sinistra

295 5642 477 5717 partis
511 5643 829 5702 retinentes
865 5643 1082 5700 locum.
1115 5644 1174 5700 In
1205 5643 1584 5701 tabernaculis
1620 5653 1905 5716 pastorum
1933 5662 1956 5706 :

2155 1783 2278 1839 Ἐάν
2341 1786 2418 1857 μὴ
2489 1788 2635 1858 γνῶς
2699 1785 2966 1856 σεαυτὴν,
3039 1788 3074 1856 ἡ
3135 1783 3280 1856 καλή
3346 1785 3397 1842 ἐν
3471 1787 3734 1863 γυναιξίν,

2085 1871 2264 1946 ἔξελθε
2335 1872 2398 1928 τὺ
2475 1872 2526 1928 ἐν
2594 1874 2847 1950 πτέρναις
2921 1879 3030 1930 τῶν
3098 1876 3372 1949 ποιμνίων
3447 1899 3564 1950 σου,
3643 1880 3732 1934 καὶ

2081 1960 2348 2036 ποίμαινε
2418 1961 2544 2026 τοὺς
2617 1961 2836 2042 ἐρίφους
2913 1984 3009 2019 σου
3077 1963 3163 2019 ἐπὶ
3247 1967 3572 2040 σκηνώμασῖ
3623 1972 3732 2024 τῶν

2083 2072 2177 2107 ποι
2189 2052 2362 2124 μένων
2375 2095 2387 2106 .

2151 2143 2220 2195 Ὦ
2271 2140 2671 2217 παρθενεύουσα
2717 2143 2895 2218 ψυχὴ,
2929 2143 3078 2222 φασὶ,
3128 2141 3218 2198 καὶ
3260 2138 3550 2218 σεϐασμία,
3581 2145 3732 2224 εἷ’περ

2082 2231 2268 2294 ποθεῖς
2336 2226 2661 2287 καταλαϐεῖν
2731 2229 2934 2307 ἀγέλας
3005 2236 3112 2287 τῶν
3187 2228 3502 2308 προϐάτων,
3561 2239 3733 2310 γνῶθι

2084 2320 2286 2388 σαυτὴν
2342 2319 2425 2383 τίς
2483 2320 2744 2395 πέφυκας,
2793 2321 2855 2376 τὸ
2914 2321 3039 2397 πρὶν
3102 2319 3216 2377 οὔδ’
3276 2321 3422 2386 ὅλως
3456 2321 3608 2395 οὖσα,
3640 2326 3731 2382 καὶ

2082 2413 2196 2470 πῶς
2253 2407 2412 2463 εἰκὼν
2465 2409 2753 2482 τετίμησαι
2809 2411 3100 2487 τυγχάνειν
3149 2415 3245 2466 τοῦ
3289 2412 3582 2483 Δεσπότου,
3640 2415 3732 2470 καὶ

2081 2496 2259 2565 πάσης
2319 2498 2743 2569 μετανάστευσον
2812 2501 2911 2568 τῆς
2987 2507 3260 2573 κοσμικῆς
3327 2501 3561 2575 ἀπάτης,
3637 2506 3728 2560 καὶ

2083 2582 2239 2660 δεῦρο
2270 2583 2706 2642 κατασκόπευσον
2742 2585 2868 2664 ἴχνη
2917 2588 2984 2644 τά
3011 2594 3119 2644 τῶν
3169 2592 3467 2664 ποιμένων,
3516 2593 3606 2648 καὶ
3663 2594 3731 2649 τά

2084 2675 2180 2747 μὶν
2209 2670 2337 2730 ὄντα
2366 2676 2503 2750 πρὸς
2535 2674 2658 2731 ὁδὸν
2696 2675 2942 2752 μεγάλην
2975 2677 3065 2733 καὶ
3097 2677 3727 2758 πλατεῖαν,βδελύχθητι

2079 2764 2168 2818 καὶ
2213 2765 2468 2837 μίσησον’
2503 2765 2604 2820 εἰσὶ
2635 2767 2735 2842 γάρ
2761 2772 2870 2822 τῶν
2905 2767 3127 2846 ἐρίφων
3173 2770 3239 2823 τά
3271 2767 3327 2824 δὶ
3359 2771 3494 2844 πρὸς
3542 2768 3730 2846 τρίϐον

2079 2874 2301 2926 κειμενα
2333 2856 2518 2924 στενὴν
2551 2855 2639 2910 καὶ
2667 2855 3037 2929 τεθλιμμένην
3068 2857 3348 2933 ἀγάπησον
3388 2861 3474 2915 καὶ
3526 2860 3728 2935 κράτη-

2081 2960 2195 2996 σον·
2230 2943 2331 2998 εἷ’σὶ
2363 2945 2468 3019 γάρ
2493 2949 2601 2999 τῶν
2634 2941 2946 3018 προϐάτιον.
2983 2945 3222 3024 χρόσεχε
3254 2947 3344 3002 οὖν
3392 2949 3469 3022 μὴ
3519 2963 3730 3023 πλανη.

2081 3033 2176 3103 θῇς
2209 3029 2260 3086 ἓν
2294 3034 2544 3110 πτέρναις
2569 3037 2678 3088 τῶν
2710 3033 2926 3113 ἐρίφων,

2649 3143 2770 3199 Τῶν
2801 3144 2849 3218 γ’
2878 3141 3152 3219 Πατέρων.

2153 3228 2606 3306 Ἀποκρινόμενος
2666 3231 2756 3286 οὗν
2807 3231 2944 3308 πρὸς
2998 3232 3226 3303 ταύτην,
3284 3233 3385 3302 τήν
3448 3232 3499 3305 ἐξ
3557 3233 3727 3291 ἐθνῶν

2077 3313 2293 3388 δηλαδή
2355 3317 2708 3391 Ἐκκλησίαν,
2768 3320 2796 3374 ὁ
2854 3317 3020 3381 καλὸς
3073 3322 3285 3393 ποιμήν
3348 3320 3437 3376 καὶ
3495 3324 3729 3402 νυμφίος

2078 3405 2286 3477 αὐτῆς,
2341 3407 2540 3484 φησίν·
2605 3407 2669 3464 Εἴ
2730 3405 3030 3484 μὴέγνως
3089 3412 3356 3481 σεαυτήν·
3417 3433 3538 3481 τοι,
3599 3414 3722 3470 Ἐἀν

2077 3495 2274 3571 ἀγνοῇς
2319 3498 2544 3566 σεαυτὴν
2613 3496 2663 3552 ἐν
2734 3497 2770 3572 ᾖ
2823 3497 3222 3575 ἀπερίγραπτος
3267 3503 3666 3579 περιγράφομαι
3700 3544 3715 3571 ,

2076 3585 2165 3639 καὶ
2227 3587 2440 3661 ὁρῶμαι
2465 3585 2540 3648 ὡς
2572 3585 2623 3641 ἐν
2659 3585 2822 3641 εἰκόνι
2873 3588 3204 3662 ἀρχέτυπον,
3251 3589 3338 3644 καὶ
3370 3590 3464 3651 τάς
3494 3590 3726 3666 ἀλόγους

2077 3674 2355 3744 αἰσθήσεις
2386 3672 2483 3730 σᾶἑυ
2516 3674 2788 3752 ῥυθμίςω,
2833 3676 2923 3731 καί
2975 3675 3065 3732 διά
3109 3699 3168 3733 τε
3213 3683 3320 3734 τῶν
3371 3679 3612 3736 ἀπειλῶν
3663 3681 3735 3743 ὡς

2076 3761 2167 3818 διὰ
2195 3759 2432 3840 ῥάϐδων,
2481 3765 2569 3820 καὶ
2618 3769 2722 3820 τῶν
2775 3764 3115 3842 ἐπαγγελιῶν
3165 3768 3237 3830 ὡς
3286 3767 3539 3844 σύριγγος
3588 3771 3724 3845 πρὸς

2073 3854 2171 3916 τάς
2215 3853 2468 3916 αἰωνίους
2521 3875 2577 3908 σε
2626 3855 2743 3931 ἄγω
2794 3853 3056 3932 μάνδρας’
3092 3855 3143 3911 ἐν
3197 3859 3282 3919 αἷς
3328 3878 3385 3912 σε
3437 3858 3728 3914 ἀναπαύσω

2077 3942 2128 3998 ἐν
2181 3946 2250 4017 τῇ
2306 3941 2527 4020 δευτέρᾳ
2578 3965 2683 4018 μου
2730 3946 3016 4020 παρουσίᾳ’
3068 3944 3193 4000 ὅταν
3244 3943 3361 4002 οὐδ’
3421 3947 3523 4002 ὑπό
3576 3969 3726 4012 τινος

2077 4032 2334 4104 συσκιάζη
2395 4032 2598 4097 πάθους
2657 4031 2746 4088 διά
2801 4035 2862 4088 τὸ
2915 4032 3185 4112 ἄφθαρτόν
3239 4057 3298 4091 τε
3348 4035 3437 4090 καὶ
3485 4037 3726 4113 ἀναμάρ-

2074 4142 2259 4192 τητον.
2307 4123 2371 4179 Ἦ
2418 4119 2564 4191 καλή
2620 4121 2670 4176 ἐν
2714 4123 2973 4199 γυναιξίν
3029 4125 3092 4181 Ἥ
3143 4124 3317 4200 ὡραία
3367 4122 3456 4180 διὰ
3495 4127 3596 4196 τήν
3649 4125 3725 4185 εἷς

2081 4212 2148 4284 μὶ
2193 4210 2373 4266 πίστιν
2427 4233 2488 4266 τε
2535 4213 2624 4266 καὶ
2673 4213 2926 4289 ἀγάπην,
2977 4211 3029 4266 ἐν
3071 4213 3230 4268 παντὶ
3278 4210 3415 4278 ἔθνει
3474 4215 3724 4271 ἀπιστίαν

2076 4304 2324 4356 νοσοῦντι
2387 4301 2474 4356 καὶ
2541 4305 2657 4364 ταῖς
2725 4307 2826 4371 τῆς
2885 4300 3082 4378 σαρκὸς
3143 4299 3368 4372 ἡδοναῖς
3427 4301 3728 4375 ἐκθηλυνο-

2084 4389 2248 4462 μένῳ”
2305 4386 2488 4460 ἔξελθε
2536 4389 2635 4444 σύ·
2683 4387 2890 4467 ἤγουν,
2953 4389 3140 4460 ἐπειδὴ
3203 4391 3265 4446 σὺ
3319 4392 3394 4466 μή
3445 4388 3616 4468 ἔγνως
3666 4393 3728 4448 τὸ

2079 4479 2204 4554 περῖ
2263 4478 2320 4534 σὶ
2381 4483 2682 4554 μυστήριον
2741 4485 2982 4558 νοερῶς,
3052 4479 3230 4551 ἔξελθε
3282 4481 3388 4537 ἀπὸ
3437 4484 3537 4552 τῆς
3592 4482 3729 4538 κατὰ

1996 4556 2043 4622 D
2075 4573 2198 4624 νοῦν
2235 4565 2522 4641 ἐνδότητος
2554 4569 2690 4645 πρὸς
2718 4571 2816 4641 τήν
2842 4556 3130 4641 αἴσθησιν,
3179 4569 3242 4624 σὺ
3291 4573 3326 4640 ἡ
3360 4567 3556 4647 λογικὴ
3589 4573 3725 4626 πάν⁹

2069 4679 2201 4720 τως.
2236 4657 2298 4714 El
2327 4658 2428 4734 γάρ
2487 4663 2592 4713 ποῦ
2651 4659 2930 4732 ποιμαίνω
2993 4657 3181 4735 βούλει
3212 4658 3360 4722 ὅλως
3391 4661 3602 4732 μαθεῖν,
3627 4660 3725 4714 ού-

2073 4745 2159 4803 δέν
2189 4751 2258 4822 τῇ
2305 4745 2487 4820 τοιᾷδε
2519 4747 2780 4822 ἐξελεύσει
2814 4746 2955 4804 δεῖσε
2985 4747 3120 4824 πρὸς
3151 4747 3375 4823 ἀλογίαν
3427 4756 3725 4826 τραπῆναι.

2070 4834 2295 4908 Ἔξελθε
2345 4835 2401 4892 δὲ
2449 4837 2500 4893 ἐν
2548 4839 2804 4915 πτέρναις
2842 4842 2949 4892 τῶν
2984 4837 3283 4910 ποιμνίων,
3334 4835 3461 4908 ἤτοι
3499 4837 3554 4894 ἐν
3605 4844 3727 4902 ταῖς

2069 4927 2187 4992 κατ’
2246 4926 2509 5004 ἐνέργειαν
2569 4928 2753 5004 βάσεσι
2802 4932 2908 4982 τῶν
2967 4923 3242 5006 διαφόρων
3319 4927 3528 5006 φύσεων
3565 4949 3578 4961 ·
3654 4926 3726 4984 δι’

2071 5016 2144 5070 ὧν
2222 5015 2447 5088 ἑκάστην
2523 5015 2729 5072 τούτων
2804 5015 3104 5091 ἀνιχνεύων
3156 5016 3184 5070 ὁ
3245 5016 3412 5090 λόγος
3465 5017 3722 5093 ὁρίζεται.

2072 5105 2310 5179 ιίοίμνια
2367 5103 2412 5161 δ’
2470 5107 2524 5160 αἱ
2580 5107 2686 5161 τῶν
2747 5103 2918 5161 ὅντων
2971 5104 3183 5181 εἴρηται
3241 5103 3459 5184 φύσεις,
3520 5104 3609 5162 διά
3658 5108 3723 5163 τὸ

2069 5195 2345 5266 ἀξιοῦσθαι
2393 5195 2482 5250 καὶ
2529 5197 2598 5252 τά
2647 5197 2733 5274 ὑφ’
2783 5194 3013 5266 ἑκάστην
3071 5194 3282 5250 τούτων
3337 5195 3536 5272 μερικά
3591 5216 3726 5271 προ·

2067 5285 2242 5355 νοίας,
2292 5285 2368 5346 ὡς
2415 5286 2560 5359 παρά
2587 5284 2853 5358 ποιμένος
2890 5288 2988 5340 τοῦ
3036 5287 3144 5339 τῶν
3204 5282 3352 5339 ὅλων
3407 5290 3723 5362 προνοητοῦ

2065 5374 2156 5429 καὶ
2234 5379 2387 5430 Θεοῦ.
2464 5374 2563 5429 Καὶ
2628 5373 2888 5448 ποίμαινε
2960 5372 3089 5436 τοὺς
3163 5371 3384 5451 ἐρίφους
3453 5393 3578 5430 σου·
3653 5374 3722 5430 τὰ

2065 5465 2210 5534 πάθη
2263 5463 2499 5534 πάντως,
2549 5465 2624 5527 ὡς
2669 5471 2770 5533 τῆς
2802 5463 3084 5540 ἀριστερᾶς
3135 5463 3333 5538 μοίρας
3377 5465 3720 5541 ὑπάρχοντα,

2068 5552 2190 5610 Ἐπὶ
2265 5552 2612 5627 σκηνώμασιν
2682 5558 2790 5608 τῶν
2867 5553 3166 5626 ποιμνίων·
3243 5550 3330 5607 ἐπὶ
3404 5557 3524 5616 ταῖς
3582 5548 3721 5624 ἕξεσι

2067 5639 2283 5714 δηλαδὴ
2315 5647 2422 5698 τῶν
2457 5642 2686 5725 φύσεων·
2722 5643 2796 5700 ὡς
2827 5636 3246 5718 μεταϐάλλουσα
3293 5646 3717 5721 προαιρετικῶς,
