4122 6384
284 448 400 507 553

1345 442 1754 504 COMMENT.
1804 444 1881 502 ΙΝ
1928 443 2334 507 CANTICUM
2381 444 2686 505 CANTIC.

3593 452 3711 510 554

286 578 384 645 τὴν
430 574 523 648 μὲν
584 571 757 628 αἰτίαν
810 570 1024 627 πάντων
1085 575 1193 627 τῶν
1243 574 1421 626 κακῶν
1478 569 1771 646 ῥᾳθυμίαν,
1801 572 1936 647 πρὸς

2073 573 2330 647 ιΧΘῐΠρῙῘΒ
2355 575 2561 647 utique
2584 591 2778 631 rerum
2804 578 3398 652 naturalium,sponte
3420 581 3708 638 desidiam

284 666 382 735 τήν
413 664 533 729 καθ’
565 661 670 736 ἕξιν
731 662 967 737 φυσικὴν
1010 658 1417 737 ἰνυπᾶρχουσαν
1461 664 1530 735 τῇ
1565 660 1816 736 μύρμηκι
1850 664 1942 716 καί

283 758 353 829 τῇ
403 752 638 828 μελίσσῃ
684 749 1025 825 ἐπιμίλειαν,
1071 749 1435 823 ἒτοιμάζουσα
1478 749 1568 804 καὶ
1627 750 1763 818 αύτὴ
1807 749 1945 805 κατὰ

286 845 348 900 τὸ
402 843 575 918 παρὸν
620 843 721 911 τὴν
796 844 909 896 τῶν
991 838 1310 914 μελλόντων
1373 836 1698 909 ἀπόλαυσιν,
1760 838 1941 915 ὥσπερ

284 934 530 989 κάκεῖναι
589 926 746 1006 ἔαρος
799 929 916 1005 ὥρᾳ
971 929 1060 985 καὶ
1121 928 1310 1005 Οὲρους
1357 930 1456 998 τὴν
1510 932 1606 983 τοῦ
1661 933 1943 1004 χειμῶνος

284 1024 495 1100 τροφήν
550 1018 662 1095 (διὰ
709 1020 811 1097 γὰρ
870 1027 969 1089 τῆς
1044 1017 1364 1091 ἐπιμελείας
1418 1023 1680 1094 τρυγᾶται
1734 1017 1793 1072 ἐκ
1846 1022 1943 1072 τοῦ

286 1120 386 1184 τῆς
438 1115 625 1187 ψυχῆς
683 1114 979 1185 τριμεροῦς
1032 1111 1067 1178 ἡ
1129 1106 1464 1179 δικαιοσύνη,
1503 1106 1627 1178 ἥτις
1658 1106 1946 1181 ἐτοιμασία

293 1210 391 1272 τῆς
444 1206 547 1257 τῶν
582 1198 896 1273 μελλόντων
942 1198 1081 1254 ἐστὶν
1128 1196 1528 1271 ἀπολαύσεως),
1556 1198 1655 1266 τὴν
1689 1194 1747 1251 δὲ
1776 1196 1944 1276 ἀφρο-

302 1291 484 1363 σύνην,
536 1286 662 1360 ἥτις
720 1288 781 1345 ἐκ
834 1292 933 1343 τοῦ
987 1288 1125 1343 κατὰ
1172 1287 1329 1366 φύσιν
1379 1288 1517 1363 πρὸς
1557 1288 1620 1342 τὸ
1668 1287 1814 1360 παρὰ
1845 1286 1944 1365 φύ-

302 1402 400 1450 σιν,
431 1379 611 1457 τροπὴ
641 1385 743 1449 τῆς
793 1377 1025 1453 λογικῆς
1079 1377 1314 1453 ὑπάρχει
1345 1373 1646 1450 δυνάμεῳς,
1678 1376 1816 1452 πρὸς
1844 1377 1942 1444 τὴν

294 1468 500 1543 ὁμοίως
528 1466 745 1523 ἐνοῦσαν
776 1471 859 1541 τῷ
903 1462 1024 1545 ὄφει
1074 1461 1332 1543 φρόνησιν
1388 1464 1526 1537 ὅλην
1571 1466 1767 1535 ἑαυτὴν
1806 1485 1947 1541 προ-

294 1555 542 1627 διδοῦσα,
598 1557 729 1633 ὓπὲρ
769 1561 868 1613 τοῦ
934 1554 1168 1634 φυλάξαι
1212 1555 1303 1610 τὸν
1335 1554 1501 1630 λόγον
1541 1562 1642 1625 τῆς
1689 1554 1944 1625 πίστεως,

293 1645 479 1722 ὥσπερ
523 1646 775 1709 κάκεῖνος
831 1645 962 1702 ὅλον
1016 1642 1351 1721 προδίδωσιν
1411 1644 1624 1714 ἑαυτὸν,
1675 1643 1805 1720 ὑπὲρ
1849 1647 1946 1699 τοῦ

296 1737 529 1814 φυλάξαι
559 1737 659 1805 τήν
693 1736 884 1791 ἑαυτοῦ
913 1733 1156 1813 κεφαλήν
1193 1752 1206 1767 ·
1266 1736 1365 1803 τήν
1400 1730 1458 1789 δὶ
1492 1740 1678 1807 μῆνιν,
1710 1730 1831 1803 ἤτις
1847 1736 1948 1803 τῆς

293 1830 533 1901 ουμικῆς
594 1823 872 1898 δυνάμεώς
922 1824 1061 1880 ἐστιν
1114 1823 1376 1897 ἱκτροπή,
1434 1824 1569 1900 πρὸς
1618 1825 1717 1893 τήν
1768 1820 1942 1877 ὡσαύ-

290 1938 400 1979 τως
454 1915 867 1991 ἐνυπάρχουσαν
939 1912 1302 1988 ἀκεραιότητα
1372 1916 1441 1986 τῇ
1499 1917 1803 1989 περιστεσᾷ,
1868 1912 1945 1985 μὴ

296 2004 637 2084 ἆφιπταμάνη
687 2005 822 2060 κατὰ
872 2001 1109 2068 διάθεσιν
1150 2008 1259 2058 τῶν
1308 2001 1723 2075 πολεμούντων,
1769 2001 1951 2074 ὥσπερ

299 2092 365 2166 δὴ
396 2094 643 2165 κάκείνη,
693 2092 790 2150 κᾶν
845 2092 1009 2169 μυρία
1058 2087 1503 2162 ἰπιόουλεύηται.
1539 2090 1637 2145 κᾶν
1670 2090 1737 2145 τὰ
1766 2089 1955 2146 νοσσία

304 2186 469 2256 αὐτῆς
529 2182 859 2253 ἀπόλλυσιν,
927 2182 989 2238 ού
1052 2183 1259 2257 μακράν
1308 2186 1417 2237 τῶν
1486 2175 1951 2235 ἐπιϐουλευόντων

310 2272 625 2351 ἀφίσταται·
686 2274 774 2328 καὶ
830 2274 931 2342 τὴν
977 2271 1295 2340 ἀκολασίαν,
1350 2268 1473 2340 ἤτις
1537 2276 1637 2339 τῆς
1691 2268 1955 2341 ἐπιτυμη-

308 2369 462 2433 τικῆς
520 2358 795 2436 δυνάμεώς
874 2361 1014 2417 ἐστιν
1087 2361 1352 2437 ἐκτροπῇ,
1404 2359 1539 2434 πρὸς
1594 2360 1692 2427 τὴν
1743 2357 1953 2431 ὁμοίως

309 2451 705 2527 ἐνυπάρχουσαν
762 2453 833 2524 τῇ
896 2449 1117 2526 τρυγόνι
1184 2448 1539 2527 σωφροσύνην
1576 2466 1589 2480 ·
1658 2446 1953 2524 ἐγκρατῶς,

305 2537 427 2606 ἔνθα
455 2542 723 2617 ἅναγκαία
768 2539 933 2617 χρεία
980 2538 1305 2615 κατεπείγει,
1334 2536 1598 2614 χρωμένη
1630 2540 1699 2610 τῇ
1730 2534 1904 2610 ἠδονῇ
1939 2557 1951 2571 ·

303 2631 480 2707 ὥσπερ
543 2629 610 2700 δὴ
698 2630 922 2700 κάκείνη
1010 2626 1100 2684 διὰ
1180 2628 1499 2704 γονοτοκίαν
1560 2630 1956 2701 μονοζυγοῦσα.

300 2717 453 2775 Ἀλλ’
510 2720 867 2793 ἀκουσώμετα
927 2716 1121 2774 λοιπὸν
1182 2717 1273 2772 καὶ
1321 2722 1417 2773 τοῦ
1471 2716 1645 2772 καλοῦ
1694 2714 1956 2793 νυμφίου.

297 2808 430 2882 Ἤδη
465 2809 574 2887 γὰρ
606 2810 839 2886 πρώτως
867 2808 1057 2882 ὁμιλεῖ
1085 2811 1154 2883 τῇ
1186 2807 1371 2885 νύμφῃ
1400 2805 1578 2884 λέγων
1618 2804 1749 2863 τάδε
1782 2825 1795 2839 ⁸

364 3082 439 3145 Τῆ
483 3075 654 3151 ἵππῳ
714 3097 821 3151 μου
873 3096 925 3131 εν
979 3076 1184 3154 ἅρμασι
1245 3075 1450 3151 Φαραὼ
1499 3072 1765 3149 ὡμοίωσά
1819 3075 1955 3148 σε,ἠ

301 3166 539 3240 πλησίον
579 3188 705 3238 μου.

1008 3273 1254 3329 Ψελλοῦ.

367 3384 602 3441 Βλέπων
634 3380 801 3451 αύτὴν
833 3377 1204 3460 σφαδάζουσαν
1237 3379 1289 3451 ἐξ
1321 3378 1724 3456 ἐρωτοληψίας,

310 3474 403 3531 Καὶ
437 3474 583 3549 πρὸς
641 3471 844 3526 ἐκεῖνον
900 3467 1232 3525 σπεύδουσαν
1288 3465 1515 3546 δραμεῖν
1574 3469 1665 3523 καὶ
1720 3488 1958 3524 καταπε-

1685 3562 1887 3634 [ρᾶσαι,

301 3652 473 3725 Ἵππῳ
494 3648 825 3725 παρείκασεν
857 3648 1027 3717 αὐτὴν
1056 3642 1635 3723 αἱθεροπτηνοδρόμῳ.

309 3738 480 3804 Οὕτως
520 3740 632 3818 γάρ
692 3737 939 3816 θραύσεις
984 3736 1113 3802 τοὺς
1170 3736 1437 3814 ἐχθροὺς,
1496 3737 1629 3814 φησὶ
1680 3736 1818 3811 πρὸς
1862 3737 1963 3805 τὴν

1579 3824 1865 3901 [παρθένον
1877 3868 1891 3895 ,

312 3924 503 3995 Ὥσπερ
532 3916 869 3992 κατεθραυσί
897 3936 1032 3972 ποτε
1060 3914 1149 3971 καὶ
1176 3913 1528 3992 Φαραωνίτας

312 4010 371 4064 Ἣ
403 4005 632 4082 δύναμις
662 4014 763 4077 τῆς
786 4005 964 4062 ’ίππου
999 4027 1104 4079 μου
1132 4007 1231 4075 τῆς
1262 4004 1717 4080 ἀνατεταγμὲνης,

318 4097 573 4154 Τουτίστι
602 4105 698 4168 τῆς
723 4094 1020 4175 ἀγγελικῆς
1051 4094 1690 4172 ταγματοστραταρχίας.

316 4186 463 4249 Τίνος
492 4185 547 4242 δὲ
581 4187 764 4264 χάριν·
799 4187 1028 4263 ἐρωτᾷς,
1052 4186 1149 4255 τὴν
1182 4189 1289 4240 τῶν
1325 4182 1569 4260 ἀγγέλων
1603 4184 1748 4257 τάξιν

314 4283 489 4352 Ἵππῳ
509 4277 835 4353 παρείκασεν
869 4274 1064 4336 ἁπλῶς
1096 4276 1123 4330 ὁ
1156 4274 1329 4351 Λόγος
1359 4273 1450 4328 καὶ
1472 4274 1708 4349 νυμφίος
1741 4293 1756 4344 ;

315 4373 423 4430 Πᾶς
450 4389 532 4431 τις
560 4367 796 4438 τοξότης
828 4362 1079 4437 πόλεμον
1114 4363 1395 4419 συνάπτων
1428 4362 1729 4437 ἀντιπάλῳ,

313 4459 474 4527 Τόεον
506 4451 785 4530 λαμϐάνει
828 4455 919 4510 καὶ
966 4454 1155 4530 νευράν
1202 4452 1292 4507 καὶ
1342 4451 1539 4528 κράνος
1591 4474 1647 4507 τε
1676 4452 1764 4507 καὶ
1792 4450 1923 4527 δόρυ
1957 4469 1969 4483 ⁶

316 4547 476 4614 Πεζὸς
509 4549 666 4618 πεζῷ
714 4544 816 4621 γὰρ
861 4540 1119 4615 πολεμεῖ,
1174 4535 1486 4616 ῥαϐδοῦχος
1540 4561 1599 4595 τε
1653 4536 1974 4615 ῥαϐδούχῳ.

314 4634 457 4691 Ἐπεὶ
488 4640 621 4712 γοῦν
657 4635 695 4702 ἡ
727 4631 1024 4706 παράταξις
1049 4630 1174 4685 τότε
1193 4630 1302 4685 τῶν
1338 4628 1677 4704 Αἰγυπτίων,

314 4725 386 4781 Τὸ
414 4726 713 4801 κράτιστον
748 4721 1006 4791 ἐκέκτητο
1038 4726 1145 4789 τῆσ
1177 4718 1365 4795 μάχης
1392 4718 1457 4773 ἐκ
1492 4723 1598 4773 τῶν
1627 4717 1835 4789 ἵππων,

315 4812 519 4870 Τούτου
554 4811 626 4882 δὴ
664 4810 830 4887 χάριν
864 4808 1079 4884 εἷ’ρηκεν
1119 4806 1288 4863 ἵππου
1319 4805 1370 4878 ἐξ
1394 4806 1519 4862 ’ίσου
1544 4807 1734 4884 λόγος,

319 4903 427 4971 Τὴν
455 4903 786 4959 ἀντιστᾶσαν
814 4896 1046 4971 δύναμιν
1077 4896 1399 4974 ἀγγελικὴν,
1430 4895 1677 4960 ἐκείνοις.

321 4990 423 5048 Ἰνα
453 4993 529 5065 μή
567 4989 732 5064 δοξῃς
762 4985 820 5042 δὶ
841 4986 1035 5043 λοιπὸν
1069 4981 1381 5060 ὑϐρίζεσθαι
1410 4986 1510 5056 τὴν
1543 4986 1787 5065 νύμφην,

324 5077 711 5154 Ἔξισουμᾶνην
741 5076 997 5155 ἄμφανῶς
1025 5073 1186 5148 ’ίππῷ
1215 5076 1362 5151 παρᾶ
1389 5080 1488 5131 τοῦ
1519 5074 1718 5153 λόγου,

324 5167 594 5225 Ἀκουσον
624 5168 679 5223 τί
705 5188 868 5245 φησιν
903 5164 1026 5238 ἑξῆς
1057 5166 1195 5241 πρὸς
1215 5164 1417 5237 ταύτην
1452 5166 1480 5222 ὁ
1509 5166 1740 5245 νυμφίος
1774 5188 1787 5202 ·

389 5258 448 5313 Τί
535 5256 900 5334 ὦραιώθησαν
1008 5250 1253 5331 σιαγόνες
1360 5275 1456 5310 σου
1533 5256 1609 5320 ὡς
1684 5254 1983 5337 τρυγόνοςς

324 5346 597 5424 τράχηλοί
630 5368 730 5402 σου
757 5347 832 5409 ὡς
866 5344 1127 5422 ὀρμίσκοι
1158 5364 1173 5415 ;

395 5437 495 5493 Καὶ
515 5434 682 5508 ἵππῳ
712 5456 771 5491 σε
800 5434 1123 5510 παρείκασα,
1151 5432 1306 5512 φησὶ,
1352 5430 1771 5511 δρομικωτάτῳ.

331 5523 476 5581 Ἀλλ’
508 5525 713 5581 οὔκουν
747 5524 978 5600 χρῄζεις
1004 5520 1269 5599 χαλινοὺς
1304 5522 1355 5578 ἐν
1392 5524 1599 5600 σιαγόνι
1632 5524 1827 5603 φὲρείν.

336 5614 400 5670 Δὶ
430 5616 514 5671 σαὶ
546 5616 653 5690 γὰρ
689 5616 1045 5691 ὡραιώθησαν
1080 5613 1285 5691 ἐξόχως
1318 5616 1580 5693 σιαγόνες,

338 5704 441 5772 Τὴν
473 5702 714 5783 ἔμφυτον
744 5706 819 5768 ὠς
852 5705 1084 5781 χαλινὸν
1116 5704 1345 5780 ἔχουσαι
1374 5706 1755 5781 σωφροσύνην,

342 5790 495 5866 Δίκην
528 5795 796 5873 τρυγόνος
826 5795 1133 5875 σώφρονος,
1163 5793 1425 5871 τρυγόνος
1457 5796 1655 5876 φιλερή
1668 5818 1793 5871 μου.

658 5927 927 5990 Panos.
976 5928 1090 5990 Gn.
1134 5926 1379 5989 CXXII.

2056 663 2345 719 malorum
2381 665 2649 721 omnium
2681 682 2947 735 causam,
2979 668 3038 723 in
3071 668 3461 741 diligentiam,
3497 688 3624 744 quae
3655 673 3708 727 vi

2054 752 2310 808 naturali
2341 753 2595 809 formicas
2646 759 2824 825 atque
2874 755 2968 827 api
3017 756 3209 813 inesse
3257 760 3536 827 cernitur,
3570 777 3709 815 con-

2052 850 2381 910 vertens,ac
2406 860 2620 914 parans
2643 843 2771 914 ipsa
2793 861 3027 918 quoque
3047 846 3105 901 in
3130 850 3401 918 praesenti
3423 853 3704 920 tempore,

2054 931 2255 1003 quoin
2290 933 2486 988 futuro
2545 933 2868 1005 perfruaris
2903 951 2916 989 :
2950 936 3451 1006 quemadmodum
3485 943 3543 992 et
3571 936 3704 1004 illae,

2054 1038 2185 1076 vere
2207 1026 2383 1093 atque
2405 1026 2605 1077 aestate
2626 1023 2821 1077 cibum
2841 1030 3273 1095 comparantes,
3307 1024 3484 1080 hiemi
3504 1042 3710 1081 consu-

2053 1106 2205 1173 lunt,
2242 1111 2370 1182 (Per
2400 1111 2767 1182 diligentiam
2818 1113 2973 1168 enim
3008 1131 3077 1168 ex
3106 1114 3296 1169 tribus
3327 1115 3536 1169 anima:
3577 1131 3709 1186 par-

2055 1198 2478 1271 tibusjustitize
2510 1200 2828 1269 vindemia,
2853 1219 2978 1273 quae
3002 1208 3090 1257 est
3112 1220 3307 1259 rerum
3340 1203 3480 1259 olim
3513 1205 3711 1259 fruen-

2054 1288 2265 1345 darum
2305 1290 2686 1361 comparatio,
2719 1290 3057 1364 colligitur.)
3090 1294 3556 1365 Imprudentiam
3607 1310 3712 1349 au-

2054 1382 2198 1447 tem,
2225 1395 2352 1451 quae
2374 1384 2464 1434 est
2484 1379 2731 1435 rationis
2762 1386 2915 1437 recte
2946 1398 3016 1437 ex
3046 1387 3259 1438 natura
3288 1384 3619 1438 constitutae
3652 1382 3713 1438 in

2056 1470 2276 1522 statum
2301 1472 2522 1522 naturai
2540 1475 2965 1541 repugnantem
2988 1471 3314 1537 aversio,ad
3339 1471 3714 1543 prudentiam

2055 1554 2317 1627 exemplo
2347 1558 2637 1628 serpentis
2661 1558 2742 1613 ita
2772 1559 3165 1631 redigens,ut,
3182 1560 3332 1615 sicut
3355 1559 3473 1631 ille,
3489 1576 3592 1632 pro
3615 1576 3715 1616 ca-

2056 1644 2195 1717 pitis
2226 1646 2588 1717 defensione,
2617 1650 2807 1703 totum
2840 1664 3054 1721 corpus
3084 1648 3290 1705 offerre
3320 1666 3435 1706 non
3461 1649 3713 1719 dubitat,

2058 1733 2142 1789 sic
2166 1738 2229 1790 tu
2262 1751 2367 1807 pro
2398 1736 2532 1791 ﬁdei
2563 1737 3004 1793 conservatione
3033 1743 3088 1794 te
3119 1739 3309 1811 ipsam
3341 1743 3526 1795 totam
3558 1739 3714 1811 peri-

2058 1823 2210 1879 culis
2241 1825 2518 1881 omnibus
2546 1826 2808 1895 obiicias.
2846 1827 3247 1896 Iracundiam,
3280 1828 3454 1892 iram,
3476 1845 3602 1899 quis
3625 1834 3717 1883 est

2060 1914 2243 1969 animi
2273 1915 2589 1971 commotio
2622 1915 2834 1971 rationi
2870 1917 3110 1973 minime
3141 1918 3577 1990 obtemperans,
3620 1933 3716 1973 co-

2062 2001 2274 2057 lumbae
2314 2004 2577 2076 exemplo
2625 2022 2904 2062 revocans
2930 2006 3000 2061 ad
3034 2006 3495 2079 simplicitatem,
3526 2010 3591 2062 ut
3618 2022 3719 2062 eos

2063 2092 2165 2163 qui
2196 2096 2252 2149 te
2281 2093 2518 2165 injuriis
2576 2094 2842 2151 afﬁciunt
2872 2100 3048 2168 atque
3079 2102 3444 2169 oppugnant,
3478 2095 3722 2152 minime

2064 2182 2460 2254 persequaris,
2494 2185 2729 2254 quando
2760 2201 2833 2240 ne
2863 2185 3135 2241 columba
3186 2187 3426 2257 quidem
3485 2190 3722 2258 propter

2063 2270 2313 2327 insidias
2344 2278 2445 2327 aut
2467 2272 2762 2345 pullorum
2795 2291 3037 2331 suorum
3068 2275 3561 2346 direptionem,ab
3582 2275 3725 2330 insi-

2064 2359 2365 2417 diantibus
2396 2379 2462 2417 ac
2494 2362 2907 2435 diripientibus
2938 2365 3174 2420 recedit.
3198 2362 3723 2437 Intemperantiam

2065 2453 2341 2524 denique,
2375 2469 2502 2524 quae
2532 2458 2623 2509 est
2653 2453 2834 2509 animi
2884 2454 3181 2526 appetitus
3231 2456 3441 2510 rationi
3490 2460 3724 2510 contra-

2065 2542 2211 2609 rius,
2236 2540 2307 2595 ad
2331 2542 2783 2613 temperantiam
2805 2542 2885 2598 ita
2908 2543 3224 2598 traducens
3255 2543 3503 2599 turturis
3526 2544 3724 2598 imita-

2064 2630 2243 2697 tione,
2276 2634 2362 2697 ut,
2395 2646 2528 2684 cum
2578 2647 2727 2701 opus
2771 2636 2882 2698 est,
2911 2647 2944 2686 a
2970 2631 3145 2687 rebus
3194 2632 3395 2687 sensui
3439 2632 3726 2703 jucundis

2066 2718 2385 2787 abstineas,
2420 2720 2920 2790 quemadmodum
2954 2726 3011 2775 et
3042 2719 3162 2789 illa,
3200 2722 3418 2777 amisso
3450 2723 3723 2794 conjuge,

2065 2808 2243 2864 vidua
2273 2808 2451 2864 vitam
2481 2810 2776 2882 transigit.
2807 2814 3024 2865 Verum
3055 2814 3113 2865 et
3144 2828 3438 2883 sponsum
3463 2812 3590 2883 jam
3626 2828 3731 2867 au-

2067 2897 2325 2969 diamus,
2356 2914 2638 2970 sponsam
2684 2916 2841 2954 nunc
2891 2900 3151 2971 primum
3200 2900 3598 2973 alloquentem
3629 2900 3728 2957 his

2065 2988 2259 3043 verbis
2292 3005 2306 3044 :

2138 3078 2305 3148 Eques
2367 3092 2512 3135 mea
2558 3095 2618 3133 ιη
2664 3078 2920 3134 curribus
2959 3080 3269 3137 Pharaonis
3315 3080 3625 3138 assimilavz‘
3654 3085 3728 3152 te,

2067 3170 2381 3241 propinqua
2409 3185 2553 3225 mea.

2801 3279 2993 3335 Pselli.

2087 3425 2091 3429 -
2143 3385 2286 3441 Cum
2319 3400 2600 3456 sponsam
2632 3385 2850 3441 amoris
2881 3384 3123 3441 stimulo
3150 3385 3460 3457 percitam,
3482 3390 3540 3443 et
3571 3387 3643 3442 ad
3667 3402 3730 3444 se

2071 3488 2304 3530 currere
2333 3472 2709 3529 festinantem
2759 3477 3042 3541 cerneret,
3070 3489 3233 3545 equaa
3265 3473 3525 3546 aeripedi
3558 3473 3726 3529 simi-

2071 3562 2188 3617 lem
2238 3560 2385 3616 dixit
2430 3577 2581 3617 esse.
2625 3561 2719 3617 Sic
2766 3562 2924 3617 enim
2956 3566 3042 3628 tu,
3075 3563 3259 3635 virgo,
3284 3562 3501 3633 inquit,
3525 3562 3729 3619 hostes

2072 3651 2435 3723 proﬂigabis,
2468 3656 2533 3706 ut
2579 3650 2717 3706 olim
2769 3653 3068 3724 equitatus
3116 3652 3228 3707 mei
3280 3651 3574 3721 instructi,
3616 3651 3727 3708 hoc

2074 3745 2184 3809 est,
2208 3739 2457 3813 angelici
2482 3741 2735 3814 agminis
2751 3741 2961 3807 virtus,
2985 3741 3307 3797 Pharaonis
3327 3742 3527 3813 copias
3556 3742 3727 3797 dissi-

2076 3828 2253 3902 pavit.
2286 3830 2447 3893 Quod
2482 3829 2531 3884 si
2562 3846 2791 3900 quaaras
2824 3847 2928 3886 cur
2958 3830 3246 3902 equitatui
3278 3847 3532 3902 sponsus
3554 3846 3729 3902 ange-

2076 3918 2266 3973 lorum
2292 3918 2556 3973 ordinem
2591 3923 2912 3990 comparet,
2936 3918 3126 3974 facilis
3147 3918 3257 3974 erit
3274 3918 3600 3989 responsio.
3624 3917 3740 3981 Qui

2080 4006 2299 4062 bellum
2331 4008 2503 4079 gerit,
2526 4007 2577 4063 si
2608 4024 2743 4063 cum
2775 4007 3075 4079 sagittario
3101 4008 3487 4080 pugnandum
3512 4013 3623 4073 est,
3644 4024 3737 4062 ar-

2081 4114 2215 4153 cum
2240 4102 2296 4152 et
2318 4098 2565 4167 sagittas
2596 4102 2763 4169 parat
2789 4114 2801 4151 ε
2827 4096 2876 4152 si
2901 4099 3079 4168 pedes
3110 4114 3244 4152 cum
3273 4097 3489 4168 pedite,
3515 4096 3743 4167 galeam

2081 4194 2260 4258 atque
2293 4187 2523 4242 hastam
2557 4188 2778 4243 sumit:
2804 4204 2981 4258 eques
3013 4204 3147 4243 cum
3178 4188 3393 4258 equite,
3424 4187 3751 4258 imperator

2083 4290 2217 4329 cum
2252 4274 2605 4346 imperatore
2650 4276 3045 4348 congreditur.
3081 4276 3328 4343 Quando
3361 4275 3542 4347 igitur
3570 4274 3753 4329 robur

2085 4363 2375 4419 exercitus
2407 4363 2732 4419 Pharaonis
2760 4365 2821 4421 in
2853 4366 3120 4436 equitatu
3164 4364 3555 4436 potissimum
3610 4381 3755 4419 con-

2087 4453 2352 4520 sistebat,
2388 4454 2605 4510 idcirco
2646 4455 2937 4526 equitatui
2978 4455 3107 4525 ejus
3138 4470 3207 4510 ex
3238 4455 3478 4511 adverso
3530 4454 3755 4509 instru-

2087 4548 2242 4599 ctam
2275 4544 2520 4614 opponit
2550 4544 2734 4600 aciem
2765 4544 3128 4616 angelorum.
3164 4545 3249 4598 Ac
3280 4560 3352 4599 ne
3386 4545 3530 4599 forte
3574 4560 3753 4615 spon-

2089 4647 2212 4685 sam
2246 4631 2398 4686 afﬁci
2431 4638 2599 4703 putes
2622 4632 2998 4694 contumelia.
3023 4634 3179 4704 quod
3207 4633 3516 4705 perspicue
3539 4630 3756 4687 similis

2012 4713 2057 4777 D
2087 4735 2251 4791 equis
2281 4720 2532 4793 dicatur,
2558 4722 2696 4778 audi
2726 4721 2868 4794 quid
2896 4722 2968 4777 ad
2999 4738 3128 4778 eam
3171 4722 3451 4793 deinceps
3493 4736 3751 4793 sponsus

2092 4808 2250 4866 dicat
2282 4827 2296 4867 :

2171 5256 2311 5327 Quid
2351 5256 2603 5330 pulchra:
2648 5260 2805 5327 factae
2849 5261 2981 5313 sunt
3024 5271 3182 5329 genae
3219 5261 3351 5327 tum,
3383 5259 3439 5311 ut
3469 5258 3709 5313 turturis
3734 5257 3760 5311 ?

2095 5349 2303 5408 collum
2334 5356 2491 5403 tuum
2518 5350 2663 5404 sicut
2692 5345 2935 5403 monilia
2954 5350 2978 5399 .9

2097 5442 2241 5493 Cum
2300 5453 2451 5508 equo
2500 5442 2559 5491 te
2606 5436 2863 5491 similem
2914 5436 3159 5491 dixerim
3215 5435 3587 5493 velocissimo
3630 5461 3645 5505 ;
3703 5435 3766 5491 in

2099 5526 2341 5583 maxilla
2369 5535 2471 5581 tua
2494 5542 2606 5582 non
2630 5525 2862 5597 indiges
2886 5525 3049 5580 freno
3079 5543 3091 5580 :
3116 5542 3277 5597 genae
3304 5527 3462 5581 enim
3488 5532 3601 5581 tuae
3626 5532 3771 5581 sunt

2101 5615 2515 5683 ornatissimae,
2548 5619 2605 5670 et
2655 5615 2800 5669 freni
2854 5614 2998 5681 loco,
3052 5614 3305 5670 naturali
3358 5616 3580 5685 pudore
3631 5620 3771 5670 sunt

2103 5705 2380 5779 praedite,
2404 5708 2594 5759 instar
2615 5706 2838 5775 pudicae
2872 5705 3123 5759 turturis
3148 5729 3162 5771 ;
3188 5705 3457 5773 turturis,
3500 5708 3765 5773 inquam,

2105 5796 2351 5855 amantis
2382 5793 2780 5851 solitudinem.
2804 5792 3031 5850 Collum
3064 5799 3235 5849 tuum
3268 5791 3632 5861 admirabile,
3656 5806 3759 5844 au-

3362 5923 3439 5981 18
