4122 6392
391 397 512 457 555

1769 384 2200 447 'MlCllAELlS
2244 386 2338 447 PS
2348 386 2521 446 ELLl

3702 383 3827 443 556

391 542 562 585 reum
593 527 833 597 gestans
856 521 1074 578 monile
1094 518 1562 576 Proverbiorum.
1582 517 1871 591 Torquem
1894 516 2052 573 enim

2182 515 2236 572 Ὑί
2282 514 2562 592 τράχηλοί
2622 534 2717 570 σου
2773 513 3074 587 θαυμαστοὶ
3117 513 3208 568 καὶ
3273 509 3824 587 κεκαλλωπισμένου.

392 615 543 677 mihi
569 613 787 688 cogita,
813 609 1051 681 monile,
1084 609 1242 682 quod
1275 607 1417 665 dixi.

993 807 1178 863 Trium
1211 807 1333 862 Patr
1345 822 1461 860 um.

466 900 612 957 Cum
643 897 825 970 igitur
855 911 1114 969 sponsus
1157 893 1477 951 Ecclesiam
1500 908 1569 949 ex
1589 891 1862 966 gentibus
1886 890 2056 948 colle-

396 994 553 1045 ctam
596 987 658 1043 in
707 1001 825 1059 qua
870 983 1081 1057 pascit,
1115 981 1425 1055 allegorice
1468 981 1959 1038 demonstraverit
1988 996 2057 1036 ex

396 1076 501 1133 illa
531 1073 935 1147 responsione,
969 1072 1031 1129 Si
1058 1087 1166 1128 non
1198 1072 1349 1127 noui
1376 1079 1428 1127 te
1452 1072 1651 1143 ipsam,
1697 1087 1854 1127 nunc
1898 1071 2053 1126 idem

397 1165 660 1237 apertius
690 1161 933 1231 indicat,
967 1165 1166 1234 Equae,
1200 1160 1501 1234 inquiens,
1542 1176 1680 1219 mea:
1708 1162 1772 1217 in
1801 1161 2057 1218 curribus

398 1254 710 1313 Pharaonis
755 1253 1068 1308 assimilavi
1109 1260 1179 1319 te,
1217 1251 1533 1323 propinqua
1576 1267 1717 1307 mea.
1750 1251 1885 1314 Quae
1926 1249 2058 1322 qui-

398 1346 535 1402 dem
560 1342 739 1399 verba
768 1346 835 1398 ut
863 1342 1009 1397 ﬁant
1040 1340 1230 1412 magis
1261 1339 1591 1412 perspicua,
1616 1339 1701 1396 sic
1731 1339 2061 1397 ordinanda

401 1438 542 1490 sunt
574 1450 588 1490 :
623 1432 792 1503 Eque
838 1445 980 1488 meae
1029 1429 1347 1485 assimilan
1374 1438 1448 1496 te,
1477 1430 1789 1501 propinqua
1816 1444 1967 1498 mea,
2000 1431 2061 1483 in

399 1522 657 1579 curribus
684 1521 1003 1577 Pharaonis
1032 1537 1052 1576 :
1086 1519 1194 1574 hoc
1219 1525 1309 1574 est
1330 1518 1612 1590 apostolis
1636 1519 1807 1587 meis,
1828 1518 1888 1573 in
1910 1534 2061 1590 quos

404 1611 671 1670 celeriter
695 1611 767 1667 ad
792 1607 1169 1682 Evangelium
1195 1607 1618 1680 divulgandum
1640 1613 2062 1680 currentesego

404 1700 833 1767 conscendens,
866 1713 1072 1754 omnes
1102 1696 1263 1752 orbis
1293 1702 1583 1752 terrarum
1613 1697 1899 1752 terminos
1928 1713 2062 1753 sum

405 1792 783 1864 pervagatus,
812 1792 870 1844 te
899 1786 1119 1843 virtute
1150 1784 1405 1841 similem
1435 1784 1577 1841 dixi.
1609 1785 1757 1852 Quia
1802 1785 1956 1842 sicut
2003 1784 2061 1840 in

2156 604 2257 659 Τὸν
2293 602 2529 680 χρύσεον
2567 601 2927 680 βαστάζοντες
2957 601 3144 659 κλοιὸν
3174 602 3279 673 τὴς
3309 600 3642 677 Παροιμίας.

2160 693 2454 771 Ὀρμίσκον
2477 692 2577 771 γὰρ
2613 714 2708 768 μοι
2734 694 2935 764 νόησον
2970 694 3028 748 ὃν
3062 687 3189 771 ἔφην
3221 690 3411 748 κλοιόν
3437 713 3519 769 γε.

2734 806 2851 856 Τῶν
2890 802 2938 878 γ’
2969 802 3223 876 Ηατέρων
3235 843 3248 859 .

2235 892 2296 948 Ὀ
2321 895 2452 966 γοῦν
2501 911 2735 968 νυμφιος
2790 897 2890 960 τῆς
2938 890 2989 961 ἐξ
3039 889 3204 945 ἐθνῶν
3268 888 3599 960 Έκκλησίας
3628 887 3831 959 α’ίνιζά-

2170 1001 2332 1055 μενος
2365 980 2554 1055 ταύτῃ,
2607 981 2690 1036 ὅτι
2741 978 2795 1035 ἐν
2849 979 2985 1054 αὐτῇ
3034 979 3340 1052 ποιμαίνει,
3393 976 3483 1033 διὰ
3538 982 3637 1034 τοῦ
3686 978 3828 1034 ἀπο-

2165 1076 2416 1144 κριθῆναι
2476 1069 2644 1143 ταύτῃ
2697 1069 2784 1140 τὸ,
2844 1068 2907 1126 Εί
2996 1070 3073 1143 μή
3128 1063 3295 1143 ἔγνως
3352 1069 3604 1137 σεαυτὴν,
3662 1072 3752 1123 νῦν
3798 1068 3829 1123 ’ὀ

2166 1158 2390 1233 ᾐνίξατο
2425 1155 2799 1214 ἀποδεικνύων
2838 1158 3018 1236 φησί’
3063 1162 3140 1232 Τῇ
3193 1157 3346 1230 ίππῳ
3397 1178 3505 1230 μου
3548 1155 3602 1212 ἐν
3652 1152 3829 1233 ἅρμα-

2168 1269 2248 1304 σιν
2311 1249 2513 1324 Φαραὼ
2608 1247 2875 1321 ὠμοίωσά
2933 1268 3012 1319 σε,
3078 1249 3113 1317 ἡ
3172 1245 3410 1317 πλησίον
3478 1267 3604 1320 μου.
3646 1248 3834 1303 Ταῦτα

2168 1337 2227 1393 δὲ
2270 1336 2360 1393 ἵνα
2416 1336 2563 1416 σαφῆ
2616 1338 2853 1413 γίνοιτο,
2915 1335 3058 1392 οὕτω
3117 1335 3435 1391 ωντακτέον
3471 1353 3485 1368 ·
3546 1338 3623 1409 Τῇ
3670 1331 3832 1406 ἵππῳ

2172 1449 2276 1501 μου
2356 1427 2605 1501 ὁμοίωσα
2689 1448 2766 1495 σε,
2843 1427 2877 1496 ἠ
2956 1424 3193 1495 πλησίον
3281 1446 3409 1498 μου,
3504 1423 3557 1479 iv
3627 1422 3830 1500 ἅρμασι

2171 1517 2394 1594 Φαραὼ,
2445 1515 2612 1590 ἤγουν
2670 1521 2787 1578 τοῖς
2837 1513 3170 1576 ἀποστόλοις
3231 1535 3337 1588 μου
3390 1512 3472 1593 ἐφ’
3521 1512 3613 1577 οῦς
3641 1507 3836 1576 ἐπιϐὰς

2167 1609 2268 1675 τὴν
2324 1606 2582 1661 ἱππασίαν
2665 1604 3018 1678 ἐποιησάμεν,
3099 1603 3188 1660 ἐπὶ
3250 1605 3434 1661 πάντα
3486 1610 3589 1674 τῆς
3646 1602 3831 1658 οἷκουο

2175 1697 2343 1769 μένης
2390 1697 2460 1751 τὰ
2532 1695 2738 1770 πέρατα
2823 1694 2988 1766 ὀξέως
3071 1691 3380 1769 δραμόντας
3457 1693 3535 1755 είς
3584 1695 3648 1749 τὸ
3696 1691 3833 1765 ἐμὸν

2171 1787 2451 1860 κήρυγμα.
2508 1783 2747 1839 ἐοικυῖαν
2823 1784 2941 1839 κατ’
3011 1782 3207 1857 ἀρετήν
3277 1803 3334 1839 σε
3409 1780 3682 1852 ἀπέδειξα.
3737 1781 3836 1837 Διὸ

406 1879 526 1936 illis
558 1893 794 1951 pascere
820 1875 987 1932 visus
1017 1890 1175 1940 sum,
1198 1874 1281 1930 sic
1311 1879 1368 1930 et
1397 1875 1458 1930 in
1488 1879 1567 1945 te,
1601 1890 1732 1947 qum
1779 1873 1922 1931 mihi
1963 1892 2066 1948 per

2182 1875 2355 1948 ὥσπερ
2412 1873 2466 1929 ἐν
2514 1872 2743 1936 ἐκείνοις
2802 1873 3110 1947 ποίμαίνων
3171 1870 3470 1947 δὲδειγμαι,
3514 1874 3603 1928 καὶ
3661 1870 3714 1927 ἐν
3747 1872 3833 1927 σοὶ

410 1969 589 2025 ﬁdem
637 1971 801 2022 tuam
832 1966 891 2021 in
924 1979 1040 2031 me,
1076 1962 1219 2018 mihi
1272 1964 1605 2037 prepinqua
1633 1980 1696 2019 es
1726 1969 1783 2020 et
1813 1964 2067 2021 necessi-

409 2057 619 2114 tudine
649 2056 987 2127 conjuncta.
1021 2054 1084 2109 ln
1112 2053 1369 2110 curribus
1413 2054 1745 2123 Pharaonis,
1777 2054 1835 2109 id
1865 2058 1975 2123 est,
2005 2052 2067 2109 in

413 2144 933 2221 gentibus,quibus
954 2143 1219 2199 insidens
1241 2142 1465 2199 Pharao
1486 2142 1880 2216 intelligibilis
1901 2143 2071 2200 vehe-

411 2238 607 2292 batur.
639 2235 840 2306 Equus
869 2233 1026 2288 enim
1056 2231 1267 2305 plurali
1299 2249 1545 2289 numero
1574 2232 1870 2305 significat
1896 2249 2073 2305 eque-

413 2329 567 2380 stres
615 2322 830 2395 cOpias.
869 2325 1020 2376 Sunt
1057 2324 1255 2377 autem
1289 2322 1477 2376 sancti
1508 2320 1777 2393 apostoli,
1804 2322 1976 2393 juxta
2004 2321 2071 2376 il-

412 2414 515 2470 lud
550 2431 564 2470 :
595 2411 897 2469 Ascenden:
937 2425 1109 2483 super
1153 2426 1317 2483 equos
1361 2414 1507 2482 tuos,
1538 2414 1591 2466 et
1636 2409 1926 2483 quadrigae
1958 2420 2073 2468 tua?

411 2502 688 2559 salvatio‘.
713 2500 936 2557 Currus
958 2504 1157 2555 autem
1181 2498 1413 2572 mystici
1431 2498 1754 2556 Pharaonis
1775 2504 1916 2556 sunt
1935 2515 2074 2571 gen-

414 2590 565 2648 tium
598 2593 807 2657 cestus,
845 2587 918 2644 ab
949 2587 1396 2661 improbissime
1426 2587 1614 2658 ipsius
1643 2587 1942 2644 voluntate
1974 2587 2071 2643 de-

415 2680 759 2754 pendentes.
791 2676 1017 2743 Quibus
1045 2676 1105 2732 in
1136 2676 1383 2733 coetibus
1412 2675 1673 2732 Ecclesia
1718 2675 2077 2748 praedicatio-

418 2784 554 2827 nem
586 2765 986 2840 apostolorum
1031 2765 1299 2832 audiens,
1326 2770 1384 2821 et
1415 2766 1656 2822 credens
1687 2766 1747 2820 in
1778 2764 2073 2822 Christum

418 2856 519 2931 qui
542 2857 616 2913 ab
636 2855 784 2927 ipsis
806 2854 1258 2928 praedicabatur,
1284 2858 1462 2926 atque
1482 2853 1674 2926 ipsius
1704 2853 1909 2911 effecta
1939 2871 2076 2927 pro-

419 2947 644 3019 pinqua
674 2961 687 3001 :
723 2941 1199 3015 quandoquidem
1229 2942 1374 2998 fides
1396 2943 1774 3012 credentis,et
1794 2941 1953 3000 illius
1974 2943 2075 3016 qui

416 3034 694 3106 creditur,
722 3032 1174 3090 estimmediata
1205 3032 1543 3103 conjunctio
1569 3048 1582 3087 :
1608 3032 1891 3105 apostolis
1923 3033 2074 3090 assi-

417 3122 622 3181 milata
641 3127 731 3181 est
751 3123 824 3179 ab
847 3121 977 3194 ipso
1000 3120 1394 3191 Christo,cum
1428 3120 1590 3178 illius
1622 3123 1923 3179 mandatis
1938 3123 2076 3179 obe-

415 3212 589 3283 diret,
620 3216 679 3269 et
707 3210 1089 3285 apostolicam
1121 3210 1298 3269 vitam
1330 3210 1683 3267 imitaretur.

485 3392 618 3450 Jam
651 3407 768 3465 quo
799 3391 975 3447 modo
1021 3389 1213 3462 ipsam
1264 3387 1548 3462 apostolis
1594 3390 1961 3460 assimilarit,
1992 3391 2085 3446 vi-

416 3483 689 3539 deamus.
712 3479 876 3549 Quid,
902 3479 1120 3551 inquit,
1140 3478 1398 3551 pulchrae
1413 3479 1579 3550 facta:
1600 3488 1729 3535 sunt
1758 3494 1916 3549 gena
1945 3484 2081 3547 tua,

412 3572 555 3628 sicut
584 3571 820 3626 turturis
839 3570 865 3623 ἵ
888 3568 1103 3624 Mirum
1133 3567 1196 3622 in
1228 3568 1471 3623 modum
1514 3568 1772 3640 profecto
1821 3568 2079 3641 pulchras

420 3661 586 3717 facta
619 3666 760 3715 sunt
783 3673 946 3729 genre
978 3662 1112 3720 tuae.
1138 3672 1267 3727 quas
1298 3656 1369 3711 ad
1405 3655 1854 3712 similitudinem
1886 3662 2079 3714 turtu-

2172 1967 2242 2037 τῇ
2273 1959 2363 2018 διὰ
2391 1964 2489 2033 τὴν
2524 1962 2600 2026 είς
2627 1961 2724 2037 ipf:
2767 1962 2947 2018 πίστιν
3005 1962 3166 2038 ἐγγύς
3216 1982 3343 2035 μου.
3406 1963 3493 2018 Ἐν
3538 1967 3659 2024 τοῖς
3684 1981 3839 2037 χρη-

2179 2052 2460 2127 ματίσασιν
2522 2051 2725 2128 ἅρμασι
2782 2057 2880 2108 τοῦ
2929 2056 3132 2122 νοητοῦ
3185 2051 3413 2120 Φαραὼ,
3474 2047 3702 2122 ἔθνεσιν,
3758 2052 3837 2114 ὡς

2176 2142 2398 2220 φέρουσι
2451 2146 2641 2197 τοῦτον
2703 2140 2757 2196 ἐν
2837 2142 3048 2203 ἑαυτοῖς
3109 2140 3511 2215 ἐποχούμενον.
3575 2140 3671 2197 Καὶ
3726 2139 3837 2215 γὰρ

2169 2230 2342 2294 ἵππος
2374 2232 2468 2305 μὲν
2512 2228 2894 2303 πληθυντικῶς
2944 2228 3190 2286 καλεῖτοι
3229 2233 3265 2300 ἡ
3298 2230 3500 2299 ἱππικὴ
3558 2226 3788 2303 δύναμις
3822 2247 3837 2260 ⁸

2177 2321 2301 2392 ἥτις
2358 2319 2501 2375 ἐστὶν
2539 2321 2592 2375 οἱ
2631 2321 2780 2395 ἅγιοι
2849 2319 3152 2375 ἀπόστολοι
3230 2320 3368 2375 κατὰ
3417 2319 3504 2392 τὸ,
3561 2313 3840 2394 Ἐπιϐήσῃ

2179 2410 2267 2467 ἐπὶ
2324 2409 2451 2473 τοὺς
2510 2408 2717 2472 ἵππους
2802 2431 2919 2467 σου.
3008 2410 3106 2465 Καὶ
3164 2411 3200 2479 ἡ
3281 2409 3512 2464 ἱππασία
3588 2429 3685 2464 σου
3723 2430 3841 2464 σω-

2177 2499 2354 2576 τηρία.
2390 2503 2643 2573 Ἅρματα
2691 2496 2750 2555 δὲ
2790 2504 2892 2555 τοῦ
2947 2503 3151 2569 νοητοῦ
3200 2501 3405 2575 Φαραὼ
3432 2498 3500 2554 τὰ
3526 2502 3636 2554 τῶν
3671 2497 3849 2554 ἐθνῶν

2186 2592 2526 2663 συστήματα,
2587 2589 2662 2651 ὡς
2724 2587 3069 2662 ἐξηρτημένα
3130 2591 3227 2643 τοῦ
3283 2588 3666 2664 πονηροτάτου
3710 2588 3849 2662 βου·

2184 2677 2438 2752 λήματος
2468 2677 2656 2734 αὐτοῦ.
2708 2678 2793 2732 Ἐν
2837 2677 2915 2739 οἶς
2977 2679 3315 2751 συστήμασιν
3367 2679 3526 2747 ήτοῦ
3555 2675 3851 2752 κηρύγμαο

2183 2788 2279 2830 τος
2346 2771 2455 2822 τῶν
2516 2765 2838 2823 ἀποστόλων
2891 2766 3165 2822 ἀκούσασα
3223 2763 3547 2838 Ἐκκλησία,
3594 2765 3686 2822 καὶ
3747 2785 3846 2820 πιο

2186 2856 2449 2911 στεύσασα
2490 2856 2567 2919 εἷς
2622 2857 2715 2911 τὸν
2764 2856 2850 2911 ὑπ’
2901 2855 3079 2911 αὐτῶν
3138 2855 3544 2931 κηρυττόμενον
3602 2855 3841 2929 Χριστὸν

2184 2945 2272 3000 καὶ
2325 2945 2521 3000 τούτου
2579 2942 2820 3015 πλησίον
2878 2945 3175 3020 γενομένη.
3234 2941 3629 3021 Ἐπειδήπερή
3663 2944 3851 3008 πίστις

2181 3038 2279 3090 τοῦ
2338 3034 2683 3096 πιστεύοντος
2730 3033 2819 3089 καὶ
2866 3037 2965 3089 τοῦ
3013 3031 3407 3107 πιστευομένου
3448 3034 3649 3107 ἅμεσός
3699 3033 3851 3089 ἐστιν

2184 3120 2393 3187 ἕνωσις.
2480 3126 2612 3186 Τοῖς
2697 3118 3031 3184 ἀποστόλοις
3105 3121 3393 3195 ὡμοίωται
3480 3124 3606 3199 παρ’
3676 3123 3851 3178 αὐτοῦ

2184 3214 2418 3288 Χριστοῦ
2470 3219 2749 3277 πεισθεῖσα
2828 3217 2945 3275 ταῖς
3030 3212 3195 3268 αὐτοῦ
3273 3210 3542 3282 ἐντολαῖς,
3603 3211 3694 3267 καὶ
3750 3212 3849 3267 τὸν

2105 3281 2147 3348 C
2185 3281 2552 3356 ἀποστολικὸν
2590 3301 2708 3378 βίον
2746 3301 3130 3376 μιμησαμένη.

2266 3391 2471 3446 Λοιπὸν
2522 3391 2672 3453 ὅπως
2733 3389 3020 3464 ὠμοίωσεν
3088 3389 3257 3462 αὐτὴν
3314 3395 3430 3453 τοῖς
3487 3389 3847 3458 ἀποστόλοις,

2193 3479 2370 3555 φησί’
2424 3479 2485 3534 Τί
2542 3481 2902 3556 ὠραιώοησαν
2947 3480 3188 3557 σιαγόνες
3251 3500 3348 3536 σου
3404 3480 3480 3543 ὡς
3537 3479 3847 3556 τρυγόνος;

2190 3570 2370 3637 Ἤτοι,
2430 3570 2758 3643 Θαυμασίῳς
2793 3570 2846 3623 αῖ
2906 3569 3144 3644 σιαγόνες
3181 3589 3279 3624 σου
3335 3567 3665 3645 ὡραῖσμὲναι
3710 3566 3849 3622 εἶσί-

2192 3661 2587 3732 μιμησαμὲνης
2644 3658 2742 3727 τὴν
2816 3655 2971 3730 δίκην
3035 3658 3295 3735 τρυγόνος
3354 3655 3732 3733 ἐνδειξαμένην
3791 3655 3851 3712 ἐν

415 3749 501 3806 ris
546 3747 959 3805 verecundiam
1007 3751 1065 3801 et
1109 3744 1535 3801 continentiam
1583 3746 1976 3818 amplecteris,
2022 3752 2070 3804 et

2186 3746 2471 3824 ἐγκρατείᾳ
2526 3748 2588 3803 τὸ
2662 3751 2903 3825 σῶφρον,
2987 3751 3094 3802 τῶν
3169 3746 3492 3803 ἀποστόλων
3556 3745 3852 3824 ὁμήγυριν.

342 3846 354 3859 ‘
415 3836 819 3912 apostolorum
851 3835 1338 3893 consuetudinem
1371 3834 1644 3903 imitaris,
1672 3851 1779 3892 nec
1807 3837 2075 3909 gentium

415 3946 600 4001 more,
632 3929 1022 3985 immoderato
1051 3943 1337 3999 genarum
1374 3931 1541 3983 motu
1574 3927 1756 3984 uteris
1787 3929 1841 3984 in
1876 3929 2076 4002 dispu-

408 4018 738 4078 tationibus
765 4023 825 4075 et
853 4017 1031 4090 nugis
1073 4020 1132 4073 et
1172 4015 1563 4085 orationibus,
1598 4033 1664 4073 ac
1692 4018 1983 4075 edacitate
2013 4019 2074 4074 in

409 4108 559 4164 cibis
588 4108 746 4163 unde
776 4105 1004 4179 reliqua
1032 4105 1231 4162 omnis
1261 4106 1528 4162 nascitur
1571 4106 2023 4179 intemperantia
2055 4125 2071 4166 :

411 4196 515 4254 sed
547 4196 839 4268 ejusmodi
870 4195 1067 4269 potius
1099 4194 1521 4267 moderatione,
1555 4201 1621 4251 ut
1646 4196 1882 4253 conciso
1911 4213 2074 4254 com-

411 4284 722 4357 positoque
754 4299 1026 4340 sermone
1061 4299 1553 4355 supervacaneam
1600 4283 1932 4340 Graecorum
1979 4301 2075 4341 sa-

413 4372 699 4445 pientiam
732 4372 942 4428 viceris
975 4389 988 4425 :
1024 4371 1086 4428 in
1117 4370 1481 4428 orationibus
1511 4376 1707 4428 autem
1728 4389 1959 4444 regnum
1979 4375 2077 4434 Dei

412 4465 467 4520 et
494 4462 769 4531 justitiam
798 4476 918 4532 qu:
956 4461 1369 4518 tantummodo
1417 4463 1708 4534 quaeras":
1740 4463 1889 4519 cibis
1936 4479 2073 4520 vero

414 4568 534 4609 non
564 4550 875 4624 exquisitis
907 4555 964 4607 et
985 4550 1271 4622 jucundis
1295 4551 1573 4622 vescaris,
1596 4553 1698 4608 sed
1727 4552 2074 4611 necessariis

414 4644 689 4698 contenta
718 4640 824 4697 sis.
858 4641 939 4696 Ex
970 4657 1086 4712 quo
1118 4640 1204 4711 fit,
1237 4645 1303 4695 ut
1332 4641 1610 4697 omnibus
1642 4641 1701 4696 in
1732 4642 1909 4699 rebus
1933 4647 2076 4698 tem-
2103 4664 2151 4730 D

413 4735 691 4805 perauter
727 4730 912 4799 vivas,
936 4747 1129 4803 neque
1158 4746 1291 4786 vero
1313 4730 1447 4792 hinc
1479 4731 1695 4786 referas
1722 4732 1794 4786 ad
1825 4731 2073 4804 gloriam

412 4825 473 4877 et
491 4819 948 4878 ostentationem
972 4836 985 4874 :
1011 4818 1153 4890 quin
1177 4818 1377 4889 etiam,
1398 4819 1553 4891 quod
1579 4819 1647 4874 ad
1674 4820 2072 4878 fortitudinem

412 4915 471 4967 et
499 4909 843 4983 patientiam
877 4911 1124 4980 spectat,
1157 4913 1278 4964 tam
1303 4908 1417 4964 leni
1449 4909 1649 4965 animo
1679 4910 1830 4967 feras
1852 4910 1912 4967 in
1935 4912 2072 4967 dex-

412 5003 539 5055 tera
565 5016 714 5071 gena
741 5003 798 5055 te
830 4998 1050 5071 percuti
1066 4997 1108 5068 ⁸,
1142 5004 1206 5053 ut
1237 4998 1585 5070 percutienti
1617 4999 1794 5055 etiam
1826 5000 2072 5057 alteram

412 5088 699 5160 praebeas,
720 5089 791 5144 ad
813 5087 1027 5145 Christi
1050 5086 1441 5143 imitationem
1463 5105 1628 5161 isquo
1653 5089 1848 5146 animo
1870 5090 2073 5163 alapas

413 5175 785 5245 sustinentis,
832 5181 889 5233 et
937 5176 1285 5231 mandatum
1345 5177 1564 5233 servari
1614 5194 1788 5250 posse
1835 5196 1898 5236 re
1944 5180 2075 5251 ipsa

414 5266 886 5337 comprobantis;
912 5270 1089 5337 atque
1109 5266 1299 5321 instar
1327 5267 1577 5323 turturis
1596 5266 1850 5324 volucris
1871 5268 2072 5327 solita-

413 5352 534 5425 riae,
576 5355 904 5410 secedentis
935 5354 994 5410 in
1027 5354 1431 5426 solitudinem,
1481 5356 1683 5429 ibique
1719 5358 2073 5429 jejunantis,

408 5439 588 5509 atque
626 5435 710 5491 ita
755 5436 1018 5493 docentis
1049 5437 1505 5494 ostentationem
1553 5444 1731 5512 atque
1778 5441 2074 5502 humanas

407 5521 616 5583 laudes
644 5539 773 5583 esse
802 5524 1134 5598 fugiendas.
1155 5529 1344 5599 Atque
1374 5527 1485 5585 hoc
1515 5528 1757 5600 quidem
1787 5537 1958 5604 pacto
1977 5535 2075 5592 de-

476 5718 500 5757 ⁸
527 5717 745 5778 Habeo.
777 5735 866 5792 ui,
893 5720 950 5778 8.
979 5719 1001 5757 ⁷
1032 5719 1238 5780 Matth.
1267 5738 1347 5793 vr,
1380 5722 1471 5780 33.
1506 5723 1529 5761 ⁸
1559 5723 1768 5789 Matth.
1801 5743 1857 5804 v,
1884 5727 1976 5789 39.

2183 3839 2342 3900 ’Ήτις
2375 3837 2437 3893 οὐ
2489 3837 2625 3893 κατᾶ
2675 3838 2739 3892 τὰ
2795 3832 2921 3910 ἔθνη
2972 3836 3263 3910 ἀκολάστῳ
3322 3842 3389 3911 τῇ
3434 3841 3539 3892 τῶν
3586 3837 3852 3910 σιαγόνων

2183 3929 2395 3997 κινήσει
2456 3925 2754 4002 ἐχρήσατο,
2795 3925 2932 4002 πρός
2980 3947 3040 3981 τε
3095 3922 3425 4001 ἀδολεσχίας
3454 3925 3505 3980 ἐν
3555 3922 3852 3996 διαλέξεσι,

2182 4015 2272 4071 καὶ
2332 4014 2686 4090 βαττολογίας
2761 4013 2814 4071 ἐν
2874 4022 3207 4092 προσευχαῖς
3277 4015 3368 4071 καὶ
3428 4013 3735 4092 ἀδηφαγίας
3791 4015 3850 4071 iv

2188 4106 2491 4181 βρώμασιν»
2544 4103 2596 4176 ἐξ
2658 4107 2724 4174 ἧς
2781 4109 2875 4160 καιῖ
2922 4106 2956 4176 ἠ
3014 4102 3186 4176 λοιπὴ
3246 4109 3390 4160 πᾶσα
3446 4102 3712 4161 ἀκολασία
3748 4104 3851 4182 ὑφ.

2185 4195 2395 4250 ίσταται
2428 4215 2441 4228 ·
2488 4192 2635 4250 ἀλλά
2688 4192 2904 4267 μᾶλλον
2956 4194 3197 4271 σώφρονι
3247 4197 3528 4264 τοσοῦτον,
3586 4192 3726 4249 ὥστε
3768 4198 3851 4266 τῷ

2183 4283 2606 4358 συντετμημὲνῳ
2668 4284 2763 4357 μὶν
2835 4282 2924 4338 καὶ
3015 4282 3477 4358 συντετελεσμένῳ
3538 4283 3691 4360 λόγῳ
3741 4285 3846 4352 τήν

2183 4374 2630 4448 καταργουμένην
2676 4377 2784 4427 τῶν
2817 4369 3107 4444 Ἑλλήνων
3163 4380 3381 4443 νικῆσαι
3423 4371 3616 4451 σοφίαν
3653 4393 3665 4405 ·
3726 4378 3849 4435 ταῖς

2185 4459 2244 4517 δὲ
2301 4466 2637 4539 προσευχαῖς
2694 4462 2795 4532 τήν
2860 4460 3141 4538 βασιλείαν
3234 4465 3333 4518 τοῦ
3402 4466 3535 4518 Θεοῦ
3594 4462 3682 4518 καὶ
3738 4462 3841 4531 τήν

2185 4549 2533 4623 δικαιοσύνην
2611 4551 2777 4607 αὐτοῦ
2857 4552 3022 4626 μόνον
3108 4557 3287 4624 ζητεῖν
3322 4571 3335 4585 ·
3397 4551 3488 4607 καὶ
3559 4551 3849 4628 βρώμασιν

2185 4641 2246 4697 οὐ
2301 4646 2419 4697 τοῖς
2471 4647 2747 4715 περιττοῖς
2809 4640 2900 4695 καὶ
2967 4638 3125 4711 ἠδὲσι
3197 4642 3459 4718 χρῆσθαι,
3519 4640 3666 4697 ἅΛλὰ
3722 4647 3852 4703 τοῖς

2183 4730 2492 4808 ἀναγκαίοις
2537 4729 2812 4804 ἀρκεῖσθαι
2846 4748 2860 4763 ⁸
2945 4729 3043 4785 κᾶν
3128 4730 3367 4786 ἐντεῦθεν
3447 4730 3499 4786 ἐν
3560 4736 3692 4786 πᾶσι
3748 4733 3848 4806 ζῇν

2182 4817 2478 4895 ἐγκρατῶς,
2536 4820 2626 4875 καὶ
2685 4817 2827 4893 μηδὶ
2881 4820 3019 4895 πρὸς
3076 4818 3331 4893 ἐπίδειξιν
3390 4824 3557 4875 ταῦτα
3614 4825 3790 4876 ποιεῖν
3832 4840 3847 4853 ·

2186 4907 2398 4982 μᾶλλον
2432 4906 2488 4964 δὲ
2517 4908 2607 4963 καὶ
2636 4910 2700 4965 τὸ
2764 4905 3009 4985 ἀνδρεῖον
3058 4912 3316 4965 τοσοῦτον
3352 4906 3741 4981 ἐνδείκνυσθαι,
3770 4910 3851 4973 ὡς

2182 4997 2356 5063 οὕτως
2411 4997 2665 5061 ἐπιεικῶς
2722 4999 2898 5076 φέρειν
2945 4999 3007 5053 τὸ
3067 4997 3119 5053 ἐν
3169 5002 3238 5073 τῇ
3290 4996 3435 5072 δεξιᾷ
3492 4999 3696 5075 σιαγόνι
3748 4998 3849 5077 ῥά-

2180 5108 2381 5160 πισμα,
2415 5086 2553 5142 ὥστε
2599 5087 2844 5166 στρέφειν
2885 5092 2965 5162 τῷ
3016 5088 3295 5165 ῥαπίζοντι
3351 5088 3441 5143 καὶ
3470 5091 3570 5158 τήν
3635 5086 3844 5160 ἄλλην,

2180 5176 2316 5231 κατὰ
2362 5174 2596 5250 μίμησιν
2674 5177 2910 5259 Χριστοῦ
2988 5178 3243 5252 φέροντος
3290 5176 3619 5250 ἀνεξικάκως
3679 5176 3847 5254 ῥαπί-

2183 5286 2381 5339 σματα,
2413 5267 2500 5321 καὶ
2550 5266 2612 5320 τὸ
2670 5263 2894 5321 δυνατὸδ
2946 5272 3047 5337 τῆς
3106 5264 3339 5337 ἐντολῆς
3384 5269 3452 5341 τῇ
3506 5267 3696 5342 πράξει
3759 5267 3850 5343 βε-

2183 5350 2483 5425 ϐαιοῦντος,
2535 5354 2624 5411 καὶ
2672 5355 2809 5411 κατὰ
2853 5356 2916 5411 τὸ
2968 5354 3280 5434 φιλέρημον
3329 5351 3512 5432 ὄρνεον
3569 5356 3669 5426 τήν
3712 5377 3849 5432 τρυ-

2181 5446 2315 5521 γόνα
2388 5444 2853 5521 ἀναχωρήσαντος
2955 5445 3033 5509 εἷς
3125 5446 3226 5515 τὴν
3316 5440 3547 5522 ἔρημον,
3628 5446 3851 5503 κάκεῖσε

2180 5533 2592 5608 νηστεύσαντος,
2638 5536 2729 5591 καὶ
2756 5532 2929 5601 οὕτως
2974 5531 3287 5610 διδάξαντος
3334 5534 3398 5593 τὸ
3450 5532 3848 5596 ἀνεπίδεικτον.
