  <div class='ocr_page' id='page_1' title='image "/cluster/home/n/w/nwhite01/storage/ocr_20150623/122:no.2/coo.31924054870278/286.png"; bbox 0 0 4122 6390; ppageno 0'>
   <div class='ocr_carea' id='block_1_1' title="bbox 374 448 495 505">
    <p class='ocr_par' dir='ltr' id='par_1_1' title="bbox 374 448 495 505">
     <span class='ocr_line' id='line_1_1' title="bbox 374 448 495 505; baseline -0.008 0"><span class='ocrx_word' id='word_1_1' title='bbox 374 448 495 505; x_wconf 79' lang='lat'><strong>557</strong></span> 
     </span>
    </p>
   </div>
   <div class='ocr_carea' id='block_1_2' title="bbox 1422 437 2754 502">
    <p class='ocr_par' dir='ltr' id='par_1_2' title="bbox 1422 437 2754 502">
     <span class='ocr_line' id='line_1_2' title="bbox 1422 437 2754 502; baseline -0.005 -2"><span class='ocrx_word' id='word_1_2' title='bbox 1422 440 1832 502; x_wconf 78' lang='lat' dir='ltr'><strong>COMMENT.</strong></span> <span class='ocrx_word' id='word_1_3' title='bbox 1880 439 1956 498; x_wconf 83' lang='lat' dir='ltr'><strong>IN</strong></span> <span class='ocrx_word' id='word_1_4' title='bbox 2004 437 2405 499; x_wconf 80' lang='lat' dir='ltr'><strong>CANTICUM</strong></span> <span class='ocrx_word' id='word_1_5' title='bbox 2455 437 2754 497; x_wconf 82' lang='lat' dir='ltr'><strong>CANTIC.</strong></span> 
     </span>
    </p>
   </div>
   <div class='ocr_carea' id='block_1_3' title="bbox 3683 440 3802 502">
    <p class='ocr_par' dir='ltr' id='par_1_3' title="bbox 3683 440 3802 502">
     <span class='ocr_line' id='line_1_3' title="bbox 3683 440 3802 502; baseline -0.017 0"><span class='ocrx_word' id='word_1_6' title='bbox 3683 440 3802 502; x_wconf 75' lang='lat'><strong>558</strong></span> 
     </span>
    </p>
   </div>
   <div class='ocr_carea' id='block_1_4' title="bbox 377 571 2036 649">
    <p class='ocr_par' dir='ltr' id='par_1_4' title="bbox 377 571 2033 649">
     <span class='ocr_line' id='line_1_4' title="bbox 377 571 2033 649; baseline -0.005 -16"><span class='ocrx_word' id='word_1_7' title='bbox 377 579 475 633; x_wconf 75' lang='grc' dir='ltr'><strong>Καὶ</strong></span> <span class='ocrx_word' id='word_1_8' title='bbox 507 575 652 632; x_wconf 72' lang='grc' dir='ltr'>οὕτω</span> <span class='ocrx_word' id='word_1_9' title='bbox 686 577 781 649; x_wconf 70' lang='grc' dir='ltr'>μὲν</span> <span class='ocrx_word' id='word_1_10' title='bbox 844 573 1160 647; x_wconf 70' lang='grc' dir='ltr'><strong>θαυμασίως</strong></span> <span class='ocrx_word' id='word_1_11' title='bbox 1217 573 1578 649; x_wconf 84' lang='grc' dir='ltr'>ὡραιώθησαν</span> <span class='ocrx_word' id='word_1_12' title='bbox 1632 571 1879 648; x_wconf 86' lang='grc' dir='ltr'>σιαγόνες</span> <span class='ocrx_word' id='word_1_13' title='bbox 1936 592 2033 626; x_wconf 91' lang='grc' dir='ltr'><strong>σου</strong></span> 
     </span>
    </p>
   </div>
   <div class='ocr_carea' id='block_1_5' title="bbox 2150 571 3802 649">
    <p class='ocr_par' dir='ltr' id='par_1_5' title="bbox 2150 572 3802 644">
     <span class='ocr_line' id='line_1_5' title="bbox 2150 572 3802 644; baseline 0.003 -18"><span class='ocrx_word' id='word_1_14' title='bbox 2150 587 2293 628; x_wconf 71' lang='lat' dir='ltr'><strong>coraa</strong></span> <span class='ocrx_word' id='word_1_15' title='bbox 2326 572 2491 628; x_wconf 65' lang='lat' dir='ltr'><strong>factae</strong></span> <span class='ocrx_word' id='word_1_16' title='bbox 2521 577 2660 626; x_wconf 91' lang='lat' dir='ltr'><strong>sunt</strong></span> <span class='ocrx_word' id='word_1_17' title='bbox 2689 585 2848 642; x_wconf 69' lang='lat' dir='ltr'><strong>genae</strong></span> <span class='ocrx_word' id='word_1_18' title='bbox 2897 574 3010 625; x_wconf 75' lang='lat' dir='ltr'><strong>tuae</strong></span> <span class='ocrx_word' id='word_1_19' title='bbox 3060 573 3231 642; x_wconf 89' lang='lat' dir='ltr'><strong>quasi</strong></span> <span class='ocrx_word' id='word_1_20' title='bbox 3283 574 3550 644; x_wconf 88' lang='lat' dir='ltr'><strong>turturis,</strong></span> <span class='ocrx_word' id='word_1_21' title='bbox 3573 577 3710 630; x_wconf 84' lang='lat' dir='ltr'><strong>dum</strong></span> <span class='ocrx_word' id='word_1_22' title='bbox 3747 584 3802 632; x_wconf 90' lang='lat' dir='ltr'><strong>te</strong></span> 
     </span>
    </p>
   </div>
   <div class='ocr_carea' id='block_1_6' title="bbox 375 660 2030 744">
    <p class='ocr_par' dir='ltr' id='par_1_6' title="bbox 375 660 2030 744">
     <span class='ocr_line' id='line_1_6' title="bbox 375 660 2030 744; baseline -0.004 -21"><span class='ocrx_word' id='word_1_23' title='bbox 375 669 450 731; x_wconf 86' lang='grc' dir='ltr'>ὡς</span> <span class='ocrx_word' id='word_1_24' title='bbox 520 665 820 744; x_wconf 80' lang='grc' dir='ltr'>τρυγόνος,</span> <span class='ocrx_word' id='word_1_25' title='bbox 893 666 992 734; x_wconf 76' lang='grc' dir='ltr'><strong>τήν</strong></span> <span class='ocrx_word' id='word_1_26' title='bbox 1054 663 1406 743; x_wconf 73' lang='grc' dir='ltr'><strong>σωφροσύνην</strong></span> <span class='ocrx_word' id='word_1_27' title='bbox 1458 665 1575 719; x_wconf 86' lang='grc' dir='ltr'>κατ’</span> <span class='ocrx_word' id='word_1_28' title='bbox 1633 661 1918 737; x_wconf 74' lang='grc' dir='ltr'>ἐπιθυμίαν</span> <span class='ocrx_word' id='word_1_29' title='bbox 1980 660 2030 716; x_wconf 78' lang='grc' dir='ltr'>ἐν</span> 
     </span>
    </p>
   </div>
   <div class='ocr_carea' id='block_1_7' title="bbox 371 751 2032 833">
    <p class='ocr_par' dir='ltr' id='par_1_7' title="bbox 371 751 2032 833">
     <span class='ocr_line' id='line_1_7' title="bbox 371 751 2032 833; baseline -0.005 -20"><span class='ocrx_word' id='word_1_30' title='bbox 371 756 678 833; x_wconf 67' lang='grc' dir='ltr'>ἐγκρατείᾳ,</span> <span class='ocrx_word' id='word_1_31' title='bbox 754 755 842 811; x_wconf 87' lang='grc' dir='ltr'>καὶ</span> <span class='ocrx_word' id='word_1_32' title='bbox 914 755 1013 825; x_wconf 79' lang='grc' dir='ltr'><strong>τήν</strong></span> <span class='ocrx_word' id='word_1_33' title='bbox 1066 751 1313 831; x_wconf 74' lang='grc' dir='ltr'>ἀνδρείαν</span> <span class='ocrx_word' id='word_1_34' title='bbox 1367 754 1504 808; x_wconf 86' lang='grc' dir='ltr'><strong>κατά</strong></span> <span class='ocrx_word' id='word_1_35' title='bbox 1561 752 1730 827; x_wconf 89' lang='grc' dir='ltr'>θυμὸν</span> <span class='ocrx_word' id='word_1_36' title='bbox 1784 751 1834 806; x_wconf 84' lang='grc' dir='ltr'>ἐν</span> <span class='ocrx_word' id='word_1_37' title='bbox 1895 752 2032 805; x_wconf 86' lang='grc' dir='ltr'>ὑπο-</span> 
     </span>
    </p>
   </div>
   <div class='ocr_carea' id='block_1_8' title="bbox 372 839 2030 921">
    <p class='ocr_par' dir='ltr' id='par_1_8' title="bbox 372 839 2030 921">
     <span class='ocr_line' id='line_1_8' title="bbox 372 839 2030 921; baseline -0.005 -20"><span class='ocrx_word' id='word_1_38' title='bbox 372 850 520 921; x_wconf 78' lang='grc' dir='ltr'>μονῇ</span> <span class='ocrx_word' id='word_1_39' title='bbox 579 842 1031 919; x_wconf 72' lang='grc' dir='ltr'><strong>ἐπιδεικνυμένης</strong></span> <span class='ocrx_word' id='word_1_40' title='bbox 1093 864 1212 901; x_wconf 91' lang='grc' dir='ltr'>σου.</span> <span class='ocrx_word' id='word_1_41' title='bbox 1270 843 1512 917; x_wconf 82' lang='grc' dir='ltr'><strong>Ὁμοίως</strong></span> <span class='ocrx_word' id='word_1_42' title='bbox 1572 839 1630 896; x_wconf 77' lang='grc' dir='ltr'><strong>δὶ</strong></span> <span class='ocrx_word' id='word_1_43' title='bbox 1659 840 1876 903; x_wconf 89' lang='grc' dir='ltr'>τούτοις</span> <span class='ocrx_word' id='word_1_44' title='bbox 1909 861 2030 895; x_wconf 85' lang='grc' dir='ltr'>συν-</span> 
     </span>
    </p>
   </div>
   <div class='ocr_carea' id='block_1_9' title="bbox 369 930 2031 1012">
    <p class='ocr_par' dir='ltr' id='par_1_9' title="bbox 369 930 2031 1012">
     <span class='ocr_line' id='line_1_9' title="bbox 369 930 2031 1012; baseline -0.005 -21"><span class='ocrx_word' id='word_1_45' title='bbox 369 935 635 1008; x_wconf 83' lang='grc' dir='ltr'>ωραιώθη</span> <span class='ocrx_word' id='word_1_46' title='bbox 714 932 1000 1012; x_wconf 84' lang='grc' dir='ltr'>τράχηλός</span> <span class='ocrx_word' id='word_1_47' title='bbox 1087 953 1182 988; x_wconf 93' lang='grc' dir='ltr'><strong>σου</strong></span> <span class='ocrx_word' id='word_1_48' title='bbox 1268 932 1343 993; x_wconf 81' lang='grc' dir='ltr'>ὡς</span> <span class='ocrx_word' id='word_1_49' title='bbox 1418 931 1720 1008; x_wconf 85' lang='grc' dir='ltr'>ὀρμίσκοι·</span> <span class='ocrx_word' id='word_1_50' title='bbox 1807 930 1870 985; x_wconf 80' lang='grc' dir='ltr'>οὗ</span> <span class='ocrx_word' id='word_1_51' title='bbox 1927 934 2031 1005; x_wconf 73' lang='grc' dir='ltr'>γὰρ</span> 
     </span>
    </p>
   </div>
   <div class='ocr_carea' id='block_1_10' title="bbox 369 1017 2030 1098">
    <p class='ocr_par' dir='ltr' id='par_1_10' title="bbox 369 1017 2030 1098">
     <span class='ocr_line' id='line_1_10' title="bbox 369 1017 2030 1098; baseline -0.005 -19"><span class='ocrx_word' id='word_1_52' title='bbox 369 1021 635 1098; x_wconf 75' lang='grc' dir='ltr'>σιδηροῦς</span> <span class='ocrx_word' id='word_1_53' title='bbox 696 1045 791 1078; x_wconf 85' lang='grc' dir='ltr'><strong>σου</strong></span> <span class='ocrx_word' id='word_1_54' title='bbox 852 1024 880 1076; x_wconf 99' lang='lat'><strong>6</strong></span> <span class='ocrx_word' id='word_1_55' title='bbox 913 1021 1220 1098; x_wconf 74' lang='grc' dir='ltr'>τράχηλος,</span> <span class='ocrx_word' id='word_1_56' title='bbox 1254 1021 1329 1083; x_wconf 83' lang='grc' dir='ltr'><strong>ὡς</strong></span> <span class='ocrx_word' id='word_1_57' title='bbox 1385 1017 1475 1075; x_wconf 78' lang='grc' dir='ltr'><strong>διὰ</strong></span> <span class='ocrx_word' id='word_1_58' title='bbox 1503 1023 1602 1090; x_wconf 77' lang='grc' dir='ltr'>τὴν</span> <span class='ocrx_word' id='word_1_59' title='bbox 1663 1019 2030 1095; x_wconf 76' lang='grc' dir='ltr'>ὑπερηφανίαν</span> 
     </span>
    </p>
   </div>
   <div class='ocr_carea' id='block_1_11' title="bbox 372 1107 2031 1187">
    <p class='ocr_par' dir='ltr' id='par_1_11' title="bbox 372 1107 2031 1187">
     <span class='ocr_line' id='line_1_11' title="bbox 372 1107 2031 1187; baseline -0.005 -18"><span class='ocrx_word' id='word_1_60' title='bbox 372 1111 756 1187; x_wconf 82' lang='grc' dir='ltr'>ὃύσκαμπτος·</span> <span class='ocrx_word' id='word_1_61' title='bbox 817 1109 966 1167; x_wconf 84' lang='grc' dir='ltr'><strong>ἀλλά</strong></span> <span class='ocrx_word' id='word_1_62' title='bbox 1019 1111 1325 1184; x_wconf 72' lang='grc' dir='ltr'>κέκαμπται</span> <span class='ocrx_word' id='word_1_63' title='bbox 1389 1107 1478 1164; x_wconf 77' lang='grc' dir='ltr'><strong>διὰ</strong></span> <span class='ocrx_word' id='word_1_64' title='bbox 1535 1107 2031 1187; x_wconf 83' lang='grc' dir='ltr'>μετριοφροσύνην,</span> 
     </span>
    </p>
   </div>
   <div class='ocr_carea' id='block_1_12' title="bbox 377 1197 2029 1278">
    <p class='ocr_par' dir='ltr' id='par_1_12' title="bbox 377 1197 2029 1278">
     <span class='ocr_line' id='line_1_12' title="bbox 377 1197 2029 1278; baseline -0.005 -20"><span class='ocrx_word' id='word_1_65' title='bbox 377 1203 456 1267; x_wconf 81' lang='grc' dir='ltr'>ὡς</span> <span class='ocrx_word' id='word_1_66' title='bbox 510 1201 762 1278; x_wconf 83' lang='grc' dir='ltr'>ὁρμίσκοι</span> <span class='ocrx_word' id='word_1_67' title='bbox 821 1198 874 1257; x_wconf 68' lang='grc' dir='ltr'><strong>οἳ</strong></span> <span class='ocrx_word' id='word_1_68' title='bbox 930 1198 1415 1270; x_wconf 70' lang='grc' dir='ltr'><strong>κατεσκευασμένοι</strong></span> <span class='ocrx_word' id='word_1_69' title='bbox 1478 1198 1611 1254; x_wconf 72' lang='grc' dir='ltr'>εἴσὶν</span> <span class='ocrx_word' id='word_1_70' title='bbox 1668 1197 1727 1253; x_wconf 79' lang='grc' dir='ltr'>ἐκ</span> <span class='ocrx_word' id='word_1_71' title='bbox 1783 1199 2029 1273; x_wconf 83' lang='grc' dir='ltr'>χρυσοῦ’</span> 
     </span>
    </p>
   </div>
   <div class='ocr_carea' id='block_1_13' title="bbox 379 1286 2037 1365">
    <p class='ocr_par' dir='ltr' id='par_1_13' title="bbox 379 1286 2037 1365">
     <span class='ocr_line' id='line_1_13' title="bbox 379 1286 2037 1365; baseline -0.005 -17"><span class='ocrx_word' id='word_1_72' title='bbox 379 1290 444 1348; x_wconf 87' lang='grc' dir='ltr'><strong>οῦ</strong></span> <span class='ocrx_word' id='word_1_73' title='bbox 496 1293 556 1348; x_wconf 77' lang='grc' dir='ltr'>τὸ</span> <span class='ocrx_word' id='word_1_74' title='bbox 615 1287 843 1365; x_wconf 85' lang='grc' dir='ltr'>δόκιμον</span> <span class='ocrx_word' id='word_1_75' title='bbox 902 1290 992 1345; x_wconf 79' lang='grc' dir='ltr'><strong>καὶ</strong></span> <span class='ocrx_word' id='word_1_76' title='bbox 1048 1289 1282 1365; x_wconf 88' lang='grc' dir='ltr'>καθαρὸν</span> <span class='ocrx_word' id='word_1_77' title='bbox 1317 1286 1497 1344; x_wconf 77' lang='grc' dir='ltr'>διὰτὸ</span> <span class='ocrx_word' id='word_1_78' title='bbox 1556 1287 1913 1362; x_wconf 84' lang='grc' dir='ltr'>ἀνυπόκριτον</span> <span class='ocrx_word' id='word_1_79' title='bbox 1951 1307 2037 1358; x_wconf 90' lang='grc' dir='ltr'>μι-</span> 
     </span>
    </p>
   </div>
   <div class='ocr_carea' id='block_1_14' title="bbox 377 1374 2031 1458">
    <p class='ocr_par' dir='ltr' id='par_1_14' title="bbox 377 1374 2031 1458">
     <span class='ocr_line' id='line_1_14' title="bbox 377 1374 2031 1458; baseline -0.005 -21"><span class='ocrx_word' id='word_1_80' title='bbox 377 1380 559 1456; x_wconf 78' lang='grc' dir='ltr'>μεῖται</span> <span class='ocrx_word' id='word_1_81' title='bbox 589 1402 686 1436; x_wconf 88' lang='grc' dir='ltr'><strong>σου</strong></span> <span class='ocrx_word' id='word_1_82' title='bbox 713 1381 777 1436; x_wconf 88' lang='grc' dir='ltr'>τὸ</span> <span class='ocrx_word' id='word_1_83' title='bbox 805 1379 1056 1435; x_wconf 84' lang='grc' dir='ltr'>ταπεινὸν</span> <span class='ocrx_word' id='word_1_84' title='bbox 1118 1377 1397 1458; x_wconf 87' lang='grc' dir='ltr'>φρόνημα.</span> <span class='ocrx_word' id='word_1_85' title='bbox 1444 1377 1506 1435; x_wconf 78' lang='grc' dir='ltr'><strong>Εἰ</strong></span> <span class='ocrx_word' id='word_1_86' title='bbox 1564 1374 1620 1432; x_wconf 68' lang='grc' dir='ltr'><strong>δὲ</strong></span> <span class='ocrx_word' id='word_1_87' title='bbox 1671 1375 2031 1452; x_wconf 80' lang='grc' dir='ltr'>ἀνυπόκριτον</span> 
     </span>
    </p>
   </div>
   <div class='ocr_carea' id='block_1_15' title="bbox 364 1463 2033 1550">
    <p class='ocr_par' dir='ltr' id='par_1_15' title="bbox 364 1463 2033 1550">
     <span class='ocr_line' id='line_1_15' title="bbox 364 1463 2033 1550; baseline -0.005 -23"><span class='ocrx_word' id='word_1_88' title='bbox 364 1470 873 1550; x_wconf 72' lang='grc' dir='ltr'>ταπεινοφροσύνην</span> <span class='ocrx_word' id='word_1_89' title='bbox 933 1470 962 1524; x_wconf 90' lang='lat'><strong>6</strong></span> <span class='ocrx_word' id='word_1_90' title='bbox 1021 1468 1285 1545; x_wconf 86' lang='grc' dir='ltr'>ὁρμίσκος</span> <span class='ocrx_word' id='word_1_91' title='bbox 1319 1466 1596 1541; x_wconf 77' lang='grc' dir='ltr'>σημαίνει,</span> <span class='ocrx_word' id='word_1_92' title='bbox 1631 1467 1705 1528; x_wconf 82' lang='grc' dir='ltr'>ὡς</span> <span class='ocrx_word' id='word_1_93' title='bbox 1739 1463 1971 1540; x_wconf 64' lang='grc' dir='ltr'>ε’ίρηται,</span> <span class='ocrx_word' id='word_1_94' title='bbox 2004 1465 2033 1519; x_wconf 89' lang='lat'><strong>6</strong></span> 
     </span>
    </p>
   </div>
   <div class='ocr_carea' id='block_1_16' title="bbox 363 1552 2032 1638">
    <p class='ocr_par' dir='ltr' id='par_1_16' title="bbox 363 1552 2032 1638">
     <span class='ocr_line' id='line_1_16' title="bbox 363 1552 2032 1638; baseline -0.005 -23"><span class='ocrx_word' id='word_1_95' title='bbox 363 1563 467 1631; x_wconf 76' lang='grc' dir='ltr'><strong>τῆς</strong></span> <span class='ocrx_word' id='word_1_96' title='bbox 526 1560 750 1638; x_wconf 86' lang='grc' dir='ltr'>νύμφης</span> <span class='ocrx_word' id='word_1_97' title='bbox 783 1556 1018 1636; x_wconf 78' lang='grc' dir='ltr'>Χριστοῦ</span> <span class='ocrx_word' id='word_1_98' title='bbox 1075 1555 1358 1634; x_wconf 79' lang='grc' dir='ltr'>τράχηλος</span> <span class='ocrx_word' id='word_1_99' title='bbox 1385 1557 1459 1620; x_wconf 81' lang='grc' dir='ltr'><strong>ὡς</strong></span> <span class='ocrx_word' id='word_1_100' title='bbox 1486 1555 1740 1632; x_wconf 83' lang='grc' dir='ltr'>ὁρμίσκοι</span> <span class='ocrx_word' id='word_1_101' title='bbox 1773 1552 2032 1610; x_wconf 69' lang='grc' dir='ltr'>ἐπαινού-</span> 
     </span>
    </p>
   </div>
   <div class='ocr_carea' id='block_1_17' title="bbox 369 1641 2031 1725">
    <p class='ocr_par' dir='ltr' id='par_1_17' title="bbox 369 1641 2031 1725">
     <span class='ocr_line' id='line_1_17' title="bbox 369 1641 2031 1725; baseline -0.005 -19"><span class='ocrx_word' id='word_1_102' title='bbox 369 1671 580 1725; x_wconf 85' lang='grc' dir='ltr'>μενος,</span> <span class='ocrx_word' id='word_1_103' title='bbox 629 1649 720 1704; x_wconf 82' lang='grc' dir='ltr'>καὶ</span> <span class='ocrx_word' id='word_1_104' title='bbox 777 1647 994 1718; x_wconf 83' lang='grc' dir='ltr'>πλῆθος</span> <span class='ocrx_word' id='word_1_105' title='bbox 1053 1645 1300 1725; x_wconf 74' lang='grc' dir='ltr'>ἰμφαίνει</span> <span class='ocrx_word' id='word_1_106' title='bbox 1360 1647 1601 1721; x_wconf 82' lang='grc' dir='ltr'>ἀρετῶν,</span> <span class='ocrx_word' id='word_1_107' title='bbox 1649 1644 1740 1700; x_wconf 75' lang='grc' dir='ltr'>καὶ</span> <span class='ocrx_word' id='word_1_108' title='bbox 1793 1645 1896 1714; x_wconf 76' lang='grc' dir='ltr'>τήν</span> <span class='ocrx_word' id='word_1_109' title='bbox 1951 1641 2031 1721; x_wconf 81' lang='grc' dir='ltr'><strong>ἐφ’</strong></span> 
     </span>
    </p>
   </div>
   <div class='ocr_carea' id='block_1_18' title="bbox 365 1735 2027 1815">
    <p class='ocr_par' dir='ltr' id='par_1_18' title="bbox 365 1735 2027 1815">
     <span class='ocr_line' id='line_1_18' title="bbox 365 1735 2027 1815; baseline -0.005 -19"><span class='ocrx_word' id='word_1_110' title='bbox 365 1741 572 1814; x_wconf 75' lang='grc' dir='ltr'>ἑκάστῃ</span> <span class='ocrx_word' id='word_1_111' title='bbox 625 1736 1123 1815; x_wconf 75' lang='grc' dir='ltr'>ταπεινοφροσύνην</span> <span class='ocrx_word' id='word_1_112' title='bbox 1162 1780 1174 1792; x_wconf 93' lang='grc'><strong>.</strong></span> <span class='ocrx_word' id='word_1_113' title='bbox 1241 1742 1327 1798; x_wconf 77' lang='grc' dir='ltr'>Ὡς</span> <span class='ocrx_word' id='word_1_114' title='bbox 1403 1735 1508 1812; x_wconf 84' lang='grc' dir='ltr'><strong>γάρ</strong></span> <span class='ocrx_word' id='word_1_115' title='bbox 1569 1736 1597 1790; x_wconf 93' lang='lat'><strong>6</strong></span> <span class='ocrx_word' id='word_1_116' title='bbox 1656 1735 1923 1810; x_wconf 85' lang='grc' dir='ltr'>ὁρμίσκος</span> <span class='ocrx_word' id='word_1_117' title='bbox 1975 1735 2027 1788; x_wconf 81' lang='grc' dir='ltr'>ἑν</span> 
     </span>
    </p>
   </div>
   <div class='ocr_carea' id='block_1_19' title="bbox 368 1823 2028 1906">
    <p class='ocr_par' dir='ltr' id='par_1_19' title="bbox 368 1823 2028 1906">
     <span class='ocr_line' id='line_1_19' title="bbox 368 1823 2028 1906; baseline -0.005 -21"><span class='ocrx_word' id='word_1_118' title='bbox 368 1830 526 1906; x_wconf 73' lang='grc' dir='ltr'>ὀρθῷ</span> <span class='ocrx_word' id='word_1_119' title='bbox 553 1833 635 1900; x_wconf 80' lang='grc' dir='ltr'><strong>τῷ</strong></span> <span class='ocrx_word' id='word_1_120' title='bbox 665 1829 912 1903; x_wconf 79' lang='grc' dir='ltr'>σχήματι</span> <span class='ocrx_word' id='word_1_121' title='bbox 945 1825 1295 1901; x_wconf 74' lang='grc' dir='ltr'>χαλκωθεὶς,</span> <span class='ocrx_word' id='word_1_122' title='bbox 1346 1823 1568 1899; x_wconf 75' lang='grc' dir='ltr'>ὕστερον</span> <span class='ocrx_word' id='word_1_123' title='bbox 1625 1825 1930 1896; x_wconf 76' lang='grc' dir='ltr'>κάμπτεται</span> <span class='ocrx_word' id='word_1_124' title='bbox 1959 1825 2028 1898; x_wconf 76' lang='grc' dir='ltr'><strong>τῇ</strong></span> 
     </span>
    </p>
   </div>
   <div class='ocr_carea' id='block_1_20' title="bbox 365 1911 2108 2019">
    <p class='ocr_par' dir='ltr' id='par_1_20' title="bbox 365 1911 2108 2019">
     <span class='ocr_line' id='line_1_20' title="bbox 365 1911 2108 2019; baseline -0.005 -45"><span class='ocrx_word' id='word_1_125' title='bbox 365 1917 535 1997; x_wconf 80' lang='grc' dir='ltr'>χρείᾳ</span> <span class='ocrx_word' id='word_1_126' title='bbox 593 1913 1370 2019; x_wconf 58' lang='grc' dir='ltr'>συσχηματιζόμενος,οοῦτως</span> <span class='ocrx_word' id='word_1_127' title='bbox 1402 1915 1560 2019; x_wconf 42' lang='lat'><strong>6.13,»;</strong></span> <span class='ocrx_word' id='word_1_128' title='bbox 1594 1913 1788 2019; x_wconf 45' lang='grc' dir='ltr'>ἀρἐτήν</span> <span class='ocrx_word' id='word_1_129' title='bbox 1819 1911 2031 2019; x_wconf 54' lang='grc' dir='ltr'>τὲλφιρς</span> <span class='ocrx_word' id='word_1_130' title='bbox 2064 1953 2108 2019; x_wconf 78' lang='grc' dir='ltr'><strong>Β</strong></span> 
     </span>
    </p>
   </div>
   <div class='ocr_carea' id='block_1_21' title="bbox 361 1999 2032 2082">
    <p class='ocr_par' dir='ltr' id='par_1_21' title="bbox 361 1999 2032 2082">
     <span class='ocr_line' id='line_1_21' title="bbox 361 1999 2032 2082; baseline -0.005 -18"><span class='ocrx_word' id='word_1_131' title='bbox 361 2011 719 2064; x_wconf 75' lang='grc' dir='ltr'>ταπεινοῦται</span> <span class='ocrx_word' id='word_1_132' title='bbox 779 2003 868 2061; x_wconf 86' lang='grc' dir='ltr'><strong>διά</strong></span> <span class='ocrx_word' id='word_1_133' title='bbox 925 1999 1354 2082; x_wconf 76' lang='grc' dir='ltr'>συγκατάϐασιν,</span> <span class='ocrx_word' id='word_1_134' title='bbox 1416 2003 1592 2079; x_wconf 76' lang='grc' dir='ltr'>ὀρθῶς</span> <span class='ocrx_word' id='word_1_135' title='bbox 1651 2001 1723 2057; x_wconf 80' lang='grc' dir='ltr'><strong>ὢν</strong></span> <span class='ocrx_word' id='word_1_136' title='bbox 1781 2003 1860 2074; x_wconf 77' lang='grc' dir='ltr'>τῷ</span> <span class='ocrx_word' id='word_1_137' title='bbox 1929 2000 2032 2078; x_wconf 87' lang='grc' dir='ltr'><strong>βίῳ</strong></span> 
     </span>
    </p>
   </div>
   <div class='ocr_carea' id='block_1_22' title="bbox 365 2088 2040 2175">
    <p class='ocr_par' dir='ltr' id='par_1_22' title="bbox 365 2088 2040 2175">
     <span class='ocr_line' id='line_1_22' title="bbox 365 2088 2040 2175; baseline -0.005 -21"><span class='ocrx_word' id='word_1_138' title='bbox 365 2099 456 2154; x_wconf 82' lang='grc' dir='ltr'><strong>καὶ</strong></span> <span class='ocrx_word' id='word_1_139' title='bbox 517 2097 589 2163; x_wconf 75' lang='grc' dir='ltr'>τῆ</span> <span class='ocrx_word' id='word_1_140' title='bbox 650 2095 1083 2175; x_wconf 80' lang='grc' dir='ltr'>μετριοφροσύνῃ</span> <span class='ocrx_word' id='word_1_141' title='bbox 1139 2093 1562 2167; x_wconf 86' lang='grc' dir='ltr'>καμπτόμενος.</span> <span class='ocrx_word' id='word_1_142' title='bbox 1622 2092 1924 2168; x_wconf 80' lang='grc' dir='ltr'>Τράχηλος</span> <span class='ocrx_word' id='word_1_143' title='bbox 1980 2088 2040 2146; x_wconf 76' lang='grc' dir='ltr'><strong>δὲ</strong></span> 
     </span>
    </p>
   </div>
   <div class='ocr_carea' id='block_1_23' title="bbox 367 2179 2037 2262">
    <p class='ocr_par' dir='ltr' id='par_1_23' title="bbox 367 2179 2037 2262">
     <span class='ocr_line' id='line_1_23' title="bbox 367 2179 2037 2262; baseline -0.004 -20"><span class='ocrx_word' id='word_1_144' title='bbox 367 2181 848 2262; x_wconf 72' lang='grc' dir='ltr'>περιϐεϐλημένος</span> <span class='ocrx_word' id='word_1_145' title='bbox 895 2187 993 2254; x_wconf 78' lang='grc' dir='ltr'><strong>τήν</strong></span> <span class='ocrx_word' id='word_1_146' title='bbox 1070 2182 1614 2260; x_wconf 64' lang='grc' dir='ltr'>ταπεινοφροσύνηνξ,</span> <span class='ocrx_word' id='word_1_147' title='bbox 1691 2183 1753 2236; x_wconf 88' lang='grc' dir='ltr'>τὸ</span> <span class='ocrx_word' id='word_1_148' title='bbox 1812 2179 2037 2256; x_wconf 83' lang='grc' dir='ltr'>λογικόν</span> 
     </span>
    </p>
   </div>
   <div class='ocr_carea' id='block_1_24' title="bbox 374 2270 2034 2351">
    <p class='ocr_par' dir='ltr' id='par_1_24' title="bbox 374 2270 2034 2351">
     <span class='ocr_line' id='line_1_24' title="bbox 374 2270 2034 2351; baseline -0.004 -20"><span class='ocrx_word' id='word_1_149' title='bbox 374 2275 487 2331; x_wconf 73' lang='grc' dir='ltr'>ἐστι</span> <span class='ocrx_word' id='word_1_150' title='bbox 516 2283 612 2345; x_wconf 78' lang='grc' dir='ltr'>τῆς</span> <span class='ocrx_word' id='word_1_151' title='bbox 639 2278 846 2351; x_wconf 73' lang='grc' dir='ltr'>ψυχῆςο</span> <span class='ocrx_word' id='word_1_152' title='bbox 881 2273 912 2329; x_wconf 79' lang='lat'>6&#39;</span> <span class='ocrx_word' id='word_1_153' title='bbox 959 2270 1114 2344; x_wconf 86' lang='grc' dir='ltr'>δίκην</span> <span class='ocrx_word' id='word_1_154' title='bbox 1161 2270 1454 2349; x_wconf 69' lang='grc' dir='ltr'>τραχήλου</span> <span class='ocrx_word' id='word_1_155' title='bbox 1513 2271 1874 2332; x_wconf 83' lang='grc' dir='ltr'>συνάπτοντος</span> <span class='ocrx_word' id='word_1_156' title='bbox 1933 2270 2034 2339; x_wconf 81' lang='grc' dir='ltr'><strong>τήν</strong></span> 
     </span>
    </p>
   </div>
   <div class='ocr_carea' id='block_1_25' title="bbox 374 2361 2038 2444">
    <p class='ocr_par' dir='ltr' id='par_1_25' title="bbox 374 2361 2038 2444">
     <span class='ocr_line' id='line_1_25' title="bbox 374 2361 2038 2444; baseline -0.004 -24"><span class='ocrx_word' id='word_1_157' title='bbox 374 2362 618 2444; x_wconf 75' lang='grc' dir='ltr'>κεφαλὴν</span> <span class='ocrx_word' id='word_1_158' title='bbox 673 2369 752 2437; x_wconf 85' lang='grc' dir='ltr'><strong>τῷ</strong></span> <span class='ocrx_word' id='word_1_159' title='bbox 813 2363 996 2436; x_wconf 80' lang='grc' dir='ltr'>λοιπῷ</span> <span class='ocrx_word' id='word_1_160' title='bbox 1045 2363 1282 2436; x_wconf 84' lang='grc' dir='ltr'>σώματι,</span> <span class='ocrx_word' id='word_1_161' title='bbox 1344 2363 1597 2416; x_wconf 82' lang='grc' dir='ltr'>συνάπτει</span> <span class='ocrx_word' id='word_1_162' title='bbox 1655 2361 1747 2416; x_wconf 84' lang='grc' dir='ltr'>τὸν</span> <span class='ocrx_word' id='word_1_163' title='bbox 1794 2363 1918 2414; x_wconf 90' lang='grc' dir='ltr'>νοῦν</span> <span class='ocrx_word' id='word_1_164' title='bbox 1969 2362 2038 2434; x_wconf 76' lang='grc' dir='ltr'><strong>τῇ</strong></span> 
     </span>
    </p>
   </div>
   <div class='ocr_carea' id='block_1_26' title="bbox 381 2450 2038 2532">
    <p class='ocr_par' dir='ltr' id='par_1_26' title="bbox 381 2450 2038 2532">
     <span class='ocr_line' id='line_1_26' title="bbox 381 2450 2038 2532; baseline -0.004 -22"><span class='ocrx_word' id='word_1_165' title='bbox 381 2455 646 2526; x_wconf 73' lang='grc' dir='ltr'>αἰσθήσει,</span> <span class='ocrx_word' id='word_1_166' title='bbox 694 2453 824 2517; x_wconf 77' lang='grc' dir='ltr'>τοὺς</span> <span class='ocrx_word' id='word_1_167' title='bbox 893 2454 987 2527; x_wconf 71' lang='grc' dir='ltr'>μὲν</span> <span class='ocrx_word' id='word_1_168' title='bbox 1034 2453 1171 2508; x_wconf 80' lang='grc' dir='ltr'>κατὰ</span> <span class='ocrx_word' id='word_1_169' title='bbox 1217 2457 1340 2506; x_wconf 82' lang='grc' dir='ltr'>νοῦν</span> <span class='ocrx_word' id='word_1_170' title='bbox 1399 2450 1596 2527; x_wconf 87' lang='grc' dir='ltr'>λόγους</span> <span class='ocrx_word' id='word_1_171' title='bbox 1645 2453 1754 2505; x_wconf 87' lang='grc' dir='ltr'><strong>τῶν</strong></span> <span class='ocrx_word' id='word_1_172' title='bbox 1811 2450 2038 2532; x_wconf 59' lang='grc' dir='ltr'>ἀρετῶν,</span> 
     </span>
    </p>
   </div>
   <div class='ocr_carea' id='block_1_27' title="bbox 380 2537 2038 2620">
    <p class='ocr_par' dir='ltr' id='par_1_27' title="bbox 380 2537 2038 2620">
     <span class='ocr_line' id='line_1_27' title="bbox 380 2537 2038 2620; baseline -0.005 -20"><span class='ocrx_word' id='word_1_173' title='bbox 380 2545 519 2600; x_wconf 80' lang='grc' dir='ltr'><strong>κατά</strong></span> <span class='ocrx_word' id='word_1_174' title='bbox 544 2545 676 2608; x_wconf 78' lang='grc' dir='ltr'>τοὺς</span> <span class='ocrx_word' id='word_1_175' title='bbox 725 2543 936 2600; x_wconf 85' lang='grc' dir='ltr'>τούτῶν</span> <span class='ocrx_word' id='word_1_176' title='bbox 976 2542 1214 2620; x_wconf 88' lang='grc' dir='ltr'>τρόπους</span> <span class='ocrx_word' id='word_1_177' title='bbox 1247 2541 1477 2616; x_wconf 86' lang='grc' dir='ltr'>κατάγον</span> <span class='ocrx_word' id='word_1_178' title='bbox 1532 2540 1670 2616; x_wconf 85' lang='grc' dir='ltr'>πρὸς</span> <span class='ocrx_word' id='word_1_179' title='bbox 1700 2541 1800 2610; x_wconf 78' lang='grc' dir='ltr'><strong>τήν</strong></span> <span class='ocrx_word' id='word_1_180' title='bbox 1847 2537 2038 2610; x_wconf 63' lang='grc' dir='ltr'>αἴσθη-</span> 
     </span>
    </p>
   </div>
   <div class='ocr_carea' id='block_1_28' title="bbox 371 2628 2040 2710">
    <p class='ocr_par' dir='ltr' id='par_1_28' title="bbox 371 2628 2040 2710">
     <span class='ocr_line' id='line_1_28' title="bbox 371 2628 2040 2710; baseline -0.005 -19"><span class='ocrx_word' id='word_1_181' title='bbox 371 2658 480 2704; x_wconf 91' lang='grc' dir='ltr'>σιν,</span> <span class='ocrx_word' id='word_1_182' title='bbox 537 2634 671 2698; x_wconf 77' lang='grc' dir='ltr'>τοὺς</span> <span class='ocrx_word' id='word_1_183' title='bbox 727 2631 784 2688; x_wconf 66' lang='grc' dir='ltr'><strong>δὲ</strong></span> <span class='ocrx_word' id='word_1_184' title='bbox 835 2631 1078 2710; x_wconf 84' lang='grc' dir='ltr'>τρόπους</span> <span class='ocrx_word' id='word_1_185' title='bbox 1108 2630 1273 2687; x_wconf 88' lang='grc' dir='ltr'>πάλιν</span> <span class='ocrx_word' id='word_1_186' title='bbox 1322 2631 1502 2686; x_wconf 80' lang='grc' dir='ltr'>αὐτῶν</span> <span class='ocrx_word' id='word_1_187' title='bbox 1534 2629 1670 2685; x_wconf 82' lang='grc' dir='ltr'>κατὰ</span> <span class='ocrx_word' id='word_1_188' title='bbox 1726 2628 2040 2698; x_wconf 51' lang='grc' dir='ltr'>τοὺςίτού-</span> 
     </span>
    </p>
   </div>
   <div class='ocr_carea' id='block_1_29' title="bbox 367 2717 2038 2798">
    <p class='ocr_par' dir='ltr' id='par_1_29' title="bbox 367 2717 2038 2798">
     <span class='ocr_line' id='line_1_29' title="bbox 367 2717 2038 2798; baseline -0.004 -19"><span class='ocrx_word' id='word_1_189' title='bbox 367 2746 480 2779; x_wconf 90' lang='grc' dir='ltr'><strong>των</strong></span> <span class='ocrx_word' id='word_1_190' title='bbox 539 2723 738 2798; x_wconf 83' lang='grc' dir='ltr'>λόγους</span> <span class='ocrx_word' id='word_1_191' title='bbox 795 2721 992 2798; x_wconf 80' lang='grc' dir='ltr'>ἀνάγον</span> <span class='ocrx_word' id='word_1_192' title='bbox 1053 2719 1191 2794; x_wconf 75' lang='grc' dir='ltr'>πρὸς</span> <span class='ocrx_word' id='word_1_193' title='bbox 1246 2725 1391 2776; x_wconf 89' lang='grc' dir='ltr'>νοῦν.</span> <span class='ocrx_word' id='word_1_194' title='bbox 1449 2720 1519 2776; x_wconf 78' lang='lat'><strong>&quot;0</strong></span> <span class='ocrx_word' id='word_1_195' title='bbox 1577 2718 1667 2773; x_wconf 86' lang='grc' dir='ltr'>καὶ</span> <span class='ocrx_word' id='word_1_196' title='bbox 1733 2717 2038 2790; x_wconf 83' lang='grc' dir='ltr'>κάμπτεται</span> 
     </span>
    </p>
   </div>
   <div class='ocr_carea' id='block_1_30' title="bbox 368 2806 2039 2890">
    <p class='ocr_par' dir='ltr' id='par_1_30' title="bbox 368 2806 2039 2890">
     <span class='ocr_line' id='line_1_30' title="bbox 368 2806 2039 2890; baseline -0.005 -21"><span class='ocrx_word' id='word_1_197' title='bbox 368 2811 464 2869; x_wconf 85' lang='grc' dir='ltr'>διά</span> <span class='ocrx_word' id='word_1_198' title='bbox 491 2811 1010 2890; x_wconf 77' lang='grc' dir='ltr'>ταπεινοφροσύνην,</span> <span class='ocrx_word' id='word_1_199' title='bbox 1044 2811 1120 2884; x_wconf 79' lang='grc' dir='ltr'>μή</span> <span class='ocrx_word' id='word_1_200' title='bbox 1173 2807 1262 2864; x_wconf 77' lang='grc' dir='ltr'>διὰ</span> <span class='ocrx_word' id='word_1_201' title='bbox 1310 2810 1406 2878; x_wconf 69' lang='grc' dir='ltr'><strong>τὴν</strong></span> <span class='ocrx_word' id='word_1_202' title='bbox 1459 2807 1606 2878; x_wconf 84' lang='grc' dir='ltr'>ἀξίαν</span> <span class='ocrx_word' id='word_1_203' title='bbox 1655 2806 2039 2881; x_wconf 74' lang='grc' dir='ltr'>ἐπαιρόμενον,</span> 
     </span>
    </p>
   </div>
   <div class='ocr_carea' id='block_1_31' title="bbox 365 2893 2038 2976">
    <p class='ocr_par' dir='ltr' id='par_1_31' title="bbox 365 2893 2038 2976">
     <span class='ocr_line' id='line_1_31' title="bbox 365 2893 2038 2976; baseline -0.005 -19"><span class='ocrx_word' id='word_1_204' title='bbox 365 2900 520 2958; x_wconf 80' lang='grc' dir='ltr'><strong>ἀλλά</strong></span> <span class='ocrx_word' id='word_1_205' title='bbox 550 2899 641 2957; x_wconf 84' lang='grc' dir='ltr'>διά</span> <span class='ocrx_word' id='word_1_206' title='bbox 689 2902 780 2956; x_wconf 86' lang='grc' dir='ltr'>τὸν</span> <span class='ocrx_word' id='word_1_207' title='bbox 841 2904 977 2976; x_wconf 87' lang='grc' dir='ltr'>χοῦν</span> <span class='ocrx_word' id='word_1_208' title='bbox 1012 2893 1472 2972; x_wconf 80' lang='grc' dir='ltr'>συστελλόμενον.</span> <span class='ocrx_word' id='word_1_209' title='bbox 1533 2895 1638 2953; x_wconf 83' lang='grc' dir='ltr'><strong>Καὶ</strong></span> <span class='ocrx_word' id='word_1_210' title='bbox 1683 2895 1827 2950; x_wconf 65' lang='grc' dir='ltr'>οὔτω</span> <span class='ocrx_word' id='word_1_211' title='bbox 1857 2896 1958 2964; x_wconf 73' lang='grc' dir='ltr'><strong>τήν</strong></span> <span class='ocrx_word' id='word_1_212' title='bbox 1985 2893 2038 2965; x_wconf 78' lang='grc' dir='ltr'><strong>ἐξ</strong></span> 
     </span>
    </p>
   </div>
   <div class='ocr_carea' id='block_1_32' title="bbox 366 2983 2037 3063">
    <p class='ocr_par' dir='ltr' id='par_1_32' title="bbox 366 2983 2037 3063">
     <span class='ocr_line' id='line_1_32' title="bbox 366 2983 2037 3063; baseline -0.006 -16"><span class='ocrx_word' id='word_1_213' title='bbox 366 2992 540 3047; x_wconf 79' lang='grc' dir='ltr'>ἐθνῶν</span> <span class='ocrx_word' id='word_1_214' title='bbox 609 2989 956 3061; x_wconf 84' lang='grc' dir='ltr'>Ἐκκλησίαν,</span> <span class='ocrx_word' id='word_1_215' title='bbox 1026 2991 1095 3063; x_wconf 74' lang='grc' dir='ltr'><strong>τῇ</strong></span> <span class='ocrx_word' id='word_1_216' title='bbox 1169 2987 1221 3058; x_wconf 76' lang='grc' dir='ltr'><strong>ἐξ</strong></span> <span class='ocrx_word' id='word_1_217' title='bbox 1312 2984 1534 3063; x_wconf 77' lang='grc' dir='ltr'>Ἰσραὴλ</span> <span class='ocrx_word' id='word_1_218' title='bbox 1591 2983 1880 3060; x_wconf 47' lang='grc' dir='ltr'>μὸμηγύρει</span> <span class='ocrx_word' id='word_1_219' title='bbox 1929 2987 2037 3038; x_wconf 88' lang='grc' dir='ltr'><strong>τῶν</strong></span> 
     </span>
    </p>
   </div>
   <div class='ocr_carea' id='block_1_33' title="bbox 371 3073 2034 3152">
    <p class='ocr_par' dir='ltr' id='par_1_33' title="bbox 371 3073 2034 3152">
     <span class='ocr_line' id='line_1_33' title="bbox 371 3073 2034 3152; baseline -0.007 -14"><span class='ocrx_word' id='word_1_220' title='bbox 371 3080 702 3138; x_wconf 79' lang='grc' dir='ltr'>ἀποστόλων</span> <span class='ocrx_word' id='word_1_221' title='bbox 762 3079 1021 3152; x_wconf 88' lang='grc' dir='ltr'>ὡμοίωσε</span> <span class='ocrx_word' id='word_1_222' title='bbox 1082 3075 1170 3132; x_wconf 81' lang='grc' dir='ltr'><strong>διὰ</strong></span> <span class='ocrx_word' id='word_1_223' title='bbox 1223 3083 1326 3147; x_wconf 80' lang='grc' dir='ltr'>τῆς</span> <span class='ocrx_word' id='word_1_224' title='bbox 1384 3077 1463 3138; x_wconf 75' lang='grc' dir='ltr'>εὶς</span> <span class='ocrx_word' id='word_1_225' title='bbox 1527 3074 1688 3130; x_wconf 80' lang='grc' dir='ltr'>αὐτὸν</span> <span class='ocrx_word' id='word_1_226' title='bbox 1744 3073 2034 3134; x_wconf 90' lang='grc' dir='ltr'>πίστεωςὸ</span> 
     </span>
    </p>
   </div>
   <div class='ocr_carea' id='block_1_34' title="bbox 371 3164 2034 3250">
    <p class='ocr_par' dir='ltr' id='par_1_34' title="bbox 371 3164 2034 3250">
     <span class='ocr_line' id='line_1_34' title="bbox 371 3164 2034 3250; baseline -0.007 -24"><span class='ocrx_word' id='word_1_227' title='bbox 371 3171 612 3250; x_wconf 75' lang='grc' dir='ltr'>νυμφίος</span> <span class='ocrx_word' id='word_1_228' title='bbox 662 3169 864 3240; x_wconf 85' lang='grc' dir='ltr'>ταύτης</span> <span class='ocrx_word' id='word_1_229' title='bbox 923 3168 1195 3242; x_wconf 81' lang='grc' dir='ltr'>Χριστός’</span> <span class='ocrx_word' id='word_1_230' title='bbox 1255 3167 1318 3222; x_wconf 90' lang='grc' dir='ltr'>τὸ</span> <span class='ocrx_word' id='word_1_231' title='bbox 1392 3164 1650 3241; x_wconf 80' lang='grc' dir='ltr'>τριμερὶς</span> <span class='ocrx_word' id='word_1_232' title='bbox 1699 3169 1800 3233; x_wconf 79' lang='grc' dir='ltr'><strong>τῆς</strong></span> <span class='ocrx_word' id='word_1_233' title='bbox 1848 3165 2034 3238; x_wconf 80' lang='grc' dir='ltr'>ψυχῆς</span> 
     </span>
    </p>
   </div>
   <div class='ocr_carea' id='block_1_35' title="bbox 366 3251 2033 3336">
    <p class='ocr_par' dir='ltr' id='par_1_35' title="bbox 366 3251 2033 3336">
     <span class='ocr_line' id='line_1_35' title="bbox 366 3251 2033 3336; baseline -0.007 -19"><span class='ocrx_word' id='word_1_234' title='bbox 366 3258 441 3317; x_wconf 84' lang='grc' dir='ltr'>δι’</span> <span class='ocrx_word' id='word_1_235' title='bbox 502 3258 816 3336; x_wconf 64' lang='grc' dir='ltr'>ἐγκρατείας</span> <span class='ocrx_word' id='word_1_236' title='bbox 869 3257 960 3313; x_wconf 79' lang='grc' dir='ltr'>καὶ</span> <span class='ocrx_word' id='word_1_237' title='bbox 1031 3257 1317 3330; x_wconf 81' lang='grc' dir='ltr'>ὑπομονῆς</span> <span class='ocrx_word' id='word_1_238' title='bbox 1384 3254 1475 3310; x_wconf 89' lang='grc' dir='ltr'>καὶ</span> <span class='ocrx_word' id='word_1_239' title='bbox 1531 3251 2033 3330; x_wconf 78' lang='grc' dir='ltr'>ταπεινοφροσύνης</span> 
     </span>
    </p>
   </div>
   <div class='ocr_carea' id='block_1_36' title="bbox 2141 661 3800 738">
    <p class='ocr_par' dir='ltr' id='par_1_36' title="bbox 2141 661 3800 738">
     <span class='ocr_line' id='line_1_36' title="bbox 2141 661 3800 738; baseline 0.003 -21"><span class='ocrx_word' id='word_1_240' title='bbox 2141 666 2198 718; x_wconf 91' lang='lat' dir='ltr'><strong>et</strong></span> <span class='ocrx_word' id='word_1_241' title='bbox 2245 662 2304 717; x_wconf 91' lang='lat' dir='ltr'><strong>in</strong></span> <span class='ocrx_word' id='word_1_242' title='bbox 2353 661 2698 718; x_wconf 85' lang='lat' dir='ltr'><strong>cobibendis</strong></span> <span class='ocrx_word' id='word_1_243' title='bbox 2748 677 2849 733; x_wconf 88' lang='lat' dir='ltr'><strong>per</strong></span> <span class='ocrx_word' id='word_1_244' title='bbox 2899 661 3320 718; x_wconf 80' lang='lat' dir='ltr'><strong>abstinentiam</strong></span> <span class='ocrx_word' id='word_1_245' title='bbox 3372 665 3800 738; x_wconf 83' lang='lat' dir='ltr'><strong>cupiditatibus</strong></span> 
     </span>
    </p>
   </div>
   <div class='ocr_carea' id='block_1_37' title="bbox 2141 751 3804 826">
    <p class='ocr_par' dir='ltr' id='par_1_37' title="bbox 2141 751 3804 826">
     <span class='ocr_line' id='line_1_37' title="bbox 2141 751 3804 826; baseline 0.004 -18"><span class='ocrx_word' id='word_1_246' title='bbox 2141 758 2594 826; x_wconf 79' lang='lat' dir='ltr'><strong>temperantem,</strong></span> <span class='ocrx_word' id='word_1_247' title='bbox 2619 757 2676 809; x_wconf 91' lang='lat' dir='ltr'><strong>et</strong></span> <span class='ocrx_word' id='word_1_248' title='bbox 2706 753 2764 806; x_wconf 91' lang='lat' dir='ltr'><strong>in</strong></span> <span class='ocrx_word' id='word_1_249' title='bbox 2792 751 3094 809; x_wconf 82' lang='lat' dir='ltr'><strong>iracundia</strong></span> <span class='ocrx_word' id='word_1_250' title='bbox 3115 770 3219 826; x_wconf 91' lang='lat' dir='ltr'><strong>per</strong></span> <span class='ocrx_word' id='word_1_251' title='bbox 3239 755 3580 825; x_wconf 82' lang='lat' dir='ltr'><strong>patientiam</strong></span> <span class='ocrx_word' id='word_1_252' title='bbox 3607 761 3804 815; x_wconf 88' lang='lat' dir='ltr'><strong>mode-</strong></span> 
     </span>
    </p>
   </div>
   <div class='ocr_carea' id='block_1_38' title="bbox 2143 843 3800 915">
    <p class='ocr_par' dir='ltr' id='par_1_38' title="bbox 2143 843 3800 915">
     <span class='ocr_line' id='line_1_38' title="bbox 2143 843 3800 915; baseline 0.005 -18"><span class='ocrx_word' id='word_1_253' title='bbox 2143 843 2329 898; x_wconf 88' lang='lat' dir='ltr'><strong>randa</strong></span> <span class='ocrx_word' id='word_1_254' title='bbox 2359 843 2571 898; x_wconf 77' lang='lat' dir='ltr'><strong>fortem</strong></span> <span class='ocrx_word' id='word_1_255' title='bbox 2604 859 2670 899; x_wconf 86' lang='lat' dir='ltr'><strong>ac</strong></span> <span class='ocrx_word' id='word_1_256' title='bbox 2707 847 3009 898; x_wconf 89' lang='lat' dir='ltr'><strong>strenuam</strong></span> <span class='ocrx_word' id='word_1_257' title='bbox 3056 844 3300 915; x_wconf 65' lang='lat' dir='ltr'><strong>prebes.</strong></span> <span class='ocrx_word' id='word_1_258' title='bbox 3337 845 3551 901; x_wconf 85' lang='lat' dir='ltr'><strong>Collum</strong></span> <span class='ocrx_word' id='word_1_259' title='bbox 3597 848 3800 905; x_wconf 84' lang='lat' dir='ltr'><strong>itidem</strong></span> 
     </span>
    </p>
   </div>
   <div class='ocr_carea' id='block_1_39' title="bbox 2138 933 3801 1008">
    <p class='ocr_par' dir='ltr' id='par_1_39' title="bbox 2138 933 3801 1008">
     <span class='ocr_line' id='line_1_39' title="bbox 2138 933 3801 1008; baseline 0.005 -22"><span class='ocrx_word' id='word_1_260' title='bbox 2138 933 2438 1003; x_wconf 83' lang='lat' dir='ltr'><strong>pulchrum</strong></span> <span class='ocrx_word' id='word_1_261' title='bbox 2465 933 2737 988; x_wconf 82' lang='lat' dir='ltr'><strong>eﬁectum</strong></span> <span class='ocrx_word' id='word_1_262' title='bbox 2779 935 2889 997; x_wconf 82' lang='lat' dir='ltr'><strong>est,</strong></span> <span class='ocrx_word' id='word_1_263' title='bbox 2920 933 3060 987; x_wconf 83' lang='lat' dir='ltr'><strong>sicut</strong></span> <span class='ocrx_word' id='word_1_264' title='bbox 3107 935 3363 992; x_wconf 83' lang='lat' dir='ltr'><strong>monilia.</strong></span> <span class='ocrx_word' id='word_1_265' title='bbox 3397 935 3598 1008; x_wconf 87' lang='lat' dir='ltr'><strong>Neque</strong></span> <span class='ocrx_word' id='word_1_266' title='bbox 3643 939 3801 994; x_wconf 90' lang='lat' dir='ltr'><strong>enim</strong></span> 
     </span>
    </p>
   </div>
   <div class='ocr_carea' id='block_1_40' title="bbox 2143 1021 3804 1096">
    <p class='ocr_par' dir='ltr' id='par_1_40' title="bbox 2143 1021 3804 1096">
     <span class='ocr_line' id='line_1_40' title="bbox 2143 1021 3804 1096; baseline 0.004 -20"><span class='ocrx_word' id='word_1_267' title='bbox 2143 1022 2246 1077; x_wconf 88' lang='lat' dir='ltr'><strong>tibi</strong></span> <span class='ocrx_word' id='word_1_268' title='bbox 2283 1023 2533 1078; x_wconf 87' lang='lat' dir='ltr'><strong>ferreum</strong></span> <span class='ocrx_word' id='word_1_269' title='bbox 2558 1027 2648 1078; x_wconf 91' lang='lat' dir='ltr'><strong>est</strong></span> <span class='ocrx_word' id='word_1_270' title='bbox 2670 1021 2907 1092; x_wconf 86' lang='lat' dir='ltr'><strong>collum,</strong></span> <span class='ocrx_word' id='word_1_271' title='bbox 2931 1027 2996 1076; x_wconf 88' lang='lat' dir='ltr'><strong>ut</strong></span> <span class='ocrx_word' id='word_1_272' title='bbox 3017 1028 3255 1094; x_wconf 83' lang='lat' dir='ltr'><strong>propter</strong></span> <span class='ocrx_word' id='word_1_273' title='bbox 3283 1025 3623 1096; x_wconf 85' lang='lat' dir='ltr'><strong>superbiam</strong></span> <span class='ocrx_word' id='word_1_274' title='bbox 3650 1028 3804 1083; x_wconf 88' lang='lat' dir='ltr'><strong>ﬂecti</strong></span> 
     </span>
    </p>
   </div>
   <div class='ocr_carea' id='block_1_41' title="bbox 2145 1112 3805 1189">
    <p class='ocr_par' dir='ltr' id='par_1_41' title="bbox 2145 1112 3805 1189">
     <span class='ocr_line' id='line_1_41' title="bbox 2145 1112 3805 1189; baseline 0.005 -23"><span class='ocrx_word' id='word_1_275' title='bbox 2145 1116 2430 1182; x_wconf 86' lang='lat' dir='ltr'><strong>nequeat:</strong></span> <span class='ocrx_word' id='word_1_276' title='bbox 2461 1113 2563 1168; x_wconf 90' lang='lat' dir='ltr'><strong>sed</strong></span> <span class='ocrx_word' id='word_1_277' title='bbox 2595 1117 2833 1184; x_wconf 88' lang='lat' dir='ltr'><strong>propter</strong></span> <span class='ocrx_word' id='word_1_278' title='bbox 2862 1113 3204 1168; x_wconf 75' lang='lat' dir='ltr'><strong>modestiam</strong></span> <span class='ocrx_word' id='word_1_279' title='bbox 3230 1112 3396 1170; x_wconf 84' lang='lat' dir='ltr'><strong>facile</strong></span> <span class='ocrx_word' id='word_1_280' title='bbox 3417 1116 3564 1171; x_wconf 82' lang='lat' dir='ltr'><strong>verti</strong></span> <span class='ocrx_word' id='word_1_281' title='bbox 3595 1119 3805 1189; x_wconf 83' lang='lat' dir='ltr'><strong>possit,</strong></span> 
     </span>
    </p>
   </div>
   <div class='ocr_carea' id='block_1_42' title="bbox 2144 1201 3806 1278">
    <p class='ocr_par' dir='ltr' id='par_1_42' title="bbox 2144 1201 3806 1278">
     <span class='ocr_line' id='line_1_42' title="bbox 2144 1201 3806 1278; baseline 0.005 -22"><span class='ocrx_word' id='word_1_282' title='bbox 2144 1205 2210 1256; x_wconf 92' lang='lat' dir='ltr'><strong>ut</strong></span> <span class='ocrx_word' id='word_1_283' title='bbox 2239 1201 2484 1258; x_wconf 89' lang='lat' dir='ltr'><strong>monilia</strong></span> <span class='ocrx_word' id='word_1_284' title='bbox 2513 1219 2582 1258; x_wconf 84' lang='lat' dir='ltr'><strong>ex</strong></span> <span class='ocrx_word' id='word_1_285' title='bbox 2613 1220 2757 1259; x_wconf 88' lang='lat' dir='ltr'><strong>auro</strong></span> <span class='ocrx_word' id='word_1_286' title='bbox 2806 1202 3104 1259; x_wconf 85' lang='lat' dir='ltr'><strong>elaborata</strong></span> <span class='ocrx_word' id='word_1_287' title='bbox 3139 1221 3151 1259; x_wconf 93' lang='lat'><strong>:</strong></span> <span class='ocrx_word' id='word_1_288' title='bbox 3185 1206 3357 1276; x_wconf 84' lang='lat' dir='ltr'><strong>cujus</strong></span> <span class='ocrx_word' id='word_1_289' title='bbox 3401 1207 3642 1278; x_wconf 91' lang='lat' dir='ltr'><strong>quidem</strong></span> <span class='ocrx_word' id='word_1_290' title='bbox 3676 1209 3806 1264; x_wconf 87' lang='lat' dir='ltr'><strong>auri</strong></span> 
     </span>
    </p>
   </div>
   <div class='ocr_carea' id='block_1_43' title="bbox 2143 1291 3805 1370">
    <p class='ocr_par' dir='ltr' id='par_1_43' title="bbox 2143 1291 3805 1370">
     <span class='ocr_line' id='line_1_43' title="bbox 2143 1291 3805 1370; baseline 0.006 -24"><span class='ocrx_word' id='word_1_291' title='bbox 2143 1291 2497 1362; x_wconf 84' lang='lat' dir='ltr'><strong>probitatem</strong></span> <span class='ocrx_word' id='word_1_292' title='bbox 2522 1310 2588 1348; x_wconf 88' lang='lat' dir='ltr'><strong>ac</strong></span> <span class='ocrx_word' id='word_1_293' title='bbox 2619 1293 2936 1365; x_wconf 85' lang='lat' dir='ltr'><strong>puritatem</strong></span> <span class='ocrx_word' id='word_1_294' title='bbox 2970 1293 3276 1350; x_wconf 88' lang='lat' dir='ltr'><strong>humilitas</strong></span> <span class='ocrx_word' id='word_1_295' title='bbox 3298 1300 3401 1352; x_wconf 90' lang='lat' dir='ltr'><strong>tua</strong></span> <span class='ocrx_word' id='word_1_296' title='bbox 3423 1297 3805 1370; x_wconf 86' lang='lat' dir='ltr'><strong>simplicitate</strong></span> 
     </span>
    </p>
   </div>
   <div class='ocr_carea' id='block_1_44' title="bbox 2145 1380 3808 1447">
    <p class='ocr_par' dir='ltr' id='par_1_44' title="bbox 2145 1380 3808 1447">
     <span class='ocr_line' id='line_1_44' title="bbox 2145 1380 3808 1447; baseline 0.007 -12"><span class='ocrx_word' id='word_1_297' title='bbox 2145 1397 2262 1436; x_wconf 93' lang='lat' dir='ltr'><strong>non</strong></span> <span class='ocrx_word' id='word_1_298' title='bbox 2293 1380 2434 1437; x_wconf 90' lang='lat' dir='ltr'><strong>ﬁcta</strong></span> <span class='ocrx_word' id='word_1_299' title='bbox 2462 1382 2751 1438; x_wconf 87' lang='lat' dir='ltr'><strong>imitatur.</strong></span> <span class='ocrx_word' id='word_1_300' title='bbox 2775 1383 2937 1447; x_wconf 84' lang='lat' dir='ltr'><strong>Quod</strong></span> <span class='ocrx_word' id='word_1_301' title='bbox 2972 1383 3018 1439; x_wconf 90' lang='lat' dir='ltr'><strong>si</strong></span> <span class='ocrx_word' id='word_1_302' title='bbox 3055 1383 3300 1440; x_wconf 89' lang='lat' dir='ltr'><strong>minime</strong></span> <span class='ocrx_word' id='word_1_303' title='bbox 3327 1386 3669 1444; x_wconf 87' lang='lat' dir='ltr'><strong>simulatam</strong></span> <span class='ocrx_word' id='word_1_304' title='bbox 3699 1389 3808 1446; x_wconf 91' lang='lat' dir='ltr'><strong>hu-</strong></span> 
     </span>
    </p>
   </div>
   <div class='ocr_carea' id='block_1_45' title="bbox 2144 1469 3805 1549">
    <p class='ocr_par' dir='ltr' id='par_1_45' title="bbox 2144 1469 3805 1549">
     <span class='ocr_line' id='line_1_45' title="bbox 2144 1469 3805 1549; baseline 0.007 -25"><span class='ocrx_word' id='word_1_305' title='bbox 2144 1469 2455 1526; x_wconf 89' lang='lat' dir='ltr'><strong>militatem</strong></span> <span class='ocrx_word' id='word_1_306' title='bbox 2488 1471 2706 1527; x_wconf 90' lang='lat' dir='ltr'><strong>monile</strong></span> <span class='ocrx_word' id='word_1_307' title='bbox 2737 1471 3052 1544; x_wconf 89' lang='lat' dir='ltr'><strong>signiﬁcat,</strong></span> <span class='ocrx_word' id='word_1_308' title='bbox 3086 1475 3152 1528; x_wconf 90' lang='lat' dir='ltr'><strong>ut</strong></span> <span class='ocrx_word' id='word_1_309' title='bbox 3181 1473 3407 1530; x_wconf 92' lang='lat' dir='ltr'><strong>dictum</strong></span> <span class='ocrx_word' id='word_1_310' title='bbox 3439 1481 3550 1547; x_wconf 89' lang='lat' dir='ltr'><strong>est,</strong></span> <span class='ocrx_word' id='word_1_311' title='bbox 3573 1493 3805 1549; x_wconf 71' lang='lat' dir='ltr'><strong>sponsas</strong></span> 
     </span>
    </p>
   </div>
   <div class='ocr_carea' id='block_1_46' title="bbox 2142 1557 3805 1635">
    <p class='ocr_par' dir='ltr' id='par_1_46' title="bbox 2142 1557 3805 1635">
     <span class='ocr_line' id='line_1_46' title="bbox 2142 1557 3805 1635; baseline 0.007 -22"><span class='ocrx_word' id='word_1_312' title='bbox 2142 1557 2359 1615; x_wconf 88' lang='lat' dir='ltr'><strong>Christi</strong></span> <span class='ocrx_word' id='word_1_313' title='bbox 2393 1559 2605 1616; x_wconf 91' lang='lat' dir='ltr'><strong>collum</strong></span> <span class='ocrx_word' id='word_1_314' title='bbox 2633 1565 2918 1632; x_wconf 88' lang='lat' dir='ltr'><strong>tanquam</strong></span> <span class='ocrx_word' id='word_1_315' title='bbox 2949 1562 3192 1619; x_wconf 90' lang='lat' dir='ltr'><strong>monilia</strong></span> <span class='ocrx_word' id='word_1_316' title='bbox 3218 1566 3720 1635; x_wconf 88' lang='lat' dir='ltr'><strong>commendatum,</strong></span> <span class='ocrx_word' id='word_1_317' title='bbox 3747 1572 3805 1624; x_wconf 90' lang='lat' dir='ltr'><strong>et</strong></span> 
     </span>
    </p>
   </div>
   <div class='ocr_carea' id='block_1_47' title="bbox 2140 1647 3806 1727">
    <p class='ocr_par' dir='ltr' id='par_1_47' title="bbox 2140 1647 3806 1727">
     <span class='ocr_line' id='line_1_47' title="bbox 2140 1647 3806 1727; baseline 0.007 -25"><span class='ocrx_word' id='word_1_318' title='bbox 2140 1647 2425 1704; x_wconf 89' lang='lat' dir='ltr'><strong>virtutum</strong></span> <span class='ocrx_word' id='word_1_319' title='bbox 2474 1649 2700 1706; x_wconf 88' lang='lat' dir='ltr'><strong>indicat</strong></span> <span class='ocrx_word' id='word_1_320' title='bbox 2746 1651 3214 1724; x_wconf 86' lang='lat' dir='ltr'><strong>multitudinem,</strong></span> <span class='ocrx_word' id='word_1_321' title='bbox 3256 1658 3313 1710; x_wconf 93' lang='lat' dir='ltr'><strong>et</strong></span> <span class='ocrx_word' id='word_1_322' title='bbox 3361 1655 3712 1727; x_wconf 85' lang='lat' dir='ltr'><strong>implicitam</strong></span> <span class='ocrx_word' id='word_1_323' title='bbox 3746 1659 3806 1714; x_wconf 94' lang='lat' dir='ltr'><strong>in</strong></span> 
     </span>
    </p>
   </div>
   <div class='ocr_carea' id='block_1_48' title="bbox 2142 1738 3803 1812">
    <p class='ocr_par' dir='ltr' id='par_1_48' title="bbox 2142 1738 3803 1812">
     <span class='ocr_line' id='line_1_48' title="bbox 2142 1738 3803 1812; baseline 0.007 -19"><span class='ocrx_word' id='word_1_324' title='bbox 2142 1738 2392 1812; x_wconf 84' lang='lat' dir='ltr'><strong>singulis</strong></span> <span class='ocrx_word' id='word_1_325' title='bbox 2435 1741 2756 1797; x_wconf 89' lang='lat' dir='ltr'><strong>virtutibus</strong></span> <span class='ocrx_word' id='word_1_326' title='bbox 2820 1741 3237 1799; x_wconf 89' lang='lat' dir='ltr'><strong>humilitatem.</strong></span> <span class='ocrx_word' id='word_1_327' title='bbox 3292 1746 3803 1810; x_wconf 86' lang='lat' dir='ltr'><strong>Quemadmodum</strong></span> 
     </span>
    </p>
   </div>
   <div class='ocr_carea' id='block_1_49' title="bbox 2139 1827 3802 1904">
    <p class='ocr_par' dir='ltr' id='par_1_49' title="bbox 2139 1827 3802 1904">
     <span class='ocr_line' id='line_1_49' title="bbox 2139 1827 3802 1904; baseline 0.006 -21"><span class='ocrx_word' id='word_1_328' title='bbox 2139 1827 2298 1883; x_wconf 91' lang='lat' dir='ltr'><strong>enim</strong></span> <span class='ocrx_word' id='word_1_329' title='bbox 2325 1830 2540 1886; x_wconf 86' lang='lat' dir='ltr'><strong>monile</strong></span> <span class='ocrx_word' id='word_1_330' title='bbox 2568 1833 2725 1885; x_wconf 89' lang='lat' dir='ltr'><strong>recta</strong></span> <span class='ocrx_word' id='word_1_331' title='bbox 2748 1830 2937 1903; x_wconf 89' lang='lat' dir='ltr'><strong>ﬁgura</strong></span> <span class='ocrx_word' id='word_1_332' title='bbox 2959 1830 3123 1904; x_wconf 89' lang='lat' dir='ltr'><strong>prius</strong></span> <span class='ocrx_word' id='word_1_333' title='bbox 3148 1833 3220 1888; x_wconf 89' lang='lat' dir='ltr'><strong>ab</strong></span> <span class='ocrx_word' id='word_1_334' title='bbox 3249 1832 3472 1890; x_wconf 88' lang='lat' dir='ltr'><strong>artiﬁce</strong></span> <span class='ocrx_word' id='word_1_335' title='bbox 3494 1837 3802 1904; x_wconf 85' lang='lat' dir='ltr'><strong>conﬁalur,</strong></span> 
     </span>
    </p>
   </div>
   <div class='ocr_carea' id='block_1_50' title="bbox 2138 1919 3807 1983">
    <p class='ocr_par' dir='ltr' id='par_1_50' title="bbox 2138 1919 3807 1983">
     <span class='ocr_line' id='line_1_50' title="bbox 2138 1919 3807 1983; baseline 0.005 -9"><span class='ocrx_word' id='word_1_336' title='bbox 2138 1919 2348 1976; x_wconf 90' lang='lat' dir='ltr'><strong>deinde</strong></span> <span class='ocrx_word' id='word_1_337' title='bbox 2379 1921 2439 1976; x_wconf 91' lang='lat' dir='ltr'><strong>in</strong></span> <span class='ocrx_word' id='word_1_338' title='bbox 2470 1921 2758 1977; x_wconf 88' lang='lat' dir='ltr'><strong>circulum</strong></span> <span class='ocrx_word' id='word_1_339' title='bbox 2791 1923 3241 1979; x_wconf 88' lang='lat' dir='ltr'><strong>accommodate</strong></span> <span class='ocrx_word' id='word_1_340' title='bbox 3263 1925 3332 1980; x_wconf 88' lang='lat' dir='ltr'><strong>ad</strong></span> <span class='ocrx_word' id='word_1_341' title='bbox 3363 1942 3535 1982; x_wconf 88' lang='lat' dir='ltr'><strong>usum</strong></span> <span class='ocrx_word' id='word_1_342' title='bbox 3559 1927 3807 1983; x_wconf 86' lang='lat' dir='ltr'><strong>circum-</strong></span> 
     </span>
    </p>
   </div>
   <div class='ocr_carea' id='block_1_51' title="bbox 2151 2007 3811 2084">
    <p class='ocr_par' dir='ltr' id='par_1_51' title="bbox 2151 2007 3811 2084">
     <span class='ocr_line' id='line_1_51' title="bbox 2151 2007 3811 2084; baseline 0.007 -22"><span class='ocrx_word' id='word_1_343' title='bbox 2151 2007 2408 2064; x_wconf 86' lang='lat' dir='ltr'><strong>flectitur</strong></span> <span class='ocrx_word' id='word_1_344' title='bbox 2435 2027 2448 2066; x_wconf 90' lang='lat'><strong>:</strong></span> <span class='ocrx_word' id='word_1_345' title='bbox 2486 2011 2570 2066; x_wconf 91' lang='lat' dir='ltr'><strong>sic</strong></span> <span class='ocrx_word' id='word_1_346' title='bbox 2601 2010 2778 2066; x_wconf 91' lang='lat' dir='ltr'><strong>homo</strong></span> <span class='ocrx_word' id='word_1_347' title='bbox 2808 2011 3024 2067; x_wconf 90' lang='lat' dir='ltr'><strong>virtute</strong></span> <span class='ocrx_word' id='word_1_348' title='bbox 3055 2013 3515 2084; x_wconf 82' lang='lat' dir='ltr'><strong>perfectus,cum</strong></span> <span class='ocrx_word' id='word_1_349' title='bbox 3539 2017 3811 2074; x_wconf 85' lang='lat' dir='ltr'><strong>absoluta</strong></span> 
     </span>
    </p>
   </div>
   <div class='ocr_carea' id='block_1_52' title="bbox 2147 2097 3808 2178">
    <p class='ocr_par' dir='ltr' id='par_1_52' title="bbox 2147 2097 3808 2178">
     <span class='ocr_line' id='line_1_52' title="bbox 2147 2097 3808 2178; baseline 0.007 -27"><span class='ocrx_word' id='word_1_350' title='bbox 2147 2097 2277 2152; x_wconf 68' lang='lat' dir='ltr'><strong>vita:</strong></span> <span class='ocrx_word' id='word_1_351' title='bbox 2319 2099 2720 2156; x_wconf 80' lang='lat' dir='ltr'><strong>moderatione</strong></span> <span class='ocrx_word' id='word_1_352' title='bbox 2764 2104 2958 2157; x_wconf 87' lang='lat' dir='ltr'><strong>rectus</strong></span> <span class='ocrx_word' id='word_1_353' title='bbox 2989 2101 3087 2166; x_wconf 90' lang='lat' dir='ltr'><strong>sit,</strong></span> <span class='ocrx_word' id='word_1_354' title='bbox 3121 2102 3345 2159; x_wconf 68' lang='lat' dir='ltr'><strong>casteria</strong></span> <span class='ocrx_word' id='word_1_355' title='bbox 3393 2105 3808 2178; x_wconf 88' lang='lat' dir='ltr'><strong>compatiendo</strong></span> 
     </span>
    </p>
   </div>
   <div class='ocr_carea' id='block_1_53' title="bbox 2149 2187 3808 2263">
    <p class='ocr_par' dir='ltr' id='par_1_53' title="bbox 2149 2187 3808 2263">
     <span class='ocr_line' id='line_1_53' title="bbox 2149 2187 3808 2263; baseline 0.007 -22"><span class='ocrx_word' id='word_1_356' title='bbox 2149 2203 2252 2257; x_wconf 90' lang='lat' dir='ltr'><strong>per</strong></span> <span class='ocrx_word' id='word_1_357' title='bbox 2281 2187 2675 2244; x_wconf 88' lang='lat' dir='ltr'><strong>humilitatem</strong></span> <span class='ocrx_word' id='word_1_358' title='bbox 2710 2190 2964 2245; x_wconf 89' lang='lat' dir='ltr'><strong>ﬂectitur</strong></span> <span class='ocrx_word' id='word_1_359' title='bbox 3002 2194 3179 2263; x_wconf 89' lang='lat' dir='ltr'><strong>atque</strong></span> <span class='ocrx_word' id='word_1_360' title='bbox 3210 2193 3559 2250; x_wconf 88' lang='lat' dir='ltr'><strong>demittitur.</strong></span> <span class='ocrx_word' id='word_1_361' title='bbox 3583 2197 3655 2250; x_wconf 88' lang='lat' dir='ltr'><strong>At</strong></span> <span class='ocrx_word' id='word_1_362' title='bbox 3685 2197 3808 2252; x_wconf 88' lang='lat' dir='ltr'><strong>col-</strong></span> 
     </span>
    </p>
   </div>
   <div class='ocr_carea' id='block_1_54' title="bbox 2149 2274 3807 2357">
    <p class='ocr_par' dir='ltr' id='par_1_54' title="bbox 2149 2274 3807 2357">
     <span class='ocr_line' id='line_1_54' title="bbox 2149 2274 3807 2357; baseline 0.006 -27"><span class='ocrx_word' id='word_1_363' title='bbox 2149 2274 2271 2331; x_wconf 87' lang='lat' dir='ltr'><strong>lum</strong></span> <span class='ocrx_word' id='word_1_364' title='bbox 2306 2277 2640 2334; x_wconf 90' lang='lat' dir='ltr'><strong>humilitate</strong></span> <span class='ocrx_word' id='word_1_365' title='bbox 2662 2279 3119 2350; x_wconf 89' lang='lat' dir='ltr'><strong>circumdatum,</strong></span> <span class='ocrx_word' id='word_1_366' title='bbox 3140 2286 3229 2336; x_wconf 87' lang='lat' dir='ltr'><strong>est</strong></span> <span class='ocrx_word' id='word_1_367' title='bbox 3262 2281 3442 2337; x_wconf 89' lang='lat' dir='ltr'><strong>animi</strong></span> <span class='ocrx_word' id='word_1_368' title='bbox 3475 2285 3623 2340; x_wconf 88' lang='lat' dir='ltr'><strong>ratio</strong></span> <span class='ocrx_word' id='word_1_369' title='bbox 3656 2302 3807 2357; x_wconf 70' lang='lat' dir='ltr'><strong>quae,</strong></span> 
     </span>
    </p>
   </div>
   <div class='ocr_carea' id='block_1_55' title="bbox 2150 2365 3816 2446">
    <p class='ocr_par' dir='ltr' id='par_1_55' title="bbox 2150 2365 3816 2446">
     <span class='ocr_line' id='line_1_55' title="bbox 2150 2365 3816 2446; baseline 0.007 -26"><span class='ocrx_word' id='word_1_370' title='bbox 2150 2369 2212 2420; x_wconf 89' lang='lat' dir='ltr'><strong>ut</strong></span> <span class='ocrx_word' id='word_1_371' title='bbox 2245 2365 2458 2422; x_wconf 90' lang='lat' dir='ltr'><strong>collum</strong></span> <span class='ocrx_word' id='word_1_372' title='bbox 2492 2367 2716 2438; x_wconf 90' lang='lat' dir='ltr'><strong>reliquo</strong></span> <span class='ocrx_word' id='word_1_373' title='bbox 2743 2369 2971 2439; x_wconf 91' lang='lat' dir='ltr'><strong>corpori</strong></span> <span class='ocrx_word' id='word_1_374' title='bbox 3005 2379 3184 2441; x_wconf 89' lang='lat' dir='ltr'><strong>caput</strong></span> <span class='ocrx_word' id='word_1_375' title='bbox 3211 2373 3536 2444; x_wconf 88' lang='lat' dir='ltr'><strong>conjungit,</strong></span> <span class='ocrx_word' id='word_1_376' title='bbox 3570 2375 3654 2430; x_wconf 89' lang='lat' dir='ltr'><strong>sic</strong></span> <span class='ocrx_word' id='word_1_377' title='bbox 3684 2376 3816 2446; x_wconf 89' lang='lat' dir='ltr'><strong>ipsa</strong></span> 
     </span>
    </p>
   </div>
   <div class='ocr_carea' id='block_1_56' title="bbox 2150 2459 3805 2519">
    <p class='ocr_par' dir='ltr' id='par_1_56' title="bbox 2150 2459 3805 2519">
     <span class='ocr_line' id='line_1_56' title="bbox 2150 2459 3805 2519; baseline 0.005 -9"><span class='ocrx_word' id='word_1_378' title='bbox 2150 2459 2411 2511; x_wconf 89' lang='lat' dir='ltr'><strong>mentem</strong></span> <span class='ocrx_word' id='word_1_379' title='bbox 2435 2473 2568 2512; x_wconf 92' lang='lat' dir='ltr'><strong>cum</strong></span> <span class='ocrx_word' id='word_1_380' title='bbox 2597 2459 2871 2514; x_wconf 88' lang='lat' dir='ltr'><strong>sensibus</strong></span> <span class='ocrx_word' id='word_1_381' title='bbox 2897 2459 3193 2515; x_wconf 90' lang='lat' dir='ltr'><strong>connectit</strong></span> <span class='ocrx_word' id='word_1_382' title='bbox 3219 2476 3231 2513; x_wconf 96' lang='lat'><strong>:</strong></span> <span class='ocrx_word' id='word_1_383' title='bbox 3257 2461 3400 2515; x_wconf 90' lang='lat' dir='ltr'><strong>dum</strong></span> <span class='ocrx_word' id='word_1_384' title='bbox 3423 2477 3490 2516; x_wconf 85' lang='lat' dir='ltr'><strong>ex</strong></span> <span class='ocrx_word' id='word_1_385' title='bbox 3523 2463 3805 2519; x_wconf 88' lang='lat' dir='ltr'><strong>virtutum</strong></span> 
     </span>
    </p>
   </div>
   <div class='ocr_carea' id='block_1_57' title="bbox 2150 2544 3812 2624">
    <p class='ocr_par' dir='ltr' id='par_1_57' title="bbox 2150 2544 3812 2624">
     <span class='ocr_line' id='line_1_57' title="bbox 2150 2544 3812 2624; baseline 0.005 -25"><span class='ocrx_word' id='word_1_386' title='bbox 2150 2544 2354 2600; x_wconf 88' lang='lat' dir='ltr'><strong>habitu</strong></span> <span class='ocrx_word' id='word_1_387' title='bbox 2412 2551 2666 2601; x_wconf 91' lang='lat' dir='ltr'><strong>mentem</strong></span> <span class='ocrx_word' id='word_1_388' title='bbox 2729 2563 2832 2619; x_wconf 92' lang='lat' dir='ltr'><strong>per</strong></span> <span class='ocrx_word' id='word_1_389' title='bbox 2877 2547 3137 2603; x_wconf 90' lang='lat' dir='ltr'><strong>actiones</strong></span> <span class='ocrx_word' id='word_1_390' title='bbox 3185 2549 3459 2605; x_wconf 88' lang='lat' dir='ltr'><strong>sensibus</strong></span> <span class='ocrx_word' id='word_1_391' title='bbox 3510 2551 3812 2624; x_wconf 84' lang='lat' dir='ltr'><strong>applicat:</strong></span> 
     </span>
    </p>
   </div>
   <div class='ocr_carea' id='block_1_58' title="bbox 2152 2639 3816 2712">
    <p class='ocr_par' dir='ltr' id='par_1_58' title="bbox 2152 2639 3816 2712">
     <span class='ocr_line' id='line_1_58' title="bbox 2152 2639 3816 2712; baseline 0.005 -23"><span class='ocrx_word' id='word_1_392' title='bbox 2152 2651 2484 2706; x_wconf 84' lang='lat' dir='ltr'><strong>sensusque</strong></span> <span class='ocrx_word' id='word_1_393' title='bbox 2516 2653 2752 2692; x_wconf 84' lang='lat' dir='ltr'><strong>rursum</strong></span> <span class='ocrx_word' id='word_1_394' title='bbox 2773 2654 2842 2692; x_wconf 84' lang='lat' dir='ltr'><strong>ex</strong></span> <span class='ocrx_word' id='word_1_395' title='bbox 2872 2639 3160 2692; x_wconf 84' lang='lat' dir='ltr'><strong>virtutum</strong></span> <span class='ocrx_word' id='word_1_396' title='bbox 3184 2639 3523 2712; x_wconf 71' lang='lat' dir='ltr'><strong>praescripto</strong></span> <span class='ocrx_word' id='word_1_397' title='bbox 3545 2641 3618 2696; x_wconf 91' lang='lat' dir='ltr'><strong>ad</strong></span> <span class='ocrx_word' id='word_1_398' title='bbox 3651 2659 3816 2698; x_wconf 85' lang='lat' dir='ltr'><strong>men—</strong></span> 
     </span>
    </p>
   </div>
   <div class='ocr_carea' id='block_1_59' title="bbox 2149 2725 3814 2798">
    <p class='ocr_par' dir='ltr' id='par_1_59' title="bbox 2149 2725 3814 2798">
     <span class='ocr_line' id='line_1_59' title="bbox 2149 2725 3814 2798; baseline 0.005 -20"><span class='ocrx_word' id='word_1_399' title='bbox 2149 2729 2268 2779; x_wconf 90' lang='lat' dir='ltr'><strong>tem</strong></span> <span class='ocrx_word' id='word_1_400' title='bbox 2301 2725 2549 2780; x_wconf 87' lang='lat' dir='ltr'><strong>reducit.</strong></span> <span class='ocrx_word' id='word_1_401' title='bbox 2586 2725 2866 2781; x_wconf 87' lang='lat' dir='ltr'><strong>Flectitur</strong></span> <span class='ocrx_word' id='word_1_402' title='bbox 2910 2727 3048 2782; x_wconf 90' lang='lat' dir='ltr'><strong>item</strong></span> <span class='ocrx_word' id='word_1_403' title='bbox 3083 2743 3187 2798; x_wconf 91' lang='lat' dir='ltr'><strong>per</strong></span> <span class='ocrx_word' id='word_1_404' title='bbox 3216 2727 3636 2796; x_wconf 89' lang='lat' dir='ltr'><strong>humilitatem,</strong></span> <span class='ocrx_word' id='word_1_405' title='bbox 3672 2731 3814 2787; x_wconf 90' lang='lat' dir='ltr'><strong>dum</strong></span> 
     </span>
    </p>
   </div>
   <div class='ocr_carea' id='block_1_60' title="bbox 2149 2815 3816 2892">
    <p class='ocr_par' dir='ltr' id='par_1_60' title="bbox 2149 2815 3816 2892">
     <span class='ocr_line' id='line_1_60' title="bbox 2149 2815 3816 2892; baseline 0.005 -24"><span class='ocrx_word' id='word_1_406' title='bbox 2149 2829 2267 2869; x_wconf 90' lang='lat' dir='ltr'><strong>non</strong></span> <span class='ocrx_word' id='word_1_407' title='bbox 2301 2830 2370 2869; x_wconf 84' lang='lat' dir='ltr'><strong>ex</strong></span> <span class='ocrx_word' id='word_1_408' title='bbox 2399 2815 2635 2886; x_wconf 89' lang='lat' dir='ltr'><strong>propria</strong></span> <span class='ocrx_word' id='word_1_409' title='bbox 2657 2815 2957 2871; x_wconf 83' lang='lat' dir='ltr'><strong>extollitur</strong></span> <span class='ocrx_word' id='word_1_410' title='bbox 2978 2816 3304 2888; x_wconf 88' lang='lat' dir='ltr'><strong>dignitate:</strong></span> <span class='ocrx_word' id='word_1_411' title='bbox 3330 2818 3430 2873; x_wconf 90' lang='lat' dir='ltr'><strong>sed</strong></span> <span class='ocrx_word' id='word_1_412' title='bbox 3455 2835 3524 2874; x_wconf 82' lang='lat' dir='ltr'><strong>ex</strong></span> <span class='ocrx_word' id='word_1_413' title='bbox 3556 2819 3816 2892; x_wconf 88' lang='lat' dir='ltr'><strong>pulveris</strong></span> 
     </span>
    </p>
   </div>
   <div class='ocr_carea' id='block_1_61' title="bbox 2149 2904 3819 2976">
    <p class='ocr_par' dir='ltr' id='par_1_61' title="bbox 2149 2904 3819 2976">
     <span class='ocr_line' id='line_1_61' title="bbox 2149 2904 3819 2976; baseline 0.004 -19"><span class='ocrx_word' id='word_1_414' title='bbox 2149 2918 2213 2957; x_wconf 93' lang='lat' dir='ltr'><strong>ac</strong></span> <span class='ocrx_word' id='word_1_415' title='bbox 2263 2904 2521 2958; x_wconf 82' lang='lat' dir='ltr'><strong>materiae</strong></span> <span class='ocrx_word' id='word_1_416' title='bbox 2571 2904 2898 2976; x_wconf 84' lang='lat' dir='ltr'><strong>abjectione</strong></span> <span class='ocrx_word' id='word_1_417' title='bbox 2946 2905 3298 2962; x_wconf 79' lang='lat' dir='ltr'><strong>demittitur.</strong></span> <span class='ocrx_word' id='word_1_418' title='bbox 3331 2907 3436 2963; x_wconf 87' lang='lat' dir='ltr'><strong>His</strong></span> <span class='ocrx_word' id='word_1_419' title='bbox 3487 2909 3819 2964; x_wconf 82' lang='lat' dir='ltr'><strong>rationibus</strong></span> 
     </span>
    </p>
   </div>
   <div class='ocr_carea' id='block_1_62' title="bbox 2150 2990 3818 3068">
    <p class='ocr_par' dir='ltr' id='par_1_62' title="bbox 2150 2990 3818 3068">
     <span class='ocr_line' id='line_1_62' title="bbox 2150 2990 3818 3068; baseline 0.005 -22"><span class='ocrx_word' id='word_1_420' title='bbox 2150 2990 2468 3047; x_wconf 73' lang='lat' dir='ltr'><strong>Ecclesium</strong></span> <span class='ocrx_word' id='word_1_421' title='bbox 2512 3008 2582 3048; x_wconf 88' lang='lat' dir='ltr'><strong>ex</strong></span> <span class='ocrx_word' id='word_1_422' title='bbox 2632 2993 2910 3065; x_wconf 90' lang='lat' dir='ltr'><strong>gentibus</strong></span> <span class='ocrx_word' id='word_1_423' title='bbox 2957 3002 3217 3050; x_wconf 88' lang='lat' dir='ltr'><strong>coactam</strong></span> <span class='ocrx_word' id='word_1_424' title='bbox 3267 3012 3370 3068; x_wconf 89' lang='lat' dir='ltr'><strong>per</strong></span> <span class='ocrx_word' id='word_1_425' title='bbox 3416 2997 3592 3053; x_wconf 90' lang='lat' dir='ltr'><strong>ﬁdem</strong></span> <span class='ocrx_word' id='word_1_426' title='bbox 3643 2998 3704 3053; x_wconf 90' lang='lat' dir='ltr'><strong>in</strong></span> <span class='ocrx_word' id='word_1_427' title='bbox 3755 3015 3818 3055; x_wconf 88' lang='lat' dir='ltr'><strong>se</strong></span> 
     </span>
    </p>
   </div>
   <div class='ocr_carea' id='block_1_63' title="bbox 2147 3081 3809 3152">
    <p class='ocr_par' dir='ltr' id='par_1_63' title="bbox 2147 3081 3809 3152">
     <span class='ocr_line' id='line_1_63' title="bbox 2147 3081 3809 3152; baseline 0.005 -18"><span class='ocrx_word' id='word_1_428' title='bbox 2147 3097 2406 3152; x_wconf 87' lang='lat' dir='ltr'><strong>sponsus</strong></span> <span class='ocrx_word' id='word_1_429' title='bbox 2463 3081 2656 3152; x_wconf 89' lang='lat' dir='ltr'><strong>ipsius</strong></span> <span class='ocrx_word' id='word_1_430' title='bbox 2702 3081 3004 3152; x_wconf 87' lang='lat' dir='ltr'><strong>Christus,</strong></span> <span class='ocrx_word' id='word_1_431' title='bbox 3054 3084 3457 3152; x_wconf 89' lang='lat' dir='ltr'><strong>apostolorum</strong></span> <span class='ocrx_word' id='word_1_432' title='bbox 3504 3087 3675 3142; x_wconf 63' lang='lat' dir='ltr'><strong>catui</strong></span> <span class='ocrx_word' id='word_1_433' title='bbox 3737 3105 3809 3143; x_wconf 84' lang='lat' dir='ltr'><strong>ex</strong></span> 
     </span>
    </p>
   </div>
   <div class='ocr_carea' id='block_1_64' title="bbox 2145 3168 3812 3249">
    <p class='ocr_par' dir='ltr' id='par_1_64' title="bbox 2145 3168 3812 3249">
     <span class='ocr_line' id='line_1_64' title="bbox 2145 3168 3812 3249; baseline 0.005 -25"><span class='ocrx_word' id='word_1_434' title='bbox 2145 3168 2327 3225; x_wconf 85' lang='lat' dir='ltr'><strong>Israel</strong></span> <span class='ocrx_word' id='word_1_435' title='bbox 2377 3169 2727 3225; x_wconf 87' lang='lat' dir='ltr'><strong>assimilavit</strong></span> <span class='ocrx_word' id='word_1_436' title='bbox 2773 3187 2787 3227; x_wconf 88' lang='lat'><strong>:</strong></span> <span class='ocrx_word' id='word_1_437' title='bbox 2837 3171 3133 3243; x_wconf 87' lang='lat' dir='ltr'><strong>triplicem</strong></span> <span class='ocrx_word' id='word_1_438' title='bbox 3192 3172 3372 3228; x_wconf 89' lang='lat' dir='ltr'><strong>animi</strong></span> <span class='ocrx_word' id='word_1_439' title='bbox 3427 3181 3656 3247; x_wconf 89' lang='lat' dir='ltr'><strong>partem</strong></span> <span class='ocrx_word' id='word_1_440' title='bbox 3708 3193 3812 3249; x_wconf 90' lang='lat' dir='ltr'><strong>per</strong></span> 
     </span>
    </p>
   </div>
   <div class='ocr_carea' id='block_1_65' title="bbox 2143 3259 3813 3333">
    <p class='ocr_par' dir='ltr' id='par_1_65' title="bbox 2143 3259 3813 3333">
     <span class='ocr_line' id='line_1_65' title="bbox 2143 3259 3813 3333; baseline 0.005 -18"><span class='ocrx_word' id='word_1_441' title='bbox 2143 3259 2564 3315; x_wconf 88' lang='lat' dir='ltr'><strong>continentiam</strong></span> <span class='ocrx_word' id='word_1_442' title='bbox 2583 3264 2641 3315; x_wconf 82' lang='lat' dir='ltr'><strong>et</strong></span> <span class='ocrx_word' id='word_1_443' title='bbox 2671 3259 3014 3331; x_wconf 89' lang='lat' dir='ltr'><strong>patientiam</strong></span> <span class='ocrx_word' id='word_1_444' title='bbox 3035 3265 3091 3316; x_wconf 90' lang='lat' dir='ltr'><strong>et</strong></span> <span class='ocrx_word' id='word_1_445' title='bbox 3115 3261 3530 3333; x_wconf 88' lang='lat' dir='ltr'><strong>humilitatem,</strong></span> <span class='ocrx_word' id='word_1_446' title='bbox 3555 3282 3626 3321; x_wconf 80' lang='lat' dir='ltr'><strong>ex</strong></span> <span class='ocrx_word' id='word_1_447' title='bbox 3648 3271 3813 3323; x_wconf 83' lang='lat' dir='ltr'><strong>statu</strong></span> 
     </span>
    </p>
   </div>
   <div class='ocr_carea' id='block_1_66' title="bbox 366 3334 2036 3427">
    <p class='ocr_par' dir='ltr' id='par_1_66' title="bbox 366 3334 2033 3425">
     <span class='ocr_line' id='line_1_66' title="bbox 366 3334 2033 3425; baseline -0.007 -18"><span class='ocrx_word' id='word_1_448' title='bbox 366 3351 431 3407; x_wconf 67' lang='grc' dir='ltr'>ἰκ</span> <span class='ocrx_word' id='word_1_449' title='bbox 503 3334 610 3406; x_wconf 79' lang='grc' dir='ltr'><strong>τοῦ</strong></span> <span class='ocrx_word' id='word_1_450' title='bbox 677 3348 824 3425; x_wconf 86' lang='grc' dir='ltr'><strong>παρά</strong></span> <span class='ocrx_word' id='word_1_451' title='bbox 899 3347 1056 3423; x_wconf 89' lang='grc' dir='ltr'>φύσιν</span> <span class='ocrx_word' id='word_1_452' title='bbox 1131 3347 1269 3420; x_wconf 86' lang='grc' dir='ltr'>πρὸς</span> <span class='ocrx_word' id='word_1_453' title='bbox 1341 3343 1404 3400; x_wconf 78' lang='grc' dir='ltr'>τὰ</span> <span class='ocrx_word' id='word_1_454' title='bbox 1463 3344 1599 3399; x_wconf 81' lang='grc' dir='ltr'><strong>κατά</strong></span> <span class='ocrx_word' id='word_1_455' title='bbox 1655 3341 1811 3421; x_wconf 87' lang='grc' dir='ltr'>φύσιν</span> <span class='ocrx_word' id='word_1_456' title='bbox 1871 3341 2033 3397; x_wconf 68' lang='grc' dir='ltr'>ἐπαν-</span> 
     </span>
    </p>
   </div>
   <div class='ocr_carea' id='block_1_67' title="bbox 2150 3334 3811 3427">
    <p class='ocr_par' dir='ltr' id='par_1_67' title="bbox 2150 3348 3811 3427">
     <span class='ocr_line' id='line_1_67' title="bbox 2150 3348 3811 3427; baseline 0.005 -24"><span class='ocrx_word' id='word_1_457' title='bbox 2150 3354 2372 3404; x_wconf 72' lang='lat' dir='ltr'><strong>naturaa</strong></span> <span class='ocrx_word' id='word_1_458' title='bbox 2403 3348 2694 3405; x_wconf 89' lang='lat' dir='ltr'><strong>contrario</strong></span> <span class='ocrx_word' id='word_1_459' title='bbox 2721 3350 2794 3405; x_wconf 89' lang='lat' dir='ltr'><strong>ad</strong></span> <span class='ocrx_word' id='word_1_460' title='bbox 2826 3350 3097 3406; x_wconf 89' lang='lat' dir='ltr'><strong>habitum</strong></span> <span class='ocrx_word' id='word_1_461' title='bbox 3132 3355 3354 3407; x_wconf 67' lang='lat' dir='ltr'><strong>natura:</strong></span> <span class='ocrx_word' id='word_1_462' title='bbox 3388 3359 3811 3427; x_wconf 84' lang='lat' dir='ltr'><strong>congruentem</strong></span> 
     </span>
    </p>
   </div>
   <div class='ocr_carea' id='block_1_68' title="bbox 359 3430 2040 3517">
    <p class='ocr_par' dir='ltr' id='par_1_68' title="bbox 359 3430 2040 3517">
     <span class='ocr_line' id='line_1_68' title="bbox 359 3430 2040 3517; baseline -0.006 -22"><span class='ocrx_word' id='word_1_463' title='bbox 359 3439 615 3517; x_wconf 81' lang='grc' dir='ltr'>αγαγὼν,</span> <span class='ocrx_word' id='word_1_464' title='bbox 663 3437 756 3493; x_wconf 86' lang='grc' dir='ltr'><strong>καὶ</strong></span> <span class='ocrx_word' id='word_1_465' title='bbox 811 3434 1132 3506; x_wconf 79' lang='grc' dir='ltr'>ἀπαλλάξας</span> <span class='ocrx_word' id='word_1_466' title='bbox 1192 3441 1294 3505; x_wconf 82' lang='grc' dir='ltr'><strong>τῆς</strong></span> <span class='ocrx_word' id='word_1_467' title='bbox 1359 3430 1448 3488; x_wconf 76' lang='grc' dir='ltr'><strong>ὃιά</strong></span> <span class='ocrx_word' id='word_1_468' title='bbox 1505 3433 1606 3502; x_wconf 71' lang='grc' dir='ltr'><strong>τὴν</strong></span> <span class='ocrx_word' id='word_1_469' title='bbox 1666 3431 1916 3487; x_wconf 82' lang='grc' dir='ltr'>ἀπιστίαν</span> <span class='ocrx_word' id='word_1_470' title='bbox 1951 3451 2040 3505; x_wconf 60' lang='grc' dir='ltr'>με.</span> 
     </span>
    </p>
   </div>
   <div class='ocr_carea' id='block_1_69' title="bbox 362 3530 699 3600">
    <p class='ocr_par' dir='ltr' id='par_1_69' title="bbox 362 3530 699 3600">
     <span class='ocr_line' id='line_1_69' title="bbox 362 3530 699 3600; baseline -0.012 -12"><span class='ocrx_word' id='word_1_471' title='bbox 362 3530 699 3600; x_wconf 86' lang='grc' dir='ltr'>λανότητος.</span> 
     </span>
    </p>
   </div>
   <div class='ocr_carea' id='block_1_70' title="bbox 947 3631 1464 3710">
    <p class='ocr_par' dir='ltr' id='par_1_70' title="bbox 947 3631 1464 3710">
     <span class='ocr_line' id='line_1_70' title="bbox 947 3631 1464 3710; baseline -0.004 -23"><span class='ocrx_word' id='word_1_472' title='bbox 947 3637 1060 3688; x_wconf 88' lang='grc' dir='ltr'>Τῶν</span> <span class='ocrx_word' id='word_1_473' title='bbox 1104 3639 1149 3710; x_wconf 88' lang='grc' dir='ltr'>γ’</span> <span class='ocrx_word' id='word_1_474' title='bbox 1189 3631 1464 3708; x_wconf 79' lang='grc' dir='ltr'>Πατὲρων.</span> 
     </span>
    </p>
   </div>
   <div class='ocr_carea' id='block_1_71' title="bbox 446 3718 2038 3802">
    <p class='ocr_par' dir='ltr' id='par_1_71' title="bbox 446 3718 2038 3802">
     <span class='ocr_line' id='line_1_71' title="bbox 446 3718 2038 3802; baseline -0.005 -19"><span class='ocrx_word' id='word_1_475' title='bbox 446 3727 516 3783; x_wconf 68' lang='lat' dir='ltr'><strong>Ol</strong></span> <span class='ocrx_word' id='word_1_476' title='bbox 573 3723 632 3782; x_wconf 72' lang='grc' dir='ltr'><strong>δὶ</strong></span> <span class='ocrx_word' id='word_1_477' title='bbox 688 3725 786 3779; x_wconf 86' lang='grc' dir='ltr'><strong>τοῦ</strong></span> <span class='ocrx_word' id='word_1_478' title='bbox 841 3723 1080 3802; x_wconf 84' lang='grc' dir='ltr'>νυμφίου</span> <span class='ocrx_word' id='word_1_479' title='bbox 1130 3720 1283 3802; x_wconf 84' lang='grc' dir='ltr'>φίλοι</span> <span class='ocrx_word' id='word_1_480' title='bbox 1342 3722 1466 3795; x_wconf 71' lang='grc' dir='ltr'>(εἶεν</span> <span class='ocrx_word' id='word_1_481' title='bbox 1529 3718 1586 3775; x_wconf 76' lang='grc' dir='ltr'><strong>δὲ</strong></span> <span class='ocrx_word' id='word_1_482' title='bbox 1638 3719 1854 3784; x_wconf 86' lang='grc' dir='ltr'>πάντως</span> <span class='ocrx_word' id='word_1_483' title='bbox 1885 3721 2038 3776; x_wconf 83' lang='grc' dir='ltr'>οὗτοι</span> 
     </span>
    </p>
   </div>
   <div class='ocr_carea' id='block_1_72' title="bbox 378 3811 2042 3892">
    <p class='ocr_par' dir='ltr' id='par_1_72' title="bbox 378 3811 2042 3892">
     <span class='ocr_line' id='line_1_72' title="bbox 378 3811 2042 3892; baseline -0.003 -21"><span class='ocrx_word' id='word_1_484' title='bbox 378 3817 436 3872; x_wconf 77' lang='grc' dir='ltr'>οἱ</span> <span class='ocrx_word' id='word_1_485' title='bbox 497 3818 640 3892; x_wconf 77' lang='grc' dir='ltr'>ἅγιοι</span> <span class='ocrx_word' id='word_1_486' title='bbox 697 3812 938 3891; x_wconf 74' lang='grc' dir='ltr'>ἄγγελοι,</span> <span class='ocrx_word' id='word_1_487' title='bbox 999 3813 1072 3875; x_wconf 88' lang='grc' dir='ltr'>ὡς</span> <span class='ocrx_word' id='word_1_488' title='bbox 1126 3813 1188 3868; x_wconf 88' lang='grc' dir='ltr'>τὸ</span> <span class='ocrx_word' id='word_1_489' title='bbox 1244 3811 1409 3867; x_wconf 80' lang='grc' dir='ltr'>αὐτοῦ</span> <span class='ocrx_word' id='word_1_490' title='bbox 1460 3813 1744 3874; x_wconf 84' lang='grc' dir='ltr'>ποιοῦντες</span> <span class='ocrx_word' id='word_1_491' title='bbox 1782 3811 2042 3885; x_wconf 87' lang='grc' dir='ltr'>πανάγιον</span> 
     </span>
    </p>
   </div>
   <div class='ocr_carea' id='block_1_73' title="bbox 375 3897 2037 3978">
    <p class='ocr_par' dir='ltr' id='par_1_73' title="bbox 375 3897 2037 3978">
     <span class='ocr_line' id='line_1_73' title="bbox 375 3897 2037 3978; baseline -0.005 -17"><span class='ocrx_word' id='word_1_492' title='bbox 375 3904 622 3978; x_wconf 69' lang='grc' dir='ltr'>θέλημα)</span> <span class='ocrx_word' id='word_1_493' title='bbox 673 3906 742 3959; x_wconf 79' lang='grc' dir='ltr'><strong>τά</strong></span> <span class='ocrx_word' id='word_1_494' title='bbox 797 3904 918 3975; x_wconf 68' lang='grc' dir='ltr'><strong>ἑξῆς</strong></span> <span class='ocrx_word' id='word_1_495' title='bbox 975 3903 1362 3978; x_wconf 84' lang='grc' dir='ltr'>ὑπισχνοῦνται</span> <span class='ocrx_word' id='word_1_496' title='bbox 1395 3905 1464 3974; x_wconf 77' lang='grc' dir='ltr'><strong>τῇ</strong></span> <span class='ocrx_word' id='word_1_497' title='bbox 1491 3899 1706 3977; x_wconf 79' lang='grc' dir='ltr'>νύμφῃ,</span> <span class='ocrx_word' id='word_1_498' title='bbox 1761 3897 2037 3975; x_wconf 80' lang='grc' dir='ltr'>λέγοντες·</span> 
     </span>
    </p>
   </div>
   <div class='ocr_carea' id='block_1_74' title="bbox 372 3989 2041 4068">
    <p class='ocr_par' dir='ltr' id='par_1_74' title="bbox 372 3989 2041 4068">
     <span class='ocr_line' id='line_1_74' title="bbox 372 3989 2041 4068; baseline -0.004 -19"><span class='ocrx_word' id='word_1_499' title='bbox 372 3994 744 4066; x_wconf 82' lang='grc' dir='ltr'>Ὀμοιώματα</span> <span class='ocrx_word' id='word_1_500' title='bbox 803 3991 1034 4068; x_wconf 86' lang='grc' dir='ltr'>χρυσίου</span> <span class='ocrx_word' id='word_1_501' title='bbox 1092 3990 1414 4063; x_wconf 72' lang='grc' dir='ltr'>ποιήσωμέν</span> <span class='ocrx_word' id='word_1_502' title='bbox 1476 4011 1560 4044; x_wconf 89' lang='grc' dir='ltr'><strong>σοι</strong></span> <span class='ocrx_word' id='word_1_503' title='bbox 1624 3989 1758 4061; x_wconf 87' lang='grc' dir='ltr'><strong>μετά</strong></span> <span class='ocrx_word' id='word_1_504' title='bbox 1811 3991 2041 4064; x_wconf 86' lang='grc' dir='ltr'>στιγμά-</span> 
     </span>
    </p>
   </div>
   <div class='ocr_carea' id='block_1_75' title="bbox 379 4077 2042 4160">
    <p class='ocr_par' dir='ltr' id='par_1_75' title="bbox 379 4077 2042 4160">
     <span class='ocr_line' id='line_1_75' title="bbox 379 4077 2042 4160; baseline -0.004 -22"><span class='ocrx_word' id='word_1_505' title='bbox 379 4105 494 4138; x_wconf 88' lang='grc' dir='ltr'><strong>των</strong></span> <span class='ocrx_word' id='word_1_506' title='bbox 556 4087 649 4136; x_wconf 87' lang='grc' dir='ltr'><strong>τοῦ</strong></span> <span class='ocrx_word' id='word_1_507' title='bbox 703 4083 991 4160; x_wconf 85' lang='grc' dir='ltr'>ἀργυρίου,</span> <span class='ocrx_word' id='word_1_508' title='bbox 1044 4077 1148 4143; x_wconf 72' lang='grc' dir='ltr'>ἕως</span> <span class='ocrx_word' id='word_1_509' title='bbox 1207 4081 1268 4135; x_wconf 79' lang='grc' dir='ltr'>οὗ</span> <span class='ocrx_word' id='word_1_510' title='bbox 1328 4083 1356 4134; x_wconf 91' lang='lat'><strong>6</strong></span> <span class='ocrx_word' id='word_1_511' title='bbox 1418 4077 1676 4154; x_wconf 79' lang='grc' dir='ltr'>βασιλεὺς</span> <span class='ocrx_word' id='word_1_512' title='bbox 1732 4077 1784 4132; x_wconf 85' lang='grc' dir='ltr'>ἐν</span> <span class='ocrx_word' id='word_1_513' title='bbox 1826 4077 2042 4133; x_wconf 85' lang='grc' dir='ltr'>ἀνακλί-</span> 
     </span>
    </p>
   </div>
   <div class='ocr_carea' id='block_1_76' title="bbox 378 4165 2041 4248">
    <p class='ocr_par' dir='ltr' id='par_1_76' title="bbox 378 4165 2041 4248">
     <span class='ocr_line' id='line_1_76' title="bbox 378 4165 2041 4248; baseline -0.004 -20"><span class='ocrx_word' id='word_1_514' title='bbox 378 4193 463 4228; x_wconf 89' lang='grc' dir='ltr'><strong>σει</strong></span> <span class='ocrx_word' id='word_1_515' title='bbox 524 4170 703 4230; x_wconf 77' lang='grc' dir='ltr'>αὐτοῦ.</span> <span class='ocrx_word' id='word_1_516' title='bbox 765 4173 999 4248; x_wconf 74' lang='grc' dir='ltr'>’Ἡγοῦν,</span> <span class='ocrx_word' id='word_1_517' title='bbox 1047 4166 1271 4238; x_wconf 78' lang='grc' dir='ltr'>Ἐπειδή</span> <span class='ocrx_word' id='word_1_518' title='bbox 1328 4176 1430 4239; x_wconf 85' lang='grc' dir='ltr'><strong>τῆς</strong></span> <span class='ocrx_word' id='word_1_519' title='bbox 1485 4165 1575 4222; x_wconf 68' lang='grc' dir='ltr'>διὰ</span> <span class='ocrx_word' id='word_1_520' title='bbox 1603 4169 1700 4238; x_wconf 74' lang='grc' dir='ltr'>τὴν</span> <span class='ocrx_word' id='word_1_521' title='bbox 1737 4165 2041 4223; x_wconf 79' lang='grc' dir='ltr'>εἰδωλολα-</span> 
     </span>
    </p>
   </div>
   <div class='ocr_carea' id='block_1_77' title="bbox 367 4254 2040 4338">
    <p class='ocr_par' dir='ltr' id='par_1_77' title="bbox 367 4254 2040 4338">
     <span class='ocr_line' id='line_1_77' title="bbox 367 4254 2040 4338; baseline -0.004 -20"><span class='ocrx_word' id='word_1_522' title='bbox 367 4260 555 4338; x_wconf 80' lang='grc' dir='ltr'>τρείαν</span> <span class='ocrx_word' id='word_1_523' title='bbox 591 4261 964 4334; x_wconf 82' lang='grc' dir='ltr'>μελανότητος</span> <span class='ocrx_word' id='word_1_524' title='bbox 999 4257 1357 4333; x_wconf 73' lang='grc' dir='ltr'>ἀπηλλάγης,</span> <span class='ocrx_word' id='word_1_525' title='bbox 1403 4258 1491 4312; x_wconf 77' lang='grc' dir='ltr'>καὶ</span> <span class='ocrx_word' id='word_1_526' title='bbox 1542 4262 1660 4320; x_wconf 87' lang='grc' dir='ltr'>τοῖς</span> <span class='ocrx_word' id='word_1_527' title='bbox 1710 4254 2040 4322; x_wconf 77' lang='grc' dir='ltr'>ἀποστόλοις</span> 
     </span>
    </p>
   </div>
   <div class='ocr_carea' id='block_1_78' title="bbox 368 4345 2041 4426">
    <p class='ocr_par' dir='ltr' id='par_1_78' title="bbox 368 4345 2041 4426">
     <span class='ocr_line' id='line_1_78' title="bbox 368 4345 2041 4426; baseline -0.003 -20"><span class='ocrx_word' id='word_1_528' title='bbox 368 4355 490 4406; x_wconf 82' lang='grc' dir='ltr'>κατ’</span> <span class='ocrx_word' id='word_1_529' title='bbox 544 4351 737 4426; x_wconf 71' lang='grc' dir='ltr'>ἀρετὴν</span> <span class='ocrx_word' id='word_1_530' title='bbox 775 4350 1098 4424; x_wconf 79' lang='grc' dir='ltr'>ὡμοιώθης,</span> <span class='ocrx_word' id='word_1_531' title='bbox 1147 4348 1368 4418; x_wconf 80' lang='grc' dir='ltr'>καὶτῆς</span> <span class='ocrx_word' id='word_1_532' title='bbox 1417 4345 1676 4416; x_wconf 75' lang='grc' dir='ltr'>ἀληθείας</span> <span class='ocrx_word' id='word_1_533' title='bbox 1720 4347 1854 4400; x_wconf 83' lang='grc' dir='ltr'><strong>κατά</strong></span> <span class='ocrx_word' id='word_1_534' title='bbox 1897 4351 2041 4424; x_wconf 84' lang='grc' dir='ltr'>γνῶ-</span> 
     </span>
    </p>
   </div>
   <div class='ocr_carea' id='block_1_79' title="bbox 373 4434 2043 4516">
    <p class='ocr_par' dir='ltr' id='par_1_79' title="bbox 373 4434 2043 4516">
     <span class='ocr_line' id='line_1_79' title="bbox 373 4434 2043 4516; baseline -0.004 -20"><span class='ocrx_word' id='word_1_535' title='bbox 373 4462 461 4497; x_wconf 85' lang='grc' dir='ltr'><strong>σιν</strong></span> <span class='ocrx_word' id='word_1_536' title='bbox 495 4439 641 4514; x_wconf 75' lang='grc' dir='ltr'>ἐρᾷς,</span> <span class='ocrx_word' id='word_1_537' title='bbox 672 4439 773 4508; x_wconf 79' lang='grc' dir='ltr'><strong>τήν</strong></span> <span class='ocrx_word' id='word_1_538' title='bbox 826 4439 920 4512; x_wconf 76' lang='grc' dir='ltr'>μὲν</span> <span class='ocrx_word' id='word_1_539' title='bbox 965 4439 1110 4493; x_wconf 85' lang='grc' dir='ltr'>Θείαν</span> <span class='ocrx_word' id='word_1_540' title='bbox 1161 4435 1318 4516; x_wconf 85' lang='grc' dir='ltr'>φύσιν</span> <span class='ocrx_word' id='word_1_541' title='bbox 1356 4434 1523 4505; x_wconf 77' lang='grc' dir='ltr'>αὐτὴν</span> <span class='ocrx_word' id='word_1_542' title='bbox 1555 4436 1654 4504; x_wconf 79' lang='grc' dir='ltr'><strong>τήν</strong></span> <span class='ocrx_word' id='word_1_543' title='bbox 1707 4434 2043 4511; x_wconf 68' lang='grc' dir='ltr'>ἀσυγκρίτως</span> 
     </span>
    </p>
   </div>
   <div class='ocr_carea' id='block_1_80' title="bbox 369 4523 2042 4607">
    <p class='ocr_par' dir='ltr' id='par_1_80' title="bbox 369 4523 2042 4607">
     <span class='ocr_line' id='line_1_80' title="bbox 369 4523 2042 4607; baseline -0.003 -22"><span class='ocrx_word' id='word_1_544' title='bbox 369 4529 561 4599; x_wconf 85' lang='grc' dir='ltr'>πάσης</span> <span class='ocrx_word' id='word_1_545' title='bbox 626 4529 837 4607; x_wconf 86' lang='grc' dir='ltr'>φύσεως</span> <span class='ocrx_word' id='word_1_546' title='bbox 911 4527 1315 4603; x_wconf 70' lang='grc' dir='ltr'>ὑπερίχουσαν,</span> <span class='ocrx_word' id='word_1_547' title='bbox 1374 4525 1614 4601; x_wconf 83' lang='grc' dir='ltr'>καθάπερ</span> <span class='ocrx_word' id='word_1_548' title='bbox 1671 4529 1777 4579; x_wconf 88' lang='grc' dir='ltr'><strong>τῶν</strong></span> <span class='ocrx_word' id='word_1_549' title='bbox 1830 4523 2042 4580; x_wconf 87' lang='grc' dir='ltr'>λοιπῶν</span> 
     </span>
    </p>
   </div>
   <div class='ocr_carea' id='block_1_81' title="bbox 375 4613 2040 4695">
    <p class='ocr_par' dir='ltr' id='par_1_81' title="bbox 375 4613 2040 4695">
     <span class='ocr_line' id='line_1_81' title="bbox 375 4613 2040 4695; baseline -0.004 -21"><span class='ocrx_word' id='word_1_550' title='bbox 375 4618 532 4674; x_wconf 82' lang='grc' dir='ltr'>ὗλων</span> <span class='ocrx_word' id='word_1_551' title='bbox 608 4619 636 4673; x_wconf 88' lang='lat'><strong>6</strong></span> <span class='ocrx_word' id='word_1_552' title='bbox 721 4619 965 4695; x_wconf 83' lang='grc' dir='ltr'>χρυσὸς,</span> <span class='ocrx_word' id='word_1_553' title='bbox 1044 4615 1386 4695; x_wconf 79' lang='grc' dir='ltr'>παραστῆσαί</span> <span class='ocrx_word' id='word_1_554' title='bbox 1458 4636 1548 4669; x_wconf 91' lang='grc' dir='ltr'><strong>σοι</strong></span> <span class='ocrx_word' id='word_1_555' title='bbox 1615 4613 1676 4669; x_wconf 80' lang='grc' dir='ltr'>οὐ</span> <span class='ocrx_word' id='word_1_556' title='bbox 1747 4613 2040 4687; x_wconf 78' lang='grc' dir='ltr'>δυνάμεθα’</span> 
     </span>
    </p>
   </div>
   <div class='ocr_carea' id='block_1_82' title="bbox 2149 3437 3816 3512">
    <p class='ocr_par' dir='ltr' id='par_1_82' title="bbox 2149 3437 3816 3512">
     <span class='ocr_line' id='line_1_82' title="bbox 2149 3437 3816 3512; baseline 0.005 -19"><span class='ocrx_word' id='word_1_557' title='bbox 2149 3437 2443 3510; x_wconf 89' lang='lat' dir='ltr'><strong>redigens,</strong></span> <span class='ocrx_word' id='word_1_558' title='bbox 2468 3443 2524 3494; x_wconf 92' lang='lat' dir='ltr'><strong>et</strong></span> <span class='ocrx_word' id='word_1_559' title='bbox 2555 3439 2920 3512; x_wconf 87' lang='lat' dir='ltr'><strong>nigredinem</strong></span> <span class='ocrx_word' id='word_1_560' title='bbox 2953 3439 3145 3512; x_wconf 87' lang='lat' dir='ltr'><strong>ipsius</strong></span> <span class='ocrx_word' id='word_1_561' title='bbox 3170 3440 3417 3500; x_wconf 89' lang='lat' dir='ltr'><strong>abluens</strong></span> <span class='ocrx_word' id='word_1_562' title='bbox 3450 3447 3816 3501; x_wconf 89' lang='lat' dir='ltr'><strong>contractam</strong></span> 
     </span>
    </p>
   </div>
   <div class='ocr_carea' id='block_1_83' title="bbox 2148 3527 2614 3584">
    <p class='ocr_par' dir='ltr' id='par_1_83' title="bbox 2148 3527 2614 3584">
     <span class='ocr_line' id='line_1_83' title="bbox 2148 3527 2614 3584; baseline -0.004 0"><span class='ocrx_word' id='word_1_563' title='bbox 2148 3544 2217 3584; x_wconf 84' lang='lat' dir='ltr'><strong>ex</strong></span> <span class='ocrx_word' id='word_1_564' title='bbox 2245 3527 2614 3584; x_wconf 86' lang='lat' dir='ltr'><strong>inﬁdelitate.</strong></span> 
     </span>
    </p>
   </div>
   <div class='ocr_carea' id='block_1_84' title="bbox 2737 3637 3224 3694">
    <p class='ocr_par' dir='ltr' id='par_1_84' title="bbox 2737 3637 3224 3694">
     <span class='ocr_line' id='line_1_84' title="bbox 2737 3637 3224 3694; baseline 0.004 -3"><span class='ocrx_word' id='word_1_565' title='bbox 2737 3637 2930 3693; x_wconf 81' lang='lat' dir='ltr'><strong>Trium</strong></span> <span class='ocrx_word' id='word_1_566' title='bbox 2969 3642 3200 3694; x_wconf 85' lang='lat' dir='ltr'><strong>Patrum</strong></span> <span class='ocrx_word' id='word_1_567' title='bbox 3212 3680 3224 3693; x_wconf 93' lang='lat'><strong>.</strong></span> 
     </span>
    </p>
   </div>
   <div class='ocr_carea' id='block_1_85' title="bbox 2221 3725 3819 3797">
    <p class='ocr_par' dir='ltr' id='par_1_85' title="bbox 2221 3725 3819 3797">
     <span class='ocr_line' id='line_1_85' title="bbox 2221 3725 3819 3797; baseline 0.003 -17"><span class='ocrx_word' id='word_1_568' title='bbox 2221 3725 2405 3780; x_wconf 83' lang='lat' dir='ltr'><strong>Amici</strong></span> <span class='ocrx_word' id='word_1_569' title='bbox 2438 3729 2637 3781; x_wconf 90' lang='lat' dir='ltr'><strong>autem</strong></span> <span class='ocrx_word' id='word_1_570' title='bbox 2661 3726 2863 3797; x_wconf 86' lang='lat' dir='ltr'><strong>sponsi</strong></span> <span class='ocrx_word' id='word_1_571' title='bbox 2888 3725 3030 3795; x_wconf 91' lang='lat' dir='ltr'><strong>(sint</strong></span> <span class='ocrx_word' id='word_1_572' title='bbox 3050 3729 3247 3782; x_wconf 89' lang='lat' dir='ltr'><strong>autem</strong></span> <span class='ocrx_word' id='word_1_573' title='bbox 3277 3727 3338 3782; x_wconf 92' lang='lat' dir='ltr'><strong>hi</strong></span> <span class='ocrx_word' id='word_1_574' title='bbox 3361 3728 3604 3785; x_wconf 89' lang='lat' dir='ltr'><strong>omnino</strong></span> <span class='ocrx_word' id='word_1_575' title='bbox 3627 3728 3819 3785; x_wconf 86' lang='lat' dir='ltr'><strong>sancti</strong></span> 
     </span>
    </p>
   </div>
   <div class='ocr_carea' id='block_1_86' title="bbox 2152 3814 3824 3890">
    <p class='ocr_par' dir='ltr' id='par_1_86' title="bbox 2152 3814 3824 3890">
     <span class='ocr_line' id='line_1_86' title="bbox 2152 3814 3824 3890; baseline 0.003 -20"><span class='ocrx_word' id='word_1_576' title='bbox 2152 3814 2368 3886; x_wconf 86' lang='lat' dir='ltr'><strong>angeli,</strong></span> <span class='ocrx_word' id='word_1_577' title='bbox 2401 3814 2619 3886; x_wconf 89' lang='lat' dir='ltr'><strong>quippe</strong></span> <span class='ocrx_word' id='word_1_578' title='bbox 2651 3815 2753 3886; x_wconf 89' lang='lat' dir='ltr'><strong>qui</strong></span> <span class='ocrx_word' id='word_1_579' title='bbox 2786 3815 3181 3871; x_wconf 80' lang='lat' dir='ltr'><strong>sanctissimae</strong></span> <span class='ocrx_word' id='word_1_580' title='bbox 3213 3815 3377 3873; x_wconf 90' lang='lat' dir='ltr'><strong>illius</strong></span> <span class='ocrx_word' id='word_1_581' title='bbox 3409 3817 3824 3890; x_wconf 81' lang='lat' dir='ltr'><strong>obtemperant</strong></span> 
     </span>
    </p>
   </div>
   <div class='ocr_carea' id='block_1_87' title="bbox 2149 3903 3821 3978">
    <p class='ocr_par' dir='ltr' id='par_1_87' title="bbox 2149 3903 3821 3978">
     <span class='ocr_line' id='line_1_87' title="bbox 2149 3903 3821 3978; baseline 0.004 -20"><span class='ocrx_word' id='word_1_582' title='bbox 2149 3903 2460 3974; x_wconf 88' lang='lat' dir='ltr'><strong>voluntati)</strong></span> <span class='ocrx_word' id='word_1_583' title='bbox 2490 3919 2558 3958; x_wconf 90' lang='lat' dir='ltr'><strong>ea</strong></span> <span class='ocrx_word' id='word_1_584' title='bbox 2589 3920 2717 3975; x_wconf 63' lang='lat' dir='ltr'><strong>qua:</strong></span> <span class='ocrx_word' id='word_1_585' title='bbox 2759 3907 3104 3974; x_wconf 88' lang='lat' dir='ltr'><strong>sequuntur,</strong></span> <span class='ocrx_word' id='word_1_586' title='bbox 3138 3921 3369 3976; x_wconf 75' lang='lat' dir='ltr'><strong>sponsae</strong></span> <span class='ocrx_word' id='word_1_587' title='bbox 3412 3907 3770 3978; x_wconf 89' lang='lat' dir='ltr'><strong>pollicentur</strong></span> <span class='ocrx_word' id='word_1_588' title='bbox 3807 3927 3821 3966; x_wconf 89' lang='lat'><strong>:</strong></span> 
     </span>
    </p>
   </div>
   <div class='ocr_carea' id='block_1_88' title="bbox 2149 3993 3823 4066">
    <p class='ocr_par' dir='ltr' id='par_1_88' title="bbox 2149 3993 3823 4066">
     <span class='ocr_line' id='line_1_88' title="bbox 2149 3993 3823 4066; baseline 0.002 -18"><span class='ocrx_word' id='word_1_589' title='bbox 2149 3993 2567 4049; x_wconf 76' lang='lat' dir='ltr'><strong>Similitudines</strong></span> <span class='ocrx_word' id='word_1_590' title='bbox 2625 3995 2760 4049; x_wconf 85' lang='lat' dir='ltr'><strong>auri</strong></span> <span class='ocrx_word' id='word_1_591' title='bbox 2812 3993 3086 4066; x_wconf 76' lang='lat' dir='ltr'><strong>faciemus</strong></span> <span class='ocrx_word' id='word_1_592' title='bbox 3155 3995 3260 4049; x_wconf 87' lang='lat' dir='ltr'><strong>tibi</strong></span> <span class='ocrx_word' id='word_1_593' title='bbox 3327 4011 3454 4050; x_wconf 86' lang='lat' dir='ltr'><strong>cum</strong></span> <span class='ocrx_word' id='word_1_594' title='bbox 3505 3996 3823 4052; x_wconf 80' lang='lat' dir='ltr'><strong>distinctio-</strong></span> 
     </span>
    </p>
   </div>
   <div class='ocr_carea' id='block_1_89' title="bbox 2149 4084 3818 4157">
    <p class='ocr_par' dir='ltr' id='par_1_89' title="bbox 2149 4084 3818 4157">
     <span class='ocr_line' id='line_1_89' title="bbox 2149 4084 3818 4157; baseline 0.003 -19"><span class='ocrx_word' id='word_1_595' title='bbox 2149 4085 2312 4138; x_wconf 81' lang='lat' dir='ltr'><strong>nibus</strong></span> <span class='ocrx_word' id='word_1_596' title='bbox 2360 4084 2597 4154; x_wconf 81' lang='lat' dir='ltr'><strong>argenti,</strong></span> <span class='ocrx_word' id='word_1_597' title='bbox 2630 4098 2904 4156; x_wconf 76' lang='lat' dir='ltr'><strong>quousque</strong></span> <span class='ocrx_word' id='word_1_598' title='bbox 2950 4099 3050 4138; x_wconf 67' lang='grc' dir='ltr'><strong>γεω</strong></span> <span class='ocrx_word' id='word_1_599' title='bbox 3078 4085 3139 4137; x_wconf 84' lang='lat' dir='ltr'><strong>in</strong></span> <span class='ocrx_word' id='word_1_600' title='bbox 3171 4085 3425 4139; x_wconf 86' lang='lat' dir='ltr'><strong>accubitu</strong></span> <span class='ocrx_word' id='word_1_601' title='bbox 3471 4089 3644 4157; x_wconf 71' lang='lat' dir='ltr'><strong>luerit</strong></span> <span class='ocrx_word' id='word_1_602' title='bbox 3699 4103 3818 4157; x_wconf 66' lang='grc' dir='ltr'>δυο,</span> 
     </span>
    </p>
   </div>
   <div class='ocr_carea' id='block_1_90' title="bbox 2153 4172 3819 4244">
    <p class='ocr_par' dir='ltr' id='par_1_90' title="bbox 2153 4172 3819 4244">
     <span class='ocr_line' id='line_1_90' title="bbox 2153 4172 3819 4244; baseline 0.003 -18"><span class='ocrx_word' id='word_1_603' title='bbox 2153 4172 2329 4239; x_wconf 84' lang='lat' dir='ltr'><strong>Quasi</strong></span> <span class='ocrx_word' id='word_1_604' title='bbox 2380 4173 2580 4227; x_wconf 89' lang='lat' dir='ltr'><strong>dicant</strong></span> <span class='ocrx_word' id='word_1_605' title='bbox 2612 4189 2625 4228; x_wconf 93' lang='lat'><strong>:</strong></span> <span class='ocrx_word' id='word_1_606' title='bbox 2660 4172 2939 4244; x_wconf 89' lang='lat' dir='ltr'><strong>quoniam</strong></span> <span class='ocrx_word' id='word_1_607' title='bbox 2974 4189 3007 4226; x_wconf 91' lang='lat' dir='ltr'><strong>a</strong></span> <span class='ocrx_word' id='word_1_608' title='bbox 3044 4172 3352 4244; x_wconf 86' lang='lat' dir='ltr'><strong>nigredine</strong></span> <span class='ocrx_word' id='word_1_609' title='bbox 3402 4190 3471 4229; x_wconf 85' lang='lat' dir='ltr'><strong>ex</strong></span> <span class='ocrx_word' id='word_1_610' title='bbox 3525 4174 3819 4231; x_wconf 90' lang='lat' dir='ltr'><strong>idolorum</strong></span> 
     </span>
    </p>
   </div>
   <div class='ocr_carea' id='block_1_91' title="bbox 2152 4261 3823 4336">
    <p class='ocr_par' dir='ltr' id='par_1_91' title="bbox 2152 4261 3823 4336">
     <span class='ocr_line' id='line_1_91' title="bbox 2152 4261 3823 4336; baseline 0.002 -18"><span class='ocrx_word' id='word_1_611' title='bbox 2152 4261 2314 4318; x_wconf 91' lang='lat' dir='ltr'><strong>cultu</strong></span> <span class='ocrx_word' id='word_1_612' title='bbox 2343 4265 2646 4318; x_wconf 90' lang='lat' dir='ltr'><strong>contracta</strong></span> <span class='ocrx_word' id='word_1_613' title='bbox 2685 4261 2935 4318; x_wconf 89' lang='lat' dir='ltr'><strong>liberata</strong></span> <span class='ocrx_word' id='word_1_614' title='bbox 2978 4277 3062 4331; x_wconf 89' lang='lat' dir='ltr'><strong>es,</strong></span> <span class='ocrx_word' id='word_1_615' title='bbox 3095 4265 3153 4317; x_wconf 90' lang='lat' dir='ltr'><strong>et</strong></span> <span class='ocrx_word' id='word_1_616' title='bbox 3184 4263 3468 4335; x_wconf 88' lang='lat' dir='ltr'><strong>apostolis</strong></span> <span class='ocrx_word' id='word_1_617' title='bbox 3499 4281 3604 4336; x_wconf 90' lang='lat' dir='ltr'><strong>per</strong></span> <span class='ocrx_word' id='word_1_618' title='bbox 3633 4265 3823 4321; x_wconf 85' lang='lat' dir='ltr'><strong>virtu-</strong></span> 
     </span>
    </p>
   </div>
   <div class='ocr_carea' id='block_1_92' title="bbox 2150 4350 3836 4423">
    <p class='ocr_par' dir='ltr' id='par_1_92' title="bbox 2150 4350 3836 4423">
     <span class='ocr_line' id='line_1_92' title="bbox 2150 4350 3836 4423; baseline 0.003 -17"><span class='ocrx_word' id='word_1_619' title='bbox 2150 4356 2266 4407; x_wconf 89' lang='lat' dir='ltr'><strong>tem</strong></span> <span class='ocrx_word' id='word_1_620' title='bbox 2301 4350 2515 4407; x_wconf 86' lang='lat' dir='ltr'><strong>similis</strong></span> <span class='ocrx_word' id='word_1_621' title='bbox 2565 4351 2814 4418; x_wconf 88' lang='lat' dir='ltr'><strong>reddita,</strong></span> <span class='ocrx_word' id='word_1_622' title='bbox 2847 4355 2903 4406; x_wconf 91' lang='lat' dir='ltr'><strong>et</strong></span> <span class='ocrx_word' id='word_1_623' title='bbox 2934 4353 3356 4423; x_wconf 59' lang='lat' dir='ltr'><strong>cognoscendae</strong></span> <span class='ocrx_word' id='word_1_624' title='bbox 3385 4353 3648 4411; x_wconf 84' lang='lat' dir='ltr'><strong>veritatis</strong></span> <span class='ocrx_word' id='word_1_625' title='bbox 3694 4361 3836 4411; x_wconf 85' lang='lat' dir='ltr'><strong>stu-&#39;</strong></span> 
     </span>
    </p>
   </div>
   <div class='ocr_carea' id='block_1_93' title="bbox 2151 4439 3824 4513">
    <p class='ocr_par' dir='ltr' id='par_1_93' title="bbox 2151 4439 3824 4513">
     <span class='ocr_line' id='line_1_93' title="bbox 2151 4439 3824 4513; baseline 0.002 -19"><span class='ocrx_word' id='word_1_626' title='bbox 2151 4439 2365 4496; x_wconf 87' lang='lat' dir='ltr'><strong>diosa:</strong></span> <span class='ocrx_word' id='word_1_627' title='bbox 2415 4457 2520 4494; x_wconf 90' lang='lat' dir='ltr'><strong>nos</strong></span> <span class='ocrx_word' id='word_1_628' title='bbox 2573 4443 2849 4494; x_wconf 89' lang='lat' dir='ltr'><strong>naturam</strong></span> <span class='ocrx_word' id='word_1_629' title='bbox 2908 4440 3150 4512; x_wconf 91' lang='lat' dir='ltr'><strong>quidem</strong></span> <span class='ocrx_word' id='word_1_630' title='bbox 3213 4440 3500 4512; x_wconf 88' lang='lat' dir='ltr'><strong>divinam,</strong></span> <span class='ocrx_word' id='word_1_631' title='bbox 3551 4459 3700 4513; x_wconf 67' lang='lat' dir='ltr'><strong>quae,</strong></span> <span class='ocrx_word' id='word_1_632' title='bbox 3756 4449 3824 4498; x_wconf 89' lang='lat' dir='ltr'><strong>ut</strong></span> 
     </span>
    </p>
   </div>
   <div class='ocr_carea' id='block_1_94' title="bbox 2153 4527 3817 4602">
    <p class='ocr_par' dir='ltr' id='par_1_94' title="bbox 2153 4527 3817 4602">
     <span class='ocr_line' id='line_1_94' title="bbox 2153 4527 3817 4602; baseline 0.002 -18"><span class='ocrx_word' id='word_1_633' title='bbox 2153 4546 2362 4584; x_wconf 91' lang='lat' dir='ltr'><strong>aurum</strong></span> <span class='ocrx_word' id='word_1_634' title='bbox 2395 4529 2511 4585; x_wconf 89' lang='lat' dir='ltr'><strong>alia</strong></span> <span class='ocrx_word' id='word_1_635' title='bbox 2536 4545 2672 4584; x_wconf 90' lang='lat' dir='ltr'><strong>cum</strong></span> <span class='ocrx_word' id='word_1_636' title='bbox 2705 4529 2952 4584; x_wconf 89' lang='lat' dir='ltr'><strong>materia</strong></span> <span class='ocrx_word' id='word_1_637' title='bbox 2986 4527 3171 4595; x_wconf 86' lang='lat' dir='ltr'><strong>nulla,</strong></span> <span class='ocrx_word' id='word_1_638' title='bbox 3198 4529 3285 4585; x_wconf 88' lang='lat' dir='ltr'><strong>sic</strong></span> <span class='ocrx_word' id='word_1_639' title='bbox 3317 4529 3448 4602; x_wconf 87' lang='lat' dir='ltr'><strong>ipsa</strong></span> <span class='ocrx_word' id='word_1_640' title='bbox 3478 4531 3660 4587; x_wconf 85' lang='lat' dir='ltr'><strong>nullis</strong></span> <span class='ocrx_word' id='word_1_641' title='bbox 3684 4548 3817 4588; x_wconf 90' lang='lat' dir='ltr'><strong>cum</strong></span> 
     </span>
    </p>
   </div>
   <div class='ocr_carea' id='block_1_95' title="bbox 2153 4617 3818 4690">
    <p class='ocr_par' dir='ltr' id='par_1_95' title="bbox 2153 4617 3818 4690">
     <span class='ocr_line' id='line_1_95' title="bbox 2153 4617 3818 4690; baseline 0.001 -16"><span class='ocrx_word' id='word_1_642' title='bbox 2153 4618 2286 4674; x_wconf 86' lang='lat' dir='ltr'><strong>aliis</strong></span> <span class='ocrx_word' id='word_1_643' title='bbox 2318 4619 2547 4674; x_wconf 88' lang='lat' dir='ltr'><strong>naturis</strong></span> <span class='ocrx_word' id='word_1_644' title='bbox 2579 4617 2905 4690; x_wconf 88' lang='lat' dir='ltr'><strong>comparari</strong></span> <span class='ocrx_word' id='word_1_645' title='bbox 2943 4621 3157 4690; x_wconf 86' lang='lat' dir='ltr'><strong>potest,</strong></span> <span class='ocrx_word' id='word_1_646' title='bbox 3189 4620 3420 4675; x_wconf 89' lang='lat' dir='ltr'><strong>tradere</strong></span> <span class='ocrx_word' id='word_1_647' title='bbox 3443 4620 3689 4676; x_wconf 89' lang='lat' dir='ltr'><strong>minime</strong></span> <span class='ocrx_word' id='word_1_648' title='bbox 3720 4638 3818 4676; x_wconf 88' lang='lat' dir='ltr'><strong>va-</strong></span> 
     </span>
    </p>
   </div>
   <div class='ocr_carea' id='block_1_96' title="bbox 375 4703 2036 4784">
    <p class='ocr_par' dir='ltr' id='par_1_96' title="bbox 375 4703 2036 4784">
     <span class='ocr_line' id='line_1_96' title="bbox 375 4703 2036 4784; baseline -0.002 -21"><span class='ocrx_word' id='word_1_649' title='bbox 375 4707 606 4773; x_wconf 75' lang='grc' dir='ltr'>ἀθὲατος</span> <span class='ocrx_word' id='word_1_650' title='bbox 663 4709 763 4784; x_wconf 87' lang='grc' dir='ltr'><strong>γάρ</strong></span> <span class='ocrx_word' id='word_1_651' title='bbox 819 4707 929 4763; x_wconf 79' lang='grc' dir='ltr'>ἐστι</span> <span class='ocrx_word' id='word_1_652' title='bbox 986 4711 1116 4762; x_wconf 77' lang='grc' dir='ltr'>πᾶσι</span> <span class='ocrx_word' id='word_1_653' title='bbox 1165 4707 1255 4762; x_wconf 80' lang='grc' dir='ltr'><strong>καὶ</strong></span> <span class='ocrx_word' id='word_1_654' title='bbox 1286 4703 1696 4775; x_wconf 73' lang='grc' dir='ltr'>ἀκατάληπτος.</span> <span class='ocrx_word' id='word_1_655' title='bbox 1727 4703 2036 4776; x_wconf 83' lang='grc' dir='ltr'>Εἷκάσματα</span> 
     </span>
    </p>
   </div>
   <div class='ocr_carea' id='block_1_97' title="bbox 2150 4703 3822 4784">
    <p class='ocr_par' dir='ltr' id='par_1_97' title="bbox 2150 4706 3822 4776">
     <span class='ocr_line' id='line_1_97' title="bbox 2150 4706 3822 4776; baseline 0.002 -14"><span class='ocrx_word' id='word_1_656' title='bbox 2150 4707 2343 4763; x_wconf 88' lang='lat' dir='ltr'><strong>lemus</strong></span> <span class='ocrx_word' id='word_1_657' title='bbox 2378 4726 2391 4764; x_wconf 93' lang='lat'><strong>:</strong></span> <span class='ocrx_word' id='word_1_658' title='bbox 2425 4725 2558 4764; x_wconf 90' lang='lat' dir='ltr'><strong>cum</strong></span> <span class='ocrx_word' id='word_1_659' title='bbox 2590 4724 2658 4763; x_wconf 91' lang='lat' dir='ltr'><strong>ea</strong></span> <span class='ocrx_word' id='word_1_660' title='bbox 2707 4723 2812 4762; x_wconf 89' lang='lat' dir='ltr'><strong>nec</strong></span> <span class='ocrx_word' id='word_1_661' title='bbox 2846 4706 3038 4762; x_wconf 92' lang='lat' dir='ltr'><strong>oculis</strong></span> <span class='ocrx_word' id='word_1_662' title='bbox 3072 4708 3256 4776; x_wconf 90' lang='lat' dir='ltr'><strong>cerni,</strong></span> <span class='ocrx_word' id='word_1_663' title='bbox 3291 4725 3396 4763; x_wconf 91' lang='lat' dir='ltr'><strong>nec</strong></span> <span class='ocrx_word' id='word_1_664' title='bbox 3428 4715 3625 4764; x_wconf 89' lang='lat' dir='ltr'><strong>mente</strong></span> <span class='ocrx_word' id='word_1_665' title='bbox 3656 4726 3822 4765; x_wconf 90' lang='lat' dir='ltr'><strong>com-</strong></span> 
     </span>
    </p>
   </div>
   <div class='ocr_carea' id='block_1_98' title="bbox 377 4790 2038 4870">
    <p class='ocr_par' dir='ltr' id='par_1_98' title="bbox 377 4790 2038 4870">
     <span class='ocr_line' id='line_1_98' title="bbox 377 4790 2038 4870; baseline -0.003 -18"><span class='ocrx_word' id='word_1_666' title='bbox 377 4796 443 4854; x_wconf 77' lang='grc' dir='ltr'><strong>δέ</strong></span> <span class='ocrx_word' id='word_1_667' title='bbox 471 4819 594 4852; x_wconf 89' lang='grc' dir='ltr'>τινα</span> <span class='ocrx_word' id='word_1_668' title='bbox 647 4797 850 4867; x_wconf 86' lang='grc' dir='ltr'>ταύτης</span> <span class='ocrx_word' id='word_1_669' title='bbox 909 4795 970 4852; x_wconf 73' lang='grc' dir='ltr'>ἐκ</span> <span class='ocrx_word' id='word_1_670' title='bbox 1019 4799 1118 4870; x_wconf 82' lang='grc' dir='ltr'><strong>τῇς</strong></span> <span class='ocrx_word' id='word_1_671' title='bbox 1171 4801 1277 4851; x_wconf 88' lang='grc' dir='ltr'><strong>τῶν</strong></span> <span class='ocrx_word' id='word_1_672' title='bbox 1336 4791 1506 4849; x_wconf 76' lang='grc' dir='ltr'>ὅντων</span> <span class='ocrx_word' id='word_1_673' title='bbox 1543 4793 1789 4870; x_wconf 77' lang='grc' dir='ltr'>θεωρίας,</span> <span class='ocrx_word' id='word_1_674' title='bbox 1822 4790 2038 4864; x_wconf 79' lang='grc' dir='ltr'>δηλαδή</span> 
     </span>
    </p>
   </div>
   <div class='ocr_carea' id='block_1_99' title="bbox 375 4881 2042 4963">
    <p class='ocr_par' dir='ltr' id='par_1_99' title="bbox 375 4881 2042 4963">
     <span class='ocr_line' id='line_1_99' title="bbox 375 4881 2042 4963; baseline -0.003 -21"><span class='ocrx_word' id='word_1_675' title='bbox 375 4887 512 4949; x_wconf 74' lang='grc' dir='ltr'>τοὺς</span> <span class='ocrx_word' id='word_1_676' title='bbox 546 4884 703 4958; x_wconf 82' lang='grc' dir='ltr'>δίκην</span> <span class='ocrx_word' id='word_1_677' title='bbox 735 4887 1048 4963; x_wconf 84' lang='grc' dir='ltr'>στιγμάτων</span> <span class='ocrx_word' id='word_1_678' title='bbox 1082 4885 1346 4962; x_wconf 85' lang='grc' dir='ltr'>ἀργυρίου</span> <span class='ocrx_word' id='word_1_679' title='bbox 1394 4881 1688 4958; x_wconf 85' lang='grc' dir='ltr'>τηλαυγεῖς</span> <span class='ocrx_word' id='word_1_680' title='bbox 1737 4883 1824 4938; x_wconf 83' lang='grc' dir='ltr'><strong>καὶ</strong></span> <span class='ocrx_word' id='word_1_681' title='bbox 1873 4904 2042 4956; x_wconf 86' lang='grc' dir='ltr'>μεμε-</span> 
     </span>
    </p>
   </div>
   <div class='ocr_carea' id='block_1_100' title="bbox 378 4970 2039 5053">
    <p class='ocr_par' dir='ltr' id='par_1_100' title="bbox 378 4970 2039 5053">
     <span class='ocr_line' id='line_1_100' title="bbox 378 4970 2039 5053; baseline -0.001 -23"><span class='ocrx_word' id='word_1_682' title='bbox 378 4975 675 5053; x_wconf 66' lang='grc' dir='ltr'>ρισμὲνους</span> <span class='ocrx_word' id='word_1_683' title='bbox 704 4973 756 5030; x_wconf 78' lang='grc' dir='ltr'>ἐν</span> <span class='ocrx_word' id='word_1_684' title='bbox 786 4980 866 5048; x_wconf 78' lang='grc' dir='ltr'>τῷ</span> <span class='ocrx_word' id='word_1_685' title='bbox 898 4976 1052 5030; x_wconf 85' lang='grc' dir='ltr'>παντὶ</span> <span class='ocrx_word' id='word_1_686' title='bbox 1089 4974 1311 5051; x_wconf 82' lang='grc' dir='ltr'>λόγους,</span> <span class='ocrx_word' id='word_1_687' title='bbox 1362 4970 1718 5045; x_wconf 76' lang='grc' dir='ltr'>ὑποδείξομὲν</span> <span class='ocrx_word' id='word_1_688' title='bbox 1773 4993 1879 5040; x_wconf 87' lang='grc' dir='ltr'>σοι,</span> <span class='ocrx_word' id='word_1_689' title='bbox 1935 4970 2039 5036; x_wconf 67' lang='grc' dir='ltr'>ἕως</span> 
     </span>
    </p>
   </div>
   <div class='ocr_carea' id='block_1_101' title="bbox 379 5060 2043 5135">
    <p class='ocr_par' dir='ltr' id='par_1_101' title="bbox 379 5060 2043 5135">
     <span class='ocr_line' id='line_1_101' title="bbox 379 5060 2043 5135; baseline -0.003 -13"><span class='ocrx_word' id='word_1_690' title='bbox 379 5065 450 5122; x_wconf 86' lang='grc' dir='ltr'><strong>οὗ</strong></span> <span class='ocrx_word' id='word_1_691' title='bbox 500 5066 530 5120; x_wconf 89' lang='lat'><strong>6</strong></span> <span class='ocrx_word' id='word_1_692' title='bbox 559 5068 670 5121; x_wconf 89' lang='grc' dir='ltr'><strong>τῶν</strong></span> <span class='ocrx_word' id='word_1_693' title='bbox 699 5065 843 5119; x_wconf 78' lang='grc' dir='ltr'>ὃΑῶν</span> <span class='ocrx_word' id='word_1_694' title='bbox 877 5063 1152 5135; x_wconf 70' lang='grc' dir='ltr'>Δεσπότης</span> <span class='ocrx_word' id='word_1_695' title='bbox 1182 5063 1318 5132; x_wconf 83' lang='grc' dir='ltr'>αὐτή</span> <span class='ocrx_word' id='word_1_696' title='bbox 1362 5065 1397 5131; x_wconf 73' lang='grc' dir='ltr'>ἡ</span> <span class='ocrx_word' id='word_1_697' title='bbox 1430 5060 1682 5132; x_wconf 77' lang='grc' dir='ltr'>ἀλήθεια,</span> <span class='ocrx_word' id='word_1_698' title='bbox 1737 5061 1788 5116; x_wconf 67' lang='grc' dir='ltr'>ἐν</span> <span class='ocrx_word' id='word_1_699' title='bbox 1845 5061 2043 5117; x_wconf 70' lang='grc' dir='ltr'>ἐπανα-</span> 
     </span>
    </p>
   </div>
   <div class='ocr_carea' id='block_1_102' title="bbox 376 5149 2044 5229">
    <p class='ocr_par' dir='ltr' id='par_1_102' title="bbox 376 5149 2044 5229">
     <span class='ocr_line' id='line_1_102' title="bbox 376 5149 2044 5229; baseline -0.001 -21"><span class='ocrx_word' id='word_1_700' title='bbox 376 5153 578 5210; x_wconf 81' lang='grc' dir='ltr'>παύσει</span> <span class='ocrx_word' id='word_1_701' title='bbox 638 5153 802 5208; x_wconf 79' lang='grc' dir='ltr'>αὐτοῦ</span> <span class='ocrx_word' id='word_1_702' title='bbox 845 5155 916 5226; x_wconf 78' lang='grc' dir='ltr'>τῇ</span> <span class='ocrx_word' id='word_1_703' title='bbox 968 5151 1022 5208; x_wconf 79' lang='grc' dir='ltr'>ἒν</span> <span class='ocrx_word' id='word_1_704' title='bbox 1071 5152 1178 5224; x_wconf 80' lang='grc' dir='ltr'>σοὶ,</span> <span class='ocrx_word' id='word_1_705' title='bbox 1230 5151 1431 5206; x_wconf 74' lang='grc' dir='ltr'>οἰκεῖον</span> <span class='ocrx_word' id='word_1_706' title='bbox 1480 5149 1857 5229; x_wconf 72' lang='grc' dir='ltr'>ἰκσφράγισμα</span> <span class='ocrx_word' id='word_1_707' title='bbox 1889 5172 2044 5206; x_wconf 88' lang='grc' dir='ltr'>σεαυ-</span> 
     </span>
    </p>
   </div>
   <div class='ocr_carea' id='block_1_103' title="bbox 374 5238 2044 5316">
    <p class='ocr_par' dir='ltr' id='par_1_103' title="bbox 374 5238 2044 5316">
     <span class='ocr_line' id='line_1_103' title="bbox 374 5238 2044 5316; baseline -0.002 -19"><span class='ocrx_word' id='word_1_708' title='bbox 374 5243 483 5311; x_wconf 81' lang='grc' dir='ltr'><strong>τὴν</strong></span> <span class='ocrx_word' id='word_1_709' title='bbox 534 5238 814 5316; x_wconf 81' lang='grc' dir='ltr'>ἀποδείξῃ,</span> <span class='ocrx_word' id='word_1_710' title='bbox 843 5242 1131 5305; x_wconf 83' lang='grc' dir='ltr'>κάντεῦθεν</span> <span class='ocrx_word' id='word_1_711' title='bbox 1181 5244 1328 5315; x_wconf 78' lang='grc' dir='ltr'>γνῷς</span> <span class='ocrx_word' id='word_1_712' title='bbox 1377 5239 1571 5310; x_wconf 67' lang='grc' dir='ltr'>ἑαυτὴν</span> <span class='ocrx_word' id='word_1_713' title='bbox 1609 5239 1703 5313; x_wconf 78' lang='grc' dir='ltr'>μὶν</span> <span class='ocrx_word' id='word_1_714' title='bbox 1735 5238 1916 5294; x_wconf 75' lang='grc' dir='ltr'>εἰκόνα</span> <span class='ocrx_word' id='word_1_715' title='bbox 1946 5239 2044 5294; x_wconf 79' lang='grc' dir='ltr'><strong>αύ-</strong></span> 
     </span>
    </p>
   </div>
   <div class='ocr_carea' id='block_1_104' title="bbox 374 5326 2043 5406">
    <p class='ocr_par' dir='ltr' id='par_1_104' title="bbox 374 5326 2043 5406">
     <span class='ocr_line' id='line_1_104' title="bbox 374 5326 2043 5406; baseline -0.002 -20"><span class='ocrx_word' id='word_1_716' title='bbox 374 5335 481 5387; x_wconf 88' lang='grc' dir='ltr'><strong>τοῦ</strong></span> <span class='ocrx_word' id='word_1_717' title='bbox 510 5330 602 5386; x_wconf 86' lang='grc' dir='ltr'>καὶ</span> <span class='ocrx_word' id='word_1_718' title='bbox 657 5332 943 5406; x_wconf 80' lang='grc' dir='ltr'>ὁμοίωμα,</span> <span class='ocrx_word' id='word_1_719' title='bbox 994 5330 1157 5386; x_wconf 80' lang='grc' dir='ltr'>αὐτὸν</span> <span class='ocrx_word' id='word_1_720' title='bbox 1206 5326 1263 5384; x_wconf 71' lang='grc' dir='ltr'><strong>δὲ</strong></span> <span class='ocrx_word' id='word_1_721' title='bbox 1308 5327 1358 5383; x_wconf 82' lang='grc' dir='ltr'>ἐν</span> <span class='ocrx_word' id='word_1_722' title='bbox 1395 5327 1479 5383; x_wconf 86' lang='grc' dir='ltr'><strong>σοὶ</strong></span> <span class='ocrx_word' id='word_1_723' title='bbox 1510 5329 1894 5402; x_wconf 87' lang='grc' dir='ltr'>ποιμαίνοντα,</span> <span class='ocrx_word' id='word_1_724' title='bbox 1953 5329 2043 5385; x_wconf 84' lang='grc' dir='ltr'><strong>καὶ</strong></span> 
     </span>
    </p>
   </div>
   <div class='ocr_carea' id='block_1_105' title="bbox 377 5414 2043 5497">
    <p class='ocr_par' dir='ltr' id='par_1_105' title="bbox 377 5414 2043 5497">
     <span class='ocr_line' id='line_1_105' title="bbox 377 5414 2043 5497; baseline -0.001 -21"><span class='ocrx_word' id='word_1_725' title='bbox 377 5417 566 5495; x_wconf 79' lang='grc' dir='ltr'>ὥσπερ</span> <span class='ocrx_word' id='word_1_726' title='bbox 596 5442 700 5476; x_wconf 87' lang='grc' dir='ltr'>τινι</span> <span class='ocrx_word' id='word_1_727' title='bbox 727 5417 984 5497; x_wconf 82' lang='grc' dir='ltr'>σφραγῖδι</span> <span class='ocrx_word' id='word_1_728' title='bbox 1023 5418 1074 5474; x_wconf 73' lang='grc' dir='ltr'>ἐν</span> <span class='ocrx_word' id='word_1_729' title='bbox 1130 5422 1210 5492; x_wconf 78' lang='grc' dir='ltr'><strong>τῷ</strong></span> <span class='ocrx_word' id='word_1_730' title='bbox 1271 5414 1395 5492; x_wconf 77' lang='grc' dir='ltr'><strong>ἴδίῳ</strong></span> <span class='ocrx_word' id='word_1_731' title='bbox 1452 5415 1802 5492; x_wconf 77' lang='grc' dir='ltr'>ἐκτυπώματι</span> <span class='ocrx_word' id='word_1_732' title='bbox 1859 5440 2043 5474; x_wconf 86' lang='grc' dir='ltr'>κοιτα-</span> 
     </span>
    </p>
   </div>
   <div class='ocr_carea' id='block_1_106' title="bbox 377 5511 640 5586">
    <p class='ocr_par' dir='ltr' id='par_1_106' title="bbox 377 5511 640 5586">
     <span class='ocr_line' id='line_1_106' title="bbox 377 5511 640 5586; baseline 0.004 -19"><span class='ocrx_word' id='word_1_733' title='bbox 377 5511 444 5583; x_wconf 83' lang='grc' dir='ltr'><strong>ζό</strong></span> <span class='ocrx_word' id='word_1_734' title='bbox 454 5530 640 5586; x_wconf 87' lang='grc' dir='ltr'>μενον.</span> 
     </span>
    </p>
   </div>
   <div class='ocr_carea' id='block_1_107' title="bbox 453 5702 1916 5882">
    <p class='ocr_par' dir='ltr' id='par_1_107' title="bbox 453 5702 1916 5882">
     <span class='ocr_line' id='line_1_107' title="bbox 453 5702 1916 5882; baseline -0.005 -24"><span class='ocrx_word' id='word_1_735' title='bbox 453 5799 519 5858; x_wconf 75' lang='lat' dir='ltr'><strong>Ol</strong></span> <span class='ocrx_word' id='word_1_736' title='bbox 571 5797 762 5874; x_wconf 66' lang='grc' dir='ltr'>μὲντοι</span> <span class='ocrx_word' id='word_1_737' title='bbox 792 5793 950 5882; x_wconf 76' lang='grc' dir='ltr'>φίλοι</span> <span class='ocrx_word' id='word_1_738' title='bbox 986 5702 1521 5877; x_wconf 53' lang='grc' dir='ltr'>βλὲἓοῗτὶέυτούτων</span> <span class='ocrx_word' id='word_1_739' title='bbox 1549 5792 1646 5858; x_wconf 76' lang='grc' dir='ltr'>τὰς</span> <span class='ocrx_word' id='word_1_740' title='bbox 1673 5793 1916 5872; x_wconf 85' lang='grc' dir='ltr'>ὁμιλίας,</span> 
     </span>
    </p>
   </div>
   <div class='ocr_carea' id='block_1_108' title="bbox 2151 4797 3821 4870">
    <p class='ocr_par' dir='ltr' id='par_1_108' title="bbox 2151 4797 3821 4870">
     <span class='ocr_line' id='line_1_108' title="bbox 2151 4797 3821 4870; baseline 0.002 -19"><span class='ocrx_word' id='word_1_741' title='bbox 2151 4797 2432 4869; x_wconf 88' lang='lat' dir='ltr'><strong>prehendi</strong></span> <span class='ocrx_word' id='word_1_742' title='bbox 2465 4800 2644 4868; x_wconf 89' lang='lat' dir='ltr'><strong>queat</strong></span> <span class='ocrx_word' id='word_1_743' title='bbox 2679 4812 2691 4850; x_wconf 91' lang='lat'><strong>:</strong></span> <span class='ocrx_word' id='word_1_744' title='bbox 2729 4797 3047 4851; x_wconf 85' lang='lat' dir='ltr'><strong>simulacra</strong></span> <span class='ocrx_word' id='word_1_745' title='bbox 3096 4799 3295 4852; x_wconf 88' lang='lat' dir='ltr'><strong>tamen</strong></span> <span class='ocrx_word' id='word_1_746' title='bbox 3328 4797 3519 4870; x_wconf 90' lang='lat' dir='ltr'><strong>ipsius</strong></span> <span class='ocrx_word' id='word_1_747' title='bbox 3549 4799 3821 4870; x_wconf 68' lang='lat' dir='ltr'><strong>quaedam</strong></span> 
     </span>
    </p>
   </div>
   <div class='ocr_carea' id='block_1_109' title="bbox 2150 4885 3820 4958">
    <p class='ocr_par' dir='ltr' id='par_1_109' title="bbox 2150 4885 3820 4958">
     <span class='ocr_line' id='line_1_109' title="bbox 2150 4885 3820 4958; baseline 0.001 -17"><span class='ocrx_word' id='word_1_748' title='bbox 2150 4902 2218 4941; x_wconf 84' lang='lat' dir='ltr'><strong>ex</strong></span> <span class='ocrx_word' id='word_1_749' title='bbox 2249 4902 2444 4941; x_wconf 87' lang='lat' dir='ltr'><strong>rerum</strong></span> <span class='ocrx_word' id='word_1_750' title='bbox 2478 4885 2845 4940; x_wconf 88' lang='lat' dir='ltr'><strong>naturalium</strong></span> <span class='ocrx_word' id='word_1_751' title='bbox 2898 4887 3137 4957; x_wconf 90' lang='lat' dir='ltr'><strong>aspectu</strong></span> <span class='ocrx_word' id='word_1_752' title='bbox 3188 4889 3246 4939; x_wconf 88' lang='lat' dir='ltr'><strong>et</strong></span> <span class='ocrx_word' id='word_1_753' title='bbox 3295 4886 3820 4958; x_wconf 88' lang='lat' dir='ltr'><strong>contemplatione,</strong></span> 
     </span>
    </p>
   </div>
   <div class='ocr_carea' id='block_1_110' title="bbox 2151 4973 3820 5048">
    <p class='ocr_par' dir='ltr' id='par_1_110' title="bbox 2151 4973 3820 5048">
     <span class='ocr_line' id='line_1_110' title="bbox 2151 4973 3820 5048; baseline 0.001 -17"><span class='ocrx_word' id='word_1_754' title='bbox 2151 4979 2392 5048; x_wconf 91' lang='lat' dir='ltr'><strong>argento</strong></span> <span class='ocrx_word' id='word_1_755' title='bbox 2435 4973 2605 5048; x_wconf 90' lang='lat' dir='ltr'><strong>quasi</strong></span> <span class='ocrx_word' id='word_1_756' title='bbox 2655 4973 2936 5029; x_wconf 89' lang='lat' dir='ltr'><strong>distincta</strong></span> <span class='ocrx_word' id='word_1_757' title='bbox 2981 4989 3048 5029; x_wconf 90' lang='lat' dir='ltr'><strong>ac</strong></span> <span class='ocrx_word' id='word_1_758' title='bbox 3095 4973 3484 5030; x_wconf 86' lang='lat' dir='ltr'><strong>vermiculata</strong></span> <span class='ocrx_word' id='word_1_759' title='bbox 3533 4976 3820 5032; x_wconf 87' lang='lat' dir='ltr'><strong>faciemus</strong></span> 
     </span>
    </p>
   </div>
   <div class='ocr_carea' id='block_1_111' title="bbox 2149 5063 3824 5135">
    <p class='ocr_par' dir='ltr' id='par_1_111' title="bbox 2149 5063 3824 5135">
     <span class='ocr_line' id='line_1_111' title="bbox 2149 5063 3824 5135; baseline 0.002 -16"><span class='ocrx_word' id='word_1_760' title='bbox 2149 5065 2278 5132; x_wconf 89' lang='lat' dir='ltr'><strong>tibi,</strong></span> <span class='ocrx_word' id='word_1_761' title='bbox 2303 5081 2507 5120; x_wconf 90' lang='lat' dir='ltr'><strong>eorum</strong></span> <span class='ocrx_word' id='word_1_762' title='bbox 2532 5079 2662 5135; x_wconf 62' lang='lat' dir='ltr'><strong>quae</strong></span> <span class='ocrx_word' id='word_1_763' title='bbox 2693 5063 2750 5118; x_wconf 91' lang='lat' dir='ltr'><strong>in</strong></span> <span class='ocrx_word' id='word_1_764' title='bbox 2783 5063 3006 5119; x_wconf 90' lang='lat' dir='ltr'><strong>mundo</strong></span> <span class='ocrx_word' id='word_1_765' title='bbox 3029 5067 3191 5128; x_wconf 86' lang='lat' dir='ltr'><strong>sunt,</strong></span> <span class='ocrx_word' id='word_1_766' title='bbox 3217 5063 3476 5121; x_wconf 88' lang='lat' dir='ltr'><strong>rationes</strong></span> <span class='ocrx_word' id='word_1_767' title='bbox 3512 5067 3824 5122; x_wconf 84' lang='lat' dir='ltr'><strong>ostenden-</strong></span> 
     </span>
    </p>
   </div>
   <div class='ocr_carea' id='block_1_112' title="bbox 2152 5151 3820 5228">
    <p class='ocr_par' dir='ltr' id='par_1_112' title="bbox 2152 5151 3820 5228">
     <span class='ocr_line' id='line_1_112' title="bbox 2152 5151 3820 5228; baseline 0.002 -19"><span class='ocrx_word' id='word_1_768' title='bbox 2152 5159 2260 5218; x_wconf 84' lang='lat' dir='ltr'><strong>tes,</strong></span> <span class='ocrx_word' id='word_1_769' title='bbox 2296 5154 2491 5225; x_wconf 88' lang='lat' dir='ltr'><strong>quoad</strong></span> <span class='ocrx_word' id='word_1_770' title='bbox 2545 5169 2741 5208; x_wconf 89' lang='lat' dir='ltr'><strong>rerum</strong></span> <span class='ocrx_word' id='word_1_771' title='bbox 2791 5152 3058 5207; x_wconf 90' lang='lat' dir='ltr'><strong>omnium</strong></span> <span class='ocrx_word' id='word_1_772' title='bbox 3105 5151 3413 5219; x_wconf 90' lang='lat' dir='ltr'><strong>Dominus,</strong></span> <span class='ocrx_word' id='word_1_773' title='bbox 3438 5155 3536 5225; x_wconf 88' lang='lat' dir='ltr'><strong>qui</strong></span> <span class='ocrx_word' id='word_1_774' title='bbox 3569 5160 3660 5211; x_wconf 89' lang='lat' dir='ltr'><strong>est</strong></span> <span class='ocrx_word' id='word_1_775' title='bbox 3689 5156 3820 5228; x_wconf 90' lang='lat' dir='ltr'><strong>ipsa</strong></span> 
     </span>
    </p>
   </div>
   <div class='ocr_carea' id='block_1_113' title="bbox 2153 5241 3818 5313">
    <p class='ocr_par' dir='ltr' id='par_1_113' title="bbox 2153 5241 3818 5313">
     <span class='ocr_line' id='line_1_113' title="bbox 2153 5241 3818 5313; baseline 0.002 -16"><span class='ocrx_word' id='word_1_776' title='bbox 2153 5243 2391 5310; x_wconf 86' lang='lat' dir='ltr'><strong>veritas,</strong></span> <span class='ocrx_word' id='word_1_777' title='bbox 2423 5243 2482 5297; x_wconf 92' lang='lat' dir='ltr'><strong>in</strong></span> <span class='ocrx_word' id='word_1_778' title='bbox 2513 5246 2569 5298; x_wconf 89' lang='lat' dir='ltr'><strong>te</strong></span> <span class='ocrx_word' id='word_1_779' title='bbox 2598 5241 2773 5298; x_wconf 81' lang='lat' dir='ltr'><strong>veluti</strong></span> <span class='ocrx_word' id='word_1_780' title='bbox 2820 5241 2879 5296; x_wconf 92' lang='lat' dir='ltr'><strong>in</strong></span> <span class='ocrx_word' id='word_1_781' title='bbox 2911 5241 3188 5297; x_wconf 91' lang='lat' dir='ltr'><strong>accubitu</strong></span> <span class='ocrx_word' id='word_1_782' title='bbox 3219 5247 3277 5297; x_wconf 91' lang='lat' dir='ltr'><strong>et</strong></span> <span class='ocrx_word' id='word_1_783' title='bbox 3308 5244 3507 5313; x_wconf 90' lang='lat' dir='ltr'><strong>requie</strong></span> <span class='ocrx_word' id='word_1_784' title='bbox 3538 5261 3647 5300; x_wconf 92' lang='lat' dir='ltr'><strong>sua</strong></span> <span class='ocrx_word' id='word_1_785' title='bbox 3678 5261 3818 5301; x_wconf 85' lang='lat' dir='ltr'><strong>con-</strong></span> 
     </span>
    </p>
   </div>
   <div class='ocr_carea' id='block_1_114' title="bbox 2153 5331 3820 5408">
    <p class='ocr_par' dir='ltr' id='par_1_114' title="bbox 2153 5331 3820 5408">
     <span class='ocr_line' id='line_1_114' title="bbox 2153 5331 3820 5408; baseline 0.002 -20"><span class='ocrx_word' id='word_1_786' title='bbox 2153 5333 2486 5405; x_wconf 89' lang='lat' dir='ltr'><strong>quiescens,</strong></span> <span class='ocrx_word' id='word_1_787' title='bbox 2515 5332 2809 5405; x_wconf 90' lang='lat' dir='ltr'><strong>propriam</strong></span> <span class='ocrx_word' id='word_1_788' title='bbox 2844 5331 3301 5387; x_wconf 89' lang='lat' dir='ltr'><strong>similitudinem</strong></span> <span class='ocrx_word' id='word_1_789' title='bbox 3336 5349 3506 5390; x_wconf 87' lang='lat' dir='ltr'><strong>suam</strong></span> <span class='ocrx_word' id='word_1_790' title='bbox 3539 5338 3594 5390; x_wconf 89' lang='lat' dir='ltr'><strong>te</strong></span> <span class='ocrx_word' id='word_1_791' title='bbox 3625 5335 3820 5408; x_wconf 88' lang='lat' dir='ltr'><strong>ipsam</strong></span> 
     </span>
    </p>
   </div>
   <div class='ocr_carea' id='block_1_115' title="bbox 2153 5419 3821 5497">
    <p class='ocr_par' dir='ltr' id='par_1_115' title="bbox 2153 5419 3821 5497">
     <span class='ocr_line' id='line_1_115' title="bbox 2153 5419 3821 5497; baseline 0.001 -18"><span class='ocrx_word' id='word_1_792' title='bbox 2153 5423 2448 5493; x_wconf 89' lang='lat' dir='ltr'><strong>ostendat,</strong></span> <span class='ocrx_word' id='word_1_793' title='bbox 2481 5427 2545 5477; x_wconf 90' lang='lat' dir='ltr'><strong>ut</strong></span> <span class='ocrx_word' id='word_1_794' title='bbox 2593 5426 2842 5477; x_wconf 87' lang='lat' dir='ltr'><strong>tutemet</strong></span> <span class='ocrx_word' id='word_1_795' title='bbox 2888 5419 3080 5492; x_wconf 88' lang='lat' dir='ltr'><strong>ipsius</strong></span> <span class='ocrx_word' id='word_1_796' title='bbox 3139 5421 3458 5493; x_wconf 88' lang='lat' dir='ltr'><strong>imaginem</strong></span> <span class='ocrx_word' id='word_1_797' title='bbox 3509 5440 3821 5497; x_wconf 88' lang='lat' dir='ltr'><strong>agnoscas,</strong></span> 
     </span>
    </p>
   </div>
   <div class='ocr_carea' id='block_1_116' title="bbox 2153 5511 3824 5586">
    <p class='ocr_par' dir='ltr' id='par_1_116' title="bbox 2153 5511 3824 5586">
     <span class='ocr_line' id='line_1_116' title="bbox 2153 5511 3824 5586; baseline 0.001 -17"><span class='ocrx_word' id='word_1_798' title='bbox 2153 5529 2409 5584; x_wconf 89' lang='lat' dir='ltr'><strong>eumque</strong></span> <span class='ocrx_word' id='word_1_799' title='bbox 2448 5511 2508 5566; x_wconf 90' lang='lat' dir='ltr'><strong>in</strong></span> <span class='ocrx_word' id='word_1_800' title='bbox 2539 5515 2597 5567; x_wconf 89' lang='lat' dir='ltr'><strong>te</strong></span> <span class='ocrx_word' id='word_1_801' title='bbox 2627 5514 2970 5582; x_wconf 88' lang='lat' dir='ltr'><strong>pascentem</strong></span> <span class='ocrx_word' id='word_1_802' title='bbox 3018 5514 3076 5566; x_wconf 90' lang='lat' dir='ltr'><strong>et</strong></span> <span class='ocrx_word' id='word_1_803' title='bbox 3123 5514 3412 5583; x_wconf 89' lang='lat' dir='ltr'><strong>tanquam</strong></span> <span class='ocrx_word' id='word_1_804' title='bbox 3465 5513 3730 5586; x_wconf 88' lang='lat' dir='ltr'><strong>sigillum</strong></span> <span class='ocrx_word' id='word_1_805' title='bbox 3761 5515 3824 5571; x_wconf 93' lang='lat' dir='ltr'><strong>in</strong></span> 
     </span>
    </p>
   </div>
   <div class='ocr_carea' id='block_1_117' title="bbox 2153 5600 3395 5676">
    <p class='ocr_par' dir='ltr' id='par_1_117' title="bbox 2153 5600 3395 5676">
     <span class='ocr_line' id='line_1_117' title="bbox 2153 5600 3395 5676; baseline 0 -17"><span class='ocrx_word' id='word_1_806' title='bbox 2153 5601 2386 5676; x_wconf 90' lang='lat' dir='ltr'><strong>proprio</strong></span> <span class='ocrx_word' id='word_1_807' title='bbox 2419 5600 2589 5674; x_wconf 79' lang='lat' dir='ltr'><strong>signo</strong></span> <span class='ocrx_word' id='word_1_808' title='bbox 2619 5614 2960 5672; x_wconf 84' lang='lat' dir='ltr'><strong>expressum</strong></span> <span class='ocrx_word' id='word_1_809' title='bbox 2991 5600 3395 5660; x_wconf 88' lang='lat' dir='ltr'><strong>recubantem.</strong></span> 
     </span>
    </p>
   </div>
   <div class='ocr_carea' id='block_1_118' title="bbox 2223 5707 3823 5872">
    <p class='ocr_par' dir='ltr' id='par_1_118' title="bbox 2223 5707 3823 5872">
     <span class='ocr_line' id='line_1_118' title="bbox 2223 5707 3823 5872; baseline -0.003 -16"><span class='ocrx_word' id='word_1_810' title='bbox 2223 5798 2411 5857; x_wconf 89' lang='lat' dir='ltr'><strong>Amici</strong></span> <span class='ocrx_word' id='word_1_811' title='bbox 2447 5797 2633 5872; x_wconf 89' lang='lat' dir='ltr'><strong>igitur</strong></span> <span class='ocrx_word' id='word_1_812' title='bbox 2679 5707 3113 5870; x_wconf 46' lang='lat' dir='ltr'><strong>sponsiffxlli‘is</strong></span> <span class='ocrx_word' id='word_1_813' title='bbox 3144 5813 3272 5870; x_wconf 64' lang='lat' dir='ltr'><strong>quis</strong></span> <span class='ocrx_word' id='word_1_814' title='bbox 3302 5798 3460 5856; x_wconf 87' lang='lat' dir='ltr'><strong>dicta</strong></span> <span class='ocrx_word' id='word_1_815' title='bbox 3489 5801 3655 5864; x_wconf 85' lang='lat' dir='ltr'><strong>sunt,</strong></span> <span class='ocrx_word' id='word_1_816' title='bbox 3692 5801 3823 5855; x_wconf 85' lang='lat' dir='ltr'><strong>tum</strong></span> 
     </span>
    </p>
   </div>
  </div>
