4110 6438
402 383 520 441 559

1741 374 2162 440 MICHAELIS
2207 377 2477 439 PSlﬂLLl

3705 385 3831 447 560

397 505 696 584 ingentem
764 528 992 584 sponsae
1060 529 1199 586 erga
1255 528 1539 585 sponsum
1609 511 1828 569 amoris
1885 510 2022 565 ﬁam

2141 570 2142 576 η
2173 507 2277 563 Καὶ
2310 509 2372 562 τὸ
2402 515 2503 578 τῆς
2533 510 2754 588 νύμφης
2787 511 3033 585 ζώπυρον
3067 511 3211 568 πολὺ
3242 514 3378 589 πρὸς
3405 515 3496 569 τὸν
3529 517 3786 595 νυμφίον,

393 618 588 672 mam,
637 606 761 657 tum
814 619 1169 674 propensam
1221 602 1404 675 hujus
1454 620 1593 676 erga
1641 618 1918 676 sponsam
1966 615 2062 656 vo-

2173 597 2315 672 Πρὸς
2349 595 2425 666 δὲ,
2456 600 2556 668 τὴν
2592 594 2982 674 συγκατάϐασιν
3016 599 3220 658 ἐκείνου
3249 603 3384 680 πρὸς
3415 605 3513 674 τήν
3540 594 3786 682 νύμφην,

397 689 692 748 luntatem
755 693 1230 763 considerantes,
1291 700 1467 765 atque
1540 694 1675 749 inde
1741 694 1822 748 rei
1884 692 2025 746 tinet

2170 685 2282 740 Κάκ
2309 688 2517 742 τούτων
2545 686 2938 764 ἐπιγνώσαντες
2971 695 3068 746 τοῦ
3098 693 3417 769 πράγματος
3444 693 3506 749 τὸ
3533 694 3714 764 τέλος,

391 781 846 852 prospicientes,
882 783 1035 854 quod
1084 784 1156 838 ad
1189 799 1317 838 eam
1360 783 1562 855 procul
1594 781 1772 837 dubio
1805 795 2060 851 sponsus

386 875 546 926 esset
590 871 1013 942 descensurus,
1048 888 1115 928 ae
1158 872 1318 944 regio
1368 888 1528 928 more
1558 871 1618 926 in
1650 869 1753 926 illa
1783 867 2060 940 conquie-

389 965 586 1028 turus,
619 977 903 1033 sponsam
945 962 1070 1033 jam
1105 961 1413 1017 instruunt
1467 967 1646 1033 atque
1693 976 1836 1016 auro
1885 974 2056 1014 exor-

385 1055 552 1118 nant,
585 1055 642 1106 et
671 1067 808 1105 cum
863 1066 965 1106 rex
995 1050 1245 1107 voluerit
1294 1051 1592 1121 advenire,
1624 1067 1750 1107 eam
1783 1050 1853 1104 ad
1890 1047 2054 1120 quie-

382 1140 669 1195 scendum
731 1140 1106 1212 aptissimam
1169 1141 1440 1213 reperiat.
1511 1140 1711 1212 Itaque
1771 1137 1855 1194 sic
1911 1136 2053 1192 allo-

392 1231 616 1300 quntur
644 1246 658 1285 :

446 1353 859 1411 Similitudines
879 1355 1014 1412 auri
1039 1356 1311 1425 faciemus
1331 1356 1438 1410 tibi
1454 1371 1584 1412 cum
1603 1351 2052 1417 distinctionibus

376 1445 621 1514 argenti,
653 1459 932 1515 quousque
964 1460 1064 1500 rex
1092 1445 1162 1499 sit
1193 1444 1255 1498 in
1284 1444 1539 1499 accubitu
1567 1459 1687 1499 suo.

449 1621 715 1689 Quando,
752 1622 1052 1695 inquiunt,
1113 1622 1380 1678 futurum
1439 1625 1531 1677 est
1588 1623 1653 1675 ut
1713 1633 1807 1674 rex
1863 1615 1922 1670 in
1969 1619 2046 1685 te,

376 1728 503 1781 quis
536 1711 736 1784 ipsum
787 1712 1015 1784 puriter
1071 1728 1237 1767 amas
1286 1717 1344 1767 et
1396 1710 1632 1782 quieris,
1684 1705 2044 1778 requiescat;

375 1815 506 1871 age,
539 1800 667 1856 sine
697 1805 755 1856 te
785 1817 819 1856 a
850 1799 1021 1856 nobis
1050 1800 1266 1856 instrui
1301 1805 1478 1871 atque
1508 1796 1795 1856 exornari.
1827 1795 2049 1860 Quam-

2168 776 2258 838 Ὠς
2292 777 2392 850 ἄρα
2421 773 2781 849 καταϐήσεται
2815 781 2951 856 πρὸς
2982 781 3182 851 ταύτην
3216 783 3244 837 6
3275 783 3531 858 νυμφίος,

2170 865 2779 941 Ἐπανακλιθησόμενος
2814 869 3115 943 βασιλικῶς
3149 870 3200 926 ἂν
3232 872 3427 947 ταύτῃ,

2165 957 2278 1024 Τὴν
2304 955 2524 1035 νύμφην
2555 956 2926 1034 εὐτρεπίζουσι
2961 956 3120 1029 δῆθεν
3152 967 3637 1038 καταχρυσοῦντες.

2165 1046 2284 1112 Ἵν’,
2318 1043 2530 1100 ἐπειδᾶν
2565 1047 2592 1102 6
2628 1045 2881 1122 βασιλεὺς
2913 1046 3253 1123 ἐπιδημῆσαι
3287 1050 3440 1128 θέλῃ,

2164 1134 2387 1209 Εὑρῆσῃ
2415 1135 2550 1210 πρὸς
2579 1135 2872 1191 ἀνάπαυσιν
2902 1137 3070 1208 αὐτὴν
3100 1138 3481 1214 ἑτοιμοτάτην.

2165 1224 2306 1277 Φασὶ
2335 1225 2437 1301 γὰρ
2469 1224 2611 1280 οὕτω
2644 1227 2780 1301 πρὸς
2811 1225 2976 1296 αὐτὴν
3009 1229 3061 1282 οἱ
3093 1228 3243 1307 φίλοι
3272 1235 3370 1286 τοῦ
3399 1232 3653 1311 νυμφίου·

2233 1350 2588 1423 Ὀμοιώματα
2619 1352 2850 1427 χρυσίου
2878 1355 3202 1428 ποιήσωμέν
3224 1376 3306 1410 σοι
3343 1357 3478 1430 μετά
3507 1361 3821 1433 στιγμάτων

2159 1442 2256 1492 τοῦ
2283 1439 2572 1516 ἀργυρίου,
2602 1439 2707 1504 ἕως
2748 1442 2810 1496 οὗ
2870 1443 2898 1496 6
2961 1442 3215 1518 βασιλεὺς
3275 1443 3326 1500 ἐν
3385 1445 3663 1504 ἀνακλίσει
3723 1450 3823 1505 αὖ·

2157 1549 2276 1585 του.

2161 1618 2332 1690 Ἐπεὶ,
2363 1618 2546 1694 φασὶν,
2575 1620 2602 1675 6
2633 1618 2886 1696 βασιλεὺς
2920 1621 3278 1694 ἀνακλιθῆναι
3313 1623 3509 1698 μέλλει

2158 1708 2244 1764 Ἐν
2278 1709 2384 1777 σοὶ,
2414 1714 2483 1782 τῇ
2514 1714 2704 1765 τοῦτον
2738 1713 2986 1784 καθαρῶς
3015 1710 3252 1789 φιλούσῃ
3280 1716 3371 1770 καὶ
3403 1716 3670 1793 ζητούσῃ,

2159 1802 2325 1872 Δεῦρο
2355 1797 2546 1854 λοιπὸν
2577 1799 2666 1855 καὶ
2693 1803 2822 1875 παρ’
2851 1803 3012 1873 ἡμῶν
3035 1801 3221 1866 καλῶς
3249 1803 3663 1879 ἅτοιμασθεῖσα.

377 1889 465 1944 vis
497 1889 653 1944 enim
703 1906 820 1944 non
854 1895 919 1945 ut
949 1906 1186 1957 aurum,
1218 1907 1250 1945 ο
1282 1905 1521 1960 sponsa,
1553 1885 1876 1942 virtutibus
1925 1883 2025 1939 l'ul-

2156 1885 2261 1944 Κᾶν
2289 1888 2388 1963 γὰρ
2421 1889 2484 1943 οὗ
2518 1886 2757 1961 λάμπεις
2787 1890 2864 1952 ὡς
2912 1892 3115 1966 χρυσὸς
3144 1899 3264 1957 ταῖς
3305 1895 3522 1967 ἀρεταῖς
3551 1897 3740 1977 νύμφη

379 1994 540 2050 geas,
573 1979 674 2034 sed
727 1979 919 2035 adhuc
963 1984 1028 2034 ut
1076 1983 1388 2052 argentum
1421 1977 1736 2049 splendens
1783 1991 1898 2045 prae
1952 1974 2042 2029 ni-

374 2069 733 2141 gredine;te
785 2071 857 2125 ad
917 2070 1046 2126 auri
1103 2075 1299 2126 tamen
1359 2067 1813 2125 similitudinem
1870 2066 2040 2120 deco-

385 2159 671 2228 rabimus,
704 2159 1072 2231 similemque
1104 2161 1418 2215 reddemus
1444 2157 1759 2214 eherubico
1791 2161 1847 2210 et
1878 2154 2043 2209 ﬂam-

387 2263 515 2302 meo
560 2263 626 2302 ac
672 2250 1003 2304 venerando
1052 2247 1220 2318 solio,
1254 2249 1314 2303 in
1363 2265 1480 2320 quo
1531 2264 1628 2303 rex
1676 2245 2041 2301 descendens

379 2353 444 2392 se
487 2336 728 2393 reclinet
757 2342 815 2392 et
845 2339 1200 2410 acquiescat.
1233 2337 1515 2410 Superior
1561 2336 1756 2392 omnis
1787 2349 2037 2405 appara-

375 2428 494 2493 tus,
547 2442 676 2482 meo
721 2428 959 2499 quidem
1014 2428 1259 2500 judicio,
1315 2426 1646 2482 mirabilem
1697 2440 1928 2495 sponsae
1981 2427 2038 2478 et

375 2515 619 2586 virginis
675 2531 744 2571 ex
802 2523 1042 2588 argento
1104 2517 1161 2571 in
1221 2534 1431 2572 aurum
1494 2513 1904 2579 mutationem,
1964 2512 2038 2565 ab

373 2604 582 2659 amicis
610 2604 788 2660 Verbi
817 2611 874 2660 et
905 2606 1110 2677 sponsi
1165 2609 1434 2660 accurate
1482 2601 1906 2673 conquisitam,
1977 2597 2035 2653 id

375 2699 485 2761 est,
527 2693 797 2749 decorem
847 2701 902 2748 et
948 2695 1202 2765 gratiam
1251 2710 1484 2766 sponsae
1535 2692 1607 2746 ab
1653 2688 1877 2762 angelis
1941 2687 2036 2743 Dei

373 2781 702 2838 adhibitam
747 2782 1060 2854 signiﬁcat.
1095 2783 1198 2837 Hic
1229 2783 1386 2838 enim
1427 2779 1659 2835 Domini
1707 2778 2034 2834 amicorum

372 2874 463 2924 est
513 2886 641 2927 mos
688 2877 863 2942 atque
920 2872 1285 2942 institutum,
1321 2876 1385 2926 ut
1432 2887 1565 2926 cum
1614 2869 1875 2924 animam
1924 2865 2034 2921 ali-

373 2974 550 3029 quam
600 2959 887 3032 virginem
943 2961 1014 3016 ad
1065 2961 1365 3016 Christum
1427 2959 1693 3014 studiose
1751 2955 2034 3012 festinau-

373 3053 493 3103 tem
544 3051 699 3104 nacti
747 3052 890 3120 sint,
923 3051 1184 3121 undique
1213 3055 1496 3122 tanquam
1546 3047 1820 3104 custodes
1869 3045 2033 3100 illam

371 3136 740 3192 circumdant
786 3144 962 3209 atque
1011 3139 1314 3209 adjuvant,
1343 3143 1400 3192 et
1438 3137 1510 3192 ad
1559 3140 1746 3190 rectas
1793 3137 1852 3188 et
1898 3148 2034 3187 cum

366 3225 582 3282 virtute
613 3229 960 3299 conjunctae
986 3227 1216 3282 vivendi
1251 3227 1502 3282 rationes
1532 3223 1802 3294 incitent,
1835 3222 2027 3292 quoad

364 3313 531 3370 illam
599 3315 848 3372 Domino
917 3321 1116 3388 aptam
1190 3320 1531 3386 gratamque
1590 3313 1858 3369 reddant.
1914 3310 2028 3367 Sed

354 3403 482 3473 jam
533 3403 972 3475 interpretando
1023 3404 1260 3476 longius
1308 3401 1775 3475 progrediamur,
1808 3403 1868 3454 et
1897 3414 2026 3470 qua:

359 3509 600 3563 sponsa,
635 3493 960 3549 amicorum
1013 3495 1211 3550 studio
1259 3509 1325 3548 ac
1369 3491 1677 3564 diligentia
1724 3493 2023 3554 exornata,

359 3582 432 3636 ad
493 3581 716 3637 amicos
773 3583 956 3653 ipsos,
1013 3583 1070 3638 id
1126 3586 1218 3638 est
1275 3581 1540 3653 angelos,
1589 3580 1767 3647 dicat,
1817 3577 2020 3633 audia-

358 3685 494 3726 mus
534 3686 548 3726 ἶ

701 3941 922 3997 Νανὰιιε
953 3956 1075 3996 mea
1105 3939 1254 3996 dedit
1283 3938 1505 3996 odorem
1533 3938 1674 4010 ejus.

422 4122 645 4178 Animas
677 4121 914 4178 virtutis
959 4121 1241 4177 studiosae
1291 4117 1722 4192 progressionis
1754 4117 2012 4173 fructum

351 4210 657 4284 perspicis.
689 4212 834 4267 Cum
885 4211 1042 4266 enim
1091 4209 1151 4265 in
1203 4214 1362 4265 recta
1401 4208 1528 4264 vita:
1579 4209 1802 4264 ratione
1850 4206 2012 4278 virgo

285 4363 292 4370 _
344 4301 679 4372 profecerit,
713 4305 887 4371 atque
937 4300 1018 4354 ita
1049 4300 1120 4353 ad
1158 4298 1408 4355 Verbum
1440 4302 1498 4353 et
1527 4313 1812 4369 sponsum
1844 4299 2011 4366 opta-

346 4394 476 4445 tum
499 4389 1008 4460 appropinquarit,
1035 4387 1238 4459 sponsi
1261 4386 1759 4457 pulchritudinem
1785 4402 1846 4440 se
1868 4383 2012 4439 dicit

344 4479 676 4550 agnovisse,
698 4479 796 4533 sed
821 4496 923 4549 per
946 4494 1189 4533 sensum
1209 4477 1523 4549 quemdam
1545 4474 1771 4531 solum:
1797 4489 2009 4545 nempe

342 4569 672 4624 odoratum.
703 4568 822 4622 Cur
872 4572 1093 4632 autem,
1142 4567 1362 4638 inquis,
1400 4565 1625 4620 nullum
1678 4564 1835 4619 aliud
1893 4580 2004 4618 un-

340 4666 652 4734 guentum,
674 4660 775 4716 sed
803 4660 1054 4715 nardum
1079 4659 1366 4713 duntaxat
1391 4657 1701 4712 Dominum
1725 4654 1807 4710 ait
1838 4655 2006 4709 redo-

337 4749 496 4806 lere?
528 4756 612 4804 An
645 4750 785 4822 quia
819 4750 971 4803 inter
1005 4754 1309 4820 unguenta
1341 4746 1562 4802 nardus
1592 4745 1814 4800 obtinet
1845 4745 2002 4816 prin-

2153 1977 2390 2048 (Ἃκμὴν
2424 1977 2526 2052 γὰρ
2560 1977 3008 2054 ἀργυρολαμπεῖς
3039 1981 3144 2036 ἀπὸ
3175 1989 3274 2053 τῆς
3299 1989 3700 2062 σκοτομήνης),

2152 2063 2306 2121 Ἀλλ’
2336 2064 2489 2137 ὅμως
2522 2069 2979 2142 χρυσαυγήσομεν
3012 2070 3100 2124 καὶ
3133 2073 3535 2147 παρεικάσομὲν
3565 2097 3624 2130 σε

2151 2149 2470 2229 Χερυυϐικῷ
2499 2156 2586 2210 καὶ
2620 2155 2880 2234 φλογερῷ
2918 2159 3005 2212 καὶ
3038 2155 3318 2234 σεδασμίῳ
3349 2163 3548 2238 θρόνῳ.

2150 2244 2211 2299 Ὁ
2247 2242 2501 2318 βασιλεὺς
2531 2247 2633 2321 γὰρ
2664 2245 2940 2311 κατελθὼν
2970 2248 3392 2321 ἀνακλιθήσεταί
3415 2274 3523 2312 σοι.

2150 2334 2258 2401 Τὴν
2289 2334 2390 2408 γὰρ
2426 2334 2678 2409 ῥηθεῖσαν
2714 2337 2918 2391 ἅπασαν
2954 2335 3060 2392 ῶδε
3091 2335 3554 2417 δραματουργίαν.

2148 2424 2261 2489 Τὴν
2297 2425 2609 2494 θαυμαστὴν
2642 2421 2946 2479 ἀλλοίωσιν
2975 2434 3074 2496 τῆς
3105 2428 3318 2506 νύμφης
3351 2432 3441 2486 καὶ
3481 2432 3774 2510 παρθένου,

2147 2513 2254 2579 Τὴν
2288 2511 2338 2581 ἐξ
2371 2511 2612 2586 ἀργύρου
2642 2512 2779 2580 πρὸς
2812 2515 3014 2589 χρυσόν
3049 2538 3192 2590 φημι
3224 2521 3606 2597 γεγενημένην,

2149 2601 2302 2673 Ηαρᾶι
2325 2605 2433 2654 τῶν
2464 2601 2636 2677 φίλων
2668 2599 2883 2673 δηλαδή
2917 2608 3012 2658 τοῦ
3046 2605 3222 2680 Λόγου
3255 2609 3345 2662 καί
3376 2611 3636 2688 νυμφίου,

2147 2689 2235 2752 Ὠς
2265 2689 2484 2764 ἀρωγήν
2513 2711 2605 2763 μοι
2637 2691 2856 2761 νόησον,
2889 2694 2979 2748 καὶ
3009 2695 3172 2770 χάριν
3205 2697 3342 2771 πρὸς
3367 2701 3466 2769 τὴν
3495 2701 3742 2777 νύμφην,

2150 2780 2242 2834 Ἐκ
2271 2784 2379 2833 τῶν
2412 2777 2660 2853 ἀγγέλων
2689 2786 2786 2835 τοῦ
2819 2787 2952 2836 Θεοῦ
2983 2781 3230 2840 δοθεῖσαν
3264 2784 3510 2859 ἐπαξίως·

2145 2864 2314 2921 Τοῦτο
2347 2867 2447 2942 γὰρ
2483 2865 2601 2932 ἔθος
2631 2867 2833 2944 πέφυκε
2861 2875 2980 2933 τοῖς
3013 2870 3199 2948 φίλοις
3233 2877 3329 2928 τοῦ
3361 2877 3657 2949 Δεσπότου,

2146 2954 2212 3013 O'i
2243 2954 2455 3011 ἐπειδὰν
2490 2956 2768 3033 ἀθρήσωσι
2797 2961 2985 3035 ψυχήν
3011 2981 3128 3016 τινα
3149 2961 3438 3037 παρθένον,

2147 3047 2541 3121 Ἐπειγομένην
2578 3047 2714 3122 πρὸς
2748 3049 2978 3124 Χριστὸν
3011 3048 3195 3114 καλῶς
3231 3049 3584 3126 ἕπαναλύσαι,

2146 3135 2422 3191 Κυκλόθεν
2455 3131 2938 3211 παρεμϐάλλουσιν
2974 3139 3049 3201 ὡς
3080 3139 3319 3218 φύλακες
3350 3142 3583 3216 ἐκείνης,

2147 3225 2492 3300 Ἀρήγοντες,
2527 3224 2824 3301 ἐγείροντες
2855 3228 2992 3300 πρὸς
3022 3228 3302 3305 ἐναρίτους
3323 3232 3583 3308 τρόπους,

2143 3313 2356 3388 Μέχρις
2387 3312 2446 3368 ἃν
2481 3311 2721 3387 δείξωσιν
2757 3315 2923 3386 αὑτὴν
2958 3313 3129 3387 δεξιὰν
3156 3323 3237 3391 τῷ
3267 3321 3534 3399 Δεσπότῃ.

2134 3401 2290 3460 Ἀλλ’
2322 3400 2432 3473 ἤδη
2463 3407 2919 3479 προχωρήσωμεν
2947 3410 3026 3479 τῷ
3057 3405 3206 3483 λόγῳ
3235 3413 3558 3486 περαιτέρω.

2135 3492 2242 3579 Καὶ
2275 3494 2628 3568 προκόψασαν
2659 3497 2844 3570 ψυχὴν
2873 3501 2991 3558 ταῖς
3025 3496 3211 3572 χάρισι
3241 3504 3349 3555 τῶν
3383 3501 3558 3579 φίλων

2134 3578 2392 3669 Ἰδωμεν,
2423 3581 2477 3636 τί
2509 3603 2670 3657 φησιν
2705 3582 2860 3646 εὐθὺς
2892 3583 3028 3654 αὕτη
3061 3586 3136 3648 ὡς
3169 3588 3304 3664 πρὸς
3333 3578 3461 3654 τοὺς
3494 3591 3706 3669 φίλους.

2133 3670 2276 3740 Φησὶ
2312 3667 2358 3724 δ’
2387 3670 2573 3733 αὑταῖς
2606 3676 2725 3734 ταῖς
2758 3671 2960 3743 λέξεσιν
3022 3673 3194 3738 οὕτως
3252 3678 3390 3753 πρὸς
3439 3667 3569 3743 τοὺς
3634 3681 3792 3758 ἀγγε-

3605 3768 3781 3844 [λουςο

2450 3938 2662 4018 Νάρδος
2696 3963 2801 4016 μου
2834 3940 3032 4000 ἔδωκεν
3059 3944 3235 4020 ὀσμὴν
3268 3949 3458 4008 αὑτοῦ.

2123 4119 2355 4206 Βλέπεις
2384 4119 2591 4194 καρπὸν
2617 4127 2717 4190 τῆς
2748 4129 3040 4196 προκοπῆς
3084 4127 3271 4201 ψυχῆς
3302 4133 3404 4197 τῆς
3435 4126 3708 4206 ἐναρέτου’

2124 4205 2264 4266 Ἰδοὺ
2295 4209 2397 4283 γὰρ
2437 4211 2472 4278 ἡ
2506 4211 2829 4283 προκύψασα
2857 4213 2994 4287 πρὸς
3025 4213 3214 4286 ἀρετὰς
3241 4215 3527 4292 παρθένος,

2120 4300 2325 4372 ’Ὠσπερ
2356 4297 2448 4352 καὶ
2478 4299 2845 4375 προεγγίσασα
2873 4299 2952 4373 τῷ
2982 4302 3308 4376 ποθουμένῳ
3341 4307 3524 4380 Λόγῳ,

2119 4386 2518 4460 Ἐπεγνωκὲναι
2557 4388 2653 4459 μὶν
2686 4387 2800 4464 ἐρεῖ
2823 4390 2885 4443 τὸ
2917 4389 3124 4453 κάλλος
3156 4395 3251 4446 τοῦ
3279 4393 3542 4472 νυμφίου,

2121 4473 2272 4545 [Ιλὴν
2308 4474 2377 4529 δι’
2407 4475 2707 4546 αἰσθήσεώς
2740 4499 2887 4540 τινος
2914 4478 3281 4557 ἀσφραντικῆς
3312 4484 3400 4537 καὶ
3435 4483 3630 4556 μόνης.

2117 4564 2279 4628 Τίνος
2309 4562 2364 4619 δὲ
2395 4568 2580 4640 χάριν,
2615 4565 2838 4640 ἐρωτᾷς,
2872 4569 2936 4624 οὑ
2969 4567 3119 4644 λέγει
3153 4572 3324 4644 μόρον
3365 4571 3529 4643 ἄλλο,

2041 4642 2087 4707 Ι)
2119 4652 2292 4710 Ἀλλά
2319 4659 2416 4709 τοῦ
2446 4653 2643 4728 νάρδου
2678 4657 2951 4728 μέμνηται
2987 4642 3240 4736 μυρίζειν-
3259 4662 3350 4716 τὸν
3385 4642 3701 4735 Δεσπότηνι

2112 4743 2189 4799 Τὸ
2226 4744 2340 4815 μὲν,
2374 4742 2455 4798 ὅτι
2483 4745 2569 4798 καὶ
2605 4743 2908 4818 πρώτιστόν
2942 4746 3052 4802 ἰστι
3081 4753 3189 4804 τῶν
3223 4748 3410 4805 ἄλλων
3448 4759 3658 4828 μύρων·

339 4840 643 4913 cipatum?
674 4846 760 4894 An
796 4840 992 4910 potius
1026 4838 1283 4892 divinius
1315 4835 1538 4907 aliquid
1572 4834 1695 4889 vult
1720 4835 2002 4890 innuere?

2141 4832 2178 4885 ’ὸ
2211 4829 2256 4886 δ’
2284 4833 2369 4901 αὖ,
2405 4831 2485 4886 ὅτι
2517 4834 2605 4887 καὶ
2637 4833 2869 4912 πέφυκεν
2903 4835 3162 4914 ἐμφάσεις
3194 4837 3323 4914 ἔχον
3355 4839 3522 4904 θείας·

337 4930 396 4985 Si
429 4930 561 5001 quis
593 4928 751 4985 enim
783 4929 960 4983 homo
1006 4944 1074 4982 ex
1120 4925 1392 4998 praesenti
1444 4926 1580 4994 vita,
1611 4925 1748 4980 licet
1793 4941 1999 4980 omnes

334 5017 536 5073 labore
565 5024 624 5073 et
663 5017 955 5073 industria
986 5016 1296 5087 acquirens
1327 5015 1594 5082 virtutes,
1639 5020 1790 5070 recte
1821 5014 1994 5081 vivat,

337 5107 451 5160 nisi
473 5106 770 5162 Christum
797 5107 994 5162 divino
1018 5105 1372 5177 baptismate
1394 5104 1676 5172 induerit,
1693 5103 1773 5158 nil
1798 5119 1998 5158 revera

333 5193 460 5248 vita)
481 5201 709 5250 aeterna:
733 5197 892 5251 hisce
915 5195 1236 5250 virtutibus
1258 5198 1674 5266 consequetur.
1699 5195 1994 5247 Arcanum

332 5281 440 5336 hoc
507 5285 660 5354 quod
718 5285 916 5339 animo
973 5283 1405 5360 complecteris,
1465 5280 1990 5353 unguentariorum

330 5371 594 5444 exemplo
637 5373 702 5427 ﬁt
747 5373 1146 5429 manifestum.
1178 5378 1317 5428 Cum
1353 5371 1510 5427 enim
1545 5370 1859 5435 nardinum
1894 5385 1991 5424 vo-

329 5460 461 5514 lunt
491 5462 799 5532 coniicere,
834 5462 967 5518 licet
990 5463 1100 5518 alia
1133 5463 1324 5517 multa
1353 5463 1412 5515 in
1438 5476 1622 5515 unum
1653 5459 1992 5528 conjiciant,

330 5547 444 5604 nisi
478 5550 756 5621 nardum,
789 5567 918 5622 quis
952 5552 1189 5623 quidem
1242 5556 1331 5606 est
1383 5550 1581 5618 herba,
1616 5547 1795 5604 simul
1827 5548 1992 5603 adhi-

326 5638 586 5708 buerint,
609 5640 828 5695 frustra
849 5657 1088 5710 operam
1108 5644 1374 5696 sumunt.
1398 5639 1682 5695 Praeterea
1697 5637 1990 5704 Christus,

328 5728 432 5805 qui
460 5727 619 5785 idem
641 5732 700 5785 et
721 5743 977 5803 sponsus
999 5733 1109 5801 est,
1133 5729 1205 5786 ad
1229 5745 1457 5786 caenam
1483 5727 1744 5786 Simonis
1772 5726 1990 5802 leprosi

2107 4922 2307 4998 Ὥσπερ
2332 4919 2386 4976 εῗ’
2407 4943 2488 4983 τις
2519 4921 2803 4997 ἅνθρωπος
2835 4922 2894 4978 ἐκ
2921 4929 3018 4979 τοῦ
3048 4926 3316 5002 παρόντος
3353 4930 3499 5006 βίου,

2108 5009 2210 5064 Κᾶν
2243 5011 2415 5072 πάσας
2446 5010 2622 5088 φέρων
2654 5018 2915 5085 κατορθοῖ
2941 5014 3037 5078 τὰς
3061 5013 3253 5089 ἀρετὰς
3286 5019 3566 5093 ἐμπόνως,

2105 5100 2209 5153 "Av
2244 5101 2318 5172 μὴ
2357 5101 2586 5173 Χριστὸν
2608 5099 2880 5156 ἐνδέδυται
2920 5103 3254 5178 βαπτίσματι
3283 5112 3362 5180 τῷ
3394 5108 3547 5182 θείῳ,

2105 5185 2272 5246 Οὐδὲν
2308 5189 2464 5250 οὗτος
2498 5187 2704 5260 ὀνίνησι
2735 5194 2856 5253 ταῖς
2889 5193 3106 5268 ἀρεταῖς
3136 5194 3385 5262 ἁπάσαις·

2105 5280 2310 5334 Τοῦτον
2335 5279 2425 5332 τὸν
2454 5277 2654 5354 τρόπον
2686 5276 2774 5354 ἴδῃ
2807 5301 2888 5342 τις
2915 5280 3167 5358 ἀρρήτως
3199 5283 3251 5338 ἐν
3282 5284 3499 5363 καρδίᾳ,

2104 5366 2254 5438 Παρά
2282 5388 2430 5429 τινος
2461 5372 2568 5422 τῶν
2607 5371 2864 5442 μυρεψῶν
2895 5375 3436 5446 κατασκευαζομένου

2101 5456 2168 5511 Οἱ
2189 5457 2288 5530 γάρ
2327 5455 2655 5530 βουλόμενοί
2689 5479 2820 5512 ποτε
2849 5461 3237 5516 κατασκευάσαι
3259 5462 3471 5539 νάρδον,

2102 5542 2206 5598 Κᾶν
2237 5540 2356 5615 εἷ’δη
2394 5543 2644 5620 βάλλωσι
2671 5544 2857 5602 πολλά
2887 5550 3160 5626 μυρεψικά
3189 5552 3326 5625 πρὸς
3357 5558 3539 5625 τοῦτο,

2099 5633 2165 5688 Εἰ
2199 5634 2276 5706 μή
2303 5635 2392 5688 καὶ
2424 5631 2620 5706 νάρδον
2661 5634 2965 5712 βάλλωσιν,
3007 5637 3128 5709 ἥτις
3154 5638 3264 5696 terti
3300 5642 3528 5720 βοτάνη,

2098 5721 2194 5786 Εἲς
2233 5725 2407 5800 μάτην
2434 5726 2804 5798 πεπονήκασιν
2837 5722 3009 5793 ὄντως
3040 5730 3091 5785 οἱ
3119 5727 3500 5813 ναρδεργάται.
