4110 6388
333 462 455 526 561

1389 455 1805 520 COMMENT.
1853 457 1932 518 IN
1977 457 2378 520 CAN'I‘ICUM
2425 458 2734 522 CANTIG.

3659 462 3776 522 562

361 592 568 655 Αλλως
596 613 656 649 τε
685 587 744 648 δὲ
771 591 862 648 καὶ
889 589 918 647 ό
939 587 1312 666 προσκληθεὶς
1336 587 1567 665 Χριστὸς
1589 589 1617 644 ὁ
1639 587 1730 643 καὶ
1749 587 2005 667 νυμφίος,

2130 595 2385 658 vocatus,
2428 592 2536 648 hoc
2589 596 2805 649 unctus
2859 597 2950 650 est
2999 596 3300 667 unguento
3348 611 3382 650 a
3434 593 3780 668 peccatrice.

335 683 434 748 Εἲς
467 682 680 739 δεῖπνον
708 681 961 756 Σίμωνος
991 679 1202 755 λεπροῦ
1232 678 1781 752 καταπεπονημένου,

332 778 508 829 Τοῦτο
538 772 602 828 τὸ
635 770 805 849 μύρον
836 768 1092 842 ἤλειπται
1124 768 1270 846 παρὰ
1297 775 1397 839 τῆς
1431 765 1788 844 μοιχαλίδος.

332 865 394 924 Ὀ
427 861 596 940 λόγος
626 863 810 918 τοίνυν
846 862 1116 935 μέμνηται
1146 863 1244 915 τοῦ
1274 855 1475 933 νάρδου
1514 858 1933 935 προσηκόντως.

903 975 1022 1026 Τῶν
1063 971 1112 1045 γ’
1151 968 1427 1043 Πατέρων.

413 1066 689 1127 Ἐντεῦθεν
723 1060 815 1118 οὖν
844 1064 879 1132 ἡ
912 1060 1099 1138 νύμφη
1131 1065 1249 1120 τοῖς
1295 1063 1402 1112 τῶν
1463 1059 1664 1132 ἀρετῶν
1727 1055 2010 1132 διαφόροις

344 1155 486 1210 κατὰ
533 1151 724 1228 πρᾶξιν
784 1151 882 1223 μὲν
935 1149 1190 1222 τρόποις,
1217 1147 1354 1202 κατὰ
1411 1147 1642 1222 θεωρίαν
1705 1144 1761 1201 δὲ
1813 1146 2008 1222 λόγοις

347 1248 692 1317 καθαρθεῖσαι,
754 1241 867 1295 εἶτα
937 1239 1012 1300 είς
1083 1235 1404 1306 τελειότητα
1478 1235 1810 1311 ἐναγομὲνη,
1869 1237 2008 1310 πρὸς

341 1331 472 1394 τοὺς
519 1333 585 1386 τὰ
641 1328 1020 1406 προειρημένα
1062 1327 1200 1400 πρὸς
1252 1325 1420 1394 αὐτὴν
1472 1327 1747 1402 φήσαντας
1808 1324 2011 1400 φίλους

338 1425 437 1476 τοῦ
488 1419 746 1499 νυμφίου,
786 1415 1197 1492 ἀποκρινομένη
1246 1414 1398 1493 φησί’
1445 1411 1663 1489 Νάρδος
1721 1435 1825 1487 μου
1877 1409 2011 1469 ἔδω-

338 1531 431 1566 κεν
491 1509 672 1582 ὀσμὴν
720 1503 1126 1580 αύτοῦ⁶ἤγουν,
1169 1505 1234 1559 Ἡ
1291 1503 1350 1558 ἐκ
1397 1507 1504 1558 τῶν
1553 1499 1826 1580 διαφόρων
1877 1502 2014 1557 κατὰ

340 1598 541 1674 πρᾶξιν
598 1591 817 1671 τρόπων
864 1593 954 1650 καὶ
1001 1593 1138 1648 κατά
1183 1593 1413 1665 θεωρίαν
1465 1589 1668 1668 λόγων,
1711 1589 1868 1660 δίκην
1913 1599 2012 1661 τῆς

343 1689 406 1746 ἐκ
459 1685 739 1766 διαφόρων
811 1682 1118 1759 ἀρωμάτων
1199 1682 1555 1758 συγκειμένης
1605 1678 1831 1756 νάρδου,
1881 1701 2012 1755 κρα-

341 1777 578 1850 τηθεῖσά
639 1795 734 1848 μοι
789 1771 1101 1848 ἔμπρακτος
1157 1776 1376 1846 γνῶσις,
1440 1772 1714 1847 παρέσχεν
1776 1768 2009 1850 ἔμφασιν

348 1862 673 1935 αύτοῦ,τοῦ
728 1863 846 1920 κατ’
899 1861 1087 1918 οὐσίαν
1134 1857 1433 1936 ἀπροσίτου
1489 1860 1744 1938 νυμφίου,
1808 1860 1868 1914 οὗ
1919 1860 2010 1915 τὸν

2116 681 2315 737 Merilo
2345 681 2528 754 igitur
2557 682 2728 738 nardi
2759 683 2981 740 mentio
3014 683 3170 738 facta
3199 688 3310 739 est.

2709 972 2896 1027 Trium
2931 973 3194 1028 Patrum.

2192 1061 2424 1132 Sponsa
2444 1061 2746 1134 deinceps,
2769 1061 2948 1117 variis
2970 1061 3256 1116 virtutum
3279 1077 3414 1117 cum
3449 1061 3506 1116 in
3532 1063 3782 1134 agendo,

2122 1155 2248 1206 tum
2279 1151 2338 1205 in
2371 1151 2828 1223 contemplando
2868 1150 3125 1223 expolita
3156 1151 3394 1206 dotibus
3425 1154 3600 1222 atque
3647 1150 3784 1206 illu-

2122 1246 2331 1310 strata,
2355 1245 2415 1296 et
2435 1241 2507 1296 ad
2535 1239 2952 1312 perfectionem
2978 1240 3384 1312 progrediens,
3398 1243 3454 1295 et
3474 1242 3545 1295 ad
3569 1257 3635 1296 ea
3657 1258 3785 1311 qua

2123 1330 2236 1386 sibi
2282 1330 2354 1385 ab
2407 1330 2614 1385 amicis
2667 1329 2870 1400 sponsi
2922 1329 3078 1385 dicta
3128 1329 3382 1396 fuerant,
3417 1331 3783 1401 respondet:

2120 1419 2359 1487 Nardus,
2386 1419 2682 1490 inquiens,
2707 1436 2828 1474 mea
2856 1419 3004 1475 dedit
3032 1420 3362 1474 suavitatem
3387 1420 3507 1489 eius
3535 1437 3557 1473 .·
3587 1418 3645 1473 id
3675 1423 3786 1489 est,

2123 1510 2327 1565 efﬁcax
2355 1525 2424 1564 ex
2449 1509 2696 1564 diversis
2726 1508 2937 1581 agendi
2960 1508 3428 1580 speculandique
3459 1507 3789 1564 rationibus

2124 1599 2375 1669 cognitio
2407 1597 2762 1669 conquisita,
2795 1597 2985 1654 instar
3033 1597 3200 1653 nardi
3232 1615 3301 1653 ex
3329 1596 3506 1653 variis
3557 1613 3789 1653 aroma-

2124 1689 2286 1743 tibus
2319 1685 2568 1743 conditas
2605 1688 2856 1758 praebuit
2898 1687 3198 1758 specimen
3247 1689 3408 1758 ejus;
3441 1686 3646 1758 sponsi
3695 1687 3791 1741 ni-

2124 1775 2366 1842 mirum,
2399 1793 2504 1848 per
2534 1781 2808 1831 naturam
2844 1775 3156 1841 inaccessi,
3189 1776 3359 1847 cujus
3391 1792 3493 1846 ego
3525 1775 3787 1847 speciem

2125 1882 2191 1922 ac
2223 1869 2420 1922 notam
2445 1881 2602 1936 gero,
2629 1870 2694 1920 ut
2713 1865 2909 1938 imago
2939 1864 3130 1937 ipsius
3162 1881 3228 1921 ac
3259 1864 3609 1921 similitudo.
3638 1863 3786 1919 Cum

348 1960 680 2032 χαρακτῆρα
736 1951 904 2030 φιρω,
963 1951 1040 2015 ὡς
1105 1949 1264 2005 εἰκὼν
1329 1949 1493 2005 αὐτοῦ
1562 1949 1653 2004 καὶ
1729 1947 2007 2022 ὁμοίωμα.

2130 1955 2282 2012 enim
2345 1954 2545 2010 mistio
2597 1955 2866 2027 quaedam
2900 1953 2973 2010 sit
3007 1971 3210 2011 eorum
3259 1970 3390 2026 quae
3447 1952 3508 2008 in
3563 1954 3786 2009 mundo

349 2045 546 2122 Μίγμα
572 2044 678 2120 γὰρ
705 2040 842 2112 αὕτη
873 2044 981 2096 τῶν
1015 2039 1068 2095 ἰν
1097 2043 1178 2112 τῷ
1225 2038 1386 2093 παντὶ
1441 2042 1692 2113 μετοχῶν
1747 2041 1844 2092 τοῦ
1896 2038 2014 2100 ἑνὸς

352 2140 464 2191 τῶν
515 2129 664 2189 ὅλων
706 2130 883 2187 αἰτίου
932 2128 1272 2204 ὑπάρχουσαν
1301 2127 1378 2190 ὡς
1421 2132 1608 2202 κρᾶμα
1662 2128 1799 2182 κατὰ
1857 2126 2012 2205 φύσιν

363 2225 498 2279 οὖσα
520 2228 722 2292 νοητῆς
753 2219 844 2276 καὶ
893 2218 1161 2290 αἰσθητῆς
1203 2216 1449 2285 κτίσεως,
1481 2217 1569 2271 καὶ
1622 2216 1758 2272 κατὰ
1784 2215 2011 2292 γνώμην

357 2311 492 2376 τοὺς
518 2310 568 2366 ἰν
605 2315 682 2382 τῷ
727 2308 889 2364 παντὶ
939 2306 1142 2382 λόγους
1183 2307 1275 2361 καὶ
1321 2305 1560 2382 τρόπους
1611 2303 1663 2360 ἐν
1709 2306 1873 2378 ἑαυτῇ
1921 2325 2012 2360 κε-

361 2402 585 2478 ράσασα.
640 2399 928 2454 Κάντεῦθεν
984 2393 1262 2452 ἀποδοῦσα
1315 2400 1398 2468 τῷ
1453 2395 1569 2449 κατ’
1621 2392 1805 2449 εἷ’κὸνα
1865 2392 2014 2470 λόγῳ

352 2490 448 2546 τὸν
495 2487 899 2562 καθ’ὁμοίωσιν
948 2485 1176 2562 τρόπον,
1205 2483 1257 2540 ἐν
1311 2485 1476 2558 ἑαυτῇ
1525 2487 1716 2538 τοῦτον
1757 2480 2010 2553 δεικνεῖ-ι,

350 2580 430 2642 ὡς
464 2578 517 2635 ἐν
537 2577 705 2634 εἰκόνι
737 2577 1065 2652 ἀρχέτυπον.
1099 2574 1252 2631 Ἐπεὶ
1283 2571 1348 2643 δ’,
1374 2573 1449 2637 ὡς
1478 2571 1715 2649 εἶ’ρηκεν,
1735 2571 1786 2627 ἐν
1821 2572 2010 2642 αἰσθή-

352 2689 436 2724 σει
494 2666 707 2743 γὲγονεν
764 2669 862 2722 τοῦ
935 2663 1198 2740 νυμφίου,
1254 2662 1307 2717 τί
1365 2661 1572 2735 tuom;
1633 2661 1804 2724 Οὗτός
1876 2660 2011 2734 ἐστι,

348 2759 545 2837 φησὶν,
620 2753 932 2829 ἀπόδεσμος
1006 2759 1237 2822 στακτῆς
1310 2749 1603 2829 ἀδελφιδός
1676 2772 1780 2824 μου
1865 2749 2010 2822 ἐμοί.

348 2849 540 2916 Ἤτοι,
577 2847 791 2921 Συνοχή
824 2843 965 2900 ἐστιν
999 2841 1124 2916 ἰμοὶ
1150 2843 1241 2897 καὶ
1271 2843 1595 2918 συντήρησις
1623 2847 1724 2910 τῆς
1777 2837 2009 2914 μεταδο-

345 2943 514 3006 τικῆς
565 2935 822 3011 σταγόνος
868 2939 970 3004 τῆς
1021 2931 1164 2996 θείας
1211 2930 1460 3007 χάριτος,
1493 2931 1521 2984 ὁ
1569 2929 1705 2984 κατὰ
1760 2929 1858 2997 τήν
1914 2932 2012 2983 τοῦ

354 3022 674 3102 Συμμάχου
714 3023 1003 3100 ἑρμηνείαν
1051 3021 1331 3098 ἀγαπητός
1382 3041 1509 3093 μου.
1544 3019 1796 3094 Ἐπείπερ
1853 3016 2014 3082 αὐτὸς

349 3114 747 3188 πιστευόμενος
795 3113 864 3168 τὰ
908 3111 1250 3184 πνευματικὰ
1296 3114 1551 3181 συντηρεῖ
1595 3112 1663 3182 τῇ
1716 3105 2014 3179 Ἐκκλησία

351 3204 697 3282 χαρίσματα,
727 3202 817 3258 καὶ
848 3203 968 3272 ἱστᾷ
1014 3201 1139 3262 τοὺς
1186 3198 1411 3260 πιστοὺς
1468 3202 1566 3253 τοῦ
1614 3199 1690 3270 μὴ
1749 3197 1856 3251 ἀπὸ
1911 3204 2012 3266 τῆς

351 3293 618 3366 ἀληθείας
666 3291 976 3367 τρέπεσθαι.
1007 3290 1139 3346 Εἶτα
1179 3287 1317 3344 ὅπου
1374 3287 1425 3342 ἐν
1487 3285 1622 3360 αὐτῇ
1681 3283 2008 3362 περιπολεύ-

353 3405 452 3446 σας
503 3383 602 3452 τὴν
663 3380 918 3457 ἀτρεψίαν
976 3378 1177 3450 ταύτην
1234 3376 1540 3454 χαρίσεται,
1600 3377 1819 3455 φάσκει·
1880 3375 2012 3431 Ἀνὰ

355 3473 524 3548 μέσον
577 3476 685 3527 τῶν
748 3474 964 3544 μαστῶν
1033 3490 1138 3542 μου
1209 3467 1617 3538 αύλισθήσεται.
1678 3465 1892 3520 Τούτων
1960 3463 2018 3520 δὲ

356 3563 520 3634 μέσον
579 3562 615 3630 ἡ
672 3556 869 3633 καρδία
911 3557 1074 3625 ἐστὶν,
1135 3555 1188 3627 ἐξ
1243 3558 1308 3626 ἧς
1361 3559 1440 3627 τῷ
1499 3555 1680 3627 λοιπῷ
1712 3555 1922 3627 σώματι
1953 3554 2016 3609 τὸ

359 3651 589 3722 ζωτικὸν
656 3645 960 3704 διαδίδοται
1018 3649 1277 3720 πνεῦμα·
1331 3643 1454 3714 ἥτις
1533 3643 1857 3722 ὑπεμφαίνει
1921 3644 2013 3698 τὸν

359 3740 609 3817 ἡγεμόνα
653 3743 802 3794 νοῦν·
838 3736 890 3792 ἰν
943 3738 988 3810 ᾦ
1035 3733 1421 3812 περιπολεύσει
1470 3735 1498 3789 ὁ
1547 3732 1772 3809 Κύριος,
1804 3731 1929 3789 ὅταν
1979 3736 2014 3804 ἡ

359 3828 549 3906 νύμφη
583 3823 748 3882 αύτοῦ
780 3823 872 3880 διὰ
891 3823 1215 3894 τελειότητα
1243 3823 1391 3896 αύτῷ
1421 3821 1758 3892 κολληθεῖσα
1804 3826 2016 3896 πνεῦμα

358 3919 588 3994 γενηται
629 3913 722 3972 ἓν·
759 3913 1158 3988 εἷ’σοικιζομένη
1213 3915 1312 3982 τήν
1373 3909 1480 3984 ἕξιν
1540 3919 1640 3982 τῆς
1682 3912 1876 3988 ἀρετῆς
1925 3908 2017 3966 διὰ

361 4014 466 4076 τῆς
503 4010 597 4060 τοῦ
648 4004 914 4082 παναγίου
962 4002 1273 4076 Πνεύματος
1320 4001 1602 4079 ἐνεργείας.
1648 4002 1727 4056 Δι’
1757 4005 1824 4072 ἧς
1874 4003 1909 4071 ἡ
1961 4000 2011 4056 ἐν

361 4097 580 4170 Χριστῷ
631 4091 978 4170 κεκρυμμὲνη
1043 4093 1181 4165 ζωὴ,
1214 4091 1289 4154 εἷς
1347 4102 1522 4153 πάσας
1576 4089 1670 4152 τὰς
1699 4097 1798 4160 τῆς
1831 4093 2016 4166 ψυχῆς

358 4181 616 4257 δυνάμεις
645 4184 718 4246 ὡς
745 4181 950 4251 ταύτης
1015 4179 1156 4255 μὲλη
1217 4177 1558 4248 διοδεύσασα,
1601 4180 1854 4256 ἀτρεψίαν
1915 4180 2014 4234 αύ-

350 4278 479 4336 ταῖς
537 4272 853 4348 ἐμποιήσει.
889 4269 992 4328 Καὶ
1041 4270 1184 4325 οὕτω
1248 4268 1341 4342 μὶν
1375 4269 1404 4323 ὁ
1433 4269 1664 4346 νυμφίος
1705 4272 1772 4342 τῇ
1824 4267 2011 4343 νύμφῃ

349 4357 531 4420 ἔσεται
579 4366 686 4418 τῶν
733 4359 919 4417 καλῶν
971 4357 1218 4436 ἀτρεψία,
1270 4356 1394 4413 ὅταν
1448 4355 1634 4413 τελεία
1690 4355 2012 4434 ἀναδειχθῇ.

1060 4464 1308 4522 Ψελλοῢ.

427 4557 584 4616 Ἀλλ’
609 4558 969 4630 ἀκουσώμεθα
999 4554 1192 4610 λοιπὸν
1221 4555 1312 4609 καὶ
1340 4557 1450 4608 τῶν
1493 4554 1613 4626 ἑξῆς
1645 4551 1866 4628 λογίων.

348 4650 420 4705 Ἠ
451 4647 639 4726 νύμφη
665 4648 767 4723 γὰρ
797 4651 915 4707 ταῖς
947 4649 1256 4720 προκοπαῖς
1284 4643 1357 4705 ὡς
1391 4638 1576 4704 ἔνθους
1607 4647 1894 4716 γινομένη,

347 4741 476 4794 Ἔτι
510 4737 765 4815 συνείρειν
795 4735 976 4809 ἀγαπᾷ
1004 4734 1092 4789 τὸν
1122 4731 1284 4810 λόγον
1311 4733 1446 4807 πρὸς
1477 4731 1605 4794 τοὺς
1640 4731 1853 4810 φίλους.

353 4826 505 4898 Φησὶ
577 4831 707 4902 γοῦν
777 4821 906 4882 τάδε
979 4825 1116 4898 πρὸς
1192 4821 1387 4884 αὐτοὺς
1470 4823 1606 4896 μετᾶ
1661 4823 1752 4877 τὸν
1812 4819 2012 4897 νάρδου

1729 4910 1938 4986 [λόγον’

425 5003 770 5078 Ἀπόδεσμος
853 5009 1088 5072 στακτῆς
1163 5002 1191 5058 ὁ
1267 4998 1560 5080 ἀδελφιδός
1647 5022 1752 5076 μου
1846 5001 2011 5076 ἐμοὶ,

349 5095 458 5153 ἆνά
520 5095 689 5170 μάσον
738 5097 848 5148 τῶν
906 5096 1125 5167 μαστῶν
1187 5113 1292 5164 μου
1349 5089 1760 5162 αύλισθήσεται.

423 5187 588 5249 Ἔθος
663 5181 828 5250 ἐστὶν,
888 5180 964 5244 ὡς
1041 5178 1313 5257 λέγουσιν,
1373 5181 1560 5256 κόραις
1613 5187 1732 5242 ταῖς
1789 5179 2014 5259 φιλοχό..

1731 5272 1935 5344 [σμοίῆ

351 5365 443 5434 Μὴ
481 5363 644 5439 μόνον
673 5357 864 5435 ἔξωθεν
898 5359 1067 5422 αὐτὰς
1099 5358 1308 5434 ἐξόχως
1337 5358 1732 5429 καλλωπίζειν,

344 5457 440 5518 Ὠς
471 5450 840 5531 ἔφελκύσωσιν
876 5447 1054 5504 αὐτῶν
1085 5449 1176 5504 τὸν
1207 5447 1437 5524 ἐραστὴν
1471 5448 1520 5504 ἐν
1550 5450 1733 5525 τάχει,

347 5541 534 5600 Ἀλλά
563 5541 651 5597 καὶ
688 5538 901 5614 μᾶλλον
937 5534 1133 5602 ἔσωθεν
1159 5539 1338 5593 αὐτῶν
1364 5543 1471 5594 τῶν
1505 5539 1758 5612 ἱματίων,

352 5630 693 5692 Κατασκευὰς
719 5629 959 5693 τιθέασιν
995 5627 1100 5683 ἀπὸ
1129 5632 1236 5682 τῶν
1269 5627 1606 5702 μυριπνόων.

426 5816 449 5853 ⁸
478 5812 706 5874 Coloss.
741 5826 830 5883 iu,
847 5809 902 5867 3.

2127 2061 2306 2101 unam
2354 2043 2517 2100 illam
2550 2060 2748 2099 rerum
2779 2043 3046 2100 omnium
3097 2060 3336 2099 causam
3382 2041 3784 2115 participant:

2125 2135 2345 2207 quippe
2385 2151 2512 2206 quas
2561 2150 2629 2189 ex
2685 2133 3043 2205 intelligibili
3094 2137 3152 2188 et
3199 2131 3464 2189 sensibili
3521 2137 3790 2188 creatura

2125 2222 2474 2279 naturaliter
2515 2226 2763 2293 constet,
2799 2222 3164 2294 scientiaque
3207 2222 3466 2278 rationes
3497 2237 3692 2276 rerum
3723 2235 3790 2277 ac

2126 2313 2334 2368 modos
2364 2312 2422 2366 id
2454 2329 2516 2368 se
2547 2312 2973 2383 complectatur
3008 2329 3021 2367 :
3055 2316 3366 2383 propterea
3412 2310 3676 2366 moribus
3707 2310 3792 2367 si—

2125 2401 2521 2456 militudinem
2558 2402 2838 2470 referens,
2862 2418 2997 2456 eum
3038 2401 3099 2456 in
3143 2417 3205 2456 se
3238 2405 3522 2471 tanquam
3554 2399 3610 2453 in
3646 2400 3790 2454 ima-

2123 2491 2258 2563 gine
2287 2489 2584 2562 exemplar
2614 2494 3005 2562 repraesentat.
3043 2489 3286 2553 Verum,
3321 2489 3461 2559 quia
3494 2504 3698 2554 sensu,
3723 2493 3789 2542 ut

2124 2580 2292 2649 dixit,
2317 2595 2601 2651 sponsum
2634 2580 2890 2651 agnovit,
2925 2579 3066 2651 quid
3109 2579 3238 2650 ipso
3272 2594 3451 2634 sensu
3484 2578 3582 2646 sit,
3605 2576 3787 2647 expli-

2124 2674 2238 2740 cat,
2270 2669 2471 2725 dicens
2504 2685 2516 2722 :
2551 2668 2866 2724 Fasciculus
2903 2667 3159 2739 myrrha:
3203 2683 3371 2738 nepos
3421 2683 3574 2722 meus
3620 2667 3788 2722 mihi.

2123 2758 2318 2813 Nexus
2361 2762 2452 2814 est
2482 2763 2540 2812 et
2572 2757 2938 2812 conservatio
2981 2756 3156 2812 stillae
3189 2757 3394 2811 divinas
3428 2757 3628 2829 gratiae
3660 2772 3787 2826 quae

2126 2846 2271 2902 mihi
2302 2847 2738 2902 communicata
2766 2850 2878 2916 est,
2905 2844 3153 2901 dilectus
3187 2863 3354 2902 meus
3385 2862 3398 2900 :
3434 2850 3499 2900 ut
3525 2848 3794 2918 Symma-

2123 2936 2272 2992 chus
2304 2937 2745 3007 interpretatur.
2778 2935 2889 2991 Per
2919 2935 3092 2991 fidem
3140 2935 3296 2991 enim
3344 2938 3642 3004 acceptus,
3665 2933 3788 3007 spi-

2125 3023 2316 3079 ritalia
2355 3029 2554 3080 tuetur
2601 3029 2779 3096 atque
2831 3029 3140 3079 conservat
3189 3023 3459 3080 Ecclesiae
3515 3038 3785 3090 munera,

2123 3113 2446 3184 ﬁdelesque
2490 3113 2802 3168 conﬁrmat
2848 3119 2906 3167 et
2948 3113 3308 3179 corroborat,
3343 3128 3414 3168 ne
3463 3129 3498 3167 a
3549 3114 3791 3168 veritate

2123 3201 2477 3258 desciscant.
2520 3203 2692 3271 Tum,
2738 3202 2839 3257 ubi
2894 3217 3151 3273 sponsus
3210 3202 3268 3256 in
3328 3201 3459 3272 ipsa
3517 3218 3788 3270 manens,

2125 3292 2519 3348 constantiam
2554 3291 2699 3348 hanc
2731 3290 3038 3363 largiatur,
3071 3292 3330 3362 exponit,
3363 3292 3426 3345 In
3459 3291 3661 3355 medio,
3696 3291 3788 3348 in-

2125 3382 2356 3454 quiens,
2414 3382 2642 3437 ubcrum
2711 3397 2954 3437 meorum
3024 3380 3469 3436 commorabitur.
3530 3379 3788 3436 Uberum

2128 3471 2389 3527 medium
2421 3471 2646 3527 obtinet
2685 3487 2804 3541 cor,
2838 3471 2993 3526 unde
3023 3469 3218 3525 vitalis
3249 3470 3494 3542 spiritus
3538 3469 3598 3524 in
3652 3468 3788 3525 reli-

2127 3577 2310 3633 quum
2343 3577 2557 3632 corpus
2587 3560 2960 3616 diffunditur.
2992 3564 3377 3615 Praestantem
3411 3575 3544 3614 vero
3577 3558 3787 3614 animas

2127 3655 2351 3722 partem
2402 3654 2659 3707 mentem
2710 3649 2928 3718 innuit,
2952 3649 3011 3704 in
3044 3665 3162 3720 qua
3211 3649 3491 3705 Dominus
3537 3647 3785 3717 habitat,

2126 3756 2260 3796 cum
2295 3741 2424 3812 ejus
2464 3756 2684 3811 sponsa
2729 3738 3082 3811 perfectione
3135 3737 3248 3794 sibi
3300 3737 3598 3810 copulata,
3630 3753 3786 3793 unus

2125 3818 2369 3900 apii'itus
2399 3829 2674 3898 efficitur,
2700 3828 2937 3883 virtutis
2989 3828 3254 3883 habitum
3298 3827 3634 3899 adipiscens
3682 3842 3786 3897 per

2125 3917 2308 3972 sancti
2345 3916 2598 3987 Spiritus
2643 3916 3066 3989 Operationem,
3101 3916 3254 3971 unde
3297 3917 3415 3972 vita
3461 3917 3522 3969 in
3566 3915 3784 3971 Christo

2124 4005 2492 4062 abscondita“
2537 4006 2596 4060 in
2641 4022 2847 4060 omnes
2897 4004 3106 4060 animae
3156 4004 3469 4076 potentias,
3502 4009 3783 4074 tanquam

2123 4095 2184 4151 in
2215 4096 2395 4166 hujus
2430 4093 2712 4164 membra,
2747 4094 3021 4164 inﬂuens,
3049 4093 3322 4149 stabilem
3353 4093 3501 4166 ipsis
3533 4092 3783 4150 ﬁrmita-

2125 4189 2240 4242 tem
2273 4202 2339 4241 ac
2368 4184 2548 4240 robur
2579 4183 2846 4240 instillat.
2869 4185 3058 4255 Atque
3087 4183 3169 4239 ita
3194 4201 3450 4255 sponsus
3473 4183 3583 4240 erit
3612 4199 3786 4256 spon-

2125 4291 2221 4343 sas,
2258 4291 2392 4330 cum
2425 4274 2492 4328 ad
2529 4273 2944 4346 perfectionem
2977 4273 3220 4345 venerit,
3253 4273 3540 4329 virtutum
3572 4272 3784 4328 immo-

2125 4363 2237 4420 bile
2269 4365 2734 4419 firmamentum.

2857 4471 3048 4526 Psclli.

2195 4560 2302 4615 Sed
2331 4560 2455 4632 jam
2487 4565 2545 4614 et
2574 4575 2642 4614 ea
2671 4576 2799 4630 quas
2826 4559 3039 4614 deinde
3071 4563 3423 4631 sequuntur,
3449 4559 3786 4614 audiamus.

2121 4655 2349 4721 Sponsa
2388 4649 2545 4704 enim
2597 4665 2910 4721 progressu
2963 4649 3132 4720 quasi
3186 4649 3389 4704 afﬂatu
3442 4649 3784 4704 institutum

2043 4721 2259 4795 Dcum
2317 4738 2526 4794 amicis
2583 4753 2911 4793 sermonem
2966 4737 3234 4793 studiose
3288 4737 3688 4809 persequitur,
3732 4741 3790 4794 et

2125 4833 2258 4900 post
2290 4827 2456 4882 nardi
2486 4827 2872 4897 mentionem,
2905 4825 2990 4881 sic
3021 4825 3100 4881 ait
3135 4842 3149 4881 :

2193 5007 2514 5063 Fasciculus
2541 5009 2744 5062 stactes
2772 5005 2927 5076 ﬁlius
2969 5005 3178 5060 sororis
3206 5020 3340 5060 meae
3387 5003 3550 5076 mihi,
3581 5005 3642 5059 in
3671 5020 3786 5061 me-

2122 5097 2214 5154 dio
2240 5097 2476 5153 uberum
2503 5111 2753 5153 meorum
2781 5094 3232 5151 commorabitur.

2195 5186 2562 5259 Elegantium
2611 5184 2902 5254 virginum
2961 5201 3091 5240 mos
3148 5187 3258 5251 est,
3293 5187 3360 5239 ut
3414 5199 3532 5239 non
3590 5183 3786 5240 solum

2123 5275 2391 5331 exteriori
2444 5278 2650 5331 ornatu
2701 5291 2765 5330 se
2812 5275 3107 5341 decorent,
3142 5290 3257 5344 quo
3311 5272 3576 5329 celeriter
3620 5289 3786 5330 ama-

2124 5370 2280 5421 tores
2311 5381 2447 5421 suos
2488 5363 2770 5430 alliciant,
2803 5379 3002 5418 verum
3055 5363 3230 5418 etiam
3283 5362 3488 5420 suavia
3517 5362 3574 5417 in
3608 5363 3784 5419 vesti-

2123 5454 2339 5511 mentis
2391 5458 2693 5526 unguenta
2739 5457 2967 5524 gerant.
3018 5451 3306 5516 Quoniam
3359 5452 3539 5525 igitur
3585 5452 3784 5509 Canti-

2121 5561 2323 5600 corum
2358 5543 2548 5600 verbis
2581 5541 2778 5597 anima
2808 5547 2869 5596 ut
2900 5540 3148 5613 pulchra
3179 5541 3338 5614 virgo
3361 5546 3449 5597 est
3480 5548 3781 5612 exornata,

2121 5638 2178 5690 et
2208 5634 2516 5690 hominum
2560 5648 2720 5687 more
2765 5630 3148 5702 sponsalibus
3175 5631 3384 5687 decora
3415 5630 3784 5686 vestimentis
