4110 6392
276 376 396 437 563

1611 388 2043 453 MICHAELIS
2089 390 2363 453 PSELLI

3584 396 3705 459 564

280 507 353 562 ad
386 507 625 579 nuptias
672 510 931 568 adducta
962 554 976 580 ,
1009 521 1469 575 consentaneum
1509 525 1599 577 est
1650 524 1716 578 ut
1763 520 1926 578 verba

2056 520 2204 576 Ἐπεὶ
2234 525 2362 597 γοῦν
2392 522 2791 597 γεγυναίκισται
2821 528 2903 598 τῷ
2932 522 3085 601 λόγῳ
3111 529 3219 581 τῶν
3250 524 3537 601 ’ᾼσμᾶἱτων

286 597 556 668 quasdam
614 598 889 658 muliebri
921 601 1220 676 loquatur,
1268 607 1402 665 licet
1448 608 1703 667 interius
1774 627 1938 667 arca-

283 701 425 741 num
457 703 698 744 sensum
739 692 1099 749 contineant.
1132 697 1342 769 Aperte
1384 698 1567 771 igitur
1593 699 1763 772 quasi
1794 699 1937 755 deli-

281 774 402 830 cias
452 775 693 833 faciens.
725 778 1026 853 Quamvis,
1075 783 1291 858 inquit,
1343 786 1622 844 mulieres
1671 788 1939 859 quedam

279 864 350 919 ad
385 880 646 921 amorem
695 870 1069 928 excitandum
1101 874 1216 931 alia
1259 881 1493 948 gestent
1545 884 1849 950 unguenta
1877 878 1937 933 in

276 954 683 1025 vestimentis;
736 974 840 1028 ego
902 964 1102 1019 tamen
1161 964 1425 1035 cujusvis
1480 965 1938 1037 fragrantissimi

278 1042 476 1098 odoris
508 1043 633 1099 loco
676 1047 1139 1117 pulcherrimum
1192 1070 1503 1125 sponsum,
1534 1056 1621 1111 uti
1653 1056 1934 1112 suavnssi-

278 1147 443 1186 mum
491 1140 929 1206 unguentorum
963 1140 1309 1198 fasciculum
1341 1143 1490 1200 collo
1538 1144 1930 1217 suspendens,

278 1220 562 1278 retinebo.
596 1222 693 1279 Vel
730 1226 924 1296 potius
970 1229 1080 1286 hoc
1125 1232 1418 1302 signiﬁcat
1450 1251 1462 1290 :
1497 1235 1775 1301 Quamvis
1806 1234 1931 1289 alia

277 1309 491 1366 animae
521 1314 729 1370 mundi
777 1317 937 1374 curis
982 1325 1041 1376 et
1088 1320 1335 1394 negotiis
1365 1322 1776 1396 implicentur;
1825 1340 1932 1397 ego

279 1400 481 1472 sponsi
513 1403 630 1460 mei
659 1406 991 1477 percipiens
1022 1412 1404 1483 voluptatem,
1434 1430 1568 1469 eum
1600 1413 1933 1486 insculpam

277 1487 339 1544 in
365 1489 585 1548 tabulis
613 1496 807 1553 cordis
846 1498 981 1553 mei.
1016 1499 1273 1557 Uberum
1306 1502 1465 1559 enim
1508 1503 1771 1560 medium
1803 1520 1935 1560 cor-

280 1579 373 1635 dis
401 1584 494 1637 est
521 1583 713 1641 sedes.

874 2206 1060 2264 Trium
1096 2209 1349 2265 Patrum.

349 2286 546 2342 Bolru:
598 2288 769 2362 Cypri
813 2296 1020 2351 sororia
1065 2311 1214 2353 mea
1259 2298 1411 2369 [ilius
1460 2301 1605 2357 mihi
1650 2302 1713 2358 in
1758 2305 1942 2361 vinei:

283 2374 555 2447 Engaddz'.

353 2466 556 2532 Qualis
585 2473 675 2525 est
705 2487 817 2527 uva
863 2472 1059 2531 adhuc
1098 2476 1335 2546 ﬂorens,
1367 2495 1495 2551 quas
1525 2480 1728 2539 vinum
1777 2483 1938 2539 cordi

280 2552 544 2613 laetitiam
575 2558 825 2617 aﬂ‘erens
856 2562 1168 2633 pollicetur
1197 2584 1210 2623 :
1240 2567 1375 2623 talis
1402 2573 1494 2625 est
1524 2571 1670 2627 mihi
1703 2577 1941 2645 propter

280 2644 787 2717 imperfectionem
821 2667 1013 2707 meam
1041 2654 1295 2713 dilectus
1320 2674 1490 2715 meus
1512 2661 1571 2715 in
1595 2644 1940 2735 vineis,iboc

281 2735 460 2791 estin
492 2736 673 2793 variis
721 2754 916 2796 rerum
968 2744 1219 2812 naturis,
1252 2762 1380 2818 quae
1429 2750 1751 2822 perspicuis
1799 2758 1940 2810 sunt

282 2822 453 2880 oculo
499 2826 845 2885 tentationis
875 2831 958 2899 (id
990 2835 1145 2890 enim
1183 2840 1275 2891 est
1302 2837 1513 2911 Gaddi)
1543 2840 1711 2898 oculo
1760 2843 1937 2899 nimi-

280 2927 414 2968 rum
445 2914 691 2971 rationis
734 2916 982 2977 naturas
1028 2939 1224 2979 rerum
1269 2942 1337 2982 ac
1381 2929 1686 2986 veritatem
1719 2931 1776 2986 in
1811 2949 1937 2989 om-

278 3001 460 3057 nibus
506 3003 885 3075 explorantis.
937 3009 1068 3066 Haec
1117 3013 1275 3069 enim
1322 3032 1422 3071 eas
1470 3016 1759 3091 indagans
1806 3025 1935 3077 tan-

280 3107 458 3163 quam
492 3091 793 3152 ﬂorentem
836 3114 1030 3169 uvam,
1062 3117 1131 3157 ex
1168 3102 1315 3174 ipsis
1345 3105 1565 3179 colligit
1594 3110 1931 3181 veritatem;

280 3197 409 3252 quaa
437 3180 617 3238 veluti
665 3183 866 3241 vinum
901 3191 1199 3260 quoddam
1231 3211 1264 3249 a
1296 3193 1500 3268 ﬁguris
1554 3205 1809 3256 mentem
1845 3180 1933 3257 di!-

1960 1899 2011 1966 B

2049 610 2114 667 Ἦ
2141 611 2543 687 παρθενεύουσα
2572 613 2726 690 ψυχὴ
2759 613 2849 668 καὶ
2881 615 3109 689 τρόποις
3137 614 3505 694 ἀρῤενόφρων,

2050 701 2152 756 Καὶ
2176 705 2461 781 νυμφικῶς
2485 701 2835 761 συνέσταλται
2867 705 3003 782 πρὸς
3032 705 3242 781 γάμους
3270 704 3583 782 ἑπηγμένη,

2050 788 2261 865 Λόγους
2294 791 2440 853 τινας
2468 793 2719 868 γυναικὸς
2752 792 2899 858 εἲκός
2929 793 3038 850 ἔστι
3069 796 3159 850 καὶ
3190 794 3394 870 λέγειν,

2051 876 2158 935 Κᾶν
2190 876 2421 956 ἵσχωσιν
2451 881 2762 959 ἀπόῤῥητον
2789 883 2878 939 τὸν
2909 882 3174 959 λογισμὸν
3207 883 3257 939 ἐν
3291 886 3463 961 βάθει.

2046 973 2215 1023 Τοῦτο
2246 974 2376 1046 γοῦν
2411 968 2555 1047 λέγει
2586 977 2880 1051 προφανῶς
2909 973 3090 1049 ὥσπερ
3131 974 3489 1047 ἀκκιζομὲνη,

2040 1060 2165 1116 ’Ὁτι
2199 1060 2305 1114 Κᾶν
2341 1061 2576 1139 φέρωσίν
2606 1082 2749 1124 τινες
2770 1069 3021 1137 γυναῖκες
3055 1060 3200 1119 ἄλλα
3235 1062 3379 1140 μύρα

2042 1148 2185 1223 Πρὸς
2216 1147 2398 1223 ἔρωτα
2420 1151 2748 1226 Θερμότερον
2781 1145 2932 1206 ἔνδον
2954 1156 3066 1207 τῶν
3099 1152 3355 1225 ἱματίων,
3396 1182 3399 1189 ν

2040 1230 2201 1293 Ἀλλ’
2231 1232 2405 1312 ἔγωδε
2443 1239 2788 1315 μυρίσματος
2818 1240 2935 1294 ἀντὶ
2975 1241 3176 1302 παντὸς
3207 1237 3465 1311 εὐώδους,

2042 1327 2223 1382 Αὐτὸν
2255 1326 2463 1383 ἐκεῖνον
2493 1331 2768 1402 κτήσομαι
2796 1330 2889 1384 τὸν
2921 1327 3221 1385 κάλλιστον
3252 1330 3510 1408 νυμφίον,

2042 1418 2246 1493 ’Ὠσπερ
2272 1414 2586 1488 ἀπόδεσμὸν
2614 1440 2732 1474 τινα
2766 1417 2952 1494 μύρων
2987 1416 3397 1489 εὐωδεστάτων,

2044 1505 2242 1569 Καλῶς
2268 1507 2665 1584 ἀπαιωρήσασα
2694 1509 2819 1585 περὶ
2848 1508 2941 1563 τὸν
2971 1507 3260 1586 τράχηλόν
3295 1530 3423 1584 μου.

2045 1594 2279 1654 Μᾶλλον
2309 1594 2368 1651 δὲ
2403 1600 2565 1653 τοῦτο
2595 1602 2846 1674 καθαρῶς
2877 1596 3175 1653 αἰνίσσεται
3203 1602 3283 1671 τῷ
3316 1598 3493 1675 λόγῳ,

2050 1686 2169 1739 Ὅτι
2202 1683 2313 1742 Κᾶν
2341 1682 2511 1743 ἄλλαι
2533 1690 2642 1742 τῶν
2674 1690 2870 1763 ψυχῶν
2899 1692 2980 1761 τῷ
3013 1686 3120 1765 βίῳ
3149 1688 3513 1766 πεφυρμέναι,

2053 1771 2266 1838 Ἀλλας
2339 1772 2632 1855 φροντίδας
2714 1772 2920 1853 ἔχωσιν
3003 1781 3112 1833 τῶν
3177 1782 3462 1853 κοσμικῶν
3537 1796 3714 1860 πραγ-

3413 1866 3644 1944 [μάτων.

2060 1953 2191 2031 Εγὼ
2222 1952 2269 2011 δ’
2294 1952 2473 2027 ἄλλην
2504 1958 2606 2026 τήν
2631 1952 2838 2026 ἡδονὴν
2866 1958 3069 2033 γνοῦσά
3102 1978 3208 2032 μου
3246 1961 3345 2014 τοῦ
3384 1959 3643 2038 νυμφίου,

2048 2042 2224 2100 Αὐτὸν
2255 2044 2480 2122 χαράξω
2506 2049 2628 2108 ταῖς
2659 2044 2824 2119 πλαξί
2853 2052 2955 2117 τῆς
2984 2044 3124 2119 ἐμῆς
3153 2044 3379 2123 καρδίας
3403 2064 3418 2078 ⁸

2048 2135 2284 2193 Μαστῶν
2317 2134 2420 2211 γὰρ
2457 2135 2619 2209 μέσον
2652 2135 2885 2214 πέφυκεν
2911 2136 2940 2191 ὁ
2962 2135 3133 2198 τόπος
3161 2143 3262 2208 τῆς
3287 2135 3534 2213 καρδίας.

2616 2228 2736 2281 Τῶν
2764 2231 2811 2299 γ’
2838 2226 3092 2300 Πατὲρων
3103 2268 3116 2282 .

2121 2314 2329 2389 Βότρυς
2357 2314 2458 2382 τῆς
2514 2313 2734 2389 Κύπρου
2778 2311 3076 2390 ἀδελφιδός
3135 2335 3241 2388 μου
3299 2316 3425 2389 ἐμοὶ
3483 2314 3536 2371 ἰν
3594 2316 3707 2392 ἀμ-

2046 2399 2289 2457 πελῶσιν
2317 2399 2574 2477 Ἐγγαδδί
2585 2445 2596 2457 .

2119 2492 2299 2560 ”Ητοι,
2333 2488 2490 2561 δίκην
2534 2489 2817 2564 σταφυλῆς
2876 2488 2956 2547 ἔτι
3006 2490 3294 2564 ἀνθούσης,
3341 2490 3434 2548 καί
3478 2494 3570 2549 τὸν
3617 2492 3708 2548 εὐ-

2048 2580 2337 2656 φραντικὸν
2370 2587 2470 2651 τῆς
2497 2577 2722 2657 καρδίας
2755 2581 2899 2636 οἶνον
2949 2578 3461 2657 ἒπαγγελλομὲνης,
3511 2582 3539 2637 ὁ
3570 2581 3707 2657 ἀγα-

2046 2669 2218 2739 πητός
2282 2690 2388 2742 μου
2440 2668 2868 2743 καρποφορεῖταί
2929 2691 3022 2743 μοι
3082 2667 3172 2725 διὰ
3225 2671 3326 2740 τήν
3385 2670 3524 2743 ἐμὴν
3581 2670 3705 2726 ἀτέ-

2048 2755 2220 2827 λειαν,
2263 2759 2339 2821 ὡς
2390 2757 2443 2812 tv
2500 2756 2791 2831 ἀμπελῶσι
2844 2763 2965 2821 ταῖς
3023 2756 3311 2837 διαφόροις
3365 2764 3472 2814 τῶν
3532 2756 3702 2815 ὄντων

2046 2845 2286 2925 φύσεσιν,
2318 2844 2374 2901 α’ί
2405 2846 2538 2902 εἰσιν
2589 2844 2838 2923 διοραταὶ
2893 2852 2975 2920 τῷ
3035 2846 3306 2927 ὀφθαλμῷ
3360 2852 3459 2904 τοῦ
3512 2868 3703 2927 πειρα-

2042 2935 2257 3013 τηρίου.
2311 2938 2479 3013 Ὅπερ
2539 2935 2896 3013 ἑρμηνεύεται
2950 2938 3012 2993 τὸ
3062 2934 3261 2993 Γαδδί’
3321 2934 3584 3009 δηλονότι

2045 3020 2166 3099 ὄψει
2221 3029 2320 3081 τοῦ
2356 3026 2732 3102 βασανίζοντος
2762 3027 2859 3090 τὰς
2904 3026 3109 3103 φύσεις,
3139 3027 3229 3083 καὶ
3277 3028 3377 3095 τὴν
3437 3025 3492 3083 ἐν
3550 3026 3703 3091 ὅλοις

2043 3113 2305 3186 ἀλήθειαν
2357 3115 2684 3191 ἐρευνῶντος
2735 3113 2930 3192 λόγου.
2964 3116 3154 3179 Οὕτως
3202 3116 3307 3192 γὰρ
3364 3116 3564 3178 ταύτας
3614 3114 3702 3172 δι-

2044 3205 2410 3279 ερευνὼμενος
2439 3205 2513 3267 ὡς
2539 3205 2801 3260 ἀνθοῦντα
2835 3205 3029 3282 βότρυν
3087 3211 3205 3268 τοῖς
3247 3205 3457 3261 τούτων
3511 3203 3698 3282 λόγοις

281 3271 560 3339 movebit,
591 3288 726 3329 cum
775 3275 1057 3350 diversas,
1091 3298 1220 3353 quas
1268 3284 1327 3339 in
1380 3287 1600 3344 mundo
1647 3294 1809 3360 sunt,
1840 3307 1926 3347 ra-

2056 3271 2384 3372 ίαρποφορεῖ
2426 3294 2529 3361 τήν
2582 3271 2867 3364 ἀλήθειαν,
2898 3271 3022 3364 ἥτις
3053 3294 3234 3371 ὥσπερ
3278 3315 3363 3357 τις
3409 3298 3556 3359 οἶνος
3608 3295 3701 3351 τὸν

277 3358 469 3417 tiones
496 3359 559 3416 in
591 3378 653 3419 se
680 3362 812 3436 ipsa
840 3372 1073 3425 coactas
1103 3370 1505 3444 amplectetur.

1017 3547 1207 3604 Pselli.

348 3627 428 3682 Ex
457 3642 689 3699 sponsas
716 3632 910 3689 verbis
956 3638 1226 3708 quaedam
1276 3648 1616 3714 supersunt,
1638 3661 1767 3718 qua:
1798 3648 1930 3719 qui-

267 3714 401 3770 dem
431 3732 589 3774 nunc
619 3734 725 3790 pro
754 3721 981 3780 viribus
1023 3732 1166 3783 sunt
1210 3729 1557 3802 explicanda
1589 3751 1602 3790 :
1637 3714 1723 3791 sic
1769 3738 1926 3819 enim

268 3802 433 3875 ipsos
463 3806 705 3880 angelos
736 3810 1059 3885 alloquitur
1087 3832 1100 3871 :

343 3928 540 3987 Botru:
588 3932 759 4006 Cypri
810 3941 1015 3995 sororis
1059 3958 1204 4001 mea
1251 3944 1410 4015 ﬁlius
1456 3948 1599 4004 mihi
1646 3950 1709 4006 in
1752 3950 1930 4008 vineis

267 4019 537 4090 Engaddi.

340 4108 385 4164 Ο
416 4111 754 4183 prmclaram
790 4120 1219 4191 progressionis
1243 4140 1471 4196 sponsae
1503 4129 1924 4187 mutationem!

268 4198 404 4262 Quis
435 4201 591 4256 enim
623 4205 933 4276 perspicue
964 4209 1135 4279 paulo
1167 4216 1301 4267 ante
1330 4213 1545 4273 similis
1574 4234 1741 4291 equae
1771 4219 1927 4276 dicta

267 4286 484 4354 fuerat,
517 4304 674 4345 nunc
704 4293 1029 4351 amicorum
1058 4298 1343 4372 obsequio
1383 4303 1557 4374 plane
1589 4286 1922 4379 proficiens,

266 4388 330 4429 se
370 4374 559 4445 ipsam
617 4383 684 4433 ut
740 4382 917 4439 vitem
980 4384 1340 4445 fructiferam
1400 4374 1683 4466 agnoscit.
1716 4396 1923 4455 Omnis

269 4462 427 4519 enim
459 4465 659 4522 anima
689 4484 859 4541 pura,
882 4473 1111 4529 Domini
1134 4493 1420 4537 succensa
1439 4462 1760 4557 desiderio,
1791 4505 1925 4561 ope-

266 4568 404 4641 rum
445 4569 759 4627 progressu
783 4558 848 4614 fit
875 4562 1092 4619 omnia.
1118 4565 1285 4622 Nunc
1305 4569 1543 4641 quidem
1578 4576 1748 4631 sedes
1772 4558 1919 4633 Cbe-

2044 3386 2169 3436 νοῦν
2202 3381 2451 3453 ἐπιστήσει
2478 3387 2589 3438 τῶν
2630 3383 2839 3452 τύπων,
2873 3384 3108 3454 ὁπηνίκα
3146 3384 3274 3447 τοὺς
3321 3384 3375 3440 ἂν
3417 3388 3498 3457 τῷ
3539 3385 3696 3439 παντὶ

2046 3469 2336 3550 διαφόρους
2367 3471 2569 3548 λόγους
2599 3473 2725 3550 περὶ
2754 3474 2950 3543 ἑαυτὴν
2978 3472 3200 3548 συνάψει
3229 3470 3498 3536 ἔνοειδῶς.

2111 3651 2353 3726 Ἕχομέν
2383 3652 2445 3727 γε
2473 3672 2525 3706 τι
2556 3560 3037 3725 λείψανιάῗιιὶῶῖυάκ
3070 3655 3171 3721 τῆς
3219 3651 3441 3731 νύμφης
3489 3649 3694 3728 λόγων,

2037 3741 2206 3815 Ὅπερ
2233 3741 2308 3803 ὡς
2339 3734 2480 3795 ἔστιν
2511 3739 2726 3819 ἐφικτὸν
2756 3741 2820 3796 τὸ
2846 3745 2937 3796 νῦν
2966 3740 3343 3817 ἐρμηνευτᾶον.

2038 3830 2195 3906 Λὲγει
2225 3830 2330 3905 γαρ
2362 3829 2505 3885 οὕτω
2535 3830 2673 3899 πρὸς
2704 3829 2901 3893 αὐτοὺς
2929 3833 2966 3901 ἡ
2998 3831 3184 3910 νύμφη
3216 3830 3344 3894 τοὺς
3385 3826 3654 3906 ἀγγελους
3675 3848 3691 3864 ο

2108 3954 2313 4031 Βότρυς
2366 3962 2466 4026 τῆς
2529 3955 2747 4031 Κύπρου
2794 3952 3087 4035 ἀδελφιδός
3145 3977 3251 4030 μου
3306 3952 3432 4030 ἐμοὶ
3482 3954 3534 4010 ἐν
3581 3953 3692 4028 ἀμ-

2034 4043 2275 4098 πελῶσιν
2306 4046 2393 4119 Ἐγ
2403 4041 2581 4119 γαδδί.

2105 4133 2170 4186 Ὢ
2196 4139 2297 4202 τῆς
2329 4131 2541 4204 καλλῆς
2568 4131 2880 4209 ἐναλλαγῆς
2926 4140 3026 4204 τῆς
3070 4139 3358 4210 προκοπῆς
3406 4138 3506 4278 τῇς
3556 4130 3690 4278 vle-

3473 4243 3579 4278 tunc

3448 4224 3579 4300 [φης

2032 4310 2091 4365 Ἦ
2126 4310 2231 4385 πρὸ
2260 4315 2460 4387 μικροῦ
2490 4311 2590 4387 γὰρ
2624 4310 2877 4389 ἐμφανῶς
2903 4309 3063 4386 ’ίππῳ
3093 4312 3533 4387 παρεικασθεῖσα,

2031 4399 2096 4453 Ἀ
2109 4419 2192 4475 ρτι
2227 4396 2498 4476 λαμπρῶς
2526 4400 2848 4474 προκύψασα
2872 4405 2993 4463 ταῖς
3024 4400 3213 4477 χάρισι
3244 4405 3351 4456 τῶν
3384 4396 3587 4478 φίλων,

2027 4492 2113 4550 Ὡς
2142 4490 2478 4567 βοτρυφὸρον
2512 4488 2758 4563 ἄμπελον
2790 4488 2957 4560 αὐτὴν
3000 4490 3362 4566 ἐπιγινώσκει.

2029 4579 2200 4654 Ψυχὴ
2229 4580 2328 4654 γὰρ
2362 4585 2505 4634 πᾶσα
2534 4579 2742 4652 καθαρά
2771 4584 3014 4644 ποθοῦσα
3040 4580 3133 4635 τὸν
3169 4580 3468 4649 Δεσπότην,

267 4640 491 4713 rubim,
517 4660 674 4700 nunc
705 4648 871 4704 sedes
912 4650 1107 4725 Regis,
1132 4672 1290 4712 nunc
1318 4664 1518 4717 autem
1548 4664 1685 4720 vitis
1717 4666 1918 4722 fructi-

2056 4668 2265 4723 Ιάντοτε
2293 4667 2469 4723 πάντα
2494 4668 2699 4743 γίνεται
2730 4672 2799 4741 τῇ
2829 4672 3084 4745 προκοπῇ
3115 4673 3223 4724 τῶν
3261 4664 3430 4745 ἔργων

264 4729 389 4785 fera
434 4731 494 4786 in
542 4731 679 4789 aula
717 4737 970 4794 Domini.
999 4743 1159 4807 Quod
1213 4745 1396 4818 igitur
1446 4752 1673 4821 puriter
1699 4771 1919 4827 sponsa

262 4818 427 4888 dicit,
459 4821 569 4877 hoc
599 4827 689 4880 est
719 4841 734 4880 :
766 4826 859 4883 Sic
898 4832 1107 4903 agnovi
1156 4837 1376 4894 sororis
1424 4818 1564 4896 meae
1614 4818 1825 4915 ﬁlium,
1856 4846 1915 4903 id

258 4912 349 4964 est
394 4926 704 4985 sponsum,
754 4916 910 4973 sicut
956 4920 1215 4993 botrum,
1246 4926 1347 4997 qui
1397 4930 1569 4987 nobis
1615 4912 1919 4993 distillavit

262 5002 526 5056 mustum
556 5006 920 5064 aeternitatis.
943 5008 1109 5067 Baud
1143 5014 1420 5073 omnibus
1442 5020 1690 5077 virtutes
1720 5039 1912 5096 capes-

260 5088 533 5147 sentibus
564 5094 875 5153 animabus
905 5104 996 5155 est
1039 5107 1332 5175 maturus,
1360 5109 1461 5163 sed
1493 5125 1599 5181 pro
1629 5111 1912 5170 virtutum

259 5192 543 5235 mensura
568 5183 1005 5252 jucunditatem
1040 5208 1208 5247 suam
1251 5196 1503 5254 subinde
1532 5204 1741 5256 mutat.
1774 5202 1914 5260 Aliis

257 5282 514 5340 namque
552 5269 738 5341 ﬂoret,
772 5275 830 5330 in
858 5276 989 5334 aliis
1040 5280 1337 5353 nigrescit,
1369 5286 1429 5341 in
1461 5288 1593 5345 aliis
1641 5296 1911 5350 maturus

254 5361 363 5425 est,
397 5356 457 5412 in
487 5357 620 5415 aliis
650 5361 823 5432 plane
852 5372 1052 5423 coctus
1083 5386 1150 5426 ac
1179 5372 1373 5430 dulcis
1404 5380 1512 5432 est.
1546 5378 1774 5450 Sponsa
1801 5381 1908 5454 igi-

252 5447 370 5511 tur,
399 5446 541 5502 dum
574 5449 877 5508 ﬂorentem
922 5456 1159 5514 botrum
1191 5477 1254 5516 se
1281 5461 1429 5520 ferre
1459 5446 1622 5533 dicit,
1653 5446 1908 5526 ostendit

250 5547 312 5586 se
345 5537 607 5592 nondum
637 5540 707 5595 ad
755 5542 1170 5613 perfectionem
1222 5553 1576 5621 pervenisse.
1610 5562 1728 5613 Aut
1773 5563 1906 5614 tan-

251 5637 432 5718 quam
493 5626 755 5686 ﬂorentis
812 5632 1315 5702 pulchritudinem
1367 5660 1747 5718 exaggerans,
1800 5649 1903 5717 ita,

249 5707 461 5783 inquit,
494 5717 637 5772 mihi
668 5719 838 5777 ﬂoret
866 5723 1133 5782 Christus
1164 5732 1222 5784 et
1241 5707 1609 5802 sponsusjvut
1634 5707 1905 5795 odoriferi

2024 4757 2136 4813 Νῦν
2173 4757 2268 4830 μὲν
2297 4757 2481 4834 θρόνοι
2516 4753 2818 4833 Χερουϐὶμ,
2850 4758 2940 4813 καὶ
2972 4758 3163 4834 θρόνος
3197 4757 3502 4827 Βασιλέως,

2025 4849 2129 4899 Νῦν
2155 4842 2202 4900 δ’
2233 4843 2481 4919 ἄμπελος
2511 4847 2855 4921 κατάκαρπος
2887 4845 2939 4901 ἐν
2970 4853 3089 4910 ταῖς
3121 4847 3319 4911 αὐλαῖς
3346 4846 3567 4923 Κυρίου.

2022 4938 2196 5011 ’Όπερ
2224 4937 2316 4991 οῦν
2345 4935 2490 5012 λέγει
2520 4942 2771 5012 καθαρῶς
2804 4939 2837 5007 ὴ
2871 4924 3079 5015 νόμφη,
3111 4942 3274 4993 τοῦτο
3307 4935 3455 5014 λίγει
3475 4956 3490 4971 ο

2021 5025 2110 5087 Ὧς
2139 5020 2309 5100 ἔγνων
2338 5025 2431 5080 τὸν
2460 5022 2808 5104 ἀδελφιδοῦν,
2836 5025 3081 5082 τουτέστι
3120 5027 3212 5081 τὸν
3243 5024 3500 5105 νυμφίον,

2020 5117 2205 5178 Ὅστις
2234 5115 2521 5185 ἀπέσταξεν
2545 5118 2680 5189 ἡμῖν
2708 5112 2941 5190 γλεῦκος
2972 5115 3262 5181 ἀθανασίας
3289 5134 3302 5147 ’

2020 5205 2136 5263 Οὐκ
2165 5204 2277 5261 ἔστι
2308 5209 2504 5269 πάσαις
2531 5206 2743 5282 ὥριμος
2773 5209 2979 5282 ψυχαῖς
3010 5213 3129 5272 ταῖς
3168 5207 3463 5283 ἐναρέταις,

2021 5293 2182 5349 Ἀλλ’
2212 5294 2528 5369 ἐξαλλάσσει
2560 5296 2619 5350 τὸ
2648 5295 2875 5369 τερπνὸν
2910 5294 3051 5358 εἶδος
3081 5294 3245 5351 αὐτοῦ
3276 5294 3574 5363 πολλάκις,

2017 5383 2170 5439 Κατά
2197 5384 2259 5439 τὸ
2293 5385 2489 5459 μέτρον
2523 5380 2739 5453 δηλαδή
2766 5387 2871 5437 τῶν
2898 5383 3101 5459 ἀρετῶν
3136 5385 3383 5443 ἑκάστου.

2018 5473 2195 5529 Ἀνθεῖ
2248 5474 2346 5549 γᾶς
2392 5471 2593 5536 ἄλλαις
2663 5478 2772 5529 τῶν
2836 5476 3050 5551 ψυχῶν,
3107 5475 3159 5529 ἐν
3216 5471 3414 5537 ἄλλαις
3464 5470 3523 5529 δὶ
3578 5495 3674 5530 κυ-

3372 5562 3598 5639 [πρίζει,

2016 5653 2104 5709 Ἐν
2139 5651 2336 5715 ἄλλαις
2367 5650 2411 5707 δ’
2445 5650 2656 5729 ὥριμός
2687 5649 2853 5722 ἐστιν,
2887 5650 2938 5706 ἐν
2968 5650 3166 5718 ἄλλαις
3199 5651 3257 5710 δὲ
3281 5654 3559 5729 περκάζει.

2011 5741 2078 5797 Ἡ
2108 5740 2295 5820 νύμφη
2327 5740 2503 5799 τοίνυν
2537 5740 2774 5819 φέρουσα
2804 5740 3131 5818 κυπρίζοντα
3163 5743 3255 5800 τὸν
3303 5743 3522 5819 βότρυν,
