4110 6402
347 427 468 487 565

351 555 621 612 Δείκνυσιν
653 553 737 610 ὅτι
767 555 1056 632 προκοπὴν
1092 553 1192 610 ούκ
1221 552 1418 632 ἔφθασε
1446 557 1682 615 τελείαν.

353 647 470 703 Εἶθ’
495 643 677 718 ὥσπερ
711 644 1088 717 ὑπαυξάνουσα
1115 649 1212 700 τοῦ
1243 651 1556 721 κυπρισμοῦ
1585 648 1648 702 τὸ
1677 645 1903 716 κάλλος,

345 733 564 806 Οὕτως,
596 733 753 812 φησὶ,
785 731 1036 810 κυπρίζει
1072 755 1170 808 μοι
1199 735 1432 811 Χριστὸς
1463 737 1492 790 6
1516 736 1604 790 καὶ
1636 736 1890 814 νυμφίος,

345 827 554 900 Ὥσπερ
585 821 906 898 κυπρίζουσι
931 829 1178 898 τερπνῶς
1213 822 1266 880 ἐν
1297 829 1376 898 τῷ
1400 821 1562 880 Γαδδῖ
1587 827 1666 898 τῷ
1696 827 1851 898 τόπῳ

348 915 416 972 Οἱ
443 917 552 969 τῶν
587 911 851 986 ἀμπέλων
885 911 1110 988 βότρυες
1143 911 1364 976 εὐώδεις
1393 915 1690 993 πεφυκότες
1719 933 1730 946 ·

349 1010 426 1074 Γῆ
457 1003 587 1078 γὰρ,
621 1002 696 1064 ὥς
723 1023 874 1080 φασι,
899 1007 998 1056 τοῦ
1029 999 1194 1057 Γαδδὶ
1224 1003 1648 1080 ἀμπελοτρόφος
1679 1005 1832 1072 οὖσα,

353 1097 458 1158 Γῆν
489 1097 662 1148 πᾶσαν
696 1090 1034 1168 ὖπερήλασεν
1069 1092 1143 1155 εἷς
1173 1093 1272 1162 τὴν
1305 1089 1667 1169 ἡδυϐοτρύαν.

353 1189 466 1252 Τῆς
493 1186 620 1258 γοῦν
653 1183 822 1256 ἁγνῆς
851 1181 941 1236 καὶ
973 1183 1209 1256 καθαρᾶς
1239 1185 1426 1258 ψυχῆς
1460 1183 1720 1255 εἰπούσης
1753 1181 1901 1253 τάδε,

357 1273 420 1329 Ὁ
451 1269 612 1346 λόγος
649 1270 999 1346 ἀποκρίνεται
1022 1267 1198 1345 λέγων
1231 1276 1400 1326 ταῦτα
1423 1291 1435 1303 ·

425 1357 563 1417 Ἰδοὺ
617 1360 668 1414 εἴ
721 1359 890 1429 καλὴ,
953 1361 987 1428 ἡ
1046 1359 1284 1430 πλησίον
1349 1382 1474 1434 μου,
1533 1359 1654 1416 ἰδοὺ
1709 1361 1898 1432 καλήο
1960 1363 2012 1416 οἱ

349 1448 638 1523 ὀφθαλμοί
665 1470 781 1517 σου,
815 1449 1145 1525 περιστεραί.

417 1540 628 1612 ’Ὠσπερ
663 1539 713 1593 οἱ
744 1540 1224 1614 χρυσογνώμονες,
1259 1539 1347 1602 οὕς
1379 1561 1503 1618 φασι
1535 1540 1904 1617 χρυσοχόους,

339 1632 436 1684 “Av
461 1629 554 1682 τὸν
589 1629 792 1703 χρυσὸν
836 1625 1110 1698 θελήσωσι
1138 1629 1231 1683 τὸν
1264 1625 1770 1704 κεκιϐδηλωμὲνον,

349 1717 752 1792 Λαμπρότερον
785 1717 1104 1792 ἐργάσασθαι
1135 1718 1222 1772 καὶ
1255 1721 1484 1795 καθαρὸν
1519 1719 1749 1795 ἐξόχως,

345 1807 634 1868 Πολλάκις
671 1804 970 1882 βάλλουσιν
997 1807 1156 1862 αὐτὸν
1187 1807 1238 1862 ἐν
1263 1813 1384 1870 τοῖς
1413 1809 1811 1886 χωνευτηρίοις

339 1901 544 1951 Τοῦτον
575 1897 668 1952 τὸν
699 1897 900 1972 τρόπον
935 1894 1168 1951 δείκνυσι
1197 1899 1298 1966 τὴν
1329 1898 1548 1977 νύμφην
1576 1904 1666 1953 νῦν
1702 1901 1729 1953 ὁ
1762 1896 1950 1976 λόγος,

342 1988 406 2044 Ὀ
428 1991 540 2042 τῶν
572 1989 770 2061 ψυχῶν
803 1989 1139 2061 θεραπευτὴς
1167 1993 1275 2042 τῶν
1313 1988 1784 2062 μεμελανωμένων
1809 2009 1821 2022 ·

341 2079 526 2148 Ἵππῳ
545 2076 650 2150 γὰρ
679 2074 880 2145 ταύτην
915 2075 1179 2152 πρότερον
1211 2081 1288 2149 τῷ
1323 2076 1471 2153 λόγῳ
1500 2079 1851 2152 παρεικάσας,

349 2166 446 2220 Καὶ
481 2163 658 2234 δείξας
688 2163 766 2218 ἔτι
795 2172 1056 2241 χαμερπῆ
1089 2165 1375 2242 τυγχάνειν
1403 2168 1500 2236 τὴν
1533 2169 1824 2243 παρθένον,

353 2255 496 2329 Πρὸς
529 2254 718 2328 ἀρετὴν
751 2253 970 2330 ἠρέθισε
998 2253 1197 2325 ταύτην
1231 2253 1599 2331 ὑψηλοτέραν.

348 2349 412 2399 Ἦ
445 2341 504 2398 δὲ
532 2343 843 2417 προκύψασα
873 2345 1085 2419 τρανῶς
1115 2349 1234 2407 ταῖς
1268 2344 1454 2421 χάρισι
1484 2351 1590 2401 τῶν
1625 2345 1824 2424 φίλων,

355 2433 564 2486 Γίνεται
596 2429 786 2504 θρόνος
816 2431 1042 2504 πύρινος
1073 2431 1169 2487 τοῦ
1199 2433 1415 2488 πάντων
1451 2435 1738 2496 Βασιλέως.

349 2517 508 2577 Ἀλλ’
529 2519 606 2574 ἔτι
637 2519 803 2574 πάλιν
837 2520 1109 2597 φθάνουσα
1138 2527 1260 2584 ταῖς
1291 2523 1505 2598 ἀρεταῖς
1531 2524 1606 2586 εἷς
1638 2523 1797 2598 ὕψος,
1887 2515 1895 2524 ’

345 2610 454 2667 Καὶ
485 2609 652 2665 πάλιν
685 2610 1090 2686 προσεγγίσασα
1117 2617 1198 2684 τῷ
1225 2614 1444 2688 καθαρῷ
1475 2614 1715 2688 νυμφῖῳ,

341 2704 626 2773 Λαμπρῶς
659 2698 1055 2772 ἐγκωμιάζεται
1086 2702 1173 2755 καὶ
1210 2703 1356 2777 παρᾶ
1383 2707 1480 2758 τοῦ
1509 2703 1767 2782 νυμφίου.

341 2787 487 2847 Ἰδοὺ
515 2788 614 2862 γὰρ
649 2789 694 2842 εἴ
721 2787 890 2861 καλὴ,
923 2791 1110 2867 φησὶν,
1142 2793 1176 2860 ἠ
1209 2791 1445 2862 πλησίον
1482 2813 1606 2866 μου.

339 2879 474 2934 Δῖτα
531 2875 760 2940 διπλοῦς
811 2878 906 2932 τὸν
957 2879 1174 2934 ἔπαινον
1231 2887 1330 2935 τοῦ
1407 2881 1648 2944 κάλλους
1730 2883 2001 2962 ἐπιφέρων

1717 2971 1926 3044 [πάλιν,

341 3055 508 3126 Ἰδοὺ,
542 3057 698 3135 φὴσῖ,
729 3055 873 3127 καλὴ
906 3057 1219 3134 τυγχάνεις,
1253 3060 1298 3114 ῶ
1329 3062 1580 3136 παρθένε.

339 3147 535 3222 Ἔχεις
566 3146 670 3220 γὰρ
697 3141 923 3218 ὄμματα
951 3147 1156 3218 τερπνὰ
1185 3154 1504 3223 περιστερᾶς
1533 3150 1824 3222 παρθένου,

335 3233 576 3292 Ὀπόταν
609 3255 706 3288 σου
734 3234 862 3296 τοὺς
907 3234 1230 3313 ὀφθαλμοὺς
1259 3236 1594 3311 ἀπέστρεῴας
1631 3245 1731 3308 τῆς
1761 3237 1994 3310 πλάνης,

337 3323 438 3379 Καὶ
477 3323 616 3398 πρὸς
647 3321 748 3396 ἐμὲ
775 3323 868 3378 τὸν
893 3322 1274 3401 πλαστουργὸν
1302 3325 1394 3380 τὸν
1425 3327 1518 3381 σὸν
1551 3326 1888 3400 ἐνατενίζεις,

341 3417 670 3489 Ηεριστερᾶς
695 3409 755 3467 δὲ
787 3412 1182 3486 μέμνηταινῦν
1217 3414 1538 3493 ὀφθαλμοὺς
1568 3418 1596 3471 6
1629 3416 1820 3492 λόγος,

333 3504 408 3557 Τὸ
435 3501 672 3576 καθαρὸν
699 3505 798 3556 τοῦ
833 3502 1154 3577 βλὲμματος
1187 3506 1472 3578 σημαίνων
1502 3513 1602 3576 τῆς
1637 3507 1927 3582 παρθένου.

337 3592 446 3648 Καὶ
479 3591 582 3667 γὰρ
613 3595 872 3646 τοσοῦτον
904 3593 1137 3670 καθαρὸν
1166 3589 1324 3670 ἔσχεν
1358 3593 1534 3664 ἐκείνη
1573 3593 1820 3671 βλέμμα,

337 3685 502 3736 ’Ώσ-τε
531 3678 747 3736 κατεῖδε
765 3681 1016 3758 καθαρῶς
1043 3683 1134 3738 τὸν
1169 3684 1466 3740 κάλλιστον
1495 3686 1749 3764 νυμφίον.

903 3793 1016 3843 Τῶν
1058 3799 1104 3866 γ’
1143 3791 1418 3867 Πατὲρων.

411 3877 574 3936 Οὕτω
620 3877 798 3933 τοίνυν
851 3880 952 3948 τὴν
1005 3881 1226 3959 νύμφην
1287 3884 1314 3936 6
1372 3881 1606 3958 νυμφίος
1667 3883 1807 3958 ὁρῶν
1869 3881 2004 3937 κατὰ

347 3967 540 4042 πρᾶξιν
598 3967 688 4040 μὲν
747 3970 1011 4045 καθαρὰν,
1061 3973 1198 4025 κατὰ
1253 3971 1480 4048 θεωρίαν
1544 3969 1601 4026 δὲ
1651 3973 2002 4046 πεφωτισμέ-

343 4078 471 4125 ντ,ν,
505 4057 632 4132 φησὶ
660 4060 794 4134 πρὸς
825 4059 1018 4130 αὐτὴν·
1053 4057 1191 4116 Ἰδοὺ
1223 4063 1274 4116 εἴ
1295 4061 1462 4130 καλὴ,
1497 4065 1530 4131 ἡ
1583 4061 1819 4132 πλησίον
1871 4083 1999 4135 μου,

345 4142 472 4200 ἰδοὺ
527 4146 574 4200 εί
627 4147 794 4218 καλή
865 4148 1143 4226 ὀφθαλμοί
1221 4172 1336 4220 σου,
1398 4151 1728 4227 περιστεραί.
1777 4153 2001 4226 ’Ἡγουν,

337 4233 488 4291 Ἰδοὺ
524 4237 787 4313 ὑπάργεις
821 4236 997 4312 ὡραία
1025 4239 1163 4294 κατά
1197 4241 1441 4315 μετοχὴν
1467 4247 1568 4309 τῆς
1609 4239 1748 4314 ἐμῆς
1799 4240 1999 4316 ὡραιό-

335 4346 530 4394 τητος,
565 4325 638 4388 ὡς
689 4327 750 4381 τὸ
797 4324 885 4382 διὰ
931 4327 1032 4396 τὴν
1081 4329 1306 4404 πρώτην
1338 4329 1589 4384 ἀπιστίαν
1616 4331 1809 4406 αἶσχος
1867 4331 2000 4385 ἀπο-

339 4410 652 4488 ϐαλομὲνη,
710 4417 800 4470 καὶ
875 4415 1126 4492 ἐγγίσασά
1207 4440 1300 4492 μοι
1364 4420 1479 4474 κατ’
1537 4419 1731 4494 ἀρετὴν
1803 4418 1856 4474 ἐν
1924 4424 2001 4491 τῷ

341 4507 688 4578 μιμήσασθαι
735 4506 866 4568 τοὺς
913 4506 1082 4580 ἐμοὺς
1156 4509 1400 4581 μιμητὰς
1451 4508 1810 4570 ἀποστόλους.
1863 4507 2002 4566 Ἰδοὺ

341 4595 611 4670 ὑπάρχεις
669 4594 844 4670 ὡραία
907 4597 982 4657 ὡς
1039 4598 1186 4671 παρὰ
1238 4603 1345 4653 τῶν
1391 4597 1632 4674 ἀγγέλων
1670 4619 1775 4672 μου
1803 4599 1900 4660 τὰς
1945 4597 1998 4653 ἓν

335 4681 420 4756 τῷ
510 4684 670 4738 παντὶ
739 4681 1059 4760 διδαχθεῖσα
1135 4685 1396 4766 ἐμφάσεις

341 4775 673 4848 ὡραῖσθεῖσα
719 4775 811 4830 καὶ
868 4777 1006 4831 κατὰ
1078 4781 1302 4850 γνῶσιν,
1361 4775 1656 4854 ἐπειδήπερ
1713 4779 1764 4832 οἱ
1823 4776 2002 4854 νοεροὶ

343 4863 626 4940 ὀφθαλμοί
662 4883 760 4918 σου
789 4867 1170 4938 πνευματικοὶ,
1203 4866 1254 4921 ἐν
1287 4871 1368 4939 τῷ
1409 4869 1484 4940 μὴ
1533 4867 1831 4936 ἀπατᾶσθαι
1890 4873 2005 4928 τοῖς

348 4951 403 5006 ἐν
435 4952 713 5023 αἰσθήσεσι
761 4961 1035 5029 τερπνοῖς,
1073 4955 1201 5012 ἀλλ’
1232 4957 1306 5018 ὡς
1351 4957 1402 5012 ἐν
1457 4956 1740 5034 ἐσόπτροις
1789 4957 2006 5020 τούτοις

341 5041 414 5096 τὰ
439 5043 792 5119 κεκρυμμένα
825 5041 1008 5120 διορᾷν
1041 5046 1214 5117 νοητὰ
1241 5045 1448 5118 κάλλη.

906 5155 1024 5206 Τῶν
1063 5155 1108 5228 γ’
1147 5153 1428 5226 Πατὲρων.

421 5239 564 5312 Πρὸς
595 5243 762 5294 ταῦτα
793 5237 850 5295 δὶ
880 5243 915 5312 ἡ
949 5241 1161 5319 νύμφη,
1189 5241 1378 5311 ἐπειδή
1430 5243 1576 5320 παρὰ
1617 5249 1712 5298 τοῦ
1770 5243 2005 5320 νυμφίου

358 5327 774 5401 μεμαρτύρηται
835 5331 1235 5404 πνευματικοὺς
1296 5331 1441 5407 ἔχειν
1500 5332 1840 5411 ἀφθαλμοὺς,
1879 5334 2006 5389 κάν-

343 5418 528 5472 τεῦθεν
588 5419 665 5492 μὴ
725 5419 1118 5494 ἀπατωμένους
1151 5440 1164 5454 ·
1229 5419 1377 5475 ἀλλὰ
1440 5423 1501 5476 τὸ
1559 5423 1762 5498 κυρίως
1813 5421 2006 5493 καλὸν,

345 5505 532 5577 ὅθενὴ
576 5507 852 5580 ὼραιότης
901 5510 1038 5584 αὐτῇ
1088 5511 1274 5587 γέγονε
1324 5511 1461 5565 κατᾶ
1509 5513 1777 5587 μετοχὴν,
1807 5511 2006 5586 γνωρί-

339 5601 556 5666 ζοντας,
598 5595 726 5652 τάδε
773 5599 958 5676 φησίν”
1015 5597 1157 5656 Ἰδοὺ
1201 5601 1246 5653 εἶ
1277 5601 1466 5662 καλὸς.
1517 5598 1845 5679 ἀδελφιδοῦς
1901 5623 2006 5675 μου

337 5684 628 5758 δηλονότι,
665 5687 741 5741 Συ
803 5689 968 5760 μόνος
1017 5687 1078 5743 ἃν
1121 5685 1344 5750 δικαίως
1393 5687 1580 5766 λὲγοιο
1623 5690 1790 5752 καλὸς
1818 5693 1844 5746 ὂ
1876 5691 2006 5766 ἀγα-

341 5775 522 5847 πητός
577 5797 706 5848 μου,
741 5777 802 5832 οὗ
849 5780 984 5833 κατὰ
1049 5779 1292 5854 μετοχὴν
1331 5777 1475 5834 καλὰ
1501 5779 1568 5835 τὰ
1615 5777 1756 5836 καλά
1787 5801 1800 5814 ο
1856 5779 2008 5856 καίγε

1399 425 1812 490 COMMENT.
1857 427 1936 488 IN
1985 425 2386 490 CANTIGUM
2432 430 2740 492 CANTIC.

3666 431 3788 492 566

2048 567 2090 628 Α
2127 559 2280 615 botri
2311 561 2565 632 jucunde
2597 562 2804 619 florent
2833 563 2888 618 in
2924 563 3109 620 Gaddi
3137 579 3150 620 :
3184 581 3311 636 qum
3343 563 3583 636 quidem
3625 563 3784 636 regio

2125 648 2341 706 vitibus
2389 651 2704 708 abundans
2731 669 2857 708 uvae
2889 653 3180 709 suavitate
3227 654 3451 709 caeteris
3505 653 3784 708 omnibus

2125 739 2442 796 antecellit.
2475 741 2604 797 Haec
2654 742 2853 798 anima
2903 745 3066 798 casta
3097 746 3154 798 et
3177 759 3324 814 pura
3349 759 3484 798 cum
3513 741 3782 810 dixisset,

2123 841 2375 896 sponsus
2407 829 2721 902 respondet
2750 829 2831 886 ita
2855 846 3134 902 sponsam
3167 829 3475 904 alloquens
3510 847 3524 886 :

2195 1361 2328 1414 Ecce
2351 1357 2586 1430 pulchra
2615 1373 2690 1424 es,
2721 1359 3036 1430 propinqua
3080 1373 3230 1424 mea,
3264 1372 3388 1413 ecce
3411 1355 3646 1428 pulchra
3673 1371 3728 1411 es
3761 1373 3781 1409 .-

2121 1451 2269 1506 oculi
2297 1450 2400 1515 tui,
2433 1447 2721 1504 columba.

2193 1538 2697 1603 Quemadmodum
2732 1537 2832 1610 qui
2867 1553 3076 1592 aurum
3101 1539 3434 1592 tractantet
3451 1535 3778 1604 elaborant,

2119 1645 2269 1700 quos
2300 1627 2570 1682 aurifices
2611 1626 2994 1700 appellamus,
3047 1626 3096 1682 si
3128 1643 3339 1681 aurum
3372 1625 3773 1682 adulteratum

2116 1719 2296 1774 velint
2325 1735 2669 1790 expurgare,
2700 1721 2756 1772 et
2787 1717 2992 1790 purius
3025 1723 3198 1789 atque
3229 1715 3600 1788 splendidius
3639 1717 3776 1771 red-

2117 1809 2273 1876 dere,
2311 1809 2526 1881 seepius
2557 1807 2703 1862 illud
2737 1808 2796 1862 in
2831 1809 3094 1862 fornaces
3126 1807 3451 1877 conjiciunt
3483 1822 3496 1860 :
3531 1805 3616 1860 sic
3647 1805 3773 1860 ani-

2118 1915 2244 1954 mas
2269 1915 2396 1970 quas
2421 1897 2786 1969 nigredinem
2811 1899 3421 1966 contraxerunt,curat
3439 1893 3772 1965 expolitque

2121 1993 2289 2043 Deus.
2315 1990 2461 2044 Cum
2483 1988 2642 2042 enim
2667 1987 2832 2060 prius
2855 2003 3135 2059 sponsam
3160 2002 3321 2058 equae
3345 1987 3774 2056 comparasset,

2113 2078 2582 2150 ostendissetque
2613 2095 2737 2132 eam
2772 2077 2964 2132 adhuc
3006 2076 3174 2132 humi
3227 2092 3446 2148 repere,
3479 2073 3766 2145 virginem

2113 2169 2184 2223 ad
2209 2167 2359 2222 hanc
2382 2167 2786 2223 sublimiorem
2815 2165 3412 2222 virtutem‘incitavit:
3439 2163 3543 2220 illa
3572 2169 3768 2218 autem

2114 2257 2438 2313 amicorum
2484 2256 2694 2312 ofﬁciis
2725 2273 2854 2312 vere
2883 2255 3218 2328 proficiens,
3269 2255 3334 2308 ﬁt
3379 2253 3550 2326 ignea
3597 2252 3767 2308 sedes

2115 2347 2290 2418 Regis
2316 2346 2970 2402 universorum.Deinde
2994 2343 3311 2399 virtutibus
3332 2359 3567 2398 rursum
3592 2341 3770 2396 altius

2114 2441 2403 2506 provecta,
2436 2441 2610 2507 atque
2641 2437 2854 2490 iterum
2888 2435 2958 2490 ad
2993 2449 3206 2506 purum
3249 2448 3524 2504 sponsum
3555 2447 3770 2502 appro-

2111 2525 2429 2596 pinquans,
2463 2527 2534 2580 ab
2564 2541 2630 2580 eo
2663 2523 2933 2596 praeclare
2964 2523 3412 2578 commendatur
3441 2523 3570 2576 Ecce
3597 2521 3767 2588 enim,

2111 2614 2326 2685 inquit,
2346 2616 2583 2687 pulchra
2603 2631 2678 2682 es,
2705 2613 3012 2686 propinqua
3039 2628 3158 2668 mea
3176 2629 3199 2674 ,'
3221 2617 3278 2667 et
3309 2607 3768 2684 pulchritudinis

2111 2707 2346 2764 laudem
2405 2707 2800 2780 ingeminans,
2851 2722 2989 2776 ecce,
3048 2703 3263 2777 inquit,
3312 2701 3548 2774 pulchra
3599 2715 3674 2768 es,
3734 2716 3766 2754 o

2109 2797 2292 2870 virgo.
2342 2798 2602 2853 Jucundi
2651 2798 2804 2852 enim
2855 2813 2914 2851 es
2960 2793 3148 2850 oculis
3197 2793 3440 2866 praedita
3481 2789 3766 2846 columbae

2111 2887 2376 2959 virginis,
2413 2905 2545 2943 cum
2577 2887 2778 2942 oculos
2825 2891 2959 2940 tuos
3009 2885 3080 2939 ab
3133 2898 3328 2938 errore
3376 2880 3677 2944 averteris,
3708 2882 3768 2934 et

2110 2992 2208 3031 eos
2245 2977 2306 3031 in
2355 2995 2450 3033 me
2495 2977 2826 3032 Creatorem
2877 2979 3048 3030 tuum
3091 2971 3438 3028 intenderis.
3468 2969 3764 3025 Columba:

2109 3070 2308 3122 autem
2340 3067 2542 3123 oculos
2573 3069 2880 3133 memorat,
2906 3068 2971 3118 ut
2992 3079 3206 3134 purum
3229 3060 3472 3132 virginis
3495 3060 3762 3115 obtutum

2109 3155 2418 3227 significet.
2449 3157 2589 3212 Tam
2623 3153 2877 3210 mundos
2905 3152 3062 3208 enim
3094 3151 3294 3206 oculos
3325 3151 3522 3218 habet,
3555 3151 3620 3202 ut
3650 3163 3766 3218 pu-

2107 3245 2248 3302 riter
2277 3245 2742 3319 pulcherrimum
2776 3259 3058 3314 sponsum
3093 3241 3361 3314 aspiciat.

2709 3792 2892 3845 Trium
2923 3793 3176 3846 Patrum.

2182 3885 2278 3942 Sic
2307 3883 2491 3955 igitur
2514 3895 2794 3951 sponsam
2817 3877 3066 3933 actionis
3089 3876 3344 3948 puritate
3365 3877 3766 3946 praestantem,

2110 3980 2168 4032 et
2198 3969 2711 4041 contemplationis
2741 3967 2872 4022 luce
2903 3965 3307 4038 splendentem
3340 3979 3595 4034 sponsus
3617 3961 3767 4032 aspi-

2109 4065 2271 4122 ciens
2317 4059 2638 4132 alloquitur
2667 4076 2684 4112 :
2711 4059 2842 4112 Ecce
2871 4055 3100 4128 pulchra
3128 4071 3204 4124 es,
3237 4055 3547 4126 prom'nqua
3592 4067 3716 4104 mea
3748 4067 3767 4105 .-

2109 4173 2226 4213 εσσε
2275 4152 2508 4226 pulchra
2553 4167 2608 4206 es
2638 4167 2654 4203 :
2687 4147 2842 4204 oculi
2889 4148 2992 4214 tui,
3043 4145 3332 4202 columbae.
3383 4144 3467 4199 En
3517 4143 3768 4198 formosa

2112 4244 2386 4310 exsistis;
2431 4241 2571 4313 quia
2615 4239 2908 4312 particeps
2955 4255 3018 4293 es
3065 4233 3528 4308 pulchritudinis
3577 4246 3768 4288 meae:

2111 4335 2392 4409 quoniam
2428 4331 2690 4405 pristinae
2723 4327 3152 4384 incredulitatis
3207 4323 3634 4396 turpitudinem
3668 4323 3768 4378 ab-

2103 4425 2321 4496 jecisti,
2357 4429 2431 4491 et,
2461 4419 2795 4474 imitatores
2837 4433 3000 4472 meos
3029 4413 3328 4487 apostolos
3355 4411 3663 4479 imitando,
3698 4411 3769 4465 ad

2113 4531 2206 4568 me
2254 4527 2358 4584 per
2402 4510 2678 4565 virtutem
2733 4505 3242 4579 appropinquasti.
3281 4503 3424 4559 Ecce
3450 4502 3658 4558 decora
3688 4517 3774 4568 es,

2114 4603 2332 4675 quippe
2363 4617 2490 4672 quaa
2522 4599 2594 4653 ab
2627 4595 2852 4670 angelis
2899 4596 3046 4650 meis
3097 4593 3320 4666 species
3361 4597 3497 4647 tuas
3546 4607 3670 4662 quae
3711 4589 3770 4644 in

1493 4709 1596 4760 μου
1631 4734 1644 4758 ,
1720 4689 1980 4743 κάντεῦθεε

2121 4691 2338 4747 mundo
2387 4693 2548 4754 sunt,
2582 4685 2865 4756 didicisti,
2899 4689 3075 4755 atque
3105 4682 3186 4736 ita
3217 4680 3547 4752 cognitione
3591 4679 3768 4733 etiam

2114 4785 2170 4837 et
2199 4778 2448 4836 scientia
2475 4793 2537 4833 es
2571 4777 2867 4832 exornata.
2907 4771 3121 4828 Mentis
3150 4770 3307 4826 enim
3343 4767 3497 4825 oculi
3527 4767 3614 4822 tui
3645 4765 3769 4838 spi-

2111 4869 2311 4924 ritales
2344 4869 2520 4923 rebus
2551 4864 2750 4921 sensui
2777 4861 3062 4934 jucundis
3102 4859 3346 4914 minime
3369 4856 3767 4928 decipiuntur,

2113 4960 2212 5014 sed
2238 4959 2296 5012 in
2319 4955 2392 5011 iis
2415 4961 2697 5024 tanquam
2727 4953 2786 5007 in
2811 4951 3051 5023 speculo
3083 4948 3412 5005 reconditas
3445 4944 3769 5018 pulchritu-

2113 5048 2280 5104 dines
2310 5043 2711 5116 intelligibiles
2743 5040 3236 5112 contemplantur.

2714 5150 2900 5205 Trium
2927 5153 3182 5204 Patrum.

2185 5243 2269 5299 Ad
2303 5243 2424 5298 haec
2456 5257 2694 5313 sponsa,
2720 5257 2856 5295 cum
2890 5235 3228 5293 testimonio
3252 5235 3452 5308 sponsi
3479 5233 3777 5306 spiritales

2119 5333 2327 5389 habeat
2358 5331 2559 5388 oculos
2588 5331 2690 5403 qui
2722 5328 2910 5401 decipi
2945 5331 3258 5398 nequeant,
3292 5325 3394 5381 sed
3447 5323 3600 5397 quod
3644 5337 3778 5378 vere

2117 5421 2430 5496 pulchrum
2464 5426 2575 5492 cst,
2615 5420 2770 5475 unde
2798 5419 2929 5490 ipsa
2960 5431 3192 5489 quoque
3223 5415 3288 5470 fit
3318 5411 3778 5488 pulchritudinis

2119 5513 2432 5586 particeps,
2488 5509 2904 5580 conspiciant:
2939 5505 3352 5578 Ecce;inquit,
3401 5520 3464 5560 es
3512 5502 3780 5576 pulcher,

2117 5618 2334 5673 sponse
2383 5601 2486 5656 mi.
2517 5605 2598 5654 Tu
2655 5597 2816 5654 solus
2858 5595 3151 5664 videlicet,
3194 5597 3329 5666 jure
3373 5593 3618 5666 pulcher
3663 5589 3780 5647 dici

2119 5697 2306 5763 potes,
2333 5689 2540 5746 dilecte
2571 5690 2674 5754 mi,
2727 5688 2896 5756 cujus
2930 5684 3324 5757 partipatione
3353 5682 3606 5756 pulchra
3637 5684 3776 5738 sunt

2119 5782 2384 5855 pulchra.
2417 5780 2688 5848 Pulcher,
2723 5779 2988 5850 inquam,
3019 5776 3321 5832 inaccessa
3369 5777 3595 5828 naturae
3644 5769 3774 5841 pul-
