4110 6402
225 383 346 443 567
1569 383 1995 446 MICHAELIS
2039 381 2315 444 PSELLI
3548 379 3670 441 568

230 514 592 570 chritudine.
627 514 720 570 Sic
750 515 932 589 igitur
967 517 1232 590 pulcher,
1261 517 1331 573 ad
1360 517 1577 574 lectum
1627 522 1853 574 nostrur

2048 519 2214 590 »ραῖος
2243 519 2324 588 τῷ
2351 513 2636 591 ἀπροσίτῳ
2667 510 2864 570 κάλλει
2894 521 2995 584 τῆς
3046 512 3252 576 οὐσίας.
3284 514 3347 570 Ὀ
3389 515 3522 588 γοῦν
3575 490 3671 566 οὕ-

233 607 575 676 umbrosus,
605 605 664 659 in
701 610 910 662 natura
939 611 1142 662 nostra
1174 606 1477 676 nimirum,
1510 609 1566 662 in
1600 615 1746 679 qua'
1775 613 1856 662 tat

2045 625 2116 665 ως
2147 604 2352 680 ὡραῖος
2387 605 2524 679 πρὸς
2569 603 2764 674 κλίνην
2825 606 2987 677 ἡμῶν
3043 601 3284 674 σύσκιος,
3314 600 3440 671 ἤτοι
3497 600 3548 655 ἐν
3597 604 3668 674 τῇ

236 711 412 768 quam
465 695 522 749 in
577 693 728 750 lecto
782 695 1096 766 quiescens
1129 701 1186 751 tu
1223 697 1319 752 Dei
1350 701 1408 752 et
1441 696 1626 752 Patris
1656 696 1859 752 lucidis

2057 695 2253 770 μετὲρᾳ
2300 692 2474 772 φύσει,
2537 693 2616 772 ὕφ’
2769 693 2845 755 ὡς
2903 691 2988 748 ἐπὶ
3037 691 3198 767 κλίνῃ
3227 689 3475 766 ἀναπαύῃ
3508 691 3671 760 ἢτοῦ

236 783 427 840 simus
460 788 517 839 et
549 783 672 839 sine
705 786 917 840 umbra
948 785 1170 853 radius,
1204 803 1308 858 per
1357 787 1627 842 umbram
1679 786 1859 858 aspice

2048 787 2146 838 ιεοῦ
2175 783 2263 838 καὶ
2298 783 2508 856 Ηατρὸς
2539 780 2873 856 ὁλολαμπὴς
2917 781 3007 836 καὶ
3067 783 3250 843 ἄσκιος
3300 779 3472 848 ἀκτὶς,
3511 799 3671 834 σκιωο

238 873 344 942 ris,
395 877 681 944 tanquam
734 873 792 928 in
847 873 1106 945 imagine
1155 874 1465 945 exemplar.
1516 875 1801 938 Quoniam
1849 892 1861 930 ι

2050 876 2126 934 ῶς
2177 874 2276 948 ὁρᾷ
2308 873 2380 934 ὡς
2408 871 2459 926 ἐν
2490 871 2658 926 εἰκόνι
2691 873 3022 947 ἀρχέτυπον.
3053 871 3203 927 Ἐπεὶ
3265 867 3321 924 δὲ
3368 868 3457 924 καὶ
3514 867 3670 939 οῗκη-

245 963 460 1018 domus
490 969 593 1018 tua
622 979 752 1030 nos,
783 963 1047 1019 Ecclesia
1078 964 1360 1019 nimirum
1386 981 1514 1036 quae
1541 965 1599 1019 in
1621 969 1677 1019 te
1699 965 1868 1020 credit

2049 961 2204 1036 ήριόν
2267 982 2364 1016 σου
2419 963 2662 1034 ἡμεῖς,ἡ
2717 960 3044 1016 πιστεύσασα
3104 961 3179 1022 είς
3238 959 3295 1014 σὲ
3349 958 3670 1028 Ἐκκλησία,

247 1068 454 1108 sumus
501 1053 670 1121 Tigna
726 1056 936 1115 nostra,
987 1053 1142 1108 cedri
1183 1071 1202 1107 :
1247 1053 1357 1109 hoc
1407 1059 1514 1120 est,
1561 1053 1796 1126 pietatis
1853 1071 1870 1110 ε

2050 1052 2392 1123 σμὶν,Δοκοὶ
2445 1053 2606 1124 ἡμῶν
2666 1047 3073 1127 κὲδροι·ἤγουν,
3115 1050 3183 1104 τὰ
3238 1055 3338 1118 τῆς
3401 1041 3673 1109 εὐσεϐείας

218 1139 549 1229 .religionis
573 1141 850 1214 dogmata
877 1159 1002 1213 quae
1027 1146 1312 1213 tanquam
1334 1143 1498 1216 tigna
1521 1144 1837 1211 domum,b

2055 1140 2287 1216 όγματα,
2322 1139 2352 1195 ἃ
2386 1137 2539 1211 δίκην
2585 1137 2761 1195 δοκῶν
2812 1144 3156 1216 συνεχουσῶν
3191 1137 3384 1210 οἰκίαν,
3415 1137 3517 1206 τὴν
3565 1140 3675 1192 τῶν

252 1234 362 1294 est,
406 1228 669 1284 fidelium
724 1230 1042 1286 Ecclesiam
1091 1233 1413 1303 continent,
1445 1237 1503 1288 et
1531 1232 1699 1304 quasi
1731 1233 1875 1289 cedri

2052 1235 2225 1285 ειστῶν
2290 1230 2616 1300 Ἐκκλησίαν
2670 1229 3011 1306 συνέχουσιν,
3061 1230 3149 1284 καὶ
3229 1227 3420 1303 οἷάπερ
3492 1223 3675 1302 κὲδροι

257 1319 482 1373 fortiter
509 1319 831 1374 constituta
866 1320 1054 1376 solida
1083 1321 1139 1375 in
1173 1321 1468 1377 Christum
1504 1323 1616 1377 fide
1647 1323 1880 1378 innitun

2054 1316 2255 1391 δραίως
2312 1317 2670 1394 ἰρῥιζωμὲνοι
2723 1322 2792 1392 τῇ
2853 1318 2929 1380 εἶς
2981 1317 3218 1394 Χριστὸν
3248 1315 3444 1393 στερεὸᾷ
3499 1313 3677 1370 πίστει

254 1412 610 1480 turzneque
658 1408 980 1465 Ecclesiam
1022 1409 1278 1466 assiduis
1317 1411 1606 1468 haeresum
1641 1417 1698 1468 et
1724 1417 1877 1469 tents

2057 1407 2378 1478 ,δραίωνταιο
2412 1407 2502 1463 καὶ
2559 1413 2677 1470 ταῖς
2731 1402 3212 1484 προσϐαλλούσαις
3251 1410 3320 1480 τῇ
3379 1403 3680 1476 Ἐκκλησία

257 1497 488 1553 tionum
544 1497 827 1568 motibus,
859 1498 1038 1555 veluti
1097 1500 1272 1556 variis
1319 1501 1752 1558 vehementium
1807 1503 1880 1558 im

2066 1505 2183 1566 ἰκην
2245 1495 2492 1576 σφοδρῶν
2550 1498 2713 1552 ὑετῶν
2772 1497 2862 1552 καὶ
2918 1497 3132 1570 ἀνεμων
3189 1500 3414 1572 συχναῖς
3470 1494 3679 1570 ἐπαγω-

263 1585 460 1641 brium
516 1592 694 1658 atque
748 1593 1056 1644 ventorum
1113 1590 1452 1647 incursibus
1515 1597 1886 1664 oppugnatam

2055 1594 2147 1650 ἀῖς
2218 1589 2326 1643 τῶν
2395 1584 2669 1666 διαφόρων
2747 1586 3005 1662 αίρέσεών
3069 1608 3128 1642 τε
3191 1585 3282 1642 καὶ
3340 1588 3678 1660 πειρασμῶν,

262 1675 605 1731 labefactari
642 1694 708 1732 ac
742 1693 909 1733 ruere
957 1678 1286 1749 patiuntur.
1337 1684 1661 1752 Laquearz'a
1706 1686 1885 1738 nostra

2065 1677 2131 1733 ύκ
2207 1676 2334 1732 ἐῶσι
2415 1677 2619 1748 ταύτην
2693 1681 3036 1733 καταπεσεῖν.
3099 1675 3442 1749 Φατνώματα
3523 1676 3683 1748 ἡμῶν

267 1767 533 1837 cupressi.
562 1766 885 1838 Laquearia
917 1768 1134 1823 variam
1166 1767 1308 1824 recti
1339 1769 1640 1826 continent
1667 1771 1890 1844 pulchri

2063 1767 2394 1839 ,υπάρισσοιο
2429 1767 2759 1840 φατνώματα
2817 1763 2874 1821 δέ
2931 1765 3033 1821 είσι
3091 1763 3551 1820 διαποικίλλουσά
3603 1783 3686 1827 τις

270 1854 560 1925 tudinem,
600 1872 730 1928 quas
780 1860 1012 1912 constat
1056 1873 1124 1912 ex
1170 1859 1459 1915 concinna
1503 1864 1561 1916 et
1609 1860 1893 1917 fabrefact.

2067 1857 2095 1911 ὸ
2119 1863 2220 1926 τῆς
2257 1855 2464 1934 ὀροφῆς
2493 1853 2703 1918 κάλλος
2734 1853 3054 1932 ἐναρμόνιος
3085 1855 3173 1910 καὶ
3194 1850 3685 1961 γλυφιίὶδηςνπῆξις

276 1944 712 2017 contignatione
769 1945 1146 2015 tabularum;
1201 1963 1331 2018 qua
1377 1949 1613 2020 quidem
1647 1950 1698 2006 si
1725 1965 1793 2005 ex
1823 1967 1894 2006 cu

2067 1944 2286 2002 aviSww
2339 1943 2497 2022 α’ίπερ
2541 1945 2629 2000 ἐάν
2667 1946 2798 2000 ὦσιν
2841 1943 2900 2000 ἐκ
2939 1943 3310 2018 κυπαρίσσων,
3340 1943 3405 1998 τὸ
3461 1938 3690 1998 εῦπνουν

275 2049 478 2104 presso
526 2033 801 2088 confectae
848 2034 990 2104 sint,
1030 2039 1155 2090 tum
1186 2035 1333 2092 bene
1363 2035 1541 2105 olent,
1572 2041 1700 2093 tum
1731 2041 1898 2110 putre

2069 2056 2252 2110 χουσι,
2285 2035 2372 2090 καὶ
2415 2032 2714 2106 σηπεδόνος
2763 2031 2958 2110 σχεδόν
3003 2032 3135 2089 εἶσιν
3179 2029 3565 2109 ἀπαράδεκτοι.
3597 2035 3691 2086 Ὧν

278 2123 476 2177 dinem
524 2137 640 2177 non
691 2122 1034 2178 admittunt.
1069 2123 1171 2180 His
1202 2125 1444 2182 virtutes
1495 2130 1636 2182 sunt
1681 2126 1901 2182 similes

2078 2124 2195 2196 ίκην
2254 2124 2310 2179 αἱ
2368 2124 2552 2199 ἀρεταὶ
2600 2125 2701 2194 τὴν
2747 2122 3078 2195 Ἐκκλησίαν
3131 2119 3560 2199 καθωραΐζουσι,
3602 2120 3696 2176 καὶ

277 2209 498 2282 quibus
543 2210 1056 2283 perturbationum
1101 2218 1159 2269 et
1210 2213 1483 2270 vitiorum
1537 2215 1896 2290 corruptioni

2072 2221 2140 2284 ἧς
2224 2218 2332 2270 τῶι
2409 2215 2593 2268 παθῶν
2672 2210 2974 2285 σηπεδόνος
3065 2211 3196 2268 εἶ“σὶν
3284 2206 3649 2284 ἆπαράδεκτοι
3681 2226 3694 2242 ⁸

277 2299 618 2372 expertibus
676 2304 998 2356 exornatur
1054 2302 1310 2360 Ecclesia
1369 2320 1382 2359 :
1440 2321 1761 2378 earumque
1815 2306 1900 2361 fra

2080 2303 2132 2359 αὶ
2191 2303 2420 2359 εὐωδίαν
2470 2305 2841 2377 πνευματικὴν
2901 2301 3089 2378 ἀφιᾶἱσι
3143 2307 3261 2365 τοῖς
3312 2297 3699 2377 γεγυμνασμί-

274 2389 508 2462 grantia
535 2389 787 2462 spiritali
820 2398 1297 2466 consperguntur
1343 2395 1443 2466 qui
1492 2397 1696 2452 animas
1745 2412 1897 2452 sensu

1352 2395 1443 2466 qui
1492 2397 1696 2452 animae
1745 2412 1933 2452 sensus
2040 2414 2156 2455 νοις
2183 2393 2250 2448 τὰ
2273 2399 2375 2462 τῆς
2405 2396 2592 2469 ψυχῆς
2623 2392 2975 2467 αἰσθητήρια.

276 2479 477 2536 habent
505 2480 833 2537 exercitatos
863 2481 925 2536 ¹⁰.

1004 2591 1197 2646 Pselli.

2741 2584 2986 2644 Ψελλοῦ.

347 2677 638 2750 Sponsam
676 2693 864 2749 purus
913 2695 1169 2750 sponsus
1216 2679 1480 2736 laudavit
1513 2698 1526 2738 :
1557 2698 1733 2753 quem
1778 2697 1936 2738 nunc

2115 2681 2224 2749 Τὴν
2277 2677 2491 2756 νύμφην
2569 2675 2945 2738 ἐπαινέσαντος
3003 2672 3101 2731 τοῦ
3164 2675 3402 2747 καθαροῦ
3461 2669 3699 2748 νυμφίου

277 2765 540 2822 vicissim
575 2783 797 2838 sponsa
825 2770 1222 2840 commendat,

2047 2769 2526 2842 Ἀνταποκρίνεται
2560 2764 2754 2822 λοιπὸν
2783 2764 3005 2836 κάκείνη
3037 2764 3128 2819 τὸν
3161 2763 3413 2840 νυμφίον,

355 2857 504 2924 Ecce,
555 2856 853 2928 inquiens,
897 2859 1127 2929 pulcher
1163 2875 1237 2930 es,
1269 2876 1434 2930 nepos
1480 2878 1671 2934 meus;
1703 2867 1936 2932 natura,

2121 2855 2262 2916 Ἰδοὺ
2322 2856 2490 2919 καλὸς
2534 2854 2624 2911 καί
2664 2877 2724 2931 γε
2754 2855 2956 2930 ὡραῖος
3015 2850 3306 2933 ἀδελφιδός
3359 2868 3503 2925 μου·
3557 2849 3704 2929 φημῖ

284 2946 553 3018 inquam,
603 2962 665 3002 es
719 2947 1008 3018 pulcher:
1045 2952 1183 3006 Ecce
1233 2949 1515 3022 formosus
1561 2967 1617 3007 es
1662 2969 1728 3008 ac
1773 2955 1907 3023 plan

2082 2948 2108 3004 ὶ
2167 2947 2321 3022 φύσει
2371 2948 2592 3022 ὡραῖος.
2626 2943 2769 3003 Ἰδοὺ
2829 2942 2998 3007 καλὸς
3054 2944 3144 2998 καὶ
3197 2941 3260 2997 σὺ
3311 2941 3624 3017 τυγχάνεις,
3659 2940 3704 2994 ὥ

284 3035 508 3092 decorus
541 3039 594 3090 et
621 3039 702 3108 tu,
733 3053 930 3108 sponse
961 3040 1061 3094 mi.

646 3053 702 3108 ιι,
733 3053 930 3108 sponse
961 3040 1061 3094 mi.
2049 3037 2269 3114 νυμφίε.

356 3126 437 3180 Ac
461 3126 960 3197 quemadmodum
983 3128 1218 3199 gemina
1237 3128 1336 3184 ille
1356 3129 1528 3186 laude
1550 3149 1830 3203 sponsam
1854 3150 1944 3189 ex-

2113 3131 2328 3202 ’Ὦσπερ
2360 3123 2405 3180 δ’
2436 3125 2640 3188 ἐκεῖνος
2671 3122 2856 3198 εἴρηκε
2886 3119 3118 3186 διπλοῦς
3159 3118 3295 3194 αὐτῇ
3328 3117 3597 3190 ἐπαίνους,

282 3214 422 3271 tulit
447 3231 460 3269 :
486 3215 571 3270 sic
596 3215 698 3271 illa
725 3216 943 3288 duplici
968 3218 1138 3274 laude
1159 3237 1444 3291 sponsum
1469 3221 1650 3277 effert.
1674 3222 1905 3279 Pulcher

1858 3241 1938 3294 er,
1974 3273 2013 3294 η
2052 3215 2211 3275 Οὕτω
2242 3214 2470 3277 διπλοῦς
2500 3213 2808 3289 ἀπείρηκεν
2843 3211 3019 3282 ἆκείνη
3050 3209 3180 3273 τοὺς
3209 3208 3481 3278 ἐπαίνους,

283 3304 1097 3380 inquiens,es,sponse,atque
1115 3308 1719 3382 formosusNepotem
1743 3317 1906 3368 auten

1902 3330 1938 3368 n
1972 3298 2015 3340 ιλ
2054 3307 2254 3374 Καλὸς,
2289 3305 2533 3372 εἰποῦσα,
2564 3302 2825 3381 πέφυκας,
2857 3302 2902 3356 ὦ
2932 3299 3151 3378 νυμφίε,
3177 3298 3268 3354 καὶ
3299 3299 3525 3372 ὡραῖος.

285 3411 505 3466 sponsa
554 3396 866 3452 Dominum
926 3396 1202 3468 appellat,
1234 3415 1364 3455 eam
1418 3399 1672 3456 innuens
1721 3411 1908 3474 parte:

1907 3419 1944 3458 [ι
2052 3391 2408 3472 Ἀδελφιδοῦν
2436 3392 2482 3448 δ’
2514 3392 2796 3464 ὠνόμασεν
2829 3393 2864 3460 ἡ
2897 3390 3083 3468 νύμφη
3104 3387 3200 3444 τὸν
3231 3387 3530 3459 Δεσπότην,

287 3483 478 3556 ipsius
510 3499 614 3556 per
643 3501 820 3556 quam
879 3485 965 3540 illi
1009 3487 1342 3560 propinqua
1389 3494 1479 3544 est
1526 3506 1654 3561 quas
1700 3491 1910 3564 pertint

2080 3485 2159 3552 Τὴν
2219 3483 2324 3537 ἀπὸ
2378 3485 2479 3548 τῆς
2526 3479 2848 3556 σαρκώσεως
2897 3478 3064 3535 αὐτοῦ
3119 3477 3258 3554 πρὸς
3302 3474 3432 3539 τοὺς
3498 3474 3703 3550 ἀνθρώ-

291 3574 362 3628 ad
399 3573 858 3641 humanitatem,
890 3591 1070 3643 quam
1115 3577 1349 3647 quidem
1383 3578 1537 3635 infra
1568 3579 1802 3651 planius
1849 3598 1950 3637 ει·
3479 3567 3634 3640 [παυς

294 3661 535 3736 plicabit
569 3680 580 3718 :
615 3680 901 3736 sponsum
929 3663 1087 3720 enim
1116 3683 1336 3738 sponsa
1363 3667 1628 3725 vicissim
1677 3669 1917 3727 laudans

1733 3671 1951 3743 ludens,
2059 3661 2421 3736 Αίνιττομὲνη
2453 3663 2748 3738 προφανῶς
2773 3657 3090 3736 συγγενικὴν
3127 3653 3321 3731 μερίδα
3344 3675 3356 3690 ⁸

295 3752 382 3808 sic
410 3753 482 3808 ad
513 3769 648 3809 eum
680 3754 882 3810 statim
914 3755 1058 3810 dicit
1089 3773 1102 3812 :
1134 3757 1218 3812 Ad
1254 3756 1469 3813 lectum
1504 3764 1773 3815 nostrum
1807 3777 1917 3831 um

1807 3777 1954 3831 _um-
2059 3760 2157 3809 ‘Ilv
2195 3751 2434 3827 μάλιστα
2462 3749 2799 3826 πλατύτερον
2826 3747 3065 3811 κάτωθεν
3099 3743 3425 3822 διδαχθήσῃ.

296 3843 530 3900 bPOSUS-
2065 3841 2511 3902 Ἀντεπαινέσασα
2580 3839 2671 3894 καὶ
2741 3839 2842 3915 γὰρ
2917 3838 2952 3908 ἠ
3029 3835 3216 3914 νύμφη
3289 3836 3382 3890 τὸν
3468 3831 3726 3909 νυμφίον,

2067 3934 2224 4010 φησὶ,
2256 3931 2347 3986 καὶ
2392 3934 2561 3986 ταῦτα
2607 3926 2879 4005 παρευθὺς
2928 3926 3063 4002 πρὸς
3114 3926 3208 3981 τὸν
3257 3923 3417 3980 αὐτὸν
3456 3921 3729 4002 νυμφίον’

2068 4024 2212 4100 Πρὸς
2235 4021 2431 4092 κλίνην
2464 4022 2622 4093 ἡμῶν
2653 4018 2890 4080 σύσκιος.

372 4129 784 4198 Adinﬁmum,
847 4130 1057 4203 inquit,
1119 4132 1334 4188 lectum
1395 4138 1664 4190 nostrum
1725 4134 1810 4191 sic
1866 4153 1962 4192 ac-

2142 4126 2363 4198 Ἦλθες,
2392 4126 2552 4206 φησὶ,
2591 4125 2730 4202 πρὸς
2787 4124 2888 4193 τὴν
2946 4125 3107 4198 ἡμῶν
3165 4121 3555 4190 ἀσθενεστάτην
3608 4117 3732 4175 κλί-

301 4219 570 4288 cessisti,
640 4225 706 4274 ut
779 4221 981 4276 dedita
1053 4239 1230 4293 opera
1276 4223 1603 4280 divinitatis
1675 4224 1962 4299 fulgorem
3519 4215 3661 4280 [νηνν

303 4307 708 4364 obumbrares.
744 4309 868 4366 Nisi
901 4327 1030 4365 eam
1078 4315 1139 4365 tu
1185 4311 1259 4366 iis
1309 4312 1638 4370 rationibus
1684 4331 1810 4386 quae
1857 4315 1926 4371 til

1865 4314 1967 4371 tibi
2075 4311 2190 4378 Τὴν
2226 4308 2504 4384 ἀστραπὴν
2528 4306 2626 4374 τὴν
2662 4304 2847 4373 θεϊκήν
2879 4301 3148 4376 ἐντέχνως
3176 4301 3488 4362 συσκιάσας.

304 4397 414 4453 soli
448 4398 694 4468 cognitae
726 4403 886 4468 sunt,
917 4399 1354 4468 abscondisses,
1404 4401 1599 4458 divino
1654 4404 1927 4477 splendor

2076 4398 2144 4454 Εἲ
2177 4400 2252 4472 μή
2282 4398 2383 4472 γὰρ
2415 4393 2651 4472 ἔκρυψας
2680 4393 2848 4462 αὐτὴν
2881 4395 2963 4454 οἷς
2996 4388 3145 4452 οἶδας
3175 4393 3402 4466 τρόποις
3438 4387 3623 4462 μόνος,

307 4487 456 4541 forte
502 4486 840 4557 consumpti
897 4503 1186 4544 essemus.
1239 4489 1400 4553 Quod
1457 4493 1694 4563 quidem
1754 4499 1930 4550 totum

1890 4511 1967 4563 ω,
2074 4488 2208 4564 Τάχ’
2236 4485 2294 4541 ἃν
2327 4483 2798 4556 κατηναλώθημεν
2831 4481 2882 4552 ἐξ
2914 4482 3193 4557 ἀστραπῆς
3214 4485 3313 4549 τῆς
3343 4478 3513 4542 θείας·

307 4574 498 4630 Verbo
547 4574 912 4631 divinitatem
963 4576 1209 4645 celante,
1245 4579 1459 4634 factum
1493 4585 1601 4636 est.
1635 4587 1776 4638 Cum
1811 4586 1930 4638 enix

1894 4586 1968 4639 im
2077 4577 2244 4636 ³Ολον
2278 4573 2333 4631 δὲ
2355 4579 2516 4630 τοῦτο
2547 4572 2749 4651 πέφυκε
2775 4576 2873 4627 τοῦ
2905 4571 3080 4646 Λόγου
3109 4570 3171 4624 τὸ
3201 4568 3517 4644 κρυψίνουν.

313 4663 485 4719 amici
517 4664 616 4736 qui
649 4680 928 4735 sponsam
963 4665 1351 4738 deducebant,
1399 4674 1462 4724 ut
1501 4687 1681 4742 supra
1711 4671 1936 4729 declare

1935 4693 1970 4728 ι-
2001 4655 2047 4720 D
2081 4666 2232 4725 Ἐπεὶ
2260 4667 2361 4743 γὰρ
2389 4666 2440 4720 οἱ
2471 4661 2830 4742 νυμφαγωγοὶ
2859 4661 2948 4716 καὶ
2982 4657 3135 4738 φίλοι
3165 4663 3262 4714 τοῦ
3296 4659 3558 4736 νυμφίου,

313 4755 528 4822 vimus,
558 4770 625 4808 ex
656 4758 930 4824 argentea
976 4771 1214 4812 auream
1267 4759 1684 4831 reddidissent,
1735 4767 1792 4817 et
1838 4767 1936 4817 tan

1838 4767 1969 4817 tan-
2082 4759 2168 4820 Ὡς
2200 4754 2400 4820 ἄνωθεν
2431 4755 2724 4828 εἰρήκαμεν
2754 4751 2847 4808 τὸν
2881 4749 3048 4826 λόγον
3081 4749 3206 4824 περὶ
3234 4748 3452 4817 τούτου,

315 4859 494 4914 quam
520 4841 800 4898 lectulum
826 4844 1051 4915 regium
1085 4863 1345 4918 purpura
1371 4854 1642 4904 ornatum
1671 4851 1938 4908 instruxi:

1940 4867 1974 4908 ιο
2082 4844 2576 4920 Ὑπαργυρίζουσαν
2610 4842 2774 4910 αὐτὴν
2809 4839 3128 4916 ἐχρύσωσαν
3159 4843 3278 4902 τοῖς
3314 4838 3563 4910 τρόποις,

317 4935 484 5000 sent;
521 4933 578 4986 in
610 4947 678 4987 eo
712 4932 828 4987 Rex
858 4935 1152 4990 accubuit.
1199 4937 1402 5009 Itaque
1451 4955 1672 5012 sponsa
1719 4939 1940 4996 admira

1884 4957 1975 4996 ra-
2086 4937 2182 4992 Καὶ
2215 4933 2408 5005 κλίνην
2443 4933 2836 5009 ἀπειργάσαντο
2871 4929 3165 5006 βασιλικὴν
3189 4925 3498 5004 πορφύραν*

314 5019 517 5075 bunda
566 5021 649 5076 sic
701 5038 835 5077 eum
881 5022 1201 5095 alloquitur
1234 5043 1247 5081 :
1282 5028 1366 5082 Ad
1413 5027 1630 5084 lectum
1683 5033 1937 5084 nostrum

1801 5033 1974 5097 trum,
2086 5023 2445 5088 Ἐπανεκλίθη
2472 5024 2759 5098 τοιγαροῦν
2795 5020 2822 5074 ὁ
2855 5016 3113 5079 Βασιλεὺς
3146 5016 3199 5072 ἐν
3229 5014 3424 5091 ταύτῃ.

316 5109 655 5176 umbrosus,
689 5115 754 5166 ut
784 5112 978 5179 libuit,
1006 5115 1324 5172 accessisti.
1367 5117 1604 5183 Verum,
1642 5134 1771 5189 qua
1810 5116 1939 5173 dein

1974 5148 1978 5160 ι
2087 5115 2292 5170 Λοιπὸν
2324 5115 2359 5182 ἡ
2390 5113 2576 5188 νύμφη
2611 5111 2748 5185 πρὸς
2776 5108 2934 5163 αὐτὸν
2969 5101 3391 5180 ὲκθαμϐουμίνη
3426 5103 3597 5180 λέγει·

314 5215 450 5269 ceps
482 5199 540 5252 in
573 5201 825 5255 Canticis
867 5208 1216 5272 sequuntur,
1241 5206 1780 5280 audiamus.Pergit
1820 5207 1937 5262 enit

1954 5223 1977 5262 1
2090 5205 2230 5281 Πρὸς
2260 5203 2456 5272 κλίνην
2488 5201 2655 5270 ἦλθες
2688 5199 2908 5259 σύσκιος
2939 5199 3078 5268 ἡμῖν
3111 5196 3186 5258 ὡς
3227 5189 3577 5265 ἠϐουλήθης.

315 5287 504 5343 adhuc
536 5305 756 5361 sponsa
793 5308 1078 5362 sponsum
1129 5293 1371 5366 alloqui,
1423 5296 1630 5368 Tigna,
1679 5297 1938 5368 inquiens

2087 5293 2248 5350 ’Λλλ’
2279 5291 2640 5363 ἀκουσὼμεθα
2671 5287 2865 5344 λοιπὸν
2893 5285 2983 5341 καὶ
3013 5290 3122 5341 τῶν
3156 5285 3278 5355 ἑξῆς
3312 5283 3620 5355 ’ᾼσμάτων.

315 5382 539 5447 nostra,
587 5379 745 5434 cedri
783 5397 796 5435 :
832 5380 1155 5452 laquearia,
1207 5386 1494 5457 cupressi.
1538 5387 1781 5452 Quando
1825 5404 1938 5442 nun

1909 5403 1979 5442 nc
2091 5383 2237 5453 Φησὶ
2267 5382 2369 5457 γὰρ
2403 5379 2479 5435 ἔτι
2502 5380 2638 5451 πρὸς
2669 5377 2830 5433 αὐτὸν
2861 5379 2896 5446 ἠ
2929 5375 3115 5448 νύμφη
3147 5375 3237 5429 τὸν
3271 5371 3526 5448 νυμφίον·

318 5467 389 5521 ad
425 5483 554 5535 nos,
588 5484 620 5522 ο
654 5484 890 5540 sponse,
924 5471 1158 5540 venisti,
1198 5473 1394 5529 nullos
1435 5475 1693 5548 amplius
1736 5476 1941 5532 horren

2091 5473 2252 5528 Δοκοὶ
2280 5474 2439 5544 ἡμῶν
2472 5467 2678 5541 κέδροι,
2712 5467 3047 5546 φατνώματα
3075 5467 3237 5538 ἡμῶν
3265 5463 3607 5538 κυπάρισσοι.

324 5554 428 5610 dos
489 5555 731 5625 imbres,
789 5557 983 5614 nullos
1040 5562 1388 5618 torrentium
1449 5563 1724 5636 impetus,
1787 5565 1947 5622 nullo

1904 5567 1983 5622 los
2093 5561 2265 5630 Ἐπεὶ,
2301 5559 2486 5640 φησὶν,
2518 5555 2797 5629 ἰλήλυθας
2827 5560 2918 5610 νῦν
2943 5556 3076 5631 πρὸς
3109 5556 3280 5628 ἡμᾶς,
3310 5551 3527 5627 νυμφίε,

402 5737 445 5771 ¹⁰
473 5736 646 5794 Hebr.
679 5755 733 5808 v,
769 5739 856 5793 14.
