4110 6402
270 400 389 464 569

271 531 461 589 Οὖκᾶτι
493 528 850 608 δεδιστόμεθα
881 534 1092 613 βροχάς
1120 559 1272 603 τινας
1301 538 1584 618 ῥαγδαίας,

271 619 416 680 Οὔτε
443 623 684 694 κινήσεις
714 630 978 700 ποταμῶν
1008 633 1117 701 τῶν
1150 635 1408 708 πονηρῶν
1442 631 1748 708 ῥευμάτων,

269 709 432 768 ’Δλλ’
465 709 595 768 οὐδὲ
622 714 869 777 πνεύσεις
896 721 993 771 τοῦ
1027 717 1199 796 βορρᾶ
1226 721 1535 795 πνεύματος
1557 721 1818 784 Ξναντίου.

273 801 405 874 Ἐμὶ
430 801 532 878 γὰρ
557 799 622 872 ἤν
656 800 954 876 εὐδόκησας
985 807 1119 863 εἷναί
1151 829 1247 864 σου
1277 811 1578 882 κατοικίαν,

277 890 468 954 Καλῶς
499 890 935 967 ἕπῳκοδόμησας
966 895 1020 952 ἐν
1053 905 1280 973 σεαυτῷ,
1313 901 1532 978 νυμφίε,

273 981 335 1038 ⁸0
363 979 517 1071 λίθος
549 978 716 1046 ὅντως
749 985 777 1040 ὁ
806 988 1036 1062 τερπνὸς
1062 990 1150 1044 καὶ
1181 997 1282 1060 τῆς
1309 997 1454 1061 ζωῆς
1477 996 1511 1064 ἡ
1543 993 1732 1071 πέτρα.

273 1073 420 1126 Ὀθεν
450 1069 700 1147 δοκῶμεν
729 1073 858 1140 τοὺς
882 1073 1078 1142 δοκοὺς
1104 1079 1265 1152 ἡμῶν
1297 1080 1578 1159 κεδρίνους
1608 1069 1764 1156 εἶναι,

279 1161 380 1218 Καὶ
406 1160 566 1218 πάλιν
595 1162 664 1218 τὰ
695 1164 1028 1242 φατνώματα
1061 1164 1292 1243 δένδρων
1327 1170 1385 1226 ἐκ
1413 1173 1779 1250 κυπαρίσσων.

280 1251 424 1307 Ἐπεὶ
453 1255 575 1327 γοῦν
607 1250 1008 1327 ἐμνημόνευσεν
1033 1256 1217 1322 ἐνθάδε
1244 1263 1545 1332 κατοικίας,

282 1339 376 1394 Καὶ
404 1342 776 1418 φατνωμὰτων
804 1344 892 1399 καὶ
919 1341 1096 1402 δοκῶν
1126 1348 1226 1404 οὐκ
1257 1350 1398 1406 εἷάσε
1431 1361 1738 1426 μνησθῆναι
1763 1373 1777 1386 ·

277 1427 349 1483 Σὺ
380 1426 436 1484 δέ
462 1450 558 1502 μοι
589 1431 657 1485 τὰ
677 1433 1012 1510 φατνώματα
1041 1437 1133 1491 καὶ
1156 1437 1286 1501 τοὺς
1318 1437 1511 1504 δοκοὺς
1543 1443 1777 1514 ἀκούων,

276 1518 366 1572 Καὶ
395 1518 593 1594 ἀρετὰς
624 1518 875 1592 ἰννόησον
905 1525 1194 1600 τυγχάνειν
1227 1532 1393 1584 ταῦτα
1415 1530 1588 1586 πάντα
1618 1550 1632 1564 ’

275 1608 358 1697 Ἐν
389 1609 475 1670 αἷς
506 1606 681 1664 nam
713 1609 992 1687 ἐστὲγασεν
1025 1614 1192 1687 αὐτὴν
1226 1617 1254 1672 ὁ
1285 1618 1429 1684 θεῖος
1457 1622 1652 1697 Λόγος,

278 1696 367 1751 Καὶ
399 1702 719 1772 πειρασμῶν
751 1699 1062 1758 ἀνένδεκτον
1105 1707 1394 1780 εἰργάσατο
1423 1696 1669 1774 τελείως.

276 1783 532 1858 Ἀνέμους
561 1786 744 1843 τοίνυν
771 1790 861 1844 γαὶ
895 1791 1105 1868 βροχὰς
1130 1792 1168 1864 ἤ
1190 1797 1476 1871 ποταμοὺς
1505 1799 1739 1870 ἀκούων,

276 1874 555 1948 Δαιμόνων
583 1881 753 1934 ταῦτα
781 1881 1120 1957 πειρασμοὺς
1145 1884 1378 1962 γίνωσκε
1406 1890 1720 1968 πεφυκέναι.

408 1991 556 2069 Ἐγὼ
581 1989 737 2057 ὄίνθος
770 1999 868 2050 τοῦ
905 1993 1122 2055 πεδίου.
1155 1999 1338 2074 κρίνον
1379 2003 1771 2079 κοιλωμάτων.

837 2143 957 2195 Τῶν
993 2143 1048 2217 γ’
1074 2142 1348 2220 Πατάρων.

342 2261 518 2352 "limi,
545 2261 754 2352 Ἐγὼῇ
795 2263 847 2336 ἐξ
883 2265 1106 2343 Ἰσραὴλ
1155 2271 1243 2324 καὶ
1297 2270 1350 2343 ἐξ
1400 2271 1566 2339 ἐθνῶν
1594 2275 1919 2352 Ἐκκλησία,

277 2349 410 2446 κατᾶ
441 2349 536 2446 μὶν
563 2350 685 2446 τοὺς
725 2350 775 2427 ἐξ
835 2353 1080 2446 Ἰσραὴλ,
1130 2357 1205 2421 ὠς
1251 2361 1406 2435 νὸμῳ
1461 2365 1552 2419 καὶ
1609 2349 1918 2446 προφήταις

281 2437 520 2527 άπιστίας
561 2442 682 2527 ,καὶ
773 2442 966 2510 κακίας
1066 2451 1559 2527 προκαθαρθὲντας,
1637 2437 1919 2516 κάντεῦθεν

278 2524 429 2599 δίκην
483 2526 672 2586 πεδίου
738 2532 1264 2610 προομαλισθὲντας,
1318 2524 1411 2596 καὶ
1465 2524 1565 2598 οὐκ
1622 2543 1708 2601 ἐπὶ
1775 2547 1920 2605 πολὺ

272 2621 366 2712 1:06
420 2617 594 2674 καλοῦ
647 2620 1042 2712 ἀφεστηκότας.
1094 2624 1300 2699 ⁴ἲίνθησα
1346 2633 1414 2705 τῇ
1459 2632 1649 2708 ἀρετῇ,
1693 2636 1785 2691 τὸν
1814 2637 1917 2712 ὅμ-

276 2701 401 2796 6ρον
423 2713 740 2783 γνωστικῶς
798 2708 1059 2787 δεξαμένη
1108 2716 1198 2771 τὸν
1258 2701 1639 2796 ἐπουράνιον
1680 2727 1816 2781 κατὰ
1850 2701 1920 2783 ’δε

271 2795 394 2860 τοὺς
433 2796 486 2868 ἰξ
545 2796 734 2886 ἐθνῶν,
788 2800 862 2864 ὡς
915 2799 1004 2858 διὰ
1071 2805 1169 2874 τὴν
1228 2795 1454 2884 πρώτην
1509 2811 1759 2869 ἂπιστίαν
1815 2823 1917 2886 τῆς

271 2893 521 2980 φυσικῆςΔ
557 2885 905 2962 ὁμαλότητπ
953 2895 1330 2970 στερηθέντας,
1390 2899 1481 2955 καὶ
1544 2906 1626 2975 τῷ
1681 2885 1916 2980 χειμῶνι

266 2980 368 3066 τῶν
421 2978 610 3032 παθῶν
671 2999 787 3034 κοιλ
802 2981 1094 3045 ανθὶντας·
1168 2985 1356 3062 οἷάπερ
1426 2990 1606 3066 κρίνον
1665 2978 1772 3048 ἀπὸ
1818 3000 1917 3051 τοῦ

266 3064 460 3158 κοίλου
479 3067 622 3144 πρὸς
650 3069 714 3158 τό
767 3069 979 3158 ὑψηλὸν
1031 3071 1362 3147 ἂναθάλλον,
1395 3064 1484 3133 καὶ
1534 3079 1614 3158 ἐφ’
1644 3082 1828 3139 ἱκανὸν
1860 3084 1919 3140 ἐκ

271 3162 364 3224 τῆς
411 3156 573 3232 ῥίζης
626 3157 1012 3249 καλαμοειδῶς
1058 3164 1379 3241 άνατρὲχον,
1415 3168 1489 3230 ὡς
1530 3156 1590 3223 ἂν
1662 3173 1739 3243 μή
1785 3173 1917 3249 κρύ-

266 3265 449 3301 πτοιτο
499 3251 623 3309 τοῖς
664 3245 1026 3323 κοιλώμασιν,
1059 3251 1206 3309 ἀλλᾶ
1250 3256 1313 3310 τὸ
1359 3257 1566 3323 κάλλος
1617 3245 1830 3317 τούτου·
1861 3262 1914 3319 ἐν

270 3337 530 3427 μετεῶρῳ
579 3337 779 3411 ὁρῷτο,
829 3342 899 3413 τῇ
952 3338 1030 3405 εἷς
1083 3343 1314 3419 Χριστὸν
1367 3345 1546 3403 πίστει
1592 3348 1916 3427 ἐρρίζωμαι,

267 3424 350 3518 καὶ
408 3421 501 3480 διὰ
556 3427 893 3518 καθάρσεως,
932 3436 1031 3518 τῆς
1064 3436 1172 3486 τῶν
1202 3436 1388 3489 παθῶν
1421 3421 1771 3512 ὑπεξανέστην
1799 3421 1921 3518 συγξ

1308 410 1714 474 COMMENT.
1762 413 1843 475 IN
1886 414 2298 480 CANTICUM
2343 420 2653 485 CANTIG.

1949 1931 1999 1997 B

3572 423 3696 487 570

1952 550 2008 620 Α
2037 549 2286 608 furentis
2342 553 2532 610 Boreas
2601 559 2776 612 ﬂatus
2844 555 3308 614 extimescimus.
3365 557 3460 614 Me
3530 557 3691 614 enim

2038 655 2218 712 quam
2251 643 2357 698 tibi
2403 644 2770 700 domicilium
2821 662 2952 702 esse
3003 646 3260 716 voluisti,
3309 646 3583 720 praeclare
3630 647 3693 704 in

2037 737 2112 798 te,
2145 746 2380 803 sponse,
2415 734 2811 804 exaediﬁcasti,
2862 736 2962 808 qui
3014 754 3145 792 vere
3174 736 3325 810 lapis
3353 753 3416 793 es
3448 736 3696 808 pulcher

2036 824 2092 874 et
2123 821 2251 876 vita:
2279 828 2462 894 petra.
2495 823 2744 880 Ccdrina
2792 828 2933 881 sunt
2981 827 3145 898 tigna
3195 831 3417 894 nostra,
3452 843 3692 898 cupres-

2035 909 2164 965 sina
2220 911 2539 984 laquearia.
2597 915 2885 982 Quoniam
2951 917 3046 972 hic
3110 917 3323 973 domus
3375 920 3466 972 est
3538 917 3691 973 facta

2038 1001 2278 1070 mentio,
2310 1002 2380 1058 de
2425 1003 2602 1075 tignis
2651 1005 2828 1060 etiam
2879 1010 2936 1061 et
2982 1005 3359 1078 laquearibus
3403 1004 3686 1076 loquitur.

2033 1089 2167 1152 Ome
2199 1091 2436 1163 quidem
2469 1095 2670 1150 omnia
2701 1101 2763 1150 tu
2795 1111 2899 1167 pro
2930 1096 3248 1152 virtutibus
3296 1095 3516 1168 accipe,
3557 1095 3688 1168 qui-

2034 1178 2146 1234 bus
2178 1197 2304 1236 eam
2355 1182 2613 1239 Verbum
2665 1185 3003 1251 adveniens,
3057 1186 3339 1242 adversus
3388 1188 3594 1241 ventos
3633 1187 3692 1239 et

2032 1267 2254 1326 imbres
2285 1276 2342 1327 et
2371 1273 2637 1342 ﬂumina,
2671 1273 2730 1329 id
2762 1278 2870 1344 est,
2903 1278 3107 1331 contra
3136 1274 3485 1331 lentationes
3528 1289 3688 1330 com-

2034 1359 2305 1416 munivit.

2311 2013 2429 2084 Ego
2452 2011 2553 2082 ﬂos
2579 2009 2794 2081 campi,
2811 2009 3000 2066 lilium
3027 2007 3394 2066 convallium.

2631 2156 2818 2211 Trium
2844 2155 3093 2211 Patrum.

2096 2288 2217 2358 Ego
2247 2282 2483 2356 quidem
2516 2279 2774 2337 Ecclesia
2804 2295 2873 2336 ex
2903 2278 3187 2336 Israelitis
3216 2283 3274 2335 et
3302 2295 3372 2336 ex
3409 2279 3686 2352 gentibus

2028 2377 2421 2447 congregata;
2454 2376 2743 2445 quantum
2795 2369 3048 2442 pertinet
3090 2370 3160 2425 ad
3212 2369 3532 2438 Israelitas,
3581 2370 3685 2436 qui

2030 2481 2134 2538 per
2160 2463 2349 2536 legem
2399 2465 2456 2518 et
2504 2460 2821 2533 prophetas
2871 2460 2944 2516 ab
2993 2457 3408 2515 incredulitate
3456 2463 3514 2515 et
3561 2475 3685 2516 ma-

2029 2553 2157 2608 litia
2201 2557 2334 2608 ante
2383 2550 2636 2623 purgati,
2668 2553 2846 2620 atque
2898 2548 3086 2604 instar
3131 2547 3324 2620 campi
3372 2547 3682 2620 exaequati,

2029 2642 2188 2697 haud
2221 2640 2300 2694 ita
2332 2639 2587 2694 multum
2619 2637 2694 2694 ab
2724 2637 2970 2694 honesto
2999 2635 3321 2701 distabant,
3345 2634 3542 2708 pluvia
3569 2652 3682 2691 ccs-

2029 2732 2194 2788 lestis
2224 2729 2578 2802 cognitionis
2602 2727 2866 2801 irrigata,
2900 2725 3215 2782 virtutibus
3245 2725 3417 2780 ﬂorui
3448 2742 3460 2782 :
3495 2742 3684 2798 quan-

2027 2826 2154 2878 tum
2187 2824 2373 2876 autem
2407 2818 2618 2875 attinet
2643 2818 2714 2873 ad
2746 2821 2970 2891 gentes,
3003 2815 3100 2887 qui
3130 2831 3234 2888 per
3275 2814 3682 2872 infidelitatem

2028 2909 2280 2967 naturali
2339 2907 2671 2980 aequalitate
2717 2905 2950 2979 privati,
2995 2910 3054 2962 et
3107 2903 3387 2961 vitiorum
3445 2905 3684 2962 turbine

2027 2999 2290 3073 depressi
2337 3003 2505 3055 erant
2545 2995 2771 3052 :veluti
2823 2995 3018 3051 lilium
3048 3011 3116 3052 ex
3147 2994 3266 3051 imo
3316 2993 3378 3051 in
3427 2994 3684 3052 sublime

2027 3104 2410 3158 consurgens,
2442 3087 2602 3143 etab
2634 3086 2830 3141 radice
2877 3085 2948 3139 ad
2997 3083 3271 3139 idoneam
3323 3083 3683 3155 magnitudi-

2028 3195 2160 3234 nem
2194 3193 2297 3249 per
2343 3175 2638 3231 calamum
2683 3173 3028 3236 ascendens,
3064 3189 3138 3228 ne
3165 3171 3402 3228 vallium
3437 3172 3681 3245 profun-

2027 3267 2207 3322 ditate
2251 3264 2666 3331 abscondatur,
2700 3263 2802 3319 sed
2842 3261 3128 3319 excelsam
3181 3261 3678 3334 pulchritudinem

2031 3373 2198 3412 suam
2246 3355 2533 3427 praeferat,
2567 3353 2680 3409 ﬁde
2724 3351 2785 3408 in
2843 3351 3140 3407 Christum
3185 3350 3424 3419 innitor,
3474 3355 3532 3406 et
3579 3366 3684 3423 per

2029 3445 2437 3518 purgationem
2469 3461 2536 3499 ex
2566 3441 2906 3499 confusione
2933 3441 3209 3497 vitiorum
3240 3439 3478 3508 emersi,
3502 3444 3682 3512 atque

269 3511 496 3607 χόσεως,
530 3513 754 3607 καὶ-ἐπὶ
792 3521 872 3589 τῷ
919 3517 1040 3593 ὕψει
1097 3527 1197 3590 τῆς
1239 3525 1535 3598 γνωςτικῆς
1582 3511 1810 3605 θεωρίας
1840 3511 1904 3604 vi]

2037 3511 2088 3590 in
2121 3511 2637 3607 contemplationis
2687 3531 2940 3604 fastigio,
2972 3531 3260 3587 virtutum
3307 3530 3514 3588 decore
3546 3511 3678 3586 sum

267 3602 453 3662 κάλλει
484 3606 594 3670 τῆς
620 3605 816 3681 ἀρετῆς
843 3609 1248 3686 καθωράῖσμαι.

960 3751 1207 3812 Ψελλοῦ.

336 3875 534 3966 Eclipse
568 3871 766 3966 λοιπὸν
796 3877 886 3931 καὶ
915 3881 1026 3966 τῶν
1057 3879 1180 3950 ἑξῆς
1213 3882 1437 3939 ἀκοῦσαι
1467 3884 1671 3958 ταύτης
1707 3885 1915 3966 λόγων.

272 3961 412 4032 Φησὶ
440 3963 545 4039 γὰρ
577 3962 720 4020 οὕτω
749 3966 888 4042 πρὸς
920 3965 1081 4024 αὐτὸν
1112 3969 1292 4047 ὥσπερ
1326 3970 1729 4052 ἐγκαυχωμένη
1765 3998 1779 4012 ·

357 4159 490 4235 Ἐγὼ
519 4158 581 4216 δὲ
609 4157 770 4227 ἄνθος
800 4167 898 4220 τοῦ
927 4162 1138 4240 πεδίου,
1167 4167 1348 4243 κρίνον
1379 4175 1488 4227 τῶν
1521 4173 1820 4234 κοιλάδων.

334 4267 736 4358 Ἰίπὲρευγε-τῆς
767 4277 1056 4347 προκοπῆς
1084 4282 1185 4346 τῆς
1214 4278 1452 4353 καθαρᾶς
1483 4282 1748 4358 παρθένου
1773 4287 1787 4342 l

266 4353 400 4413 Ἰδοὺ
431 4358 554 4435 γὰρ.
592 4354 731 4435 ἔγνω
753 4360 948 4430 δαυτὴν
977 4367 1075 4418 τοῦ
1105 4364 1417 4439 ξύμπαντος
1445 4353 1636 4426 πεδίου

276 4448 385 4516 Τῆς
414 4448 765 4524 ἀνθρωπίνης
796 4450 1007 4529 φύσεως
1038 4451 1195 4518 ἄνθος
1226 4453 1645 4534 ἐκλελεγμένον,

265 4537 390 4591 Εἶτα
416 4539 507 4592 καὶ
538 4538 726 4615 κρίνον
749 4541 978 4611 καθεξῆς
1007 4541 1068 4597 ἐκ
1093 4564 1200 4599 των
1231 4545 1508 4604 κοιλάδων
1541 4551 1681 4606 θεῖον
1717 4572 1729 4585 ο

262 4625 476 4716 Μυρίζει
505 4627 612 4704 γὰρ
646 4627 720 4716 ὠς
754 4627 858 4700 ἇλη
870 4633 978 4694 θῶς
1000 4637 1143 4688 πᾶσα
1167 4635 1322 4710 ψυχή
1352 4643 1468 4700 τοῖς
1491 4640 1742 4716 τρόποις,

259 4716 383 4776 Ταῖς
411 4715 635 4790 ἀρεταῖς
662 4715 940 4789 ἀνθήσασα
967 4720 1058 4775 καὶ
1085 4715 1535 4800 καθωραϊσθεῖσα.

261 4802 353 4894 limi
384 4807 461 4877 μὴ
497 4806 796 4882 μερίμναις
822 4816 1114 4882 κοσμικαῖς
1140 4811 1286 4876 ὅλως
1319 4815 1696 4894 ἀποπνιγεῖσα.

263 4891 353 4947 Καὶ
387 4895 597 4970 μάρτυς
624 4894 822 4951 τούτου
853 4895 1057 4976 πέφυκε
1086 4901 1325 4977 Χριστὸς
1356 4905 1384 4959 ὁ
1413 4905 1504 4960 καὶ
1533 4891 1784 4987 νυμφίος,

265 4987 701 5078 [ίροσμαρτυρμὼν
734 4985 809 5049 ὡς
830 4985 1064 5078 ,άληθῶς
1106 4995 1187 5064 τῷ
1217 4990 1366 5069 λόγώ
1394 5000 1474 5068 τῷ
1501 5003 1600 5067 τῆς
1628 4985 1871 5078 νύμφης.

263 5073 403 5143 Φησὶ
431 5075 535 5150 γὰρ
569 5073 716 5130 οὕτω
744 5075 882 5152 πρὸς
929 5077 1120 5154 αὐτὴν,
1153 5080 1230 5146 ὡς
1256 5083 1376 5137 καθ’
1392 5084 1582 5159 εἱρμὸν
1615 5073 1866 5164 εὑρήσεις
1892 5108 1906 5125 ο

325 5198 411 5262 Ὡς
441 5198 628 5274 κρίνον
661 5198 716 5256 ἐν
751 5200 899 5275 μέσῳ
943 5207 1052 5258 τῶν
1101 5204 1367 5277 ἀκανθῶν,
1401 5206 1545 5267 οὕτω
1591 5213 1627 5283 ἠ
1678 5210 1907 5287 κλησίον

264 5305 362 5356 μου
391 5287 444 5342 ἐν
482 5289 636 5362 μὲσῳ
665 5294 776 5346 τῶν
801 5293 1131 5368 θυγατέρων.

327 5405 561 5498 ῗΟρθῶς,
595 5405 749 5498 φησὶ,
785 5404 1103 5479 λελάληκας
1131 5433 1254 5490 περι
1286 5423 1510 5489 σαυτῆς,
1537 5415 1582 5472 ὦ
1611 5420 1797 5498 νύμφη
1834 5444 1846 5458 ·

265 5488 448 5587 Eii-tui:
479 5495 786 5587 ya‘zp‘pécov
813 5501 920 5553 τῶν
953 5501 1148 5577 ψυχῶν
1178 5488 1286 5557 τῶν
1313 5501 1471 5575 δῆθεν
1489 5488 1816 5587 θυγατέρων,

265 5581 378 5669 Τῶν
403 5581 455 5636 ἐν
484 5582 777 5658 μερίμναις
804 5587 1034 5644 πάντοτε
1063 5581 1671 5669 συγκαταπνιγομένων,

269 5668 508 5762 ἓὺλμόνη
536 5675 630 5728 νῦν
661 5672 958 5762 ἐξήνθησας
987 5676 1167 5754 ὥσπερ
1199 5668 1474 5750 ἡδύπνουν
1503 5683 1662 5762 ῥόδον

269 5757 435 5818 Καλεῗ
459 5759 518 5818 δὲ
547 5763 752 5838 ταύτην
784 5761 1024 5838 ἀδελφήν
1057 5769 1086 5823 ὁ
1114 5771 1294 5849 Λόγος
1319 5773 1410 5830 καὶ
1429 5757 1689 5852 νυμφίος,

1944 4685 1992 4752 D

2027 3628 2326 3681 exornata.

2739 3765 2958 3837 .Pselli.

2097 3893 2357 3963 Tempus
2380 3894 2506 3965 jam
2539 3896 2646 3959 est,
2679 3895 2744 3948 ut
2791 3907 2920 3963 quas
2950 3890 3228 3963 deinceps
3259 3905 3480 3961 sponsa
3516 3887 3682 3957 dicit,

2023 3983 2357 4040 audiamus.
2408 3981 2502 4038 Sic
2543 3981 2702 4039 enim
2753 3979 2894 4036 dicit
2939 3979 3012 4036 ad
3069 3995 3205 4035 eum
3259 3978 3420 4034 velut
3464 3977 3681 4051 gloria-

2026 4073 2273 4130 bunda:

2202 4182 2310 4252 Ego
2341 4186 2526 4235 autem
2550 4179 2649 4248 ﬂos
2675 4178 2898 4249 campi:
2921 4176 3110 4233 lilium
3137 4174 3496 4233 convallium.

2098 4287 2142 4343 Ο
2173 4285 2512 4359 praeclaram
2543 4301 2705 4356 puras
2741 4283 2997 4356 Virginis
3028 4278 3538 4355 progressionem!
3572 4280 3677 4336 Ec-

2025 4393 2089 4433 ce
2147 4376 2304 4433 enim
2363 4381 2421 4431 te
2479 4374 2669 4447 ipsam
2729 4389 2864 4429 cum
2917 4371 3198 4428 eximium
3263 4371 3446 4426 totius
3519 4385 3683 4426 cam-

2026 4465 2105 4538 pi,
2137 4471 2362 4522 naturas
2412 4465 2684 4520 humanas
2733 4462 2959 4531 ﬂorem,
2991 4466 3116 4518 tum
3151 4459 3416 4516 divinum
3445 4459 3679 4516 conval-

2023 4555 2168 4611 lium
2200 4554 2387 4610 lilium
2420 4552 2729 4627 agnovisti.
2763 4551 2970 4608 Omnis
2999 4549 3157 4607 enim
3188 4550 3448 4623 profecto
3479 4548 3680 4606 anima

2023 4643 2153 4700 vitae
2203 4643 2493 4717 probitate
2522 4659 2591 4698 ac
2635 4640 2955 4698 virtutibus
2998 4640 3214 4696 ﬂorens
3261 4643 3441 4711 atque
3483 4636 3676 4694 excel-

2021 4735 2172 4803 lens,
2205 4750 2310 4790 nec
2340 4733 2549 4788 mundi
2600 4729 3100 4788 sollicitudinibus
3127 4728 3247 4784 ullo
3278 4729 3452 4784 modo
3491 4727 3675 4782 suffo-

2023 4830 2174 4892 cata,
2206 4822 2446 4879 redolet.
2477 4821 2660 4892 Cujus
2701 4819 2938 4893 quidem
2983 4819 3066 4874 rei
3096 4817 3266 4874 testis
3291 4823 3380 4873 est
3407 4816 3676 4874 Christus

2022 4931 2090 4971 ac
2122 4928 2413 4986 sponsus;
2442 4912 2540 4984 qui
2590 4926 2821 4982 sponsae
2853 4923 3209 4977 sermonem,
3242 4911 3310 4964 ut
3347 4906 3553 4964 ordine
3581 4905 3676 4963 in-

2021 5004 2240 5075 venies,
2267 5003 2351 5059 ita
2378 5001 2688 5059 conﬁrmat
2719 5015 2734 5057 :

2093 5219 2246 5276 Sicut
2277 5220 2462 5276 [illum
2492 5220 2551 5274 in
2580 5217 2763 5274 medio
2791 5218 3102 5290 spinarum,
3115 5216 3195 5272 sic
3219 5217 3534 5289 propinqua
3552 5231 3677 5272 mea

2024 5312 2080 5365 in
2111 5310 2290 5366 medio
2317 5311 2590 5381 ﬁliarum.

2095 5427 2289 5496 Recte,
2323 5426 2539 5499 inquit,
2571 5425 2644 5482 de
2671 5429 2724 5481 te
2754 5424 2948 5482 locuta
2979 5440 3062 5495 es,
3098 5440 3336 5495 sponsa.
3370 5422 3466 5480 Sic
3515 5423 3676 5480 enim

2021 5517 2176 5573 inter
2205 5517 2456 5584 animas,
2489 5532 2617 5590 quae
2647 5531 2922 5571 curarum
2960 5517 3019 5570 et
3047 5512 3516 5570 sollicitudinum
3551 5513 3672 5586 spi-

2024 5607 2116 5662 nis
2165 5607 2550 5671 suﬂ'ocantur,
2581 5609 2645 5660 ut
2675 5604 2961 5660 odorifera
3013 5619 3148 5658 rosa
3194 5602 3463 5658 ﬂoruisti.
3512 5602 3674 5659 Hanc

2024 5701 2218 5753 autem
2251 5712 2511 5753 sororem
2537 5694 2791 5750 Verbum
2816 5710 2882 5749 ac
2913 5707 3167 5765 sponsus
3196 5691 3672 5763 vocat,quoniam

2026 5785 2230 5844 divine
2260 5787 2621 5858 obtemperat
2653 5781 2960 5841 voluntati.
2993 5781 3104 5841 Eos
3133 5781 3291 5841 enim
3321 5779 3382 5838 in
3411 5782 3670 5851 Evange-
