4110 6400
304 433 414 495 57!

1644 440 2078 505 MICHAELIS
2124 442 2392 504 PSELLl

3614 438 3737 499 512
3808 426 3815 433 ’

300 569 417 637 liis,
446 571 654 627 fratres
684 574 742 627 et
792 571 1157 647 propinquos
1186 580 1243 633 et
1273 579 1495 637 amicos
1539 578 1825 654 appellat,
1857 578 1961 652 qui

2096 586 2162 643 Ως
2194 578 2624 656 ἐκπληρώσασαν
2654 575 2843 642 καλῶς
2873 578 2935 635 τὸ
2968 576 3187 652 θέλημα
3216 577 3280 634 τὸ
3311 583 3479 644 θεῖον.

307 659 489 716 Patris
519 660 610 717 sui
641 659 924 718 voluntati
957 671 1186 735 parent.

901 934 1087 990 Trium
1119 936 1373 992 Patrum.

373 1040 574 1111 Itaque
616 1056 874 1112 sponsus
904 1039 1028 1096 lilio
1082 1059 1361 1114 sponsam
1412 1043 1669 1100 similem
1702 1043 1866 1113 dicit,
1901 1048 1968 1100 ut

309 1145 443 1201 quae
472 1129 600 1185 vitae
628 1129 819 1201 spinis
851 1146 966 1186 non
998 1133 1356 1191 suffocatur:

374 1219 530 1275 Sicut
560 1219 764 1287 lilium,
812 1219 1029 1291 inquit,
1072 1222 1220 1277 inter
1264 1226 1475 1295 spinas,
1522 1227 1607 1280 ita
1652 1227 1971 1297 prapinqua

306 1324 427 1364 mea
465 1311 618 1365 inter
658 1310 827 1380 ﬁlias.
863 1315 930 1365 Et
978 1311 1131 1367 hanc
1179 1314 1417 1384 quidem
1469 1314 1591 1369 lilio
1643 1318 1969 1387 comparat,

307 1398 586 1469 quoniam
635 1414 837 1454 eorum
890 1416 1019 1470 quae
1070 1402 1142 1456 ad
1190 1403 1409 1458 victum
1461 1404 1776 1476 pertinent,
1813 1402 1976 1460 nulla

311 1489 595 1561 premitur
643 1489 1066 1561 sollicitudine,
1097 1492 1199 1547 sed
1250 1494 1426 1549 rebus
1457 1493 1644 1550 obviis
1686 1493 1976 1550 satisfecit

308 1579 569 1649 corporis
604 1579 962 1635 necessitati.
996 1581 1159 1645 Quod
1200 1582 1375 1637 etiam
1409 1582 1469 1638 in
1501 1584 1836 1656 Evangeliis
1866 1584 1975 1638 do-

305 1684 444 1724 cens
479 1686 493 1725 :
529 1672 611 1725 De
668 1671 1012 1738 vestimento,
1073 1670 1281 1740 inquit,
1335 1672 1469 1743 quid
1523 1673 1753 1729 solliciti
1805 1657 1978 1729 estis?

302 1758 646 1816 considerate
704 1760 827 1815 lilia
908 1762 1053 1832 agri,
1116 1776 1222 1831 quo
1274 1761 1437 1818 modo
1504 1770 1756 1819 crescunt
1784 1779 1806 1825 ,'
1861 1779 1977 1819 non

307 1849 584 1917 laborant,
614 1864 791 1921 neque
819 1858 955 1905 nent
983 1851 1050 1904 “.
1085 1849 1381 1917 Ostendit,
1412 1867 1512 1906 eos
1543 1851 1647 1924 qui
1678 1850 1977 1925 tranquil-

2077 674 2118 724 Ο
2140 668 2315 745 λέγων
2348 669 2452 745 γὰρ
2488 668 2648 732 αὐτός
2672 670 2813 724 ἑστιν
2846 666 2898 723 ἐν
2929 673 3047 731 τοῖς
3076 666 3460 743 Εὐαγγελίοις.

2080 757 2346 823 Ἐκείνους
2374 754 2519 834 ἔχειν
2553 755 2821 832 ἀδελφοὺς
2852 757 2941 813 καὶ
2974 762 3249 834 συγγενεῖς
3279 757 3369 812 καὶ
3406 755 3625 835 φίλους,

2077 847 2221 911 Τοὺς
2247 846 2548 924 πληρωτὰς
2577 852 2683 903 τῶν
2717 850 2996 922 Ιῐατρικῶν
3030 846 3235 901 ἑκείνου
3265 844 3672 919 κελευσμάτων.

2644 957 2767 1012 Τῶν
2809 954 2855 1030 γ’
2886 953 3162 1028 Πατέρων,

2146 1048 2306 1110 ’Ὀθεν
2354 1046 2383 1100 ὁ
2434 1045 2672 1119 νυμφίος
2717 1043 2888 1119 κρίνῳ
2935 1042 3280 1121 παρεικάζων
3338 1044 3437 1113 τήν
3495 1041 3739 1121 νύμφην,

2078 1139 2153 1200 ὡς
2182 1136 2259 1208 μὴ
2291 1133 2737 1211 συμπνιγομένην
2785 1138 2905 1198 ταῖς
2950 1137 3049 1189 τοῦ
3103 1131 3225 1208 βίου
3273 1133 3554 1204 ἀκάνθαις,
3579 1130 3739 1210 φησί.

2149 1225 2237 1287 Ὡς
2290 1224 2473 1299 κρίνον
2559 1222 2611 1280 ἐν
2701 1226 2851 1296 μέσῳ
2932 1226 3041 1278 τῶν
3127 1222 3395 1294 ἀκανθῶν,
3470 1221 3642 1282 οὕτως
3699 1222 3738 1289 ἡ

2079 1313 2315 1383 πλησιον
2380 1334 2486 1387 μου
2536 1312 2588 1368 έν
2650 1313 2802 1386 μέσῳ
2870 1316 2981 1368 τῶν
3056 1310 3385 1387 θυγατέρων.
3445 1311 3550 1366 Καὶ
3609 1308 3740 1366 ut.

2078 1425 2178 1473 την
2215 1404 2309 1476 μὲν
2342 1402 2513 1478 κρίνῳ
2544 1406 2873 1479 παρομοιοῖ,
2915 1398 3003 1456 διὰ
3043 1401 3104 1456 τὸ
3139 1398 3269 1473 μηδ’
3303 1400 3452 1464 ὅλως
3478 1400 3611 1455 ποτὶ
3637 1401 3739 1467 τήν

2086 1494 2219 1569 ὑπὲρ
2275 1497 2384 1548 τῶν
2475 1493 2743 1567 βιωτικῶν
2819 1491 3091 1568 μόριμναν
3169 1486 3543 1565 ἀναδέχεσθαι,
3612 1486 3742 1545 ἀλλ’

2082 1581 2447 1660 όφροντίστως
2502 1587 2622 1644 τοῖς
2669 1584 3076 1656 παρατυχοῦσιν
3139 1576 3451 1653 ἐκπληροῦν
3492 1579 3593 1647 τὴν
3642 1575 3741 1632 τοῦ

2084 1670 2340 1746 σώματος
2395 1670 2606 1748 χρείαν.
2664 1673 2837 1745 Ὅπερ
2910 1669 3003 1726 καὶ
3062 1668 3115 1724 ἐν
3174 1666 3537 1745 Εὐαγγελίοις
3588 1663 3741 1722 διδά-

2085 1783 2227 1817 σκων
2281 1759 2478 1833 λέγει·
2541 1760 2671 1832 Περὶ
2744 1757 3041 1833 ἐνδύματος
3118 1758 3171 1813 τί
3239 1762 3583 1833 μεριμνᾶτε;
3649 1776 3743 1812 κα-

2082 1853 2349 1925 ταμάθετε
2401 1851 2469 1905 ea
2546 1848 2705 1926 κρίνα
2774 1853 2871 1905 τοῦ
2949 1847 3122 1923 ἀγροῦ
3194 1851 3313 1909 πῶς
3361 1845 3572 1917 αὐξάνει
3603 1863 3617 1878 ⁶
3677 1844 3741 1901 οὗ

304 1938 425 1996 lam
455 1945 509 1995 et
542 1938 832 2011 frugalem
867 1938 1100 1994 vivendi
1131 1939 1421 1995 rationem
1460 1945 1699 2014 propter
1728 1957 1974 2015 regnum

2096 1945 2251 2012 ιοπιᾷ
2279 1938 2407 1996 οὐδὲ
2449 1941 2602 2011 νήθει
2637 1958 2651 1972 ⁶
2695 1936 2929 2012 δεικνὺς,
2980 1936 3064 2026 ὅτι
3114 1938 3166 1991 οἱ
3208 1936 3310 2006 τὴν
3356 1934 3744 2026 ἀταλαίπωρον

308 2028 590 2084 oculorum
639 2027 1135 2100 complectuntur,
1187 2028 1332 2086 liliis
1379 2047 1510 2087 esse
1552 2031 1804 2102 similes,
1848 2049 1973 2104 qua

308 2116 598 2173 naturalis
627 2115 827 2190 gloria:
860 2118 1050 2174 nitore
1079 2117 1413 2176 Salomonis
1442 2137 1766 2194 purpuram
1798 2138 1973 2194 supe-

307 2212 457 2264 rant.
486 2207 730 2264 Animas
761 2224 897 2264 vero
929 2208 1125 2264 carnis
1157 2207 1559 2280 voluptatibus
1582 2211 1970 2279 effeminatus,

311 2314 378 2354 ac
408 2302 719 2370 propterea
748 2296 968 2353 diaboli
1003 2297 1248 2365 filias,ut
1276 2299 1336 2353 in
1368 2299 1704 2372 Evangeliis
1734 2318 1973 2357 rursum

306 2386 569 2443 declarat
615 2388 759 2457 (Vos,
795 2386 1088 2458 inquiens,
1119 2403 1190 2443 eo:
1235 2393 1400 2457 patre
1446 2389 1669 2446 diabolo
1713 2392 1845 2447 estis
1886 2392 1973 2460 1²),

307 2476 499 2549 spinis
530 2476 845 2543 assimilat,
868 2475 1009 2548 quia
1039 2492 1276 2533 omnem
1310 2493 1508 2534 curam
1536 2483 1594 2534 et
1626 2478 1976 2535 sollicitudi-

311 2582 444 2622 nem
478 2565 537 2620 in
571 2582 670 2622 eas
701 2566 1009 2621 conferunt
1040 2581 1134 2622 res
1167 2582 1296 2638 qua
1349 2567 1420 2622 ad
1454 2566 1639 2622 vitam
1665 2568 1819 2624 hanc
1849 2584 1980 2640 spe-

310 2660 498 2724 ctant,
528 2658 594 2710 ut
635 2654 898 2725 undique
930 2653 1301 2726 voluptatum
1336 2655 1641 2712 materiam
1677 2674 1981 2728 aucupen-

316 2747 435 2798 tur.
466 2741 611 2796 Cum
642 2742 800 2797 enim
833 2756 1068 2797 omnem
1102 2758 1274 2798 suam
1320 2759 1510 2815 spem,
1542 2761 1655 2799 non
1687 2744 1748 2799 in
1779 2761 1846 2799 eo
1878 2744 1980 2814 qui

318 2830 611 2903 sapientia
642 2846 751 2885 sua
781 2834 995 2885 cuneta
1026 2830 1372 2887 moderatur
1399 2836 1456 2888 et
1487 2832 1664 2889 rebus
1703 2832 1981 2890 omnibus

320 2917 600 2985 consulit,
632 2919 735 2975 sed
784 2919 845 2974 in
878 2934 940 2974 se
988 2918 1136 2989 ipsis
1184 2919 1360 2976 sitam
1409 2920 1685 2989 habeant,
1734 2923 1983 2979 terrenis

322 3008 827 3066 sollicitudinibus
844 3008 1343 3078 suﬂ'ocantur,nee
1375 3011 1700 3084 perfectum
1725 3013 1981 3069 fructum

327 3101 544 3157 ferunt.

750 3191 936 3247 Trium
966 3197 1285 3248 sanctorum
1313 3194 1573 3250 Patrum.

2082 2031 2173 2087 καὶ
2230 2027 2584 2105 αὐτοσχέδιον
2648 2026 2926 2104 διαγωγὴν
3008 2024 3098 2082 διὰ
3142 2026 3243 2095 τὴν
3305 2022 3586 2102 βασιλείαν
3632 2029 3743 2080 τῶν

2083 2120 2325 2194 οὐρανῶν
2367 2117 2647 2191 ἑλόμενοι,
2704 2115 3087 2193 παραπλήσιοί
3136 2115 3239 2171 εἶσι
3288 2113 3490 2189 κρίνεις
3518 2113 3749 2191 ἀμφιεν-

2081 2211 2335 2283 νυμένοις
2395 2208 2611 2269 ἀπόνως
2661 2207 2762 2275 τὴν
2806 2212 2909 2275 τῆς
2962 2201 3295 2281 ἀλουργίδος
3316 2208 3413 2257 τοῦ
3451 2206 3749 2276 Σολομῶν-

2082 2320 2175 2361 τος
2244 2295 2585 2371 ἐνδοξοτέραν
2618 2304 2848 2374 φυσικην
2902 2290 3058 2365 δόξαν
3094 2313 3106 2325 ·
3140 2293 3235 2356 τάς
3279 2289 3336 2348 δὲ
3366 2290 3748 2365 ἐκθηλυνομέ-

2084 2410 2177 2451 νας
2236 2388 2417 2462 ψυχὰς
2467 2391 2586 2447 ταῖς
2635 2389 2917 2458 σαρκικαῖς
2987 2380 3234 2453 ἡδοναῖς,
3288 2379 3379 2436 καὶ
3437 2378 3527 2435 διά
3584 2383 3747 2435 τοῦτο

2087 2478 2384 2552 θυγατέρας
2415 2481 2512 2531 τοῦ
2544 2470 2807 2529 διαϐόλου
2859 2473 2952 2541 (ὡς
2980 2469 3149 2527 πάλιν
3204 2471 3367 2549 φησὶν
3401 2469 3453 2525 ἐν
3513 2466 3747 2545 Εὒαγγε-

2088 2566 2253 2635 λίοις,
2285 2565 2367 2621 δτι
2399 2566 2576 2637 Ὑμεῖς
2626 2562 2685 2618 ἐκ
2725 2567 2823 2617 τοῦ
2865 2562 3070 2637 πατρὸς
3118 2561 3269 2634 ὑμῶν
3320 2563 3418 2614 τοῦ
3476 2552 3745 2614 διαϐόλου

2088 2655 2249 2725 ἐστὶ),
2307 2654 2558 2715 ἀκάνθαις
2608 2652 2944 2727 παρεικάζει,
3004 2647 3094 2705 διά
3147 2650 3210 2705 τὸ
3259 2653 3430 2703 πᾶσαν
3487 2647 3586 2717 τὴν
3641 2646 3735 2720 μέ-

2090 2766 2286 2820 ριμναν
2341 2741 2465 2817 περέ
2516 2742 2583 2798 τά
2644 2740 2876 2818 βιωτικά
2931 2738 3330 2815 ἧσχοληκέναι,
3365 2735 3441 2792 ’ἶν’
3473 2736 3750 2812 εὐπορῶσι

2088 2842 2189 2904 τῆς
2220 2832 2359 2904 ὕλης
2387 2836 2494 2887 τῶν
2526 2828 2742 2902 ἡδονῶν
2778 2848 2790 2861 ·
2824 2829 2881 2884 αἳ
2911 2827 3040 2903 οὐχὶ
3076 2831 3154 2898 τῷ
3182 2830 3291 2881 τῶν
3324 2825 3469 2881 ὅλων
3499 2845 3749 2900 προνοη-

2089 2928 2159 2998 τῇ
2211 2923 2554 2978 πιστεύουσιν
2609 2919 2819 2986 ἑαυτὰς,
2877 2916 3024 2973 ἀλλά
3086 2917 3150 2972 τὸ
3204 2921 3308 2970 πᾶν
3365 2915 3577 2976 ὶαυταῖς
3613 2933 3627 2946 ο
3659 2913 3751 2967 καὶ

2093 3010 2182 3069 διὰ
2209 3017 2369 3068 τοῦτο
2397 3016 2517 3073 ταῖς
2561 3014 2671 3065 τῶν
2716 3006 3065 3084 προσκαίρων
3123 3004 3368 3083 φροντίσι
3412 3001 3752 3080 ωμπνῖγον-

2091 3124 2201 3173 ται,
2231 3101 2321 3157 καὶ
2352 3100 2413 3156 ού
2439 3098 2877 3175 τελεσφοροῦσιν.

2560 3209 2680 3260 Σῶν
2714 3204 2881 3279 ἀγίων
2922 3204 2967 3279 γ’
3009 3200 3284 3279 Πατέρων.

391 3296 679 3363 Quoniam
703 3313 806 3369 per
828 3302 1017 3353 totum
1045 3298 1155 3354 hoc
1180 3298 1387 3356 drama
1414 3316 1671 3372 sponsus
1691 3306 1749 3357 et
1767 3318 1983 3374 sponsa

2164 3298 2313 3354 Ἐπεὶ
2361 3295 2418 3352 δὲ
2466 3293 2556 3351 διὰ
2602 3293 2804 3357 παντὸς
2846 3296 2944 3348 τοῦ
3019 3290 3317 3367 δράματος,
3379 3290 3559 3365 ὥσπερ
3601 3287 3751 3344 ἐνανο

2224 3389 2281 3402 Α,
2565 3381 2585 3402 ἱ
2658 3382 2705 3402 δι
2860 3384 2872 3402 τ
3098 3382 3109 3402 Ι
3242 3401 3282 3402 γε
3394 3378 3436 3402 ,_\
3504 3382 3521 3402 α
3561 3377 3737 3402 ,λΙα-Αμε

324 3386 550 3442 mutuis
606 3386 878 3441 cantibus
928 3402 991 3441 se
1046 3386 1305 3443 vicissim
1367 3387 1685 3458 celebrant,
1727 3390 1983 3446 assiduis

2096 3389 2438 3467 τιοφθόγγοις
2496 3381 2793 3459 μελῳδίαις
2852 3384 2879 3437 6
2937 3382 3175 3457 νυμφίος
3232 3401 3292 3436 τε
3347 3378 3438 3436 καὶ
3494 3377 3746 3457 ἡνύμφη

323 3474 544 3531 amoris
567 3474 1099 3548 significationibus
1130 3477 1530 3545 ostendentes,
1560 3477 1810 3535 alterum
1843 3478 1983 3535 alte-

325 3564 451 3620 rius
480 3564 683 3620 ardere
714 3563 1044 3620 desiderio:
1075 3565 1156 3620 ita
1187 3582 1396 3623 rursus
1425 3583 1647 3638 sponsa
1697 3585 1983 3639 sponsum

327 3650 651 3723 alloquitur
682 3666 696 3707 :
730 3650 884 3707 Sicut
908 3667 1134 3723 pomum
1163 3654 1316 3709 inter
1345 3654 1500 3723 ligna
1528 3657 1701 3720 silvae,
1731 3658 1811 3711 sic
1824 3671 1988 3729 nepos

324 3755 477 3795 meus
506 3741 657 3795 inter
687 3738 850 3809 ﬁlios.
899 3742 1063 3795 Certe
1101 3740 1260 3796 sicut
1304 3758 1570 3812 pomum,
1618 3747 1747 3798 tum
1795 3742 1988 3816 specie

324 3829 687 3899 decora,tum
722 3830 898 3885 odore
928 3830 1251 3895 suavi,tum
1286 3836 1462 3904 gustu
1498 3832 1680 3901 dulci,
1713 3850 1780 3889 ac
1811 3849 1985 3906 prop-

324 3922 483 3974 terea
541 3916 885 3974 hominibus
946 3919 1018 3975 ad
1079 3921 1375 3976 edendum
1436 3920 1589 3989 utili,
1620 3925 1713 3977 ter
1754 3927 1990 3979 arbores

324 4006 505 4077 hujus
537 4004 841 4078 qualitatis
878 4012 1146 4079 expertes
1178 4007 1431 4076 excellit,
1465 4010 1523 4063 in
1548 4008 1695 4064 silva
1726 4025 1852 4081 quae
1884 4024 1990 4064 ne-

326 4112 564 4151 morosa
585 4102 694 4165 est,
724 4099 781 4151 et
804 4096 1057 4152 fructum
1080 4097 1151 4152 ad
1195 4097 1553 4154 vescendum
1589 4115 1704 4153 non
1736 4098 1992 4154 homini-

327 4184 460 4252 bus,
494 4183 597 4239 sed
645 4183 853 4239 bestiis
883 4183 1163 4240 idoneum
1214 4186 1598 4258 suppeditat;
1627 4187 1713 4243 sie
1744 4187 1994 4244 dilectus

327 4286 498 4326 meus
529 4270 684 4325 inter
715 4269 1023 4327 hominum
1060 4270 1213 4327 ﬁlios
1255 4277 1511 4343 praestat.
1547 4273 1997 4331 Pulehritudine

327 4358 487 4415 enim
507 4360 782 4429 speciosus
801 4362 881 4414 est
904 4360 1050 4414 inter
1067 4360 1213 4429 filios
1247 4360 1537 4418 hominum
1557 4364 1622 4431 “,
1655 4379 1771 4418 non
1798 4362 1995 4419 solum

330 4455 398 4505 ut
428 4449 526 4503 Dei
575 4447 759 4503 Filius
808 4448 1155 4519 unigenitus
1185 4454 1244 4504 et
1273 4449 1556 4516 Verbum,
1586 4469 1786 4509 verum
1820 4455 1996 4509 etiam

330 4543 398 4593 ut
428 4538 579 4593 inter
602 4536 875 4593 homines
904 4539 1071 4594 solus
1100 4538 1229 4595 sine
1273 4546 1532 4612 peccato.
1564 4542 1752 4599 Odore
1802 4547 1996 4599 autem

323 4627 592 4700 jucundo
621 4627 891 4699 fragrans
924 4633 1160 4699 propter
1193 4630 1488 4701 spiritalia
1517 4633 1839 4705 gratiarum
1870 4650 1999 4690 mu-

2094 3480 2530 3555 ἀντευφημοῦσιν
2601 3470 2911 3543 ἀλλήλους,
2992 3468 3391 3544 ἐνδεικνύμενοι
3450 3474 3569 3530 ταῖς
3624 3488 3745 3555 συν-

2095 3566 2243 3643 εχέσι
2268 3552 2722 3644 *φιλοφροσύναις
2750 3563 2844 3617 τὸν
2877 3560 3014 3634 πρὸς
3057 3559 3347 3631 ἀλλήλους
3380 3560 3548 3624 πόθον
3574 3576 3585 3590 ⁸
3617 3552 3745 3611 τάδε

2094 3655 2262 3710 πάλιν
2320 3652 2730 3731 ἀντιφθέγγεται
2794 3651 2930 3725 πρὸς
2986 3649 3079 3704 τὸν
3137 3647 3369 3725 νυμφίον
3413 3648 3448 3717 ἠ
3506 3646 3693 3723 νύμφη
3729 3666 3742 3679 ·

2094 3748 2183 3807 Ὦς
2246 3742 2424 3818 μῆλον
2480 3741 2532 3797 ἐν
2620 3746 2736 3805 τοῖς
2822 3739 3006 3810 ξύλοις
3079 3743 3178 3793 τοῦ
3259 3735 3514 3813 δρυμοῦ,
3582 3731 3758 3796 οὕτως

2098 3830 2390 3911 ἀδελφιδός
2446 3853 2552 3905 μου
2602 3830 2696 3886 ἀνά
2761 3828 2922 3902 μέσον
2978 3832 3086 3884 τῶν
3146 3827 3298 3883 υἷ’ῶν.
3357 3828 3539 3894 "Hum,
3571 3826 3756 3911 Καθά-

2097 3945 2198 4000 περ
2244 3910 2424 3997 μῆλον
2485 3922 2585 3991 τὴν
2647 3919 2789 3995 ὥραν
2846 3919 2941 3993 μὲν
2982 3916 3266 3993 εὐπρεπὲς,
3325 3913 3524 3977 εὐῶδες
3567 3910 3753 3982 δὲτὴν

2101 4014 2279 4087 ὀσμὴν
2338 4010 2428 4066 καὶ
2480 4012 2578 4079 τὴν
2639 4007 2819 4085 γεῦσιν
2877 4005 3075 4084 γλυκὺ,
3132 4005 3414 4069 κάντεῦθεν
3475 4004 3757 4079 χρήσιμον

2100 4104 2236 4178 πρὸς
2282 4098 2491 4169 ἐδωδὴν
2544 4097 2812 4174 λογικοῖς,
2862 4096 2913 4151 ἐν
2954 4102 3071 4158 τοῖς
3122 4095 3318 4150 τούτου
3377 4091 3766 4167 ἐστερημένοις

2102 4190 2289 4264 ξύλοις
2335 4192 2434 4245 τοῦ
2486 4186 2719 4262 δρυμοῦ,
2770 4186 2830 4249 ’ὸς
2889 4181 3108 4254 ὑλώδης
3156 4183 3215 4239 τέ
3263 4181 3372 4238 ἐστι
3421 4182 3510 4237 καὶ
3558 4181 3768 4257 καρπὸν

2104 4282 2251 4361 φέρει
2304 4278 2530 4354 ἀλόγοις
2576 4276 2715 4353 πρὸς
2765 4277 2969 4350 βρῶσιν
3015 4272 3106 4328 καί
3156 4273 3217 4328 ού
3268 4270 3519 4349 λογικοῖς
3569 4270 3768 4361 ἐπιτή-

2106 4359 2248 4426 δειον
2285 4387 2298 4401 ⁸
2324 4414 2333 4420 .
2360 4368 2533 4428 οὕοως
2566 4367 2594 4420 ὁ
2625 4363 2922 4440 ἀγαπητός
2956 4383 3060 4436 μου
3090 4361 3143 4417 ἐν
3171 4367 3291 4424 τοῖς
3333 4364 3442 4415 τῶν
3468 4359 3770 4435 ἀνθρώπων

2107 4461 2269 4522 υἱοῖς,
2304 4456 2511 4515 Κάλλει
2556 4456 2652 4529 μὶν
2693 4454 2793 4531 γὰρ
2838 4453 3042 4525 ὡραῖος
3090 4452 3236 4526 παρὰ
3280 4449 3412 4513 τοὺς
3456 4448 3610 4512 υἱοὺς
3656 4453 3769 4504 τῶν

2110 4549 2436 4624 ἀνθρώπων,
2493 4545 2555 4600 ού
2614 4544 2781 4619 μόνον
2830 4543 2904 4604 ὡς
2959 4545 3095 4597 Θεοῦ
3148 4541 3453 4616 μονογενὴς
3492 4537 3620 4601 Υἱὸς
3679 4537 3773 4593 καὶ

2111 4639 2307 4713 Λόγος,
2340 4635 2489 4692 ἀλλά
2513 4635 2605 4690 καὶ
2655 4635 2729 4696 ὡς
2776 4631 2829 4688 ἐν
2883 4630 3193 4707 ἀνθρώποις
3240 4629 3626 4705 ἀναμάρτητος
3669 4627 3773 4701 μό-

336 4735 478 4775 nera
507 4734 638 4789 qua;
688 4718 747 4773 in
777 4735 839 4774 se
885 4720 1263 4778 credentibus
1309 4722 1646 4811 dilargitur,
1680 4741 1750 4781 ex
1779 4725 1984 4797 quibut

2107 4748 2221 4787 νος.
2276 4722 2507 4795 Εὐώδης
2539 4721 2597 4778 δὲ
2623 4728 2742 4785 ταῖς
2776 4721 2913 4795 πρὸς
2937 4719 3068 4781 τοὺς
3102 4718 3180 4782 εἷς
3211 4718 3371 4773 αὐτὸν
3418 4716 3773 4777 πιστεύοντας

334 4826 579 4866 sensum
613 4809 804 4883 ipsius
837 4809 1430 4884 peroipimus.Gustu
1462 4832 1599 4871 vero
1631 4817 1832 4874 suavis
1859 4822 1953 4873 est
1982 4833 1996 4871 :

2115 4815 2431 4891 μεταδόσεσι
2460 4817 2570 4869 τῶν
2617 4811 2991 4888 χαρισμάτων
3051 4812 3149 4863 τοῦ
3206 4806 3547 4880 Πνεύματος,
3589 4802 3659 4859 δι’
3699 4805 3775 4858 ῶν

336 4900 575 4967 Gustata,
607 4899 791 4970 enim,
824 4901 1097 4973 inquit,et
1131 4904 1334 4969 videte,
1379 4905 1645 4976 quoniam
1690 4908 1878 4962 suavi:
1922 4922 1979 4963 ea

2108 4905 2305 4960 τούτου
2363 4902 2415 4958 ἐν
2470 4900 2717 4972 αἲσθήσει
2753 4898 3035 4974 γινόμεθα.
3069 4897 3183 4965 Τὴν
3214 4893 3273 4952 δὶ
3298 4900 3480 4972 γεῦσιν
3511 4894 3725 4970 γλυχύς
3758 4912 3774 4927 ο

335 4988 596 5046 Dominus
630 4989 697 5044 ¹⁶.
731 4989 879 5046 Nam
929 4989 1123 5046 mellis
1184 4991 1431 5048 dulcedo
1479 4992 1601 5050 illis
1648 4994 1842 5051 solum
1899 5011 1976 5067 qu

2112 4993 2377 5050 Γεύσασθε
2403 4992 2527 5067 γὰρ,
2564 4989 2722 5065 φησὶ,
2754 4988 2847 5044 καὶ
2896 4985 3037 5043 ἴδετε
3083 4986 3168 5041 ὅτι
3207 4985 3455 5062 χρηστὸς
3485 4985 3516 5039 ὁ
3547 4983 3776 5057 Κύριος.

334 5080 744 5145 gustaverunt,
771 5077 1008 5150 cognita
1034 5083 1142 5135 est.
1177 5081 1570 5145 Quamobrem
1603 5087 1663 5138 et
1691 5082 2001 5139 hominum

2112 5072 2337 5152 Ἐπειδή
2360 5079 2639 5157 γλυκύτης
2666 5077 2892 5153 μέλιτος
2914 5077 2979 5132 οὐ
3008 5081 3125 5139 τοῖς
3149 5075 3226 5149 μή
3237 5075 3613 5151 γευσαμένοις,
3632 5068 3780 5127 ἀλλὰ

336 5164 505 5221 cibus
531 5170 642 5236 est,
662 5166 763 5238 qui
788 5167 970 5222 vitam
993 5168 1078 5224 eis
1099 5168 1309 5225 tribuit
1330 5170 1678 5243 spiritalem.
1711 5176 1786 5227 At
1814 5176 1984 5229 crater

2113 5178 2231 5236 τοῖς
2262 5171 2622 5247 γευσαμένοις
2651 5168 2890 5244 γνωστή.
2936 5168 3096 5230 Ὅθεν
3142 5162 3233 5220 καὶ
3275 5165 3449 5242 τροφή
3475 5161 3587 5218 ἐστι
3619 5158 3778 5236 λογι-

343 5254 649 5311 hominum
702 5256 833 5328 ﬂlii,
866 5257 1006 5330 quia
1036 5275 1242 5317 omnes
1291 5266 1681 5333 peccaverunt
1721 5267 1779 5318 et
1808 5261 1984 5319 divin:

2115 5268 2249 5329 κῶν,
2279 5262 2424 5331 ζωὴν
2443 5258 2814 5332 πνευματικὴν
2840 5256 3056 5316 τούτοις
3077 5250 3278 5315 διδούς.
3300 5253 3367 5311 Οἱ
3386 5249 3445 5307 δὲ
3466 5250 3656 5309 λοιποὶ
3671 5253 3779 5304 τῶν

341 5345 533 5416 gloria
580 5345 786 5417 privati
835 5353 998 5415 sunt,
1031 5350 1103 5405 ad
1154 5350 1314 5406 silva;
1353 5352 1803 5409 similitudinem
1834 5353 2002 5409 luxu-

341 5437 519 5503 I‘iant,
542 5440 601 5490 et
623 5434 902 5492 belluinis
921 5437 1324 5510 voluptatibus
1357 5441 1727 5497 nutriuntur.
1766 5443 2008 5507 Idcirco,

2119 5351 2417 5427 ἀνθρώπων
2458 5349 2594 5416 υἱοὶ,
2645 5343 2834 5415 ἐπειδὴ
2875 5345 3071 5407 πάντες
3111 5341 3359 5416 ἥμαρτον
3396 5343 3484 5396 καὶ
3512 5347 3613 5411 τῆς
3640 5338 3785 5427 θείας

2121 5426 2282 5514 δόξης
2307 5440 2640 5513 ἐστέρηνται,
2674 5433 2830 5505 δίκην
2878 5431 3089 5508 δρυμοῦ
3131 5433 3202 5504 τῇ
3230 5432 3412 5508 σχέσει
3440 5434 3551 5486 τῶν
3579 5426 3783 5501 παρόν-

342 5526 404 5579 in
422 5524 644 5591 umbra,
674 5522 888 5594 inquit,
920 5528 1037 5598 ejus
1065 5530 1255 5600 cupivi
1283 5532 1330 5585 et
1360 5529 1738 5588 scdi.Umbra
1768 5532 1984 5588 omnim

2121 5553 2229 5587 των
2267 5529 2601 5602 ὑλομανοῦσι
2639 5545 2651 5559 ’
2684 5525 2771 5582 καὶ
2804 5522 2895 5580 διά
2923 5528 3032 5579 τῶν
3063 5523 3248 5577 παθῶν
3282 5524 3388 5576 τῶν
3414 5518 3629 5595 ἀλόγων
3654 5518 3779 5572 ἐαυ-

340 5612 583 5685 Christi,
616 5618 708 5670 est
737 5614 1073 5674 Christiana
1102 5619 1456 5692 respublica,
1473 5621 1531 5675 in
1566 5638 1686 5694 qua
1714 5623 1817 5695 qui
1852 5623 2011 5679 desi-

2117 5619 2246 5675 τοὺς
2270 5616 2638 5694 ἒκτρέφουσιν.
2690 5613 2783 5670 Διό
2826 5635 3012 5685 φησιν.
3059 5614 3143 5668 Ἐν
3198 5614 3267 5686 τῇ
3304 5614 3428 5680 σκιᾷ
3458 5608 3623 5665 αὐτοῦ
3654 5606 3777 5662 ἐπε-

413 5794 455 5830 ¹¹
488 5792 699 5850 Matth.
733 5810 811 5863 v1,
840 5795 931 5851 28.
1004 5796 1058 5833 ¹²
1086 5797 1250 5854 Joan.
1284 5816 1412 5870 vm,
1445 5801 1535 5856 44.
1615 5803 1660 5837 1³
1689 5800 1842 5860 Psal.
1873 5818 1984 5857 xw

2099 5842 2113 5856 .
2192 5801 2237 5836 “
2269 5797 2422 5857 Psal.
2452 5813 2653 5866 χχχιιι,
2684 5796 2738 5851 9.
