4110 6388
241 453 354 514 573

1283 453 1694 518 COMMENT.
1737 453 1819 516 IN
1863 451 2269 516 GANTlCUM
2311 451 2616 514 CANTIC.

3544 447 3663 508 574

240 580 459 656 θύμησα
507 579 598 636 καὶ
627 579 865 638 ἐκάθισα·
900 583 1028 638 σκιὰ
1057 581 1114 639 δὲ
1143 581 1357 646 πάντως
1388 586 1623 660 Χριστοῦ
1670 587 1706 655 ἡ
1764 585 1857 662 Χρι

2017 583 2168 641 dario
2190 588 2280 641 est
2300 584 2705 654 conﬁrmatus,
2737 583 3083 656 cupidinum
3106 586 3249 639 testu
3273 597 3388 636 non
3421 579 3662 636 combu-

241 668 486 738 στοειδὴς
517 669 787 744 πολιτεία,
847 670 931 748 ἐφ’
960 673 1029 742 ἧς
1085 673 1112 728 ὁ
1171 671 1260 728 διὰ
1316 674 1487 729 πόθου
1521 671 1787 752 ίδρυνθεὶς
1817 679 1899 746 τῷ

2008 674 2180 744 ritur,
2212 675 2311 730 sed
2342 675 2454 730 sub
2498 690 2566 729 ea
2598 673 2940 746 protegitur.
2974 675 3039 728 Et
3063 675 3280 744 fruetus
3324 672 3444 740 ejus
3482 669 3665 724 dulcis

241 760 476 816 καύσωνι
517 763 626 815 τῶν
673 765 862 825 παθῶν
915 762 980 817 τὸ
1028 763 1366 838 συγκαίεται,
1406 761 1532 819 ἀλλ’
1587 765 1674 819 ὑπ’
1730 763 1857 822 αὑτί

2017 766 2218 835 7utIuri
2270 779 2410 820 meo.
2472 763 2720 818 Fructus
2777 768 2974 819 autem
3030 762 3242 834 ipsius,
3289 764 3378 815 est
3435 758 3662 815 fructus

246 850 513 906 σκέπεται.
598 850 697 904 Καὶ
781 851 809 905 6
893 853 1104 926 καρπὸς
1188 853 1352 908 αὑτοῦ
1429 852 1635 928 γλυκὺς
1697 853 1748 907 ἐν
1819 857 1898 924 τῷ

247 936 473 1013 λάρυγγί
562 957 703 1010 μου·
776 939 984 1014 καρπὸς
1044 936 1101 994 δὲ
1149 939 1346 994 τούτου
1405 939 1544 994 ἐστὶν
1605 942 1633 994 ὁ
1689 939 1894 1013 καρπὸς

2007 855 2275 926 spiritus,
2308 855 2404 925 qui
2457 858 2566 922 est,
2600 858 2666 908 ut
2711 869 2964 926 magnus
3011 851 3205 923 inquit
3249 848 3491 914 Paulus,
3520 864 3659 918 gau-

2005 943 2184 1013 dium,
2213 961 2349 1015 pax,
2381 945 2788 1014 longanimitas,
2833 943 3045 998 bonitas
3077 943 3140 1007 1‘,
3173 945 3233 996 et
3289 942 3512 994 caetera.
3544 937 3662 993 Cu-

244 1031 337 1082 τοῦ
390 1025 721 1100 πνεύματος.
784 1033 877 1090 "Oc
940 1027 1052 1083 ἐστι
1102 1029 1238 1084 κατὰ
1264 1031 1358 1084 τὸν
1392 1031 1554 1105 μέγαν
1589 1029 1857 1084 ἀπόστοΛο

2017 1034 2102 1101 ius
2131 1031 2504 1087 dulcedinem
2553 1030 2819 1086 sentiunt
2850 1030 2935 1084 illi
2967 1029 3068 1101 qui
3119 1025 3500 1099 experiuntur
3533 1040 3548 1080 :
3581 1024 3664 1078 ni-

252 1114 478 1184 Ηαῦλον,
567 1115 734 1190 χαρὰ,
817 1116 1031 1192 εἰρήνη,
1115 1117 1482 1193 μακροθυμία,
1558 1118 1896 1195 χρηστότης,

250 1207 338 1260 καὶ
384 1205 449 1258 τὰ.
471 1203 658 1260 λοιπά·
712 1202 773 1259 οὗ
828 1212 928 1275 τῆς
959 1204 1300 1281 γλυκύτητος
1357 1207 1408 1262 ἐν
1443 1208 1688 1277 αἰσθήσει
1725 1208 1896 1280 ὑπαρ-

257 1315 409 1370 χουσι
457 1295 508 1348 οἱ
555 1294 692 1348 κατὰ
744 1300 932 1370 πεῖραν
965 1296 1162 1350 τούτου
1199 1297 1544 1373 τρεφόμενοι.
1574 1295 1743 1353 Οὑδὲν
1798 1297 1898 1372 γὰρ

255 1388 418 1459 χαρᾶς
457 1386 833 1456 πνευματικῆς
891 1384 1150 1449 ἀπαθείας
1205 1408 1264 1442 τε
1306 1388 1394 1442 καὶ
1429 1385 1643 1464 ἀγάπης
1689 1383 1899 1462 γλυκύ-

252 1492 420 1548 τερον.
483 1471 697 1548 Δάρυγξ
728 1471 785 1528 δὲ
830 1477 930 1539 τῆς
978 1473 1318 1550 γλυκύτητος
1373 1481 1474 1532 τοῦ
1531 1479 1900 1550 πνευματικοῦ

2007 1122 2091 1178 hil
2124 1122 2280 1178 enim
2336 1121 2551 1195 gaudio
2584 1121 2832 1194 spiritali
2867 1126 2920 1175 et
2969 1116 3400 1190 tranquillitate
3439 1116 3498 1169 et
3524 1111 3664 1167 cha-

2009 1213 2178 1267 ritate
2223 1212 2476 1266 dulcius.
2527 1214 2600 1265 At
2645 1216 2851 1281 guttur
2898 1209 3052 1279 quod
3108 1209 3332 1261 fructus
3380 1199 3664 1276 spiritalis

2008 1302 2321 1357 dulcedine
2371 1300 2602 1368 fruitur,
2632 1307 2722 1356 est
2767 1301 2855 1355 vis
2886 1299 3094 1354 animae
3127 1297 3350 1352 ratione
3397 1292 3663 1366 praedita,

2009 1392 2136 1447 sine
2167 1408 2285 1462 qua
2317 1391 2564 1448 Verbum
2597 1407 2711 1445 non
2744 1391 3126 1446 admovetur:
3161 1382 3664 1459 quemadmodum

2011 1497 2117 1535 nec
2144 1481 2313 1536 cibus
2339 1481 2467 1535 sine
2497 1483 2754 1552 gutture.

254 1565 457 1638 καρποῦ
490 1562 901 1636 αἲσθανόμενος,
935 1562 1019 1634 ε’ίη
1050 1563 1110 1619 ἂν
1141 1568 1177 1635 ἡ
1211 1566 1412 1643 λογικὴ
1446 1564 1673 1641 δύναμις
1699 1574 1800 1636 τῆς
1832 1569 2037 1643 ψυχῆς·
2072 1567 2364 1645 ἐπειδήπερ
2394 1567 2596 1639 ταύτης
2619 1567 2796 1644 χωρὶς
2823 1566 2884 1622 ού
2915 1566 3246 1644 προφέρεται
3267 1559 3455 1637 λόγος·
3483 1555 3665 1631 ὥσπερ

254 1647 368 1706 οὔτε
401 1651 672 1727 βρώματα
699 1651 972 1730 λάρυγγος
1004 1651 1145 1712 ἄνευ.

944 1837 1194 1899 Ψελλοῦ.

255 2034 467 2089 Τούτων
497 2034 574 2098 ὡς
599 2031 647 2090 δ’
683 2031 884 2105 ἤκουσε
917 2037 1111 2094 λοιπὸν
1143 2040 1178 2108 ἡ
1209 2037 1397 2118 νύμφη
1429 2042 1537 2094 τῶν
1570 2037 1822 2106 ἐπαίνων,

261 2123 725 2201 ’Λντιτεχνάζεταί
743 2147 895 2191 τινας
925 2126 1179 2190 ἐπαίνους
1206 2133 1286 2202 τῷ
1306 2130 1549 2203 νυμφίῳ.

265 2213 418 2288 Λέγει
445 2215 547 2289 γὰρ
578 2212 781 2288 λέξεσιν
813 2217 1002 2279 αὑταῖς
1033 2217 1162 2272 τάδε
1191 2219 1328 2294 πρὸς
1357 2219 1448 2273 τὸν
1483 2219 1780 2290 Δεσπότηνο

280 2309 351 2364 Ως
386 2309 561 2376 μῆλον
593 2304 643 2359 ἐν
672 2310 792 2367 τοῖς
823 2303 1005 2376 ξύλοις
1032 2312 1128 2362 τοῦ
1160 2304 1391 2383 δρυμοῦ,

268 2389 450 2453 Οὕτως
480 2388 764 2466 ἀδελφιδός
797 2415 902 2468 μου
929 2395 1029 2450 ἀνᾶ
1063 2397 1228 2468 μέσον
1258 2401 1365 2451 τῶν
1396 2398 1548 2454 υἱῶν.

265 2481 480 2555 Ὥσπερ,
512 2479 563 2536 ἐν
589 2488 708 2545 ταῖς
737 2486 943 2560 ψυχαῖς
970 2483 1200 2547 ἁπάσαις
1228 2491 1338 2541 τῶν
1369 2487 1693 2561 ἀνθρώπων,

259 2569 356 2630 "Ac
387 2580 680 2647 θυγατερας
708 2569 954 2648 εἷ’ρηκας,
983 2575 1027 2628 ὦ
1059 2575 1200 2651 Λόγε
1229 2576 1319 2629 καὶ
1349 2577 1570 2653 νυμφίε,

256 2657 462 2734 Ἔγωγε
496 2659 638 2733 μόνη
671 2661 881 2739 πέφυκα
905 2661 1092 2738 κρίνον
1128 2663 1308 2738 ὥσπερ
1342 2663 1392 2719 ἐν
1427 2665 1569 2742 φύεν

255 2746 411 2802 Οὕτω
442 2748 537 2802 καὶ
565 2747 628 2802 σὺ
657 2750 784 2814 τοὺς
813 2751 1081 2828 οὐρανοὺς
1114 2752 1506 2830 ἀρρητοτύπως
1527 2753 1738 2824 κλίνας,

255 2836 354 2891 Καὶ
385 2836 667 2902 κατελθὼν
699 2838 786 2894 ἐπὶ
815 2844 915 2906 τῆς
940 2849 1040 2916 γῆς
1073 2841 1152 2904 εἷς
1189 2840 1376 2914 ὑλώδη
1418 2844 1561 2918 βίον,

256 2925 352 2980 Καὶ
384 2929 692 3002 σαρκωθείς
722 2929 784 2984 τὸ
813 2933 934 2994 καθ’
963 2932 1111 3004 ἡμᾶς
1143 2931 1195 2986 ἐν
1225 2929 1366 3004 τῷδε
1391 2937 1472 3004 τῷ
1503 2931 1766 3005 δρυμῶνι,

253 3013 456 3092 Ὠφθης
491 3014 548 3070 ἐν
589 3017 737 3090 μέσῳ
766 3023 873 3073 τῶν
901 3021 1032 3075 υἱῶν
1059 3019 1156 3076 τοῦ
1186 3019 1319 3096 τῇδε
1345 3027 1452 3077 τῶν
1484 3021 1803 3095 ἀνθρώπων,

253 3103 336 3166 Ὠς
369 3105 555 3177 μῆλον
592 3105 954 3164 εὗωδέστατον
987 3112 1075 3165 καί
1101 3116 1281 3186 γεῦσιν
1315 3109 1642 3180 καθηδύνον,

253 3194 401 3258 Τίνος
435 3193 496 3251 δὲ
530 3197 718 3271 χάριν,
753 3196 979 3275 ἐρωτᾷς,
1011 3201 1102 3256 τὸν
1137 3202 1313 3276 Λόγον
1349 3199 1492 3277 λέγει
1529 3200 1748 3275 μῆλον;

253 3284 368 3341 Ὀτι
399 3285 491 3340 καὶ
528 3286 761 3361 χάριτας
791 3286 1013 3352 πολλὰς
1047 3287 1163 3365 ἔχει
1188 3291 1394 3366 καρπὸς
1414 3292 1476 3346 τὸ
1511 3288 1714 3363 μῆλον.

255 3375 357 3430 Καὶ
390 3375 495 3452 γὰρ
529 3372 968 3451 ἀποθλιϐόμενον
1001 3381 1148 3454 παρά
1174 3400 1340 3449 τινος,
1371 3380 1444 3443 ὡς
1480 3379 1659 3454 θέμις,

250 3465 351 3532 Τὴν
383 3465 490 3539 γὰρ
518 3464 673 3541 ῥύσιν
703 3465 1102 3542 αίματόμικτον
1127 3470 1226 3538 τὴν
1261 3466 1515 3545 ὑδαρώδη
1544 3470 1771 3543 πέμπει.

254 3553 549 3618 Κάντεῦθεν
581 3555 947 3612 ὗπαινίττεται
975 3558 1242 3632 κρουνοὺς
1273 3559 1399 3622 τοὺς
1434 3559 1761 3634 σωτηρίους,

250 3640 379 3707 Τοὺς
429 3643 568 3721 πρὶν
621 3645 908 3722 πνευρόθεν
964 3647 1265 3722 βλύσαντας
1311 3652 1407 3703 τοῦ
1439 3648 1616 3724 Λόγου
1645 3651 1732 3704 καὶ
1784 3657 1905 3705 Σω-

1697 3743 1907 3816 [τῆρος.

253 3823 336 3888 Ὠς
362 3825 578 3900 ἄγαμαι
610 3827 708 3894 τὴν
741 3827 1002 3904 φρόνησιν
1032 3835 1132 3899 τῆς
1163 3831 1396 3904 καθᾶρας
1427 3831 1690 3906 παρθένου
1716 3832 1727 3885 ί

257 3919 446 3989 Σοφῶς
477 3916 584 3991 γὰρ
615 3913 827 3992 εἷ’ρηκεν
855 3919 1015 3973 αὑτὸν
1045 3920 1334 3994 τυγχάνειν
1365 3915 1535 3981 ὄντως
1573 3918 1771 3992 μῆλον.

259 4007 408 4057 Πᾶσα
441 4006 536 4077 μὶν
569 4007 668 4081 γὰρ
699 4007 775 4071 ὡς
804 4005 1028 4078 ἀληθῶς
1061 4010 1215 4084 ψυχή
1246 4011 1280 4078 ἠ
1317 4009 1659 4084 ἀνθρωπίνη,

257 4091 366 4147 Κᾶν
398 4093 613 4168 ἀρεταῖς
643 4096 943 4172 ὑπεραρθῇ,
977 4095 1072 4153 κᾶν
1106 4100 1242 4174 πρὸς
1273 4098 1543 4174 ἀγγέλους
1573 4101 1772 4176 φθάσῃ,

251 4183 451 4248 ’Ἄνθος
478 4183 572 4239 καὶ
606 4185 770 4258 μόνον
803 4187 1039 4261 κρίνεται
1069 4187 1160 4242 καὶ
1190 4189 1373 4262 κρίνον
1405 4187 1465 4244 ἐκ
1494 4185 1791 4257 κοιλάδων,

249 4271 352 4327 Τὸν
383 4274 634 4350 γεωργὸν
667 4276 732 4331 οὑ
761 4275 1033 4354 τρέφουσα
1059 4278 1287 4352 (βοτάνη
1311 4278 1414 4352 γὰρ
1448 4279 1510 4333 οὑ
1539 4279 1762 4356 τρέφει),

251 4359 401 4417 Ἀλλ’
435 4364 638 4434 ἑαυτὴν
672 4363 1069 4440 λαμπρύνουσα
1095 4372 1176 4440 τῷ
1204 4365 1400 4423 κάλλει
1430 4375 1530 4438 τῆς
1561 4365 1724 4431 ἰδέας.

248 4449 382 4506 Οὑδέ
413 4455 523 4529 γὰρ
562 4455 760 4528 χρῄζει
789 4457 916 4530 παρ’
944 4457 1109 4530 ἡμῶν
1141 4459 1169 4512 ὀ
1193 4458 1434 4534 γεωργὸς
1465 4455 1789 4532 κερδαίνειν,

245 4540 336 4603 Ὧς
365 4543 474 4598 πού
497 4564 667 4621 φησιν
702 4545 730 4598 ὁ
762 4543 1081 4618 Ψαλμῳδὸς
1110 4548 1244 4622 πρὸς
1276 4548 1368 4602 τὸν
1389 4547 1548 4603 αὑτὸν
1571 4547 1829 4620 νυμφίον·

245 4629 328 4692 Ὠς
369 4632 599 4708 ἀγαθῶν
631 4632 692 4688 σὺ
722 4639 831 4690 τῶν
858 4634 1005 4707 ἐμῶν
1040 4634 1159 4691 οὐδ’
1184 4635 1330 4700 ὅλως
1357 4637 1546 4712 χρείαν
1576 4631 1743 4712 ἔχεις.

247 4719 397 4777 Ἀλλ’
429 4725 458 4779 ὁ
491 4724 727 4798 Χριστὸς
759 4725 786 4779 6
817 4727 1056 4802 γεωργὸς
1087 4728 1246 4800 ἡμῶν
1280 4727 1309 4781 ὁ
1337 4726 1427 4781 καὶ
1457 4727 1706 4804 νυμφίος,

244 4811 299 4864 Ὁ
330 4813 514 4886 μῆλον
555 4809 725 4872 ὅντως
754 4815 994 4890 γεγονὼς
1027 4815 1134 4870 ἀπὸ
1162 4821 1259 4872 τοῦ
1291 4824 1660 4891 σαρκωθῆναι,

245 4901 342 4966 Τὰς
365 4909 518 4978 τρεῖς
549 4902 643 4957 καὶ
673 4903 892 4978 πρώτας
923 4903 975 4958 ἐν
1008 4906 1142 4977 ἡμῖν
1177 4904 1454 4976 αἰσθήσεις
1484 4903 1846 4983 ἐπευφραίνει,

244 4993 346 5060 Τὴν
379 4992 603 5068 ὅρασιν,
632 4993 730 5062 τὴν
764 4991 1052 5067 ὄσφρησιν,
1084 4994 1172 5049 καὶ
1203 4993 1440 5068 μάλιστα
1467 4996 1567 5064 τὴν
1597 5000 1795 5071 γεῦσιν·

245 5080 456 5154 Ὠραῖος
488 5083 599 5159 γὰρ
632 5082 706 5145 εἷς
741 5079 928 5158 ὅρασιν
957 5084 1034 5145 ὡς
1065 5081 1287 5154 ἀληθῶς
1309 5084 1590 5160 τυγχάνει,

242 5170 300 5227 Ὀ
327 5171 554 5227 πάντων
585 5170 927 5246 ὡραιότατος
955 5177 1064 5226 τῶν
1087 5177 1333 5249 γηγενῶν
1355 5173 1652 5245 Δεσπότης,

245 5261 338 5316 Καὶ
371 5261 505 5326 τοὺς
532 5261 776 5336 ὁρῶντας
807 5261 884 5324 εἷς
917 5263 1074 5317 αὑτὸν
1103 5261 1380 5339 ἐργάζεται
1413 5271 1726 5337 φωστῆρας.

241 5345 400 5412 Ἡδύς
430 5371 495 5406 τε
527 5350 665 5423 πρὸς
693 5351 795 5418 τὴν
827 5346 1093 5426 ὄσφρησιν
1121 5352 1386 5427 ὑπάρχων
1421 5352 1597 5429 μύρου
1625 5353 1811 5410 πλέον·

243 5437 316 5493 Τὸ
351 5441 525 5514 μέχρι
558 5438 660 5514 γὰρ
687 5444 785 5494 τοῦ
815 5439 1080 5516 πώγωνος
1109 5442 1238 5516 πρὶν
1271 5438 1593 5498 καταϐαῖνον
1627 5443 1796 5520 μύρον

241 5530 341 5581 Τοῦ
372 5528 617 5606 Ἀαρὼν,
651 5528 810 5590 αὑτός
841 5527 982 5584 ἐστιν
1016 5531 1044 5584 ὁ
1074 5531 1310 5604 καθαρὸς
1344 5532 1373 5586 6
1405 5531 1662 5610 νυμφίος.

313 5712 354 5785 ιε
382 5711 516 5768 Gal.
553 5729 608 5785 ν,
638 5715 730 5785 22,
761 5714 853 5770 23.

957 5715 998 5750 ⁸⁸
1028 5713 1182 5772 Psal.
1215 5729 1354 5785 xvu,
1387 5715 1477 5772 lO.

243 5797 316 5852 γι,
342 5784 437 5842 55.

1583 5718 1625 5752 ³⁷
1656 5718 1812 5775 Psal.
1844 5736 1938 5792 xv,
1968 5722 2021 5776 2.

2740 1841 2937 1899 Pselli.

2089 2043 2205 2099 Has
2234 2042 2440 2100 laudes
2487 2059 2708 2114 sponsa
2754 2058 2886 2098 cum
2937 2039 3278 2108 audivisset,
3310 2033 3672 2110 quibusdam

2017 2133 2147 2204 ipsa
2178 2149 2414 2205 quoque
2443 2147 2729 2204 sponsum
2769 2130 3048 2187 laudibus
3077 2127 3320 2184 extollit.
3359 2125 3672 2180 Dominum

1939 2225 1981 2290 Β
2011 2222 2168 2277 enim
2201 2221 2366 2277 hisce
2411 2222 2607 2277 verbis
2658 2220 2984 2292 alloquitur
3015 2235 3028 2274 :
3061 2219 3216 2274 Sicut
3255 2230 3480 2288 pomum
3528 2213 3674 2267 inter

2019 2314 2177 2383 ligna
2203 2313 2361 2367 silva
2392 2329 2412 2368 :
2440 2313 2522 2367 sic
2549 2326 2714 2382 nepos
2760 2325 2913 2365 meus
2963 2310 3110 2363 inter
3155 2307 3321 2377 ﬁlios.
3378 2301 3673 2370 Quemad-

2022 2401 2502 2473 modum,inquit,
2535 2400 2688 2455 inter
2699 2415 2902 2454 omnes
2915 2397 3224 2453 hominum
3239 2393 3670 2463 animas,quas,

2019 2511 2050 2549 0
2076 2493 2332 2549 Verbum
2355 2501 2410 2548 el
2431 2508 2663 2564 sponse,
2699 2489 2851 2545 ﬁlias
2878 2487 3208 2560 appellasti,
3243 2501 3348 2557 ego
3380 2483 3506 2539 sola
3535 2498 3670 2537 sum

2017 2591 2302 2654 tamquam
2321 2583 2510 2637 lilium
2536 2583 2596 2636 in
2628 2579 2891 2653 germine
2914 2595 2926 2634 :
2953 2578 3037 2635 sic
3054 2577 3231 2634 etiam
3255 2579 3316 2630 tu
3340 2589 3552 2630 arcana
3574 2589 3672 2628 ra-

2018 2674 2176 2729 tione
2219 2674 2379 2729 caelos
2402 2673 2699 2741 inclinans,
2731 2674 2788 2726 et
2809 2669 3138 2725 descendens
3179 2667 3224 2702 ¹⁶
3245 2681 3423 2736 super
3451 2668 3669 2718 terram

2017 2764 2077 2818 in
2111 2763 2260 2818 hanc
2291 2762 2469 2817 vitam
2503 2759 2832 2828 mortalem,
2858 2765 2916 2814 et
2940 2774 3175 2814 carnem
3211 2761 3470 2811 nostram
3504 2771 3674 2809 assu-

2020 2869 2206 2918 mens,
2240 2850 2299 2906 in
2334 2851 2438 2905 hac
2470 2849 2616 2905 silva
2642 2853 2699 2904 te
2729 2849 2880 2903 inter
2908 2847 3061 2902 ﬁlios
3092 2844 3401 2900 hominum
3436 2842 3671 2912 conspi-

2020 2959 2196 2997 cuum
2227 2939 2550 3012 praebuisti,
2572 2942 2856 3009 tanquam
2891 2952 3133 3008 pomum
3165 2931 3584 2990 suavissimum
3619 2940 3675 2985 et

2019 3037 2198 3107 gustu
2216 3029 2742 3102 jucundissimum.
2766 3027 2882 3084 Cur
2901 3031 3099 3081 autem
3125 3023 3384 3078 Verbum
3416 3018 3677 3091 appellat

2022 3137 2264 3193 pomum
2286 3119 2313 3172 ?
2335 3119 2481 3184 Quia
2501 3116 2815 3188 multiplici
2839 3114 3026 3187 gratia
3048 3113 3142 3168 hic
3162 3113 3389 3166 fructus
3419 3113 3509 3164 est
3538 3124 3681 3180 pra:-

2021 3211 2200 3266 ditus.
2236 3208 2461 3265 Etenim
2496 3207 2547 3263 si
2579 3211 2724 3262 forte
2755 3223 2789 3262 a
2817 3203 3098 3276 quopiam
3133 3199 3584 3270 comprimatur,
3606 3196 3678 3251 li-

2019 3316 2265 3372 quorem
2298 3297 2682 3368 sanguineum
2715 3299 2772 3352 et
2801 3309 3057 3366 aqueum
3089 3289 3326 3352 emittit,
3345 3293 3405 3343 et
3433 3285 3680 3359 proinde

2020 3388 2217 3444 innuit
2247 3389 2436 3444 fontes
2484 3385 2614 3442 illos
2660 3383 2972 3452 salutares,
3006 3381 3108 3454 qui
3157 3397 3225 3436 ex
3273 3378 3451 3434 latere
3497 3373 3674 3431 Verbi

2019 3485 2076 3534 et
2104 3476 2419 3534 Salvatoris
2449 3479 2818 3532 emanarunt.
2851 3474 2896 3529 Ο
2927 3489 3085 3545 puris
3121 3467 3370 3541 Virginis
3413 3465 3676 3538 pruden-

2019 3567 2167 3623 tiam
2199 3565 2605 3622 admirabilem
2631 3563 2644 3618 ί
2679 3563 2978 3636 sapienter
3003 3559 3158 3617 enim
3193 3558 3390 3630 ipsum
3417 3570 3550 3610 vere
3579 3569 3678 3625 po-

2021 3674 2186 3712 mum
2219 3656 2366 3711 dixit
2413 3671 2562 3712 esse.
2597 3654 2742 3711 Nam
2776 3652 2971 3708 omnis
3021 3649 3277 3721 profecto
3327 3644 3515 3702 anima
3559 3643 3672 3698 hu-

2021 3743 2366 3814 mana,licet
2383 3743 2670 3798 virtutum
2694 3738 3032 3812 praestantia
3055 3738 3126 3793 ad
3154 3734 3392 3807 angelos
3415 3731 3674 3801 accedat,

2021 3834 2129 3890 ﬂos
2158 3832 2569 3889 tantummodo
2617 3836 2676 3886 et
2705 3829 2896 3885 lilium
2946 3825 3301 3884 convallium
3326 3822 3670 3894 judicatur;

2017 3935 2158 3992 (non
2192 3923 2355 3978 alens
2385 3920 2727 3992 agricolam,
2759 3935 2949 3990 neque
2978 3915 3136 3972 enim
3169 3914 3351 3969 herba
3389 3911 3538 3981 alit),
3571 3910 3672 3966 sed

2019 4029 2080 4069 se
2111 4013 2300 4084 ipsam
2347 4010 2559 4083 speciei
2607 4006 3050 4081 pulchritudine
3098 4017 3409 4060 exornans.
3445 3998 3670 4054 Etenim

2017 4102 2244 4158 lucrum
2291 4118 2360 4156 ex
2390 4099 2562 4156 nobis
2609 4115 2724 4154 non
2758 4097 2970 4169 quaerit
3017 4092 3294 4166 agricola,
3326 4095 3392 4146 ut
3421 4089 3674 4162 quodam

2017 4193 2073 4247 in
2103 4192 2230 4248 loco
2261 4207 2544 4264 sponsum
2577 4189 2774 4261 ipsum
2809 4180 3410 4258 alloquens,ostendit
3437 4178 3617 4235 David
3653 4194 3667 4233 :

2019 4283 2158 4337 Deus
2186 4281 2400 4352 inquit,
2433 4295 2584 4335 meus
2613 4295 2669 4334 es
2694 4283 2775 4344 tu,
2809 4277 2940 4348 quia
2973 4276 3238 4331 bonorum
3285 4285 3529 4326 meorum
3558 4281 3673 4321 non

2014 4387 2134 4442 eges
2173 4373 2236 4426 1⁷.
2269 4375 2343 4425 At
2389 4369 2658 4424 Christus
2716 4365 2974 4440 agricola
3023 4375 3400 4435 sponsusque
3451 4361 3672 4426 noster,

2016 4477 2151 4516 cum
2211 4476 2445 4516 carnem
2507 4459 2832 4514 humanam
2897 4455 3174 4518 induens,
3233 4466 3367 4507 vere
3425 4462 3669 4521 pomum

2014 4550 2286 4621 evaserit,
2345 4554 2465 4605 tres
2522 4551 2756 4603 nostros
2811 4560 3030 4615 eosque
3077 4540 3402 4615 praecipuos
3458 4553 3670 4594 sensus

2015 4639 2286 4708 oblectat,
2310 4640 2525 4705 visum,
2559 4637 2866 4692 odoratum
2889 4640 3067 4704 atque
3087 4633 3147 4686 in
3171 4629 3380 4704 primis
3399 4633 3666 4700 gustum.

2013 4734 2271 4801 Aspectu
2308 4727 2466 4783 enim
2506 4741 2649 4783 sane
2669 4741 2841 4796 quam
2866 4724 3115 4779 decorus
3135 4725 3222 4777 est
3248 4737 3260 4773 :
3285 4718 3501 4790 quippe
3530 4730 3666 4771 cum

2015 4819 2093 4874 sit
2115 4817 2380 4873 omnium
2402 4815 2501 4887 qui
2525 4815 2583 4870 in
2606 4819 2762 4870 terra
2783 4812 2907 4868 nati
2932 4815 3076 4868 sunt
3095 4806 3664 4880 “,speciosissimus,

2013 4906 2510 4979 respicientesque
2541 4920 2603 4960 se
2651 4901 3014 4959 clarissimos
3043 4899 3265 4955 reddat.
3301 4895 3529 4952 Olfactu
3560 4910 3667 4949 au-

1937 4985 1983 5050 D
2014 5003 2133 5053 tem
2157 4996 2560 5069 parjucundus
2583 5012 2596 5050 :
2621 4999 2712 5049 est
2733 4992 2890 5048 enim
2933 4993 3234 5062 unguento
3269 4985 3482 5058 plenus
3509 5001 3522 5040 :
3547 4983 3668 5038 imo

2015 5091 2385 5159 unguentum
2451 5084 2648 5155 ipsum
2704 5083 2856 5154 quod
2922 5077 3230 5136 descendit
3295 5077 3355 5130 in
3421 5073 3666 5130 barbam

2011 5179 2202 5232 Aaron
2236 5176 2302 5231 ιο.
2343 5175 2593 5231 Gustata
2642 5188 2778 5228 vero
2835 5185 3016 5243 quam
3063 5165 3454 5223 suavissimus
3489 5179 3670 5235 :gus-

2011 5265 2277 5322 tantibus
2307 5265 2464 5321 enim
2496 5279 2558 5319 se
2605 5262 2784 5318 vitam
2821 5260 3030 5316 tribuit
3072 5253 3485 5312 immortalem.
3519 5251 3669 5308 Nam

2014 5357 2116 5427 qui
2148 5355 2326 5428 digne
2366 5355 2686 5411 manducat
2732 5367 2946 5423 corpus
2989 5349 3139 5420 ejus,
3190 5347 3317 5418 ipse
3355 5345 3455 5408 ait,
3487 5341 3668 5398 vitam

2012 5464 2147 5503 vere
2192 5451 2467 5502 aeternam
2502 5442 2829 5517 possidebit
2849 5443 2914 5497 ³ο.
2949 5443 3026 5496 Ac
3065 5440 3138 5494 de
3164 5435 3457 5510 proposito
3490 5434 3670 5505 hujus

2015 5537 2260 5594 carmini
2309 5536 2623 5592 hactenus.
2657 5531 2742 5588 Ad
2774 5531 3004 5602 reliqua
3058 5527 3432 5586 Canticorum
3482 5519 3668 5594 expli-

3417 5707 3464 5740 ³ο
3491 5704 3662 5759 Joan.

2129 5721 2172 5759 1⁸
2204 5719 2356 5776 Psal.
2400 5735 2551 5784 χειν,
2584 5717 2637 5771 3.
2743 5715 2786 5749 ¹⁰
2815 5712 2968 5770 Psal.
3014 5728 3227 5777 cxxxu,
3259 5710 3310 5765 2.
