4110 6396
314 439 436 501 575

1661 438 2086 503 MICHAELIS
2130 437 2407 500 PSELLI

3627 426 3752 490 576

317 575 509 631 cauda
562 590 901 648 pergamus.
963 577 1214 649 Sponsa,
1271 577 1342 633 de
1398 577 1591 634 Verbo
1643 576 1861 632 divino.
1913 577 1974 632 In

2115 570 2430 635 ’λυκύτατος
2461 568 2562 648 γὰρ
2595 569 2799 649 πέφυκε
2826 567 2916 624 καὶ
2953 565 3188 642 μάλιστα
3213 565 3348 642 πρὸς
3377 568 3583 641 γεῦσιν,

314 663 533 731 umbra,
583 664 799 735 inquit,
852 667 972 737 ejus
1014 665 1320 722 desideravi
1363 672 1415 722 et
1461 667 1620 734 sedi,-
1667 671 1719 722 ει
1759 668 1974 736 fructus

314 753 491 809 dulci:
519 756 732 825 gutturi
760 772 899 812 meo.
934 756 1145 827 Hujus,
1178 755 1392 828 inquit,
1424 755 1794 812 admirabilis
1826 755 1976 811 vita-

314 842 510 916 lisque
558 844 718 916 pomi
765 862 1170 917 szepenumero
1218 846 1491 902 umbram
1541 847 1801 919 aspicere
1846 861 1979 901 con-

317 933 534 1005 cupivi,
586 951 720 990 cum
775 936 949 991 ardor
1005 935 1403 991 tentationum
1460 952 1555 992 me
1605 936 1981 992 vehementer

319 1026 606 1077 exureret.
636 1025 708 1078 At
737 1038 870 1079 ecce
917 1023 975 1078 in
1010 1039 1078 1080 ea
1116 1025 1242 1094 jam
1294 1024 1598 1079 conﬁdens
1630 1022 1891 1079 oblector
1919 1025 1979 1077 et

317 1111 568 1182 gaudeo,
631 1116 808 1184 atque
867 1113 1135 1168 ardorem
1219 1112 1610 1168 tentationum
1672 1111 1902 1167 declino
1963 1127 1978 1166 :

323 1200 806 1272 quandoquidem
859 1219 952 1256 me
985 1202 1043 1256 in
1097 1201 1374 1257 omnibus
1407 1201 1704 1258 mandatis
1751 1199 1981 1255 Domini

323 1288 992 1356 meditantem,Verbum
1026 1307 1092 1346 ac
1114 1307 1370 1362 sponsus
1399 1307 1567 1346 meus
1598 1290 1984 1345 dulcissimus

325 1377 544 1435 divinis
577 1379 701 1435 suis
728 1379 1090 1436 obumbrans
1124 1380 1252 1446 alis,
1289 1379 1489 1451 procul
1543 1378 1752 1435 avertit
1795 1383 1982 1435 tenta-

324 1471 558 1528 tionum
591 1469 765 1525 faces.
820 1473 953 1526 Haec
1007 1486 1141 1525 cum
1171 1468 1351 1525 veluti
1399 1469 1737 1525 laetabunda
1789 1472 1986 1540 protu-

324 1561 512 1627 lisset,
547 1559 620 1614 ad
639 1560 860 1615 amicos
884 1559 1085 1632 sponsi
1111 1559 1400 1615 convertit
1420 1575 1751 1615 sermonem
1783 1573 1980 1624 suum,

326 1649 717 1720 hortaturque
735 1648 962 1714 illos,ut
981 1649 1453 1722 progrediantur,
1485 1653 1543 1704 et
1566 1649 1638 1703 ad
1660 1648 1984 1703 formosum

327 1754 614 1811 sponsum
648 1742 979 1794 accurrant.
1013 1738 1120 1794 Sed
1178 1738 1356 1793 verba
1412 1738 1602 1810 ipsius
1650 1736 1793 1792 mihi
1844 1739 1986 1792 sunt

326 1829 708 1902 expendenda
741 1846 756 1885 :

406 2622 739 2678 introducas
783 2638 874 2676 me
903 2623 964 2677 in
1010 2623 1208 2678 cellam
1259 2623 1541 2678 vinariam
1575 2642 1593 2678 :
1623 2625 1882 2682 ordinate
1931 2628 1993 2681 in

332 2711 422 2751 me
449 2694 802 2768 charitatem.
836 2695 1042 2749 Fulcile
1069 2711 1157 2750 me
1185 2697 1484 2768 unguentis
1503 2713 1521 2750 :
1551 2698 1752 2768 stipata
1798 2714 1885 2754 me
1932 2701 1991 2754 in

331 2767 532 2840 pomis,
562 2767 825 2838 quoniam
853 2781 950 2837 ego
979 2782 1176 2822 amore
1203 2781 1325 2822 sum
1355 2767 1670 2824 vulnerata.

409 2942 517 2999 Siti
550 2957 783 3015 urgeor,
816 2941 1033 3014 inquit,
1065 2944 1136 2999 ad
1169 2961 1455 3016 sponsum
1511 2962 1730 3008 meum.
1763 2948 1834 3002 ad
1866 2947 1996 3004 vitas

340 3032 573 3088 botrum
607 3030 774 3086 illum
827 3036 1126 3088 maturum
1175 3039 1354 3105 atque
1400 3035 1685 3105 divinum,
1720 3052 1823 3108 per
1862 3053 1998 3093 cru-

341 3120 426 3178 cis
486 3125 737 3178 mortem
797 3121 1106 3178 dulcedine
1165 3123 1462 3180 ﬂuentem.
1497 3124 1889 3189 Quamobrem
1935 3126 1995 3181 in

339 3213 522 3285 hujus
579 3210 786 3268 cellam
846 3228 936 3268 me
993 3228 1228 3284 quoque
1282 3215 1654 3285 introducite,
1711 3220 1795 3285 ut,
1855 3231 2000 3288 pure

2087 663 2175 725 'Qc
2205 662 2308 731 τήν
2342 661 2484 730 ζωὴν
2514 661 2605 716 τὸν
2640 657 2882 729 ἄληκτον
2915 655 3097 720 διδοὺς
3127 661 3242 717 τοῖς
3267 652 3642 730 γευσαμένοις·

2085 752 2148 807 Ὁ
2177 751 2401 826 τρώγων
2426 751 2552 826 γὰρ,
2585 750 2750 828 φησὶν
2792 747 2975 816 αὐτὸς,
3003 751 3162 820 σῶμα
3191 744 3399 818 τούμὸν
3432 742 3618 814 ἀξίως,

2088 841 2256 902 Αὐτὸς
2288 837 2541 916 κερδήσει
2566 841 2667 908 τήν
2703 840 2847 908 ζωὴν
2877 838 2977 906 τήν
3006 833 3178 896 ὅντως
3209 834 3461 892 αἰωνίαν.

2087 930 2346 1006 Ἀρκοῦσι
2372 933 2538 984 ταῦτα
2557 929 2637 1000 τῷ
2670 931 2859 999 σκοπῷ
2887 925 2975 980 καὶ
3009 923 3164 998 λόγῳ
3195 928 3276 996 τῷ
3301 927 3400 978 τοῦ
3433 921 3660 996 μέλους,

2086 1019 2157 1074 Τὸ
2180 1022 2289 1073 τῶν
2319 1019 2607 1090 ’ᾼσμάτων
2641 1015 2699 1071 δὲ
2729 1015 2924 1072 λοιπὸν
2952 1013 3142 1075 καλῶς
3175 1011 3559 1088 έρμηνευτέον·

2091 1107 2266 1178 Φησὶν
2297 1109 2332 1177 ἡ
2365 1106 2552 1184 νύμφη
2583 1105 2808 1175 καθεξῆς
2840 1103 2964 1177 περὶ
2993 1108 3093 1158 τοῦ
3124 1102 3267 1157 θείου
3296 1101 3498 1175 Λόγου·

2091 1199 2178 1254 Ἐν
2211 1200 2278 1270 τῇ
2307 1201 2429 1266 σκιᾷ
2458 1195 2621 1251 αὐτοῦ
2650 1193 2969 1267 ἐπεθύμησα
2993 1194 3082 1246 καὶ
3113 1189 3352 1247 ἐκάθισα.

2093 1287 2194 1344 Καὶ
2225 1287 2252 1341 6
2283 1286 2489 1359 καρπὸς
2520 1284 2683 1339 αὐτοῦ
2713 1283 2915 1358 γλυκὺς
2945 1281 2998 1337 έν
3029 1285 3110 1353 τῷ
3140 1278 3372 1355 λάρυγγί
3410 1300 3539 1352 μου.

2087 1374 2292 1430 Τούτου
2322 1375 2454 1452 φησὶ
2483 1377 2580 1428 τοῦ
2619 1375 2933 1445 θαυμαστοῦ
2962 1369 3053 1425 καὶ
3087 1369 3380 1444 ζωηφόρου
3414 1365 3604 1440 μήλου

2095 1451 2375 1525 Πολλάκις
2406 1461 2722 1535 ἐπεθύμησά
2750 1481 2856 1515 που
2885 1460 2984 1528 τὴν
3016 1459 3166 1514 σκιὰν
3196 1451 3571 1532 προσϐλέψαι,

2091 1556 2257 1612 ’Ὀταν
2289 1557 2324 1622 ἡ
2358 1551 2494 1630 φλὸξ
2523 1557 2632 1606 τῶν
2661 1554 2980 1624 πειρασμῶν
3012 1545 3221 1626 σφόδρα
3250 1544 3543 1624 κατέφλεξέ
3577 1565 3665 1619 με.

2095 1642 2252 1699 Ἀλλ’
2283 1640 2401 1698 ἰδοὺ
2434 1641 2526 1696 νῦν
2557 1640 2796 1708 ἐκάθισα,
2829 1637 2919 1694 καί
2949 1639 3244 1712 τέρπομαι,
3275 1636 3364 1691 καὶ
3394 1635 3575 1712 χαίρω

2095 1734 2198 1790 Καὶ
2226 1732 2317 1787 τὸν
2351 1731 2602 1810 φλογμὸν
2638 1729 2889 1807 ἐξέφυγον
2923 1728 3014 1782 τὸν
3041 1731 3152 1783 τῶν
3187 1724 3573 1800 πειρατηρίων,

2094 1822 2198 1880 Καὶ
2236 1820 2448 1895 μελετῶ
2477 1820 2570 1882 τὰς
2601 1817 2824 1880 ἐντολὰς
2855 1818 3063 1879 ἁπάσας
3092 1819 3190 1872 τοῦ
3221 1815 3447 1892 Κυρίου,

2092 1911 2325 1970 Ὁπόταν
2359 1911 2388 1965 ὁ
2415 1908 2752 1985 γλυκύτατος
2782 1908 2810 1962 6
2843 1907 3020 1982 Λόγος
3048 1907 3142 1962 καὶ
3171 1904 3428 1984 νυμφίος,

2097 1999 2436 2075 Κατααιάσῃ
2462 1999 2552 2054 καὶ
2583 1997 2749 2066 αὐτὴν
2782 2001 2902 2060 ταῖς
2928 1995 3149 2072 πτέρυξι
3177 2000 3297 2057 ταῖς
3329 1993 3523 2063 θείαις,

2097 2089 2454 2165 ’Δποτειχίσῃ
2493 2085 2551 2143 δὲ
2583 2086 2791 2162 μακρὰν
2823 2091 2922 2142 τοτὶ
2950 2089 3258 2163 πειρασμοῦ
3289 2086 3388 2155 τήν
3419 2081 3621 2162 φλόγα.

2093 2185 2268 2234 Ταῦτα
2302 2179 2397 2253 μὶν
2425 2176 2601 2240 οὕτως
2631 2174 2842 2252 εἴρηκεν
2871 2175 3053 2250 ὥσπερ
3078 2171 3502 2250 έγκαυχωμένη.

2099 2266 2410 2345 Παρακαλεῖ
2443 2265 2501 2322 δὶ
2529 2267 2758 2336 καθεξῆς
2787 2264 2914 2326 τοὺς
2947 2263 3142 2340 φίλους
3164 2267 3261 2319 τοῦ
3282 2262 3543 2341 νυμφίου,

2098 2361 2217 2416 Ἒτι
2245 2356 2517 2432 προκόψαι
2544 2356 2634 2410 καὶ
2666 2353 2891 2427 δραμεῖν
2923 2354 3060 2425 πρὸς
3087 2353 3180 2409 τὸν
3210 2351 3377 2408 καλὸν
3408 2350 3667 2430 νυμφίον.

2102 2447 2248 2518 Φησὶ
2276 2447 2375 2523 γὰρ
2407 2445 2555 2500 οὓτω
2584 2445 2719 2520 πρὸς
2751 2443 2964 2506 αὐτούς.
2995 2442 3174 2499 Ἀλλά
3207 2463 3302 2515 μοι
3325 2439 3650 2512 σκοπητέον·

2174 2623 2735 2700 Ei‘eayciys1é_pe_sic
2789 2623 2943 2700 οἶκον,
2977 2626 3074 2677 τοῦ
3106 2619 3290 2700 ο⁹ίνου,¹
3309 2619 3501 2700 τάξατε
3526 2618 3607 2700 ἐπ’
3660 2615 3765 2700 έμὶ

2103 2688 2339 2781 ξιγάπηχξ
2371 2688 2654 2781 στηρίξατέ
2695 2715 2766 2781 με
2795 2693 2847 2781 έν
2876 2692 3091 2781 μύροις,
3139 2688 3426 2749 στιϐάσατέ
3459 2712 3527 2765 με
3557 2691 3609 2746 έν
3647 2688 3760 2763 μή·

2107 2765 2252 2837 λοις,
2275 2765 2366 2823 γὸτι
2397 2765 2712 2844 τετρωμένη
2743 2765 2961 2843 ἀγάπης
2985 2765 3111 2841 έγώ.

2107 2946 2272 3018 Φησί·
2309 2945 2460 3020 Δίψῶ
2489 2946 2586 3014 τήν
2620 2945 2908 3020 προκοπὴν
2938 2945 3038 3014 τὴν
3073 2943 3149 3006 ὡς
3181 2943 3318 3020 πρὸς
3363 2941 3454 2996 τὸν
3505 2939 3762 3018 νυμφίον,

2104 3037 2203 3092 Τὸν
2232 3035 2425 3112 βότρυν
2457 3033 2601 3111 λέγω
2630 3042 2728 3104 τῆς
2762 3039 2931 3104 ζωῆς,
2960 3035 3052 3089 τὸν
3085 3032 3366 3108 πὲπειρον,
3397 3033 3490 3086 τὸν
3523 3031 3688 3100 θεῖον,

2107 3127 2214 3185 Τὸν
2247 3123 2478 3200 γλεῦκος
2512 3124 2880 3192 ἀποστάζοντα
2904 3127 2981 3194 τῷ
3012 3125 3286 3196 σταυρικῷ
3317 3123 3545 3192 θανάτῳ.

2111 3215 2209 3273 Καὶ
2237 3214 2413 3269 τοίνυν
2447 3214 2758 3288 εἷ’σαγάγετε
2785 3212 2926 3284 κάμὶ
2955 3212 3091 3285 πρὸς
3120 3212 3266 3266 οἶκον
3293 3211 3512 3277 τούτου,

340 3304 545 3378 sponsi
591 3302 1092 3374 pulchritudinem
1146 3304 1751 3376 conspicata,amoris
1800 3307 1996 3379 ignem

2115 3307 2199 3368 Ὠς
2225 3304 2284 3359 ἂν
2318 3302 2507 3358 ἰδοῦσα
2535 3304 2784 3377 καθαρῶς
2817 3301 2878 3355 16
2909 3298 3118 3362 κάλλος
3150 3304 3246 3354 τοῦ
3276 3299 3539 3377 νυμφίου,

338 3409 480 3468 erga
524 3392 694 3447 illum
743 3391 1090 3464 adaugeam.
1143 3392 1344 3448 Adhuc
1389 3399 1588 3450 autem
1621 3399 1677 3450 et
1725 3395 1994 3467 supplico

339 3486 407 3539 ut
438 3481 665 3553 majora
710 3496 1040 3552 consequar
1073 3495 1086 3537 :
1119 3481 1249 3538 Haec
1293 3482 1452 3538 enim
1503 3483 1575 3539 ad
1631 3483 1871 3556 angelos
1918 3482 1998 3539 lo-

341 3569 548 3644 quitur
579 3585 594 3625 :

415 3818 624 3876 Fulcae
653 3833 740 3875 me
767 3820 1067 3889 unguentis
1096 3836 1110 3876 :
1143 3821 1340 3894 stipato
1372 3836 1458 3878 me
1481 3821 1541 3876 in
1572 3823 1768 3894 pomis.

419 3999 685 4069 Quando,
717 3998 929 4072 inquit,
962 3998 1166 4056 dilexit
1192 4016 1284 4056 me
1306 4001 1595 4072 abjectam
1619 4001 2005 4060 admirandus

343 4090 446 4148 ille
457 4093 514 4146 et
525 4089 876 4146 metuendus
887 4091 1062 4161 atque
1075 4089 1498 4161 pulcherrimus
1511 4093 1863 4164 sponsus,ad
1878 4093 2006 4162 ejus

349 4195 446 4235 me
473 4177 946 4247 charitatem,vos
976 4177 1078 4249 qui
1109 4178 1283 4234 Verbi
1316 4182 1374 4234 et
1401 4180 1602 4251 sponsi
1634 4181 1807 4236 amici
1837 4180 2005 4248 estis,

349 4266 621 4323 incitato:
651 4266 752 4338 qui
770 4265 933 4336 prius
952 4265 1095 4321 mihi
1115 4266 1882 4335 adhibuistisaurum,nunc
1904 4286 2007 4325 au-

349 4359 470 4410 tem
492 4353 767 4410 adhibete
792 4359 1248 4426 unguenta,quaa
1268 4372 1502 4412 omnem
1515 4359 2008 4416 arceantletorem

354 4443 597 4516 peccati,
623 4459 694 4497 ne
722 4440 979 4513 amplius
1002 4443 1268 4498 aberrem
1293 4451 1396 4500 aut
1415 4463 1624 4502 rursus
1645 4464 1676 4503 e
1707 4449 1798 4502 via
1827 4447 2010 4504 decli-

352 4532 606 4588 nem.Tu
628 4547 763 4586 vero
783 4547 886 4602 per
905 4532 1228 4588 amicorum
1255 4543 1554 4607 unguenta
1573 4537 1822 4593 virtutes
1838 4537 2008 4593 intel-

351 4621 490 4693 lige.
523 4619 636 4677 Sed
669 4621 862 4692 pomis
915 4627 1196 4693 praterea
1243 4623 1466 4697 ﬂagitat
1508 4630 1576 4681 ut
1622 4627 2008 4700 constipatur.

2111 3394 2190 3452 Τὸ
2223 3395 2470 3467 ζώπυρον
2504 3391 2721 3462 αὐξήσω
2755 3411 2861 3465 μου
2884 3393 2984 3460 τῆς
3011 3390 3149 3466 πρὸς
3178 3389 3338 3444 αὐτὸν
3375 3388 3607 3463 ἀγάπης.

2105 3485 2226 3540 "Eu
2262 3481 2319 3537 δὲ
2347 3480 2513 3537 πάλιν
2543 3479 2778 3536 δυσωπῶ
2807 3486 2994 3556 τυχεῖν
3026 3483 3133 3534 τῶν
3171 3479 3523 3554 μειζοτέρων.

2105 3568 2244 3627 Τάδε
2272 3573 2374 3648 γὰρ
2435 3569 2580 3647 λέγει
2637 3569 2774 3646 πρὸς
2833 3567 3050 3639 αὐτοὺς,
3107 3567 3354 3624 τουτέστι
3407 3567 3537 3628 τοὺς
3596 3559 3765 3637 ἀγγέ-

3588 3649 3766 3727 [λους’

2186 3820 2481 3900 Στηρίξατέ
2541 3841 2608 3895 με
2661 3820 2714 3876 ἐν
2779 3817 3016 3893 μύροις,
3074 3812 3362 3873 στιϐάσατέ
3422 3836 3489 3890 με
3546 3813 3598 3870 ἓν
3659 3813 3770 3886 μή·

2113 3914 2260 3976 λοις.

2112 4002 2288 4073 Ἐπεὶ,
2321 4000 2507 4079 φησὶν,
2540 3999 2823 4073 ἠγάπησεν
2857 3996 2956 4070 έμὶ
2982 3997 3083 4064 τὴν
3115 3991 3447 4067 ἀπωσμένην

2111 4093 2171 4149 Ὀ
2201 4091 2531 4162 θαυμαστὸς,
2566 4089 2595 4142 6
2626 4081 2879 4165 φοϐερὸς,
2912 4086 2941 4140 6
2968 4082 3267 4144 κάλλιστος
3297 4081 3557 4159 νυμφίος,

2117 4179 2412 4256 Στηρίξατέ
2447 4197 2512 4250 με
2539 4177 2602 4231 τὸ
2633 4174 2828 4231 λοιπὸν
2863 4175 3016 4247 ὑμεῖς
3051 4174 3103 4228 oi.
3133 4174 3328 4227 τούτου
3361 4168 3540 4248 φίλοι,

2118 4270 2261 4344 Πρὸς
2290 4269 2388 4337 τὴν
2421 4267 2632 4342 ἀγάπην
2665 4266 2763 4334 τήν
2799 4261 2962 4318 αὐτοῦ
2991 4267 3088 4317 τοῦ
3133 4260 3314 4336 Λόγου
3353 4260 3442 4314 καὶ
3488 4256 3759 4336 νυμφίου·

2116 4364 2321 4434 ’Ὠσπερ
2358 4379 2450 4431 μοι
2481 4356 2741 4432 πρότερον
2775 4355 2978 4432 χρυσὸν
3003 4350 3365 4414 ἀντιδιδόντες
3401 4350 3566 4426 μύρα,

2117 4451 2192 4504 Τὰ
2220 4450 2398 4518 πάσης
2431 4447 2799 4522 ἀποτρεπτικά
2830 4441 3112 4505 δυσώδους
3144 4441 3434 4517 ἁμαρτίας,

2118 4540 2209 4601 Ὠς
2239 4538 2297 4593 ἃν
2335 4535 2528 4610 μηκέτι
2561 4533 2829 4605 πλανηθῶ
2855 4534 2942 4589 καὶ
2973 4530 3323 4608 παρεκκλίνω
3353 4528 3543 4586 πάλιν.

2125 4626 2200 4683 Σὺ
2233 4625 2279 4682 δ’
2311 4625 2501 4702 ἀρετὰς
2532 4623 2787 4694 ὲννοήσον
2816 4623 2884 4676 τὰ
2915 4621 3060 4698 μύρα
3087 4620 3153 4675 τὰ
3175 4617 3282 4676 τῶν
3315 4617 3514 4695 φίλων.

354 4710 594 4766 Amicos
622 4710 779 4766 enim
812 4708 1134 4783 alloquitur
1163 4713 1382 4779 anima,
1417 4715 1592 4770 modo
1614 4721 1679 4771 ut
1707 4733 1927 4788 sponsa
1957 4725 1997 4773 ei

2123 4714 2278 4774 Ἀλλ’
2308 4716 2387 4771 ὶτι
2417 4713 2584 4770 πάλιν
2619 4711 2844 4788 λιπαρεῖ
2871 4717 2988 4775 τοῖς
3013 4707 3216 4784 μήλοις
3249 4703 3628 4776 στιϐασθῆναι.

351 4798 518 4872 virgo
566 4798 930 4872 nuptialibus
975 4801 1354 4858 vestimentis
1386 4809 1662 4861 exornata
1693 4821 1706 4861 :
1741 4806 1914 4862 modo
1947 4811 2012 4861 ut

353 4887 544 4944 lectus
575 4905 716 4945 auro
739 4889 1064 4962 spendidus
1091 4916 1104 4958 ;
1131 4892 1302 4948 modo
1329 4896 1394 4947 ut
1408 4892 1674 4950 divinum
1698 4895 2010 4951 solium.In

354 4993 474 5033 una
493 4977 648 5034 enim
672 4979 931 5051 profecto
953 4980 1275 5052 eademque
1297 4981 1495 5037 anima
1517 4982 1838 5054 purissima
1855 4984 2014 5040 Chri-

355 5070 486 5122 stus
513 5072 571 5122 et
599 5083 855 5140 sponsus
886 5084 1044 5124 nunc
1073 5067 1508 5140 quiescit,nunc
1537 5072 1823 5140 ambulat,
1840 5077 1898 5130 et
1915 5089 2011 5130 se-

355 5156 458 5212 det
475 5156 1218 5230 sapiseimeﬂumquidem
1240 5159 1441 5215 omnia
1460 5160 1679 5218 indicat
1698 5178 2009 5233 pomorum

356 5244 730 5316 constipatio.
763 5247 1011 5303 Proreus
1041 5249 1230 5302 autem
1261 5246 1471 5320 ﬂagrat
1501 5264 1720 5321 sponsa
1741 5267 1808 5306 ac
1840 5250 2014 5324 plane

357 5333 524 5389 ardet
553 5333 845 5390 desiderio
876 5335 1101 5407 sponsi,
1134 5335 1234 5407 qui
1267 5336 1484 5393 dicitur
1515 5354 1758 5410 pomum
1782 5356 1814 5395 e
1845 5340 2011 5412 silva,

356 5421 821 5494 cupitqueillum
863 5441 1091 5496 semper
1110 5423 1234 5480 hac
1273 5424 1385 5481 sibi
1409 5441 1539 5481 esse
1561 5427 1779 5494 omnia,
1814 5430 2011 5486 cibum

358 5512 740 5584 deliciasque,
764 5518 822 5569 et
839 5515 1201 5582 umbram,et
1231 5515 1632 5586 stipationem,
1655 5522 1714 5574 et
1741 5523 1961 5576 tectum
1997 5539 2011 5578 :

360 5604 862 5676 quemadmodum
887 5609 939 5660 et
962 5606 1093 5678 ipsa
1113 5622 1252 5678 erga
1269 5605 1438 5661 illum
1465 5605 1586 5662 haec
1607 5612 1696 5664 est
1717 5609 2012 5668 universa:

363 5707 582 5766 sponsa
630 5692 936 5761 nimirum,
969 5699 1026 5750 et
1068 5695 1260 5761 sedes,
1303 5698 1362 5749 et
1411 5695 1624 5760 cubile.
1675 5702 1732 5755 et
1779 5703 2012 5757 domus.

362 5787 508 5839 Tum
538 5781 791 5839 assidua:
823 5783 1356 5859 ﬂagitationisjjsue
1388 5802 1626 5844 causam
1659 5790 1884 5864 angelis
1916 5807 2016 5848 ex-

2119 4807 2261 4862 Ιιοτὶ
2294 4805 2388 4878 μὶν
2421 4805 2524 4880 γὰρ
2552 4800 2887 4878 προσομιλεῖ
2909 4805 3027 4862 τοῖς
3059 4797 3266 4878 φίλοις,
3299 4799 3482 4871 ὥσπερ
3515 4794 3731 4872 νύμφη,

2115 4898 2178 4954 Ἡ
2210 4892 2608 4969 παρθενεύουσα
2637 4893 2791 4968 ψυχὴ
2824 4889 2914 4944 καὶ
2947 4885 3502 4966 νυμφοστολουμένη.

2121 4986 2260 5042 ΙΙοτὲ
2291 4982 2336 5038 δ’
2369 4983 2444 5045 ὡς
2473 4980 2636 5051 κλίνη
2672 4980 3006 5056 χρυσαυγής,
3037 4977 3172 5033 ποτὶ
3201 4973 3249 5032 6'
3279 4977 3356 5038 ὡς
3388 4977 3533 5036 Θεῖος
3561 4974 3782 5048 θρόνος.

2120 5075 2222 5130 Καὶ
2256 5073 2360 5148 γὰρ
2394 5072 2468 5134 ὡς
2501 5067 2672 5127 ὅντως
2706 5067 2758 5124 έν
2795 5073 2896 5141 μιᾷ
2923 5071 3079 5143 ψυχῇ
3109 5063 3490 5140 καθαρωτάτη,

2120 5163 2256 5219 Νυνὶ
2287 5162 2383 5234 μὶν
2423 5157 2762 5215 ἀνακλίνεται
2796 5157 3027 5233 Χριστὸς
3057 5158 3088 5211 6
3116 5155 3206 5210 καὶ
3235 5152 3491 5230 νυμφίος·

2122 5251 2252 5307 Νυνὶ
2284 5248 2342 5305 δὲ
2370 5252 2677 5325 περιπατεῖ,
2709 5247 2798 5301 καὶ
2831 5247 3060 5316 κάθηται
3093 5243 3391 5305 πολλάκις.

2120 5343 2294 5398 Ἀπαν
2328 5335 2387 5393 δὲ
2413 5336 2578 5392 τοῦτο
2609 5337 2841 5415 πέφυκεν
2877 5337 2906 5390 6
2939 5329 3240 5410 στιϐασμὸς
3267 5336 3377 5387 τῶν
3410 5329 3631 5405 μήλων.

2125 5435 2292 5494 Ποθεῖ
2320 5429 2409 5482 καὶ
2437 5425 2694 5504 φλέγεται
2726 5424 2915 5488 καλῶς
2944 5429 2979 5495 ἡ
3018 5425 3206 5499 νύμφη
3239 5427 3318 5495 τῷ
3358 5423 3598 5500 νυμφίῳ·

2121 5525 2311 5582 ’Ὁστις
2335 5519 2425 5574 καὶ
2461 5517 2639 5591 μῆλον
2674 5518 2885 5593 λέγεται
2917 5519 3076 5597 φανέν
3107 5515 3166 5571 ἰκ
3192 5520 3289 5570 τοῦ
3322 5511 3631 5592 δρυμῶνος,

2126 5610 2222 5664 Καὶ
2253 5607 2396 5674 οὲλει
2427 5613 2619 5663 τοῦτον
2654 5610 2896 5683 γενέσθαι
2926 5607 3156 5663 πάντοτε
3183 5610 3352 5661 ταῦτα
3381 5606 3576 5673 πάντα,

2124 5700 2348 5778 Τροφὴν
2401 5700 2610 5778 τρυφήν
2667 5721 2726 5754 τε
2800 5698 2890 5754 καὶ
2959 5698 3111 5753 σκιὰν
3168 5696 3262 5752 καὶ
3319 5689 3617 5768 στιϐασμὸν
3676 5699 3781 5763 τῆς

3536 5781 3781 5858 [στιγησ
