  <div class='ocr_page' id='page_1' title='image "/cluster/home/n/w/nwhite01/storage/ocr_20150623/122:no.2/coo.31924054870278/296.png"; bbox 0 0 4110 6394; ppageno 0'>
   <div class='ocr_carea' id='block_1_1' title="bbox 337 374 463 434">
    <p class='ocr_par' dir='ltr' id='par_1_1' title="bbox 337 374 463 434">
     <span class='ocr_line' id='line_1_1' title="bbox 337 374 463 434; baseline -0.016 -1"><span class='ocrx_word' id='word_1_1' title='bbox 337 374 463 434; x_wconf 81' lang='grc'><strong>577</strong></span> 
     </span>
    </p>
   </div>
   <div class='ocr_carea' id='block_1_2' title="bbox 337 498 1775 579">
    <p class='ocr_par' dir='ltr' id='par_1_2' title="bbox 337 498 1775 579">
     <span class='ocr_line' id='line_1_2' title="bbox 337 498 1775 579; baseline -0.005 -19"><span class='ocrx_word' id='word_1_2' title='bbox 337 507 543 579; x_wconf 84' lang='grc' dir='ltr'>Ὠσπερ</span> <span class='ocrx_word' id='word_1_3' title='bbox 573 501 796 572; x_wconf 86' lang='grc' dir='ltr'>κάκείνη</span> <span class='ocrx_word' id='word_1_4' title='bbox 828 501 1034 576; x_wconf 88' lang='grc' dir='ltr'>γίνεται</span> <span class='ocrx_word' id='word_1_5' title='bbox 1067 499 1348 574; x_wconf 74' lang='grc' dir='ltr'><strong>ξύμπαντα</strong></span> <span class='ocrx_word' id='word_1_6' title='bbox 1376 500 1514 575; x_wconf 81' lang='grc' dir='ltr'>πρὸς</span> <span class='ocrx_word' id='word_1_7' title='bbox 1544 498 1775 569; x_wconf 84' lang='grc' dir='ltr'>ἐκεῖνον,</span> 
     </span>
    </p>
   </div>
   <div class='ocr_carea' id='block_1_3' title="bbox 343 587 2000 667">
    <p class='ocr_par' dir='ltr' id='par_1_3' title="bbox 343 587 2000 667">
     <span class='ocr_line' id='line_1_3' title="bbox 343 587 2000 667; baseline 0 -20"><span class='ocrx_word' id='word_1_8' title='bbox 343 592 570 667; x_wconf 78' lang='grc' dir='ltr'>Νύμφη,</span> <span class='ocrx_word' id='word_1_9' title='bbox 602 593 691 647; x_wconf 86' lang='grc' dir='ltr'><strong>καὶ</strong></span> <span class='ocrx_word' id='word_1_10' title='bbox 719 590 933 666; x_wconf 81' lang='grc' dir='ltr'><strong>θρόνος,</strong></span> <span class='ocrx_word' id='word_1_11' title='bbox 965 592 1056 646; x_wconf 86' lang='grc' dir='ltr'><strong>καὶ</strong></span> <span class='ocrx_word' id='word_1_12' title='bbox 1089 590 1372 665; x_wconf 76' lang='grc' dir='ltr'>στρωμνὴ,</span> <span class='ocrx_word' id='word_1_13' title='bbox 1404 592 1494 644; x_wconf 80' lang='grc' dir='ltr'>καί</span> <span class='ocrx_word' id='word_1_14' title='bbox 1526 587 1693 645; x_wconf 82' lang='grc' dir='ltr'>πάλιν</span> <span class='ocrx_word' id='word_1_15' title='bbox 1730 587 2000 647; x_wconf 77' lang='grc' dir='ltr'>κατοικία.</span> 
     </span>
    </p>
   </div>
   <div class='ocr_carea' id='block_1_4' title="bbox 346 678 1843 761">
    <p class='ocr_par' dir='ltr' id='par_1_4' title="bbox 346 678 1843 761">
     <span class='ocr_line' id='line_1_4' title="bbox 346 678 1843 761; baseline -0.003 -22"><span class='ocrx_word' id='word_1_16' title='bbox 346 685 480 742; x_wconf 77' lang='grc' dir='ltr'>Εἶτά</span> <span class='ocrx_word' id='word_1_17' title='bbox 509 704 643 761; x_wconf 87' lang='grc' dir='ltr'>φησι</span> <span class='ocrx_word' id='word_1_18' title='bbox 675 682 813 757; x_wconf 86' lang='grc' dir='ltr'>πρὸς</span> <span class='ocrx_word' id='word_1_19' title='bbox 839 680 968 743; x_wconf 78' lang='grc' dir='ltr'>τοὺς</span> <span class='ocrx_word' id='word_1_20' title='bbox 999 679 1194 744; x_wconf 81' lang='grc' dir='ltr'>αὐτοὺς</span> <span class='ocrx_word' id='word_1_21' title='bbox 1223 678 1488 755; x_wconf 74' lang='grc' dir='ltr'><strong>ἀγγέλους</strong></span> <span class='ocrx_word' id='word_1_22' title='bbox 1518 680 1617 749; x_wconf 74' lang='grc' dir='ltr'>τὴν</span> <span class='ocrx_word' id='word_1_23' title='bbox 1647 678 1843 749; x_wconf 83' lang='grc' dir='ltr'>αίτίαν,</span> 
     </span>
    </p>
   </div>
   <div class='ocr_carea' id='block_1_5' title="bbox 343 768 1953 847">
    <p class='ocr_par' dir='ltr' id='par_1_5' title="bbox 343 768 1953 847">
     <span class='ocr_line' id='line_1_5' title="bbox 343 768 1953 847; baseline -0.003 -19"><span class='ocrx_word' id='word_1_24' title='bbox 343 776 459 843; x_wconf 77' lang='grc' dir='ltr'><strong>Τῆς</strong></span> <span class='ocrx_word' id='word_1_25' title='bbox 495 768 894 847; x_wconf 80' lang='grc' dir='ltr'>παρακλήσεως</span> <span class='ocrx_word' id='word_1_26' title='bbox 925 769 1091 840; x_wconf 81' lang='grc' dir='ltr'>αὐτῆς</span> <span class='ocrx_word' id='word_1_27' title='bbox 1120 776 1219 839; x_wconf 85' lang='grc' dir='ltr'><strong>τῆς</strong></span> <span class='ocrx_word' id='word_1_28' title='bbox 1252 773 1513 845; x_wconf 78' lang='grc' dir='ltr'>συνεχοῦς</span> <span class='ocrx_word' id='word_1_29' title='bbox 1541 770 1679 842; x_wconf 89' lang='grc' dir='ltr'>πρὸς</span> <span class='ocrx_word' id='word_1_30' title='bbox 1705 769 1953 842; x_wconf 77' lang='grc' dir='ltr'><strong>τούτους,</strong></span> 
     </span>
    </p>
   </div>
   <div class='ocr_carea' id='block_1_6' title="bbox 342 857 2006 938">
    <p class='ocr_par' dir='ltr' id='par_1_6' title="bbox 342 857 2006 938">
     <span class='ocr_line' id='line_1_6' title="bbox 342 857 2006 938; baseline -0.004 -20"><span class='ocrx_word' id='word_1_31' title='bbox 342 867 466 922; x_wconf 79' lang='grc' dir='ltr'>’Ὁτι</span> <span class='ocrx_word' id='word_1_32' title='bbox 498 861 811 938; x_wconf 79' lang='grc' dir='ltr'>τετρωμὲνη</span> <span class='ocrx_word' id='word_1_33' title='bbox 861 859 1071 934; x_wconf 82' lang='grc' dir='ltr'>ἀγάπης</span> <span class='ocrx_word' id='word_1_34' title='bbox 1120 858 1247 937; x_wconf 83' lang='grc' dir='ltr'><strong>ἐγώ,</strong></span> <span class='ocrx_word' id='word_1_35' title='bbox 1302 859 1443 934; x_wconf 81' lang='grc' dir='ltr'><strong>Ἐγὼ</strong></span> <span class='ocrx_word' id='word_1_36' title='bbox 1492 859 1657 931; x_wconf 83' lang='grc' dir='ltr'>φησὶν</span> <span class='ocrx_word' id='word_1_37' title='bbox 1707 857 2006 913; x_wconf 69' lang='grc' dir='ltr'>ἐκδυσωπῶ</span> 
     </span>
    </p>
   </div>
   <div class='ocr_carea' id='block_1_7' title="bbox 1372 947 2003 1025">
    <p class='ocr_par' dir='ltr' id='par_1_7' title="bbox 1372 947 2003 1025">
     <span class='ocr_line' id='line_1_7' title="bbox 1372 947 2003 1025; baseline 0.002 -24"><span class='ocrx_word' id='word_1_38' title='bbox 1372 950 1493 1022; x_wconf 78' lang='grc' dir='ltr'>[τὴν</span> <span class='ocrx_word' id='word_1_39' title='bbox 1529 948 1787 1021; x_wconf 67' lang='grc' dir='ltr'>ὑμετέραν</span> <span class='ocrx_word' id='word_1_40' title='bbox 1819 947 2003 1025; x_wconf 87' lang='grc' dir='ltr'>χάριν,</span> 
     </span>
    </p>
   </div>
   <div class='ocr_carea' id='block_1_8' title="bbox 343 1032 1943 1116">
    <p class='ocr_par' dir='ltr' id='par_1_8' title="bbox 343 1032 1943 1116">
     <span class='ocr_line' id='line_1_8' title="bbox 343 1032 1943 1116; baseline -0.003 -20"><span class='ocrx_word' id='word_1_41' title='bbox 343 1042 451 1112; x_wconf 80' lang='grc' dir='ltr'><strong>Τὴν</strong></span> <span class='ocrx_word' id='word_1_42' title='bbox 486 1041 683 1116; x_wconf 72' lang='grc' dir='ltr'>στὲγην</span> <span class='ocrx_word' id='word_1_43' title='bbox 717 1037 853 1109; x_wconf 79' lang='grc' dir='ltr'>ὅλην</span> <span class='ocrx_word' id='word_1_44' title='bbox 883 1059 994 1111; x_wconf 89' lang='grc' dir='ltr'><strong>μου</strong></span> <span class='ocrx_word' id='word_1_45' title='bbox 1023 1034 1209 1099; x_wconf 83' lang='grc' dir='ltr'>καλῶς</span> <span class='ocrx_word' id='word_1_46' title='bbox 1243 1034 1296 1091; x_wconf 77' lang='grc' dir='ltr'>ἒν</span> <span class='ocrx_word' id='word_1_47' title='bbox 1333 1034 1535 1110; x_wconf 66' lang='grc' dir='ltr'>μήλοις</span> <span class='ocrx_word' id='word_1_48' title='bbox 1566 1032 1943 1107; x_wconf 80' lang='grc' dir='ltr'>στιϐασθῆναι,</span> 
     </span>
    </p>
   </div>
   <div class='ocr_carea' id='block_1_9' title="bbox 346 1125 1789 1206">
    <p class='ocr_par' dir='ltr' id='par_1_9' title="bbox 346 1125 1789 1206">
     <span class='ocr_line' id='line_1_9' title="bbox 346 1125 1789 1206; baseline -0.004 -20"><span class='ocrx_word' id='word_1_49' title='bbox 346 1132 468 1186; x_wconf 87' lang='grc' dir='ltr'>Ὅτι</span> <span class='ocrx_word' id='word_1_50' title='bbox 493 1133 573 1203; x_wconf 76' lang='grc' dir='ltr'><strong>τῷ</strong></span> <span class='ocrx_word' id='word_1_51' title='bbox 606 1125 755 1206; x_wconf 67' lang='grc' dir='ltr'>βέλει</span> <span class='ocrx_word' id='word_1_52' title='bbox 785 1128 1064 1203; x_wconf 72' lang='grc' dir='ltr'>τὲτρωμαι</span> <span class='ocrx_word' id='word_1_53' title='bbox 1093 1131 1171 1199; x_wconf 82' lang='grc' dir='ltr'>τῷ</span> <span class='ocrx_word' id='word_1_54' title='bbox 1198 1133 1299 1196; x_wconf 84' lang='grc' dir='ltr'><strong>τῆς</strong></span> <span class='ocrx_word' id='word_1_55' title='bbox 1328 1126 1543 1203; x_wconf 82' lang='grc' dir='ltr'>ἀγάπης</span> <span class='ocrx_word' id='word_1_56' title='bbox 1573 1125 1789 1184; x_wconf 88' lang='grc' dir='ltr'>τούτου.</span> 
     </span>
    </p>
   </div>
   <div class='ocr_carea' id='block_1_10' title="bbox 353 1212 1683 1293">
    <p class='ocr_par' dir='ltr' id='par_1_10' title="bbox 353 1212 1683 1293">
     <span class='ocr_line' id='line_1_10' title="bbox 353 1212 1683 1293; baseline -0.004 -18"><span class='ocrx_word' id='word_1_57' title='bbox 353 1218 595 1293; x_wconf 82' lang='grc' dir='ltr'>’Δγάπην</span> <span class='ocrx_word' id='word_1_58' title='bbox 622 1216 804 1274; x_wconf 79' lang='grc' dir='ltr'>τοίνυν</span> <span class='ocrx_word' id='word_1_59' title='bbox 839 1217 1035 1287; x_wconf 87' lang='grc' dir='ltr'>νόησον</span> <span class='ocrx_word' id='word_1_60' title='bbox 1062 1216 1157 1271; x_wconf 83' lang='grc' dir='ltr'><strong>τὸν</strong></span> <span class='ocrx_word' id='word_1_61' title='bbox 1185 1212 1421 1291; x_wconf 73' lang='grc' dir='ltr'>ἄναρχον</span> <span class='ocrx_word' id='word_1_62' title='bbox 1453 1213 1683 1291; x_wconf 73' lang='grc' dir='ltr'>Πατίρα,</span> 
     </span>
    </p>
   </div>
   <div class='ocr_carea' id='block_1_11' title="bbox 352 1303 1874 1384">
    <p class='ocr_par' dir='ltr' id='par_1_11' title="bbox 352 1303 1874 1384">
     <span class='ocr_line' id='line_1_11' title="bbox 352 1303 1874 1384; baseline -0.002 -21"><span class='ocrx_word' id='word_1_63' title='bbox 352 1307 449 1363; x_wconf 83' lang='grc' dir='ltr'>Καὶ</span> <span class='ocrx_word' id='word_1_64' title='bbox 485 1306 645 1384; x_wconf 73' lang='grc' dir='ltr'>βέλος</span> <span class='ocrx_word' id='word_1_65' title='bbox 675 1303 850 1368; x_wconf 82' lang='grc' dir='ltr'>ὅντως</span> <span class='ocrx_word' id='word_1_66' title='bbox 881 1303 967 1360; x_wconf 77' lang='grc' dir='ltr'><strong>ἐκ)</strong></span> <span class='ocrx_word' id='word_1_67' title='bbox 985 1306 1135 1360; x_wconf 87' lang='grc' dir='ltr'>εκτὸν</span> <span class='ocrx_word' id='word_1_68' title='bbox 1167 1304 1261 1359; x_wconf 88' lang='grc' dir='ltr'>τὸν</span> <span class='ocrx_word' id='word_1_69' title='bbox 1294 1304 1469 1380; x_wconf 87' lang='grc' dir='ltr'>Λόγον</span> <span class='ocrx_word' id='word_1_70' title='bbox 1501 1304 1589 1359; x_wconf 79' lang='grc' dir='ltr'><strong>καὶ</strong></span> <span class='ocrx_word' id='word_1_71' title='bbox 1619 1303 1874 1381; x_wconf 83' lang='grc' dir='ltr'>νυμφίον’</span> 
     </span>
    </p>
   </div>
   <div class='ocr_carea' id='block_1_12' title="bbox 345 1392 1849 1473">
    <p class='ocr_par' dir='ltr' id='par_1_12' title="bbox 345 1392 1849 1473">
     <span class='ocr_line' id='line_1_12' title="bbox 345 1392 1849 1473; baseline -0.001 -20"><span class='ocrx_word' id='word_1_72' title='bbox 345 1401 544 1453; x_wconf 87' lang='grc' dir='ltr'>Τοῦτον</span> <span class='ocrx_word' id='word_1_73' title='bbox 578 1396 681 1473; x_wconf 78' lang='grc' dir='ltr'><strong>γάρ</strong></span> <span class='ocrx_word' id='word_1_74' title='bbox 714 1394 949 1470; x_wconf 68' lang='grc' dir='ltr'>πέμπειν</span> <span class='ocrx_word' id='word_1_75' title='bbox 985 1392 1171 1460; x_wconf 76' lang='grc' dir='ltr'>εἶ’ωθεν</span> <span class='ocrx_word' id='word_1_76' title='bbox 1204 1392 1292 1449; x_wconf 81' lang='grc' dir='ltr'>ἐπὶ</span> <span class='ocrx_word' id='word_1_77' title='bbox 1322 1393 1450 1457; x_wconf 76' lang='grc' dir='ltr'>τοὺς</span> <span class='ocrx_word' id='word_1_78' title='bbox 1483 1394 1849 1469; x_wconf 72' lang='grc' dir='ltr'><strong>σωζομένους.</strong></span> 
     </span>
    </p>
   </div>
   <div class='ocr_carea' id='block_1_13' title="bbox 926 1509 1414 1585">
    <p class='ocr_par' dir='ltr' id='par_1_13' title="bbox 926 1509 1414 1585">
     <span class='ocr_line' id='line_1_13' title="bbox 926 1509 1414 1585; baseline -0.008 -18"><span class='ocrx_word' id='word_1_79' title='bbox 926 1512 1051 1567; x_wconf 85' lang='grc' dir='ltr'><strong>Τῶν</strong></span> <span class='ocrx_word' id='word_1_80' title='bbox 1082 1516 1128 1585; x_wconf 88' lang='grc' dir='ltr'>γ’</span> <span class='ocrx_word' id='word_1_81' title='bbox 1160 1509 1414 1583; x_wconf 79' lang='grc' dir='ltr'>Ηατέρων</span> 
     </span>
    </p>
   </div>
   <div class='ocr_carea' id='block_1_14' title="bbox 416 1614 2008 1694">
    <p class='ocr_par' dir='ltr' id='par_1_14' title="bbox 416 1614 2008 1694">
     <span class='ocr_line' id='line_1_14' title="bbox 416 1614 2008 1694; baseline -0.001 -20"><span class='ocrx_word' id='word_1_82' title='bbox 416 1617 581 1677; x_wconf 71' lang='grc' dir='ltr'>Οὕτω</span> <span class='ocrx_word' id='word_1_83' title='bbox 641 1618 735 1692; x_wconf 80' lang='grc' dir='ltr'><strong>μὶν</strong></span> <span class='ocrx_word' id='word_1_84' title='bbox 795 1619 830 1687; x_wconf 81' lang='grc' dir='ltr'>ἡ</span> <span class='ocrx_word' id='word_1_85' title='bbox 880 1615 1067 1693; x_wconf 87' lang='grc' dir='ltr'>νύμφη</span> <span class='ocrx_word' id='word_1_86' title='bbox 1124 1620 1221 1671; x_wconf 85' lang='grc' dir='ltr'><strong>τοῦ</strong></span> <span class='ocrx_word' id='word_1_87' title='bbox 1268 1614 1508 1694; x_wconf 75' lang='grc' dir='ltr'>νυμφίου</span> <span class='ocrx_word' id='word_1_88' title='bbox 1555 1617 1619 1671; x_wconf 85' lang='grc' dir='ltr'><strong>τὸ</strong></span> <span class='ocrx_word' id='word_1_89' title='bbox 1647 1615 1877 1685; x_wconf 75' lang='grc' dir='ltr'>κάλλος,</span> <span class='ocrx_word' id='word_1_90' title='bbox 1908 1618 2008 1686; x_wconf 79' lang='grc' dir='ltr'><strong>τήν</strong></span> 
     </span>
    </p>
   </div>
   <div class='ocr_carea' id='block_1_15' title="bbox 342 1702 2005 1780">
    <p class='ocr_par' dir='ltr' id='par_1_15' title="bbox 342 1702 2005 1780">
     <span class='ocr_line' id='line_1_15' title="bbox 342 1702 2005 1780; baseline -0.002 -15"><span class='ocrx_word' id='word_1_91' title='bbox 342 1705 607 1776; x_wconf 74' lang='grc' dir='ltr'>εὐωδίαν,</span> <span class='ocrx_word' id='word_1_92' title='bbox 656 1709 757 1777; x_wconf 79' lang='grc' dir='ltr'><strong>τήν</strong></span> <span class='ocrx_word' id='word_1_93' title='bbox 812 1706 1039 1776; x_wconf 74' lang='grc' dir='ltr'>σκέπην,</span> <span class='ocrx_word' id='word_1_94' title='bbox 1088 1705 1192 1773; x_wconf 83' lang='grc' dir='ltr'>τὴν</span> <span class='ocrx_word' id='word_1_95' title='bbox 1240 1702 1558 1780; x_wconf 75' lang='grc' dir='ltr'>γλυκύτητα</span> <span class='ocrx_word' id='word_1_96' title='bbox 1598 1710 2005 1779; x_wconf 70' lang='grc' dir='ltr'><strong>καταμαθοῦσα,</strong></span> 
     </span>
    </p>
   </div>
   <div class='ocr_carea' id='block_1_16' title="bbox 344 1790 2003 1872">
    <p class='ocr_par' dir='ltr' id='par_1_16' title="bbox 344 1790 2003 1872">
     <span class='ocr_line' id='line_1_16' title="bbox 344 1790 2003 1872; baseline -0.001 -18"><span class='ocrx_word' id='word_1_97' title='bbox 344 1796 708 1872; x_wconf 84' lang='grc' dir='ltr'>ἀνακηρύττει</span> <span class='ocrx_word' id='word_1_98' title='bbox 782 1792 911 1851; x_wconf 83' lang='grc' dir='ltr'>τάδε</span> <span class='ocrx_word' id='word_1_99' title='bbox 998 1794 1075 1856; x_wconf 71' lang='grc' dir='ltr'>εἷς</span> <span class='ocrx_word' id='word_1_100' title='bbox 1164 1790 1435 1848; x_wconf 82' lang='grc' dir='ltr'>διακονίαν</span> <span class='ocrx_word' id='word_1_101' title='bbox 1534 1791 2003 1869; x_wconf 83' lang='grc' dir='ltr'>ἀποστελλόμενα.</span> 
     </span>
    </p>
   </div>
   <div class='ocr_carea' id='block_1_17' title="bbox 1397 364 2738 429">
    <p class='ocr_par' dir='ltr' id='par_1_17' title="bbox 1397 364 2738 429">
     <span class='ocr_line' id='line_1_17' title="bbox 1397 364 2738 429; baseline -0.001 -2"><span class='ocrx_word' id='word_1_102' title='bbox 1397 364 1809 428; x_wconf 74' lang='lat' dir='ltr'><strong>COMMENT.</strong></span> <span class='ocrx_word' id='word_1_103' title='bbox 1860 365 1936 425; x_wconf 83' lang='grc' dir='ltr'>ΙΝ</span> <span class='ocrx_word' id='word_1_104' title='bbox 1982 364 2388 429; x_wconf 79' lang='lat' dir='ltr'><strong>CAN&#39;I‘ICUM</strong></span> <span class='ocrx_word' id='word_1_105' title='bbox 2433 366 2738 428; x_wconf 82' lang='lat' dir='ltr'><strong>CANTIC.</strong></span> 
     </span>
    </p>
   </div>
   <div class='ocr_carea' id='block_1_18' title="bbox 2033 500 3769 576">
    <p class='ocr_par' dir='ltr' id='par_1_18' title="bbox 2033 500 3769 576">
     <span class='ocr_line' id='line_1_18' title="bbox 2033 500 3769 576; baseline 0.003 -21"><span class='ocrx_word' id='word_1_106' title='bbox 2033 510 2085 576; x_wconf 80' lang='grc' dir='ltr'><strong>Α</strong></span> <span class='ocrx_word' id='word_1_107' title='bbox 2120 500 2347 571; x_wconf 84' lang='lat' dir='ltr'><strong>plicans</strong></span> <span class='ocrx_word' id='word_1_108' title='bbox 2380 520 2393 557; x_wconf 88' lang='lat'><strong>:</strong></span> <span class='ocrx_word' id='word_1_109' title='bbox 2428 504 2545 576; x_wconf 85' lang='lat' dir='ltr'><strong>Ego</strong></span> <span class='ocrx_word' id='word_1_110' title='bbox 2571 504 2751 569; x_wconf 90' lang='lat' dir='ltr'><strong>enim,</strong></span> <span class='ocrx_word' id='word_1_111' title='bbox 2804 501 3020 574; x_wconf 82' lang='lat' dir='ltr'><strong>inquit,</strong></span> <span class='ocrx_word' id='word_1_112' title='bbox 3070 518 3264 559; x_wconf 85' lang='lat' dir='ltr'><strong>amore</strong></span> <span class='ocrx_word' id='word_1_113' title='bbox 3308 519 3432 559; x_wconf 81' lang='lat' dir='ltr'><strong>sum</strong></span> <span class='ocrx_word' id='word_1_114' title='bbox 3492 507 3769 561; x_wconf 73' lang='lat' dir='ltr'><strong>sauciata.</strong></span> 
     </span>
    </p>
   </div>
   <div class='ocr_carea' id='block_1_19' title="bbox 2116 591 3769 664">
    <p class='ocr_par' dir='ltr' id='par_1_19' title="bbox 2116 591 3769 664">
     <span class='ocr_line' id='line_1_19' title="bbox 2116 591 3769 664; baseline 0.002 -17"><span class='ocrx_word' id='word_1_115' title='bbox 2116 591 2235 664; x_wconf 88' lang='lat' dir='ltr'><strong>Ego</strong></span> <span class='ocrx_word' id='word_1_116' title='bbox 2267 596 2517 647; x_wconf 79' lang='lat' dir='ltr'><strong>vestram</strong></span> <span class='ocrx_word' id='word_1_117' title='bbox 2552 608 2720 664; x_wconf 82' lang='lat' dir='ltr'><strong>Opem</strong></span> <span class='ocrx_word' id='word_1_118' title='bbox 2756 592 3027 664; x_wconf 82' lang='lat' dir='ltr'><strong>imploro.</strong></span> <span class='ocrx_word' id='word_1_119' title='bbox 3059 592 3265 648; x_wconf 93' lang='lat' dir='ltr'><strong>Totam</strong></span> <span class='ocrx_word' id='word_1_120' title='bbox 3299 594 3540 649; x_wconf 93' lang='lat' dir='ltr'><strong>domum</strong></span> <span class='ocrx_word' id='word_1_121' title='bbox 3578 611 3769 651; x_wconf 86' lang='lat' dir='ltr'><strong>meam</strong></span> 
     </span>
    </p>
   </div>
   <div class='ocr_carea' id='block_1_20' title="bbox 3651 374 3770 431">
    <p class='ocr_par' dir='ltr' id='par_1_20' title="bbox 3651 374 3770 431">
     <span class='ocr_line' id='line_1_20' title="bbox 3651 374 3770 431; baseline 0 -1"><span class='ocrx_word' id='word_1_122' title='bbox 3651 374 3770 431; x_wconf 82' lang='lat'><strong>5&#39;78</strong></span> 
     </span>
    </p>
   </div>
   <div class='ocr_carea' id='block_1_21' title="bbox 2117 680 3775 755">
    <p class='ocr_par' dir='ltr' id='par_1_21' title="bbox 2117 680 3775 755">
     <span class='ocr_line' id='line_1_21' title="bbox 2117 680 3775 755; baseline 0.003 -19"><span class='ocrx_word' id='word_1_123' title='bbox 2117 681 2309 751; x_wconf 94' lang='lat' dir='ltr'><strong>pomis</strong></span> <span class='ocrx_word' id='word_1_124' title='bbox 2340 680 2659 752; x_wconf 87' lang='lat' dir='ltr'><strong>constipari</strong></span> <span class='ocrx_word' id='word_1_125' title='bbox 2707 681 2922 753; x_wconf 89' lang='lat' dir='ltr'><strong>cupio:</strong></span> <span class='ocrx_word' id='word_1_126' title='bbox 2957 682 3238 753; x_wconf 86' lang='lat' dir='ltr'><strong>quoniam</strong></span> <span class='ocrx_word' id='word_1_127' title='bbox 3289 684 3504 755; x_wconf 79' lang='lat' dir='ltr'><strong>sagitta</strong></span> <span class='ocrx_word' id='word_1_128' title='bbox 3553 684 3775 741; x_wconf 86' lang='lat' dir='ltr'><strong>amoris</strong></span> 
     </span>
    </p>
   </div>
   <div class='ocr_carea' id='block_1_22' title="bbox 2115 768 3771 846">
    <p class='ocr_par' dir='ltr' id='par_1_22' title="bbox 2115 768 3771 846">
     <span class='ocr_line' id='line_1_22' title="bbox 2115 768 3771 846; baseline 0.004 -23"><span class='ocrx_word' id='word_1_129' title='bbox 2115 768 2290 826; x_wconf 85' lang='lat' dir='ltr'><strong>istius</strong></span> <span class='ocrx_word' id='word_1_130' title='bbox 2340 771 2569 827; x_wconf 82' lang='lat' dir='ltr'><strong>conﬁxa</strong></span> <span class='ocrx_word' id='word_1_131' title='bbox 2615 787 2771 826; x_wconf 90' lang='lat' dir='ltr'><strong>sum.</strong></span> <span class='ocrx_word' id='word_1_132' title='bbox 2804 774 2914 826; x_wconf 86' lang='lat' dir='ltr'><strong>Per</strong></span> <span class='ocrx_word' id='word_1_133' title='bbox 2938 787 3198 826; x_wconf 89' lang='lat' dir='ltr'><strong>amorem</strong></span> <span class='ocrx_word' id='word_1_134' title='bbox 3229 771 3489 845; x_wconf 89' lang='lat' dir='ltr'><strong>intellige</strong></span> <span class='ocrx_word' id='word_1_135' title='bbox 3523 777 3771 846; x_wconf 84' lang='lat' dir='ltr'><strong>Patrem,</strong></span> 
     </span>
    </p>
   </div>
   <div class='ocr_carea' id='block_1_23' title="bbox 2118 858 3772 935">
    <p class='ocr_par' dir='ltr' id='par_1_23' title="bbox 2118 858 3772 935">
     <span class='ocr_line' id='line_1_23' title="bbox 2118 858 3772 935; baseline 0.004 -23"><span class='ocrx_word' id='word_1_136' title='bbox 2118 858 2219 930; x_wconf 88' lang='lat' dir='ltr'><strong>qui</strong></span> <span class='ocrx_word' id='word_1_137' title='bbox 2248 859 2478 915; x_wconf 91' lang='lat' dir='ltr'><strong>nullum</strong></span> <span class='ocrx_word' id='word_1_138' title='bbox 2512 859 2687 915; x_wconf 87' lang='lat' dir='ltr'><strong>habet</strong></span> <span class='ocrx_word' id='word_1_139' title='bbox 2718 860 3113 931; x_wconf 75' lang='lat' dir='ltr'><strong>principium;</strong></span> <span class='ocrx_word' id='word_1_140' title='bbox 3167 877 3269 933; x_wconf 91' lang='lat' dir='ltr'><strong>per</strong></span> <span class='ocrx_word' id='word_1_141' title='bbox 3313 862 3585 935; x_wconf 80' lang='lat' dir='ltr'><strong>sagittam</strong></span> <span class='ocrx_word' id='word_1_142' title='bbox 3635 878 3772 919; x_wconf 88' lang='lat' dir='ltr'><strong>vero</strong></span> 
     </span>
    </p>
   </div>
   <div class='ocr_carea' id='block_1_24' title="bbox 2116 947 3771 1020">
    <p class='ocr_par' dir='ltr' id='par_1_24' title="bbox 2116 947 3771 1020">
     <span class='ocr_line' id='line_1_24' title="bbox 2116 947 3771 1020; baseline 0.003 -17"><span class='ocrx_word' id='word_1_143' title='bbox 2116 947 2387 1015; x_wconf 83' lang='lat' dir='ltr'><strong>electam,</strong></span> <span class='ocrx_word' id='word_1_144' title='bbox 2440 948 2695 1004; x_wconf 84' lang='lat' dir='ltr'><strong>Verbum</strong></span> <span class='ocrx_word' id='word_1_145' title='bbox 2745 956 2804 1004; x_wconf 89' lang='lat' dir='ltr'><strong>et</strong></span> <span class='ocrx_word' id='word_1_146' title='bbox 2847 965 3158 1020; x_wconf 87' lang='lat' dir='ltr'><strong>sponsum.</strong></span> <span class='ocrx_word' id='word_1_147' title='bbox 3191 949 3359 1006; x_wconf 88' lang='lat' dir='ltr'><strong>Hunc</strong></span> <span class='ocrx_word' id='word_1_148' title='bbox 3389 951 3550 1007; x_wconf 88' lang='lat' dir='ltr'><strong>enim</strong></span> <span class='ocrx_word' id='word_1_149' title='bbox 3581 952 3640 1007; x_wconf 91' lang='lat' dir='ltr'><strong>in</strong></span> <span class='ocrx_word' id='word_1_150' title='bbox 3672 967 3771 1008; x_wconf 89' lang='lat' dir='ltr'><strong>eos</strong></span> 
     </span>
    </p>
   </div>
   <div class='ocr_carea' id='block_1_25' title="bbox 2116 1036 3249 1110">
    <p class='ocr_par' dir='ltr' id='par_1_25' title="bbox 2116 1036 3249 1110">
     <span class='ocr_line' id='line_1_25' title="bbox 2116 1036 3249 1110; baseline 0.004 -19"><span class='ocrx_word' id='word_1_151' title='bbox 2116 1036 2220 1109; x_wconf 89' lang='lat' dir='ltr'><strong>qui</strong></span> <span class='ocrx_word' id='word_1_152' title='bbox 2250 1036 2578 1110; x_wconf 87' lang='lat' dir='ltr'><strong>salvantur,</strong></span> <span class='ocrx_word' id='word_1_153' title='bbox 2607 1038 2895 1110; x_wconf 87' lang='lat' dir='ltr'><strong>conjicere</strong></span> <span class='ocrx_word' id='word_1_154' title='bbox 2925 1039 3249 1096; x_wconf 83' lang='lat' dir='ltr'><strong>consuevit.</strong></span> 
     </span>
    </p>
   </div>
   <div class='ocr_carea' id='block_1_26' title="bbox 2703 1512 3171 1568">
    <p class='ocr_par' dir='ltr' id='par_1_26' title="bbox 2703 1512 3171 1568">
     <span class='ocr_line' id='line_1_26' title="bbox 2703 1512 3171 1568; baseline 0 -1"><span class='ocrx_word' id='word_1_155' title='bbox 2703 1513 2889 1567; x_wconf 87' lang='lat' dir='ltr'><strong>Trium</strong></span> <span class='ocrx_word' id='word_1_156' title='bbox 2918 1512 3171 1568; x_wconf 82' lang='lat' dir='ltr'><strong>Patrum.</strong></span> 
     </span>
    </p>
   </div>
   <div class='ocr_carea' id='block_1_27' title="bbox 2189 1618 3773 1692">
    <p class='ocr_par' dir='ltr' id='par_1_27' title="bbox 2189 1618 3773 1692">
     <span class='ocr_line' id='line_1_27' title="bbox 2189 1618 3773 1692; baseline 0.003 -18"><span class='ocrx_word' id='word_1_157' title='bbox 2189 1621 2276 1675; x_wconf 91' lang='lat' dir='ltr'><strong>Ita</strong></span> <span class='ocrx_word' id='word_1_158' title='bbox 2307 1618 2545 1691; x_wconf 91' lang='lat' dir='ltr'><strong>quidem</strong></span> <span class='ocrx_word' id='word_1_159' title='bbox 2570 1635 2791 1691; x_wconf 90' lang='lat' dir='ltr'><strong>sponsa</strong></span> <span class='ocrx_word' id='word_1_160' title='bbox 2820 1620 3117 1692; x_wconf 87' lang='lat' dir='ltr'><strong>cognitam</strong></span> <span class='ocrx_word' id='word_1_161' title='bbox 3144 1619 3348 1692; x_wconf 83' lang='lat' dir='ltr'><strong>sponsi</strong></span> <span class='ocrx_word' id='word_1_162' title='bbox 3382 1620 3773 1692; x_wconf 86' lang='lat' dir='ltr'><strong>pulchritudi-</strong></span> 
     </span>
    </p>
   </div>
   <div class='ocr_carea' id='block_1_28' title="bbox 2118 1708 3772 1783">
    <p class='ocr_par' dir='ltr' id='par_1_28' title="bbox 2118 1708 3772 1783">
     <span class='ocr_line' id='line_1_28' title="bbox 2118 1708 3772 1783; baseline 0.003 -19"><span class='ocrx_word' id='word_1_163' title='bbox 2118 1724 2278 1776; x_wconf 89' lang='lat' dir='ltr'><strong>nem,</strong></span> <span class='ocrx_word' id='word_1_164' title='bbox 2328 1708 2701 1776; x_wconf 84' lang='lat' dir='ltr'><strong>suavitatem,</strong></span> <span class='ocrx_word' id='word_1_165' title='bbox 2752 1709 3015 1775; x_wconf 89' lang='lat' dir='ltr'><strong>domum,</strong></span> <span class='ocrx_word' id='word_1_166' title='bbox 3048 1708 3420 1766; x_wconf 89' lang='lat' dir='ltr'><strong>dulcedinem</strong></span> <span class='ocrx_word' id='word_1_167' title='bbox 3472 1713 3772 1783; x_wconf 68' lang='lat' dir='ltr'><strong>praedicat.</strong></span> 
     </span>
    </p>
   </div>
   <div class='ocr_carea' id='block_1_29' title="bbox 2116 1797 3778 1868">
    <p class='ocr_par' dir='ltr' id='par_1_29' title="bbox 2116 1797 3778 1868">
     <span class='ocr_line' id='line_1_29' title="bbox 2116 1797 3778 1868; baseline 0.003 -16"><span class='ocrx_word' id='word_1_168' title='bbox 2116 1798 2414 1853; x_wconf 84' lang='lat' dir='ltr'><strong>Ministros</strong></span> <span class='ocrx_word' id='word_1_169' title='bbox 2445 1801 2641 1853; x_wconf 88' lang='lat' dir='ltr'><strong>autem</strong></span> <span class='ocrx_word' id='word_1_170' title='bbox 2676 1797 2941 1868; x_wconf 81' lang='lat' dir='ltr'><strong>spiritus,</strong></span> <span class='ocrx_word' id='word_1_171' title='bbox 2992 1797 3050 1851; x_wconf 92' lang='lat' dir='ltr'><strong>in</strong></span> <span class='ocrx_word' id='word_1_172' title='bbox 3105 1798 3502 1855; x_wconf 89' lang='lat' dir='ltr'><strong>ministerium</strong></span> <span class='ocrx_word' id='word_1_173' title='bbox 3557 1801 3778 1859; x_wconf 85' lang='lat' dir='ltr'><strong>missos</strong></span> 
     </span>
    </p>
   </div>
   <div class='ocr_carea' id='block_1_30' title="bbox 346 1881 2004 1960">
    <p class='ocr_par' dir='ltr' id='par_1_30' title="bbox 346 1881 2004 1959">
     <span class='ocr_line' id='line_1_30' title="bbox 346 1881 2004 1959; baseline -0.002 -18"><span class='ocrx_word' id='word_1_174' title='bbox 346 1887 445 1941; x_wconf 88' lang='grc' dir='ltr'>Διά</span> <span class='ocrx_word' id='word_1_175' title='bbox 473 1884 604 1947; x_wconf 81' lang='grc' dir='ltr'>τοὺς</span> <span class='ocrx_word' id='word_1_176' title='bbox 656 1881 958 1957; x_wconf 72' lang='grc' dir='ltr'>μέλλοντας</span> <span class='ocrx_word' id='word_1_177' title='bbox 997 1881 1363 1956; x_wconf 72' lang='grc' dir='ltr'>κληρονομεῖν</span> <span class='ocrx_word' id='word_1_178' title='bbox 1411 1883 1706 1958; x_wconf 77' lang='grc' dir='ltr'>σωτηρίαν,</span> <span class='ocrx_word' id='word_1_179' title='bbox 1760 1883 2004 1959; x_wconf 87' lang='grc' dir='ltr'>λειτουρ-</span> 
     </span>
    </p>
   </div>
   <div class='ocr_carea' id='block_1_31' title="bbox 2119 1881 3775 1960">
    <p class='ocr_par' dir='ltr' id='par_1_31' title="bbox 2120 1886 3775 1959">
     <span class='ocr_line' id='line_1_31' title="bbox 2120 1886 3775 1959; baseline 0.002 -16"><span class='ocrx_word' id='word_1_180' title='bbox 2120 1892 2355 1959; x_wconf 89' lang='lat' dir='ltr'><strong>propter</strong></span> <span class='ocrx_word' id='word_1_181' title='bbox 2409 1902 2509 1943; x_wconf 88' lang='lat' dir='ltr'><strong>eos</strong></span> <span class='ocrx_word' id='word_1_182' title='bbox 2558 1886 2657 1958; x_wconf 90' lang='lat' dir='ltr'><strong>qui</strong></span> <span class='ocrx_word' id='word_1_183' title='bbox 2711 1886 2920 1943; x_wconf 83' lang='lat' dir='ltr'><strong>salutis</strong></span> <span class='ocrx_word' id='word_1_184' title='bbox 2979 1886 3380 1944; x_wconf 67' lang='lat' dir='ltr'><strong>hereditatem</strong></span> <span class='ocrx_word' id='word_1_185' title='bbox 3439 1895 3579 1945; x_wconf 88' lang='lat' dir='ltr'><strong>sunt</strong></span> <span class='ocrx_word' id='word_1_186' title='bbox 3634 1892 3775 1947; x_wconf 89' lang='lat' dir='ltr'><strong>ade-</strong></span> 
     </span>
    </p>
   </div>
   <div class='ocr_carea' id='block_1_32' title="bbox 344 1970 2007 2052">
    <p class='ocr_par' dir='ltr' id='par_1_32' title="bbox 344 1970 2007 2052">
     <span class='ocr_line' id='line_1_32' title="bbox 344 1970 2007 2052; baseline -0.002 -21"><span class='ocrx_word' id='word_1_187' title='bbox 344 1977 475 2052; x_wconf 71' lang='grc' dir='ltr'>γικά</span> <span class='ocrx_word' id='word_1_188' title='bbox 548 1974 830 2047; x_wconf 81' lang='grc' dir='ltr'>πνεύματα</span> <span class='ocrx_word' id='word_1_189' title='bbox 906 1970 1369 2049; x_wconf 73' lang='grc' dir='ltr'>προσκαλουμένη</span> <span class='ocrx_word' id='word_1_190' title='bbox 1429 1978 1697 2048; x_wconf 83' lang='grc' dir='ltr'>συνεργεῖν</span> <span class='ocrx_word' id='word_1_191' title='bbox 1756 1975 1894 2049; x_wconf 85' lang='grc' dir='ltr'>πρὸς</span> <span class='ocrx_word' id='word_1_192' title='bbox 1933 1972 2007 2029; x_wconf 77' lang='grc' dir='ltr'>διο</span> 
     </span>
    </p>
   </div>
   <div class='ocr_carea' id='block_1_33' title="bbox 348 2059 2009 2138">
    <p class='ocr_par' dir='ltr' id='par_1_33' title="bbox 348 2059 2009 2138">
     <span class='ocr_line' id='line_1_33' title="bbox 348 2059 2009 2138; baseline -0.001 -19"><span class='ocrx_word' id='word_1_193' title='bbox 348 2067 521 2136; x_wconf 81' lang='grc' dir='ltr'>ηνεκῆ</span> <span class='ocrx_word' id='word_1_194' title='bbox 580 2062 745 2118; x_wconf 74' lang='grc' dir='ltr'>αὐτοῦ</span> <span class='ocrx_word' id='word_1_195' title='bbox 803 2059 1130 2130; x_wconf 89' lang='grc' dir='ltr'>ἀπόλαυσιν,</span> <span class='ocrx_word' id='word_1_196' title='bbox 1192 2061 1376 2135; x_wconf 58' lang='grc' dir='ltr'>φησίν</span> <span class='ocrx_word' id='word_1_197' title='bbox 1441 2061 1764 2138; x_wconf 72' lang='grc' dir='ltr'>Εἷσαγάγετὲ</span> <span class='ocrx_word' id='word_1_198' title='bbox 1818 2084 1883 2136; x_wconf 89' lang='grc' dir='ltr'><strong>με</strong></span> <span class='ocrx_word' id='word_1_199' title='bbox 1931 2063 2009 2127; x_wconf 82' lang='grc' dir='ltr'><strong>είς</strong></span> 
     </span>
    </p>
   </div>
   <div class='ocr_carea' id='block_1_34' title="bbox 350 2148 2005 2226">
    <p class='ocr_par' dir='ltr' id='par_1_34' title="bbox 350 2148 2005 2226">
     <span class='ocr_line' id='line_1_34' title="bbox 350 2148 2005 2226; baseline -0.001 -17"><span class='ocrx_word' id='word_1_200' title='bbox 350 2155 498 2209; x_wconf 79' lang='grc' dir='ltr'>οἶκον</span> <span class='ocrx_word' id='word_1_201' title='bbox 555 2156 653 2208; x_wconf 84' lang='grc' dir='ltr'><strong>τοῦ</strong></span> <span class='ocrx_word' id='word_1_202' title='bbox 706 2148 879 2207; x_wconf 75' lang='grc' dir='ltr'><strong>οἷ’νου·</strong></span> <span class='ocrx_word' id='word_1_203' title='bbox 939 2152 1166 2226; x_wconf 85' lang='grc' dir='ltr'>Ἥγουν,</span> <span class='ocrx_word' id='word_1_204' title='bbox 1229 2148 1483 2221; x_wconf 78' lang='grc' dir='ltr'>Διδάξατέ</span> <span class='ocrx_word' id='word_1_205' title='bbox 1546 2171 1612 2223; x_wconf 88' lang='grc' dir='ltr'><strong>με</strong></span> <span class='ocrx_word' id='word_1_206' title='bbox 1658 2151 1786 2214; x_wconf 80' lang='grc' dir='ltr'>τοὺς</span> <span class='ocrx_word' id='word_1_207' title='bbox 1830 2152 2005 2215; x_wconf 87' lang='grc' dir='ltr'>θείους</span> 
     </span>
    </p>
   </div>
   <div class='ocr_carea' id='block_1_35' title="bbox 352 2241 2007 2319">
    <p class='ocr_par' dir='ltr' id='par_1_35' title="bbox 352 2241 2007 2319">
     <span class='ocr_line' id='line_1_35' title="bbox 352 2241 2007 2319; baseline -0.001 -19"><span class='ocrx_word' id='word_1_208' title='bbox 352 2246 479 2319; x_wconf 83' lang='grc' dir='ltr'>περὶ</span> <span class='ocrx_word' id='word_1_209' title='bbox 534 2245 853 2319; x_wconf 86' lang='grc' dir='ltr'>σαρκώσεως</span> <span class='ocrx_word' id='word_1_210' title='bbox 914 2241 1133 2319; x_wconf 89' lang='grc' dir='ltr'>λόγους.</span> <span class='ocrx_word' id='word_1_211' title='bbox 1192 2244 1350 2297; x_wconf 77' lang='grc' dir='ltr'>Οἶνον</span> <span class='ocrx_word' id='word_1_212' title='bbox 1406 2243 1507 2318; x_wconf 86' lang='grc' dir='ltr'><strong>γάρ</strong></span> <span class='ocrx_word' id='word_1_213' title='bbox 1575 2264 1705 2319; x_wconf 76' lang='grc' dir='ltr'>φησι</span> <span class='ocrx_word' id='word_1_214' title='bbox 1762 2244 1855 2298; x_wconf 89' lang='grc' dir='ltr'>τὸν</span> <span class='ocrx_word' id='word_1_215' title='bbox 1914 2244 2007 2299; x_wconf 79' lang='grc' dir='ltr'>εύ-</span> 
     </span>
    </p>
   </div>
   <div class='ocr_carea' id='block_1_36' title="bbox 359 2328 2005 2412">
    <p class='ocr_par' dir='ltr' id='par_1_36' title="bbox 359 2328 2005 2412">
     <span class='ocr_line' id='line_1_36' title="bbox 359 2328 2005 2412; baseline 0 -24"><span class='ocrx_word' id='word_1_216' title='bbox 359 2332 645 2412; x_wconf 82' lang='grc' dir='ltr'>φραίνοντα</span> <span class='ocrx_word' id='word_1_217' title='bbox 688 2333 784 2397; x_wconf 70' lang='grc' dir='ltr'><strong>τὰς</strong></span> <span class='ocrx_word' id='word_1_218' title='bbox 829 2332 1011 2408; x_wconf 76' lang='grc' dir='ltr'>ψυχὰς</span> <span class='ocrx_word' id='word_1_219' title='bbox 1054 2336 1162 2387; x_wconf 86' lang='grc' dir='ltr'><strong>τῶν</strong></span> <span class='ocrx_word' id='word_1_220' title='bbox 1211 2331 1411 2387; x_wconf 75' lang='grc' dir='ltr'>τούτου</span> <span class='ocrx_word' id='word_1_221' title='bbox 1455 2328 2005 2406; x_wconf 82' lang='grc' dir='ltr'>μεταλαμϐανόντων,</span> 
     </span>
    </p>
   </div>
   <div class='ocr_carea' id='block_1_37' title="bbox 360 2420 2011 2495">
    <p class='ocr_par' dir='ltr' id='par_1_37' title="bbox 360 2420 2011 2495">
     <span class='ocr_line' id='line_1_37' title="bbox 360 2420 2011 2495; baseline 0 -18"><span class='ocrx_word' id='word_1_222' title='bbox 360 2424 451 2478; x_wconf 82' lang='grc' dir='ltr'><strong>καί</strong></span> <span class='ocrx_word' id='word_1_223' title='bbox 506 2423 638 2495; x_wconf 82' lang='grc' dir='ltr'>πρὸς</span> <span class='ocrx_word' id='word_1_224' title='bbox 693 2421 884 2477; x_wconf 73' lang='grc' dir='ltr'>θὲωσιν</span> <span class='ocrx_word' id='word_1_225' title='bbox 942 2420 1230 2492; x_wconf 75' lang='grc' dir='ltr'>ἐξιστῶντα</span> <span class='ocrx_word' id='word_1_226' title='bbox 1285 2421 1413 2475; x_wconf 87' lang='grc' dir='ltr'>Θεὸν</span> <span class='ocrx_word' id='word_1_227' title='bbox 1460 2420 1674 2488; x_wconf 90' lang='grc' dir='ltr'>Λόγον.</span> <span class='ocrx_word' id='word_1_228' title='bbox 1736 2422 1809 2475; x_wconf 82' lang='grc' dir='ltr'>Οὗ</span> <span class='ocrx_word' id='word_1_229' title='bbox 1864 2423 2011 2486; x_wconf 72' lang='grc' dir='ltr'>οἶκος</span> 
     </span>
    </p>
   </div>
   <div class='ocr_carea' id='block_1_38' title="bbox 357 2508 2005 2590">
    <p class='ocr_par' dir='ltr' id='par_1_38' title="bbox 357 2508 2005 2590">
     <span class='ocr_line' id='line_1_38' title="bbox 357 2508 2005 2590; baseline -0.001 -24"><span class='ocrx_word' id='word_1_230' title='bbox 357 2514 392 2582; x_wconf 83' lang='grc' dir='ltr'>ἡ</span> <span class='ocrx_word' id='word_1_231' title='bbox 472 2510 885 2590; x_wconf 77' lang='grc' dir='ltr'>προσληφθεῖσα</span> <span class='ocrx_word' id='word_1_232' title='bbox 960 2511 1087 2585; x_wconf 86' lang='grc' dir='ltr'>παρ’</span> <span class='ocrx_word' id='word_1_233' title='bbox 1140 2508 1305 2564; x_wconf 85' lang='grc' dir='ltr'>αὐτοῦ</span> <span class='ocrx_word' id='word_1_234' title='bbox 1371 2510 1544 2584; x_wconf 82' lang='grc' dir='ltr'>σάρξ·</span> <span class='ocrx_word' id='word_1_235' title='bbox 1605 2510 1679 2572; x_wconf 83' lang='grc' dir='ltr'><strong>είς</strong></span> <span class='ocrx_word' id='word_1_236' title='bbox 1739 2510 1799 2565; x_wconf 85' lang='grc' dir='ltr'><strong>’ὀν</strong></span> <span class='ocrx_word' id='word_1_237' title='bbox 1857 2513 2005 2566; x_wconf 82' lang='grc' dir='ltr'>οἶκον</span> 
     </span>
    </p>
   </div>
   <div class='ocr_carea' id='block_1_39' title="bbox 355 2598 2010 2677">
    <p class='ocr_par' dir='ltr' id='par_1_39' title="bbox 355 2598 2010 2677">
     <span class='ocr_line' id='line_1_39' title="bbox 355 2598 2010 2677; baseline -0.001 -21"><span class='ocrx_word' id='word_1_238' title='bbox 355 2599 621 2677; x_wconf 72' lang='grc' dir='ltr'>εἱσάγεται</span> <span class='ocrx_word' id='word_1_239' title='bbox 694 2604 729 2671; x_wconf 83' lang='grc' dir='ltr'><strong>ἡ</strong></span> <span class='ocrx_word' id='word_1_240' title='bbox 806 2598 1104 2669; x_wconf 83' lang='grc' dir='ltr'>Ἐκκλησία</span> <span class='ocrx_word' id='word_1_241' title='bbox 1186 2598 1281 2672; x_wconf 86' lang='grc' dir='ltr'><strong>μία</strong></span> <span class='ocrx_word' id='word_1_242' title='bbox 1358 2599 1484 2673; x_wconf 80' lang='grc' dir='ltr'>σὰρξ</span> <span class='ocrx_word' id='word_1_243' title='bbox 1568 2600 1703 2671; x_wconf 84' lang='grc' dir='ltr'><strong>μετά</strong></span> <span class='ocrx_word' id='word_1_244' title='bbox 1776 2601 2010 2675; x_wconf 85' lang='grc' dir='ltr'>Χριστοῦ</span> 
     </span>
    </p>
   </div>
   <div class='ocr_carea' id='block_1_40' title="bbox 355 2686 2009 2767">
    <p class='ocr_par' dir='ltr' id='par_1_40' title="bbox 355 2686 2009 2767">
     <span class='ocr_line' id='line_1_40' title="bbox 355 2686 2009 2767; baseline 0 -22"><span class='ocrx_word' id='word_1_245' title='bbox 355 2688 612 2763; x_wconf 69' lang='grc' dir='ltr'>ἰσομένη,</span> <span class='ocrx_word' id='word_1_246' title='bbox 675 2688 748 2752; x_wconf 84' lang='grc' dir='ltr'>ὥς</span> <span class='ocrx_word' id='word_1_247' title='bbox 807 2710 969 2767; x_wconf 88' lang='grc' dir='ltr'>φησιν</span> <span class='ocrx_word' id='word_1_248' title='bbox 1020 2689 1048 2743; x_wconf 81' lang='grc' dir='ltr'>ὁ</span> <span class='ocrx_word' id='word_1_249' title='bbox 1108 2686 1445 2752; x_wconf 87' lang='grc' dir='ltr'>Ἀπόστολος</span> <span class='ocrx_word' id='word_1_250' title='bbox 1472 2689 1595 2765; x_wconf 82' lang='grc' dir='ltr'>περὶ</span> <span class='ocrx_word' id='word_1_251' title='bbox 1625 2692 2009 2757; x_wconf 78' lang='grc' dir='ltr'>τοῦ,’Έσονται</span> 
     </span>
    </p>
   </div>
   <div class='ocr_carea' id='block_1_41' title="bbox 353 2776 2012 2855">
    <p class='ocr_par' dir='ltr' id='par_1_41' title="bbox 353 2776 2012 2855">
     <span class='ocr_line' id='line_1_41' title="bbox 353 2776 2012 2855; baseline -0.001 -21"><span class='ocrx_word' id='word_1_252' title='bbox 353 2780 407 2835; x_wconf 73' lang='grc' dir='ltr'><strong>οἱ</strong></span> <span class='ocrx_word' id='word_1_253' title='bbox 476 2776 576 2834; x_wconf 79' lang='grc' dir='ltr'>δύο</span> <span class='ocrx_word' id='word_1_254' title='bbox 635 2778 711 2841; x_wconf 82' lang='grc' dir='ltr'><strong>εἰς</strong></span> <span class='ocrx_word' id='word_1_255' title='bbox 784 2781 953 2855; x_wconf 85' lang='grc' dir='ltr'>σάρκα</span> <span class='ocrx_word' id='word_1_256' title='bbox 1027 2778 1191 2851; x_wconf 85' lang='grc' dir='ltr'>μίαν·</span> <span class='ocrx_word' id='word_1_257' title='bbox 1255 2777 1338 2833; x_wconf 84' lang='grc' dir='ltr'><strong>ὅτι</strong></span> <span class='ocrx_word' id='word_1_258' title='bbox 1406 2779 1550 2853; x_wconf 84' lang='grc' dir='ltr'><strong>Ἐγὼ</strong></span> <span class='ocrx_word' id='word_1_259' title='bbox 1621 2776 1679 2833; x_wconf 79' lang='grc' dir='ltr'><strong>δὲ</strong></span> <span class='ocrx_word' id='word_1_260' title='bbox 1737 2778 1878 2853; x_wconf 72' lang='grc' dir='ltr'>λέγω</span> <span class='ocrx_word' id='word_1_261' title='bbox 1937 2779 2012 2841; x_wconf 85' lang='grc' dir='ltr'><strong>είς</strong></span> 
     </span>
    </p>
   </div>
   <div class='ocr_carea' id='block_1_42' title="bbox 359 2865 2011 2944">
    <p class='ocr_par' dir='ltr' id='par_1_42' title="bbox 359 2865 2011 2944">
     <span class='ocr_line' id='line_1_42' title="bbox 359 2865 2011 2944; baseline -0.002 -19"><span class='ocrx_word' id='word_1_262' title='bbox 359 2870 595 2943; x_wconf 80' lang='grc' dir='ltr'>Χρ.στὸν</span> <span class='ocrx_word' id='word_1_263' title='bbox 683 2868 773 2923; x_wconf 82' lang='grc' dir='ltr'><strong>καὶ</strong></span> <span class='ocrx_word' id='word_1_264' title='bbox 853 2867 929 2929; x_wconf 80' lang='grc' dir='ltr'>εἷς</span> <span class='ocrx_word' id='word_1_265' title='bbox 1007 2872 1108 2936; x_wconf 78' lang='grc' dir='ltr'>τὴν</span> <span class='ocrx_word' id='word_1_266' title='bbox 1186 2865 1538 2937; x_wconf 87' lang='grc' dir='ltr'>Ἐκκλησίαν.</span> <span class='ocrx_word' id='word_1_267' title='bbox 1617 2868 1824 2941; x_wconf 87' lang='grc' dir='ltr'>Σαρκὸς</span> <span class='ocrx_word' id='word_1_268' title='bbox 1906 2869 2011 2944; x_wconf 89' lang='grc' dir='ltr'><strong>γάρ</strong></span> 
     </span>
    </p>
   </div>
   <div class='ocr_carea' id='block_1_43' title="bbox 359 2956 2015 3034">
    <p class='ocr_par' dir='ltr' id='par_1_43' title="bbox 359 2956 2015 3034">
     <span class='ocr_line' id='line_1_43' title="bbox 359 2956 2015 3034; baseline 0 -21"><span class='ocrx_word' id='word_1_269' title='bbox 359 2957 452 3013; x_wconf 81' lang='grc' dir='ltr'><strong>καὶ</strong></span> <span class='ocrx_word' id='word_1_270' title='bbox 483 2956 714 3030; x_wconf 61' lang='grc' dir='ltr'>αἳματος</span> <span class='ocrx_word' id='word_1_271' title='bbox 771 2961 1012 3034; x_wconf 79' lang='grc' dir='ltr'>Χριστοῦ</span> <span class='ocrx_word' id='word_1_272' title='bbox 1068 2959 1104 3025; x_wconf 79' lang='grc' dir='ltr'>ἡ</span> <span class='ocrx_word' id='word_1_273' title='bbox 1162 2960 1269 3011; x_wconf 90' lang='grc' dir='ltr'><strong>τῶν</strong></span> <span class='ocrx_word' id='word_1_274' title='bbox 1330 2961 1534 3011; x_wconf 81' lang='grc' dir='ltr'>πιστῶν</span> <span class='ocrx_word' id='word_1_275' title='bbox 1589 2956 1891 3028; x_wconf 83' lang='grc' dir='ltr'>Ἐκκλησία</span> <span class='ocrx_word' id='word_1_276' title='bbox 1924 2979 2015 3032; x_wconf 82' lang='grc' dir='ltr'>με·</span> 
     </span>
    </p>
   </div>
   <div class='ocr_carea' id='block_1_44' title="bbox 354 3042 2011 3121">
    <p class='ocr_par' dir='ltr' id='par_1_44' title="bbox 354 3042 2011 3121">
     <span class='ocr_line' id='line_1_44' title="bbox 354 3042 2011 3121; baseline 0 -19"><span class='ocrx_word' id='word_1_277' title='bbox 354 3042 806 3121; x_wconf 85' lang='grc' dir='ltr'>ταλαμϐάνουσα,</span> <span class='ocrx_word' id='word_1_278' title='bbox 863 3046 953 3101; x_wconf 85' lang='grc' dir='ltr'><strong>καὶ</strong></span> <span class='ocrx_word' id='word_1_279' title='bbox 1012 3044 1302 3119; x_wconf 89' lang='grc' dir='ltr'>σύσσωμος</span> <span class='ocrx_word' id='word_1_280' title='bbox 1360 3045 1505 3118; x_wconf 83' lang='grc' dir='ltr'><strong>αὐτῷ</strong></span> <span class='ocrx_word' id='word_1_281' title='bbox 1558 3048 1816 3121; x_wconf 68' lang='grc' dir='ltr'>γινομένη</span> <span class='ocrx_word' id='word_1_282' title='bbox 1848 3090 1861 3115; x_wconf 90' lang='grc'><strong>,</strong></span> <span class='ocrx_word' id='word_1_283' title='bbox 1921 3049 2011 3103; x_wconf 89' lang='grc' dir='ltr'><strong>καὶ</strong></span> 
     </span>
    </p>
   </div>
   <div class='ocr_carea' id='block_1_45' title="bbox 348 3133 2009 3212">
    <p class='ocr_par' dir='ltr' id='par_1_45' title="bbox 348 3133 2009 3212">
     <span class='ocr_line' id='line_1_45' title="bbox 348 3133 2009 3212; baseline 0 -21"><span class='ocrx_word' id='word_1_284' title='bbox 348 3136 487 3191; x_wconf 85' lang='grc' dir='ltr'><strong>κατά</strong></span> <span class='ocrx_word' id='word_1_285' title='bbox 536 3140 735 3212; x_wconf 89' lang='grc' dir='ltr'>γνῶσιν</span> <span class='ocrx_word' id='word_1_286' title='bbox 796 3134 922 3198; x_wconf 77' lang='grc' dir='ltr'>τοὺς</span> <span class='ocrx_word' id='word_1_287' title='bbox 976 3134 1101 3211; x_wconf 82' lang='grc' dir='ltr'>περὶ</span> <span class='ocrx_word' id='word_1_288' title='bbox 1160 3133 1484 3209; x_wconf 86' lang='grc' dir='ltr'>σαρκώσεως</span> <span class='ocrx_word' id='word_1_289' title='bbox 1546 3134 1743 3211; x_wconf 86' lang='grc' dir='ltr'>λόγους</span> <span class='ocrx_word' id='word_1_290' title='bbox 1792 3133 1861 3189; x_wconf 83' lang='grc' dir='ltr'>δι’</span> <span class='ocrx_word' id='word_1_291' title='bbox 1914 3135 2009 3211; x_wconf 86' lang='grc' dir='ltr'>ἀγ-</span> 
     </span>
    </p>
   </div>
   <div class='ocr_carea' id='block_1_46' title="bbox 348 3223 2006 3301">
    <p class='ocr_par' dir='ltr' id='par_1_46' title="bbox 348 3223 2006 3301">
     <span class='ocr_line' id='line_1_46' title="bbox 348 3223 2006 3301; baseline 0 -21"><span class='ocrx_word' id='word_1_292' title='bbox 348 3224 529 3301; x_wconf 71' lang='grc' dir='ltr'>γέλων</span> <span class='ocrx_word' id='word_1_293' title='bbox 591 3224 932 3297; x_wconf 73' lang='grc' dir='ltr'>μανθάνουσα</span> <span class='ocrx_word' id='word_1_294' title='bbox 965 3272 978 3293; x_wconf 88' lang='grc'><strong>,</strong></span> <span class='ocrx_word' id='word_1_295' title='bbox 1037 3224 1127 3279; x_wconf 87' lang='grc' dir='ltr'><strong>καὶ</strong></span> <span class='ocrx_word' id='word_1_296' title='bbox 1186 3225 1303 3279; x_wconf 87' lang='grc' dir='ltr'>κατ’</span> <span class='ocrx_word' id='word_1_297' title='bbox 1362 3225 1557 3300; x_wconf 73' lang='grc' dir='ltr'>ἀρετὴν</span> <span class='ocrx_word' id='word_1_298' title='bbox 1616 3223 1746 3286; x_wconf 80' lang='grc' dir='ltr'>τοὺς</span> <span class='ocrx_word' id='word_1_299' title='bbox 1800 3225 2006 3281; x_wconf 89' lang='grc' dir='ltr'>τούτων</span> 
     </span>
    </p>
   </div>
   <div class='ocr_carea' id='block_1_47' title="bbox 345 3310 2008 3392">
    <p class='ocr_par' dir='ltr' id='par_1_47' title="bbox 345 3310 2008 3392">
     <span class='ocr_line' id='line_1_47' title="bbox 345 3310 2008 3392; baseline 0 -22"><span class='ocrx_word' id='word_1_300' title='bbox 345 3315 587 3388; x_wconf 87' lang='grc' dir='ltr'>τρόπους</span> <span class='ocrx_word' id='word_1_301' title='bbox 639 3314 981 3392; x_wconf 78' lang='grc' dir='ltr'>ἐκφαίνουσα,</span> <span class='ocrx_word' id='word_1_302' title='bbox 1038 3312 1115 3377; x_wconf 73' lang='grc' dir='ltr'>εἴς</span> <span class='ocrx_word' id='word_1_303' title='bbox 1166 3314 1319 3369; x_wconf 76' lang='grc' dir='ltr'>οἶκον</span> <span class='ocrx_word' id='word_1_304' title='bbox 1345 3318 1442 3369; x_wconf 91' lang='grc' dir='ltr'><strong>τοῦ</strong></span> <span class='ocrx_word' id='word_1_305' title='bbox 1489 3310 1638 3368; x_wconf 79' lang='grc' dir='ltr'>οἷ’νου</span> <span class='ocrx_word' id='word_1_306' title='bbox 1682 3314 2008 3391; x_wconf 74' lang='grc' dir='ltr'>εἰσέρχεται,</span> 
     </span>
    </p>
   </div>
   <div class='ocr_carea' id='block_1_48' title="bbox 352 3400 2008 3478">
    <p class='ocr_par' dir='ltr' id='par_1_48' title="bbox 352 3400 2008 3478">
     <span class='ocr_line' id='line_1_48' title="bbox 352 3400 2008 3478; baseline 0.001 -20"><span class='ocrx_word' id='word_1_307' title='bbox 352 3404 679 3477; x_wconf 75' lang='grc' dir='ltr'>οἰκητήριον</span> <span class='ocrx_word' id='word_1_308' title='bbox 750 3407 883 3458; x_wconf 81' lang='grc' dir='ltr'>Θεοῦ</span> <span class='ocrx_word' id='word_1_309' title='bbox 950 3402 1366 3476; x_wconf 77' lang='grc' dir='ltr'>ἀποτελουμὲνη</span> <span class='ocrx_word' id='word_1_310' title='bbox 1415 3400 1467 3457; x_wconf 81' lang='grc' dir='ltr'>ἐν</span> <span class='ocrx_word' id='word_1_311' title='bbox 1524 3402 1665 3478; x_wconf 81' lang='grc' dir='ltr'>ἁγίῳ</span> <span class='ocrx_word' id='word_1_312' title='bbox 1714 3404 2008 3477; x_wconf 82' lang='grc' dir='ltr'>Πνεύματι.</span> 
     </span>
    </p>
   </div>
   <div class='ocr_carea' id='block_1_49' title="bbox 352 3490 2012 3567">
    <p class='ocr_par' dir='ltr' id='par_1_49' title="bbox 352 3490 2012 3567">
     <span class='ocr_line' id='line_1_49' title="bbox 352 3490 2012 3567; baseline 0.001 -20"><span class='ocrx_word' id='word_1_313' title='bbox 352 3490 512 3549; x_wconf 76' lang='grc' dir='ltr'>Οὕτω</span> <span class='ocrx_word' id='word_1_314' title='bbox 543 3490 602 3548; x_wconf 78' lang='grc' dir='ltr'><strong>δὶ</strong></span> <span class='ocrx_word' id='word_1_315' title='bbox 652 3491 729 3555; x_wconf 80' lang='grc' dir='ltr'>εἷς</span> <span class='ocrx_word' id='word_1_316' title='bbox 779 3493 929 3547; x_wconf 70' lang='grc' dir='ltr'>οἶκον</span> <span class='ocrx_word' id='word_1_317' title='bbox 976 3496 1074 3548; x_wconf 86' lang='grc' dir='ltr'><strong>τοῦ</strong></span> <span class='ocrx_word' id='word_1_318' title='bbox 1126 3491 1276 3547; x_wconf 80' lang='grc' dir='ltr'>οἷ’νου</span> <span class='ocrx_word' id='word_1_319' title='bbox 1318 3491 1696 3567; x_wconf 78' lang='grc' dir='ltr'>εἰσαγαγόντες</span> <span class='ocrx_word' id='word_1_320' title='bbox 1728 3514 1797 3566; x_wconf 90' lang='grc' dir='ltr'><strong>με</strong></span> <span class='ocrx_word' id='word_1_321' title='bbox 1824 3494 2012 3564; x_wconf 77' lang='grc' dir='ltr'>τάξατε</span> 
     </span>
    </p>
   </div>
   <div class='ocr_carea' id='block_1_50' title="bbox 352 3579 2008 3659">
    <p class='ocr_par' dir='ltr' id='par_1_50' title="bbox 352 3579 2008 3659">
     <span class='ocr_line' id='line_1_50' title="bbox 352 3579 2008 3659; baseline 0.001 -22"><span class='ocrx_word' id='word_1_322' title='bbox 352 3582 438 3637; x_wconf 66' lang='grc' dir='ltr'><strong>ἐπ’</strong></span> <span class='ocrx_word' id='word_1_323' title='bbox 527 3580 627 3653; x_wconf 59' lang='lat' dir='ltr'><strong>ius</strong></span> <span class='ocrx_word' id='word_1_324' title='bbox 706 3581 945 3655; x_wconf 81' lang='grc' dir='ltr'>ἀγάπην·</span> <span class='ocrx_word' id='word_1_325' title='bbox 1026 3579 1173 3653; x_wconf 70' lang='grc' dir='ltr'>ἤτοι,</span> <span class='ocrx_word' id='word_1_326' title='bbox 1251 3583 1358 3651; x_wconf 81' lang='grc' dir='ltr'><strong>Τὴν</strong></span> <span class='ocrx_word' id='word_1_327' title='bbox 1436 3582 1572 3637; x_wconf 86' lang='grc' dir='ltr'><strong>κατά</strong></span> <span class='ocrx_word' id='word_1_328' title='bbox 1643 3582 1805 3659; x_wconf 84' lang='grc' dir='ltr'>χάριν</span> <span class='ocrx_word' id='word_1_329' title='bbox 1864 3584 2008 3639; x_wconf 85' lang='grc' dir='ltr'>θείαν</span> 
     </span>
    </p>
   </div>
   <div class='ocr_carea' id='block_1_51' title="bbox 352 3669 2013 3747">
    <p class='ocr_par' dir='ltr' id='par_1_51' title="bbox 352 3669 2013 3747">
     <span class='ocr_line' id='line_1_51' title="bbox 352 3669 2013 3747; baseline 0 -20"><span class='ocrx_word' id='word_1_330' title='bbox 352 3670 641 3727; x_wconf 81' lang='grc' dir='ltr'>κοινωνίαν</span> <span class='ocrx_word' id='word_1_331' title='bbox 676 3714 691 3739; x_wconf 96' lang='grc'><strong>,</strong></span> <span class='ocrx_word' id='word_1_332' title='bbox 749 3671 818 3740; x_wconf 77' lang='grc' dir='ltr'><strong>ἧς</strong></span> <span class='ocrx_word' id='word_1_333' title='bbox 848 3669 1083 3744; x_wconf 82' lang='grc' dir='ltr'>’πρῶτοι</span> <span class='ocrx_word' id='word_1_334' title='bbox 1136 3671 1290 3726; x_wconf 79' lang='grc' dir='ltr'>αὐτοὶ</span> <span class='ocrx_word' id='word_1_335' title='bbox 1338 3672 1475 3727; x_wconf 80' lang='grc' dir='ltr'>κατὰ</span> <span class='ocrx_word' id='word_1_336' title='bbox 1527 3671 1673 3742; x_wconf 83' lang='grc' dir='ltr'>τάξιν</span> <span class='ocrx_word' id='word_1_337' title='bbox 1736 3670 2013 3747; x_wconf 82' lang='grc' dir='ltr'>μεταλαμ-</span> 
     </span>
    </p>
   </div>
   <div class='ocr_carea' id='block_1_52' title="bbox 350 3755 2007 3836">
    <p class='ocr_par' dir='ltr' id='par_1_52' title="bbox 350 3755 2007 3836">
     <span class='ocr_line' id='line_1_52' title="bbox 350 3755 2007 3836; baseline 0.002 -21"><span class='ocrx_word' id='word_1_338' title='bbox 350 3755 561 3816; x_wconf 85' lang='grc' dir='ltr'>ϐάνετε·</span> <span class='ocrx_word' id='word_1_339' title='bbox 619 3761 809 3833; x_wconf 79' lang='grc' dir='ltr'>τάξατε</span> <span class='ocrx_word' id='word_1_340' title='bbox 862 3760 953 3815; x_wconf 85' lang='grc' dir='ltr'><strong>καὶ</strong></span> <span class='ocrx_word' id='word_1_341' title='bbox 1013 3760 1096 3815; x_wconf 69' lang='grc' dir='ltr'><strong>ἐπ’</strong></span> <span class='ocrx_word' id='word_1_342' title='bbox 1153 3760 1273 3835; x_wconf 75' lang='grc' dir='ltr'>ἐμὲ,</span> <span class='ocrx_word' id='word_1_343' title='bbox 1325 3758 1609 3836; x_wconf 84' lang='grc' dir='ltr'>ἀναλόγως</span> <span class='ocrx_word' id='word_1_344' title='bbox 1640 3757 1861 3816; x_wconf 64' lang='grc' dir='ltr'>ἕκαστον</span> <span class='ocrx_word' id='word_1_345' title='bbox 1900 3767 2007 3818; x_wconf 89' lang='grc' dir='ltr'><strong>τῶν</strong></span> 
     </span>
    </p>
   </div>
   <div class='ocr_carea' id='block_1_53' title="bbox 349 3849 2012 3925">
    <p class='ocr_par' dir='ltr' id='par_1_53' title="bbox 349 3849 2012 3925">
     <span class='ocr_line' id='line_1_53' title="bbox 349 3849 2012 3925; baseline 0.002 -20"><span class='ocrx_word' id='word_1_346' title='bbox 349 3853 559 3905; x_wconf 83' lang='grc' dir='ltr'>πιστῶν</span> <span class='ocrx_word' id='word_1_347' title='bbox 649 3853 1139 3925; x_wconf 86' lang='grc' dir='ltr'>μυσταγωγοῦντες</span> <span class='ocrx_word' id='word_1_348' title='bbox 1221 3849 1289 3905; x_wconf 80' lang='grc' dir='ltr'><strong>τὰ</strong></span> <span class='ocrx_word' id='word_1_349' title='bbox 1366 3851 1502 3907; x_wconf 88' lang='grc' dir='ltr'>θεῖα.</span> <span class='ocrx_word' id='word_1_350' title='bbox 1584 3850 1879 3922; x_wconf 79' lang='grc' dir='ltr'>Στηρίξατέ</span> <span class='ocrx_word' id='word_1_351' title='bbox 1943 3873 2012 3925; x_wconf 86' lang='grc' dir='ltr'><strong>με</strong></span> 
     </span>
    </p>
   </div>
   <div class='ocr_carea' id='block_1_54' title="bbox 338 3936 2009 4016">
    <p class='ocr_par' dir='ltr' id='par_1_54' title="bbox 338 3936 2009 4016">
     <span class='ocr_line' id='line_1_54' title="bbox 338 3936 2009 4016; baseline 0.001 -22"><span class='ocrx_word' id='word_1_352' title='bbox 338 3938 395 3994; x_wconf 70' lang='grc' dir='ltr'>ἐν</span> <span class='ocrx_word' id='word_1_353' title='bbox 461 3937 674 4013; x_wconf 86' lang='grc' dir='ltr'>μύροις·</span> <span class='ocrx_word' id='word_1_354' title='bbox 736 3936 978 4011; x_wconf 80' lang='grc' dir='ltr'>δηλαδὴ,</span> <span class='ocrx_word' id='word_1_355' title='bbox 1032 3937 1250 3994; x_wconf 81' lang='grc' dir='ltr'>Ῥύσατὲ</span> <span class='ocrx_word' id='word_1_356' title='bbox 1286 3960 1351 4013; x_wconf 88' lang='grc' dir='ltr'><strong>με</strong></span> <span class='ocrx_word' id='word_1_357' title='bbox 1381 3939 1433 3994; x_wconf 75' lang='grc' dir='ltr'>ἐν</span> <span class='ocrx_word' id='word_1_358' title='bbox 1471 3944 1586 4001; x_wconf 89' lang='grc' dir='ltr'>τοῖς</span> <span class='ocrx_word' id='word_1_359' title='bbox 1618 3936 1767 4005; x_wconf 82' lang='grc' dir='ltr'>δίκην</span> <span class='ocrx_word' id='word_1_360' title='bbox 1818 3938 2009 4016; x_wconf 89' lang='grc' dir='ltr'>μύρων</span> 
     </span>
    </p>
   </div>
   <div class='ocr_carea' id='block_1_55' title="bbox 365 4024 2011 4105">
    <p class='ocr_par' dir='ltr' id='par_1_55' title="bbox 365 4024 2011 4105">
     <span class='ocr_line' id='line_1_55' title="bbox 365 4024 2011 4105; baseline 0.001 -23"><span class='ocrx_word' id='word_1_361' title='bbox 365 4024 745 4097; x_wconf 74' lang='grc' dir='ltr'>εὒωὸιάζουσιν</span> <span class='ocrx_word' id='word_1_362' title='bbox 795 4028 895 4091; x_wconf 78' lang='grc' dir='ltr'><strong>τὰς</strong></span> <span class='ocrx_word' id='word_1_363' title='bbox 941 4028 1124 4105; x_wconf 82' lang='grc' dir='ltr'>ψυχὰς</span> <span class='ocrx_word' id='word_1_364' title='bbox 1170 4033 1281 4083; x_wconf 89' lang='grc' dir='ltr'><strong>τῶν</strong></span> <span class='ocrx_word' id='word_1_365' title='bbox 1329 4032 1534 4083; x_wconf 88' lang='grc' dir='ltr'>πιστῶν</span> <span class='ocrx_word' id='word_1_366' title='bbox 1590 4032 1686 4083; x_wconf 89' lang='grc' dir='ltr'><strong>τοῦ</strong></span> <span class='ocrx_word' id='word_1_367' title='bbox 1741 4027 2011 4105; x_wconf 88' lang='grc' dir='ltr'>παναγίου</span> 
     </span>
    </p>
   </div>
   <div class='ocr_carea' id='block_1_56' title="bbox 351 4113 2007 4195">
    <p class='ocr_par' dir='ltr' id='par_1_56' title="bbox 351 4113 2007 4195">
     <span class='ocr_line' id='line_1_56' title="bbox 351 4113 2007 4195; baseline 0.001 -23"><span class='ocrx_word' id='word_1_368' title='bbox 351 4115 662 4188; x_wconf 85' lang='grc' dir='ltr'>Πνεύματος</span> <span class='ocrx_word' id='word_1_369' title='bbox 742 4117 1070 4195; x_wconf 84' lang='grc' dir='ltr'>χαρίσματι,</span> <span class='ocrx_word' id='word_1_370' title='bbox 1151 4117 1241 4173; x_wconf 82' lang='grc' dir='ltr'><strong>καὶ</strong></span> <span class='ocrx_word' id='word_1_371' title='bbox 1321 4118 1461 4193; x_wconf 88' lang='grc' dir='ltr'>πρὸς</span> <span class='ocrx_word' id='word_1_372' title='bbox 1546 4113 1849 4173; x_wconf 75' lang='grc' dir='ltr'>θεοσέϐειαν</span> <span class='ocrx_word' id='word_1_373' title='bbox 1925 4117 2007 4174; x_wconf 67' lang='lat' dir='ltr'><strong>iv-</strong></span> 
     </span>
    </p>
   </div>
   <div class='ocr_carea' id='block_1_57' title="bbox 346 4204 2009 4282">
    <p class='ocr_par' dir='ltr' id='par_1_57' title="bbox 346 4204 2009 4282">
     <span class='ocr_line' id='line_1_57' title="bbox 346 4204 2009 4282; baseline 0.002 -22"><span class='ocrx_word' id='word_1_374' title='bbox 346 4204 604 4282; x_wconf 85' lang='grc' dir='ltr'>ισχύσατε</span> <span class='ocrx_word' id='word_1_375' title='bbox 658 4208 758 4275; x_wconf 79' lang='grc' dir='ltr'>τὴν</span> <span class='ocrx_word' id='word_1_376' title='bbox 812 4204 901 4261; x_wconf 82' lang='grc' dir='ltr'>διά</span> <span class='ocrx_word' id='word_1_377' title='bbox 956 4208 1055 4275; x_wconf 77' lang='grc' dir='ltr'>τὴν</span> <span class='ocrx_word' id='word_1_378' title='bbox 1118 4208 1437 4279; x_wconf 72' lang='grc' dir='ltr'>σωματικήν</span> <span class='ocrx_word' id='word_1_379' title='bbox 1499 4206 1770 4271; x_wconf 63' lang='grc' dir='ltr'>ἀσθίνειάν</span> <span class='ocrx_word' id='word_1_380' title='bbox 1815 4207 2009 4263; x_wconf 74' lang='grc' dir='ltr'>ἐκλυο-</span> 
     </span>
    </p>
   </div>
   <div class='ocr_carea' id='block_1_58' title="bbox 348 4290 2008 4370">
    <p class='ocr_par' dir='ltr' id='par_1_58' title="bbox 348 4290 2008 4370">
     <span class='ocr_line' id='line_1_58' title="bbox 348 4290 2008 4370; baseline 0.001 -19"><span class='ocrx_word' id='word_1_381' title='bbox 348 4302 538 4368; x_wconf 67' lang='grc' dir='ltr'>μίνην.</span> <span class='ocrx_word' id='word_1_382' title='bbox 575 4290 874 4351; x_wconf 81' lang='grc' dir='ltr'>Στιϐάσατὲ</span> <span class='ocrx_word' id='word_1_383' title='bbox 925 4317 993 4369; x_wconf 86' lang='grc' dir='ltr'><strong>με</strong></span> <span class='ocrx_word' id='word_1_384' title='bbox 1040 4296 1091 4351; x_wconf 73' lang='grc' dir='ltr'>ἰν</span> <span class='ocrx_word' id='word_1_385' title='bbox 1147 4295 1369 4368; x_wconf 76' lang='grc' dir='ltr'>μήλοις·</span> <span class='ocrx_word' id='word_1_386' title='bbox 1429 4293 1625 4370; x_wconf 76' lang='grc' dir='ltr'>ἤγουν,</span> <span class='ocrx_word' id='word_1_387' title='bbox 1675 4295 2008 4367; x_wconf 72' lang='grc' dir='ltr'>Ηληρώσατὲ</span> 
     </span>
    </p>
   </div>
   <div class='ocr_carea' id='block_1_59' title="bbox 348 4382 2008 4462">
    <p class='ocr_par' dir='ltr' id='par_1_59' title="bbox 348 4382 2008 4462">
     <span class='ocr_line' id='line_1_59' title="bbox 348 4382 2008 4462; baseline 0.002 -24"><span class='ocrx_word' id='word_1_388' title='bbox 348 4405 418 4457; x_wconf 85' lang='grc' dir='ltr'><strong>με</strong></span> <span class='ocrx_word' id='word_1_389' title='bbox 446 4384 700 4460; x_wconf 87' lang='grc' dir='ltr'>γνώσεως</span> <span class='ocrx_word' id='word_1_390' title='bbox 743 4384 888 4447; x_wconf 84' lang='grc' dir='ltr'>θείας</span> <span class='ocrx_word' id='word_1_391' title='bbox 936 4383 989 4439; x_wconf 82' lang='grc' dir='ltr'>ἐν</span> <span class='ocrx_word' id='word_1_392' title='bbox 1033 4390 1151 4447; x_wconf 84' lang='grc' dir='ltr'>τοῖς</span> <span class='ocrx_word' id='word_1_393' title='bbox 1200 4382 1358 4456; x_wconf 83' lang='grc' dir='ltr'>δίκην</span> <span class='ocrx_word' id='word_1_394' title='bbox 1407 4385 1602 4457; x_wconf 75' lang='grc' dir='ltr'>μήλων</span> <span class='ocrx_word' id='word_1_395' title='bbox 1634 4385 1725 4440; x_wconf 86' lang='grc' dir='ltr'><strong>τὸν</strong></span> <span class='ocrx_word' id='word_1_396' title='bbox 1760 4384 2008 4462; x_wconf 89' lang='grc' dir='ltr'>λάρυγγα</span> 
     </span>
    </p>
   </div>
   <div class='ocr_carea' id='block_1_60' title="bbox 340 4471 2008 4549">
    <p class='ocr_par' dir='ltr' id='par_1_60' title="bbox 340 4471 2008 4549">
     <span class='ocr_line' id='line_1_60' title="bbox 340 4471 2008 4549; baseline 0.001 -22"><span class='ocrx_word' id='word_1_397' title='bbox 340 4471 696 4549; x_wconf 80' lang='grc' dir='ltr'>γλυκαίνουσι</span> <span class='ocrx_word' id='word_1_398' title='bbox 775 4474 942 4538; x_wconf 87' lang='grc' dir='ltr'>θείοις</span> <span class='ocrx_word' id='word_1_399' title='bbox 1020 4473 1254 4549; x_wconf 88' lang='grc' dir='ltr'>λογίοις·</span> <span class='ocrx_word' id='word_1_400' title='bbox 1334 4477 1503 4529; x_wconf 85' lang='grc' dir='ltr'>ταῦτα</span> <span class='ocrx_word' id='word_1_401' title='bbox 1580 4471 1637 4529; x_wconf 81' lang='grc' dir='ltr'><strong>δὲ</strong></span> <span class='ocrx_word' id='word_1_402' title='bbox 1694 4472 1828 4528; x_wconf 70' lang='grc' dir='ltr'>αἰτῶ</span> <span class='ocrx_word' id='word_1_403' title='bbox 1882 4483 2008 4549; x_wconf 82' lang='grc' dir='ltr'>παρ’</span> 
     </span>
    </p>
   </div>
   <div class='ocr_carea' id='block_1_61' title="bbox 340 4562 2001 4640">
    <p class='ocr_par' dir='ltr' id='par_1_61' title="bbox 340 4562 2001 4640">
     <span class='ocr_line' id='line_1_61' title="bbox 340 4562 2001 4640; baseline 0 -23"><span class='ocrx_word' id='word_1_404' title='bbox 340 4563 518 4636; x_wconf 76' lang='grc' dir='ltr'>ὑμῶν,</span> <span class='ocrx_word' id='word_1_405' title='bbox 577 4565 701 4621; x_wconf 76' lang='grc' dir='ltr'>’Ότι</span> <span class='ocrx_word' id='word_1_406' title='bbox 755 4564 1072 4640; x_wconf 76' lang='grc' dir='ltr'>τετρωμὲνη</span> <span class='ocrx_word' id='word_1_407' title='bbox 1128 4563 1343 4639; x_wconf 84' lang='grc' dir='ltr'>ἀγάπης</span> <span class='ocrx_word' id='word_1_408' title='bbox 1390 4562 1519 4638; x_wconf 82' lang='grc' dir='ltr'>ἐγώ.</span> <span class='ocrx_word' id='word_1_409' title='bbox 1572 4566 1751 4631; x_wconf 79' lang='grc' dir='ltr'>”¹Ητοι,</span> <span class='ocrx_word' id='word_1_410' title='bbox 1778 4562 2001 4635; x_wconf 80' lang='grc' dir='ltr'>Ἐπειδὴ</span> 
     </span>
    </p>
   </div>
   <div class='ocr_carea' id='block_1_62' title="bbox 2117 1976 3771 2051">
    <p class='ocr_par' dir='ltr' id='par_1_62' title="bbox 2117 1976 3771 2051">
     <span class='ocr_line' id='line_1_62' title="bbox 2117 1976 3771 2051; baseline 0.004 -20"><span class='ocrx_word' id='word_1_411' title='bbox 2117 1977 2273 2049; x_wconf 88' lang='lat' dir='ltr'><strong>pturi</strong></span> <span class='ocrx_word' id='word_1_412' title='bbox 2306 1976 2374 2041; x_wconf 85' lang='grc'><strong>²¹,</strong></span> <span class='ocrx_word' id='word_1_413' title='bbox 2409 1981 2575 2048; x_wconf 85' lang='lat' dir='ltr'><strong>rogat</strong></span> <span class='ocrx_word' id='word_1_414' title='bbox 2606 1981 2671 2032; x_wconf 93' lang='lat' dir='ltr'><strong>ut</strong></span> <span class='ocrx_word' id='word_1_415' title='bbox 2720 1976 2833 2032; x_wconf 89' lang='lat' dir='ltr'><strong>sibi</strong></span> <span class='ocrx_word' id='word_1_416' title='bbox 2887 1982 3097 2049; x_wconf 72' lang='lat' dir='ltr'><strong>praesto</strong></span> <span class='ocrx_word' id='word_1_417' title='bbox 3148 1978 3289 2043; x_wconf 89' lang='lat' dir='ltr'><strong>sint,</strong></span> <span class='ocrx_word' id='word_1_418' title='bbox 3335 1978 3409 2034; x_wconf 90' lang='lat' dir='ltr'><strong>ad</strong></span> <span class='ocrx_word' id='word_1_419' title='bbox 3459 1996 3771 2051; x_wconf 89' lang='lat' dir='ltr'><strong>perennem</strong></span> 
     </span>
    </p>
   </div>
   <div class='ocr_carea' id='block_1_63' title="bbox 2118 2065 3773 2140">
    <p class='ocr_par' dir='ltr' id='par_1_63' title="bbox 2118 2065 3773 2140">
     <span class='ocr_line' id='line_1_63' title="bbox 2118 2065 3773 2140; baseline 0.002 -18"><span class='ocrx_word' id='word_1_420' title='bbox 2118 2068 2244 2139; x_wconf 88' lang='lat' dir='ltr'><strong>ejus</strong></span> <span class='ocrx_word' id='word_1_421' title='bbox 2296 2065 2633 2121; x_wconf 84' lang='lat' dir='ltr'><strong>fruitionem</strong></span> <span class='ocrx_word' id='word_1_422' title='bbox 2687 2067 3119 2137; x_wconf 85' lang='lat' dir='ltr'><strong>assequendam</strong></span> <span class='ocrx_word' id='word_1_423' title='bbox 3171 2083 3185 2122; x_wconf 89' lang='lat'>:</span> <span class='ocrx_word' id='word_1_424' title='bbox 3244 2069 3626 2140; x_wconf 88' lang='lat' dir='ltr'><strong>Introducite,</strong></span> <span class='ocrx_word' id='word_1_425' title='bbox 3679 2070 3773 2125; x_wconf 92' lang='lat' dir='ltr'><strong>in-</strong></span> 
     </span>
    </p>
   </div>
   <div class='ocr_carea' id='block_1_64' title="bbox 2119 2154 3776 2228">
    <p class='ocr_par' dir='ltr' id='par_1_64' title="bbox 2119 2154 3776 2228">
     <span class='ocr_line' id='line_1_64' title="bbox 2119 2154 3776 2228; baseline 0.002 -18"><span class='ocrx_word' id='word_1_426' title='bbox 2119 2155 2350 2228; x_wconf 89' lang='lat' dir='ltr'><strong>quiens,</strong></span> <span class='ocrx_word' id='word_1_427' title='bbox 2405 2172 2498 2210; x_wconf 89' lang='lat' dir='ltr'><strong>me</strong></span> <span class='ocrx_word' id='word_1_428' title='bbox 2546 2156 2603 2209; x_wconf 89' lang='lat' dir='ltr'><strong>in</strong></span> <span class='ocrx_word' id='word_1_429' title='bbox 2638 2154 2845 2211; x_wconf 85' lang='lat' dir='ltr'><strong>cellam</strong></span> <span class='ocrx_word' id='word_1_430' title='bbox 2878 2154 3018 2223; x_wconf 91' lang='lat' dir='ltr'><strong>vini,</strong></span> <span class='ocrx_word' id='word_1_431' title='bbox 3053 2156 3161 2211; x_wconf 90' lang='lat' dir='ltr'><strong>hoc</strong></span> <span class='ocrx_word' id='word_1_432' title='bbox 3192 2162 3301 2225; x_wconf 89' lang='lat' dir='ltr'><strong>est,</strong></span> <span class='ocrx_word' id='word_1_433' title='bbox 3336 2158 3536 2213; x_wconf 88' lang='lat' dir='ltr'><strong>docete</strong></span> <span class='ocrx_word' id='word_1_434' title='bbox 3564 2175 3656 2215; x_wconf 88' lang='lat' dir='ltr'><strong>me</strong></span> <span class='ocrx_word' id='word_1_435' title='bbox 3687 2158 3776 2214; x_wconf 88' lang='lat' dir='ltr'><strong>di-</strong></span> 
     </span>
    </p>
   </div>
   <div class='ocr_carea' id='block_1_65' title="bbox 2116 2244 3764 2304">
    <p class='ocr_par' dir='ltr' id='par_1_65' title="bbox 2116 2244 3764 2304">
     <span class='ocr_line' id='line_1_65' title="bbox 2116 2244 3764 2304; baseline 0.003 -5"><span class='ocrx_word' id='word_1_436' title='bbox 2116 2244 2285 2301; x_wconf 88' lang='lat' dir='ltr'><strong>vinas</strong></span> <span class='ocrx_word' id='word_1_437' title='bbox 2312 2244 2739 2300; x_wconf 83' lang='lat' dir='ltr'><strong>incarnationis</strong></span> <span class='ocrx_word' id='word_1_438' title='bbox 2771 2245 3048 2300; x_wconf 87' lang='lat' dir='ltr'><strong>rationes.</strong></span> <span class='ocrx_word' id='word_1_439' title='bbox 3082 2245 3265 2301; x_wconf 91' lang='lat' dir='ltr'><strong>Deum</strong></span> <span class='ocrx_word' id='word_1_440' title='bbox 3300 2246 3456 2302; x_wconf 89' lang='lat' dir='ltr'><strong>enim</strong></span> <span class='ocrx_word' id='word_1_441' title='bbox 3504 2247 3764 2304; x_wconf 86' lang='lat' dir='ltr'><strong>Verbum</strong></span> 
     </span>
    </p>
   </div>
   <div class='ocr_carea' id='block_1_66' title="bbox 2118 2333 3776 2407">
    <p class='ocr_par' dir='ltr' id='par_1_66' title="bbox 2118 2333 3776 2407">
     <span class='ocr_line' id='line_1_66' title="bbox 2118 2333 3776 2407; baseline 0.001 -17"><span class='ocrx_word' id='word_1_442' title='bbox 2118 2333 3019 2407; x_wconf 83' lang='lat' dir='ltr'><strong>appellatvinum,quod&#39;_animas</strong></span> <span class='ocrx_word' id='word_1_443' title='bbox 3036 2335 3407 2405; x_wconf 86' lang='lat' dir='ltr'><strong>gustantium</strong></span> <span class='ocrx_word' id='word_1_444' title='bbox 3427 2334 3776 2392; x_wconf 65' lang='lat' dir='ltr'><strong>lastitiaafﬁ-</strong></span> 
     </span>
    </p>
   </div>
   <div class='ocr_carea' id='block_1_67' title="bbox 2121 2422 3782 2494">
    <p class='ocr_par' dir='ltr' id='par_1_67' title="bbox 2121 2422 3782 2494">
     <span class='ocr_line' id='line_1_67' title="bbox 2121 2422 3782 2494; baseline 0.002 -16"><span class='ocrx_word' id='word_1_445' title='bbox 2121 2425 2199 2479; x_wconf 86' lang='lat' dir='ltr'><strong>cit</strong></span> <span class='ocrx_word' id='word_1_446' title='bbox 2220 2424 2290 2477; x_wconf 91' lang='lat' dir='ltr'><strong>ad</strong></span> <span class='ocrx_word' id='word_1_447' title='bbox 2315 2423 2803 2494; x_wconf 89' lang='lat' dir='ltr'><strong>divinitatemque</strong></span> <span class='ocrx_word' id='word_1_448' title='bbox 2827 2422 3110 2492; x_wconf 77' lang='lat' dir='ltr'><strong>perducit.</strong></span> <span class='ocrx_word' id='word_1_449' title='bbox 3147 2424 3334 2493; x_wconf 87' lang='lat' dir='ltr'><strong>Hujus</strong></span> <span class='ocrx_word' id='word_1_450' title='bbox 3356 2424 3504 2480; x_wconf 88' lang='lat' dir='ltr'><strong>cella</strong></span> <span class='ocrx_word' id='word_1_451' title='bbox 3526 2441 3660 2480; x_wconf 87' lang='lat' dir='ltr'><strong>caro</strong></span> <span class='ocrx_word' id='word_1_452' title='bbox 3690 2430 3782 2481; x_wconf 87' lang='lat' dir='ltr'><strong>est</strong></span> 
     </span>
    </p>
   </div>
   <div class='ocr_carea' id='block_1_68' title="bbox 2121 2512 3784 2585">
    <p class='ocr_par' dir='ltr' id='par_1_68' title="bbox 2121 2512 3784 2585">
     <span class='ocr_line' id='line_1_68' title="bbox 2121 2512 3784 2585; baseline 0.001 -17"><span class='ocrx_word' id='word_1_453' title='bbox 2121 2514 2193 2568; x_wconf 90' lang='lat' dir='ltr'><strong>ab</strong></span> <span class='ocrx_word' id='word_1_454' title='bbox 2214 2512 2343 2585; x_wconf 90' lang='lat' dir='ltr'><strong>ipso</strong></span> <span class='ocrx_word' id='word_1_455' title='bbox 2368 2518 2676 2584; x_wconf 85' lang='lat' dir='ltr'><strong>assumpta</strong></span> <span class='ocrx_word' id='word_1_456' title='bbox 2698 2531 2710 2568; x_wconf 92' lang='lat'><strong>:</strong></span> <span class='ocrx_word' id='word_1_457' title='bbox 2730 2529 2905 2583; x_wconf 88' lang='lat' dir='ltr'><strong>quam</strong></span> <span class='ocrx_word' id='word_1_458' title='bbox 2930 2513 3169 2583; x_wconf 91' lang='lat' dir='ltr'><strong>quidem</strong></span> <span class='ocrx_word' id='word_1_459' title='bbox 3196 2513 3251 2567; x_wconf 93' lang='lat' dir='ltr'><strong>in</strong></span> <span class='ocrx_word' id='word_1_460' title='bbox 3280 2513 3488 2569; x_wconf 87' lang='lat' dir='ltr'><strong>cellam</strong></span> <span class='ocrx_word' id='word_1_461' title='bbox 3524 2513 3784 2570; x_wconf 84' lang='lat' dir='ltr'><strong>Ecclesia</strong></span> 
     </span>
    </p>
   </div>
   <div class='ocr_carea' id='block_1_69' title="bbox 2121 2598 3779 2667">
    <p class='ocr_par' dir='ltr' id='par_1_69' title="bbox 2121 2598 3779 2667">
     <span class='ocr_line' id='line_1_69' title="bbox 2121 2598 3779 2667; baseline 0.002 -12"><span class='ocrx_word' id='word_1_462' title='bbox 2121 2600 2660 2667; x_wconf 87' lang='lat' dir='ltr'><strong>introducitur,una</strong></span> <span class='ocrx_word' id='word_1_463' title='bbox 2678 2614 2809 2655; x_wconf 90' lang='lat' dir='ltr'><strong>caro</strong></span> <span class='ocrx_word' id='word_1_464' title='bbox 2835 2616 2968 2655; x_wconf 91' lang='lat' dir='ltr'><strong>cum</strong></span> <span class='ocrx_word' id='word_1_465' title='bbox 2992 2598 3224 2656; x_wconf 85' lang='lat' dir='ltr'><strong>Christo</strong></span> <span class='ocrx_word' id='word_1_466' title='bbox 3250 2602 3470 2658; x_wconf 88' lang='lat' dir='ltr'><strong>futura.</strong></span> <span class='ocrx_word' id='word_1_467' title='bbox 3495 2602 3591 2658; x_wconf 88' lang='lat' dir='ltr'><strong>Sic</strong></span> <span class='ocrx_word' id='word_1_468' title='bbox 3620 2602 3779 2658; x_wconf 88' lang='lat' dir='ltr'><strong>enim</strong></span> 
     </span>
    </p>
   </div>
   <div class='ocr_carea' id='block_1_70' title="bbox 2120 2688 3781 2761">
    <p class='ocr_par' dir='ltr' id='par_1_70' title="bbox 2120 2688 3781 2761">
     <span class='ocr_line' id='line_1_70' title="bbox 2120 2688 3781 2761; baseline 0.001 -15"><span class='ocrx_word' id='word_1_469' title='bbox 2120 2689 2433 2761; x_wconf 86' lang='lat' dir='ltr'><strong>Apostolus</strong></span> <span class='ocrx_word' id='word_1_470' title='bbox 2458 2688 2651 2744; x_wconf 91' lang='lat' dir='ltr'><strong>locum</strong></span> <span class='ocrx_word' id='word_1_471' title='bbox 2676 2688 2870 2755; x_wconf 91' lang='lat' dir='ltr'><strong>illum,</strong></span> <span class='ocrx_word' id='word_1_472' title='bbox 2902 2690 2966 2744; x_wconf 87' lang='lat' dir='ltr'><strong>Et</strong></span> <span class='ocrx_word' id='word_1_473' title='bbox 2993 2697 3160 2745; x_wconf 79' lang='lat' dir='ltr'><strong>erunt</strong></span> <span class='ocrx_word' id='word_1_474' title='bbox 3180 2691 3293 2746; x_wconf 86' lang='lat' dir='ltr'><strong>duo</strong></span> <span class='ocrx_word' id='word_1_475' title='bbox 3316 2691 3375 2745; x_wconf 80' lang='lat' dir='ltr'><strong>in</strong></span> <span class='ocrx_word' id='word_1_476' title='bbox 3393 2706 3563 2747; x_wconf 78' lang='lat' dir='ltr'><strong>carne</strong></span> <span class='ocrx_word' id='word_1_477' title='bbox 3593 2708 3705 2747; x_wconf 80' lang='lat' dir='ltr'><strong>una</strong></span> <span class='ocrx_word' id='word_1_478' title='bbox 3734 2692 3781 2727; x_wconf 80' lang='grc'>²²</span> 
     </span>
    </p>
   </div>
   <div class='ocr_carea' id='block_1_71' title="bbox 2121 2778 3783 2851">
    <p class='ocr_par' dir='ltr' id='par_1_71' title="bbox 2121 2778 3783 2851">
     <span class='ocr_line' id='line_1_71' title="bbox 2121 2778 3783 2851; baseline 0.004 -19"><span class='ocrx_word' id='word_1_479' title='bbox 2121 2779 2548 2851; x_wconf 87' lang='lat' dir='ltr'><strong>interpretatur</strong></span> <span class='ocrx_word' id='word_1_480' title='bbox 2579 2794 2592 2833; x_wconf 91' lang='lat'>:</span> <span class='ocrx_word' id='word_1_481' title='bbox 2628 2778 2736 2849; x_wconf 87' lang='lat' dir='ltr'><strong>Ego</strong></span> <span class='ocrx_word' id='word_1_482' title='bbox 2761 2788 2971 2845; x_wconf 73' lang='lat' dir='ltr'><strong>autem,</strong></span> <span class='ocrx_word' id='word_1_483' title='bbox 3003 2778 3218 2850; x_wconf 89' lang='lat' dir='ltr'><strong>inquit,</strong></span> <span class='ocrx_word' id='word_1_484' title='bbox 3271 2779 3399 2835; x_wconf 80' lang='lat' dir='ltr'><strong>dico</strong></span> <span class='ocrx_word' id='word_1_485' title='bbox 3456 2783 3513 2835; x_wconf 81' lang='lat' dir='ltr'><strong>in</strong></span> <span class='ocrx_word' id='word_1_486' title='bbox 3567 2780 3783 2838; x_wconf 79' lang='lat' dir='ltr'><strong>Christo</strong></span> 
     </span>
    </p>
   </div>
   <div class='ocr_carea' id='block_1_72' title="bbox 2120 2865 3778 2937">
    <p class='ocr_par' dir='ltr' id='par_1_72' title="bbox 2120 2865 3778 2937">
     <span class='ocr_line' id='line_1_72' title="bbox 2120 2865 3778 2937; baseline 0.002 -13"><span class='ocrx_word' id='word_1_487' title='bbox 2120 2876 2176 2924; x_wconf 77' lang='lat' dir='ltr'><strong>et</strong></span> <span class='ocrx_word' id='word_1_488' title='bbox 2198 2871 2257 2923; x_wconf 82' lang='lat' dir='ltr'><strong>in</strong></span> <span class='ocrx_word' id='word_1_489' title='bbox 2288 2870 2529 2925; x_wconf 76' lang='lat' dir='ltr'><strong>Ecclesia</strong></span> <span class='ocrx_word' id='word_1_490' title='bbox 2560 2868 2628 2922; x_wconf 74' lang='grc'><strong>³³.</strong></span> <span class='ocrx_word' id='word_1_491' title='bbox 2654 2865 2941 2923; x_wconf 89' lang='lat' dir='ltr'><strong>Fidelium</strong></span> <span class='ocrx_word' id='word_1_492' title='bbox 2975 2868 3131 2923; x_wconf 91' lang='lat' dir='ltr'><strong>enim</strong></span> <span class='ocrx_word' id='word_1_493' title='bbox 3166 2867 3445 2937; x_wconf 84' lang='lat' dir='ltr'><strong>Ecclesia,</strong></span> <span class='ocrx_word' id='word_1_494' title='bbox 3471 2870 3612 2926; x_wconf 92' lang='lat' dir='ltr'><strong>dum</strong></span> <span class='ocrx_word' id='word_1_495' title='bbox 3647 2887 3778 2927; x_wconf 88' lang='lat' dir='ltr'><strong>car-</strong></span> 
     </span>
    </p>
   </div>
   <div class='ocr_carea' id='block_1_73' title="bbox 2122 2956 3779 3030">
    <p class='ocr_par' dir='ltr' id='par_1_73' title="bbox 2122 2956 3779 3030">
     <span class='ocr_line' id='line_1_73' title="bbox 2122 2956 3779 3030; baseline 0.003 -18"><span class='ocrx_word' id='word_1_496' title='bbox 2122 2958 2216 3013; x_wconf 89' lang='lat' dir='ltr'><strong>nis</strong></span> <span class='ocrx_word' id='word_1_497' title='bbox 2238 2963 2293 3012; x_wconf 88' lang='lat' dir='ltr'><strong>et</strong></span> <span class='ocrx_word' id='word_1_498' title='bbox 2314 2956 2622 3030; x_wconf 86' lang='lat' dir='ltr'><strong>sanguinis</strong></span> <span class='ocrx_word' id='word_1_499' title='bbox 2648 2957 2860 3012; x_wconf 88' lang='lat' dir='ltr'><strong>Christi</strong></span> <span class='ocrx_word' id='word_1_500' title='bbox 2883 2956 3199 3029; x_wconf 89' lang='lat' dir='ltr'><strong>particeps,</strong></span> <span class='ocrx_word' id='word_1_501' title='bbox 3220 2962 3393 3030; x_wconf 86' lang='lat' dir='ltr'><strong>atque</strong></span> <span class='ocrx_word' id='word_1_502' title='bbox 3425 2976 3609 3015; x_wconf 89' lang='lat' dir='ltr'><strong>unum</strong></span> <span class='ocrx_word' id='word_1_503' title='bbox 3642 2977 3779 3017; x_wconf 90' lang='lat' dir='ltr'><strong>cum</strong></span> 
     </span>
    </p>
   </div>
   <div class='ocr_carea' id='block_1_74' title="bbox 2122 3045 3776 3118">
    <p class='ocr_par' dir='ltr' id='par_1_74' title="bbox 2122 3045 3776 3118">
     <span class='ocr_line' id='line_1_74' title="bbox 2122 3045 3776 3118; baseline 0.003 -18"><span class='ocrx_word' id='word_1_504' title='bbox 2122 3046 2250 3117; x_wconf 91' lang='lat' dir='ltr'><strong>ipso</strong></span> <span class='ocrx_word' id='word_1_505' title='bbox 2282 3063 2496 3118; x_wconf 90' lang='lat' dir='ltr'><strong>corpus</strong></span> <span class='ocrx_word' id='word_1_506' title='bbox 2526 3045 2800 3116; x_wconf 89' lang='lat' dir='ltr'><strong>efﬁcitur,</strong></span> <span class='ocrx_word' id='word_1_507' title='bbox 2834 3045 3373 3118; x_wconf 86' lang='lat' dir='ltr'><strong>incarnationisqus</strong></span> <span class='ocrx_word' id='word_1_508' title='bbox 3404 3049 3661 3106; x_wconf 86' lang='lat' dir='ltr'><strong>rationes</strong></span> <span class='ocrx_word' id='word_1_509' title='bbox 3704 3050 3776 3105; x_wconf 86' lang='lat' dir='ltr'><strong>ab</strong></span> 
     </span>
    </p>
   </div>
   <div class='ocr_carea' id='block_1_75' title="bbox 2120 3134 3779 3207">
    <p class='ocr_par' dir='ltr' id='par_1_75' title="bbox 2120 3134 3779 3207">
     <span class='ocr_line' id='line_1_75' title="bbox 2120 3134 3779 3207; baseline 0.002 -17"><span class='ocrx_word' id='word_1_510' title='bbox 2120 3134 2347 3207; x_wconf 88' lang='lat' dir='ltr'><strong>angelis</strong></span> <span class='ocrx_word' id='word_1_511' title='bbox 2377 3135 2551 3190; x_wconf 89' lang='lat' dir='ltr'><strong>discit</strong></span> <span class='ocrx_word' id='word_1_512' title='bbox 2579 3140 2756 3206; x_wconf 89' lang='lat' dir='ltr'><strong>atque</strong></span> <span class='ocrx_word' id='word_1_513' title='bbox 2786 3152 2886 3190; x_wconf 86' lang='lat' dir='ltr'><strong>eas</strong></span> <span class='ocrx_word' id='word_1_514' title='bbox 2918 3134 3182 3191; x_wconf 88' lang='lat' dir='ltr'><strong>moribus</strong></span> <span class='ocrx_word' id='word_1_515' title='bbox 3203 3137 3632 3207; x_wconf 90' lang='lat' dir='ltr'><strong>comprobat,in</strong></span> <span class='ocrx_word' id='word_1_516' title='bbox 3660 3138 3779 3194; x_wconf 86' lang='lat' dir='ltr'><strong>vini</strong></span> 
     </span>
    </p>
   </div>
   <div class='ocr_carea' id='block_1_76' title="bbox 2120 3222 3777 3296">
    <p class='ocr_par' dir='ltr' id='par_1_76' title="bbox 2120 3222 3777 3296">
     <span class='ocr_line' id='line_1_76' title="bbox 2120 3222 3777 3296; baseline 0.003 -17"><span class='ocrx_word' id='word_1_517' title='bbox 2120 3223 2326 3279; x_wconf 87' lang='lat' dir='ltr'><strong>cellam</strong></span> <span class='ocrx_word' id='word_1_518' title='bbox 2362 3224 2711 3296; x_wconf 86' lang='lat' dir='ltr'><strong>ingreditur,</strong></span> <span class='ocrx_word' id='word_1_519' title='bbox 2743 3228 2802 3279; x_wconf 88' lang='lat' dir='ltr'><strong>et</strong></span> <span class='ocrx_word' id='word_1_520' title='bbox 2830 3222 3229 3279; x_wconf 89' lang='lat' dir='ltr'><strong>habitaculum</strong></span> <span class='ocrx_word' id='word_1_521' title='bbox 3265 3226 3363 3280; x_wconf 89' lang='lat' dir='ltr'><strong>Dei</strong></span> <span class='ocrx_word' id='word_1_522' title='bbox 3413 3226 3666 3283; x_wconf 88' lang='lat' dir='ltr'><strong>efﬁcitur</strong></span> <span class='ocrx_word' id='word_1_523' title='bbox 3717 3228 3777 3284; x_wconf 90' lang='lat' dir='ltr'><strong>in</strong></span> 
     </span>
    </p>
   </div>
   <div class='ocr_carea' id='block_1_77' title="bbox 2123 3311 3777 3385">
    <p class='ocr_par' dir='ltr' id='par_1_77' title="bbox 2123 3311 3777 3385">
     <span class='ocr_line' id='line_1_77' title="bbox 2123 3311 3777 3385; baseline 0.002 -17"><span class='ocrx_word' id='word_1_524' title='bbox 2123 3312 2345 3385; x_wconf 84' lang='lat' dir='ltr'><strong>Spiritu</strong></span> <span class='ocrx_word' id='word_1_525' title='bbox 2379 3312 2754 3368; x_wconf 82' lang='lat' dir='ltr'><strong>sancto.Cum</strong></span> <span class='ocrx_word' id='word_1_526' title='bbox 2788 3312 2868 3367; x_wconf 85' lang='lat' dir='ltr'><strong>ita</strong></span> <span class='ocrx_word' id='word_1_527' title='bbox 2899 3328 2992 3367; x_wconf 90' lang='lat' dir='ltr'><strong>me</strong></span> <span class='ocrx_word' id='word_1_528' title='bbox 3021 3311 3081 3367; x_wconf 93' lang='lat' dir='ltr'><strong>in</strong></span> <span class='ocrx_word' id='word_1_529' title='bbox 3112 3311 3323 3368; x_wconf 91' lang='lat' dir='ltr'><strong>cellam</strong></span> <span class='ocrx_word' id='word_1_530' title='bbox 3356 3314 3475 3369; x_wconf 90' lang='lat' dir='ltr'><strong>vini</strong></span> <span class='ocrx_word' id='word_1_531' title='bbox 3507 3316 3777 3372; x_wconf 90' lang='lat' dir='ltr'><strong>introdu-</strong></span> 
     </span>
    </p>
   </div>
   <div class='ocr_carea' id='block_1_78' title="bbox 2121 3400 3776 3472">
    <p class='ocr_par' dir='ltr' id='par_1_78' title="bbox 2121 3400 3776 3472">
     <span class='ocr_line' id='line_1_78' title="bbox 2121 3400 3776 3472; baseline 0.003 -15"><span class='ocrx_word' id='word_1_532' title='bbox 2121 3402 2290 3468; x_wconf 87' lang='lat' dir='ltr'><strong>xerit,</strong></span> <span class='ocrx_word' id='word_1_533' title='bbox 2341 3402 2601 3458; x_wconf 78' lang='lat' dir='ltr'><strong>ordinate</strong></span> <span class='ocrx_word' id='word_1_534' title='bbox 2657 3402 3021 3472; x_wconf 82' lang='lat' dir='ltr'><strong>charitatem,</strong></span> <span class='ocrx_word' id='word_1_535' title='bbox 3074 3400 3234 3458; x_wconf 88' lang='lat' dir='ltr'><strong>illam</strong></span> <span class='ocrx_word' id='word_1_536' title='bbox 3293 3403 3515 3460; x_wconf 89' lang='lat' dir='ltr'><strong>scilicet</strong></span> <span class='ocrx_word' id='word_1_537' title='bbox 3566 3405 3776 3462; x_wconf 69' lang='lat' dir='ltr'><strong>divina:</strong></span> 
     </span>
    </p>
   </div>
   <div class='ocr_carea' id='block_1_79' title="bbox 2123 3490 3774 3564">
    <p class='ocr_par' dir='ltr' id='par_1_79' title="bbox 2123 3490 3774 3564">
     <span class='ocr_line' id='line_1_79' title="bbox 2123 3490 3774 3564; baseline 0.003 -18"><span class='ocrx_word' id='word_1_538' title='bbox 2123 3492 2322 3564; x_wconf 69' lang='lat' dir='ltr'><strong>gratias</strong></span> <span class='ocrx_word' id='word_1_539' title='bbox 2368 3490 2868 3558; x_wconf 88' lang='lat' dir='ltr'><strong>communionem,</strong></span> <span class='ocrx_word' id='word_1_540' title='bbox 2923 3507 3040 3562; x_wconf 90' lang='lat' dir='ltr'><strong>qua</strong></span> <span class='ocrx_word' id='word_1_541' title='bbox 3087 3508 3191 3547; x_wconf 87' lang='lat' dir='ltr'><strong>vos</strong></span> <span class='ocrx_word' id='word_1_542' title='bbox 3222 3492 3429 3549; x_wconf 88' lang='lat' dir='ltr'><strong>ordine</strong></span> <span class='ocrx_word' id='word_1_543' title='bbox 3459 3494 3723 3550; x_wconf 90' lang='lat' dir='ltr'><strong>fruimini</strong></span> <span class='ocrx_word' id='word_1_544' title='bbox 3759 3513 3774 3551; x_wconf 90' lang='lat'><strong>:</strong></span> 
     </span>
    </p>
   </div>
   <div class='ocr_carea' id='block_1_80' title="bbox 2122 3579 3778 3654">
    <p class='ocr_par' dir='ltr' id='par_1_80' title="bbox 2122 3579 3778 3654">
     <span class='ocr_line' id='line_1_80' title="bbox 2122 3579 3778 3654; baseline 0.003 -18"><span class='ocrx_word' id='word_1_545' title='bbox 2122 3582 2182 3636; x_wconf 93' lang='lat' dir='ltr'><strong>In</strong></span> <span class='ocrx_word' id='word_1_546' title='bbox 2216 3598 2309 3637; x_wconf 90' lang='lat' dir='ltr'><strong>me</strong></span> <span class='ocrx_word' id='word_1_547' title='bbox 2339 3597 2572 3653; x_wconf 90' lang='lat' dir='ltr'><strong>quoque</strong></span> <span class='ocrx_word' id='word_1_548' title='bbox 2605 3579 2804 3636; x_wconf 90' lang='lat' dir='ltr'><strong>ﬁdeles</strong></span> <span class='ocrx_word' id='word_1_549' title='bbox 2825 3579 3091 3652; x_wconf 91' lang='lat' dir='ltr'><strong>singulos</strong></span> <span class='ocrx_word' id='word_1_550' title='bbox 3117 3598 3219 3652; x_wconf 90' lang='lat' dir='ltr'><strong>pro</strong></span> <span class='ocrx_word' id='word_1_551' title='bbox 3241 3582 3534 3654; x_wconf 86' lang='lat' dir='ltr'><strong>cujusque</strong></span> <span class='ocrx_word' id='word_1_552' title='bbox 3555 3584 3778 3641; x_wconf 85' lang='lat' dir='ltr'><strong>ratione</strong></span> 
     </span>
    </p>
   </div>
   <div class='ocr_carea' id='block_1_81' title="bbox 2120 3669 3778 3743">
    <p class='ocr_par' dir='ltr' id='par_1_81' title="bbox 2120 3669 3778 3743">
     <span class='ocr_line' id='line_1_81' title="bbox 2120 3669 3778 3743; baseline 0.003 -17"><span class='ocrx_word' id='word_1_553' title='bbox 2120 3670 2336 3726; x_wconf 90' lang='lat' dir='ltr'><strong>divinis</strong></span> <span class='ocrx_word' id='word_1_554' title='bbox 2368 3669 2664 3743; x_wconf 82' lang='lat' dir='ltr'><strong>mysteriis</strong></span> <span class='ocrx_word' id='word_1_555' title='bbox 2695 3669 3099 3741; x_wconf 87' lang='lat' dir='ltr'><strong>instituentes,</strong></span> <span class='ocrx_word' id='word_1_556' title='bbox 3134 3670 3425 3728; x_wconf 89' lang='lat' dir='ltr'><strong>ordinate.</strong></span> <span class='ocrx_word' id='word_1_557' title='bbox 3455 3673 3661 3730; x_wconf 77' lang='lat' dir='ltr'><strong>Futcite</strong></span> <span class='ocrx_word' id='word_1_558' title='bbox 3690 3689 3778 3730; x_wconf 80' lang='lat' dir='ltr'><strong>me</strong></span> 
     </span>
    </p>
   </div>
   <div class='ocr_carea' id='block_1_82' title="bbox 2118 3758 3782 3835">
    <p class='ocr_par' dir='ltr' id='par_1_82' title="bbox 2118 3758 3782 3835">
     <span class='ocr_line' id='line_1_82' title="bbox 2118 3758 3782 3835; baseline 0.003 -20"><span class='ocrx_word' id='word_1_559' title='bbox 2118 3762 2466 3831; x_wconf 74' lang='lat' dir='ltr'><strong>unguentis:</strong></span> <span class='ocrx_word' id='word_1_560' title='bbox 2501 3758 2862 3815; x_wconf 89' lang='lat' dir='ltr'><strong>sanctissimi</strong></span> <span class='ocrx_word' id='word_1_561' title='bbox 2906 3759 3163 3831; x_wconf 89' lang='lat' dir='ltr'><strong>Spiritus</strong></span> <span class='ocrx_word' id='word_1_562' title='bbox 3207 3759 3399 3831; x_wconf 85' lang='lat' dir='ltr'><strong>donis,</strong></span> <span class='ocrx_word' id='word_1_563' title='bbox 3450 3768 3782 3835; x_wconf 88' lang='lat' dir='ltr'><strong>unguento-</strong></span> 
     </span>
    </p>
   </div>
   <div class='ocr_carea' id='block_1_83' title="bbox 2120 3846 3777 3908">
    <p class='ocr_par' dir='ltr' id='par_1_83' title="bbox 2120 3846 3777 3908">
     <span class='ocr_line' id='line_1_83' title="bbox 2120 3846 3777 3908; baseline 0.003 -4"><span class='ocrx_word' id='word_1_564' title='bbox 2120 3866 2251 3904; x_wconf 90' lang='lat' dir='ltr'><strong>rum</strong></span> <span class='ocrx_word' id='word_1_565' title='bbox 2281 3849 2469 3905; x_wconf 89' lang='lat' dir='ltr'><strong>instar</strong></span> <span class='ocrx_word' id='word_1_566' title='bbox 2499 3846 2763 3904; x_wconf 91' lang='lat' dir='ltr'><strong>ﬁdelium</strong></span> <span class='ocrx_word' id='word_1_567' title='bbox 2797 3848 3029 3903; x_wconf 90' lang='lat' dir='ltr'><strong>animas</strong></span> <span class='ocrx_word' id='word_1_568' title='bbox 3060 3848 3258 3904; x_wconf 85' lang='lat' dir='ltr'><strong>odoris</strong></span> <span class='ocrx_word' id='word_1_569' title='bbox 3298 3850 3589 3907; x_wconf 87' lang='lat' dir='ltr'><strong>suavitate</strong></span> <span class='ocrx_word' id='word_1_570' title='bbox 3635 3868 3777 3908; x_wconf 92' lang='lat' dir='ltr'><strong>con-</strong></span> 
     </span>
    </p>
   </div>
   <div class='ocr_carea' id='block_1_84' title="bbox 2120 3937 3780 4009">
    <p class='ocr_par' dir='ltr' id='par_1_84' title="bbox 2120 3937 3780 4009">
     <span class='ocr_line' id='line_1_84' title="bbox 2120 3937 3780 4009; baseline 0.002 -16"><span class='ocrx_word' id='word_1_571' title='bbox 2120 3938 2536 4009; x_wconf 87' lang='lat' dir='ltr'><strong>spergentibus</strong></span> <span class='ocrx_word' id='word_1_572' title='bbox 2568 3952 2661 4006; x_wconf 82' lang='lat' dir='ltr'><strong>me</strong></span> <span class='ocrx_word' id='word_1_573' title='bbox 2684 3937 3075 4005; x_wconf 78' lang='lat' dir='ltr'><strong>corroborata,</strong></span> <span class='ocrx_word' id='word_1_574' title='bbox 3110 3942 3168 3992; x_wconf 92' lang='lat' dir='ltr'><strong>et</strong></span> <span class='ocrx_word' id='word_1_575' title='bbox 3187 3939 3449 4009; x_wconf 90' lang='lat' dir='ltr'><strong>corporis</strong></span> <span class='ocrx_word' id='word_1_576' title='bbox 3473 3939 3780 3997; x_wconf 85' lang='lat' dir='ltr'><strong>imbecilli-</strong></span> 
     </span>
    </p>
   </div>
   <div class='ocr_carea' id='block_1_85' title="bbox 2117 4025 3781 4101">
    <p class='ocr_par' dir='ltr' id='par_1_85' title="bbox 2117 4025 3781 4101">
     <span class='ocr_line' id='line_1_85' title="bbox 2117 4025 3781 4101; baseline 0.003 -20"><span class='ocrx_word' id='word_1_577' title='bbox 2117 4031 2237 4081; x_wconf 89' lang='lat' dir='ltr'><strong>tate</strong></span> <span class='ocrx_word' id='word_1_578' title='bbox 2267 4026 2564 4082; x_wconf 87' lang='lat' dir='ltr'><strong>labantem</strong></span> <span class='ocrx_word' id='word_1_579' title='bbox 2598 4025 2657 4080; x_wconf 89' lang='lat' dir='ltr'><strong>in</strong></span> <span class='ocrx_word' id='word_1_580' title='bbox 2691 4025 2891 4081; x_wconf 90' lang='lat' dir='ltr'><strong>divina</strong></span> <span class='ocrx_word' id='word_1_581' title='bbox 2922 4025 3138 4097; x_wconf 86' lang='lat' dir='ltr'><strong>pietate</strong></span> <span class='ocrx_word' id='word_1_582' title='bbox 3168 4026 3535 4083; x_wconf 81' lang='lat' dir='ltr'><strong>conﬁrmata.</strong></span> <span class='ocrx_word' id='word_1_583' title='bbox 3570 4028 3781 4101; x_wconf 77' lang='lat' dir='ltr'><strong>Stipate</strong></span> 
     </span>
    </p>
   </div>
   <div class='ocr_carea' id='block_1_86' title="bbox 2117 4113 3776 4188">
    <p class='ocr_par' dir='ltr' id='par_1_86' title="bbox 2117 4113 3776 4188">
     <span class='ocr_line' id='line_1_86' title="bbox 2117 4113 3776 4188; baseline 0.002 -17"><span class='ocrx_word' id='word_1_584' title='bbox 2117 4132 2204 4171; x_wconf 83' lang='lat' dir='ltr'><strong>me</strong></span> <span class='ocrx_word' id='word_1_585' title='bbox 2234 4117 2293 4171; x_wconf 86' lang='lat' dir='ltr'><strong>in</strong></span> <span class='ocrx_word' id='word_1_586' title='bbox 2319 4118 2499 4188; x_wconf 86' lang='lat' dir='ltr'><strong>pomis</strong></span> <span class='ocrx_word' id='word_1_587' title='bbox 2530 4133 2548 4171; x_wconf 89' lang='lat'><em>:</em></span> <span class='ocrx_word' id='word_1_588' title='bbox 2580 4113 2815 4186; x_wconf 88' lang='lat' dir='ltr'><strong>implete</strong></span> <span class='ocrx_word' id='word_1_589' title='bbox 2846 4132 2940 4170; x_wconf 88' lang='lat' dir='ltr'><strong>me</strong></span> <span class='ocrx_word' id='word_1_590' title='bbox 2974 4114 3071 4169; x_wconf 91' lang='lat' dir='ltr'><strong>Dei</strong></span> <span class='ocrx_word' id='word_1_591' title='bbox 3104 4115 3440 4186; x_wconf 88' lang='lat' dir='ltr'><strong>cognitione</strong></span> <span class='ocrx_word' id='word_1_592' title='bbox 3470 4117 3528 4173; x_wconf 92' lang='lat' dir='ltr'><strong>in</strong></span> <span class='ocrx_word' id='word_1_593' title='bbox 3561 4117 3776 4176; x_wconf 89' lang='lat' dir='ltr'><strong>divinis</strong></span> 
     </span>
    </p>
   </div>
   <div class='ocr_carea' id='block_1_87' title="bbox 2118 4204 3778 4276">
    <p class='ocr_par' dir='ltr' id='par_1_87' title="bbox 2118 4204 3778 4276">
     <span class='ocr_line' id='line_1_87' title="bbox 2118 4204 3778 4276; baseline 0.002 -14"><span class='ocrx_word' id='word_1_594' title='bbox 2118 4206 2511 4271; x_wconf 86' lang='lat' dir='ltr'><strong>sermonibus,</strong></span> <span class='ocrx_word' id='word_1_595' title='bbox 2544 4205 2645 4276; x_wconf 89' lang='lat' dir='ltr'><strong>qui</strong></span> <span class='ocrx_word' id='word_1_596' title='bbox 2678 4221 2985 4276; x_wconf 89' lang='lat' dir='ltr'><strong>pomorum</strong></span> <span class='ocrx_word' id='word_1_597' title='bbox 3017 4204 3206 4260; x_wconf 85' lang='lat' dir='ltr'><strong>instar</strong></span> <span class='ocrx_word' id='word_1_598' title='bbox 3234 4206 3458 4276; x_wconf 89' lang='lat' dir='ltr'><strong>gutturi</strong></span> <span class='ocrx_word' id='word_1_599' title='bbox 3492 4224 3618 4263; x_wconf 86' lang='lat' dir='ltr'><strong>meo</strong></span> <span class='ocrx_word' id='word_1_600' title='bbox 3650 4209 3778 4265; x_wconf 89' lang='lat' dir='ltr'><strong>dul-</strong></span> 
     </span>
    </p>
   </div>
   <div class='ocr_carea' id='block_1_88' title="bbox 2118 4293 3779 4370">
    <p class='ocr_par' dir='ltr' id='par_1_88' title="bbox 2118 4293 3779 4370">
     <span class='ocr_line' id='line_1_88' title="bbox 2118 4293 3779 4370; baseline 0.002 -20"><span class='ocrx_word' id='word_1_601' title='bbox 2118 4295 2384 4350; x_wconf 89' lang='lat' dir='ltr'><strong>cedinem</strong></span> <span class='ocrx_word' id='word_1_602' title='bbox 2417 4293 2689 4349; x_wconf 80' lang='lat' dir='ltr'><strong>afferunt.</strong></span> <span class='ocrx_word' id='word_1_603' title='bbox 2722 4297 2851 4348; x_wconf 68' lang='lat' dir='ltr'><strong>Hec</strong></span> <span class='ocrx_word' id='word_1_604' title='bbox 2892 4298 3089 4349; x_wconf 88' lang='lat' dir='ltr'><strong>autem</strong></span> <span class='ocrx_word' id='word_1_605' title='bbox 3141 4310 3175 4349; x_wconf 90' lang='lat' dir='ltr'><strong>a</strong></span> <span class='ocrx_word' id='word_1_606' title='bbox 3222 4295 3388 4350; x_wconf 91' lang='lat' dir='ltr'><strong>vobis</strong></span> <span class='ocrx_word' id='word_1_607' title='bbox 3437 4302 3589 4367; x_wconf 90' lang='lat' dir='ltr'><strong>peto,</strong></span> <span class='ocrx_word' id='word_1_608' title='bbox 3645 4300 3779 4370; x_wconf 87' lang='lat' dir='ltr'><strong>quia</strong></span> 
     </span>
    </p>
   </div>
   <div class='ocr_carea' id='block_1_89' title="bbox 2119 4381 3776 4457">
    <p class='ocr_par' dir='ltr' id='par_1_89' title="bbox 2119 4381 3776 4457">
     <span class='ocr_line' id='line_1_89' title="bbox 2119 4381 3776 4457; baseline 0.002 -17"><span class='ocrx_word' id='word_1_609' title='bbox 2119 4385 2416 4440; x_wconf 78' lang='lat' dir='ltr'><strong>vulnerata</strong></span> <span class='ocrx_word' id='word_1_610' title='bbox 2465 4398 2584 4437; x_wconf 90' lang='lat' dir='ltr'><strong>sum</strong></span> <span class='ocrx_word' id='word_1_611' title='bbox 2634 4383 2924 4438; x_wconf 78' lang='lat' dir='ltr'><strong>charitafe.</strong></span> <span class='ocrx_word' id='word_1_612' title='bbox 2957 4382 3104 4447; x_wconf 89' lang='lat' dir='ltr'><strong>Quia</strong></span> <span class='ocrx_word' id='word_1_613' title='bbox 3134 4381 3363 4439; x_wconf 89' lang='lat' dir='ltr'><strong>scilicet</strong></span> <span class='ocrx_word' id='word_1_614' title='bbox 3393 4400 3509 4439; x_wconf 89' lang='lat' dir='ltr'><strong>non</strong></span> <span class='ocrx_word' id='word_1_615' title='bbox 3543 4385 3776 4457; x_wconf 89' lang='lat' dir='ltr'><strong>timore,</strong></span> 
     </span>
    </p>
   </div>
   <div class='ocr_carea' id='block_1_90' title="bbox 2115 4471 3776 4543">
    <p class='ocr_par' dir='ltr' id='par_1_90' title="bbox 2115 4471 3776 4543">
     <span class='ocr_line' id='line_1_90' title="bbox 2115 4471 3776 4543; baseline 0.002 -14"><span class='ocrx_word' id='word_1_616' title='bbox 2115 4473 2216 4529; x_wconf 88' lang='lat' dir='ltr'><strong>sed</strong></span> <span class='ocrx_word' id='word_1_617' title='bbox 2249 4488 2447 4529; x_wconf 89' lang='lat' dir='ltr'><strong>amore</strong></span> <span class='ocrx_word' id='word_1_618' title='bbox 2477 4471 2719 4527; x_wconf 87' lang='lat' dir='ltr'><strong>incitata</strong></span> <span class='ocrx_word' id='word_1_619' title='bbox 2750 4472 3018 4543; x_wconf 85' lang='lat' dir='ltr'><strong>(charitas</strong></span> <span class='ocrx_word' id='word_1_620' title='bbox 3046 4471 3201 4527; x_wconf 88' lang='lat' dir='ltr'><strong>enim</strong></span> <span class='ocrx_word' id='word_1_621' title='bbox 3233 4474 3382 4543; x_wconf 81' lang='lat' dir='ltr'><strong>foras</strong></span> <span class='ocrx_word' id='word_1_622' title='bbox 3409 4475 3584 4529; x_wconf 82' lang='lat' dir='ltr'><strong>mittit</strong></span> <span class='ocrx_word' id='word_1_623' title='bbox 3615 4476 3776 4532; x_wconf 84' lang='lat' dir='ltr'><strong>timo—</strong></span> 
     </span>
    </p>
   </div>
   <div class='ocr_carea' id='block_1_91' title="bbox 2114 4560 3773 4633">
    <p class='ocr_par' dir='ltr' id='par_1_91' title="bbox 2114 4560 3773 4633">
     <span class='ocr_line' id='line_1_91' title="bbox 2114 4560 3773 4633; baseline 0.002 -16"><span class='ocrx_word' id='word_1_624' title='bbox 2114 4578 2229 4617; x_wconf 85' lang='lat' dir='ltr'><strong>rem</strong></span> <span class='ocrx_word' id='word_1_625' title='bbox 2258 4562 2349 4633; x_wconf 77' lang='lat'><strong>&quot;),</strong></span> <span class='ocrx_word' id='word_1_626' title='bbox 2399 4577 2535 4617; x_wconf 90' lang='lat' dir='ltr'><strong>cum</strong></span> <span class='ocrx_word' id='word_1_627' title='bbox 2585 4560 2800 4616; x_wconf 87' lang='lat' dir='ltr'><strong>Christi</strong></span> <span class='ocrx_word' id='word_1_628' title='bbox 2850 4578 2955 4632; x_wconf 90' lang='lat' dir='ltr'><strong>per</strong></span> <span class='ocrx_word' id='word_1_629' title='bbox 3006 4560 3180 4616; x_wconf 90' lang='lat' dir='ltr'><strong>ﬁdem</strong></span> <span class='ocrx_word' id='word_1_630' title='bbox 3245 4561 3561 4632; x_wconf 89' lang='lat' dir='ltr'><strong>conjuncta</strong></span> <span class='ocrx_word' id='word_1_631' title='bbox 3615 4580 3773 4620; x_wconf 92' lang='lat' dir='ltr'><strong>sum.</strong></span> 
     </span>
    </p>
   </div>
   <div class='ocr_carea' id='block_1_92' title="bbox 340 4643 2004 4731">
    <p class='ocr_par' dir='ltr' id='par_1_92' title="bbox 340 4647 2004 4731">
     <span class='ocr_line' id='line_1_92' title="bbox 340 4647 2004 4731; baseline 0 -24"><span class='ocrx_word' id='word_1_632' title='bbox 340 4653 651 4725; x_wconf 76' lang='grc' dir='ltr'>νυττομὲνη</span> <span class='ocrx_word' id='word_1_633' title='bbox 712 4653 824 4728; x_wconf 84' lang='grc' dir='ltr'><strong>οὐχ</strong></span> <span class='ocrx_word' id='word_1_634' title='bbox 887 4653 990 4707; x_wconf 86' lang='grc' dir='ltr'>ὑπὸ</span> <span class='ocrx_word' id='word_1_635' title='bbox 1048 4647 1242 4731; x_wconf 88' lang='grc' dir='ltr'>φόϐου.</span> <span class='ocrx_word' id='word_1_636' title='bbox 1304 4651 1431 4708; x_wconf 87' lang='grc' dir='ltr'>ἀλλ’</span> <span class='ocrx_word' id='word_1_637' title='bbox 1479 4652 1579 4708; x_wconf 68' lang='grc' dir='ltr'>ὑπὸ</span> <span class='ocrx_word' id='word_1_638' title='bbox 1630 4652 1842 4727; x_wconf 79' lang='grc' dir='ltr'>ἀγάπης</span> <span class='ocrx_word' id='word_1_639' title='bbox 1879 4648 2004 4726; x_wconf 78' lang='grc' dir='ltr'><strong>(ἔξω</strong></span> 
     </span>
    </p>
   </div>
   <div class='ocr_carea' id='block_1_93' title="bbox 2119 4643 3773 4731">
    <p class='ocr_par' dir='ltr' id='par_1_93' title="bbox 2119 4650 3773 4723">
     <span class='ocr_line' id='line_1_93' title="bbox 2119 4650 3773 4723; baseline 0.001 -16"><span class='ocrx_word' id='word_1_640' title='bbox 2119 4657 2258 4707; x_wconf 86' lang='lat' dir='ltr'><strong>Nam</strong></span> <span class='ocrx_word' id='word_1_641' title='bbox 2292 4657 2357 4706; x_wconf 92' lang='lat' dir='ltr'><strong>ut</strong></span> <span class='ocrx_word' id='word_1_642' title='bbox 2386 4654 2522 4706; x_wconf 88' lang='lat' dir='ltr'><strong>ante</strong></span> <span class='ocrx_word' id='word_1_643' title='bbox 2554 4667 2856 4722; x_wconf 78' lang='lat' dir='ltr'><strong>pcenarum</strong></span> <span class='ocrx_word' id='word_1_644' title='bbox 2893 4650 3208 4706; x_wconf 84' lang='lat' dir='ltr'><strong>formidine</strong></span> <span class='ocrx_word' id='word_1_645' title='bbox 3242 4657 3510 4723; x_wconf 86' lang='lat' dir='ltr'><strong>purgata,</strong></span> <span class='ocrx_word' id='word_1_646' title='bbox 3561 4652 3773 4709; x_wconf 87' lang='lat' dir='ltr'><strong>deinde</strong></span> 
     </span>
    </p>
   </div>
   <div class='ocr_carea' id='block_1_94' title="bbox 341 4736 2007 4819">
    <p class='ocr_par' dir='ltr' id='par_1_94' title="bbox 341 4736 2007 4819">
     <span class='ocr_line' id='line_1_94' title="bbox 341 4736 2007 4819; baseline 0 -24"><span class='ocrx_word' id='word_1_647' title='bbox 341 4740 445 4815; x_wconf 80' lang='grc' dir='ltr'><strong>γὰρ</strong></span> <span class='ocrx_word' id='word_1_648' title='bbox 505 4740 642 4810; x_wconf 82' lang='grc' dir='ltr'><strong>αύτή</strong></span> <span class='ocrx_word' id='word_1_649' title='bbox 723 4741 917 4815; x_wconf 85' lang='grc' dir='ltr'>βάλλει</span> <span class='ocrx_word' id='word_1_650' title='bbox 994 4741 1085 4796; x_wconf 88' lang='grc' dir='ltr'><strong>τὸν</strong></span> <span class='ocrx_word' id='word_1_651' title='bbox 1158 4736 1353 4819; x_wconf 81' lang='grc' dir='ltr'>φόϐον)</span> <span class='ocrx_word' id='word_1_652' title='bbox 1425 4740 1540 4814; x_wconf 80' lang='grc' dir='ltr'>εἷ’μὶ</span> <span class='ocrx_word' id='word_1_653' title='bbox 1612 4740 1721 4815; x_wconf 83' lang='grc' dir='ltr'><strong>ἐγὼ</strong></span> <span class='ocrx_word' id='word_1_654' title='bbox 1779 4744 1813 4811; x_wconf 83' lang='grc' dir='ltr'>ἡ</span> <span class='ocrx_word' id='word_1_655' title='bbox 1870 4764 2007 4815; x_wconf 85' lang='grc' dir='ltr'>νυμ-</span> 
     </span>
    </p>
   </div>
   <div class='ocr_carea' id='block_1_95' title="bbox 342 4827 2005 4907">
    <p class='ocr_par' dir='ltr' id='par_1_95' title="bbox 342 4827 2005 4907">
     <span class='ocr_line' id='line_1_95' title="bbox 342 4827 2005 4907; baseline 0.002 -24"><span class='ocrx_word' id='word_1_656' title='bbox 342 4831 598 4907; x_wconf 80' lang='grc' dir='ltr'>φευθεῖσα</span> <span class='ocrx_word' id='word_1_657' title='bbox 652 4834 734 4902; x_wconf 82' lang='grc' dir='ltr'><strong>τῷ</strong></span> <span class='ocrx_word' id='word_1_658' title='bbox 768 4834 987 4905; x_wconf 87' lang='grc' dir='ltr'>Χριστῷ</span> <span class='ocrx_word' id='word_1_659' title='bbox 1018 4827 1110 4885; x_wconf 79' lang='grc' dir='ltr'><strong>διὰ</strong></span> <span class='ocrx_word' id='word_1_660' title='bbox 1166 4830 1421 4891; x_wconf 90' lang='grc' dir='ltr'>πίστεως.</span> <span class='ocrx_word' id='word_1_661' title='bbox 1469 4836 1553 4892; x_wconf 83' lang='grc' dir='ltr'><strong>Ὡς</strong></span> <span class='ocrx_word' id='word_1_662' title='bbox 1602 4831 1711 4905; x_wconf 88' lang='grc' dir='ltr'><strong>γάρ</strong></span> <span class='ocrx_word' id='word_1_663' title='bbox 1743 4830 2005 4906; x_wconf 87' lang='grc' dir='ltr'>πρότερον</span> 
     </span>
    </p>
   </div>
   <div class='ocr_carea' id='block_1_96' title="bbox 345 4914 2008 4994">
    <p class='ocr_par' dir='ltr' id='par_1_96' title="bbox 345 4914 2008 4994">
     <span class='ocr_line' id='line_1_96' title="bbox 345 4914 2008 4994; baseline 0.002 -21"><span class='ocrx_word' id='word_1_664' title='bbox 345 4919 483 4988; x_wconf 72' lang='grc' dir='ltr'>αὕτη</span> <span class='ocrx_word' id='word_1_665' title='bbox 541 4923 622 4991; x_wconf 82' lang='grc' dir='ltr'>τῷ</span> <span class='ocrx_word' id='word_1_666' title='bbox 672 4914 828 4993; x_wconf 81' lang='grc' dir='ltr'>φόϐῳ</span> <span class='ocrx_word' id='word_1_667' title='bbox 872 4920 968 4993; x_wconf 75' lang='grc' dir='ltr'>μὲν</span> <span class='ocrx_word' id='word_1_668' title='bbox 1016 4924 1123 4975; x_wconf 84' lang='grc' dir='ltr'><strong>τῶν</strong></span> <span class='ocrx_word' id='word_1_669' title='bbox 1175 4917 1453 4975; x_wconf 87' lang='grc' dir='ltr'>κολάσεων</span> <span class='ocrx_word' id='word_1_670' title='bbox 1504 4920 1850 4994; x_wconf 86' lang='grc' dir='ltr'>καθαρθεῖσα,</span> <span class='ocrx_word' id='word_1_671' title='bbox 1896 4922 2008 4976; x_wconf 75' lang='grc' dir='ltr'>εἶτα</span> 
     </span>
    </p>
   </div>
   <div class='ocr_carea' id='block_1_97' title="bbox 343 5004 2005 5086">
    <p class='ocr_par' dir='ltr' id='par_1_97' title="bbox 343 5004 2005 5086">
     <span class='ocr_line' id='line_1_97' title="bbox 343 5004 2005 5086; baseline 0.002 -24"><span class='ocrx_word' id='word_1_672' title='bbox 343 5004 402 5062; x_wconf 75' lang='grc' dir='ltr'><strong>δὲ</strong></span> <span class='ocrx_word' id='word_1_673' title='bbox 431 5009 523 5063; x_wconf 82' lang='grc' dir='ltr'><strong>καὶ</strong></span> <span class='ocrx_word' id='word_1_674' title='bbox 553 5012 621 5082; x_wconf 78' lang='grc' dir='ltr'><strong>τῇ</strong></span> <span class='ocrx_word' id='word_1_675' title='bbox 656 5006 840 5064; x_wconf 77' lang='grc' dir='ltr'>ἐλπίδι</span> <span class='ocrx_word' id='word_1_676' title='bbox 888 5013 993 5063; x_wconf 88' lang='grc' dir='ltr'><strong>τῶν</strong></span> <span class='ocrx_word' id='word_1_677' title='bbox 1050 5007 1364 5082; x_wconf 85' lang='grc' dir='ltr'>μελλόντων</span> <span class='ocrx_word' id='word_1_678' title='bbox 1406 5009 1622 5084; x_wconf 83' lang='grc' dir='ltr'>ἀγαθῶν</span> <span class='ocrx_word' id='word_1_679' title='bbox 1656 5011 2005 5086; x_wconf 86' lang='grc' dir='ltr'>φωτισθεῖσα,</span> 
     </span>
    </p>
   </div>
   <div class='ocr_carea' id='block_1_98' title="bbox 340 5095 2005 5175">
    <p class='ocr_par' dir='ltr' id='par_1_98' title="bbox 340 5095 2005 5175">
     <span class='ocr_line' id='line_1_98' title="bbox 340 5095 2005 5175; baseline 0.002 -24"><span class='ocrx_word' id='word_1_680' title='bbox 340 5102 431 5151; x_wconf 84' lang='grc' dir='ltr'><strong>νῦν</strong></span> <span class='ocrx_word' id='word_1_681' title='bbox 487 5096 704 5153; x_wconf 82' lang='grc' dir='ltr'>σπεύδει</span> <span class='ocrx_word' id='word_1_682' title='bbox 784 5095 875 5153; x_wconf 81' lang='grc' dir='ltr'>διά</span> <span class='ocrx_word' id='word_1_683' title='bbox 935 5104 1037 5167; x_wconf 84' lang='grc' dir='ltr'><strong>τῆς</strong></span> <span class='ocrx_word' id='word_1_684' title='bbox 1106 5098 1320 5175; x_wconf 85' lang='grc' dir='ltr'>ἀγάπης</span> <span class='ocrx_word' id='word_1_685' title='bbox 1402 5098 1479 5162; x_wconf 77' lang='grc' dir='ltr'>εἷς</span> <span class='ocrx_word' id='word_1_686' title='bbox 1534 5095 1856 5169; x_wconf 85' lang='grc' dir='ltr'>τελειότητα</span> <span class='ocrx_word' id='word_1_687' title='bbox 1920 5100 2005 5154; x_wconf 79' lang='grc' dir='ltr'>ἀν·</span> 
     </span>
    </p>
   </div>
   <div class='ocr_carea' id='block_1_99' title="bbox 340 5186 2002 5264">
    <p class='ocr_par' dir='ltr' id='par_1_99' title="bbox 340 5186 2002 5264">
     <span class='ocr_line' id='line_1_99' title="bbox 340 5186 2002 5264; baseline 0.001 -23"><span class='ocrx_word' id='word_1_688' title='bbox 340 5193 583 5263; x_wconf 80' lang='grc' dir='ltr'>ἀχθῆναι</span> <span class='ocrx_word' id='word_1_689' title='bbox 643 5188 791 5261; x_wconf 75' lang='grc' dir='ltr'>παρὰ</span> <span class='ocrx_word' id='word_1_690' title='bbox 846 5191 955 5243; x_wconf 87' lang='grc' dir='ltr'><strong>τῶν</strong></span> <span class='ocrx_word' id='word_1_691' title='bbox 1018 5186 1181 5263; x_wconf 89' lang='grc' dir='ltr'>ἀγίων</span> <span class='ocrx_word' id='word_1_692' title='bbox 1250 5186 1518 5264; x_wconf 71' lang='grc' dir='ltr'>ἀγγέλων.</span> <span class='ocrx_word' id='word_1_693' title='bbox 1573 5191 1731 5251; x_wconf 83' lang='grc' dir='ltr'>Ὅθεν</span> <span class='ocrx_word' id='word_1_694' title='bbox 1792 5188 1953 5263; x_wconf 87' lang='grc' dir='ltr'>φησίν</span> <span class='ocrx_word' id='word_1_695' title='bbox 1989 5210 2002 5225; x_wconf 88' lang='grc'><strong>·</strong></span> 
     </span>
    </p>
   </div>
   <div class='ocr_carea' id='block_1_100' title="bbox 342 5274 2002 5353">
    <p class='ocr_par' dir='ltr' id='par_1_100' title="bbox 342 5274 2002 5353">
     <span class='ocr_line' id='line_1_100' title="bbox 342 5274 2002 5353; baseline -0.001 -21"><span class='ocrx_word' id='word_1_696' title='bbox 342 5275 646 5347; x_wconf 78' lang='grc' dir='ltr'>Εὐώνυμος</span> <span class='ocrx_word' id='word_1_697' title='bbox 721 5275 888 5330; x_wconf 85' lang='grc' dir='ltr'>αὑτοῦ</span> <span class='ocrx_word' id='word_1_698' title='bbox 972 5275 1076 5330; x_wconf 82' lang='grc' dir='ltr'><strong>ὑπὸ</strong></span> <span class='ocrx_word' id='word_1_699' title='bbox 1147 5276 1247 5344; x_wconf 75' lang='grc' dir='ltr'>τὴν</span> <span class='ocrx_word' id='word_1_700' title='bbox 1306 5274 1549 5353; x_wconf 73' lang='grc' dir='ltr'>κεφαλὴν</span> <span class='ocrx_word' id='word_1_701' title='bbox 1632 5296 1737 5348; x_wconf 87' lang='grc' dir='ltr'><strong>μου</strong></span> <span class='ocrx_word' id='word_1_702' title='bbox 1771 5320 1784 5345; x_wconf 95' lang='grc'><strong>,</strong></span> <span class='ocrx_word' id='word_1_703' title='bbox 1833 5277 1920 5331; x_wconf 84' lang='grc' dir='ltr'><strong>καὶ</strong></span> <span class='ocrx_word' id='word_1_704' title='bbox 1968 5278 2002 5347; x_wconf 81' lang='grc' dir='ltr'>ἡ</span> 
     </span>
    </p>
   </div>
   <div class='ocr_carea' id='block_1_101' title="bbox 344 5360 2006 5438">
    <p class='ocr_par' dir='ltr' id='par_1_101' title="bbox 344 5360 2006 5438">
     <span class='ocr_line' id='line_1_101' title="bbox 344 5360 2006 5438; baseline 0.001 -20"><span class='ocrx_word' id='word_1_705' title='bbox 344 5360 495 5434; x_wconf 79' lang='grc' dir='ltr'>δεξιά</span> <span class='ocrx_word' id='word_1_706' title='bbox 551 5363 715 5420; x_wconf 83' lang='grc' dir='ltr'>αὐτοῦ</span> <span class='ocrx_word' id='word_1_707' title='bbox 794 5361 1158 5438; x_wconf 79' lang='grc' dir='ltr'>περιλήψεταί</span> <span class='ocrx_word' id='word_1_708' title='bbox 1241 5385 1325 5437; x_wconf 90' lang='grc' dir='ltr'><strong>με.</strong></span> <span class='ocrx_word' id='word_1_709' title='bbox 1407 5362 1697 5435; x_wconf 83' lang='grc' dir='ltr'>Δηλονότι,</span> <span class='ocrx_word' id='word_1_710' title='bbox 1758 5364 1827 5419; x_wconf 83' lang='grc' dir='ltr'><strong>Αἰ</strong></span> <span class='ocrx_word' id='word_1_711' title='bbox 1897 5370 2006 5421; x_wconf 89' lang='grc' dir='ltr'><strong>τῶν</strong></span> 
     </span>
    </p>
   </div>
   <div class='ocr_carea' id='block_1_102' title="bbox 339 5450 2002 5528">
    <p class='ocr_par' dir='ltr' id='par_1_102' title="bbox 339 5450 2002 5528">
     <span class='ocr_line' id='line_1_102' title="bbox 339 5450 2002 5528; baseline -0.001 -20"><span class='ocrx_word' id='word_1_712' title='bbox 339 5450 651 5523; x_wconf 84' lang='grc' dir='ltr'>κολάσεων,</span> <span class='ocrx_word' id='word_1_713' title='bbox 722 5453 796 5515; x_wconf 82' lang='grc' dir='ltr'>ὠς</span> <span class='ocrx_word' id='word_1_714' title='bbox 880 5450 1306 5528; x_wconf 73' lang='grc' dir='ltr'>ὑποδεχομένων</span> <span class='ocrx_word' id='word_1_715' title='bbox 1363 5452 1491 5513; x_wconf 75' lang='grc' dir='ltr'>τοὺς</span> <span class='ocrx_word' id='word_1_716' title='bbox 1561 5452 1612 5524; x_wconf 78' lang='grc' dir='ltr'><strong>ἐξ</strong></span> <span class='ocrx_word' id='word_1_717' title='bbox 1684 5452 2002 5526; x_wconf 76' lang='grc' dir='ltr'>εὐωνύμων,</span> 
     </span>
    </p>
   </div>
   <div class='ocr_carea' id='block_1_103' title="bbox 342 5538 2005 5621">
    <p class='ocr_par' dir='ltr' id='par_1_103' title="bbox 342 5538 2005 5621">
     <span class='ocr_line' id='line_1_103' title="bbox 342 5538 2005 5621; baseline -0.001 -23"><span class='ocrx_word' id='word_1_718' title='bbox 342 5539 588 5615; x_wconf 80' lang='grc' dir='ltr'>ἀπειλαὶ,</span> <span class='ocrx_word' id='word_1_719' title='bbox 649 5543 753 5598; x_wconf 72' lang='grc' dir='ltr'>ὑπὸ</span> <span class='ocrx_word' id='word_1_720' title='bbox 811 5543 872 5598; x_wconf 86' lang='grc' dir='ltr'>τὸ</span> <span class='ocrx_word' id='word_1_721' title='bbox 927 5538 1085 5613; x_wconf 85' lang='grc' dir='ltr'>δίκην</span> <span class='ocrx_word' id='word_1_722' title='bbox 1141 5540 1385 5618; x_wconf 76' lang='grc' dir='ltr'>κεφαλῆς</span> <span class='ocrx_word' id='word_1_723' title='bbox 1413 5541 1642 5621; x_wconf 86' lang='grc' dir='ltr'>ἀρχικὸν</span> <span class='ocrx_word' id='word_1_724' title='bbox 1670 5549 1769 5613; x_wconf 78' lang='grc' dir='ltr'>τῆς</span> <span class='ocrx_word' id='word_1_725' title='bbox 1817 5547 2005 5619; x_wconf 82' lang='grc' dir='ltr'>ψυχῆς</span> 
     </span>
    </p>
   </div>
   <div class='ocr_carea' id='block_1_104' title="bbox 414 5706 1981 5785">
    <p class='ocr_par' dir='ltr' id='par_1_104' title="bbox 414 5706 1981 5785">
     <span class='ocr_line' id='line_1_104' title="bbox 414 5706 1981 5785; baseline 0 -20"><span class='ocrx_word' id='word_1_726' title='bbox 414 5706 462 5745; x_wconf 73' lang='grc'><strong>³⁸</strong></span> <span class='ocrx_word' id='word_1_727' title='bbox 494 5706 672 5765; x_wconf 85' lang='lat' dir='ltr'><strong>Hebr.</strong></span> <span class='ocrx_word' id='word_1_728' title='bbox 706 5724 747 5780; x_wconf 89' lang='grc' dir='ltr'><strong>ι,</strong></span> <span class='ocrx_word' id='word_1_729' title='bbox 781 5706 870 5769; x_wconf 78' lang='grc'><strong>14.</strong></span> <span class='ocrx_word' id='word_1_730' title='bbox 947 5707 993 5744; x_wconf 75' lang='grc'><strong>⁸³</strong></span> <span class='ocrx_word' id='word_1_731' title='bbox 1022 5706 1166 5766; x_wconf 88' lang='lat' dir='ltr'><strong>Gen.</strong></span> <span class='ocrx_word' id='word_1_732' title='bbox 1201 5722 1286 5781; x_wconf 91' lang='grc' dir='ltr'>ιιι,</span> <span class='ocrx_word' id='word_1_733' title='bbox 1316 5706 1408 5764; x_wconf 85' lang='grc'>24.</span> <span class='ocrx_word' id='word_1_734' title='bbox 1485 5706 1531 5743; x_wconf 79' lang='grc'>³³</span> <span class='ocrx_word' id='word_1_735' title='bbox 1559 5707 1771 5785; x_wconf 84' lang='lat' dir='ltr'><strong>Ephes.</strong></span> <span class='ocrx_word' id='word_1_736' title='bbox 1802 5725 1860 5779; x_wconf 83' lang='grc' dir='ltr'><strong>ν,</strong></span> <span class='ocrx_word' id='word_1_737' title='bbox 1892 5708 1981 5766; x_wconf 86' lang='lat'><strong>32.</strong></span> 
     </span>
    </p>
   </div>
   <div class='ocr_carea' id='block_1_105' title="bbox 2119 4738 3773 4810">
    <p class='ocr_par' dir='ltr' id='par_1_105' title="bbox 2119 4738 3773 4810">
     <span class='ocr_line' id='line_1_105' title="bbox 2119 4738 3773 4810; baseline 0.002 -16"><span class='ocrx_word' id='word_1_738' title='bbox 2119 4741 2453 4796; x_wconf 85' lang='lat' dir='ltr'><strong>futurorum</strong></span> <span class='ocrx_word' id='word_1_739' title='bbox 2500 4741 2789 4795; x_wconf 92' lang='lat' dir='ltr'><strong>bonorum</strong></span> <span class='ocrx_word' id='word_1_740' title='bbox 2841 4755 2944 4810; x_wconf 89' lang='lat' dir='ltr'><strong>spe</strong></span> <span class='ocrx_word' id='word_1_741' title='bbox 2988 4738 3307 4809; x_wconf 87' lang='lat' dir='ltr'><strong>illustrata,</strong></span> <span class='ocrx_word' id='word_1_742' title='bbox 3341 4740 3423 4794; x_wconf 91' lang='lat' dir='ltr'><strong>ita</strong></span> <span class='ocrx_word' id='word_1_743' title='bbox 3453 4757 3610 4795; x_wconf 84' lang='lat' dir='ltr'><strong>nunc</strong></span> <span class='ocrx_word' id='word_1_744' title='bbox 3640 4741 3773 4797; x_wconf 88' lang='lat' dir='ltr'><strong>cha-</strong></span> 
     </span>
    </p>
   </div>
   <div class='ocr_carea' id='block_1_106' title="bbox 2117 4826 3769 4899">
    <p class='ocr_par' dir='ltr' id='par_1_106' title="bbox 2117 4826 3769 4899">
     <span class='ocr_line' id='line_1_106' title="bbox 2117 4826 3769 4899; baseline 0.001 -15"><span class='ocrx_word' id='word_1_745' title='bbox 2117 4829 2289 4884; x_wconf 89' lang='lat' dir='ltr'><strong>ritate</strong></span> <span class='ocrx_word' id='word_1_746' title='bbox 2331 4833 2624 4884; x_wconf 88' lang='lat' dir='ltr'><strong>commota</strong></span> <span class='ocrx_word' id='word_1_747' title='bbox 2674 4828 2913 4883; x_wconf 84' lang='lat' dir='ltr'><strong>festinat</strong></span> <span class='ocrx_word' id='word_1_748' title='bbox 2960 4843 3062 4899; x_wconf 89' lang='lat' dir='ltr'><strong>per</strong></span> <span class='ocrx_word' id='word_1_749' title='bbox 3110 4831 3349 4882; x_wconf 88' lang='lat' dir='ltr'><strong>sanctos</strong></span> <span class='ocrx_word' id='word_1_750' title='bbox 3407 4826 3648 4899; x_wconf 88' lang='lat' dir='ltr'><strong>angelos</strong></span> <span class='ocrx_word' id='word_1_751' title='bbox 3696 4829 3769 4885; x_wconf 87' lang='lat' dir='ltr'><strong>ad</strong></span> 
     </span>
    </p>
   </div>
   <div class='ocr_carea' id='block_1_107' title="bbox 2117 4916 3771 4991">
    <p class='ocr_par' dir='ltr' id='par_1_107' title="bbox 2117 4916 3771 4991">
     <span class='ocr_line' id='line_1_107' title="bbox 2117 4916 3771 4991; baseline 0.002 -19"><span class='ocrx_word' id='word_1_752' title='bbox 2117 4917 2531 4991; x_wconf 82' lang='lat' dir='ltr'><strong>perfectionem</strong></span> <span class='ocrx_word' id='word_1_753' title='bbox 2580 4917 2818 4985; x_wconf 91' lang='lat' dir='ltr'><strong>adduci,</strong></span> <span class='ocrx_word' id='word_1_754' title='bbox 2864 4916 3257 4981; x_wconf 85' lang='lat' dir='ltr'><strong>Quamobrem</strong></span> <span class='ocrx_word' id='word_1_755' title='bbox 3308 4916 3435 4972; x_wconf 89' lang='lat' dir='ltr'><strong>ait:</strong></span> <span class='ocrx_word' id='word_1_756' title='bbox 3466 4918 3629 4975; x_wconf 70' lang='lat' dir='ltr'><strong>Laeva</strong></span> <span class='ocrx_word' id='word_1_757' title='bbox 3653 4920 3771 4991; x_wconf 84' lang='lat' dir='ltr'><strong>ejus</strong></span> 
     </span>
    </p>
   </div>
   <div class='ocr_carea' id='block_1_108' title="bbox 2118 5006 3765 5079">
    <p class='ocr_par' dir='ltr' id='par_1_108' title="bbox 2118 5006 3765 5079">
     <span class='ocr_line' id='line_1_108' title="bbox 2118 5006 3765 5079; baseline 0.002 -17"><span class='ocrx_word' id='word_1_758' title='bbox 2118 5009 2219 5063; x_wconf 85' lang='lat' dir='ltr'><strong>sub</strong></span> <span class='ocrx_word' id='word_1_759' title='bbox 2241 5008 2421 5079; x_wconf 81' lang='lat' dir='ltr'><strong>capita</strong></span> <span class='ocrx_word' id='word_1_760' title='bbox 2451 5023 2573 5062; x_wconf 85' lang='lat' dir='ltr'><strong>mea</strong></span> <span class='ocrx_word' id='word_1_761' title='bbox 2610 5023 2622 5063; x_wconf 89' lang='lat'><strong>:</strong></span> <span class='ocrx_word' id='word_1_762' title='bbox 2653 5015 2707 5062; x_wconf 81' lang='lat' dir='ltr'><strong>et</strong></span> <span class='ocrx_word' id='word_1_763' title='bbox 2737 5007 2963 5063; x_wconf 73' lang='lat' dir='ltr'><strong>dextera</strong></span> <span class='ocrx_word' id='word_1_764' title='bbox 2992 5006 3147 5061; x_wconf 81' lang='lat' dir='ltr'><strong>illius</strong></span> <span class='ocrx_word' id='word_1_765' title='bbox 3192 5006 3611 5077; x_wconf 72' lang='lat' dir='ltr'><strong>amplexabitur</strong></span> <span class='ocrx_word' id='word_1_766' title='bbox 3656 5012 3765 5065; x_wconf 68' lang='lat' dir='ltr'><strong>me.</strong></span> 
     </span>
    </p>
   </div>
   <div class='ocr_carea' id='block_1_109' title="bbox 2116 5095 3769 5168">
    <p class='ocr_par' dir='ltr' id='par_1_109' title="bbox 2116 5095 3769 5168">
     <span class='ocr_line' id='line_1_109' title="bbox 2116 5095 3769 5168; baseline 0.001 -16"><span class='ocrx_word' id='word_1_767' title='bbox 2116 5096 2503 5152; x_wconf 86' lang='lat' dir='ltr'><strong>Comminatio</strong></span> <span class='ocrx_word' id='word_1_768' title='bbox 2562 5096 2990 5168; x_wconf 87' lang='lat' dir='ltr'><strong>suppliciorum</strong></span> <span class='ocrx_word' id='word_1_769' title='bbox 3053 5111 3185 5166; x_wconf 64' lang='lat' dir='ltr'><strong>qua</strong></span> <span class='ocrx_word' id='word_1_770' title='bbox 3237 5112 3270 5150; x_wconf 91' lang='lat' dir='ltr'><strong>a</strong></span> <span class='ocrx_word' id='word_1_771' title='bbox 3316 5095 3577 5152; x_wconf 84' lang='lat' dir='ltr'><strong>sinistris</strong></span> <span class='ocrx_word' id='word_1_772' title='bbox 3623 5112 3769 5153; x_wconf 88' lang='lat' dir='ltr'><strong>con-</strong></span> 
     </span>
    </p>
   </div>
   <div class='ocr_carea' id='block_1_110' title="bbox 2116 5184 3770 5257">
    <p class='ocr_par' dir='ltr' id='par_1_110' title="bbox 2116 5184 3770 5257">
     <span class='ocr_line' id='line_1_110' title="bbox 2116 5184 3770 5257; baseline 0.001 -16"><span class='ocrx_word' id='word_1_773' title='bbox 2116 5186 2358 5241; x_wconf 88' lang='lat' dir='ltr'><strong>stitutos</strong></span> <span class='ocrx_word' id='word_1_774' title='bbox 2390 5189 2653 5254; x_wconf 87' lang='lat' dir='ltr'><strong>manent,</strong></span> <span class='ocrx_word' id='word_1_775' title='bbox 2688 5185 2799 5241; x_wconf 91' lang='lat' dir='ltr'><strong>sub</strong></span> <span class='ocrx_word' id='word_1_776' title='bbox 2831 5184 3022 5257; x_wconf 87' lang='lat' dir='ltr'><strong>capite</strong></span> <span class='ocrx_word' id='word_1_777' title='bbox 3053 5200 3205 5254; x_wconf 90' lang='lat' dir='ltr'><strong>meo,</strong></span> <span class='ocrx_word' id='word_1_778' title='bbox 3238 5184 3345 5240; x_wconf 90' lang='lat' dir='ltr'><strong>sub</strong></span> <span class='ocrx_word' id='word_1_779' title='bbox 3384 5200 3453 5241; x_wconf 87' lang='lat' dir='ltr'><strong>ea</strong></span> <span class='ocrx_word' id='word_1_780' title='bbox 3498 5184 3770 5243; x_wconf 87' lang='lat' dir='ltr'><strong>videlicet</strong></span> 
     </span>
    </p>
   </div>
   <div class='ocr_carea' id='block_1_111' title="bbox 2115 5274 3771 5348">
    <p class='ocr_par' dir='ltr' id='par_1_111' title="bbox 2115 5274 3771 5348">
     <span class='ocr_line' id='line_1_111' title="bbox 2115 5274 3771 5348; baseline 0.001 -18"><span class='ocrx_word' id='word_1_781' title='bbox 2115 5280 2299 5348; x_wconf 89' lang='lat' dir='ltr'><strong>parte,</strong></span> <span class='ocrx_word' id='word_1_782' title='bbox 2332 5292 2460 5346; x_wconf 78' lang='lat' dir='ltr'><strong>quas</strong></span> <span class='ocrx_word' id='word_1_783' title='bbox 2492 5280 2556 5329; x_wconf 83' lang='lat' dir='ltr'><strong>ut</strong></span> <span class='ocrx_word' id='word_1_784' title='bbox 2585 5280 2762 5347; x_wconf 91' lang='lat' dir='ltr'><strong>caput</strong></span> <span class='ocrx_word' id='word_1_785' title='bbox 2788 5276 2845 5329; x_wconf 94' lang='lat' dir='ltr'><strong>in</strong></span> <span class='ocrx_word' id='word_1_786' title='bbox 2878 5290 3139 5347; x_wconf 90' lang='lat' dir='ltr'><strong>corpore,</strong></span> <span class='ocrx_word' id='word_1_787' title='bbox 3174 5274 3259 5330; x_wconf 88' lang='lat' dir='ltr'><strong>sic</strong></span> <span class='ocrx_word' id='word_1_788' title='bbox 3289 5274 3418 5347; x_wconf 87' lang='lat' dir='ltr'><strong>ipsa</strong></span> <span class='ocrx_word' id='word_1_789' title='bbox 3464 5275 3524 5331; x_wconf 92' lang='lat' dir='ltr'><strong>in</strong></span> <span class='ocrx_word' id='word_1_790' title='bbox 3570 5275 3771 5333; x_wconf 89' lang='lat' dir='ltr'><strong>anima</strong></span> 
     </span>
    </p>
   </div>
   <div class='ocr_carea' id='block_1_112' title="bbox 2115 5362 3769 5437">
    <p class='ocr_par' dir='ltr' id='par_1_112' title="bbox 2115 5362 3769 5437">
     <span class='ocr_line' id='line_1_112' title="bbox 2115 5362 3769 5437; baseline 0.001 -18"><span class='ocrx_word' id='word_1_791' title='bbox 2115 5364 2515 5437; x_wconf 90' lang='lat' dir='ltr'><strong>principatum</strong></span> <span class='ocrx_word' id='word_1_792' title='bbox 2564 5365 2812 5430; x_wconf 87' lang='lat' dir='ltr'><strong>obtinet,</strong></span> <span class='ocrx_word' id='word_1_793' title='bbox 2865 5370 3059 5420; x_wconf 88' lang='lat' dir='ltr'><strong>mente</strong></span> <span class='ocrx_word' id='word_1_794' title='bbox 3092 5362 3375 5419; x_wconf 90' lang='lat' dir='ltr'><strong>nimirum</strong></span> <span class='ocrx_word' id='word_1_795' title='bbox 3409 5380 3621 5420; x_wconf 89' lang='lat' dir='ltr'><strong>sensus</strong></span> <span class='ocrx_word' id='word_1_796' title='bbox 3654 5364 3769 5436; x_wconf 89' lang='lat' dir='ltr'><strong>ipsi</strong></span> 
     </span>
    </p>
   </div>
   <div class='ocr_carea' id='block_1_113' title="bbox 2116 5452 3774 5525">
    <p class='ocr_par' dir='ltr' id='par_1_113' title="bbox 2116 5452 3774 5525">
     <span class='ocr_line' id='line_1_113' title="bbox 2116 5452 3774 5525; baseline -0.001 -16"><span class='ocrx_word' id='word_1_797' title='bbox 2116 5453 2484 5525; x_wconf 85' lang='lat' dir='ltr'><strong>snbjiciente.</strong></span> <span class='ocrx_word' id='word_1_798' title='bbox 2541 5458 2744 5524; x_wconf 86' lang='lat' dir='ltr'><strong>Itaque</strong></span> <span class='ocrx_word' id='word_1_799' title='bbox 2792 5454 3031 5509; x_wconf 85' lang='lat' dir='ltr'><strong>dextera</strong></span> <span class='ocrx_word' id='word_1_800' title='bbox 3074 5452 3261 5521; x_wconf 89' lang='lat' dir='ltr'><strong>illius,</strong></span> <span class='ocrx_word' id='word_1_801' title='bbox 3312 5458 3380 5508; x_wconf 91' lang='lat' dir='ltr'><strong>ut</strong></span> <span class='ocrx_word' id='word_1_802' title='bbox 3426 5469 3620 5525; x_wconf 89' lang='lat' dir='ltr'><strong>spero,</strong></span> <span class='ocrx_word' id='word_1_803' title='bbox 3645 5454 3774 5524; x_wconf 85' lang='lat' dir='ltr'><strong>jam</strong></span> 
     </span>
    </p>
   </div>
   <div class='ocr_carea' id='block_1_114' title="bbox 2114 5541 3773 5617">
    <p class='ocr_par' dir='ltr' id='par_1_114' title="bbox 2114 5541 3773 5617">
     <span class='ocr_line' id='line_1_114' title="bbox 2114 5541 3773 5617; baseline 0 -18"><span class='ocrx_word' id='word_1_804' title='bbox 2114 5543 2543 5617; x_wconf 82' lang='lat' dir='ltr'><strong>amplexabitur</strong></span> <span class='ocrx_word' id='word_1_805' title='bbox 2571 5558 2685 5598; x_wconf 90' lang='lat' dir='ltr'><strong>me.</strong></span> <span class='ocrx_word' id='word_1_806' title='bbox 2722 5541 3037 5599; x_wconf 90' lang='lat' dir='ltr'><strong>Promissio</strong></span> <span class='ocrx_word' id='word_1_807' title='bbox 3068 5541 3293 5599; x_wconf 87' lang='lat' dir='ltr'><strong>scilicet</strong></span> <span class='ocrx_word' id='word_1_808' title='bbox 3320 5542 3608 5599; x_wconf 90' lang='lat' dir='ltr'><strong>bonorum</strong></span> <span class='ocrx_word' id='word_1_809' title='bbox 3641 5557 3773 5616; x_wconf 66' lang='lat' dir='ltr'><strong>qua</strong></span> 
     </span>
    </p>
   </div>
   <div class='ocr_carea' id='block_1_115' title="bbox 2056 5706 2587 5780">
    <p class='ocr_par' dir='ltr' id='par_1_115' title="bbox 2056 5706 2587 5780">
     <span class='ocr_line' id='line_1_115' title="bbox 2056 5706 2587 5780; baseline -0.004 -13"><span class='ocrx_word' id='word_1_810' title='bbox 2056 5708 2103 5745; x_wconf 73' lang='lat'><strong>“</strong></span> <span class='ocrx_word' id='word_1_811' title='bbox 2131 5708 2153 5766; x_wconf 94' lang='grc' dir='ltr'><strong>Ι</strong></span> <span class='ocrx_word' id='word_1_812' title='bbox 2182 5707 2354 5767; x_wconf 88' lang='lat' dir='ltr'><strong>Joan.</strong></span> <span class='ocrx_word' id='word_1_813' title='bbox 2388 5722 2467 5780; x_wconf 77' lang='grc' dir='ltr'><strong>ιν,</strong></span> <span class='ocrx_word' id='word_1_814' title='bbox 2500 5706 2587 5765; x_wconf 87' lang='grc'>18.</span> 
     </span>
    </p>
   </div>
  </div>
