4110 6414
388 377 505 434 579

1725 364 2152 427 MICHAELIS
2195 365 2473 425 PSELLI

3703 365 3822 425 580

386 525 419 561 a
451 505 674 562 dextris
703 501 970 560 collocati
1001 501 1372 572 suscipiant;
1406 515 1654 572 regnum
1691 499 1893 569 utique
1944 498 2044 553 Dei

2164 517 2268 568 μου
2321 494 2536 558 πάντως
2589 497 2651 550 τὸ
2700 497 2886 570 νοερὸν
2939 494 3335 550 ὑποτάσσουσαι
3363 497 3510 568 αὐτῷ
3538 498 3600 551 τὸ
3631 495 3822 568 αἰσθη-

385 597 444 650 in
478 593 692 650 saeculo
727 594 1050 659 futura,me
1081 589 1504 661 complectetur
1538 606 1550 644 :
1587 590 1739 660 quod
1780 604 1913 643 cum
1947 603 2054 643 nec

383 683 672 756 temporis
704 681 940 737 initium
974 696 1080 736 nec
1111 679 1288 734 ﬁnem
1320 677 1556 747 habeat,
1583 677 1730 732 mihi
1763 682 1962 732 tamen
1995 686 2052 731 et

384 771 745 845 principium
775 775 830 827 et
861 771 997 826 ﬁnis
1030 769 1353 834 invenitur,
1385 767 1602 840 quippe
1633 783 1761 838 quae
1794 770 1852 822 et
1881 770 2050 821 ortus

385 863 622 918 initium
656 865 829 917 nacta
859 860 996 932 sim,
1015 864 1081 914 ut
1114 859 1275 930 regni
1308 857 1564 913 cmlestis
1593 872 1827 912 cernam
1864 855 2048 910 haere-

385 953 655 1018 ditatem,
688 956 746 1007 et
773 951 834 1005 in
866 967 931 1005 eo
961 950 1203 1005 tandem
1238 953 1480 1020 propter
1511 946 1942 1001 humanitatem
1977 944 2044 997 il-

384 1041 522 1108 lius,
556 1046 843 1112 tanquam
877 1041 997 1093 ﬁne
1026 1055 1092 1094 ac
1123 1037 1376 1092 termino
1406 1035 1875 1107 circumscripta,
1911 1051 2044 1106 pro-

385 1130 478 1187 cul
505 1131 578 1186 ab
609 1129 769 1186 omni
803 1127 1131 1184 mutatione
1159 1126 1594 1198 conquiescam.

2163 584 2335 639 τικόνο
2395 581 2481 638 διὰ
2535 589 2696 639 τοῦτο
2756 583 2948 640 λοιπὸν
3010 584 3060 640 ἐν
3116 585 3327 640 ἐλπίσιν
3391 585 3527 658 εἰμὶ,
3587 586 3670 640 ὅτι
3731 589 3816 641 καὶ

2161 677 2196 744 ἡ
2249 672 2396 744 δεξιά
2449 673 2612 729 αὐτοῦ
2669 673 3030 749 περιλήψιταί
3085 693 3171 748 με’
3221 673 3368 744 ἤτοι,
3417 677 3490 730 Τά
3545 673 3596 729 ἐν
3656 674 3819 752 ἔπαγ-

2160 762 2374 840 γελίαις
2430 762 2608 838 ἀγαθὰ
2663 765 2738 826 ὡς
2784 765 2912 826 τοὺς
2963 763 3024 819 ἐκ
3079 761 3264 835 δεξιῶν
3323 761 3726 840 ὑποδεχόμενα,
3781 767 3817 836 ἡ

2167 852 2414 927 βασιλεία
2466 850 2679 922 δηλαδὴ
2729 857 2825 907 τοῦ
2874 858 3008 909 Θεοῦ
3038 856 3175 909 κατά
3201 854 3294 909 τὸν
3341 853 3620 928 μέλλοντα
3648 855 3821 911 αἰῶνα

2163 940 2566 1016 περικυκλώσει
2603 963 2689 1014 με,
2722 942 2796 1004 ὡς
2851 949 2926 1016 μὴ
2971 943 3151 1018 ἀρχὴν
3188 945 3454 1019 χρονικήν
3493 945 3631 1017 μήτε
3658 943 3821 1009 τέλος

2165 1026 2386 1107 ἔχουσα”
2443 1031 2567 1105 ἐμοὶ
2625 1029 2681 1086 at
2732 1032 2821 1086 καὶ
2878 1033 3023 1108 ἂρχή
3082 1033 3171 1088 καὶ
3222 1032 3381 1096 τέλος
3424 1034 3813 1108 εὑρισκομὲνη.

2159 1122 2237 1176 Δι’
2285 1121 2453 1189 αὐτην
2508 1123 2610 1196 γὰρ
2668 1122 2742 1182 ὡς
2812 1120 2871 1175 ἂν
2926 1122 3126 1193 ταύτην
3176 1122 3591 1198 κληρονομήσω
3641 1125 3703 1178 τὸ
3763 1123 3815 1194 ἐξ

385 1219 568 1294 ἀρχῆς
625 1216 869 1294 γὲγονα·
925 1213 1014 1270 καὶ
1074 1213 1150 1276 εἰς
1205 1212 1408 1285 ταύτην
1456 1210 1623 1268 πάλιν
1686 1209 1776 1267 διὰ
1833 1210 2244 1290 φιλανθρωπίαν
2305 1215 2574 1279 καταντῶ,
2625 1212 2908 1284 παυομένη
2988 1213 3168 1282 πάσης
3239 1215 3525 1284 κινήσεως,
3575 1213 3665 1268 καὶ
3727 1212 3818 1267 ὑπ’

386 1309 561 1378 αὐτῆς
592 1305 912 1382 ὁριζομένη.

1121 1413 1310 1469 Pselli.

381 1529 386 1536 ε
463 1507 563 1562 His
622 1522 830 1561 rursus
908 1520 1129 1576 sponsa
1197 1502 1442 1573 subjicit
1517 1501 1786 1573 quaedam
1843 1500 2044 1566 verba,

387 1595 894 1668 quemadmodum
927 1593 1133 1649 ordine
1164 1591 1436 1664 reperies.
1473 1591 1623 1647 Sunt
1653 1595 1851 1645 autem
1880 1587 2040 1643 haec:

384 1688 550 1742 Laeva
580 1686 700 1755 ejus
728 1684 827 1740 sub
856 1685 1034 1755 capite
1061 1698 1183 1739 meo
1215 1699 1232 1736 :
1262 1686 1317 1737 et
1346 1682 1574 1736 dextera
1619 1680 1779 1735 illius
1826 1678 2046 1750 ample-

386 1777 625 1830 xabitur
652 1791 757 1830 me.

2863 1406 3111 1465 Ψελλοῦ.

2226 1495 2399 1554 Ἀλλὰ
2447 1497 2772 1573 προστίθησί
2838 1519 2987 1560 τινας
3028 1501 3063 1568 ἡ
3121 1498 3307 1577 νύμφη
3365 1499 3532 1556 πάλιν
3589 1499 3790 1578 λόγους

2154 1582 2387 1661 λέγουσα
2467 1584 2596 1642 τάδε
2661 1588 2796 1662 πρὸς
2855 1587 3072 1656 αὐτοὺς,
3134 1589 3207 1650 ὡς
3281 1590 3401 1644 καθ’
3467 1560 3814 1664 εἰρμὸνιεῦί

2154 1677 2565 1752 ρήσεις.Ταῦτα
2625 1674 2681 1732 δὲ
2739 1677 2904 1733 εἰσιν·
2944 1679 3274 1752 Εὐώνυμνος
3326 1679 3490 1736 αὐτοῦ
3550 1679 3652 1737 ὑπὸ
3710 1683 3813 1751 τήν

2151 1765 2396 1842 κεφαλήν
2458 1789 2582 1840 μου,
2643 1767 2734 1823 καὶ
2794 1769 2828 1838 ἡ
2891 1766 3039 1841 δεξιὰ
3093 1770 3263 1824 αὐτοῦ
3315 1769 3677 1845 περιλήψεταί
3725 1792 3812 1845 με.

460 1864 682 1920 Horum
716 1863 1076 1920 canticorum
1108 1861 1197 1916 vis
1241 1861 1312 1916 de
1356 1875 1517 1915 more
1571 1857 1852 1930 procedit.
1903 1857 2044 1913 Ecce

2220 1863 2281 1912 Ἠ
2307 1862 2415 1912 τῶν
2447 1857 2700 1930 ᾀσμάτων
2733 1855 2962 1932 δύναμις
2989 1859 3196 1913 τούτων
3224 1859 3592 1933 καταθεμίζει.

389 1954 547 2010 enim
579 1955 725 2026 [quae
757 1951 933 2026 paulo
965 1955 1100 2008 ante
1133 1948 1388 2005 mirabili
1424 1947 1638 2021 sagitta
1670 1946 1873 2002 saucia
1900 1949 2045 2014 erat,

387 2059 546 2099 nunc
577 2043 793 2115 sagitta
824 2043 889 2096 ﬁt
920 2040 1196 2096 manibus
1227 2038 1560 2110 iaculantis.
1597 2035 1658 2092 Id
1690 2036 1860 2108 [quod
1917 2034 2045 2090 ani-

386 2149 495 2187 mae
529 2131 775 2203 contigit
805 2128 971 2186 Pauli
1003 2128 1345 2186 vulneratae.
1379 2126 1680 2200 Siquidem
1730 2129 1788 2179 et
1833 2123 1930 2180 ille
1977 2140 2046 2179 ex

387 2220 609 2277 inﬁdeli
642 2221 830 2276 factus
873 2219 1061 2274 ﬁdelis
1094 2235 1127 2274 a
1155 2217 1386 2274 Christo
1416 2215 1607 2272 Verbo
1638 2219 1695 2270 et
1725 2214 2046 2281 Salvatore,

384 2311 692 2368 confestim
726 2309 900 2365 veluti
934 2309 1154 2380 sagitta
1185 2306 1407 2364 missus
1453 2310 1542 2361 est
1588 2321 1622 2360 a
1669 2303 1866 2358 divino
1915 2302 2046 2374 Spi-

382 2402 499 2456 ritu
532 2402 590 2456 in
622 2405 826 2472 gentes
855 2404 1109 2454 remotas
1141 2403 1315 2468 atque
1347 2397 1404 2450 in
1437 2411 1631 2451 errore
1653 2394 2049 2460 demersas;ut

384 2489 819 2563 praedicationis
849 2494 906 2545 et
936 2487 1213 2545 doctrinae
1243 2486 1419 2541 verbo
1452 2486 1682 2541 animas
1705 2483 2048 2540 aberrantes

381 2582 443 2637 in
476 2581 626 2636 viam
649 2580 779 2635 vitae
810 2579 1133 2634 reduceret.
1169 2576 1320 2645 Haec,
1354 2591 1484 2630 mea
1528 2574 1766 2645 quidem
1818 2575 2044 2628 senten-

381 2671 482 2736 tia,
533 2669 866 2725 diademate
914 2665 1204 2737 redimite,
1258 2665 1339 2720 ita
1387 2680 1450 2720 se
1496 2663 1736 2718 habent.
1787 2661 1866 2716 Te
1912 2676 2046 2715 vero

386 2757 633 2814 minime
677 2760 928 2824 moveat,
980 2755 1136 2826 quod
1185 2754 1355 2824 cujus
1405 2751 1653 2807 sinistra
1701 2751 1810 2806 sub
1861 2748 2047 2820 capite

386 2863 618 2919 sponsae
650 2845 747 2913 sit,
780 2849 844 2900 ut
876 2845 1007 2916 ipsa
1029 2843 1128 2913 ait,
1162 2843 1292 2915 ejus
1324 2842 1561 2897 dextera
1592 2839 1756 2894 illam
1790 2837 2045 2910 comple-

388 2940 578 2991 ctatur
613 2951 626 2990 :
657 2932 1139 3006 quandoquidem
1173 2933 1244 2987 ad
1295 2929 1745 2988 similitudinem
1796 2927 2047 2985 volantis

387 3024 615 3098 sagitize
647 3024 869 3080 emissa
900 3023 1084 3079 fuisse
1116 3021 1272 3078 dicta
1301 3029 1406 3076 est.

980 3381 1167 3436 Trium
1198 3385 1446 3437 Patrum.

457 3473 739 3544 Magistra
761 3471 1056 3540 anima,ad
1078 3471 1255 3525 rudes
1285 3485 1416 3541 qua:
1446 3467 2045 3537 instituuntur,Adju-

386 3563 507 3618 ravi
544 3579 664 3629 vos,
704 3561 918 3633 inquit,
953 3559 1082 3614 filim
1113 3558 1463 3614 Jerusalem.
1498 3560 1622 3621 Quo
1653 3563 1851 3612 autem
1878 3564 2046 3628 pacto

386 3653 688 3723 adjaravi?
719 3652 919 3724 sponsi
955 3652 1146 3707 minas
1177 3657 1232 3706 et
1262 3649 1840 3722 promissiones,quae
1873 3647 2045 3704 audi-

386 3748 544 3799 tores
575 3742 965 3815 cogendi,non
999 3757 1170 3797 secus
1201 3757 1267 3796 ac
1291 3739 1741 3812 jusjurandum,
1772 3738 1890 3793 vim
1939 3737 2043 3792 ha-

385 3832 713 3902 bent,vobis
737 3848 1069 3903 proponens
1093 3835 1158 3885 ut
1181 3829 1368 3900 ipsius
1390 3829 1592 3900 sponsi
1616 3834 1846 3883 tantum
1883 3833 2041 3883 metu

384 3939 451 3977 ac
483 3921 775 3978 desiderio
809 3919 1152 3976 teneamini.
1185 3919 1372 3974 Doceo
1405 3923 1602 4001 autem
1638 3917 1880 3973 omnino
1911 3934 2040 3985 vos;

382 4028 534 4083 quas
566 4010 743 4083 genui
776 4010 836 4064 in
868 4010 1089 4082 Spiritu
1122 4012 1346 4077 sancto,
1381 4007 1483 4079 qui
1514 4011 1605 4063 est
1656 4007 1803 4062 visio
1853 4007 2042 4078 pacis,

386 4105 586 4174 utpote
618 4102 717 4172 qui
768 4116 876 4154 nos
927 4100 1090 4153 ducit
1136 4097 1196 4152 in
1246 4113 1484 4154 omnem
1534 4098 1862 4162 veritatem,
1913 4112 2040 4168 quae

383 4191 641 4246 Verbum
671 4194 780 4257 est,
814 4188 1000 4244 Filius
1032 4187 1411 4260 unigenitus;
1441 4204 1474 4241 a
1501 4202 1616 4258 quo
1646 4187 1803 4242 Patri
1849 4203 2045 4240 recon-

385 4278 567 4334 ciliati
597 4295 808 4335 sumus
840 4277 906 4330 ³⁸.
937 4276 1262 4332 Jerusalem
1303 4278 1460 4330 enim
1514 4276 1669 4330 idem
1720 4280 1830 4340 est,
1885 4275 2041 4346 quod

385 4366 548 4438 pacis
598 4367 766 4422 visio.
813 4367 920 4421 Per
964 4366 1243 4436 patentius
1287 4373 1340 4420 et
1385 4366 1739 4436 fortitudines
1785 4366 1932 4433 agri,
1983 4366 2044 4418 ut

382 4457 656 4512 suscitetzs
687 4465 737 4511 et
765 4456 1016 4511 excitetis
1043 4455 1387 4524 charitatem,
1438 4454 1569 4510 dum
1617 4457 1734 4526 ipse
1780 4454 2041 4510 voluerit.

387 4546 504 4602 Hoc
538 4543 723 4617 igitur
753 4547 922 4616 pacto
953 4559 1053 4598 vos
1101 4543 1393 4612 adjuravi,
1445 4550 1508 4597 ut
1554 4560 1658 4614 per
1705 4541 1889 4598 animi
1936 4559 2042 4614 po-

2155 1943 2296 2002 Ἰδοὺ
2325 1948 2425 2022 γὰρ
2462 1945 2624 2021 βὲλος
2652 1945 2855 2022 γίνεται
2888 1948 3044 2024 χερσὶ
3077 1953 3200 2010 ταῖς
3228 1953 3326 2004 τοῦ
3355 1950 3600 2020 τοξότου,

2153 2037 2216 2092 Ἠ
2247 2038 2353 2110 πρὸ
2388 2040 2587 2110 μικροῦ
2617 2036 2698 2109 τῷ
2725 2037 3018 2110 θαυμαστῷ
3045 2044 3451 2113 κατατρωθεῖσα
3493 2037 3664 2116 βέλει,

2153 2127 2241 2189 Ὠς
2268 2129 2301 2195 ἡ
2333 2131 2429 2181 τοῦ
2463 2125 2680 2182 Παύλου
2709 2126 2943 2182 πέπονθε
2971 2129 3125 2202 ψυχὴ
3157 2127 3344 2192 καλῶς
3372 2134 3661 2204 τρωθεῖσα.

2157 2217 2409 2279 Κάκεῖνος
2466 2217 2567 2291 γὰρ
2628 2218 2921 2292 γενόμενος
2969 2217 3184 2288 πιστὸς,
3219 2215 3270 2287 ἐξ
3300 2217 3550 2280 ἀπιστίας
3577 2223 3817 2294 ζωγρευ-

3581 2310 3738 2380 [θεὶς.

2155 2395 2253 2450 Καὶ
2285 2397 2431 2470 παρὰ
2462 2399 2695 2470 Χριστοῦ
2725 2399 2821 2450 τοῦ
2854 2395 3030 2471 Λόγου
3067 2395 3157 2450 καὶ
3190 2403 3474 2472 Σωτῆρος,

2157 2484 2326 2547 Εὐθὺς
2368 2485 2504 2560 πρὸς
2537 2481 2662 2555 ἔθνη
2694 2486 2762 2540 τὰ
2795 2485 3000 2558 μακρὰν
3033 2484 3122 2540 καὶ
3154 2483 3334 2560 πλάνῃ
3369 2480 3668 2560 βεϐωμὲνα

2156 2575 2308 2650 Παρὰ
2335 2578 2431 2629 τοῦ
2463 2575 2611 2637 θείου
2646 2575 2957 2647 Ηνεύματος
2989 2575 3144 2631 οὗτος
3179 2572 3541 2648 ἑξαπεστάλη⁹

2160 2663 2249 2726 Εἰς
2275 2665 2337 2718 τὸ
2362 2664 2648 2740 ζωγρεύειν
2675 2665 2771 2726 τὰς
2802 2665 2984 2738 ψυχὰς
3011 2665 3108 2726 τὰς
3141 2663 3653 2738 ἑκπεπλανημὲνας,

2153 2757 2240 2826 Τῷ
2281 2752 2440 2828 Λόγῳ
2467 2751 2563 2808 τοῦ
2593 2753 2948 2828 κηρύγματος
2980 2754 3068 2809 καὶ
3100 2761 3198 2824 τῆς
3230 2751 3608 2818 διδασκαλίας.

2155 2846 2326 2897 Ταῦτα
2363 2843 2456 2916 μὲν
2491 2841 2664 2904 οὕτως
2696 2839 2938 2918 ἔχουσιν,
2973 2843 3047 2906 ὡς
3081 2843 3256 2916 οἶμαι,
3292 2843 3626 2922 στεφηφόρεο

2158 2932 2232 2987 Σὺ
2261 2929 2318 2986 δὲ
2348 2930 2476 3005 μηδ’
2507 2931 2652 2995 ὅλως
2685 2931 2967 3008 ἐκπλαγῇς
2999 2934 3132 3008 ἅπερ
3163 2935 3196 3002 ἡ
3229 2932 3417 3008 νύμφη
3453 2932 3626 3009 λέγει.

2153 3023 2240 3084 Ὡς
2274 3019 2376 3097 ἄρα
2405 3022 2530 3097 χεὶρ
2564 3022 2843 3094 εὐώνυμος
2872 3022 3037 3077 αὐτοῦ
3064 3026 3133 3097 τῇ
3156 3021 3366 3100 κεφαλῇ
3397 3044 3524 3096 μου,

2154 3112 2214 3168 Ἰ]
2242 3111 2438 3166 τούτου
2471 3109 2517 3166 δ’
2548 3110 2700 3176 αὖθις
2731 3110 2877 3182 δεξιά
2905 3112 2993 3167 καὶ
3024 3110 3388 3188 περιλήψεταί
3424 3134 3510 3186 με.

2073 3233 2116 3299 C
2156 3201 2373 3277 Τρόπον
2405 3202 2506 3278 γὰρ
2544 3201 2740 3278 βέλους
2769 3206 3038 3275 κοσμικοῦ
3067 3203 3156 3257 καὶ
3187 3203 3492 3276 πετομένου
3531 3202 3700 3279 λὲγω,

2156 3293 2217 3349 Ὀ
2246 3289 2409 3365 λόγος
2439 3290 2811 3366 ἐσχημάτισεν
2837 3291 3006 3360 αὐτὴν
3037 3290 3436 3363 ἐξαποστεῖλαι,

2724 3382 2840 3436 Τῶν
2880 3383 2924 3456 γ’
2967 3381 3216 3456 Πατίιρων
3228 3427 3241 3440 .

2225 3474 2285 3525 Ἡ
2361 3466 2686 3532 διδάσκαλος
2761 3474 2914 3546 ψυχὴ
2979 3471 3118 3547 πρὸς
3190 3470 3284 3533 τὰς
3363 3471 3810 3545 μαθητευομένας

2155 3557 2316 3634 φησίν
2352 3579 2364 3591 ·
2442 3561 2672 3634 ’Ώρκισα
2765 3560 2902 3633 ὑμᾶς
2937 3603 2951 3628 ,
3030 3561 3316 3636 θυγατέρες
3389 3557 3756 3636 Ἰερουσαλήμ
3791 3603 3805 3618 .

2153 3651 2381 3724 Ὥρκισα
2441 3645 2497 3702 δὲ
2554 3653 2709 3718 πῶς;
2765 3649 2868 3711 Τὰς
2944 3654 3039 3704 τοῦ
3117 3650 3357 3728 νυμφίου
3433 3648 3663 3714 ἀπειλὰς
3716 3650 3809 3704 καὶ

2151 3738 2245 3798 τὰς
2331 3736 2680 3814 ἰπαγγελίας,
2738 3739 2833 3802 τὰς
2917 3736 3074 3810 δίκην
3151 3739 3316 3816 ὅρκου
3398 3739 3809 3816 ἀναγκαζοῦσας

2151 3826 2279 3891 τοὺς
2334 3827 2628 3890 ἀκούοντας
2661 3829 2810 3899 αὐτῷ
2845 3829 2997 3902 μόνῳ
3051 3829 3146 3884 τὸν
3197 3825 3366 3908 φόϐον
3416 3831 3503 3885 καὶ
3564 3833 3656 3886 τὸν
3707 3829 3807 3885 πό-

2155 3919 2247 3970 θον
2304 3915 2928 3993 τηρεῖν.Ἀναδιδάξασα
2956 3917 3161 3981 πάντας
3220 3921 3359 3992 ὑμᾶς
3417 3919 3512 3982 τὰς
3571 3918 3624 3974 ἐν
3677 3920 3813 3995 ἁγίῳ

2153 4006 2548 4081 ἀποτεχθείσας
2607 4028 2700 4079 μοι
2753 4007 3047 4081 Πνεύματι,
3095 4010 3228 4083 ὅπερ
3293 4009 3481 4078 ὅρασίς
3540 4009 3682 4065 ἔστιν
3739 4009 3816 4065 εἶ-

2154 4096 2455 4166 ρήντες,ὡς
2507 4093 2741 4172 ὁδηγοῢν
2796 4098 2944 4168 ἡμᾶς
2998 4096 3076 4159 εἰς
3126 4103 3297 4152 πᾶσάν
3350 4099 3448 4168 τὴν
3505 4097 3810 4170 ἀλήθειανο

2153 4184 2275 4253 ἥτις
2318 4183 2457 4239 ἐστὶν
2497 4185 2524 4238 ὁ
2568 4183 2910 4255 καταλλάξας
2947 4188 3098 4257 ἡμᾶς
3156 4191 3236 4259 τῷ
3298 4185 3423 4260 ἰδίῳ
3478 4189 3649 4264 Πατρὶ
3710 4209 3811 4262 μο-

2151 4275 2382 4346 νογενής
2412 4273 2576 4328 αὐτοῦ
2600 4274 2797 4350 Λόγος·
2831 4273 3017 4350 ὅρασις
3068 4277 3173 4352 γάρ
3232 4275 3458 4352 εἰρήνης
3509 4282 3572 4332 τὸ
3613 4279 3815 4352 Ἰερου-

2152 4360 2343 4436 σαλὴμ
2389 4362 2758 4438 ἑρμηνεύεται.
2802 4366 2884 4419 Ἐν
2941 4371 3062 4427 ταῖς
3121 4363 3381 4439 δυνάμεσι
3431 4366 3521 4421 καὶ
3579 4365 3632 4420 ἐν
3691 4372 3814 4430 ταῖς

2155 4453 2399 4528 ἰσχύσεσι
2460 4457 2554 4507 τοῦ
2612 4454 2800 4528 ἀγροῦ,
2860 4452 2946 4508 ἐὰν
3029 4454 3271 4528 ἐγιίρητε
3343 4455 3435 4509 καὶ
3509 4455 3815 4531 ἐξεγείρητε

2152 4543 2250 4611 τήν
2311 4541 2545 4616 ἀγάπην,
2603 4538 2706 4604 ἕως
2760 4542 2818 4596 ἃν
2877 4541 3104 4618 θελήσῃ.
3168 4545 3392 4619 Ἦγουν,
3449 4540 3811 4620 Τοιουτοτρό-

387 4634 607 4692 tentias
653 4638 711 4689 et
759 4631 1019 4704 corporis
1063 4649 1278 4688 sensus
1309 4613 1732 4704 (animarenim
1766 4613 2042 4704 potentiae

2156 4652 2269 4692 πως
2322 4630 2530 4706 ὥρκισα
2588 4632 2749 4704 ὑμᾶς,
2791 4631 2877 4686 ἐὰν
2937 4631 2990 4686 ἐν
3048 4613 3166 4696 ταῖς
3225 4613 3491 4709 ψυχικαῖς
3548 4613 3810 4707 δυνάμεσι

387 4725 446 4778 in
484 4723 728 4790 mundo,
761 4727 1041 4790 tanquam
1097 4722 1155 4775 in
1208 4738 1372 4792 agro,
1422 4738 1525 4792 per
1575 4738 1788 4777 sensus
1837 4721 2042 4793 agunt)

385 4815 443 4870 in
477 4814 642 4870 vobis
673 4812 820 4884 ipsis
846 4827 949 4882 per
977 4810 1252 4866 virtutem
1285 4803 1609 4878 suecitetis,
1641 4818 1698 4868 et
1738 4813 1928 4884 magis
1976 4826 2042 4866 ao

389 4903 578 4975 magis
609 4918 714 4974 per
742 4899 1303 4972 contemplationem
1339 4901 1606 4956 excitetis
1649 4900 1998 4956 charitatem
2026 4917 2040 4969 ;

388 5010 513 5066 quae
545 4992 782 5064 quidem
814 4995 904 5046 est
932 4989 1032 5045 ille
1084 4989 1187 5061 qui
1235 5007 1340 5061 pro
1395 4990 1586 5046 salute
1637 4995 1841 5046 nostra
1887 5006 2045 5044 mor-

385 5089 503 5137 tem
561 5079 826 5152 oppetiit,
881 5078 1222 5151 unigenitus
1274 5077 1375 5133 Dei
1429 5078 1612 5133 Filius
1662 5085 1720 5134 et
1754 5079 2043 5135 Verbum:

387 5172 570 5226 donec
589 5170 701 5243 ipsi
725 5169 1014 5242 placuerit
1032 5168 1254 5224 visione
1277 5184 1388 5223 sua
1410 5185 1516 5223 nos
1537 5168 1748 5239 dignos
1779 5169 2046 5235 reddere,

384 5266 442 5316 et
473 5276 577 5332 per
605 5259 853 5332 gratiam
886 5257 1204 5330 provehere
1237 5258 1309 5312 ad
1339 5255 1866 5313 divinitatem.Nisi
1885 5257 2046 5312 enim

383 5350 669 5406 charitate
698 5348 783 5404 sic
809 5348 1028 5403 affectae
1063 5346 1313 5417 fueritis,
1363 5347 1581 5402 frustra
1630 5345 1794 5401 vobis
1843 5345 2046 5418 sponsi

384 5439 578 5496 minas
610 5443 667 5494 et
697 5436 990 5510 promissa
1019 5452 1405 5508 proposuero,
1441 5452 1577 5492 cum
1610 5452 1712 5508 per
1758 5435 1861 5492 illa
1907 5440 2047 5492 tan-

383 5545 561 5602 quam
593 5545 696 5600 per
745 5526 1196 5599 jusjurandum,
1244 5527 1522 5582 timorem
1575 5530 1634 5581 et
1682 5524 2045 5582 deeiderium

379 5621 510 5692 ejus
564 5617 627 5675 in
683 5616 848 5674 vobis
905 5632 1023 5672 non
1081 5615 1404 5686 excitarim,
1465 5615 1659 5689 quoad
1735 5615 1864 5689 ipse
1937 5614 2042 5689 qui

454 5727 502 5766 ³⁸
528 5724 698 5786 Joan.
729 5741 849 5796 xvr,
882 5724 969 5780 13.

2153 4721 2242 4776 καὶ
2298 4727 2420 4783 ταῖς
2475 4727 2814 4794 σωματικαῖς
2860 4721 3142 4793 αἰσθήσεσι
3195 4720 3288 4796 (δι’
3318 4724 3392 4777 ὧν
3452 4724 3508 4778 αἱ
3563 4728 3813 4779 τοιαῦται

2155 4807 2406 4883 δυνάμεις
2439 4807 2673 4886 ἐνεργεῖν
2704 4809 2988 4886 ἰσχύουσιν
3031 4813 3106 4876 ὡς
3155 4814 3206 4868 ἐν
3258 4814 3408 4888 ἀγρῷ
3455 4818 3535 4886 τῷ
3591 4813 3813 4886 κόσμῳ)

2155 4898 2403 4975 ὲγείρητε
2458 4900 2576 4954 κατ’
2630 4899 2826 4975 ἀρετήν
2881 4900 2934 4955 ἐν
2985 4902 3204 4964 ἑαυταῖς
3277 4901 3367 4956 καὶ
3446 4902 3535 4958 ἐπὶ
3611 4900 3810 4958 πλεῖον

2156 4987 2456 5064 ἑξεγείρητε
2539 4989 2676 5045 κατὰ
2758 4995 2951 5064 γνῶσιν
3025 4992 3123 5059 τὴν
3185 4990 3428 5066 ἀγάπην,
3487 4989 3522 5060 ἥ
3581 4990 3722 5046 ἐστιν
3782 4992 3811 5045 ὁ

2159 5077 2292 5153 ὑπὲρ
2348 5085 2450 5148 τῆς
2521 5079 2680 5150 ἡμῶν
2755 5079 3027 5154 σωτηρίας
3088 5077 3516 5153 καταδεξάμενος
3583 5080 3810 5144 θάνατον

2159 5168 2458 5242 μονογενής
2505 5171 2603 5221 τοῦ
2659 5171 2794 5222 Θεοῦ
2853 5169 2974 5230 Υἱὸς
3031 5169 3119 5223 καὶ
3152 5164 3348 5244 Λόγος,
3381 5166 3484 5232 ἕως
3517 5168 3575 5224 ἂν
3609 5169 3813 5244 θελήσῃ

2157 5257 2380 5326 ἀξιῶσαι
2430 5258 2578 5328 ἡμᾶς
2626 5262 2726 5325 τῆς
2784 5257 2952 5313 αὐτοῦ
3011 5257 3307 5336 ἐμφανείας
3362 5256 3451 5312 διὰ
3515 5265 3616 5329 τῆς
3674 5259 3812 5314 κατὰ

2155 5346 2320 5420 χάριν
2382 5346 2647 5408 θεώσεως.
2704 5345 2767 5400 Εἰ
2825 5347 2928 5422 γὰρ
2991 5348 3066 5420 μὴ
3127 5347 3270 5403 οὕτω
3342 5345 3626 5414 διατεθῆτε
3681 5348 3807 5425 περὶ

2152 5435 2252 5504 τὴν
2309 5433 2540 5510 ἀγάπην,
2599 5433 2676 5498 εἰς
2739 5435 2914 5508 μάτην
2974 5435 3170 5492 λοιπὸν
3231 5434 3513 5511 ἀνεδίδαεα
3545 5439 3685 5511 ὑμᾶς
3713 5437 3812 5500 τὰς

2154 5527 2251 5580 τοῦ
2279 5522 2518 5601 νυμφίου
2549 5522 2800 5593 ἀπειλὰς,
2832 5525 2923 5580 καὶ
2979 5523 3326 5602 ἐπαγγελίας,
3391 5528 3466 5602 μή
3505 5522 3812 5602 βεϐαιώσας

2117 5611 2247 5706 ,διὰ
2299 5612 2514 5669 τούτων
2569 5614 2750 5690 ὥσπερ
2810 5611 2880 5670 δι’
2910 5613 3076 5690 ὅρκου
3111 5615 3204 5671 τὸν
3261 5615 3401 5695 πρὸς
3448 5615 3608 5672 αὐτὸν
3685 5615 3816 5691 ὑμε-
