4110 6418
344 381 458 444 581
500 418 505 421 -

1396 380 1809 443 COMMENT.
1856 381 1936 441 IN
1979 379 2378 442 CANTICUM
2424 380 2736 445 CANTIC.

3659 386 3779 445 582

347 535 505 591 τερον
566 506 735 588 φόϐον
797 511 889 567 καὶ
966 509 1158 579 πόθον,
1216 508 1321 575 ἕως
1390 510 1450 566 ἂν
1507 512 1665 576 αὐτὸς
1723 515 1758 585 ἡ
1806 511 2007 588 ἀγάπη,

2162 513 2384 570 haritas
2413 517 2504 571 est
2544 514 2610 583 ⁸⁸,
2656 532 2775 588 qua:
2820 530 3107 587 nunquam
3155 517 3365 573 excidit
3411 516 3478 588 ³⁷,
3524 517 3783 574 adventu

350 603 477 674 ἥτις
506 599 633 657 ούδὲ
661 621 795 656 ποτε
818 598 1089 669 ἐκπίπτει,
1117 598 1394 676 ἐπιφανεὶς
1425 603 1561 676 ἡμῖν
1613 603 1712 672 τὴν
1759 602 2012 680 στρεψίαν

350 693 683 772 χαρίσηται.

1067 778 1318 874 mm

356 934 537 996 Ἀλλὰ
574 935 766 1011 καιρὸς
804 933 896 989 καὶ
923 937 1032 988 τῶν
1068 933 1190 1005 ἑξῆς
1222 934 1508 1008 ’ᾼσμάτων
1543 934 1860 993 ἐπακοῦσαι.

359 1020 670 1085 Ἀντιὸολεῖ
695 1024 801 1101 γὰρ
831 1026 1059 1097 καθεξῆς
1087 1023 1178 1078 καὶ
1207 1023 1371 1079 πάλιν
1402 1024 1530 1087 τοὺς
1563 1023 1849 1101 ἀγγέλους·

440 1209 668 1280 Ὠρκισα
756 1204 915 1278 ὑμᾶς,
1007 1200 1290 1280 θυγατέρες
1348 1200 1718 1279 Ἰερουσαλὴμ
1776 1202 1829 1258 ἐν
1903 1208 2025 1267 ταῖς

2130 621 2238 661 suo
2269 604 2437 660 nobis
2466 603 3007 661 immutabililatem
3040 603 3348 677 largiatur.

2858 818 3051 875 Pselli.

2200 936 2418 994 Verum
2448 940 2685 1010 tempus
2712 940 2821 1002 est,
2852 942 2918 992 ut
2949 953 3082 1009 quae
3113 944 3445 1009 sequuntur
3476 937 3537 994 in
3579 940 3785 996 Canti-

2131 1026 2217 1082 cis
2249 1024 2586 1083 audiamus.
2638 1026 2866 1084 Rursus
2915 1026 3071 1083 enim
3125 1026 3367 1101 angelos
3414 1028 3687 1087 obsecrat
3734 1033 3793 1085 et

2133 1115 2464 1171 obtestatur
2495 1131 2508 1170 :

2201 1204 2469 1273 Adiuravi
2524 1220 2634 1273 vos,
2693 1205 2828 1276 ﬁliae
2880 1204 3218 1274 Jerusalem,
3271 1221 3369 1277 per
3413 1208 3698 1280 potentias
3742 1212 3795 1263 et

371 1293 621 1368 δυνάμεσι
700 1293 793 1348 καὶ
852 1291 908 1347 ἐν
963 1297 1084 1355 ταῖς
1182 1290 1430 1368 ἰσχύσεσι
1508 1295 1607 1348 τοῦ
1691 1292 1880 1370 ἀγροῦ,
1934 1291 2007 1348 ἑὼ

2162 1292 2500 1351 'ortitudines
2528 1295 2675 1366 agri,
2704 1303 2764 1351 ιιι
2786 1296 3057 1352 suscitelis
3086 1303 3138 1353 ei
3164 1297 3412 1352 excitetis
3441 1296 3793 1367 charitatem,

366 1384 618 1460 ἑγείρητε
663 1381 755 1437 καὶ
816 1381 1125 1459 ἐξεγείρητε
1196 1382 1298 1451 τὴν
1370 1382 1608 1458 ἇγαπην,
1664 1378 1769 1446 ἕως
1818 1380 1879 1437 ἂν
1939 1393 2026 1447 θε-

361 1472 528 1548 im.

438 1561 639 1639 Ἀγρὸν
668 1561 760 1617 τὸν
791 1559 999 1634 κόσμον
1029 1559 1230 1631 νόησον
1257 1579 1271 1594 ⁸
1304 1557 1463 1636 ἰσχὺν
1497 1557 1554 1615 δὲ
1596 1559 1794 1617 τούτου
1836 1559 2027 1635 πάλιν,

360 1653 470 1722 Τὴν
503 1654 603 1707 τοῦ
636 1650 906 1706 Δωπότου
933 1647 1162 1723 δύναμιν
1189 1654 1287 1705 τοῦ
1328 1645 1508 1724 Λόγου
1539 1651 1629 1705 καὶ
1658 1650 1918 1727 νυμφίου.

366 1739 516 1811 Φησὶ
546 1739 675 1817 γὰρ,
707 1745 772 1795 Ὠ
800 1739 1161 1817 νυμφαγωγοὶ
1192 1738 1282 1794 καὶ
1317 1738 1469 1817 φίλοι
1497 1743 1596 1795 τοῦ
1626 1738 1883 1815 νυμφίου,

363 1828 613 1892 Ἐκείνας
641 1826 1015 1903 καταλείψασα
1043 1828 1138 1892 τὰς
1167 1834 1419 1904 συνεχεῖς
1451 1828 1714 1901 αἶ’τησεις,

368 1920 505 1984 Μεθ’
538 1918 707 1995 ὅρκου
739 1916 887 1993 φίρω
920 1914 1102 1988 δέησιν
1137 1919 1266 1991 ὑμῖν
1300 1918 1405 1973 ἀπο
1445 1915 1692 1995 καρδίας,

366 2005 668 2079 Μηδὲποτε
695 2008 1066 2078 παυθήσεσθαι
1101 2005 1511 2082 λαμπρύνοντὲς
1547 2027 1613 2080 με
1642 2005 1834 2074 πλέον,

370 2096 479 2155 Καὶ
506 2097 606 2168 τὴν
636 2096 774 2170 ἐμὴν
808 2095 1122 2169 αὐξάνοντες
1154 2095 1369 2170 ἀγάπην
1400 2095 1538 2172 πρὸς
1567 2096 1659 2151 τὸν
1694 2095 1887 2171 Λόγον.

368 2186 587 2263 Μέχρις
620 2183 681 2240 ἂν
713 2184 852 2256 ὅλην
888 2205 957 2258 με
985 2184 1162 2254 καλήν
1199 2184 1495 2261 ὲργάσησθε
1517 2190 1636 2250 τοῖς
1662 2186 1912 2262 τρόποις,

379 2275 484 2332 Καὶ
519 2273 711 2350 μέχρις
741 2271 801 2329 ἃν
833 2271 1174 2350 ἐκπληρωθῇ
1217 2272 1435 2346 θέλημα
1458 2278 1555 2328 τοῦ
1594 2274 1849 2353 νυμφίου.

381 2365 557 2422 Τοῦτο
587 2361 631 2418 δ’
660 2362 772 2419 ἐστὶ
801 2363 864 2418 τὸ
898 2362 1118 2437 θέλημα
1148 2362 1238 2418 καὶ
1273 2358 1442 2435 μόνον
1471 2367 1568 2418 τοῦ
1598 2364 1861 2441 νυμφίου,

382 2454 496 2509 Τοῦ
526 2451 775 2517 θέλοντος
802 2452 865 2508 τὸ
897 2452 1163 2521 σώζεσθαι
1212 2451 1416 2514 πάντας
1471 2452 1791 2527 ἀνθρώπους
1839 2447 2034 2523 ὅντως,

379 2541 451 2596 Τὸ
480 2541 713 2615 καθαράν
747 2562 815 2615 με
840 2539 1126 2603 παντελῶς
1158 2539 1249 2596 καὶ
1278 2542 1479 2617 θεαυγῆ
1512 2548 1765 2611 φανῆναι.

377 2627 544 2687 Ἀλλ’
570 2629 725 2696 αὖθις
757 2632 1124 2707 θεωρήσωμεν
1152 2631 1221 2686 τὰ
1248 2631 1365 2686 καθ’
1395 2629 1587 2706 εἱρμὸν
1623 2635 1720 2686 τοῦ
1754 2630 1942 2708 λόγου,

802 2755 969 2825 Φωνὴ
1008 2758 1106 2810 τοῦ
1145 2751 1445 2833 ἀδελφιδοῦ
1488 2776 1616 2828 μου.

448 2875 724 2930 Τοσοῦτον
753 2869 1138 2943 ἀκατάληπτον
1174 2867 1343 2935 ὅντως
1374 2870 1485 2928 ἐστὶ
1516 2873 1578 2928 τὸ
1609 2877 1785 2943 Θεῖον,

373 2966 496 3017 ’Ὀτι
527 2960 623 3018 κᾶν
655 2960 828 3024 πάσας
859 2961 1051 3038 ἀρετάς
1080 2983 1163 3024 τις
1193 2960 1515 3038 κατορθώσῃ
1547 2962 1752 3033 πόνοις,

378 3049 486 3108 Κᾶν
522 3052 716 3126 ὑψωθῇ
747 3052 882 3127 πρὸς
915 3049 1179 3128 οὐρανοὺς
1206 3056 1328 3114 τοῖς
1359 3049 1632 3126 ἐναρέτοις
1662 3048 1912 3128 τρόποις,

381 3142 679 3200 Κάντεῦθεν
711 3139 969 3218 σύνεγγυς
998 3144 1133 3197 Θεοῦ
1161 3140 1365 3216 νομίσῃ
1391 3140 1727 3213 καθεστάναι,

382 3237 550 3287 Ἵστω
580 3230 869 3307 τυγχάνειν
901 3229 1182 3307 πόρρωθεν
1214 3237 1313 3301 τῆς
1344 3232 1529 3300 θεῖκῆς
1562 3231 1771 3295 οὐσίας.

384 3316 528 3378 Ἰδοὺ
557 3320 662 3396 γὰρ
694 3322 730 3390 ἡ
762 3320 1087 3397 προκόψασα
1113 3319 1204 3375 καὶ
1233 3320 1478 3399 φθάσασα
1502 3320 1638 3396 πρὸς
1669 3319 1826 3394 ὕψος,

383 3409 494 3466 Καὶ
523 3407 887 3487 προσδοκῶσα
925 3409 1180 3486 σύνεγγυς
1204 3408 1416 3465 ἐστάναι
1445 3413 1542 3464 τοῦ
1572 3409 1829 3489 νυμφίου,

383 3498 585 3557 Ούσίαν
612 3505 714 3570 τῆς
749 3497 1011 3569 θεότητος
1041 3496 1158 3554 οὐδ’
1190 3496 1338 3561 ὅλως
1370 3496 1685 3575 ἐπεγνώκει.

382 3589 584 3657 Φωνήν
614 3585 672 3643 δὲ
695 3586 896 3643 τούτου
925 3586 1124 3659 νόησον
1156 3592 1264 3643 τῶν
1297 3592 1594 3666 προφητῶν
1626 3588 1721 3651 τὰς
1755 3587 1969 3664 ῥήσεις,

379 3677 491 3740 Τὰς
522 3679 623 3749 τὴν
651 3681 748 3733 τοῦ
779 3677 956 3755 Λόγου
987 3677 1258 3753 σάρκωσιν
1286 3677 1539 3754 ἀῤῥήτως
1563 3675 1974 3753 προδηλούσας.

385 3768 520 3825 Εἶτα
547 3767 639 3822 καί
668 3766 721 3821 τί
751 3788 912 3846 φησιν
947 3767 1093 3841 ἑξῆς,
1126 3765 1299 3823 ἐκεῖνο
1332 3767 1653 3839 σκοπητὲον.

462 3943 605 4003 Ἰδοὺ
655 3947 813 4010 οὗτος
854 3946 976 4017 ἥκει
1024 3943 1218 4018 πηδῶν
1263 3944 1352 4002 ἐπὶ
1399 3946 1467 4003 τὰ
1513 3940 1640 4023 ὅρη,
1683 3944 2052 4023 διαλλόμενος

398 4034 487 4090 ἰπὶ
517 4034 643 4098 τοὺς
675 4036 925 4112 βουνούς,

475 4123 711 4180 Εἷποῦσα
739 4129 958 4201 πρῶτον
989 4127 1088 4195 τῆς
1132 4132 1318 4201 φωνῆς
1372 4125 1596 4182 ἀκοῦσαι
1644 4130 1742 4183 τοῦ
1790 4125 2051 4205 νυμφίου,

394 4213 582 4282 Οὗτος,
618 4214 773 4289 φησὶ,
806 4219 895 4269 νῦν
929 4212 1148 4291 ἔρχεται
1176 4212 1365 4287 πηδῶν
1399 4213 1487 4271 ἰπὶ
1515 4215 1582 4271 τὰ
1611 4211 1737 4291 ὅρη.

394 4300 595 4366 Καλῶς
630 4302 1032 4382 ἰφιλοσόφησεν
1066 4306 1101 4374 ἡ
1131 4305 1341 4381 καθαρά
1368 4305 1652 4381 παρθένος,

390 4394 456 4452 Ὁ
483 4391 584 4470 γάρ
614 4414 700 4448 τοι
731 4392 909 4469 Λόγος
935 4397 1033 4449 τοῦ
1064 4398 1198 4450 Θεοῦ
1227 4395 1335 4463 πρὸ
1365 4401 1463 4464 τῆς
1493 4393 1568 4457 εἷς
1595 4397 1699 4471 γῆν
1726 4392 1982 4466 καθόδου,

393 4485 692 4561 Προφήτας
721 4482 1063 4558 ἐξαπέστειλε
1091 4482 1379 4561 προλέγειν
1406 4485 1506 4554 τήν
1535 4483 1744 4540 ἐκείνου

392 4573 511 4643 Τὴν
538 4572 671 4648 πρὸς
700 4573 1023 4649 ἀνθρώπους
1049 4571 1305 4647 κάθοδον,
1334 4573 1425 4629 καὶ
1460 4573 1728 4651 σάρκωσιν
1758 4575 1859 4645 τήν
1890 4574 2054 4640 θείαν.

394 4663 549 4720 Μετὰ
572 4658 630 4718 δὲ
651 4663 879 4725 τούτους
909 4658 1106 4740 ἔφθασε
1129 4662 1379 4728 κάκεῖνος
1410 4662 1725 4742 οὐρανόθεν.

395 4752 464 4809 Ὀ
495 4749 554 4806 δὲ
577 4753 764 4824 παρὼν
796 4751 1091 4808 αἰνίττεται
1123 4750 1293 4829 λόγος
1325 4754 1353 4807 ὁ
1391 4756 1499 4808 τῶν
1530 4752 1843 4827 ’ᾼσμάτων,

398 4841 482 4898 Τὸ
510 4844 612 4907 τῆς
645 4839 1108 4917 ἐνανθρωπησεως
1134 4846 1231 4897 τοῦ
1262 4843 1614 4919 θεανθρώπου
1644 4844 1848 4919 Λόγου.

399 4931 482 4985 Δι’
512 4932 580 4999 ἧς
610 4928 901 4987 εἷλκύσατο
933 4933 1115 5007 ψυγὰς
1144 4930 1197 4986 ἐν
1231 4931 1411 4987 σκότει
1441 4931 1776 5006 καθημένας,

402 5018 677 5093 Δαίμονας
708 5018 876 5083 ὅλους
905 5018 1152 5085 καθελὼν
1187 5020 1278 5076 καὶ
1313 5020 1453 5097 μόνῃ
1486 5018 1758 5080 κελεύσει.

399 5107 638 5171 Τούτους
665 5110 767 5186 γὰρ
801 5105 901 5185 ὅρη
937 5107 1175 5181 κέκληκε
1202 5110 1290 5165 καὶ
1324 5106 1488 5165 πάλιν
1522 5108 1752 5187 βουνοὺς
1785 5109 1955 5185 λέγει.

402 5203 842 5276 Θαυματουργῶν
898 5198 1000 5276 γὰρ
1056 5200 1085 5254 ὁ
1145 5199 1407 5276 Χριστὸς,
1471 5201 1562 5256 καὶ
1638 5196 1900 5274 δαίμονας
1974 5199 2063 5255 ἐκ·

1741 5284 1991 5358 Ιϐάλλων

403 5377 494 5450 Τῷ
526 5375 678 5454 λόγῳ
712 5376 888 5452 μόνῳ,
921 5375 1230 5451 ξύμπαντας
1261 5374 1453 5450 ἰπίσης
1495 5376 1811 5454 ἐταρτάρου,

401 5464 728 5531 Ἐλάττονας
760 5467 850 5524 καὶ
885 5466 1132 5542 μείζονας
1161 5466 1254 5524 καὶ
1288 5464 1501 5542 μᾶλλον
1534 5465 1830 5544 λεγεῶνας.

400 5557 633 5615 ’Ἔπειτα
658 5554 714 5613 τί
747 5576 910 5637 φησιν
943 5555 1099 5623 εὐθὺς
1129 5558 1165 5630 ἡ
1204 5555 1417 5636 νύμφη,
1450 5558 1775 5630 σκοπητέον·

478 5719 528 5761 ³⁸
556 5719 581 5779 Ι
606 5719 782 5781 Joan.
810 5735 892 5795 xv,
924 5720 1012 5778 16.
1086 5721 1133 5760 ’τ
1162 5719 1188 5779 Ι
1216 5720 1349 5781 Cor.
1379 5737 1506 5798 xm,
1535 5720 1592 5781 8.
1668 5720 1713 5773 ³9
1742 5723 1767 5781 Ι
1795 5718 1951 5782 Tim.
1984 5738 2049 5798 ιι,
2078 5722 2133 5783 4.

2134 1384 2306 1440 donec
2334 1384 2596 1441 voluerit.

2206 1564 2356 1635 Ager
2386 1562 2493 1618 tibi
2524 1562 2602 1619 sit
2633 1564 2893 1619 mundus
2928 1579 2941 1618 :
2974 1562 3156 1634 hujus
3186 1563 3493 1635 fortitudo,
3526 1567 3794 1636 potestas

2137 1651 2374 1709 Domini
2400 1651 2576 1707 Verbi
2608 1668 2675 1707 ac
2705 1652 2930 1724 sponsi.
2984 1652 3125 1719 Vos,
3174 1651 3385 1725 inquit,
3440 1653 3542 1726 qui
3591 1653 3795 1726 sponsi

2138 1741 2480 1813 nuptiarum
2513 1740 2772 1797 ministri
2805 1741 2948 1798 estis
2980 1746 3156 1814 atque
3185 1742 3653 1811 amici,assiduis
3685 1743 3795 1798 ﬂa-

2139 1830 2525 1904 gitationibus
2556 1830 2818 1899 omissis,
2838 1830 3231 1902 jurejurando
3263 1845 3470 1904 precor
3499 1848 3570 1889 ex
3596 1831 3797 1889 animo

2061 1893 2112 1960 Β
2142 1893 2318 1991 atque
2347 1919 2629 1988 obtestor,
2675 1936 2747 1976 ne
2795 1893 2992 1991 prius'
3012 1936 3106 1976 me
3154 1893 3428 1977 decorare
3477 1920 3799 1992 desistalis,

2140 2025 2322 2080 quam
2373 2009 2645 2081 partibus
2694 2025 2760 2064 ac
2794 2010 3059 2066 numeris
3088 2010 3368 2067 omnibus
3397 2015 3674 2067 ornatum
3706 2016 3797 2067 at-

2142 2113 2256 2170 que
2285 2097 2603 2169 expolitam
2634 2098 2898 2154 moribus
2927 2098 3329 2170 reddideritis,
3359 2104 3419 2154 et
3449 2100 3652 2172 sponsi
3700 2116 3802 2156 νο-

2139 2185 2338 2242 luntas
2368 2186 2595 2259 expleta
2628 2187 2822 2255 fuerit,
2856 2188 3028 2259 cujus
3060 2188 3299 2260 quidem
3330 2188 3453 2245 haec
3485 2193 3575 2245 est
3603 2189 3804 2246 volun-

2139 2280 2232 2331 tas
2263 2275 2438 2331 unioa
2465 2276 2603 2343 “,ut
2628 2275 2901 2333 homines
2933 2276 3179 2349 pervelit
3207 2293 3414 2334 omnes
3434 2277 3628 2335 salvos
3650 2279 3802 2349 fieri,

2147 2381 2356 2438 meque
2388 2364 2560 2437 plane
2588 2366 2875 2422 mundam
2907 2383 2975 2422 ac
3024 2368 3221 2423 divino
3271 2366 3582 2438 splendore
3629 2367 3804 2425 illus-

2143 2458 2291 2511 trem
2323 2470 2476 2512 esse.
2507 2455 2619 2511 Sed
2646 2454 2931 2512 orationis
2968 2456 3179 2512 seriem
3225 2456 3612 2528 contemplari
3666 2473 3802 2530 per-

2142 2559 2377 2615 gamus.

2667 2759 2778 2815 Vorc
2805 2758 3123 2815 consobrini
3145 2761 3278 2816 mei.

2158 2905 2163 2910 -
2215 2875 2472 2931 Tantum
2504 2876 2683 2932 abest
2714 2879 2780 2931 ut
2813 2874 3091 2931 divinitas
3121 2876 3544 2949 comprehendi
3575 2881 3753 2950 queat
3788 2892 3802 2933 :

2147 2963 2371 3030 ut,licet
2397 2963 2719 3021 virtutibus
2741 2963 2819 3019 sit
2840 2965 3137 3038 quispiam
3163 2965 3440 3022 omnibus
3464 2969 3806 3032 exornatus,

2146 3053 2439 3124 rectisque
2469 3052 2702 3108 vivendi
2752 3053 3080 3109 ralionibus
3126 3052 3404 3110 sublimis
3456 3053 3699 3111 tollatur
3746 3053 3806 3109 in

2147 3141 2455 3207 coelum,ac
2486 3146 2793 3214 propterea
2824 3158 2887 3198 se
2918 3142 3180 3212 proxime
3211 3143 3284 3199 ad
3313 3143 3501 3200 Deum
3526 3148 3691 3216 putet
3712 3160 3809 3200 ac-

2069 3269 2115 3333 c
2151 3231 2374 3301 cedere,
2406 3232 2479 3287 ab
2510 3231 2639 3301 ejus
2670 3235 2869 3286 tamen
2921 3235 3134 3287 natura
3185 3232 3236 3287 is
3285 3232 3506 3289 distare
3555 3248 3619 3288 se
3665 3231 3814 3289 sciat

2152 3337 2331 3392 quam
2357 3319 2723 3391 longissime.
2756 3320 2903 3377 Ecce
2949 3320 3104 3376 enim
3157 3337 3401 3394 sponsa,
3451 3338 3580 3394 quae
3632 3321 3814 3394 profi-

2152 3411 2359 3467 ciendo
2386 3411 2456 3465 ad
2481 3426 2611 3466 eam
2634 3409 3062 3466 sublimitatem
3090 3427 3403 3483 progressa
3420 3415 3602 3483 est,ut
3621 3409 3815 3484 proxi-

2156 3515 2247 3556 me
2276 3500 2350 3556 ad
2403 3515 2690 3571 sponsum
2738 3499 3040 3555 videretur
3088 3499 3434 3569 accessisse,
3483 3498 3814 3556 divinitatis

2155 3587 2471 3646 essentiam
2500 3588 2659 3643 haud
2694 3586 2954 3661 percepit
2999 3588 3264 3644 omnino.
3316 3589 3406 3645 Tu
3454 3605 3554 3660 per
3606 3605 3811 3646 vocem

2156 3678 2360 3748 sponsi
2393 3676 2631 3734 oracula
2663 3676 3078 3750 prophetarum
3115 3677 3334 3750 accipe,
3365 3694 3497 3750 quae
3536 3694 3816 3735 arcanam

2156 3767 2329 3824 Verbi
2402 3766 2870 3823 incarnationem
2942 3767 3351 3840 prodiderunt.
3409 3767 3558 3832 Quid
3619 3771 3819 3825 autem

2165 3857 2446 3927 deinceps
2467 3856 2645 3921 dicat,
2675 3860 2766 3912 est
2793 3856 3242 3912 attendendum.

2230 3947 2363 4001 Ecce
2414 3945 2503 4001 hic
2556 3945 2709 4005 venit
2755 3945 2966 4001 saliens
3023 3946 3085 4001 in
3140 3945 3440 4013 montibus,
3495 3946 3824 4004 transiliens

2160 4036 2351 4093 colles.

2233 4125 2377 4181 Cum
2411 4126 2586 4179 antea
2616 4123 2818 4195 sponsi
2852 4138 3049 4179 vocem
3082 4122 3287 4180 audire
3318 4140 3382 4179 se
3412 4124 3826 4198 dixisset,iam,

2162 4215 2377 4287 inquit,
2409 4215 2500 4270 hic
2520 4215 2671 4269 venit
2715 4211 2928 4269 saliens
2973 4229 3140 4285 super
3187 4223 3417 4270 montes.
3472 4214 3625 4270 Scite
3676 4230 3828 4287 pura

2163 4304 2343 4377 Virgo
2377 4301 2849 4375 philosophatur.
2883 4302 3028 4358 Nam
3060 4301 3316 4358 Verbum
3347 4302 3473 4373 Dei,
3505 4307 3825 4375 antequam

2165 4394 2547 4451 descenderet
2574 4391 2635 4447 in
2667 4390 3199 4463 terram,przemisit
3229 4391 3546 4465 prophetas
3577 4393 3677 4465 qui
3720 4394 3830 4449 ad-

2164 4486 2405 4540 ventum
2436 4496 2613 4538 suum
2646 4485 2702 4536 et
2734 4481 2993 4537 divinam
3045 4481 3507 4538 incarnationem
3558 4498 3831 4554 praenun-

2167 4572 2402 4629 tiarent.
2437 4570 2570 4628 Mox
2601 4575 2658 4627 et
2686 4568 2814 4642 ipse
2868 4569 2938 4626 de
2985 4569 3130 4626 casio
3177 4570 3476 4643 profectus
3535 4575 3646 4629 est.
3697 4571 3831 4628 Haec

2088 4642 2138 4707 D
2169 4662 2352 4735 igitur
2378 4660 2557 4717 verba
2584 4659 2960 4715 Canticorum
2994 4642 3251 4715 innuunt
3282 4656 3464 4716 divini
3510 4659 3687 4716 Verbi
3734 4661 3827 4716 in-

2175 4750 2604 4817 carnationem,
2637 4764 2742 4821 per
2771 4764 2951 4821 quam
2984 4748 3217 4804 animas
3245 4749 3305 4804 in
3340 4749 3601 4806 tenebris
3631 4750 3834 4806 consi-

2174 4842 2380 4896 dentes
2439 4837 2731 4908 liberavit,
2778 4839 2957 4910 jussu
3008 4836 3132 4894 solo
3190 4837 3403 4910 fugatis
3461 4837 3832 4896 daemonibus

2174 4929 2491 4995 universis,
2526 4944 2675 4999 quos
2707 4931 2940 4983 montes
2967 4925 3224 4999 appellat
3273 4942 3340 4983 ac
3391 4926 3604 4984 deinde
3648 4926 3831 4984 colles

2170 5022 2360 5075 vocet.
2395 5017 2666 5074 Christus
2696 5016 2857 5072 enim
2889 5015 3070 5071 edens
3099 5013 3408 5086 miracula,
3443 5020 3624 5089 atque
3675 5021 3830 5074 inte-

2173 5126 2310 5182 gras
2341 5108 2674 5163 daemonum
2704 5105 2968 5178 legiones
2997 5105 3240 5176 ejiciens
3263 5107 3439 5163 verbo
3488 5106 3636 5178 solo,
3686 5123 3836 5164 cun-

2173 5203 2297 5254 ctos
2327 5195 2506 5253 simul
2539 5200 2664 5252 tum
2697 5196 2955 5267 majores
2986 5198 3113 5249 tum
3147 5192 3403 5252 minores
3434 5194 3494 5250 in
3542 5198 3833 5254 tartarum

2173 5287 2443 5345 detrusit.
2474 5285 2621 5352 Quid
2655 5285 2859 5342 statim
2891 5299 3113 5358 sponsa
3146 5284 3340 5341 dicere
3369 5288 3598 5359 pergat,
3617 5300 3834 5360 expen-

2173 5378 2410 5434 damus.
