4110 6396
393 379 508 438 583
545 467 550 472 ι

461 511 676 566 Simili:
731 515 814 567 est
865 510 1242 566 consobrimus
1302 527 1452 567 meus
1491 527 1697 584 capreae
1742 511 2042 567 hinnulove
2069 515 2122 582 Α

391 616 674 658 cervorum
703 601 768 657 in
794 599 1074 656 montibus
1106 600 1326 657 Bethel.

458 692 589 748 Haec
621 707 801 764 prope
833 691 1024 747 simile
1072 691 1353 761 quiddam
1404 692 1742 766 signiﬁcant
1789 691 1862 747 iis
1911 709 2039 764 quas

385 781 541 837 dicta
570 786 730 836 sunt.
762 779 1072 836 Declarant
1116 781 1294 851 enim,
1343 780 1598 836 Verbum
1646 788 1704 836 et
1751 797 2038 853 sponsum

381 871 681 944 expulisse
710 872 1025 938 daemones,
1076 875 1249 942 atque
1278 870 1336 926 in
1370 876 1658 927 tartarum
1691 873 2035 928 detrusisse.

381 966 676 1035 Sponsum
696 965 893 1016 autem
918 960 1166 1016 hinnulo
1189 977 1494 1016 cervorum
1517 966 1820 1033 comparat
1840 961 2037 1034 Virgo,

381 1051 465 1108 ita
517 1052 810 1106 daemones
864 1049 1294 1122 proﬂigantem,
1343 1056 1410 1106 ut
1450 1049 1737 1106 binnulus
1768 1051 2037 1107 destruit.

381 1139 679 1197 Hinnulus
711 1139 805 1194 hic
836 1139 896 1194 in
928 1139 1232 1195 montibus
1263 1140 1456 1196 foveas
1479 1139 1849 1196 babet.Mons
1880 1139 2037 1196 enim

382 1229 584 1286 Betbel
645 1228 882 1285 caeleste
932 1227 1155 1284 indicat
1199 1228 1590 1285 domicilium.
1639 1232 1859 1301 Caprea
1905 1245 2040 1286 vero

382 1317 694 1392 allegorice
722 1317 1058 1390 (videntem)
1090 1316 1406 1390 signiﬁcat.
1439 1317 1586 1374 Nam
1613 1318 1739 1391 ipse
1769 1317 2036 1376 omnium

383 1408 562 1466 corda
589 1407 877 1464 intuetur.

976 1605 1163 1660 Trium
1190 1605 1446 1661 Patrum.

452 1713 572 1769 Hoc
600 1715 798 1768 autem
830 1715 998 1782 pacto
1039 1726 1175 1766 cum
1229 1709 1523 1768 discentes
1566 1710 1798 1768 animas
1848 1710 2034 1784 magi-

381 1807 506 1859 stra
553 1817 775 1874 sponsa
833 1798 1152 1870 docuisset,
1201 1804 1269 1856 ut
1314 1804 1442 1856 tum
1493 1817 1674 1873 pmna
1721 1801 2034 1858 formidine

1728 375 2148 439 MICHAELIS
2193 379 2467 440 PSELLl

3691 381 3818 440 584

2223 510 2458 583 Ὅμοιός
2489 509 2627 565 ἐστιν
2661 505 2953 587 ἀδελφιδός
2989 529 3094 584 μου
3141 512 3210 584 τῇ
3262 507 3486 584 δορκάδι
3532 511 3566 581 ἢ
3619 509 3812 590 ἐλάφῳ

2151 598 2237 654 ἐπὶ
2267 600 2334 655 τὰ
2365 599 2465 676 ὂρη
2501 598 2735 671 Βαιθήλ.

2225 685 2432 764 Σχεδὸν
2458 691 2650 744 ταυτόν
2679 710 2732 744 τι
2763 689 2968 766 πέφυκε
2997 693 3156 744 τοῦτο
3185 695 3303 753 τοῖς
3333 688 3720 768 προρῥηθεῖσι,

2151 775 2444 832 Κάντεῦθεν
2473 780 2574 855 γάρ
2617 775 2898 849 δεδήλωκε
2921 779 3013 834 τὸν
3044 779 3224 854 Λόγον
3250 779 3341 834 καὶ
3371 780 3630 858 νυμφίον,

2149 866 2286 928 Τοὺς
2317 864 2574 941 δαίμονας
2608 865 2900 923 ἐλαύνοντα
2929 869 3018 923 καὶ
3049 873 3572 945 καταταρταροῦντα.

2149 951 2345 1031 Νεϐρῷ
2376 955 2422 1012 δ’
2447 958 2546 1012 αὐτ
2563 981 2608 1012 ιν
2639 957 2958 1034 παρείκασεν
2990 957 3204 1036 ἐλάφων
3238 961 3272 1028 ἡ
3304 958 3598 1035 Παρθένος.

2147 1046 2238 1107 Ὦς
2271 1042 2432 1114 δῆθεν
2462 1046 2825 1102 ἀναλίσκοντα
2851 1047 2949 1115 τήν
2980 1045 3136 1124 φύσιν
3162 1051 3270 1102 τῶν
3305 1045 3606 1120 δαιμόνων,

2146 1139 2350 1210 Ὥσπερ
2380 1135 2509 1199 τοὺς
2535 1132 2683 1213 ὄφεις
2707 1139 2743 1207 ἡ
2773 1131 2982 1212 νεϐρός.
3015 1134 3176 1192 Ἀλλ’
3204 1139 3240 1206 ἡ
3273 1133 3462 1210 νεϐρὸς
3493 1136 3696 1208 ἐκείνη,

2147 1226 2306 1287 "Hth
2337 1223 2421 1279 ἐπ’
2451 1220 2612 1300 ὅρους
2639 1229 2736 1281 τοῦ
2761 1224 2973 1295 Βαιθήλ
3003 1222 3118 1302 ἔχει
3149 1227 3248 1295 τήν
3282 1224 3389 1281 ἄνω
3429 1227 3732 1285 κατοικίαν.

2147 1318 2313 1388 ’Ὅρος
2347 1310 2404 1369 δὲ
2431 1314 2662 1391 γίνωσκε
2693 1316 2908 1386 Βαιθήλ
2936 1317 3038 1385 τήν
3068 1312 3178 1370 ἄνω
3208 1316 3512 1372 κατοικίαν.

2145 1403 2207 1458 Ἦ
2239 1399 2297 1458 δὲ
2327 1399 2524 1478 δορκάς
2557 1425 2642 1459 σοι
2670 1408 2946 1481 τροπικῶς
2974 1405 3067 1459 τὸν
3100 1401 3374 1481 βλέποντα
3403 1405 3680 1480 σημαίνει.

2145 1494 2319 1556 Ουτος
2347 1493 2452 1570 γὰρ
2488 1491 2707 1569 βλὲπων
2739 1495 2970 1572 πέφυκεν
3000 1494 3248 1551 ἀπάντων
3278 1495 3376 1561 τὰς
3401 1493 3654 1573 καρδίας.

2709 1605 2825 1658 Τῶν
2863 1604 2908 1679 γ’
2949 1600 3225 1677 Πατέρων.

2214 1706 2372 1766 Οὕτω
2421 1705 2677 1780 διδάξασα
2722 1710 2817 1770 τὰς
2867 1708 3314 1782 μαθητευομένας
3350 1711 3534 1787 ψυχὰς
3564 1713 3599 1782 ἠ
3651 1708 3805 1768 διδά-

2146 1793 2370 1865 σκαλος,
2396 1794 2484 1852 διά
2511 1818 2569 1852 τε
2597 1801 2694 1853 τοῦ
2725 1792 2898 1861 φόϐου
2927 1803 3036 1852 τῶν
3084 1795 3363 1853 κολάσεων
3413 1801 3503 1855 καὶ
3551 1807 3651 1871 τῆς
3707 1799 3802 1856 ἐλ-

378 1897 500 1948 tam
527 1891 956 1964 promissorum
989 1905 1093 1961 spe
1122 1889 1401 1945 virtutem
1454 1889 1805 1957 excolentes,
1857 1889 1917 1945 in
1969 1905 2031 1946 se

2147 1884 2298 1949 πίδος
2329 1891 2438 1942 τῶν
2467 1885 2799 1962 ἐπαγγελιῶν
2861 1886 3087 1964 ἐγείρειν
3137 1890 3255 1944 κατ’
3301 1889 3518 1963 ἀρετήν,
3570 1889 3660 1946 καὶ
3719 1889 3803 1964 ἐξ-

379 1981 725 2038 charitatem
756 1978 1145 2034 accenderent
1172 1994 1418 2050 eamque
1448 1993 1552 2050 per
1581 1978 2027 2051 contemplatio-

382 2086 519 2127 nem
577 2069 1050 2136 inﬂammarent;
1106 2067 1292 2124 donec
1350 2083 1570 2140 sponso
1639 2068 1894 2139 placeret
1957 2067 2029 2123 ad

378 2164 543 2236 ipsas
615 2161 907 2227 advenire,
942 2165 1120 2229 atque
1175 2176 1274 2215 eas
1325 2158 1386 2214 in
1444 2163 1600 2214 statu
1673 2158 2030 2215 immutabili

379 2252 737 2309 constituere
779 2267 793 2306 :
851 2265 924 2306 ne
968 2250 1130 2316 forte,
1187 2247 1391 2321 sponsi
1437 2249 1751 2304 adventum
1804 2249 2030 2304 tardius

377 2340 642 2397 futurum
673 2340 1103 2408 existimantes,
1132 2337 1461 2394 excolendae
1487 2337 1722 2394 virtutis
1769 2337 2028 2394 laborem

379 2431 794 2500 detrectarent,
827 2428 962 2484 illas
989 2428 1322 2498 confirmat,
1361 2427 1487 2495 Vox,
1522 2428 1820 2499 inquien,
1870 2443 2032 2499 nepo-

377 2521 448 2575 tis
476 2521 608 2576 mei.
639 2519 784 2574 Nam
818 2517 1018 2573 dilecti
1049 2533 1156 2572 vox
1189 2519 1523 2572 Praecursor
1551 2521 1660 2581 est,
1706 2515 1802 2572 ille
1843 2516 2031 2588 Ι)ωηὶ-

375 2608 568 2664 tentias
602 2605 1276 2680 promulgator,(divinas
1307 2603 1610 2660 instruens
1639 2604 1763 2660 vias
1792 2621 1858 2660 ac
1887 2604 2030 2660 diri-

375 2712 523 2770 gens
553 2697 817 2752 semitas.
855 2695 1032 2751 Voces
1064 2698 1207 2750 sunt
1256 2693 1428 2748 mina
1476 2697 1534 2748 et
1582 2691 2029 2764 promissiones,

375 2802 504 2858 qua
538 2784 753 2858 partim
782 2783 1084 2840 auditores
1113 2782 1184 2837 ad
1218 2781 1614 2854 paenitentiam
1664 2781 1981 2854 impellunt
2011 2797 2026 2837 :

373 2874 589 2946 partim
639 2873 762 2929 vias
812 2870 1042 2928 Domini
1081 2887 1149 2928 ex
1178 2871 1392 2927 virtute
1426 2870 1822 2937 constituunt,
1853 2877 1910 2927 et
1939 2887 2029 2926 re-

375 2967 503 3019 ctas
533 2979 636 3035 per
665 2962 1062 3034 cognitionem
1096 2961 1155 3016 in
1187 2959 1334 3032 ipsis
1365 2959 1590 3017 faciunt
1611 2961 1853 3017 semitas
1877 2961 2028 3032 ejus.

375 3053 507 3109 Ecce
537 3052 626 3109 hic
653 3054 822 3108 venit.
859 3049 1033 3106 Venit
1063 3051 1342 3122 profecto,
1375 3065 1507 3106 ecce
1547 3049 1674 3120 jam
1719 3051 1906 3118 adest,
1955 3050 2028 3122 si,

379 3141 868 3198 comminationes
899 3138 1058 3196 illius
1089 3143 1267 3210 atque
1291 3140 1582 3211 promissa
1628 3139 2030 3211 exaudientes,

2142 1975 2368 2050 εγείρειν
2401 1978 2538 2032 κατὰ
2565 1981 2769 2051 γνῶσιν
2815 1975 2867 2031 ἐν
2917 1977 3132 2042 ἑαυταῖς
3184 1979 3284 2048 τήν
3327 1979 3562 2055 ἀγάπην,
3595 1988 3798 2055 μέχρις

2141 2063 2204 2119 ἂν
2249 2064 2454 2140 θελήσῃ
2484 2066 2512 2120 6
2551 2065 2784 2142 νυμφίος
2830 2065 3226 2144 ἐμφανισθῆναι
3274 2067 3484 2138 αὐταῖς,
3515 2069 3604 2123 καὶ
3664 2089 3800 2139 στηο

2142 2153 2282 2230 ρίξαι
2314 2155 2392 2218 είς
2445 2154 2735 2229 ἀτρεψίαν·
2781 2152 2974 2211 λοιπὸν
3009 2153 3102 2210 ’ἶνα
3161 2157 3238 2229 μὴ
3295 2157 3448 2212 αὗται
3509 2154 3792 2234 βραδύνειν

2138 2245 2239 2312 τὴν
2295 2247 2394 2300 τοῦ
2448 2244 2687 2322 νυμφίου
2740 2242 3035 2318 ἐπιδημίαν
3111 2242 3350 2316 δόξασαι,
3407 2247 3792 2324 ἀπαγορεύωσι

2141 2331 2230 2389 διὰ
2277 2334 2338 2389 τὸ
2394 2340 2494 2403 τῆς
2551 2333 2747 2408 ἀρετῆς
2803 2333 3086 2408 ἐπίμονον,
3145 2338 3608 2410 παραμυθουμένη
3657 2337 3797 2393 ταύ-

2138 2444 2252 2488 τας,
2315 2423 2467 2501 φησί·
2530 2424 2696 2492 Φωνῆ
2751 2427 2850 2478 τοῦ
2907 2421 3338 2503 ἀδελφιδοῦμου·
3391 2424 3578 2496 ἐπειδὴ
3637 2429 3796 2506 φωνή

2138 2517 2234 2566 τοῦ
2265 2513 2551 2587 ἀγαπητοῦ
2583 2514 2610 2567 6
2645 2510 2989 2589 Πρόδρομος,
3017 2514 3093 2575 ὡς
3121 2517 3291 2590 κήρυξ
3347 2519 3448 2581 τῆς
3508 2517 3798 2590 μετανοίας

2139 2601 2229 2657 καὶ
2282 2602 2611 2674 ἒτοιμαστὴς
2659 2606 2767 2657 τῶν
2819 2603 2977 2666 θείων
3025 2600 3167 2658 ὁδῶν
3213 2605 3302 2658 καὶ
3350 2599 3587 2680 τρίϐων·
3622 2606 3803 2684 φωναί

2141 2689 2272 2745 εἶσιν
2332 2689 2387 2744 αἵ
2443 2711 2501 2745 τε
2558 2688 2779 2745 ἀπειλαὶ
2836 2692 2926 2746 καὶ
2978 2693 3032 2746 αἱ
3091 2692 3431 2769 ἐπαγγελίαιο
3465 2695 3540 2759 ὡς
3595 2697 3649 2750 αἱ
3701 2698 3800 2770 μὶν

2140 2777 2497 2858 ἐφελκόμεναι
2556 2778 2682 2842 τοὺς
2730 2779 3026 2844 ἀκούοντας
3085 2783 3222 2858 πρὸς
3286 2782 3594 2857 μετάνοιαν,
3624 2786 3678 2840 αἱ
3739 2783 3803 2842 δέ

2140 2867 2523 2942 ἐτοιμάζουσαι
2553 2870 2671 2924 κατ’
2701 2869 2896 2944 ἀρετὴν
2946 2871 3043 2933 τὰς
3085 2869 3246 2934 ὁδοὺς
3291 2876 3388 2927 τοῦ
3440 2875 3671 2949 Κυρίου,
3702 2877 3793 2931 καὶ

2140 2955 2352 3021 εὐθείας
2410 2961 2662 3012 ποιοῦσαι
2720 2958 2859 3012 κατὰ
2911 2962 3110 3032 γνῶσιν
3147 2957 3198 3014 ἐν
3248 2959 3465 3023 τούτοις
3523 2961 3619 3023 τὰς
3673 2962 3795 3038 τρίο

2139 3041 2271 3110 ϐους
2323 3047 2509 3113 αὐτοῦ,
2551 3044 2694 3104 Ἰδοὺ
2726 3047 2883 3110 οὗτος
2926 3047 3069 3117 ἥκει·
3102 3046 3252 3118 ἤτοι,
3286 3047 3426 3106 Ἰδοὺ
3486 3048 3645 3114 οὗτος
3704 3047 3792 3128 ἔρ-

2140 3155 2328 3212 χεται·
2361 3135 2412 3192 εἲ
2456 3141 2565 3192 τῶν
2626 3135 2866 3192 ἀπειλῶν
2927 3136 3092 3193 αὐτοῦ
3139 3137 3229 3193 καὶ
3287 3143 3396 3194 τῶν
3447 3138 3791 3218 ἐπαγγελιῶν

377 3247 412 3287 a
441 3231 738 3304 prioribus
767 3229 1018 3302 peccatis
1048 3245 1151 3302 per
1180 3228 1585 3300 paenitentiam
1618 3230 1954 3285 recedamus
1975 3233 2033 3286 et

2147 3225 2462 3288 ἀκούσαντες
2516 3227 2870 3302 καθαρθῶμεν
2924 3230 3030 3282 τῶν
3098 3225 3377 3303 προτέρων
3443 3227 3792 3304 πλημμελη-

376 3337 482 3394 per
510 3337 675 3393 spem
709 3320 1045 3376 futurorum
1077 3319 1365 3374 bonorum
1417 3317 1805 3374 illustremur.
1860 3320 2032 3375 Venit

374 3415 572 3466 autem
602 3411 673 3466 ad
709 3426 839 3476 nos,
865 3413 930 3464 ut
959 3409 1186 3464 dictum
1218 3413 1329 3474 est,
1371 3412 1727 3480 praeparatos
1761 3424 1774 3462 :
1809 3407 2029 3464 saliens

371 3517 554 3573 super
600 3499 829 3556 excelsa
881 3497 1151 3554 videlicet
1211 3499 1443 3554 decreta
1499 3497 1826 3554 divinitatis
1884 3515 2024 3569 suae,

369 3589 665 3657 sublimis,
699 3605 825 3661 quae
868 3587 1103 3643 verticis
1153 3588 1444 3642 montium
1497 3586 1689 3642 instar
1734 3588 2022 3644 obtinent.

369 3683 451 3734 Ex
479 3678 831 3735 afﬁrmativa
859 3678 1016 3733 enim
1049 3677 1246 3749 ipsum
1298 3675 1592 3748 theologia
1639 3677 2025 3750 comprehen-

2146 3314 2328 3388 μάτων
2358 3313 2449 3370 διὰ
2481 3313 2789 3388 μετανοίας,
2820 3315 2908 3369 καὶ
2961 3319 3028 3390 τῇ
3079 3314 3260 3372 ἐλπίδι
3304 3321 3416 3372 τῶν
3471 3316 3790 3391 μελλόντων

2138 3402 2349 3478 ἀγαθῶν
2401 3408 2784 3480 φωτισθῶμεν.
2815 3405 3077 3480 Ἔρχεται
3129 3402 3185 3459 δὶ
3232 3404 3314 3484 ἐφ’
3360 3407 3511 3478 ἡμᾶς
3568 3408 3791 3480 ἐτοιμα-

2137 3491 2378 3565 σοέντας,
2439 3494 2512 3555 ὡς
2571 3491 2803 3568 εἷ’ρηται,
2863 3491 3054 3565 πηδῶν
3104 3493 3193 3549 ἐπὶ
3266 3495 3334 3550 τὰ
3396 3492 3532 3569 ὅρη·
3589 3493 3787 3571 ἤγουν,

2141 3581 2444 3656 ὑψούμενος
2531 3582 2617 3637 ἐπὶ
2696 3584 2762 3638 τά
2830 3579 2985 3654 δίκην
3070 3583 3464 3659 ὑπερκειμένης
3541 3592 3788 3664 κορυφῆς

2134 3673 2298 3743 ἡμῶν
2332 3671 2577 3750 ὑπερφυῆ
2614 3669 2862 3747 δόγματα
2889 3678 2990 3741 τῆς
3022 3673 3190 3728 αὐτοῦ
3237 3672 3514 3744 θεότητος.
3549 3675 3644 3730 Ἐκ
3687 3675 3788 3750 γὰρ

367 3769 506 3826 dere
535 3774 838 3838 conantes,
873 3769 930 3823 in
963 3783 1082 3840 qua
1113 3765 1472 3822 constitutus
1493 3783 1562 3822 ex
1611 3772 1741 3822 actu
1789 3767 2023 3840 praecel-

2147 3769 2232 3830 εῆς
2306 3763 2674 3840 καταφατικῆς
2763 3759 3047 3838 θεολογίας
3129 3757 3526 3826 καταλαϐέσθαι
3627 3763 3787 3820 αὐτὸν

365 3875 471 3915 sus
501 3858 852 3924 ostenditur,
885 3873 955 3912 ex
985 3857 1093 3912 hac
1124 3873 1259 3912 eum
1294 3855 1618 3928 aspicimus
1652 3855 1710 3910 in
1753 3857 2023 3930 negativa

2147 3850 2555 3926 ἐπιχειροῦντες,
2616 3849 2667 3905 ἐν
2822 3848 3020 3926 βαίνων
3055 3857 3170 3906 κατ’
3201 3850 3466 3928 ἐνέργειαν
3519 3849 3786 3909 δείκνυται

361 3947 674 4020 theologia,
707 3951 1000 4020 quatenus
1030 3945 1289 4001 essentia
1319 3944 1696 4016 praestantior
1724 3951 1814 4001 est
1852 3951 2019 4002 tren-

2147 3939 2584 4015 ὂπεραιρόμενος,
2619 3937 2678 3994 ἐκ
2705 3938 2908 4011 ταύτης
2932 3943 3124 3995 τοῦτον
3159 3941 3372 4014 ὁρῶμεν
3419 3940 3470 3996 ἐν
3520 3945 3590 4016 τῇ
3651 3942 3786 3998 ἀπο·

361 4037 566 4094 siliens
615 4035 814 4094 colles.
864 4035 1082 4092 Verum
1135 4035 1316 4091 colles
1366 4035 1526 4102 item,
1579 4040 1643 4090 ut
1691 4035 2019 4091 eminentes

2147 4033 2328 4103 ρατικῇ
2383 4027 2640 4104 θεολογίᾳ
2693 4030 2830 4084 κατά
2897 4029 2958 4084 τὸ
3018 4029 3340 4106 ὑπερούσιον
3416 4028 3783 4106 διαλλόμενον

359 4131 519 4194 sunt,
551 4125 1017 4198 dispensationis
1047 4124 1372 4180 extendunt
1401 4125 1700 4193 instituta,
1728 4140 1858 4195 quas
1892 4124 2018 4196 ipsa

2147 4118 2216 4172 ιπὶ
2273 4118 2399 4180 τοὺς
2458 4119 2703 4195 βουνούς.
2755 4120 2846 4181 Ὁς
2907 4116 2964 4173 δέ
3035 4119 3552 4193 ὑπερανεστηκότες,
3598 4122 3686 4178 καὶ
3733 4123 3788 4178 οἱ

357 4231 592 4287 quoque
623 4219 928 4287 nequeunt
953 4211 1394 4284 comprehendi.
1451 4213 1640 4284 Super
1689 4212 1868 4269 colles
1912 4231 2017 4268 au-

2147 4207 2318 4262 Ξουνοὶ
2365 4208 2430 4262 τά
2484 4211 2584 4278 τῆς
2615 4208 2932 4280 οἰκονομίας
2962 4205 3194 4278 δηλοῦσι
3233 4205 3504 4285 δόγματα,
3537 4207 3667 4267 ὅντά
3695 4211 3784 4267 καὶ

357 4308 500 4372 tem,
551 4308 837 4374 quantum
888 4300 959 4355 ad
1019 4300 1410 4372 cognitionem
1461 4306 1722 4356 nostram
1785 4300 2016 4368 attinet,

2147 4300 2290 4351 ῖαῦτα
2351 4297 2481 4373 ὑπὶρ
2547 4295 2878 4371 κατάληψιν.
2922 4298 3038 4376 Ἐφ“
3083 4297 3116 4352 ’ὰ
3170 4299 3306 4354 κατᾶ
3361 4301 3459 4370 τὴν
3514 4301 3785 4377 ἡμετέραν

356 4407 615 4462 sponsus
663 4389 946 4454 transilit,
996 4389 1139 4443 dum
1191 4405 1258 4443 ex
1303 4404 1368 4444 eo
1419 4391 1573 4462 quod
1626 4388 1802 4458 Deus,
1855 4389 2014 4446 vide-

2147 4389 2317 4440 ννῶσιν
2350 4385 2634 4465 ὁνυμφίος
2667 4383 2948 4442 διάλλεται
3005 4387 3110 4442 ἀπὸ
3167 4387 3265 4443 τοῦ
3324 4389 3455 4450 Θεὸς
3514 4388 3588 4443 ὣν
3652 4391 3782 4466 ὁρᾶ-

356 4485 453 4536 tur
483 4484 549 4535 ut
594 4480 790 4535 homo.
843 4478 912 4534 Et
959 4477 1179 4533 saliens
1232 4479 1286 4532 in
1339 4477 1398 4533 id
1452 4480 1608 4551 quod
1669 4479 1844 4534 homo
1902 4483 2013 4544 est,

2147 4476 2245 4529 πθαι
2272 4475 2348 4537 ὡς
2379 4476 2685 4548 ἅνθρωπος·
2717 4475 2807 4530 καὶ
2865 4473 3196 4546 καταπηδῶν
3252 4476 3330 4540 εἷς
3376 4479 3440 4533 τὸ
3497 4476 3784 4554 ἅνθρωπος

355 4569 733 4641 cognoscitur
761 4572 828 4622 ut
861 4573 1031 4622 Deus.
1066 4567 1228 4632 Quod
1263 4573 1459 4623 autem
1493 4569 1564 4623 de
1595 4584 1815 4640 sponso
1846 4567 2009 4634 dixit,

2147 4560 2199 4618 ὒν
2253 4564 2615 4638 γινώσκεσθαι
2671 4565 2747 4628 ὡς
2802 4564 2954 4627 θεός.
2980 4567 3104 4623 Ὀτι
3155 4563 3214 4620 δέ
3265 4565 3452 4642 εἷίοηκε
3507 4568 3632 4644 περὶ
3685 4572 3785 4624 τοῦ

354 4639 530 4714 salire
558 4672 738 4729 super
767 4660 1023 4722 montes,
1053 4661 1113 4710 et
1141 4654 1320 4712 colles
1351 4639 1650 4713 transilire
1684 4675 1696 4712 .'
1731 4655 1905 4712 salire
1957 4660 2013 4713 et

2153 4649 2582 4730 υμφίου,πηδᾷν
2614 4651 2703 4708 ἐπὶ
2731 4653 2798 4708 τὰ
2846 4652 2947 4729 ὅρη
2992 4654 3082 4709 καὶ
3134 4639 3454 4720 διάλλεσθαι
3511 4639 3600 4712 ἐπί
3656 4656 3786 4720 τοὺς

352 4746 652 4803 transilire
678 4763 866 4818 caprae
890 4749 947 4801 et
967 4744 1116 4801 cervi
1139 4743 1502 4802 lascivientis
1531 4750 1621 4802 est
1651 4745 1956 4818 praprium
1992 4763 2008 4816 ;

2147 4741 2464 4813 ιουνοὺς,τὸ
2497 4739 2554 4797 δέ
2579 4739 2756 4813 πηδᾷν
2811 4744 2900 4798 καὶ
2947 4739 3264 4799 διάλλεσθαι
3315 4742 3581 4820 δορκάδος
3633 4745 3780 4802 ’ίδιον

352 4835 571 4909 quibus
595 4835 871 4908 deinceps
901 4833 1240 4890 assimilans
1271 4851 1560 4906 sponsum
1593 4850 1606 4889 :
1655 4834 1876 4890 Similis
1906 4839 2010 4901 est,

2147 4831 2210 4886 ιαὶ
2259 4830 2465 4910 ἐλάφου
2520 4833 2826 4901 νεάζοντος,
2879 4831 3097 4896 τούτοις
3155 4830 3352 4890 λοιπὸν
3433 4835 3778 4912 παρεικάζων

350 4925 564 4997 inquit,
596 4941 759 4996 nepos
787 4941 940 4980 meus
967 4939 1190 4996 caprea:
1217 4925 1562 4997 hinnuloque
1609 4941 1898 4981 cervoeum
1947 4926 2011 4980 in

2147 4921 2307 4986 ιῦτὸν,
2367 4920 2549 5000 φησὶν,
2607 4921 2841 4994 Ὃμοιός
2892 4920 3033 4978 ἐστιν
3108 4919 3404 5001 ἀδελφιδός
3485 4947 3592 4999 μου
3650 4923 3779 5003 δορ-

347 5014 624 5070 montibus
671 5014 875 5071 Bethel.
933 5013 1137 5070 Bethel
1186 5018 1384 5069 autem
1437 5013 1733 5084 signiﬁcat
1783 5013 2010 5069 domum

2147 5007 2240 5064 ,άδι
2289 5011 2324 5079 ἢ
2383 5005 2561 5084 νεϐρῷ
2617 5007 2834 5086 ἐλάφων
2893 5009 2980 5065 ἐπὶ
3037 5010 3104 5066 τὰ
3163 5007 3264 5086 ὅρη
3301 5012 3528 5084 Βαιθήλ.
3564 5013 3780 5084 Βαιθὴλ

347 5105 472 5173 Dei,
505 5121 632 5176 quae
659 5109 750 5162 est
778 5104 1040 5160 ﬁdelium
1073 5101 1353 5160 Ecclesia.
1409 5103 1594 5174 Cujus
1645 5107 1875 5160 montes
1918 5104 2006 5158 in-

2151 5099 2176 5154 ὶ
2232 5097 2587 5174 ἐρμηνεύεται
2639 5098 2788 5163 οἶκος
2843 5104 3000 5173 Θεοῦ,
3033 5101 3097 5156 οὗ
3153 5099 3295 5158 ἐστιν
3329 5105 3364 5172 ἡ
3403 5107 3511 5158 τῶν
3569 5109 3778 5160 πιστῶν

345 5194 696 5267 telliguntur
727 5199 963 5267 propter
991 5192 1398 5250 excellentiam
1433 5192 1817 5248 sanctissima
1865 5192 2005 5248 Uni-

2147 5187 2438 5256 Ξζκκλησία,
2471 5191 2536 5258 ῆς
2571 5187 2907 5266 ὑπάρχουσιν
2943 5185 3045 5265 ὅρη
3080 5187 3172 5245 διά
3223 5192 3285 5246 τὸ
3341 5190 3498 5266 ὕψος,
3531 5193 3596 5248 τὰ
3651 5193 3779 5271 περῖ

344 5283 523 5358 geniti
545 5283 868 5339 divinitatis
889 5288 1065 5355 atque
1087 5281 1478 5337 humanitatis
1511 5282 1807 5347 instituta,
1829 5298 2008 5354 super

2148 5284 2212 5348 ῆς
2271 5272 2528 5348 θεότητος
2603 5278 2692 5333 καὶ
2769 5279 3191 5356 άνθρωπότητος
3262 5285 3360 5335 τοῦ
3438 5287 3782 5357 Μονογινοῦς

344 5390 473 5445 quae
524 5372 618 5427 hic
667 5389 897 5444 sponse
947 5371 1366 5427 dilectissimus
1416 5369 1658 5437 saliens,
1714 5379 1776 5426 ut
1822 5387 2004 5442 supra

2147 5362 2465 5422 ὗσεϐἐστατα
2517 5365 2779 5441 δόγματα·
2842 5369 2924 5443 ἐφ’
2981 5368 3015 5422 ’ἁ
3077 5369 3234 5430 οὗτος
3290 5371 3319 5425 6
3374 5377 3476 5440 τῆς
3555 5370 3778 5450 νύμφης

343 5461 625 5527 diximus,
677 5469 851 5532 atque
904 5459 1244 5516 transiliens
1277 5475 1437 5514 more
1471 5457 1820 5514 animalium
1855 5476 2002 5531 prte-

2149 5457 2398 5532 γαπητὸς
2442 5453 2657 5528 πηδῶν,
2699 5457 2774 5519 ὡς
2830 5456 3176 5533 προείρηται,
3235 5458 3325 5513 καὶ
3387 5457 3774 5535 διαλλόμενος,

342 5551 657 5617 dictorum,
705 5549 1004 5620 spiritales
1067 5550 1242 5619 feras,
1297 5565 1428 5620 quae
1477 5547 1658 5603 veluti
1708 5563 1998 5604 venenum

2150 5544 2323 5618 μοίως
2379 5550 2497 5608 τοῖς
2555 5544 2866 5622 εἶρημὲνοις
2923 5547 3086 5616 ζώοις
3141 5548 3210 5602 τά
3261 5549 3429 5620 νοητὰ
3483 5550 3649 5626 θηρία
3707 5551 3774 5606 τὰ

343 5641 652 5714 opiniones
682 5639 914 5696 veritati
958 5639 1286 5695 contrarias
1342 5639 1625 5693 adversus
1676 5637 1998 5694 Ecclesiam

2147 5632 2423 5690 ίσπνίοντα
2482 5632 2638 5706 δίκην
2699 5634 2784 5689 ἰοῦ
2839 5637 2907 5690 τὰ
2957 5634 3172 5691 ἐναντία
3215 5645 3316 5708 τῆς
3367 5637 3627 5708 ἀληθείας
3674 5637 3770 5696 δό-

333 5732 698 5810 iaculantur,
758 5729 831 5789 ab
888 5745 957 5787 ea
1013 5727 1217 5805 procul
1265 5727 1516 5805 repellit.
1566 5728 1788 5786 Natura
1837 5728 1998 5787 enim

2151 5745 2294 5800 ματα
2334 5724 2473 5782 κατὰ
2524 5728 2626 5798 τῆς
2654 5723 3008 5800 Ἐκκλησίας,
3042 5722 3334 5784 ἀπελαύνει
3391 5726 3600 5802 ταύτης
3656 5752 3766 5808 μα-
