4110 6414
296 369 418 430 585
1346 363 1756 427 COMMENT.
1805 364 1884 424 IN
1931 364 2335 426 CANTIGUM
2380 363 2686 425 CANTIC.
3600 370 3726 434 586

295 501 424 578 κράν
461 519 474 532 ⁸
510 497 700 571 ἐπειδὴ
757 501 1023 579 πεφύκασι
1075 496 1396 580 φυγαδεύειν
1443 499 1512 553 τὰ
1541 494 1738 553 ἱοὸόλα
1779 496 1918 573 enea

2094 513 2280 569 apreze
2309 515 2377 554 ac
2404 514 2571 555 cervo
2609 498 2854 554 insitum
2885 504 2998 571 est,
3033 503 3097 557 ut
3122 517 3452 560 venenosas
3495 504 3717 563 bestias

296 593 330 661 ἠ
361 588 559 667 δορκᾶς
589 591 680 645 καὶ
711 594 746 661 ἡ
780 587 1006 670 ἔλαφος.

818 591 1006 670 tueor.
2060 587 2441 645 insectentur.

865 687 981 735 Των
1027 681 1076 756 γ’
1107 679 1380 754 Πατέρων.

2645 679 2835 734 Trium
2873 685 3127 736 Patrum.

362 767 502 826 Ἰδοὺ
564 770 722 832 οὗτος
800 767 1019 840 ἔστηκεν
1108 768 1282 823 ὀπίσω
1362 772 1458 822 τοῦ
1511 765 1707 842 τοίχου
1763 767 1949 838 ἡμῶν,

2131 766 2209 821 En
2241 767 2359 838 ipse
2403 767 2549 822 stetit
2597 776 2716 831 post
2751 770 3018 840 parietem
3048 773 3319 842 nostrum,
3364 774 3714 845 prospiciens

294 861 660 936 παρακύπτων
751 859 840 914 διὰ
938 864 1046 915 τῶν
1142 855 1396 932 θυρίδων,
1501 856 1776 910 ἐκκόπτων
1863 854 1914 910 δι

1501 856 1776 910 ἐκκόπτων
1863 854 1951 910 διὰ
2057 872 2158 925 per
2180 858 2472 927 fenestras,
2504 856 2808 928 despiciens
2835 875 2863 914 e
2893 859 3119 915 retibus.

291 956 395 1005 τῶν
429 947 661 1005 δικτύων
672 992 685 1005 .

357 1037 583 1108 Ἐπειδὴ
629 1037 896 1117 πεφύκασι
967 1033 1284 1116 φυγαδεύειν
1328 1035 1394 1090 τὰ
1438 1031 1634 1090 ἷόϐόλα
1687 1033 1853 1108 θηρία
1909 1035 1943 1102 ἠ

2126 1036 2370 1100 Quando
2411 1053 2631 1109 capreae
2661 1041 2717 1094 et
2748 1055 2916 1094 cervo
2961 1038 3248 1095 naturalis
3279 1056 3348 1096 ea
3374 1039 3462 1096 vis
3509 1044 3620 1107 est,
3651 1043 3719 1096 ut

291 1127 484 1203 δορκὰς
531 1130 619 1184 καὶ
682 1131 717 1198 ἡ
779 1126 981 1206 ἔλαφος
1014 1147 1027 1159 ·
1082 1123 1221 1180 Ἰδοὺ
1281 1127 1438 1186 οὗτος
1497 1123 1717 1193 ἔστηκεν
1767 1122 1914 1176 ὀπίσι

2096 1125 2363 1182 estil‘eras
2405 1127 2626 1182 bestias
2680 1128 2887 1198 fugent
2917 1145 2930 1183 :
2962 1130 3112 1197 Ecce,
3147 1129 3362 1201 inquit,
3396 1132 3516 1196 ipse
3562 1130 3719 1187 stetit

292 1222 390 1273 τοῦ
418 1216 610 1293 τοίχου
663 1219 844 1290 ἡμῶν.
880 1220 1089 1291 Τοῖχος
1114 1214 1170 1271 δέ
1199 1217 1363 1288 ἡμῶν
1424 1213 1536 1269 ἐστι
1586 1213 1649 1268 τὸ
1704 1213 1915 1267 κτιστὸν

2093 1218 2173 1270 ost
2223 1218 2494 1286 parietem
2549 1225 2818 1273 nostrum.
2851 1218 3049 1274 Parias
3103 1224 3303 1275 noster
3358 1224 3448 1276 est
3501 1225 3716 1277 natura

296 1307 356 1361 οὔ
412 1305 583 1360 ὀπίσω
637 1303 862 1376 ’ἔστηκεν
925 1305 953 1359 6
1003 1301 1252 1365 ἅκτιστος
1301 1303 1389 1358 καὶ
1430 1305 1640 1357 πάντων
1671 1299 1919 1376 δημιουρ

2088 1310 2264 1370 reata,
2302 1311 2434 1376 post
2463 1324 2641 1378 quam
2694 1307 2857 1362 stetit
2887 1308 2987 1379 qui
3017 1313 3250 1364 creatus
3299 1325 3416 1364 non
3465 1314 3577 1378 est,
3607 1310 3711 1366 sed

290 1397 384 1470 γὸς
413 1396 541 1458 Θεὸς
572 1393 759 1472 λόγος,
812 1395 887 1457 ὡς
934 1393 1083 1469 ἀρχὴ
1141 1398 1250 1447 τῶν
1301 1391 1541 1468 ἐχόντων
1598 1391 1733 1467 πρὸς
1784 1389 1910 1446 τέλο

2088 1399 2278 1450 reator
2305 1401 2396 1451 est
2425 1397 2691 1451 omnium
2729 1398 2880 1452 Deus
2910 1397 3192 1468 Verbum,
3227 1404 3290 1454 ut
3319 1415 3515 1454 rerum
3548 1398 3711 1470 prin-

282 1486 378 1554 τήν
404 1484 644 1554 κίνησιν,
680 1484 741 1541 Εἰ
775 1483 878 1559 γάρ
941 1482 1052 1538 ἐστι
1109 1482 1199 1537 καὶ
1244 1477 1547 1557 ἔμπροσθεν
1609 1481 1637 1535 ὁ
1670 1479 1830 1540 αὐτὸς
1862 1480 1905 1533 ὡ

2086 1483 2268 1555 ipium
2301 1501 2429 1556 quin
2471 1490 2696 1541 motum
2731 1485 2954 1541 habent
3003 1487 3075 1542 ad
3127 1487 3329 1543 ﬁnem.
3364 1488 3709 1559 Quanquam

282 1579 383 1628 τῶν
438 1571 588 1628 ὅλων
645 1573 792 1649 ἀρχὴ
853 1574 940 1628 καὶ
1002 1571 1206 1635 τέλος·
1272 1569 1399 1626 ἀλλ’
1447 1567 1740 1644 ἐπειδήπερ
1767 1569 1905 1642 μήπι

2088 1573 2203 1628 nim
2235 1577 2294 1629 et
2324 1575 2487 1644 prius
2516 1581 2608 1630 est
2638 1576 2786 1647 ipse,
2819 1580 3022 1646 utpote
3052 1576 3288 1632 initium
3321 1582 3379 1633 et
3410 1577 3546 1633 ﬁnis
3578 1578 3711 1634 uni-

283 1662 436 1718 αὐτὸν
466 1665 779 1736 εὑρήκαμεν
833 1661 892 1717 ἐκ
935 1665 1031 1716 τοῦ
1077 1660 1271 1722 τέλους
1304 1680 1316 1692 ·
1374 1656 1529 1714 οὔπω
1559 1659 1659 1733 γὰρ
1695 1657 1745 1713 ἐν
1788 1657 1906 1712 αύτέ

2085 1678 2380 1733 ersorum;
2414 1667 2611 1720 tamen
2645 1666 2924 1736 quoniam
2962 1666 3160 1737 ipsum
3194 1683 3261 1723 ex
3295 1667 3410 1722 ﬁne
3442 1668 3708 1723 nondum

278 1755 370 1822 τήν
430 1757 606 1807 πᾶσαν
687 1751 1060 1824 ἀνεπαύσαμεν
1145 1749 1379 1820 κίνησιν.
1440 1750 1604 1824 ὅσπερ
1654 1747 1717 1802 τὸ
1772 1747 1901 1802 τέλο

2088 1752 2379 1809 ινειιὶωυς
2414 1769 2426 1806 :
2462 1753 2725 1808 nondum
2768 1755 2926 1809 enim
2978 1754 3038 1809 in
3069 1772 3136 1811 eo
3170 1757 3273 1828 qui
3323 1756 3460 1812 finis
3509 1761 3622 1824 est,
3652 1760 3711 1813 et

280 1841 412 1895 ἐστίν
449 1862 462 1875 ·
528 1840 705 1895 ὀπίσω
782 1841 1060 1911 έστηκέναι
1121 1839 1361 1914 λέγεται,
1419 1837 1782 1914 παρακύπτων
1845 1833 1896 1889 δι

2081 1841 2115 1896 b
2147 1841 2307 1897 omni
2355 1846 2516 1898 motu
2566 1843 3015 1915 conquievimus
3047 1864 3064 1901 :
3096 1851 3230 1917 post
3278 1850 3434 1901 stare
3466 1845 3704 1916 dicitur,

277 1933 379 1985 τῶν
439 1927 694 2005 θυρίδων.
755 1927 976 2005 Θυρίδες
1058 1926 1116 1983 δὲ
1181 1935 1280 1997 τῆς
1335 1934 1556 1996 κτιστῆς
1617 1926 1826 2004 φύσεως
1877 1946 1900 1979 a

2082 1933 2388 2004 respiciens
2413 1949 2514 2004 per
2556 1935 2846 2004 fenestras.
2881 1933 3168 1990 Fenestra:
3220 1939 3417 1991 autem
3467 1938 3608 1990 sunt
3636 1950 3705 1991 ea

286 2018 514 2094 μέτοχοί
572 2017 674 2073 εἰσι
703 2023 799 2074 τοῦ
833 2018 1086 2073 ἀκτίστου
1120 2037 1132 2050 ’
1191 2015 1260 2071 δι’
1319 2017 1392 2070 ὧν
1450 2016 1605 2077 οὗτος
1650 2013 1733 2069 ἐπ’
1763 2014 1909 2083 αύτὴε

2084 2037 2169 2074 uae
2237 2025 2460 2076 naturae
2524 2027 2730 2077 creatae
2797 2023 2870 2077 ab
2939 2022 3195 2079 increato
3269 2023 3704 2079 communicata

280 2107 612 2183 παρακύπτει
667 2103 980 2162 ἐπιϐλέπων
1029 2107 1097 2161 τὰ
1153 2111 1270 2160 κατ’
1330 2104 1498 2172 αὐτὴν
1553 2101 1902 2176 κηδεμονικῶ

2076 2114 2217 2177 unt;
2271 2127 2372 2179 per
2419 2127 2550 2182 quae
2597 2111 2725 2182 ipse
2753 2113 2825 2167 ad
2858 2127 2987 2167 eam
3037 2113 3344 2185 prospicit,
3376 2114 3518 2169 dum
3567 2129 3699 2185 pro-

287 2195 353 2269 (εἰ
413 2197 487 2269 μή
529 2196 725 2260 ταύτας
773 2194 920 2267 αύτῷ
973 2191 1354 2266 ἀποκλείωμεν
1406 2197 1525 2254 ταῖς
1579 2211 1726 2267 παρα
1775 2191 1910 2269 φύσιπ

2077 2197 2294 2253 identia
2354 2216 2461 2255 sua
2519 2205 2734 2255 cuncta
2785 2202 3150 2268 moderatur,
3205 2201 3495 2274 nobisque
3550 2203 3699 2270 (nisi

286 2286 602 2358 κινήσεσιν).
679 2284 994 2342 Ἐκκύπτων
1069 2280 1158 2338 διά
1229 2287 1336 2338 τῶν
1391 2279 1619 2336 δικτύων
1666 2300 1679 2312 ⁵
1739 2278 1904 2356 ἤγουν

2076 2293 2330 2343 anestras
2363 2288 2472 2343 has
2502 2291 2782 2345 adversus
2815 2306 2948 2345 eum
2983 2290 3348 2346 motionibus
3379 2292 3563 2347 animi
3597 2308 3699 2347 na-

289 2373 591 2429 ἐποπτεύων
633 2377 782 2447 ἡμᾶς
814 2371 903 2428 διὰ
956 2380 1056 2442 τῆς
1105 2370 1490 2448 ἀλληλουχίας
1543 2375 1650 2426 τῶν
1701 2369 1904 2446 ἀρετῶν

2078 2391 2186 2430 urat
2217 2378 2527 2432 contrariis
2561 2380 3008 2448 concludamus)
3043 2379 3346 2451 prospicit.
3381 2381 3701 2452 Respiciens

288 2463 350 2520 Εἰ
404 2464 503 2539 γὰρ
559 2459 758 2539 ἔχομεν
828 2463 923 2518 τὰς
979 2461 1272 2536 εἰρημένας
1331 2457 1572 2535 θυρίδας,
1623 2461 1911 2515 ἀναπεπται

2078 2481 2138 2519 er
2181 2466 2344 2533 retia,
2378 2465 2488 2521 hoc
2535 2471 2646 2536 est,
2675 2467 3000 2538 inspiciens
3049 2483 3152 2537 per
3197 2472 3468 2525 mutuam
3519 2468 3701 2524 virtu-

285 2552 442 2624 μένας
497 2553 616 2625 μὲν,
665 2549 1081 2630 πεφυλαγμένοις
1144 2547 1201 2605 δί
1250 2553 1318 2624 τῇ
1367 2553 1474 2604 τῶν
1535 2550 1739 2623 ἀρετῶν
1795 2570 1908 2604 κατε

2078 2569 2166 2608 um
2225 2555 2667 2614 connexionem.
2703 2554 2848 2610 Nam
2908 2555 2958 2610 si
3022 2556 3308 2612 fenestras
3357 2573 3485 2628 quae
3533 2555 3701 2612 dicte

278 2639 436 2718 λόγον
490 2639 848 2718 ἀλληλουχίᾳ
879 2660 892 2674 '
927 2640 1106 2704 καθώς
1159 2640 1291 2694 εἰσιν
1324 2637 1480 2694 αὗται
1513 2635 1666 2709 δίκην
1697 2636 1898 2694 δικτύω

2079 2645 2201 2712 unt,
2233 2641 2621 2698 habuerimus
2653 2648 2884 2716 apertas
2917 2643 3051 2700 illas
3083 2646 3346 2716 quidem,
3374 2646 3474 2701 sed
3503 2649 3702 2701 tamen

273 2729 776 2807 περιπεπλεγμέναι
825 2727 1102 2802 ἀλλήλαις
1139 2749 1153 2762 ο
1212 2727 1304 2783 ’ίνα
1365 2730 1496 2802 μήτι
1530 2732 1636 2783 τῶν
1669 2732 1896 2783 πετεινῶ

2078 2748 2123 2786 :a
2155 2735 2358 2787 mutuo
2407 2731 2717 2799 virtutum,
2751 2733 2966 2788 retium
3011 2733 3219 2806 instar,
3253 2739 3408 2790 recte
3453 2732 3701 2806 compli-

275 2822 516 2890 πάντως,
574 2826 682 2876 τῶν
735 2819 988 2894 ἐναερίων
1063 2819 1407 2892 πνευμάτων,
1455 2816 1618 2872 λαθὸν
1687 2816 1898 2892 εἰσέλθῃ

2076 2827 2306 2876 atarum
2356 2826 2628 2877 contextu
2681 2823 3104 2892 communitas,
3130 2829 3194 2878 ut
3242 2822 3409 2878 nulla
3437 2840 3507 2879 ex
3535 2822 3698 2879 volu-

269 2911 477 2966 καὶτὸν
515 2909 928 2983 έναποκείμενον
961 2909 1100 2983 ἡμῖν
1161 2908 1364 2983 σπόρον
1413 2914 1516 2976 τῆς
1575 2907 1719 2970 θείας
1777 2904 1892 2961 διδα

2075 2910 2256 2979 ribus,
2281 2927 2348 2966 ex
2379 2911 2564 2966 aereis
2595 2911 2877 2967 nimirum
2906 2913 3239 2982 spiritibus,
3264 2913 3465 2969 nullus
3492 2912 3697 2969 furtim

271 3001 498 3064 σκαλίας
575 2999 938 3073 λυμήνηται·
995 2999 1244 3054 ἐκκόπτει
1323 2997 1403 3075 ἐφ’
1476 2999 1626 3070 ἡμᾶς
1681 2994 1768 3051 διὰ
1819 3001 1894 3051 τῶ

2075 3000 2428 3070 egrediatur,
2462 3005 2638 3071 atque
2669 3001 3037 3056 reconditum
3069 3001 3129 3057 in
3164 3003 3334 3058 nobis
3365 3001 3574 3058 divinae
3607 3001 3698 3057 di-

267 3091 534 3146 τοιυύτων
587 3087 816 3144 δικτύων
873 3091 909 3158 ἡ
968 3088 1142 3143 αὐτῶν
1196 3092 1304 3142 τῶν
1362 3086 1566 3161 ἀρετῶν
1597 3085 1754 3141 οὐσία
1787 3083 1890 3158 ’δη

2073 3088 2296 3159 ciplinae
2328 3106 2529 3144 semen
2558 3095 2896 3161 corrumpat
2921 3107 2934 3145 :
2969 3091 3208 3162 respicit
3235 3092 3294 3146 in
3321 3109 3427 3146 nos
3451 3108 3554 3163 per
3575 3092 3696 3147 haec

268 3177 404 3249 λαδή
446 3180 762 3253 ἀγενηθείς
819 3181 955 3252 ἡμῖν
1010 3177 1117 3232 ἀπὸ
1173 3181 1308 3232 Θεοῦ
1369 3175 1551 3254 σοφία,
1612 3172 1886 3230 δικαιοσύν

2075 3179 2204 3244 etis,
2237 3179 2501 3249 ipsarum
2525 3178 2806 3234 virtutum
2839 3181 3117 3246 essentia,
3149 3179 3276 3252 ipse
3297 3181 3570 3237 videlicet
3599 3183 3698 3253 qui

263 3289 320 3324 τε
371 3247 459 3324 καὶ
516 3247 785 3344 ἀγιασμὸς
841 3247 931 3322 καὶ
1007 3265 1411 3342 ἀπολύτρωσις,
1447 3247 1769 3338 ’μονογενὴς
1827 3263 1886 3318 αὖ

2071 3271 2216 3324 actus
2245 3247 2326 3323 est
2354 3269 2510 3323 nobis
2539 3285 2574 3323 a
2605 3270 2710 3323 Deo
2743 3271 3017 3340 sapientia
3045 3274 3098 3324 et
3117 3247 3342 3340 justitia
3369 3279 3422 3326 et
3448 3247 3694 3341 sanctiﬁ-

267 3365 360 3415 τοῦ
391 3362 522 3424 Υἱὸς
554 3359 644 3415 καὶ
677 3361 882 3435 Λόγος.

2074 3359 2180 3412 uio
2238 3367 2292 3412 et
2347 3357 2651 3430 redemptio
2687 3358 2752 3428 ’9,
2806 3357 3148 3430 unigenitus
3208 3359 3338 3429 ejus
3401 3359 3583 3415 Filius
3639 3363 3697 3417 et

2037 3448 2313 3504 Verbum.

325 3541 464 3600 Ἰδοὺ
501 3542 660 3603 οὗτος
707 3535 926 3611 ἔστηκεν
987 3538 1262 3595 ὀπίσωτοῦ
1314 3539 1513 3612 τοίχου
1572 3539 1735 3610 ἡμῶν
1811 3557 1918 3591 πα-

2105 3539 2238 3592 Ecce
2268 3536 2362 3592 hic
2397 3539 2548 3594 stetit
2592 3541 2711 3608 post
2760 3539 3030 3607 parietem
3079 3542 3350 3607 nostrum,
3383 3540 3696 3609 respiciens

263 3633 553 3710 ρακύπτων
626 3628 714 3686 διὰ
793 3635 900 3686 τῶν
977 3627 1232 3704 θυρίδων,
1312 3627 1590 3683 ἐκκόπτων
1670 3623 1758 3681 διὰ
1812 3630 1886 3681 τῶ

1528 3649 1590 3681 εον
1670 3623 1758 3681 διὰ
1812 3630 1918 3681 τῶν
2031 3641 2128 3696 per
2157 3629 2452 3698 fenestras,
2485 3628 2831 3700 prospiciens
2857 3645 2962 3700 per
2990 3629 3151 3684 retia.

266 3719 498 3778 δικτύων
510 3763 525 3776 .

965 3805 1214 3864 Ψελλοῢ.

2762 3807 2953 3862 Psetti.

330 3899 542 3972 Ἰδηοῦ,
575 3901 726 3978 φσίν,
761 3895 1028 3970 ἐλήλυθεν
1059 3899 1087 3952 6
1118 3898 1297 3973 Λόγος
1325 3895 1414 3951 καὶ
1444 3895 1701 3971 νυμφίος,

2099 3897 2265 3967 Ecce,
2317 3895 2531 3968 inquit,
2565 3896 2814 3952 Verbum
2868 3901 2926 3952 et
2970 3911 3227 3968 sponsus
3274 3895 3451 3966 venit,
3494 3895 3681 3952 demi-

259 3991 322 4047 Ὀ
343 3995 615 4045 κατοικῶν
639 3989 747 4043 ἀπὸ
777 3987 991 4057 Βαιθήλ
1015 3993 1115 4056 τῆς
1150 3983 1262 4040 ἅνω
1301 3985 1603 4056 κατοικίας,

2055 4003 2205 4054 {rans
2235 4002 2304 4041 ex
2334 3985 2558 4052 Bethel,
2590 4001 2620 4041 e
2645 4002 2900 4057 superna
2930 3985 3103 4040 domo
3139 4002 3151 4040 :
3188 3985 3450 4040 nondum
3483 3988 3678 4041 autem

263 4076 490 4133 Οὐδέπω
528 4075 571 4132 δ’
602 4075 948 4148 εἰσελήλυθεν
977 4075 1124 4138 ἐντὸς
1154 4079 1252 4131 τοῦ
1278 4069 1600 4150 περιϐόλου.

2061 4077 2137 4131 ub
2168 4079 2390 4131 tectum
2441 4073 2702 4130 introivit
2734 4092 2746 4129 :
2783 4075 2882 4131 sed
2917 4074 3057 4130 foris
3094 4079 3260 4130 stans
3310 4078 3445 4146 post
3493 4073 3679 4146 parie-

258 4166 400 4222 ’Λλλ
434 4166 626 4239 ἔξωθεν
656 4167 946 4240 ἱστάμενος
975 4165 1248 4236 ἐξόπισθεν
1280 4169 1376 4220 τοῦ
1407 4164 1627 4240 τοίχου,

2056 4181 2165 4232 em,
2213 4181 2316 4236 per
2372 4163 2661 4220 fenestras
2718 4164 2845 4219 vult
2899 4163 3304 4235 introspicere.
3337 4164 3423 4219 Tu
3482 4167 3679 4219 autem

256 4257 353 4312 Διὰ
382 4254 622 4332 θυρίδων
654 4255 852 4321 ἔσωθεν
885 4254 1056 4311 ἐθέλει
1083 4253 1471 4330 παρακύπτειν.

2060 4255 2170 4309 sibi
2204 4271 2308 4326 per
2350 4253 2632 4324 parietem
2676 4253 2863 4324 legem
2897 4253 3204 4323 antiquam
3237 4251 3519 4322 intellige,
3552 4267 3683 4306 um-

255 4347 328 4401 Σὺ
360 4344 418 4401 δέ
451 4367 554 4422 μοι
584 4353 779 4422 τοῖχον
812 4345 1047 4420 γίνωσκε
1067 4345 1157 4399 τὸν
1190 4345 1358 4416 νόμον
1391 4347 1480 4398 τὸν
1515 4343 1770 4418 ἀρχαῖον,

2066 4360 2191 4399 ram
2222 4348 2280 4399 et
2308 4359 2534 4399 errores
2566 4342 2911 4397 hominibus
2942 4342 3306 4413 injicientem
3343 4358 3356 4395 :
3393 4357 3495 4412 per
3525 4341 3684 4396 fene-

251 4437 355 4494 Τὸν
390 4437 736 4511 ἐμποιοῦντα
762 4436 864 4504 τήν
894 4434 1043 4490 σκιὰν
1074 4433 1164 4488 καὶ
1193 4431 1408 4503 πλάνην
1441 4436 1546 4486 τῶν
1579 4432 1874 4508 ἀνθρώπων

2061 4439 2178 4488 tras
2199 4449 2333 4488 vero
2355 4437 2411 4488 et
2441 4431 2608 4496 retia,
2634 4431 2874 4487 oracula
2903 4431 3346 4503 prophetarum.
3369 4430 3514 4486 Nam
3550 4435 3684 4486 ante

251 4523 481 4601 Θυρίδας
513 4523 576 4581 δὲ
596 4527 685 4580 καὶ
721 4523 932 4593 δίκτυα,
962 4528 1070 4578 τῶν
1102 4527 1402 4599 προφητῶν
1430 4526 1558 4584 τοῦς
1590 4521 1810 4596 λόγους.

2066 4522 2205 4577 ivini
2236 4521 2404 4577 Verbi
2453 4521 2920 4577 incarnationem
2969 4521 3349 4591 multi/ariam
3393 4520 3685 4590 multisque

250 4616 346 4672 Καὶ
379 4618 485 4692 γὰρ
515 4615 630 4692 πρὸ
657 4621 758 4684 τῆς
807 4614 1134 4690 σαρκώσεως
1162 4616 1260 4668 τοῦ
1302 4612 1652 4688 θεανθρώπου
1702 4611 1873 4686 Λόγοι

2056 4613 2190 4668 radis
2223 4612 2425 4667 locutus
2454 4610 2614 4666 est”.
2649 4610 2761 4665 Sed
2811 4609 2952 4681 quid
3009 4626 3227 4681 sponsa
3277 4609 3453 4680 dicat,
3487 4610 3679 4665 consi-

248 4703 592 4782 Ηολυμερῶς
625 4703 867 4776 ἐλάλησε
895 4704 984 4759 καὶ
1009 4703 1147 4758 πάνυ
1178 4699 1569 4778 πολυτρόπως.
2022 4717 2244 4758 remus.

249 4793 404 4850 Ἀλλ’
435 4795 577 4870 ὅπερ
609 4791 762 4868 λέγει
791 4794 912 4858 καθ’
957 4792 1145 4868 εἱρμὸν
1178 4795 1212 4862 ἡ
1235 4790 1424 4868 νύμφη
1456 4789 1778 4862 σκοπητέον.

316 4882 706 4960 Ἀποκρίνεται
733 4883 760 4937 ὁ
793 4878 1085 4959 ἀδελφιδός
1121 4902 1246 4955 μου,
1279 4878 1425 4957 λέγει
1451 4901 1543 4952 μοι
1569 4899 1583 4914 ο

2088 4881 2387 4955 Respondet
2427 4881 2794 4938 consobrinus
2809 4882 2818 4951 ι’
2842 4895 3014 4948 meus,
3047 4887 3098 4934 et
3127 4877 3266 4934 dicit
3313 4879 3456 4933 mihi
3485 4896 3502 4932 :
3535 4877 3673 4933 Sur-

248 4970 495 5043 Ἀνάστα,
551 4970 702 5040 ἐλθὲ,
756 4973 792 5041 ἡ
851 4968 1089 5040 πλησίον
1154 4991 1281 5044 μου,
1329 4969 1473 5040 καλή
1539 4991 1666 5044 μου,
1714 4973 1749 5040 ἠ
1804 4991 1871 5026 πε

2050 4987 2100 5039 e,
2147 4973 2292 5040 veni,
2346 4971 2658 5041 propinqua
2714 4983 2859 5039 mea,
2905 4968 3154 5038 formosa
3208 4982 3361 5038 mea,
3421 4966 3673 5023 columba

1503 5061 1724 5135 ριστερά
1757 5063 1908 5135 μου.]
2016 5064 2156 5116 mea.

247 5149 415 5221 Επεὶ,
449 5150 646 5226 φησὶν,
679 5148 945 5220 ἐλήλυθεν
975 5149 1004 5203 6
1035 5147 1206 5225 Λόγος
1235 5147 1324 5204 καὶ
1351 5147 1604 5226 νυμφίος,

2089 5148 2401 5218 Quoniam,
2433 5147 2647 5220 inquit,
2677 5147 2835 5203 venit
2863 5145 3124 5202 Verbum
3163 5149 3222 5201 et
3261 5161 3539 5218 sponsus,
3573 5146 3675 5218 qui

242 5239 296 5292 Ὀ
316 5247 436 5304 ταῖς
467 5240 785 5316 προφήταις
815 5239 1106 5314 χρώμενος
1135 5233 1318 5312 ὥσπερ
1348 5238 1456 5292 τισῖ
1491 5238 1690 5312 θυρίσι,

2059 5238 2320 5310 rophetis
2347 5243 2628 5310 tanquam
2671 5237 2945 5292 fenestris
2976 5236 3337 5308 quibusdam
3370 5252 3518 5291 usus
3550 5239 3675 5306 est;

239 5332 404 5384 Τοῦτο
434 5329 501 5383 τὸ
533 5332 754 5400 πρῶτον
784 5326 997 5403 εἴρηκεν
1030 5322 1225 5390 ἔσωθεν
1257 5325 1620 5402 παρακύπτων
1656 5346 1668 5359 ·

2060 5345 2127 5384 ου
2170 5327 2428 5400 primum
2461 5326 2608 5382 dixit
2655 5326 3070 5398 introspiciens
3105 5342 3118 5380 :
3153 5325 3337 5394 Surge
3386 5325 3458 5380 de
3503 5324 3676 5396 lapsu

240 5415 530 5488 Ἀνάστηθι
561 5422 660 5472 τοῦ
690 5417 988 5490 πτώματος
1014 5422 1114 5486 τῆς
1145 5414 1359 5488 πλάνης
1391 5416 1480 5470 καὶ
1510 5420 1607 5471 τοῦ
1640 5417 1863 5472 σκὸπους

2056 5417 2231 5474 rroris
2264 5423 2322 5473 et
2366 5417 2659 5485 tenebris;
2713 5420 2770 5472 et
2820 5421 2890 5472 ad
2943 5431 3036 5471 me
3083 5415 3311 5488 puriter
3357 5415 3591 5484 accede,
3622 5419 3679 5471 et

241 5508 332 5560 Καὶ
365 5506 649 5583 πρόσελθέ
681 5528 776 5579 μοι
801 5510 1072 5584 καθαρῶς.
1104 5507 1192 5561 καὶ
1223 5507 1371 5581 γίνου
1409 5527 1502 5579 μοι
1531 5505 1794 5576 πλησίον.

2052 5507 2163 5564 sibi
2196 5505 2529 5579 propinqua
2567 5506 2818 5562 efﬁcere.
2851 5505 3071 5561 Deinde
3101 5504 3245 5572 hinc,
3279 5504 3497 5576 inquit,
3529 5521 3675 5578 prea-

241 5594 383 5670 Εἶτα,
418 5596 618 5676 φησὶν,
648 5595 825 5667 έξεῖπέ
850 5617 944 5668 μοι
972 5596 1063 5650 καὶ
1093 5592 1221 5650 τάδε
1242 5595 1379 5672 πρὸς
1406 5601 1521 5658 τοῖς
1558 5593 1753 5661 ἄλλοις
1781 5617 1792 5628 '

1028 5596 1063 5650 ιὶ
1093 5592 1221 5650 τάδε
1242 5595 1379 5672 πρὸς
1406 5601 1521 5658 τοῖς
1558 5593 1753 5661 ἄλλοις
1781 5617 1792 5628 '
2017 5605 2106 5655 ter
2137 5597 2250 5654 alia
2281 5596 2424 5652 mihi
2461 5595 2607 5651 dixit
2638 5610 2651 5651 :

305 5722 350 5759 ²⁹
379 5725 401 5780 Ι
432 5723 574 5780 Cor.
609 5739 648 5792 ι,
682 5723 772 5779 30.
850 5724 895 5759 ³⁰
924 5723 1097 5780 Hebr.
1130 5740 1170 5792 ι,
1205 5724 1256 5779 1.

569 5853 834 5914 ΡΑτιιοι..
883 5853 996 5916 Gn.
1040 5851 1280 5925 CXXII.

3267 5849 3341 5910 i9
