4110 6434
381 341 502 404 587

459 476 591 529 Ecce
641 471 820 527 hiems
873 473 1125 542 transiit,
1174 472 1352 527 imber
1392 472 1556 540 abiit,
1606 475 1826 528 recessit
1877 473 1987 528 sibi

384 562 547 631 ﬂores
585 564 970 634 apparuerunt
1013 563 1074 617 in
1124 569 1278 617 terra
1309 579 1327 617 :
1355 565 1566 634 tempus
1610 564 1918 636 putationis
1947 561 2054 618 ad-

382 652 562 706 venit.

458 738 769 807 Quoniam,
811 739 1027 812 inquit,
1076 746 1351 797 naturam
1400 741 1736 798 daemonum
1769 757 1804 796 a
1834 738 2052 812 quibus

384 829 650 885 humana
700 832 917 885 natura
968 829 1340 903 congelatur,
1373 835 1429 886 et
1473 829 1640 903 pigra
1668 835 1846 902 atque
1891 829 2052 884 iners

384 936 631 992 prorsus
683 920 756 975 ad
805 923 960 976 recte
1005 920 1294 991 agendum
1345 920 1635 985 redditur,
1667 918 2046 992 proﬂigavit:

386 1013 566 1081 atque
613 1008 742 1065 ideo
799 1009 988 1065 hiems
1038 1007 1347 1064 charitatis
1398 1008 1706 1076 abscessit,
1753 1011 1811 1064 et
1857 1006 2051 1079 gravis

385 1098 576 1155 imber
604 1098 800 1154 omnis
832 1098 980 1156 abiit
1010 1115 1077 1154 ac
1110 1098 1356 1154 deﬂuxit
1391 1115 1404 1153 :
1438 1103 1496 1155 et
1531 1099 1870 1170 jucundum
1901 1095 2050 1152 veri-

384 1187 526 1244 tatis
559 1192 823 1244 exortum
860 1192 951 1244 est
995 1204 1094 1244 ver
1127 1205 1140 1243 :
1175 1187 1380 1244 ﬂorere
1409 1189 1583 1260 coepit
1614 1186 1809 1256 tellus,
1841 1191 2054 1242 natura

389 1293 605 1348 nempe
664 1276 950 1333 humana.
1015 1283 1255 1349 Tempus
1313 1279 1618 1350 putationis
1660 1278 1782 1348 jam
1837 1276 1989 1331 venit
2032 1300 2050 1337 .-

385 1365 619 1438 legendi
677 1371 820 1422 sunt
878 1366 1072 1434 ﬂores,
1127 1367 1176 1422 si
1225 1365 1314 1422 vis
1374 1366 1624 1423 corollas
1680 1383 1750 1422 ex
1805 1365 2049 1421 ﬂoribus

385 1459 716 1512 contexere.
763 1457 1083 1512 Hominum
1145 1456 1301 1512 enim
1355 1461 1567 1512 natura
1598 1471 1776 1528 quam
1831 1459 2048 1510 terram

383 1543 724 1616 appellavit.
787 1544 960 1600 idolis
1024 1548 1082 1600 et
1139 1545 1332 1601 fraudi
1392 1545 1676 1601 cervicem
1732 1543 2048 1612 inclinans,

387 1632 615 1689 nullam
655 1635 942 1689 virtutum
995 1634 1252 1706 speciem
1305 1633 1556 1705 praebuit
1606 1634 1688 1703 (id
1737 1633 1894 1690 enim
1942 1631 2050 1689 ﬂos

386 1721 730 1795 signiﬁcat),
762 1722 1148 1778 acerbissima
1184 1739 1251 1779 ac
1287 1722 1811 1780 vehementissima
1857 1721 2052 1778 hieme

1724 339 2144 401 MICHAELIS
2191 339 2459 400 PSELLI

2035 474 2133 540 :A

3689 339 3815 403 588

2241 467 2382 525 Ἰδοὺ
2433 471 2461 526 6
2529 471 2746 546 χειμὼν
2834 471 3135 548 παρῆλθεν,
3220 472 3246 527 6
3328 472 3477 534 ὑετὸς
3553 469 3829 541 ἀπῆλθεν,

2164 558 2428 634 ἐπὸρεύθη
2479 560 2694 632 ἐαυτῷ·
2750 579 2815 614 τα
2871 558 3006 631 ἂ¹νθη
3058 556 3206 632 ὥθθη
3263 559 3315 616 ἂν
3354 564 3423 634 τῇ
3469 565 3561 635 γῇ,
3625 561 3653 616 6
3697 581 3825 616 και-

2163 648 2253 720 ρὸς
2282 655 2381 716 τῆς
2413 655 2594 721 τομῆς
2626 646 2868 725 ἔφθασεν.

2229 739 2370 802 Ὅτι,
2403 739 2560 813 φησί,
2589 742 2901 814 κατήργησε
2928 739 3029 806 τὴν
3054 737 3215 812 φύσιν
3254 743 3361 793 τῶν
3383 733 3685 812 δαιμόνων,

2157 829 2264 896 Τήν
2298 824 2900 902 ἀποκρυσταλλώσασαν
2948 828 3048 896 τῆν
3080 827 3237 907 φύσιν
3268 832 3378 883 τῶν
3401 827 3727 904 ἀνθρώπων,

2160 916 2262 973 Καὶ
2296 913 2534 988 δείξασαν
2563 916 2886 988 ἀναίσθητον
2907 915 3044 992 πρός
3062 917 3125 972 τὸ
3154 914 3325 972 καλὸν
3351 915 3604 986 τελείως,

2161 1005 2449 1068 Κάντευθεν
2483 1004 2826 1076 ἀπελήλαται
2861 1007 3078 1081 χειμὼν
3111 1007 3139 1061 6
3168 1013 3269 1076 τῆς
3301 1007 3529 1076 ἀπάτης,

2161 1095 2258 1151 Καὶ
2290 1100 2394 1158 πᾶς
2423 1092 2596 1158 δεινός
2623 1116 2704 1157 τις
2732 1096 2884 1156 ὑετὸς
2916 1093 3181 1165 ἀπῆλθεν,
3216 1094 3486 1172 ἀπεῤῥύη,

2161 1185 2258 1238 Καὶ
2288 1185 2349 1238 τὸ
2367 1185 2596 1259 τερπνὸν
2627 1183 2868 1239 ἀνέτειλε
2889 1192 2988 1254 τῆς
3015 1183 3272 1254 ἀληθείας
3300 1180 3392 1261 ἔαρ
3418 1206 3431 1218 ·

2158 1275 2218 1331 Ἣ
2250 1281 2318 1347 γῆ
2352 1271 2398 1328 δ’
2429 1275 2603 1337 ἀνθεῖν
2635 1275 2932 1346 ἀπήρξατο,
2965 1273 3121 1352 φύσις
3152 1277 3187 1343 ἡ
3219 1279 3326 1330 τῶν
3347 1276 3669 1348 ἀνθρώπων,

2160 1365 2355 1438 Καιρὸς
2406 1360 2463 1418 δί
2547 1364 2785 1441 πεφθακε
2870 1361 3063 1419 λοιπὸν
3134 1371 3315 1436 τομῆς
3388 1368 3488 1433 τῆς
3563 1369 3670 1419 τῶν
3723 1365 3821 1420 άν-

3627 1455 3819 1530 θὲων,]

2159 1541 2225 1598 Ei
2259 1542 2452 1618 βούλῃ.
2485 1543 2879 1600 κατασκεύασον
2923 1546 3212 1624 στεφάνους
3243 1543 3293 1615 ἐξ
3323 1543 3544 1608 ἀνθέων.

2159 1633 2223 1687 Ἠ
2253 1637 2359 1686 τῶν
2396 1633 2695 1708 ἀνθρώπων
2732 1633 2889 1709 φύσις
2917 1634 3016 1709 γὰρ
3046 1631 3112 1704 ἤν
3143 1640 3245 1709 γῆν
3281 1635 3307 1688 6
3331 1631 3499 1708 λόγος
3533 1635 3702 1702 εἶπεν,

2158 1718 2432 1786 Εἰδώλοις
2465 1721 2799 1778 ὑποκλίνάσα
2827 1725 2916 1779 καὶ
2948 1723 3128 1798 πλάνῃ
3154 1725 3244 1778 τὸν
3278 1722 3500 1798 αὐχένα,

385 1811 749 1883 deceptionis
803 1811 862 1866 in
912 1811 1162 1884 glaciem
1215 1813 1454 1868 redacta
1505 1829 1572 1869 ac
1622 1812 2047 1886 propemodum

2166 1807 2317 1872 Εἶδος
2351 1810 2449 1865 οὐκ
2479 1813 2621 1887 εἶχεν
2651 1813 2852 1886 ἀρετῶν
2889 1816 3066 1882 (τοῦτο
3097 1812 3197 1888 γὰρ
3228 1809 3387 1876 ἄνθος
3417 1807 3578 1885 νόει),

2172 1905 2233 1917 μ
2282 1898 2305 1916 α
2496 1901 2506 1915 ι
2698 1901 2710 1917 ε
2875 1899 2898 1917 ε.
2945 1907 2970 1916 -
3183 1906 3206 1916 ..
3361 1907 3387 1916 ..
3496 1909 3522 1917 -

384 1899 635 1973 perdita.
673 1901 814 1967 Quis
843 1901 1001 1957 enim
1037 1917 1099 1958 se
1141 1902 1200 1957 in
1241 1901 1422 1958 tantis
1453 1918 1719 1958 errorum
1764 1901 2048 1970 tenebris,

385 1990 626 2062 pietatis
676 1990 1104 2062 professionem
1164 1992 1337 2059 tueri,
1392 1992 1745 2048 modestiam
1793 2006 2049 2059 servare,

385 2079 841 2149 temperantiam
864 2079 1164 2152 amplecti,
1188 2079 1443 2136 osculari
1463 2080 1759 2152 justitiam
1783 2094 2047 2151 unquam

386 2169 737 2241 sperasset?
793 2173 868 2226 At
921 2170 1050 2242 jam
1113 2172 1277 2241 ﬂores
1341 2179 1720 2244 apparuerunt
1774 2171 1836 2226 in
1892 2175 2048 2225 terra

382 2263 592 2316 nostra.
625 2259 815 2332 Surge
863 2259 1067 2332 igitur,
1103 2265 1161 2316 et
1209 2277 1456 2318 coronas
1487 2261 1594 2317 tibi
1633 2277 1702 2317 ex
1729 2258 2046 2315 virtutibus

383 2353 533 2404 texe.
567 2351 646 2405 Ac
687 2348 899 2404 ﬂorum
947 2349 1118 2406 testis
1167 2350 1412 2407 minime
1442 2350 1801 2422 rejiciendus
1829 2353 1919 2405 est
1947 2346 2047 2403 ille

385 2452 714 2507 praecursor
743 2437 966 2510 gratim,
999 2440 1414 2508 Paenitentiam,
1449 2438 1746 2512 inquiens,
1779 2439 1929 2509 agite
1949 2439 1993 2473 “
2028 2453 2042 2492 :

385 2526 486 2597 qui
520 2525 745 2584 multos
775 2543 844 2584 ex
873 2527 1133 2585 Hebraeis
1162 2529 1500 2601 baptizavit,
1527 2545 1660 2586 cum
1693 2528 1917 2584 videret
1946 2541 2046 2583 eos

387 2615 664 2672 ﬂorentes
716 2616 778 2672 in
833 2617 1220 2676 confessione.
1263 2619 1389 2675 Huc
1446 2618 1603 2674 enim
1660 2619 1928 2690 spectant
1979 2630 2048 2672 ea

389 2705 566 2762 verba
595 2705 969 2762 Canticorum
1009 2725 1023 2763 :

463 2974 573 3030 Vox
598 2974 836 3030 turturis
865 2974 1064 3032 audita
1092 2986 1169 3034 est
1196 2979 1256 3033 in
1287 2986 1435 3034 terra
1461 2984 1670 3032 nostra.

451 3061 576 3118 Vox
631 3063 789 3121 enim
848 3065 1160 3123 clamantis
1221 3068 1332 3123 fuit
1387 3083 1714 3139 praecursor
1769 3065 1902 3135 iste,
1936 3063 2037 3138 qui

383 3153 630 3224 passeri,
662 3154 901 3222 turturi,
934 3156 1180 3212 dexteras
1212 3161 1606 3229 comparatur.

454 3243 621 3300 Ficus
645 3245 878 3314 protulit
913 3261 1125 3318 grossos
1171 3263 1296 3304 suos
1327 3228 1555 3304 {uineae
1598 3247 1796 3316 ﬂorent
1827 3262 1841 3302 :
1875 3244 2036 3301 dede-
2068 3228 2111 3296 C

385 3335 520 3388 runt
551 3332 789 3390 odorem.

454 3421 741 3478 Eumdem
791 3423 914 3479 haec
945 3425 1092 3480 forte
1141 3441 1382 3480 sensum
1431 3425 1650 3480 habent
1695 3441 1830 3480 cum
1864 3439 2039 3496 supe-

387 3509 663 3566 rioribus.
687 3511 888 3568 Ficum
920 3514 1076 3569 enim
1107 3530 1316 3570 rursus
1345 3513 1607 3586 intellige
1630 3518 1904 3570 naturam
1936 3513 2042 3568 hu-

389 3613 623 3654 manam
661 3617 673 3654 :
705 3602 976 3671 'grossos,
1024 3602 1334 3658 inferiores
1374 3601 1620 3659 virtutes
1670 3619 1683 3658 :
1734 3602 1882 3658 vites
1934 3601 2042 3656 ﬂo-

387 3691 604 3758 rentes,
636 3689 863 3746 animas
897 3707 1025 3763 quas
1057 3691 1116 3746 in
1150 3696 1309 3748 recta
1337 3692 1567 3747 vivendi
1599 3693 1826 3748 ratione
1857 3708 1924 3748 ac
1953 3692 2045 3747 via

382 3777 659 3849 progredi
683 3780 810 3850 jam
843 3783 1168 3852 coeperunt.

452 3867 647 3937 Surge,
680 3871 824 3937 veni,
852 3871 1173 3942 propinqua
1199 3886 1343 3942 mea,
1371 3873 1626 3942 formosa
1656 3887 1799 3941 mea,
1831 3869 2040 3927 colum-

383 3956 458 4012 ba
494 3973 638 4015 mea.

969 4050 1160 4106 Trium
1197 4051 1453 4106 Patrum.

452 4153 599 4209 Cum
631 4154 814 4226 igitur
843 4155 1127 4226 magistra
1166 4156 1367 4211 anima
1404 4157 1488 4212 ita
1518 4173 1580 4212 se
1611 4157 1671 4212 in
1703 4157 2046 4213 erudiendis

384 4241 855 4298 adolescentibus
887 4243 1264 4310 exercuisset,
1292 4245 1414 4315 jam
1448 4262 1575 4315 quas
1606 4246 1736 4318 ipsa
1766 4263 1799 4301 a
1829 4262 2047 4319 sponso

384 4329 675 4397 didicerit,
699 4335 926 4386 narrat:
945 4331 1301 4402 Respondet,
1326 4335 1621 4404 inquiens,
1647 4351 1828 4406 nepos
1856 4351 2046 4405 meus,

384 4417 488 4490 qui
520 4434 855 4474 sermonem
883 4418 1156 4476 videlicet
1201 4437 1399 4478 meum
1431 4423 1502 4478 ad
1533 4423 1860 4495 discipulae
1911 4440 2047 4495 pro-

385 4507 499 4563 fert
529 4524 542 4562 :
568 4509 884 4579 respondet
904 4507 1156 4564 dilectus
1183 4526 1372 4580 meus,
1397 4516 1456 4568 et
1481 4511 1624 4568 dicit
1644 4513 1791 4567 mihi
1816 4530 1829 4568 :
1853 4513 2048 4584 Surge,

2157 1905 2246 1972 ⁷Ιῷ
2278 1898 2594 1975 δριμυτάτῳ
2623 1901 2712 1956 καὶ
2763 1899 2984 1980 σφοδρῷ
3035 1906 3272 1976 χειμῶνι
3322 1907 3401 1973 τῷ
3457 1909 3558 1971 τῆς
3597 1900 3815 1974 πλάνης

2157 1989 2645 2065 Κρυσταλλωθεῖσα
2674 1992 2761 2046 καὶ
2799 1988 2997 2067 σχεδὸν
3029 1989 3485 2054 ἐναπολλυθεῖσα.

2153 2080 2242 2142 Τίς
2273 2080 2375 2156 γάρ
2407 2075 2678 2148 ἠλπίσάτό
2705 2101 2837 2136 ποτε
2865 2087 2964 2150 τῆς
2996 2080 3210 2151 πλάνης
3251 2080 3629 2151 σκοτιζούσης,

2157 2171 2354 2240 Τηρεῖν
2381 2167 2790 2243 ἐξομολίγησιν,
2825 2167 3114 2246 φυλάττειν
3137 2169 3518 2248 σωφροσύνην,

2155 2258 2503 2333 Ἐγκράτειαν
2538 2259 2887 2328 ἀσπάζεσθαι,
2917 2255 3097 2336 φιλεῖν
3123 2255 3469 2329 δικαιοσύνην

2155 2346 2310 2404 Ἀλλ’
2338 2345 2447 2416 ἤδη
2479 2351 2696 2411 πάντως
2723 2346 2960 2419 ἤνθηκεν
2987 2350 3021 2418 ἡ
3047 2355 3140 2423 γῆ.
3170 2349 3374 2402 Λοιπὸν
3403 2347 3623 2419 ἀνάστα,

2156 2435 2258 2492 Καὶ
2290 2433 2591 2490 σπούδασον
2625 2435 2676 2506 ἒξ
2707 2436 2910 2511 ἀρετῶν
2935 2437 3232 2508 στεφάνους
3265 2457 3350 2491 σοι
3380 2433 3680 2507 πλαγῆναι.

2156 2525 2252 2578 Καὶ
2287 2526 2492 2598 μάρτυς
2527 2525 2946 2602 ἀπαράγραπτος
2978 2525 3214 2603 ὑπάρχει
3245 2530 3353 2581 τῶν
3386 2525 3588 2581 ἀνθέων

2153 2615 2209 2668 Ὀ
2240 2611 2554 2689 πρόδρομος
2589 2621 2688 2683 τῆς
2719 2614 2966 2691 χάριτος,
3002 2613 3179 2691 λέγων
3215 2634 3228 2648 ⁶
3261 2620 3586 2671 Μετανοεῖτε
3610 2634 3626 2648 ⁶

2152 2706 2336 2765 ’Όστις
2365 2701 2610 2765 πολλοὺς
2640 2699 2893 2759 ἐϐάπτισε
2921 2708 3018 2759 τοῦ
3049 2705 3236 2780 γένους
3267 2708 3373 2760 τῶν
3408 2699 3698 2780 Ἐϐραίων,

2151 2791 2302 2850 Ἰδὼν
2335 2792 2530 2855 αὐτοὺς
2563 2793 2892 2864 ἀνθήσαντας
2925 2790 2976 2848 ἐν
3005 2791 3422 2871 ἐξομολογήσει.

2153 2881 2365 2940 Τούτου
2394 2884 2495 2957 γὰρ
2525 2883 2687 2957 χάριν
2720 2880 2932 2957 ε’ίρηκεν
2967 2883 2994 2936 6
3025 2880 3188 2959 λόγος
3216 2889 3324 2938 τῶν
3354 2883 3644 2957 Ἀσμάτων
3679 2903 3693 2918 ·

2223 2974 2389 3042 Φωνὴ
2421 2978 2521 3042 τῆς
2548 2974 2808 3046 τρυγόνος
2840 2972 3084 3043 ἠκούσθη
3119 2971 3172 3028 ἐν
3197 2976 3266 3046 τῇ
3297 2977 3370 3049 γῇ
3403 2976 3590 3046 ἡμῶν.

2151 3063 2315 3130 Φωνὴ
2353 3062 2591 3137 βοῶντος
2625 3063 2854 3132 πέφυκεν
2889 3061 2916 3116 6
2948 3059 3267 3138 πρόδρομος
3296 3063 3398 3139 γάρ
3423 3063 3604 3137 οὗτος,

2151 3153 2430 3226 Στρουθῷ,
2460 3151 2707 3228 τρυγόνι,
2734 3148 2890 3224 δεξιῷ
2922 3151 3299 3227 παρεικασθεὶς
3337 3157 3417 3225 τῷ
3449 3149 3623 3229 λόγῳ.

2221 3242 2281 3296 Ἡ
2314 3247 2448 3310 συκῆ
2483 3240 2732 3316 ἐξήνεγκε
2754 3239 2882 3302 τοὺς
2917 3239 3182 3304 ὀλύνθους
3212 3240 3398 3310 αὐτῆς.
3426 3241 3492 3296 Δὶ

2148 3328 2377 3404 ἄρπελοι
2408 3329 2776 3404 κυπρίζουσιν,
2809 3326 3012 3384 ἔδωκαν
3049 3329 3249 3402 ὀσμήν.

2148 3420 2322 3476 Τοῦτο
2352 3418 2546 3473 ταυτόν
2575 3439 2627 3472 τι
2657 3439 2861 3494 πεφυκε
2885 3417 3029 3492 τάχα
3058 3424 3174 3481 τοῖς
3203 3418 3589 3494 προρῥηθεῖσι.

2152 3513 2331 3576 Συκῆν
2363 3507 2463 3583 γὰρ
2493 3508 2646 3570 αὖθις
2681 3508 2881 3576 νόησον
2911 3508 3016 3576 τήν
3037 3507 3196 3586 φύσιν
3233 3512 3346 3563 τῶν
3379 3509 3702 3586 ἀνθρώπων,

2151 3597 2448 3657 Ὀλύνθους
2485 3594 2542 3652 δὲ
2573 3601 2680 3651 τῶν
2704 3596 2908 3670 ἀρετῶν
2939 3598 3034 3658 τὰς
3067 3593 3474 3673 ὑποδεεστέρας.

2152 3684 2460 3758 Ἀμπὲλους
2491 3685 2654 3740 πάλιν
2674 3686 2924 3762 γίνωσκε,
2959 3683 3211 3758 δέσποτα,
3242 3687 3630 3762 κυπριζούσας,

2154 3775 2348 3851 Ψυχὰς
2371 3775 2695 3850 προκόπτειν
2731 3773 2805 3836 εἷς
2837 3774 3006 3830 καλὸν
3040 3773 3402 3852 ἑναρξαμὲνας
3430 3772 3565 3846 ἤδη.

2221 3868 2470 3935 Ἀνάστα,
2525 3863 2668 3936 ἐλθὲ,
2727 3867 2762 3936 ἠ
2845 3865 3084 3937 πλησίον
3148 3880 3278 3940 μου,
3332 3865 3476 3938 καλή
3531 3887 3660 3939 μου,
3717 3887 3808 3922 πε-

2155 3957 2371 4037 ριστερά
2405 3978 2539 4029 μου.

2726 4049 2850 4104 Τῶν
2883 4047 2931 4121 γ’
2964 4043 3240 4119 Πατὲρων.

2224 4151 2383 4213 Οὕτω
2429 4156 2611 4210 τοίνυν
2673 4156 2706 4224 ἡ
2770 4150 3099 4214 διδάσκαλος
3155 4153 3310 4228 ψυχὴ
3373 4149 3812 4228 ἀπασχολήσασα

2157 4246 2351 4314 ἑαυτὴν
2406 4248 2472 4318 τῇ
2515 4241 2878 4314 δισδκσκαλίᾳ
2922 4247 3030 4298 τῶν
3086 4241 3566 4315 μαθητευομένων,
3625 4239 3821 4297 λοιπὸν

2158 4335 2289 4408 ἅπερ
2321 4333 2455 4402 αύτὴ
2493 4331 2748 4406 μανθάνει
2797 4331 2945 4405 παρά
2989 4334 3087 4386 τοῦ
3136 4329 3373 4408 νυμφίου
3404 4329 3565 4409 φησίν
3603 4348 3616 4362 ⁶
3649 4331 3824 4386 ’Δπο-

2153 4425 2391 4499 κρίνεται
2427 4425 2453 4477 ὀ
2509 4420 2803 4498 ἀδελφιδός
2859 4442 2963 4495 μου
2991 4441 3004 4456 ο
3057 4422 3199 4491 ἢτοι,
3235 4418 3372 4493 ἐμου
3415 4421 3552 4495 πρὸς
3581 4420 3679 4482 τὰς
3715 4441 3814 4493 μά-

2159 4514 2524 4587 θητευομένας
2585 4510 2922 4585 ποιουμὲνης
2989 4512 3079 4566 τὸν
3148 4507 3346 4586 λόγον,
3400 4508 3749 4585 ἀποκρίνεται
3787 4509 3816 4564 6

382 4602 530 4670 veni,
561 4603 878 4672 propinqua
909 4619 1034 4657 mea
1065 4620 1084 4658 :
1118 4603 1324 4660 docere
1366 4605 1570 4661 desine
1600 4622 1728 4676 quas
1759 4622 1793 4660 a
1825 4621 1916 4661 me
1946 4622 2049 4678 per

2166 4603 2438 4677 ἀγαπητός
2503 4623 2630 4675 μου,
2691 4602 2779 4656 καὶ
2860 4599 3005 4677 λέγει
3062 4617 3198 4673 μοι’
3261 4599 3512 4668 Ἀνάστα,
3570 4597 3741 4668 ἐλθὲ,
3777 4601 3814 4669 ἡ

384 4690 715 4746 naturalem
748 4691 1150 4764 scriptamque
1180 4691 1368 4766 legem
1394 4695 1676 4767 mysteria
1704 4695 1774 4749 ad
1805 4711 1900 4751 me
1931 4712 2059 4768 per.

382 4779 633 4835 tinentia
662 4784 836 4836 antea
866 4781 1159 4837 dedicisti.
1185 4783 1273 4837 Ab
1305 4783 1378 4840 iis
1408 4799 1801 4856 consurgens,
1825 4789 1887 4840 tu
1923 4802 2056 4856 qua:

384 4872 624 4941 propter
679 4869 1099 4942 perfectionem
1151 4887 1210 4928 es
1264 4874 1598 4946 propinqua
1647 4890 1801 4945 mea,
1852 4877 1923 4930 ad
1985 4891 2054 4932 ea

384 4958 674 5014 tradenda
705 4963 761 5016 te
791 4961 990 5016 confer
1035 4977 1160 5032 quae
1191 4978 1259 5017 ex
1290 4961 1412 5033 lege
1467 4967 1743 5020 constant
1773 4963 2052 5036 spiritali,

385 5052 443 5103 et
471 5046 562 5102 his
593 5047 764 5122 longe
796 5054 937 5106 sunt
975 5050 1409 5108 excellentiora.
1442 5053 1561 5126 Ego
1592 5054 1750 5109 enim
1784 5054 1882 5125 qui
1917 5071 2050 5110 sum

387 5128 597 5192 natura
627 5138 959 5195 immensus
998 5143 1056 5194 et
1103 5141 1390 5210 infinitus,
1427 5141 1610 5198 nullis
1660 5158 1924 5215 unquam
1959 5160 2049 5200 re-

386 5243 516 5282 rum
549 5243 617 5281 ex
648 5229 898 5284 materia
928 5230 1329 5285 constantium
1361 5231 1634 5287 terminis
1659 5232 2046 5304 comprehen-

386 5317 512 5371 dar.
546 5315 744 5386 Itaque
775 5321 833 5372 te
863 5334 1098 5390 semper
1127 5323 1359 5390 oportet
1386 5322 1459 5376 ad
1491 5320 1775 5377 ulteriora
1804 5327 2044 5379 conten-

382 5407 540 5460 dere.
572 5406 832 5461 Formosa
857 5423 1000 5477 mea,
1031 5408 1289 5465 columba
1318 5426 1462 5466 mea.
1498 5411 1779 5467 Formosa
1807 5412 2042 5482 quidem

385 5509 536 5563 mea,
565 5499 861 5566 quatenus
889 5497 1168 5569 operibus
1215 5502 1273 5555 et
1319 5499 1626 5573 praeceptis
1657 5501 2042 5574 exsequendis

454 5691 498 5726 ³¹
538 5689 752 5746 Matth.
785 5709 873 5760 ιιι,
901 5694 956 5749 2.

2166 4691 2403 4761 πλησίον
2463 4713 2586 4764 μου.
2635 4687 2858 4762 Δηλαδῆ
2904 4688 3187 4744 ἀνάνευσον
3248 4688 3356 4744 ἀπὸ
3419 4693 3516 4743 τοῦ
3548 4685 3822 4743 διδάσκειν

2163 4782 2230 4836 τὰ
2257 4783 2384 4856 παρ’
2413 4780 2548 4854 ἐμοῦ
2589 4778 2678 4836 διά
2717 4801 2776 4835 τε
2821 4783 2916 4834 τοῦ
2975 4783 3207 4856 φυσικοῦ
3263 4778 3356 4833 καὶ
3412 4782 3510 4834 τοῦ
3565 4780 3826 4851 γραπποῦ

2163 4873 2335 4945 νόμου
2366 4868 2801 4946 προδιδαχθὲντα
2858 4890 2943 4923 σοι
3001 4869 3124 4944 περὶ
3167 4869 3303 4941 ἐμοῦ
3355 4869 3647 4942 μυστήρια.
3699 4865 3818 4923 Κάκ

2160 4963 2366 5017 τούτων
2399 4961 2692 5038 ἐγερθεῖσα,
2749 4957 2873 5022 ἐλθὶ
2915 4956 3085 5014 πάλιν
3135 4957 3211 5020 εἰς
3266 4957 3329 5012 τὸ
3363 4955 3704 5012 διδάσκεσθαι
3733 4952 3826 5010 διὰ

2160 5055 2253 5106 τοῦ
2278 5053 2648 5123 πνευματικοῦ
2694 5047 2869 5121 νόμου
2910 5046 2978 5102 τὰ
3036 5042 3113 5102 ἔτι
3162 5045 3370 5102 τούτων
3431 5044 3816 5121 ὒπερκείμενα,

2158 5143 2192 5210 ἡ
2255 5136 2344 5195 διὰ
2398 5137 2724 5208 τολειότητα
2781 5135 2942 5211 ἐγγύς
3004 5157 3132 5210 μου.
3195 5135 3275 5193 Ού
3333 5135 3823 5212 περιγραφήσομαι

2155 5234 2256 5307 γάρ
2289 5230 2419 5284 ποτὲ.
2446 5249 2554 5284 τισι
2591 5224 2899 5300 μετουσίαις
2931 5223 2968 5294 ἤ
2998 5226 3249 5298 τὲρμασι,
3282 5225 3399 5278 κάτ’
3427 5223 3612 5278 οὐσίαν
3650 5222 3821 5293 ὑπάρο

2155 5341 2271 5397 χων
2325 5316 2546 5393 ἄπειρος
2599 5317 2687 5372 καὶ
2745 5315 3020 5390 ἀόριστος.
3076 5313 3174 5369 Καὶ
3235 5311 3325 5368 διὰ
3382 5311 3544 5369 τοῦτο
3596 5310 3716 5367 δὲον
3762 5333 3823 5368 σι

2153 5417 2267 5470 τοῖς
2320 5407 2620 5483 ἔμπροσθεν
2677 5405 2938 5477 διηνεκῶς
2989 5402 3408 5468 ὲπεκτείνεσθαι.
3467 5400 3619 5472 Καλή
3680 5422 3817 5474 μου,

2151 5499 2442 5577 περιστερά
2505 5519 2631 5571 μου.
2684 5495 2834 5566 Καλή
2881 5516 2986 5569 μου
3043 5495 3138 5568 μὶν
3187 5493 3261 5557 ὡς
3314 5489 3695 5570 κεκαθαρμένη
3730 5491 3827 5546 καὶ
