4110 6414
361 420 481 480 589

1423 417 1831 476 COMMENT.
1885 417 1958 472 IN
2005 414 2406 474 CANTICUM
2455 413 2759 474 CANTIC.

3665 417 3785 480 590

363 549 676 622 ὡραϊσμένη
735 550 805 620 τῇ
861 546 1046 620 πράξει
1096 550 1206 601 τῶν
1265 543 1527 600 ἰντολῶν·
1586 544 1876 620 περιστερά
1909 565 2013 616 μου

2131 545 2416 599 mundata
2444 561 2507 600 es
2537 546 2594 598 et
2639 544 2916 600 decorata
2947 562 2959 599 :
2993 544 3263 602 columba
3310 563 3464 618 vero,
3488 551 3785 621 quatenus

363 637 423 693 δὲ
479 638 555 699 ὡς
612 636 1000 714 πεφωτισμένη
1058 641 1176 697 τοῖς
1235 639 1334 689 τοῦ
1387 634 1649 709 παναγίου
1708 633 2019 706 Πνεύματος

364 725 718 803 χαρίσμασιν.
787 725 1016 781 Ἀνάστα
1074 721 1152 795 δί,
1212 725 1367 802 φησὶ,
1425 723 1514 777 καὶ
1547 723 1691 777 ἐλθὲ·
1726 722 1808 777 ὅτι
1841 720 2021 777 ἴδοὺὸ

365 817 582 892 χειμὼν
642 814 940 888 παρῆλθεν,
993 815 1224 888 ⁸Ἠγουν,
1261 811 1349 867 διὰ
1375 812 1542 867 τοῦτό
1591 833 1677 865 σοι
1737 810 2022 885 ἐγκελεύο-

371 929 466 982 μαι
521 905 816 983 ἐγείρεσθαι
890 903 970 960 ἀεὶ
1046 901 1151 959 ἂπὸ
1226 901 1455 977 ὑψηλῶν
1514 903 1886 978 θεωρημάτων
1949 901 2026 966 εἰς

371 995 704 1072 ὑψηλότερα,
764 995 901 1071 πρὸς
966 993 1250 1068 μετουσίαν
1309 996 1407 1048 τοῦ
1469 992 1859 1068 ὑπερκειμένου
1889 989 2023 1046 κάλ-

370 1084 504 1150 λους
553 1106 608 1140 σε
681 1083 1066 1162 ἐφελκόμενος,
1141 1082 1222 1137 ὅτι
1301 1083 1368 1137 τᾶ
1441 1081 1817 1158 χειμαζόμενοι
1877 1081 2023 1151 πάθη

374 1177 470 1244 τὴν
539 1175 725 1250 ψυχήν
763 1216 776 1243 ,
850 1173 940 1228 καὶ
1017 1172 1155 1247 πρὸς
1226 1173 1326 1242 τήν
1384 1173 1754 1245 πνευματικήν
1807 1169 2027 1246 πορείαν

378 1262 684 1330 κωλύοντα,
759 1264 1046 1338 γεγόνασιν
1132 1258 1400 1319 ἐκποδών.
1481 1265 1536 1314 Ὁ
1617 1261 1765 1315 ὑετὸς
1844 1257 2026 1328 ἀπῆλ-

376 1355 483 1422 θεν,
562 1353 829 1428 ἐπορεύθη
908 1353 1102 1424 ἑαυτῷ.
1179 1350 1450 1422 Δηλονότι
1516 1353 1550 1419 ἠ
1625 1346 1835 1426 σφοδρά
1897 1369 2025 1404 κατ-

373 1444 520 1518 αιγὶς
575 1447 684 1497 τῶν
745 1440 1021 1516 αἱρέσεων,
1087 1441 1173 1517 ὑφ’
1232 1440 1300 1508 ἧς
1353 1439 1443 1494 καὶ
1492 1439 1885 1512 ἁπησχόλησαι
1949 1438 2025 1511 μή

369 1538 769 1608 παρασυρῆναι,
803 1528 1007 1600 ἀπέστη
1041 1533 1110 1603 τῇ
1157 1530 1241 1606 ὑφ’
1309 1530 1511 1584 ἑαυτῶν
1542 1525 1838 1600 διαλλήλῳ
1889 1529 2028 1602 φθα-

370 1626 528 1696 ρεῖσα
584 1624 776 1698 φθορᾷ.
835 1619 916 1674 Τὰ
975 1615 1106 1688 ἄνθη
1168 1618 1324 1690 ὤφθη
1385 1617 1436 1672 ἐν
1495 1620 1563 1690 τῇ
1613 1620 1708 1691 γῇ.
1745 1617 1813 1672 Αἱ
1846 1615 2027 1692 ἀρεταὶ

371 1711 608 1774 πάντως,
665 1706 720 1762 ait
778 1705 936 1778 δίκην
995 1705 1302 1762 πολυειδῶν
1336 1728 1393 1761 τε
1435 1705 1525 1761 καὶ
1575 1703 1792 1760 εὐειδὼν
1826 1705 2025 1760 ἀνθέων

370 1800 471 1869 τήν
507 1799 692 1873 ψυχὴν
726 1795 1072 1873 ὡραίζουσιν,
1133 1795 1402 1867 ἀνέθηλαν
1435 1793 1487 1849 ἐν
1551 1794 1708 1868 σαρκὶ
1739 1795 1855 1848 κατ’
1881 1792 2027 1869 ἐνέρ-

371 1906 546 1964 γειαν’
592 1890 760 1941 ταῦτα
815 1883 872 1940 δὲ
923 1883 1256 1961 γεγόνασιν,
1333 1881 1626 1959 ἰπειδήπερ
1685 1884 1875 1959 καιρὸς
1927 1887 2026 1949 τῆς

369 1984 550 2051 τομῆς
605 1972 848 2054 ξ’ρθακεν,
908 1975 968 2039 ὃς
1022 1981 1123 2045 τῆς
1172 1972 1271 2029 τοῦ
1329 1978 1564 2048 Χριστοῦ
1621 1973 1673 2028 ἐν
1716 1973 1870 2050 σαρκὶ
1903 1971 2020 2028 ἐπι-

371 2064 572 2139 δημίας
632 2065 762 2121 ἐστί.
824 2064 969 2135 Φησὶ
1028 2065 1132 2141 γὰρ
1176 2063 1229 2119 ἐν
1289 2061 1642 2141 Εύαγγελίοις
1669 2062 1852 2124 αὐτός·
1907 2061 2022 2120 Οὐκ

370 2156 542 2226 ἦλθον
632 2153 816 2231 βαλεῖν
901 2155 1147 2229 εἰρήνην,
1222 2151 1372 2210 ἀλλὰ
1447 2153 1744 2229 μάχαιραν.
1813 2149 2016 2207 Ἷιλθον

367 2245 471 2320 γὰρ
541 2242 762 2321 διχάσαι
838 2246 1122 2321 ἄνθρωπον
1197 2244 1334 2299 κατὰ
1405 2246 1504 2298 τοῦ
1571 2243 1774 2320 πατρὸς
1829 2241 2019 2310 αὐτοῦ,

366 2335 455 2390 καὶ
523 2333 782 2408 θυγατέρα
839 2335 978 2389 κατὰ
1031 2340 1134 2404 τῆς
1200 2333 1405 2407 μητρὸς
1481 2330 1670 2405 αὐτῆς,
1734 2331 1824 2386 καὶ
1877 2330 2020 2404 νύμ-

370 2444 475 2500 φην
556 2425 688 2479 κατὰ
767 2431 867 2494 τῆς
937 2425 1194 2500 πενθερᾶς
1265 2423 1456 2487 αὐτῆς.
1537 2423 1836 2495 Τέμνονται
1916 2421 2018 2497 γὰρ

368 2510 456 2567 διὰ
513 2511 690 2568 πίστιν
747 2513 838 2568 καὶ
895 2512 1090 2589 ἀρετὴν
1125 2511 1273 2567 οὗτοι
1309 2511 1360 2566 οἱ
1391 2510 1568 2566 καινοὶ
1607 2514 1688 2582 τῷ
1717 2512 2020 2581 καινοποιῷ

364 2600 658 2674 υνεύματι,
696 2602 800 2656 ἀπὸ
829 2607 938 2657 τῶν
985 2599 1458 2674 πεπαλαιωμὲνων
1517 2598 1587 2674 τῇ
1648 2599 1871 2670 ἀπιστίᾳ
1925 2599 2018 2652 καὶ

364 2694 432 2765 τῇ
486 2691 667 2762 κακίᾳ.
700 2693 854 2747 Ὅθεν
883 2691 1104 2756 καὶτῆς
1151 2691 1342 2745 ἑαυτοῦ
1401 2689 1454 2744 ἰν
1511 2689 1668 2762 σαρκὶ
1719 2685 2016 2761 ἐπιδημίας

365 2779 574 2857 ἐπάγων
631 2782 732 2851 τὴν
787 2780 1106 2857 μαρτυρίαν,
1164 2781 1319 2856 φησί·
1374 2779 1538 2848 Φωνὴ
1602 2783 1700 2844 τῆς
1755 2777 2020 2854 τρυγόνος

362 2870 605 2942 ἠκούσθη
664 2869 714 2926 ἐν
781 2874 849 2945 τῇ
901 2875 968 2945 γῇ
1022 2873 1207 2944 ἡμῶν.
1265 2868 1508 2946 Τρυγόνα
1553 2869 1654 2944 γὰρ
1710 2866 1872 2923 καλεῖ
1926 2868 2016 2922 τὸν

361 2967 465 3030 τῆς
526 2961 718 3015 ἑαυτοῦ
771 2959 1069 3034 παρουσίας
1121 2961 1412 3036 προφήτην
1443 2959 1533 3013 καὶ
1572 2955 1910 3033 πρόδρομον,
1944 2957 2021 3020 ὡς

368 3049 632 3125 ἱρημικόν
659 3070 718 3104 τε
745 3048 834 3105 καί
866 3049 1142 3127 σώφρονα.
1193 3049 1270 3105 Οὔ
1303 3051 1338 3117 ἡ
1373 3048 1526 3124 φωνή
1581 3048 1644 3102 τὸ
1700 3051 1802 3111 τῆς
1856 3066 2018 3118 μετα-

362 3140 510 3202 νοίας
565 3138 676 3194 ἐστὶ
733 3141 1010 3216 κήρυγμα,
1071 3139 1204 3214 ὅπερ
1254 3135 1306 3192 ἕν
1337 3159 1447 3192 τισι
1492 3141 1600 3191 τῶν
1632 3140 1900 3209 σαρκικῶν
1931 3135 2020 3189 καὶ

359 3229 708 3306 φρονούντων
738 3229 805 3284 τὰ
831 3231 995 3304 γήϊνα
1024 3228 1294 3298 ἠκούσθη,
1353 3227 1426 3288 ὡς
1478 3228 1740 3281 πεισθεῖσι
1798 3229 1878 3297 τῷ
1924 3245 2022 3294 κη-

2133 633 2430 690 illustrata
2474 650 2538 690 es
2580 635 2751 689 donis
2782 635 3039 707 Spiritus
3082 638 3294 692 sancti.
3333 639 3510 708 Surge
3557 645 3786 707 autem,

2130 723 2348 794 inquit,
2382 731 2438 778 et
2467 725 2594 779 veni
2620 742 2641 779 :
2670 726 2941 796 quoniam
2970 742 3087 782 ecce
3116 726 3291 782 hiems
3319 729 3569 784 transiit.
3596 730 3788 794 Quare

2130 813 2373 868 trahens
2403 817 2461 868 te
2492 814 2563 868 ad
2615 830 2859 869 summae
2909 813 3373 886 pulchritudinis
3420 817 3789 873 communio-

2135 919 2294 970 nem,
2318 903 2590 974 principio
2623 904 2729 958 tibi
2757 909 2822 959 ut
2851 920 3082 976 surgas,
3114 909 3172 960 et
3201 923 3236 960 a
3265 905 3623 962 sublimibus
3648 923 3789 962 con-

2134 990 2601 1062 tenplationibus
2646 992 2716 1046 ad
2767 990 3139 1047 sublimiores
3185 991 3454 1049 exciteris
3485 993 3790 1064 :quando-

2136 1080 2375 1152 quidem
2446 1076 2954 1152 perturbationes,
3027 1097 3155 1153 quae
3221 1086 3505 1154 tanquam
3577 1081 3793 1138 hiemis

2137 1173 2518 1242 tempestates
2556 1170 2818 1226 animam
2858 1170 3132 1244 afﬂigunt
3159 1174 3218 1226 et
3245 1171 3318 1226 ab
3349 1171 3560 1228 itinere
3589 1170 3791 1243 prohi-

2136 1261 2278 1316 bent
2336 1259 2610 1331 spiritali,
2643 1258 2894 1316 sublataa
2941 1263 3102 1315 sunt.
3153 1260 3334 1316 Imber
3379 1261 3538 1328 abiit,
3569 1261 3797 1317 recessit

2135 1350 2265 1406 sibi.
2290 1351 2623 1405 Vehemens
2653 1349 2966 1418 hzsresum,
2999 1366 3032 1404 a
3063 1350 3278 1420 quibus
3308 1349 3634 1421 vexabaris,
3665 1365 3798 1423 pro.

2138 1438 2283 1496 cella
2313 1438 2504 1506 desiit,
2539 1455 2671 1495 cum
2696 1443 2902 1494 mutuo
2933 1438 3088 1495 inter
3108 1455 3171 1495 se
3201 1439 3476 1496 conﬂictu
3499 1455 3795 1513 oppressa

2139 1528 2519 1586 conciderint.
2559 1531 2668 1586 Viri
2695 1532 2820 1585 sunt
2849 1530 3012 1600 ﬂores
3060 1530 3122 1584 in
3169 1532 3339 1587 terra.
3375 1529 3634 1588 Virtutes
3666 1547 3797 1604 quae

2141 1624 2424 1692 tanquam
2455 1619 2601 1675 varii
2634 1624 2812 1692 atque
2860 1619 3086 1676 odorati
3119 1620 3294 1676 ﬂores
3339 1620 3600 1677 animam
3631 1638 3797 1678 exor-

2140 1717 2306 1774 nant,
2339 1710 2396 1764 in
2438 1724 2634 1776 carne,
2669 1709 2812 1764 dum
2854 1709 3029 1765 rectis
3071 1709 3402 1765 actionibus
3431 1715 3490 1766 et
3518 1712 3798 1783 operibus

2138 1798 2505 1868 excoluntur,
2565 1798 2913 1854 ﬂoruerunt.
2976 1798 3107 1854 Haec
3165 1803 3362 1855 autem
3422 1801 3576 1856 facta
3633 1803 3800 1869 sunt,

2141 1889 2410 1960 quoniam
2450 1896 2663 1959 tempus
2699 1889 3004 1959 putationis
3049 1888 3318 1944 advenit:
3351 1889 3509 1959 quod
3557 1889 3799 1961 quidem

2136 1983 2373 2049 tempus
2401 1981 2493 2032 est
2523 1977 2736 2033 Christi
2790 1979 3080 2033 adventus
3131 1978 3190 2032 in
3239 1994 3432 2034 carne.
3466 1979 3586 2035 Non
3615 1980 3799 2058 enim,

2130 2067 2328 2139 inquit
2368 2069 2494 2138 ipse
2539 2065 2598 2122 in
2650 2065 2999 2139 Evangeliis,
3029 2069 3157 2123 veni
3199 2069 3418 2124 mittere
3461 2083 3672 2139 pacem,
3703 2068 3800 2126 sed

2127 2155 2376 2228 gladium
2401 2173 2420 2210 :
2451 2156 2580 2211 veni
2606 2157 2761 2212 enim
2805 2171 3064 2228 separare
3093 2156 3373 2214 hominem
3401 2157 3662 2214 adversus
3691 2175 3797 2230 pa-

2129 2251 2267 2302 trem
2295 2263 2477 2314 suum,
2501 2252 2551 2301 et
2572 2245 2760 2317 filiam
2789 2246 3053 2302 adversus
3079 2249 3314 2303 matrem
3345 2263 3526 2315 suam,
3559 2255 3612 2304 et
3639 2264 3800 2320 spon-

2127 2352 2248 2391 sam
2274 2335 2536 2392 adversus
2554 2351 2770 2392 socrum
2791 2352 2952 2392 suam
2978 2337 3046 2392 39.
3072 2339 3178 2392 Am
3187 2341 3475 2408 putantur
3501 2337 3660 2393 enim
3695 2353 3802 2410 per

2128 2427 2305 2482 ﬁdem
2349 2431 2408 2481 et
2454 2426 2731 2480 virtutem
2780 2425 2877 2482 isti
2929 2426 3084 2498 novi,
3117 2426 3402 2499 aSpiritu
3451 2431 3794 2494 renovante,

2128 2516 2200 2571 ab
2232 2514 2306 2570 iis
2337 2514 2436 2586 qui
2468 2515 2528 2570 in
2559 2514 2908 2572 inﬁdelitate
2936 2521 2994 2572 et
3023 2515 3253 2572 malitia
3291 2515 3602 2572 inveterati
3631 2519 3791 2574 sunt.

2130 2605 2524 2670 Quamobrem
2579 2606 2870 2661 adventus
2900 2605 2994 2661 sui
3047 2605 3105 2662 in
3161 2622 3336 2662 carne
3387 2605 3795 2663 testimonium

2131 2695 2379 2750 aﬂ'erens
2413 2709 2426 2748 :
2467 2695 2596 2761 Vox,
2630 2693 2848 2766 inquit,
2879 2697 3124 2750 turturis
3166 2695 3363 2750 audita
3411 2703 3490 2751 est
3532 2697 3592 2750 in
3640 2704 3798 2752 terra

2128 2791 2336 2839 nostra.
2361 2783 2673 2839 Turturem
2701 2785 2969 2840 nominat
2998 2785 3285 2841 adventus
3315 2785 3407 2840 sui
3442 2784 3791 2857 praphetam

2131 2877 2188 2927 et
2219 2889 2661 2944 precursorem,
2713 2877 2916 2946 utpote
2969 2873 3302 2930 solitarium
3353 2877 3410 2930 et
3455 2874 3737 2946 pudicum
3779 2891 3794 2931 :

2129 2964 2302 3032 cujus
2331 2978 2442 3016 vox
2470 2967 2560 3017 est
2607 2962 2963 3034 poenitentiae
3017 2964 3369 3035 przedicatio,
3408 2979 3537 3035 quae
3569 2963 3629 3019 in
3659 2962 3796 3034 qui-

2133 3051 2384 3106 busdam
2433 3067 2638 3107 eorum
2669 3051 2766 3121 qui
2816 3052 3084 3108 carnales
3124 3057 3265 3108 sunt
3312 3056 3370 3109 et
3415 3058 3651 3109 terrena
3697 3069 3794 3109 sa-

2132 3140 2384 3211 piunt”,
2411 3141 2612 3195 audita
2641 3146 2752 3208 est,
2777 3157 2911 3196 cum
2938 3141 3023 3196 illi
3046 3141 3444 3212 praedicationi
3469 3142 3794 3214 paruerint,

2132 3233 2188 3284 et
2234 3229 2592 3300 baptismate
2650 3229 3002 3300 paenitentiae
3063 3229 3345 3302 baptizati
3403 3230 3546 3287 sint.
3597 3232 3797 3302 Itaque

353 3318 584 3393 ρύγματι
661 3317 862 3391 τούτῳ,
930 3317 1020 3372 καὶ
1112 3315 1398 3390 μετανοίας
1489 3317 1828 3390 βαπτισθεῖσι
1916 3309 2012 3389 βαί-

2132 3320 2313 3384 Ficus,
2345 3319 2559 3390 inquit,
2589 3320 2822 3390 protulit
2847 3336 3060 3390 grossos
3087 3335 3234 3376 suos.
3270 3319 3474 3375 Ficum
3508 3318 3672 3374 illam
3703 3319 3794 3374 in-

351 3429 578 3481 πτισμα.
637 3408 730 3462 Διὸ
783 3407 872 3464 καί
929 3429 1113 3485 φησιν.
1145 3409 1207 3464 Ἡ
1242 3413 1376 3476 συκῆ
1421 3405 1708 3476 ἐξήνθησεν
1741 3403 2008 3466 ὀλύνθους

348 3497 535 3567 αὐτῆς.
599 3504 776 3568 Συκῆν
827 3497 928 3574 γὰρ
957 3498 1057 3566 τὴν
1114 3497 1250 3572 μετά
1281 3500 1448 3551 ταῦτα
1479 3492 1549 3549 δι’
1576 3494 1846 3570 ἀκαρπίαν
1874 3504 2008 3557 καθ-

347 3586 626 3664 ηραμένην
709 3588 855 3662 παρὰ
937 3591 1172 3661 Χριστοῦ
1262 3585 1580 3662 συναγωγὴν
1664 3583 1810 3660 λέγει
1891 3586 2000 3638 τῶν

349 3674 646 3736 ’ίουόαίωνο
699 3676 820 3746 ἥτις
879 3674 1032 3748 δίκην
1094 3675 1337 3732 ὀλύνθων
1397 3673 1846 3749 προανισχόντων
1906 3676 2004 3727 τοῦ

351 3765 568 3824 τελείου
623 3770 852 3841 καρποῦ,
902 3766 994 3821 καὶ
1049 3766 1265 3842 ταχέως
1294 3765 1629 3832 πιπτόντων,
1660 3762 1790 3825 τοὺς
1814 3762 1876 3817 τὸ
1906 3765 2002 3816 τοῦ

354 3856 586 3913 Ιωάννου
672 3854 953 3932 βάπτισμα
1029 3855 1419 3931 βαπτισθίντας
1493 3850 1778 3917 ἆνὲθηλεν.
1833 3851 2001 3908 Οὗτοι

359 3943 454 4014 μὶν
483 3944 582 4018 γὰρ
611 3945 701 3998 τὸν
755 3945 962 4020 καρπὸν
1013 3940 1415 4013 προεδείκνυον,
1455 3945 1859 4016 προτυποῦντες
1919 3937 2008 3994 διὰ

356 4036 460 4086 τοῦ
483 4031 534 4085 ἐν
563 4031 712 4088 ὕδατι
749 4032 900 4106 μόνῳ
932 4033 1306 4109 βαπτίσματος
1336 4032 1400 4086 τὸ
1441 4031 1495 4086 ἐν
1544 4030 1682 4104 ἁγίῳ
1731 4029 2004 4102 Πνεύματι

358 4119 451 4175 καὶ
481 4120 607 4196 πυρὶ
666 4121 966 4197 βάπτισμα.
1015 4121 1185 4179 Αὐτοὶ
1237 4118 1296 4176 δὲ
1329 4121 1406 4182 εἷς
1435 4123 1596 4174 τοῦτο
1624 4118 1723 4174 οὒκ
1752 4113 2006 4196 ἔφθασαν,

355 4206 484 4263 ἀλλ’
508 4209 580 4271 ὡς
625 4212 695 4282 τῇ
745 4209 868 4285 περὶ
912 4211 1151 4286 Χριστοῦ
1185 4208 1458 4285 μαρτυρίᾳ
1484 4211 1581 4262 τοῦ
1614 4208 1867 4262 Ἰωάννου
1930 4207 2004 4279 μὴ

350 4296 726 4362 πιστεύσαντες
793 4305 895 4370 τῆς
956 4298 1033 4360 εἷς
1102 4297 1262 4354 αὐτὸν
1317 4297 1546 4372 Χριστὸν
1604 4295 1852 4366 ἐξέπεσον
1911 4294 2008 4349 πί-

351 4408 540 4451 στεως.
621 4389 686 4448 Αἱ
762 4386 1003 4462 ἄμπελοι
1078 4389 1241 4461 ἡμῶν
1326 4386 1704 4460 κυπρίζουσιν,
1799 4379 2006 4439 ἔδωκαν

351 4479 552 4553 ὀσμήν.
609 4479 924 4553 Ἀμπέλους
976 4478 1134 4536 καλεῖ
1163 4479 1260 4541 τάς
1292 4477 1344 4533 ἐν
1371 4483 1488 4539 τοῖς
1519 4471 1691 4540 ἔθνεσι
1723 4473 2008 4553 φυτευθεί-

352 4590 448 4632 σας
493 4573 572 4642 τῷ
611 4568 927 4645 κηρύγματι
981 4572 1077 4624 τοῦ
1133 4569 1370 4643 Χριστοῦ
1403 4566 1699 4636 ἇκκλησίας
1753 4569 1860 4619 τῶν
1916 4586 2011 4619 πι-

355 4660 687 4716 στευσάντων
736 4659 903 4732 αὐτῷ’
965 4658 1038 4714 ὦν
1098 4658 1407 4729 ἐκκλησιῶν
1470 4655 1604 4726 ἄνθη
1655 4651 2012 4730 προδεικτικὰ
2043 4683 2090 4747 D

355 4753 453 4804 τοῦ
496 4751 612 4805 κατ’
671 4751 864 4819 ἀρετὴν
904 4750 1187 4824 καρπίμου
1244 4750 1446 4814 αὐτῶν,
1506 4747 1557 4800 οἱ
1616 4744 2014 4820 προσενεγκόν-

356 4861 443 4903 τες
515 4847 734 4918 Χριστῷ
798 4840 947 4918 δῶρα
1001 4841 1051 4915 ἐξ
1113 4841 1422 4897 ’Δνατολῶν
1485 4839 1671 4915 μάγοι,
1731 4838 1783 4892 οἱ
1842 4856 2012 4912 προσ-

357 4931 650 5006 αγαγόντες
705 4931 856 5003 αύτῷ
910 4931 986 4996 ὡς
1045 4928 1263 5008 βασιλεῖ
1290 4929 1380 4984 καὶ
1446 4933 1581 5000 Θεῷ,
1635 4926 1724 4981 καὶ
1752 4924 1821 4980 δι’
1863 4928 2012 4998 ἡμᾶς

355 5024 551 5094 νεκρῷ,
611 5021 833 5097 χρυσὸν,
865 5021 957 5075 καὶ
1017 5014 1262 5089 λίϐανον,
1311 5017 1402 5072 καὶ
1455 5015 1716 5092 σμύρναν,
1747 5014 2015 5091 παρέχων’

354 5130 441 5172 τες
473 5115 588 5172 τοῖς
636 5111 740 5165 ὑπὸ
786 5115 884 5165 τοῦ
927 5110 1088 5184 ἁγίου
1121 5107 1437 5181 ΙΙνεύματος
1485 5105 1894 5180 ἐνεργουμὲνοις
1947 5105 2011 5161 τὸ

349 5206 453 5270 τῆς
511 5200 766 5275 γνώσεως
816 5199 1087 5276 χάρισμα,
1137 5195 1318 5270 εὐώδη
1375 5198 1554 5271 ὀσμὴν
1605 5201 1705 5262 τῆς
1744 5196 1818 5258 εἷς
1849 5196 2010 5252 αὐτὸν

353 5288 610 5362 Χριστὸν,
658 5289 893 5352 πίστεως
939 5292 1048 5343 τῶν
1101 5286 1286 5351 ἐθνῶν.
1340 5287 1438 5341 Διὰ
1466 5290 1636 5340 ταῦτα
1664 5290 1790 5359 γοῦν
1822 5304 2006 5362 φησιν·

353 5377 606 5450 ’Δνάστα,
666 5377 810 5448 ἐλθὲ,
871 5379 907 5446 ἡ
962 5375 1200 5448 πλησίον
1264 5397 1394 5449 μου,
1450 5374 1596 5445 καλή
1664 5396 1796 5448 μου,
1856 5395 2011 5450 περι-

355 5465 516 5542 στερά
577 5488 721 5540 μου.
795 5464 1018 5538 Δηλαδή
1069 5462 1244 5540 ἔγειρε
1296 5465 1403 5520 ἀπὸ
1457 5469 1556 5520 τοῦ
1596 5461 1866 5518 διδάσκειν
1923 5461 2013 5518 διὰ

356 5558 468 5610 τῶν
527 5549 580 5610 ἔν
637 5575 696 5610 τε
745 5559 814 5629 τῇ
873 5553 1026 5632 φύσει
1082 5554 1176 5609 καὶ
1229 5557 1309 5626 τῷ
1363 5556 1644 5628 γράμματι
1701 5551 1886 5607 τύπων
1917 5552 2008 5607 καὶ

2123 3408 2356 3482 teliigit,
2390 3409 2482 3464 cui
2534 3414 2740 3482 postea
2781 3409 3070 3480 Christus,
3105 3414 3344 3482 propter
3392 3409 3789 3466 infecundita-

2119 3506 2262 3570 tem,
2297 3499 2684 3556 maledixit“.
2735 3517 2944 3572 nempe
2995 3516 3358 3574 synagogam
3389 3501 3734 3557 Judaaorum
3775 3515 3790 3557 :

2120 3607 2248 3663 quas
2279 3589 2520 3662 quidem
2573 3595 2853 3659 tanquam
2903 3606 3142 3663 grossos
3185 3591 3288 3664 qui
3337 3595 3472 3648 ante
3520 3591 3783 3647 fructum

2118 3680 2442 3750 perfectum
2495 3684 2842 3747 nascuntur,
2876 3679 2977 3736 sed
3028 3679 3296 3736 celeriter
3343 3681 3650 3751 decidunt,
3683 3695 3786 3736 eos

2119 3767 2364 3838 protulit
2393 3768 2494 3839 qui
2523 3767 2770 3824 Joannis
2803 3769 3159 3840 baptismate
3197 3770 3477 3842 baptizati
3510 3775 3673 3826 sunt.
3707 3769 3783 3826 Hi

2119 3873 2374 3928 namque
2405 3859 2662 3912 fructum
2694 3874 2810 3929 prae
2842 3874 2905 3914 se
2937 3857 3224 3925 tulerunt,
3255 3875 3360 3931 per
3387 3859 3688 3931 baptisma
3717 3859 3779 3915 in

2118 3963 2273 4018 aqua
2316 3945 2461 4013 sola,
2507 3947 2751 4017 ﬁguram
2803 3947 3181 4020 baptismatis
3213 3947 3274 4003 in
3304 3948 3526 4020 Spiritu
3578 3951 3785 4004 sancto

2117 4041 2174 4091 et
2202 4035 2341 4108 igne
2371 4040 2893 4108 praemonstrantes
2927 4054 2941 4094 ε
2978 4038 3049 4093 ad
3083 4038 3236 4108 quod
3279 4041 3477 4093 tamen
3519 4037 3635 4108 ipsi
3667 4053 3786 4093 non

2117 4128 2550 4198 pervenerunt:
2601 4125 2819 4197 quippe
2869 4126 2970 4198 qui
3016 4125 3272 4182 Joannis
3319 4125 3660 4183 testimonio
3710 4126 3783 4182 de

2117 4215 2347 4272 Christo
2397 4232 2511 4270 non
2563 4215 2888 4282 credentes,
2923 4232 2957 4271 a
3006 4215 3120 4271 ﬁde
3169 4216 3228 4272 in
3279 4215 3579 4272 Christum
3625 4215 3784 4272 exci-

2117 4305 2352 4361 derunt.
2393 4305 2576 4361 Vineae
2612 4312 2808 4360 nostrae
2849 4306 3070 4376 ﬂorent,
3103 4305 3371 4362 dederunt
3401 4305 3646 4362 odorem.
3678 4305 3782 4360 Vi-

2121 4410 2262 4450 neas
2293 4398 2458 4450 vocat
2503 4392 2784 4449 ecclesias
2831 4395 3199 4450 credentium
3231 4395 3488 4464 Christo,
3519 4410 3651 4466 qua
3684 4409 3790 4466 per

2120 4481 2312 4554 ipsius
2356 4481 2832 4554 praedicationem
2867 4482 2926 4537 in
2959 4483 3238 4555 gentibus
3287 4483 3567 4554 plantatte
3601 4485 3742 4538 sunt
3777 4499 3793 4539 :

2120 4588 2371 4643 quarum
2415 4571 2798 4627 ecclesiarum
2847 4572 3042 4641 ﬂores,
3077 4573 3334 4629 fructum
3385 4589 3456 4628 ex
3509 4572 3656 4644 ipsis
3688 4587 3794 4642 per

2120 4661 2399 4716 virtutem
2429 4661 2694 4716 futurum
2728 4662 3195 4732 praanuntiantes
3222 4661 3576 4718 exstiterunt
3607 4659 3794 4733 Magi,

2123 4750 2222 4822 qui
2242 4767 2491 4806 munera
2508 4749 2742 4806 Christo
2760 4750 2832 4806 ab
2856 4751 3101 4806 orientis
3120 4750 3388 4822 partibus
3411 4750 3790 4818 advehentes,

2122 4840 2174 4896 ei
2208 4845 2272 4894 ut
2302 4839 2444 4912 Regi
2471 4845 2531 4895 et
2564 4841 2698 4910 Deo,
2723 4844 2781 4895 et
2822 4845 3064 4911 propter
3115 4857 3223 4896 nos
3269 4839 3527 4905 mortali,
3553 4853 3788 4908 aurum,

2123 4933 2181 4984 et
2213 4929 2372 4999 thus,
2405 4933 2463 4985 et
2493 4929 2793 5002 myrrham
2825 4928 3169 4984 obtulerunt
3199 4946 3211 4984 :
3247 4944 3488 4985 suavem
3521 4926 3788 4999 gentium

2123 5018 2259 5074 ildei
2289 5018 2348 5073 in
2377 5018 2572 5089 ipsum
2596 5017 2898 5074 Christum
2921 5019 3160 5074 odorem
3185 5018 3536 5074 exhibentes
3566 5015 3662 5084 iis,
3687 5015 3792 5087 qui

2123 5125 2157 5163 a
2184 5107 2407 5179 Spiritu
2449 5111 2651 5163 sancto
2701 5107 2964 5163 scientiae
2995 5107 3217 5164 donum
3268 5110 3411 5163 sunt
3461 5104 3791 5174 consecuti,

2120 5201 2434 5268 Propterea
2463 5197 2644 5253 dicit:
2669 5195 2849 5266 Surge
2874 5198 3021 5264 veni,
3050 5197 3370 5268 propinqua
3399 5211 3548 5267 mea,
3578 5197 3801 5267 formo-

2119 5304 2182 5342 sa
2209 5303 2355 5356 mea,
2399 5287 2656 5343 columba
2705 5303 2846 5342 mea.
2879 5287 3104 5343 Recede
3136 5285 3408 5342 videlicet
3433 5286 3506 5343 ab
3558 5303 3627 5342 ea
3675 5285 3786 5341 do-

2120 5377 2289 5432 cendi
2311 5377 2561 5444 ratione,
2585 5393 2713 5448 quae
2741 5375 2802 5432 in
2833 5375 3040 5449 ﬁguris
3071 5380 3127 5433 et
3149 5375 3378 5432 umbris
3401 5381 3533 5433 tum
3559 5379 3797 5432 natura!

2117 5471 2246 5522 tum
2293 5465 2502 5522 litterae
2523 5466 2881 5532 continetur,
2908 5469 2967 5521 et
2986 5466 3122 5522 veni
3167 5467 3240 5522 ad
3278 5482 3348 5522 ea
3374 5465 3643 5522 docenda
3666 5479 3797 5536 quae

2119 5554 2366 5627 spiritus
2394 5559 2554 5623 sunt,
2585 5557 2820 5627 propter
2853 5560 3013 5610 luam
3045 5554 3120 5611 ad
3157 5570 3250 5610 me
3283 5553 3792 5627 propinquitatem

437 5777 486 5814 ⁸³
513 5775 722 5845 Matth,
751 5791 810 5846 ι,
841 5773 932 5834 34.
1005 5774 1051 5811 ³³
1080 5771 1335 5846 Philipp.
1368 5787 1453 5844 in,
1486 5769 1575 5828 19.
1652 5771 1698 5808 ³⁸
1726 5770 1905 5828 Marc.
1936 5787 2017 5844 xx,
2049 5770 2138 5844 13,
2167 5770 2258 5827 21.
