4110 6436
337 409 449 470 591

1676 397 2094 459 MICHAELIS
2139 398 2413 459 PSELLI

3635 397 3754 459 592

331 540 588 614 Spiritus
631 537 820 595 sancti
871 534 1218 592 muneribus
1265 534 1556 590 decorata.
1590 534 1635 588 A
1684 548 1778 588 me
1827 530 1967 588 enin

2100 533 2286 585 σκιῶν.
2348 528 2452 585 Καὶ
2506 526 2631 583 ἐλθὲ
2684 527 2761 590 είς
2812 529 2874 582 τὸ
2906 524 3242 583 διδάσκεσθαι
3295 526 3360 582 τά
3387 531 3484 582 τοῦ
3516 527 3753 601 πνεύμα-

333 630 568 699 longius
601 626 1039 700 quodammodo
1080 623 1322 694 recedis,
1352 624 1493 678 dum
1527 623 1586 677 in
1619 621 1825 694 ﬁguris
1855 621 1986 676 des-

333 719 534 776 cendis
566 719 638 774 ad
685 715 1009 788 discipulas
1056 713 1432 781 erudiendas,
1467 713 1670 783 eisque
1722 711 1985 766 nondum

331 827 400 866 ea
431 826 558 882 quae
586 808 833 880 spiritus
858 809 995 862 sunt
1026 803 1506 876 percipientibus,
1529 817 1708 857 sensu
1741 799 1986 872 pulchra

329 900 568 968 videris,
617 913 730 952 non
785 895 1018 967 spiritu.
1070 892 1290 948 Deinde
1337 891 1603 963 exposita
1649 907 1850 954 causa,
1881 905 1987 944 cur

327 991 404 1058 ei,
439 992 502 1044 ut
531 988 603 1044 ad
636 1004 698 1042 se
741 985 981 1054 veniret,
1017 981 1388 1054 praecepisset
1420 997 1432 1036 :
1470 980 1778 1035 advenisse
1823 977 1981 1034 enim

326 1086 562 1150 tempus
593 1077 878 1131 adventus
901 1073 993 1128 sui
1022 1072 1084 1128 in
1116 1087 1290 1126 carne
1314 1088 1326 1125 :
1349 1070 1730 1141 quamobrem
1754 1068 1984 1124 dicebat

329 1170 506 1225 etiam
530 1164 837 1237 discipulis
862 1163 988 1218 suis
1012 1177 1024 1217 :
1047 1163 1498 1230 Surgite,eamus
1516 1161 1648 1214 hinc
1662 1159 1707 1192 ³⁵
1727 1174 1739 1212 :
1759 1161 1982 1229 quanta

327 1274 463 1314 cum
502 1255 720 1310 ﬁducia
748 1252 941 1308 venire
985 1252 1054 1306 ad
1107 1267 1168 1306 se
1215 1250 1441 1315 debeat,
1476 1265 1588 1303 non
1639 1246 1976 1302 declaravit.

325 1347 608 1413 Quocirca
629 1359 785 1400 nunc
807 1343 983 1397 etiam
1016 1339 1159 1395 illud
1184 1339 1421 1411 exponit
1449 1355 1460 1394 :
1497 1338 1560 1392 Et
1593 1339 1737 1402 veni,
1771 1337 1976 1393 colum-

327 1439 397 1494 ba.
425 1453 548 1492 mea
574 1436 637 1490 in
665 1435 901 1504 tegmine
937 1434 1130 1502 petrae.
1165 1428 1408 1493 Quando
1441 1431 1496 1482 te
1527 1424 1829 1498 discipula:
1861 1441 1977 1480 non

325 1529 676 1598 sequuntur,
724 1539 827 1594 per
873 1536 967 1576 res
1015 1517 1327 1576 sensibiles
1377 1517 1682 1571 docentem
1731 1530 1800 1570 ea
1849 1531 1976 1584 quas

324 1616 572 1687 spiritus
621 1617 792 1675 sunt;
843 1609 994 1680 veni,
1022 1613 1084 1664 tu
1144 1605 1451 1680 spirilalis,
1498 1621 1648 1673 mea,
1683 1603 1785 1676 qui
1841 1619 1974 1658 sum

322 1701 733 1767 immutabilis,
778 1696 1115 1770 evangelica
1161 1695 1430 1750 doctrina
1471 1699 1745 1749 servata:
1780 1692 1865 1748 sic
1913 1695 1978 1747 ut

325 1811 441 1848 non
474 1792 787 1847 abhorreat
817 1806 850 1844 a
880 1790 1306 1860 praeceptorum
1340 1784 1486 1856 legis
1513 1783 1746 1854 scriptae
1776 1782 1975 1838 obser-

322 1883 574 1939 vatione.
611 1882 726 1936 Lex
754 1879 912 1935 enim
943 1877 1165 1946 scripta
1211 1875 1399 1930 instar
1449 1870 1872 1944 propugnaculi
1903 1871 1977 1925 ab

325 1973 626 2028 actionum
659 1968 817 2024 vitiis
865 1965 1308 2038 pramuniebat,
1341 1969 1398 2018 et
1429 1963 1648 2034 ﬁguras
1696 1962 1977 2016 duntaxat

323 2059 586 2117 veritatis
626 2058 974 2114 ostendebat
1007 2071 1018 2109 :
1054 2055 1270 2126 quibus
1302 2053 1504 2108 ordine
1542 2052 1614 2107 ad
1665 2050 1974 2123 perfectio-

324 2167 459 2206 nem
505 2149 588 2205 ita
628 2146 1002 2212 tendebatur,
1031 2150 1096 2198 ut
1147 2143 1394 2198 actionis
1425 2142 1664 2213 quidem
1696 2140 1972 2196 vitiorum

322 2239 750 2312 purgationem,
784 2236 1045 2307 ipsarum
1077 2231 1255 2289 etiam
1295 2231 1714 2302 cogitationum
1748 2229 1973 2300 impro-

317 2330 525 2384 barum
558 2324 1152 2396 ablutio,[igurarum
1183 2326 1379 2377 autem
1411 2317 1970 2391 contemplationem

316 2417 602 2490 spiritalis
641 2415 713 2472 ad
740 2413 1046 2470 veritatem
1095 2410 1386 2483 provectio
1437 2413 1800 2481 sequeretur.
1834 2408 1968 2471 Quae

313 2507 552 2578 quidem
579 2506 748 2561 docet
775 2502 867 2559 lex
895 2501 1140 2573 spiritus
1171 2517 1183 2555 :
1210 2500 1586 2571 Evangelium
1614 2497 1882 2554 videlicet
1909 2499 1967 2552 in

313 2612 428 2667 quo
460 2594 718 2666 tegimur
739 2611 773 2647 a
793 2589 1050 2664 spiritali
1085 2594 1268 2661 petra,
1295 2588 1416 2660 qui,
1445 2592 1508 2643 ut
1529 2588 1700 2643 divus
1723 2586 1799 2642 ait
1821 2589 1969 2658 Apo-

310 2685 500 2742 stolus
521 2683 876 2752 3°,Christus
924 2684 1034 2736 est.
1061 2679 1155 2734 Sic
1186 2679 1368 2751 igitur
1416 2694 1696 2748 sponsam
1726 2693 1963 2744 vocans,

309 2775 453 2846 quid
496 2773 773 2843 deinceps
803 2770 959 2840 velit,
993 2769 1251 2825 ostendit
1285 2786 1296 2824 :
1333 2767 1612 2822 nimirum
1647 2771 1711 2823 ut
1743 2767 1964 2822 umbris

309 2862 579 2919 doctrina
610 2860 812 2916 relicta
841 2859 899 2914 in
931 2857 1141 2930 spiritu
1173 2863 1231 2912 et
1260 2857 1501 2913 veritate
1545 2855 1618 2911 ad
1651 2872 1714 2911 se
1741 2855 1960 2912 veniat.

2097 638 2188 679 τος
2215 615 2301 672 διὰ
2328 619 2427 687 τὴν
2480 619 2616 694 πρὸς
2651 617 2748 690 ἐμὲ
2796 617 3062 694 ἐγγύτητα
3119 617 3436 691 ὡραῖσμὲνη
3495 640 3587 691 μοι
3632 625 3748 681 τοῖς

2096 713 2192 762 τοῦ
2236 708 2501 785 παναγίου
2563 708 2880 781 Πνεύματος
2929 707 3311 784 ἐνεργήμασιν.
3367 711 3453 766 Ἐν
3514 711 3596 773 οἷς
3648 710 3747 784 γὰρ

2093 797 2296 870 τρόπον
2364 798 2484 852 τινὰ
2561 797 2806 872 μικρύνῃ
2862 797 2953 853 ἀπ’
3002 797 3139 870 ἐμοῦ
3202 804 3320 863 τοῖς
3375 799 3602 872 τύποις,
3662 797 3751 854 διὰ

2092 886 2186 948 τὰς
2269 888 2707 960 μαθητευομένας
2768 882 3269 963 συγκαταϐαίνουσα
3305 935 3320 960 ,
3390 887 3442 943 ἐν
3503 889 3750 959 αἱσθήσει

2091 975 2233 1046 καλή
2264 978 2353 1032 καὶ
2386 977 2447 1032 ού
2479 976 2766 1050 πνεύματι,
2819 978 3040 1041 ταύταις
3099 976 3302 1046 δοκεῖς,
3355 978 3430 1039 ὡς
3493 979 3567 1051 μή
3627 998 3745 1054 χωσ-

2092 1064 2312 1134 ρούσαις
2342 1065 2407 1120 τὰ
2433 1070 2530 1120 τοῦ
2562 1064 2891 1138 πνεύματος.
2927 1069 3058 1123 Εἶτα
3095 1064 3283 1135 ἐπειδὴ
3308 1068 3406 1136 τὴν
3436 1066 3529 1139 μὲν
3575 1067 3747 1122 αἰτίαν

2091 1150 2327 1224 ὑπέδειξε
2360 1151 2428 1208 δι’
2462 1156 2527 1223 ἦν
2565 1155 2838 1228 ἀπῄτησεν
2872 1155 3038 1223 αὐτὴν
3073 1157 3171 1223 τὴν
3206 1155 3343 1230 πρὸς
3375 1154 3533 1210 αὐτὸν
3583 1154 3746 1212 ἐπαν-

2089 1241 2320 1312 έλευσιν,
2373 1242 2587 1315 διδάξας
2630 1243 2915 1322 ἐφθακέναι
2963 1246 3056 1300 τὸν
3102 1245 3291 1321 καιρὸν
3323 1248 3422 1314 τῆς
3479 1244 3531 1300 ἐν
3587 1247 3743 1321 σαρκὶ

2087 1332 2386 1408 ἐπιδημίας
2437 1336 2624 1404 αὑτοῦ,
2673 1338 2788 1400 καθ’
2839 1339 2899 1404 ἣν
2932 1337 3020 1392 καὶ
3053 1339 3191 1409 πρὸς
3217 1336 3346 1400 τοὺς
3378 1337 3609 1399 οἰκείους
3643 1360 3745 1411 μα-

2089 1425 2254 1494 θητᾶς
2319 1423 2472 1502 ἔλεγε
2534 1426 2618 1481 τό·
2700 1426 3037 1502 Ἐγείρεσθε,
3106 1425 3327 1502 ἄγωμεν
3387 1425 3625 1490 ἐντεῦθεν
3680 1428 3744 1483 τὸ

2089 1511 2164 1586 δί,
2221 1513 2273 1569 ἐν
2328 1516 2456 1587 ποίᾳ
2511 1515 2779 1593 ἀσφαλείᾳ
2838 1513 2920 1571 δεῖ
2976 1517 3114 1592 πρὸς
3163 1517 3319 1573 αὐτὸν
3392 1516 3592 1586 ταύτην
3645 1516 3744 1574 ἐλ-

2308 1606 2407 1661 ούκ
2483 1605 2750 1680 ἐδήλωσε,
2832 1613 2919 1662 νῦν
3003 1608 3093 1662 καὶ
3168 1608 3368 1678 ταύτην
3447 1607 3748 1682 διδάσκων,

2359 1697 2454 1751 Καὶ
2531 1696 2654 1752 ἐλθὲ
2728 1697 2811 1768 σὺ,
2893 1699 3182 1772 περιστερά
3261 1719 3387 1771 μου,
3463 1696 3514 1753 ἐν
3574 1698 3742 1773 σκέπῃ

2536 1789 2806 1863 Ἐχόμενα
2867 1792 2963 1843 τοῦ
3022 1788 3528 1863 προτειχίσματος·
3591 1788 3740 1858 ἤτοι,

2088 1611 2220 1678 θεῖν,

2087 1696 2268 1773 φησὼ·

2084 1794 2183 1856 τῆς
2238 1789 2435 1863 πέτρας
2471 1831 2482 1844 .

2007 1913 2053 1977 Β
2087 1873 2274 1945 ἐπειδή
2333 1897 2416 1930 σοι
2485 1877 2559 1949 μὴ
2588 1876 3045 1931 ἐπακολουθοῦσιν
3105 1878 3160 1931 αἱ
3220 1875 3628 1951 διδασκόμεναι,
3663 1875 3742 1932 δι-

2085 1962 2356 2039 δασκούσῃ
2412 1968 2610 2028 ταύτας
2640 1963 2727 2020 διὰ
2754 1971 2861 2020 τῶν
2922 1965 2973 2020 ἐν
3008 1966 3252 2036 αἰσθήσει
3311 1967 3376 2021 τὰ
3426 1971 3524 2022 τοῦ
3581 1965 3742 2021 πνεύ-

2086 2074 2275 2126 ματος,
2335 2053 2458 2118 ἐλθὲ
2514 2055 2597 2123 σὸ,
2631 2057 2666 2123 ἡ
2707 2057 3071 2128 πνευματικὴ,
3099 2059 3168 2129 τῇ
3199 2054 3306 2128 ἐμῇ
3338 2059 3433 2109 τοῦ
3463 2056 3732 2130 ἀτρίπτου

2082 2141 2404 2218 εὖαγγελικῇ
2462 2141 2808 2220 παιδαγωγίᾳ
2855 2143 3234 2221 φυλαττομένῃ
3287 2143 3606 2208 ἀκολούθως
3664 2146 3736 2216 τῇ

2079 2231 2214 2286 κατὰ
2263 2231 2357 2293 τὰς
2388 2231 2616 2296 ἐντολάς
2643 2236 2740 2287 τοῦ
2764 2237 3008 2308 γραπτοῦ
3037 2229 3211 2306 νόμου
3270 2232 3620 2311 προφυλακῇ.
3674 2234 3735 2292 Ὀ

2079 2318 2183 2394 γὰρ
2236 2321 2474 2394 γραπτὸς
2524 2320 2693 2393 νόμος
2754 2321 3216 2396 προτειχίσματος
3267 2319 3420 2392 δίκην
3471 2321 3578 2377 ἀπὸ
3623 2325 3734 2377 τῶν

2077 2408 2192 2462 κατ’
2257 2406 2523 2483 ἆνὲργειαν
2581 2413 2766 2473 παθῶν
2818 2407 3214 2488 προεφύλαττε,
3248 2409 3498 2472 καὶτοὺς
3527 2410 3736 2474 τύπους

2081 2496 2240 2569 μόνον
2274 2505 2373 2566 τῆς
2407 2495 2664 2569 ἀληθείας
2700 2495 3012 2569 ἐδείκνυειν,
3035 2501 3118 2564 οἷς
3146 2497 3446 2554 ἀκόλουθον
3479 2500 3614 2574 πρὸς
3644 2520 3733 2556 τε·

2078 2583 2356 2657 λειότητα,
2413 2592 2480 2660 τῇ
2516 2588 2610 2660 μὶν
2645 2585 2897 2661 καθάρσει
2954 2593 3062 2642 τῶν
3121 2595 3238 2643 κατ’
3293 2587 3563 2663 ἐνέργειαν
3623 2609 3725 2644 πα-

2076 2680 2206 2744 θῶν,
2239 2679 2273 2745 ἡ
2305 2677 2389 2731 καὶ
2426 2675 2599 2731 αὐτῶν
2633 2681 2739 2731 τῶν
2777 2674 3024 2732 ἐναντίων
3086 2675 3390 2751 ἐπιθυμιῶν
3445 2675 3727 2742 ἕκπλυσις·

2072 2769 2140 2839 τῇ
2174 2763 2231 2821 δε
2284 2767 2485 2841 θεωρίᾳ
2539 2771 2644 2821 τῶν
2701 2766 2910 2838 τύπων,
2969 2769 3003 2838 ἡ
3064 2766 3116 2822 ἐν
3173 2767 3439 2840 πνεύματι
3472 2769 3729 2844 ἀναγωγή

2071 2855 2206 2930 πρὸς
2284 2856 2452 2924 αὐτὴν
2527 2857 2626 2925 τήν
2703 2855 3001 2926 ἀλήθειανο
3075 2859 3208 2932 ἅπερ
3269 2859 3296 2912 ὁ
3363 2859 3729 2932 πνευματικὸς

313 2948 554 3005 διδάσκει
583 2947 774 3022 νόμος,
816 2947 1030 3007 πάντως
1059 2946 1121 3000 τὸ
1155 2942 1507 3018 Εὐαγγὲλιον,
1541 2942 1592 2998 ἐν
1622 2943 1668 3015 ᾦ
1700 2943 2009 3016 σκεπόμεθα
2038 2947 2184 3021 παρὰ
2214 2950 2445 3019 Χριστοῦ
2474 2952 2575 3014 τῆς
2605 2950 2976 3019 πνευματικῆς
3015 2945 3237 3021 πὲτρας,
3281 2947 3417 3002 κατὰ
3447 2948 3536 3002 τὸν
3582 2953 3724 3011 θεῖον

310 3036 639 3096 ἀπόστολον.
671 3038 858 3098 Οὕτως
891 3034 982 3090 οὖν
1013 3032 1240 3095 καλέσας
1269 3033 1459 3104 αὐτὴν,
1489 3033 1540 3088 τί
1576 3032 1836 3108 βούλεται
1868 3033 2082 3102 λοιπὸν,
2114 3034 2176 3090 τὸ
2205 3034 2403 3105 ταύτην
2444 3035 2762 3090 καταλιπεῖν
2795 3036 2857 3089 τὸ
2889 3033 3156 3090 διδάσκειν
3187 3037 3254 3091 τὰ
3290 3039 3388 3106 τῆς
3429 3043 3606 3109 σκιᾶς,
3637 3035 3729 3093 καί

309 3128 576 3202 πνεύματι
606 3127 695 3182 καὶ
728 3125 955 3197 ἀληθείᾳ
984 3123 1156 3180 ἐλθεῖν
1191 3123 1326 3199 πρὸς
1358 3122 1542 3193 αὐτὸν,
1575 3122 1756 3200 φησίν.

719 3217 963 3276 Ostende
990 3215 1136 3271 mihi
1160 3216 1359 3286 faciem
1391 3223 1560 3270 tuam.

377 3315 564 3366 Tuam
589 3307 774 3376 illam,
799 3305 1127 3363 secundum
1155 3303 1475 3376 imaginem
1500 3319 1690 3358 meam
1713 3307 1772 3358 et
1799 3303 1959 3358 simi-
1990 3291 2032 3356 C

307 3400 640 3464 litudinem,
673 3402 868 3467 retege
925 3394 1132 3449 faciem
1183 3409 1248 3449 ac
1299 3393 1548 3448 formam
1599 3391 1960 3461 spiritalem;

304 3505 484 3561 quam
519 3493 582 3542 ut
612 3486 786 3541 rudes
816 3482 1117 3554 discipulae
1167 3485 1408 3553 possent
1438 3481 1722 3554 aspicere,
1754 3481 1961 3553 ﬁguris

303 3577 568 3635 veritatis
598 3580 654 3630 et
679 3573 826 3628 velis
857 3569 1183 3627 contexisti.

655 3663 816 3718 Sonet
847 3677 950 3718 vox
978 3665 1074 3716 tua
1104 3661 1166 3714 in
1195 3659 1423 3715 auribus
1453 3660 1609 3716 meis.

381 3760 529 3810 Dum
563 3769 792 3809 mecum
844 3748 1192 3823 spiritaliter
1234 3749 1503 3806 versaris.
1536 3749 1748 3804 Vocem
1797 3748 1956 3805 enim

306 3845 599 3917 magistra;
645 3843 853 3898 animm
903 3841 1150 3911 spiritus
1182 3839 1419 3910 quidem
1453 3839 1616 3895 ducit
1662 3839 1732 3894 ad
1785 3855 1956 3893 aures

304 3933 536 3991 Domini
572 3951 585 3989 :
618 3933 794 3988 verba
839 3936 1035 3986 autem
1067 3934 1124 3985 et
1154 3929 1409 3985 litteram
1441 3929 1659 4001 quibus
1706 3927 1956 3999 simplex

301 4024 360 4080 in
393 4023 602 4096 spiritu
647 4039 840 4079 sermo
872 4018 1196 4076 concrescit
1225 4021 1608 4091 compositus,
1636 4019 1850 4090 perfert
1879 4018 1950 4074 ad

299 4131 473 4170 aures
505 4111 880 4169 discentium.

797 4291 907 4343 Vos
934 4289 1087 4343 enim
1125 4293 1222 4343 tua
1251 4286 1449 4341 dulcis.
1535 4292 1539 4295 ’

367 4379 564 4435 Dulcis
595 4377 876 4451 profecto,
908 4393 1044 4432 eum
1083 4393 1153 4432 ea
1200 4373 1540 4447 pronuntiet
1568 4389 1693 4446 quae
1725 4375 1794 4432 ad
1827 4375 1948 4448 spi-

292 4469 474 4526 ritum
506 4468 822 4541 pertinent.

800 4557 864 4611 Et
892 4555 1064 4626 facies
1094 4561 1192 4612 tua
1223 4553 1434 4611 decora.

361 4647 587 4720 Quippe
616 4663 747 4719 quae
777 4642 1012 4701 Domini
1056 4645 1305 4701 formam
1339 4647 1549 4714 servat,
1580 4649 1637 4701 et
1667 4645 1942 4704 manibus
1974 4668 2019 4732 Ι)

288 4737 546 4810 Spiritus
575 4739 664 4793 est
692 4737 992 4792 exornata.
1337 4811 1341 4814 γ

360 4827 553 4898 Surge,
584 4826 1044 4898 veni,propinqua
1071 4841 1216 4896 mea,
1236 4827 1476 4896 formosa
1508 4840 1657 4894 mea,
1679 4823 1942 4882 columba

286 4933 416 4974 mea
425 4957 436 4972 .

1016 5005 1205 5060 Psellz'.

355 5095 614 5166 Hujusce
645 5095 933 5152 sermonis
964 5093 1426 5166 signiﬁcationes
1454 5111 1604 5167 saepe
1636 5094 1894 5151 diximus
1920 5113 1934 5151 :

279 5185 457 5241 verba
513 5203 641 5257 quas
698 5186 976 5257 deinceps
1033 5188 1398 5256 sequuntur,
1457 5185 1932 5257 interpretemur.

279 5277 324 5332 Ο
356 5275 538 5346 virgo,
573 5275 787 5348 inquit,
821 5275 1017 5330 anima
1059 5273 1398 5346 purissima,
1430 5291 1606 5346 surge
1637 5275 1708 5331 de
1739 5274 1930 5347 lapsu,

277 5370 334 5421 et
389 5364 504 5420 huc
560 5366 722 5436 veni,
782 5363 1052 5420 alacriter
1107 5367 1338 5432 tamen,
1400 5367 1456 5420 et
1513 5364 1674 5419 nulla
1733 5369 1932 5420 coacta

275 5453 647 5520 necessitate,
706 5454 808 5509 sed
865 5453 1064 5509 volens
1123 5471 1189 5510 ac
1249 5453 1481 5510 lubens.
1542 5453 1665 5510 Non
1728 5454 1926 5525 invita,

275 5543 540 5616 inquam,
571 5545 672 5600 sed
724 5543 876 5600 ultro
905 5544 1056 5600 veni.
1090 5543 1182 5600 Sic
1219 5545 1377 5600 enim
1429 5543 1666 5600 omnino
1717 5545 1786 5601 ad
1839 5561 1929 5601 me

347 5743 392 5778 ³⁵
420 5743 590 5802 Joan.
622 5759 738 5810 xw,
769 5742 860 5798 51.
936 5743 980 5778 ³⁵
1013 5745 1033 5797 Ι
1066 5746 1192 5799 Cor.
1225 5759 1282 5814 Χ,
1315 5743 1366 5796 4.

2534 3215 2714 3286 Δεῖξόν
2752 3236 2845 3288 μοι
2875 3215 2972 3285 τὴν
3006 3211 3128 3288 ὄψιν
3163 3235 3279 3272 σου.

2141 3303 2367 3378 ”Ηγουν,
2401 3302 2745 3378 ἀνακάλυψόν
2782 3326 2876 3377 μοι
2904 3306 2994 3360 τὸν
3039 3305 3156 3359 κατ’
3204 3304 3388 3360 εἰκόνα
3441 3304 3578 3378 ἄμην
3636 3305 3724 3360 καὶ

2072 3392 2336 3466 ὁμοίωσιν
2388 3395 2752 3466 πνευματικόν
2812 3415 2906 3448 σου
2966 3401 3289 3470 χαρακτῆρα
3323 3438 3336 3463 ,
3401 3393 3459 3449 δν
3516 3392 3607 3449 διὰ
3661 3396 3725 3452 τὸ

2070 3483 2254 3538 θεατὸν
2313 3488 2430 3543 ταῖς
2493 3485 2958 3557 μαθητευομέναις
3012 3483 3301 3558 γενέσθαι,
3380 3485 3571 3547 τύποις
3626 3486 3723 3553 τῆς

2066 3570 2326 3641 ἀληθείας
2354 3572 2443 3627 καὶ
2477 3567 2784 3646 συμϐόλοις
2815 3571 3210 3648 συνεκάλυψας.

2388 3663 2485 3716 Καὶ
2517 3662 2800 3718 ἀκούτισόν
2835 3685 2903 3736 με
2927 3666 3029 3733 τήν
3064 3665 3246 3742 φωνήν
3280 3685 3396 3721 σου.

2139 3751 2222 3805 Ἐν
2298 3756 2375 3823 τῷ
2432 3756 2808 3824 πνευματικῶς
2882 3752 3222 3828 ἐντυγχάνειν
3267 3774 3384 3824 μοι,
3442 3755 3548 3822 Τήν
3618 3754 3718 3828 γάρ

2064 3842 2249 3916 φωνὴν
2306 3848 2405 3910 τῆς
2457 3839 2788 3897 διδασκάλου
2847 3845 3032 3917 ψυχῆς
3091 3843 3154 3898 τὸ
3187 3843 3281 3914 μὶν
3315 3847 3530 3916 πνεῦμα
3591 3843 3718 3898 ἀνά-

2061 3950 2147 4003 γει
2197 3932 2332 4006 πρὸς
2385 3931 2451 3984 τά
2507 3933 2618 3985 ὦτα
2668 3931 2906 4006 Κυρίου·
2973 3933 3040 3986 τὰ
3107 3929 3164 3986 δὶ
3238 3931 3458 4007 ῥήματα
3510 3931 3600 3986 καὶ
3654 3932 3718 3987 τὸ

2058 4021 2305 4094 γράμμα,
2367 4022 2445 4082 οἷς
2500 4022 2527 4074 ὁ
2588 4020 2794 4083 ἁπλοῦς
2827 4022 2880 4075 εν
2911 4022 3176 4094 πνεύματι
3210 4019 3374 4096 λόγος
3414 4023 3715 4097 παχύνεται

2059 4109 2451 4183 συντιθέμενος,
2501 4111 2722 4185 κατάγει
2773 4112 2908 4187 πρὸς
2951 4111 3019 4166 τὰ
3051 4112 3163 4166 ὦτα
3187 4115 3294 4166 τῶν
3330 4111 3713 4185 μαθητευομί-

2064 4219 2194 4255 νων.

2530 4290 2652 4345 Ὀτι
2683 4291 2718 4358 ἠ
2751 4291 2903 4366 φωνή
2941 4309 3036 4344 σου
3067 4286 3248 4358 ἡδεῖα.

2128 4373 2353 4447 Δηλαδή
2380 4375 2605 4454 γλσκεῖα
2635 4377 2710 4441 ὠς
2733 4379 2799 4434 τὰ
2828 4383 2924 4434 τοῦ
2955 4377 3264 4453 πνεύματος
3297 4380 3672 4456 φθεγγυμὲνη.

2546 4558 2643 4614 Καὶ
2671 4562 2705 4630 ἠ
2739 4553 2862 4634 ὄψις
2893 4580 2989 4614 σου
3021 4558 3216 4636 ὡραία.

2121 4652 2210 4713 Ὧς
2257 4651 2349 4706 τὸν
2399 4651 2725 4708 Δεσποτικὸν
2770 4652 3017 4720 σώζουσα
3049 4654 3392 4728 χαρακτῆρα,
3445 4651 3533 4707 καὶ
3590 4655 3712 4716 ταῖς

2052 4741 2208 4816 χερσὶ
2239 4740 2661 4814 καθωραϊσμὲνη
2691 4743 2788 4794 τοῦ
2820 4739 3158 4813 Πνεύματος.

2123 4830 2371 4898 Ἀνάστα,
2405 4826 2550 4897 ὶλθὶ,
2582 4830 2616 4898 ἡ
2649 4827 2882 4899 πλησίον
2921 4850 3050 4902 μου,
3078 4827 3222 4900 καλή
3259 4849 3386 4902 μου,
3420 4830 3710 4904 περιστερά

2054 4938 2180 4992 μου.

2748 5005 2998 5065 Ψελλοῢ.

2115 5095 2322 5152 Τούτου
2353 5094 2626 5160 πολλάκις
2657 5095 2881 5170 εἷ’πομεν
2908 5101 3005 5153 τοῦ
3037 5094 3206 5172 λόγου
3226 5098 3321 5160 τὰς
3354 5096 3632 5175 ἒμφάσεις·

2047 5186 2252 5262 Λόγους
2285 5187 2478 5242 λοιπὸν
2511 5187 2637 5249 τοὺς
2662 5187 2851 5265 ἐφεξῆς
2881 5189 3479 5266 προσεφερμηνευτὲον,

2046 5277 2111 5330 Ὦ
2142 5275 2562 5352 παρθενεύουσα,
2595 5277 2782 5346 φησὶν,
2817 5279 2970 5352 ψυχὴ
3005 5278 3388 5354 καθαρωτάτη,

2043 5367 2331 5435 Ἀνάστηθι
2360 5370 2457 5421 τοῦ
2481 5367 2800 5438 πτώματος,
2833 5365 2922 5420 καὶ
2956 5363 3135 5438 δεῦρο,
3181 5365 3330 5436 πλὴν
3374 5365 3699 5442 προθύμως,

2040 5456 2156 5512 Οὐκ
2188 5455 2238 5526 ἐξ
2269 5455 2506 5531 ἀνάγκης
2541 5452 2596 5509 δέ.
2625 5477 2793 5522 τινος,
2824 5453 2952 5510 ἀλλ’
2985 5456 3206 5529 ἑκουσίᾳ
3234 5456 3449 5532 γνώμῃ.

2040 5547 2196 5618 Φημὶ
2222 5547 2321 5622 γὰρ
2355 5542 2536 5618 δεῦρο,
2567 5543 2842 5601 τουτέστιν
2876 5545 3158 5610 ἑκουσίως.
