4110 6388
384 443 505 503 593

1431 432 1842 494 COMMENT.
1890 429 1970 490 IN
2017 427 2418 489 CANTICUM
2462 429 2768 489 CANTIC.

3694 428 3819 488 594

372 571 533 631 Οὕτω
593 567 652 625 δὲ
708 565 925 630 πάντως
1007 566 1147 642 πρὸς
1234 565 1333 639 ἰμὶ
1388 565 1488 634 τήν
1547 564 1747 637 πέτραν
1781 609 1796 636 ,
1851 560 1984 639 φησῖ

2152 560 2648 633 accedes,petram
2673 559 2878 633 utique
2907 560 3207 616 Christum
3236 559 3369 616 vitai
3401 560 3774 633 sempiternas
3798 567 3812 607 ε

1704 652 1970 729 [φθάσεις,

382 754 590 827 ¹’Πγουν
620 750 718 818 τήν
743 748 940 823 πέτραν
970 745 1062 801 τὸν
1096 744 1325 819 Χριστὸν
1357 748 1501 813 ζωῆς
1525 749 1624 812 τῆς
1655 740 1899 812 αἰωνίου,

377 840 519 898 Ἀπὸ
548 839 645 894 τοῦ
675 834 1142 913 προτειχίσματος
1183 837 1279 888 τοῦ
1308 831 1648 888 παλαιτάτου
1677 831 1872 902 νόμου,

382 934 489 985 Τοῦ
521 929 774 1003 σύνεγγυς
803 926 1169 1001 τυγχάνοντος
1199 929 1298 992 τῆς
1338 922 1537 996 πέτρας
1573 914 1863 994 μεταϐᾶσα.

382 1021 650 1093 ’Ἔρχεται
680 1017 782 1092 γάρ
817 1016 891 1076 ὡς
924 1013 1172 1084 ἀληθῶς,
1200 1010 1443 1067 τουτέστι
1483 1008 1829 1085 προσεγγίζει

382 1111 497 1177 Τῆς
560 1104 760 1179 πέτρας
813 1105 876 1158 τὸ
948 1101 1340 1178 προτείχισμα,
1395 1100 1485 1155 καὶ
1575 1099 1708 1173 μάθε
1789 1097 1878 1152 καὶ
1950 1096 2043 1151 τὸν

1701 1185 1922 1262 [τρόπον
1953 1205 1966 1218 ⁶

385 1284 766 1361 Προτείχισμα
806 1280 865 1338 δὲ
894 1281 1111 1358 λέγεται
1151 1278 1313 1350 δῆθεν
1345 1280 1374 1333 6
1404 1277 1576 1334 πάλαι
1605 1280 1796 1351 νόμος.

373 1377 547 1452 Πέτρα
580 1372 638 1430 δὲ
668 1373 828 1428 πάλιν
861 1371 1104 1448 ἀρραγὴς
1138 1373 1173 1440 ἡ
1207 1369 1299 1424 νέα
1325 1367 1584 1439 διαθήκη.

375 1464 480 1520 Κᾶν
512 1463 742 1519 δοκῶσιν
778 1457 969 1535 ἔξωθεν
1004 1459 1269 1531 ἀλλήλων
1301 1456 1610 1535 ἀφεστάναι,

368 1557 428 1609 '0
457 1555 633 1627 νόμος
663 1554 690 1607 6
724 1551 1019 1613 Μωσαϊκὸς
1048 1551 1138 1605 καὶ
1175 1550 1202 1604 6
1234 1553 1340 1603 τῶν
1380 1546 1754 1622 Εύαγγελίων,

372 1642 536 1701 Ἀλλ’
569 1644 722 1716 ὅμως
753 1641 889 1696 κατὰ
923 1637 1152 1712 δύναμιν
1183 1635 1459 1708 ἀλλήλοις
1491 1640 1895 1711 συνεργοῦνται.

382 1733 450 1791 Τί
485 1731 586 1807 γάρ
618 1731 760 1786 ἐστιν
791 1728 1082 1806 ἐγγύτερον
1115 1724 1284 1783 τῶνδε
1312 1730 1419 1781 τῶν
1453 1724 1834 1799 κελευσμάτων
1864 1743 1876 1794 ;

376 1824 435 1876 Ὁ
466 1819 706 1882 παλαιὸς
734 1821 1021 1893 νομοθετεῖ
1049 1817 1221 1890 νόμος
1250 1817 1312 1871 τὸ
1347 1816 1422 1889 μὴ
1460 1815 1762 1891 μοιχεύειν,

376 1907 538 1967 Ἀλλ’
569 1910 598 1963 6
629 1907 814 1984 παρὼν
848 1906 939 1962 καὶ
981 1907 1101 1970 καθ’
1133 1907 1280 1978 ἡμᾶς
1316 1905 1343 1958 6
1371 1910 1478 1960 τῶν
1522 1901 1894 1980 Εὐαγγελίων,

376 1998 480 2056 Καὶ
512 1997 680 2053 πάλιν
713 1995 1051 2074 ἐγκελεύεται
1080 1994 1292 2067 τέμνειν
1326 1994 1638 2068 ἐπιθυμίαν.

375 2090 614 2150 Ἐκεῖνος
647 2085 695 2142 δ’
724 2085 789 2141 αὗ
820 2086 1044 2162 ἀπέχειν
1071 2105 1128 2140 σε
1159 2087 1449 2159 νομοθετεῖ
1476 2089 1572 2140 τοῦ
1604 2082 1793 2163 φόνου,

373 2179 439 2237 ’0
479 2175 538 2232 δὲ
573 2174 702 2250 μηδ’
733 2175 880 2238 ὅλως
910 2176 1046 2250 πρὸς
1079 2174 1244 2251 όργήν
1278 2177 1542 2238 κινεῖσθαι
1587 2171 1926 2249 δογματίζει.

381 2267 447 2324 Ei
479 2264 536 2322 δὶ
566 2270 746 2337 ζητεῖς
771 2265 863 2320 καὶ
895 2258 1144 2340 πρόϐατα
1171 2263 1261 2319 καὶ
1289 2258 1544 2318 Σάϐϐατα
1564 2261 1653 2318 καὶ
1687 2262 1899 2339 Πάσχα,

381 2356 486 2417 Τὰς
513 2357 736 2433 φανερὰς
763 2355 853 2409 καὶ
882 2355 1141 2428 σαρκικάς
1174 2351 1378 2408 ἐκείνου
1410 2349 1697 2424 διατάξεις,

384 2443 482 2500 Καὶ
509 2445 658 2508 ταῦθ’
690 2445 944 2520 εὑρήσεις
979 2443 1032 2498 ἐν
1066 2444 1215 2516 αὐτῷ
1243 2446 1621 2516 πνευματικῶς
1659 2441 1960 2516 ἐγκύπτων.

376 2535 438 2590 Ἣ
463 2532 632 2608 πέτρα
655 2533 755 2610 γὰρ
787 2533 1133 2606 πνευματικὴ
1166 2532 1216 2586 κ’
1247 2530 1308 2586 οὗ
1341 2531 1538 2607 χοϊκὸς
1571 2531 1598 2584 6
1637 2535 1852 2606 τοῖχος.

378 2619 542 2678 Ἀλλ’
570 2622 932 2696 ἂκουσώμεθα
956 2618 1150 2675 λοιπὸν
1178 2623 1285 2676 τῶν
1322 2619 1509 2699 ἐφεξῆς
1535 2617 1818 2696 ῥημάτιον,

371 2709 690 2785 ’Δπόκρισιν
721 2710 826 2787 γὰρ
859 2706 1077 2764 δίδωσιν
1106 2711 1141 2779 ἠ
1172 2708 1357 2785 νύμφη
1399 2712 1480 2781 τῷ
1509 2709 1754 2787 νυμφίῳ.

449 2842 630 2914 Δεῖξόν
717 2864 812 2917 μοι
893 2845 992 2912 τὴν
1069 2837 1191 2917 ὄψιν
1267 2862 1388 2914 σου,
1446 2843 1533 2896 καὶ
1609 2841 1894 2898 ἁκούτισόν
1964 2863 2032 2917 με

370 2937 472 3005 τήν
547 2937 734 3010 φωνήν
815 2956 932 3007 σου,
992 2933 1075 2990 ὅτι
1146 2936 1182 3004 ἡ
1236 2935 1388 3012 φωνή
1451 2954 1547 2988 σου
1609 2931 1768 3003 ἡδεῖα
1831 2935 1923 2990 καὶ
1990 2938 2025 3005 ἡ

1513 3019 1661 3097 [ὄψις
1695 3045 1790 3079 σου
1831 3024 2023 3099 ὡραία.

373 3132 583 3202 Μηκέτι
620 3152 715 3205 μοι
744 3129 1116 3206 προσομιλῇς,
1153 3130 1286 3206 φησὶ
1319 3129 1452 3186 καλὶ
1482 3130 1702 3209 νυμφίε,

367 3219 467 3274 Διά
496 3240 658 3273 τινων
692 3223 1048 3297 προφητικῶν
1082 3219 1172 3273 καὶ
1203 3223 1447 3290 νομικῶν
1480 3212 1734 3294 βιϐλίων,

2155 648 2682 722 apropugnaculo,
2735 667 2768 705 a
2805 649 2983 705 veteri
3043 648 3191 721 lege,
3253 667 3379 722 quae
3438 654 3616 722 petrae
3675 667 3813 706 con-

2148 741 2356 812 juncta
2404 744 2514 808 est,
2568 741 3011 796 lranscendens.
3062 739 3234 795 Venit
3283 739 3441 795 enim
3489 755 3622 796 vere
3657 757 3670 795 :
3702 740 3814 796 hoc

2156 834 2266 896 est,
2315 829 2751 902 appropinquat
2795 830 2865 884 ad
2923 833 3096 900 petras
3165 827 3699 901 propugnaculum.
3751 830 3816 886 Et

2156 918 2315 973 disce
2345 918 2521 974 etiam
2571 919 2835 973 modum.
2892 917 3409 990 Propugnaculum
3444 925 3642 973 autern
3673 935 3816 975 sane

2154 1007 2372 1062 dicitur
2411 1008 2651 1078 antiqua
2678 1007 2769 1063 lex
2803 1027 2815 1063 :
2852 1011 3016 1079 petra
3044 1024 3178 1062 vero
3211 1006 3420 1074 solida,
3447 1023 3662 1062 novum
3694 1012 3814 1064 tes-

2154 1101 2511 1153 tamentum.
2545 1104 2624 1152 Ac
2655 1098 2926 1169 quamvis
2978 1097 3284 1152 videantur
3315 1095 3469 1152 inter
3499 1113 3562 1152 se
3591 1095 3814 1153 distare

2153 1185 2246 1242 lex
2279 1187 2556 1254 Mosaica,
2605 1192 2662 1242 et
2711 1186 3086 1258 Evangelium
3114 1207 3127 1255 ;
3160 1187 3379 1241 virtute
3423 1190 3619 1241 tamen
3672 1203 3810 1243 con-

2153 1280 2370 1331 sonant
2401 1280 2577 1347 atque
2620 1276 2768 1332 inter
2799 1292 2860 1330 se
2909 1279 3262 1345 congruunt.
3315 1276 3461 1341 Quid
3507 1276 3666 1330 enim
3715 1276 3810 1333 bis

2153 1365 2459 1436 praeceptis
2506 1370 2694 1436 potest
2745 1381 2873 1420 esse
2936 1365 3356 1435 conjunctius?
3403 1365 3663 1436 Antiqua
3703 1366 3809 1433 lex

2150 1459 2307 1508 vetat
2338 1453 2690 1509 adulterium
2729 1471 2740 1508 :
2779 1454 3157 1526 Evangelium
3217 1459 3483 1524 amputat
3515 1454 3808 1526 cupidita-

2152 1548 2293 1599 tem.
2326 1543 2450 1603 Illa.
2486 1548 2551 1598 ut
2581 1561 2614 1598 a
2661 1544 2816 1599 caede
2863 1543 3187 1609 abstineas,
3209 1543 3382 1614 jubet
3416 1560 3428 1597 :
3465 1543 3573 1598 hoc
3605 1543 3808 1616 prohi-

2151 1633 2268 1700 bet,
2305 1649 2375 1688 ne
2400 1650 2642 1704 prorsus
2674 1633 2971 1689 irascaris.
3007 1634 3168 1698 Quod
3213 1635 3262 1691 si
3295 1633 3509 1704 quaeris
3561 1636 3619 1688 et
3650 1649 3808 1701 oves,

2151 1727 2208 1777 et
2237 1723 2576 1790 Sabbata,et
2599 1723 2980 1794 Pascha,quae
3012 1722 3133 1779 illic
3164 1723 3492 1778 secundum
3525 1738 3764 1778 carnem
3794 1748 3808 1792 ;

2150 1810 2246 1866 hic
2278 1813 2609 1867 secundum
2661 1812 2960 1884 spiritum,
3008 1813 3055 1868 si
3117 1813 3456 1881 attenderis,
3520 1812 3805 1868 invenies.

2071 1935 2116 1998 B
2151 1900 2327 1971 Lapis
2376 1901 2532 1956 enim
2579 1901 2882 1974 spiritalis,
2935 1919 3053 1957 non
3106 1907 3304 1958 autem
3355 1906 3652 1968 terrenus,
3711 1906 3802 1958 est

2146 1988 2357 2060 paries.
2390 1991 2519 2057 Sed,
2555 2007 2682 2063 quae
2715 1996 3050 2064 sequuntur
3077 1993 3274 2059 verba,
3301 1992 3425 2064 jam
3459 1992 3796 2047 audiamus.

2145 2081 2370 2149 Sponsa
2399 2079 2557 2136 enim
2589 2081 2906 2153 respondet
2936 2097 3173 2153 sponso.

2213 2849 2442 2907 Ostende
2497 2847 2644 2905 mihi
2693 2849 2907 2920 faciem
2965 2857 3160 2904 tuam:
3199 2855 3355 2905 sonet
3408 2863 3514 2904 vox
3577 2859 3676 2906 tua
3732 2852 3792 2907 in

2138 2941 2372 2996 auribus
2400 2941 2536 2995 meis
2566 2963 2580 3000 ;
2611 2954 2716 2995 vox
2745 2941 2891 2994 enim
2917 2943 3012 2994 tua
3052 2938 3250 3008 dulcis,
3272 2945 3325 2994 et
3348 2941 3522 3010 facies
3570 2943 3666 2996 tua
3694 2939 3790 2997 de-

2133 3045 2282 3085 cora.

2206 3141 2282 3191 Ne
2315 3151 2545 3191 mecum
2578 3135 2906 3207 amplius,o
2937 3152 3149 3208 sponse
3179 3137 3452 3202 formose,
3487 3137 3788 3209 perlibros

2134 3225 2424 3295 quosdam
2457 3225 2833 3296 propheticus
2888 3230 2947 3280 et
2995 3224 3212 3298 legales
3262 3225 3599 3297 colloquare
3634 3242 3646 3279 :
3682 3228 3785 3282 sed

363 3306 520 3364 Ἀλλ’
552 3309 627 3372 ὡς
656 3305 769 3378 ἔξόν
808 3329 900 3381 μοι
936 3307 1133 3384 βλέψαι
1165 3329 1242 3380 σε,
1274 3307 1364 3363 καὶ
1409 3315 1506 3377 σῆς
1541 3315 1726 3384 φωνῆς
1773 3309 1992 3366 ἀκοῦσαι

2141 3314 2279 3371 mihi
2346 3314 2544 3370 videre
2591 3319 2647 3368 te
2696 3313 2901 3382 liceat,
2951 3319 3009 3370 et
3072 3329 3272 3370 vocem
3323 3319 3485 3369 tuam
3538 3315 3786 3384 audire;

362 3397 684 3454 Ἀκούτισόν
761 3419 828 3470 με
895 3399 993 3466 τὴν
1069 3397 1282 3475 φωνὴν,
1352 3397 1442 3452 καὶ
1512 3395 1684 3468 δεῖξόν
1755 3421 1847 3471 μοι
1923 3403 2022 3470 τήν

1833 3489 2020 3561 [θείαν.

363 3575 433 3634 Εἴ
459 3573 561 3653 γὰρ
592 3572 751 3645 ἡδεῖα
775 3575 1007 3653 πέφυκεν
1041 3574 1183 3630 οὕτω
1213 3575 1301 3630 καὶ
1333 3573 1642 3651 γλυκυτάτη

358 3668 434 3723 ‘H'
459 3666 527 3734 σὴ
560 3666 714 3742 φωνή
745 3667 1104 3742 προφητικῶς
1136 3667 1269 3736 ἡμῖν
1304 3665 1369 3733 ἦν
1403 3665 1718 3739 ἡχουμὲνη,

362 3754 652 3809 Κάντεῦθεν
681 3752 748 3822 ἥν
781 3773 878 3807 σου
914 3751 1189 3826 βλέπομεν
1225 3748 1346 3826 ὄψιν
1377 3753 1449 3814 ὠς
1481 3753 1531 3807 ἐν
1566 3755 1875 3829 κατόπτρῳ,

357 3845 678 3922 Ὡραιοτάτη
712 3843 917 3922 πέφυκε
946 3843 1037 3898 καὶ
1067 3842 1540 3914 πανευειδεστάτη,

360 3942 428 3989 Ὶὶ
455 3935 696 3989 ποταπὸν
722 3935 1045 4004 καθέστηκεν
1074 3935 1135 3988 τὸ
1166 3932 1372 3996 κάλλος
1401 3940 1497 4003 τῆς
1530 3940 1628 4003 σῆς
1661 3936 1802 4004 ϐίας,

369 4024 469 4082 Καὶ
498 4031 594 4094 τῆς
622 4028 804 4099 φωνῆς
839 4025 867 4079 6
899 4023 1220 4099 γλυκασμὸς
1254 4023 1470 4096 ἀμέσως
1511 4022 1830 4101 δεδεγμένος
1859 4030 1871 4084 !

369 4115 601 4171 Ἤκουσε
628 4115 724 4183 τὴν
760 4111 1106 4189 παράκλησιν
1133 4120 1234 4182 τῆς
1264 4112 1485 4189 νύμφης
1515 4115 1542 4168 δ
1582 4115 1836 4193 νυμφίος,

364 4209 458 4267 Ὃς
489 4201 700 4277 μᾶλλον
733 4203 916 4279 ὥσπερ
943 4203 1131 4257 ἑαυτὸν
1165 4203 1238 4264 εἷς
1267 4203 1573 4281 τούμφανὶς
1603 4202 1881 4274 δεικνύων,

363 4293 592 4367 Πρῶτον
620 4292 697 4355 εἷς
729 4290 898 4367 ἄγραν
922 4296 1181 4367 παρορμᾷ
1207 4291 1334 4355 τοὺς
1369 4294 1656 4369 θηρευτὰς,
1687 4295 1775 4350 καὶ
1820 4295 1971 4372 λὲγει
2000 4319 2012 4333 ο

434 4424 670 4479 Πιάσατε
748 4427 885 4497 ἡμῖν
975 4423 1265 4486 ἀλώπεκας
1357 4425 1585 4501 μικροὺς
1667 4427 2016 4505 ἀφανίζοντας

359 4511 714 4587 ἀμπελῶνας,
785 4512 874 4568 καὶ
951 4513 1006 4568 αἱ
1074 4509 1317 4586 ἄμπελοι
1400 4517 1562 4586 ἡμῶν
1639 4517 2012 4593 κυπρίζουσιν.

432 4621 498 4675 Ὢ
526 4627 626 4689 τῆς
656 4627 887 4696 φρικτῆς
919 4622 1006 4676 καὶ
1041 4615 1274 4696 φοϐερᾶς
1304 4625 1405 4676 τοῦ
1444 4622 1621 4699 Λόγου
1670 4621 1972 4690 δυναστείας
1999 4632 2010 4686 l

358 4714 426 4767 Ὠ
453 4710 763 4773 παιδαλκοῦς
792 4708 1104 4785 δυνάμεωςί
1140 4709 1185 4766 ὣ
1216 4713 1448 4788 κράτους
1487 4713 1830 4789 ἀποῤῥητουί

361 4797 580 4854 Κελεύει
611 4799 712 4875 γὰρ
742 4805 861 4862 τοῖς
887 4801 1199 4876 Θηρευταῖς,
1230 4801 1473 4856 τουτέστι
1501 4807 1618 4864 τοῖς
1650 4802 1920 4879 ἀγγέλοις,

356 4892 563 4965 ’Ὠσπερ
592 4887 880 4952 ἁλώπεκάς
911 4909 1061 4953 τινας
1091 4889 1290 4965 μικρὰς
1318 4887 1718 4961 δυστηνοτάτας

355 4979 464 5046 Τὴν
497 4981 666 5033 πᾶσαν
702 4977 1072 5048 ἀποπατικήν
1104 4975 1330 5050 δύναμιν
1357 4985 1464 5034 τῶν
1499 4977 1796 5054 δαιμόνων,

356 5072 624 5143 Θηρεῦσαι
655 5068 745 5123 καὶ
777 5074 1120 5144 συναγαγεῖν,
1151 5075 1438 5144 κρατῆσαι,
1469 5070 1558 5124 καὶ
1591 5068 1904 5143 δεσμεῦσαι,

354 5158 462 5216 Τὸν
496 5155 761 5234 δράκοντα
786 5158 878 5212 τὸν
915 5157 1168 5232 μέγιστον
1198 5158 1290 5213 τὸν
1325 5158 1631 5232 ἀποστάτην
1665 5181 1839 5239 φυσει,

357 5253 450 5310 ⁸ος
482 5244 740 5324 ἒνεδρεύει
771 5248 888 5302 καθ’
928 5249 1112 5320 ἡμῶν,
1157 5248 1230 5309 ὡς
1271 5244 1408 5303 λέων
1461 5248 1537 5312 εἷς
1586 5249 1824 5324 ποίμνας
1885 5252 2007 5326 μαί-

1839 5361 2007 5413 νεται,

354 5429 466 5482 Τοῖ’)
522 5425 967 5500 κοσμοκράτορος
1028 5430 1226 5494 Σατᾶν,
1280 5429 1376 5480 τοῦ
1436 5426 1661 5490 σκότους
1718 5429 1810 5483 τὸν
1867 5449 2007 5504 προ-

1761 5517 1980 5591 [στάτην
1989 5567 2004 5592 ,

348 5605 449 5659 Τὸν
483 5597 619 5674 ᾆδην
649 5604 738 5658 τὸν
771 5600 1114 5658 πλατύνοντα
1142 5602 1204 5658 τὸ
1234 5603 1410 5676 στόμα
1435 5605 1498 5660 τὸ
1533 5602 1795 5683 ζοφῶδες,

349 5695 450 5749 Τὸν
483 5690 684 5770 ἔχοντα
711 5692 804 5748 καὶ
834 5692 1065 5771 φέροντα
1089 5691 1150 5746 τὸ
1179 5692 1379 5765 κράτος
1406 5699 1502 5749 τοῦ
1535 5695 1786 5767 θανάτου,

351 5784 453 5839 Τὸν
487 5782 906 5861 ιγκαυχώμενον
937 5776 1124 5836 λαϐεῖν
1161 5781 1234 5844 ὡς
1262 5784 1477 5840 νοσσιὰν
1515 5786 1821 5861 στρουθίου,

2133 3412 2289 3460 sane:
2333 3420 2441 3460 vox
2484 3413 2581 3458 tua
2624 3406 2684 3460 in
2731 3404 2964 3459 auribus
3018 3405 3184 3470 meis,
3242 3404 3456 3460 ostende
3505 3406 3653 3461 mihi
3697 3408 3789 3476 fa-

2134 3495 2276 3549 ciem
2306 3502 2478 3549 tuam.
2511 3497 2663 3566 Nam
2719 3493 2769 3548 si
2803 3509 2914 3548 vox
2971 3497 3074 3548 tua
3132 3493 3303 3549 nobis
3347 3494 3790 3565 jucundissima

2133 3583 2246 3638 fuit
2267 3588 2441 3654 atque
2473 3582 2822 3637 dulcissima
2853 3600 2866 3649 ;
2897 3583 2946 3638 si
2966 3583 3166 3639 vultus
3188 3590 3328 3638 tuus
3351 3583 3787 3654 pulcherrimus

2131 3672 2296 3727 visus
2346 3677 2436 3728 est
2484 3680 2538 3727 et
2589 3672 2843 3727 maxime
2891 3674 3161 3740 decorus,
3210 3689 3343 3728 eum
3392 3690 3500 3728 vox
3552 3678 3654 3729 tua
3683 3691 3788 3745 per

2133 3761 2450 3832 prophetas
2479 3761 2800 3827 insonaret,
2835 3765 2892 3817 et
2925 3763 3169 3817 formam
3210 3766 3374 3818 tuam
3406 3768 3689 3834 tanquam
3723 3763 3782 3819 in

2131 3849 2367 3921 speculo
2400 3865 2775 3905 cerneremus
2818 3866 2830 3903 :
2886 3856 3251 3921 quantanam
3302 3850 3412 3906 erit
3459 3852 3780 3922 praesentiae

2128 3943 2244 3993 tuae
2277 3937 2650 4010 pulcritudo!
2686 3942 2904 4010 quanta
2931 3940 3090 3995 vocis
3121 3939 3311 4011 ipsius
3350 3939 3618 4003 dulcedo,
3653 3957 3777 4009 quae

2129 4029 2256 4084 sine
2288 4027 2405 4083 ullo
2437 4028 2629 4083 medio
2653 4029 3043 4084 exaudietur?
3072 4029 3308 4099 Sponsae
3333 4045 3534 4100 preces
3556 4030 3781 4085 audivit

2127 4116 2511 4188 sponsus,qui
2544 4122 2608 4172 ut
2629 4135 2691 4172 se
2723 4117 2914 4188 ipsum
2949 4135 3142 4174 coram
3169 4119 3360 4190 magis
3389 4118 3779 4190 conspicuum

2127 4208 2401 4280 praebeat,
2433 4211 2740 4263 venatores
2773 4207 2842 4262 ad
2876 4208 3134 4278 praedam
3166 4208 3400 4279 excitat,
3432 4207 3636 4265 dicens
3667 4225 3680 4264 :

2199 4431 2390 4502 Capite
2427 4429 2586 4486 nobis
2641 4430 2827 4502 vulpes
2881 4433 3179 4502 parvulas,
3231 4446 3351 4502 quae
3398 4431 3783 4489 demetiuntur

2122 4523 2313 4577 vineas
2345 4536 2358 4575 :
2391 4525 2445 4576 et
2477 4521 2654 4577 vineae
2682 4529 2890 4577 nostrae
2906 4521 3125 4591 ﬂorent.

2197 4627 2241 4684 Ο
2269 4628 2580 4700 imperium
2613 4626 2785 4684 Verbi
2820 4627 3078 4684 terribile
3108 4645 3176 4684 ac
3219 4627 3697 4684 formidandum!
3731 4629 3776 4686 Ο

2122 4717 2401 4773 virtutem
2497 4718 2998 4788 omnipotentem!
3057 4717 3100 4772 Ο
3151 4718 3332 4772 robur
3390 4717 3770 4774 incredibile!

2122 4806 2517 4862 Venatoribus
2567 4806 2725 4861 enim
2785 4806 3079 4877 praecepit,
3149 4806 3206 4861 id
3258 4810 3345 4862 est
3412 4806 3656 4879 angelis,
3709 4815 3772 4866 ut

2121 4895 2458 4967 vulpeculae
2493 4897 2784 4967 quasdam
2835 4894 3114 4966 parvulas
3167 4899 3339 4967 captu
3389 4895 3770 4954 difﬁcillimas

2122 4985 2537 5057 pervestigent,
2567 4984 3089 5055 comprehendant,
3130 4989 3426 5056 superent,
3459 4985 3721 5041 vinciant
3755 5004 3768 5043 :

2121 5079 2302 5130 totam
2323 5074 2607 5130 nimirum
2624 5073 3000 5130 desertricem
3025 5074 3355 5129 daemonum
3379 5079 3728 5146 potestatem
3755 5094 3768 5133 :

2121 5164 2433 5220 draconem
2460 5164 2630 5219 illum
2654 5163 2977 5219 maximum
3011 5179 3024 5218 :
3050 5161 3217 5218 illum
3240 5161 3515 5219 rebellem
3540 5175 3772 5238 natura,

2122 5253 2221 5326 qui
2253 5270 2368 5310 non
2402 5253 2572 5309 aliter
2601 5255 2659 5309 in
2693 5269 2800 5309 nos
2833 5269 3010 5325 quam
3044 5251 3134 5309 leo
3165 5252 3224 5308 in
3267 5268 3476 5326 greges
3506 5255 3771 5328 desaevit,

2120 5343 2328 5398 mundi
2370 5342 2653 5415 principis
2702 5343 2929 5410 Satan;
2986 5342 3311 5414 principem
3361 5344 3762 5415 tenebrarum,

2118 5431 2414 5488 infernum
2483 5433 2828 5488 tenebrosae
2888 5432 3087 5487 fauces
3169 5449 3306 5487 suas
3387 5433 3768 5505 aperientem,

2115 5521 2433 5578 habentem
2467 5538 2533 5576 ac
2584 5521 2864 5576 ferentem
2920 5521 3125 5576 mortis
3163 5521 3517 5593 imperium;
3553 5523 3654 5594 qui
3705 5543 3768 5582 se

2116 5611 2372 5682 passeris
2403 5611 2838 5680 nidum,orbem
2865 5608 3088 5665 scilicet
3109 5610 3760 5685 universum,tanquam

2113 5717 2220 5757 ova
2267 5701 2503 5774 putrida
2552 5703 2727 5770 atque
2777 5699 3002 5770 abjecta
3051 5700 3281 5771 cepisse
3329 5704 3386 5756 et
3439 5701 3758 5775 diripuisse

2110 5791 2396 5866 gloriatur
2427 5808 2440 5848 :
2474 5789 2575 5863 qui
2606 5792 2774 5847 terrae
2807 5793 3038 5846 montes
3067 5793 3126 5846 et
3155 5806 3312 5846 mare
3328 5795 3754 5859 eversurum,et
