4110 6402
280 423 403 483 595

1619 406 2046 471 MICllAELIS
2092 408 2358 469 PSELLI

3580 401 3705 463 596

278 558 339 614 in
388 555 648 614 nubibus
694 553 897 610 sedem
942 551 1365 609 collocuturum
1432 568 1494 609 se
1551 548 1790 622 jactitat
1834 545 1878 582 ⁸⁷
1912 562 1928 603 :
1957 574 1972 615 λ

2089 545 2152 615 ἠν
2185 543 2517 618 οἷ’κουμένην
2548 544 2857 620 σύμπασαν,
2887 543 2980 601 καὶ
3007 544 3208 614 ταύτην
3240 541 3575 621 ἆφαρπάσαι,

280 648 454 719 cujus
475 643 719 717 quidem
743 642 930 698 latera
957 646 1100 699 sunt
1122 646 1369 711 aenea,et
1385 641 1630 697 dorsum
1654 639 1931 704 ferreum,

2042 635 2133 699 Ὠς
2173 635 2256 689 ὠά
2283 636 2353 690 τὰ
2384 634 2685 711 σαθρὸτατα
2714 632 3264 711 καταπεφρονημένα,

280 735 511 791 viscera
539 737 740 790 autem
772 730 1047 804 smyrites
1094 729 1245 802 lapis
1278 746 1293 785 :
1352 734 1685 801 serpentem
1736 726 1935 798 ipsum

2089 726 2144 780 ὸν
2178 723 2474 804 ἐξαλείφειν
2500 728 2772 804 φάσκοιτα
2798 731 2902 802 γῆς
2935 726 3097 801 ὅρους
3122 724 3212 781 καὶ
3243 722 3539 795 θαλάττης,

283 839 551 899 gravem;
584 821 756 878 illum
787 836 1011 886 senem,
1045 820 1341 892 ingentem
1375 817 1941 887 illum,omnemque

2090 816 2148 870 ὸν
2182 815 2232 870 ἰν
2264 814 2465 893 νεφέλῃ
2499 815 2729 891 λέγοντα
2756 817 2848 871 τὸν
2880 815 3074 891 θρόνον
3102 811 3443 890 καθιδρύσαι,

285 912 464 969 aliam
493 910 773 967 virtutem
790 911 921 980 ejus
944 908 1254 965 hostilem:
1279 907 1467 963 virtus
1497 922 1639 962 sane
1670 902 1941 977 potentia

2089 904 2231 975 ’ῦπαρ
2276 902 2487 980 χαλκαῖ
2526 905 2622 978 μὶν
2653 906 2709 959 αἱ
2736 902 2970 979 πλευραὶ
3000 903 3091 959 καὶ
3145 901 3348 977 σιδηρᾶ
3377 901 3422 958 δ’
3453 906 3488 973 ἡ
3521 901 3704 979 ῥάχις,

284 1007 575 1074 tauquam
605 999 944 1071 vulpeculae
977 1014 1187 1071 parvas
1216 1002 1274 1053 et
1295 1002 1505 1053 natura
1535 992 1943 1051 fraudulentas

287 1089 567 1164 appellat.
599 1087 1103 1162 Comprehendite,
1136 1086 1351 1159 inquit,
1384 1084 1530 1140 mihi
1576 1099 1786 1157 parvas
1813 1080 1945 1137 vul-

2050 994 2285 1067 Ἕγκατα
2317 991 2383 1060 δ⁹,
2416 993 2491 1055 ὥς
2524 1014 2701 1072 φασιν,
2733 992 2898 1048 αὐτοῦ
2929 992 3199 1069 σμυρίτης
3230 992 3416 1057 λίθος·

2051 1082 2225 1140 Αὐτὸν
2255 1083 2347 1138 τὸν
2395 1077 2540 1160 ὅφιν,
2572 1082 2663 1137 τὸν
2717 1079 2915 1156 δεινὸν,
2961 1083 3055 1138 τὸν
3099 1080 3346 1158 γέροντα,
3376 1081 3468 1137 τὸν
3519 1080 3708 1156 μίγαν,

290 1198 419 1256 pes,
449 1197 575 1253 qua:
603 1179 835 1236 animas
864 1177 1158 1236 humanas
1186 1174 1608 1233 demoliuntnr.
1645 1173 1762 1229 Has
1784 1170 1946 1228 enim

2089 1170 2161 1227 ἰαὶ
2194 1176 2364 1225 πᾶσαν
2398 1169 2577 1242 ἄλλην
2610 1168 2840 1246 δύναμιν
2864 1169 3029 1227 αὐτοῦ
3052 1171 3151 1241 τὴν
3185 1169 3446 1239 ἐναντίαν,

293 1271 451 1330 solas
478 1270 680 1328 vineas
706 1270 893 1325 vocat.

888 1734 1076 1789 Trium
1104 1735 1361 1789 Patrum.

371 1839 519 1898 Cum
537 1842 732 1897 autem
743 1839 817 1897 ad
829 1840 1033 1913 sponsi
1057 1840 1403 1897 mandatum
1426 1839 1723 1914 magistrae
1741 1840 1953 1899 animis

2052 1265 2114 1316 Ἥ
2146 1257 2375 1334 δύναμις
2407 1258 2661 1334 ὠνόμασε
2686 1263 2787 1327 τῆς
2819 1255 2991 1325 ὄντως
3024 1258 3358 1330 δυναστείας,

2057 1348 2146 1412 Ὠς
2180 1346 2463 1404 ἀλωπὲκια
2496 1351 2666 1426 μικρά
2693 1349 2785 1405 val
2817 1346 3020 1426 δολερὰ
3045 1352 3115 1424 τῇ
3146 1348 3323 1428 φύσει.

2057 1437 2203 1503 Τοὺς
2229 1443 2358 1514 γοῦν
2395 1439 2624 1515 μικροὺς
2646 1438 2957 1515 ἀλώπεκας,
2991 1439 3148 1517 φησὶ,
3176 1437 3479 1515 κρατήσατὲ
3522 1458 3640 1512 μοι,

2055 1530 2148 1592 Ὠς
2180 1527 2514 1605 βλαπτικοὺς
2540 1531 2907 1607 τυγχάνοντας
2936 1532 3135 1606 ψυχῶν
3175 1534 3286 1586 τῶν
3331 1526 3712 1605 ἀνθρωπίνων.

2059 1618 2122 1674 Ἀ
2134 1617 2376 1692 μπὲλους
2404 1620 2510 1696 γὰρ
2540 1620 2615 1683 ὡς
2645 1620 2872 1692 άληθῶς
2896 1620 3094 1683 ταύτας
3126 1618 3290 1676 ἐννόει
3325 1620 3518 1694 μόνας.

2620 1741 2737 1793 Τῶν
2774 1739 2821 1815 γ’
2861 1737 3135 1814 Πατὲρων.

2134 1846 2282 1901 Ἐπεὶ
2342 1842 2401 1901 δὶ
2456 1844 2594 1902 κατὶ
2646 1843 2892 1902 κὲλευσιν
2949 1849 3046 1902 τοῦ
3092 1845 3331 1924 νυμφίου
3380 1849 3719 1920 παραστᾶσαι

304 1933 420 2009 ipsi
448 1940 660 2007 prmsto
688 1938 907 2003 essent,
941 1938 999 1993 et
1027 1951 1163 1992 cum
1218 1949 1287 1991 eo
1345 1950 1416 1991 ex
1472 1934 1739 1992 doctrina
1765 1932 1957 2007 ipsius

2089 1935 2239 2008 ὀύτῳ
2266 1935 2322 1991 αἱ
2372 1933 2689 1991 διδάσκαλοι
2746 1936 2941 2012 ψυχαὶ,
2972 1936 3102 2010 ὑπὶρ
3150 1921 3260 1991 τῶν
3310 1931 3716 2008 διδασκομένων

304 2034 704 2098 versarentur,
737 2029 810 2084 ad
840 2045 941 2085 eas
978 2026 1103 2083 haec
1156 2026 1333 2083 verba
1362 2026 1499 2082 facit
1529 2041 1543 2082 :
1577 2028 1773 2100 Capite
1800 2026 1956 2081 nobis

306 2120 503 2193 vulpes
532 2120 798 2193 parvula:
826 2136 846 2174 :
876 2118 1251 2174 observantia
1300 2120 1744 2190 praceptorum,
1776 2113 1957 2172 simul

305 2226 443 2267 eum
492 2210 769 2265 vitiorum
820 2207 1181 2264 motionibus
1246 2205 1649 2263 astutissimos
1689 2205 1959 2279 ipsorum

308 2304 579 2358 auctores
608 2297 853 2371 spiritus
902 2297 1215 2353 cohibete:
1252 2297 1353 2369 qui
1405 2295 1633 2368 parvuli
1685 2295 1963 2351 videntur

306 2391 519 2460 adhuc,
550 2404 683 2446 cum
717 2388 861 2461 ipsae
893 2386 1182 2444 motiones
1214 2387 1478 2442 nondum
1507 2385 1570 2442 in
1603 2390 1801 2443 actum
1824 2400 1966 2458 pro-

308 2479 617 2545 cesserint,
650 2477 817 2535 Nobis
863 2480 1057 2533 autem
1108 2475 1257 2531 dixit
1282 2477 1460 2547 capite
1496 2479 1738 2547 propter
1783 2476 1963 2531 ﬁnem

305 2569 697 2642 propositum,
722 2567 823 2639 qui
856 2566 918 2622 in
951 2565 1069 2622 illis
1117 2565 1459 2623 erudiendis
1491 2564 1778 2637 expletur.
1827 2569 1968 2636 Quae

308 2659 693 2716 demetiuntur
720 2658 932 2723 vineas,
985 2656 1045 2711 id
1077 2659 1189 2723 est,
1246 2654 1477 2712 animus
1516 2658 1805 2721 evertunt,
1838 2671 1967 2727 quas

312 2766 415 2821 per
443 2748 620 2804 ﬁdem
653 2747 715 2803 in
748 2762 842 2802 me
871 2750 1014 2801 sunt
1064 2744 1360 2817 plantataa.
1416 2745 1484 2800 Et
1538 2746 1721 2802 vinea
1765 2754 1971 2802 nostra?

314 2836 771 2911 ﬂorent.Animze
799 2834 1114 2907 diligenter
1143 2851 1179 2890 a
1210 2833 1380 2891 nobis
1409 2834 1481 2890 ad
1514 2832 1767 2891 salutem
1796 2834 1969 2891 iusti-

315 2931 463 2985 tutaa
480 2926 610 2999 jam
638 2924 850 2983 ﬂorent
878 2924 1208 2981 secundum
1240 2921 1972 2992 virtutem,iallacissimis,

316 3021 384 3075 ut
412 3017 638 3074 dictum
669 3018 779 3087 est,
812 3012 1119 3087 spiritibus
1146 3011 1494 3086 profligatis.

1041 3210 1236 3267 Pselli.

2064 2025 2214 2098 αὖτῷ
2288 2025 2702 2102 ἐντυγχάνουσι,
2749 2027 2888 2102 πρὸς
2968 2025 3167 2089 ταύτας
3249 2024 3427 2089 οὕτως
3513 2024 3672 2102 φησίν
3702 2042 3716 2057 ·

2068 2116 2302 2171 Πιάσατε
2354 2118 2492 2188 ἡμῖν
2547 2115 2837 2180 ἀλώπεκας
2915 2116 3130 2191 μικρὰς,
3189 2113 3361 2190 ἤγουν
3419 2115 3722 2191 κατάσχετε

2068 2202 2159 2261 διὰ
2204 2209 2312 2259 τῶν
2366 2203 2601 2260 ἐντολῶν
2650 2202 2765 2279 ἄμα
2808 2210 2927 2269 ταῖς
2971 2207 3215 2275 κινήσεσι
3253 2210 3363 2259 τῶν
3414 2205 3598 2259 παθῶν
3655 2203 3727 2257 τὰ

2067 2293 2275 2349 τούτων
2347 2291 2493 2349 αἴτια
2561 2291 2913 2369 δολερώτατα
2968 2294 3246 2368 πνεύματα
3317 2291 3395 2349 ἔτι
3461 2292 3730 2350 δοκοῦντα

2069 2384 2298 2453 νεᾶζειν,
2330 2382 2381 2438 εἶ’
2412 2386 2584 2457 μήπω
2614 2384 2669 2438 ai
2719 2387 2829 2439 τῶν
2875 2386 3061 2439 παθῶν
3119 2385 3359 2454 κιντζσεις
3414 2383 3730 2460 προκόψου-

2072 2492 2154 2527 σ.ν
2201 2472 2277 2534 εθς
2322 2471 2612 2548 ἐνέργειαν.
2664 2477 2822 2545 Ἡμῖν
2867 2471 2924 2528 δέ
2973 2494 3107 2551 φησι
3162 2474 3483 2550 κατάσχετε,
3535 2470 3626 2528 διὰ
3669 2471 3734 2529 τὸ

2072 2562 2240 2636 πέρας
2328 2558 2571 2632 δέξασθαι
2624 2563 2687 2618 τὸ
2746 2562 2883 2618 κατᾶ
2952 2564 3154 2619 σκοπὸν
3240 2565 3378 2638 ἡμῖν
3443 2561 3531 2617 ἐπὶ
3615 2567 3735 2625 ταῖς

2080 2653 2563 2726 μαθητευομὶναις.
2676 2652 3066 2732 Ἀφανίζοντας
3180 2652 3513 2728 ἀμπελῶνας
3548 2673 3561 2686 ’
3635 2651 3740 2724 δη-

2077 2738 2243 2811 λαδὴ,
2276 2739 2624 2805 ἀπολλύντας
2684 2742 2865 2818 ψυχὰς
2920 2746 2987 2816 τῇ
3045 2743 3123 2806 εἷς
3183 2742 3281 2817 ἐμὶ
3339 2743 3515 2798 πίστει
3568 2764 3739 2820 πεφυο

2076 2831 2360 2903 τευμένας.
2393 2832 2490 2886 Καὶ
2546 2832 2602 2885 ai
2659 2830 2901 2904 ἄμπελοι
2961 2835 3124 2904 ἡμῶν
3178 2834 3556 2907 κυπρίζουσιν·
3596 2829 3740 2900 ἤτοι,

2078 2921 2135 2974 αἱ
2164 2921 2293 2993 παρ’
2342 2922 2504 2992 ἡμῶν
2558 2920 2695 2995 πρὸς
2746 2922 3022 2997 σωτηρίαν
3077 2920 3509 2995 Ξπιμελούμεναι
3565 2919 3742 2996 ψυχαὶ

2078 3006 2190 3079 ἤδη
2223 3009 2442 3064 ἀνθοῦσι
2496 3010 2613 3064 κατ’
2645 3011 2866 3084 ἀρετὴν,
2895 3013 3004 3065 τῶν
3056 3006 3447 3086 δολερωτάτων
3493 3006 3742 3083 πνευμά-

2078 3116 2186 3151 των
2220 3097 2691 3173 κατασχεθέντων,
2724 3098 2801 3161 ὡς
2834 3095 3067 3175 εἷ’ρηται.

2784 3203 3034 3262 Ψελλοῦ.

386 3321 498 3378 Sed
528 3319 832 3376 videamus
866 3318 1010 3391 quid
1042 3318 1199 3376 dicat
1229 3316 1407 3375 etiam
1452 3335 1674 3391 sponsa
1702 3322 1762 3376 et
1790 3319 1972 3394 virgo«

2168 3313 2331 3372 Ἀλλ’
2362 3312 2562 3391 ἴδωμεν
2589 3317 2680 3372 καὶ
2707 3315 2761 3372 τί
2790 3337 2954 3395 φησιν
2982 3319 3017 3387 ἡ
3048 3317 3234 3396 νύμφη
3268 3316 3357 3372 καὶ
3388 3314 3670 3389 παρθᾶος.

388 3410 564 3480 Nepos
591 3424 747 3466 mea:
773 3408 939 3473 mihi,
971 3413 1027 3464 et
1054 3424 1152 3477 ego
1181 3407 1301 3464 illi.

386 3499 604 3556 Verum
635 3512 865 3554 morose
895 3497 1173 3569 deinceps
1205 3513 1422 3570 sponso
1452 3496 1714 3569 loquitur
1745 3514 1759 3554 :

393 3590 503 3658 Qui
529 3589 706 3660 pascit
731 3589 881 3643 inter
918 3586 1061 3652 lilia,
1092 3585 1261 3642 donec
1296 3588 1505 3658 aspiret
1533 3586 1667 3655 dies,
1699 3590 1752 3643 et
1807 3587 1979 3643 incli-

321 3683 530 3736 nentur
575 3677 802 3747 umbrae,
858 3685 1136 3733 revertere
1183 3693 1197 3733 :
1244 3676 1449 3732 similis
1491 3685 1608 3732 esto
1654 3680 1736 3742 tu,
1812 3691 1981 3749 nepos

323 3770 428 3837 mi,
459 3782 681 3841 caprea
709 3766 1015 3823 hinnuleo:
1070 3782 1357 3823 cervorum
1402 3781 1570 3839 super
1610 3769 1821 3823 montes
1849 3782 1980 3823 con-

324 3856 595 3916 vallium.

398 3948 444 4005 Ο
473 3945 869 4021 pulcherrime
900 3949 1101 4019 pastor
1145 3946 1366 4016 ovium,
1415 3961 1544 4018 quae
1587 3949 1784 4003 mente
1842 3949 1984 4003 sunt

327 4037 605 4112 praedita,
635 4036 829 4109 inquit
860 4053 1079 4108 sponsa
1098 4036 1172 4092 ad
1205 4035 1401 4109 ipsum
1434 4036 1693 4092 Verbum
1724 4040 1784 4092 et
1812 4053 1987 4109 spon-

329 4143 485 4198 sum,
531 4125 633 4198 qui
685 4141 822 4182 oves
867 4130 1001 4181 tuas
1046 4124 1395 4192 virtutibus,
1448 4130 1512 4180 ut
1564 4124 1707 4181 liliis
1763 4125 1982 4196 pascis,

328 4232 540 4273 rursus
567 4220 625 4271 te
654 4230 877 4287 caprea
906 4219 1011 4269 aut
1058 4230 1364 4269 cervorum
1422 4213 1674 4270 hinnulo
1727 4214 1985 4270 similem

331 4306 543 4379 praebe,
578 4307 644 4359 nt
674 4302 847 4375 paulo
874 4306 1010 4359 ante
1041 4318 1223 4371 super
1249 4301 1493 4357 vallium
1529 4306 1761 4359 montes
1809 4301 1986 4359 salie-

328 4395 438 4450 bas
471 4410 485 4449 :
521 4395 696 4462 atque
725 4405 958 4447 omnem
985 4389 1309 4461 potentiam
1334 4390 1742 4446 adversantem
1773 4395 1985 4459 everte,

331 4485 391 4538 et
420 4479 600 4536 colles
629 4478 811 4535 nimis
841 4478 1032 4535 elatos
1063 4494 1322 4550 exaequa.
1380 4478 1475 4535 Sic
1507 4479 1662 4534 enim
1712 4479 1987 4536 cursibus

333 4569 457 4627 tuis
487 4567 685 4626 omnis
730 4565 898 4623 vallis
930 4565 1280 4640 implebitur
1330 4584 1343 4622 :
1394 4572 1452 4623 et
1497 4567 1692 4625 omnis
1748 4568 1987 4626 malitias

2082 3401 2407 3482 Ἀδελφιδός
2439 3426 2546 3478 μου
2578 3405 2728 3479 ίμοὶ,
2758 3405 2907 3480 κάγὼ
2938 3404 3106 3478 αύτῷ.

2083 3492 2246 3549 Ἀλλ’
2276 3492 2465 3565 ἐφεξῆς
2490 3491 2796 3550 ἐκδυσωπεῖ
2826 3491 3057 3570 λέγουσα
3085 3498 3165 3566 τῷ
3192 3493 3414 3571 νυμφίῳ
3435 3512 3447 3524 ·

2156 3584 2219 3640 Ὀ
2263 3583 2575 3656 ποιμαίνων
2620 3582 2673 3637 ἐν
2720 3588 2839 3645 τοῖς
2898 3583 3131 3661 κρίνοις,
3178 3578 3282 3645 ἕως
3334 3582 3397 3638 οὗ
3451 3581 3743 3658 διαπνεύσῃ

2087 3677 2122 3742 ἠ
2200 3674 2384 3748 ἡμέρα
2464 3674 2553 3728 καὶ
2629 3675 2924 3745 κινηθῶσιν
2997 3675 3051 3729 αἱ
3133 3674 3301 3747 σκιαὶ,
3382 3673 3747 3748 ἆπὸστρεψον,

2091 3766 2400 3838 ὁμοιώθητι
2459 3762 2543 3838 σὺ,
2577 3760 2834 3843 ἀδελφιδὲ
2901 3786 3027 3838 μου,
3055 3768 3134 3837 τῷ
3186 3761 3418 3842 δόρκωνι
3477 3764 3513 3835 ἢ
3571 3760 3749 3842 νεϐρῷ

2090 3852 2306 3933 ἐλάφων
2340 3852 2425 3909 ἐπὶ
2457 3854 2524 3909 τὰ
2553 3847 2655 3928 ὄρη
2682 3852 3077 3928 κοιλωμάτων.

2090 3945 2157 4000 Ὠ
2188 3942 2582 4000 καλλιπότατε
2609 3945 2822 4017 ποιμὴν
2850 3948 2958 4000 τῶν
2993 3942 3229 4021 λογικῶν
3261 3938 3575 4022 προϐάτων,

2094 4035 2268 4104 Φησὶν
2301 4037 2337 4105 ἡ
2368 4034 2554 4113 νύμφη
2589 4034 2727 4108 πρὸς
2759 4033 2919 4090 αὐτὸν
2949 4034 3041 4090 τὸν
3074 4033 3248 4108 Λόγον
3280 4035 3370 4091 καὶ
3397 4033 3657 4112 νυμφίον,

2090 4124 2189 4186 Ὃς
2217 4122 2429 4202 τρέφεις
2459 4145 2553 4178 σου
2582 4124 2648 4177 τά
2677 4118 2929 4197 πρόϐατα
2958 4127 3078 4185 ταῖς
3127 4122 3344 4198 ἀρεταῖς
3392 4123 3467 4187 ὡς
3516 4122 3751 4198 κρίνοις,

2094 4214 2194 4269 Καὶ
2224 4212 2389 4269 πάλιν
2423 4212 2621 4290 φάνηθι
2654 4209 2853 4289 δορκὰς
2883 4214 2919 4284 ἢ
2949 4212 3040 4268 καὶ
3070 4208 3262 4289 νεϐρὸς
3296 4210 3535 4291 ἆλάφων,

2094 4302 2194 4358 Καὶ
2224 4301 2391 4357 πάλιν
2423 4301 2766 4371 ἀναζήτησω
2799 4302 2982 4377 ὥσπερ
3012 4301 3475 4376 ἀνθυποπρὲψας,

2094 4395 2272 4467 "Amp
2302 4388 2508 4461 ἐπήδας
2537 4392 2644 4466 πρὸ
2676 4394 2875 4466 μικροῦ
2905 4394 3013 4447 τῶν
3042 4388 3411 4465 κοιλωμάτων
3446 4387 3572 4466 ὅρη,

2097 4480 2201 4538 Καὶ
2230 4485 2405 4536 πᾶσαν
2437 4479 2751 4557 ἐξαφάνισον
2785 4477 3013 4553 δύναμιν
3047 4478 3310 4548 ἐναντίαν,

2096 4569 2196 4624 Καὶ
2225 4566 2604 4642 καθομάλισον
2642 4567 2875 4645 βουνοὺς
2905 4567 3032 4631 τοὺς
3062 4565 3195 4644 ἄγαν
3231 4566 3593 4645 ἐπηρμένους.

338 4658 506 4717 collis
548 4655 967 4713 humiliabitur
998 4672 1010 4712 :
1044 4661 1103 4714 et
1148 4672 1354 4712 omnes
1403 4657 1728 4730 impietatis
1773 4659 1972 4715 umbra

2102 4656 2255 4712 Οὕτω
2284 4657 2383 4735 γάρ
2417 4653 2841 4733 πληρωθήσεται
2874 4662 2991 4721 σοῖς
3021 4653 3253 4733 δρόμοις
3280 4663 3427 4713 πᾶσα
3452 4657 3683 4735 φάραγξ,

338 4746 735 4806 discutiantur
793 4763 806 4801 :

340 4838 517 4895 rabit.

864 4750 921 4802 et
976 4746 1102 4805 dies
1158 4744 1370 4803 salutis
1411 4745 1775 4824 mortalibus
1834 4747 1989 4822 aspi-

930 5044 1119 5100 Trium
1146 5045 1401 5101 Patrum.

411 5154 720 5220 Revertere,
750 5153 1066 5210 assimilare
1108 5155 1190 5220 tu,
1239 5167 1410 5222 nepos
1456 5153 1556 5225 mi,
1605 5168 1821 5227 caprea
1866 5151 1993 5209 hin-

337 5244 534 5301 nulore
560 5258 839 5300 cervorum
865 5258 1031 5315 super
1060 5246 1276 5299 montes
1299 5236 1659 5298 convallium.

411 5418 714 5493 Spiritales
767 5419 941 5486 feras,
1005 5420 1339 5476 animarum
1415 5420 1805 5492 corruptrices
1873 5438 1993 5493 qua

340 5516 548 5567 contra
578 5526 687 5566 nos
715 5509 981 5579 saeviunt,
1013 5514 1070 5565 et
1100 5510 1458 5581 serpentium
1494 5526 1676 5575 more,
1707 5509 1987 5567 vitiorum

340 5600 503 5657 virus
531 5599 592 5655 in
624 5615 732 5655 nos
780 5599 1114 5670 effundunt,
1158 5598 1390 5671 repelle.
1426 5600 1493 5655 Et
1542 5604 1849 5672 propterea
1898 5605 1986 5671 tu,

411 5750 457 5788 ³⁷
486 5749 601 5808 Isa.
630 5766 745 5821 xw,
777 5748 863 5805 44.

2103 4747 2210 4805 Καὶ
2242 4752 2345 4810 πᾶς
2382 4748 2844 4818 ταπεινωθήσεται
2876 4746 3068 4822 βουνὸς
3101 4746 3129 4801 ὁ
3160 4752 3259 4816 τῆς
3287 4745 3498 4813 κακίας,

2104 4840 2201 4896 Καὶ
2235 4843 2399 4893 πᾶσαι
2432 4840 2821 4910 κινηθήσονται
2854 4836 3001 4893 σκιαὶ
3029 4843 3131 4908 τῆς
3164 4834 3370 4908 ἀθείας,

2102 4928 2211 4985 Καὶ
2243 4925 2549 4983 διαπνεύσει
2582 4928 2802 5003 βροτοῖς
2831 4925 3014 5000 ἡμέρα
3042 4925 3334 5001 σωτηρίας.

2664 5047 2789 5105 Τῶν
2828 5046 2878 5120 γ’
2917 5043 3196 5120 Πατὲρων.

2174 5156 2570 5232 ’Δπόοτρεψον,
2629 5155 2940 5227 ὁμοιώθητι
3008 5151 3093 5222 σὺ,
3154 5149 3416 5227 ἀδελφιδέ
3496 5173 3625 5226 μου,
3684 5156 3765 5225 τῷ

2103 5244 2360 5321 δόρκωνι,
2422 5246 2458 5316 ἢ
2516 5238 2693 5320 νεϐρῷ
2751 5240 2967 5321 ἐλάφων
3028 5240 3117 5297 ἐπὶ
3172 5240 3240 5297 τὰ
3290 5237 3393 5318 ὄρη
3463 5246 3571 5297 τῶν
3647 5262 3766 5297 κοι-

2103 5333 2400 5409 λωμάτων.

2174 5418 2541 5495 Ἀπόστρεψον
2603 5416 2661 5475 δὶ
2731 5418 2798 5474 τὰ
2871 5419 2992 5483 καθ’
3046 5421 3211 5490 ἡμῶν
3295 5418 3594 5491 μαινόμενα
3660 5420 3762 5492 ψυ-

2099 5510 2350 5589 χοφθόρα
2378 5508 2549 5578 νοητὰ
2595 5507 2782 5582 θηρία,
2814 5506 2883 5562 τὰ
2932 5503 3090 5576 δίκην
3149 5501 3325 5583 ὄφεων
3373 5506 3465 5560 τὸν
3516 5505 3600 5560 ἱὸν
3650 5509 3761 5561 τῶν

2097 5602 2280 5655 παθῶν
2336 5597 2389 5653 ἰν
2443 5600 2580 5670 ἡμῖν
2638 5595 2929 5672 ἆκχὲοντα·
2983 5595 3265 5659 κάντεῦθεν
3326 5594 3637 5669 ὁμοιώθητι
3692 5591 3757 5648 σὺ
