4110 6424
359 491 482 552 597

1412 492 1826 554 COMMENT.
1871 491 1950 552 IN
1995 491 2400 555 CANTICUM
2443 495 2748 555 CANTlC.

3677 501 3802 564 598

364 619 608 694 πάντως,
659 621 694 690 ἡ
723 622 821 674 τοῦ
851 621 987 674 Θεοῦ
1009 617 1100 674 καὶ
1131 619 1346 696 Πατρὸς
1375 619 1734 684 ἐνυπόστατος
1771 619 2020 694 δύναμις,

2141 621 2346 680 dilecte
2377 623 2480 694 mi,
2514 625 2617 696 qui
2646 625 2749 681 Dei
2781 629 2838 682 et
2860 626 3053 683 Patris
3087 627 3265 684 unius
3297 631 3476 702 atque
3527 631 3794 704 ejusdem

359 709 612 787 ἀγαπητὲ
645 729 772 782 μου,
816 713 938 770 τοῖς
963 705 1323 787 φυγαδεύουσι
1359 711 1521 780 ζώοις
1552 712 1619 766 τὰ
1667 706 1867 766 ἷοὸόλα
1927 723 2024 780 θη-

361 801 470 878 ρία,
527 798 580 855 ἐν
630 802 709 871 τῷ
761 797 1082 854 ἀπελαύνειν
1123 797 1314 876 πόῤῥω
1363 803 1525 870 ἡμῶν
1567 801 1634 855 τὰ
1679 799 2026 876 πονηρότατα

356 889 676 963 πνεύματα·
747 887 889 942 οὕτω
947 885 1006 942 δὲ
1050 887 1270 952 τούτοις
1326 890 1659 963 ὁμοιώθητι,
1718 889 2022 965 ἐρχόμενος

357 978 446 1035 ἐπὶ
496 979 594 1040 τὰς
655 974 1038 1042 διδασκάλους.
1095 979 1193 1040 τὰς
1226 974 1386 1048 δίκην
1430 980 1571 1054 ὁρῶν
1634 979 2022 1054 ὑπερκειμένας

355 1073 463 1126 τῶν
517 1067 907 1130 κοιλανθεισῶν
965 1072 1084 1132 τοῖς
1137 1072 1244 1122 τῶν
1308 1070 1492 1123 παθῶν
1557 1068 1784 1146 ῥεύμασι
1847 1070 2023 1140 μαθη-

363 1162 548 1234 τριῶν,
611 1155 751 1211 ὥστε
808 1154 1137 1234 φυγαδεῦσαι
1193 1155 1283 1212 διὰ
1343 1157 1520 1231 μὲσων
1580 1156 1796 1213 ἐκείνων
1827 1157 1895 1212 τὰ
1921 1158 2019 1224 τὴν

370 1249 577 1305 τούτων
647 1246 1030 1322 κατωρύξαντα
1106 1250 1340 1326 φυσικὴν
1411 1248 1766 1323 ὁμαλότητα,
1821 1249 1908 1304 καὶ
1968 1247 2020 1303 ἐν

362 1335 584 1397 ταύταις
637 1333 1067 1413 ἐμφωλεύσαντα
1111 1332 1442 1414 ψυχοφθόρα
1489 1335 1680 1412 Θηρία⁶
1739 1336 2020 1391 κάντεῦθεν

360 1425 806 1494 ἀποκαταστῆσαι
865 1423 1032 1480 πάλιν
1091 1425 1278 1488 αὐταῖς
1332 1427 1432 1494 τὴν
1494 1426 1789 1501 εἷ’ρημὲνην
1818 1423 2024 1498 ὁμαλό-

359 1532 523 1584 τητα’
557 1514 702 1593 φημὶ
743 1510 801 1568 δὲ
856 1513 956 1582 τήν
1015 1517 1126 1571 τῶν
1183 1518 1438 1592 ψυχικῶν
1508 1513 1788 1588 δυνάμεων
1843 1515 2022 1570 ἰσονο-

363 1602 516 1678 μίαν.

936 1715 1057 1766 Τῶν
1089 1719 1134 1787 γ
1174 1710 1427 1788 Πατέρων
1439 1756 1451 1768 .

425 1807 607 1857 Ταῦτα
653 1803 838 1857 τοίνυν
881 1803 917 1871 ἡ
972 1798 1302 1864 διδάσκαλος
1347 1802 1441 1857 τὸν
1485 1801 1718 1880 νυμφίον
1758 1801 1882 1876 περὶ
1911 1805 2019 1857 τῶν

360 1890 824 1966 μαθητευομὲνων
901 1890 1266 1962 αἰτησαμένη,
1346 1891 1483 1968 πρὸς
1550 1891 1747 1954 ταύτας
1823 1889 2018 1946 λοιπὸν

2135 713 2404 767 essentiae
2455 713 2639 770 virtus
2685 731 2770 784 es,
2820 719 2878 770 te
2928 716 3336 774 animantibus
3367 717 3487 776 illis
3538 720 3796 779 similem

2135 800 2502 875 exbibe,quas
2533 820 2858 861 venenosae
2890 805 3043 860 feras
3067 806 3460 875 insectantur,
3494 813 3560 864 ut
3587 813 3794 883 procul

2135 907 2169 944 a
2215 892 2384 946 nobis
2462 893 2937 965 improbissimos
3021 895 3269 967 spiritus
3355 901 3607 954 avertas.
3687 901 3789 968 Te,

2135 979 2400 1052 inquam,
2432 981 2552 1036 illis
2584 982 2838 1038 similem
2873 985 3350 1055 praestayeniens
3383 986 3444 1040 in
3478 987 3796 1060 magistras

2134 1069 2384 1136 animas,
2446 1087 2577 1142 quae
2630 1072 2786 1126 inter
2874 1072 3199 1144 discipulas
3282 1076 3796 1146 perturbationum

2133 1157 2414 1215 ﬂuctibus
2440 1161 2773 1232 depressas,
2810 1162 3104 1217 montium
3137 1162 3327 1218 instar
3356 1164 3650 1222 excellunt
3682 1182 3696 1221 :
3732 1173 3799 1223 ut

2132 1247 2400 1320 ipsarum
2466 1267 2644 1322 opera
2692 1250 2984 1322 propellas
3037 1255 3095 1307 et
3161 1253 3332 1324 fugas
3379 1253 3604 1310 bestias
3662 1255 3797 1313 illas

2133 1338 2468 1410 pestiferas,
2525 1356 2656 1411 quae
2713 1340 3046 1397 naturalem
3123 1343 3370 1398 rudium
3457 1345 3796 1402 animarum

2132 1426 2589 1498 aequabilitatem
2639 1434 2941 1497 excavant,
2999 1431 3060 1486 in
3117 1432 3323 1504 eisque
3374 1434 3489 1489 sibi
3538 1433 3798 1493 latebras

2133 1516 2525 1573 constituunt.
2572 1521 2766 1590 Atque
2814 1519 2898 1576 ita
2962 1519 3282 1592 pristinam
3331 1521 3451 1580 illis
3506 1522 3797 1581 virtutum

2131 1605 2591 1678 aequabilitatem
2625 1609 2822 1665 redde.

2729 1717 2916 1772 Trium
2943 1716 3200 1773 Patrum.

2202 1801 2334 1857 Hac
2381 1801 2566 1876 igitur
2596 1804 2879 1876 magistra
2929 1821 3063 1860 cum
3095 1807 3168 1861 de
3216 1804 3525 1879 discipulis
3576 1825 3796 1881 sponso

2131 1891 2534 1960 disseruisset,
2566 1894 2638 1949 ad
2671 1911 2772 1950 eas
2823 1911 2958 1950 mox
2995 1911 3334 1952 sermonem
3380 1899 3708 1968 convertit;
3742 1902 3800 1955 et

354 1980 542 2058 τρὲπει
572 1980 669 2035 τὸν
702 1978 889 2055 λόγον,
941 1980 1033 2034 καὶ
1083 1980 1149 2034 τὰ
1191 1978 1371 2035 οἲκεῖα
1411 1979 1750 2056 ἐξηγουμένη
1812 1980 2019 2048 αὐταῖς,

2141 1999 2259 2054 quas
2304 1982 2375 2037 ad
2419 1999 2484 2038 se
2530 1983 2723 2054 ipsam
2770 1984 3108 2055 pertinent,
3160 1986 3440 2058 exponit;
3496 1991 3673 2059 atque
3716 1989 3799 2044 ita

347 2073 438 2125 καὶ
505 2067 597 2124 διὰ
643 2069 853 2124 τούτων
903 2067 1106 2131 ταύτας
1137 2067 1339 2145 ἰνάγειν
1395 2067 1774 2145 ἐπιχειροῦσα,
1834 2069 2020 2147 φησίν·

365 2159 490 2215 Ἐπὶ
547 2157 737 2228 κοίτην
795 2179 901 2232 μου
962 2156 1014 2212 ἂν
1074 2157 1220 2229 νυξὶν
1273 2157 1514 2229 ἐζήτησα
1565 2159 1622 2213 ὅν
1683 2159 2026 2234 ἠγάπησενὴ

367 2249 524 2325 ψυχή
583 2267 708 2321 μου·
770 2244 939 2324 ἤγουν
1001 2247 1051 2302 ἐν
1115 2247 1270 2322 σαρκί
1330 2247 1572 2326 μου,ἐφ³
1622 2246 1908 2322 ᾗέδόκουν
1942 2244 2029 2302 διὰ

370 2338 435 2392 τὸ
482 2343 596 2391 κατ’
650 2335 819 2392 αὖτθν
879 2333 983 2406 ἡδὺ
1043 2335 1405 2400 ἀναπαύεσθαι
1489 2335 1544 2391 ἒν
1603 2341 1693 2391 τατ
1822 2336 1864 2386 F‘
1967 2343 1994 2355 ’

777 2377 786 2406 ι
1414 2382 1428 2407 ,
1680 2359 1722 2399 ,ς
1754 2359 1867 2408 vo,“
1927 2357 2027 2406 της

376 2426 598 2502 ἀγνοίας
625 2425 862 2497 ἐζήτησα
889 2423 952 2480 τὸ
994 2423 1197 2502 κυρίως
1247 2424 1439 2496 καλὸν,
1468 2422 1600 2502 ὅπερ
1660 2425 1768 2480 ἐστῖ
1822 2427 1849 2480 ὁ
1903 2423 2025 2499 ἐμοὶ

378 2515 731 2592 ἠγαπημένος
785 2513 1023 2589 νυμφίος
1059 2559 1074 2586 ,
1127 2515 1306 2587 εὑρεῖν
1343 2557 1357 2583 ,
1415 2514 1552 2570 κατὰ
1605 2516 1666 2569 τὸ
1721 2514 2028 2589 εἶρημὲννην,

369 2604 452 2661 ὅτι
510 2604 602 2678 νὺξ
659 2606 728 2674 ἧν
788 2605 912 2674 περὶ
969 2603 1067 2678 ἒμὶ
1120 2605 1220 2672 τήν
1264 2602 1531 2676 δείλαιον,
1587 2604 1676 2659 καὶ
1713 2604 1811 2659 οὐκ
1840 2602 2027 2679 ἔγνων·

367 2693 651 2773 φωτισμὸν
733 2691 837 2769 γὰρ
931 2695 1066 2748 εἴναι
1150 2694 1250 2761 τὴν
1333 2693 1540 2771 τρυφὴν
1622 2687 2028 2764 ὑπελάμϐανον.

368 2785 643 2854 Ἐζήτησα
731 2783 890 2837 αὐτὸν
977 2781 1068 2837 καὶ
1153 2781 1260 2858 οὐχ
1341 2782 1494 2858 εὗρον
1565 2781 1747 2851 αὐτὸν,
1805 2781 2033 2838 ἐκάλεσα

366 2872 552 2942 αὐτὸν,
609 2872 699 2927 καὶ
756 2871 866 2947 οὑχ
924 2871 1200 2942 ὑπήκουσέ
1262 2892 1367 2944 μου
1400 2891 1411 2904 ·
1471 2869 1688 2941 δηλαδὴ
1751 2873 2030 2942 ζητήσασα

367 2960 529 3017 αὐτὸν
587 2959 642 3016 ἓν
693 2966 808 3023 τοῖς
839 2962 976 3016 κατὰ
1007 2961 1178 3036 σάρκα
1207 2957 1414 3030 ἠδὲσιν,
1452 2960 1558 3036 οὐχ
1592 2961 1770 3036 εὗρον.
1805 2958 2029 3030 Ἐπειδή

365 3051 439 3122 τῇ
465 3053 698 3123 σαρκικῇ
747 3047 925 3120 ἡδονῇ
953 3053 1194 3126 φυσικῶς
1227 3049 1255 3102 ὁ
1308 3047 1474 3110 πόνος
1529 3048 1882 3119 ςυνὲξεῦκται·
1946 3048 2031 3106 ὅτι

371 3143 598 3216 φθορᾶς,
648 3141 771 3207 ἣτις
830 3135 997 3208 ὀδύνη
1059 3137 1226 3206 ἐστὶν,
1283 3140 1318 3207 ἡ
1377 3139 1493 3193 κατ’
1553 3133 1800 3208 αἴσθησιν
1860 3135 2034 3207 ἡδονὴ

367 3227 576 3306 γένεσις
613 3270 624 3282 .
703 3227 1000 3284 Κᾶντεῦθεν
1060 3227 1152 3281 ἀπ’
1208 3227 1379 3296 αὐτῆς
1439 3223 1614 3301 ἔγνων
1666 3233 1768 3297 τῆς
1819 3227 2035 3304 πείρας,

2137 2071 2336 2126 studet
2364 2087 2463 2128 eas
2491 2071 2824 2129 instituere.
2865 2075 2932 2129 lu
2993 2074 3211 2140 lectulo,
3260 2075 3474 2146 inquit,
3530 2092 3651 2133 meo
3701 2093 3800 2149 per

2136 2167 2321 2215 nocte:
2351 2163 2586 2232 quasiet
2615 2179 2774 2235 quem
2829 2162 3019 2232 diligit
3071 2165 3264 2220 anima
3309 2180 3460 2220 mea.
3509 2167 3572 2220 In
3621 2182 3798 2222 carne

2137 2248 2407 2304 videlicet
2464 2265 2616 2320 mea,
2677 2251 2738 2306 in
2789 2267 2907 2323 qua
2989 2258 3230 2324 propter
3275 2252 3642 2326 voluptatem
3693 2271 3798 2326 per

2141 2341 2340 2393 noctes
2369 2336 2717 2410 ignorantiae
2766 2338 3010 2394 videbar
3057 2340 3493 2412 conquiescere,
3527 2342 3795 2413 quaesivi,

2137 2427 2290 2495 quod
2313 2441 2446 2481 vere
2467 2426 2686 2481 bonum
2705 2429 2795 2482 est
2822 2426 2895 2496 (is
2913 2432 3111 2484 autem
3135 2428 3389 2485 dilectus
3411 2434 3502 2484 est
3535 2447 3795 2502 sponsus

2141 2515 2332 2585 meus)
2361 2513 2642 2570 invenire.
2688 2515 2800 2570 Sed
2849 2514 2978 2587 ipsa
3028 2521 3268 2588 propter
3320 2533 3564 2575 causam
3614 2535 3795 2591 quam

2139 2603 2615 2673 commemoravi,
2669 2603 2813 2675 quia
2864 2605 3146 2661 nimirum
3213 2623 3324 2662 nox
3373 2624 3466 2662 me
3516 2608 3797 2664 miseram

2141 2693 2489 2764 occupabat,
2523 2708 2637 2748 non
2669 2694 2900 2764 agnovi.
2936 2693 3434 2752 Illuminationem
3481 2697 3639 2753 enim
3671 2714 3803 2754 esse

2141 2781 2384 2837 delicias
2414 2781 2763 2837 arbitrabar.
2808 2784 3048 2852 Quaesivi
3074 2784 3258 2856 illum,
3303 2789 3354 2841 et
3401 2801 3512 2842 non
3561 2787 3800 2843 inveni:

2139 2872 2327 2928 vocavi
2354 2887 2499 2942 eum,
2557 2881 2612 2927 et
2669 2888 2778 2927 non
2835 2871 3056 2928 audivit
3110 2889 3216 2930 me.
3275 2875 3524 2940 Quaesivi
3575 2875 3800 2932 scilicet

2140 2961 2336 3033 ipsum
2371 2959 2433 3015 in
2464 2961 2660 3016 carnis
2687 2960 3113 3033 voluptatibus,
3147 2966 3204 3019 et
3235 2980 3352 3018 non
3401 2963 3620 3020 inveni.
3650 2965 3799 3020 Nam

2143 3049 2340 3106 carnis
2369 3049 2656 3122 voluptati
2691 3050 3040 3107 naturaliter
3087 3052 3442 3123 conjunctus
3493 3057 3584 3110 est
3612 3054 3799 3110 dolor.

2145 3138 2549 3210 Corruptionis
2576 3139 2755 3206 enim,
2789 3155 2921 3210 quia
2950 3139 3190 3210 quidem
3222 3144 3312 3197 est
3343 3141 3800 3215 dolor,voluptas

2147 3243 2274 3298 quae
2305 3241 2480 3282 sensu
2515 3226 2855 3298 percipitur,
2879 3230 2971 3283 est
3001 3243 3199 3285 causa.
3232 3231 3601 3301 Quapropter
3627 3245 3801 3302 expe-

371 3317 460 3373 ὅτι
535 3323 637 3386 τῆς
705 3318 841 3371 κατὰ
913 3314 1084 3390 σάρκα
1139 3313 1347 3386 ἡδονῆς
1406 3317 1434 3370 ὁ
1493 3317 1617 3389 ἐμοὶ
1670 3316 2033 3390 ἀγαπώμενος

378 3403 506 3427 »ην
572 3425 582 3427 μ
637 3402 662 3427 β
701 3404 815 3427 ,μη
877 3404 922 3427 ,ν
973 3402 1130 3427 _,,,r_,
1187 3403 1484 3427 ,
1572 3426 1579 3427 ,
1721 3410 1804 3427 ~,
1948 3406 1990 3427 κς

2149 3315 2400 3370 rimento
2449 3313 2628 3369 didici
2679 3313 2962 3370 dilectum
3013 3329 3214 3371 meum
3264 3315 3470 3372 abesse
3519 3331 3552 3370 a
3602 3315 3800 3372 carnis

2147 3401 2564 3427 --_1--_L_L--:_
2616 3419 2720 3427 μ---
2776 3419 2904 3427 -.-μ
2953 3403 3115 3427 31L-..-
3169 3421 3462 3427 _--_--_-_
3542 3407 3606 3427 ..ι
3659 3403 3794 3427 -21..-

371 3403 584 3461 ἄπεστι·
635 3402 822 3479 διόπερ
873 3404 925 3459 ἐν
971 3402 1141 3478 ταύτῃ
1185 3403 1487 3474 καλεσάσης
1521 3426 1626 3478 μου
1655 3410 1843 3460 τοῦτον
1893 3406 2031 3481 πρὸς

368 3493 668 3550 ἀπόλαυσιν
702 3492 933 3561 ἄλυπον,
995 3492 1105 3568 οὐχ
1158 3494 1486 3564 ὑπήκουσεν.
1542 3494 1701 3558 ’Όθεν
1735 3491 2028 3568 διαπορου-

375 3583 512 3656 μὲνη
564 3579 692 3638 τάδε
740 3581 890 3637 εἶπον
941 3582 1076 3658 πρὸς
1157 3580 1398 3654 Ξμαυτήν
1435 3602 1446 3614 ·
1498 3583 1900 3658 Ἀναστήσομαι
1963 3581 2028 3652 δὴ

367 3672 460 3728 καὶ
535 3671 804 3728 κυκλώσω
881 3670 933 3725 ἒν
1006 3673 1075 3744 τῇ
1134 3669 1317 3739 πόλει,
1390 3670 1440 3725 ἐν
1489 3677 1609 3734 ταῖς
1669 3672 1895 3747 ἀγοραῖς
1941 3669 2030 3725 καί

372 3761 426 3819 ἰν
503 3767 620 3824 ταῖς
691 3758 1010 3822 πλατείαιςο
1072 3760 1160 3814 καὶ
1238 3761 1460 3831 ζητήσω
1520 3759 1578 3814 δν
1645 3761 1932 3835 ἠγάπησεν
1993 3761 2028 3828 ἡ

370 3853 526 3927 ψυχή
590 3871 716 3924 μου.
767 3851 949 3921 "Hm,
1019 3847 1386 3924 ὶγερθήσομαι
1445 3849 1550 3903 ἀπὸ
1605 3855 1710 3918 τῆς
1763 3855 2027 3922 σαρκικῆς

373 3941 638 4016 σχέσεως,
723 3939 812 3994 καὶ
899 3939 1164 4012 θεωρήσω
1248 3936 1643 4012 εἰσαγωγικῶς,
1727 3938 1814 3991 καὶ
1889 3936 2030 3991 οὕτω

370 4028 580 4105 πράξω.
624 4027 913 4091 Κάντεῦθεν
975 4023 1064 4082 διὰ
1121 4026 1312 4102 πείρας
1368 4023 1700 4102 τελεώτερον
1743 4027 2026 4100 θεωρήσω·

371 4118 464 4174 καὶ
522 4118 596 4180 ὡς
642 4117 748 4172 ἀπὸ
807 4114 1037 4191 θεωρίας
1088 4115 1396 4192 ἀρχομένη,
1451 4116 1540 4170 καὶ
1599 4114 1675 4180 εἷς
1704 4115 1870 4184 αὐτὴν
1904 4136 2031 4170 κατ-

375 4211 586 4262 αντῶσα
609 4204 879 4261 κυκλώσω
911 4203 963 4259 ἐν
1000 4204 1208 4278 ἐμαυτῇ
1269 4206 1405 4258 κατᾶ
1453 4204 1645 4280 πρᾶξιν
1696 4206 1790 4278 μὲν
1850 4203 2030 4280 ὥσπερ

373 4295 426 4352 ἐν
475 4295 697 4372 ἀγοραῖς
723 4314 872 4356 τινος
901 4292 1142 4365 πόλεως,
1189 4292 1390 4356 πόνους
1444 4297 1535 4347 οἷα
1564 4291 2028 4367 δεδοκιμασμένον

370 4383 630 4461 ἀργύριον
715 4376 1136 4457 μεταϐάλλουσα
1169 4426 1183 4451 ,
1237 4381 1326 4436 καὶ
1398 4381 1739 4456 κομιζομένη
1813 4381 2028 4454 ἀρετάς·

370 4473 508 4530 κατὰ
561 4472 786 4548 θεωρίαν
847 4469 924 4542 δὲ,
991 4472 1065 4534 ὡς
1149 4469 1200 4525 ἰν
1273 4469 1558 4532 πλατείαις
1636 4469 2026 4546 διεξερχομένη

369 4568 493 4626 ταῖς
547 4565 798 4640 φυσικαῖς
852 4560 1106 4635 θεωρίαις
1160 4560 1270 4614 τῶν
1329 4555 1522 4614 ὄντων·
1554 4561 1644 4614 καὶ
1690 4561 1792 4628 τήν
1822 4560 2030 4614 τούτων

373 4651 634 4728 διάφορον
683 4655 886 4726 γνῶσιν
937 4648 1299 4724 συλλέγουσα·
1351 4650 1438 4704 καὶ
1492 4648 1636 4704 οὕτω
1669 4650 1891 4719 ζητήσω
1937 4649 2028 4703 τὸν

372 4739 710 4816 ποθούμενόν
771 4759 866 4813 μοι
917 4739 1093 4814 εὑρεῖν
1129 4780 1144 4796 .

374 4829 530 4908 εὗρον
607 4827 791 4898 αὑτὸν,
860 4824 1089 4882 ἐκάλεσα
1166 4825 1345 4896 αὑτὸν,
1422 4826 1513 4882 καὶ
1590 4826 1697 4901 οὑχ
1754 4824 2029 4896 ὑπήκουσᾶ

379 4940 508 4995 μου.
541 4915 813 4988 Δηλονότε
835 4914 973 4970 κατὰ
999 4914 1189 4992 πρᾶξιν
1206 4915 1298 4970 καὶ
1319 4917 1547 4992 θεωρίαν
1579 4914 1816 4986 ἐζήτησα
1843 4915 2026 4988 αὑτὸν,

378 5007 697 5084 μιμουμένη
709 5050 722 5063 .

369 5097 635 5155 Ἐκάλεσα
662 5097 826 5154 αὑτὸν
857 5094 948 5152 καὶ
979 5095 1089 5170 οὑχ
1121 5091 1396 5166 ὑπήκουσί
1427 5116 1554 5168 μου.

1084 5198 1334 5258 Ψελλοῦ.

371 5296 460 5358 Ὠς
488 5290 675 5366 ὅντως,
709 5290 1093 5363 ἃκατάληπτος
1117 5292 1152 5360 ὴ
1188 5291 1280 5360 σὴ,
1311 5291 1510 5364 Χριστὲ
1545 5311 1672 5364 μου,
1704 5288 1884 5366 φύσις.

373 5385 496 5440 Ἐπὶ
555 5385 654 5454 τὴν
697 5382 892 5453 κοίτην
951 5401 1096 5454 μου,
1155 5381 1329 5456 φησὶ,
1393 5381 1493 5450 τήν
1553 5378 1683 5455 ἄγαν
1741 5379 2026 5454 προκοπήν

1874 5472 2027 5541 [μου,

369 5568 460 5618 Ἐν
490 5562 526 5636 ᾗ
553 5561 643 5617 καὶ
676 5561 921 5639 φθάσασα
954 5557 1148 5614 λοιπὸν
1180 5554 1392 5626 ἤλπισα
1421 5562 1780 5627 καταπαῦσαι,

373 5653 466 5714 Ὠς
496 5649 606 5721 ἤδη
637 5650 700 5705 τὸ
726 5643 1022 5722 ἀκρότατον
1054 5646 1269 5700 πάντων
1301 5641 1701 5702 καταλαϐοῦσα·

375 5743 544 5802 Ὅταν
566 5739 703 5814 πρὸς
738 5737 903 5794 νύκτα
925 5734 1172 5814 πὶφοακα
1202 5739 1310 5790 τῶν
1345 5737 1502 5790 θειῶν
1542 5735 1887 5812 μυστηρίων,

375 5833 605 5909 Θερμῶς
641 5830 982 5900 ἀναζητοῦσα
1009 5825 1098 5881 τὸν
1133 5823 1308 5900 Λόγον
1341 5825 1430 5882 καὶ
1452 5825 1711 5905 νυμφίον,

1204 4739 1483 4810 Ἐζήτησα
1535 4737 1714 4806 αὐτὸν,
1771 4737 1863 4792 καὶ
1921 4738 2029 4813 οὐχ
2061 4734 2108 4798 D
2137 4739 2321 4807 illum,
2351 4747 2407 4795 et
2435 4753 2550 4793 non
2579 4739 2772 4793 inveni
2819 4754 2838 4791 :

2147 3401 2479 3476 voluptate:
2510 3403 2569 3458 in
2612 3419 2728 3474 qua
2774 3419 2909 3459 cum
2953 3403 3119 3459 illum
3169 3421 3489 3473 vocassem,
3542 3407 3608 3460 ut
3654 3403 3803 3462 citra

2145 3492 2478 3550 molestiam
2505 3491 2846 3564 oblectarer,
2879 3509 2996 3548 non
3030 3492 3256 3548 audivit
3299 3509 3412 3549 me.
3461 3497 3666 3564 Itaque
3713 3494 3801 3549 sic

2146 3581 2556 3637 haesitabunda
2584 3580 2780 3637 locuta
2828 3598 2961 3638 sum
2994 3598 3008 3637 :
3041 3581 3296 3654 Surgam,
3348 3586 3398 3637 et
3449 3582 3692 3638 circuibo
3741 3583 3801 3637 in

2138 3673 2380 3740 civitate,
2433 3672 2494 3726 in
2541 3673 2680 3741 foris
2723 3678 2774 3727 et
2807 3673 3027 3744 plateis,
3062 3679 3112 3727 et
3142 3687 3390 3743 quaram
3419 3686 3580 3744 quem
3610 3671 3802 3742 diligit

2139 3763 2334 3816 anima
2359 3776 2498 3816 mea.
2531 3761 2856 3832 Exsurgam
2889 3760 2959 3816 ab
2991 3760 3197 3816 habitu
3255 3760 3500 3825 carnali,
3551 3764 3608 3814 et
3653 3775 3800 3814 con-

2138 3848 2464 3922 tcmplabor
2501 3849 2784 3920 primum,
2817 3854 2993 3921 atque
3021 3849 3106 3905 ita
3136 3848 3345 3905 faciam
3379 3865 3392 3904 :
3426 3854 3554 3904 tum
3582 3865 3687 3920 per
3707 3863 3804 3904 ex-

2139 3937 2490 4010 perientiam
2523 3937 2840 4009 perfectius
2887 3937 3354 4008 contemplabor.
3396 3938 3468 3993 Et
3513 3942 3797 4008 tanquam

2139 4043 2175 4083 ο,
2231 4025 2726 4098 contemplatione
2786 4025 3075 4097 incipiens
3141 4030 3318 4097 atque
3392 4026 3452 4080 in
3529 4026 3796 4081 eamdem

2140 4116 2438 4184 desinens,
2471 4114 2731 4170 circuibo
2763 4115 2822 4170 in
2857 4131 2950 4171 me
2995 4115 3128 4187 ipsa
3176 4131 3281 4186 per
3327 4113 3615 4170 actionem
3666 4113 3798 4185 qui-

2141 4206 2296 4269 dem,
2345 4203 2524 4260 veluti
2584 4203 2642 4258 in
2703 4204 2845 4260 foris
2899 4204 3152 4275 alicujus
3210 4193 3490 4269 civitatis,
3544 4202 3794 4273 labores,

2140 4295 2310 4367 quasi
2342 4298 2651 4366 argentum
2686 4293 3021 4365 probatum,
3054 4293 3430 4364 impendens,
3464 4297 3523 4348 et
3547 4291 3797 4347 virtutes

2139 4399 2525 4455 comparans:
2552 4399 2656 4454 per
2679 4381 3236 4454 contemplationem
3269 4385 3490 4451 autem,
3512 4383 3798 4454 tanquam

2139 4472 2198 4527 in
2229 4471 2438 4543 plateis
2472 4486 2822 4542 percurrens
2855 4470 2916 4525 in
2944 4469 3318 4526 naturalibus
3349 4486 3548 4526 rerum
3582 4485 3798 4542 specu-

2138 4560 2481 4629 lationibus,
2513 4565 2573 4615 et
2599 4559 2823 4615 variam
2851 4558 3090 4615 illarum
3124 4559 3434 4615 scientiam
3465 4558 3747 4630 colligens
3780 4575 3794 4613 :

2138 4654 2314 4722 atque
2344 4650 2446 4719 ita,
2474 4665 2650 4721 quem
2683 4648 2953 4704 desidero
2979 4649 3236 4705 conabor
3267 4647 3799 4716 invenire.Qu£sivz

2887 4738 3079 4793 vocavi
3124 4753 3269 4804 eum,
3301 4742 3374 4806 {et
3421 4751 3531 4792 non
3583 4734 3797 4791 audivit

2135 4844 2243 4884 me.
2278 4827 2410 4898 :Per
2463 4827 2752 4882 actionem
2801 4825 3087 4881 nimirum
3135 4827 3192 4880 et
3235 4823 3795 4897 contemplationem

2137 4915 2381 4990 quaesivi
2409 4914 2578 4971 illum
2609 4914 2917 4970 imitando.

2213 5094 2407 5152 Voeavi
2432 5111 2578 5164 eum,
2610 5100 2797 5150 etnon
2824 5091 3044 5149 audivit
3074 5107 3184 5148 me.

2862 5197 3067 5257 Pselli.

2209 5293 2334 5349 Tua
2409 5291 2661 5364 profecto
2737 5293 2973 5357 natura,
3049 5287 3302 5356 Christe,
3380 5285 3801 5360 comprehendi

2140 5383 2366 5456 nequit.
2399 5382 2518 5453 Ego
2567 5380 2627 5436 in
2676 5378 2891 5434 lectulo
2936 5378 3375 5451 progressionis
3425 5395 3589 5446 mea,
3636 5375 3806 5433 valde

2140 5474 2520 5544 profeceram,
2571 5485 2664 5524 me
2714 5467 3172 5539 conquieturam
3221 5469 3556 5541 sperabam,
3603 5469 3807 5538 utpote

2141 5562 2414 5634 quaejam
2448 5559 2517 5614 ad
2563 5556 2940 5630 perfectionis
2993 5555 3300 5627 fastigium
3351 5556 3752 5629 pervenissem
3789 5571 3803 5612 :

2142 5650 2242 5706 sed
2276 5654 2660 5722 posteaquam
2692 5645 2764 5701 ad
2814 5645 3150 5701 divinorum
3209 5647 3623 5716 mysteriorum
3674 5658 3810 5700 noc-

2141 5742 2260 5796 tem
2305 5736 2546 5808 accessi,
2597 5734 2825 5791 ardenti
2875 5734 3071 5790 studio
3122 5735 3375 5792 Verbum
3427 5740 3486 5792 et
3517 5747 3801 5808 sponsum

2140 5825 2551 5901 quaerens,illic
2581 5840 2717 5882 eum
2750 5823 2914 5881 nullo
2946 5824 3119 5881 modo
3153 5825 3542 5898 conspicuum
3572 5817 3798 5878 inveni.
