4110 6440
324 462 444 524 599

1660 437 2087 501 MICHAELIS
2135 440 2403 500 PSELLI

3621 439 3743 499 600

329 597 597 662 Cumque
645 603 850 643 rursus
900 583 1069 639 illum
1129 594 1451 642 vocassem,
1504 591 1619 630 non
1672 571 1975 644 respondit

2114 570 2215 644 ὶύχ
2245 571 2398 644 εὗρον
2429 575 2619 626 τοῦτον
2653 571 2909 647 οὐδαμῶς
2944 574 3114 630 ἐκεῖσε
3143 572 3440 652 πεφηνότα.

329 681 497 739 mihi.
531 682 716 744 Quam
749 665 884 731 vere
911 688 1131 744 sponsa
1161 665 1621 724 sollicitudinem
1668 665 1980 732 exaggerat

331 769 531 829 suam!
585 766 758 824 Nulla
813 763 971 818 enim
1032 759 1249 826 anima,
1307 757 1444 810 licet
1502 754 1574 809 ad
1635 750 1977 822 angelorum

332 859 747 934 perfectionem
783 853 1040 915 accedat,
1069 854 1127 904 et
1158 848 1227 902 ad
1282 861 1476 900 rerum
1528 842 1765 913 penitus
1816 854 1976 892 arca-

332 931 544 1006 narum
593 944 988 1017 cognitionem
1041 937 1361 1011 perveniat,
1394 950 1458 989 se
1487 931 1747 986 divinam
1778 942 1978 983 essen-

329 1040 472 1095 tiam
504 1038 900 1106 inspecturam
933 1033 1144 1101 speret.
1179 1025 1420 1090 Quando
1466 1021 1647 1093 igitur
1693 1031 1977 1089 sponsum

332 1143 508 1200 quem
541 1105 1032 1196 quaesiverat,non
1064 1115 1306 1180 invenit,
1332 1106 1816 1179 audiamus,quid
1850 1105 1981 1176 ipsa

327 1216 486 1274 velit.
517 1215 606 1270 Sic
635 1212 794 1269 enim
828 1210 910 1266 ait
938 1225 952 1264 :

400 1307 637 1377 Surgam
670 1306 821 1375 jam,
867 1307 923 1355 et
966 1296 1212 1355 circuibo
1255 1295 1317 1348 in
1362 1293 1604 1358 civitate,
1657 1290 1718 1344 in
1763 1288 1901 1359 foris
1931 1293 1982 1342 et

328 1400 388 1452 in
411 1395 615 1467 plateis
641 1410 656 1448 :
689 1395 743 1448 et
770 1404 1020 1462 quaeram
1044 1401 1205 1458 quem
1232 1383 1422 1451 diligit
1452 1382 1643 1437 anima
1672 1377 1980 1467 mea.Quse-

327 1465 436 1542 sivi
463 1485 646 1549 illum,
679 1485 732 1537 et
759 1495 870 1536 non
898 1477 1104 1542 inveni,
1143 1473 1342 1530 Vocavi
1367 1487 1514 1539 cum,
1564 1473 1616 1525 et
1661 1484 1772 1523 non
1818 1465 1979 1521 audi-

330 1577 407 1631 vit
432 1589 537 1630 me.

401 1753 748 1823 Exsurgam,
780 1745 994 1818 inquit,
1027 1748 1083 1799 et
1109 1741 1442 1815 perquiram
1476 1738 1978 1806 illum.Naturam,

334 1859 460 1913 quae
494 1839 716 1895 mundo
763 1835 1118 1899 continetur,
1169 1831 1503 1886 universam
1551 1825 1975 1900 pervestigabo.

2092 659 2189 714 Καὶ
2221 661 2386 715 πάλιν
2418 665 2607 716 τοῦτον
2639 661 2902 734 κέκληκα,
2933 662 3079 732 πλὴν
3125 665 3234 739 οὐχ
3286 657 3565 731 ὑπήκουσέ
3616 679 3740 732 μου.

2088 748 2176 809 Ὦς
2211 749 2430 820 άληθῶς
2462 750 2794 827 ἐκτραγῳδεῐ
2823 754 2951 818 τοὺς
2983 755 3180 829 λόγους
3211 757 3245 823 ἡ
3278 750 3570 826 παρθένος·

2090 841 2258 912 Ψυχὴ
2294 841 2397 915 γὰρ
2428 846 2570 895 πᾶσα
2600 844 2826 919 καθαρὰ,
2860 844 2955 898 κᾶν
2986 845 3122 919 πρὸς
3158 841 3422 918 ἀγγέλους
3455 841 3650 918 φθάσῃ,

2092 928 2189 981 Καὶ
2220 933 2327 982 τῶν
2358 928 2564 984 ἀδύτων
2595 929 2786 986 ἔσωθεν
2815 932 3032 1008 εἰσέλθῃ
3063 937 3168 987 τῶν
3205 931 3478 1008 ἀῤῥήτῶν,

2090 1019 2182 1086 Μὴ
2213 1021 2483 1092 νομιζέτω
2509 1019 2746 1077 κατιδεῖν
2778 1025 2876 1092 τὴν
2906 1025 3088 1093 θε¹ικῆν
3120 1022 3329 1079 οὐσίαν.

2091 1108 2239 1162 Ἐπεὶ
2270 1114 2397 1184 γοῦν
2428 1112 2502 1172 ὡς
2533 1109 2792 1182 ἐζήτησεν
2826 1112 2933 1188 οὐχ
2964 1114 3082 1189 εὗρε
3122 1113 3213 1167 τὸν
3237 1109 3490 1187 νυμφίον,

2090 1197 2440 1272 ’Δκούσωμεν
2470 1200 2520 1253 τί
2555 1201 2833 1276 βούλεται.
2869 1203 3011 1273 Φησὶ
3045 1203 3147 1277 γὰρ
3189 1199 3330 1255 οὕτω
3361 1196 3527 1254 πάλιν
3550 1218 3562 1230 ο

2163 1291 2564 1364 Ἀναστήσομαι
2652 1290 2742 1364 δὴ,
2822 1294 2912 1348 καὶ
2997 1292 3267 1348 κυκλώσω
3323 1291 3373 1346 έν
3433 1293 3500 1364 τῇ
3561 1285 3746 1360 πόλει,

2090 1377 2140 1432 ἐν
2194 1380 2438 1454 ἀγοραῖς,
2495 1382 2586 1435 καὶ
2667 1380 2717 1435 έν
2793 1389 2914 1446 ταῖς
2989 1382 3294 1448 πλατείαις,
3356 1379 3442 1435 καὶ
3525 1379 3747 1449 ζητήσω

2090 1468 2149 1523 ’ὸν
2202 1467 2479 1542 ἠγάπησεν
2561 1473 2595 1539 ἡ
2675 1474 2826 1546 ψυχή
2893 1493 2997 1543 μου
3032 1491 3044 1502 θ
3096 1470 3336 1541 ἐζήτησα
3410 1467 3606 1539 αὐτὸν,
3657 1466 3749 1521 καὶ

2091 1556 2200 1632 οὐχ
2279 1559 2473 1632 εὗρον,
2535 1559 2765 1615 ἐκάλεσα
2848 1560 3044 1628 αὐτὸν,
3107 1561 3198 1615 καὶ
3282 1559 3391 1634 οὐχ
3472 1555 3749 1627 ὑπήκουσέ

2095 1668 2220 1721 μου.

2163 1737 2648 1810 Ἐξαναστήσομαι,
2682 1739 2834 1816 φησὶ,
2868 1739 2957 1796 καὶ
2991 1737 3305 1818 ψηλαφήσω
3348 1742 3562 1809 τοῦτον,

2092 1825 2194 1882 Καὶ
2227 1831 2399 1881 πᾶσαν
2432 1828 2794 1902 ὑπερκόσμιον
2829 1830 3225 1904 περικυκλώσω
3257 1829 3436 1906 φύσιν,

335 1932 497 1987 Hanc
547 1929 704 1985 enim
738 1926 1037 1983 civitatem
1069 1919 1326 1994 appellat
1356 1919 1461 1974 hoc
1492 1917 1617 1972 loco
1651 1933 1664 1971 :
1699 1915 1978 1988 quemad-

2114 1917 2186 1972 Ην
2220 1913 2384 1970 πόλιν
2421 1916 2767 1992 ἐπωνόμασεν
2809 1921 2836 1973 ὁ
2870 1919 3031 1996 λόγος
3062 1923 3168 1974 τῶν
3201 1915 3516 1990 ’ᾼσμᾶἔτων,

340 2021 583 2075 modum
615 2022 673 2072 et
704 2033 806 2087 per
841 2013 1065 2087 plateas
1097 2010 1372 2082 intelligit
1402 2012 1587 2063 coetus
1618 2005 1981 2078 angelorum.

331 2110 416 2165 Ad
451 2108 612 2162 illius
645 2103 1064 2178 igitur,inquit,
1089 2098 1600 2170 investigationem
1629 2112 1722 2150 me
1743 2093 1983 2150 contuli.

333 2202 519 2269 Atque
542 2196 653 2251 hoc
684 2192 978 2267 proposito
1011 2195 1068 2245 et
1096 2188 1341 2245 consilio
1373 2191 1615 2242 naturas
1643 2185 1984 2257 angelorum

333 2304 538 2344 omnes
571 2300 782 2356 magno
814 2283 1011 2338 labore
1040 2279 1354 2352 exploravi,
1389 2293 1654 2349 sperans,
1691 2291 1782 2330 me
1811 2274 1985 2329 illum

331 2378 392 2432 in
426 2375 650 2448 angelis
681 2375 1102 2429 assecuturam.
1137 2368 1353 2424 Verum
1405 2383 1538 2422 cum
1589 2366 1785 2437 ipsum
1834 2363 1988 2418 inter

333 2463 569 2536 angelos
595 2465 1004 2534 perscrutater,
1037 2463 1102 2514 ut
1131 2457 1269 2529 quia
1298 2456 1611 2528 qualisque
1641 2452 1987 2520 esset,unde

331 2551 689 2624 principium
747 2549 1008 2614 haberet,
1068 2551 1125 2602 et
1175 2563 1290 2618 quo
1343 2545 1455 2600 ﬁne
1519 2543 1984 2613 concluderetur,

334 2641 752 2713 intelligerem,
785 2637 1062 2694 custodes
1093 2652 1359 2707 supernae
1403 2633 1655 2688 civitatis
1703 2633 1838 2687 Sion
1896 2647 1988 2686 me

335 2732 753 2802 pervagantem
784 2731 960 2799 atque
991 2721 1391 2797 inquirentem
1417 2724 1867 2793 conspexerunt.
1892 2720 1987 2776 Sic

337 2817 495 2874 enim
527 2815 926 2873 narrationem
959 2813 1333 2887 persequitur
1361 2827 1531 2868 suam
1566 2827 1579 2865 :

411 3000 746 3052 Invenerunt
777 3010 862 3050 me
889 2992 1154 3065 custodes,
1187 2993 1284 3064 qui
1312 2992 1512 3048 obeunt
1540 2991 1835 3048 civitatem.

341 3179 514 3246 Tum,
544 3174 758 3246 inquit,
791 3177 1130 3247 percontata
1156 3189 1285 3228 sum
1320 3171 1451 3227 illos
1486 3188 1498 3227 :

401 3265 568 3335 Num,
600 3280 761 3337 quem
789 3263 975 3334 diligit
999 3265 1189 3318 anima
1214 3279 1359 3327 mea,
1392 3261 1644 3316 vidistis?

401 3355 723 3426 Sperabam
769 3354 925 3408 enim
979 3352 1234 3423 profecto
1284 3351 1542 3405 Verbum
1595 3355 1653 3404 et
1699 3365 1981 3420 sponsum

329 3458 529 3498 meum
564 3443 623 3498 in
655 3441 880 3513 angelis
912 3441 1121 3496 saltem
1168 3439 1415 3509 intelligi
1465 3444 1522 3493 et
1570 3437 1986 3510 comprehendi

329 3547 523 3601 posse.
554 3529 796 3596 Verum,
830 3545 963 3584 cum
1009 3533 1066 3584 et
1112 3528 1220 3584 hos
1264 3528 1788 3583 animadverteram
1838 3526 1985 3582 nihil

327 3619 498 3692 scire,
533 3620 606 3675 ab
637 3619 722 3674 eis
757 3618 1058 3685 haesitans,
1091 3617 1306 3688 inquit,
1339 3616 1574 3672 recessi.
1631 3617 1711 3672 Ab
1762 3616 1986 3688 angelis

327 3713 524 3764 autem
556 3707 713 3762 haud
745 3707 827 3762 ita
880 3707 1078 3777 procul
1130 3722 1556 3772 concesseram,
1609 3722 1740 3760 cum
1792 3707 1985 3761 inveni

329 3813 504 3868 quem
538 3796 737 3867 diligit
767 3795 968 3851 anima
997 3812 1144 3850 mea.
1179 3800 1254 3849 Ut
1285 3793 1616 3866 paululum,
1648 3794 1860 3864 inquit,
1912 3795 1985 3850 ab

330 3885 557 3956 angelis
590 3885 926 3956 pertransii,
958 3901 1062 3955 per
1093 3885 1266 3940 ﬁdem
1298 3884 1656 3955 intelligens,
1681 3885 1983 3940 Christum

332 3973 794 4044 omnipotentem
828 3980 886 4030 et
933 3973 1188 4029 Verbum
1233 3976 1411 4029 Deum
1463 3979 1638 4044 atque
1685 3973 1985 4028 hominem

332 4063 490 4118 nulla
521 4063 746 4118 ratione
773 4063 1190 4134 comprehendi
1226 4079 1422 4133 posse,
1458 4063 1650 4117 inveni
1681 4063 1877 4134 ipsum
1925 4063 1983 4118 in

330 4151 404 4206 iis
453 4168 581 4222 qua;
631 4152 853 4223 ingenii
909 4151 1271 4222 rationisque
1301 4152 1417 4205 vim
1450 4155 1626 4221 atque
1658 4152 1984 4226 intelligen-

332 4241 474 4296 tiam
503 4257 737 4296 omnem
770 4241 1282 4311 superant.Divina
1310 4241 1467 4293 enim
1498 4237 1671 4294 Verbi
1695 4259 1761 4297 ac
1784 4242 1984 4314 sponsi

330 4334 540 4385 natura
587 4346 654 4384 eo
703 4334 956 4396 tantum,
1011 4346 1126 4399 quo
1179 4345 1295 4382 non
1348 4345 1519 4398 posse
1571 4333 1984 4403 comprehendi

329 4418 724 4489 cognoscitur,
758 4418 822 4472 ﬁt
848 4415 1452 4488 comprehensibilis;

405 4507 587 4560 Tenui
616 4522 761 4575 eum,
790 4521 890 4561 nec
918 4505 1133 4560 dimisi.
1169 4506 1338 4561 donec
1371 4507 1775 4563 introduxerim
1810 4509 1984 4564 illum

328 4595 391 4648 in
421 4593 645 4649 domum
675 4595 875 4649 matris
905 4609 1064 4660 meae,
1096 4602 1146 4649 et
1176 4596 1235 4649 in
1267 4595 1586 4651 cubiculum
1634 4598 1810 4664 illius,
1861 4613 1986 4670 qua:

328 4700 416 4740 me
443 4685 713 4754 concepit.

402 4772 689 4836 Quoniam
722 4771 1306 4844 incomprehensum,
1339 4774 1552 4854 inquit,
1569 4775 1736 4831 illum
1766 4777 1982 4850 inveni,

330 4861 491 4916 intus
575 4877 708 4916 eum
787 4860 967 4929 tenui,
1028 4866 1085 4917 et
1155 4863 1347 4918 medio
1419 4865 1633 4931 cordis,
1706 4866 1985 4939 Patrique

331 4954 685 5004 coaeternum
741 4965 871 5006 esse
926 4951 1190 5023 cognovi.
1249 4953 1366 5009 Nos
1426 4953 1582 5008 enim
1645 4955 1877 5024 domus,
1929 4961 1986 5011 et

331 5037 571 5110 templa,
631 5043 688 5094 et
741 5038 1012 5095 cubicula
1068 5059 1279 5098 sumus
1335 5042 1590 5115 Spiritus
1651 5044 1865 5114 sancti,
1922 5051 1986 5101 ut

335 5128 551 5184 Paulus
583 5128 666 5184 ait
699 5129 764 5198 ³³,
797 5129 898 5200 qui
931 5135 987 5186 et
1015 5132 1221 5204 genuit
1251 5149 1356 5188 nos
1383 5138 1438 5188 et
1470 5134 1673 5206 nutrit,
1707 5137 1984 5208 quemad-

336 5219 578 5275 modum
610 5217 736 5290 ipse
769 5219 948 5275 novit.

1059 5328 1250 5383 Pselli.

399 5431 510 5487 Sed
543 5434 1005 5504 praestantiorem
1039 5452 1257 5506 sponsa
1280 5453 1657 5508 progressum
1691 5445 1982 5509 assecuta,

327 5539 536 5579 rursus
563 5524 786 5580 amicos
818 5531 985 5595 urget
1011 5525 1103 5581 his
1139 5527 1326 5582 verbis
1361 5544 1374 5582 :

397 5611 673 5683 Adjuravi
700 5629 811 5681 vos,
844 5614 976 5684 ﬁlia
1004 5618 1336 5685 Jerusalem,
1370 5633 1475 5686 per
1508 5620 1735 5675 virtutes
1763 5629 1814 5676 et
1859 5620 1982 5694 for-

400 5793 444 5829 ⁸⁸
479 5794 502 5850 Ι
533 5791 660 5850 Cor.
695 5810 777 5863 ui,
815 5795 912 5865 16;
947 5813 1022 5866 vn,
1058 5798 1145 5868 19,
1180 5798 1388 5869 II_Cor.
1419 5817 1497 5872 v1,
1531 5802 1616 5857 16.

2097 2007 2284 2069 Καθώς
2314 2026 2411 2080 περ
2447 2008 2589 2062 εἶπεν
2623 2007 2825 2083 ἀγοράς
2855 2009 2949 2069 τὰς
2982 2005 3092 2063 όένω
3123 2006 3478 2082 πανηγύρεις.

2093 2099 2180 2155 Ὠς
2209 2099 2336 2170 γοῦν
2371 2095 2594 2165 ἀνέστην
2630 2094 2719 2166 δὴ,
2753 2097 2909 2174 φησὶ,
2942 2096 3082 2171 πρὸς
3123 2098 3347 2166 ζήτησιν
3379 2093 3601 2151 ἐκείνου.

2096 2185 2194 2240 Καὶ
2225 2189 2305 2256 τῷ
2336 2183 2524 2257 σκοπῷ
2548 2185 2637 2240 καὶ
2672 2184 2924 2262 λογισμῷ
2967 2186 3062 2248 τὰς
3099 2189 3204 2239 τῶν
3258 2182 3499 2258 ἀγγέλων
3543 2181 3748 2259 φύσεις,

2095 2274 2331 2335 Ἀπάσας
2362 2274 2691 2347 ἐξηρεύνησα
2726 2275 2860 2348 μετά
2888 2273 3107 2328 πολλοῦ
3130 2279 3226 2329 τοῦ
3259 2275 3452 2342 πόνου,

2097 2361 2429 2431 Ἐλπίζουσα
2458 2359 2782 2419 καταλαϐεῖν
2813 2364 2971 2418 αὐτὸν
2997 2363 3046 2417 έν
3080 2369 3197 2427 τοῖς
3227 2363 3502 2438 ἀγγέλοις.

2095 2452 2184 2512 Ὠς
2217 2450 2534 2528 ἐψηλάφουν
2563 2456 2857 2527 τοιγαροῦν
2890 2453 3050 2507 αὐτὸν
3081 2450 3132 2506 ἐν
3161 2456 3276 2513 τοῖς
3310 2447 3589 2526 ἀγγέλοις,

2095 2541 2284 2602 ’Ὀπως
2319 2540 2377 2595 ἂν
2417 2542 2571 2612 μάθω
2601 2542 2680 2604 τίς
2712 2541 2822 2597 ἐστι
2852 2542 2941 2596 καὶ
2981 2541 3224 2604 ποταπὸς
3254 2541 3533 2616 τυγχάνει,

2098 2632 2196 2688 Καὶ
2227 2631 2385 2686 πόθεν
2416 2630 2532 2707 ἔχει
2562 2633 2660 2700 τὴν
2693 2634 2895 2709 ἀρχὴν,
2926 2631 3016 2687 καὶ
3044 2633 3148 2688 τίνι
3177 2629 3498 2706 καταλήγει,

2097 2721 2164 2778 Οἱ
2195 2719 2432 2797 φύλακες
2463 2727 2564 2790 τῆς
2594 2722 2810 2789 πόλεως
2847 2722 2989 2777 Σιὼν
3020 2725 3119 2788 τῆς
3150 2721 3453 2791 ἀνωτάτης,

2097 2814 2518 2886 Περινοστοῦσαν
2553 2809 2693 2866 εἶδόν
2730 2833 2796 2884 με
2821 2812 2917 2879 τὴν
2949 2809 3131 2880 πόλιν,
3159 2810 3247 2866 καὶ
3284 2814 3567 2879 ζητοῦσαν.

2099 2900 2244 2969 Φησὶ
2274 2900 2374 2976 γὰρ
2407 2900 2550 2955 οὕτω
2580 2901 2806 2971 καθεξῆς
2840 2901 3019 2973 ὥσπερ
3048 2898 3402 2978 ἀφηγουμένη
3430 2917 3443 2931 ⁶

2171 2991 2412 3066 Εῦροσαν
2477 3012 2544 3063 με
2602 2993 2652 3045 ol
2707 2996 3023 3067 τηροῦντες,
3081 2991 3133 3044 οἱ
3184 2987 3513 3050 κυκλοῦντες
3571 2987 3624 3043 ἐν
3683 2987 3752 3063 τῇ

2099 3078 2282 3135 πόλει.

2100 3171 2250 3235 Εἶτα,
2284 3168 2466 3246 φησὶν,
2497 3169 2763 3242 ἠρώτησα
2793 3170 2928 3244 πρὸς
2959 3169 3086 3230 τοὺς
3120 3165 3392 3244 ἀγγέλους
3414 3164 3571 3222 τάδε’

2101 3259 2194 3326 Μή
2226 3259 2283 3312 ὃν
2318 3258 2599 3333 ἠγάπησεν
2631 3262 2665 3328 ἡ
2699 3261 2850 3333 ψυχή
2889 3280 3015 3331 μου,
3051 3256 3190 3312 ἴδετε
3219 3277 3232 3326 ;

2100 3347 2367 3414 Ἥλπιζον
2399 3349 2499 3420 γὰρ
2532 3348 2604 3408 ὡς
2635 3347 2882 3416 ἀληθῶς,
2913 3347 3008 3401 κάν
3041 3353 3158 3410 τοῖς
3189 3343 3444 3422 ἀγγέλοις
3478 3345 3610 3400 εἶναι

2098 3435 2457 3506 Καταληπτὸν
2490 3439 2577 3492 καὶ
2615 3437 2872 3514 προσιτὸν
2905 3437 2997 3492 τὸν
3031 3438 3203 3511 Λόγον
3234 3436 3324 3491 καὶ
3354 3435 3606 3514 νυμφίον.

2099 3527 2249 3584 Ἐπεὶ
2281 3523 2337 3580 δὲ
2360 3525 2584 3588 τούτους
2611 3523 2822 3601 ἔγνωκα
2855 3523 3022 3600 μηδὲν
3058 3525 3466 3600 ἐπισταμένους,

2097 3612 2385 3688 Παρῆλθον
2419 3613 2569 3679 αὖθις
2607 3615 2696 3670 ἀπ’
2726 3615 2923 3684 αὐτῶν,
2959 3615 3144 3693 φησὶν,
3177 3615 3535 3689 έξαποροῦσα.

2095 3706 2195 3759 Καὶ
2255 3705 2327 3766 ὡς
2385 3705 2578 3781 μικρὸν
2629 3705 2718 3760 ὅτε
2775 3703 3061 3779 παρῆλθον
3118 3705 3209 3759 ἀπ’
3266 3704 3480 3772 αὐτῶν,
3533 3701 3635 3765 ἓως
3688 3702 3751 3757 οὗ

2762 3795 2934 3869 [εὖρον
2968 3795 3026 3849 ὃν
3055 3793 3336 3868 ἠγάπησεν
3370 3797 3404 3862 ἡ
3432 3796 3584 3867 ψυχή
3621 3789 3748 3865 μου’.

2096 3892 2167 3947 Ως
2216 3890 2347 3960 γοῦν
2398 3883 2686 3960 παρῆλθον
2733 3886 2856 3960 γὰρ,
2891 3885 3048 3962 φησὶ,
3089 3885 3284 3960 μικρὸν
3335 3883 3394 3939 ἐκ
3436 3889 3543 3938 τῶν
3593 3884 3746 3958 ἀγγέ-

3587 3973 3752 4045 [λων,

2095 4063 2427 4118 Πιστεύσασα
2457 4068 2533 4135 τῷ
2563 4063 2820 4138 λογισμῷ
2847 4065 2947 4132 τὴν
2983 4061 3361 4136 ἀκαταληψίαν

2093 4154 2204 4208 Τοῦ
2237 4155 2664 4228 ααντοκρατορος
2697 4155 2931 4226 Χριστοῦ
2961 4153 3048 4207 καὶ
3083 4154 3432 4228 θεανθρώπου
3466 4151 3666 4229 Λόγου,

2094 4242 2266 4316 Εὗρον
2300 4241 2457 4296 αὐτὸν
2491 4241 2564 4306 ὠς
2595 4242 2817 4312 ἀληθῶς
2849 4243 2900 4297 ἐν
2928 4248 3046 4304 τοῖς
3081 4242 3508 4313 ἀκαταλήπτοις.

2092 4335 2154 4386 Ἠ
2187 4330 2342 4407 φύσις
2367 4332 2468 4406 γὰρ
2497 4334 2530 4400 ἡ
2566 4333 2719 4401 Θεϊκή
2750 4329 2847 4386 τοῦ
2878 4332 3059 4406 Λόγου
3090 4331 3178 4387 καὶ
3208 4332 3471 4406 νυμφίου,

2094 4424 2185 4491 Τῷ
2220 4421 2294 4492 μὴ
2327 4415 2835 4493 καταλαμϐάνεσθαι
2867 4419 3196 4491 καταληπτὴ
3228 4422 3504 4497 τυγχάνει.

2167 4510 2472 4583 Ἐκράτησα
2555 4509 2714 4564 αὐτὸν
2800 4509 2889 4564 καὶ
2970 4509 3069 4564 οὐκ
3142 4510 3324 4586 ἀφῆκα
3399 4510 3585 4578 αὐτὸν,
3641 4506 3748 4571 ἕως

2097 4597 2159 4651 οὗ
2213 4599 2500 4675 εἰσήγαγον
2581 4600 2739 4654 αὑτὸν
2825 4600 2900 4661 είς
2985 4599 3077 4654 τὸν
3160 4601 3304 4654 οἶκον
3375 4606 3476 4670 τῆς
3536 4601 3746 4674 μητρός

2011 4679 2220 4761 Πμου,
2279 4689 2370 4742 καὶ
2448 4689 2524 4752 εἰς
2595 4689 2656 4744 τὸ
2731 4695 2980 4762 ταμιεῖον
3059 4696 3158 4759 τῆς
3211 4684 3596 4760 συλλαϐούσης
3654 4709 3744 4762 με.

2165 4776 2417 4851 Ἐπείπερ
2447 4773 2828 4842 ἀκατάληπτον
2869 4775 3050 4846 αὑτὸν,
3085 4776 3266 4853 φησὶν,
3301 4774 3547 4852 ἐφεῦρον,

2093 4863 2288 4920 ’Ένδον
2316 4865 2474 4920 αὐτὸν
2509 4865 2778 4940 ἐκράτησα
2806 4866 2896 4920 καὶ
2930 4864 3091 4938 μέσον
3124 4872 3223 4934 τῆς
3252 4863 3502 4940 καρδίας,

2094 4956 2193 5009 Καὶ
2222 4961 2302 5027 τῷ
2332 4953 2500 5026 Πατρί
2533 4955 2869 5030 συνάναρχον
2898 4954 3162 5029 ἐγνώρισα
3190 4955 3498 5030 τυγχάνειν,

2091 5049 2281 5119 Ἡμεῖς
2307 5046 2409 5122 γὰρ
2443 5045 2582 5100 οἶκοι
2615 5046 2705 5100 καὶ
2738 5045 2857 5101 ναοὶ
2887 5045 2976 5099 καὶ
3013 5044 3249 5118 μάλιστα
3280 5051 3479 5118 ταμεῖα

2092 5140 2197 5190 Τοῦ
2227 5135 2545 5209 Πνεύματος
2573 5134 2942 5211 τυγχάνομεν,
2975 5136 3110 5190 κατὰ
3144 5135 3237 5191 τὸν
3286 5137 3449 5211 μέγαν
3505 5134 3750 5207 Παῦλον,

2091 5229 2197 5280 Τοῦ
2227 5225 2316 5279 καὶ
2347 5227 2704 5300 γεννήσαντος
2735 5227 2882 5297 ἡμᾶς
2912 5223 3000 5279 καὶ
3040 5225 3350 5303 τρέφοντος,
3381 5224 3454 5287 ὠς
3491 5222 3621 5281 οἶδε.

2798 5330 3045 5388 Ψελλοῦ.

2166 5439 2345 5496 Ἀλλὰ
2385 5441 2483 5506 τήν
2535 5439 2764 5512 κρείττω
2812 5446 3099 5514 προκοπήν
3127 5443 3160 5510 ἠ
3192 5442 3375 5518 νύμφη
3409 5441 3752 5518 ψηλαφῶσας

2095 5530 2262 5586 πάλιν
2293 5528 2419 5590 τοὺς
2461 5527 2657 5606 φίλους
2690 5525 2948 5584 δυσωπεῖ.
2986 5531 3128 5598 Φησὶ
3183 5531 3283 5603 γὰρ
3323 5529 3538 5592 τούτοις
3579 5525 3708 5584 τάδε
3738 5547 3750 5559 °

2163 5622 2394 5694 ’Ὠρκισα
2467 5618 2628 5692 ὑμᾶς,
2706 5617 2992 5694 θυγατέρες
3065 5617 3449 5695 Ἰερουσαλὴμ,
3506 5617 3557 5673 ἐν
3633 5622 3756 5679 ταῖς
