4110 6392
306 495 424 558 601

1356 501 1766 564 COMMENT.
1817 503 1893 562 IN
1939 500 2332 561 CAlV'l‘ICUM
2383 497 2690 558 CANTIC.

3603 495 3722 555 602

311 623 582 700 δυνάμεσι
639 629 730 683 καὶ
813 628 864 684 ἐν
936 636 1057 695 ταῖς
1128 629 1378 708 ἷσχυσεσι
1448 637 1544 688 τοῦ
1614 633 1808 708 ἀγροῦ,
1875 632 1934 688 ἰὰ

2079 632 2345 690 titudiues
2374 633 2526 705 agri,
2557 633 2607 686 si
2652 628 2934 686 suscitctis
2973 631 3027 684 et
3069 628 3324 683 excitatis
3370 625 3721 696 charitatcw,

310 715 560 791 ἓγείρητε
601 717 692 772 καὶ
767 718 1070 796 ἐξεγείρητε
1141 722 1240 790 τὴν
1328 723 1540 797 ἀγάπην
1601 717 1701 784 ἔως
1763 720 1825 776 οὗ
1875 723 1961 776 θε-

310 802 485 880 λήσῃ.

379 897 498 952 Τοῦ
532 895 707 972 λόγου
734 896 930 952 τούτου
961 899 1255 976 φθάσαντες
1287 900 1512 975 εἴπομεν
1542 902 1634 964 τὰς
1658 902 1915 979 ἐμφάσεις
1947 919 1960 934 ·

311 981 516 1061 λόγους
553 985 748 1043 λοιπὸν
781 987 907 1051 τοὺς
943 988 1153 1066 ἐφεξῆς,
1187 991 1261 1054 ὡς
1291 989 1533 1061 δυνατὸν,
1569 992 1845 1050 σκεπτέον.

379 1074 472 1138 Τίς
530 1075 665 1146 αὕτη
727 1079 761 1146 ἡ
844 1073 1203 1134 ἀναϐαίνουσα
1288 1080 1393 1136 ἀπὸ
1456 1089 1555 1151 τῆς
1594 1081 1826 1156 ἐρήμου,
1886 1083 1959 1143 ὡς

313 1163 544 1240 στελέχη
623 1171 854 1234 καπτοῦ,
938 1169 1306 1242 τετυμιαμένη
1397 1170 1635 1246 σμύρναν
1717 1173 1804 1226 καὶ
1876 1170 1963 1227 λί-

315 1247 475 1308 ϐανον
507 1255 612 1309 ἀπὸ
640 1256 852 1310 πάντων
885 1263 1184 1333 κονιορτῶν
1216 1263 1459 1335 μυρεψοῦ
1485 1280 1498 1329 ;

310 1346 488 1397 Ταῦτα
517 1345 796 1418 τοιγάρτοι
829 1343 1078 1421 λέγουσιν
1110 1349 1161 1401 οἱ
1192 1347 1347 1426 φίλοι
1374 1350 1509 1422 πρὸς
1540 1347 1825 1420 ἀλλήλους
1861 1368 1873 1380 ’

304 1433 368 1488 Ὀ
400 1437 511 1486 τῶν
536 1431 796 1508 ῥημάτων
831 1432 889 1488 δὲ
920 1437 1121 1498 σκοπὸς
1154 1437 1309 1500 οὗτός
1341 1438 1504 1504 ἐστιν,
1537 1440 1611 1500 ὡς
1645 1442 1824 1511 οἶμαι,

301 1521 364 1576 Ἦ
398 1520 587 1598 νύμφη
621 1522 721 1598 γάρ
752 1523 1127 1599 καὶπρότερον
1157 1531 1276 1588 ταῖς
1304 1527 1518 1602 ἀρεταῖς
1552 1527 1767 1601 ὑψώθη,

299 1613 375 1683 Τῇ
410 1609 610 1679 πίστει,
641 1612 712 1683 τῇ
735 1613 1006 1686 πραότητι
1031 1615 1120 1669 καὶ
1151 1620 1217 1689 τῇ
1251 1614 1590 1692 δικαιοσύνῃ,

301 1699 451 1754 Ἐπεὶ
495 1697 552 1754 δὲ
581 1700 672 1754 καὶ
702 1702 840 1777 πρὸς
871 1703 1067 1779 ἀρετῆς
1101 1702 1242 1760 ἄλλο
1277 1701 1476 1778 μετέϐη
1505 1713 1719 1782 σχῆμα,

298 1789 570 1859 Νηστείας
595 1790 894 1866 ἀγρυπνίας
925 1814 982 1847 τε
1010 1794 1100 1848 καὶ
1126 1798 1440 1871 προσευχῆς
1467 1797 1767 1872 παννύχου,

304 1877 406 1934 Καὶ
437 1879 538 1947 τήν
571 1881 788 1955 μορφήν
823 1879 1104 1952 ἠλλάξατο
1135 1889 1254 1947 ταῖς
1287 1882 1414 1958 ἄγαν
1439 1887 1785 1960 χαμευνίαις,

303 1967 371 2024 Ol
405 1964 563 2042 φίλοι
594 1967 1013 2043 κατεπλάγησαν
1061 1972 1160 2040 τήν
1193 1975 1477 2048 προκοπὴν
1510 1981 1607 2044 τῆς
1637 1974 1879 2049 νύμφης,

304 2056 406 2114 Καί
437 2078 556 2119 πως
593 2058 1013 2134 ὑποκρινόμενοι
1047 2059 1205 2126 δῆθεν
1235 2063 1326 2118 τὸν
1359 2063 1673 2138 ἀγνοοῦντα,

305 2145 438 2220 Ηερὶ
467 2153 569 2216 τῆς
596 2145 813 2224 νύμφης
837 2149 1084 2212 θέλουσιν
1119 2151 1392 2227 ἐπερωτᾷ)
1426 2151 1711 2222 ἀλλήλους
1747 2171 1759 2184 ’

302 2233 398 2296 Τίς
430 2233 588 2306 αὕτη,
624 2234 895 2312 λέγοντες,
929 2238 1090 2307 ἐστὶν,
1121 2238 1245 2308 ἥτις
1279 2240 1337 2296 ἐκ
1365 2249 1464 2310 τῆς
1499 2241 1708 2317 ἐρήμου

307 2323 452 2396 Πρὸς
481 2324 741 2397 οὐρανοὺς
771 2324 1091 2401 ἀνέδραμεν,
1127 2325 1308 2405 ὥσπερ
1338 2332 1544 2384 κάπνου
1575 2330 1810 2406 στελέχη

307 2417 347 2466 Σ
357 2411 754 2487 μύρνηςόσμήν
777 2414 1126 2489 ἐκπέμπουσα
1154 2420 1240 2474 καὶ
1277 2424 1587 2493 θαυμαστοῦ
1618 2415 1844 2476 Λιϐάνου
1869 2440 1882 2491 ;

302 2504 468 2577 Ψυχὴ
495 2503 596 2579 γάρ
625 2510 770 2559 πᾶσα
803 2505 1036 2570 θελουσα
1061 2503 1282 2563 λίϐανον
1315 2507 1658 2580 τελεσθῆναι,

299 2590 503 2666 Ἠγουν
529 2594 762 2668 τερπνὸν
797 2595 1047 2669 θυμίαμα
1071 2601 1150 2669 τῷ
1184 2597 1400 2673 βασιλεῖ
1425 2603 1533 2653 τῶν
1563 2599 1731 2668 ὅλων,

288 2679 384 2735 Ἂν
421 2683 499 2753 μὴ
532 2683 781 2758 νεκρώσῃ
809 2683 1073 2760 πρότερον
1105 2687 1279 2741 πάντα
1305 2689 1374 2742 τὰ
1405 2686 1546 2761 μέλη
1577 2689 1802 2760 ταύτης,

284 2767 390 2825 Καὶ
445 2771 655 2846 σμύρνα
712 2771 869 2838 δῆθεν
922 2774 1140 2850 γένηται
1211 2781 1436 2852 Χριστῷ
1495 2785 1945 2856 συννεκρωθεῖσα,

284 2859 408 2915 Οὐκ
438 2856 628 2923 ὒλως
657 2861 860 2937 γίνεταί
889 2884 1023 2919 ποτε
1050 2859 1278 2920 Λίϐανον
1302 2871 1382 2940 τῷ
1412 2867 1623 2942 Κυρίῳ.

862 2975 977 3024 Τῶν
1017 2973 1066 3046 γ’
1099 2971 1348 3049 Πατέρων
1360 3019 1372 3032 .

364 3071 578 3136 Ταύτας
629 3079 758 3150 γοῦν
838 3077 934 3140 τὰς
1017 3078 1470 3154 προτελειοτάτας
1555 3081 1941 3158 ἐκηγησαμένη

281 3158 574 3226 ἀναϐάσεις
637 3185 768 3238 μου,
821 3167 1049 3241 Ὣρκισα
1120 3168 1281 3242 ὑμᾶς,
1340 3171 1626 3246 θυγατέρες
1679 3173 1944 3248 Ἰερουσα-

285 3247 438 3323 λὴμ,
501 3250 552 3305 ἐν
604 3254 726 3314 ταὶς
772 3251 1027 3328 δυνάμεσι
1100 3259 1190 3312 καὶ
1258 3257 1308 3312 ἐν
1376 3265 1493 3322 ταῖς
1545 3247 1788 3337 ἰσχύσεσι
1846 3267 1944 3318 τοῦ

277 3338 476 3446 ἐγροῦν,
531 3339 650 3446 ἐὰνς
689 3340 974 3446 ’ἐγείρητεὶ
1027 3345 1116 3446 καὶ
1184 3346 1490 3446 Ιέξεγείρητε
1547 3353 1646 3421 τήν
1707 3351 1934 3427 ἀγάπην,

2060 3355 2408 3422 cliaritatcm,
2439 3353 2614 3408 donec
2637 3353 2787 3408 velit.
2821 3351 2998 3417 Quasi
3039 3351 3194 3406 dicat
3245 3366 3259 3404 :

276 3424 390 3491 ἕως
447 3429 507 3482 ἄν
567 3427 773 3504 θελήσῃ
807 3453 819 3466 ·
881 3430 1096 3504 δηλαδή
1158 3431 1338 3510 ὥσπερ
1397 3433 1600 3510 ὥρκισα
1659 3424 1798 3513 ὑμᾶς
1853 3439 1944 3496 διὰ

272 3520 392 3570 τῶν
424 3517 664 3573 ἀπειλῶν
714 3519 805 3574 καὶ
863 3542 970 3576 των
1029 3523 1394 3598 ἐπαγγελιῶν,
1446 3528 1584 3582 κατά
1637 3530 1736 3597 τὴν
1773 3529 1938 3597 αὐτὴν

274 3600 504 3659 ἔννοιαν
531 3604 736 3680 ὣρκισα
766 3605 933 3662 πάλιν
991 3611 1131 3683 ὑμᾶς
1181 3609 1270 3666 διὰ
1321 3621 1422 3682 τῆς
1475 3617 1592 3670 κατ’
1625 3615 1720 3688 ἐμὲ
1743 3617 1942 3692 ἐξηγή-

275 3714 446 3781 σεως.
510 3694 674 3766 Δίκην
751 3698 919 3770 ὅρκου
998 3704 1076 3771 τῷ
1152 3703 1269 3755 κατ’
1355 3701 1453 3775 ἐμὲ
1544 3703 1942 3781 παραδείγματι

280 3778 635 3860 βεϐαιώσασα
659 3787 748 3840 καὶ
802 3789 1097 3861 στηρίξασα
1151 3792 1287 3864 πρὸς
1344 3793 1437 3846 τὸν
1483 3778 1940 3870 κατάνΘεὸννδρό-

282 3893 398 3945 μον
435 3892 448 3904 ο
487 3873 685 3949 μέχρις
719 3874 779 3929 ἂν
812 3878 846 3946 ἡ
899 3878 1018 3941 θεία
1063 3878 1325 3957 ἐμφάνεια
1367 3882 1467 3949 τήν
1516 3883 1768 3957 ἀτρεψίαν
1812 3886 1938 3957 ὑμῖν

280 3962 615 4036 χαρίσηται.
670 3965 738 4020 Αἱ
797 3961 855 4019 δὲ
913 3961 1159 4038 θάμϐους
1211 3967 1610 4043 πληρωθεῖσαι,
1678 3973 1767 4027 καὶ
1823 3975 1943 4028 καθ’

280 4051 634 4141 ἑαυτάςυπερὶ
690 4060 792 4122 τῆς
850 4053 1263 4129 ἐξηγησαμένης
1313 4056 1738 4133 διαπορούμεναί
1774 4084 1937 4141 φασι·

279 4138 386 4200 Τίς
441 4136 576 4215 αὕτη
631 4144 666 4211 ἡ
727 4138 1088 4198 ἀναϐαίνουσα
1146 4147 1250 4201 ἀπὸ
1302 4152 1404 4212 τῆς
1453 4149 1664 4222 ἐρήμου
1711 4136 1940 4213 ὡς’στε-

279 4227 431 4302 λέχη
465 4234 729 4301 καπνοῦ;
793 4229 940 4302 ἤτοι,
1000 4235 1137 4288 ποία
1193 4234 1334 4290 ἐστὶν
1393 4235 1550 4308 αὕτη,
1609 4242 1644 4309 ἡ
1677 4240 1783 4294 ἀπὸ
1830 4247 1936 4296 τῶν

274 4321 470 4379 παθῶν
515 4317 881 4394 ἐστερημένης
916 4319 1080 4392 ἕξεως
1122 4325 1258 4398 πρὸς
1318 4330 1446 4381 Θεὸν
1503 4327 1781 4402 ὑψουμένη
1824 4333 1938 4386 κατ’

275 4407 480 4481 ἀρετήν
512 4407 602 4462 καί
646 4415 865 4484 γνῶσιν,
926 4415 1014 4466 οἷα
1071 4412 1281 4476 κλῶνες
1328 4422 1558 4489 καπνοῦ,
1607 4419 1668 4481 ὃς
1710 4420 1812 4474 ὑπὸ
1841 4426 1938 4476 τοῦ

273 4495 586 4568 νεμομένου
644 4496 782 4569 ὕλην
870 4501 1062 4574 πυρὸς,
1147 4504 1222 4564 ὡς
1296 4509 1499 4583 κοῦφος
1566 4508 1936 4582 ἀναπέμπεται

276 4585 420 4660 πρὸς
451 4583 580 4660 ἀέρα
613 4607 626 4656 ;
658 4589 821 4646 Οὕτω
850 4590 954 4664 γὰρ
1012 4591 1099 4645 καὶ
1159 4598 1305 4647 πᾶσα
1361 4596 1514 4669 ψυχή
1562 4601 1640 4668 τῷ
1669 4598 1936 4670 πνεύματι

281 4675 502 4748 ζέουσα,
534 4677 670 4730 κατὰ
707 4681 896 4753 πρᾶξιν
956 4679 1049 4751 μὲν
1093 4683 1194 4751 τὴν
1242 4689 1342 4752 τῆς
1383 4684 1580 4760 σαρκὸς
1623 4687 1934 4762 παχύτητα,

2075 725 2242 781 donec
2270 725 2523 780 votuerit.

2143 908 2276 959 Haec
2300 904 2425 975 jam
2459 899 2936 974 explanavimus;
2971 914 3152 970 quare
3182 912 3498 970 pergamus
3524 897 3595 952 ad
3630 912 3722 951 re-

2071 994 2257 1066 liqua.
2429 1001 2433 1005 ‘

2145 1084 2271 1151 Qua
2298 1088 2376 1138 est
2406 1085 2666 1154 ista,quae
2693 1078 2938 1135 ascendit
2967 1077 3034 1132 de
3064 1077 3276 1133 deserto
3305 1078 3446 1131 sicut
3493 1073 3722 1145 virgula

2069 1175 2234 1244 fumi,
2285 1173 2535 1228 redoleas
2580 1171 2870 1243 myrrham
2899 1177 2951 1224 et
2982 1168 3104 1222 thus
3128 1184 3197 1222 ex
3225 1167 3498 1223 universis
3522 1166 3717 1237 pulve-

2071 1263 2225 1318 ribus
2256 1263 2612 1334 unguentarii
2630 1265 2654 1315 ?

2142 1353 2273 1408 Haec
2321 1352 2494 1407 amici
2547 1351 2698 1405 inter
2728 1367 2789 1405 se
2819 1347 3238 1419 colloquuntur
3272 1363 3284 1401 :
3318 1362 3444 1418 quae
3477 1344 3716 1417 quidem

2071 1460 2138 1500 eo
2196 1446 2482 1514 spectant,
2533 1440 2686 1511 quod
2736 1455 2870 1495 cum
2917 1442 3092 1494 antea
3137 1452 3356 1508 sponsa
3399 1434 3717 1491 virtutibus

2070 1532 2185 1600 bis,
2218 1548 2426 1603 nempe
2460 1531 2593 1597 ﬁde,
2628 1527 3103 1596 mansuetudine,
3139 1526 3394 1596 justitia,
3444 1525 3720 1580 decorata

2071 1622 2284 1690 fuerit;
2341 1637 2473 1676 mox
2539 1624 2733 1675 autem
2795 1618 2865 1672 ad
2925 1617 3071 1672 alios
3127 1616 3417 1670 virtutum
3473 1614 3715 1670 habitus

2067 1711 2418 1778 ascenderit,
2471 1708 2686 1782 jejunii
2756 1706 3060 1773 nimirum,
3136 1703 3370 1777 vigiliae,
3429 1702 3713 1759 orationis

2067 1806 2381 1874 perpetua,
2455 1805 2629 1871 atque
2709 1814 2930 1869 aspera
3007 1795 3173 1850 humi
3247 1792 3616 1850 dormitionis
3695 1809 3707 1848 :

2065 1905 2296 1959 sponsae
2325 1888 2672 1960 profectum
2722 1887 3027 1957 stupentes
3075 1881 3271 1948 amici,
3318 1886 3376 1937 et
3423 1886 3708 1954 tanquam

1983 2008 2030 2072 B
2066 1977 2253 2050 ignari
2305 1977 2374 2032 de
2425 1975 2525 2032 illa
2581 1975 2734 2031 inter
2781 1990 2844 2030 se
2892 1972 3307 2044 conquirentes
3363 1987 3377 2026 :
3430 1972 3706 2035 Quaenam

2063 2073 2172 2134 est,
2228 2065 2528 2138 inquiunt,
2581 2065 2714 2134 ista,
2775 2081 2902 2136 quas
2953 2065 3021 2118 de
3069 2061 3388 2119 solitudine
3436 2059 3497 2115 in
3537 2058 3715 2116 coelos

2061 2157 2348 2222 ascendit,
2419 2155 2596 2210 veluti
2673 2153 2898 2224 virgula
2986 2152 3154 2218 fumi,
3232 2151 3472 2207 odorem
3546 2150 3712 2205 redo-

2057 2244 2184 2301 lens
2217 2245 2463 2317 myrrhae
2493 2249 2551 2300 et
2574 2243 2766 2299 thuris
2797 2241 3043 2298 eximii?
3074 2241 3280 2296 Omnis
3312 2240 3468 2296 enim
3509 2239 3709 2294 anima

2057 2351 2186 2407 quae
2218 2335 2418 2390 studet
2445 2350 2574 2390 esse
2603 2333 2742 2388 thus
2774 2339 2830 2388 et
2857 2331 3157 2404 jucundus
3188 2330 3330 2385 odor
3377 2329 3519 2402 Regi
3569 2329 3704 2384 uni-

2054 2441 2380 2491 versorum,
2432 2439 2672 2479 necesse
2721 2425 2810 2476 est
2859 2425 2923 2476 ut
2965 2421 3130 2493 prius
3161 2420 3476 2475 mortiﬁcet
3503 2418 3704 2473 omnia

2057 2515 2324 2570 membra
2353 2530 2480 2580 sua,
2514 2517 2689 2584 atque
2718 2511 2800 2566 ita
2853 2510 3092 2584 myrrha
3138 2510 3240 2566 ﬁat
3285 2526 3420 2564 cum
3468 2509 3698 2565 Christo

2056 2608 2444 2673 commortua,
2476 2601 2695 2674 alioqui
2739 2601 2879 2656 thus
2929 2599 3176 2656 Domino
3221 2599 3346 2655 ﬁeri
3397 2615 3702 2672 nunquam

2055 2692 2294 2766 poterit.

2654 2978 2838 3033 Trium
2871 2978 2988 3032 Pati
3003 2993 3118 3032 um.

2128 3085 2270 3141 Cum
2303 3085 2484 3158 igitur
2513 3084 2620 3140 bas
2645 3101 2805 3139 meas
2837 3083 3211 3139 escensiones
3242 3081 3707 3154 perfectissimae

2055 3174 2398 3246 explicarim
2435 3191 2447 3230 :
2482 3175 2686 3242 Adiuro
2718 3189 2828 3242 vos,
2878 3173 3017 3243 ﬁliae
3057 3173 3390 3242 Jerusalem,
3436 3188 3540 3244 per
3591 3173 3706 3227 vir-

2056 3268 2196 3321 tutes
2224 3273 2275 3320 et
2305 3263 2655 3331 fortitudines
2685 3265 2830 3334 agri,
2861 3265 2913 3317 si
2940 3263 3210 3318 suscitetis
3242 3265 3406 3332 atque
3449 3261 3707 3316 excitetis

3317 3350 3705 3416 Quemadmo-

2055 3446 2193 3498 dum
2227 3443 2494 3514 adjuravi
2525 3459 2625 3497 vos
2659 3458 2761 3512 per
2791 3443 2984 3496 minas
3014 3445 3070 3495 et
3104 3439 3526 3511 promissiones
3562 3455 3574 3492 :
3608 3456 3704 3494 eo-

2051 3533 2182 3588 dem
2216 3534 2389 3588 modo
2421 3548 2522 3586 vos
2553 3548 2787 3586 rursum
2821 3533 3026 3600 adjuro
3059 3547 3160 3601 per
3200 3547 3403 3584 eorum
3453 3545 3576 3599 quae
3627 3529 3700 3582 ad

2054 3639 2147 3677 me
2168 3619 3228 3693 perlinent,expositionem,exemplo
3260 3635 3390 3674 meo
3419 3624 3702 3689 tanquam

2043 3711 2437 3783 jurejurando
2468 3727 2567 3766 vos
2597 3711 2978 3782 obstringens
3010 3714 3187 3779 atque
3217 3712 3598 3771 conﬁrmans,
3639 3713 3705 3761 ut

2053 3806 2334 3872 perpetuo
2365 3816 2541 3855 cursu
2575 3800 2642 3854 ad
2681 3799 2862 3854 Deum
2895 3797 3483 3868 contendatis,quoad
3509 3796 3708 3851 divina

2052 3889 2364 3961 praesentia
2392 3905 2502 3944 sua
2530 3889 2695 3943 vobis
2729 3887 3268 3942 immutabilitatem
3299 3885 3706 3956 largiatur.:At

2052 3979 2192 4050 ipsa;
2223 3978 2607 4032 admiratione
2640 3977 2846 4048 plenae,
2879 3981 3060 4047 atque
3090 3976 3246 4030 inter
3275 3990 3337 4030 se
3371 3975 3441 4029 de
3483 3991 3704 4044 sponsa

2050 4085 2178 4139 quae
2223 4068 2582 4124 disseruerat
2629 4065 3029 4136 colloquentes
3082 4080 3095 4117 :
3148 4065 3418 4133 Quaenam
3465 4068 3561 4131 est,
3611 4065 3700 4118 in-

2051 4159 2287 4229 quiunt,
2314 4159 2423 4212 ista
2451 4171 2575 4229 quae
2622 4156 2872 4210 ascendit
2918 4153 2981 4209 de
3027 4153 3260 4218 deserto,
3291 4154 3433 4208 sicut
3480 4154 3701 4224 virgula

2047 4249 2238 4317 fumi?
2269 4246 2328 4301 Id
2362 4251 2474 4313 est,
2506 4262 2775 4318 quaenam
2809 4249 2898 4300 est
2950 4245 3064 4299 ista
3112 4260 3240 4314 quae
3292 4259 3361 4298 ex
3409 4242 3614 4298 habitu
3666 4260 3700 4298 a

2049 4336 2593 4408 perturbationibus
2624 4339 2978 4405 remoto,per
3003 4334 3278 4388 virtutem
3311 4337 3368 4388 et
3395 4331 3697 4387 scientiam

2048 4427 2118 4480 ad
2152 4425 2334 4481 Deum
2368 4425 2601 4480 sublata
2633 4423 2994 4494 conscendit,
3026 4422 3186 4478 velut
3214 4421 3490 4478 surculus
3531 4421 3697 4490 fumi,

2048 4515 2147 4585 qui
2201 4515 2274 4570 ab
2320 4514 2456 4586 igne
2487 4514 2694 4568 silvam
2727 4514 3081 4585 depascente
3109 4512 3253 4567 levis
3282 4513 3342 4566 in
3375 4528 3508 4568 aera
3538 4511 3696 4568 tolli-

2048 4604 2188 4659 tur?
2215 4605 2306 4660 Sic
2337 4605 2493 4659 enim
2527 4603 2722 4660 omnis
2772 4619 3006 4674 quoque
3053 4602 3254 4658 anima
3300 4601 3512 4672 spiritu
3561 4617 3692 4655 suc-

2048 4711 2244 4760 censa,
2296 4710 2398 4764 per
2456 4693 2742 4747 actionem
2796 4691 3058 4762 quidem,
3107 4689 3300 4745 carnis
3348 4689 3696 4745 crassitudi-

277 4763 423 4818 κατά
453 4763 683 4840 θεωρίαν
713 4763 772 4831 δὲ
805 4768 905 4836 τήν
956 4775 1057 4839 τῆς
1102 4774 1209 4825 τῶν
1265 4769 1436 4826 ὅντων
1485 4755 1934 4853 φύσεωςηέπι-φάα

2060 4799 2216 4838 nem:
2254 4799 2354 4854 per
2386 4781 2948 4854 contemplationem
2981 4786 3204 4846 autem,
3240 4795 3437 4834 rerum
3469 4778 3697 4849 species

279 4873 430 4908 νειαν
492 4853 818 4924 λεπτύνασα,
875 4857 1011 4912 κατὰ
1078 4859 1207 4922 τοὺς
1274 4860 1513 4936 ἀγαθοὺς
1568 4864 1806 4939 τρόπους
1848 4867 1938 4920 καὶ

283 4941 491 5017 λόγους
521 4944 699 5021 κούφη
750 4943 886 5020 πρὸς
943 4947 1071 5001 Θεὸν
1109 4948 1451 5026 ἀταφέρεται,
1514 4953 1590 5024 μὴ
1644 4974 1935 5009 κατασπω-

282 5032 424 5103 μένη
455 5035 525 5105 τῇ
556 5031 734 5108 γηΐνῳ
764 5035 1067 5109 παχύτητι.
1101 5034 1260 5093 Οὕτω
1305 5035 1362 5093 δὲ
1386 5040 1522 5116 πρὸς
1561 5043 1651 5096 τὸν
1685 5043 1935 5118 οὐράνιον

276 5120 517 5198 νυμφίον
573 5122 892 5198 ἀναφέρεται
939 5127 1310 5199 τεθυμιαμένη
1369 5129 1608 5206 σμύρναν
1654 5131 1742 5186 καὶ
1776 5128 1934 5188 λίϐα-

274 5230 372 5264 νον
405 5210 512 5265 ἀπὸ
564 5212 780 5266 πάντων
828 5218 1126 5286 κονιορτῶν
1190 5221 1456 5293 μυρεψοῦ.
1500 5222 1722 5297 ’Ὶιγουν,
1757 5242 1934 5295 μεμυ-

276 5298 535 5373 ρισμῶιη,
570 5300 656 5355 οἶα
709 5301 804 5372 μὲν
855 5301 1091 5378 σμύρνῃ,
1117 5308 1186 5378 τῇ
1237 5306 1426 5382 ἀρετῇ,
1472 5308 1545 5371 ὡς
1587 5310 1650 5364 τὸ
1682 5312 1935 5385 σαρκικὸν

274 5387 592 5463 νεκρώσασα
649 5389 900 5464 σρόνημα
933 5410 946 5425 ⁸
1009 5392 1096 5446 οἶα
1123 5391 1180 5448 δὲ
1231 5392 1464 5470 λιϐάνῳ,
1495 5401 1562 5471 τῇ
1602 5400 1821 5474 γνώσει,
1857 5401 1930 5463 ὡς

275 5482 392 5539 τοῖς
423 5481 768 5554 χαρακτῆρσι
823 5485 925 5549 τῆς
979 5479 1236 5552 ἀληθείας
1290 5485 1430 5540 θεῖον
1482 5484 1704 5562 ἄγαλμα
1737 5487 1929 5558 ἐαυτὴν

280 5565 628 5638 ἀποδείξασα.
675 5570 1130 5646 Τοιουτοτρόπως
1188 5569 1245 5627 δὲ
1286 5573 1605 5631 εὐωδίασται
1658 5576 1932 5657 διεξερχο-

285 5659 420 5730 μένη
473 5657 570 5720 τὰς
601 5661 709 5712 τῶν
765 5655 910 5713 ὅλων
973 5660 1188 5738 φύσεις,
1247 5663 1337 5717 καὶ
1395 5665 1531 5740 πρὸς
1574 5666 1665 5720 τὸν
1723 5655 1930 5725 τούτων

283 5745 455 5802 αἴτιον
484 5745 758 5825 φερομένη
785 5764 800 5780 ⁸
852 5747 943 5826 ἀφ’
992 5750 1066 5804 ὧν
1112 5748 1268 5823 δίκην
1319 5759 1618 5830 κονιορτῶν
1649 5759 1700 5812 οἱ
1720 5762 1930 5815 τοῦτων

285 5833 441 5912 λόγοι
471 5835 562 5892 καὶ
614 5835 810 5909 τρόποι
863 5836 1165 5916 ἐγείρονται
1221 5841 1381 5917 αὐτῇ,
1416 5843 1770 5911 λεπτύνοντες
1798 5848 1929 5907 ταύ-

2045 4878 2370 4928 extenuans
2405 4890 2416 4926 :
2451 4871 2651 4942 probis
2681 4876 2805 4926 tum
2844 4869 3128 4938 moribus,
3159 4873 3286 4923 tum
3319 4868 3694 4924 sermonibus

2046 4961 2188 5016 levis
2220 4962 2290 5016 ad
2329 4962 2506 5014 Deum
2539 4960 2742 5025 fertur,
2779 4975 2882 5014 nec
2915 4962 3145 5013 terreno
3176 4958 3452 5027 ,pondere
3496 4956 3693 5027 depri-

2047 5049 2373 5104 mitur.Hac
2401 5049 2628 5104 ratione
2659 5047 2958 5120 myrrham
2990 5060 3043 5101 ei
3069 5047 3206 5100 thus
3237 5061 3306 5100 ex
3327 5045 3695 5101 aromatihus

2046 5144 2217 5208 atque
2248 5139 2519 5194 universo
2568 5136 2806 5208 pulvere
2857 5134 3229 5206 pigmentarii
3280 5133 3573 5200 redolens,
3620 5136 3692 5190 ad

2045 5227 2338 5282 caelestem
2372 5242 2657 5298 sponsum
2691 5224 3286 5298 provehitur.Virtute
3316 5223 3498 5296 igitur
3523 5224 3696 5295 quasi

2043 5317 2438 5389 myrrha,cum
2473 5314 2667 5371 carnis
2698 5331 2940 5370 sensum
2971 5313 3428 5379 mortiﬁcaverit,
3452 5313 3692 5385 fragrat:

2044 5407 2267 5462 scentia
2295 5422 2428 5461 vero
2459 5405 2624 5477 quasi
2654 5405 2846 5471 thure,
2879 5409 3162 5475 tanquam
3196 5403 3458 5458 veritatis
3511 5405 3690 5472 notis,

2045 5496 2322 5566 seipsam
2355 5494 2617 5550 divinam
2652 5493 2972 5564 imaginem
3027 5491 3304 5548 ostendit.
3358 5493 3440 5546 Ita
3494 5507 3691 5547 rerum

2044 5591 2285 5641 naturas
2313 5584 2710 5657 pertransiens
2740 5582 2998 5638 suaviter
3047 5579 3184 5648 olet,
3240 5581 3311 5636 ad
3370 5596 3694 5653 earumque

2044 5676 2231 5731 tendit
2259 5680 2559 5732 auctorem
2593 5691 2606 5729 :
2639 5690 2708 5730 ex
2738 5673 2956 5744 quibus
2985 5671 3174 5727 instar
3201 5669 3458 5742 pulveris
3487 5687 3691 5726 earum

2042 5765 2298 5821 rationes
2349 5769 2408 5821 et
2455 5764 2615 5821 modi
2665 5763 2994 5819 excitantur
3036 5763 3112 5829 ei,
3160 5765 3536 5819 attenuantes
3594 5759 3688 5815 his

2039 5855 2302 5912 veritatis
2359 5855 2588 5912 semitis
2653 5851 3160 5926 exploratricibus,
3222 5853 3496 5910 accurato
3560 5865 3684 5906 ser-
