4110 6392
378 464 496 525 603

1717 466 1804 529 Ml
1815 468 2139 534 CHAELIS
2183 472 2459 536 PSELLI

3676 469 3796 532 604

379 597 681 670 mone,qui
713 601 903 654 totum
934 599 1046 656 hoc
1078 603 1363 672 tanquam
1402 600 1462 658 in
1495 601 1630 675 igne
1659 603 1908 675 spiritus
1939 621 2038 660 ex-

2171 626 2267 667 ταις
2323 611 2445 671 ταῖς
2505 608 2906 684 βασανιστικαῖς
2963 613 3064 675 τῆς
3123 603 3384 676 ἀληθείας
3439 599 3656 678 τριϐαἶς
3698 607 3796 659 τοῦ

379 687 603 759 coquit.

452 868 534 921 En
571 863 835 920 lectulum
887 865 1194 921 Salomonis
1245 869 1537 938 sexaginta
1579 870 1751 939 fortes
1781 869 2040 926 ambiunt

380 970 451 1011 ex
494 957 818 1026 fortissimis
870 957 1058 1021 Israel,
1113 971 1300 1011 omnes
1351 961 1592 1014 tenentes
1620 960 1853 1031 gladios,
1885 961 2040 1015 clad

385 1043 537 1100 bella
586 1046 910 1102 doctissimi.
969 1046 1404 1119 Uniuscuzusque
1445 1049 1590 1103 ensis
1646 1066 1811 1121 super
1862 1051 2041 1118 femur

383 1151 546 1191 suum
580 1152 614 1190 a
641 1137 840 1192 timore
874 1137 933 1190 in
961 1135 1234 1192 noctibus.

1124 1333 1312 1389 Pselli.

457 1421 590 1477 Haec
629 1421 805 1477 amici
854 1423 924 1478 ad
975 1422 1261 1495 virginem
1311 1423 1534 1492 dicunt,
1585 1423 1784 1481 lectuli
1835 1428 2040 1499 sponsi

387 1511 892 1584 pulchritudinem
951 1511 1335 1584 explicantes,
1388 1530 1504 1586 quo
1557 1515 1748 1587 magis
1797 1533 2042 1573 succen-

390 1601 534 1657 dant
564 1617 793 1674 sponsae
825 1601 1210 1658 desiderium.
1244 1603 1330 1658 Tu
1360 1619 1497 1660 vero
1529 1603 1677 1660 mihi
1709 1606 1781 1660 ad
1831 1606 2041 1664 horum

387 1690 813 1764 eXpositionem
875 1690 1194 1764 diligenter
1241 1693 1496 1749 attende.
1549 1693 1826 1752 Lectulus
1877 1695 2043 1753 Salo-

389 1779 584 1836 monis
613 1785 935 1837 esteorum
971 1781 1073 1852 qui
1119 1780 1441 1848 salvantur,
1494 1782 1680 1840 locus.
1733 1786 2046 1857 Sexaginta

390 1885 589 1926 autem
641 1871 820 1926 fortes
869 1871 970 1942 qui
1029 1870 1199 1927 illum
1266 1871 1561 1942 ambiunt,
1613 1878 1754 1930 sunt
1801 1874 1886 1929 illi
1932 1875 2045 1947 ipsi

2145 693 2197 749 έν
2259 700 2339 767 τῷ
2363 699 2493 770 πυρί
2524 701 2621 751 τοῦ
2678 696 2985 769 πνεύματος
3034 692 3159 751 τόδε
3197 695 3261 750 τὸ
3308 699 3411 749 πᾶν
3445 694 3610 750 οἱονεὶ
3642 688 3796 768 ἕψον-

2141 808 2236 850 τος
2263 787 2604 859 ἐξεταστικοῦ
2629 788 2819 865 λόγου.

2220 875 2360 933 Ἰδοὺ
2413 881 2447 949 ἠ
2502 878 2666 949 κλίνη
2727 882 2825 934 τοῦ
2899 877 3194 951 Σολομὼν,
3267 877 3526 948 ἐξήκοντα
3581 870 3793 931 δυνατοῖ

2144 966 2336 1041 κύκλῳ
2391 968 2556 1038 αὐτῆς
2621 969 2726 1023 ἀπὸ
2809 972 2917 1023 τῶν
3003 966 3243 1022 δυνατῶν
3301 965 3549 1043 Ἰσραὴλ,
3603 967 3798 1027 πάντες

2145 1057 2469 1132 κατέχοντες
2521 1057 2794 1134 ῥομφαίας
2857 1054 3239 1132 δεδιδαγμένοι
3299 1055 3546 1128 πόλεμον
3581 1075 3594 1090 ο
3633 1056 3795 1130 ανὴρ,

2148 1149 2390 1227 ῥομφαία
2441 1149 2609 1204 αὐτοῦ
2687 1148 2774 1204 ἐπὶ
2847 1151 2939 1204 τὸν
3013 1147 3190 1225 μηρόν
3273 1148 3439 1204 αὐτοῦ
3488 1146 3596 1202 ἀπὸ
3657 1147 3801 1219 θάμ-

2147 1232 2276 1299 ϐους
2309 1237 2359 1292 ἐν
2389 1240 2557 1310 νυξιν.

2853 1341 3100 1398 Ψελλοῦ.

2220 1435 2288 1491 Ol
2314 1432 2467 1511 φίλοι
2496 1438 2664 1488 ταῦτα
2695 1431 2917 1508 λεγουσι
2943 1430 3099 1487 δ-ἳθεν
3130 1432 3267 1507 πρὸς
3296 1432 3394 1500 τὴν
3420 1431 3707 1506 παρθένον,

2147 1525 2225 1581 Τὸ
2254 1521 2462 1586 κάλλος
2495 1523 2868 1602 ἀφηγούμενοι
2899 1529 2999 1592 τῆς
3030 1520 3228 1592 κλίνης
3257 1525 3353 1576 τοῦ
3382 1519 3646 1594 νυμφίου,

2152 1613 2238 1674 Ὠς
2275 1609 2488 1686 μᾶλλον
2526 1610 2846 1686 ὑπανὰψωσι
2866 1610 2956 1666 τὸν
2989 1613 3158 1666 πόνον
3188 1610 3279 1665 τὸν
3310 1613 3410 1675 τῆς
3439 1609 3662 1687 νύμφης
3696 1625 3710 1640 ⁶

2155 1703 2231 1757 Σὺ
2264 1699 2320 1757 δέ
2354 1722 2447 1775 μοι
2482 1699 2690 1779 σφόδρα
2729 1702 2971 1777 πρόσεχε
2997 1704 3066 1775 τῇ
3096 1701 3304 1755 τούτων
3336 1699 3587 1774 έξηγήσει
3620 1705 3635 1731 ‘

2154 1789 2327 1862 Κλίνη
2362 1793 2623 1866 τυγχάνει
2658 1789 2931 1863 Σολομῶν
2961 1791 2989 1844 ὁ
3015 1795 3121 1843 τῶν
3155 1790 3432 1844 σωθέντων
3458 1788 3650 1849 τόπος.

2153 1882 2447 1953 Ἑξήκοντα
2478 1878 2536 1934 δὲ
2569 1877 2786 1934 δυνατοὶ
2817 1877 3270 1954 περικυκλοῦντες
3293 1877 3519 1948 ταύτην,

390 1961 672 2032 profecto,
706 1959 808 2032 qui
842 1959 1048 2016 salvati
1080 1964 1239 2016 sunt.
1293 1963 1606 2034 Sexaginta
1651 1980 1786 2020 vero
1834 1965 2047 2021 dicun-

2171 1972 2362 2032 Ὀντως
2395 1969 2547 2023 αὐτοὶ
2579 1967 2877 2045 πεφύκασιν
2911 1969 2962 2022 o't
2995 1968 3136 2022 πάνυ
3167 1967 3519 2040 σεσωσμένοι.

387 2053 490 2104 tur
546 2049 912 2121 quicumque
967 2049 1164 2104 divina
1219 2050 1409 2121 gratia
1471 2068 1603 2108 vere
1671 2058 2039 2125 praestantes,

394 2138 730 2192 daemonum
784 2139 884 2209 qui
935 2154 1040 2210 per
1087 2143 1288 2195 noctes
1345 2139 1616 2197 homines
1672 2149 2039 2215 oppugnant,

393 2227 632 2299 agmina
701 2225 1015 2282 formidine
1088 2227 1478 2300 repleverunt.
1533 2231 2039 2294 Quemadmodum

389 2315 584 2388 gladio
649 2315 738 2370 vir
808 2316 1126 2385 accinctus,
1186 2317 1451 2374 imbelles
1519 2318 1792 2376 homines
1859 2326 1918 2378 et
1979 2321 2040 2378 in

392 2404 612 2478 praeliis
691 2403 891 2460 minus
976 2405 1323 2462 exercitatos
1422 2409 1862 2479 perterrefacit.
1955 2411 2044 2466 Illi

393 2494 548 2549 enim
629 2494 800 2566 signo
877 2494 1071 2550 crucis
1145 2499 1435 2568 tanquam
1520 2497 1718 2570 gladio
1802 2499 2042 2571 ancipiti

394 2583 628 2650 armati,
689 2583 974 2639 adversus
1033 2583 1405 2656 principatus
1464 2590 1523 2641 et
1579 2590 1786 2642 contra
1838 2590 2045 2645 mundi

395 2676 452 2726 et
525 2671 902 2726 tenebrarum
983 2672 1312 2744 principem
1383 2674 1562 2730 Satan
1633 2676 2039 2734 constiterunt.

391 2763 523 2818 Haec
581 2763 822 2834 quidem
881 2779 915 2817 a
973 2763 1144 2818 nobis
1200 2781 1300 2834 pro
1358 2765 1581 2822 viribus
1654 2768 1813 2824 dicta
1884 2773 2047 2840 sunt,

394 2850 558 2914 Quod
594 2851 642 2906 si
671 2851 956 2906 orationis
990 2851 1173 2907 series
1211 2853 1362 2908 haud
1398 2854 1480 2908 ita
1525 2856 1805 2913 continua
1853 2858 2049 2916 videa-

393 2945 514 3006 tur,
564 2955 637 2995 ne
687 2939 1021 3010 admireris,
1071 2958 1103 2996 o
1153 2943 1452 3015 princeps,
1504 2959 1646 3000 neve
1677 2962 2050 3005 commovea-

392 3030 474 3085 ris
535 3046 548 3084 :
611 3030 695 3086 sic
752 3031 913 3086 enim
970 3030 1252 3104 pleraque
1310 3039 1451 3090 sunt
1509 3036 1730 3109 scripta
1799 3039 2050 3112 prophe-

394 3119 531 3175 tica.

990 3494 1177 3548 Trium
1213 3497 1471 3551 Patrum.

478 3581 784 3654 Discipula:
815 3581 1016 3655 igitur,
1044 3599 1174 3654 quae
1206 3585 1277 3640 de
1308 3586 1592 3657 magistra
1622 3605 1732 3644 sua
1759 3590 2061 3648 dubitave-

403 3677 556 3740 rant,
590 3687 860 3744 quaanam
893 3677 1073 3739 esset,
1105 3689 1260 3728 nunc
1292 3675 1362 3731 de
1391 3675 1516 3746 ipsa
1565 3677 1845 3734 dicuntur
1877 3699 1890 3736 :
1925 3683 2060 3738 Ecce

402 3762 659 3818 lectulum
687 3761 1016 3830 Salomonis,
1049 3761 1110 3816 in
1163 3778 1278 3834 quo
1334 3764 1573 3836 quidem
1625 3767 1892 3824 Christus
1941 3771 2060 3827 Rex

404 3851 686 3924 pacificus
718 3851 1107 3923 conquiescit,
1141 3852 1241 3924 qui
1276 3870 1386 3910 nos
1417 3862 1545 3911 tum
1578 3855 1715 3927 sibi,
1746 3862 1876 3914 tum
1907 3859 2063 3915 inter

405 3958 532 4012 nos,
566 3945 692 3996 tum
725 3942 880 3996 Patri
913 3957 1020 3997 suo
1053 3942 1477 4000 reconciliavit.
1513 3945 1833 4018 Sexaginta
1879 3948 2060 4006 fortes

405 4029 676 4086 ambiunt
707 4045 720 4086 :
755 4029 1141 4102 cogitationes
1176 4032 1458 4088 nimirum
1491 4035 1780 4104 efﬁcaces,
1814 4054 1941 4110 quas
1971 4039 2061 4094 di-

402 4119 538 4174 vina
565 4117 780 4174 virtute
813 4119 1074 4190 undique
1099 4123 1343 4176 tuentur
1372 4121 1630 4178 animam
1661 4125 1734 4180 ad
1765 4125 1868 4180 Dei
1896 4126 2061 4197 quie-

409 4213 526 4263 tem
553 4211 962 4280 praeparatam,
991 4209 1275 4264 adversus
1309 4207 1573 4267 fallacias
1604 4213 1920 4284 spirituum
1952 4215 2062 4270 im-

405 4295 923 4368 proborum.Rati0
939 4296 1094 4350 enim
1114 4312 1244 4366 quas
1264 4299 1524 4370 quinque
1542 4301 1816 4358 sensibus
1835 4307 2062 4374 praeest,

407 4383 588 4440 simul
619 4400 753 4439 cum
785 4382 932 4454 ipsis
963 4385 1236 4440 sensibus
1268 4391 1508 4459 accepta
1539 4390 1838 4447 senarium
1879 4393 2064 4448 confi-

411 4473 529 4529 ciat
559 4487 900 4527 numerum.
930 4474 1003 4527 At
1034 4488 1169 4528 cum
1203 4473 1398 4532 divina
1427 4484 1717 4550 praecepta
1747 4496 1873 4552 quas
1928 4487 2069 4538 sunt

413 4563 612 4618 decem
647 4576 912 4632 numero,
952 4561 1004 4616 is
1055 4562 1155 4633 qui
1206 4565 1481 4622 sensibus
1523 4569 1748 4624 ratione
1796 4569 2064 4642 imperat,

415 4649 662 4724 perficit,
699 4665 1012 4706 numerum
1046 4651 1295 4708 absolvit
1324 4657 1794 4728 sexagenarium,
1845 4663 1901 4714 et
1948 4660 2068 4716 vir-

2151 2060 2448 2131 Ἐξήκοντα
2477 2055 2535 2113 δὲ
2566 2057 2815 2133 λέγονται
2845 2061 2925 2128 τῷ
2957 2053 3110 2132 λόγῳ
3137 2061 3246 2112 τῶν
3279 2057 3592 2130 Ἀσμάτων,

2154 2149 2365 2209 Οἷ¹τινες
2396 2144 2573 2207 οὕτως
2603 2143 2820 2200 δυνατοὶ
2849 2150 2917 2218 τῇ
2946 2144 3132 2221 χάριτι
3159 2149 3229 2219 τῇ
3257 2145 3392 2215 θείᾳ,

2154 2233 2410 2309 Θάμόους
2439 2235 2743 2305 ἐνέπλησαν
2773 2233 2992 2290 πολλοῦ
3021 2235 3088 2290 τὰ
3117 2235 3280 2310 στίχη
3302 2239 3408 2289 τῶν
3433 2228 3733 2307 δαιμόνων,

2153 2330 2277 2384 Τῶν
2313 2325 2362 2379 έν
2396 2325 2509 2395 νυξὶ
2537 2325 2628 2379 τὸν
2663 2322 2908 2396 πόλεμον
2943 2322 3192 2398 ἐχόντων
3225 2325 3342 2378 κατ’
3373 2323 3673 2398 ἀνθρώπων
3712 2339 3726 2354 ⁶

2152 2420 2355 2491 ’Ὠσπερ
2397 2413 2690 2485 ἐκπλήττει
2742 2435 2825 2476 τις
2876 2412 3015 2490 ἀνὴρ
3067 2412 3338 2492 ῥομφαίαν
3390 2410 3477 2468 ἰπὶ
3509 2413 3599 2466 τὸν
3632 2412 3816 2486 μηρὸν

2155 2504 2366 2578 Φέρων,
2393 2501 2522 2565 τοὺς
2560 2504 2636 2576 μή
2668 2503 2807 2577 πρὸς
2837 2499 3084 2574 πολεμον
3133 2500 3318 2564 καλῶς
3351 2499 3818 2575 έκδεδοκιμασμέ-

3636 2591 3813 2664 [νσυς.

2155 2683 2388 2738 Ἐκεῖνοι
2418 2679 2520 2756 γὰρ
2562 2682 2900 2752 σπασάμενοι
2920 2679 2984 2735 τὸ
3009 2686 3108 2736 τοῦ
3140 2684 3372 2755 σταυροῦ
3406 2682 3662 2752 σημεῖον,

2156 2774 2362 2846 ’Ὠσπερ
2395 2769 2668 2846 ῥομφαίαν
2704 2767 2961 2842 δίστομον
2994 2771 3168 2840 ἠκονη
3180 2771 3344 2842 μένην
3379 2767 3524 2836 λίαν,

2158 2861 2301 2938 Ηρὸς
2329 2860 2423 2921 τὰς
2455 2860 2630 2934 ἀρχὰς
2662 2859 2988 2928 ἀντέστησαν
3011 2859 3101 2913 καὶ
3129 2859 3268 2933 πρὸς
3296 2859 3394 2918 τὰς
3422 2855 3688 2926 ἐξουσίας,

2164 2953 2278 3008 Τοῦ
2333 2951 2778 3023 κοσμοκράτορος
2852 2950 3027 3003 Σατὰν
3093 2951 3190 3004 τοῦ
3247 2945 3474 3008 σκύτους
3529 2949 3628 3000 τοῦ
3686 2965 3823 3020 προ-

3575 3033 3821 3109 [στάτου.

2160 3126 2344 3187 Ταῦτα
2380 3127 2473 3200 μὲν
2506 3123 2654 3182 οὕτω
2685 3125 2813 3202 παρ’
2834 3127 2995 3200 ἡμῶν
3025 3126 3100 3190 ὡς
3130 3122 3352 3181 δυνατὸν
3367 3121 3598 3200 έλέχθη.

2163 3217 2227 3275 Et
2259 3215 2306 3272 δ’
2329 3215 2468 3277 ’ἴσως
2497 3215 2632 3271 κατὰ
2664 3215 2907 3289 σύνταξιν
2940 3215 2967 3269 ὁ
3000 3212 3164 3292 λόγος
3187 3213 3248 3270 ού
3277 3208 3582 3288 προϐαίνει,

2164 3307 2254 3376 Μὴ
2283 3307 2346 3362 τὸ
2379 3307 2678 3380 θαυμάζῃς,
2705 3301 2959 3377 δέσποτα,
2987 3304 3063 3378 μὴ
3093 3303 3157 3359 τὸ
3188 3300 3593 3380 δυσαρεστήσῃς
3618 3319 3633 3335 ο

2083 3357 2127 3425 ο
2164 3357 3063 3472 6a.;,‘.;‘i;;.";;'.;;.m‘;s;
3081 3357 3604 3469 τέροέρητιὲιωτιρὦῖ

2734 3507 2854 3559 Τῶν
2895 3502 2940 3576 γ’
2973 3499 3248 3574 Ματέρων.

2167 3593 2577 3666 Δῖαπορήσασαι
2634 3589 2814 3644 τοίνυν
2876 3589 3002 3665 περὶ
3046 3595 3146 3650 ταῖς
3206 3585 3540 3643 διδασκάλου
3597 3581 3654 3640 αἴ
3719 3603 3824 3656 μα-

2170 3683 2410 3756 θήτριαι,
2443 3679 2526 3735 ὅτι
2554 3678 2637 3740 τίς
2670 3679 2809 3734 ἐστιν
2849 3675 3008 3748 αὕτη,
3049 3682 3141 3733 νῦν
3193 3698 3322 3732 φασι
3362 3675 3487 3751 περῖ
3518 3673 3687 3743 αὗτῆς
3704 3671 3768 3728 τό
3809 3693 3824 3707 ο

2170 3766 2308 3826 Ἰδοὺ
2335 3769 2368 3836 ἡ
2404 3767 2566 3837 κλίνη
2599 3771 2696 3820 τοῦ
2745 3765 3015 3838 Σολομὼν
3045 3785 3057 3799 ’
3112 3763 3192 3842 ἐφ’
3238 3764 3308 3833 ἧς
3350 3764 3566 3824 πάντως
3629 3760 3829 3816 έπανα-

2168 3857 2394 3914 παύεται
2427 3857 2454 3910 ὁ
2486 3855 2622 3932 πρὸς
2680 3855 2867 3910 ἑαυτὸν
2916 3855 3006 3910 καὶ
3063 3855 3197 3929 πρὸς
3247 3850 3534 3924 ἀλλήλους
3567 3852 3655 3906 καὶ
3688 3849 3828 3925 πρὸς

2166 3951 2259 4006 τὸν
2315 3946 2452 4002 ἴδιον
2529 3949 2740 4018 Πατέρα
2820 3944 3209 4002 καταλλάττων
3287 3946 3436 4017 ἡμᾶς
3507 3941 3766 4016 Χριστὸς,
3799 3941 3828 3997 ὁ

2172 4038 2446 4115 εἴρηνικὸς
2484 4035 2761 4112 βασιλεύς.
2795 4035 3090 4106 Ἐξήκοντα
3138 4031 3354 4090 δυνατοὶ
3385 4031 3576 4104 κύκλῳ
3635 4030 3830 4107 αὐτῆς,

2170 4126 2326 4202 οἷ’περ
2350 4126 2482 4182 είσὶν
2533 4127 2589 4179 o't
2650 4123 2770 4196 θείᾳ
2834 4122 3068 4198 δυνάμει
3125 4121 3462 4197 πανταχόθεν
3495 4117 3832 4197 περιφυλάτ-

2172 4236 2355 4278 τοντες
2405 4215 2503 4282 τὴν
2548 4213 2622 4276 εἷς
2669 4213 2966 4268 ἀνάπαυσιν
3011 4215 3145 4268 Θεοῦ
3196 4210 3604 4282 έτοιμασθεῖσαν
3641 4207 3834 4282 ψυχὴν

2171 4306 2278 4362 ἀπὸ
2322 4309 2430 4360 τῶν
2485 4298 2968 4358 ἐπιϐουλευόντων
3027 4305 3352 4374 πνευμάτων
3406 4306 3509 4368 τῆς
3562 4295 3836 4370 πονηρίας

2175 4394 2521 4470 ένεργητικοὶ
2555 4390 2850 4466 λογισμοί·
2883 4397 2982 4446 τοῦ
3014 4391 3118 4466 γὰρ
3166 4396 3287 4452 ταῖς
3317 4387 3474 4444 πέντε
3517 4387 3840 4457 πίσθησεσιν

2178 4485 2592 4544 ἐπιστατοῦντος
2654 4481 2822 4556 λόγου
2881 4478 2995 4554 ἅμα
3041 4479 3262 4541 ταύταις
3305 4476 3396 4534 τὰν
3429 4474 3480 4550 ἔξ
3512 4473 3843 4531 ἀποτελοῦν-

2175 4594 2270 4636 τος
2303 4571 2723 4647 ἀριθμόν³τῶν
2785 4567 2844 4625 δὶ
2907 4569 3065 4624 θείων
3137 4567 3372 4623 έντοΛῶν
3443 4565 3841 4638 έκπΑηρουσῶν

2175 4662 2269 4718 τὸν
2311 4657 2461 4732 δέκα,
2493 4661 2620 4714 ὅταν
2655 4660 2682 4714 ὁ
2716 4658 2871 4733 λόγῳ
2923 4658 3222 4713 ἐπιστατῶν
3255 4661 3374 4718 ταῖς
3410 4653 3692 4724 αῗσθήσεσι
3740 4649 3842 4713 τὰς

411 4744 539 4796 tute
587 4740 808 4808 vivens,
857 4749 923 4794 ut
975 4739 1198 4796 dictum
1249 4748 1356 4800 est.
1412 4749 1496 4801 Ea:
1521 4747 1846 4817 fortissimis
1876 4750 2048 4806 Israel

2178 4752 2324 4816 θείας
2376 4731 2510 4822 ποιῇ
2597 4731 2850 4819 ἐντολὰς,
2897 4744 3274 4818 έξαπλασιάζει
3337 4746 3436 4813 τὴν
3494 4738 3694 4798 δεκάδα
3721 4744 3836 4795 τῶν

414 4829 484 4886 Hi
515 4832 659 4885 sunt
689 4827 928 4886 omnino
979 4846 1125 4886 veras
1177 4835 1396 4890 mentis
1439 4828 1628 4891 Deum
1675 4837 1930 4896 videntis
1961 4857 2065 4896 n0-

413 4919 629 4985 tiones,
663 4933 732 4973 ex
760 4918 977 4989 quibus
1010 4925 1283 4978 constant
1314 4923 1584 4981 efficaces
1613 4924 1726 4981 ille
1765 4928 2068 4998 cogitatio-

415 5024 520 5064 nes
540 5009 612 5063 ad
635 5008 856 5062 bonum
872 5011 1792 5082 peragendum.Ambiuntautem
1807 5018 2069 5074 animam

416 5098 479 5152 in
510 5113 628 5170 qua
657 5096 812 5152 Deus
843 5099 1182 5170 requiescit,
1215 5117 1422 5158 omnes
1453 5091 1720 5161 tenentes
1743 5105 1969 5178 gladios
2015 5113 2075 5163 et

421 5187 492 5243 ad
528 5185 681 5241 bella
711 5186 1061 5244 doctissimi.
1093 5189 1492 5262 Cogitationes
1521 5193 1678 5250 enim
1729 5212 1857 5268 quas
1904 5197 2072 5253 dicte

421 5280 583 5341 sunt,
633 5291 702 5330 ex
743 5277 1261 5350 contemplationis
1315 5281 1554 5350 quidem
1605 5283 1813 5341 habitu
1845 5285 2076 5358 gladios

423 5366 641 5422 habent
671 5365 978 5437 ancipites,
1011 5367 1230 5440 quibus
1275 5385 1343 5424 ea
1394 5387 1521 5443 quas
1572 5377 1713 5429 sunt
1761 5376 2074 5448 contraria,

423 5453 752 5524 dijudicent
784 5471 796 5508 :
832 5471 900 5509 ex
931 5456 1175 5512 actionis
1207 5464 1401 5514 autem
1435 5461 1488 5514 vi
1540 5478 1715 5518 usum
1765 5468 1941 5534 atque
1989 5482 2080 5521 ex-

426 5542 772 5615 perientiam
806 5544 1090 5616 obtinent,
1124 5551 1416 5618 quomodo
1462 5551 1694 5622 possint
1732 5553 2080 5610 adversariae

429 5635 748 5704 potestates
819 5633 1144 5707 proﬂigari.
1209 5639 1644 5712 Uniuscujusque
1710 5643 1856 5697 ensis
1914 5659 2083 5716 super

427 5729 610 5791 temur
664 5737 850 5790 suum,
903 5739 938 5778 a
989 5725 1184 5783 timore
1214 5728 1275 5782 in
1321 5729 1592 5786 noctibus.
1653 5730 1910 5804 Singula
1967 5732 2080 5791 illis

431 5827 555 5883 quae
584 5810 866 5883 diximus,
894 5815 1307 5888 cogitationes,
1355 5817 1618 5890 gladium
1667 5821 1912 5894 spiritus
1967 5840 2083 5896 quo

2177 4839 2436 4910 ἐντολῶν,
2469 4837 2558 4893 καὶ
2587 4839 2678 4892 τὸν
2730 4837 2989 4908 ἑξήκοντα
3037 4831 3296 4890 ἀποτελεῖ
3326 4833 3580 4907 ἀριθμὸν,
3603 4831 3667 4886 τὸ
3698 4829 3844 4904 ἀγα-

2179 4931 2296 5000 θον,
2329 4929 2405 4992 ὡς
2429 4926 2667 5002 εἴρηται,
2713 4925 3098 5000 έργαζόμενος.
3151 4924 3285 4981 Ἀπὸ
3336 4919 3575 4977 δυνατῶν
3613 4915 3841 4993 Ἰσραήλ

2179 5019 2346 5076 Οὗτοι
2380 5014 2438 5072 δὶ
2467 5017 2684 5078 πάντως
2713 5015 2769 5070 αἱ
2816 5013 3041 5084 ἀληθεῖς
3086 5016 3186 5068 τοῦ
3248 5012 3488 5085 ὁρῶντος
3545 5011 3684 5064 Θεοῦ
3742 5010 3844 5061 νοῦ

2183 5106 2317 5162 εἰσιν
2379 5103 2604 5161 ἔννοιαι.
2682 5103 2773 5178 ἀφ’
2821 5104 2897 5156 ὧν
2976 5099 3331 5179 ὑφιστάμενοι
3386 5099 3439 5153 οἱ
3493 5101 3592 5152 τοῦ
3635 5096 3845 5171 ἀγαθοῦ

2183 5193 2525 5269 ένεργητικοὶ
2579 5191 2865 5265 λογισμοὶ,
2925 5189 3390 5265 περιφυλάττουσι
3442 5187 3546 5255 τὴν
3596 5184 3649 5240 έν
3677 5185 3844 5256 δαυτῇ

2185 5282 2636 5342 έπαναπαύσασαν
2666 5280 2760 5336 τὸν
2815 5277 3092 5354 εἰρηνικόν
3141 5276 3370 5353 βασιλέα
3408 5275 3618 5351 ψυχὴν,
3650 5274 3848 5333 πάντες

2185 5374 2512 5448 κατέχοντες
2563 5370 2861 5446 ῥομφαίας,
2911 5365 3288 5443 δεδιδαγμένοι
3334 5363 3600 5438 πόλεμον.
3645 5363 3850 5422 Πάντες

2189 5460 2247 5517 δὶ
2278 5459 2334 5516 οῗ
2363 5459 2646 5536 εἰρημένοι
2701 5457 2987 5534 λογισμοὶ,
3033 5457 3152 5512 καθ’
3191 5454 3295 5526 ἕξιν
3352 5455 3445 5527 μὶν
3477 5450 3846 5527 θεωρητικήν,

2191 5553 2282 5606 οἷα
2307 5548 2582 5627 ρομφαίας
2641 5545 2934 5622 διστόμους
2981 5547 3078 5608 τὰς
3121 5541 3415 5621 διακρίσεις
3452 5546 3561 5597 τῶν
3593 5537 3845 5595 ἐναντίων

2191 5641 2531 5715 κατέχουσι·
2583 5638 2699 5694 κατ’
2760 5638 3030 5713 ἐνέργειαν
3087 5632 3144 5690 δὶ
3201 5633 3504 5709 πρακτικὴν
3555 5627 3844 5705 πεπείραν-

2189 5733 2398 5787 ταιτοῦ
2428 5732 2544 5792 πῶς
2589 5727 2672 5784 δεῖ
2729 5733 2849 5790 ταῖς
2907 5724 3166 5786 ἐναντίαις
3223 5721 3485 5797 δυνάμεσι
3546 5720 3839 5795 μάχεσθαι.

2191 5823 2360 5894 ’Δνῆρ
2415 5818 2660 5896 ῥομφαία
2726 5817 2892 5874 αὐτοῦ
2966 5814 3058 5872 ἐπὶ
3123 5813 3215 5870 τὸν
3275 5811 3450 5888 μηρὸν
3513 5809 3680 5867 αὐτοῦ
3736 5807 3842 5862 ἀπὸ
