4110 6396
253 458 380 520 605

1306 464 1711 526 COMMENT.
1761 466 1838 525 IN
1884 463 2292 525 CANTICUM
2341 464 2649 526 CANTIC.

3567 466 3686 529 606

254 583 512 664 ϐάμϐους
573 589 625 646 ἒν
681 589 847 662 νυξίν·
905 586 1076 666 ἤγουν
1112 635 1128 661 ,
1184 589 1406 656 ἕκαστος
1450 599 1556 650 τῶν
1609 595 1910 671 εἱρημένων

2030 595 2174 652 vitia
2203 595 2905 668 conciduntur,adversus
2935 597 3450 670 concupiscentem
3473 599 3682 656 animae

254 678 548 755 λογισμῶν
582 681 682 750 τήν
709 680 1052 756 ἀναιρετικὴν
1081 686 1187 736 τῶν
1233 685 1417 738 παθῶν
1483 683 1757 760 μάχαιραν
1815 688 1914 740 τοῦ

251 769 568 842 πνεύματος
643 772 780 824 κατά
841 774 940 835 τῆς
1016 771 1418 845 ἐπιθυμητικῆς
1477 771 1757 846 δυνάμεως
1814 781 1914 844 τῆς

255 863 446 934 ψυχῆς
511 858 843 935 ἐπιφέρεται,
916 857 1003 914 ’ὁιά
1061 857 1228 932 φόϐον
1288 867 1395 916 τῶν
1455 858 1919 918 ἐπιϐουλευόντων

258 949 399 1022 αὐτῇ
431 947 484 1003 έν
515 947 629 1018 νυξὶ
680 955 780 1017 τῆς
837 949 1078 1024 ἀγνοίας,
1110 950 1246 1005 κατά
1273 954 1368 1014 τάς
1399 951 1634 1028 ἀλόγους
1663 959 1766 1021 τῆς
1798 952 1917 1008 ἐπι-

260 1035 457 1110 θυμίας
489 1038 670 1113 ὁρμῆς
694 1038 1083 1111 πονηροτάτων
1120 1036 1419 1113 δαιμόνων.

335 1133 566 1203 Φορεῐοδ
610 1125 871 1198 ἐποίησαν
903 1128 1077 1202 ὲαοτῷ
1109 1130 1138 1184 6
1193 1128 1446 1205 βασιλεὺς
1496 1129 1768 1204 Σολομὼν
1813 1130 1919 1185 ἀπὸ

261 1214 440 1289 ξύλων
466 1219 559 1269 τοῦ
590 1209 847 1273 Λιϐάνου.
881 1217 1125 1279 Στύλους
1155 1218 1318 1274 αὐτοῦ
1350 1218 1601 1290 ἐποίησεν
1638 1219 1918 1295 ἀργύριον,

258 1304 348 1359 καὶ
381 1302 668 1360 ἀνάκλιτον
703 1304 866 1360 αὐτοῦ
893 1306 1152 1381 χρύσεον
1187 1303 1436 1370 ἐπίϐασις
1458 1308 1622 1364 αὐτοῦ
1645 1314 1918 1386 πορφυρᾶ,

257 1393 407 1455 ἰντὸς
438 1393 604 1449 αὑτοῦ
636 1393 1028 1470 λιθόστρωτον,
1063 1397 1277 1472 ἀγαπην
1327 1398 1432 1453 ἀπὸ
1479 1396 1784 1474 θυγατέρων
1829 1399 1920 1455 Ἰε-

259 1481 505 1559 ρουσαλή
519 1505 578 1557 μ.

957 1589 1202 1650 Ψελλοῦ.

258 1685 492 1756 Φορεῖον
525 1679 776 1752 ἐποίησεν
810 1681 984 1754 ἑαυτῷ
1023 1682 1052 1738 6
1087 1681 1344 1758 βασιλεὺς
1376 1683 1670 1758 Σολομών,

256 1769 317 1828 Ὀ
347 1768 519 1837 λόγος
556 1771 584 1826 ὁ
613 1771 970 1847 προκείμενος
997 1775 1095 1826 τοῦ
1130 1771 1332 1844 μέλους
1359 1777 1468 1828 τῶν
1498 1773 1790 1848 ⁷ᾼσμάτιην

259 1863 372 1929 Τήν
406 1859 459 1930 ἐξ
486 1858 656 1924 ἐθνῶν
688 1859 980 1916 αἰνίττεται
1011 1861 1303 1937 πανσόςρως
1337 1860 1689 1934 Ἐκκλησίαν.

254 1949 319 2007 Ὀ
352 1947 610 2024 βασιλεὺς
641 1949 742 2024 γὰρ
777 1947 1072 2022 Σολομῶν,
1104 1951 1379 2005 τουτέστιν
1413 1953 1439 2006 ὁ
1465 1951 1724 2030 νυμφίος,

261 2041 361 2101 ’Ός
400 2037 544 2093 ἐστιν
576 2043 683 2094 τῶν
718 2037 883 2103 ἐθνῶν
922 2043 1029 2093 τῶν
1061 2040 1396 2112 ἀπωσμένων
1431 2040 1620 2098 πάλαι.

265 2131 416 2184 Ἔστι
453 2128 548 2201 μὲν
577 2129 677 2203 γὰρ
709 2128 798 2182 καὶ
831 2124 1061 2190 Λίϐανος
1092 2130 1309 2197 σεπτὸς,
1339 2131 1694 2204 ἡγιασμένοις,

264 2216 490 2280 Οὖτινος
524 2219 792 2290 μέμνηται
824 2213 990 2274 Δαϐἱδ
1023 2220 1050 2274 6
1082 2217 1501 2297 ψαλμιγράφος,
1535 2220 1734 2296 λέγων’

262 2307 358 2368 Ὠς
392 2308 568 2384 φοῖνιξ
594 2306 872 2378 ἐξανθήσει
906 2305 1115 2369 δίκαιος
1158 2308 1212 2363 ἐν
1245 2309 1453 2385 Κυρίῳ,

268 2395 366 2449 Καὶ
397 2395 832 2466 πληθυνθήσεται
864 2396 1048 2457 καλῶς
1079 2398 1153 2459 ὡς
1182 2395 1372 2473 κέδρος
1405 2398 1456 2454 ἐν
1492 2395 1736 2473 Λιϐάνῳ.

262 2483 414 2540 Ἔστι
447 2481 501 2538 δὲ
532 2484 696 2540 πάλιν
730 2481 966 2548 Λίϐανος
999 2482 1317 2556 ἀπόϐλητος
1347 2487 1399 2542 έν
1432 2493 1618 2555 πᾶσιν,

257 2571 441 2644 Οῦπερ
475 2572 762 2650 ἐπεύχεται
792 2570 959 2630 Δαϐὶδ
991 2576 1086 2637 τάς
1125 2573 1352 2652 κέδρους
1383 2574 1752 2651 συντριϐῆναι.

255 2661 506 2724 Στύλους
538 2660 596 2718 δὲ
621 2663 683 2718 σύ
720 2686 813 2737 μοι
840 2663 1036 2735 νόησον
1066 2665 1156 2720 καὶ
1193 2667 1376 2741 βάσεις
1402 2672 1499 2722 τοῦ
1529 2668 1772 2744 φορείου,

249 2749 399 2814 Τοὺς
424 2751 770 2816 ἀποστόλους
799 2752 1026 2824 ἀληθῶς
1055 2753 1144 2809 καί
1171 2753 1298 2818 τοὺς
1329 2758 1614 2834 προφήτας
1656 2757 1844 2829 ὅλους,

251 2838 470 2902 Οἷτινες
509 2841 864 2915 ὑπεστήριξαν
898 2845 1138 2918 Χριστοῦ
1164 2844 1264 2913 τὴν
1299 2842 1647 2916 Ἐκκλησίαν,

252 2931 358 2986 Καὶ
389 2931 488 2999 τήν
514 2929 726 3007 ἀγάπην
767 2929 1021 3002 ηὔξησαν,
1055 2931 1222 3008 ἤγουν
1252 2935 1352 3002 τήν
1387 2934 1680 3012 σωτηρίαν.

254 3023 384 3078 Τῶν
418 3019 770 3092 ἀνθρωπίνων
803 3017 1019 3091 δηΛαδὴ
1061 3025 1255 3098 ψυχῶν
1287 3027 1394 3077 τῶν
1427 3024 1788 3097 ἀπωσμένων,

244 3112 428 3164 Ταῦτα
461 3110 557 3181 μὶν
591 3107 681 3164 οὖν
717 3107 1023 3181 λελάληκεν
1057 3111 1190 3188 ὑπερ
1221 3111 1388 3182 αὐτῆς
1413 3116 1448 3183 ἠ
1479 3115 1690 3188 νύμφη.

829 3219 954 3273 Τῶν
983 3219 1032 3292 γ’
1063 3219 1312 3292 Πατέρων
1325 3265 1336 3277 .

2028 689 2378 759 potestatem
2411 686 2726 750 intentant.
2762 691 3000 759 pr0pter
3040 689 3322 743 terrorem
3375 704 3554 761 quam
3582 706 3683 747 ne-

2027 775 2303 847 quissimi
2334 777 2631 832 daemones
2659 776 2811 832 dolis
2863 776 2989 832 suis
3031 776 3238 832 animae
3288 777 3578 848 objiciunt
3621 778 3682 834 in

2028 865 2300 920 noctibus
2321 865 2797 938 ignorantiae,per
2822 865 3076 937 impetus
3099 865 3440 937 cupiditatis
3471 866 3681 924 rationi

2031 959 2452 1025 repugnantes.

2099 1132 2386 1188 Ferculum
2414 1134 2543 1202 fecit
2565 1133 2676 1189 sibi
2703 1149 2804 1188 rex
2833 1132 3092 1189 Salomon
3120 1131 3186 1188 de
3217 1131 3398 1206 lignis
3428 1133 3635 1189 Libani
3664 1149 3680 1188 :

2028 1220 2318 1278 columnas
2387 1223 2505 1280 eius
2584 1223 2718 1292 fecit
2785 1230 3094 1292 argenteas,
3151 1225 3208 1278 et
3263 1223 3684 1278 reclinalorium

2027 1311 2144 1382 ejus
2200 1327 2450 1379 aureum,
2510 1327 2805 1367 ascensum
2861 1313 2980 1381 eius
3026 1327 3392 1384 purpureum,
3439 1311 3684 1367 medium

2029 1400 2146 1471 ejus
2199 1401 2479 1472 lapidibus
2543 1408 2913 1468 constratum,
2975 1402 3309 1458 charitatem
3367 1418 3404 1457 a
3461 1401 3684 1472 ﬁliabus

2027 1490 2352 1547 Jerusalem.

2753 1598 2952 1654 Pselli.

2099 1686 2392 1744 Ferculum
2417 1688 2554 1762 fecit
2581 1688 2690 1744 sibi
2716 1704 2821 1744 rex
2846 1687 3128 1745 Salomon.

2099 1777 2304 1834 Sermo
2335 1777 2673 1849 propositus
2700 1777 2921 1834 Cantici
2953 1777 3318 1834 canticorum
3367 1777 3684 1850 sapientis-

2031 1866 2178 1923 sime
2211 1866 2532 1923 Ecclesium
2565 1885 2632 1924 ex
2662 1867 2936 1940 gentibus
2967 1866 3269 1924 collectam
3299 1867 3515 1922 innuit.
3560 1867 3678 1922 Rex

1951 1973 2000 2038 B
2030 1955 2186 2012 enim
2217 1955 2515 2027 Salomon,
2548 1956 2604 2012 id
2639 1962 2746 2028 est,
2798 1973 3076 2029 sponsus,
3127 1956 3228 2030 qui
3275 1960 3364 2012 est
3409 1956 3676 2028 gentium

2029 2045 2168 2101 olim
2206 2045 2577 2112 reiecturum.
2609 2045 2858 2102 Libanus
2888 2047 3060 2101 etiam
3094 2050 3186 2103 est
3215 2046 3578 2102 venerandus
3621 2049 3680 2102 et

2029 2139 2292 2204 sanctus,
2317 2137 2387 2190 de
2419 2152 2536 2206 quo
2567 2134 2933 2192 Psalmorum
2967 2135 3236 2192 conditor
3263 2135 3442 2190 David
3476 2135 3682 2191 memi-

2026 2223 2114 2279 nit
2146 2241 2159 2279 :
2189 2225 2400 2289 Justus,
2433 2223 2731 2295 inquiens,
2760 2229 2824 2278 ut
2847 2224 3033 2295 palma
3078 2224 3299 2293 ﬂorebit
3341 2241 3362 2279 :
3409 2225 3552 2278 sicut
3597 2240 3681 2280 ce-

2026 2312 2157 2367 drus
2207 2313 2419 2368 Libani
2462 2311 2936 2383 multiplicabitur
2982 2313 3047 2366 ³9.
3081 2317 3180 2369 Est
3210 2315 3406 2368 autem
3440 2329 3678 2369 rursum

2030 2402 2284 2457 Libanus
2337 2401 2682 2473 repudiatus
2731 2401 2790 2456 in
2841 2401 3140 2468 omnibus,
3199 2402 3372 2471 cujus
3436 2402 3675 2472 quidem

2027 2495 2192 2562 optat
2242 2490 2414 2545 David
2465 2491 2672 2545 ccdros
2726 2490 3040 2561 confringi.
3091 2490 3200 2546 Per
3255 2490 3562 2546 columnas
3621 2496 3680 2546 et

2030 2579 2201 2634 bases
2232 2582 2294 2634 tu
2330 2579 2474 2633 mihi
2502 2578 2798 2651 apostolos
2828 2583 2886 2633 et
2915 2578 3234 2650 prophetas
3264 2579 3678 2651 intellige,'qui

2026 2667 2242 2724 Christi
2275 2667 2590 2723 Ecclesiam
2629 2668 3064 2736 sustinuerunt,
3099 2672 3154 2724 et
3184 2667 3529 2725 charitatem
3577 2686 3684 2724 au-

2025 2762 2259 2824 xerunt,
2320 2756 2838 2829 humanarumque
2888 2757 3224 2814 animarum
3281 2775 3408 2830 quae
3458 2759 3685 2830 rejectaa

2027 2851 2214 2915 erant,
2243 2845 2459 2902 salutis
2520 2848 2761 2903 fuerunt
2818 2846 3266 2904 studiosissimi.
3303 2848 3433 2904 Haec
3493 2847 3679 2920 igitur

2032 2953 2251 3008 Sponsa
2280 2935 2351 2992 de
2381 2953 2444 2993 se
2473 2937 2604 3009 ipsa
2631 2936 2828 2994 locuta
2856 2941 2967 2993 est.

2621 3221 2809 3276 Trium
2840 3222 3090 3276 Patrum.

330 3305 424 3359 Ἐκ
451 3304 658 3360 τούτων
691 3306 796 3380 γάρ
826 3306 934 3360 τῶν
968 3304 1029 3361 ἐκ
1054 3313 1154 3377 τῆς
1211 3313 1454 3386 πονηρᾶς
1501 3310 1704 3382 ταύτης
1755 3309 1909 3367 έκκο-

514 3393 588 3412 υ..
783 3394 796 3411 ς
853 3393 867 3412 ν
921 3396 934 3412 ι
987 3402 1033 3412 -.
1170 3401 1198 3412 ..
1289 3403 1316 3412 ..
1378 3400 1402 3412 -
1511 3399 1568 3412 ς.
1703 3404 1729 3412 -
1867 3401 1878 3412 .

2100 3310 2180 3366 Ex
2210 3309 2302 3366 his
2329 3308 2488 3365 enim
2522 3309 2618 3380 qui
2672 3324 2740 3365 ex
2785 3309 3056 3382 improba
3103 3309 3218 3367 ista
3267 3309 3463 3366 radice
3507 3307 3687 3366 excisi

247 3395 469 3450 πέντων
502 3393 678 3470 ῥίζης,
711 3394 799 3448 καὶ
849 3393 937 3450 ἐπὶ
987 3401 1212 3472 Χριστῷ
1248 3403 1328 3471 τῷ
1377 3399 1618 3474 θεμελίῳ
1658 3404 1757 3471 τῆς
1815 3401 1911 3457 πί-

243 3504 424 3546 στεως
474 3480 1041 3556 ἐποικοδομηθέντων,
1091 3492 1310 3563 φορεῖοι
1361 3489 1536 3562 ἑαυτῷ
1592 3490 1913 3562 πεποίηκεν,

245 3573 416 3634 αὐτὸς
465 3573 699 3648 Χριστὸς
767 3573 794 3626 ὁ
855 3572 1128 3647 εἰρηνικὸς
1178 3576 1429 3650 βασιλεύς
1462 3597 1474 3610 ·
1556 3576 1641 3634 ἐπὶ
1699 3579 1910 3635 τούτων

243 3661 567 3736 ἦφθακότων
633 3660 709 3723 εἷς
781 3660 1104 3733 τελειότητα
1175 3663 1355 3742 ὥσπερ
1433 3665 1760 3742 ὀχούμενος,
1823 3669 1912 3723 καὶ

241 3752 390 3826 πρὸς
425 3749 554 3812 τοὺς
587 3747 1014 3824 διδασκομένους
1049 3749 1503 3830 μεταφερόμενος.
1565 3756 1715 3812 Κατά
1747 3757 1913 3833 μέρος

245 3838 310 3896 δὲ
364 3841 466 3908 τὴν
513 3844 610 3893 τοῦ
660 3840 884 3917 φορείου
939 3845 1278 3912 κατασκευήν
1337 3843 1695 3919 ἐξηγούμενοί
1757 3865 1905 3924 φασι·

245 3930 499 3990 Στύλους
555 3929 722 3984 αὐτοῦ
795 3928 1046 4000 ἐποίησεν
1120 3930 1419 4007 ἀργύριον,
1478 3931 1633 4010 οἵπερ
1685 3935 1786 3990 είσὶ
1847 3935 1914 3991 τὰ

244 4019 419 4093 λόγια
479 4017 697 4093 Κυρίου,
757 4014 790 4071 ἃ
849 4039 1011 4094 ψησιν
1059 4019 1088 4073 6
1139 4015 1326 4086 Δαϐὶδ,
1362 4017 1527 4096 λόγια
1558 4023 1713 4098 ἀγνά,
1747 4023 1911 4098 ἀργύ-

243 4128 371 4184 ριον
432 4106 867 4183 πεπυρωμένον.
928 4107 1042 4183 Ἐφ’
1119 4109 1200 4171 οἷς
1258 4108 1438 4187 ὥσπερ
1491 4112 1598 4166 τισὶ
1662 4112 1908 4183 στόλοις,

244 4196 438 4272 ὕψωσε
495 4195 632 4272 πρὸς
683 4199 880 4272 γνῶσιν
933 4197 1126 4252 ἑαυτοῦ
1187 4199 1214 4254 6
1267 4199 1504 4275 νυμφίος
1537 4202 1636 4270 τὴν
1670 4200 1907 4280 νύμφην,

242 4287 453 4341 οἰκεῖον
519 4285 720 4353 ταύτην
795 4286 1168 4358 ποιησάμενος
1238 4289 1452 4364 ὃχημα,
1529 4292 1794 4365 φέρουσαν
1855 4291 1907 4346 έν

240 4377 414 4448 ἑαυτῇ
470 4375 570 4442 τὴν
631 4374 896 4443 ἑνωτικὴν
949 4376 1180 4430 τουτωνὶ
1233 4381 1340 4431 τῶν
1375 4376 1578 4454 λογίων
1624 4378 1907 4450 ἀλήθειαν.

242 4465 351 4520 Καὶ
419 4460 708 4518 ἀνάκλιτον
786 4462 950 4517 αὐτοῦ
1021 4463 1274 4539 χρυσίον,
1352 4464 1518 4542 ἤγουν
1571 4469 1908 4523 κατάπαυσιν

239 4561 352 4622 τῆς
409 4552 547 4607 κατά
601 4555 726 4606 νοῦν
785 4555 1048 4623 κινήσεως
1085 4553 1258 4624 αὐτῆς
1314 4556 1582 4627 πεποίηκε
1630 4559 1692 4612 τὸ
1743 4559 1909 4613 αὑτοῦ

246 4641 598 4716 ὓπερούσιον.
629 4642 802 4712 ’Ὁπερ
834 4642 1092 4713 σημαίνει
1125 4644 1152 4698 ὁ
1185 4645 1393 4719 χρυσὸς
1419 4645 1495 4706 ὡς
1537 4651 1644 4699 τῶν
1697 4644 1906 4700 λοιπῶν

2036 3399 2288 3468 fuerant,
2337 3403 2393 3454 et
2443 3415 2622 3471 super
2666 3399 2970 3455 Christum
3031 3399 3166 3455 ﬁdei
3227 3400 3679 3455 fundamentum

2026 3488 2319 3557 aediﬁcati,
2354 3489 2642 3545 ferculum
2674 3489 2785 3545 sibi
2820 3489 2958 3545 fecit
2989 3488 3113 3559 ipse
3141 3488 3409 3545 Christus
3440 3492 3557 3544 Rex
3585 3486 3686 3544 ille

2026 3579 2310 3650 paciﬁcus
2345 3596 2357 3634 :
2389 3593 2523 3634 cum
2555 3595 2734 3651 super
2765 3578 2857 3634 his
2896 3579 2969 3634 ad
3019 3578 3440 3650 perfectionem
3489 3578 3678 3634 addu-

2024 3669 2156 3735 ctis,
2189 3671 2494 3739 itanquam
2547 3668 2605 3721 in
2655 3683 2851 3733 curru,
2901 3668 2972 3723 ad
3023 3667 3378 3724 erudiendos
3409 3667 3682 3723 homines

2023 3759 2355 3811 veheretur.
2413 3755 2729 3827 Sigillatim
2789 3761 2985 3812 autem
3060 3757 3263 3812 ferculi
3329 3762 3682 3828 apparatum

2024 3851 2388 3912 enarrantes,
2419 3846 2718 3902 Columnas
2761 3846 2901 3916 ejus,
2954 3845 3253 3916 inquiunt,
3301 3847 3431 3916 fecit
3480 3861 3685 3916 argen-

2025 3940 2165 4000 teas,
2198 3950 2328 4006 quae
2358 3934 2596 4005 quidem
2632 3937 2772 3988 sunt
2796 3933 3033 4005 eloquia
3062 3933 3292 3988 Domini
3318 3949 3332 3990 :
3364 3933 3436 3988 de
3465 3933 3683 4005 quibus

2028 4022 2206 4078 David
2243 4039 2257 4078 :
2292 4023 2542 4094 Eloquia,
2575 4021 2787 4092 inquit,
2816 4026 2968 4076 casta
3003 4039 3021 4076 :
3049 4029 3346 4091 argentum
3377 4024 3503 4092 igne
3545 4037 3684 4077 exa-

2021 4115 2303 4168 minatum
2339 4113 2404 4166 ‘°.
2437 4113 2622 4182 Super
2653 4110 2868 4183 quibus
2898 4115 3180 4182 tanquam
3215 4109 3510 4166 columnis
3552 4104 3686 4181 qui-

2022 4202 2272 4258 busdam
2309 4217 2564 4274 sponsus
2596 4199 2893 4254 sublatam
2927 4216 3208 4272 sponsam
3243 4200 3314 4254 ad
3367 4215 3429 4254 se
3481 4199 3682 4266 traxit,

2022 4291 2324 4363 prOprium
2360 4289 2550 4362 ipsam
2580 4288 2917 4344 vehiculum
2951 4289 3339 4355 constituens,
3373 4304 3500 4360 qua
3531 4288 3591 4342 in
3624 4304 3686 4343 se

2019 4379 2148 4452 ipsa
2178 4379 2355 4435 ferret
2385 4393 2581 4433 veram
2623 4378 2835 4433 borum
2884 4377 3255 4450 eloquiorum
3307 4377 3680 4449 conjunctio-

2020 4485 2176 4525 nem.
2210 4469 2275 4523 Et
2305 4468 2718 4524 reclinatorium
2749 4469 2869 4540 ejus
2897 4483 3132 4524 aureum
3163 4485 3182 4522 :
3214 4467 3272 4522 id
3305 4471 3412 4534 est,
3468 4465 3685 4522 mentis

2020 4558 2212 4629 ipsius
2256 4555 2745 4628 tranquillitatem
2797 4557 3154 4628 praecipuam
3207 4554 3322 4612 sibi
3371 4555 3470 4610 ubi
3519 4556 3684 4627 quie-

2019 4653 2209 4702 sceret
2239 4647 2438 4702 sedem
2472 4645 2810 4702 constituit:
2833 4647 2888 4700 id
2923 4647 3079 4701 enim
3114 4662 3217 4717 per
3245 4661 3454 4701 aurum
3489 4649 3686 4700 osten-

245 4735 440 4788 πασῶν
492 4729 638 4785 ὑλῶν
668 4731 1021 4806 τιμιώτερος.
1073 4727 1358 4796 Ἐπίϐασις
1408 4735 1574 4790 αὐτοῦ
1631 4736 1906 4813 πορφύρα,

2029 4736 2129 4801 dit,
2163 4736 2318 4806 quod
2354 4735 2532 4790 rebus
2563 4735 2842 4790 omnibus
2872 4752 2938 4790 ex
2968 4734 3217 4790 materia
3273 4733 3688 4790 constantibus

249 4818 523 4878 δώλονότι
559 4816 808 4894 βασιλεία
835 4824 990 4875 Θεοῦ.
1025 4820 1088 4875 Εἰ
1119 4821 1224 4897 γὰρ
1257 4821 1531 4897 ετ’ρηνικὸς
1557 4825 1585 4879 6
1634 4823 1908 4897 Σολομῶν

249 4907 636 4985 ἑρμηνεύεται,
689 4908 780 4962 καὶ
849 4905 1022 4978 δηλοῖ
1069 4909 1162 4964 τὸν
1219 4909 1599 4984 εἷρηνεύσαντα
1641 4913 1694 4967 ἐν
1741 4913 1916 4986 ἐαυτῷ

244 4999 320 5056 τὰ
346 4997 522 5053 πάντα
551 4997 808 5074 Χριστόν·
858 4999 895 5067 ἡ
930 4995 990 5054 δὲ
1039 4998 1230 5075 εἰρήνη
1284 4999 1656 5077 ἀνενόχλητος
1716 5002 1910 5080 εὖφρο-

244 5089 383 5158 σύνη
439 5085 607 5160 ἐστὶν,
639 5089 675 5157 ἡ
707 5084 754 5141 δ’
784 5085 1163 5163 ἀνενόχλητος
1191 5088 1524 5165 εὐφροσύνη,
1559 5091 1913 5155 ἀστασίαστος

247 5175 388 5235 Θεοῦ
449 5175 703 5253 βασιλεία
734 5176 989 5253 ὑπάρχει·
1045 5175 1326 5252 βασιλείας
1380 5177 1485 5255 ἄρα
1540 5185 1674 5236 Θεοῦ
1722 5183 1756 5251 ἡ
1798 5182 1914 5238 ἐπί-

245 5263 408 5330 ϐασις
456 5273 559 5336 τῆς
607 5262 1026 5342 ὑποδεχομένης
1076 5270 1266 5343 ψυχῆς
1327 5265 1484 5340 δίκην
1543 5270 1764 5347 φορείου
1822 5273 1914 5327 τὸν

245 5355 522 5430 εἰρηνικὸν
586 5353 817 5430 βασιλέα
864 5353 1003 5410 ἐστίν
1033 5399 1047 5412 .
1098 5358 1278 5419 Ἐντὸς
1330 5357 1494 5414 αὐτοῦ
1545 5358 1914 5436 λιθόστρωτον

249 5445 471 5521 ἀγάπην
525 5445 632 5500 ἀπὸ
691 5444 1000 5520 θυγατέρων
1063 5445 1430 5521 Ἰερουσαλήμ
1462 5466 1475 5480 °
1542 5445 1670 5517 ἤτοι
1739 5449 1790 5503 ἐν
1844 5452 1913 5524 τῇ

249 5536 550 5611 κεκριμένη
612 5531 844 5588 διαθέσει
908 5541 1011 5604 τῆς
1083 5533 1283 5590 τούτου
1335 5537 1762 5612 χρηματισάσης
1817 5560 1916 5615 φο-

257 5631 404 5701 ρεῖον
451 5627 637 5699 ψυχῆς
669 5621 922 5692 ἐποίησεν
953 5624 981 5678 6
1008 5623 1405 5700 ἀκρογωνιαῖος
1437 5625 1589 5688 λίθος
1619 5632 1740 5692 ταῖς
1787 5627 1913 5684 ἑαυ-

336 5807 384 5845 ”
413 5805 567 5864 Psal.
599 5822 712 5877 τοι,
743 5804 830 5862 l3.
903 5805 950 5841 ⁴⁰
977 5803 1135 5864 Psal.
1175 5818 1254 5878 xl,
1287 5809 1336 5864 7.

2025 4826 2349 4882 antecellit.
2409 4831 2706 4882 Ascensum
2761 4826 2880 4897 ejus
2930 4842 3166 4882 aureum
3238 4843 3258 4882 :
3318 4824 3539 4897 regiam
3598 4823 3688 4878 ni-

2027 4917 2246 4972 mirum
2282 4915 2402 4971 Dei.
2435 4919 2581 4969 Nam
2616 4914 2666 4970 si
2697 4913 2969 4970 Salomon
3017 4914 3312 4985 signiﬁcat
3353 4913 3692 4985 pacificum,

2025 5010 2081 5063 et
2110 5005 2410 5060 Christum
2445 5003 2668 5059 indicat
2697 5003 2797 5075 qui
2831 5003 2890 5059 in
2939 5020 3000 5059 se
3049 5007 3261 5060 cuncta
3307 5001 3639 5077 paciﬁcavit
3670 5019 3684 5059 :

2027 5111 2138 5167 pax
2166 5098 2362 5149 autem
2395 5097 2486 5148 est
2538 5092 2720 5148 animi
2771 5091 2971 5148 laetitia
3021 5093 3095 5147 ab
3144 5092 3308 5149 omni
3353 5089 3690 5147 turbatione

2026 5187 2297 5240 remota:
2331 5183 2454 5238 hec
2484 5197 2618 5238 vero
2648 5181 2852 5238 laetitia
2899 5186 2990 5238 est
3035 5181 3138 5238 Dei
3188 5181 3350 5255 regia
3400 5181 3473 5236 ab
3527 5179 3688 5236 omni

2026 5272 2314 5330 seditione
2344 5271 2537 5327 aliena
2584 5287 2598 5326 :
2649 5271 2812 5344 regis
2863 5271 3067 5344 utique
3115 5271 3216 5328 Dei
3267 5275 3358 5327 est
3406 5285 3692 5327 ascensus

2027 5361 2258 5429 animus,
2291 5377 2419 5433 qua
2454 5359 2656 5416 ferculi
2688 5360 2874 5415 instar
2920 5359 3173 5432 suscipit
3222 5359 3436 5433 Regem
3487 5357 3689 5431 pacifi-

2025 5467 2184 5506 cum.
2217 5450 2457 5506 Medium
2485 5451 2602 5520 ejus
2649 5449 2924 5520 lapidibus
2968 5455 3227 5516 stratum,
3274 5450 3607 5505 charitatem
3655 5465 3690 5504 a

2026 5540 2249 5610 ﬁliabus
2277 5536 2633 5595 Jerusalem:
2668 5537 2730 5592 in
2777 5536 3088 5592 affectione
3133 5536 3405 5593 videlicet
3453 5535 3686 5606 animas,

2026 5645 2158 5705 quas
2189 5626 2476 5684 ferculum
2508 5627 2637 5701 ejus
2669 5625 2965 5682 declarata
3013 5630 3104 5682 est
3134 5642 3148 5681 :
3180 5625 3332 5699 lapis
3381 5623 3685 5697 angularia
