  <div class='ocr_page' id='page_1' title='image "/cluster/home/n/w/nwhite01/storage/ocr_20150623/122:no.2/coo.31924054870278/311.png"; bbox 0 0 4110 6424; ppageno 0'>
   <div class='ocr_carea' id='block_1_1' title="bbox 382 475 498 536">
    <p class='ocr_par' dir='ltr' id='par_1_1' title="bbox 382 475 498 536">
     <span class='ocr_line' id='line_1_1' title="bbox 382 475 498 536; baseline -0.017 0"><span class='ocrx_word' id='word_1_1' title='bbox 382 475 498 536; x_wconf 81' lang='grc' dir='ltr'>6οἹ</span> 
     </span>
    </p>
   </div>
   <div class='ocr_carea' id='block_1_2' title="bbox 1718 467 2458 532">
    <p class='ocr_par' dir='ltr' id='par_1_2' title="bbox 1718 467 2458 532">
     <span class='ocr_line' id='line_1_2' title="bbox 1718 467 2458 532; baseline -0.004 -2"><span class='ocrx_word' id='word_1_2' title='bbox 1718 471 2140 532; x_wconf 82' lang='lat' dir='ltr'>MICHAELIS</span> <span class='ocrx_word' id='word_1_3' title='bbox 2183 467 2458 528; x_wconf 84' lang='lat' dir='ltr'>PSELLl</span> 
     </span>
    </p>
   </div>
   <div class='ocr_carea' id='block_1_3' title="bbox 3679 465 3797 525">
    <p class='ocr_par' dir='ltr' id='par_1_3' title="bbox 3679 465 3797 525">
     <span class='ocr_line' id='line_1_3' title="bbox 3679 465 3797 525; baseline 0 0"><span class='ocrx_word' id='word_1_4' title='bbox 3679 465 3797 525; x_wconf 88' lang='lat'>608</span> 
     </span>
    </p>
   </div>
   <div class='ocr_carea' id='block_1_4' title="bbox 387 593 2045 678">
    <p class='ocr_par' dir='ltr' id='par_1_4' title="bbox 387 604 2030 678">
     <span class='ocr_line' id='line_1_4' title="bbox 387 604 2030 678; baseline -0.002 -15"><span class='ocrx_word' id='word_1_5' title='bbox 387 607 584 663; x_wconf 88' lang='lat' dir='ltr'>divina</span> <span class='ocrx_word' id='word_1_6' title='bbox 631 605 901 663; x_wconf 81' lang='lat' dir='ltr'>doctrina</span> <span class='ocrx_word' id='word_1_7' title='bbox 959 623 1066 662; x_wconf 83' lang='lat' dir='ltr'>sua</span> <span class='ocrx_word' id='word_1_8' title='bbox 1131 609 1305 677; x_wconf 88' lang='lat' dir='ltr'>atque</span> <span class='ocrx_word' id='word_1_9' title='bbox 1353 604 1637 678; x_wconf 82' lang='lat' dir='ltr'>exemplis</span> <span class='ocrx_word' id='word_1_10' title='bbox 1685 604 2030 660; x_wconf 86' lang='lat' dir='ltr'>charitatem</span> 
     </span>
    </p>
   </div>
   <div class='ocr_carea' id='block_1_5' title="bbox 2159 593 3793 678">
    <p class='ocr_par' dir='ltr' id='par_1_5' title="bbox 2159 593 3793 672">
     <span class='ocr_line' id='line_1_5' title="bbox 2159 593 3793 672; baseline -0.004 -15"><span class='ocrx_word' id='word_1_11' title='bbox 2159 604 2242 657; x_wconf 67' lang='grc' dir='ltr'>τοῦ</span> <span class='ocrx_word' id='word_1_12' title='bbox 2272 599 2438 665; x_wconf 81' lang='grc' dir='ltr'>θείαις</span> <span class='ocrx_word' id='word_1_13' title='bbox 2472 596 2870 663; x_wconf 77' lang='grc' dir='ltr'>διδασκαλίαις,</span> <span class='ocrx_word' id='word_1_14' title='bbox 2904 597 2993 652; x_wconf 65' lang='lat' dir='ltr'>xvi</span> <span class='ocrx_word' id='word_1_15' title='bbox 3023 602 3138 660; x_wconf 88' lang='grc' dir='ltr'>τοῖς</span> <span class='ocrx_word' id='word_1_16' title='bbox 3173 594 3565 672; x_wconf 76' lang='grc' dir='ltr'>ὑποδείγμασιν</span> <span class='ocrx_word' id='word_1_17' title='bbox 3589 593 3793 672; x_wconf 66' lang='grc' dir='ltr'>ἔστρω-</span> 
     </span>
    </p>
   </div>
   <div class='ocr_carea' id='block_1_6' title="bbox 389 694 2036 767">
    <p class='ocr_par' dir='ltr' id='par_1_6' title="bbox 389 694 2036 767">
     <span class='ocr_line' id='line_1_6' title="bbox 389 694 2036 767; baseline -0.003 -14"><span class='ocrx_word' id='word_1_18' title='bbox 389 696 732 762; x_wconf 87' lang='lat' dir='ltr'>constravit,</span> <span class='ocrx_word' id='word_1_19' title='bbox 767 713 801 751; x_wconf 90' lang='lat' dir='ltr'>a</span> <span class='ocrx_word' id='word_1_20' title='bbox 832 695 1328 751; x_wconf 88' lang='lat' dir='ltr'>buccinatricibus</span> <span class='ocrx_word' id='word_1_21' title='bbox 1359 695 1484 751; x_wconf 87' lang='lat' dir='ltr'>suis</span> <span class='ocrx_word' id='word_1_22' title='bbox 1531 694 1866 767; x_wconf 78' lang='lat' dir='ltr'>apostolicis</span> <span class='ocrx_word' id='word_1_23' title='bbox 1917 694 2036 750; x_wconf 87' lang='lat' dir='ltr'>ani-</span> 
     </span>
    </p>
   </div>
   <div class='ocr_carea' id='block_1_7' title="bbox 392 785 2034 858">
    <p class='ocr_par' dir='ltr' id='par_1_7' title="bbox 392 785 2034 858">
     <span class='ocr_line' id='line_1_7' title="bbox 392 785 2034 858; baseline -0.002 -16"><span class='ocrx_word' id='word_1_24' title='bbox 392 787 602 842; x_wconf 87' lang='lat' dir='ltr'>mabus</span> <span class='ocrx_word' id='word_1_25' title='bbox 635 787 786 858; x_wconf 69' lang='lat' dir='ltr'>(qum</span> <span class='ocrx_word' id='word_1_26' title='bbox 819 785 954 841; x_wconf 82' lang='lat' dir='ltr'>ﬁliae</span> <span class='ocrx_word' id='word_1_27' title='bbox 999 802 1237 857; x_wconf 91' lang='lat' dir='ltr'>quoque</span> <span class='ocrx_word' id='word_1_28' title='bbox 1285 785 1612 842; x_wconf 84' lang='lat' dir='ltr'>Jerusalem</span> <span class='ocrx_word' id='word_1_29' title='bbox 1662 785 1831 840; x_wconf 65' lang='lat' dir='ltr'>dictas</span> <span class='ocrx_word' id='word_1_30' title='bbox 1874 787 2034 847; x_wconf 89' lang='lat' dir='ltr'>sunt,</span> 
     </span>
    </p>
   </div>
   <div class='ocr_carea' id='block_1_8' title="bbox 389 873 2035 948">
    <p class='ocr_par' dir='ltr' id='par_1_8' title="bbox 389 873 2035 948">
     <span class='ocr_line' id='line_1_8' title="bbox 389 873 2035 948; baseline -0.002 -17"><span class='ocrx_word' id='word_1_31' title='bbox 389 876 669 948; x_wconf 87' lang='lat' dir='ltr'>quoniam</span> <span class='ocrx_word' id='word_1_32' title='bbox 713 881 999 945; x_wconf 89' lang='lat' dir='ltr'>quantum</span> <span class='ocrx_word' id='word_1_33' title='bbox 1052 875 1121 930; x_wconf 88' lang='lat' dir='ltr'>ad</span> <span class='ocrx_word' id='word_1_34' title='bbox 1174 891 1403 930; x_wconf 90' lang='lat' dir='ltr'>carnem</span> <span class='ocrx_word' id='word_1_35' title='bbox 1437 873 1665 942; x_wconf 82' lang='lat' dir='ltr'>attinet,</span> <span class='ocrx_word' id='word_1_36' title='bbox 1697 873 1832 927; x_wconf 88' lang='lat' dir='ltr'>inde</span> <span class='ocrx_word' id='word_1_37' title='bbox 1863 873 2035 942; x_wconf 75' lang='lat' dir='ltr'>origi-</span> 
     </span>
    </p>
   </div>
   <div class='ocr_carea' id='block_1_9' title="bbox 387 962 2035 1034">
    <p class='ocr_par' dir='ltr' id='par_1_9' title="bbox 387 962 2035 1034">
     <span class='ocr_line' id='line_1_9' title="bbox 387 962 2035 1034; baseline -0.003 -14"><span class='ocrx_word' id='word_1_38' title='bbox 387 981 524 1020; x_wconf 88' lang='lat' dir='ltr'>nem</span> <span class='ocrx_word' id='word_1_39' title='bbox 558 964 820 1026; x_wconf 87' lang='lat' dir='ltr'>trahunt)</span> <span class='ocrx_word' id='word_1_40' title='bbox 851 963 1138 1034; x_wconf 86' lang='lat' dir='ltr'>incipiens</span> <span class='ocrx_word' id='word_1_41' title='bbox 1191 982 1204 1019; x_wconf 88' lang='lat'><strong>:</strong></span> <span class='ocrx_word' id='word_1_42' title='bbox 1256 980 1389 1018; x_wconf 89' lang='lat' dir='ltr'>cum</span> <span class='ocrx_word' id='word_1_43' title='bbox 1440 962 1687 1034; x_wconf 84' lang='lat' dir='ltr'>apostoli</span> <span class='ocrx_word' id='word_1_44' title='bbox 1739 962 1912 1033; x_wconf 85' lang='lat' dir='ltr'>primi</span> <span class='ocrx_word' id='word_1_45' title='bbox 1963 962 2035 1016; x_wconf 89' lang='lat' dir='ltr'>ad</span> 
     </span>
    </p>
   </div>
   <div class='ocr_carea' id='block_1_10' title="bbox 387 1051 2038 1122">
    <p class='ocr_par' dir='ltr' id='par_1_10' title="bbox 387 1051 2038 1122">
     <span class='ocr_line' id='line_1_10' title="bbox 387 1051 2038 1122; baseline -0.004 -12"><span class='ocrx_word' id='word_1_46' title='bbox 387 1053 602 1110; x_wconf 79' lang='lat' dir='ltr'>Christi</span> <span class='ocrx_word' id='word_1_47' title='bbox 631 1052 1042 1117; x_wconf 79' lang='lat' dir='ltr'>imitationem,</span> <span class='ocrx_word' id='word_1_48' title='bbox 1076 1052 1304 1106; x_wconf 88' lang='lat' dir='ltr'>animas</span> <span class='ocrx_word' id='word_1_49' title='bbox 1335 1069 1476 1107; x_wconf 91' lang='lat' dir='ltr'>suas</span> <span class='ocrx_word' id='word_1_50' title='bbox 1508 1068 1610 1122; x_wconf 92' lang='lat' dir='ltr'>pro</span> <span class='ocrx_word' id='word_1_51' title='bbox 1654 1051 1842 1105; x_wconf 88' lang='lat' dir='ltr'>salute</span> <span class='ocrx_word' id='word_1_52' title='bbox 1893 1051 2038 1104; x_wconf 89' lang='lat' dir='ltr'>mul-</span> 
     </span>
    </p>
   </div>
   <div class='ocr_carea' id='block_1_11' title="bbox 390 1141 2035 1213">
    <p class='ocr_par' dir='ltr' id='par_1_11' title="bbox 390 1141 2035 1213">
     <span class='ocr_line' id='line_1_11' title="bbox 390 1141 2035 1213; baseline -0.001 -17"><span class='ocrx_word' id='word_1_53' title='bbox 390 1148 582 1198; x_wconf 89' lang='lat' dir='ltr'>torum</span> <span class='ocrx_word' id='word_1_54' title='bbox 640 1143 966 1213; x_wconf 82' lang='lat' dir='ltr'>posuerint,</span> <span class='ocrx_word' id='word_1_55' title='bbox 1018 1144 1514 1212; x_wconf 63' lang='lat' dir='ltr'>praeceperintque</span> <span class='ocrx_word' id='word_1_56' title='bbox 1567 1146 1624 1196; x_wconf 90' lang='lat' dir='ltr'>ut</span> <span class='ocrx_word' id='word_1_57' title='bbox 1656 1141 1808 1195; x_wconf 91' lang='lat' dir='ltr'>idem</span> <span class='ocrx_word' id='word_1_58' title='bbox 1843 1141 2035 1196; x_wconf 84' lang='lat' dir='ltr'>efﬁce-</span> 
     </span>
    </p>
   </div>
   <div class='ocr_carea' id='block_1_12' title="bbox 387 1231 2037 1303">
    <p class='ocr_par' dir='ltr' id='par_1_12' title="bbox 387 1231 2037 1303">
     <span class='ocr_line' id='line_1_12' title="bbox 387 1231 2037 1303; baseline -0.001 -17"><span class='ocrx_word' id='word_1_59' title='bbox 387 1238 536 1299; x_wconf 86' lang='lat' dir='ltr'>rent,</span> <span class='ocrx_word' id='word_1_60' title='bbox 571 1231 906 1303; x_wconf 88' lang='lat' dir='ltr'>quicunque</span> <span class='ocrx_word' id='word_1_61' title='bbox 938 1231 1008 1286; x_wconf 90' lang='lat' dir='ltr'>ad</span> <span class='ocrx_word' id='word_1_62' title='bbox 1043 1231 1458 1302; x_wconf 83' lang='lat' dir='ltr'>perfectionem</span> <span class='ocrx_word' id='word_1_63' title='bbox 1491 1231 1549 1284; x_wconf 90' lang='lat' dir='ltr'>in</span> <span class='ocrx_word' id='word_1_64' title='bbox 1581 1231 1814 1286; x_wconf 90' lang='lat' dir='ltr'>Christo</span> <span class='ocrx_word' id='word_1_65' title='bbox 1862 1245 2037 1300; x_wconf 86' lang='lat' dir='ltr'>cupe-</span> 
     </span>
    </p>
   </div>
   <div class='ocr_carea' id='block_1_13' title="bbox 387 1318 2036 1392">
    <p class='ocr_par' dir='ltr' id='par_1_13' title="bbox 387 1318 2036 1392">
     <span class='ocr_line' id='line_1_13' title="bbox 387 1318 2036 1392; baseline -0.002 -16"><span class='ocrx_word' id='word_1_66' title='bbox 387 1326 515 1376; x_wconf 86' lang='lat' dir='ltr'>rent</span> <span class='ocrx_word' id='word_1_67' title='bbox 540 1321 1264 1392; x_wconf 89' lang='lat' dir='ltr'>pervenire.Quamobrem</span> <span class='ocrx_word' id='word_1_68' title='bbox 1285 1336 1536 1391; x_wconf 88' lang='lat' dir='ltr'>magnus</span> <span class='ocrx_word' id='word_1_69' title='bbox 1558 1318 2036 1390; x_wconf 77' lang='lat' dir='ltr'>Apostoluszlmi-</span> 
     </span>
    </p>
   </div>
   <div class='ocr_carea' id='block_1_14' title="bbox 387 1407 1918 1481">
    <p class='ocr_par' dir='ltr' id='par_1_14' title="bbox 387 1407 1918 1481">
     <span class='ocr_line' id='line_1_14' title="bbox 387 1407 1918 1481; baseline -0.003 -15"><span class='ocrx_word' id='word_1_70' title='bbox 387 1420 609 1476; x_wconf 75' lang='lat' dir='ltr'>latores,</span> <span class='ocrx_word' id='word_1_71' title='bbox 641 1408 854 1481; x_wconf 87' lang='lat' dir='ltr'>inquit,</span> <span class='ocrx_word' id='word_1_72' title='bbox 887 1411 998 1464; x_wconf 82' lang='lat' dir='ltr'>mei</span> <span class='ocrx_word' id='word_1_73' title='bbox 1025 1413 1209 1474; x_wconf 80' lang='lat' dir='ltr'>estote,</span> <span class='ocrx_word' id='word_1_74' title='bbox 1241 1411 1383 1464; x_wconf 82' lang='lat' dir='ltr'>sicut</span> <span class='ocrx_word' id='word_1_75' title='bbox 1411 1413 1461 1464; x_wconf 81' lang='lat' dir='ltr'>et</span> <span class='ocrx_word' id='word_1_76' title='bbox 1489 1424 1586 1477; x_wconf 86' lang='lat' dir='ltr'>ego</span> <span class='ocrx_word' id='word_1_77' title='bbox 1618 1407 1823 1463; x_wconf 64' lang='lat' dir='ltr'>Christi</span> <span class='ocrx_word' id='word_1_78' title='bbox 1851 1409 1918 1462; x_wconf 67' lang='grc' dir='ltr'>δι.</span> 
     </span>
    </p>
   </div>
   <div class='ocr_carea' id='block_1_15' title="bbox 1112 1499 1303 1553">
    <p class='ocr_par' dir='ltr' id='par_1_15' title="bbox 1112 1499 1303 1553">
     <span class='ocr_line' id='line_1_15' title="bbox 1112 1499 1303 1553; baseline -0.005 0"><span class='ocrx_word' id='word_1_79' title='bbox 1112 1499 1303 1553; x_wconf 82' lang='lat' dir='ltr'>Pselli.</span> 
     </span>
    </p>
   </div>
   <div class='ocr_carea' id='block_1_16' title="bbox 463 1586 2038 1654">
    <p class='ocr_par' dir='ltr' id='par_1_16' title="bbox 463 1586 2038 1654">
     <span class='ocr_line' id='line_1_16' title="bbox 463 1586 2038 1654; baseline -0.002 -11"><span class='ocrx_word' id='word_1_80' title='bbox 463 1588 677 1643; x_wconf 90' lang='lat' dir='ltr'>Deinde</span> <span class='ocrx_word' id='word_1_81' title='bbox 703 1604 908 1643; x_wconf 88' lang='lat' dir='ltr'>omnes</span> <span class='ocrx_word' id='word_1_82' title='bbox 943 1587 1246 1643; x_wconf 88' lang='lat' dir='ltr'>hominum</span> <span class='ocrx_word' id='word_1_83' title='bbox 1282 1587 1510 1642; x_wconf 86' lang='lat' dir='ltr'>animas</span> <span class='ocrx_word' id='word_1_84' title='bbox 1555 1586 1920 1654; x_wconf 82' lang='lat' dir='ltr'>adhortatur,</span> <span class='ocrx_word' id='word_1_85' title='bbox 1975 1589 2038 1640; x_wconf 91' lang='lat' dir='ltr'>ut</span> 
     </span>
    </p>
   </div>
   <div class='ocr_carea' id='block_1_17' title="bbox 389 1675 2034 1748">
    <p class='ocr_par' dir='ltr' id='par_1_17' title="bbox 389 1675 2034 1748">
     <span class='ocr_line' id='line_1_17' title="bbox 389 1675 2034 1748; baseline -0.001 -17"><span class='ocrx_word' id='word_1_86' title='bbox 389 1696 423 1732; x_wconf 89' lang='lat' dir='ltr'>a</span> <span class='ocrx_word' id='word_1_87' title='bbox 455 1677 656 1732; x_wconf 91' lang='lat' dir='ltr'>mundi</span> <span class='ocrx_word' id='word_1_88' title='bbox 690 1675 984 1732; x_wconf 86' lang='lat' dir='ltr'>scandalis</span> <span class='ocrx_word' id='word_1_89' title='bbox 1015 1681 1071 1731; x_wconf 89' lang='lat' dir='ltr'>et</span> <span class='ocrx_word' id='word_1_90' title='bbox 1123 1676 1664 1748; x_wconf 82' lang='lat' dir='ltr'>perturbationibus</span> <span class='ocrx_word' id='word_1_91' title='bbox 1710 1676 2034 1745; x_wconf 84' lang='lat' dir='ltr'>discedant,</span> 
     </span>
    </p>
   </div>
   <div class='ocr_carea' id='block_1_18' title="bbox 387 1763 2037 1839">
    <p class='ocr_par' dir='ltr' id='par_1_18' title="bbox 387 1763 2037 1839">
     <span class='ocr_line' id='line_1_18' title="bbox 387 1763 2037 1839; baseline -0.002 -17"><span class='ocrx_word' id='word_1_92' title='bbox 387 1771 446 1822; x_wconf 92' lang='lat' dir='ltr'>et</span> <span class='ocrx_word' id='word_1_93' title='bbox 475 1783 763 1839; x_wconf 86' lang='lat' dir='ltr'>sponsum</span> <span class='ocrx_word' id='word_1_94' title='bbox 796 1783 929 1822; x_wconf 91' lang='lat' dir='ltr'>cum</span> <span class='ocrx_word' id='word_1_95' title='bbox 985 1766 1129 1836; x_wconf 88' lang='lat' dir='ltr'>ipsis</span> <span class='ocrx_word' id='word_1_96' title='bbox 1179 1767 1558 1836; x_wconf 90' lang='lat' dir='ltr'>conjunctum</span> <span class='ocrx_word' id='word_1_97' title='bbox 1605 1769 1890 1836; x_wconf 86' lang='lat' dir='ltr'>spectent.</span> <span class='ocrx_word' id='word_1_98' title='bbox 1943 1763 2037 1819; x_wconf 91' lang='lat' dir='ltr'>Sic</span> 
     </span>
    </p>
   </div>
   <div class='ocr_carea' id='block_1_19' title="bbox 385 1853 2035 1928">
    <p class='ocr_par' dir='ltr' id='par_1_19' title="bbox 385 1853 2035 1928">
     <span class='ocr_line' id='line_1_19' title="bbox 385 1853 2035 1928; baseline -0.002 -17"><span class='ocrx_word' id='word_1_99' title='bbox 385 1855 543 1911; x_wconf 89' lang='lat' dir='ltr'>enim</span> <span class='ocrx_word' id='word_1_100' title='bbox 575 1872 794 1928; x_wconf 87' lang='lat' dir='ltr'>sponsa</span> <span class='ocrx_word' id='word_1_101' title='bbox 827 1873 939 1928; x_wconf 63' lang='lat' dir='ltr'>pra)</span> <span class='ocrx_word' id='word_1_102' title='bbox 970 1854 1171 1910; x_wconf 71' lang='lat' dir='ltr'>laetitia</span> <span class='ocrx_word' id='word_1_103' title='bbox 1202 1854 1332 1910; x_wconf 90' lang='lat' dir='ltr'>illas</span> <span class='ocrx_word' id='word_1_104' title='bbox 1362 1854 1684 1925; x_wconf 88' lang='lat' dir='ltr'>alloquitur</span> <span class='ocrx_word' id='word_1_105' title='bbox 1733 1872 1746 1909; x_wconf 93' lang='lat'><strong>:</strong></span> <span class='ocrx_word' id='word_1_106' title='bbox 1800 1853 2035 1923; x_wconf 82' lang='lat' dir='ltr'>Egredi-</span> 
     </span>
    </p>
   </div>
   <div class='ocr_carea' id='block_1_20' title="bbox 381 1944 2038 2016">
    <p class='ocr_par' dir='ltr' id='par_1_20' title="bbox 381 1944 2038 2016">
     <span class='ocr_line' id='line_1_20' title="bbox 381 1944 2038 2016; baseline -0.001 -16"><span class='ocrx_word' id='word_1_107' title='bbox 381 1945 849 2012; x_wconf 71' lang='lat' dir='ltr'>mini,etv2dete,</span> <span class='ocrx_word' id='word_1_108' title='bbox 893 1960 923 2000; x_wconf 90' lang='grc' dir='ltr'>ο</span> <span class='ocrx_word' id='word_1_109' title='bbox 968 1944 1107 2014; x_wconf 77' lang='lat' dir='ltr'>ﬁliae</span> <span class='ocrx_word' id='word_1_110' title='bbox 1156 1945 1311 2014; x_wconf 79' lang='lat' dir='ltr'>Sion,</span> <span class='ocrx_word' id='word_1_111' title='bbox 1359 1944 1554 2015; x_wconf 87' lang='lat' dir='ltr'>inquit</span> <span class='ocrx_word' id='word_1_112' title='bbox 1601 1960 1842 2016; x_wconf 90' lang='lat' dir='ltr'>sponsa,</span> <span class='ocrx_word' id='word_1_113' title='bbox 1894 1960 2038 2014; x_wconf 81' lang='lat' dir='ltr'>quo-</span> 
     </span>
    </p>
   </div>
   <div class='ocr_carea' id='block_1_21' title="bbox 384 2032 2038 2105">
    <p class='ocr_par' dir='ltr' id='par_1_21' title="bbox 384 2032 2038 2105">
     <span class='ocr_line' id='line_1_21' title="bbox 384 2032 2038 2105; baseline -0.001 -17"><span class='ocrx_word' id='word_1_114' title='bbox 384 2034 546 2089; x_wconf 86' lang='lat' dir='ltr'>niam</span> <span class='ocrx_word' id='word_1_115' title='bbox 595 2050 722 2105; x_wconf 87' lang='lat' dir='ltr'>ego,</span> <span class='ocrx_word' id='word_1_116' title='bbox 773 2050 902 2104; x_wconf 67' lang='lat' dir='ltr'>qua;</span> <span class='ocrx_word' id='word_1_117' title='bbox 954 2032 1119 2104; x_wconf 89' lang='lat' dir='ltr'>prius</span> <span class='ocrx_word' id='word_1_118' title='bbox 1169 2033 1354 2088; x_wconf 89' lang='lat' dir='ltr'>invisa</span> <span class='ocrx_word' id='word_1_119' title='bbox 1405 2034 1648 2097; x_wconf 87' lang='lat' dir='ltr'>fueram,</span> <span class='ocrx_word' id='word_1_120' title='bbox 1698 2048 1856 2088; x_wconf 90' lang='lat' dir='ltr'>nunc</span> <span class='ocrx_word' id='word_1_121' title='bbox 1887 2032 2038 2087; x_wconf 84' lang='lat' dir='ltr'>facta</span> 
     </span>
    </p>
   </div>
   <div class='ocr_carea' id='block_1_22' title="bbox 389 2121 2040 2193">
    <p class='ocr_par' dir='ltr' id='par_1_22' title="bbox 389 2121 2040 2193">
     <span class='ocr_line' id='line_1_22' title="bbox 389 2121 2040 2193; baseline -0.001 -16"><span class='ocrx_word' id='word_1_122' title='bbox 389 2121 1060 2192; x_wconf 86' lang='lat' dir='ltr'>sumjucundissimum</span> <span class='ocrx_word' id='word_1_123' title='bbox 1095 2121 1294 2193; x_wconf 87' lang='lat' dir='ltr'>sponsi</span> <span class='ocrx_word' id='word_1_124' title='bbox 1341 2121 1666 2189; x_wconf 85' lang='lat' dir='ltr'>ferculum;</span> <span class='ocrx_word' id='word_1_125' title='bbox 1713 2121 1885 2193; x_wconf 86' lang='lat' dir='ltr'>cupio</span> <span class='ocrx_word' id='word_1_126' title='bbox 1939 2137 2040 2176; x_wconf 85' lang='lat' dir='ltr'>vos</span> 
     </span>
    </p>
   </div>
   <div class='ocr_carea' id='block_1_23' title="bbox 387 2210 2041 2284">
    <p class='ocr_par' dir='ltr' id='par_1_23' title="bbox 387 2210 2041 2284">
     <span class='ocr_line' id='line_1_23' title="bbox 387 2210 2041 2284; baseline 0 -18"><span class='ocrx_word' id='word_1_127' title='bbox 387 2211 529 2266; x_wconf 85' lang='lat' dir='ltr'>item</span> <span class='ocrx_word' id='word_1_128' title='bbox 586 2212 886 2266; x_wconf 89' lang='lat' dir='ltr'>universas</span> <span class='ocrx_word' id='word_1_129' title='bbox 933 2228 1001 2266; x_wconf 84' lang='lat' dir='ltr'>ex</span> <span class='ocrx_word' id='word_1_130' title='bbox 1031 2211 1141 2266; x_wconf 86' lang='lat' dir='ltr'>hac</span> <span class='ocrx_word' id='word_1_131' title='bbox 1171 2211 1288 2266; x_wconf 88' lang='lat' dir='ltr'>vita</span> <span class='ocrx_word' id='word_1_132' title='bbox 1320 2211 1541 2284; x_wconf 85' lang='lat' dir='ltr'>fugere,</span> <span class='ocrx_word' id='word_1_133' title='bbox 1574 2215 1630 2266; x_wconf 93' lang='lat' dir='ltr'>et</span> <span class='ocrx_word' id='word_1_134' title='bbox 1661 2211 1823 2283; x_wconf 88' lang='lat' dir='ltr'>puris</span> <span class='ocrx_word' id='word_1_135' title='bbox 1853 2210 2041 2266; x_wconf 87' lang='lat' dir='ltr'>oculis</span> 
     </span>
    </p>
   </div>
   <div class='ocr_carea' id='block_1_24' title="bbox 388 2300 2040 2374">
    <p class='ocr_par' dir='ltr' id='par_1_24' title="bbox 388 2300 2040 2374">
     <span class='ocr_line' id='line_1_24' title="bbox 388 2300 2040 2374; baseline -0.001 -17"><span class='ocrx_word' id='word_1_136' title='bbox 388 2317 675 2374; x_wconf 86' lang='lat' dir='ltr'>sponsum</span> <span class='ocrx_word' id='word_1_137' title='bbox 707 2300 1036 2357; x_wconf 85' lang='lat' dir='ltr'>diademate</span> <span class='ocrx_word' id='word_1_138' title='bbox 1068 2318 1136 2355; x_wconf 88' lang='lat' dir='ltr'>ex</span> <span class='ocrx_word' id='word_1_139' title='bbox 1158 2301 1429 2372; x_wconf 87' lang='lat' dir='ltr'>pretiosis</span> <span class='ocrx_word' id='word_1_140' title='bbox 1453 2301 1751 2373; x_wconf 88' lang='lat' dir='ltr'>lapidibus</span> <span class='ocrx_word' id='word_1_141' title='bbox 1773 2305 2040 2356; x_wconf 83' lang='lat' dir='ltr'>contexto</span> 
     </span>
    </p>
   </div>
   <div class='ocr_carea' id='block_1_25' title="bbox 388 2389 2039 2462">
    <p class='ocr_par' dir='ltr' id='par_1_25' title="bbox 388 2389 2039 2462">
     <span class='ocr_line' id='line_1_25' title="bbox 388 2389 2039 2462; baseline -0.001 -15"><span class='ocrx_word' id='word_1_142' title='bbox 388 2389 730 2447; x_wconf 85' lang='lat' dir='ltr'>redimitum</span> <span class='ocrx_word' id='word_1_143' title='bbox 763 2389 1172 2462; x_wconf 87' lang='lat' dir='ltr'>contemplari,</span> <span class='ocrx_word' id='word_1_144' title='bbox 1205 2390 1304 2462; x_wconf 92' lang='lat' dir='ltr'>qui</span> <span class='ocrx_word' id='word_1_145' title='bbox 1338 2409 1372 2446; x_wconf 89' lang='lat' dir='ltr'>a</span> <span class='ocrx_word' id='word_1_146' title='bbox 1405 2395 1594 2446; x_wconf 85' lang='lat' dir='ltr'>matre</span> <span class='ocrx_word' id='word_1_147' title='bbox 1626 2408 1734 2446; x_wconf 88' lang='lat' dir='ltr'>sua</span> <span class='ocrx_word' id='word_1_148' title='bbox 1762 2391 1844 2446; x_wconf 86' lang='lat' dir='ltr'>ita</span> <span class='ocrx_word' id='word_1_149' title='bbox 1874 2406 2039 2446; x_wconf 91' lang='lat' dir='ltr'>coro-</span> 
     </span>
    </p>
   </div>
   <div class='ocr_carea' id='block_1_26' title="bbox 386 2478 2042 2551">
    <p class='ocr_par' dir='ltr' id='par_1_26' title="bbox 386 2478 2042 2551">
     <span class='ocr_line' id='line_1_26' title="bbox 386 2478 2042 2551; baseline 0 -17"><span class='ocrx_word' id='word_1_150' title='bbox 386 2483 584 2546; x_wconf 90' lang='lat' dir='ltr'>natus,</span> <span class='ocrx_word' id='word_1_151' title='bbox 617 2494 712 2534; x_wconf 91' lang='lat' dir='ltr'>me</span> <span class='ocrx_word' id='word_1_152' title='bbox 743 2478 857 2534; x_wconf 87' lang='lat' dir='ltr'>sibi</span> <span class='ocrx_word' id='word_1_153' title='bbox 887 2479 1060 2534; x_wconf 76' lang='lat' dir='ltr'>hodie</span> <span class='ocrx_word' id='word_1_154' title='bbox 1090 2479 1482 2551; x_wconf 86' lang='lat' dir='ltr'>desponsavit.</span> <span class='ocrx_word' id='word_1_155' title='bbox 1500 2483 1683 2536; x_wconf 89' lang='lat' dir='ltr'>Mater</span> <span class='ocrx_word' id='word_1_156' title='bbox 1713 2495 1846 2535; x_wconf 92' lang='lat' dir='ltr'>vero</span> <span class='ocrx_word' id='word_1_157' title='bbox 1879 2478 2042 2534; x_wconf 91' lang='lat' dir='ltr'>illius</span> 
     </span>
    </p>
   </div>
   <div class='ocr_carea' id='block_1_27' title="bbox 383 2567 1028 2624">
    <p class='ocr_par' dir='ltr' id='par_1_27' title="bbox 383 2567 1028 2624">
     <span class='ocr_line' id='line_1_27' title="bbox 383 2567 1028 2624; baseline 0 -2"><span class='ocrx_word' id='word_1_158' title='bbox 383 2568 574 2624; x_wconf 86' lang='lat' dir='ltr'>Patris</span> <span class='ocrx_word' id='word_1_159' title='bbox 603 2567 864 2623; x_wconf 89' lang='lat' dir='ltr'>charitas</span> <span class='ocrx_word' id='word_1_160' title='bbox 895 2567 1028 2623; x_wconf 83' lang='lat' dir='ltr'>fuit.</span> 
     </span>
    </p>
   </div>
   <div class='ocr_carea' id='block_1_28' title="bbox 981 2835 1452 2890">
    <p class='ocr_par' dir='ltr' id='par_1_28' title="bbox 981 2835 1452 2890">
     <span class='ocr_line' id='line_1_28' title="bbox 981 2835 1452 2890; baseline 0 -2"><span class='ocrx_word' id='word_1_161' title='bbox 981 2835 1169 2890; x_wconf 76' lang='lat' dir='ltr'>Trium</span> <span class='ocrx_word' id='word_1_162' title='bbox 1200 2836 1452 2890; x_wconf 82' lang='lat' dir='ltr'>Patrum.</span> 
     </span>
    </p>
   </div>
   <div class='ocr_carea' id='block_1_29' title="bbox 465 2921 2041 2996">
    <p class='ocr_par' dir='ltr' id='par_1_29' title="bbox 465 2921 2041 2996">
     <span class='ocr_line' id='line_1_29' title="bbox 465 2921 2041 2996; baseline -0.001 -17"><span class='ocrx_word' id='word_1_163' title='bbox 465 2923 613 2990; x_wconf 88' lang='lat' dir='ltr'>Quia</span> <span class='ocrx_word' id='word_1_164' title='bbox 637 2924 923 2996; x_wconf 89' lang='lat' dir='ltr'>magistra</span> <span class='ocrx_word' id='word_1_165' title='bbox 971 2923 1391 2979; x_wconf 87' lang='lat' dir='ltr'>animadvertit</span> <span class='ocrx_word' id='word_1_166' title='bbox 1438 2923 1761 2994; x_wconf 80' lang='lat' dir='ltr'>discipulae</span> <span class='ocrx_word' id='word_1_167' title='bbox 1809 2921 2041 2978; x_wconf 68' lang='lat' dir='ltr'>hesita-</span> 
     </span>
    </p>
   </div>
   <div class='ocr_carea' id='block_1_30' title="bbox 395 3013 2044 3085">
    <p class='ocr_par' dir='ltr' id='par_1_30' title="bbox 395 3013 2044 3085">
     <span class='ocr_line' id='line_1_30' title="bbox 395 3013 2044 3085; baseline -0.001 -17"><span class='ocrx_word' id='word_1_168' title='bbox 395 3014 626 3069; x_wconf 89' lang='lat' dir='ltr'>bundas</span> <span class='ocrx_word' id='word_1_169' title='bbox 658 3017 896 3084; x_wconf 86' lang='lat' dir='ltr'>propter</span> <span class='ocrx_word' id='word_1_170' title='bbox 940 3029 1004 3068; x_wconf 90' lang='lat' dir='ltr'>se</span> <span class='ocrx_word' id='word_1_171' title='bbox 1045 3017 1216 3084; x_wconf 89' lang='lat' dir='ltr'>atque</span> <span class='ocrx_word' id='word_1_172' title='bbox 1264 3013 1652 3069; x_wconf 86' lang='lat' dir='ltr'>admiratione</span> <span class='ocrx_word' id='word_1_173' title='bbox 1701 3013 1925 3085; x_wconf 83' lang='lat' dir='ltr'>plenas,</span> <span class='ocrx_word' id='word_1_174' title='bbox 1975 3027 2044 3066; x_wconf 91' lang='lat' dir='ltr'>ea</span> 
     </span>
    </p>
   </div>
   <div class='ocr_carea' id='block_1_31' title="bbox 394 3101 2044 3175">
    <p class='ocr_par' dir='ltr' id='par_1_31' title="bbox 394 3101 2044 3175">
     <span class='ocr_line' id='line_1_31' title="bbox 394 3101 2044 3175; baseline -0.001 -18"><span class='ocrx_word' id='word_1_175' title='bbox 394 3120 523 3174; x_wconf 51' lang='lat' dir='ltr'>qua!</span> <span class='ocrx_word' id='word_1_176' title='bbox 554 3103 625 3157; x_wconf 91' lang='lat' dir='ltr'>ad</span> <span class='ocrx_word' id='word_1_177' title='bbox 659 3118 720 3157; x_wconf 90' lang='lat' dir='ltr'>se</span> <span class='ocrx_word' id='word_1_178' title='bbox 751 3101 1533 3174; x_wconf 57' lang='lat' dir='ltr'>pertinerent,explicare:,in</span> <span class='ocrx_word' id='word_1_179' title='bbox 1568 3119 1784 3175; x_wconf 88' lang='lat' dir='ltr'>sponso</span> <span class='ocrx_word' id='word_1_180' title='bbox 1816 3101 2044 3158; x_wconf 86' lang='lat' dir='ltr'>Christo</span> 
     </span>
    </p>
   </div>
   <div class='ocr_carea' id='block_1_32' title="bbox 388 3191 2040 3262">
    <p class='ocr_par' dir='ltr' id='par_1_32' title="bbox 388 3191 2040 3262">
     <span class='ocr_line' id='line_1_32' title="bbox 388 3191 2040 3262; baseline -0.002 -15"><span class='ocrx_word' id='word_1_181' title='bbox 388 3192 513 3247; x_wconf 90' lang='lat' dir='ltr'>vult</span> <span class='ocrx_word' id='word_1_182' title='bbox 539 3209 638 3247; x_wconf 87' lang='lat' dir='ltr'>eas</span> <span class='ocrx_word' id='word_1_183' title='bbox 668 3191 942 3262; x_wconf 86' lang='lat' dir='ltr'>deinceps</span> <span class='ocrx_word' id='word_1_184' title='bbox 975 3191 1183 3248; x_wconf 87' lang='lat' dir='ltr'>salutis</span> <span class='ocrx_word' id='word_1_185' title='bbox 1217 3196 1430 3247; x_wconf 69' lang='lat' dir='ltr'>nostrae</span> <span class='ocrx_word' id='word_1_186' title='bbox 1462 3193 1703 3247; x_wconf 90' lang='lat' dir='ltr'>modum</span> <span class='ocrx_word' id='word_1_187' title='bbox 1757 3191 2040 3260; x_wconf 89' lang='lat' dir='ltr'>contueri,</span> 
     </span>
    </p>
   </div>
   <div class='ocr_carea' id='block_1_33' title="bbox 393 3279 2042 3353">
    <p class='ocr_par' dir='ltr' id='par_1_33' title="bbox 393 3279 2042 3353">
     <span class='ocr_line' id='line_1_33' title="bbox 393 3279 2042 3353; baseline -0.001 -16"><span class='ocrx_word' id='word_1_188' title='bbox 393 3286 449 3337; x_wconf 90' lang='lat' dir='ltr'>et</span> <span class='ocrx_word' id='word_1_189' title='bbox 481 3281 690 3337; x_wconf 90' lang='lat' dir='ltr'>merito</span> <span class='ocrx_word' id='word_1_190' title='bbox 722 3279 993 3336; x_wconf 88' lang='lat' dir='ltr'>dubitare</span> <span class='ocrx_word' id='word_1_191' title='bbox 1025 3285 1201 3353; x_wconf 85' lang='lat' dir='ltr'>atque</span> <span class='ocrx_word' id='word_1_192' title='bbox 1231 3281 1536 3348; x_wconf 87' lang='lat' dir='ltr'>admirari,</span> <span class='ocrx_word' id='word_1_193' title='bbox 1570 3281 1868 3352; x_wconf 92' lang='lat' dir='ltr'>quomodo</span> <span class='ocrx_word' id='word_1_194' title='bbox 1917 3281 2042 3352; x_wconf 89' lang='lat' dir='ltr'>ipse</span> 
     </span>
    </p>
   </div>
   <div class='ocr_carea' id='block_1_34' title="bbox 397 3353 2117 3441">
    <p class='ocr_par' dir='ltr' id='par_1_34' title="bbox 397 3353 2117 3441">
     <span class='ocr_line' id='line_1_34' title="bbox 397 3353 2117 3441; baseline -0.005 -14"><span class='ocrx_word' id='word_1_195' title='bbox 397 3369 719 3427; x_wconf 81' lang='lat' dir='ltr'>salutiferis</span> <span class='ocrx_word' id='word_1_196' title='bbox 739 3370 1102 3425; x_wconf 85' lang='lat' dir='ltr'>cruciatibus</span> <span class='ocrx_word' id='word_1_197' title='bbox 1119 3387 1183 3425; x_wconf 89' lang='lat' dir='ltr'>ac</span> <span class='ocrx_word' id='word_1_198' title='bbox 1207 3375 1393 3426; x_wconf 90' lang='lat' dir='ltr'>morte</span> <span class='ocrx_word' id='word_1_199' title='bbox 1415 3387 1524 3425; x_wconf 88' lang='lat' dir='ltr'>sua</span> <span class='ocrx_word' id='word_1_200' title='bbox 1547 3369 2041 3441; x_wconf 87' lang='lat' dir='ltr'>tranquillitatem</span> <span class='ocrx_word' id='word_1_201' title='bbox 2073 3353 2117 3419; x_wconf 85' lang='lat' dir='ltr'>C</span> 
     </span>
    </p>
   </div>
   <div class='ocr_carea' id='block_1_35' title="bbox 391 3458 2040 3530">
    <p class='ocr_par' dir='ltr' id='par_1_35' title="bbox 391 3458 2040 3530">
     <span class='ocr_line' id='line_1_35' title="bbox 391 3458 2040 3530; baseline -0.002 -15"><span class='ocrx_word' id='word_1_202' title='bbox 391 3460 560 3516; x_wconf 88' lang='lat' dir='ltr'>nobis</span> <span class='ocrx_word' id='word_1_203' title='bbox 591 3464 648 3513; x_wconf 90' lang='lat' dir='ltr'>et</span> <span class='ocrx_word' id='word_1_204' title='bbox 675 3459 856 3513; x_wconf 88' lang='lat' dir='ltr'>vitam</span> <span class='ocrx_word' id='word_1_205' title='bbox 889 3458 1136 3528; x_wconf 83' lang='lat' dir='ltr'>largitus</span> <span class='ocrx_word' id='word_1_206' title='bbox 1167 3460 1262 3514; x_wconf 87' lang='lat' dir='ltr'>sit.</span> <span class='ocrx_word' id='word_1_207' title='bbox 1309 3460 1559 3514; x_wconf 82' lang='lat' dir='ltr'>Proinde</span> <span class='ocrx_word' id='word_1_208' title='bbox 1613 3477 1626 3514; x_wconf 87' lang='lat'><strong>:</strong></span> <span class='ocrx_word' id='word_1_209' title='bbox 1677 3458 2040 3530; x_wconf 81' lang='lat' dir='ltr'>Egredimini,</span> 
     </span>
    </p>
   </div>
   <div class='ocr_carea' id='block_1_36' title="bbox 399 3547 2046 3619">
    <p class='ocr_par' dir='ltr' id='par_1_36' title="bbox 399 3547 2046 3619">
     <span class='ocr_line' id='line_1_36' title="bbox 399 3547 2046 3619; baseline -0.001 -17"><span class='ocrx_word' id='word_1_210' title='bbox 399 3549 617 3619; x_wconf 90' lang='lat' dir='ltr'>inquit,</span> <span class='ocrx_word' id='word_1_211' title='bbox 649 3552 702 3603; x_wconf 83' lang='lat' dir='ltr'>et</span> <span class='ocrx_word' id='word_1_212' title='bbox 725 3547 918 3615; x_wconf 80' lang='lat' dir='ltr'>videte,</span> <span class='ocrx_word' id='word_1_213' title='bbox 945 3549 1085 3618; x_wconf 56' lang='lat' dir='ltr'>ﬁlix</span> <span class='ocrx_word' id='word_1_214' title='bbox 1113 3551 1250 3603; x_wconf 82' lang='lat' dir='ltr'>Sion</span> <span class='ocrx_word' id='word_1_215' title='bbox 1283 3565 1296 3601; x_wconf 91' lang='lat'>:</span> <span class='ocrx_word' id='word_1_216' title='bbox 1333 3548 1603 3616; x_wconf 80' lang='lat' dir='ltr'>omittite,</span> <span class='ocrx_word' id='word_1_217' title='bbox 1655 3565 1780 3618; x_wconf 63' lang='lat' dir='ltr'>quas</span> <span class='ocrx_word' id='word_1_218' title='bbox 1829 3548 1899 3602; x_wconf 89' lang='lat' dir='ltr'>ad</span> <span class='ocrx_word' id='word_1_219' title='bbox 1953 3562 2046 3602; x_wconf 89' lang='lat' dir='ltr'>me</span> 
     </span>
    </p>
   </div>
   <div class='ocr_carea' id='block_1_37' title="bbox 395 3636 2047 3708">
    <p class='ocr_par' dir='ltr' id='par_1_37' title="bbox 395 3636 2047 3708">
     <span class='ocr_line' id='line_1_37' title="bbox 395 3636 2047 3708; baseline -0.001 -14"><span class='ocrx_word' id='word_1_220' title='bbox 395 3637 669 3694; x_wconf 85' lang='lat' dir='ltr'>ancillam</span> <span class='ocrx_word' id='word_1_221' title='bbox 701 3637 956 3692; x_wconf 91' lang='lat' dir='ltr'>attinent</span> <span class='ocrx_word' id='word_1_222' title='bbox 985 3637 1432 3704; x_wconf 86' lang='lat' dir='ltr'>considerare,ei</span> <span class='ocrx_word' id='word_1_223' title='bbox 1455 3637 1513 3691; x_wconf 87' lang='lat' dir='ltr'>in</span> <span class='ocrx_word' id='word_1_224' title='bbox 1539 3637 1783 3692; x_wconf 91' lang='lat' dir='ltr'>Domino</span> <span class='ocrx_word' id='word_1_225' title='bbox 1808 3636 2047 3708; x_wconf 83' lang='lat' dir='ltr'>paciﬁco</span> 
     </span>
    </p>
   </div>
   <div class='ocr_carea' id='block_1_38' title="bbox 398 3726 2046 3798">
    <p class='ocr_par' dir='ltr' id='par_1_38' title="bbox 398 3726 2046 3798">
     <span class='ocr_line' id='line_1_38' title="bbox 398 3726 2046 3798; baseline -0.001 -16"><span class='ocrx_word' id='word_1_226' title='bbox 398 3727 615 3782; x_wconf 88' lang='lat' dir='ltr'>mentis</span> <span class='ocrx_word' id='word_1_227' title='bbox 665 3726 848 3781; x_wconf 88' lang='lat' dir='ltr'>aciem</span> <span class='ocrx_word' id='word_1_228' title='bbox 909 3726 1163 3798; x_wconf 84' lang='lat' dir='ltr'>dcﬁgite,</span> <span class='ocrx_word' id='word_1_229' title='bbox 1215 3726 1702 3797; x_wconf 85' lang='lat' dir='ltr'>contemplantes,</span> <span class='ocrx_word' id='word_1_230' title='bbox 1755 3727 2046 3798; x_wconf 90' lang='lat' dir='ltr'>quomodo</span> 
     </span>
    </p>
   </div>
   <div class='ocr_carea' id='block_1_39' title="bbox 369 3815 2050 3888">
    <p class='ocr_par' dir='ltr' id='par_1_39' title="bbox 369 3815 2050 3888">
     <span class='ocr_line' id='line_1_39' title="bbox 369 3815 2050 3888; baseline -0.001 -17"><span class='ocrx_word' id='word_1_231' title='bbox 369 3816 648 3871; x_wconf 81' lang='lat' dir='ltr'>salutem</span> <span class='ocrx_word' id='word_1_232' title='bbox 683 3815 780 3870; x_wconf 89' lang='lat' dir='ltr'>hic</span> <span class='ocrx_word' id='word_1_233' title='bbox 817 3816 984 3870; x_wconf 88' lang='lat' dir='ltr'>nobis</span> <span class='ocrx_word' id='word_1_234' title='bbox 1018 3815 1414 3886; x_wconf 89' lang='lat' dir='ltr'>acquisiverit.</span> <span class='ocrx_word' id='word_1_235' title='bbox 1455 3815 1610 3871; x_wconf 74' lang='lat' dir='ltr'>Filias</span> <span class='ocrx_word' id='word_1_236' title='bbox 1659 3815 1931 3888; x_wconf 61' lang='lat' dir='ltr'>specula},</span> <span class='ocrx_word' id='word_1_237' title='bbox 1985 3820 2050 3870; x_wconf 90' lang='lat' dir='ltr'>ut</span> 
     </span>
    </p>
   </div>
   <div class='ocr_carea' id='block_1_40' title="bbox 396 3904 2048 3978">
    <p class='ocr_par' dir='ltr' id='par_1_40' title="bbox 396 3904 2048 3978">
     <span class='ocr_line' id='line_1_40' title="bbox 396 3904 2048 3978; baseline -0.001 -17"><span class='ocrx_word' id='word_1_238' title='bbox 396 3904 733 3977; x_wconf 86' lang='lat' dir='ltr'>spiritaliter</span> <span class='ocrx_word' id='word_1_239' title='bbox 767 3921 868 3976; x_wconf 90' lang='lat' dir='ltr'>per</span> <span class='ocrx_word' id='word_1_240' title='bbox 897 3905 1074 3960; x_wconf 82' lang='lat' dir='ltr'>ﬁdem</span> <span class='ocrx_word' id='word_1_241' title='bbox 1105 3905 1313 3978; x_wconf 64' lang='lat' dir='ltr'>genitae</span> <span class='ocrx_word' id='word_1_242' title='bbox 1349 3923 1361 3961; x_wconf 90' lang='lat'><strong>:</strong></span> <span class='ocrx_word' id='word_1_243' title='bbox 1395 3906 1529 3960; x_wconf 90' lang='lat' dir='ltr'>Sion</span> <span class='ocrx_word' id='word_1_244' title='bbox 1553 3907 1712 3961; x_wconf 87' lang='lat' dir='ltr'>enim</span> <span class='ocrx_word' id='word_1_245' title='bbox 1745 3905 2048 3978; x_wconf 80' lang='lat' dir='ltr'>speculam</span> 
     </span>
    </p>
   </div>
   <div class='ocr_carea' id='block_1_41' title="bbox 399 3994 2052 4067">
    <p class='ocr_par' dir='ltr' id='par_1_41' title="bbox 399 3994 2052 4067">
     <span class='ocr_line' id='line_1_41' title="bbox 399 3994 2052 4067; baseline -0.001 -17"><span class='ocrx_word' id='word_1_246' title='bbox 399 3995 710 4065; x_wconf 80' lang='lat' dir='ltr'>signiﬁcat.</span> <span class='ocrx_word' id='word_1_247' title='bbox 737 3994 985 4066; x_wconf 90' lang='lat' dir='ltr'>Specula</span> <span class='ocrx_word' id='word_1_248' title='bbox 1011 4001 1229 4061; x_wconf 85' lang='lat' dir='ltr'>autem,</span> <span class='ocrx_word' id='word_1_249' title='bbox 1253 4012 1321 4051; x_wconf 82' lang='lat' dir='ltr'>ex</span> <span class='ocrx_word' id='word_1_250' title='bbox 1353 4013 1469 4067; x_wconf 90' lang='lat' dir='ltr'>qua</span> <span class='ocrx_word' id='word_1_251' title='bbox 1498 3996 1630 4067; x_wconf 89' lang='lat' dir='ltr'>quis</span> <span class='ocrx_word' id='word_1_252' title='bbox 1663 3995 1830 4051; x_wconf 81' lang='lat' dir='ltr'>facile</span> <span class='ocrx_word' id='word_1_253' title='bbox 1861 3999 2052 4067; x_wconf 85' lang='lat' dir='ltr'>potest</span> 
     </span>
    </p>
   </div>
   <div class='ocr_carea' id='block_1_42' title="bbox 399 4083 2048 4157">
    <p class='ocr_par' dir='ltr' id='par_1_42' title="bbox 399 4083 2048 4157">
     <span class='ocr_line' id='line_1_42' title="bbox 399 4083 2048 4157; baseline -0.001 -15"><span class='ocrx_word' id='word_1_254' title='bbox 399 4083 788 4157; x_wconf 87' lang='lat' dir='ltr'>spiritualiter</span> <span class='ocrx_word' id='word_1_255' title='bbox 803 4084 1414 4156; x_wconf 89' lang='lat' dir='ltr'>despicere,spiritalis</span> <span class='ocrx_word' id='word_1_256' title='bbox 1434 4089 1524 4140; x_wconf 90' lang='lat' dir='ltr'>est</span> <span class='ocrx_word' id='word_1_257' title='bbox 1544 4086 2048 4157; x_wconf 86' lang='lat' dir='ltr'>generatio,quam</span> 
     </span>
    </p>
   </div>
   <div class='ocr_carea' id='block_1_43' title="bbox 405 4175 2050 4244">
    <p class='ocr_par' dir='ltr' id='par_1_43' title="bbox 405 4175 2050 4244">
     <span class='ocr_line' id='line_1_43' title="bbox 405 4175 2050 4244; baseline 0.001 -16"><span class='ocrx_word' id='word_1_258' title='bbox 405 4175 504 4244; x_wconf 89' lang='lat' dir='ltr'>qui</span> <span class='ocrx_word' id='word_1_259' title='bbox 539 4181 892 4228; x_wconf 88' lang='lat' dir='ltr'>consecutus</span> <span class='ocrx_word' id='word_1_260' title='bbox 923 4190 1036 4228; x_wconf 91' lang='lat' dir='ltr'>non</span> <span class='ocrx_word' id='word_1_261' title='bbox 1069 4179 1178 4240; x_wconf 86' lang='lat' dir='ltr'>est,</span> <span class='ocrx_word' id='word_1_262' title='bbox 1213 4191 1400 4229; x_wconf 76' lang='lat' dir='ltr'>caecus</span> <span class='ocrx_word' id='word_1_263' title='bbox 1430 4178 1519 4230; x_wconf 87' lang='lat' dir='ltr'>est</span> <span class='ocrx_word' id='word_1_264' title='bbox 1563 4178 1620 4230; x_wconf 89' lang='lat' dir='ltr'>et</span> <span class='ocrx_word' id='word_1_265' title='bbox 1669 4191 1845 4229; x_wconf 87' lang='lat' dir='ltr'>manu</span> <span class='ocrx_word' id='word_1_266' title='bbox 1898 4175 2050 4230; x_wconf 88' lang='lat' dir='ltr'>viam</span> 
     </span>
    </p>
   </div>
   <div class='ocr_carea' id='block_1_44' title="bbox 403 4262 2052 4335">
    <p class='ocr_par' dir='ltr' id='par_1_44' title="bbox 403 4262 2052 4335">
     <span class='ocr_line' id='line_1_44' title="bbox 403 4262 2052 4335; baseline 0 -17"><span class='ocrx_word' id='word_1_267' title='bbox 403 4267 590 4318; x_wconf 82' lang='lat' dir='ltr'>tentat</span> <span class='ocrx_word' id='word_1_268' title='bbox 623 4262 681 4316; x_wconf 89' lang='lat' dir='ltr'>in</span> <span class='ocrx_word' id='word_1_269' title='bbox 712 4262 980 4316; x_wconf 87' lang='lat' dir='ltr'>veritatis</span> <span class='ocrx_word' id='word_1_270' title='bbox 1011 4262 1255 4333; x_wconf 85' lang='lat' dir='ltr'>fulgore.</span> <span class='ocrx_word' id='word_1_271' title='bbox 1289 4263 1555 4333; x_wconf 78' lang='lat' dir='ltr'>Spectata</span> <span class='ocrx_word' id='word_1_272' title='bbox 1585 4268 1803 4332; x_wconf 86' lang='lat' dir='ltr'>autem,</span> <span class='ocrx_word' id='word_1_273' title='bbox 1837 4264 2052 4335; x_wconf 90' lang='lat' dir='ltr'>inquit,</span> 
     </span>
    </p>
   </div>
   <div class='ocr_carea' id='block_1_45' title="bbox 408 4350 2053 4425">
    <p class='ocr_par' dir='ltr' id='par_1_45' title="bbox 408 4350 2053 4425">
     <span class='ocr_line' id='line_1_45' title="bbox 408 4350 2053 4425; baseline 0.001 -19"><span class='ocrx_word' id='word_1_274' title='bbox 408 4350 870 4422; x_wconf 86' lang='lat' dir='ltr'>dispensationis</span> <span class='ocrx_word' id='word_1_275' title='bbox 903 4351 1187 4406; x_wconf 88' lang='lat' dir='ltr'>rationem</span> <span class='ocrx_word' id='word_1_276' title='bbox 1223 4353 1283 4405; x_wconf 85' lang='lat' dir='ltr'>in</span> <span class='ocrx_word' id='word_1_277' title='bbox 1312 4352 1623 4408; x_wconf 75' lang='lat' dir='ltr'>diademate</span> <span class='ocrx_word' id='word_1_278' title='bbox 1671 4369 1774 4425; x_wconf 89' lang='lat' dir='ltr'>quo</span> <span class='ocrx_word' id='word_1_279' title='bbox 1824 4368 2053 4408; x_wconf 80' lang='lat' dir='ltr'>corona—</span> 
     </span>
    </p>
   </div>
   <div class='ocr_carea' id='block_1_46' title="bbox 408 4439 2053 4513">
    <p class='ocr_par' dir='ltr' id='par_1_46' title="bbox 408 4439 2053 4513">
     <span class='ocr_line' id='line_1_46' title="bbox 408 4439 2053 4513; baseline 0.001 -19"><span class='ocrx_word' id='word_1_280' title='bbox 408 4441 483 4495; x_wconf 80' lang='lat' dir='ltr'>vit</span> <span class='ocrx_word' id='word_1_281' title='bbox 513 4454 635 4494; x_wconf 86' lang='lat' dir='ltr'>eum</span> <span class='ocrx_word' id='word_1_282' title='bbox 665 4448 844 4493; x_wconf 80' lang='lat' dir='ltr'>mater</span> <span class='ocrx_word' id='word_1_283' title='bbox 872 4455 972 4493; x_wconf 87' lang='lat' dir='ltr'>sua</span> <span class='ocrx_word' id='word_1_284' title='bbox 1003 4440 1064 4492; x_wconf 81' lang='lat' dir='ltr'>in</span> <span class='ocrx_word' id='word_1_285' title='bbox 1091 4439 1180 4493; x_wconf 80' lang='lat' dir='ltr'>die</span> <span class='ocrx_word' id='word_1_286' title='bbox 1224 4441 1656 4509; x_wconf 82' lang='lat' dir='ltr'>desponsationis</span> <span class='ocrx_word' id='word_1_287' title='bbox 1704 4443 1876 4513; x_wconf 85' lang='lat' dir='ltr'>ipsius</span> <span class='ocrx_word' id='word_1_288' title='bbox 1927 4459 1945 4495; x_wconf 92' lang='lat'><strong><em>:</em></strong></span> <span class='ocrx_word' id='word_1_289' title='bbox 1993 4441 2053 4496; x_wconf 91' lang='lat' dir='ltr'>in</span> 
     </span>
    </p>
   </div>
   <div class='ocr_carea' id='block_1_47' title="bbox 407 4527 2054 4602">
    <p class='ocr_par' dir='ltr' id='par_1_47' title="bbox 407 4527 2054 4602">
     <span class='ocr_line' id='line_1_47' title="bbox 407 4527 2054 4602; baseline 0 -18"><span class='ocrx_word' id='word_1_290' title='bbox 407 4528 613 4600; x_wconf 88' lang='lat' dir='ltr'>spinea</span> <span class='ocrx_word' id='word_1_291' title='bbox 647 4527 926 4582; x_wconf 90' lang='lat' dir='ltr'>nimirum</span> <span class='ocrx_word' id='word_1_292' title='bbox 963 4543 1376 4600; x_wconf 86' lang='lat' dir='ltr'>corona,quam</span> <span class='ocrx_word' id='word_1_293' title='bbox 1408 4529 1623 4584; x_wconf 89' lang='lat' dir='ltr'>Christi</span> <span class='ocrx_word' id='word_1_294' title='bbox 1655 4529 1832 4601; x_wconf 89' lang='lat' dir='ltr'>capiti</span> <span class='ocrx_word' id='word_1_295' title='bbox 1868 4530 2054 4602; x_wconf 91' lang='lat' dir='ltr'>impo-</span> 
     </span>
    </p>
   </div>
   <div class='ocr_carea' id='block_1_48' title="bbox 411 4616 2054 4690">
    <p class='ocr_par' dir='ltr' id='par_1_48' title="bbox 411 4616 2054 4690">
     <span class='ocr_line' id='line_1_48' title="bbox 411 4616 2054 4690; baseline 0.002 -19"><span class='ocrx_word' id='word_1_296' title='bbox 411 4617 530 4671; x_wconf 90' lang='lat' dir='ltr'>suit</span> <span class='ocrx_word' id='word_1_297' title='bbox 549 4616 885 4671; x_wconf 78' lang='lat' dir='ltr'>Judaeorum</span> <span class='ocrx_word' id='word_1_298' title='bbox 911 4632 1300 4690; x_wconf 72' lang='lat' dir='ltr'>synagoga,ex</span> <span class='ocrx_word' id='word_1_299' title='bbox 1323 4634 1440 4689; x_wconf 88' lang='lat' dir='ltr'>qua</span> <span class='ocrx_word' id='word_1_300' title='bbox 1461 4618 1584 4689; x_wconf 88' lang='lat' dir='ltr'>ipse</span> <span class='ocrx_word' id='word_1_301' title='bbox 1611 4624 1700 4674; x_wconf 86' lang='lat' dir='ltr'>est</span> <span class='ocrx_word' id='word_1_302' title='bbox 1730 4620 2054 4674; x_wconf 90' lang='lat' dir='ltr'>secundum</span> 
     </span>
    </p>
   </div>
   <div class='ocr_carea' id='block_1_49' title="bbox 2148 686 3792 765">
    <p class='ocr_par' dir='ltr' id='par_1_49' title="bbox 2148 686 3792 765">
     <span class='ocr_line' id='line_1_49' title="bbox 2148 686 3792 765; baseline -0.004 -20"><span class='ocrx_word' id='word_1_303' title='bbox 2148 689 2314 764; x_wconf 81' lang='grc' dir='ltr'>μένην</span> <span class='ocrx_word' id='word_1_304' title='bbox 2347 689 2586 765; x_wconf 79' lang='grc' dir='ltr'>ἀγάπην,</span> <span class='ocrx_word' id='word_1_305' title='bbox 2611 689 2715 743; x_wconf 87' lang='grc' dir='ltr'>ἀπὸ</span> <span class='ocrx_word' id='word_1_306' title='bbox 2747 692 2853 742; x_wconf 90' lang='grc' dir='ltr'>τῶν</span> <span class='ocrx_word' id='word_1_307' title='bbox 2885 688 3138 759; x_wconf 72' lang='grc' dir='ltr'>κηρύκων</span> <span class='ocrx_word' id='word_1_308' title='bbox 3195 687 3359 742; x_wconf 78' lang='grc' dir='ltr'>αὐτοῦ</span> <span class='ocrx_word' id='word_1_309' title='bbox 3411 686 3792 742; x_wconf 88' lang='grc' dir='ltr'>ἀποστολικῶν</span> 
     </span>
    </p>
   </div>
   <div class='ocr_carea' id='block_1_50' title="bbox 2145 775 3796 856">
    <p class='ocr_par' dir='ltr' id='par_1_50' title="bbox 2145 775 3796 856">
     <span class='ocr_line' id='line_1_50' title="bbox 2145 775 3796 856; baseline -0.002 -23"><span class='ocrx_word' id='word_1_310' title='bbox 2145 783 2338 856; x_wconf 81' lang='grc' dir='ltr'>ψυχῶν</span> <span class='ocrx_word' id='word_1_311' title='bbox 2391 781 2467 852; x_wconf 73' lang='grc' dir='ltr'>(αἱ</span> <span class='ocrx_word' id='word_1_312' title='bbox 2524 780 2612 832; x_wconf 85' lang='grc' dir='ltr'>καὶ</span> <span class='ocrx_word' id='word_1_313' title='bbox 2674 778 2956 853; x_wconf 73' lang='grc' dir='ltr'>θυγατέρες</span> <span class='ocrx_word' id='word_1_314' title='bbox 3012 776 3375 852; x_wconf 74' lang='grc' dir='ltr'>Ἰερουσαλὴμ</span> <span class='ocrx_word' id='word_1_315' title='bbox 3434 775 3747 846; x_wconf 74' lang='grc' dir='ltr'>ἐκλήθησαν</span> <span class='ocrx_word' id='word_1_316' title='bbox 3782 819 3796 844; x_wconf 88' lang='grc'>,</span> 
     </span>
    </p>
   </div>
   <div class='ocr_carea' id='block_1_51' title="bbox 2145 864 3799 941">
    <p class='ocr_par' dir='ltr' id='par_1_51' title="bbox 2145 864 3799 941">
     <span class='ocr_line' id='line_1_51' title="bbox 2145 864 3799 941; baseline -0.002 -19"><span class='ocrx_word' id='word_1_317' title='bbox 2145 870 2219 931; x_wconf 85' lang='grc' dir='ltr'>ὡς</span> <span class='ocrx_word' id='word_1_318' title='bbox 2278 867 2555 938; x_wconf 72' lang='grc' dir='ltr'>ἐκταύτης</span> <span class='ocrx_word' id='word_1_319' title='bbox 2608 868 2670 922; x_wconf 85' lang='grc' dir='ltr'>τὸ</span> <span class='ocrx_word' id='word_1_320' title='bbox 2729 867 2865 920; x_wconf 74' lang='grc' dir='ltr'>κατὰ</span> <span class='ocrx_word' id='word_1_321' title='bbox 2921 869 3092 941; x_wconf 84' lang='grc' dir='ltr'>σάρκα</span> <span class='ocrx_word' id='word_1_322' title='bbox 3140 867 3532 940; x_wconf 72' lang='grc' dir='ltr'>τυγχάνουσαι)</span> <span class='ocrx_word' id='word_1_323' title='bbox 3563 864 3799 940; x_wconf 82' lang='grc' dir='ltr'>ἀρξάμε-</span> 
     </span>
    </p>
   </div>
   <div class='ocr_carea' id='block_1_52' title="bbox 2144 955 3798 1031">
    <p class='ocr_par' dir='ltr' id='par_1_52' title="bbox 2144 955 3798 1031">
     <span class='ocr_line' id='line_1_52' title="bbox 2144 955 3798 1031; baseline -0.004 -19"><span class='ocrx_word' id='word_1_324' title='bbox 2144 976 2257 1020; x_wconf 90' lang='grc' dir='ltr'>νος·</span> <span class='ocrx_word' id='word_1_325' title='bbox 2319 959 2394 1020; x_wconf 83' lang='grc' dir='ltr'>ὡς</span> <span class='ocrx_word' id='word_1_326' title='bbox 2452 959 2683 1031; x_wconf 87' lang='grc' dir='ltr'>πρώτων</span> <span class='ocrx_word' id='word_1_327' title='bbox 2725 961 2832 1011; x_wconf 90' lang='grc' dir='ltr'>τῶν</span> <span class='ocrx_word' id='word_1_328' title='bbox 2869 955 3187 1011; x_wconf 76' lang='grc' dir='ltr'>ἀποστόλων</span> <span class='ocrx_word' id='word_1_329' title='bbox 3221 956 3356 1009; x_wconf 85' lang='grc' dir='ltr'>κατά</span> <span class='ocrx_word' id='word_1_330' title='bbox 3399 955 3630 1028; x_wconf 79' lang='grc' dir='ltr'>μίμησιν</span> <span class='ocrx_word' id='word_1_331' title='bbox 3665 956 3798 1030; x_wconf 87' lang='grc' dir='ltr'>Χρι-</span> 
     </span>
    </p>
   </div>
   <div class='ocr_carea' id='block_1_53' title="bbox 2145 1045 3803 1120">
    <p class='ocr_par' dir='ltr' id='par_1_53' title="bbox 2145 1045 3803 1120">
     <span class='ocr_line' id='line_1_53' title="bbox 2145 1045 3803 1120; baseline -0.002 -19"><span class='ocrx_word' id='word_1_332' title='bbox 2145 1052 2272 1101; x_wconf 78' lang='grc' dir='ltr'>στοῦ</span> <span class='ocrx_word' id='word_1_333' title='bbox 2327 1048 2420 1108; x_wconf 82' lang='grc' dir='ltr'>τάς</span> <span class='ocrx_word' id='word_1_334' title='bbox 2477 1048 2679 1101; x_wconf 84' lang='grc' dir='ltr'>έαυτῶν</span> <span class='ocrx_word' id='word_1_335' title='bbox 2740 1047 2918 1120; x_wconf 66' lang='grc' dir='ltr'>ψυχὰς</span> <span class='ocrx_word' id='word_1_336' title='bbox 2978 1046 3271 1118; x_wconf 87' lang='grc' dir='ltr'>τιθεμένων</span> <span class='ocrx_word' id='word_1_337' title='bbox 3337 1045 3470 1115; x_wconf 69' lang='grc' dir='ltr'>ὑπὲρ</span> <span class='ocrx_word' id='word_1_338' title='bbox 3531 1048 3632 1109; x_wconf 84' lang='grc' dir='ltr'>τῆς</span> <span class='ocrx_word' id='word_1_339' title='bbox 3689 1048 3803 1098; x_wconf 87' lang='grc' dir='ltr'>τῶν</span> 
     </span>
    </p>
   </div>
   <div class='ocr_carea' id='block_1_54' title="bbox 2144 1133 3803 1210">
    <p class='ocr_par' dir='ltr' id='par_1_54' title="bbox 2144 1133 3803 1210">
     <span class='ocr_line' id='line_1_54' title="bbox 2144 1133 3803 1210; baseline -0.002 -19"><span class='ocrx_word' id='word_1_340' title='bbox 2144 1135 2372 1192; x_wconf 83' lang='grc' dir='ltr'>πολλῶν</span> <span class='ocrx_word' id='word_1_341' title='bbox 2429 1136 2728 1210; x_wconf 84' lang='grc' dir='ltr'>σωτηρίας’</span> <span class='ocrx_word' id='word_1_342' title='bbox 2763 1135 3042 1189; x_wconf 70' lang='grc' dir='ltr'>κάντεῦθεν</span> <span class='ocrx_word' id='word_1_343' title='bbox 3073 1136 3140 1188; x_wconf 80' lang='grc' dir='ltr'>τὰ</span> <span class='ocrx_word' id='word_1_344' title='bbox 3169 1134 3337 1206; x_wconf 81' lang='grc' dir='ltr'>ὅμοια</span> <span class='ocrx_word' id='word_1_345' title='bbox 3366 1135 3620 1203; x_wconf 86' lang='grc' dir='ltr'>πράττειν</span> <span class='ocrx_word' id='word_1_346' title='bbox 3649 1133 3803 1210; x_wconf 75' lang='grc' dir='ltr'>ἰγκε-</span> 
     </span>
    </p>
   </div>
   <div class='ocr_carea' id='block_1_55' title="bbox 2146 1221 3808 1302">
    <p class='ocr_par' dir='ltr' id='par_1_55' title="bbox 2146 1221 3808 1302">
     <span class='ocr_line' id='line_1_55' title="bbox 2146 1221 3808 1302; baseline -0.002 -22"><span class='ocrx_word' id='word_1_347' title='bbox 2146 1225 2454 1300; x_wconf 85' lang='grc' dir='ltr'>λευομένιυν</span> <span class='ocrx_word' id='word_1_348' title='bbox 2481 1232 2599 1287; x_wconf 82' lang='grc' dir='ltr'>τοῖς</span> <span class='ocrx_word' id='word_1_349' title='bbox 2657 1225 2958 1302; x_wconf 78' lang='grc' dir='ltr'>ἐφιεμένοις</span> <span class='ocrx_word' id='word_1_350' title='bbox 3007 1231 3106 1292; x_wconf 76' lang='grc' dir='ltr'>τῆς</span> <span class='ocrx_word' id='word_1_351' title='bbox 3167 1223 3219 1278; x_wconf 76' lang='grc' dir='ltr'>έν</span> <span class='ocrx_word' id='word_1_352' title='bbox 3273 1228 3492 1297; x_wconf 86' lang='grc' dir='ltr'>Χριστῷ</span> <span class='ocrx_word' id='word_1_353' title='bbox 3521 1221 3808 1293; x_wconf 84' lang='grc' dir='ltr'>τελειότη-</span> 
     </span>
    </p>
   </div>
   <div class='ocr_carea' id='block_1_56' title="bbox 2144 1309 3807 1388">
    <p class='ocr_par' dir='ltr' id='par_1_56' title="bbox 2144 1309 3807 1388">
     <span class='ocr_line' id='line_1_56' title="bbox 2144 1309 3807 1388; baseline -0.002 -18"><span class='ocrx_word' id='word_1_354' title='bbox 2144 1336 2260 1377; x_wconf 90' lang='grc' dir='ltr'>τος.</span> <span class='ocrx_word' id='word_1_355' title='bbox 2294 1315 2386 1370; x_wconf 89' lang='grc' dir='ltr'>Διό</span> <span class='ocrx_word' id='word_1_356' title='bbox 2419 1337 2580 1388; x_wconf 88' lang='grc' dir='ltr'>φησιν</span> <span class='ocrx_word' id='word_1_357' title='bbox 2610 1317 2637 1368; x_wconf 78' lang='grc' dir='ltr'><strong>ὁ</strong></span> <span class='ocrx_word' id='word_1_358' title='bbox 2674 1315 2838 1388; x_wconf 88' lang='grc' dir='ltr'>μέγας</span> <span class='ocrx_word' id='word_1_359' title='bbox 2890 1309 3253 1376; x_wconf 78' lang='grc' dir='ltr'>Ἀπόστολοςο</span> <span class='ocrx_word' id='word_1_360' title='bbox 3281 1312 3528 1386; x_wconf 83' lang='grc' dir='ltr'>Μιμηταί</span> <span class='ocrx_word' id='word_1_361' title='bbox 3565 1333 3669 1385; x_wconf 89' lang='grc' dir='ltr'>μου</span> <span class='ocrx_word' id='word_1_362' title='bbox 3716 1311 3807 1388; x_wconf 85' lang='grc' dir='ltr'>γί-</span> 
     </span>
    </p>
   </div>
   <div class='ocr_carea' id='block_1_57' title="bbox 2145 1403 2987 1479">
    <p class='ocr_par' dir='ltr' id='par_1_57' title="bbox 2145 1403 2987 1479">
     <span class='ocr_line' id='line_1_57' title="bbox 2145 1403 2987 1479; baseline 0 -21"><span class='ocrx_word' id='word_1_363' title='bbox 2145 1407 2318 1476; x_wconf 85' lang='grc' dir='ltr'>νεσθε,</span> <span class='ocrx_word' id='word_1_364' title='bbox 2350 1405 2528 1468; x_wconf 88' lang='grc' dir='ltr'>καθὼς</span> <span class='ocrx_word' id='word_1_365' title='bbox 2559 1404 2709 1478; x_wconf 86' lang='grc' dir='ltr'>κάγὼ</span> <span class='ocrx_word' id='word_1_366' title='bbox 2735 1403 2987 1479; x_wconf 72' lang='grc' dir='ltr'>Χριστοῦ.</span> 
     </span>
    </p>
   </div>
   <div class='ocr_carea' id='block_1_58' title="bbox 2845 1490 3094 1549">
    <p class='ocr_par' dir='ltr' id='par_1_58' title="bbox 2845 1490 3094 1549">
     <span class='ocr_line' id='line_1_58' title="bbox 2845 1490 3094 1549; baseline 0.012 -3"><span class='ocrx_word' id='word_1_367' title='bbox 2845 1490 3094 1549; x_wconf 63' lang='grc' dir='ltr'>Ψελιλοῦ.</span> 
     </span>
    </p>
   </div>
   <div class='ocr_carea' id='block_1_59' title="bbox 2147 1582 3642 1659">
    <p class='ocr_par' dir='ltr' id='par_1_59' title="bbox 2147 1582 3642 1659">
     <span class='ocr_line' id='line_1_59' title="bbox 2147 1582 3642 1659; baseline -0.001 -21"><span class='ocrx_word' id='word_1_368' title='bbox 2147 1583 2279 1640; x_wconf 84' lang='grc' dir='ltr'>Εἶτα</span> <span class='ocrx_word' id='word_1_369' title='bbox 2303 1583 2666 1659; x_wconf 68' lang='grc' dir='ltr'>προτρέπεται</span> <span class='ocrx_word' id='word_1_370' title='bbox 2711 1586 2914 1658; x_wconf 77' lang='grc' dir='ltr'>ψυχαῖς</span> <span class='ocrx_word' id='word_1_371' title='bbox 2945 1582 3178 1644; x_wconf 85' lang='grc' dir='ltr'>ἀπάσαις</span> <span class='ocrx_word' id='word_1_372' title='bbox 3203 1586 3308 1636; x_wconf 88' lang='grc' dir='ltr'>τῶν</span> <span class='ocrx_word' id='word_1_373' title='bbox 3341 1582 3642 1654; x_wconf 85' lang='grc' dir='ltr'>ἀνθρώπων</span> 
     </span>
    </p>
   </div>
   <div class='ocr_carea' id='block_1_60' title="bbox 2145 1667 3713 1747">
    <p class='ocr_par' dir='ltr' id='par_1_60' title="bbox 2145 1667 3713 1747">
     <span class='ocr_line' id='line_1_60' title="bbox 2145 1667 3713 1747; baseline -0.002 -19"><span class='ocrx_word' id='word_1_374' title='bbox 2145 1671 2482 1744; x_wconf 82' lang='grc' dir='ltr'>Ὑπεξελθεῖν</span> <span class='ocrx_word' id='word_1_375' title='bbox 2516 1678 2622 1727; x_wconf 90' lang='grc' dir='ltr'>τῶν</span> <span class='ocrx_word' id='word_1_376' title='bbox 2656 1677 2938 1745; x_wconf 86' lang='grc' dir='ltr'>κοσμικῶν</span> <span class='ocrx_word' id='word_1_377' title='bbox 2971 1669 3286 1728; x_wconf 80' lang='grc' dir='ltr'>σκανδάλων</span> <span class='ocrx_word' id='word_1_378' title='bbox 3320 1671 3409 1726; x_wconf 88' lang='grc' dir='ltr'>καὶ</span> <span class='ocrx_word' id='word_1_379' title='bbox 3442 1667 3713 1747; x_wconf 81' lang='grc' dir='ltr'>θορύϐων,</span> 
     </span>
    </p>
   </div>
   <div class='ocr_carea' id='block_1_61' title="bbox 2148 1759 3551 1838">
    <p class='ocr_par' dir='ltr' id='par_1_61' title="bbox 2148 1759 3551 1838">
     <span class='ocr_line' id='line_1_61' title="bbox 2148 1759 3551 1838; baseline -0.001 -20"><span class='ocrx_word' id='word_1_380' title='bbox 2148 1763 2251 1819; x_wconf 81' lang='grc' dir='ltr'>Καὶ</span> <span class='ocrx_word' id='word_1_381' title='bbox 2281 1764 2370 1817; x_wconf 88' lang='grc' dir='ltr'>τὸν</span> <span class='ocrx_word' id='word_1_382' title='bbox 2404 1763 2635 1838; x_wconf 74' lang='grc' dir='ltr'>νυμφίον</span> <span class='ocrx_word' id='word_1_383' title='bbox 2671 1759 2908 1816; x_wconf 77' lang='grc' dir='ltr'>κατιδεῖν</span> <span class='ocrx_word' id='word_1_384' title='bbox 2942 1761 3128 1824; x_wconf 83' lang='grc' dir='ltr'>αὐταῖς</span> <span class='ocrx_word' id='word_1_385' title='bbox 3150 1760 3551 1834; x_wconf 71' lang='grc' dir='ltr'>συνηνωμένον.</span> 
     </span>
    </p>
   </div>
   <div class='ocr_carea' id='block_1_62' title="bbox 2149 1848 3623 1927">
    <p class='ocr_par' dir='ltr' id='par_1_62' title="bbox 2149 1848 3623 1927">
     <span class='ocr_line' id='line_1_62' title="bbox 2149 1848 3623 1927; baseline -0.003 -19"><span class='ocrx_word' id='word_1_386' title='bbox 2149 1851 2294 1922; x_wconf 76' lang='grc' dir='ltr'>Φησῖ</span> <span class='ocrx_word' id='word_1_387' title='bbox 2325 1853 2424 1926; x_wconf 62' lang='grc' dir='ltr'>γὰρ</span> <span class='ocrx_word' id='word_1_388' title='bbox 2459 1853 2602 1906; x_wconf 68' lang='grc' dir='ltr'>οἰὶτω</span> <span class='ocrx_word' id='word_1_389' title='bbox 2636 1853 2770 1925; x_wconf 84' lang='grc' dir='ltr'>πρὸς</span> <span class='ocrx_word' id='word_1_390' title='bbox 2801 1851 2962 1912; x_wconf 77' lang='grc' dir='ltr'>αὐτὰς</span> <span class='ocrx_word' id='word_1_391' title='bbox 2999 1851 3086 1927; x_wconf 82' lang='grc' dir='ltr'>ὑφ’</span> <span class='ocrx_word' id='word_1_392' title='bbox 3116 1848 3321 1919; x_wconf 73' lang='grc' dir='ltr'>ἡδονὴς</span> <span class='ocrx_word' id='word_1_393' title='bbox 3347 1853 3381 1918; x_wconf 81' lang='grc' dir='ltr'>ἠ</span> <span class='ocrx_word' id='word_1_394' title='bbox 3413 1851 3623 1926; x_wconf 79' lang='grc' dir='ltr'>νύμφη⁶</span> 
     </span>
    </p>
   </div>
   <div class='ocr_carea' id='block_1_63' title="bbox 2148 1937 3804 2017">
    <p class='ocr_par' dir='ltr' id='par_1_63' title="bbox 2148 1937 3804 2017">
     <span class='ocr_line' id='line_1_63' title="bbox 2148 1937 3804 2017; baseline -0.004 -20"><span class='ocrx_word' id='word_1_395' title='bbox 2148 1937 2423 2012; x_wconf 80' lang='grc' dir='ltr'>Ἐξέλθετε</span> <span class='ocrx_word' id='word_1_396' title='bbox 2448 1939 2535 1995; x_wconf 70' lang='grc' dir='ltr'>καὶ</span> <span class='ocrx_word' id='word_1_397' title='bbox 2562 1937 2728 2008; x_wconf 70' lang='grc' dir='ltr'>’ίδετε,</span> <span class='ocrx_word' id='word_1_398' title='bbox 2762 1941 2806 1993; x_wconf 87' lang='grc' dir='ltr'>ῶ</span> <span class='ocrx_word' id='word_1_399' title='bbox 2849 1939 3138 2014; x_wconf 75' lang='grc' dir='ltr'>θυγατέρες</span> <span class='ocrx_word' id='word_1_400' title='bbox 3168 1947 3264 2009; x_wconf 77' lang='grc' dir='ltr'>τῆς</span> <span class='ocrx_word' id='word_1_401' title='bbox 3318 1940 3484 2007; x_wconf 83' lang='grc' dir='ltr'>Σιὼν,</span> <span class='ocrx_word' id='word_1_402' title='bbox 3519 1939 3708 2017; x_wconf 83' lang='grc' dir='ltr'>φησὶν,</span> <span class='ocrx_word' id='word_1_403' title='bbox 3763 1942 3804 2009; x_wconf 77' lang='grc' dir='ltr'>ἡ</span> 
     </span>
    </p>
   </div>
   <div class='ocr_carea' id='block_1_64' title="bbox 3372 2029 3815 2110">
    <p class='ocr_par' dir='ltr' id='par_1_64' title="bbox 3372 2029 3815 2110">
     <span class='ocr_line' id='line_1_64' title="bbox 3372 2029 3815 2110; baseline -0.002 -25"><span class='ocrx_word' id='word_1_404' title='bbox 3372 2029 3579 2110; x_wconf 75' lang='grc' dir='ltr'>[νύμφη</span> <span class='ocrx_word' id='word_1_405' title='bbox 3612 2029 3815 2102; x_wconf 77' lang='grc' dir='ltr'>πάλιν,</span> 
     </span>
    </p>
   </div>
   <div class='ocr_carea' id='block_1_65' title="bbox 2151 2119 3426 2198">
    <p class='ocr_par' dir='ltr' id='par_1_65' title="bbox 2151 2119 3426 2198">
     <span class='ocr_line' id='line_1_65' title="bbox 2151 2119 3426 2198; baseline -0.004 -19"><span class='ocrx_word' id='word_1_406' title='bbox 2151 2121 2402 2196; x_wconf 84' lang='grc' dir='ltr'>Ἐπείπερ</span> <span class='ocrx_word' id='word_1_407' title='bbox 2436 2120 2605 2198; x_wconf 77' lang='grc' dir='ltr'>ἔγωγε</span> <span class='ocrx_word' id='word_1_408' title='bbox 2634 2121 2694 2176; x_wconf 86' lang='grc' dir='ltr'>τὸ</span> <span class='ocrx_word' id='word_1_409' title='bbox 2725 2121 2851 2196; x_wconf 84' lang='grc' dir='ltr'>πρὶν</span> <span class='ocrx_word' id='word_1_410' title='bbox 2886 2122 3020 2175; x_wconf 79' lang='grc' dir='ltr'>οὖσα</span> <span class='ocrx_word' id='word_1_411' title='bbox 3054 2119 3426 2194; x_wconf 82' lang='grc' dir='ltr'>μεμισημένη,</span> 
     </span>
    </p>
   </div>
   <div class='ocr_carea' id='block_1_66' title="bbox 2149 2211 3525 2290">
    <p class='ocr_par' dir='ltr' id='par_1_66' title="bbox 2149 2211 3525 2290">
     <span class='ocr_line' id='line_1_66' title="bbox 2149 2211 3525 2290; baseline 0.001 -22"><span class='ocrx_word' id='word_1_412' title='bbox 2149 2212 2348 2290; x_wconf 88' lang='grc' dir='ltr'>Γέγονα</span> <span class='ocrx_word' id='word_1_413' title='bbox 2375 2217 2466 2266; x_wconf 77' lang='grc' dir='ltr'>νῦν</span> <span class='ocrx_word' id='word_1_414' title='bbox 2499 2212 2858 2286; x_wconf 70' lang='grc' dir='ltr'>τερπνότατον</span> <span class='ocrx_word' id='word_1_415' title='bbox 2892 2217 3110 2290; x_wconf 76' lang='grc' dir='ltr'>φορεῖον</span> <span class='ocrx_word' id='word_1_416' title='bbox 3138 2215 3234 2265; x_wconf 80' lang='grc' dir='ltr'>τοῦ</span> <span class='ocrx_word' id='word_1_417' title='bbox 3265 2211 3525 2290; x_wconf 75' lang='grc' dir='ltr'>νυμφίου.</span> 
     </span>
    </p>
   </div>
   <div class='ocr_carea' id='block_1_67' title="bbox 2150 2300 3516 2380">
    <p class='ocr_par' dir='ltr' id='par_1_67' title="bbox 2150 2300 3516 2380">
     <span class='ocr_line' id='line_1_67' title="bbox 2150 2300 3516 2380; baseline -0.001 -22"><span class='ocrx_word' id='word_1_418' title='bbox 2150 2302 2303 2358; x_wconf 85' lang='grc' dir='ltr'>Θέλω</span> <span class='ocrx_word' id='word_1_419' title='bbox 2335 2301 2423 2356; x_wconf 84' lang='grc' dir='ltr'>καὶ</span> <span class='ocrx_word' id='word_1_420' title='bbox 2455 2302 2627 2365; x_wconf 86' lang='grc' dir='ltr'>πάσας</span> <span class='ocrx_word' id='word_1_421' title='bbox 2656 2301 2906 2380; x_wconf 79' lang='grc' dir='ltr'>ἐκφυγεῖν</span> <span class='ocrx_word' id='word_1_422' title='bbox 2943 2303 3080 2374; x_wconf 75' lang='grc' dir='ltr'>ὑμᾶς</span> <span class='ocrx_word' id='word_1_423' title='bbox 3109 2300 3215 2356; x_wconf 88' lang='grc' dir='ltr'>ἀπὸ</span> <span class='ocrx_word' id='word_1_424' title='bbox 3242 2305 3340 2356; x_wconf 78' lang='grc' dir='ltr'>τοῦ</span> <span class='ocrx_word' id='word_1_425' title='bbox 3376 2300 3516 2376; x_wconf 87' lang='grc' dir='ltr'>βίου,</span> 
     </span>
    </p>
   </div>
   <div class='ocr_carea' id='block_1_68' title="bbox 2148 2385 3645 2466">
    <p class='ocr_par' dir='ltr' id='par_1_68' title="bbox 2148 2385 3645 2466">
     <span class='ocr_line' id='line_1_68' title="bbox 2148 2385 3645 2466; baseline -0.001 -20"><span class='ocrx_word' id='word_1_426' title='bbox 2148 2393 2243 2447; x_wconf 76' lang='grc' dir='ltr'>Καὶ</span> <span class='ocrx_word' id='word_1_427' title='bbox 2277 2397 2535 2463; x_wconf 80' lang='grc' dir='ltr'>καθαροῖς</span> <span class='ocrx_word' id='word_1_428' title='bbox 2565 2389 2616 2445; x_wconf 76' lang='grc' dir='ltr'>ἰν</span> <span class='ocrx_word' id='word_1_429' title='bbox 2647 2387 2859 2464; x_wconf 76' lang='grc' dir='ltr'>ὄμμασι</span> <span class='ocrx_word' id='word_1_430' title='bbox 2893 2385 3260 2466; x_wconf 76' lang='grc' dir='ltr'>προσϐλέπειν</span> <span class='ocrx_word' id='word_1_431' title='bbox 3290 2389 3382 2445; x_wconf 81' lang='grc' dir='ltr'>τόν</span> <span class='ocrx_word' id='word_1_432' title='bbox 3412 2390 3645 2465; x_wconf 79' lang='grc' dir='ltr'>νυμφίον</span> 
     </span>
    </p>
   </div>
   <div class='ocr_carea' id='block_1_69' title="bbox 2150 2475 3475 2558">
    <p class='ocr_par' dir='ltr' id='par_1_69' title="bbox 2150 2475 3475 2558">
     <span class='ocr_line' id='line_1_69' title="bbox 2150 2475 3475 2558; baseline -0.003 -20"><span class='ocrx_word' id='word_1_433' title='bbox 2150 2481 2533 2554; x_wconf 85' lang='grc' dir='ltr'>Περικείμενον</span> <span class='ocrx_word' id='word_1_434' title='bbox 2565 2481 2816 2558; x_wconf 85' lang='grc' dir='ltr'>στέφανον</span> <span class='ocrx_word' id='word_1_435' title='bbox 2851 2479 2910 2535; x_wconf 78' lang='grc' dir='ltr'>ἐκ</span> <span class='ocrx_word' id='word_1_436' title='bbox 2940 2479 3108 2536; x_wconf 88' lang='grc' dir='ltr'>λίθων</span> <span class='ocrx_word' id='word_1_437' title='bbox 3140 2475 3475 2553; x_wconf 75' lang='grc' dir='ltr'>σεϐασμίων,</span> 
     </span>
    </p>
   </div>
   <div class='ocr_carea' id='block_1_70' title="bbox 2149 2569 3542 2647">
    <p class='ocr_par' dir='ltr' id='par_1_70' title="bbox 2149 2569 3542 2647">
     <span class='ocr_line' id='line_1_70' title="bbox 2149 2569 3542 2647; baseline -0.001 -22"><span class='ocrx_word' id='word_1_438' title='bbox 2149 2571 2237 2626; x_wconf 90' lang='grc' dir='ltr'>Ἐν</span> <span class='ocrx_word' id='word_1_439' title='bbox 2269 2571 2419 2645; x_wconf 82' lang='grc' dir='ltr'>ᾧπερ</span> <span class='ocrx_word' id='word_1_440' title='bbox 2451 2569 2806 2647; x_wconf 77' lang='grc' dir='ltr'>ἐστεφάνωσεν</span> <span class='ocrx_word' id='word_1_441' title='bbox 2840 2569 3000 2624; x_wconf 83' lang='grc' dir='ltr'>αὐτὸν</span> <span class='ocrx_word' id='word_1_442' title='bbox 3034 2572 3068 2638; x_wconf 81' lang='grc' dir='ltr'>ἡ</span> <span class='ocrx_word' id='word_1_443' title='bbox 3105 2572 3292 2646; x_wconf 88' lang='grc' dir='ltr'>μήτηρ</span> <span class='ocrx_word' id='word_1_444' title='bbox 3321 2569 3542 2641; x_wconf 83' lang='grc' dir='ltr'>τούτου,</span> 
     </span>
    </p>
   </div>
   <div class='ocr_carea' id='block_1_71' title="bbox 2151 2656 3530 2732">
    <p class='ocr_par' dir='ltr' id='par_1_71' title="bbox 2151 2656 3530 2732">
     <span class='ocr_line' id='line_1_71' title="bbox 2151 2656 3530 2732; baseline 0.001 -20"><span class='ocrx_word' id='word_1_445' title='bbox 2151 2660 2407 2732; x_wconf 80' lang='grc' dir='ltr'>Σήμερον</span> <span class='ocrx_word' id='word_1_446' title='bbox 2450 2657 2887 2730; x_wconf 81' lang='grc' dir='ltr'>μνηστευόμενον</span> <span class='ocrx_word' id='word_1_447' title='bbox 2919 2656 3017 2730; x_wconf 68' lang='grc' dir='ltr'>ἆμὶ</span> <span class='ocrx_word' id='word_1_448' title='bbox 3045 2658 3147 2726; x_wconf 78' lang='grc' dir='ltr'>τὴν</span> <span class='ocrx_word' id='word_1_449' title='bbox 3176 2656 3530 2728; x_wconf 79' lang='grc' dir='ltr'>Ἐκκλησίαν.</span> 
     </span>
    </p>
   </div>
   <div class='ocr_carea' id='block_1_72' title="bbox 2149 2743 3608 2824">
    <p class='ocr_par' dir='ltr' id='par_1_72' title="bbox 2149 2743 3608 2824">
     <span class='ocr_line' id='line_1_72' title="bbox 2149 2743 3608 2824; baseline -0.001 -21"><span class='ocrx_word' id='word_1_450' title='bbox 2149 2748 2354 2822; x_wconf 89' lang='grc' dir='ltr'>Μήτηρ</span> <span class='ocrx_word' id='word_1_451' title='bbox 2389 2743 2446 2801; x_wconf 76' lang='grc' dir='ltr'>δὲ</span> <span class='ocrx_word' id='word_1_452' title='bbox 2474 2745 2672 2801; x_wconf 82' lang='grc' dir='ltr'>τούτου</span> <span class='ocrx_word' id='word_1_453' title='bbox 2701 2747 2934 2824; x_wconf 81' lang='grc' dir='ltr'>πέφυκεν</span> <span class='ocrx_word' id='word_1_454' title='bbox 2966 2749 3000 2815; x_wconf 83' lang='grc' dir='ltr'><strong>ἡ</strong></span> <span class='ocrx_word' id='word_1_455' title='bbox 3033 2751 3135 2800; x_wconf 78' lang='grc' dir='ltr'>τοῦ</span> <span class='ocrx_word' id='word_1_456' title='bbox 3166 2748 3372 2820; x_wconf 85' lang='grc' dir='ltr'>ΙΙατρὸς</span> <span class='ocrx_word' id='word_1_457' title='bbox 3399 2747 3608 2822; x_wconf 83' lang='grc' dir='ltr'>ἀγάπη.</span> 
     </span>
    </p>
   </div>
   <div class='ocr_carea' id='block_1_73' title="bbox 2739 2835 3236 2912">
    <p class='ocr_par' dir='ltr' id='par_1_73' title="bbox 2739 2835 3236 2912">
     <span class='ocr_line' id='line_1_73' title="bbox 2739 2835 3236 2912; baseline 0.006 -23"><span class='ocrx_word' id='word_1_458' title='bbox 2739 2840 2852 2890; x_wconf 86' lang='grc' dir='ltr'>Τῶν</span> <span class='ocrx_word' id='word_1_459' title='bbox 2885 2839 2933 2910; x_wconf 87' lang='grc' dir='ltr'>γ’</span> <span class='ocrx_word' id='word_1_460' title='bbox 2963 2835 3236 2912; x_wconf 84' lang='grc' dir='ltr'>Πατέρων.</span> 
     </span>
    </p>
   </div>
   <div class='ocr_carea' id='block_1_74' title="bbox 2223 2921 3814 2998">
    <p class='ocr_par' dir='ltr' id='par_1_74' title="bbox 2223 2921 3814 2998">
     <span class='ocr_line' id='line_1_74' title="bbox 2223 2921 3814 2998; baseline 0.001 -20"><span class='ocrx_word' id='word_1_461' title='bbox 2223 2926 2374 2979; x_wconf 78' lang='grc' dir='ltr'>Ἐπεὶ</span> <span class='ocrx_word' id='word_1_462' title='bbox 2421 2923 2479 2978; x_wconf 66' lang='grc' dir='ltr'>δὲ</span> <span class='ocrx_word' id='word_1_463' title='bbox 2534 2924 2629 2988; x_wconf 75' lang='grc' dir='ltr'>τὰς</span> <span class='ocrx_word' id='word_1_464' title='bbox 2690 2925 3132 2998; x_wconf 84' lang='grc' dir='ltr'>μαθητευομένας</span> <span class='ocrx_word' id='word_1_465' title='bbox 3184 2926 3220 2994; x_wconf 81' lang='grc' dir='ltr'>ἡ</span> <span class='ocrx_word' id='word_1_466' title='bbox 3283 2921 3610 2988; x_wconf 83' lang='grc' dir='ltr'>διδάσκαλος</span> <span class='ocrx_word' id='word_1_467' title='bbox 3673 2921 3814 2980; x_wconf 80' lang='grc' dir='ltr'>εἶδεν</span> 
     </span>
    </p>
   </div>
   <div class='ocr_carea' id='block_1_75' title="bbox 2152 3009 3816 3089">
    <p class='ocr_par' dir='ltr' id='par_1_75' title="bbox 2152 3009 3816 3089">
     <span class='ocr_line' id='line_1_75' title="bbox 2152 3009 3816 3089; baseline 0 -20"><span class='ocrx_word' id='word_1_468' title='bbox 2152 3013 2603 3089; x_wconf 79' lang='grc' dir='ltr'>διαπορουμένας,</span> <span class='ocrx_word' id='word_1_469' title='bbox 2660 3015 2746 3068; x_wconf 75' lang='grc' dir='ltr'>καὶ</span> <span class='ocrx_word' id='word_1_470' title='bbox 2811 3009 3054 3086; x_wconf 75' lang='grc' dir='ltr'>θάμϐους</span> <span class='ocrx_word' id='word_1_471' title='bbox 3114 3011 3532 3088; x_wconf 84' lang='grc' dir='ltr'>πληρουμένας,</span> <span class='ocrx_word' id='word_1_472' title='bbox 3608 3013 3699 3069; x_wconf 79' lang='grc' dir='ltr'>καὶ</span> <span class='ocrx_word' id='word_1_473' title='bbox 3741 3014 3816 3069; x_wconf 82' lang='grc' dir='ltr'>τά</span> 
     </span>
    </p>
   </div>
   <div class='ocr_carea' id='block_1_76' title="bbox 2151 3102 3814 3181">
    <p class='ocr_par' dir='ltr' id='par_1_76' title="bbox 2151 3102 3814 3181">
     <span class='ocr_line' id='line_1_76' title="bbox 2151 3102 3814 3181; baseline -0.001 -22"><span class='ocrx_word' id='word_1_474' title='bbox 2151 3105 2267 3159; x_wconf 89' lang='grc' dir='ltr'>κατ’</span> <span class='ocrx_word' id='word_1_475' title='bbox 2299 3103 2467 3172; x_wconf 72' lang='grc' dir='ltr'>αὐτὴν</span> <span class='ocrx_word' id='word_1_476' title='bbox 2491 3102 2878 3180; x_wconf 78' lang='grc' dir='ltr'>ἐξηγουμένας,</span> <span class='ocrx_word' id='word_1_477' title='bbox 2913 3103 2964 3158; x_wconf 73' lang='grc' dir='ltr'>ἰν</span> <span class='ocrx_word' id='word_1_478' title='bbox 2999 3107 3078 3176; x_wconf 77' lang='grc' dir='ltr'>τῷ</span> <span class='ocrx_word' id='word_1_479' title='bbox 3116 3102 3338 3181; x_wconf 80' lang='grc' dir='ltr'>νυμφίῳ</span> <span class='ocrx_word' id='word_1_480' title='bbox 3388 3107 3624 3179; x_wconf 80' lang='grc' dir='ltr'>Χριστῷ,</span> <span class='ocrx_word' id='word_1_481' title='bbox 3681 3102 3814 3179; x_wconf 77' lang='grc' dir='ltr'>βού-</span> 
     </span>
    </p>
   </div>
   <div class='ocr_carea' id='block_1_77' title="bbox 2154 3192 3816 3267">
    <p class='ocr_par' dir='ltr' id='par_1_77' title="bbox 2154 3192 3816 3267">
     <span class='ocr_line' id='line_1_77' title="bbox 2154 3192 3816 3267; baseline -0.001 -18"><span class='ocrx_word' id='word_1_482' title='bbox 2154 3192 2304 3249; x_wconf 91' lang='grc' dir='ltr'>λεται</span> <span class='ocrx_word' id='word_1_483' title='bbox 2337 3193 2532 3248; x_wconf 84' lang='grc' dir='ltr'>λοιπὸν</span> <span class='ocrx_word' id='word_1_484' title='bbox 2567 3193 2728 3254; x_wconf 79' lang='grc' dir='ltr'>αὐτὰς</span> <span class='ocrx_word' id='word_1_485' title='bbox 2761 3195 3034 3266; x_wconf 78' lang='grc' dir='ltr'>θεωρῆσαι</span> <span class='ocrx_word' id='word_1_486' title='bbox 3089 3193 3182 3247; x_wconf 87' lang='grc' dir='ltr'>τὸν</span> <span class='ocrx_word' id='word_1_487' title='bbox 3234 3193 3436 3267; x_wconf 88' lang='grc' dir='ltr'>τρόπον</span> <span class='ocrx_word' id='word_1_488' title='bbox 3475 3198 3576 3261; x_wconf 83' lang='grc' dir='ltr'>τῆς</span> <span class='ocrx_word' id='word_1_489' title='bbox 3627 3212 3816 3262; x_wconf 83' lang='grc' dir='ltr'>σωτη-</span> 
     </span>
    </p>
   </div>
   <div class='ocr_carea' id='block_1_78' title="bbox 2156 3279 3815 3358">
    <p class='ocr_par' dir='ltr' id='par_1_78' title="bbox 2156 3279 3815 3358">
     <span class='ocr_line' id='line_1_78' title="bbox 2156 3279 3815 3358; baseline -0.002 -21"><span class='ocrx_word' id='word_1_490' title='bbox 2156 3282 2273 3358; x_wconf 85' lang='grc' dir='ltr'>ρίας</span> <span class='ocrx_word' id='word_1_491' title='bbox 2319 3285 2503 3355; x_wconf 73' lang='grc' dir='ltr'>ἡμῶν,</span> <span class='ocrx_word' id='word_1_492' title='bbox 2562 3282 2650 3336; x_wconf 70' lang='grc' dir='ltr'>καὶ</span> <span class='ocrx_word' id='word_1_493' title='bbox 2705 3282 2866 3352; x_wconf 82' lang='grc' dir='ltr'>ἀξίως</span> <span class='ocrx_word' id='word_1_494' title='bbox 2927 3281 3200 3356; x_wconf 79' lang='grc' dir='ltr'>ἀπορῆσαί</span> <span class='ocrx_word' id='word_1_495' title='bbox 3258 3302 3319 3336; x_wconf 90' lang='grc' dir='ltr'>τε</span> <span class='ocrx_word' id='word_1_496' title='bbox 3366 3281 3456 3336; x_wconf 84' lang='grc' dir='ltr'>καὶ</span> <span class='ocrx_word' id='word_1_497' title='bbox 3515 3279 3815 3354; x_wconf 75' lang='grc' dir='ltr'>θαυμάσαι,</span> 
     </span>
    </p>
   </div>
   <div class='ocr_carea' id='block_1_79' title="bbox 2156 3366 3810 3445">
    <p class='ocr_par' dir='ltr' id='par_1_79' title="bbox 2156 3366 3810 3445">
     <span class='ocr_line' id='line_1_79' title="bbox 2156 3366 3810 3445; baseline -0.001 -20"><span class='ocrx_word' id='word_1_498' title='bbox 2156 3366 2306 3434; x_wconf 78' lang='grc' dir='ltr'>ὅπως</span> <span class='ocrx_word' id='word_1_499' title='bbox 2333 3371 2492 3433; x_wconf 80' lang='grc' dir='ltr'>αὐτὸς</span> <span class='ocrx_word' id='word_1_500' title='bbox 2535 3369 2586 3425; x_wconf 87' lang='grc' dir='ltr'>ἐν</span> <span class='ocrx_word' id='word_1_501' title='bbox 2637 3377 2755 3432; x_wconf 87' lang='grc' dir='ltr'>τοῖς</span> <span class='ocrx_word' id='word_1_502' title='bbox 2800 3370 3094 3445; x_wconf 86' lang='grc' dir='ltr'>σωτηρίοις</span> <span class='ocrx_word' id='word_1_503' title='bbox 3151 3371 3316 3425; x_wconf 78' lang='grc' dir='ltr'>αὐτοῦ</span> <span class='ocrx_word' id='word_1_504' title='bbox 3375 3374 3663 3443; x_wconf 87' lang='grc' dir='ltr'>παθήμασι</span> <span class='ocrx_word' id='word_1_505' title='bbox 3719 3371 3810 3425; x_wconf 85' lang='grc' dir='ltr'>καὶ</span> 
     </span>
    </p>
   </div>
   <div class='ocr_carea' id='block_1_80' title="bbox 2154 3455 3816 3533">
    <p class='ocr_par' dir='ltr' id='par_1_80' title="bbox 2154 3455 3816 3533">
     <span class='ocr_line' id='line_1_80' title="bbox 2154 3455 3816 3533; baseline -0.002 -18"><span class='ocrx_word' id='word_1_506' title='bbox 2154 3465 2233 3533; x_wconf 86' lang='grc' dir='ltr'>τῷ</span> <span class='ocrx_word' id='word_1_507' title='bbox 2285 3461 2497 3532; x_wconf 84' lang='grc' dir='ltr'>θανάτῳ</span> <span class='ocrx_word' id='word_1_508' title='bbox 2520 3461 2618 3528; x_wconf 77' lang='grc' dir='ltr'>τὴν</span> <span class='ocrx_word' id='word_1_509' title='bbox 2653 3459 2908 3523; x_wconf 84' lang='grc' dir='ltr'>ἀπάθειαν</span> <span class='ocrx_word' id='word_1_510' title='bbox 2958 3460 3045 3514; x_wconf 86' lang='grc' dir='ltr'>καὶ</span> <span class='ocrx_word' id='word_1_511' title='bbox 3079 3461 3177 3528; x_wconf 79' lang='grc' dir='ltr'>τήν</span> <span class='ocrx_word' id='word_1_512' title='bbox 3215 3461 3359 3528; x_wconf 82' lang='grc' dir='ltr'>ζωὴν</span> <span class='ocrx_word' id='word_1_513' title='bbox 3419 3461 3553 3531; x_wconf 74' lang='grc' dir='ltr'>ἡμῖν</span> <span class='ocrx_word' id='word_1_514' title='bbox 3602 3455 3816 3533; x_wconf 69' lang='grc' dir='ltr'>ἕδωρή-</span> 
     </span>
    </p>
   </div>
   <div class='ocr_carea' id='block_1_81' title="bbox 2157 3546 3811 3625">
    <p class='ocr_par' dir='ltr' id='par_1_81' title="bbox 2157 3546 3811 3625">
     <span class='ocr_line' id='line_1_81' title="bbox 2157 3546 3811 3625; baseline -0.002 -22"><span class='ocrx_word' id='word_1_515' title='bbox 2157 3570 2310 3606; x_wconf 87' lang='grc' dir='ltr'>σατο.</span> <span class='ocrx_word' id='word_1_516' title='bbox 2363 3549 2455 3603; x_wconf 84' lang='grc' dir='ltr'>Διό</span> <span class='ocrx_word' id='word_1_517' title='bbox 2487 3571 2670 3625; x_wconf 86' lang='grc' dir='ltr'>φησιν·</span> <span class='ocrx_word' id='word_1_518' title='bbox 2709 3547 2980 3619; x_wconf 75' lang='grc' dir='ltr'>Ἐξᾶλθετε</span> <span class='ocrx_word' id='word_1_519' title='bbox 3009 3549 3098 3603; x_wconf 83' lang='grc' dir='ltr'>καὶ</span> <span class='ocrx_word' id='word_1_520' title='bbox 3125 3546 3292 3617; x_wconf 67' lang='grc' dir='ltr'>’ίδετε,</span> <span class='ocrx_word' id='word_1_521' title='bbox 3327 3547 3609 3624; x_wconf 76' lang='grc' dir='ltr'>θυγατέρες</span> <span class='ocrx_word' id='word_1_522' title='bbox 3665 3547 3811 3602; x_wconf 87' lang='grc' dir='ltr'>Σιὼν</span> 
     </span>
    </p>
   </div>
   <div class='ocr_carea' id='block_1_82' title="bbox 2157 3635 3810 3714">
    <p class='ocr_par' dir='ltr' id='par_1_82' title="bbox 2157 3635 3810 3714">
     <span class='ocr_line' id='line_1_82' title="bbox 2157 3635 3810 3714; baseline -0.002 -21"><span class='ocrx_word' id='word_1_523' title='bbox 2157 3637 2209 3693; x_wconf 79' lang='grc' dir='ltr'>ἐν</span> <span class='ocrx_word' id='word_1_524' title='bbox 2264 3643 2343 3710; x_wconf 78' lang='grc' dir='ltr'>τῷ</span> <span class='ocrx_word' id='word_1_525' title='bbox 2378 3637 2593 3714; x_wconf 86' lang='grc' dir='ltr'>βασιλεῖ</span> <span class='ocrx_word' id='word_1_526' title='bbox 2637 3636 2932 3710; x_wconf 87' lang='grc' dir='ltr'>Σολομῶν·</span> <span class='ocrx_word' id='word_1_527' title='bbox 2993 3635 3184 3713; x_wconf 75' lang='grc' dir='ltr'>ἤγουν,</span> <span class='ocrx_word' id='word_1_528' title='bbox 3218 3637 3571 3712; x_wconf 79' lang='grc' dir='ltr'>κατακείψατε</span> <span class='ocrx_word' id='word_1_529' title='bbox 3598 3636 3661 3692; x_wconf 86' lang='grc' dir='ltr'>τὸ</span> <span class='ocrx_word' id='word_1_530' title='bbox 3689 3640 3810 3698; x_wconf 85' lang='grc' dir='ltr'>τοῖς</span> 
     </span>
    </p>
   </div>
   <div class='ocr_carea' id='block_1_83' title="bbox 2155 3724 3817 3802">
    <p class='ocr_par' dir='ltr' id='par_1_83' title="bbox 2155 3724 3817 3802">
     <span class='ocr_line' id='line_1_83' title="bbox 2155 3724 3817 3802; baseline -0.001 -20"><span class='ocrx_word' id='word_1_531' title='bbox 2155 3730 2270 3782; x_wconf 85' lang='grc' dir='ltr'>κατ’</span> <span class='ocrx_word' id='word_1_532' title='bbox 2304 3727 2401 3800; x_wconf 69' lang='grc' dir='ltr'>ἐμὲ</span> <span class='ocrx_word' id='word_1_533' title='bbox 2432 3728 2533 3796; x_wconf 79' lang='grc' dir='ltr'>τήν</span> <span class='ocrx_word' id='word_1_534' title='bbox 2565 3724 2768 3796; x_wconf 70' lang='grc' dir='ltr'>δούλην</span> <span class='ocrx_word' id='word_1_535' title='bbox 2802 3726 3157 3802; x_wconf 82' lang='grc' dir='ltr'>ἀσχολεῖσθαι</span> <span class='ocrx_word' id='word_1_536' title='bbox 3189 3727 3279 3781; x_wconf 85' lang='grc' dir='ltr'>τὸν</span> <span class='ocrx_word' id='word_1_537' title='bbox 3312 3731 3458 3799; x_wconf 80' lang='grc' dir='ltr'>νοῦν,</span> <span class='ocrx_word' id='word_1_538' title='bbox 3510 3727 3599 3781; x_wconf 79' lang='grc' dir='ltr'>καὶ</span> <span class='ocrx_word' id='word_1_539' title='bbox 3650 3724 3703 3780; x_wconf 77' lang='grc' dir='ltr'>έν</span> <span class='ocrx_word' id='word_1_540' title='bbox 3733 3731 3817 3798; x_wconf 76' lang='grc' dir='ltr'>τῷ</span> 
     </span>
    </p>
   </div>
   <div class='ocr_carea' id='block_1_84' title="bbox 2159 3814 3812 3893">
    <p class='ocr_par' dir='ltr' id='par_1_84' title="bbox 2159 3814 3812 3893">
     <span class='ocr_line' id='line_1_84' title="bbox 2159 3814 3812 3893; baseline -0.001 -21"><span class='ocrx_word' id='word_1_541' title='bbox 2159 3817 2416 3893; x_wconf 78' lang='grc' dir='ltr'>εἰρηνικῴ</span> <span class='ocrx_word' id='word_1_542' title='bbox 2478 3814 2712 3891; x_wconf 77' lang='grc' dir='ltr'>δεσπότῃ</span> <span class='ocrx_word' id='word_1_543' title='bbox 2767 3815 3039 3884; x_wconf 75' lang='grc' dir='ltr'>θεάσασθε,</span> <span class='ocrx_word' id='word_1_544' title='bbox 3101 3816 3252 3880; x_wconf 79' lang='grc' dir='ltr'>ὅπως</span> <span class='ocrx_word' id='word_1_545' title='bbox 3306 3819 3441 3889; x_wconf 81' lang='grc' dir='ltr'>ἡμῖν</span> <span class='ocrx_word' id='word_1_546' title='bbox 3495 3817 3654 3878; x_wconf 78' lang='grc' dir='ltr'>οὗτος</span> <span class='ocrx_word' id='word_1_547' title='bbox 3711 3817 3812 3884; x_wconf 75' lang='grc' dir='ltr'>τὴν</span> 
     </span>
    </p>
   </div>
   <div class='ocr_carea' id='block_1_85' title="bbox 2160 3905 3809 3980">
    <p class='ocr_par' dir='ltr' id='par_1_85' title="bbox 2160 3905 3809 3980">
     <span class='ocr_line' id='line_1_85' title="bbox 2160 3905 3809 3980; baseline -0.002 -19"><span class='ocrx_word' id='word_1_548' title='bbox 2160 3906 2430 3980; x_wconf 88' lang='grc' dir='ltr'>σωτηρίαν</span> <span class='ocrx_word' id='word_1_549' title='bbox 2506 3905 2984 3980; x_wconf 69' lang='grc' dir='ltr'>ἐπραγματεύσατο</span> <span class='ocrx_word' id='word_1_550' title='bbox 3018 3949 3028 3963; x_wconf 93' lang='grc'>.</span> <span class='ocrx_word' id='word_1_551' title='bbox 3118 3905 3294 3962; x_wconf 89' lang='grc' dir='ltr'>Τέκνα</span> <span class='ocrx_word' id='word_1_552' title='bbox 3378 3905 3809 3980; x_wconf 88' lang='grc' dir='ltr'>σκοπευτηρίου·</span> 
     </span>
    </p>
   </div>
   <div class='ocr_carea' id='block_1_86' title="bbox 2160 3991 3812 4071">
    <p class='ocr_par' dir='ltr' id='par_1_86' title="bbox 2160 3991 3812 4071">
     <span class='ocr_line' id='line_1_86' title="bbox 2160 3991 3812 4071; baseline -0.001 -21"><span class='ocrx_word' id='word_1_553' title='bbox 2160 3996 2236 4059; x_wconf 84' lang='grc' dir='ltr'>ὡς</span> <span class='ocrx_word' id='word_1_554' title='bbox 2282 4000 2590 4069; x_wconf 86' lang='grc' dir='ltr'>γενηθεῖσαι</span> <span class='ocrx_word' id='word_1_555' title='bbox 2634 3999 3006 4067; x_wconf 87' lang='grc' dir='ltr'>πνευματικῶς</span> <span class='ocrx_word' id='word_1_556' title='bbox 3059 3991 3147 4048; x_wconf 86' lang='grc' dir='ltr'>διά</span> <span class='ocrx_word' id='word_1_557' title='bbox 3201 3994 3452 4056; x_wconf 80' lang='grc' dir='ltr'>πίστεως.</span> <span class='ocrx_word' id='word_1_558' title='bbox 3515 3993 3658 4050; x_wconf 86' lang='grc' dir='ltr'>Σιὼν</span> <span class='ocrx_word' id='word_1_559' title='bbox 3711 3996 3812 4071; x_wconf 80' lang='grc' dir='ltr'>γὰρ</span> 
     </span>
    </p>
   </div>
   <div class='ocr_carea' id='block_1_87' title="bbox 2161 4081 3816 4160">
    <p class='ocr_par' dir='ltr' id='par_1_87' title="bbox 2161 4081 3816 4160">
     <span class='ocr_line' id='line_1_87' title="bbox 2161 4081 3816 4160; baseline -0.001 -21"><span class='ocrx_word' id='word_1_560' title='bbox 2161 4086 2552 4156; x_wconf 83' lang='grc' dir='ltr'>σκοπευτήριον</span> <span class='ocrx_word' id='word_1_561' title='bbox 2613 4083 3003 4158; x_wconf 74' lang='grc' dir='ltr'>ἑρμηνεύεται.</span> <span class='ocrx_word' id='word_1_562' title='bbox 3068 4085 3472 4160; x_wconf 86' lang='grc' dir='ltr'>Σκοπευτήριον</span> <span class='ocrx_word' id='word_1_563' title='bbox 3530 4081 3589 4138; x_wconf 70' lang='grc' dir='ltr'>δὲ</span> <span class='ocrx_word' id='word_1_564' title='bbox 3642 4082 3693 4154; x_wconf 77' lang='grc' dir='ltr'>ἐξ</span> <span class='ocrx_word' id='word_1_565' title='bbox 3752 4083 3816 4138; x_wconf 78' lang='grc' dir='ltr'>οὗ</span> 
     </span>
    </p>
   </div>
   <div class='ocr_carea' id='block_1_88' title="bbox 2163 4167 3814 4248">
    <p class='ocr_par' dir='ltr' id='par_1_88' title="bbox 2163 4167 3814 4248">
     <span class='ocr_line' id='line_1_88' title="bbox 2163 4167 3814 4248; baseline -0.001 -20"><span class='ocrx_word' id='word_1_566' title='bbox 2163 4172 2382 4229; x_wconf 76' lang='grc' dir='ltr'>δύναταί</span> <span class='ocrx_word' id='word_1_567' title='bbox 2412 4194 2492 4234; x_wconf 91' lang='grc' dir='ltr'>τις</span> <span class='ocrx_word' id='word_1_568' title='bbox 2544 4173 2679 4228; x_wconf 86' lang='grc' dir='ltr'>κατά</span> <span class='ocrx_word' id='word_1_569' title='bbox 2707 4177 2831 4226; x_wconf 77' lang='grc' dir='ltr'>νοῦν</span> <span class='ocrx_word' id='word_1_570' title='bbox 2885 4173 3012 4248; x_wconf 80' lang='grc' dir='ltr'>ὁρᾷν</span> <span class='ocrx_word' id='word_1_571' title='bbox 3045 4167 3311 4246; x_wconf 71' lang='grc' dir='ltr'>ἀκριϐῶς,</span> <span class='ocrx_word' id='word_1_572' title='bbox 3377 4176 3412 4242; x_wconf 81' lang='grc' dir='ltr'><strong>ἡ</strong></span> <span class='ocrx_word' id='word_1_573' title='bbox 3467 4173 3814 4245; x_wconf 73' lang='grc' dir='ltr'>πνευματικὴ</span> 
     </span>
    </p>
   </div>
   <div class='ocr_carea' id='block_1_89' title="bbox 2162 4261 3821 4338">
    <p class='ocr_par' dir='ltr' id='par_1_89' title="bbox 2162 4261 3821 4338">
     <span class='ocr_line' id='line_1_89' title="bbox 2162 4261 3821 4338; baseline -0.001 -20"><span class='ocrx_word' id='word_1_574' title='bbox 2162 4263 2271 4318; x_wconf 72' lang='grc' dir='ltr'>ἐστι</span> <span class='ocrx_word' id='word_1_575' title='bbox 2303 4262 2571 4336; x_wconf 86' lang='grc' dir='ltr'>γέννησις,</span> <span class='ocrx_word' id='word_1_576' title='bbox 2633 4262 2699 4331; x_wconf 75' lang='grc' dir='ltr'>ἧς</span> <span class='ocrx_word' id='word_1_577' title='bbox 2735 4262 2763 4315; x_wconf 86' lang='grc' dir='ltr'>ὁ</span> <span class='ocrx_word' id='word_1_578' title='bbox 2797 4262 2874 4333; x_wconf 81' lang='grc' dir='ltr'>μὴ</span> <span class='ocrx_word' id='word_1_579' title='bbox 2932 4261 3114 4336; x_wconf 87' lang='grc' dir='ltr'>τυχὼν</span> <span class='ocrx_word' id='word_1_580' title='bbox 3171 4261 3378 4338; x_wconf 86' lang='grc' dir='ltr'>τυφλός</span> <span class='ocrx_word' id='word_1_581' title='bbox 3420 4261 3556 4330; x_wconf 81' lang='grc' dir='ltr'>ἐστι,</span> <span class='ocrx_word' id='word_1_582' title='bbox 3591 4264 3821 4335; x_wconf 80' lang='grc' dir='ltr'>μυωπά-</span> 
     </span>
    </p>
   </div>
   <div class='ocr_carea' id='block_1_90' title="bbox 2166 4347 3822 4426">
    <p class='ocr_par' dir='ltr' id='par_1_90' title="bbox 2166 4347 3822 4426">
     <span class='ocr_line' id='line_1_90' title="bbox 2166 4347 3822 4426; baseline -0.001 -20"><span class='ocrx_word' id='word_1_583' title='bbox 2166 4357 2270 4422; x_wconf 83' lang='grc' dir='ltr'>ζων</span> <span class='ocrx_word' id='word_1_584' title='bbox 2316 4351 2439 4426; x_wconf 88' lang='grc' dir='ltr'>περὶ</span> <span class='ocrx_word' id='word_1_585' title='bbox 2469 4350 2562 4412; x_wconf 89' lang='grc' dir='ltr'>τάς</span> <span class='ocrx_word' id='word_1_586' title='bbox 2591 4357 2690 4419; x_wconf 81' lang='grc' dir='ltr'>τῆς</span> <span class='ocrx_word' id='word_1_587' title='bbox 2733 4349 2990 4420; x_wconf 89' lang='grc' dir='ltr'>ἀληθείας</span> <span class='ocrx_word' id='word_1_588' title='bbox 3037 4349 3230 4425; x_wconf 85' lang='grc' dir='ltr'>αὐγάς.</span> <span class='ocrx_word' id='word_1_589' title='bbox 3290 4351 3560 4405; x_wconf 84' lang='grc' dir='ltr'>Θεάσασθε</span> <span class='ocrx_word' id='word_1_590' title='bbox 3619 4347 3676 4405; x_wconf 71' lang='grc' dir='ltr'>δὲ</span> <span class='ocrx_word' id='word_1_591' title='bbox 3725 4350 3822 4405; x_wconf 88' lang='grc' dir='ltr'>τὸν</span> 
     </span>
    </p>
   </div>
   <div class='ocr_carea' id='block_1_91' title="bbox 2166 4439 3824 4520">
    <p class='ocr_par' dir='ltr' id='par_1_91' title="bbox 2166 4439 3824 4520">
     <span class='ocr_line' id='line_1_91' title="bbox 2166 4439 3824 4520; baseline -0.002 -22"><span class='ocrx_word' id='word_1_592' title='bbox 2166 4442 2457 4520; x_wconf 77' lang='grc' dir='ltr'>εἰρημένον</span> <span class='ocrx_word' id='word_1_593' title='bbox 2489 4486 2501 4510; x_wconf 92' lang='grc'>,</span> <span class='ocrx_word' id='word_1_594' title='bbox 2557 4441 2730 4519; x_wconf 77' lang='grc' dir='ltr'>φησὶ,</span> <span class='ocrx_word' id='word_1_595' title='bbox 2781 4448 2882 4507; x_wconf 78' lang='grc' dir='ltr'>τῆς</span> <span class='ocrx_word' id='word_1_596' title='bbox 2941 4439 3256 4514; x_wconf 73' lang='grc' dir='ltr'>οἷκονομίας</span> <span class='ocrx_word' id='word_1_597' title='bbox 3316 4440 3518 4513; x_wconf 85' lang='grc' dir='ltr'>τρόπον</span> <span class='ocrx_word' id='word_1_598' title='bbox 3555 4484 3568 4510; x_wconf 85' lang='grc'>,</span> <span class='ocrx_word' id='word_1_599' title='bbox 3633 4439 3684 4495; x_wconf 71' lang='grc' dir='ltr'>ἐν</span> <span class='ocrx_word' id='word_1_600' title='bbox 3742 4444 3824 4511; x_wconf 79' lang='grc' dir='ltr'>τῷ</span> 
     </span>
    </p>
   </div>
   <div class='ocr_carea' id='block_1_92' title="bbox 2166 4529 3821 4608">
    <p class='ocr_par' dir='ltr' id='par_1_92' title="bbox 2166 4529 3821 4608">
     <span class='ocr_line' id='line_1_92' title="bbox 2166 4529 3821 4608; baseline -0.001 -21"><span class='ocrx_word' id='word_1_601' title='bbox 2166 4531 2408 4608; x_wconf 84' lang='grc' dir='ltr'>στεφάνῳ</span> <span class='ocrx_word' id='word_1_602' title='bbox 2475 4531 2520 4603; x_wconf 84' lang='grc' dir='ltr'>ᾧ</span> <span class='ocrx_word' id='word_1_603' title='bbox 2599 4531 2961 4606; x_wconf 80' lang='grc' dir='ltr'>ἐστεφάνωσεν</span> <span class='ocrx_word' id='word_1_604' title='bbox 3044 4529 3204 4584; x_wconf 82' lang='grc' dir='ltr'>αὐτὸν</span> <span class='ocrx_word' id='word_1_605' title='bbox 3266 4532 3301 4599; x_wconf 84' lang='grc' dir='ltr'>ἠ</span> <span class='ocrx_word' id='word_1_606' title='bbox 3382 4532 3568 4605; x_wconf 86' lang='grc' dir='ltr'>μήτηρ</span> <span class='ocrx_word' id='word_1_607' title='bbox 3628 4530 3821 4600; x_wconf 77' lang='grc' dir='ltr'>αὐτοῦ,</span> 
     </span>
    </p>
   </div>
   <div class='ocr_carea' id='block_1_93' title="bbox 2168 4615 3820 4698">
    <p class='ocr_par' dir='ltr' id='par_1_93' title="bbox 2168 4615 3820 4698">
     <span class='ocr_line' id='line_1_93' title="bbox 2168 4615 3820 4698; baseline -0.002 -22"><span class='ocrx_word' id='word_1_608' title='bbox 2168 4621 2219 4676; x_wconf 84' lang='grc' dir='ltr'>έν</span> <span class='ocrx_word' id='word_1_609' title='bbox 2253 4621 2435 4694; x_wconf 78' lang='grc' dir='ltr'>ἡμέρᾳ</span> <span class='ocrx_word' id='word_1_610' title='bbox 2491 4621 2834 4698; x_wconf 79' lang='grc' dir='ltr'>νυμφεὺσεως</span> <span class='ocrx_word' id='word_1_611' title='bbox 2888 4619 3076 4673; x_wconf 78' lang='grc' dir='ltr'>αὐτοῦ’</span> <span class='ocrx_word' id='word_1_612' title='bbox 3111 4615 3370 4689; x_wconf 86' lang='grc' dir='ltr'>δηλονότι</span> <span class='ocrx_word' id='word_1_613' title='bbox 3428 4618 3479 4674; x_wconf 82' lang='grc' dir='ltr'>ἐν</span> <span class='ocrx_word' id='word_1_614' title='bbox 3520 4625 3600 4692; x_wconf 81' lang='grc' dir='ltr'>τῷ</span> <span class='ocrx_word' id='word_1_615' title='bbox 3656 4619 3820 4674; x_wconf 85' lang='grc' dir='ltr'>ἀκαν-</span> 
     </span>
    </p>
   </div>
   <div class='ocr_carea' id='block_1_94' title="bbox 411 4704 2045 4791">
    <p class='ocr_par' dir='ltr' id='par_1_94' title="bbox 411 4704 2045 4780">
     <span class='ocr_line' id='line_1_94' title="bbox 411 4704 2045 4780; baseline 0.002 -19"><span class='ocrx_word' id='word_1_616' title='bbox 411 4721 669 4768; x_wconf 78' lang='lat' dir='ltr'>carnem,</span> <span class='ocrx_word' id='word_1_617' title='bbox 703 4704 762 4759; x_wconf 92' lang='lat' dir='ltr'>in</span> <span class='ocrx_word' id='word_1_618' title='bbox 796 4705 889 4760; x_wconf 92' lang='lat' dir='ltr'>die</span> <span class='ocrx_word' id='word_1_619' title='bbox 919 4704 1233 4760; x_wconf 72' lang='lat' dir='ltr'>salutiferae</span> <span class='ocrx_word' id='word_1_620' title='bbox 1267 4707 1472 4763; x_wconf 88' lang='lat' dir='ltr'>mortis</span> <span class='ocrx_word' id='word_1_621' title='bbox 1502 4707 1653 4778; x_wconf 87' lang='lat' dir='ltr'>ejus,</span> <span class='ocrx_word' id='word_1_622' title='bbox 1685 4708 1742 4762; x_wconf 92' lang='lat' dir='ltr'>in</span> <span class='ocrx_word' id='word_1_623' title='bbox 1777 4725 1895 4780; x_wconf 92' lang='lat' dir='ltr'>qua</span> <span class='ocrx_word' id='word_1_624' title='bbox 1923 4725 2045 4779; x_wconf 90' lang='lat' dir='ltr'>pro-</span> 
     </span>
    </p>
   </div>
   <div class='ocr_carea' id='block_1_95' title="bbox 2159 4704 3818 4791">
    <p class='ocr_par' dir='ltr' id='par_1_95' title="bbox 2166 4708 3818 4788">
     <span class='ocr_line' id='line_1_95' title="bbox 2166 4708 3818 4788; baseline -0.001 -23"><span class='ocrx_word' id='word_1_625' title='bbox 2166 4709 2295 4784; x_wconf 85' lang='grc' dir='ltr'>θίνῳ</span> <span class='ocrx_word' id='word_1_626' title='bbox 2349 4709 2632 4788; x_wconf 84' lang='grc' dir='ltr'>στεφάνῳ,</span> <span class='ocrx_word' id='word_1_627' title='bbox 2685 4710 2729 4780; x_wconf 85' lang='grc' dir='ltr'>ᾧ</span> <span class='ocrx_word' id='word_1_628' title='bbox 2790 4708 3120 4786; x_wconf 74' lang='grc' dir='ltr'>ἐστεφάνωσε</span> <span class='ocrx_word' id='word_1_629' title='bbox 3173 4708 3264 4762; x_wconf 86' lang='grc' dir='ltr'>τὸν</span> <span class='ocrx_word' id='word_1_630' title='bbox 3325 4709 3556 4785; x_wconf 89' lang='grc' dir='ltr'>Χριστὸν</span> <span class='ocrx_word' id='word_1_631' title='bbox 3617 4711 3652 4778; x_wconf 78' lang='grc' dir='ltr'><strong>ἡ</strong></span> <span class='ocrx_word' id='word_1_632' title='bbox 3709 4709 3818 4764; x_wconf 86' lang='grc' dir='ltr'>τῶν</span> 
     </span>
    </p>
   </div>
   <div class='ocr_carea' id='block_1_96' title="bbox 415 4794 2059 4868">
    <p class='ocr_par' dir='ltr' id='par_1_96' title="bbox 415 4794 2059 4868">
     <span class='ocr_line' id='line_1_96' title="bbox 415 4794 2059 4868; baseline 0.002 -20"><span class='ocrx_word' id='word_1_633' title='bbox 415 4796 544 4868; x_wconf 88' lang='lat' dir='ltr'>prio</span> <span class='ocrx_word' id='word_1_634' title='bbox 579 4795 861 4866; x_wconf 83' lang='lat' dir='ltr'>sanguine</span> <span class='ocrx_word' id='word_1_635' title='bbox 911 4794 1226 4851; x_wconf 83' lang='lat' dir='ltr'>Ecclesiam</span> <span class='ocrx_word' id='word_1_636' title='bbox 1279 4797 1388 4852; x_wconf 89' lang='lat' dir='ltr'>sibi</span> <span class='ocrx_word' id='word_1_637' title='bbox 1439 4797 1828 4868; x_wconf 88' lang='lat' dir='ltr'>desponsavit.</span> <span class='ocrx_word' id='word_1_638' title='bbox 1885 4801 1947 4854; x_wconf 78' lang='lat' dir='ltr'>Et</span> <span class='ocrx_word' id='word_1_639' title='bbox 2000 4800 2059 4854; x_wconf 79' lang='lat' dir='ltr'>in</span> 
     </span>
    </p>
   </div>
   <div class='ocr_carea' id='block_1_97' title="bbox 415 4884 2060 4959">
    <p class='ocr_par' dir='ltr' id='par_1_97' title="bbox 415 4884 2060 4959">
     <span class='ocr_line' id='line_1_97' title="bbox 415 4884 2060 4959; baseline 0.002 -21"><span class='ocrx_word' id='word_1_640' title='bbox 415 4884 503 4939; x_wconf 77' lang='lat' dir='ltr'>die</span> <span class='ocrx_word' id='word_1_641' title='bbox 534 4885 750 4940; x_wconf 61' lang='lat' dir='ltr'>laetitiae</span> <span class='ocrx_word' id='word_1_642' title='bbox 777 4884 950 4940; x_wconf 80' lang='lat' dir='ltr'>cordis</span> <span class='ocrx_word' id='word_1_643' title='bbox 979 4887 1098 4957; x_wconf 84' lang='lat' dir='ltr'>ejus</span> <span class='ocrx_word' id='word_1_644' title='bbox 1133 4903 1145 4940; x_wconf 93' lang='lat'>:</span> <span class='ocrx_word' id='word_1_645' title='bbox 1181 4902 1299 4958; x_wconf 90' lang='lat' dir='ltr'>qua</span> <span class='ocrx_word' id='word_1_646' title='bbox 1330 4886 1568 4958; x_wconf 88' lang='lat' dir='ltr'>quidem</span> <span class='ocrx_word' id='word_1_647' title='bbox 1599 4887 1913 4943; x_wconf 89' lang='lat' dir='ltr'>salutarem</span> <span class='ocrx_word' id='word_1_648' title='bbox 1956 4903 2060 4959; x_wconf 92' lang='lat' dir='ltr'>pro</span> 
     </span>
    </p>
   </div>
   <div class='ocr_carea' id='block_1_98' title="bbox 419 4974 2062 5047">
    <p class='ocr_par' dir='ltr' id='par_1_98' title="bbox 419 4974 2062 5047">
     <span class='ocr_line' id='line_1_98' title="bbox 419 4974 2062 5047; baseline 0.002 -18"><span class='ocrx_word' id='word_1_649' title='bbox 419 4974 590 5029; x_wconf 91' lang='lat' dir='ltr'>nobis</span> <span class='ocrx_word' id='word_1_650' title='bbox 624 4979 870 5029; x_wconf 90' lang='lat' dir='ltr'>mortem</span> <span class='ocrx_word' id='word_1_651' title='bbox 904 4979 1208 5047; x_wconf 86' lang='lat' dir='ltr'>oppetens,</span> <span class='ocrx_word' id='word_1_652' title='bbox 1259 4993 1364 5031; x_wconf 89' lang='lat' dir='ltr'>nos</span> <span class='ocrx_word' id='word_1_653' title='bbox 1415 4976 1487 5032; x_wconf 87' lang='lat' dir='ltr'>ab</span> <span class='ocrx_word' id='word_1_654' title='bbox 1536 4976 1724 5033; x_wconf 89' lang='lat' dir='ltr'>hostis</span> <span class='ocrx_word' id='word_1_655' title='bbox 1779 4977 2062 5033; x_wconf 89' lang='lat' dir='ltr'>servitute</span> 
     </span>
    </p>
   </div>
   <div class='ocr_carea' id='block_1_99' title="bbox 414 5063 2058 5138">
    <p class='ocr_par' dir='ltr' id='par_1_99' title="bbox 414 5063 2058 5138">
     <span class='ocr_line' id='line_1_99' title="bbox 414 5063 2058 5138; baseline 0.002 -22"><span class='ocrx_word' id='word_1_656' title='bbox 414 5063 681 5118; x_wconf 87' lang='lat' dir='ltr'>liberavit</span> <span class='ocrx_word' id='word_1_657' title='bbox 714 5081 726 5120; x_wconf 93' lang='lat'>:</span> <span class='ocrx_word' id='word_1_658' title='bbox 760 5070 936 5136; x_wconf 88' lang='lat' dir='ltr'>atque</span> <span class='ocrx_word' id='word_1_659' title='bbox 969 5065 1047 5120; x_wconf 88' lang='lat' dir='ltr'>ita</span> <span class='ocrx_word' id='word_1_660' title='bbox 1074 5064 1260 5120; x_wconf 88' lang='lat' dir='ltr'>Patris</span> <span class='ocrx_word' id='word_1_661' title='bbox 1292 5066 1705 5138; x_wconf 87' lang='lat' dir='ltr'>obtemperans</span> <span class='ocrx_word' id='word_1_662' title='bbox 1753 5066 2058 5136; x_wconf 89' lang='lat' dir='ltr'>voluntati,</span> 
     </span>
    </p>
   </div>
   <div class='ocr_carea' id='block_1_100' title="bbox 409 5152 2059 5226">
    <p class='ocr_par' dir='ltr' id='par_1_100' title="bbox 409 5152 2059 5226">
     <span class='ocr_line' id='line_1_100' title="bbox 409 5152 2059 5226; baseline 0.002 -19"><span class='ocrx_word' id='word_1_663' title='bbox 409 5152 640 5208; x_wconf 69' lang='lat' dir='ltr'>laetatus</span> <span class='ocrx_word' id='word_1_664' title='bbox 671 5159 760 5210; x_wconf 84' lang='lat' dir='ltr'>est</span> <span class='ocrx_word' id='word_1_665' title='bbox 786 5154 1020 5226; x_wconf 88' lang='lat' dir='ltr'>spiritu,</span> <span class='ocrx_word' id='word_1_666' title='bbox 1053 5153 1189 5210; x_wconf 86' lang='lat' dir='ltr'>licet</span> <span class='ocrx_word' id='word_1_667' title='bbox 1237 5155 1430 5210; x_wconf 90' lang='lat' dir='ltr'>carnis</span> <span class='ocrx_word' id='word_1_668' title='bbox 1479 5154 1838 5211; x_wconf 88' lang='lat' dir='ltr'>cruciatibus</span> <span class='ocrx_word' id='word_1_669' title='bbox 1890 5171 2059 5210; x_wconf 83' lang='lat' dir='ltr'>vexa-</span> 
     </span>
    </p>
   </div>
   <div class='ocr_carea' id='block_1_101' title="bbox 409 5242 2061 5317">
    <p class='ocr_par' dir='ltr' id='par_1_101' title="bbox 409 5242 2061 5317">
     <span class='ocr_line' id='line_1_101' title="bbox 409 5242 2061 5317; baseline 0.002 -21"><span class='ocrx_word' id='word_1_670' title='bbox 409 5246 588 5296; x_wconf 84' lang='lat' dir='ltr'>retur.</span> <span class='ocrx_word' id='word_1_671' title='bbox 621 5242 724 5298; x_wconf 88' lang='lat' dir='ltr'>His</span> <span class='ocrx_word' id='word_1_672' title='bbox 755 5259 971 5314; x_wconf 85' lang='lat' dir='ltr'>sponsa</span> <span class='ocrx_word' id='word_1_673' title='bbox 1002 5243 1325 5316; x_wconf 84' lang='lat' dir='ltr'>discipulae</span> <span class='ocrx_word' id='word_1_674' title='bbox 1355 5247 1447 5298; x_wconf 89' lang='lat' dir='ltr'>est</span> <span class='ocrx_word' id='word_1_675' title='bbox 1480 5242 1755 5312; x_wconf 88' lang='lat' dir='ltr'>allocuta,</span> <span class='ocrx_word' id='word_1_676' title='bbox 1807 5244 2061 5317; x_wconf 86' lang='lat' dir='ltr'>diligens</span> 
     </span>
    </p>
   </div>
   <div class='ocr_carea' id='block_1_102' title="bbox 405 5331 2064 5406">
    <p class='ocr_par' dir='ltr' id='par_1_102' title="bbox 405 5331 2064 5406">
     <span class='ocr_line' id='line_1_102' title="bbox 405 5331 2064 5406; baseline 0.002 -20"><span class='ocrx_word' id='word_1_677' title='bbox 405 5331 462 5386; x_wconf 89' lang='lat' dir='ltr'>id</span> <span class='ocrx_word' id='word_1_678' title='bbox 499 5333 652 5402; x_wconf 90' lang='lat' dir='ltr'>quod</span> <span class='ocrx_word' id='word_1_679' title='bbox 687 5332 1080 5388; x_wconf 88' lang='lat' dir='ltr'>demonstrari</span> <span class='ocrx_word' id='word_1_680' title='bbox 1110 5350 1225 5389; x_wconf 90' lang='lat' dir='ltr'>non</span> <span class='ocrx_word' id='word_1_681' title='bbox 1261 5339 1472 5406; x_wconf 88' lang='lat' dir='ltr'>potest,</span> <span class='ocrx_word' id='word_1_682' title='bbox 1505 5338 1562 5389; x_wconf 91' lang='lat' dir='ltr'>et</span> <span class='ocrx_word' id='word_1_683' title='bbox 1594 5335 1912 5390; x_wconf 88' lang='lat' dir='ltr'>humanam</span> <span class='ocrx_word' id='word_1_684' title='bbox 1946 5334 2064 5406; x_wconf 80' lang='lat' dir='ltr'>glo-</span> 
     </span>
    </p>
   </div>
   <div class='ocr_carea' id='block_1_103' title="bbox 411 5421 2058 5496">
    <p class='ocr_par' dir='ltr' id='par_1_103' title="bbox 411 5421 2058 5496">
     <span class='ocr_line' id='line_1_103' title="bbox 411 5421 2058 5496; baseline 0.002 -20"><span class='ocrx_word' id='word_1_685' title='bbox 411 5423 556 5476; x_wconf 78' lang='lat' dir='ltr'>riam</span> <span class='ocrx_word' id='word_1_686' title='bbox 589 5421 843 5492; x_wconf 85' lang='lat' dir='ltr'>fugiens,</span> <span class='ocrx_word' id='word_1_687' title='bbox 877 5422 1262 5494; x_wconf 88' lang='lat' dir='ltr'>cupiensque,</span> <span class='ocrx_word' id='word_1_688' title='bbox 1291 5428 1355 5479; x_wconf 91' lang='lat' dir='ltr'>ut</span> <span class='ocrx_word' id='word_1_689' title='bbox 1385 5439 1668 5496; x_wconf 88' lang='lat' dir='ltr'>sponsum</span> <span class='ocrx_word' id='word_1_690' title='bbox 1701 5441 1876 5480; x_wconf 90' lang='lat' dir='ltr'>suum</span> <span class='ocrx_word' id='word_1_691' title='bbox 1929 5429 2058 5480; x_wconf 89' lang='lat' dir='ltr'>tan-</span> 
     </span>
    </p>
   </div>
   <div class='ocr_carea' id='block_1_104' title="bbox 413 5510 1379 5567">
    <p class='ocr_par' dir='ltr' id='par_1_104' title="bbox 413 5510 1379 5567">
     <span class='ocr_line' id='line_1_104' title="bbox 413 5510 1379 5567; baseline 0.003 -3"><span class='ocrx_word' id='word_1_692' title='bbox 413 5510 719 5565; x_wconf 86' lang='lat' dir='ltr'>tummodo</span> <span class='ocrx_word' id='word_1_693' title='bbox 752 5527 956 5566; x_wconf 88' lang='lat' dir='ltr'>omnes</span> <span class='ocrx_word' id='word_1_694' title='bbox 989 5511 1379 5567; x_wconf 88' lang='lat' dir='ltr'>admirentur.</span> 
     </span>
    </p>
   </div>
   <div class='ocr_carea' id='block_1_105' title="bbox 2169 4794 3823 4871">
    <p class='ocr_par' dir='ltr' id='par_1_105' title="bbox 2169 4794 3823 4871">
     <span class='ocr_line' id='line_1_105' title="bbox 2169 4794 3823 4871; baseline -0.002 -16"><span class='ocrx_word' id='word_1_695' title='bbox 2169 4795 2449 4855; x_wconf 79' lang='grc' dir='ltr'>Ἰουδαίων</span> <span class='ocrx_word' id='word_1_696' title='bbox 2481 4797 2792 4871; x_wconf 71' lang='grc' dir='ltr'>συναγωγὴ,</span> <span class='ocrx_word' id='word_1_697' title='bbox 2851 4794 2899 4869; x_wconf 76' lang='grc' dir='ltr'>ἐξ</span> <span class='ocrx_word' id='word_1_698' title='bbox 2955 4796 3024 4866; x_wconf 81' lang='grc' dir='ltr'>ἧς</span> <span class='ocrx_word' id='word_1_699' title='bbox 3084 4794 3241 4858; x_wconf 80' lang='grc' dir='ltr'>οὗτος</span> <span class='ocrx_word' id='word_1_700' title='bbox 3269 4796 3332 4850; x_wconf 89' lang='grc' dir='ltr'>τὸ</span> <span class='ocrx_word' id='word_1_701' title='bbox 3378 4797 3515 4852; x_wconf 88' lang='grc' dir='ltr'>κατά</span> <span class='ocrx_word' id='word_1_702' title='bbox 3545 4798 3736 4869; x_wconf 82' lang='grc' dir='ltr'>σάρκα,</span> <span class='ocrx_word' id='word_1_703' title='bbox 3769 4795 3823 4852; x_wconf 76' lang='grc' dir='ltr'>ἐν</span> 
     </span>
    </p>
   </div>
   <div class='ocr_carea' id='block_1_106' title="bbox 2169 4882 3820 4963">
    <p class='ocr_par' dir='ltr' id='par_1_106' title="bbox 2169 4882 3820 4963">
     <span class='ocr_line' id='line_1_106' title="bbox 2169 4882 3820 4963; baseline -0.002 -21"><span class='ocrx_word' id='word_1_704' title='bbox 2169 4888 2351 4963; x_wconf 78' lang='grc' dir='ltr'>ἡμέρα</span> <span class='ocrx_word' id='word_1_705' title='bbox 2404 4890 2501 4941; x_wconf 76' lang='grc' dir='ltr'>τοῦ</span> <span class='ocrx_word' id='word_1_706' title='bbox 2556 4885 2828 4955; x_wconf 86' lang='grc' dir='ltr'>σωτηρίου</span> <span class='ocrx_word' id='word_1_707' title='bbox 2875 4884 3080 4949; x_wconf 86' lang='grc' dir='ltr'>πάθους</span> <span class='ocrx_word' id='word_1_708' title='bbox 3108 4883 3271 4939; x_wconf 79' lang='grc' dir='ltr'>αὐτοῦ</span> <span class='ocrx_word' id='word_1_709' title='bbox 3299 4883 3350 4939; x_wconf 80' lang='grc' dir='ltr'>έν</span> <span class='ocrx_word' id='word_1_710' title='bbox 3401 4884 3437 4959; x_wconf 74' lang='grc' dir='ltr'><strong>ᾗ</strong></span> <span class='ocrx_word' id='word_1_711' title='bbox 3465 4889 3545 4958; x_wconf 80' lang='grc' dir='ltr'>τῷ</span> <span class='ocrx_word' id='word_1_712' title='bbox 3579 4882 3702 4958; x_wconf 83' lang='grc' dir='ltr'>ἰδίῳ</span> <span class='ocrx_word' id='word_1_713' title='bbox 3733 4883 3820 4939; x_wconf 69' lang='grc' dir='ltr'>α’ί-</span> 
     </span>
    </p>
   </div>
   <div class='ocr_carea' id='block_1_107' title="bbox 2174 4972 3819 5052">
    <p class='ocr_par' dir='ltr' id='par_1_107' title="bbox 2174 4972 3819 5052">
     <span class='ocr_line' id='line_1_107' title="bbox 2174 4972 3819 5052; baseline -0.002 -21"><span class='ocrx_word' id='word_1_714' title='bbox 2174 4997 2302 5050; x_wconf 88' lang='grc' dir='ltr'>ματι</span> <span class='ocrx_word' id='word_1_715' title='bbox 2357 4977 2458 5045; x_wconf 79' lang='grc' dir='ltr'>τήν</span> <span class='ocrx_word' id='word_1_716' title='bbox 2518 4974 2824 5045; x_wconf 86' lang='grc' dir='ltr'>Εκκλησίαν</span> <span class='ocrx_word' id='word_1_717' title='bbox 2881 4975 3054 5046; x_wconf 70' lang='grc' dir='ltr'>ἑαυτῷ</span> <span class='ocrx_word' id='word_1_718' title='bbox 3115 4973 3523 5052; x_wconf 80' lang='grc' dir='ltr'>ένυμφεύσατο.</span> <span class='ocrx_word' id='word_1_719' title='bbox 3604 4974 3709 5030; x_wconf 80' lang='grc' dir='ltr'>Καὶ</span> <span class='ocrx_word' id='word_1_720' title='bbox 3767 4972 3819 5030; x_wconf 82' lang='grc' dir='ltr'>ἐν</span> 
     </span>
    </p>
   </div>
   <div class='ocr_carea' id='block_1_108' title="bbox 2169 5060 3823 5142">
    <p class='ocr_par' dir='ltr' id='par_1_108' title="bbox 2169 5060 3823 5142">
     <span class='ocr_line' id='line_1_108' title="bbox 2169 5060 3823 5142; baseline -0.002 -21"><span class='ocrx_word' id='word_1_721' title='bbox 2169 5067 2352 5140; x_wconf 77' lang='grc' dir='ltr'>ἡμέρα</span> <span class='ocrx_word' id='word_1_722' title='bbox 2411 5063 2750 5142; x_wconf 80' lang='grc' dir='ltr'>εὐφροσύνης</span> <span class='ocrx_word' id='word_1_723' title='bbox 2807 5060 3031 5138; x_wconf 84' lang='grc' dir='ltr'>καρδίας</span> <span class='ocrx_word' id='word_1_724' title='bbox 3087 5060 3272 5129; x_wconf 73' lang='grc' dir='ltr'>αὐτοῦ,</span> <span class='ocrx_word' id='word_1_725' title='bbox 3332 5064 3450 5126; x_wconf 90' lang='grc' dir='ltr'>καθ’</span> <span class='ocrx_word' id='word_1_726' title='bbox 3490 5064 3550 5132; x_wconf 80' lang='grc' dir='ltr'>ἦν</span> <span class='ocrx_word' id='word_1_727' title='bbox 3602 5064 3823 5125; x_wconf 83' lang='grc' dir='ltr'>πάντως</span> 
     </span>
    </p>
   </div>
   <div class='ocr_carea' id='block_1_109' title="bbox 2170 5150 3827 5228">
    <p class='ocr_par' dir='ltr' id='par_1_109' title="bbox 2170 5150 3827 5228">
     <span class='ocr_line' id='line_1_109' title="bbox 2170 5150 3827 5228; baseline -0.003 -17"><span class='ocrx_word' id='word_1_728' title='bbox 2170 5155 2354 5211; x_wconf 87' lang='grc' dir='ltr'>παθὼν</span> <span class='ocrx_word' id='word_1_729' title='bbox 2419 5154 2550 5228; x_wconf 73' lang='grc' dir='ltr'>ὑπὲρ</span> <span class='ocrx_word' id='word_1_730' title='bbox 2611 5153 2773 5225; x_wconf 76' lang='grc' dir='ltr'>ἡμῶν</span> <span class='ocrx_word' id='word_1_731' title='bbox 2829 5153 2892 5208; x_wconf 88' lang='grc' dir='ltr'>τὸ</span> <span class='ocrx_word' id='word_1_732' title='bbox 2950 5155 3220 5228; x_wconf 87' lang='grc' dir='ltr'>σωτήριον</span> <span class='ocrx_word' id='word_1_733' title='bbox 3279 5159 3454 5215; x_wconf 81' lang='grc' dir='ltr'>πάθος</span> <span class='ocrx_word' id='word_1_734' title='bbox 3512 5150 3827 5225; x_wconf 75' lang='grc' dir='ltr'>ἀπήλλαξεν</span> 
     </span>
    </p>
   </div>
   <div class='ocr_carea' id='block_1_110' title="bbox 2170 5238 3826 5317">
    <p class='ocr_par' dir='ltr' id='par_1_110' title="bbox 2170 5238 3826 5317">
     <span class='ocr_line' id='line_1_110' title="bbox 2170 5238 3826 5317; baseline -0.003 -18"><span class='ocrx_word' id='word_1_735' title='bbox 2170 5247 2318 5317; x_wconf 75' lang='grc' dir='ltr'>ἡμᾶς</span> <span class='ocrx_word' id='word_1_736' title='bbox 2363 5250 2464 5312; x_wconf 84' lang='grc' dir='ltr'>τῆς</span> <span class='ocrx_word' id='word_1_737' title='bbox 2515 5247 2610 5297; x_wconf 78' lang='grc' dir='ltr'>τοῦ</span> <span class='ocrx_word' id='word_1_738' title='bbox 2657 5241 2862 5316; x_wconf 75' lang='grc' dir='ltr'>ἆχθροῦ</span> <span class='ocrx_word' id='word_1_739' title='bbox 2920 5238 3260 5315; x_wconf 84' lang='grc' dir='ltr'>τυραννίδος,</span> <span class='ocrx_word' id='word_1_740' title='bbox 3319 5240 3408 5296; x_wconf 83' lang='grc' dir='ltr'>καὶ</span> <span class='ocrx_word' id='word_1_741' title='bbox 3457 5241 3532 5303; x_wconf 84' lang='grc' dir='ltr'>ὡς</span> <span class='ocrx_word' id='word_1_742' title='bbox 3590 5240 3826 5296; x_wconf 78' lang='grc' dir='ltr'>ἐντεῦθεν</span> 
     </span>
    </p>
   </div>
   <div class='ocr_carea' id='block_1_111' title="bbox 2168 5329 3827 5409">
    <p class='ocr_par' dir='ltr' id='par_1_111' title="bbox 2168 5329 3827 5409">
     <span class='ocr_line' id='line_1_111' title="bbox 2168 5329 3827 5409; baseline -0.003 -20"><span class='ocrx_word' id='word_1_743' title='bbox 2168 5333 2472 5409; x_wconf 85' lang='grc' dir='ltr'>πληρώσας</span> <span class='ocrx_word' id='word_1_744' title='bbox 2500 5332 2563 5387; x_wconf 87' lang='grc' dir='ltr'>τὸ</span> <span class='ocrx_word' id='word_1_745' title='bbox 2614 5335 2712 5386; x_wconf 74' lang='grc' dir='ltr'>τοῦ</span> <span class='ocrx_word' id='word_1_746' title='bbox 2745 5331 2956 5406; x_wconf 86' lang='grc' dir='ltr'>Πατρὸς</span> <span class='ocrx_word' id='word_1_747' title='bbox 2992 5329 3276 5406; x_wconf 76' lang='grc' dir='ltr'>βούλημα,</span> <span class='ocrx_word' id='word_1_748' title='bbox 3330 5329 3616 5408; x_wconf 74' lang='grc' dir='ltr'>ηὒφράνθη</span> <span class='ocrx_word' id='word_1_749' title='bbox 3663 5331 3827 5385; x_wconf 81' lang='grc' dir='ltr'>πνεύ-</span> 
     </span>
    </p>
   </div>
   <div class='ocr_carea' id='block_1_112' title="bbox 2175 5418 3826 5497">
    <p class='ocr_par' dir='ltr' id='par_1_112' title="bbox 2175 5418 3826 5497">
     <span class='ocr_line' id='line_1_112' title="bbox 2175 5418 3826 5497; baseline -0.003 -19"><span class='ocrx_word' id='word_1_750' title='bbox 2175 5444 2324 5497; x_wconf 81' lang='grc' dir='ltr'>ματι,</span> <span class='ocrx_word' id='word_1_751' title='bbox 2359 5423 2402 5476; x_wconf 85' lang='grc' dir='ltr'>εἰ</span> <span class='ocrx_word' id='word_1_752' title='bbox 2434 5422 2524 5476; x_wconf 84' lang='grc' dir='ltr'>καὶ</span> <span class='ocrx_word' id='word_1_753' title='bbox 2556 5425 2674 5484; x_wconf 91' lang='grc' dir='ltr'>τοῖς</span> <span class='ocrx_word' id='word_1_754' title='bbox 2703 5422 2986 5494; x_wconf 83' lang='grc' dir='ltr'>παθήμασι</span> <span class='ocrx_word' id='word_1_755' title='bbox 3019 5418 3276 5490; x_wconf 87' lang='grc' dir='ltr'>ὡδυνήθη</span> <span class='ocrx_word' id='word_1_756' title='bbox 3329 5420 3506 5492; x_wconf 90' lang='grc' dir='ltr'>σαρκί.</span> <span class='ocrx_word' id='word_1_757' title='bbox 3556 5422 3738 5478; x_wconf 76' lang='grc' dir='ltr'>Ταῦτα</span> <span class='ocrx_word' id='word_1_758' title='bbox 3790 5422 3826 5490; x_wconf 74' lang='grc' dir='ltr'><strong>ἡ</strong></span> 
     </span>
    </p>
   </div>
   <div class='ocr_carea' id='block_1_113' title="bbox 2170 5508 3828 5590">
    <p class='ocr_par' dir='ltr' id='par_1_113' title="bbox 2170 5508 3828 5590">
     <span class='ocr_line' id='line_1_113' title="bbox 2170 5508 3828 5590; baseline -0.001 -24"><span class='ocrx_word' id='word_1_759' title='bbox 2170 5511 2354 5590; x_wconf 71' lang='grc' dir='ltr'>νύμφη</span> <span class='ocrx_word' id='word_1_760' title='bbox 2417 5511 2553 5584; x_wconf 85' lang='grc' dir='ltr'>πρὸς</span> <span class='ocrx_word' id='word_1_761' title='bbox 2608 5511 2704 5574; x_wconf 68' lang='grc' dir='ltr'>τὰς</span> <span class='ocrx_word' id='word_1_762' title='bbox 2762 5511 3204 5584; x_wconf 82' lang='grc' dir='ltr'>μαθητευομένας</span> <span class='ocrx_word' id='word_1_763' title='bbox 3265 5510 3503 5582; x_wconf 82' lang='grc' dir='ltr'>εἳρηκεν,</span> <span class='ocrx_word' id='word_1_764' title='bbox 3562 5508 3828 5583; x_wconf 74' lang='grc' dir='ltr'>ἀγαπῶσα</span> 
     </span>
    </p>
   </div>
   <div class='ocr_carea' id='block_1_114' title="bbox 411 5594 3823 5678">
    <p class='ocr_par' dir='ltr' id='par_1_114' title="bbox 411 5594 3823 5678">
     <span class='ocr_line' id='line_1_114' title="bbox 411 5594 3823 5678; baseline 0 -26"><span class='ocrx_word' id='word_1_765' title='bbox 411 5599 472 5652; x_wconf 87' lang='grc' dir='ltr'>τὸ</span> <span class='ocrx_word' id='word_1_766' title='bbox 505 5594 894 5670; x_wconf 82' lang='grc' dir='ltr'>ἀνεπίδεικτον,</span> <span class='ocrx_word' id='word_1_767' title='bbox 925 5598 1015 5652; x_wconf 81' lang='grc' dir='ltr'>καὶ</span> <span class='ocrx_word' id='word_1_768' title='bbox 1045 5601 1145 5667; x_wconf 75' lang='grc' dir='ltr'>τήν</span> <span class='ocrx_word' id='word_1_769' title='bbox 1177 5602 1304 5676; x_wconf 86' lang='grc' dir='ltr'>παρ’</span> <span class='ocrx_word' id='word_1_770' title='bbox 1335 5601 1609 5676; x_wconf 86' lang='grc' dir='ltr'>ἀνθρώπῳ</span> <span class='ocrx_word' id='word_1_771' title='bbox 1641 5599 1910 5678; x_wconf 77' lang='grc' dir='ltr'>φεύγουσα</span> <span class='ocrx_word' id='word_1_772' title='bbox 1940 5597 2120 5672; x_wconf 80' lang='grc' dir='ltr'>δόξαν,</span> <span class='ocrx_word' id='word_1_773' title='bbox 2150 5601 2240 5656; x_wconf 79' lang='grc' dir='ltr'>καὶ</span> <span class='ocrx_word' id='word_1_774' title='bbox 2275 5599 2589 5676; x_wconf 72' lang='grc' dir='ltr'>βουλομένη</span> <span class='ocrx_word' id='word_1_775' title='bbox 2628 5599 2786 5673; x_wconf 89' lang='grc' dir='ltr'>μόνον</span> <span class='ocrx_word' id='word_1_776' title='bbox 2819 5599 2910 5654; x_wconf 82' lang='grc' dir='ltr'>τὸν</span> <span class='ocrx_word' id='word_1_777' title='bbox 2941 5599 3136 5669; x_wconf 68' lang='grc' dir='ltr'>ἑαυτῆς</span> <span class='ocrx_word' id='word_1_778' title='bbox 3167 5598 3402 5676; x_wconf 87' lang='grc' dir='ltr'>νυμφίον</span> <span class='ocrx_word' id='word_1_779' title='bbox 3433 5597 3580 5674; x_wconf 81' lang='grc' dir='ltr'>παρὰ</span> <span class='ocrx_word' id='word_1_780' title='bbox 3606 5596 3823 5653; x_wconf 86' lang='grc' dir='ltr'>πάντων</span> 
     </span>
    </p>
   </div>
   <div class='ocr_carea' id='block_1_115' title="bbox 411 5686 801 5760">
    <p class='ocr_par' dir='ltr' id='par_1_115' title="bbox 411 5686 801 5760">
     <span class='ocr_line' id='line_1_115' title="bbox 411 5686 801 5760; baseline -0.003 -19"><span class='ocrx_word' id='word_1_781' title='bbox 411 5686 774 5760; x_wconf 84' lang='grc' dir='ltr'>θαυμάζεσθαι</span> <span class='ocrx_word' id='word_1_782' title='bbox 789 5730 801 5746; x_wconf 91' lang='grc'>.</span> 
     </span>
    </p>
   </div>
   <div class='ocr_carea' id='block_1_116' title="bbox 479 5816 931 5884">
    <p class='ocr_par' dir='ltr' id='par_1_116' title="bbox 479 5816 931 5884">
     <span class='ocr_line' id='line_1_116' title="bbox 479 5816 931 5884; baseline 0 -14"><span class='ocrx_word' id='word_1_783' title='bbox 479 5818 521 5852; x_wconf 75' lang='grc' dir='ltr'>⁴ί</span> <span class='ocrx_word' id='word_1_784' title='bbox 557 5819 581 5870; x_wconf 95' lang='grc' dir='ltr'>Ι</span> <span class='ocrx_word' id='word_1_785' title='bbox 609 5818 737 5874; x_wconf 88' lang='lat' dir='ltr'>Cor.</span> <span class='ocrx_word' id='word_1_786' title='bbox 767 5832 845 5884; x_wconf 73' lang='grc' dir='ltr'>χι,</span> <span class='ocrx_word' id='word_1_787' title='bbox 880 5816 931 5870; x_wconf 90' lang='grc'>1.</span> 
     </span>
    </p>
   </div>
  </div>
