4110 6420
246 386 369 448 609

1293 383 1704 447 COMMENT.
1752 381 1828 441 IN
1875 377 2282 441 CANTICUM
2326 378 2628 438 CANTlC.

3555 389 3678 449 610

321 516 461 576 Ἰδοὺ
521 519 571 572 εἶ
621 515 791 590 καλὴ,
833 519 868 587 ἡ
927 515 1165 588 πλησίον
1249 538 1376 590 μου,
1439 514 1557 570 ἰδοὺ
1608 516 1658 569 εἶ’
1708 511 1850 583 καλή
1886 531 1900 546 ·

2086 513 2218 566 Ecce
2245 512 2481 583 pulchra
2513 528 2588 580 es,
2629 513 2940 585 propinqua
2968 531 3089 571 mea
3122 533 3140 572 :
3171 533 3287 574 ecce
3330 521 3565 590 pulchra
3593 540 3670 580 es.

247 606 539 688 ὀφθαλμοί
600 627 696 662 σου
777 606 1110 683 περιστεραὶ,
1166 605 1320 668 ἰκτὸς
1395 612 1498 675 τῆς
1584 601 1910 674 σιωπήσεώς

250 720 375 756 σου.

957 782 1204 840 Ψελλοίλ

327 875 549 936 Τούτων
583 877 658 940 ὡς
680 872 910 944 ἤκουσεν
944 874 1112 943 αὐτῆς
1141 877 1248 928 τῶν
1279 871 1458 949 λόγων
1513 873 1540 927 ὁ
1583 871 1838 949 νυμφίος,

262 969 404 1046 Πρὸς
438 964 654 1022 ἔπαινον
685 964 953 1040 ἐγείρεται
976 968 1072 1018 τοῦ
1101 962 1343 1025 κάλΛους
1373 962 1537 1032 αὐτῆς
1564 961 1734 1036 λέγων
1753 982 1764 994 ·

622 1051 759 1112 Ἰδοὺ
787 1053 832 1108 εἶ
861 1052 1029 1122 καλὴ,
1061 1054 1096 1123 ἡ
1129 1050 1369 1122 πλησίον
1415 1073 1540 1125 μου.

255 1146 410 1215 Καλή
437 1145 543 1222 γὰρ
567 1140 738 1206 ὄντως
773 1141 1035 1217 πέφυκας,
1070 1141 1224 1214 φησὶ,
1255 1143 1436 1215 κάμοῦ
1475 1138 1733 1210 πλησίον,

261 1238 440 1298 Πάσας
475 1236 714 1304 σωθῆναι
747 1230 980 1296 θὲλουσα
1011 1231 1190 1306 ψυχάς
1218 1231 1314 1293 τὰς
1341 1234 1449 1285 τῶν
1483 1230 1806 1304 ἀνθρώπων.

260 1327 371 1384 Εἶτ’
405 1324 678 1380 ἐπαινέσαι
715 1321 1017 1398 βουληθεῖς
1048 1320 1214 1389 αὐτὴν
1248 1320 1338 1375 κπιῖ
1370 1319 1506 1374 κατᾶ
1540 1318 1728 1394 μέρος,

261 1415 404 1486 Φησί
433 1435 551 1477 πως
585 1413 728 1469 οὕτω
761 1412 896 1486 πρὸς
930 1411 1123 1478 αὐτὴν,
1153 1407 1321 1486 ἤγουν
1353 1410 1452 1478 τὴν
1483 1407 1841 1479 Ἐκκλησίαν’

691 1499 897 1578 Ὀφθαλ
911 1500 1002 1573 μοί
1035 1521 1130 1554 σου
1160 1505 1494 1575 περιστερᾶς.

261 1599 469 1668 ’Ὥσπερ
499 1591 552 1647 ἐν
587 1591 799 1665 σώματι
837 1591 1035 1665 βροτοῦ
1065 1587 1250 1644 πολλὰ
1275 1588 1530 1665 τυγχάνει
1567 1587 1729 1661 μέρη,

268 1680 461 1755 Πόδες,
490 1682 582 1738 καὶ
613 1686 817 1758 γεῖρες,
849 1679 937 1734 καὶ
974 1679 1188 1753 μαστοὶ,
1222 1678 1310 1734 καὶ
1342 1685 1559 1750 στῆθος,
1581 1677 1669 1732 καὶ
1702 1676 1919 1733 κοιλία·

270 1773 428 1833 Οὕτω
459 1772 550 1826 καὶ
583 1774 742 1842 σῶμα
769 1769 832 1824 τὸ
863 1769 1054 1823 σεπτὸν
1084 1773 1182 1837 τῆς
1214 1765 1358 1829 Θείας
1389 1766 1740 1837 Ἑκκλησίας,

265 1865 442 1938 Οὗπερ
467 1860 728 1936 τυγχάνει
759 1858 970 1936 κεφαλὴ
1006 1857 1239 1932 Χριστὸς
1271 1858 1297 1910 ὁ
1329 1857 1417 1911 καὶ
1449 1857 1702 1934 νυμφίος.

268 1953 356 2023 Ἐξ
399 1948 700 2026 ὀφθαλμῶν
734 1948 1011 2024 ἀπήρξατο
1041 1948 1134 2002 τὸν
1161 1945 1416 2024 στέφανον
1459 1943 1813 2018 συμπλέκειν,

269 2042 345 2097 Σὺ
379 2039 423 2096 δ’
454 2039 738 2116 ὀφθαλμὸν
771 2036 1023 2109 ἐννόησον
1056 2043 1154 2106 τῆς
1186 2035 1329 2098 θείας
1353 2034 1705 2105 Ἐκκλησίας,

267 2131 340 2187 Τὸ
372 2130 649 2204 σύνταγμα
677 2132 785 2183 τῶν
816 2132 1113 2204 προφητῶν
1152 2130 1258 2180 τῶν
1290 2123 1775 2200 ὀξυδερκεστάτων.

276 2220 460 2277 Θέλων
519 2217 577 2274 δὲ
629 2218 832 2290 ταύτης
892 2217 1126 2273 ἱπαινιῖν
1193 2217 1320 2280 τοὺς
1399 2213 1719 2289 ὀφθαλμοὺς
1793 2213 1922 2278 τοὺς

1654 2300 1852 2377 [ἴνδοη

281 2397 428 2468 Φησὶ
459 2397 547 2452 καὶ
574 2400 737 2452 ταῦτα
765 2395 902 2472 πρὸς
924 2395 1116 2465 αὐτὴν,
1150 2395 1223 2457 ὡς
1251 2395 1366 2449 καθ’
1399 2394 1588 2469 εἱρμὸν
1633 2395 1882 2469 εὑρήσεις
1908 2410 1922 2426 ⁸

354 2486 540 2548 Ἐκτὸς
561 2493 660 2556 τῆς
693 2484 1016 2557 σιωπήσεώς
1056 2505 1172 2541 σου.

271 2575 408 2639 Τοὺς
436 2576 754 2655 ὀφθαλμούς
787 2597 881 2632 σου
913 2576 1038 2652 γὰρ,
1071 2575 1258 2653 φησὶν,
1293 2574 1526 2650 ἐπῄνεσα
1553 2573 1680 2638 τοὺς
1709 2568 1832 2648 ἔξω,

274 2667 338 2721 Oi
370 2666 476 2742 γὰρ
506 2665 656 2731 ἐντὸς
687 2667 968 2744 ύπὲρτεροι
999 2666 1357 2741 τυγχάνουσιν
1385 2663 1627 2721 ἐπαίνου.

845 2851 960 2904 Τῶν
992 2855 1038 2922 γ’
1071 2848 1340 2922 Πατάρων.

347 2938 500 2993 Ὅθεν
563 2937 590 2992 ὁ
638 2936 839 3008 ταύτης
896 2937 1128 3015 νυμφίος
1185 2934 1584 3010 ἀποδεξάμενος
1633 2935 1819 3009 αὐτὴν,
1852 2935 1925 2998 ὡς

279 3027 416 3082 κατὰ
438 3026 613 3082 πάντα
656 3026 882 3102 ὡραίαν,
912 3025 1097 3104 φησίν·
1133 3025 1270 3081 Ἰδοὺ
1324 3027 1372 3081 εἶ
1406 3025 1575 3096 καλὴ,
1605 3028 1641 3096 ἡ
1691 3023 1926 3096 πλησίον

287 3138 413 3191 μου’
447 3114 600 3187 ἤτοι,
630 3114 748 3172 ἰδοὺ
783 3114 1046 3193 ὑπάρχεις
1079 3116 1272 3191 ὡραία,
1299 3119 1333 3186 ἡ
1375 3114 1646 3192 ἐγγύσασά
1695 3136 1788 3188 μοι
1840 3112 1930 3170 διὰ

283 3209 594 3282 μιμήσεως,
644 3208 720 3270 ὡς
778 3208 840 3261 τὸ
915 3208 1031 3261 κατ’
1082 3205 1265 3261 εἰκόνα
1331 3205 1416 3261 καὶ
1489 3206 1606 3259 καθ’
1664 3204 1929 3277 ὁμοίωσιν

284 3295 515 3358 κάλλος
575 3297 692 3352 κατ’
747 3295 961 3370 ὲμπρ...
1012 3299 1212 3370 γνῶσιν
1259 3296 1562 3368 συνάψασαθ
1613 3291 1731 3349 ἷδοὸ
1789 3293 1960 3368 ὑπάρ-

280 3405 401 3461 χεις
461 3385 654 3458 ὡραία,
690 3385 778 3440 καὶ
811 3383 899 3439 διὰ
944 3385 1006 3440 τὸ
1040 3385 1126 3440 ἐπὶ
1157 3391 1286 3439 πᾶσι
1343 3389 1461 3446 τοῖς
1509 3383 1926 3457 κατορθώμασιν

280 3472 503 3549 ἄτυφον.
538 3474 637 3531 Καὶ
684 3472 828 3528 οὕτω
864 3474 957 3546 μὲν
989 3471 1296 3534 καθολικῶς
1327 3473 1420 3527 τὸν
1463 3473 1667 3539 ταύτης
1711 3466 1928 3526 ἔπαινον

283 3561 598 3634 ἰποιήσατο.
675 3562 804 3619 Εἶτα
871 3562 958 3618 καὶ
1029 3562 1166 3617 κατά
1241 3563 1401 3637 μέρος
1463 3565 1651 3616 τοῦτον
1720 3559 1933 3632 διίξεισι

278 3653 544 3728 φάσκωνο
601 3650 919 3730 Ὀφθαλμοί
1005 3672 1102 3706 σου
1181 3654 1524 3726 περιστερᾶς,
1599 3650 1752 3714 ἐκτὸς
1835 3653 1934 3715 τῆς

277 3742 604 3813 σιωπήσεώς
645 3760 772 3795 σου⁹
827 3742 881 3796 οἱ
929 3743 1036 3796 τῶν
1084 3741 1356 3811 αἰσθητῶν
1403 3739 1618 3802 πάντως
1667 3738 1934 3813 ἀντιλαμ-

277 3825 594 3904 ϐανόμενοι,
623 3830 714 3886 καὶ
776 3831 827 3884 οἱ
873 3835 981 3885 τῶν
1036 3834 1250 3900 νοητῶν
1296 3829 1685 3903 πνευματικοί·
1721 3829 1803 3883 ὅτι
1863 3827 1934 3883 δι’

281 3919 456 3976 αὐτῶν
497 3925 669 3976 πᾶσαν
712 3921 813 3990 τὴν
853 3919 1026 3975 κτίσιν
1076 3919 1212 3996 πρὸς
1261 3917 1415 3990 δόξαν
1474 3923 1570 3974 τοῦ
1619 3919 1932 3988 Πεποιηκό-

277 4031 376 4071 τος
429 4010 578 4084 ὁρᾷς·
608 4009 748 4065 οὕτω
800 4007 857 4065 δέ
905 4031 1001 4064 σου
1051 4010 1102 4064 οἱ
1155 4008 1432 4087 ὀφθαλμοὶ
1460 4010 1608 4064 οὗτοι
1637 4030 1934 4081 πνευματι-

277 4099 370 4154 κοὶ
401 4097 555 4160 ὶκτὸς
605 4103 702 4164 τῆς
752 4097 837 4154 ἐπὶ
889 4103 1004 4170 Θεῷ
1051 4097 1278 4177 ἀφασίας
1331 4119 1450 4152 σου.
1487 4097 1588 4154 Καὶ
1628 4097 1731 4173 γὰρ
1791 4094 1932 4169 μειλ-

283 4187 384 4243 λον
435 4186 568 4258 αὕτη
627 4187 1100 4262 πνευματικὴ,ὅτι
1159 4187 1209 4242 ἐν
1271 4187 1405 4262 ἁγίῳ
1462 4186 1733 4261 Πνεύματι
1800 4186 1930 4261 ὑπὲρ

275 4280 475 4352 γνῶσιν
507 4277 760 4352 γικώσκει
784 4278 846 4333 τὸ
870 4281 968 4332 τοῦ
999 4281 1134 4332 Θεοῦ
1165 4275 1572 4347 ἀκατάληπτον.

2024 601 2180 657 Oculi
2208 605 2312 670 tui,
2347 602 2615 659 columba
2643 619 2661 656 :
2687 606 2901 674 praeter
2925 606 3217 661 silentium
3246 615 3420 665 tuum.

2755 784 2943 840 Psclli.

2095 872 2196 928 His
2227 889 2456 944 sponsae
2488 871 2680 927 verbis
2725 873 2965 942 auditis,
3001 892 3256 948 sponsus
3287 877 3346 933 in
3379 880 3509 951 ejus
3549 883 3676 954 pul-

2022 963 2345 1020 chitudinis
2394 963 2598 1019 laudes
2646 964 2977 1020 excitatur:
3021 969 3169 1035 Ecce,
3220 968 3517 1041 inquiens,
3545 974 3677 1045 pul-

2021 1054 2162 1110 chra
2227 1070 2310 1123 es,
2377 1055 2696 1125 prapiuqua
2763 1069 2903 1109 mea.
2963 1056 3214 1114 Pulchra
3279 1061 3539 1131 profecto
3596 1079 3682 1134 es,

2023 1142 2233 1213 inquit,
2270 1142 2598 1214 propinqua
2631 1158 2782 1208 mea,
2817 1159 2948 1198 cum
2989 1144 3298 1203 hominum
3333 1157 3679 1208 cunctorum

2025 1231 2254 1287 animas
2286 1231 2537 1286 salutem
2571 1232 2808 1302 assequi
2842 1233 3067 1305 cupias.
3099 1235 3320 1294 Deinde
3345 1255 3478 1295 cum
3509 1241 3686 1298 vellet

2025 1320 2295 1393 singulas
2325 1323 2453 1392 ejus
2489 1325 2683 1392 partes
2713 1321 2978 1391 laudare,
3010 1326 3078 1380 ad
3116 1324 3329 1396 ipsam,
3362 1329 3680 1388 Ecclesiam

2028 1411 2332 1477 nimirum,
2393 1409 2686 1482 loquens:
2740 1411 2920 1479 Oculi,
2979 1413 3196 1486 inquit,
3257 1420 3343 1473 lui
3396 1421 3676 1478 columba.

2027 1499 2536 1564 Quemadmodum
2593 1499 2654 1554 in
2695 1499 2956 1558 hominis
2989 1520 3230 1576 corpore
3282 1507 3481 1564 multae
3542 1515 3684 1566 sunt

2029 1593 2248 1661 partes,
2295 1592 2360 1644 ut
2409 1589 2608 1660 pedes,
2643 1595 2699 1644 et
2748 1606 2981 1662 manus,
3015 1597 3070 1648 et
3121 1594 3319 1663 ubera,
3352 1602 3409 1652 et
3453 1605 3683 1670 pectus,

2030 1681 2087 1733 et
2149 1681 2415 1733 venter:
2475 1678 2559 1732 sic
2625 1677 2801 1735 etiam
2870 1686 3011 1736 sunt
3076 1681 3135 1737 in
3204 1690 3408 1742 sancto
3476 1687 3684 1744 divina;

2032 1764 2298 1821 Ecclesiae
2357 1782 2617 1837 corpore,
2663 1769 2832 1838 cujus
2890 1775 3066 1841 caput
3121 1777 3211 1826 est
3268 1773 3554 1847 Christus,
3586 1778 3687 1848 qui

2031 1857 2089 1908 et
2127 1869 2399 1924 Sponsus.
2431 1854 2515 1909 Ab
2564 1854 2750 1910 oculis
2805 1859 2979 1928 coepit
3025 1875 3300 1916 coronam
3352 1869 3680 1924 contexere.

1952 1919 1999 1983 B
2029 1944 2116 1998 Tu
2139 1919 2406 1999 Ecclesiae
2438 1949 2651 2002 sanctae
2673 1945 2873 2002 oculos
2894 1919 3166 2023 intellige
3186 1953 3402 2025 scripta
3433 1919 3687 2027 prop—he:-

2033 2038 2224 2089 tarum
2275 2035 2613 2091 acutissime
2663 2037 3042 2096 intuentium.
3077 2041 3221 2098 Cum
3276 2049 3474 2101 autem
3520 2046 3692 2103 vellet

2034 2124 2337 2182 interiores
2369 2125 2547 2197 hujus
2580 2127 2778 2183 oculos
2809 2129 3162 2202 collaudare,
3190 2133 3310 2191 haec
3340 2135 3519 2193 etiam
3550 2155 3688 2210 pro-

2032 2215 2169 2273 tulit
2197 2217 2394 2288 verba,
2423 2221 2490 2274 ut
2520 2217 2580 2273 in
2611 2219 2740 2291 ipsa
2769 2220 2920 2276 serie
2950 2224 3227 2294 reperies.

2106 2494 2310 2544 Przlcr
2335 2489 2627 2545 silentium
2655 2492 2832 2547 tuum.
2907 2501 2914 2504 ’

2105 2577 2340 2648 Oculos,
2390 2579 2606 2650 inquit,
2656 2583 2788 2636 tuos
2846 2581 3163 2640 exteriores
3220 2587 3626 2643 commendavi
3666 2605 3680 2644 :

2036 2667 2382 2723 interiorum
2412 2668 2570 2724 enim
2602 2658 2808 2725 laudes
2848 2670 3013 2728 nulla
3055 2676 3291 2745 assequi
3336 2681 3528 2748 potest
3558 2693 3688 2734 ora-

2035 2757 2140 2813 tio.

2621 2849 2812 2905 Trium
2848 2856 3101 2908 Patrum.

2110 2937 2314 3009 Itaque
2344 2954 2597 3008 sponsus
2627 2955 2754 2995 eam
2783 2943 2850 2994 ut
2879 2941 3156 2997 omnibus
3179 2943 3448 3014 partibus
3478 2945 3694 3002 formo-

2038 3043 2165 3082 sam
2213 3027 2545 3098 suscipiens
2579 3045 2591 3083 :
2627 3029 2780 3097 Ecce,
2815 3030 3028 3100 inquit,
3064 3033 3307 3101 pulchra
3355 3051 3431 3105 es,
3462 3039 3693 3106 propin-

2037 3133 2147 3188 qua
2174 3132 2322 3172 mea.
2357 3117 2606 3172 Pulchra
2635 3118 2894 3189 profecto
2916 3137 2998 3188 es,
3025 3136 3152 3191 quae
3185 3123 3327 3178 mihi
3360 3125 3695 3197 propinqua

2039 3223 2142 3278 per
2173 3204 2563 3262 imitationem
2589 3207 2827 3262 evasisti
2852 3225 2866 3263 :
2893 3224 3142 3281 quaeque
3163 3211 3692 3282 pulchritudinem,

2021 3311 2199 3366 quam
2231 3300 2468 3366 propter
2490 3294 2809 3367 imaginem
2837 3302 2894 3351 et
2916 3297 3372 3355 similitudinem
3407 3301 3686 3371 hausisti,

2038 3383 2262 3440 efﬁcaci
2292 3383 2624 3456 cognitione
2669 3384 3010 3441 cumulasti.
3045 3386 3190 3443 Ecce
3219 3388 3467 3460 pulchra
3495 3391 3694 3461 etiam,

2048 3473 2328 3545 quoniam
2360 3473 2432 3529 ad
2465 3473 2723 3544 reliquas
2771 3491 2974 3531 omnes
3005 3476 3251 3534 virtutes
3299 3482 3433 3536 tuas
3464 3480 3701 3536 humili-

2047 3567 2227 3618 tatem
2285 3563 2583 3636 adjungis.
2633 3567 2753 3619 Hoc
2807 3565 2991 3637 igitur
3042 3570 3210 3637 pacto
3264 3585 3398 3624 cum
3451 3586 3579 3625 eam
3638 3571 3700 3626 in

2047 3651 2390 3707 universum
2443 3651 2735 3721 laudarit,
2801 3671 2958 3710 nunc
3015 3655 3384 3728 singularum
3441 3658 3701 3730 partium

2047 3740 2251 3796 laudes
2298 3741 2692 3813 persequitur.
2729 3742 2903 3810 Oculi,
2937 3743 3235 3817 inquiens,
3267 3749 3356 3802 lui
3383 3748 3652 3804 columbae
3681 3767 3701 3803 :

2044 3832 2246 3902 praeter
2279 3831 2566 3885 silentium
2613 3839 2790 3890 tuum.
2823 3832 3008 3902 Oculi,
3042 3834 3141 3905 qui
3192 3839 3248 3890 et
3297 3852 3366 3892 ea
3411 3853 3539 3908 quae
3587 3837 3700 3894 sub

2041 3935 2286 3975 sensum
2317 3919 2536 3974 cadunt
2585 3919 2937 3991 percipiunt,
2970 3927 3027 3977 et
3073 3939 3140 3978 ea
3190 3940 3317 3994 quae
3351 3930 3544 3980 mente
3573 3925 3702 3982 sola

2042 4007 2479 4079 intelliguntur,
2513 4016 2576 4062 ut
2624 4009 2944 4079 spiritales,
2993 4012 3521 4083 comprehendunt.
3556 4014 3704 4079 Quia

2045 4114 2148 4167 per
2176 4097 2336 4168 ipsos
2367 4097 2567 4152 omnia
2597 4115 2723 4168 qua:
2749 4105 2946 4154 creata
2970 4105 3128 4166 sunt,
3155 4103 3333 4157 relers
3362 4103 3434 4158 ad
3468 4103 3701 4158 laudem

2047 4186 2356 4242 Creatoris.
2390 4186 2486 4242 Sic
2534 4192 2731 4243 autem
2763 4188 2916 4243 oculi
2951 4189 3048 4244 isti
3079 4190 3166 4245 tui
3215 4191 3510 4263 spiritales
3542 4198 3702 4264 sunt,

2049 4280 2258 4347 praeter
2316 4281 2481 4332 tuam
2530 4277 2598 4332 de
2651 4277 2766 4333 Deo
2823 4279 3288 4336 taciturnitatem
3323 4298 3336 4337 :
3370 4281 3494 4337 haec
3545 4283 3703 4338 enim

276 4366 468 4440 magis
498 4369 674 4425 etiam
705 4373 795 4426 est
824 4369 1138 4441 spiritalis;
1175 4385 1312 4424 nam
1343 4369 1403 4423 in
1435 4368 1658 4440 Spiritu
1707 4370 1932 4436 sancto,
1965 4365 2021 4421 id
2055 4366 2211 4438 quod
2243 4381 2476 4422 omnem
2525 4367 2929 4440 cognitionem
2981 4374 3244 4440 superat,
3297 4372 3604 4443 cognoscit
3632 4373 3705 4429 de

278 4461 394 4514 Deo
425 4473 636 4530 nempe
665 4459 824 4531 quod
866 4463 1123 4530 nequeat
1155 4456 1600 4529 comprehendi.

984 4570 1041 4617 Ψ
1043 4561 1232 4618 ελλοῦ.

351 4671 526 4725 Ταῦτα
559 4669 653 4744 μὶν
684 4667 774 4726 οὗν
808 4670 884 4735 ὡς
911 4671 1124 4746 γυναικὶ
1155 4667 1493 4745 προσομιλεῖ
1519 4672 1587 4743 τῇ
1619 4666 1830 4747 νύμφῃ.

284 4755 347 4814 Εἴ
380 4754 425 4811 δ’
454 4757 940 4834 ἀναγωγικώτερον
973 4757 1319 4835 ἐξερουνῆσαι
1348 4757 1546 4831 θέλεις,

281 4847 623 4923 Τριχώματα
653 4848 922 4928 πεφύκασι
950 4856 1049 4919 τῆς
1079 4847 1297 4926 νύμφης
1323 4848 1414 4903 καὶ
1446 4848 1734 4923 παρθένου,

283 4935 489 5008 Ἤγουν
523 4935 1024 5012 ἕγκαλλωπίσματα
1053 4944 1153 5008 τῆς
1177 4936 1322 5000 θείας
1351 4934 1698 5008 Ἐκκλησίας,

285 5024 356 5080 Τὸ
387 5023 599 5095 πλῆθος
631 5022 804 5091 ὅντως
825 5031 923 5082 τοῦ
955 5027 1092 5083 λαοῦ
1120 5033 1222 5097 τῆς
1250 5026 1302 5098 ἐξ
1334 5025 1500 5082 ἐθνῶν
1533 5024 1762 5102 ἀγέλης.

359 5111 610 5178 Ὀδόντες
658 5134 759 5174 σου
846 5115 920 5180 ὠς
1003 5113 1193 5193 ἀγέλαι
1279 5121 1386 5171 τῶν
1463 5116 1832 5191 κεκαρμένων,
1889 5114 1944 5168 αἱ

283 5197 670 5260 ἀναϐαίνουσαι
725 5204 832 5260 ἀπὸ
888 5209 985 5260 τοῦ
1035 5204 1292 5284 λουτροῦ,
1346 5207 1401 5261 αἱ
1459 5210 1625 5260 πᾶσαι
1685 5201 1943 5276 διδυμεύ-

203 5347 207 5350 .
283 5312 461 5363 ουσαι,
488 5293 579 5348 καὶ
605 5294 899 5350 ἀτεκνοῦσα
933 5293 1032 5349 οὐκ
1060 5289 1202 5349 ἔστιν
1237 5292 1290 5349 ἐν
1321 5293 1531 5356 αὐταῖς.

358 5378 616 5445 Ὀδόντας
646 5380 704 5437 δί.
737 5404 835 5456 μοι
860 5381 1093 5458 γίνωσκε
1118 5381 1246 5444 τοὺς
1281 5382 1458 5446 θείους
1486 5377 1874 5450 διδασκάλους,

287 5468 428 5532 Τοὺς
461 5471 860 5550 σαφηνίσαντας
891 5476 1031 5544 ἡμῖν
1063 5473 1282 5548 Γραφήν
1313 5472 1412 5540 τήν
1448 5464 1765 5542 σεϐασμίαν,

285 5560 422 5622 Τοὺς
454 5558 746 5638 φροντίδας
779 5559 978 5636 σαρκὸς
1011 5559 1556 5635 ὶναποκειραμὲνους,

290 5647 390 5702 Καὶ
421 5653 501 5722 τῷ
527 5652 630 5720 τῆς
670 5646 1032 5718 συνειδήσεως
1064 5645 1282 5726 λουτρῷ
1321 5648 1775 5723 κεκαθαρμένους.

293 5734 706 5815 Διδυμοτόκους
736 5737 962 5803 τούτὸυς
988 5735 1046 5794 δὲ
1070 5736 1237 5795 πάλιν
1263 5739 1292 5794 ὁ
1323 5736 1499 5816 λόγος¹
1521 5737 1686 5808 εἶπεν,

2780 4563 2971 4620 Pselli.

2124 4671 2252 4726 Haec
2280 4673 2564 4743 tanquam
2589 4686 2724 4726 cum
2759 4670 3001 4727 muliere
3021 4688 3157 4727 cum
3190 4689 3410 4746 sponsa
3439 4672 3702 4745 loquiur.

2049 4759 2213 4823 Quod
2261 4759 2311 4815 si
2359 4759 2446 4815 vis
2494 4759 2674 4815 altius
2708 4775 2831 4815 rem
2882 4760 3164 4833 indagare
3198 4779 3212 4817 :
3246 4777 3428 4817 comae
3475 4778 3704 4831 sponsae

2048 4848 2318 4919 virginis,
2367 4848 2477 4905 hoc
2525 4853 2614 4904 est
2661 4848 2870 4904 divinae
2917 4849 3190 4906 Ecclesiae
3238 4855 3608 4919 ornamenta,
3640 4865 3709 4906 ex

1971 4967 2019 5033 D
2050 4936 2314 5010 gentium
2346 4952 2522 5010 grege
2553 4941 2645 4993 est
2675 4937 3015 4994 multitudo.

2125 5114 2318 5170 Dentes
2346 5115 2437 5170 tui
2461 5115 2606 5171 sicut
2649 5130 2836 5188 greges
2865 5119 3158 5174 lonsarum
3185 5134 3315 5191 quae
3343 5118 3712 5175 ascenderunt

2053 5219 2123 5258 ea:
2151 5204 2390 5274 lavacro,
2422 5220 2606 5261 omnes
2635 5206 2886 5273 gemellis
2913 5208 3142 5278 fetibus,
3173 5217 3226 5265 et
3250 5210 3459 5266 sterilis
3489 5225 3600 5266 non
3628 5215 3713 5265 est

2057 5296 2200 5349 inter
2227 5309 2341 5349 eas.

2128 5387 2341 5439 Dentes
2382 5382 2527 5438 mihi
2577 5381 2892 5456 intelligito
2924 5385 3156 5443 divinos
3201 5387 3470 5444 doctores
3518 5403 3714 5444 sacro-

2056 5475 2322 5527 sanctam
2355 5474 2525 5528 nobis
2568 5474 2930 5545 Scripturam
2962 5475 3445 5548 interpretantes,
3478 5477 3578 5550 qui
3612 5479 3716 5533 de-

2059 5561 2248 5616 tonsis
2289 5562 2636 5633 rejectisque
2685 5562 2877 5618 carnis
2927 5564 3452 5634 sollicitudinibus,
3485 5570 3543 5622 et
3572 5582 3714 5622 con-

2057 5649 2318 5705 scientiae
2368 5651 2597 5706 lavacro
2639 5652 2929 5723 mundati,
2965 5658 3088 5708 tum
3140 5656 3350 5711 anima
3403 5661 3530 5712 tum
3582 5673 3711 5710 cur;

2058 5741 2220 5813 poris
2266 5740 2585 5814 puritatem
2620 5740 2788 5813 quasi
2837 5741 3117 5815 gemellos
3167 5744 3323 5802 fetus
3371 5744 3588 5800 habere
3617 5742 3710 5801 di-
