4110 6392
424 327 534 386 6H

1762 322 2187 384 MlCllAELIS
2231 324 2505 385 PSELLI

3728 323 3852 385 612

416 461 647 514 cuntur.
679 457 837 514 Sicut
881 457 1167 530 funiculus
1209 458 1492 514 coccineus
1544 457 1693 513 labia
1741 463 1855 527 tua,
1886 460 1936 512 et
1965 456 2063 512 elo-

2189 455 2275 516 Ὠς
2305 454 2394 509 καὶ
2444 457 2629 530 ψυχῆς
2682 455 2770 510 καὶ
2831 456 3088 528 σώματος
3142 455 3325 517 καλῶς
3378 455 3850 531 καθηγνισμένους

415 548 608 619 quium
657 556 816 604 tuum
859 549 1140 604 decorum.
1173 549 1409 620 Sponsae
1461 547 1618 602 labia
1666 564 1872 603 rursus
1923 562 2083 602 com-

420 638 681 692 mendat.
723 641 804 692 Tu
856 653 990 693 vero
1049 654 1154 709 per
1212 637 1566 706 funiculum,
1620 637 1838 692 silentii
1887 635 2080 691 dotem

421 727 621 798 accipe
670 745 683 783 :
745 743 848 798 per
901 726 1207 798 eloquium
1260 743 1394 782 vero
1452 727 1758 794 decorum,
1819 725 2078 780 divinam

419 815 919 887 praedicationem.
951 816 1103 870 Tum
1158 815 1349 887 gratia
1377 815 1801 871 taciturnitatis
1846 815 1953 879 sic,
1985 814 2080 868 in-

419 904 572 976 quit,
597 903 856 974 excellis,
883 909 948 958 ut
977 902 1127 958 nihil
1162 904 1550 974 superfluum,
1580 902 1726 958 nihil
1756 903 2080 958 absurdum

416 993 644 1048 excidat
675 1009 705 1048 e
735 992 909 1048 labiis
956 991 1097 1048 tuis.
1131 993 1189 1048 Si
1225 992 1366 1065 quid
1419 992 1577 1048 enim
1629 991 1947 1064 aliquando
1995 991 2082 1047 vis

413 1081 576 1154 loqui
609 1099 737 1154 quae
784 1083 854 1137 ad
904 1081 1034 1137 fidei
1069 1080 1602 1153 promulgationem
1635 1080 2083 1151 doctrinamque

417 1171 742 1243 pertinent,
811 1170 1092 1242 loqueris.
1152 1171 1283 1226 Ecce
1336 1169 1571 1241 pulchra
1629 1187 1705 1238 es,
1763 1172 2080 1243 propinqua

415 1277 562 1328 mea,
594 1277 711 1317 ecce
756 1261 995 1332 pulchra
1042 1275 1116 1315 es.
1154 1258 1459 1315 Geminam
1516 1259 1609 1314 hic
1661 1275 1894 1332 quoque
1943 1275 2078 1330 pro-

413 1349 549 1406 tulit
611 1349 847 1406 laudem
907 1348 1388 1422 pulchritudinis.
1442 1349 1622 1404 Genis
1674 1349 1832 1405 enim
1881 1348 2078 1405 vultus

415 1442 545 1511 ejus
575 1456 609 1494 a
640 1456 935 1512 purpureo
969 1440 1268 1494 modestia:
1302 1439 1510 1494 decore
1541 1438 1916 1508 collaudatis,
1947 1439 2079 1494 ani-

415 1547 526 1586 mae
582 1547 816 1602 quoque
876 1532 1253 1586 commendat
1299 1529 1824 1601 pulchritudinem,
1866 1533 1942 1586 Ut
1989 1535 2076 1586 ta-

412 1637 595 1689 ceam,
647 1620 946 1690 inquiens,
1000 1618 1223 1676 silentii
1273 1620 1454 1674 decus
1505 1619 1717 1675 animae
1768 1625 1904 1674 tum.
1948 1619 2078 1674 Haec

411 1709 568 1764 enim
609 1708 975 1765 extrinsecus
1007 1708 1247 1780 quidem
1287 1709 1625 1779 jucundum
1673 1707 2078 1782 spectaculum

411 1799 694 1870 praebent,
726 1798 886 1856 intus
931 1804 1128 1856 autem
1163 1798 1564 1870 przsstantiam
1621 1798 1925 1855 continent
1953 1797 2076 1854 sin-

411 1887 704 1961 gularem.

481 2065 660 2122 Comes
698 2070 808 2121 tum
854 2066 998 2121 sicut
1043 2082 1229 2139 greges
1276 2082 1598 2139 caprarum,
1649 2083 1769 2138 quae
1814 2067 2071 2123 revelata

404 2163 533 2211 sunt
561 2171 630 2212 ex
661 2155 895 2212 Galaad.

998 2263 1185 2318 Trium
1223 2265 1477 2320 Patrum.

474 2368 870 2442 Cogitationes
928 2371 1156 2427 scilicet
1212 2375 1357 2436 tuae,
1417 2387 1544 2442 quae
1603 2370 1676 2425 ad
1737 2370 2070 2440 actionem;

403 2457 623 2530 quique
663 2458 722 2514 in
773 2459 986 2531 spiritu
1038 2461 1111 2515 ad
1161 2459 1722 2530 contemplationem
1773 2459 2070 2530 pertinent

401 2563 728 2617 sermones,
759 2553 818 2605 et
866 2565 1065 2605 rerum
1121 2549 1459 2604 divinarum
1493 2564 1620 2620 quas
1671 2547 2064 2619 cognitionem

408 2642 714 2709 superant,
749 2638 948 2693 studia
977 2655 1046 2694 ex
1077 2642 1275 2692 mente
1307 2641 1409 2692 tua
1433 2636 1522 2709 (ut
1551 2654 1621 2692 ex
1649 2635 1837 2707 capite
1863 2636 2068 2706 comae)

403 2725 748 2798 spiritaliter
795 2727 995 2782 omnia
1048 2732 1423 2781 nascuntur:
1477 2732 1535 2780 et
1581 2727 1653 2780 ad
1708 2743 1774 2780 ea
1826 2741 1954 2797 quae
2004 2725 2064 2780 in

405 2831 580 2872 carne
613 2816 952 2887 mundoque
998 2821 1158 2880 sunt,
1191 2832 1368 2870 sensu
1420 2820 1639 2881 carent,
1677 2815 1756 2869 uti
1790 2814 2063 2869 ﬂorentes

406 2921 717 2975 caprarum
751 2905 874 2976 pili,
908 2923 1034 2976 quas
1068 2904 1331 2960 revelata:
1365 2909 1503 2961 sunt
1532 2921 1600 2960 ex
1632 2909 1829 2959 monte
1861 2902 2064 2959 invisi-

399 2993 501 3047 bili
526 2993 740 3048 Galaad
769 3011 781 3061 ;
809 3010 934 3064 quas
969 2994 1250 3049 nimirum
1280 3000 1508 3050 retectrc
1539 2998 1680 3049 sunt
1706 3010 1774 3048 ex
1805 2993 2063 3048 tenebris

398 3081 636 3138 malitias
666 3089 722 3138 et
755 3083 1100 3155 ignorantiae
1151 3089 1209 3140 et
1251 3083 1598 3155 impietatis,
1632 3099 1701 3138 ex
1731 3083 1950 3154 quibus
1983 3082 2056 3138 ad

2191 545 2276 606 Ὠς
2350 545 2609 621 σπαρτίον
2677 544 2924 599 κόκκινον
3011 542 3178 621 χείλη
3241 565 3360 614 σου,
3417 545 3506 600 καὶ
3568 547 3603 614 ἡ
3680 543 3852 600 λαλιά

3430 637 3546 708 [σου
3579 634 3772 709 ὡραία.

2191 723 2278 779 Ἐν
2307 723 2522 784 τούτοις
2550 723 2716 779 πάλιν
2750 723 2960 778 ἐπαινεῖ
2987 723 3054 778 τὰ
3081 721 3248 799 χείλη
3287 723 3380 796 μὲν
3409 729 3512 793 τῆς
3531 722 3774 802 νύμφης.

2192 812 2266 866 Συ
2301 809 2358 866 δὲ
2389 812 2649 888 σπαρτίον
2677 813 2905 887 γίνωσκε
2925 820 3024 882 τῆς
3058 815 3383 883 σιωπήσεως
3411 813 3470 866 τὸ
3513 814 3700 888 μέρος,

2188 903 2294 970 Την
2329 897 2375 955 δ’
2405 901 2468 955 αὗ
2501 901 2701 972 ὡραίαν
2738 900 2933 956 λαλιάν
2961 903 3022 956 τὸ
3053 904 3314 977 κήρυγμα
3350 902 3412 956 τὸ
3443 903 3610 958 Θεῖον.

2191 990 2335 1059 Φησὶ
2367 1012 2491 1066 γαρ·
2521 991 2596 1044 Σὺ
2627 993 2994 1065 κατώρθωσας
3022 995 3122 1056 τῆς
3155 997 3369 1061 σιωπῆς
3395 992 3494 1060 τὴν
3524 993 3713 1067 χάριν,

2191 1075 2370 1147 Μηδὲν
2398 1077 2644 1134 λαλοῦσα
2673 1081 2950 1156 περιττὸν,
2987 1078 3129 1153 μηδὲ
3155 1078 3594 1152 πεπλανημένον·

2189 1167 2254 1224 Ei
2284 1168 2384 1243 γὰρ
2410 1166 2656 1238 θελήσεις
2686 1168 2910 1224 πώποτε
2943 1167 3183 1239 λαλῆσαι
3215 1169 3302 1223 καὶ
3332 1176 3603 1246 φωνῆσαι,

2187 1257 2257 1310 Τὸ
2289 1259 2544 1334 κηρυγμα
2575 1265 2676 1326 τῆς
2705 1258 2938 1320 πίστεως
2967 1257 3254 1333 κηρύττεις
3285 1259 3371 1312 καὶ
3409 1255 3702 1319 διδάσκεις.

2189 1341 2330 1402 Ἰδοὺ
2360 1345 2406 1400 εἷ’
2428 1345 2595 1419 καλὴ,
2626 1349 2660 1416 ἡ
2696 1346 2937 1418 πλησίον
2974 1368 3100 1420 μου,
3128 1345 3246 1401 ἰδοὺ
3281 1345 3334 1401 εἷ’
3356 1345 3524 1418 καλή.

2189 1433 2425 1490 Διπλοῦν
2458 1437 2729 1490 κάνταῦθα
2771 1433 2972 1491 δέδωκε
3002 1436 3094 1490 τὸν
3123 1433 3341 1490 ἔπαινον
3384 1439 3485 1490 τοῦ
3511 1433 3774 1504 κάλλους,

2186 1524 2256 1578 Τὸ
2285 1529 2380 1578 τοῦ
2411 1527 2711 1602 προσώπου
2744 1525 2845 1601 γὰρ
2884 1525 3050 1595 αὐτῆς
3091 1530 3185 1579 νῦν
3218 1524 3497 1588 ἐπαινέσας
3533 1526 3736 1599 μῆλον,

2185 1614 2272 1675 Ὠς
2297 1612 2507 1690 πλῆρες
2541 1614 2884 1689 ἐρυθήματος
2915 1614 3005 1669 καῖ
3051 1614 3406 1692 σωφροσύνης
3437 1615 3629 1691 γέμον,

2187 1704 2449 1778 Ἐπῄνεσε
2479 1705 2563 1758 καί
2599 1712 2697 1774 τῆς
2731 1709 2918 1780 ψυχῆς
2950 1705 3012 1759 τὸ
3045 1702 3273 1774 κάλλος,
3311 1703 3486 1780 λέγων
3520 1703 3718 1767 οὕτως’

2187 1793 2370 1854 Ἐκτὸς
2401 1800 2499 1862 τῆς
2530 1797 2851 1865 σιωπησεως
2883 1798 2978 1848 τοῦ
3009 1791 3251 1855 κάλλους
3277 1801 3376 1863 τῆς
3409 1797 3594 1870 ψυχῆς
3625 1814 3744 1852 σου.

2183 1887 2358 1936 Ταῦτα
2391 1885 2488 1955 μὲν
2521 1881 2612 1936 οὖν
2647 1881 2913 1956 ἐρωτικὴν
2948 1881 3138 1952 ἔξωθεν
3175 1881 3289 1957 ἔχει
3322 1883 3469 1951 θέαν,

2185 1969 2338 2028 Ἀλλ’
2371 1970 2521 2026 ἔνδον
2561 1970 2998 2046 μεγαλοπρεπεῖς
3027 1972 3122 2033 τάς
3156 1966 3440 2034 ἀναϐάσεις
3486 1971 3624 2048 ἔχει.

2250 2061 2640 2137 Τρίχωμάσου,
2699 2060 2774 2123 ὡς
2831 2057 3026 2134 ἀγέλαι
3077 2065 3186 2115 τῶν
3262 2061 3459 2138 αἰγῶν,
3515 2061 3570 2116 αἳ
3645 2061 3850 2117 ἀπεκα-

2181 2148 2460 2228 λύφοησαν
2495 2149 2599 2205 ἀπὸ
2629 2153 2726 2205 τοῦ
2759 2147 2998 2206 Γαλαὰδ.

2748 2259 2868 2314 Τῶν
2901 2259 2948 2333 γ’
2986 2258 3260 2332 Ματέρων.

2252 2366 2508 2436 Ἢτοι,οἱ
2539 2365 2830 2440 πρακτικοί
2883 2385 2981 2420 σου
3040 2363 3331 2440 λογισμοὶ,
3361 2364 3450 2420 καὶ
3513 2365 3565 2420 οἱ
3624 2377 3843 2442 θεωρη-

2175 2453 2323 2509 τικοί
2381 2454 2431 2509 ἐν
2489 2455 2755 2527 πνεύματι
2811 2450 3106 2530 λόγοι,καὶ
3165 2455 3480 2531 θεολογικαὶ
3537 2460 3645 2510 τῶν
3707 2457 3843 2531 ὑπὲρ

2177 2545 2364 2612 νόησιν
2398 2544 2692 2618 ἀγνώστων
2725 2541 3018 2620 δογμάτων
3058 2541 3338 2611 ἐπιϐολαὶ,
3372 2546 3579 2600 ἅπαντα
3635 2543 3695 2601 ἐκ
3739 2550 3842 2602 τοῦ

2178 2633 2302 2693 νοός
2350 2653 2446 2686 σου
2479 2630 2684 2706 (οἴαδή
2743 2633 2989 2710 κεφαλῆς
3048 2635 3311 2706 κομώσης
3357 2635 3497 2708 Θρὶξ)
3553 2655 3847 2708 πνευματι-

2175 2727 2286 2785 κῶς
2318 2721 2560 2796 φύονται·
2595 2723 2684 2776 καὶ
2724 2723 2859 2792 πρὸς
2888 2724 2954 2777 τὰ
2985 2722 3036 2777 ἐν
3090 2723 3247 2799 σαρκὶ
3291 2723 3384 2778 καὶ
3439 2723 3630 2796 κόσμῳ
3685 2723 3840 2779 ἀναι-

2174 2813 2430 2880 σθητοῦσι
2485 2808 2641 2881 δίκην
2676 2811 2941 2875 εὐθαλοῦς
2972 2813 3329 2885 τριχώματος
3389 2811 3585 2888 αἰγῶν,
3617 2812 3830 2868 ἀποκα-

2173 2899 2533 2973 λυπτομένων
2590 2901 2641 2972 ἐξ
2701 2898 2862 2976 ὅρους
2912 2900 3158 2956 ἀπόπτου
3194 2899 3405 2956 Γαλαὰδ
3455 2901 3834 2976 καλουμένου,

2170 2991 2258 3045 καὶ
2317 2989 2814 3064 ἀποκεκαλυμμὲνα
2868 2989 3000 3045 εἰσὶν
3055 2991 3160 3046 ἀπὸ
3219 2991 3445 3053 σκότους
3494 2991 3682 3054 κακίας
3734 2992 3832 3047 καὶ

2166 3079 2386 3154 ἀγνοίας
2433 3079 2523 3134 καὶ
2571 3079 2774 3148 ἀθείας,
2825 3078 2900 3143 ὠς
2951 3078 3010 3135 ἐκ
3064 3079 3270 3134 τούτων
3333 3079 3409 3142 εἰς
3478 3079 3674 3156 ἀρετὴν
3725 3087 3826 3136 καί

395 3171 697 3227 veritatem
730 3177 788 3227 et
817 3172 1124 3228 scientiam
1158 3178 1215 3228 et
1245 3172 1521 3244 pietatem
1555 3171 1725 3242 quasi
1758 3172 2054 3243 demigra—

2184 3173 2363 3242 (νῶσιν
2450 3169 2540 3224 καὶ
2620 3164 2924 3223 Θεοσέϐειαν
3007 3171 3416 3242 μετοικισθέντα
3499 3169 3646 3246 παρᾶ
3722 3174 3824 3225 τοῦ

2501 3258 2509 3274 .
2720 3264 2740 3272 -
2965 3262 2986 3274 .
3086 3259 3099 3274 ε
3192 3257 3272 3274 ,η
3470 3256 3494 3274 ρ.
3717 3261 3728 3274 .

391 3264 549 3326 runt,
587 3277 688 3332 per
718 3261 1097 3333 Evangelium
1131 3263 1284 3334 quod
1338 3261 1609 3317 ﬁdelibus
1659 3262 1925 3317 futurum
1951 3263 2048 3332 ju-

388 3348 611 3405 dicium
671 3355 1008 3407 attestatur.
1042 3351 1261 3407 Galaad
1316 3350 1474 3406 enim
1525 3351 1574 3405 si
1625 3350 2052 3422 interpreteris,

391 3437 716 3493 testimonii
749 3438 1048 3510 significat
1084 3439 1517 3512 migrationem.

459 3525 652 3582 Dentes
683 3528 766 3582 tui
796 3530 935 3582 sicut
963 3544 1154 3598 greges
1194 3535 1497 3594 tonsarum,
1532 3544 1651 3599 quae
1695 3527 2056 3592 ascenderunt

389 3613 453 3670 de
485 3615 710 3682 Galaad,
743 3631 932 3672 omnes
973 3616 1221 3688 gemellis
1256 3619 1484 3688 fetibus,
1515 3626 1568 3674 et
1595 3618 1808 3674 sterilis
1835 3633 1947 3674 non
1976 3625 2059 3673 est

392 3705 538 3758 inter
565 3720 678 3759 eas.

465 3792 876 3850 Meditationes
909 3798 1021 3849 tua;
1055 3795 1274 3867 quibus
1305 3799 1588 3866 tanquam
1621 3795 1898 3851 dentibus
1928 3796 2056 3868 qui-

391 3881 644 3938 busdam
703 3900 984 3956 corporea
1041 3885 1190 3957 legis
1237 3889 1366 3941 tum
1418 3886 1649 3958 scriptis
1698 3889 1826 3941 tum
1877 3891 2051 3942 natu-

388 3969 530 4028 ralis
585 3973 918 4030 crassitudo
970 3974 1029 4029 in
1079 3991 1248 4031 veros
1305 3991 1520 4032 sensus
1579 3980 1950 4042 extenuatur,
1995 3978 2054 4030 et

385 4062 458 4116 ad
518 4078 686 4118 seum
745 4063 1075 4134 spiritalem
1133 4064 1346 4120 idonea
1408 4064 1694 4129 redditur,
1737 4080 2049 4136 caprarum

384 4154 694 4206 tonsarum
726 4151 934 4218 instar,
973 4151 1140 4207 falsis
1183 4152 1466 4208 omnibus
1513 4152 1892 4224 opinionibus
1919 4171 2051 4208 am-

387 4238 611 4308 putatis
662 4240 1036 4310 rejectisque,
1068 4240 1226 4295 circa
1253 4240 1558 4296 veritatem
1602 4240 1788 4296 solam
1836 4241 2051 4298 immo-

387 4329 596 4380 rantur
629 4344 641 4382 :
675 4335 732 4382 et
775 4328 947 4398 quasi
998 4327 1228 4384 lavacro
1262 4336 1544 4400 purgatis,
1575 4347 1610 4385 a
1638 4329 1886 4386 terrenis
1916 4329 2048 4386 istis

391 4417 568 4484 atque
599 4415 939 4471 carnalibus
984 4415 1270 4472 sublimes
1303 4418 1374 4472 ad
1409 4417 1693 4489 spiritalia
1727 4424 1903 4490 atque
1933 4435 2045 4474 cce-

387 4501 562 4558 lestia
615 4505 1104 4560 conscenderunt.
1140 4506 1474 4578 Omnesque
1523 4523 1626 4578 per
1674 4507 2046 4580 supradictas

2167 3258 2613 3332 μαρτυρουμένου
2652 3264 2768 3320 τοῖς
2799 3262 3012 3319 πιστοῖς
3042 3259 3109 3312 τὰ
3143 3257 3419 3330 μέλλοντα
3465 3256 3829 3334 δικαιωτήριι

2162 3346 2516 3422 Εὐαγγελίου,
2544 3349 2674 3421 ὅπερ
2709 3345 2876 3417 δηλοῖ
2922 3348 2984 3401 τὸ
3016 3345 3256 3419 Γαλαὰδ,
3307 3349 3566 3422 μετοὶκία
3621 3369 3826 3424 μαρτυ-

2163 3455 2191 3510 ρ
2204 3435 2282 3498 ίας
2313 3436 2773 3510 ἑρμηνευόμενον.

2236 3522 2485 3586 Ὀδόντες
2558 3545 2655 3578 σου
2735 3524 2808 3586 ώς
2887 3524 3079 3600 ἀγέλαι
3159 3529 3267 3579 τῶν
3333 3527 3698 3599 κεκαρμὲνων,
3767 3527 3827 3580 αἳ

2164 3608 2428 3683 ἀνέϐησαν
2503 3612 2608 3668 ἀπὸ
2687 3619 2785 3669 τοῦ
2847 3613 3102 3690 λουτροῦ,
3163 3615 3216 3668 αἱ
3265 3620 3428 3668 πᾶσαι
3492 3612 3814 3689 διδυμεύου-

2161 3723 2268 3772 σαι,
2302 3702 2388 3757 καὶ
2423 3703 2714 3757 ἀτεκνοῦσα
2745 3703 2844 3757 οὐκ
2875 3699 3016 3758 ἔστιν
3051 3702 3102 3758 ἰν
3137 3702 3346 3765 αὐταῖς.

2232 3793 2456 3866 ’Ήγουν,
2499 3793 2552 3846 αἱ
2620 3789 2926 3863 διανοήσεις
2982 3814 3102 3859 σου,
3165 3790 3235 3848 δι’
3283 3793 3356 3848 ὧν
3416 3793 3596 3866 ὥσπερ
3655 3795 3818 3849 τινῶν

2163 3879 2398 3936 ὀδόντων
2423 3881 2486 3936 τὸ
2518 3883 2830 3955 σωματικὸν
2864 3884 3044 3957 πάχος
3073 3886 3171 3937 τοῦ
3224 3887 3470 3957 γραπτοῦ
3516 3883 3691 3957 νόμου
3727 3884 3820 3940 καὶ

2158 3975 2256 4024 τοῦ
2287 3975 2517 4047 φυσικοῦ
2550 3971 2867 4027 λεπτύνεται
2899 3971 2978 4036 εἷς
3010 3971 3192 4042 ἀληθῆ
3227 3974 3502 4044 νοήματα,
3535 3972 3628 4027 καὶ
3681 3972 3822 4048 πρὸς

2166 4060 2366 4135 βρῶσιν
2427 4063 2800 4134 πνευματικὴν
2858 4058 3168 4130 ἐπισήδειον
3227 4061 3450 4134 γίνεται,
3513 4059 3673 4132 δίκην
3731 4082 3824 4116 κει

2158 4150 2444 4222 καρμὲνων
2475 4147 2688 4224 ἀγελῶν
2721 4156 2894 4204 πᾶσαν
2950 4144 3160 4204 ἔννοιαν
3210 4148 3382 4225 ψευδῆ
3433 4150 3820 4226 περιῄρηνται,

2159 4237 2282 4308 περὶ
2345 4239 2516 4309 μόνην
2571 4237 3061 4312 συναγελαζόμεναι
3119 4240 3218 4308 τὴν
3277 4238 3559 4310 ἀλήθειαν.
3608 4241 3679 4298 Αἳ
3731 4241 3834 4296 καὶ

2158 4321 2422 4395 ἀνέϐησαν
2461 4327 2758 4400 ὑψωθεῖσαι
2804 4328 2942 4400 πρὸς
2993 4326 3061 4380 τὰ
3117 4327 3458 4401 πνευματικά
3513 4326 3602 4383 καὶ
3661 4326 3825 4402 οὖρά-

2157 4435 2247 4468 νια
2301 4413 2361 4469 ἐκ
2417 4419 2520 4468 τῶν
2585 4413 2795 4490 γηίνων
2853 4417 2943 4470 καὶ
2997 4420 3265 4491 σαρκικῶν
3319 4417 3552 4489 τούτων,
3584 4415 3660 4479 ὠς
3713 4417 3833 4472 ἀπὸ

2159 4501 2395 4578 λουτροῦ
2445 4505 2876 4578 καθαρεύουσαι·
2911 4505 3000 4559 καὶ
3052 4511 3218 4560 πᾶσαι
3279 4503 3367 4560 διὰ
3423 4511 3531 4561 τῶν
3592 4505 3826 4582 εἴρημέ-

388 4590 548 4664 leges
577 4592 849 4664 geminos
879 4592 1161 4649 virtutum
1192 4595 1343 4651 fetus
1368 4600 1492 4650 tum
1525 4596 1699 4652 dictis
1731 4579 1857 4651 tum
1892 4595 2057 4652 faelis

2184 4614 2269 4646 νων
2328 4593 2514 4666 νόμων
2577 4591 3036 4668 διδυμοτοκοῦσαι
3091 4593 3220 4658 τοὺς
3277 4591 3503 4669 λόγους,
3550 4579 3654 4650 καὶ-
3695 4593 3826 4658 τοὺς

388 4681 593 4737 edunt.
629 4681 697 4736 Et
728 4683 950 4739 sterilis
999 4688 1170 4754 atque
1217 4685 1449 4741 inutilis
1499 4686 1774 4757 cogitatio
1816 4702 1932 4741 non
1963 4691 2055 4742 est

389 4784 449 4824 In
483 4785 591 4825 618.

461 4857 614 4915 Sicut
653 4861 943 4930 funiculus
991 4864 1270 4920 coccineus
1323 4863 1477 4920 labia
1522 4873 1638 4935 tua,
1673 4871 1726 4920 et
1773 4865 2052 4936 eloquium

388 4949 547 5002 tuum
575 4948 854 5005 decorum.

458 5036 673 5093 Verum
709 5056 1068 5112 sermonem,
1103 5042 1290 5098 instar
1316 5040 1563 5098 funiculi
1589 5041 1843 5098 dimensi
1876 5047 2052 5115 atque

388 5125 630 5194 coccini,
666 5135 944 5200 promunt
975 5131 1138 5187 labra
1168 5137 1289 5188 tua.
1320 5131 1715 5196 Quamobrem
1747 5132 2048 5205 eloquium

387 5219 558 5270 tuum
591 5219 830 5275 omnino
862 5222 1136 5276 decorum
1174 5227 1282 5277 est.

459 5304 613 5360 Sicut
641 5312 834 5364 cortex
869 5311 1016 5367 mali
1060 5313 1258 5383 punici
1285 5327 1446 5384 gena?
1497 5319 1631 5382 tuae,
1663 5317 1828 5368 extra
1875 5312 2049 5368 silen-

387 5395 529 5449 tium
561 5399 740 5451 tuum.

457 5483 668 5539 Cortici
719 5486 943 5544 scilicet
994 5488 1134 5544 mali
1180 5489 1380 5560 punici
1426 5488 1652 5546 similes
1703 5496 1842 5546 sunt
1890 5505 2049 5562 genae

383 5573 518 5642 tuas,
541 5577 609 5628 ut
638 5576 966 5633 severitatis
1009 5581 1275 5634 amantes
1309 5582 1485 5650 atque
1533 5580 1606 5634 ab
1661 5578 1824 5634 omni
1853 5578 2047 5635 disso-

384 5658 609 5718 lutione
632 5669 891 5734 remotae,
911 5666 1146 5739 quando
1168 5666 1343 5722 etiam
1369 5684 1484 5722 non
1509 5671 1687 5726 taces.
1709 5668 1867 5738 Licct
1888 5668 2046 5724 enim

2161 4681 2398 4757 τρόπους
2443 4686 2552 4736 τῶν
2601 4682 2807 4757 ἀρετῶν
2841 4685 3122 4758 ’Ἀκαρπος
3174 4682 3265 4738 καὶ
3325 4682 3613 4762 ἀνωφελὴς
3646 4683 3826 4740 ἔννοια

2165 4771 2264 4825 οὐκ
2289 4771 2430 4826 ἔστιν
2465 4771 2516 4825 ἐν
2546 4771 2757 4834 αὐταῖς.

2233 4862 2323 4922 Ὡς
2383 4861 2641 4936 σπαρτίον
2689 4862 2942 4916 κόκκινον
3016 4860 3180 4938 χείλη
3239 4883 3356 4932 σου,
3414 4861 3504 4918 καὶ
3558 4863 3592 4934 ἠ
3653 4860 3830 4920 λαλιά

2163 4971 2258 5004 σου
2286 4949 2480 5023 ὡραία.

2235 5038 2504 5109 Δηλονότι
2547 5043 2636 5096 οἷα
2680 5042 2773 5113 μὶν
2826 5039 3086 5115 σπαρτίον
3138 5041 3575 5116 μεμετρημένον,
3625 5043 3716 5098 οἷα
3767 5039 3826 5098 δὲ

2160 5128 2412 5184 κόκκινον
2448 5129 2629 5200 ἀληθῆ
2679 5131 2770 5184 τὸν
2820 5129 2987 5203 λόγον
3038 5131 3404 5206 προφέροντα,
3437 5131 3498 5185 οὗ
3553 5132 3588 5202 ἠ
3651 5129 3824 5187 λαλιὰ

2160 5217 2378 5281 πάντως
2407 5219 2441 5287 ἡ
2473 5217 2730 5296 προφορά
2761 5215 2850 5272 διὰ
2877 5221 3044 5272 ταῦτα
3076 5217 3363 5292 ὠράϊσται.

2233 5307 2320 5368 Ὡς
2371 5305 2605 5383 λὲπυρον
2671 5306 2799 5382 ῥοᾶς
2856 5303 3037 5378 μῆλόν
3099 5327 3196 5361 σου
3249 5307 3401 5371 ἐκτὸς
3458 5316 3558 5380 τῆς
3609 5309 3822 5380 σιωπή·

2159 5396 2294 5458 σεώς
2323 5417 2440 5450 σου.

2232 5483 2456 5554 Δηλαδή
2497 5485 2584 5539 οἷα
2615 5483 2848 5558 λέπυρον
2881 5483 3008 5560 ῥοᾶς
3068 5483 3358 5562 στύφουσα)
3420 5485 3552 5540 εἰσιν
3597 5487 3653 5541 αἱ
3709 5506 3817 5541 πα-

2158 5573 2298 5648 ρειαί
2323 5593 2439 5628 σου·
2475 5572 2566 5629 διὰ
2592 5575 2655 5629 τὸ
2700 5572 2921 5650 στυγνόν
2952 5593 3010 5628 τε
3065 5573 3158 5628 καὶ
3213 5571 3531 5650 ἀδιάχυτον,
3571 5575 3658 5630 καὶ
3723 5573 3816 5630 ὅτι

2161 5664 2238 5740 μὴ
2269 5668 2501 5737 σιωπᾷς.
2533 5664 2598 5723 Ei
2622 5663 2723 5744 γὰρ
2767 5662 2859 5719 καὶ
2905 5667 3027 5728 ταῖς
3074 5661 3322 5738 ὁμιλίαις
3375 5663 3535 5728 εἴωθε
3591 5661 3811 5720 πολλά-
