4110 6386
319 299 443 360 613
1368 296 1780 360 COMMENT.
1826 297 1906 358 IN
1949 297 2347 363 CANTICUM
2395 303 2707 367 CANTIC.
3630 311 3749 372 6M

317 452 410 495 κις
443 431 507 486 τὸ
559 429 748 507 χαρίεν
799 429 1154 505 ἐπιγινεσθαι,
1209 427 1356 484 ἀλλᾶ
1404 428 1468 484 σὺ
1529 427 1618 484 διὰ
1672 430 1734 485 τὸ
1780 428 1869 484 καὶ
1920 429 2013 502 έν,

2123 449 2149 487 n
2181 437 2600 508 congressibus
2634 440 2975 513 mutuisque
3008 443 3384 500 sermonibus
3407 443 3757 515 jucunditas

317 523 541 586 ταύταις
576 521 1035 595 συνεσταλμένον,
1065 521 1129 575 τὸ
1160 517 1556 596 διακεχυμένον
1589 522 1837 595 κράζεις.

2123 539 2291 579 nesse
2337 525 2545 594 soleat,
2577 532 2641 584 tu
2672 533 2871 586 tamen
2915 536 3153 605 propter
3181 537 3345 590 tuam
3377 533 3436 590 in
3471 533 3587 590 illis
3615 552 3756 606 quo-

2097 628 2207 683 que
2237 617 2714 688 temperantiam,
2747 621 2902 692 quod
2949 621 3256 694 profusum
3289 640 3353 679 ac
3397 624 3755 682 dissolutum

2097 705 2207 770 est,
2241 704 2538 776 reprimis.

2168 791 2322 848 Sicut
2350 797 2528 853 turris
2557 797 2736 854 David
2765 799 2970 856 collum
3005 803 3183 858 tuum.

2837 890 3026 946 Pselli.

2175 973 2245 1027 Et
2292 973 2413 1029 haec
2462 976 2736 1032 muliebri
2797 995 2957 1034 more
3018 997 3149 1035 cum
3201 997 3418 1052 sponsa
3475 982 3758 1056 loquitur.

2102 1058 2248 1114 Cum
2278 1063 2437 1118 enim
2470 1064 2644 1120 vellet
2682 1067 2898 1123 collum
2931 1070 3061 1140 ejus
3092 1070 3471 1128 vehementer
3501 1071 3765 1142 laudare,

2103 1149 2253 1204 turri
2298 1150 2443 1207 illud
2494 1153 2838 1211 celsissimae
2895 1158 3277 1231 comparavit,
3310 1177 3438 1232 quae
3489 1179 3521 1217 a
3567 1163 3765 1220 divino

2105 1235 2322 1295 Davide
2371 1241 2428 1295 in
2479 1242 2842 1316 Thalphioth
2885 1245 3073 1302 fuerat
3101 1248 3462 1306 exmdiﬁcata
3508 1251 3580 1307 ad
3631 1269 3764 1308 cur-

2107 1343 2283 1383 ruum
2334 1330 2602 1387 omnium
2655 1335 3082 1408 defensionem,
3114 1354 3248 1392 cum
3297 1341 3552 1397 externis
3599 1341 3769 1397 bellis

2109 1415 2284 1473 ﬁnem
2346 1418 2745 1492 imposuisset.
2781 1425 2864 1479 Tu
2915 1442 3049 1482 vero
3109 1426 3276 1497 mihi,
3321 1429 3595 1502 princeps
3653 1435 3773 1487 ste-

2110 1505 2429 1579 phephore,
2464 1515 2681 1566 sanctae
2730 1513 3002 1570 Ecclesiae
3035 1515 3274 1583 collum,
3308 1533 3589 1590 magnum
3621 1520 3773 1576 Pau-

2111 1594 2234 1650 lum
2267 1595 2551 1671 intellige,
2585 1601 2686 1673 qui
2719 1612 2894 1676 caput
2938 1605 3205 1660 omnium
3236 1607 3534 1663 Christum
3584 1617 3774 1680 gesta-

2111 1683 2212 1748 vit,
2243 1687 2380 1743 etsi
2426 1704 2574 1759 quos
2626 1689 2772 1746 alios
2823 1691 2907 1746 illi
2959 1692 3186 1750 similes
3234 1695 3514 1752 didicisti.
3547 1697 3627 1752 Ex
3677 1698 3770 1754 his

2031 1812 2078 1876 Β
2110 1774 2270 1829 enim
2316 1779 2589 1848 suspensi
2641 1785 2779 1835 sunt
2823 1785 3057 1838 ordines
3108 1785 3368 1856 corporis
3414 1788 3762 1858 expcrtium,

2109 1879 2257 1934 quos
2287 1865 2383 1920 hic
2415 1867 2577 1924 mille
2606 1868 2840 1941 clypeos
2864 1877 3052 1927 vocat.
3079 1873 3278 1944 Neque
3306 1891 3440 1930 vero
3472 1891 3576 1931 cur
3605 1876 3766 1933 mille

2103 1950 2334 2020 dixerit,
2369 1971 2619 2026 quaeras.
2653 1959 2807 2014 Solet
2847 1960 3003 2015 enim
3054 1962 3353 2034 Scriptura
3384 1979 3450 2020 eo
3478 1964 3763 2024 vocabulo

2105 2039 2440 2111 frequenter
2491 2045 2597 2101 uti.
2629 2047 2791 2103 Sicut
2844 2048 3039 2121 inquit
3070 2067 3083 2106 :
3119 2053 3231 2106 Lex
3287 2056 3400 2108 oris
3454 2055 3539 2110 lui
3591 2072 3765 2127 super

2103 2131 2290 2186 millia
2336 2135 2467 2190 auri
2513 2144 2566 2192 et
2612 2140 2836 2210 argenti
2862 2139 2926 2194 ⁴².
2959 2139 3030 2195 Et
3069 2139 3210 2196 alibi
3249 2159 3262 2198 :
3297 2141 3501 2215 Millia,
3556 2143 3753 2218 inquit

2105 2219 2418 2278 laetantium
2444 2225 2510 2280 ‘3.

395 796 485 855 Ὦς
515 787 722 866 πύργος
756 782 925 844 Δαϐὶδ
957 786 1244 865 τράχηλός
1272 809 1390 844 σου.

1040 876 1290 934 Ψελλοῦ.

404 969 503 1024 Καὶ
533 972 704 1023 ταῦτα
725 970 1178 1041 γυναικοπρεπῶς
1205 967 1536 1040 προσομιλεῖ
1567 971 1636 1042 τῇ
1667 968 1850 1046 νύμφῃ
1889 987 1900 1000 ·

326 1057 516 1116 Θέλων
555 1057 662 1133 γάρ
693 1055 901 1127 ταύτης
932 1057 1168 1112 έπαινεῖν
1191 1057 1283 1111 τὸν
1316 1056 1602 1134 τράχηλον
1629 1056 1861 1133 ἐξόχως,

330 1147 536 1224 ΙΙύργῳ
564 1145 889 1221 παρείκασεν
915 1143 1074 1200 αὐτὸν
1108 1143 1442 1219 ὑψηλοτάτῳ
1463 1148 1624 1218 πάνυ,

329 1241 428 1310 Τῷ
469 1234 766 1309 δομηθέντι
797 1236 1072 1310 προτέρον
1099 1236 1249 1311 παρὰ
1287 1231 1454 1290 Δαϐἶδ
1484 1240 1582 1290 τοῦ
1614 1235 1759 1292 θείου

331 1328 418 1382 Ἐν
456 1324 745 1402 Θαλφειὼθ
775 1324 912 1401 πρὸς
937 1326 1171 1397 τήρησιν
1203 1324 1453 1379 ἁπάντων
1479 1330 1587 1380 τῶν
1616 1324 1872 1400 ἁρμάτων
1908 1343 1922 1358 ο

333 1417 459 1472 Τῶν
488 1413 884 1489 τροπουμένων
914 1414 1042 1488 παρ’
1073 1413 1246 1468 αὐτοῦ
1276 1411 1539 1486 πολέμων
1569 1411 1927 1491 ἀλλοφύλων.

337 1504 414 1560 Σὺ
447 1501 507 1559 δέ
541 1525 636 1578 μοι
663 1502 953 1579 τράχηλον
987 1503 1158 1573 αὐτῆς
1188 1507 1288 1568 τῆς
1318 1503 1462 1565 θείας
1488 1502 1838 1574 Ἑκκλησίας,

333 1595 440 1652 Τὸν
481 1594 648 1668 μέγαν
680 1591 900 1647 Παῦλον
932 1591 1190 1668 γίνωσκε,
1224 1590 1460 1647 δέσποτα
1495 1594 1820 1671 στεφηφόρε,

337 1684 445 1740 Τὸν
468 1683 698 1758 Χριστὸν
732 1682 1076 1758 βαστάσαντα
1104 1683 1202 1752 τήν
1223 1680 1466 1754 κεφαλῆν
1496 1687 1604 1736 τῶν
1636 1680 1804 1756 ὅλων,

337 1770 437 1827 Καὶ
466 1777 588 1827 κατ’
620 1771 823 1827 ἐκεῖνον
851 1769 897 1826 εἳ
926 1793 1078 1835 τινας
1113 1771 1329 1846 ἐτέρους
1359 1770 1694 1848 διδαχθήσῃ.

339 1861 567 1919 Τούτων
599 1862 688 1916 καὶ
722 1861 827 1937 γάρ
851 1860 1172 1936 ἐξήρτηνται
1202 1863 1376 1932 τάξεις
1405 1866 1514 1917 τῶν
1545 1861 1872 1937 ἀσωμάτων,

338 1953 544 2026 ’Άσπερ
579 1951 606 2005 ὁ
639 1949 809 2026 λόγος
845 1950 1068 2026 θυρεοὺς
1101 1951 1328 2007 άκάλεσε
1357 1951 1600 2028 χιλίους.

340 2043 430 2111 Μή
458 2041 640 2113 μέντοι
673 2040 835 2116 λόγον
858 2040 1116 2115 ἀπαιτῇς,
1151 2038 1403 2110 δέσποτα,
1434 2046 1543 2096 τῶν
1574 2041 1794 2117 χιλίων.

343 2131 508 2194 ’Ἐθος
539 2130 642 2204 γὰρ
671 2128 784 2184 ἐστι
816 2133 884 2204 τῇ
912 2133 1100 2207 Γραφῇ
1121 2134 1285 2184 τοῦτο
1315 2128 1589 2193 πολλάκις
1622 2129 1824 2206 λέγειν.

342 2226 548 2296 ’Ὠσπερ
580 2219 744 2298 φησίν
780 2237 792 2251 ⁸
827 2221 888 2276 Ὁ
909 2218 1079 2292 νόμος
1139 2240 1234 2274 σου
1281 2224 1378 2274 τοῦ
1428 2219 1700 2294 στόματος
1735 2221 1995 2297 τυγχάνει

1837 2309 1991 2385 [ὑπὲρ

352 2395 615 2473 Ἀργύρου
638 2396 728 2452 καὶ
756 2402 988 2473 χρυσοῦ,
1023 2395 1287 2468 Δέσποτα,
1321 2395 1583 2474 χιλιάδας
1619 2417 1632 2430 ·

350 2486 444 2540 Καὶ
477 2483 730 2561 χιλιάδας
750 2485 1006 2562 ἀλλαχοῦ
1034 2491 1142 2542 τῶν
1175 2486 1541 2551 εὐθυνούνυων
1571 2487 1742 2564 λέγει,

416 2577 506 2638 Ὠς
556 2576 760 2652 πύργος
818 2570 984 2630 Δαϐἱδ
1068 2573 1353 2652 τράχηλός
1413 2598 1508 2632 σου
1543 2596 1556 2610 °

356 2664 515 2739 μένος
546 2663 598 2719 ἐν
632 2664 941 2739 Θαλφειώθ.

920 2756 1042 2812 Τῶν
1069 2755 1114 2832 γ’
1147 2753 1422 2833 Πατέρων.

416 2845 600 2914 ’¹Ητοι,
663 2845 753 2898 οἷα
807 2842 1015 2919 πύργος
1073 2838 1239 2898 Δαϐὶδ
1307 2843 1334 2899 ὁ
1392 2849 1487 2899 τοῦ
1547 2845 1996 2920 πρακτικωτάτου

2174 2844 2328 2900 Sicut
2359 2844 2528 2900 turris
2569 2846 2761 2917 David,
2795 2851 2884 2902 est
2930 2847 3173 2903 interior
3221 2846 3438 2903 mentis
3487 2851 3601 2904 tuae
3632 2853 3759 2904 tum

345 2934 436 2989 καὶ
469 2932 958 3005 θεωρητικωτάτου
1006 2931 1131 2996 νοός
1191 2954 1288 2988 σου
1334 2931 1635 2997 ἔνδιάθετος
1686 2933 1852 3012 λόγος
1876 2942 1995 3000 ταῖς

2123 2933 2333 2988 tctione
2390 2937 2517 2988 tum
2574 2935 3071 3007 contemplatione
3127 2937 3382 2993 maxime
3433 2937 3770 3010 praetentis

343 3023 511 3085 θείαις
560 3019 804 3086 ἐντολαῖς
880 3019 1235 3096 ᾠκοδόμηται
1313 3023 1408 3097 μὲν
1483 3025 1601 3079 κατ’
1641 3025 1855 3101 ἀρετὴν,
1908 3028 1999 3080 οἷα

2123 3021 2275 3088 vatio,
2306 3038 2427 3092 quae
2471 3039 2576 3094 per
2605 3022 2878 3079 virtutem
2912 3023 3130 3081 divinis
3170 3026 3468 3082 mandatis
3497 3027 3777 3098 aediﬁcata

345 3109 525 3166 ἐπάνω
566 3108 839 3182 ἐπάλξεων
888 3115 995 3166 τῶν
1049 3115 1146 3166 τοῦ
1177 3113 1549 3186 ἀντικειμένου
1581 3113 1943 3188 πειρατηρίων
1979 3130 1995 3146 ⁸

2123 3119 2187 3165 est
2239 3127 2404 3182 super
2453 3113 2900 3183 propugnacula,
2943 3114 3002 3169 id
3053 3118 3162 3182 est,
3210 3131 3387 3187 super
3445 3116 3772 3172 adversarii

347 3197 560 3277 αἴρεται
615 3197 674 3256 δέ
720 3200 855 3256 κατὰ
910 3204 1108 3278 γνῶσιν
1160 3200 1238 3264 εἷς
1298 3201 1407 3276 ὕψη
1466 3209 1837 3276 πνευματικῆς
1876 3214 2006 3266 θεω-

2123 3198 2467 3257 tentationes
2501 3219 2514 3257 :
2546 3200 2773 3257 tollitur
2821 3209 3016 3258 autem
3068 3219 3170 3275 per
3202 3204 3509 3260 scientiam
3541 3206 3600 3260 in
3634 3205 3774 3261 atti-

352 3289 468 3366 ρίας
501 3309 512 3320 ·
545 3291 636 3345 καὶ
693 3291 794 3367 γάρ
852 3291 880 3344 6
937 3290 1034 3364 μὶν
1067 3285 1280 3364 (Δαϐὶδ)
1313 3291 1498 3355 ἱκανὸς
1548 3293 1718 3368 χειρὶ,
1777 3292 2009 3368 ὶσχυρὸς

2123 3289 2379 3346 tudinem
2437 3289 2721 3360 spiritalis
2785 3292 3320 3364 contemplationis.
3381 3294 3559 3349 David
3615 3295 3775 3352 enim

355 3381 538 3454 ὁράσει
571 3381 922 3454 ἑρμηνεύεται
959 3399 971 3412 ·
1009 3381 1036 3434 6
1069 3377 1126 3434 δὶ
1151 3377 1477 3455 (τράχηλος)
1500 3380 1561 3435 τὸ
1595 3379 1819 3454 λογικόν
1847 3379 2010 3439 ἐστιν.

2123 3378 2417 3450 signiﬁcat
2447 3396 2625 3433 manu
2658 3384 2937 3436 strenuus
2969 3386 3026 3437 ct
3057 3397 3190 3436 acer
3220 3382 3371 3437 visu.
3407 3381 3634 3438 Collum
3669 3400 3776 3438 au-

353 3470 431 3530 ὠς
482 3466 929 3544 προδεδήλωται.
987 3469 1063 3525 Τὸ
1093 3467 1172 3542 ,δὲ
1206 3511 1220 3536 ,
1266 3465 1702 3543 ᾠκοδομημένος
1766 3471 1842 3532 εἱς
1875 3467 2013 3525 Θαλ-

2123 3475 2240 3525 tem
2272 3473 2361 3525 est
2388 3469 2559 3539 ratio,
2585 3473 2646 3525 ut
2676 3469 2900 3525 dictum
2933 3473 3042 3526 est.
3077 3470 3223 3527 Nam
3257 3469 3401 3527 illud
3437 3489 3450 3528 :
3485 3472 3611 3540 Quae
3641 3473 3773 3530 ardi-

358 3558 551 3636 φειὼθ,
611 3559 640 3612 6
712 3558 807 3630 μὲν
864 3556 1100 3618 ’Λκύλας
1159 3560 1466 3632 ἠρμήνευεν
1495 3557 1676 3614 ἐπάνω
1716 3558 2012 3632 ἐπάλξεων,

2123 3558 2287 3627 ﬁcata
2315 3567 2391 3614 est
2421 3562 2482 3614 in
2514 3559 2862 3630 Thalphiolh,
2885 3559 3092 3632 Aquila
3118 3561 3357 3632 quidem
3387 3565 3578 3632 vertit,
3604 3562 3782 3634 Super

353 3650 381 3704 6
417 3644 476 3702 δὲ
508 3647 846 3722 Σύμμαχος,
893 3645 968 3709 εἶς
1027 3647 1181 3722 ὕψος.
1217 3649 1374 3704 ’Ὀθεν
1438 3647 1526 3702 καὶ
1585 3645 1869 3719 δεδήλωκε
1925 3646 2013 3703 διὰ

2123 3649 2584 3719 propugnacula;
2611 3649 3004 3720 Symmachus
3053 3654 3275 3718 autem,
3308 3652 3372 3706 In
3399 3651 3778 3710 altitudinem.

1619 2579 1646 2633 ὁ
1697 2575 1996 2652 ᾠκοδομη-
2175 2577 2324 2633 Sicut
2355 2577 2521 2632 turris
2550 2577 2724 2644 David
2749 2579 2951 2635 collum
2980 2583 3172 2643 tuum;
3203 2596 3328 2654 qua:
3357 2581 3640 2653 adificala
3674 2587 3761 2638 est

2104 2669 2164 2722 in
2196 2665 2556 2738 Thalphiolh.

2695 2757 2882 2813 Trium
2913 2763 3160 2814 Patrum.

361 3740 472 3792 τῶν
531 3736 863 3811 εἰρημένων,
927 3737 1008 3790 ὅτι
1067 3735 1131 3790 τὸ
1181 3734 1406 3810 λογικὸν
1459 3743 1556 3806 τῆς
1597 3735 1815 3815 νύμφης
1849 3738 2016 3812 ὑπερ-

366 3826 629 3896 ανέστηκε
663 3825 758 3899 μὲν
793 3825 931 3880 κατᾶ
975 3827 1167 3902 πρᾶξιν
1225 3830 1334 3879 τῶν
1392 3821 1724 3880 ἐπιϐουλιῶν
1745 3829 1841 3881 τοῦ
1873 3826 2016 3881 ἀντι-

361 3915 617 3988 κειμένου
653 3933 666 3946 ·
727 3911 872 3988 ἤρθη
933 3911 990 3968 δὲ
1060 3914 1196 3969 κατᾶ
1252 3914 1477 3989 θεωρίαν
1540 3915 1613 3976 εἷς
1678 3912 1813 3990 ὕψος
1873 3914 2016 3986 ἀλη-

367 4007 496 4068 θοῦς
522 4002 772 4078 γνώμης.
803 4004 895 4059 Διὸ
925 4003 1016 4058 καὶ
1049 4025 1208 4082 φησιν
1247 4023 1261 4036 ·
1295 4001 1478 4060 Χίλιδι
1513 4005 1689 4079 θυρεοὶ
1722 4003 2016 4078 κρέμανται

369 4091 452 4147 ι’
548 4091 624 4124 ’··“
705 4109 720 4123 ⁶
779 4089 815 4146 ἦ(
1068 4092 1084 4146 ί
1161 4089 1187 4147 δ
1333 4092 1356 4148 )
1476 4092 1487 4112 '
1567 4119 1574 4130 ι
1783 4093 1834 4127 ‘-

397 4113 435 4146 π
504 4113 660 4147 αυιον
803 4113 970 4168 ,γουν,
1032 4114 1062 4146 α
1194 4098 1686 4162 εκαπιασιαζοοσαι
1743 4114 1832 4156 ται,
1892 4091 2019 4150 δέκα

370 4182 515 4246 θείας
539 4180 761 4245 ἐντολάς
816 4181 1030 4237 τούοωο
1092 4181 1354 4258 ἐνέργειαι
1392 4183 1520 4237 ’καὶ
1586 4179 2023 4252 δεκαπλασιαζό-

371 4292 522 4344 μεναι
572 4269 737 4328 πάλιν
770 4271 909 4327 κατὰ
953 4272 1044 4327 τὸν
1099 4272 1327 4346 φυσικὸν
1370 4271 1568 4345 νόμον,
1600 4272 1674 4335 ὡς
1716 4269 2020 4345 δεκαδικὸν,

366 4359 456 4416 καὶ
514 4361 657 4417 οὕτω
704 4359 1020 4437 πληροῦσαι
1068 4359 1161 4416 τὸν
1198 4359 1481 4435 χιλιοστὸν
1515 4363 1766 4436 ἀριθμὸν,
1825 4361 1911 4416 οἶά
1937 4383 2022 4418 τι·

368 4469 454 4514 νες
475 4449 654 4523 θυρεοὶ
682 4449 819 4525 πρὸς
856 4449 920 4505 τὸ
968 4448 1254 4527 φυλάττειν
1287 4471 1344 4504 σε
1403 4450 1508 4504 ἀπὸ
1555 4454 1665 4504 τῶν
1693 4455 1789 4504 τοῦ
1822 4450 2024 4528 ἐχθροῦ

2125 3735 2288 3792 Unde
2317 3753 2386 3793 ex
2423 3736 2497 3792 iis
2528 3754 2660 3809 quae
2709 3737 2866 3794 dicta
2915 3741 3075 3807 sunt,
3109 3743 3270 3810 patet
3319 3756 3550 3811 sponsae
3602 3742 3780 3798 ratio-

2125 3841 2261 3880 nem
2319 3826 2546 3881 actione
2605 3825 2844 3898 quidem
2904 3825 3097 3882 hostis
3155 3826 3403 3883 consilia
3456 3845 3784 3901 superare;

2125 3913 2620 3984 contemplatione
2651 3931 2784 3970 vero
2832 3914 2959 3971 tolli
3006 3916 3078 3970 ad
3107 3932 3254 3970 verae
3300 3916 3652 3988 cognitionis
3683 3935 3782 3975 su-

2129 4001 2500 4059 blimitatem.
2534 4004 2682 4059 Mille
2708 4004 2889 4076 clypei
2923 4005 3161 4075 pendent
3197 4020 3364 4077 super
3390 4022 3531 4062 eam.
3565 4006 3785 4064 Horum

2125 4091 2394 4148 videlicet
2425 4091 2682 4149 actiones
2714 4093 2907 4150 decies
2937 4094 3136 4149 divina
3173 4100 3462 4167 prazcepta
3497 4096 3784 4168 multipli-

2129 4189 2364 4251 cantes;
2397 4199 2522 4254 qute
2576 4199 2784 4238 rursus
2841 4199 2944 4254 per
2990 4183 3181 4255 legem
3231 4185 3562 4242 naturalem
3592 4186 3786 4243 decies

2132 4270 2533 4344 multiplicatae
2591 4288 2903 4328 numerum
2952 4272 3189 4345 explent
3235 4273 3674 4344 millenarium;
3731 4280 3790 4332 et
3839 4307 3841 4310 έ

2131 4365 2409 4432 tanquam
2441 4360 2629 4434 clypei
2662 4362 2881 4433 quibus
2922 4362 2994 4417 ab
3041 4362 3228 4419 hostis
3259 4364 3493 4436 sagittis
3521 4365 3788 4422 invulne-

2132 4450 2338 4506 rabilis
2387 4450 2770 4520 conserveris,
2802 4452 2876 4507 ab
2907 4468 2976 4508 ea
3026 4457 3191 4523 parte
3222 4468 3350 4524 quas
3381 4452 3440 4508 in
3471 4457 3528 4510 te
3557 4459 3647 4511 est
3693 4471 3791 4511 ra-

373 4538 552 4615 βελῶν
598 4536 874 4614 ἄτρωπον,
919 4539 1301 4615 ὀπῃώρηνται,
1349 4539 1423 4601 ὡς
1455 4537 1748 4615 τραχήλου
1777 4544 1873 4594 τοῦ
1925 4544 2013 4595 σοῦ

2131 4538 2287 4595 tione
2343 4540 2588 4610 praedita
2646 4544 2932 4612 tanquam
2981 4557 3014 4597 e
3059 4540 3208 4596 collo
3266 4542 3644 4614 dependent:
3689 4560 3793 4616 per

371 4625 618 4704 λογικοῦ.
671 4634 756 4683 Ἐν
809 4627 991 4701 τούτῳ
1049 4629 1150 4703 γὰρ
1186 4627 1437 4707 ἡνύμφη
1492 4633 1644 4699 ζητεῖ
1707 4628 1770 4683 τὸ
1821 4629 2016 4704 ἀγαθὸν

368 4721 467 4772 τοῦ
524 4722 659 4772 Θεοῦ
707 4715 948 4790 θέλημα,
992 4717 1082 4772 καὶ
1137 4717 1313 4782 πείθει
1372 4717 1434 4771 τὸ
1481 4717 1576 4790 μὲν
1627 4716 2018 4791 ἐπιθυμητικὸν

372 4811 559 4871 ποθεῖν
589 4811 777 4874 τοῦτο,
809 4807 872 4861 τὸ
905 4803 962 4861 δὲ
993 4807 1220 4878 θυμικὸν
1272 4804 1770 4882 ἄπεραγωνίζεσθαι
1803 4806 1972 4861 αὐτοῦ
2004 4825 2018 4840 ⁶

372 4893 465 4948 καὶ
524 4891 612 4948 διὰ
665 4897 764 4948 τοῦ
810 4893 974 4948 αὐτοῦ
1045 4889 1272 4969 λογικοῦ
1319 4911 1589 4968 κέχρηται
1637 4897 1760 4954 ταῖς
1812 4893 1907 4965 μὲν
1939 4891 2023 4946 αἷ-

375 4983 593 5052 σθήσισι
615 4983 752 5057 πρὸς
780 4983 880 5052 τὴν
911 4985 1009 5036 τοῦ
1041 4982 1242 5054 ἀγαθοῦ
1274 4977 1566 5056 διάκρισιν,
1588 4979 1678 5034 καὶ
1708 4984 1787 5052 τῷ
1819 5002 1971 5058 φωνη
2007 4998 2021 5014 ⁶

372 5072 510 5142 τικῷ
553 5072 688 5145 πρὸς
732 5073 832 5140 τήν
897 5069 1095 5126 τούτου
1143 5063 1387 5148 ἔκφασιν,
1435 5069 1527 5124 καὶ
1576 5072 1646 5143 τῇ
1700 5070 2025 5144 γονιμότητι

375 5160 515 5235 πρὸς
541 5157 762 5234 αὔξησιν
795 5159 962 5215 αὐτοῦ
993 5178 1007 5193 ⁸
1039 5159 1131 5214 καὶ
1158 5156 1248 5213 διά
1285 5158 1490 5213 τούτων
1524 5161 1632 5212 τῶν
1688 5155 1814 5213 δέκα
1867 5154 2028 5212 δυνά-

380 5270 548 5322 μιων,
578 5254 677 5304 τοῦ
711 5270 770 5305 τε
827 5247 1056 5324 λογικοῦ
1103 5269 1270 5327 φημι,
1321 5248 1410 5303 καὶ
1450 5252 1548 5303 τοῦ
1606 5246 2028 5321 ἐπιθυμητικοῦ,

375 5339 468 5394 καὶ
524 5343 622 5395 τοῦ
675 5340 931 5412 θυμικοῦ,
1009 5338 1100 5393 καὶ
1167 5342 1274 5393 τῶν
1342 5337 1496 5392 πέντε
1552 5336 1874 5410 αἰσθήσεων,
1936 5336 2030 5392 καὶ

375 5429 477 5498 τής
500 5429 813 5506 φωνητικῆς
845 5426 1134 5504 ἐνεργείας,
1181 5427 1270 5481 καὶ
1315 5427 1413 5496 τὴς
1443 5427 1673 5504 φυσικὴς
1730 5427 2028 5502 γονιμότη’

375 5539 471 5581 τος
499 5519 528 5574 6
582 5518 806 5598 φυσικὸς
871 5517 1041 5592 νόμος
1087 5514 1416 5585 συνίσταται,
1476 5515 1566 5571 καὶ
1625 5515 1728 5571 ὑπὸ
1765 5519 1872 5571 τῶν
1903 5512 2036 5571 δέκα

381 5607 538 5665 θείων
569 5605 806 5664 ἐντολῶν
854 5607 992 5684 πρὸς
1050 5603 1316 5682 ἐνέργειαν
1352 5608 1449 5661 τοῦ
1498 5606 1701 5681 ἀγαθοῦ
1727 5606 2031 5682 βοηθεῖται,

455 5719 504 5756 ⁴³
529 5717 688 5777 Psal.
719 5732 922 5788 cxvui,
948 5716 1022 5773 72
1093 5715 1139 5753 ⁴³
1169 5713 1324 5774 Psal.
1359 5731 1532 5784 van,
1567 5715 1654 5772 18.

2129 4627 2284 4683 hanc
2313 4627 2469 4684 enim
2501 4629 2703 4685 anima
2738 4629 2950 4701 quaerit
2995 4630 3210 4685 bonam
3247 4629 3345 4686 Dei
3374 4631 3738 4689 voluntatem
3773 4649 3789 4690 :

2134 4733 2201 4773 ac
2239 4717 2392 4790 parti
2423 4717 2656 4789 quidem
2704 4717 3145 4790 concupiscenti
3195 4720 3533 4790 persuadet,
3566 4725 3632 4776 ut
3661 4737 3792 4779 eam

2134 4807 2454 4876 desideret;
2488 4807 2764 4864 irascenti
2808 4824 2965 4878 vero,
3000 4811 3065 4864 ut
3098 4825 3201 4880 pro
3234 4807 3338 4863 illa
3385 4808 3703 4882 depugnet,
3735 4815 3796 4865 et

2132 4913 2200 4952 ex
2229 4911 2298 4951 ea
2325 4893 2571 4952 rationis
2601 4895 2944 4968 praescripto
2977 4897 3051 4952 ad
3085 4895 3309 4953 bonum
3339 4896 3793 4968 diiudicandum

2133 4988 2378 5041 utatur:
2422 4983 2702 5055 loquendi
2749 4990 2947 5041 autem
2996 4984 3338 5041 facultatem
3389 4985 3688 5056 adhibeat,
3723 4987 3796 5043 ad

2135 5074 2330 5145 ipsum
2363 5072 2882 5145 promulgandum,
2914 5073 3198 5146 gignendi
3227 5091 3363 5131 vero
3383 5074 3502 5130 vim
3533 5076 3607 5132 ad
3636 5075 3796 5132 idem

2137 5163 2570 5234 adaugendum.
2623 5163 2703 5218 Ex
2743 5164 2949 5219 decem
3000 5163 3094 5219 his
3146 5164 3552 5234 facultatibus,
3587 5181 3804 5238 nempe

2138 5250 2499 5320 rationabili,
2532 5251 3003 5324 concupiscibili,
3037 5251 3350 5324 irascibili,
3375 5253 3639 5325 quinque
3668 5272 3806 5311 sen~

2141 5340 2328 5409 sibus,
2381 5340 2828 5413 pronuntiandi,
2877 5341 3284 5414 gignendique
3331 5343 3387 5397 vi
3437 5346 3671 5398 constat
3714 5341 3806 5398 lex

2143 5428 2452 5498 naturalis,
2486 5445 2614 5503 quea
2654 5430 2726 5486 ad
2774 5430 2995 5485 bonum
3044 5431 3448 5503 peragendum
3481 5431 3684 5488 decem
3716 5431 3803 5487 di-

2141 5518 2296 5575 vinis
2354 5518 2659 5591 praeceptis
2708 5518 2767 5573 id
2817 5517 2902 5573 illi
2951 5521 3410 5591 suggerentibus
3465 5521 3805 5591 adiuvatur.

2143 5609 2333 5681 Atque
2399 5607 2520 5664 haec
2587 5607 2827 5680 quidem
2878 5607 3080 5665 decem
3143 5612 3439 5682 praecepta
3487 5625 3614 5682 quae
3680 5608 3808 5682 lege
