4110 6392
363 269 481 328 615
1748 263 1970 325 ΜΙΟΗΑ

2099 265 2166 325 IS
2212 265 2486 327 PSELLI
3667 277 3790 339 616

361 400 584 472 scripta
648 398 1252 471 comprehenduntur,
1311 397 1454 452 dum
1521 415 1588 452 ea
1654 396 1785 468 ipsa
1848 396 1970 451 fact:

2097 395 2205 462 ab;
2235 400 2397 449 τοῦτο
2443 397 2847 472 ὑποτιθεμένων
2900 401 3068 474 αὐτῷ.
3129 403 3228 458 Καὶ
3273 404 3472 469 ταύτας
3531 407 3626 478 μὲν
3686 407 3787 469 τὰς

358 488 734 560 exsequitur,
799 489 994 544 decies
1075 486 1480 558 multiplicans
1546 485 1637 541 lex
1703 485 1970 540 naturali:

2126 488 2204 554 τῷ
2229 489 2456 560 γραπτῴ
2512 487 2668 560 νόμῳ
2722 487 3193 564 περιειλημμένας
3253 490 3378 548 δέκα
3438 492 3660 557 ἐντολὰς
3691 493 3778 550 δε-

360 594 674 634 numerum
732 578 1136 633 centenarium
1187 575 1436 632 absolvit
1485 576 1855 644 actionesque
1909 574 1970 629 ite

2125 576 2509 643 καπλασιάζων
2573 578 2601 630 ὁ
2687 579 2913 656 φυσικὸς
2989 581 3181 653 νόμος,
3238 583 3373 638 κατὰ
3428 583 3523 645 τὰς
3571 584 3784 640 τούτων

360 681 490 720 rum
540 682 644 738 per
673 665 970 735 subjectae
1017 665 1163 736 ipsis
1211 663 1412 718 decem
1464 662 1770 717 facultates
1821 663 1970 717 decie

2125 660 2390 750 ἐνεργείας
2456 670 2603 720 ποιεῖ
2674 669 2774 736 τήν
2835 667 3183 729 ἐκατοντάδα.
3255 673 3366 734 Τὰς
3421 669 3467 726 δ’
3514 672 3779 750 ἐνεργείας

361 754 830 826 multiplicando,
863 753 1263 809 millenarium
1315 752 1541 823 implet.
1577 753 1643 805 Et
1675 750 1782 806 hoc
1814 751 1970 805 modt

2121 749 2288 805 πάλιν
2343 750 2810 829 δεκαπλασιάζων,
2876 761 3011 814 κατὰ
3087 760 3181 822 τὰς
3226 761 3536 839 ὑφεστώσας
3601 749 3782 818 αὐτῶν

361 849 426 898 ut
473 844 698 900 dictum
749 849 859 909 est,
922 842 1082 898 mille
1150 843 1469 914 pendentes
1531 840 1715 912 clypei
1784 840 1970 911 signiﬁ

2122 837 2248 894 δέκα
2308 838 2562 916 δυνάμεις
2610 847 2708 914 τήν
2769 845 2998 921 χιλιάδα
3058 837 3288 924 πληροῖ.
3336 851 3438 908 Καὶ
3493 852 3666 914 οὕτως
3699 853 3774 920 οἱ,

355 938 491 988 cant
544 935 732 1007 legem
791 939 917 989 tum
969 933 1250 1003 scriptam
1310 937 1436 986 tum
1495 929 1845 998 naturalem,
1879 946 2006 1000 qua:

355 1023 468 1078 sibi
510 1029 717 1078 mutuo
767 1026 907 1078 sunt
954 1026 1319 1086 ornamento,
1354 1020 1496 1074 dum
1545 1035 1614 1074 ex
1661 1035 1728 1073 ea
1776 1034 2005 1088 sponsa:

355 1118 518 1184 parte
549 1128 676 1183 quae
708 1110 950 1166 rationis
983 1115 1071 1166 est
1113 1126 1373 1180 compos,
1406 1113 1690 1180 tanquam
1741 1123 1810 1162 ex
1857 1107 2005 1162 collo

353 1201 542 1272 ipsius
589 1201 941 1271 dependent.
998 1214 1247 1269 eamque
1297 1198 1367 1252 ab
1416 1197 1693 1252 omnibus
1743 1195 2002 1251 hostium

347 1291 581 1346 insidiis
648 1294 982 1362 protegunt.
1044 1289 1242 1359 Neque
1311 1303 1443 1342 vero
1515 1286 1697 1358 clypei
1766 1289 2000 1340 tantum

346 1379 604 1450 pendent
645 1395 824 1450 super
870 1395 1019 1443 eam,
1051 1393 1249 1432 verum
1301 1377 1480 1430 etiam
1512 1375 1712 1430 omnia
1758 1374 1997 1429 fortium

336 1468 567 1538 jacula;
599 1485 726 1539 qum
777 1467 1013 1538 quidem
1066 1471 1205 1520 sunt
1235 1463 1560 1535 disciplinae
1609 1481 1643 1518 a
1689 1464 1912 1519 sanctis
1942 1467 2000 1518 et

343 1556 680 1613 coelestibus
703 1555 1017 1611 virtutibus
1049 1571 1276 1626 sponsae
1308 1569 1412 1626 per
1439 1551 1993 1624 contemplationem

341 1646 827 1711 subministrata},
853 1661 979 1717 quae
1011 1649 1213 1699 contra
1264 1643 1508 1714 spiritus
1559 1641 1829 1712 nequitiae
1861 1649 1991 1695 tan-

2119 930 2192 992 ὡς
2229 929 2459 1002 ε’ίρηται,
2510 935 2847 1008 κρεμάμενοι
2896 935 3074 1012 χίλιοι
3115 940 3297 1014 θυρεοὶ
3332 937 3563 1009 δῆλοῦσι
3593 941 3684 997 τόν
3719 963 3776 996 τε

2115 1020 2354 1094 γραπτὸν
2404 1022 2493 1076 καὶ
2541 1024 2634 1078 τὸν
2684 1025 2906 1102 φυσικὸν
2958 1028 3150 1100 νόμον,
3202 1027 3479 1098 ἀλλήλοις
3531 1029 3772 1104 συμπρὲ-

2114 1129 2338 1176 ποντας,
2389 1110 2439 1164 ἐν
2473 1117 2552 1183 τῷ
2606 1113 2997 1190 ἀπαιωρεῖσθαι
3055 1121 3151 1171 τοῦ
3201 1114 3432 1191 λογικοῦ
3488 1125 3586 1188 τῆς
3632 1118 3767 1192 νύμ.

2115 1217 2220 1272 φης
2275 1199 2362 1252 οἷα
2389 1199 2677 1275 τραχήλου
2735 1203 2923 1273 αὐτῆς,
2979 1206 3068 1259 καὶ
3116 1207 3214 1274 τήν
3265 1206 3465 1276 ταύτης
3495 1211 3767 1263 ποιεῖσθαι

2111 1285 2360 1362 φυλακην
2387 1287 2492 1343 ἀπὸ
2520 1291 2734 1345 πάντων
2784 1297 2892 1346 τῶν
2948 1288 3413 1350 ἐπιϐουλευόντων
3475 1296 3636 1370 αὐτῇ,
3689 1297 3767 1355 Οὐ

2113 1380 2276 1447 μόνον
2327 1374 2383 1432 δὶ
2442 1379 2623 1450 θυρεοὶ
2669 1380 2966 1454 κρέμανται
3017 1381 3102 1436 ἐπ’
3150 1384 3342 1452 αὐτὴν,
3397 1388 3583 1463 φησὶν,
3619 1385 3766 1443 ἀλλὰ

2107 1465 2194 1519 καὶ
2245 1472 2408 1520 πᾶσαι
2464 1466 2681 1543 βολίδες
2723 1475 2830 1524 τῶν
2875 1468 3136 1542 δυνατῶν,
3169 1471 3327 1549 αἶ’περ
3362 1475 3500 1551 εἰφιν
3529 1474 3582 1530 αἰ
3615 1477 3763 1550 παρᾶ

2104 1557 2209 1607 τῶν
2253 1555 2420 1628 ἁγίων
2466 1555 2556 1610 καί
2601 1557 2862 1633 οὐρανίων
2911 1557 3188 1633 δυνάμεων
3249 1567 3320 1636 τῇ
3378 1563 3566 1640 νύμφῃ
3626 1565 3762 1621 κατᾶ⁴

2105 1643 2332 1715 θεωρίαν
2395 1645 2779 1718 ὑποτιθέμεναι
2862 1646 3228 1720 διδασκαλίαι,
3290 1653 3379 1706 καὶ
3457 1655 3594 1708 κατὰ
3648 1659 3756 1710 τῶν

339 1754 515 1808 quam
539 1736 738 1807 jacula
768 1734 1165 1806 conjiciuntur
1195 1733 1265 1787 ad
1297 1748 1499 1787 eorum
1552 1730 1855 1785 machinas
1890 1729 1970 1783 adi

2102 1734 2423 1805 πνευμάτων
2452 1742 2552 1803 τῆς
2591 1737 2878 1812 πονηρίας,
2922 1734 3100 1813 ὥσπερ
3167 1739 3386 1815 βολίδες
3417 1740 3758 1817 βαλλόμεναι

333 1843 540 1881 versus
592 1841 870 1896 sponsam
919 1824 1242 1878 instructas
1294 1821 1656 1878 evertendas.
1691 1820 1798 1874 Sed
1853 1819 1993 1890 quia

336 1915 582 1972 rationis
615 1913 1039 1986 quaestionibus
1074 1930 1107 1967 a
1137 1911 1357 1966 sanctis
1388 1910 1613 1982 angelis
1645 1911 1849 1965 edocta
1879 1915 1986 1977 est,

336 2023 452 2076 quo
485 2006 656 2060 modo
688 2005 745 2059 in
778 2003 1128 2058 insidiantes
1160 2001 1273 2056 sibi
1306 2001 1511 2056 debeat
1533 2000 1786 2070 jaculari
1813 2018 1827 2067 ;
1861 1999 1989 2056 ideo

336 2095 422 2150 hae
453 2093 799 2165 disciplinae,
832 2099 1114 2165 tanquam
1145 2109 1214 2146 ex
1245 2090 1414 2160 collo,
1447 2107 1514 2146 ex
1545 2089 1767 2145 ratione
1801 2089 1988 2161 ipsius

332 2185 616 2240 dicuntur
640 2185 989 2257 dependere.

404 2278 518 2331 Duo
547 2275 717 2331 ubera
761 2280 877 2344 tua,
907 2277 1051 2329 sicut
1080 2273 1189 2329 duo
1219 2273 1445 2328 hinnuli
1487 2273 1712 2343 gemelli
1753 2288 1983 2344 capreae,

332 2368 430 2437 qui
456 2370 759 2438 pascuntur
796 2367 856 2420 in
906 2365 1045 2420 liliis
1073 2381 1091 2418 :
1121 2364 1290 2420 donec
1316 2364 1524 2434 aspiret
1571 2362 1708 2431 dies,
1739 2365 1788 2418 et
1821 2363 1982 2418 incli-

328 2465 534 2512 nentur
562 2456 795 2513 umbrae.

1061 2562 1261 2619 Pulli.

398 2671 470 2726 Et
517 2671 627 2726 hoc
675 2669 1086 2725 convenienter
1133 2669 1205 2723 ad
1257 2667 1520 2722 mulieris
1565 2667 1834 2722 decorem
1885 2683 1982 2722 ex-

326 2759 652 2816 strinsecus
713 2759 935 2813 dictum
995 2763 1130 2812 est:
1179 2756 1540 2811 intrinsecus
1591 2754 1980 2810 venerabilem

326 2849 586 2904 continet
635 2847 1059 2917 expositionem
1109 2851 1167 2900 et
1215 2845 1486 2916 gratiam.
1529 2844 1775 2898 Gemina
1824 2843 1980 2898 enim

325 2937 525 2992 divina
555 2936 787 2992 Eclesiaa
823 2936 1001 2990 ubera
1032 2934 1294 3005 intellige
1317 2935 1658 3004 sanguinem
1683 2937 1742 2987 et
1771 2949 1980 3002 aquam

323 3026 486 3081 illam
515 3032 782 3080 sanctam
809 3025 981 3080 Verbi
1006 3029 1061 3079 et
1083 3023 1398 3079 Salvatoris
1421 3039 1489 3078 ex
1521 3023 1735 3094 quibus
1767 3023 1978 3077 animus

321 3115 584 3171 ﬁdelium
616 3113 866 3170 salutem
901 3115 1204 3170 hauriunt.

386 3205 566 3262 Donec
595 3209 807 3274 aspirel
853 3204 986 3274 dies,
1039 3212 1089 3259 et
1136 3211 1462 3259 moveantur
1505 3203 1737 3265 umbrae,
1770 3203 1974 3257 vadum

314 3294 457 3349 mihi
485 3297 595 3368 ipsi
619 3295 688 3350 ad
716 3300 959 3351 montem
987 3293 1231 3365 myrrha:
1259 3301 1312 3348 et
1341 3293 1410 3348 ad
1439 3294 1634 3348 collem
1664 3291 1864 3347 thuris.

389 3477 453 3530 In
497 3474 591 3530 his
640 3474 834 3529 innuit
891 3475 1184 3529 cruciatus
1228 3477 1286 3528 et
1334 3476 1582 3527 mortem
1633 3469 1973 3527 Salvatoris.

316 3563 434 3619 Hos
479 3563 635 3619 enim
687 3567 745 3618 tu
807 3579 909 3633 per
957 3562 1206 3634 myrrhae
1266 3567 1523 3617 montem
1583 3559 1862 3631 intellige.
1907 3562 1976 3615 At

317 3669 420 3724 per
474 3651 681 3707 collem
740 3651 932 3707 thuris
989 3651 1250 3722 intellige
1297 3649 1543 3718 gloriam
1603 3648 1814 3719 ipsius,
1860 3664 1978 3720 qua

311 3747 484 3798 Pater
531 3742 785 3814 desuper
842 3757 974 3796 eum
1031 3747 1086 3795 et
1139 3739 1331 3795 solum
1392 3738 1728 3794 illustravit.
1763 3739 1974 3793 Totum

312 3832 422 3887 hoc
489 3831 690 3904 igitur,
761 3831 918 3903 quod
989 3831 1251 3903 loquitur
1315 3828 1550 3900 virgini,
1619 3829 1914 3899 signiﬁcat

311 3925 429 3995 Age
459 3926 522 3978 tu
555 3938 788 3977 mecum
823 3921 923 3994 qui
955 3921 1112 3976 cruci
1159 3921 1370 3976 affixus
1420 3935 1577 3986 sum,
1610 3919 1973 3993 crucifigere,

312 4019 378 4069 ut
431 4029 643 4086 magna
697 4013 838 4068 item
887 4029 920 4066 a
960 4011 1126 4066 Patre
1176 4009 1362 4081 gloria
1409 4025 1642 4064 mecum
1693 4009 1970 4063 afﬁciare.

308 4103 527 4174 Sponte
567 4102 723 4157 enim
755 4101 885 4156 volo
935 4118 1040 4172 ego
1092 4118 1235 4155 sane
1285 4103 1533 4153 mortem
1581 4102 1872 4168 oppetere,
1907 4101 1972 4153 ut

307 4191 582 4248 ﬁdelibus
613 4192 767 4246 diem
810 4190 1020 4245 salutis
1069 4189 1352 4259 aspirem,
1385 4193 1443 4242 et
1494 4187 1736 4242 umbras
1771 4186 1968 4241 discu-

303 4279 448 4335 tiam
508 4279 852 4350 impietatis.
910 4278 1075 4345 Mihi,
1126 4277 1394 4347 inquam,
1446 4276 1553 4347 ipsi
1586 4276 1822 4341 vadam,
1857 4274 1966 4330 hoc

299 4373 412 4436 est,
445 4367 646 4424 volens
700 4384 766 4423 ac
814 4367 1026 4422 libens.
1061 4365 1269 4422 Verum
1319 4365 1458 4437 quia
1488 4365 1600 4421 scit
1634 4365 1823 4434 ipsam
1873 4380 1964 4419 se-

300 4473 437 4513 cum
483 4473 610 4512 esse
653 4457 1016 4521 cruciﬁxam,
1051 4458 1108 4510 et
1152 4454 1430 4510 omnibus
1480 4453 1784 4526 praeceptis
1839 4453 1962 4508 suis

298 4546 769 4617 obtemperasse,
821 4560 1030 4598 rursus
1075 4559 1205 4599 eam
1263 4543 1642 4599 commendat
1687 4541 1783 4597 his
1829 4558 1954 4598 ver-

299 4635 391 4691 bis
427 4651 441 4692 :

370 4815 494 4869 Tota
525 4813 757 4885 pulchra
802 4829 878 4880 es,
908 4814 1217 4886 prapinqua
1267 4829 1432 4878 mea,‘
1459 4815 1572 4868 tota
1613 4811 1869 4883 pulchra,
1900 4821 1955 4869 et

294 4903 518 4958 macula
548 4918 659 4958 non
688 4908 770 4958 est
799 4903 955 4958 inte.

881 5029 1066 5084 Trium
1104 5029 1358 5084 Patrum.

363 5139 440 5190 Ac
469 5133 585 5191 tale
611 5134 849 5206 quidem
882 5141 973 5191 est
1002 5135 1219 5191 collum
1251 5139 1442 5190 tuum.
1466 5137 1580 5191 Duo
1613 5152 1744 5191 vero
1776 5135 1945 5190 ubera

288 5229 386 5280 tua
411 5226 555 5280 sicut
584 5225 694 5280 duo
741 5225 970 5280 hinuuli
1016 5241 1226 5296 caprea:
1273 5227 1504 5298 gemelli
1532 5243 1550 5280 :
1586 5223 1826 5281 moralis
1858 5225 1944 5278 vi-

2102 1823 2236 1893 πρὸς
2288 1823 2556 1898 ἀναίρεσιν
2589 1831 2696 1879 τῶν
2750 1828 2866 1881 κατ’
2923 1828 3089 1893 αὐτῆς
3137 1831 3317 1884 αὐτῶν
3350 1837 3638 1906 μηχανῶν.
3667 1834 3758 1897 Ὧς

2101 1908 2157 1964 δὲ
2212 1917 2329 1973 ταῖς
2383 1913 2518 1966 κατά
2561 1912 2721 1988 λόγον
2805 1918 3059 1987 ζητήσεσι
3131 1915 3530 1991 διδασκομένης
3588 1920 3758 1990 αὐτῆς

2099 2001 2242 2072 παρᾶ
2271 2005 2377 2054 τῶν
2433 2003 2593 2076 ἁγίων
2654 2003 2900 2079 ἀγγέλων
2949 2006 3015 2060 τὰ
3053 2004 3242 2062 δέοντα
3278 2006 3579 2083 βάλλεσθαι
3616 2011 3754 2065 κατὰ

2096 2094 2202 2143 τῶν
2236 2085 2700 2147 ἐπιϐουλευόντων
2763 2095 2922 2166 αὐτῇ,
2975 2097 3064 2150 καὶ
3120 2099 3175 2151 αἱ
3207 2094 3552 2152 διδασκαλίαι
3595 2098 3750 2154 αὗται

2095 2183 2190 2232 τοῦ
2222 2180 2422 2248 ταύτης
2456 2179 2679 2256 λογικοῦ
2713 2183 3091 2259 ἀπῃώρηνται.

2168 2267 2271 2322 Δύο
2335 2271 2529 2342 μαστοί
2581 2293 2676 2326 σου
2727 2272 2800 2334 ὡς
2873 2272 2968 2328 δύο
3040 2270 3223 2350 νεϐροὶ
3275 2273 3518 2350 δίδυμοιι
3553 2275 3750 2354 δορκά-

2095 2354 2210 2426 δος,
2246 2359 2296 2412 οἱ
2327 2360 2622 2433 νεμόμενοι
2645 2359 2698 2415 ἐν
2729 2366 2846 2416 τοῖς
2873 2362 3102 2439 κρίνοις,
3132 2360 3235 2427 ἕως
3269 2366 3351 2420 οὗ.

2798 2574 3046 2635 Ψελλοῦ.

2166 2678 2261 2731 Καὶ
2291 2683 2452 2733 τοῦτο
2479 2687 2932 2757 γυναικοπρεπῶς
2965 2681 3157 2754 ἔξωθεν
3190 2684 3537 2762 λελεγμένον,

2092 2769 2327 2822 ’Έσωθεν
2362 2762 2477 2842 ἔχει
2511 2763 2744 2846 φοϐεράν
2780 2770 3038 2845 ἐκήγησιν
3071 2773 3160 2828 καὶ
3192 2775 3378 2849 χάριν.

2092 2856 2336 2918 Μαστοὺς
2367 2857 2470 2932 γάρ
2500 2857 2731 2933 γίνωσκε
2763 2857 2976 2922 διττοὺς
3005 2870 3107 2931 κῆς
3141 2863 3286 2927 θείας
3317 2865 3667 2935 Ἐκκλησίας,

2093 2947 2242 3017 Αἷμα
2271 2945 2359 2999 καὶ
2395 2944 2539 3021 ὕδωρ
2569 2947 2630 3001 τὸ
2664 2949 2854 3003 σεπτὸν
2887 2955 2982 3004 τοῦ
3016 2952 3194 3026 Λύγου
3225 2953 3314 3006 καὶ
3350 2960 3638 3031 Σωτῆρος,

2091 3036 2168 3088 Δι’
2200 3035 2271 3088 ὧν
2303 3032 2616 3110 ἆρδεύονται
2650 3040 2820 3113 ψυχαὶ
2853 3044 3058 3094 πιστῶν
3092 3043 3189 3111 τήν
3223 3043 3514 3117 σωτηρίαν.

2154 3216 2301 3276 Ἕως
2350 3214 2411 3269 οὗ
2472 3213 2766 3292 διαπνεύσῃ
2853 3221 2886 3288 ἡ
2949 3219 3131 3296 ἡμέρα
3186 3220 3275 3275 καὶ
3333 3227 3629 3291 κινηθῶσιν
3684 3225 3738 3279 αἱ

2085 3303 2253 3370 σκιαὶ,
2315 3303 2652 3378 πορεύσομαι
2705 3305 2923 3379 ἐμαυτῷ
2973 3309 3106 3384 πρὸς
3163 3311 3224 3365 τὸ
3271 3307 3396 3386 ὅρος
3434 3319 3532 3381 τῆς
3564 3311 3734 3390 σμύρ-

2085 3413 2203 3460 νης,
2261 3393 2348 3447 καὶ
2403 3393 2539 3466 πρὸς
2569 3395 2659 3449 τὸν
2697 3396 2886 3471 βουνόν
2905 3401 3001 3452 τοῦ
3032 3394 3282 3454 λιϐάνου.

2158 3481 2241 3535 Ἐν
2269 3481 2484 3544 τούτοις
2520 3484 2881 3540 ὑπαινίττεται
2911 3488 2974 3541 τὸ
3005 3488 3175 3551 πάθος
3216 3493 3311 3543 τοῦ
3346 3496 3623 3566 Σωτῆρος.

2089 3571 2346 3644 Σμύρνης
2379 3572 2482 3645 γὰρ
2516 3570 2644 3646 ὅρος
2673 3573 2906 3649 γίνωσκε
2929 3576 2996 3630 τά
3018 3579 3162 3647 πάθη
3194 3583 3292 3633 τοῦ
3326 3586 3606 3654 Σωτῆρος.

2087 3660 2283 3713 Βουνὸν
2320 3656 2547 3714 λιϐάνου
2573 3659 2738 3716 πάλιν
2774 3661 2830 3717 δὲ
2862 3667 3031 3739 γνῶθι
3063 3668 3161 3735 τήν
3193 3666 3388 3723 τούτου
3413 3666 3588 3741 δόξαν,

2083 3749 2182 3804 Ἦν
2214 3747 2648 3820 ἄνωθενέδὸξασε
2680 3754 2866 3828 Πατὴρ
2899 3753 3057 3808 αὐτὸν
3091 3755 3178 3810 καί
3217 3757 3401 3830 μόνον.

2085 3840 2263 3894 Τοῦτο
2284 3843 2417 3913 γοῦν
2447 3861 2680 3914 πεφυκεν
2709 3842 2737 3896 ’ὀ
2770 3841 2919 3917 λέγει
2948 3848 3013 3918 τῇ
3039 3846 3290 3921 παρθένῳ
3326 3867 3338 3878 ·

2086 3931 2274 4003 Δεῦρο,
2313 3928 2405 4000 μοὶ
2439 3931 2847 4004 συσταυρώθητι
2869 3934 2930 3987 τὸ
2963 3935 3131 3997 πάθος
3155 3934 3478 4012 ἐπειγμὲνῳ,

2084 4017 2197 4070 Ἵνα
2231 4016 2489 4091 μεγάλως
2521 4019 2612 4074 σὺν
2646 4019 2766 4092 ἐμοὶ
2801 4023 3067 4097 πατρόθεν
3103 4021 3424 4101 δοξασθῆσῃ.

2080 4103 2426 4177 Αὐτομολεῖν
2459 4109 2561 4182 γὰρ
2595 4105 2762 4185 ἔγωγε
2788 4108 3060 4184 βούλομαι
3095 4114 3230 4187 πρὸς
3255 4115 3314 4169 τὸ
3347 4115 3536 4185 πάθος,

2079 4199 2265 4254 ”()πως
2294 4193 2510 4268 αύγάσω
2538 4201 2654 4258 τοῖς
2673 4203 2888 4258 πιστοῖς
2921 4198 3128 4274 ἡμέραν
3163 4201 3458 4277 σωτηρίας,

2079 4281 2174 4335 Καὶ
2207 4288 2497 4353 κινηθῶσιν
2533 4284 2583 4338 ui.
2609 4285 2754 4339 σκιαὶ
2785 4293 2949 4341 πᾶσαι
2983 4295 3081 4357 τῆς
3115 4287 3317 4362 ἆθείας,

2077 4369 2230 4439 Ηλὴν
2263 4369 2483 4444 ἐμαυτῷ
2511 4375 2874 4448 πορεύσομαι,
2904 4378 3180 4432 τουτέστιν
3209 4378 3490 4444 ἑκουσίως.

2073 4461 2262 4546 Ταῦτα
2284 4463 2376 4532 μὲν
2409 4464 2498 4516 οὖν
2533 4459 2841 4534 λελάληκεν
2863 4467 2890 4520 ὁ
2911 4465 3207 4532 κάλλιστος
3235 4469 3490 4546 νυμφίος.

2065 4547 2213 4603 Ἐπεὶ
2247 4545 2304 4602 δί
2331 4548 2532 4621 ταύτην
2567 4549 2794 4626 ἔγνωκεν
2819 4551 2967 4626 αύτῷ
2999 4545 3523 4630 συνσταυρωθεῖσαν,

2065 4637 2163 4691 Καὶ
2195 4643 2365 4692 πᾶσαν
2399 4637 2830 4714 ἐκπληρώσασαν
2858 4643 2958 4712 τήν
2994 4642 3222 4714 ἐντολὴν
3256 4645 3484 4718 ἐκείνου,

2065 4725 2234 4780 Πάλιν
2269 4726 2525 4800 ἐπῄνεσεν
2557 4729 2747 4799 αὐτήν.
2781 4730 2927 4800 Φησὶ
2958 4733 3062 4807 γὰρ
3097 4733 3254 4796 οὗτος
3284 4733 3414 4790 τάδε
3448 4755 3460 4769 ·

2132 4813 2276 4885 ’Ὀλη
2339 4814 2483 4884 καλή
2553 4818 2617 4886 εἴ,
2677 4821 2711 4887 ἠ
2769 4817 3009 4890 πλησίον
3069 4844 3196 4895 μου,
3258 4821 3364 4896 ὅλη
3424 4823 3592 4896 καλὴ,
3625 4827 3715 4883 καὶ

2064 4907 2262 4977 μῶμος
2295 4905 2397 4959 οὐκ
2426 4899 2567 4961 ἐστιν
2597 4904 2650 4961 ἐν
2685 4907 2790 4965 σοί.

2625 5037 2742 5088 Τῶν
2780 5034 2829 5109 γ’
2858 5036 3110 5112 Ῑῐατέρων
3123 5081 3136 5094 .

2126 5137 2230 5193 Καὶ
2269 5137 2412 5192 οὕτω
2466 5139 2561 5211 μὶν
2620 5139 2908 5216 τράχηλός
2956 5163 3073 5200 σου.
3134 5145 3201 5202 Οἱ
3251 5142 3309 5200 δὶ
3361 5143 3458 5202 δύο
3521 5149 3716 5220 μαστοί

2053 5247 2170 5293 σου,
2216 5228 2290 5289 ὡς
2346 5224 2440 5281 δύο
2501 5223 2688 5300 νεϐροὶ
2741 5227 2960 5302 δίδυμοι
3013 5229 3298 5309 δορκάδος,
3359 5233 3622 5303 δηλονότι
3675 5241 3710 5309 ἡ

2049 5316 2216 5385 ἠθικὴ
2271 5315 2360 5370 καὶ
2409 5317 2609 5389 φυσική
2671 5314 2994 5374 διδασκαλία
3040 5342 3158 5391 σου,
3221 5320 3292 5377 δι’
3339 5322 3413 5378 ὧν
3470 5327 3560 5380 οἵα
3608 5347 3712 5400 μα-

2047 5409 2182 5459 στῶν
2239 5402 2384 5477 γάλα
2431 5405 2676 5474 ποτίζεις
2719 5406 2848 5469 τοὺς
2910 5403 2988 5463 ἔτι
3037 5413 3174 5466 κατὰ
3219 5413 3318 5480 τήν
3369 5413 3551 5470 πίστιν
3610 5438 3712 5487 νη-

2045 5494 2203 5555 πίους
2261 5493 2398 5568 πρὸς
2452 5492 2773 5566 τελειότητα
2799 5497 3092 5574 τρέφουσα,
3129 5499 3240 5574 ἅμα
3290 5501 3350 5557 ἐκ
3381 5509 3477 5558 σοῦ
3506 5503 3708 5579 προία-

2045 5605 2148 5652 σιν,
2209 5583 2284 5645 ὼς
2320 5584 2459 5654 μήτε
2509 5583 2569 5637 τὸ
2616 5585 2752 5654 ἦθος
2784 5583 2861 5640 ἔτι
2896 5584 3254 5662 δεικνυμύνης
3273 5589 3517 5667 ἀλόγως,
3560 5595 3704 5667 μήτε

2038 5673 2128 5729 τὸν
2164 5669 2324 5749 λόγον
2357 5668 2527 5742 ἤθους
2575 5676 2994 5753 προσφερούσης
3037 5679 3236 5756 χωρίς.
3278 5681 3434 5740 Ὀθεν
3475 5678 3701 5760 δορκάδι

287 5312 495 5368 delicet
546 5318 602 5368 et
659 5313 947 5369 naturalis
1005 5313 1309 5382 doctrina,
1361 5330 1429 5369 ex
1486 5315 1703 5385 quibus
1762 5312 1939 5368 veluti

288 5402 569 5456 uberibus
602 5401 690 5458 lac
737 5401 1044 5458 infantulis
1076 5402 1270 5458 adhuc
1318 5419 1663 5476 suggerens,
1695 5419 1794 5458 eos
1827 5402 1938 5458 alis

283 5495 341 5545 et
391 5491 584 5547 nutris
632 5493 703 5546 ad
755 5491 1193 5562 perfectionem,
1226 5507 1295 5546 ex
1350 5499 1407 5548 te
1464 5490 1641 5547 simul
1693 5492 1931 5547 ﬂuunt:

283 5583 486 5650 utpote
543 5597 671 5652 quae
730 5597 835 5636 nec
891 5597 1084 5637 mores
1142 5580 1267 5636 sine
1325 5581 1552 5636 ratione
1599 5581 1794 5651 doces,
1830 5597 1936 5637 nec

279 5668 566 5726 rationem
629 5671 755 5726 sine
807 5670 1088 5727 moribus.
1123 5671 1515 5738 Quamobrem
1567 5686 1786 5743 capreae
1837 5688 1932 5728 as-
