4110 6396
368 363 486 424 617

1422 360 1828 425 COMMENT.
1870 358 1947 420 ΙΝ
1990 358 2397 422 CANTICUM
2441 361 2747 425 CANTIC.

3673 365 3795 426 6l8

365 493 717 572 παρείκασας,
775 493 850 557 ὡς
908 492 1046 550 κατά
1093 493 1185 568 μὶν
1239 492 1466 571 θεωρίαν
1521 490 1834 570 ὀξυδερκὴς,
1883 489 2022 546 κατὰ

2142 492 2396 550 similata
2425 511 2486 550 es
2516 497 2643 550 tum
2679 499 2916 567 propter
2947 511 3191 552 acumen
3224 496 3282 552 in
3321 495 3792 569 contemplanda,

369 583 428 642 δὲ
482 587 672 662 πρᾶξιν
733 581 1059 660 ὀξύδρομος.
1121 578 1324 660 Νεδροὶ
1385 580 1467 652 δὶ,
1521 582 1708 662 φησὶν,
1771 582 1823 637 οἱ
1853 581 2022 655 νεμό-

371 695 525 750 μενοι
609 673 660 728 ἐν
732 670 943 750 κρίνοις
1010 670 1116 735 ἓως
1190 669 1497 728 διαπνεύσει
1565 674 1600 742 ἡ
1670 671 1871 744 ὴμὲρα,
1929 669 2022 724 καὶ

367 765 658 835 κινηθῶσιν
719 763 774 817 αἱ
832 764 1016 817 σκιαί·
1076 758 1267 839 ἤγουν,
1317 762 1371 817 αἱ
1415 762 1744 840 τρεφόμεναι
1802 759 1854 815 ἐν
1907 763 2027 823 ταῖς

367 855 550 926 πάσης
604 851 872 929 μερίμνης
909 852 1173 928 βιωτικῆς
1206 849 1667 927 ἀπηλλαγμέναις
1705 853 1908 926 ψυχαῖς
1943 846 2024 904 δι-

371 941 682 1010 δασκαλίαι,
711 944 746 1012 ἡ
775 941 940 1012 ἠθική
987 942 1079 996 καὶ
1123 944 1158 1011 ἡ
1208 942 1408 1020 φύσική
1466 943 1542 1004 ὡς
1599 939 1736 995 κατᾶ
1797 936 2024 1013 μετάδο-

369 1054 451 1087 σιν
525 1028 862 1086 ἐπιδιδοῦσαι
935 1031 1010 1092 εἲς
1065 1027 1306 1104 αὔξησιν,
1371 1029 1568 1105 μὲγρις
1625 1028 1685 1084 ἂν
1737 1029 1930 1104 ἐπιστῇ
1987 1030 2022 1098 ἡ

367 1121 704 1196 ὀλολαμπής
747 1122 885 1176 κατᾶ
939 1121 1002 1176 τὸ
1060 1118 1267 1194 μέλλον
1300 1121 1503 1195 ήμὲρα,
1552 1121 1642 1174 καὶ
1697 1119 1766 1174 τὰ
1813 1114 2021 1189 σκιώδη

364 1212 542 1268 πάντα
601 1210 966 1287 παρέλθωσιν.
1017 1209 1168 1266 Ἐπεὶ
1221 1207 1276 1265 δὲ
1338 1206 1514 1273 ἐλθὼν
1573 1209 1626 1264 ἐν
1674 1208 1831 1284 σαρκὶ
1881 1206 2024 1262 οὕτω

361 1302 542 1373 καλήν
589 1321 646 1356 σε
690 1301 717 1355 ὁ
768 1299 860 1362 σὸς
908 1297 1145 1375 νυμφίος
1196 1297 1470 1370 ἀπέδειξα,
1520 1297 1714 1353 λοιπὸν
1759 1299 2031 1369 πορεύσοέ

366 1411 464 1464 μαι
497 1388 718 1463 ἐμαυτῷ
746 1388 882 1465 πρὸς
909 1389 1038 1464 ὅρος
1096 1394 1196 1458 τῆς
1253 1387 1522 1464 σμύρνης,
1587 1387 1676 1442 καὶ
1739 1386 1878 1464 πρὸς
1929 1385 2020 1440 τὸν

365 1480 561 1557 βουνὸν
619 1482 716 1534 τοῦ
747 1474 998 1533 λιϐάνου·
1031 1478 1174 1547 ἢτοι,
1205 1475 1545 1552 πορεύσομαι
1594 1475 1855 1539 ἑκουσίως
1884 1476 2022 1551 πρὸς

359 1569 448 1640 τὸ,
510 1566 666 1640 δίκην
713 1566 874 1644 ὅρους
933 1567 1200 1642 σμύρνης,
1257 1564 1394 1641 ’ὑψος
1447 1569 1543 1621 τοῦ
1602 1567 1855 1636 θανάτου,
1888 1563 2021 1642 ὅπερ

362 1657 506 1714 ἐστιν
561 1659 588 1713 ὁ
641 1655 887 1732 σταυρός.
936 1657 998 1713 Ὁ
1041 1657 1145 1733 γὰρ
1181 1655 1428 1718 ἑκούσιος
1461 1653 1550 1709 διὰ
1580 1659 1811 1728 σταυροῦ
1862 1655 2024 1718 θάνα-

361 1769 456 1810 τος
502 1745 724 1803 πολλοῦ
773 1743 1099 1821 ὑπερανέστη
1158 1749 1257 1800 τοῦ
1310 1743 1565 1800 ἀκουσίου
1618 1745 1710 1799 καὶ
1770 1747 2020 1823 φυσικοῦ,

361 1841 459 1893 τοῦ
488 1837 577 1892 καὶ
609 1840 726 1898 τοῖς
764 1833 986 1910 ἀλόγοις
1014 1833 1175 1902 ζώοις
1222 1838 1430 1890 κοινοῦ·
1478 1833 1576 1888 Καὶ
1606 1831 1770 1888 πάλιν
1821 1831 2021 1908 πορεύ-

364 1948 533 2002 σομαι
566 1925 642 1990 εἷς
687 1923 942 1998 ἐμαυτὸν.
989 1922 1368 2000 ἀπερχόμενος
1418 1924 1556 1999 πρὸς
1606 1925 1720 1997 τὸν,
1775 1924 1902 2001 παρ’
1962 1920 2024 1977 οὗ

366 2015 601 2090 ἰξῆλθον
648 2014 737 2070 καὶ
787 2013 862 2076 εἷς
909 2014 1000 2068 τὸν
1049 2013 1256 2086 κόσμον
1318 2011 1606 2086 ἐλήλυθα,
1666 2014 1898 2089 Πατέρα·
1961 2010 2024 2068 οὗ

366 2104 697 2184 ἐμφαντικὸς
731 2105 759 2159 ὁ
795 2104 987 2178 βουνὸς
1030 2107 1128 2157 τοῦ
1160 2097 1410 2175 λιϐάνου,
1472 2103 1546 2165 ὡς
1601 2106 1671 2177 τῇ
1721 2101 1867 2174 αἰτίᾳ
1902 2102 2022 2176 μεί-

369 2199 523 2265 ζονος
574 2197 684 2250 τῶν
720 2192 1026 2266 ὁμοουσίων
1085 2191 1250 2265 αύτῷ,
1292 2191 1429 2266 ἐμοῦ
1458 2212 1517 2247 τε
1545 2196 1643 2248 τοῦ
1674 2195 2022 2266 Μονογενοῦς

367 2284 460 2340 καὶ
526 2286 622 2339 τοῦ
703 2281 972 2358 παναγίου
1051 2281 1390 2356 Ιινεύματος.
1468 2281 1569 2336 Καὶ
1627 2282 1732 2358 γὰρ
1803 2279 2023 2357 ἐπείπερ

373 2374 680 2450 νεκρώσεως
735 2372 829 2447 μὲν
890 2371 999 2427 ἐστι
1059 2366 1340 2445 σύμϐολον
1400 2373 1435 2441 ἡ
1491 2370 1722 2448 σμύρνα,
1767 2371 2022 2442 θεότητος

376 2462 432 2519 δὲ
463 2464 490 2517 ὁ
523 2457 767 2532 λίϐανος,
823 2462 910 2532 τὸ,
971 2459 1320 2537 Πορεύσομαι
1354 2459 1596 2534 ἐμαυτῷ,
1628 2460 1772 2531 πηὸς
1806 2461 1900 2532 μὶν
1931 2460 2022 2513 τὸν

373 2549 462 2607 διὰ
493 2555 723 2628 σταυροῦ
767 2552 1015 2624 θάνατον,
1067 2547 1240 2622 δηλοῖ
1267 2547 1329 2606 τὸ
1387 2549 1654 2605 ἑκούσιον·
1688 2550 1824 2625 πρὸς
1877 2545 1934 2603 δὲ
1963 2547 2024 2602 τό

367 2649 471 2712 τῆς
527 2641 784 2712 θεότητος
841 2638 1001 2715 ὕψος,
1047 2640 1110 2695 τὸ
1167 2639 1242 2702 εἷς
1299 2640 1484 2695 ἑαυτὸν
1539 2640 1631 2694 τὸν
1676 2639 1806 2695 Θεὸν
1855 2637 2028 2714 Λόγον

370 2732 759 2809 ἆπανὲρχεσθαι
803 2729 910 2786 ἀπὸ
951 2733 1059 2784 τῶν
1107 2730 1228 2793 καθ’
1281 2731 1432 2803 ἡμᾶς
1487 2732 1780 2800 ταπεινῶν,
1841 2727 1893 2782 ὲν
1946 2731 2027 2800 τῷ

369 2823 508 2899 πρὸς
556 2822 646 2877 τὸν
694 2821 904 2898 Πατέρα
949 2818 1291 2895 πορεύεσθαι.
1342 2817 1501 2876 Οὕτω
1533 2816 1610 2889 δὲ,
1643 2817 1800 2897 φησὶ,
1827 2815 2026 2894 πορεύ-

371 2933 562 2987 σομαι,
592 2911 676 2967 ’ὁτι
705 2911 770 2965 τὸ
819 2907 972 2986 ἔργον
1017 2908 1114 2962 τοῦ
1163 2906 1374 2984 Πατρὸς
1423 2906 1511 2962 ἐπὶ
1561 2906 1646 2962 σοὶ
1675 2904 2022 2963 τετελείιοκα.

370 3001 477 3059 Καὶ
506 3002 638 3079 γάρ·

441 3180 580 3254 Ὀλη
613 3180 758 3250 καλὴ
786 3179 851 3252 εἴ,
879 3181 914 3250 ἡ
945 3177 1184 3248 πλησίον
1221 3198 1347 3253 μου,
1379 3176 1469 3232 καὶ
1510 3179 1704 3251 μῶμος
1734 3174 1834 3231 οὐκ
1880 3168 2023 3229 ἔστιν

370 3270 423 3328 ἐν
448 3292 552 3327 σοι.

443 3356 666 3432 Δηλαδὴ
711 3362 791 3432 νῷ
832 3358 922 3414 καὶ
971 3360 1125 3434 ψυχῇ
1169 3356 1259 3412 καὶ
1310 3353 1467 3431 σαρκὶ
1519 3353 1784 3430 ὑπάρχεις
1830 3353 2023 3429 ὡραία·

369 3450 464 3507 καὶ
520 3449 677 3526 σαρκὶ
749 3448 841 3523 μὶν
893 3448 968 3510 ὡς
1052 3451 1160 3502 τῶν
1214 3446 1332 3500 κατ’
1388 3443 1654 3520 ἐνέργειαν
1703 3445 2028 3517 καθαρθεῖσα

372 3539 646 3597 παντοίων
705 3539 915 3609 παθῶν,
971 3536 1062 3592 καὶ
1111 3540 1229 3598 τοῖς
1281 3535 1506 3610 τρόποις
1550 3533 1894 3608 κοσμηθεῖσα
1921 3537 2028 3588 τῶν

374 3631 602 3708 ἀρετῶν·
663 3630 818 3704 ψυχῇ
879 3624 955 3700 δὶ,
1011 3626 1085 3688 ὡς
1141 3625 1322 3696 πάσης
1379 3622 1593 3699 φαύλης
1653 3620 2029 3698 ἀπαλλαγεῖσα

378 3718 687 3794 ἐπιθυμίας,
736 3717 968 3780 καὶτοῖς
1004 3714 1196 3791 λόγοις
1229 3714 1554 3790 ὡραϊσθεῖσα
1600 3717 1707 3768 τῶν
1768 3711 2024 3768 ἐντολῶν·

2136 587 2265 638 tum
2328 587 2565 655 propter
2620 601 2834 641 cursus
2892 585 3252 642 celeritatem
3310 585 3370 641 in
3435 587 3789 659 peragendo.

2134 674 2388 741 Hinnuli,
2422 673 2638 746 inquit,
2671 677 2771 746 qui
2819 679 3128 747 pascuntur
3157 678 3304 733 inter
3331 678 3482 743 lilia,
3514 693 3794 750 quousque

2133 762 2250 818 die:
2278 765 2506 835 aspiret,
2538 772 2592 819 et
2619 764 2964 820 inclinentur
2992 766 3223 823 umbrae.
3267 765 3596 838 Disciplina;
3624 767 3788 822 vide-

2135 851 2531 908 licetmoralis
2580 856 2640 908 et
2671 852 2980 921 naturalis,
3043 870 3172 926 qua
3231 854 3291 910 in
3347 855 3651 911 animabus
3710 856 3783 911 ab

2133 941 2294 997 omni
2324 942 2456 998 vita
2487 941 2890 998 sollicitudine
2922 943 3186 1011 remotis,
3234 945 3377 1000 dum
3433 945 3781 1018 impertiun-

2133 1035 2252 1101 tur,
2283 1030 2622 1087 coaleseunt
2661 1036 2717 1088 et
2775 1032 3206 1089 incrementum
3251 1033 3567 1107 accipiunt,
3600 1035 3784 1091 donec

2135 1119 2502 1177 clarissimus
2532 1121 2633 1177 ille
2681 1121 2862 1177 futuri
2894 1122 3177 1195 temporis
3220 1123 3344 1180 dies
3377 1123 3694 1191 illucescat,
3728 1127 3786 1180 et

2134 1210 2328 1267 omnia
2364 1227 2491 1283 quae
2535 1211 2760 1267 umbris
2821 1216 2962 1266 sunt
3017 1211 3300 1280 involuta,
3352 1217 3782 1285 pertranseant.

2131 1301 2374 1372 Verum,
2434 1301 2714 1372 quoniam
2774 1301 2832 1356 in
2891 1318 3066 1358 carne
3118 1302 3358 1358 veniens
3391 1319 3497 1376 ego
3527 1320 3784 1376 sponsus

2131 1396 2271 1447 tuus
2303 1395 2360 1447 te
2389 1391 2470 1446 ita
2501 1391 2818 1447 formosam
2854 1392 3101 1457 reddidi,
3126 1392 3252 1464 jam
3273 1391 3483 1448 vadam
3519 1392 3663 1448 mihi
3694 1391 3787 1464 ip—

2133 1481 2183 1536 si
2215 1481 2286 1536 ad
2320 1483 2580 1536 montem
2613 1480 2862 1553 myrrhae
2894 1485 2951 1537 et
2981 1481 3052 1536 ad
3085 1479 3292 1536 collem
3325 1481 3517 1536 thuris
3542 1499 3556 1538 :
3583 1482 3640 1537 id
3666 1486 3777 1550 est,

2134 1573 2341 1642 sponte
2371 1584 2503 1625 mea
2534 1569 2602 1624 ad
2634 1570 2866 1637 mortis,
2897 1574 3180 1642 tanquam
3243 1571 3314 1626 ad
3374 1571 3595 1628 montis
3628 1588 3785 1644 myr-

2133 1661 2254 1716 rhae
2285 1658 2736 1726 sublimitatem,
2763 1676 2891 1732 quae
2924 1660 3163 1732 quidem
3197 1663 3285 1716 est
3317 1675 3479 1726 crux,
3514 1660 3791 1732 proficis-

2134 1766 2248 1804 car.
2293 1747 2634 1806 Voluntaria
2663 1750 2817 1805 enim
2849 1765 2952 1820 per
2981 1765 3211 1805 crucem
3246 1750 3454 1806 mortis
3487 1749 3788 1823 susceptio

2134 1854 2508 1896 communem
2541 1838 2816 1894 omnibus
2848 1837 3204 1894 animalibus
3237 1840 3307 1895 ab
3327 1856 3391 1894 ea
3417 1839 3788 1896 abhorrentis

2136 1932 2358 1984 natura:
2417 1928 2821 1984 infirmitatem
2892 1929 3215 2001 superavit.
3277 1929 3347 1984 Et
3402 1945 3637 1985 rursum
3689 1945 3787 1987 va-

2135 2018 2270 2073 dam
2330 2018 2401 2073 ad
2461 2034 2555 2074 me
2613 2017 2857 2090 ipsum,
2939 2019 3009 2074 ad
3091 2018 3320 2075 Patrem
3400 2019 3675 2087 rediens,
3753 2037 3788 2075 a

2136 2124 2252 2180 quo
2284 2107 2455 2175 exivi,
2491 2109 2547 2164 et
2579 2107 2636 2162 in
2672 2108 2962 2164 mundum
2985 2108 3115 2165 veni
3140 2109 3205 2163 ⁴⁸.
3263 2108 3370 2173 Qui
3419 2125 3561 2164 sane
3618 2112 3792 2165 Pater

2135 2213 2238 2269 per
2267 2195 2473 2253 collem
2505 2197 2698 2252 thuris
2728 2196 3117 2270 intelligitur;
3179 2197 3459 2269 quoniam
3493 2201 3558 2254 ut
3586 2215 3792 2270 causa,

2137 2287 2322 2356 major
2377 2290 2467 2342 est
2532 2301 2626 2341 me
2683 2285 2992 2358 Unigenito
3018 2290 3073 2342 et
3134 2286 3355 2359 Spiritu
3399 2292 3635 2357 'saneto,
3687 2288 3790 2360 qui

2136 2392 2344 2432 sumus
2419 2375 2503 2430 illi
2578 2375 3136 2432 consubstantiales.
3198 2375 3577 2432 Mortalitatis
3630 2377 3789 2434 enim

2136 2463 2469 2538 symbolum
2513 2469 2602 2521 est
2660 2464 2915 2537 myrrha,
2976 2465 3117 2521 thus
3175 2467 3372 2520 autem
3436 2465 3786 2522 divinitatis.

2136 2555 2324 2620 Quare
2353 2553 2539 2610 illud:
2578 2553 2780 2610 Vadam
2811 2554 2956 2610 mihi
3003 2555 3148 2627 ipsi:
3209 2558 3336 2610 tum
3391 2553 3786 2612 voluntarium

2138 2661 2242 2717 per
2270 2659 2499 2699 crucem
2546 2644 2617 2699 ad
2682 2647 2927 2699 mortem
2987 2643 3216 2698 aditum
3277 2643 3612 2716 signiﬁcat;
3661 2648 3789 2700 tum

2137 2732 2461 2788 divinitatis
2487 2732 2917 2798 celsitudinem,
2947 2749 3050 2804 per
3079 2731 3333 2788 reditum
3363 2733 3435 2788 ab
3457 2730 3792 2789 humilitate

2137 2826 2344 2878 nostra
2374 2826 2650 2894 suscepta
2676 2823 2744 2877 ad
2784 2838 2844 2878 se
2874 2821 3072 2894 ipsum
3103 2821 3290 2877 Deum
3337 2821 3612 2890 Verbum,
3646 2823 3790 2876 dum

2137 2913 2210 2967 ad
2244 2911 2474 2966 Patrem
2504 2912 2684 2967 vadit.
2729 2911 2822 2967 Sic
2871 2915 3091 2978 autem,
3126 2909 3342 2983 inquit,
3384 2911 3614 2978 vadem,
3649 2927 3790 2984 quo-

2136 3003 2296 3058 niam
2326 3017 2473 3073 opus
2533 3000 2726 3057 Patris
2769 3001 2926 3073 quod
2986 2999 3056 3055 ad
3104 3003 3160 3055 te
3217 2999 3492 3073 pertinet,
3549 3001 3786 3073 perfeci.

2138 3090 2393 3147 Etenim:

2211 3181 2337 3236 Tota
2365 3179 2600 3249 pulchra
2651 3195 2726 3247 es,
2785 3179 3104 3252 prepz'nqua
3142 3195 3287 3248 mea,
3321 3184 3376 3235 et
3430 3179 3648 3236 macula
3677 3196 3791 3238 non

2138 3273 2217 3326 est
2242 3271 2301 3324 in
2323 3271 2394 3325 te.

2207 3363 2393 3415 Mente
2425 3357 2706 3416 nimirum
2739 3363 2796 3414 et
2826 3357 3024 3414 anima
3070 3361 3128 3415 et
3176 3375 3350 3416 carne
3399 3357 3643 3432 pulchra
3689 3377 3789 3418 es:

2137 3465 2310 3505 carne
2343 3449 2607 3520 quidem,
2641 3453 2705 3504 ut
2744 3465 2846 3520 per
2878 3448 3171 3504 actionem
3233 3467 3267 3506 a
3325 3448 3501 3505 variis
3561 3453 3791 3521 pertur-

2136 3537 2482 3595 bationibus
2512 3541 2784 3610 purgata,
2847 3541 2904 3593 et
2953 3537 3240 3594 virtutum
3299 3539 3562 3595 moribus
3603 3538 3792 3594 excel-

2136 3626 2266 3684 lens
2291 3646 2304 3684 :
2339 3627 2536 3683 anima
2559 3631 2779 3692 autem,
2809 3631 2875 3684 ut
2894 3627 2967 3683 ob
2998 3627 3446 3701 omniimproba
3475 3628 3796 3701 cupiditate

2141 3719 2430 3789 sejuncta,
2472 3721 2528 3772 et
2585 3716 2960 3773 sermonibus
3021 3717 3294 3774 decorata
3334 3718 3791 3775 mandatorum:

375 3813 457 3883 νῷ
489 3805 565 3882 δὲ,
596 3809 672 3871 ὡς
702 3805 791 3863 καὶ
819 3810 928 3862 τῶν
960 3801 1141 3880 ψιλῶν
1190 3802 1410 3858 ἐννοιῶν
1452 3799 1892 3878 ἐλευθερωθεῖσα,
1940 3800 2024 3855 καί

2143 3810 2338 3861 mente
2367 3822 2521 3872 vero,
2554 3809 2619 3860 ut
2667 3804 2739 3860 ab
2790 3805 3042 3862 exilibus
3100 3806 3278 3863 etiam
3338 3807 3795 3879 cogitationibus

378 3895 807 3975 λαμπρυνομᾶνη
885 3893 936 3949 ἐν
1012 3891 1156 3970 ἀγίῳ
1223 3891 1495 3965 [Ινεύματι
1551 3893 1622 3965 τῇ
1682 3891 1817 3946 κατὰ
1869 3890 2024 3966 χάριν

2142 3894 2414 3959 liberata,
2450 3911 2516 3950 ac
2546 3894 2859 3967 splendida
2909 3900 2967 3950 et
3025 3912 3129 3968 per
3171 3896 3419 3966 gratiam
3473 3895 3533 3951 in
3576 3896 3800 3969 Spiritu

379 3987 614 4044 θειώσει.
647 3985 747 4042 Καὶ
778 3984 868 4040 διὰ
890 3986 1055 4040 τοῦτο
1100 3981 1267 4058 ψόγος
1298 4002 1382 4045 τις
1411 3979 1509 4035 οὐκ
1559 3979 1698 4034 ἐστιν
1746 3978 1798 4034 ἐν
1833 3980 1919 4034 σοὶ
1965 3982 2024 4054 τῇ

2146 3987 2348 4040 sancto
2379 3982 2576 4040 divina
2597 3983 2820 4039 effecta.
2857 3985 2922 4040 Et
2953 3990 3260 4058 propterea
3293 3985 3526 4042 macula
3557 4002 3672 4042 non
3711 3990 3802 4042 est

381 4073 537 4152 ἐγγύς
568 4097 672 4150 μου
698 4072 963 4152 γενομένῃ
994 4069 1085 4128 διὰ
1111 4070 1454 4141 τελειότητα.

2145 4072 2206 4129 in
2241 4077 2314 4142 te,
2348 4089 2476 4146 quia
2506 4072 2650 4128 mihi
2683 4073 2758 4128 ob
2789 4073 3208 4146 perfectionem
3241 4074 3575 4148 prepinqua
3609 4091 3692 4131 es.

1099 4175 1348 4236 ΙΙ³“ελλοῦ.

2876 4179 3075 4237 Pselli.

456 4291 590 4349 Εἶτα
635 4287 772 4365 πρὸς
821 4287 1045 4362 μείζονα
1089 4284 1250 4342 καλεῖ
1294 4285 1496 4356 ταύτην
1565 4283 1799 4359 ἀρθῆναι
1859 4280 2012 4354 δόξαν

2218 4287 2370 4343 Tum
2402 4287 2475 4343 ad
2506 4287 2783 4358 maiorem
2824 4287 2973 4343 hanc
3024 4288 3271 4359 gloriam
3330 4288 3559 4346 invitat.
3589 4291 3723 4347 Veni
3744 4293 3808 4347 in

385 4383 552 4455 Δεῦρο
581 4379 687 4434 ἀπὸ
715 4375 977 4448 Λιϐάνου,
1002 4375 1210 4454 νύμφη.
1245 4379 1410 4451 Δεῦρο
1441 4374 1548 4429 ἀπὸ
1598 4369 1830 4428 Λιϐάνου
1884 4372 2024 4430 ἑλεύ·

2154 4377 2382 4445 Libano,
2415 4392 2632 4448 sponsa.
2680 4378 2819 4448 Age,
2876 4377 2949 4434 de
2998 4377 3218 4435 Libano
3270 4377 3488 4436 venies.
3541 4381 3807 4448 Quando,

387 4489 479 4544 σῃ.
513 4467 687 4538 Ἐπεὶ,
723 4467 912 4543 φησὶν,
940 4464 1215 4536 ἰλήλυοας
1249 4463 1325 4528 είς
1361 4463 1425 4518 τὸ
1470 4470 1570 4532 τῆς
1605 4462 1850 4536 σμύρνης
1891 4458 2018 4538 ὅρος

2152 4467 2365 4539 inquit,
2398 4464 2614 4522 venisti
2645 4466 2719 4522 ad
2750 4467 2996 4540 myrrﬁae
3030 4472 3315 4537 montem,
3348 4473 3406 4525 et
3466 4470 3538 4525 ad
3597 4469 3806 4526 collem

385 4559 473 4613 καὶ
527 4551 821 4628 συνανὲϐης
873 4576 968 4630 μοι
1033 4554 1228 4630 βουνὸν
1285 4551 1446 4608 αὐτὸν
1501 4552 1591 4606 τὸν
1641 4556 1738 4606 τοῦ
1791 4545 2020 4606 λιϐάνου

2153 4555 2350 4612 thuris
2410 4571 2641 4611 mecum
2697 4557 3094 4614 conscendisti
3145 4573 3157 4613 :
3243 4558 3354 4615 hoc
3408 4564 3518 4630 est,
3579 4577 3812 4616 mecum

386 4645 582 4723 ἤγουν,
632 4646 755 4721 ἐμοὶ
821 4645 1134 4714 συνέπαθες,
1195 4640 1343 4715 ἤτοι,
1413 4639 1827 4712 συνεδοξάσθης·
1889 4637 2024 4717 δεῦρι

2159 4661 2333 4718 passa
2361 4662 2442 4712 es,
2477 4649 2534 4701 et
2563 4645 2739 4700 simul
2791 4645 3044 4718 gloriam
3103 4647 3426 4719 accepisti;
3466 4664 3592 4720 age,
3625 4649 3698 4704 de
3719 4649 3812 4704 Li-

391 4735 589 4792 λοιπὸν
630 4729 862 4807 ἀνάϐηθι
904 4735 1076 4810 τάχος
1104 4733 1163 4788 ὲκ
1208 4736 1306 4788 τοῦ
1354 4725 1594 4788 Λιϐάνου
1643 4730 1778 4807 πρὸς
1834 4725 2017 4804 ὑψηλά

2157 4737 2311 4792 bano
2343 4752 2408 4790 ac
2437 4733 2788 4790 sublimiora
2819 4737 3090 4808 quaedam
3126 4737 3507 4808 perfectionis
3537 4737 3667 4793 loca
3713 4755 3811 4794 ce-

391 4824 522 4901 τςρά
583 4845 704 4880 τινα
748 4827 848 4894 τῆς
913 4829 1198 4900 προκοπῆς
1255 4819 1461 4897 χωρία,
1517 4820 1606 4876 καὶ
1671 4820 1746 4894 μὴ
1796 4821 2024 4891 παυθήσπ

2157 4825 2358 4881 leriter
2387 4824 2658 4880 ascende.
2689 4823 2803 4880 Nec
2835 4841 3062 4881 mecum
3095 4825 3334 4882 desinas
3384 4826 3657 4898 progredi
3688 4826 3815 4882 lon-

392 4913 620 4971 πώποτε
682 4907 1147 4970 συναναϐαίνουσά
1212 4933 1333 4985 μοι,
1383 4909 1473 4966 καὶ
1527 4909 1797 4988 φεύγουσα
1840 4907 2024 4983 παρδάη

2160 4914 2315 4986 gius,
2348 4912 2658 4969 declinatis
2716 4915 3033 4985 pardorum
3092 4912 3452 4985 leonumque
3493 4913 3816 4970 cubilibus.

390 5002 532 5061 λεων
580 5001 816 5079 μάνδραις
855 5001 945 5058 καὶ
975 5006 1081 5058 τῶν
1132 5000 1393 5058 λεόντων.
1428 4999 1576 5054 Ἐπεὶ
1628 4995 1675 5052 δ’
1706 4999 1733 5053 ὁ
1765 4997 1935 5074 λόγος
1963 4997 2023 5074 γέ

2164 5006 2278 5060 Hoc
2309 5007 2502 5059 autem
2535 5019 2596 5058 re
2625 5002 2756 5075 ipsa
2799 5007 2856 5058 et
2905 5003 3074 5059 factis
3125 5021 3258 5059 cum
3293 5009 3451 5059 esset
3482 5004 3812 5076 expletum,

391 5115 551 5171 γονεν
595 5089 756 5170 ἔργον
803 5091 864 5148 ἐκ
908 5096 1015 5147 τῶν
1067 5090 1426 5168 πραγμάτων,
1486 5087 1575 5143 καὶ
1631 5089 1919 5161 συνυψώθη
1971 5092 2024 5143 τί

2163 5096 2218 5148 et
2249 5108 2468 5164 sponsa
2489 5107 2620 5147 cum
2654 5090 2884 5147 Christo
2910 5107 3055 5164 puro
3097 5108 3316 5164 sponso
3349 5091 3522 5148 simul
3559 5092 3819 5148 exaltata

392 5187 612 5261 Χριστῷ
650 5187 729 5256 τῷ
772 5184 992 5258 καθαρῴ
1035 5180 1283 5259 νυμφίῳ,
1332 5179 1383 5234 οἳ
1434 5175 1590 5257 φίλοι
1635 5175 2024 5254 κατεπλάγησα

2163 5186 2340 5252 esset,
2386 5179 2562 5236 amici
2613 5181 3025 5253 progressione
3083 5181 3332 5254 virginis
3390 5182 3816 5256 obstupefacti,

393 5275 498 5344 τὴν
529 5272 816 5349 προκοπὴν
847 5277 946 5342 τῆς
977 5270 1219 5348 νύμφης,
1250 5267 1340 5324 καὶ
1371 5267 1508 5345 πρὸς
1540 5264 1704 5337 αὐτὴν
1741 5265 2024 5341 ᾀσματικῶ

2166 5270 2252 5327 sic
2281 5285 2409 5327 eam
2442 5275 2718 5327 canentes
2747 5275 2890 5327 sunt
2929 5269 3168 5328 allocuti
3194 5287 3208 5326 :

397 5360 606 5434 ἐξεῖπον
633 5363 734 5432 τὴν
763 5358 1050 5437 παρθένον·

462 5448 829 5528 Ἐκαρδίωσας
856 5453 1026 5525 ἡμᾶς,
1059 5445 1270 5524 ἀδελφή
1301 5449 1462 5524 ἡμῶν
1492 5447 1704 5526 νύμφη.

470 5538 751 5614 Ἐδίδαξας
781 5541 954 5615 ἡμᾶς,
1003 5539 1154 5619 φασὶ,
1203 5535 1327 5612 περὶ
1376 5536 1510 5595 Θεοῦ
1541 5559 1594 5594 τι
1641 5534 1834 5608 πλέον,
1889 5537 2060 5614 ὁρῶν-

2235 5447 2562 5505 Vulnerasti
2578 5465 2670 5506 cor
2697 5456 2967 5518 nostrum,
3006 5466 3162 5507 soror
3185 5454 3376 5506 nostra
3407 5466 3641 5520 sponsa.

2240 5545 2319 5596 De
2349 5539 2468 5596 Deo
2499 5555 2606 5597 nos
2636 5539 2920 5612 quiddam
2939 5539 3199 5613 amplius
3215 5540 3657 5609 docuisti,dum
3679 5557 3826 5598 ocu-

466 5726 517 5766 “
542 5725 715 5788 Joan.
745 5741 864 5797 xu,
893 5724 992 5784 28.

725 5854 995 5921 Panos.
1039 5851 1155 5918 GI.
1199 5846 1434 5918 CXXII.
3432 5850 3516 5914 ,ο
