4110 6414
316 366 437 428 619

320 498 445 556 lum
475 500 688 558 animo
710 504 846 572 tua,
907 519 940 560 ο
998 517 1235 575 sponsa,
1269 501 1543 557 ardenter

317 605 535 661 sponso
569 592 850 663 deﬁxum,
880 593 1144 663 dumque
1174 592 1384 646 animas
1432 595 1545 647 tua:
1595 589 1832 647 oculum
1858 585 1969 643 levi

320 677 534 735 Christi
574 681 721 753 jugo
767 681 1073 737 subditum
1105 685 1475 736 contuemur.
1525 679 1669 735 Vere
1700 694 1801 733 cor
1833 691 1967 730 nos-

1740 368 1774 426 f
1788 363 2077 426 HAELIS
2120 362 2397 426 PSELLI

1706 497 1890 555 Verbo
1919 500 1978 552 et
2005 498 2058 565 Α
2087 495 2181 555 τάς
2211 515 2306 550 σου
2337 494 2429 549 τὸν
2466 491 2754 572 ὀφθαλμὸν
2785 496 2877 551 τὸν
2908 503 3009 567 τῆς
3058 468 3347 573 ψυχῆςῶ
3375 495 3586 577 νύμφη,
3615 508 3741 574 θερ-

3614 365 3745 428 620

2084 588 2204 656 μῶς
2235 584 2604 655 ἐνατε-ιίζοντα
2630 590 2711 659 τῷ
2742 587 2899 661 Λόγῳ
2948 587 3038 642 καὶ
3065 586 3309 666 νυμφίῳ,
3360 588 3449 643 καὶ
3488 594 3589 658 τῆς
3639 590 3741 662 ψυ-

2079 679 2193 748 χῆς
2219 674 2312 727 τὸν
2338 673 2625 751 τράχηλον
2646 682 2746 746 τῆς
2776 680 2876 741 σῆς
2910 673 3272 741 ὑποκλιθὲντα
3300 677 3391 731 καὶ
3427 681 3526 732 τοῦ
3573 679 3740 753 Χρισ-

320 774 505 839 trum,
539 769 835 841 inquiunt,
868 769 1156 837 excitasti,
1181 772 1385 841 postea
1414 785 1591 841 quam
1625 783 1695 822 ex
1723 771 1780 822 te
1813 764 1971 820 didi-

2091 767 2175 818 τοῦ
2205 764 2294 818 τὸν
2328 763 2560 843 ἐλαφρὸν
2592 766 2752 841 ζυγὸν
2784 761 3241 829 ἂναλαϐόντα.Ὠς
3274 762 3442 829 ὅντως
3475 764 3738 842 ἐκαρδίω-

322 855 516 914 cimus
544 857 719 915 Verbi
751 860 1238 915 incarnationem.
1299 860 1485 930 Atque
1533 858 1605 912 ad
1646 856 1804 911 hunc
1834 852 1970 926 qui-

323 945 457 1002 dem
490 949 733 1005 modum
779 948 952 1005 amici
983 948 1283 1021 Virginem
1317 946 1755 1003 collaudarunt.

908 1146 1096 1201 Trium
1132 1148 1389 1200 Patrum.

395 1251 508 1309 Sed
540 1252 822 1325 quoniam
854 1256 979 1309 tota
1007 1270 1070 1309 es
1097 1253 1242 1309 adeo
1273 1250 1543 1325 pulchra,
1603 1250 1729 1305 υθηὶ
1781 1248 1850 1304 de
1881 1249 1975 1304 Li-

324 1341 487 1413 bano,
515 1358 737 1415 sponsa,
766 1344 899 1399 vem'
935 1342 1000 1398 de
1045 1342 1275 1398 Libano.
1328 1341 1414 1396 Ad
1465 1356 1558 1395 me
1589 1340 1690 1412 qui
1716 1355 1978 1411 compre—

322 1431 501 1487 bendi
555 1447 809 1505 nequeo,
871 1432 1221 1505 progredere
1252 1446 1487 1503 semper
1515 1446 1586 1487 ex
1626 1428 1764 1498 ﬁde,
1822 1428 1975 1500 (quae

324 1517 563 1592 quidem
594 1519 712 1577 Deo
745 1538 859 1576 non
893 1519 1065 1576 aliter
1097 1537 1159 1575 ac
1193 1520 1354 1589 thus,
1389 1518 1444 1573 id
1479 1523 1676 1575 autem
1707 1524 1797 1575 est
1827 1516 1977 1574 liba-

330 1625 465 1679 nus,
497 1609 764 1681 oﬂ‘ertur)
792 1626 894 1682 per
948 1625 1116 1683 spem
1151 1608 1466 1683 proficiens
1497 1608 1571 1664 ad
1604 1606 1974 1675 cbaritatem,

328 1704 570 1772 propter
598 1714 775 1772 quam
808 1714 915 1773 ego
946 1699 1135 1756 factus
1158 1714 1291 1755 sum
1316 1698 1512 1768 homo,
1543 1701 1601 1753 et
1629 1700 1691 1752 tu
1724 1695 1977 1753 efﬁceris

331 1793 507 1845 Deus.
540 1789 773 1845 Etenim
813 1789 1033 1857 venies,
1093 1792 1269 1861 atque
1326 1786 1631 1861 pervenies
1678 1786 1749 1841 ab
1807 1784 1977 1841 initio

2081 872 2176 916 σας
2200 855 2371 925 ἡμᾶς,
2404 853 2584 933 φασὶν,
2616 855 2652 924 ὴ
2685 854 2892 933 νύμφη·
2926 855 3001 918 ὡς
3062 856 3169 911 ἀπὸ
3211 860 3308 910 σοῦ
3348 856 3449 933 γάρ
3493 853 3735 933 ἔγνωμεν

2078 942 2178 1010 τὴν
2212 942 2481 1016 σάρκωσιν
2513 940 2610 998 τοῦ
2658 943 2863 1019 Δόγου.
2915 943 3074 1003 Οὕτω
3123 946 3218 1020 μὲν
3252 944 3343 1001 οὖν
3375 943 3641 1020 ἐπῄνεσαν
3685 947 3739 1002 οἳ

2083 1029 2236 1110 φίλοι
2267 1032 2366 1101 τὴν
2394 1032 2680 1108 παρθένον.

2653 1143 2771 1196 Τῶν
2819 1141 2866 1219 γ’
2896 1142 3167 1217 Πατὲρων.

2155 1247 2322 1303 Ἐπάν
2376 1243 2433 1302 δὲ
2480 1244 2654 1310 οὕτως
2702 1244 2810 1319 ὅλη
2867 1248 3130 1325 ὑπάρχεις
3184 1248 3351 1321 καλὴ,
3406 1256 3573 1328 Δεῦρο
3632 1250 3743 1307 ἀπὸ

2085 1330 2322 1391 Λιϐάνου
2389 1336 2618 1415 νύμφη,
2675 1332 2831 1412 δεῦρο
2880 1337 2987 1393 άπὸ
3034 1333 3298 1395 Λιϐάνου·
3351 1336 3538 1416 ἤγουν,
3597 1336 3745 1416 Πρός

2088 1446 2155 1499 με
2184 1424 2583 1501 ἆπερίγραπτον
2617 1424 2697 1481 ἀεὶ
2727 1426 2891 1481 ποιοῦ
2921 1428 3020 1497 τὴν
3062 1427 3284 1503 πορείαν
3332 1430 3439 1485 ἀπὸ
3482 1429 3740 1501 πίστεως,

2084 1516 2201 1585 ἣτις
2250 1518 2368 1587 Θεῷ
2412 1515 2775 1590 προσφέρεται
2828 1518 2920 1571 οἷα
2968 1511 3205 1584 λίϐανος,
3261 1514 3331 1573 δι’
3400 1516 3625 1582 ἐλπίδος
3666 1518 3742 1583 εἷς

2084 1604 2183 1673 τὴν
2229 1602 2448 1680 ἀγάπην
2495 1603 2920 1679 προκύπτουσα·
2974 1601 3045 1661 δι’
3106 1605 3174 1676 ἦν
3218 1606 3328 1683 ἑγὼ
3376 1608 3604 1683 γίνομαι
3646 1605 3740 1665 ἄν·

2087 1695 2326 1769 ορωπος,
2393 1692 2483 1749 καὶ
2551 1692 2615 1749 σὺ
2672 1693 2799 1770 γίνῃ
2867 1694 3018 1757 Θεός.
3087 1695 3186 1752 Καὶ
3239 1697 3343 1773 γὰρ
3403 1695 3600 1774 ἐλιὺσςλ
3648 1699 3741 1754 καὶ

2088 1780 2339 1858 διελεόσῃ
2406 1783 2497 1839 ἀπ’
2560 1782 2739 1859 ἀρχῆς
2806 1783 3040 1848 πίστεως
3110 1785 3217 1841 ἀπὸ
3265 1794 3511 1864 κεφαλῆς
3556 1789 3740 1864 Σανὴρ

333 1877 491 1950 ﬁdei,
523 1894 556 1934 a
576 1878 766 1952 capite
796 1878 968 1935 Sanir
996 1881 1053 1935 et
1098 1883 1379 1935 Aermon.
1411 1877 1480 1933 Et
1508 1875 1705 1933 venies
1737 1875 1976 1948 quidem

2091 1873 2175 1927 καὶ
2235 1873 2511 1946 Ἀερμὼν,
2576 1873 2665 1927 καὶ
2735 1870 2927 1947 ἐλευσῃ
3004 1875 3099 1947 μὲν
3154 1875 3291 1950 πρός
3345 1897 3412 1949 με
3456 1881 3524 1951 τῇ
3577 1877 3743 1952 ὁλικῇ

329 1968 400 2024 ad
427 1982 520 2024 me
551 1984 684 2023 cum
716 1968 878 2024 omni
898 1967 1182 2025 charitate
1208 1992 1223 2037 ;
1254 1966 1554 2039 pervenies
1584 1970 1780 2023 autem
1810 1963 1982 2022 vehe-

328 2057 513 2113 menti
546 2073 681 2113 cum
710 2058 935 2129 impetu
994 2073 1098 2130 per
1149 2057 1445 2113 fornacem
1503 2057 1800 2112 variarum
1853 2059 1977 2111 tum

326 2145 522 2203 carnis
551 2148 679 2202 tum
704 2147 904 2202 mundi
926 2146 1346 2218 tentationum,
1377 2161 1481 2218 spe
1502 2146 1868 2202 confirmata.
1886 2144 1981 2199 Sic

325 2239 523 2292 autem
556 2236 774 2307 venies,
807 2239 861 2292 et
892 2235 1234 2309 pervenies;
1261 2236 1537 2307 quoniam
1590 2236 1660 2291 ad
1713 2250 1826 2303 me,
1859 2250 1977 2290 non

327 2340 431 2397 per
462 2324 954 2397 incredulitatem,
990 2328 1053 2380 ut
1081 2325 1308 2398 primus
1339 2323 1536 2393 homo,
1564 2324 1665 2397 qui
1696 2340 1800 2396 spe
1832 2323 1981 2379 divi—

328 2414 538 2471 nitatis
569 2414 847 2488 deceptus
877 2418 987 2484 est,
1016 2415 1129 2470 iter
1158 2415 1350 2471 facere
1379 2414 1632 2486 coepisti,
1665 2414 1765 2470 sed
1797 2412 1982 2486 perti-

329 2504 461 2560 dem
492 2520 506 2559 :
543 2521 671 2577 quae
706 2505 947 2578 quidem
980 2504 1148 2567 ﬁdes.
1182 2508 1246 2561 ut
1277 2508 1473 2578 caput,
1508 2504 1865 2577 principium
1894 2507 1985 2559 est

331 2594 404 2650 ad
422 2593 699 2651 virtutem
734 2595 1006 2652 ducentis
1034 2595 1160 2663 via,
1192 2611 1371 2669 quam
1404 2594 1629 2650 indicat
1655 2592 1847 2663 Sanir,
1880 2608 1981 2647 cu-

322 2683 427 2756 jus
458 2683 860 2756 interpretatio
889 2688 1000 2751 est,
1024 2682 1277 2739 lucernas
1308 2683 1439 2739 via:
1472 2688 1531 2739 et
1563 2698 1666 2754 per
1695 2698 1882 2755 spem,
1917 2684 1984 2737 ut

332 2774 656 2832 subleveris
670 2779 727 2832 et
741 2775 1019 2832 recreeris
1047 2775 1118 2832 ab
1141 2790 1315 2832 onere
1337 2779 1513 2847 atque
1540 2777 1683 2830 aestu
1715 2774 1981 2846 gravium

329 2863 599 2919 laborum
632 2872 686 2920 et
715 2864 1124 2921 molestiarum
1150 2880 1163 2918 :
1191 2864 1349 2937 quod
1403 2880 1507 2936 per
1534 2865 1785 2920 Aermon
1816 2861 1984 2918 intel-

329 2950 555 3027 ligitur,
582 2970 761 3026 quam
784 2955 1021 3026 quidem
1045 2971 1245 3010 vocem
1279 2970 1468 3009 rorem
1503 2953 1981 3024 interpretamur.

329 3048 522 3116 Atque
550 3043 633 3098 ita
663 3042 878 3099 cubilia
895 3044 1154 3112 leonum,
1180 3043 1620 3115 pardorumque
1648 3046 1877 3097 montes
1901 3042 1983 3097 in-

328 3130 581 3187 columis
612 3131 897 3188 evitabis:
944 3148 1300 3187 consensum
1351 3130 1625 3187 videlicet
1656 3130 1980 3186 carnalium

2089 1962 2291 2037 ἀγάπῃ·
2345 1958 2595 2037 διελεόσῃ
2654 1958 2711 2016 δὲ
2761 1962 3113 2039 ἀκατασχὲτῳ
3161 1969 3239 2036 τῷ
3290 1968 3599 2043 φρονήματι
3641 1968 3744 2036 τὴν

2088 2051 2317 2125 κάμινον
2358 2055 2466 2106 τῶν
2518 2048 2567 2106 ἐν
2618 2052 2773 2127 σαρκὶ
2837 2053 2928 2107 καί
2993 2055 3187 2126 κόσμῳ
3232 2055 3501 2110 παντοίων
3556 2077 3746 2133 πειρα-

2086 2140 2291 2216 τηρίων
2334 2144 2403 2215 τῇ
2458 2137 3060 2215 ἐλπίδιστηριζομένη.
3112 2142 3271 2201 Οὕτω
3304 2141 3363 2200 δὶ
3411 2143 3606 2221 ἐλεύσῃ
3655 2146 3746 2203 καὶ

2089 2226 2339 2304 διελεόσῃ
2407 2225 2698 2303 ἐπειδήπερ
2780 2228 2887 2285 ἀπὸ
2958 2229 3191 2294 πίστεως
3278 2232 3377 2303 τὴν
3475 2233 3612 2307 πρός
3680 2255 3751 2310 με

2089 2317 2313 2395 πορείαν
2360 2314 2511 2395 ἤρξω
2554 2319 2865 2388 ποιεῖσθαι,
2916 2319 3004 2374 καὶ
3055 2318 3157 2376 οὑκ
3213 2319 3263 2394 ἐξ
3314 2321 3564 2386 ἀπιστίας
3611 2324 3751 2380 κατὰ

2089 2409 2180 2464 τὸν
2257 2404 2692 2483 πρωτόπλαστον
2768 2406 3124 2474 δελεασθέντα
3205 2408 3390 2467 ἐλπίδι
3468 2413 3747 2486 θεότητος·

2091 2498 2214 2569 ἥτις
2264 2498 2442 2561 πίστις
2491 2501 2581 2553 οἷα
2627 2496 2865 2574 κεφαλή,
2922 2499 3069 2576 ἀρχή
3105 2499 3217 2556 ἐστι
3264 2507 3367 2572 τῆς
3392 2522 3452 2558 τε
3474 2504 3590 2559 κατ’
3620 2503 3747 2579 ἀρε-

2089 2591 2188 2661 τὴν
2239 2589 2658 2665 πεφωτισμὲνης
2728 2586 2859 2644 ὁδοῦ
2914 2590 3070 2668 (ὅπερ
3132 2591 3196 2648 τὸ
3255 2594 3439 2671 Σανήρ
3488 2601 3744 2670 παριστᾷ,

2092 2679 2216 2741 ὁδὸς
2293 2679 2503 2756 λύχνου
2580 2679 3064 2756 ἑρμηνευόμενον),
3115 2684 3204 2739 καὶ
3263 2691 3364 2755 τῆς
3421 2682 3491 2740 δι’
3551 2684 3749 2743 ἐλπίδα

2093 2772 2378 2846 ἀναψυχῆς
2424 2774 2523 2825 τοῦ
2600 2769 2799 2846 βάρους
2855 2770 2945 2826 καὶ
2995 2769 3093 2827 τοῦ
3145 2771 3425 2835 καύσωνος
3482 2782 3581 2845 τῆς
3636 2780 3745 2832 τῶν

2093 2860 2364 2916 ἀκουσίων
2419 2858 2600 2914 πόνων
2675 2857 2987 2936 ἐπαγωγῆς·
3046 2859 3180 2937 ὅπερ
3248 2858 3417 2932 δηλοῖ
3478 2864 3542 2919 τὸ
3590 2865 3748 2940 Ἀερ-

2097 2950 2235 3025 μὼν,
2297 2946 2491 3022 δρόσος
2544 2947 3000 3024 ὶρμηνευόμενον·
3053 2949 3144 3005 καὶ
3206 2951 3350 3007 οὕτω
3421 2952 3752 3032 φυλαχθήσῃ

2092 3041 2197 3096 ἀπὸ
2227 3037 2478 3114 μανδρῶν
2528 3036 2790 3109 λεόντων,
2849 3039 2954 3095 ἀπὸ
2995 3039 3165 3115 ὀρέων
3191 3040 3537 3118 παρδάλεων·
3596 3044 3749 3116 ἤτοι,

2089 3131 2195 3187 ἀπὸ
2252 3136 2351 3200 τῆς
2382 3126 2536 3199 δίκην
2576 3125 2813 3206 μάνδραις
2841 3127 3107 3200 ἐνωτικῆς
3156 3131 3291 3186 κατὰ
3322 3137 3419 3187 σοῦ
3483 3133 3750 3206 ὁμονοίας

329 3218 721 3293 voluptatum,
753 3238 881 3294 quas
923 3220 1161 3277 leonum
1194 3220 1383 3275 instar
1413 3235 1626 3292 magno
1659 3220 1883 3293 impetu
1918 3219 1976 3275 in

2091 3226 2197 3276 τῶν
2247 3240 2346 3274 κατ
2377 3216 2622 3292 ἔλλειψιν
2673 3224 2775 3288 τῆς
2817 3219 3017 3296 ἀρετῆς
3060 3225 3331 3297 σαρκικῶν
3377 3219 3745 3297 ἡδυπαθειῶν,

327 3313 408 3379 te,
440 3314 507 3367 ut
535 3327 567 3366 a
594 3310 810 3366 virtute
841 3310 1100 3377 delicias,
1125 3314 1341 3365 ruunt:
1376 3317 1434 3365 et
1460 3309 1815 3365 tentationes
1845 3308 1979 3366 illas

2091 3310 2417 3386 τυραννικῶς
2466 3308 2555 3362 οἷα
2612 3304 2843 3362 λεόντων
2908 3308 3254 3381 ποιουμένων
3319 3311 3457 3366 κατὰ
3505 3315 3603 3367 σοῦ
3647 3313 3743 3377 τὰς

330 3414 460 3471 quas
490 3414 561 3455 ex
585 3398 822 3455 virtutis
853 3399 1214 3471 praestantia,
1243 3402 1527 3470 tanquam
1556 3414 1627 3453 ex
1653 3397 1790 3453 altis
1814 3414 1980 3454 mon-

330 3488 514 3555 tibus,
546 3490 613 3543 ut
644 3488 981 3560 arrogantia
1010 3486 1292 3551 eﬂ‘eraris,
1330 3486 1437 3541 tibi
1466 3490 1706 3541 struunt
1734 3485 1985 3543 insidias

334 3575 780 3645 fraudulenter;
811 3577 965 3648 quod
997 3575 1236 3648 quidem
1277 3575 1595 3647 pardorum
1616 3574 1867 3630 varietas
1895 3574 1987 3631 in-

337 3665 514 3723 dicat.
534 3664 770 3732 Venies,
790 3671 846 3721 et
873 3665 1194 3737 pervenies,
1226 3668 1285 3721 et
1313 3663 1736 3730 servaberis,nt
1762 3663 1986 3721 dictum

336 3760 445 3812 est.
480 3755 755 3825 Quoniam
809 3756 1125 3811 vulnerasti
1180 3770 1273 3811 cor
1324 3760 1603 3825 nostrum,
1660 3769 1816 3810 soror
1844 3771 1985 3824 mea,

332 3861 555 3918 sponsa.
588 3846 735 3912 Quia
762 3844 983 3901 scilicet
1028 3845 1086 3900 in
1132 3861 1391 3901 amorem
1425 3848 1482 3899 et
1511 3842 1869 3900 desiderium
1897 3843 1988 3901 tui

335 3935 641 3992 concitasti
665 3940 783 3992 tres
801 3935 976 3991 unius
990 3934 1318 3991 divinitatis
1337 3934 1739 4007 personas,cui
1767 3939 1985 4003 mente,

331 4027 556 4083 ratione
576 4030 634 4082 et
663 4026 871 4097 spiritu
910 4025 1205 4098 placuisti,
1257 4042 1289 4080 ο
1335 4041 1462 4097 quae
1497 4023 1644 4078 mihi
1679 4023 1835 4079 inter
1866 4040 1988 4079 car-

328 4116 423 4172 nis
454 4115 931 4186 conjunctionem
965 4131 1027 4169 es
1059 4130 1263 4179 soror;
1298 4117 1537 4184 propter
1582 4112 1985 4168 voluntarium

331 4208 527 4262 autem
560 4204 865 4260 charitatis
895 4202 1198 4259 vinculum
1222 4206 1395 4273 atque
1414 4202 1689 4257 unionem
1719 4202 1984 4274 spiritus,

331 4294 689 4366 desponsata
722 4309 783 4348 es
819 4291 964 4347 mihi
1011 4291 1139 4362 (qui
1170 4308 1302 4346 sum
1338 4307 1455 4346 una
1477 4308 1543 4346 ex
1570 4292 1761 4347 tribus
1784 4308 1984 4363 perso-

335 4382 447 4455 nis)
480 4381 783 4454 unigenito
815 4380 1100 4435 nimirum
1133 4379 1323 4435 Patris
1376 4380 1536 4435 Filio.
1589 4380 1814 4435 Etenim
1848 4396 1981 4435 cum

333 4475 540 4529 sancta
562 4471 868 4542 Scriptura
900 4468 1110 4542 plurali
1137 4469 1325 4524 utitur
1348 4486 1590 4525 numero
1621 4468 1868 4540 loquens
1889 4471 1985 4525 de-

332 4563 470 4630 Deo,
504 4559 917 4617 sanctissimas
945 4557 1081 4615 illas
1110 4558 1330 4615 indicat
1353 4563 1471 4614 tres
1493 4574 1797 4631 personas,
1820 4574 1983 4631 mys-

2092 3397 2290 3474 ὁρμὰς,
2338 3394 2427 3451 καὶ
2478 3395 2584 3450 ἀπὸ
2611 3399 2719 3451 τῶν
2748 3395 2868 3450 καθ’
2909 3391 3220 3474 ὑπερϐολὴν
3264 3399 3368 3469 τῆς
3415 3399 3609 3475 ἀρετῆς
3640 3422 3743 3457 πα.

2094 3490 2222 3554 θῶν,
2271 3484 2360 3564 ἀφ’
2407 3482 2574 3559 ὕψους
2616 3484 2711 3547 τὰς
2770 3481 2995 3564 ἐφόδους
3056 3488 3193 3542 κατὰ
3254 3493 3351 3543 σοῦ
3396 3489 3734 3563 ποιουμένων

2094 3571 2320 3643 δολίως,
2363 3573 2498 3648 ὅπερ
2544 3571 2607 3627 τὸ
2661 3571 2918 3629 ποικίλον
2972 3578 3081 3630 τῶν
3133 3573 3455 3651 παρδάλεων
3487 3584 3737 3653 παριστί.

2096 3662 2288 3737 ἐλεόσῃ
2337 3659 2396 3717 δὲ
2423 3662 2514 3717 καὶ
2546 3659 2799 3738 διελεύσῃ
2849 3662 2938 3719 καὶ
2988 3662 3345 3743 φυλαχθήσῃ,
3391 3668 3466 3730 ὡς
3508 3667 3743 3745 εἴρηται,

2095 3750 2423 3828 Ἐπειδήπερ
2490 3749 2822 3829 ὲκαρδίωσας
2890 3754 3061 3827 ἡμᾶς,
3128 3752 3336 3834 ἀδελφή
3383 3778 3488 3831 μου
3531 3759 3742 3836 νύμφη·

2098 3841 2382 3915 δηλονότι,
2416 3841 2508 3904 Εἷς
2549 3842 2718 3907 πόθον
2767 3863 2864 3898 σου
2893 3841 3092 3920 ἤγαγες
3119 3844 3214 3909 τὰς
3253 3851 3399 3921 τρεῖς
3430 3844 3746 3911 ὑποστάσεις

2093 3940 2192 4003 τῆς
2245 3938 2371 4005 μιᾶς
2425 3931 2705 4001 Θεότητος,
2748 3932 2821 3995 ὡς
2871 3933 3038 4007 ταύτῃ
3083 3931 3482 4011 εὑαρεστήσασα
3530 3941 3606 4009 νῷ
3654 3935 3746 3992 καὶ

2097 4020 2247 4098 λόγῳ
2312 4021 2402 4075 καὶ
2467 4020 2758 4093 πνεύματι,
2823 4021 2858 4091 ἠ
2927 4018 3017 4076 διά
3067 4022 3161 4094 μὶν
3226 4024 3326 4094 τὴν
3378 4024 3514 4080 κατὰ
3576 4024 3747 4099 σάρκα

2095 4108 2365 4189 ὑμοφυίαν
2433 4106 2641 4188 ἀδελφή
2698 4130 2823 4184 μου,
2895 4107 2984 4165 διὰ
3052 4107 3110 4165 δὲ
3149 4112 3212 4168 τὸ
3279 4111 3339 4168 ἐκ
3380 4113 3749 4190 προαιρέσεως

2094 4197 2439 4270 κολληθῆναί
2501 4219 2594 4272 μοι
2657 4196 2727 4254 δι’
2782 4199 3014 4275 ἀγάπης,
3064 4202 3156 4256 καὶ
3211 4200 3268 4257 ἳν
3328 4205 3539 4277 πνεῦμα
3598 4202 3749 4279 γενέ-

2093 4301 2236 4361 σθαι,
2269 4291 2633 4368 νυμφευθεῖσά
2684 4310 2777 4364 μοι
2824 4295 2902 4363 τῷ
2950 4290 3028 4346 ἒνὶ
3076 4296 3184 4347 τῶν
3228 4291 3533 4369 είρημένων
3580 4298 3750 4370 τριῶν

2098 4381 2464 4450 ὑποστάσεων,
2512 4376 2726 4451 δηλαδὴ
2756 4383 2834 4453 τῷ
2886 4387 3167 4457 μοθογενεῖ
3209 4386 3306 4437 τοῦ
3352 4384 3562 4459 Πατρὸς
3612 4384 3745 4456 Υἱῷ.

2093 4470 2193 4524 Καὶ
2224 4469 2326 4546 γὰρ
2359 4468 2559 4524 ὁπόταν
2609 4469 2643 4539 ἠ
2698 4468 2822 4545 άγία
2862 4470 3050 4548 Γραφὴ
3098 4474 3178 4543 τῷ
3231 4471 3587 4546 πληθυντικῷ
3615 4472 3743 4550 περὶ

2093 4561 2228 4612 Θεοῦ
2302 4556 2571 4635 κέχρηται
2636 4555 2810 4635 λόγῳ,
2885 4558 2988 4628 τὴν
3052 4556 3297 4631 δήλωσιν
3350 4567 3588 4619 ποιεῖται
3635 4566 3744 4618 τῶν

329 4650 443 4708 tice
489 4648 834 4723 signiﬁcans
883 4648 1124 4704 modum
1196 4648 1542 4704 substantias
1595 4652 1980 4704 sacrosancte

2091 4646 2365 4723 παναγίων
2432 4651 2599 4723 τριῶν
2663 4647 3047 4703 ὑποστάσεων·
3131 4654 3407 4722 μυστικῶς
3470 4652 3562 4708 τὸν
3618 4651 3746 4728 τρό-

324 4740 489 4797 illius
515 4739 802 4810 initioque
827 4737 1082 4795 carentis
1112 4737 1375 4794 unitatis.
1395 4736 1543 4802 Quia
1573 4736 1770 4792 unitas
1789 4737 1848 4792 in
1872 4738 1982 4792 tri-

326 4830 534 4896 nitate,
566 4832 626 4885 et
651 4827 887 4884 trinitas
944 4827 1003 4882 in
1055 4826 1284 4883 unitate
1313 4826 1469 4883 Deus
1498 4830 1609 4883 est.
1633 4825 1700 4880 Et
1729 4841 1937 4882 rursus
1961 4842 1975 4881 :

329 4919 649 4977 Vulneraui
672 4933 766 4975 car
796 4921 1042 4973 nostrum
1074 4935 1095 4971 .·
1152 4917 1260 4972 hoc
1290 4920 1381 4972 est
1410 4917 1469 4971 in
1500 4915 1587 4971 tui
1618 4915 1978 4972 desiderium

323 5007 732 5079 inflammasti,
764 5011 891 5063 tum
943 5008 1005 5062 in
1033 5022 1142 5062 uno
1174 5005 1458 5062 oculorum
1500 5010 1751 5077 (uorum,
1785 5008 1982 5061 mente

325 5096 551 5154 scilicet
578 5100 703 5163 tua,
736 5112 850 5166 qua
879 5113 974 5152 res
1006 5095 1246 5151 intuens
1288 5091 1716 5165 intelligibiles,
1751 5110 1846 5150 me
1873 5109 1978 5149 ve-

326 5186 585 5253 ritatem,
620 5190 795 5258 atque
854 5184 1121 5241 omnium
1154 5181 1619 5255 intelligibilium
1653 5184 1831 5240 ﬁnem
1884 5200 1981 5240 co-

325 5276 591 5349 gnitione
622 5279 903 5348 perpetua
924 5272 1343 5343 contempleris
1369 5289 1382 5328 :
1404 5276 1527 5327 tum
1561 5274 1622 5328 in
1652 5288 1760 5328 uno
1790 5277 1984 5345 torque

323 5367 456 5422 colli
485 5367 592 5435 lui,
646 5365 868 5420 ratione
898 5362 1175 5419 videlicet
1203 5366 1327 5427 tua,
1360 5378 1478 5435 qua
1507 5365 1570 5417 tu
1592 5360 1774 5417 veluti
1806 5376 1979 5417 orna-

323 5459 520 5511 mento
574 5453 708 5510 colli
765 5455 1037 5511 decorata
1092 5452 1152 5507 in
1210 5450 1440 5507 cunctis
1500 5449 1853 5517 actionibus,
1886 5467 1980 5507 me

321 5559 626 5600 summum
656 5544 879 5599 bonum
911 5546 970 5598 et
998 5541 1175 5597 finem
1209 5540 1479 5597 omnium
1511 5538 1797 5611 sequeris,
1831 5543 1888 5595 et
1919 5555 1980 5595 re

319 5631 454 5706 ipsa
481 5630 907 5705 benignitatem
940 5646 1134 5688 meam
1165 5629 1476 5701 experiris.
1523 5631 1789 5700 Sponsus
1816 5627 1977 5684 enim

320 5721 593 5780 Christus
619 5726 711 5779 est
738 5722 868 5795 ipsa
895 5719 1133 5786 veritas,
1192 5726 1250 5775 et
1282 5733 1588 5775 summum
1621 5717 1868 5775 bonum.
1903 5718 1979 5774 Ac

2088 4756 2190 4791 πον
2235 4742 2333 4806 τῆς
2375 4734 2640 4813 παναγίας
2684 4735 2774 4792 καὶ
2826 4738 3070 4815 ὼάρχου
3104 4736 3341 4812 μονάδος
3382 4740 3742 4812 σημαίνουσα·

2087 4845 2173 4879 κτι
2229 4824 2398 4897 μονὰς
2456 4825 2508 4880 ἐν
2576 4822 2779 4901 τριάδι,
2843 4826 2931 4882 καὶ
2982 4825 3032 4881 ἐν
3087 4825 3283 4902 μονάδι
3329 4829 3485 4905 τριάς
3531 4828 3673 4886 ἐστιν
3717 4831 3746 4886 ὑ

2090 4912 2221 4977 Θεὸς
2272 4914 2457 4986 ἡμῶν.
2537 4915 2633 4970 Καὶ
2703 4913 2877 4988 αὖθις,
2956 4913 3323 4993 Ἐκαρδίωσας
3594 4918 3746 4990 ἤτοι,

2090 5002 2188 5056 Καὶ
2251 5000 2416 5058 πάλιν
2495 5002 2548 5067 ἐς
2623 5000 2792 5070 πόθον
2859 5025 2956 5061 σου
3022 5004 3246 5083 ἤγαγες,
3288 5006 3352 5062 τὸ
3403 5007 3498 5082 μὲν
3557 5007 3608 5064 ἐν
3671 5006 3747 5064 ἐνὶ

2090 5090 2196 5146 ἀπὸ
2246 5091 2547 5171 ὀφθαλμῶν
2603 5115 2699 5149 σου
2734 5138 2748 5164 ,
2809 5098 2889 5167 τῷ
2946 5090 3476 5172 ἀντιλαμϐανομὲνῳ
3532 5097 3749 5162 πάντως

2087 5184 2199 5235 τῶν
2243 5186 2454 5252 νοητῶν
2501 5180 2590 5239 νοΐ
2632 5204 2766 5257 σου,
2830 5183 3094 5258 ἑωρακότι
3147 5205 3213 5259 με
3254 5186 3448 5263 γνώσει
3497 5184 3747 5260 ἀλήστῳ,

2087 5267 2151 5322 τὸ
2197 5268 2365 5344 πέρας
2417 5268 2634 5325 πάντων
2681 5275 2788 5327 τῶν
2833 5276 3088 5348 γνωστῶν
3137 5274 3238 5344 τὴν
3307 5272 3605 5345 ἀλήθειαν·
3685 5275 3748 5330 τὸ

2092 5354 2151 5411 δὲ
2224 5356 2275 5412 ἐν
2353 5356 2432 5413 lvi
2508 5358 2761 5434 ἐνθὲματι
2835 5360 3128 5437 τραχήλου
3206 5382 3351 5434 σου,
3430 5363 3597 5440 ’ὀσπερ
3673 5363 3749 5425 ὡς

2088 5445 2247 5509 τέλος
2323 5446 2540 5506 πάντων
2612 5453 2718 5505 τῶν
2796 5455 3053 5528 πρακτῶν
3128 5450 3242 5525 είμι
3293 5452 3357 5509 τὸ
3416 5452 3609 5529 ἀγαθὸν
3666 5456 3748 5526 τῷ

2091 5536 2302 5612 λογικῷ
2347 5558 2465 5607 σου,
2510 5539 2585 5603 ὡς
2638 5545 2942 5617 πρακτικῷ,
2993 5541 3087 5596 οἷά
3130 5562 3215 5605 τις
3260 5541 3468 5617 κόσμος
3526 5538 3743 5619 περιδέ-

2090 5647 2243 5702 ραιος
2300 5625 2641 5703 ἐντιθέμενον
2697 5633 2835 5687 κατὰ
2875 5631 3067 5710 πρᾶξιν
3118 5632 3422 5709 παραθέντι
3478 5654 3586 5707 μου
3641 5637 3744 5705 τῆς

2090 5716 2492 5794 χρηστότητος.
2531 5719 2631 5777 Καὶ
2660 5718 2764 5800 γὰρ
2797 5720 2959 5787 αὑτός
3004 5720 3147 5781 ἰστιν
3193 5721 3232 5797 ἠ
3280 5719 3502 5790 ﬁdem:
3537 5721 3631 5780 καί
3678 5722 3745 5782 τὸ
