4110 6390
319 448 437 510 621

1366 448 1781 510 ΟΟΜΜΕΝΤ.
1828 448 1907 508 IN
1953 447 2362 510 CANTICUM
2407 449 2718 512 CANTIC.

3629 463 3749 526 623

315 577 625 656 ἀγαθόν’τδ
659 579 754 654 μὶν
787 577 910 636 ὅταν
966 579 1026 636 ἐκ
1075 585 1176 650 τῆς
1231 577 1418 641 οὖσίας
1467 579 1543 662 ὡς
1594 575 1882 656 ἄτρεπτος,
1915 600 1944 632 τ

2093 581 2304 638 veritas
2362 582 2602 654 quidem
2663 600 2788 640 esse
2847 584 3233 660 intelligitur,
3291 595 3590 662 quatenus
3645 611 3750 667 per

320 667 370 724 δ’
419 669 546 726 ὅταν
591 669 654 726 ἐκ
695 675 796 742 τῆς
843 668 1110 747 ἐνεργείας
1159 669 1234 735 ὡς
1281 669 1620 746 εὐεργετικὸς
1677 667 1828 725 δοκεῖ
1885 691 1982 742 ση-

323 757 600 834 μαίνεσθαι
611 803 624 816 .

1029 936 1277 995 Ψελλοῖκ

393 1045 455 1100 Τί
533 1043 949 1116 ἰκαλλιώθησαν
1038 1043 1236 1118 μαστοί
1334 1055 1474 1116 σου,
1563 1039 1774 1121 ἀδελφή

315 1134 544 1215 νύμφηί
599 1135 660 1190 Τί
743 1133 1162 1206 έκαλλιώθησαν
1253 1132 1454 1208 μαστοί
1542 1154 1638 1188 σου
1720 1134 1825 1188 ἀπὸ
1902 1131 1982 1188 οἷ’-

319 1247 414 1282 νου
443 1227 456 1284 ί

397 1320 657 1375 Ἐνταῦθα
686 1315 852 1373 πάλιν
885 1316 1092 1373 ἐπαινεῖ
1119 1319 1220 1386 τῆς
1261 1314 1405 1381 θείας
1438 1313 1768 1387 Ἐκκλησίας

311 1413 424 1480 Τὴν
455 1415 566 1468 τῶν
593 1415 807 1476 μαστῶν
836 1407 1104 1478 ἐπίδοσιν,
1141 1405 1289 1480 ἤτοι,
1321 1413 1430 1464 τῶν
1475 1405 1850 1484 διδαγμάτων.

317 1501 612 1574 Αὖξήσασα
638 1502 706 1556 τά
733 1500 893 1556 τέκνα
921 1500 1020 1578 γὰρ
1054 1499 1236 1574 ὥσπερ
1275 1501 1408 1574 γυνή
1445 1493 1727 1577 φιλόπαις,

309 1593 414 1647 Τὸν
451 1591 505 1664 ἐξ
537 1592 703 1656 ἐθνῶν
736 1613 882 1669 φημι
915 1589 1070 1662 λαὸν,
1102 1590 1190 1645 καὶ
1218 1594 1408 1644 τοῦτον
1433 1591 1742 1666 καθορῶσα,

315 1682 462 1756 Πρὸς
495 1683 692 1757 μέτρον
726 1682 995 1758 φθάσαντα
1027 1679 1247 1756 στερρὸν
1278 1685 1379 1750 τῆς
1403 1677 1550 1744 θείας
1591 1677 1834 1750 ἡλικίας,

319 1771 416 1826 Καὶ
457 1769 534 1843 μή
567 1767 898 1844 ψελλίζοντα
928 1773 1112 1833 ποσῶς
1144 1768 1220 1831 εἷς
1244 1770 1342 1838 τὴν
1375 1766 1531 1844 ἆγίαν
1565 1767 1768 1840 πίστιν,

317 1861 478 1918 Οἶνον
506 1858 625 1915 ἀντὶ
654 1863 751 1914 τοῦ
775 1857 1046 1936 γάλακτος
1071 1859 1297 1936 προχέει
1323 1859 1442 1913 καθ’
1471 1855 1702 1933 ἡμέραν,

315 1949 612 2008 Τουτέστιν
646 1945 959 2022 ὑψηλότερα
991 1945 1235 2023 δόγματα
1261 1946 1478 2010 τούτοις
1507 1945 1680 2020 νέμει.

317 2038 396 2096 Τὸ
419 2037 546 2112 πρὶν
593 2037 690 2112 μὲν
718 2037 822 2114 γάρ
855 2035 1102 2093 ἐδίδασκε
1128 2036 1356 2098 τούτους
1387 2037 1462 2099 ὡς
1492 2035 1814 2110 νεωτέρους,

315 2129 530 2202 Πατέρα
562 2122 735 2182 σέϐειν
763 2127 850 2182 καὶ
877 2129 1000 2183 Υἱὸν
1033 2129 1121 2182 καὶ
1159 2131 1396 2200 Πνεῦμα,
1430 2126 1556 2182 Θεὸν
1587 2122 1702 2198 ἕνα,

311 2219 488 2293 ’Ὀπερ
520 2218 594 2280 ὡς
622 2214 766 2292 γάλα
794 2216 1000 2294 πέφυκε
1031 2214 1189 2287 δῆθεν
1221 2213 1574 2278 διδασκαλίας
1597 2235 1612 2249 ⁸

316 2311 428 2362 Νῦν
461 2304 519 2362 δὶ
545 2303 780 2362 διδάσκει
813 2311 1137 2382 σωφρονεῖν,
1170 2304 1463 2382 φυλάττειν
1503 2302 1825 2381 παρθενίαν,

317 2395 660 2472 Ἐγκράτειαν
693 2394 1044 2469 ἀσπάζεσθαι,
1079 2394 1256 2474 φιλεῖν
1290 2391 1638 2466 δικαιοσύνην
1665 2413 1678 2426 ·

317 2486 486 2561 "Amp
517 2484 592 2547 ὡς
623 2487 770 2548 οἶνος
804 2481 1057 2540 λέλεκται
1091 2481 1443 2548 διδασκαλίας
1475 2483 1633 2542 εἶναι.

388 2573 491 2632 Καὶ
528 2573 674 2649 ὀσμὴ
707 2573 941 2649 ἱματίων
967 2595 1064 2630 σου
1097 2573 1228 2651 ὑπὲρ
1260 2574 1435 2630 πάντα
1463 2573 1531 2629 τὰ
1573 2572 1858 2650 ἀρώματα.

1879 1065 1984 1117 μου

309 2757 330 2775 ο
482 2757 494 2778 9
603 2757 616 2774 1
721 2759 749 2770 ὐ
1026 2755 1040 2773 1
1151 2759 1180 2771 υ
1397 2752 1409 2774 θ

331 2760 414 2812 Ην
447 2752 475 2811 δ
520 2755 626 2812 ἀπο
657 2777 752 2811 σου
777 2749 1080 2831 περιϐολην
1111 2775 1219 2810 των
1252 2754 1486 2830 ίματιων
1515 2755 1681 2831 φέρω,

310 2845 410 2904 Ἐκ
438 2849 544 2901 τῶν
573 2844 1000 2922 προσαγομένων
1031 2866 1137 2916 σοι,
1167 2845 1334 2924 φημὶ,
1369 2846 1751 2921 θυμιαμάτων,

307 2935 608 3012 Κρείττονα
636 2935 856 2990 πάντων
885 2934 1108 3012 ἥγημαι
1135 2939 1244 2991 τῶν
1271 2934 1575 3013 ἀρωμάτων
1613 2935 1786 3009 μόνην

385 3112 586 3186 Κηρίον
614 3111 975 3182 ἀποστάζουσι
1003 3113 1072 3168 τὰ
1098 3111 1266 3188 χείλη
1301 3133 1419 3183 σου,
1449 3110 1657 3191 νύμφη.

304 3202 408 3258 Ἢν
430 3201 555 3278 γὰρ,
587 3201 742 3274 φησὶ,
773 3207 889 3265 τοῖς
919 3200 1128 3264 τέκνοις
1159 3222 1253 3256 σου
1283 3199 1462 3276 νέμεις
1493 3199 1868 3259 διδασκαλίαν.

308 3289 470 3364 Ὑπὲρ
497 3288 688 3365 κηρίον
719 3287 924 3368 πέφυκε
951 3287 1293 3364 γλυκάζουσα
1321 3286 1410 3344 καὶ
1446 3287 1595 3362 μέλι.

380 3376 526 3435 Μίλι
554 3377 645 3433 καὶ
673 3375 816 3456 γάλα
848 3377 952 3434 ὑπὸ
981 3378 1079 3446 τὴν
1111 3376 1366 3454 γλῶσσάν
1399 3398 1515 3436 σου.

309 3465 388 3525 Οὗ
420 3465 546 3542 γὰρ,
583 3469 737 3544 φησὶ,
766 3462 1063 3540 μονοειδῶς
1091 3465 1184 3521 τὸν
1216 3463 1379 3543 λόγον
1412 3465 1594 3541 νέμεις
1621 3471 1804 3541 πᾶσιν,

307 3555 487 3615 Ἀλλᾶ
507 3553 865 3628 κατάλληλον
895 3555 1052 3612 παντὶ
1081 3554 1169 3611 καὶ
1201 3562 1330 3611 πᾶσι
1360 3558 1477 3612 κατ’
1507 3556 1678 3628 ἀξίαν.

304 3645 449 3711 Τοὺς
511 3647 608 3722 μέν
652 3647 755 3724 γὰρ
829 3644 1313 3725 γαλακτοτροφεῖς,
1369 3647 1497 3710 τούς
1567 3668 1628 3726 γε
1681 3646 1966 3719 νηπιεστέ·

1703 3739 1889 3812 [ρους-

297 3825 444 3892 Ίοὺς
475 3825 521 3882 δ’
552 3825 616 3882 αὖ
647 3847 706 3903 γε
739 3823 1178 3904 μελιτοτροφεῖς,
1199 3825 1440 3881 τουτέστι
1472 3824 1599 3890 τοὺς
1629 3825 1893 3890 τελείους.

381 3918 563 3990 Ὀσμὴ
596 3915 830 3990 ἱματίων
858 3938 956 3972 σου
986 3916 1062 3979 ὡς
1093 3915 1239 3989 ὀσμὴ
1275 3909 1524 3972 λιϐάνου.

305 4005 423 4063 Κᾶν
455 4005 743 4083 ὑπερτέραν
775 4004 979 4071 ἄνωθεν
1010 4006 1228 4062 πάντων
1255 4010 1363 4061 τῶν
1388 4007 1713 4082 ἀρωμάτων,

290 4096 411 4147 Τῶν
443 4091 674 4166 ἱματίων
703 4095 806 4164 τὴν
837 4093 1016 4166 ὀσμὴν
1050 4093 1166 4150 εἶπε
1194 4095 1294 4164 τῆς
1320 4093 1674 4164 Ἐκκλησίας,

299 4180 460 4237 Ἀλλ’
493 4178 614 4253 ἴσην
649 4183 966 4261 ἀπεφήνατο
997 4187 1088 4238 νῦν
1119 4179 1228 4254 ἤδη
1259 4187 1338 4254 τῷ
1368 4177 1602 4256 λιϐάνῳ·

301 4268 438 4346 Εἴγε
467 4271 715 4330 ἀπάντων
738 4272 996 4350 κρείττων
1028 4273 1096 4342 ἦν
1125 4277 1235 4328 τῶν
1268 4271 1574 4347 ἀρωμάτων
1609 4273 1790 4336 οὗτος.

871 4383 987 4436 Τῶν
1021 4381 1070 4455 γ’
1109 4379 1284 4455 Ηατέρ
1293 4400 1386 4437 ων.

369 4469 430 4524 Τί
520 4466 940 4543 ἰκαλλιώθησαν
1041 4469 1236 4544 μαστοί
1329 4489 1466 4542 σου,

297 4557 525 4636 νύμφηῐ

369 4647 553 4718 Ἤτοι,
604 4647 930 4722 Θαυμασίως
977 4648 1039 4702 τὸ
1096 4649 1238 4704 θεῖον
1295 4645 1504 4710 κάλλος
1560 4641 1955 4722 περιεϐάλοντο

1555 4466 1766 4548 ἀδελφή
1856 4491 1962 4545 μου

2095 671 2410 728 essentiam
2439 677 2530 728 est
2571 672 3000 730 immutabilis:
3036 691 3340 734 summum
3385 685 3582 738 autem
3642 683 3745 740 bo-

2094 777 2260 830 num,
2295 766 2591 834 quatenus
2624 779 2694 819 ex
2741 763 3019 834 operibus
3051 765 3350 824 beneﬁcus
3380 768 3746 830 demonstra-

2093 855 2210 906 tur.

2823 943 3016 998 Psellt'.

2164 1052 2346 1118 Quam
2371 1048 2608 1128 pulchre
2633 1051 2802 1120 facta
2831 1054 2960 1106 sunt
2991 1067 3248 1109 mamma
3278 1061 3405 1120 tuae,
3429 1071 3583 1112 soror
3597 1073 3739 1126 mea,

2092 1153 2312 1210 sponsa.
2369 1139 2546 1208 Quam
2603 1138 2844 1211 pulchra
2917 1143 3064 1211 facta
3117 1147 3252 1198 sunt
3319 1143 3492 1200 ubera
3558 1150 3656 1202 tua
3709 1163 3746 1203 α

2093 1229 2223 1284 υἱηο
2247 1231 2266 1282 !

2165 1317 2270 1374 Hic
2289 1334 2529 1374 rursum
2559 1317 2764 1374 laudat
2785 1319 2992 1375 divinas
3028 1320 3300 1378 Ecclesiae
3331 1323 3601 1395 uberum,
3635 1326 3744 1383 hoc

2091 1413 2201 1476 est,
2235 1405 2686 1480 disciplinarum
2735 1409 3194 1466 incrementum.
3271 1415 3413 1467 Cum
3471 1414 3628 1470 enim
3681 1420 3748 1472 ut

2092 1501 2279 1553 mater
2309 1496 2629 1553 liberorum
2663 1498 3098 1567 amantissima,
3123 1517 3243 1568 eos,
3263 1501 3544 1575 populum
3582 1505 3742 1562 scili-

2091 1592 2180 1643 cet
2209 1605 2276 1644 ex
2306 1587 2579 1661 gentibus
2609 1588 2959 1662 enutritum,
3011 1590 3082 1645 ad
3113 1591 3321 1647 divinae
3351 1593 3538 1650 aetatis
3569 1611 3738 1651 men-

2090 1694 2290 1733 suram
2315 1676 2510 1734 videat
2539 1677 2898 1750 pervenisse,
2960 1695 3063 1735 nec
3124 1681 3383 1753 amplius
3441 1684 3501 1738 in
3534 1690 3740 1742 sancta

2088 1766 2204 1822 fide
2251 1765 2549 1822 balbutire
2607 1770 2710 1822 aut
2751 1767 3024 1824 haesitare
3077 1768 3106 1822 ε’
3168 1786 3274 1842 pro
3329 1769 3479 1828 lacte
3533 1773 3738 1831 vinum

2087 1854 2336 1911 eﬂ'undit
2365 1855 2653 1928 quotidie,
2683 1855 2892 1912 altiora
2937 1856 3056 1913 illis
3087 1875 3410 1933 suggerens
3435 1863 3730 1922 instituta.

2001 1963 2050 2028 Β
2083 1948 2249 2004 Prius
2280 1945 2460 2018 enim,
2494 1949 2560 2000 ut
2615 1946 2904 2015 rudiores,
2961 1948 3207 2004 docebat
3255 1965 3374 2020 eos,
3409 1955 3475 2006 ut
3505 1953 3734 2010 Patrem

2083 2043 2140 2094 et
2189 2037 2400 2092 Filium
2423 2039 2480 2091 et
2507 2035 2790 2108 Spiritum
2815 2040 3088 2093 sanctum
3109 2037 3292 2095 Deum
3317 2057 3502 2098 unum
3533 2043 3735 2100 adora-

2081 2131 2232 2182 rent.
2293 2125 2456 2192 Quod
2509 2124 2747 2198 quidem
2825 2130 2948 2182 erat
3024 2126 3206 2183 veluti
3283 2129 3562 2186 doctrinae
3621 2131 3730 2189 lac.

2080 2216 2246 2271 Nunc
2307 2217 2505 2269 autem
2559 2217 2780 2280 monet,
2837 2220 2904 2272 ut
2952 2217 3322 2287 modestiam,
3376 2221 3730 2290 castitatem,

2080 2303 2534 2378 temperantiam
2603 2303 3054 2376 amplectantur,
3111 2311 3176 2362 ut
3227 2308 3526 2379 justitiam
3600 2309 3730 2366 dili-

2080 2399 2241 2469 gant.
2317 2396 2452 2461 Quae
2533 2393 2773 2466 quidem
2847 2397 2988 2451 sunt
3060 2393 3240 2452 veluti
3315 2398 3592 2454 doctrinas
3646 2399 3732 2456 vi-

2079 2501 2247 2541 num.

2149 2575 2214 2629 Et
2243 2573 2378 2630 odor
2405 2573 2854 2632 vestimentorum
2907 2577 3133 2630 tuorum
3161 2591 3331 2648 super
3357 2578 3547 2634 omnia
3591 2593 3724 2634 ανο-

2077 2671 2246 2720 mata.

2150 2753 2334 2818 Quem
2393 2753 2548 2808 enim
2613 2767 2682 2807 ex
2749 2755 2806 2808 te
2871 2751 3364 2810 vestimentorum
3440 2755 3727 2814 amictum

2076 2857 2236 2916 gero,
2288 2857 2360 2898 ex
2417 2841 2514 2910 iis,
2574 2841 2846 2913 inquam,
2905 2842 3210 2899 sacrificiis
3249 2860 3378 2917 quae
3410 2844 3556 2900 mihi
3619 2845 3725 2903 abs

2073 2939 2133 2990 te
2163 2932 2510 2999 offeruntur,
2543 2930 2687 2987 illud
2721 2930 2978 2988 arbitror
3032 2933 3310 2991 omnibus
3357 2935 3724 2993 aromatibus

2075 3026 2373 3096 praestare.

2145 3114 2352 3168 Favum
2375 3111 2656 3167 distillant
2676 3111 2830 3166 labia
2857 3113 2974 3182 tua,
3001 3127 3218 3183 sponso.

2145 3202 2418 3258 Doctrina
2447 3201 2604 3256 enim
2623 3217 2738 3272 qua
2758 3202 2950 3257 nutris
2971 3201 3124 3258 filios
3153 3207 3287 3259 tuos
3319 3202 3446 3260 favo
3469 3207 3526 3260 et
3547 3204 3719 3262 melle

2073 3291 2300 3348 dulcior
2329 3293 2436 3346 est.

2145 3381 2247 3436 Mel
2267 3388 2317 3436 et
2345 3381 2433 3436 lac
2459 3385 2558 3434 sub
2590 3377 2787 3450 lingua
2812 3381 2928 3435 tua.

2145 3470 2348 3542 Neque
2399 3468 2558 3526 enim
2609 3469 2814 3524 eadem
2874 3485 3080 3526 omnes
3151 3470 3378 3528 ratione
3433 3471 3568 3542 alis,
3625 3474 3728 3530 sed

2075 3575 2180 3633 pro
2255 3576 2364 3615 sua
2439 3573 2736 3632 quemque
2805 3561 3018 3614 natura
3074 3563 3250 3632 atque
3307 3564 3501 3618 astate.
3580 3563 3730 3619 Nam

2071 3647 2489 3707 imbecilliores
2543 3647 2692 3705 lacte
2735 3648 2954 3720 pascis,
2987 3647 3162 3706 melle
3191 3653 3390 3708 autem
3421 3649 3731 3722 perfectio-

2075 3757 2189 3796 ιιθε.

2146 3919 2300 3976 Odor
2329 3921 2778 3976 vestimentorum
2805 3924 3048 3990 tuorum,
3079 3922 3223 3977 sicut
3248 3921 3384 3978 odor
3411 3921 3618 3978 thuris.

2146 4012 2290 4068 Cum
2323 4011 2596 4068 Ecclesiae
2625 4011 3114 4068 vestimentorum
3162 4015 3400 4070 odorem
3453 4014 3728 4086 superius

2072 4103 2305 4160 cunctis
2337 4103 2702 4158 aromatibus
2734 4103 3156 4175 anteposuerit,
3185 4121 3340 4160 nunc
3371 4103 3530 4159 thuri
3565 4105 3728 4160 simi-

2073 4191 2186 4248 lem
2248 4196 2306 4247 et
2361 4207 2562 4264 parem
2613 4207 2746 4247 esse
2803 4191 3165 4263 pronuntiat.
3213 4192 3378 4248 Thus
3407 4197 3604 4248 autem
3637 4195 3728 4248 est

2072 4282 2339 4339 omnium
2361 4285 2690 4341 aromatum
2719 4281 3298 4354 praestantissimum.

2671 4391 2858 4445 Trium
2890 4391 3128 4446 Patrem.

2143 4479 2319 4547 Quam
2339 4479 2584 4552 pulchrae
2607 4479 2773 4551 facta
2811 4482 2939 4535 sunt
2964 4494 3224 4538 mamma:
3263 4482 3394 4552 tuae,
3416 4495 3572 4536 soror
3599 4495 3728 4536 mea

2297 4573 2310 4609 Ι

2068 4585 2352 4714 ερῗέῗέέῶ
2382 4657 2441 4713 in
2477 4659 2718 4714 modum
2760 4657 3021 4731 profecto
3053 4657 3253 4712 divina
3303 4659 3444 4712 sunt
3473 4655 3728 4730 pulchri-

293 4735 357 4790 τό
404 4757 465 4792 τε
516 4739 848 4814 θεωρητικὸν
898 4735 990 4793 καὶ
1029 4737 1327 4814 πρακτικόν
1367 4757 1485 4806 σου,
1523 4733 1592 4792 δι’
1642 4740 1715 4793 ὧν
1776 4733 1946 4816 ὥσπερ

2095 4749 2272 4803 udine
2331 4748 2639 4818 decoratas,
2703 4745 3028 4819 speculatio
3097 4745 3381 4802 nimirum
3441 4750 3501 4802 et
3554 4746 3724 4815 actio,

293 4829 480 4898 μαζῶν
515 4825 577 4882 ού
609 4829 756 4904 παρὰ
786 4827 966 4900 φύσιν,
1000 4825 1125 4883 ούὂέ
1177 4827 1307 4904 ὑπὲρ
1368 4827 1546 4902 φύσιν,
1597 4825 1744 4883 ἀλλὰ
1800 4849 1955 4908 φυσι-

283 4918 400 4977 κῶς
427 4917 642 4994 τρέφεις
675 4915 865 4992 λόγοις
893 4917 984 4972 καὶ
1026 4917 1256 4994 τρόποις
1309 4916 1448 4993 πρὸς
1499 4911 1800 4980 θεοσέϐειαν
1857 4917 1952 4982 τὰς

285 5004 429 5082 πρὸς
453 5007 644 5080 ταῦτα,
669 5008 761 5061 οἷα
791 5008 1041 5081 νηπίους,
1079 5004 1409 5084 ἐναγομένας
1442 5005 1643 5082 ψυγάς.

359 5274 422 5329 Τί
455 5271 872 5346 ἐκαλλιώθησαν
904 5274 1098 5350 μαστοί
1129 5295 1225 5330 σου
1258 5275 1363 5330 ἀπὸ
1394 5272 1572 5330 oi’vou!

359 5361 634 5430 Δηλονότι
673 5369 842 5420 ταῦτα
891 5363 1034 5419 οὕτω
1085 5363 1402 5438 θαυμασίως
1444 5361 1788 5438 ὡραίσθησαν
1844 5364 1950 5420 ἀπὸ

283 5457 388 5522 τῆς
448 5450 602 5522 δίκην
663 5451 817 5509 οἷ’νου
877 5453 1175 5526 έξιστώσης
1210 5452 1348 5508 αὐτὰ
1402 5454 1539 5510 κατά
1592 5473 1652 5508 τε
1709 5451 1948 5524 ἄληστον

273 5547 483 5618 γνῶσιν
537 5551 638 5614 τῆς
697 5542 962 5616 ἀληθείας
1011 5542 1102 5598 καὶ
1177 5537 1397 5618 βεϐαίαν
1476 5542 1690 5620 ἐνεργὸν
1765 5543 1948 5599 πίστιν

279 5635 384 5688 τοῦ
414 5632 619 5710 ἀγαθοῦ
665 5633 875 5711 χάριτι,
909 5633 1050 5689 θέσει
1095 5632 1360 5698 θεώσεως.
1395 5633 1666 5697 Ἐντεῦθεν
1726 5629 1784 5688 δέ
1837 5632 1950 5690 ἔστι

273 5724 369 5780 καὶ
413 5722 562 5799 ὅσμή
615 5723 852 5798 ἱματίων
909 5725 1044 5800 ὑπὲρ
1083 5725 1259 5779 πάντα
1305 5723 1374 5780 τὰ
1433 5721 1719 5799 ἀρώματα·
1756 5724 1952 5799 ἱμάτια

268 5811 330 5872 δὲ
357 5821 460 5888 τῆς
491 5815 710 5898 νύμφης
750 5817 888 5894 ἅπερ
917 5815 946 5872 ὁ
979 5813 1148 5892 μέγας
1194 5811 1508 5877 ἆτόστολος
1559 5812 1778 5878 Παῦλος
1832 5819 1953 5880 τοῖς

2067 4837 2286 4910 quibus
2317 4841 2598 4909 tanquam
2659 4837 2941 4892 mammis
3002 4853 3118 4890 non
3180 4838 3389 4905 praeter
3423 4839 3724 4901 naturam,

2065 4943 2172 4982 nec
2203 4941 2384 4999 super
2409 4931 2708 4994 naturam,
2754 4925 2854 4982 sed
2907 4925 3233 4981 secundum
3281 4927 3559 4979 naturam
3589 4939 3724 4978 ver-

2063 5016 2157 5074 bis
2214 5019 2270 5072 et
2328 5015 2612 5082 moribus,
2673 5021 2959 5086 tanquam
3017 5013 3294 5083 infantes,
3359 5011 3590 5068 animas
3647 5013 3719 5068 ad

2063 5104 2344 5176 pietatem
2404 5103 2535 5172 alis,
2575 5119 2726 5176 quas
2783 5101 2843 5158 in
2905 5101 2999 5157 his
3057 5099 3460 5157 instituendas
3517 5115 3719 5155 susce-

2062 5192 2225 5266 pisti.

2135 5283 2310 5350 Quam
2339 5279 2570 5352 pulchra
2615 5283 2764 5352 facta
2792 5283 2924 5335 sunt
2955 5279 3134 5335 ubera
3171 5282 3274 5334 tua
3306 5295 3340 5332 α
3366 5279 3538 5334 οἰηοέ

2133 5371 2264 5426 Haec
2290 5371 2509 5444 quippe
2539 5375 2656 5426 tam
2685 5369 2934 5425 miriﬁce
2963 5369 3172 5424 effecta
3201 5372 3344 5423 sunt
3373 5367 3620 5438 pulchra
3651 5381 3720 5422 ex

2061 5457 2364 5514 divinitate
2401 5458 2508 5514 tibi
2554 5455 2740 5530 gratis
2789 5471 3092 5524 concessa,
3126 5471 3160 5509 a
3199 5471 3317 5524 qua
3367 5458 3649 5526 tanquam
3685 5469 3720 5508 ιι

2059 5547 2194 5603 vino
2225 5547 2552 5603 efferuntur
2607 5546 2740 5617 ipsa
2793 5547 2924 5598 tum
2957 5559 3064 5615 per
3091 5543 3399 5598 assiduam
3445 5539 3712 5598 veritatis

2061 5635 2474 5707 cognitionem,
2505 5637 2634 5690 tum
2691 5649 2794 5705 per
2831 5631 3064 5686 ﬁrmam
3103 5631 3236 5686 boni
3265 5630 3616 5687 effectricem
3649 5629 3718 5683 ti-

2059 5725 2216 5782 dem.
2250 5723 2398 5781 Hinc
2429 5723 2608 5780 etiam
2658 5721 3016 5778 diﬁunditur
3046 5721 3194 5776 odor
3225 5721 3714 5776 vestimentorum

2059 5819 2300 5874 tuorum
2331 5827 2512 5884 super
2541 5811 2742 5870 omnia
2769 5813 3056 5868 aromata.
3089 5807 3464 5866 Vestimenta
3511 5809 3713 5864 autem
