4110 6392
370 436 493 497 623

1708 432 2133 495 MICHAELIS
2178 434 2269 494 PS
2282 434 2451 494 ELLI

3680 436 3807 500 634

374 584 789 642 sponsm,qum
838 566 1075 639 quidem
1136 583 1388 639 magnus
1445 567 1752 639 apostolus
1810 566 2022 622 Paulus

2152 562 2417 626 ἐκλεκτοῖς
2469 569 2569 621 τοῦ
2622 571 2777 636 Θεοῦ,
2836 568 3016 643 ἁγίοις
3075 565 3388 624 ἐνδύσασθαι
3443 567 3808 646 έγκελεύεται,

374 660 565 715 electis
599 659 699 713 Dei
728 660 955 726 sanctis,
989 661 1054 712 ut
1111 657 1363 712 induant
1392 656 1676 729 praecipit,
1709 662 1848 712 sunt
1877 658 2031 712 beni-

373 751 560 818 gnitas
588 758 639 804 et
663 748 957 804 humititas
979 747 1061 800 ‘3:
1097 762 1224 817 quas
1282 747 1473 819 primo
1530 762 1765 818 quoque
1803 746 2031 803 homini

376 837 646 893 divinum
663 837 1002 892 mandatum
1028 835 1489 907 assignavit,quo
1512 835 1595 889 illi
1632 836 2035 907 praescriptum

376 926 491 982 fuit
521 931 585 981 ut
614 928 836 982 bonum
870 932 1090 997 ageret,
1122 925 1299 997 idque
1330 943 1433 997 per
1463 924 1860 980 humilitatem
1896 942 2031 980 cus-

373 1017 611 1074 todiret.
652 1016 840 1087 Hujus
862 1020 1060 1071 autem
1117 1015 1507 1086 transgressio
1555 1014 1906 1070 exuitillum
1930 1031 2032 1086 spe

376 1105 703 1163 divinitatis
735 1104 1035 1175 allectum,
1073 1111 1148 1162 .et
1206 1108 1480 1159 naturam
1514 1090 1716 1160 contra
1748 1120 1810 1159 se
1842 1104 2030 1175 ipsam

376 1195 657 1252 efferavit.
691 1200 854 1250 Hanc
886 1211 1020 1250 vero
1070 1193 1227 1249 Deus
1265 1191 1524 1248 Verbum
1580 1210 1787 1248 rursus
1840 1193 2035 1248 induit

375 1285 645 1358 exemplo
675 1301 806 1340 suo.
839 1282 1207 1339 Humilitatis
1257 1282 1417 1338 enim
1479 1299 1746 1338 normam
1779 1282 2037 1338 ostendit

375 1374 587 1444 nobis;
620 1390 756 1430 nam
786 1389 906 1429 cum
963 1374 1025 1430 in
1075 1374 1262 1443 forma
1319 1373 1419 1429 Dei
1472 1376 1632 1438 esset,
1679 1372 2033 1444 semetipsum

374 1465 707 1534 exinanivit,
744 1466 987 1536 formam
1027 1464 1173 1519 servi
1218 1461 1495 1533 accipiens
1530 1463 1608 1518 “z
1647 1462 2033 1533 Benignitatis

375 1559 599 1622 autem,
631 1554 771 1625 quia
818 1570 923 1625 pro
957 1552 1148 1608 salute
1179 1557 1380 1608 nostra
1412 1552 1512 1623 qui
1540 1557 1743 1608 sontes
1773 1568 2033 1622 eramus,

375 1648 659 1705 innocens
683 1644 809 1717 ipse
841 1647 1089 1699 mortem
1123 1642 1331 1699 subiit.
1365 1642 1759 1709 Quamobrem
1804 1647 1861 1698 et
1891 1642 2035 1698 odcr

376 1735 869 1792 vestimentorum
901 1731 1119 1803 inillis,
1153 1731 1254 1805 qui
1285 1732 1395 1789 hoc
1427 1732 1625 1788 animo
1658 1736 1798 1788 sunt
1819 1731 2031 1802 induti,

379 1828 583 1897 utpote
613 1823 715 1896 qui
745 1821 1174 1894 benignitatem
1233 1825 1290 1876 et
1346 1819 1896 1876 immutabilitatem
1931 1819 2033 1876 Dei

377 1932 501 1989 prie
528 1932 592 1972 se
623 1915 814 1971 ferant
841 1918 898 1969 et
927 1916 1238 2011 propterea
1267 1912 1451 1968 divini
1483 1912 1621 1978 sint,
1656 1913 1812 1985 quod
1871 1911 2032 1983 ejus-
2070 1948 2113 2011 Β

381 2004 540 2061 modi
575 2002 775 2059 amicti
799 2002 920 2057 sint
940 2001 1329 2071 indumentis,
1360 2007 1449 2058 est
1478 2017 1659 2074 super
1692 2000 1888 2058 omnia
1908 2017 2035 2056 aro-

383 2097 562 2157 mata.
597 2091 756 2148 Nihil
786 2091 941 2147 enim
984 2091 1307 2163 comparari
1367 2094 1561 2163 potest
1588 2090 1919 2163 fragrantia:
1949 2088 2036 2145 di-

382 2181 670 2250 vinitatis,
704 2198 881 2254 quam
933 2182 1048 2238 Deo
1098 2181 1453 2252 desponsata
1485 2197 1602 2237 non
1636 2197 1738 2253 per
1769 2185 2038 2236 naturam

382 2272 631 2343 obtinet,
656 2272 758 2327 sed
781 2288 886 2343 per
915 2270 1167 2344 gratiam
1191 2269 1563 2343 adipiscitur.
1589 2272 1669 2327 Ac
1692 2269 2041 2326 vestimenta

381 2363 620 2435 quidem
647 2365 748 2418 tua
769 2359 944 2417 talem
970 2359 1251 2417 emittunt
1267 2360 1639 2417 suavitatem.
1663 2364 1877 2417 Caetera
1907 2375 2039 2415 vero

382 2452 527 2526 quid
557 2454 580 2507 ἒ

453 2544 661 2599 Favum
689 2541 974 2597 distillant
1004 2540 1154 2597 labia
1178 2544 1293 2607 tua,
1325 2557 1566 2613 sponsa:
1596 2543 1706 2596 mel
1731 2550 1784 2597 et
1827 2541 1913 2597 tac
1938 2540 2039 2596 sub

386 2634 584 2704 lingua
614 2641 731 2687 tua.

456 2720 718 2779 Docendi
750 2719 1038 2776 rationem
1068 2736 1134 2776 ac
1167 2719 1409 2775 modum
1469 2723 1705 2776 servant
1748 2718 1906 2775 labia
1934 2723 2041 2775 tua

387 2810 477 2870 sic
506 2811 891 2878 instructum,
952 2812 1018 2864 ut
1074 2809 1148 2864 ab
1205 2807 1440 2881 apicula
1480 2809 1674 2865 favum
1708 2810 2039 2865 confectum

390 2899 918 2971 cernimus.Neque
933 2898 1090 2955 enim
1110 2898 1284 2955 unica
1306 2898 1533 2955 ratione
1554 2901 1782 2955 cunctis
1802 2898 2041 2955 audien-

388 2991 552 3049 tibus
582 2988 747 3046 all‘ert
767 2987 1084 3044 utilitatem
1110 3003 1122 3042 :
1149 2989 1249 3043 sed
1269 3006 1372 3061 pro
1403 2989 1693 3061 cujusque
1725 2988 1964 3046 modulo
1986 2994 2039 3045 te

388 3079 641 3153 singulis
662 3078 1168 3145 accommodas,ut
1191 3083 1249 3133 et
1275 3078 1718 3151 perlectioribus
1753 3083 1809 3134 et
1840 3079 2037 3134 rudio-

387 3170 555 3228 ribus
586 3168 940 3225 satisfacias.
1001 3172 1081 3224 Ac
1131 3171 1387 3224 mentem
1429 3167 1664 3241 quidem
1700 3185 1904 3224 eorum
1939 3168 2038 3240 qui

387 3264 529 3317 sunt
558 3258 822 3331 perfecti,
854 3255 1243 3313 divinioribus
1275 3258 1490 3327 verbis,
1523 3262 1809 3330 tanquam
1843 3258 2037 3323 melle,

2140 660 2176 726 ἡ
2241 659 2558 731 χρηστότης
2615 658 2726 715 έστὶ
2766 662 2858 716 καὶ
2912 664 2947 731 ἡ
2977 661 3467 740 ταπεινοφροσύνῃ,
3501 661 3534 717 ἃ
3579 663 3670 718 καὶ
3724 667 3810 736 τῷ

2142 746 2563 820 πρωτοπλάστῳ
2593 751 2626 818 ἡ
2665 750 2759 822 μὲν
2817 750 2933 814 θεία
2978 750 3177 820 ἐντολή
3224 757 3611 826 περιεποιεῖτο,
3646 750 3807 827 έργά-

2145 840 2321 903 ζεσθαι
2380 836 2443 891 τὸ
2499 836 2725 912 ἀγαθὸν,
2752 840 2841 893 καὶ
2873 838 3163 918 φυλάσσειν
3198 846 3361 896 τοῦτο
3417 838 3507 896 διὰ
3551 861 3807 896 ταπεινο-

2143 924 2415 1002 φροσύνης
2497 928 2898 1000 προτρέπουσα.
2958 930 3021 986 Ἡ
3097 928 3156 986 δὶ
3220 925 3523 1007 παράϐασις
3600 929 3811 1001 ταύτης

2143 1011 2404 1084 ἐξέδυσεν,
2453 1013 2638 1071 ἐλπίδι
2687 1017 2944 1089 θεότητος
2996 1016 3317 1089 δελεάσασα,
3375 1020 3466 1075 καὶ
3524 1021 3644 1074 καθ’
3675 1019 3807 1075 ἑαυ-

2140 1107 2241 1168 τῆς
2292 1106 2393 1172 τὴν
2455 1104 2611 1183 φύσιν
2669 1104 3069 1180 έκθηριώσασα·
3103 1108 3307 1179 ταύτην
3368 1106 3426 1163 δί
3473 1106 3640 1164 πάλιν
3700 1105 3809 1164 αὖ·

2140 1193 2233 1254 τὸς
2268 1194 2295 1248 ὁ
2326 1194 2456 1257 Θεὸς
2488 1196 2663 1272 Λόγος
2696 1194 2908 1252 ένέδυσε
2937 1196 3015 1271 τῷ
3042 1199 3160 1253 καθ’
3192 1198 3380 1254 ἑαυτὸν
3419 1196 3807 1275 ὑποδείγματι.

2142 1280 2353 1356 Τρόπον
2414 1283 2518 1357 γὰρ
2574 1284 3081 1362 ταπεινοφροσύνης
3144 1286 3240 1359 μὶν
3302 1283 3571 1357 ὑπέδειξεν
3636 1288 3806 1359 ἡμῖν,

2144 1369 2227 1423 ὅτι
2276 1369 2328 1424 έν
2387 1375 2574 1446 μορφῇ
2635 1377 2769 1427 Θεοῦ
2830 1374 3092 1451 ὑπάρχων
3143 1375 3329 1430 ἑαυτὸν
3375 1373 3622 1443 έκένωσε,
3659 1394 3809 1450 μορ-

2144 1459 2249 1537 φὴν
2307 1457 2510 1516 δούλου
2565 1457 2787 1518 λαϐών·
2821 1465 3204 1539 χρηστότητος
3263 1462 3342 1537 δὲ,
3376 1464 3459 1521 ὅτι
3523 1465 3657 1539 ὑπὲρ
3703 1471 3811 1535 τῆς

2144 1551 2423 1626 σωτηρίας
2455 1556 2561 1606 τῶν
2606 1552 2912 1608 ὑπευθύνων
2962 1557 3149 1628 ἡμῶν,
3188 1556 3277 1611 καὶ
3339 1560 3516 1620 θανεῖν
3574 1552 3807 1610 ἀνευθύ-

2142 1661 2252 1703 νως
2282 1642 2570 1716 ἠνέσχετο.
2604 1645 2767 1701 ’Ὀθεν
2795 1643 2886 1699 καὶ
2911 1646 2946 1714 ἡ
2980 1642 3034 1699 ἐν
3064 1649 3182 1708 τοῖς
3228 1645 3365 1700 κατὰ
3390 1646 3620 1721 γνώμην
3669 1647 3807 1700 ταῦ-

2142 1749 2208 1784 τα
2239 1728 2621 1804 ἐνδυσαμένοις
2666 1730 2864 1788 εὐωδία
2918 1733 3250 1805 τούτων,ὼς
3302 1732 3648 1813 έμφαντικῶν
3704 1736 3810 1800 τῆς

2144 1820 2485 1895 ἀγαθότητος
2539 1825 2637 1876 τοῦ
2690 1826 2825 1878 Θεοῦ
2886 1822 2975 1877 καὶ
3025 1830 3125 1892 τῆς
3183 1822 3458 1899 άτρεψίας,
3518 1823 3804 1886 κάντεῦθεν

2143 1913 2417 1964 Οεωτικῶν
2472 1914 2579 1966 τῶν
2633 1908 2998 1985 ἐνδεδυμένων
3060 1911 3213 1981 αὐτὰ,
3267 1912 3401 1988 ὑπὲρ
3459 1911 3634 1968 πάντα
3691 1912 3803 1967 ἐστὶ

2142 1998 2210 2053 τὰ
2256 1998 2543 2075 ἀρώματα.
2575 1998 2745 2057 Οὐδὲν
2790 2002 2893 2076 γὰρ
2950 2005 3271 2078 παρισοῦται
3318 2004 3387 2075 τῇ
3448 1998 3649 2072 εὐωδίᾳ
3701 2007 3808 2071 τῆς

2149 2087 2427 2161 θεότητος,
2477 2091 2543 2159 ἣν
2596 2092 2630 2159 ἡ
2664 2096 3030 2168 νυμφευθεῖσα
3079 2094 3158 2162 τῷ
3214 2094 3331 2163 Θεῷ
3389 2089 3451 2145 οὐ
3505 2090 3659 2168 φύσει
3711 2091 3804 2146 κέο

2146 2199 2361 2248 κτηται,
2396 2176 2542 2233 ἀλλὰ
2572 2180 2762 2255 χάριτι
2791 2174 3208 2253 περιϐάλλεται.
3236 2178 3335 2234 Καὶ
3363 2178 3622 2250 τοιαύτην
3684 2180 3807 2253 μὶν,

2148 2267 2303 2347 φησὶ,
2334 2268 2400 2324 τὰ
2427 2268 2621 2343 ἱμάτιά
2651 2291 2747 2326 σου
2780 2266 3007 2325 εὐωδίαν
3048 2268 3386 2344 έκπέμπουσι
3415 2289 3427 2303 ·
3460 2269 3528 2326 τὰ
3572 2267 3630 2325 δὲ
3679 2267 3807 2326 λοι-

2147 2357 2343 2427 miti;

2220 2536 2423 2612 Κηρίον
2459 2536 2818 2607 ἆποστάζουσι
2849 2539 2916 2593 τᾶ
2945 2537 3111 2618 χείλη
3144 2560 3262 2614 σου,
3297 2537 3507 2617 νύμφη,
3544 2535 3671 2613 μέλι
3715 2535 3805 2594 καὶ

2149 2624 2297 2700 γάλα
2331 2626 2433 2682 ὑπὸ
2463 2627 2562 2695 τὴν
2596 2625 2851 2703 γλῶσσάν
2883 2649 3001 2686 σου.

2221 2717 2446 2791 Ἥγουν.
2482 2716 2652 2793 Λόγον
2702 2714 3085 2775 διδασκαλικὸν
3137 2719 3469 2795 προφέρουσι
3521 2719 3589 2773 τὰ
3635 2715 3804 2793 χείλη

2150 2825 2245 2860 σου
2298 2806 2813 2880 κατεσκευασμένον,
2870 2809 3050 2886 ὥσπερ
3116 2808 3219 2864 ὐπὸ
3280 2807 3539 2882 μελίσσης
3590 2806 3807 2882 κηρίον,

2150 2893 2201 2949 ἐν
2233 2900 2311 2968 τῷ
2339 2898 2414 2969 μὴ
2450 2894 2842 2952 ἐπιδείκνυσθαι
2892 2895 3152 2971 μονοειδῆ
3212 2903 3330 2960 τοῖς
3390 2897 3647 2953 ἀκούουσι
3703 2897 3804 2967 τὴν

2150 2981 2442 3061 ὠφέλειαν,
2478 2983 2622 3041 ἀλλὰ
2648 2982 3018 3058 καταλλήλως
3070 2987 3206 3061 πρὸς
3265 2986 3365 3055 τὴν
3400 2990 3509 3041 τῶν
3565 2983 3800 3062 δεχομέ-

2148 3095 2254 3127 νων
2308 3073 2665 3150 ἁρμόττεσθαι
2716 3072 2968 3149 δύναμιν,
3012 3075 3088 3141 ὡς
3136 3076 3226 3131 καὶ
3276 3079 3394 3137 τοῖς
3442 3072 3804 3152 τελειοτέροις

2150 3162 2239 3218 καὶ
2271 3168 2386 3226 τοῖς
2419 3162 2881 3241 νηπιωδεστέροις
2931 3164 3147 3221 οῗκείως
3179 3160 3326 3241 ἔχειν
3351 3184 3362 3196 ·
3416 3169 3524 3221 τῶν
3578 3164 3673 3239 μὶν
3707 3164 3798 3220 τὸν

2148 3256 2271 3306 νοῦν
2306 3251 2673 3315 τελειωτικῶς
2723 3252 3020 3329 θειοτέροις
3071 3254 3145 3317 ὡς
3203 3252 3387 3328 μέλιτι
3447 3252 3809 3330 γλυκαίνοντα

387 3348 798 3409 dulcissimam
854 3347 1070 3402 reddis.
1134 3347 1244 3412 Qui
1302 3364 1436 3403 vero
1495 3347 1671 3403 rudes
1703 3347 2037 3418 tironesque

2156 3340 2221 3416 ῥγί
2234 3362 2387 3415 μασι,
2417 3346 2525 3397 τῶν
2561 3340 2619 3397 δὲ
2640 3343 2740 3413 τήν
2775 3341 3017 3399 διάνοιαν
3064 3342 3433 3421 εἷσαγωγικῶς
3479 3348 3598 3406 τοῖς
3656 3362 3809 3420 φυσι-

386 3443 551 3507 sunt,
583 3452 786 3493 eorum
848 3435 1079 3491 animos
1134 3441 1417 3506 tanquam
1478 3434 1628 3491 lacte
1673 3434 2045 3491 naturalibus

389 3527 590 3601 exples
622 3524 1164 3597 institutis.Duplex
1196 3524 1319 3580 haec
1346 3525 1768 3597 igitur,nempe
1793 3525 2047 3581 divinior

393 3622 454 3675 et
484 3614 800 3672 humanior
855 3614 1102 3671 docendi
1164 3615 1335 3682 ratio,
1393 3613 1475 3670 ita
1521 3614 1674 3685 viget
1704 3614 1815 3670 sub
1846 3612 2045 3686 lingua

394 3710 521 3777 tua,
556 3710 621 3760 ut
651 3720 750 3760 eas
781 3703 935 3758 haud
971 3702 1373 3775 intempestive
1404 3719 1661 3775 promas,
1696 3704 1796 3759 sed
1829 3719 2043 3776 oppor-

393 3802 538 3852 tune
567 3799 745 3867 atque
770 3793 1210 3849 accommodate
1238 3793 1311 3848 ad
1334 3809 1558 3862 eorum,
1595 3794 1692 3865 qui
1726 3792 2047 3850 instituun-

387 3889 509 3957 tur,
543 3884 883 3941 utilitatem.
1236 3890 1239 3895 '

456 3978 533 4031 Et
560 3975 694 4031 odor
706 3975 1163 4030 vestimentorum
1186 3981 1411 4027 tuorum
1433 3972 1576 4028 sicut
1605 3971 1737 4028 odor
1770 3971 1969 4028 thuris.

386 4064 734 4137 Fragrantia
789 4062 1016 4119 scilicet
1074 4078 1318 4134 Operum
1374 4066 1633 4130 tuorum,
1669 4062 1886 4133 quibus
1916 4064 2040 4116 tum

379 4154 525 4211 viris
558 4151 906 4209 naturaliter
936 4152 1181 4224 promis,
1212 4155 1340 4207 tum
1373 4150 1433 4205 in
1466 4150 1692 4223 agendo
1728 4167 1794 4205 ex
1828 4150 2044 4205 mentis

384 4243 726 4316 praescripto
752 4258 943 4296 mores
968 4240 1138 4312 quasi
1163 4240 1520 4295 vestimenta
1542 4239 1808 4309 quaedam
1836 4237 2034 4294 indue-

383 4332 489 4400 ris,
523 4331 732 4386 divinae
765 4330 1144 4401 providcntise
1178 4345 1305 4399 quze
1357 4329 1587 4383 cunctis
1617 4329 1676 4382 in
1710 4327 1887 4382 rebus
1918 4344 2042 4383 cer-

384 4421 568 4490 nitur,
602 4418 877 4474 suavitati
918 4416 1135 4471 similis
1165 4422 1293 4471 est:
1346 4433 1482 4472 cum
1541 4416 1610 4471 ad
1645 4415 2040 4472 imitationem

382 4509 508 4577 Dei,
541 4507 752 4564 salutis
787 4505 1109 4562 multorum
1155 4522 1355 4561 curam
1386 4521 1574 4577 geras.
1610 4504 1849 4577 Propria
1884 4506 2039 4562 enim

379 4599 610 4656 ratione
643 4597 899 4670 quadam
934 4595 1074 4651 thus
1109 4595 1183 4652 ad
1215 4595 1500 4650 honorem
1526 4592 1622 4649 Dei
1658 4595 1928 4651 refertur.
1964 4598 2041 4651 Ac

2155 3434 2274 3491 κοῖς
2334 3430 2409 3493 ὡς
2462 3428 2693 3507 γάλακτι
2753 3433 3038 3509 τρέφοντα.
3099 3433 3267 3488 Αῦται
3328 3430 3418 3486 οὖν
3469 3433 3524 3487 αἱ
3554 3428 3805 3487 διδασκα-

2154 3515 2291 3589 λίαι,
2413 3540 2472 3575 τε
2527 3521 2771 3598 θειοτέρα
2826 3521 2914 3576 καὶ
2962 3524 2997 3592 ἡ
3055 3520 3533 3597 ἆνθρωπικωτέρα,
3569 3520 3671 3575 ὑπὸ
3702 3519 3801 3589 τήν

2152 3605 2405 3684 γλῶσσάν
2463 3631 2581 3680 σου,
2638 3611 2713 3672 ὡς
2782 3610 2859 3684 μὴ
2937 3610 3175 3685 ἀκαίρως
3239 3609 3435 3672 ταύτας
3502 3607 3803 3685 προσφέρῃς,

2154 3694 2300 3752 ἀλλὰ
2328 3697 2464 3753 κατᾶ
2511 3700 2697 3776 καιρὸν
2746 3699 2840 3754 τὸν
2881 3696 3146 3775 ἁρμόδιον
3194 3699 3283 3756 καὶ
3329 3698 3517 3777 χρείαν
3579 3697 3805 3754 ἑκάστου

2156 3782 2378 3843 διδασκο
2387 3786 2580 3862 μένων.

2346 3967 2450 4023 Καὶ
2486 3968 2631 4041 ὀσμὴ
2665 3966 2899 4042 ἱματίων
2930 3990 3028 4025 σου
3061 3969 3138 4032 ὡς
3172 3968 3318 4043 ὀσμή
3360 3961 3613 4025 λιϐάνου.

2225 4062 2452 4131 Ἥγουν,
2484 4059 2549 4113 Ἡ
2580 4055 2777 4113 εὐωδία
2805 4061 2911 4114 τῶν
2940 4054 3109 4136 ἔργων
3164 4079 3280 4132 σου,
3339 4059 3413 4113 ὦν
3466 4058 3513 4113 εὶ
3566 4058 3661 4113 καὶ
3717 4057 3811 4121 τὰς

2155 4141 2409 4218 δυνάμεις
2458 4150 2699 4221 φυσικῶς
2754 4145 3015 4225 ἐπιφέρῃ·
3048 4143 3195 4202 ἀλλὰ
3239 4144 3367 4209 τοὺς
3426 4143 3816 4221 ένεργητικοίις

2151 4232 2390 4308 τρόπους
2430 4236 2565 4291 κατᾶ
2594 4235 2824 4310 γνώμην
2858 4237 2933 4299 ὡς
2966 4237 3158 4310 ἱμάτια
3207 4230 3543 4311 περιϐάλλῃ,
3722 4234 3813 4291 εὐ-

2154 4320 2290 4395 ωδίᾳ
2317 4330 2419 4394 τῆς
2450 4326 2572 4401 περὶ
2605 4324 2772 4379 πάντα
2800 4329 2898 4379 τοῦ
2931 4329 3065 4382 Θεοῦ
3116 4324 3376 4401 προνοίας
3426 4324 3809 4398 παρείκασται·

2152 4413 2287 4468 κατὰ
2315 4414 2545 4488 μίμησιν
2581 4418 2737 4483 Θεοῦ,
2767 4412 3085 4489 κηδομένης
3118 4436 3214 4469 σου
3268 4416 3368 4483 τῆς
3414 4418 3523 4468 τῶν
3578 4410 3809 4469 πολλῶν

2151 4503 2445 4580 σωτηρίας.
2478 4501 2818 4574 Ἰδιαζόντως
2865 4505 2967 4581 γὰρ
3016 4503 3151 4560 κατά
3193 4524 3316 4559 τινα
3361 4500 3525 4579 λόγον
3574 4500 3653 4565 εἷς
3707 4502 3809 4570 τήν

2150 4596 2245 4647 τοῦ
2281 4594 2638 4668 Θεοῦτιμὴν
2694 4595 2723 4648 ὁ
2779 4588 2998 4657 λίϐανος
3057 4593 3436 4649 ἆποτέτακται.
3487 4590 3587 4646 Καὶ
3643 4589 3811 4655 καθά-

381 4686 887 4761 quemadmodum
921 4684 1059 4740 thus
1084 4701 1152 4739 ex
1176 4682 1411 4756 proprio
1435 4682 1725 4748 odore,sic
1765 4683 1942 4750 Deus,
1976 4700 2037 4739 ex

2153 4703 2252 4760 περ
2286 4683 2445 4745 οὗτος
2480 4682 2538 4737 ἐκ
2562 4689 2660 4752 τῆς
2692 4681 2836 4745 ἰδίας
2888 4684 3087 4757 ὀσμῆς,
3121 4680 3265 4737 οὕτω
3303 4702 3393 4737 και
3434 4680 3496 4736 τὸ
3545 4684 3698 4736 Θεῖον
3749 4677 3813 4735 ἐκ

380 4794 579 4834 rerum
611 4774 879 4832 omnium
914 4773 1320 4847 providentia;
1355 4771 1816 4843 etsingulorum
1851 4772 2043 4828 animi

380 4866 631 4931 affectio,
664 4881 732 4920 ex
764 4864 1043 4936 operibus
1072 4861 1504 4918 indicatur.8ed
1537 4878 1667 4917 cum
1702 4862 1876 4933 paulo
1909 4868 2043 4918 ante

379 4957 617 5013 odorem
650 4953 1140 5010 vestimentorum
1178 4968 1411 5024 sponsas
1442 4968 1623 5023 super
1654 4953 1855 5007 omnia
1912 4968 2041 5008 aro-

377 5049 538 5102 mata
577 5061 707 5100 esse
737 5043 1004 5113 dixisset,
1029 5058 1134 5097 nec
1166 5042 1462 5113 quomodo
1497 5040 1552 5096 id
1607 5045 1781 5111 esset,
1840 5041 2029 5097 decla-

375 5141 566 5192 rasset
597 5155 611 5205 ;
648 5135 742 5191 hic
774 5134 921 5190 illud
955 5132 1236 5203 ostendit,
1262 5133 1405 5186 dum
1430 5132 1669 5187 odorem
1705 5131 1872 5186 illum
1902 5131 2039 5187 thu-

369 5226 455 5282 ris
486 5225 648 5281 odori
684 5223 941 5281 similem
975 5223 1117 5278 dicit
1148 5220 1452 5277 esse.Nam
1479 5221 1636 5277 sicut
1668 5222 1805 5277 thus
1838 5237 2041 5277 accen-

371 5315 532 5371 ditur
563 5316 634 5371 ad
667 5313 915 5387 gloriam
956 5312 1051 5368 Dei
1080 5328 1093 5367 :
1150 5315 1302 5368 Deus
1333 5315 1531 5367 autem
1565 5310 1693 5367 sine
1726 5309 1845 5365 ulla
1877 5327 2035 5365 com-

369 5405 676 5478 paratione
708 5409 799 5459 est
833 5419 1028 5459 rerum
1064 5401 1332 5457 omnium
1364 5399 1927 5472 praestantissimus;
1953 5400 2035 5456 sic

360 5511 545 5567 opera
577 5511 703 5567 qua
737 5494 811 5549 ad
844 5491 1055 5550 divinae
1087 5491 1239 5547 ﬁunt
1291 5489 1582 5547 bonitatis
1614 5489 2031 5564 imitationem,

357 5583 610 5657 reliquis
639 5583 919 5641 omnibus
963 5580 1344 5639 antecedunt.

430 5800 476 5837 “
503 5799 721 5860 Coloss.
754 5809 883 5871 xm,
912 5799 1001 5855 12.
1034 5799 1080 5835 ⁴⁸
1109 5796 1370 5872 Philipp.
1393 5813 1458 5868 ιι,
1490 5798 1547 5869 6,
1572 5796 1630 5855 7.

2150 4772 2249 4839 τῆς
2310 4770 2432 4844 περὶ
2487 4771 2555 4825 τὰ
2607 4771 2779 4825 πάντα
2834 4769 3118 4847 προνοίας,
3150 4768 3241 4825 καὶ
3277 4769 3312 4839 ἡ
3346 4767 3570 4824 έκάστου
3625 4762 3810 4830 διάθε-

2153 4881 2235 4922 σις
2290 4857 2348 4913 ἐκ
2402 4863 2509 4913 τῶν
2562 4856 2731 4936 ἔργων
2818 4859 3162 4936 γνωρίζεται.
3214 4858 3427 4933 Μικρὸν
3489 4855 3547 4912 δὶ
3604 4852 3807 4919 ἄνωθεν

2152 4947 2416 5025 εἷ’ρηκὼς,
2450 4948 2531 5004 δτι
2566 4950 2600 5018 ἡ
2636 4948 2780 5022 ὀσμῆ
2826 4953 2935 5004 τῶν
2978 4945 3213 5023 ἱματίων
3261 4954 3362 5017 τῆς
3401 4944 3622 5022 νύμφης
3676 4943 3808 5019 ὑπὲρ

2150 5038 2325 5093 πάντα
2356 5037 2466 5092 ἐστὶ
2496 5037 2563 5093 τὰ
2614 5036 2900 5113 ἀρώματα,
2957 5037 3048 5093 καὶ
3100 5037 3164 5092 τὸ
3220 5035 3339 5098 πῶς
3390 5035 3465 5109 μή
3518 5031 3811 5105 δηλοῦται,

2150 5128 2378 5185 ἐνταῦθα
2407 5134 2573 5185 τοῦτο
2606 5127 2793 5202 δηλοῖ,
2825 5133 2894 5203 τῇ
2927 5131 3074 5204 ὀσμῇ
3117 5132 3215 5184 τοῦ
3277 5121 3503 5183 λιϐάνου
3554 5124 3812 5202 παρεικά-

2152 5222 2258 5287 ζων
2293 5218 2484 5289 αὐτὴν,
2515 5216 2605 5273 διὰ
2632 5218 2695 5273 τὸ
2722 5222 2918 5273 τοῦτον
2952 5217 3027 5280 είς
3076 5218 3245 5291 τιμὴν
3290 5219 3388 5271 τοῦ
3441 5214 3600 5270 Θείου
3660 5210 3805 5284 λαμ-

2147 5303 2415 5367 ϐάνεσθαι.
2451 5307 2550 5362 Καὶ
2584 5306 2701 5363 ἐπεὶ
2730 5306 2793 5362 τὸ
2836 5312 2991 5364 Θεῗον
3046 5305 3384 5383 ἀσυγκρίτως
3442 5304 3575 5379 ὑπὲρ
3633 5300 3808 5357 πάντα

2145 5396 2281 5468 ἐστὶ,
2336 5398 2424 5451 καὶ
2484 5396 2551 5453 τὰ
2605 5395 2742 5452 κατὰ
2801 5395 3034 5472 μίμησιν
3087 5403 3188 5468 τῆς
3247 5395 3413 5452 αὐτοῦ
3468 5391 3804 5471 ἆγαθότητος

2146 5479 2295 5565 ἔργα.
