4110 6390
330 364 446 425 625

1380 359 1784 422 COMMENT.
1831 360 1912 420 IN
1957 359 2360 422 CANTICUM
2405 360 2712 421 CANTIC.

3642 363 3764 423 626

401 500 591 564 Κῆπος
647 490 1072 567 κεκλεισμενος,
1149 490 1358 562 ἀδελφή
1428 513 1534 566 μου
1584 490 1770 568 νύμφη
1811 509 1826 523 ·
1885 497 1987 561 κῆ-

2175 495 2372 548 Hortus
2402 493 2714 558 conclusus,
2749 508 2904 548 soror
2944 507 3070 547 mea
3119 507 3344 564 sponsa:
3389 491 3583 550 hortus
3627 509 3763 552 con-

329 605 434 648 πος
515 585 616 660 γάρ
701 603 970 662 πεφυκας,

331 672 550 746 σμένος.

1080 582 1276 660 φησὶν,

1045 759 1292 817 Ψελλοῦ.

400 853 653 928 Ἐχουσα
682 855 898 905 πᾶντων
929 853 1038 904 τῶν
1069 849 1254 904 καλῶν
1287 849 1338 904 ἓν
1373 851 1568 922 σεαυτῇ
1597 849 1698 916 τήν
1727 869 1894 924 ωραν,

327 940 554 997 Ἐλαίαν
583 941 684 1011 τὴν
715 959 1085 1014 κατακαρπον,
1119 941 1288 1008 συκῆν
1318 959 1378 993 τε
1403 940 1502 1007 τὴν
1530 937 1810 1015 γλυκεῖαν.

331 1031 494 1106 Πηγή
529 1028 587 1086 δὶ
615 1029 780 1085 πάλιν
809 1028 1074 1106 πίφυκας,
1107 1028 1290 1106 φησὶν,
1323 1027 1748 1104 ἐσφραγισμὲνη,

329 1121 468 1176 Καθ’
498 1118 624 1174 ὅσον
660 1118 834 1191 μάτην
869 1115 1128 1192 οὐδαμῶς
1165 1118 1230 1172 τὸ
1260 1117 1404 1190 νᾶμά
1432 1138 1526 1171 σου
1558 1117 1836 1192 προχέεις,

331 1207 508 1266 Ἀλλᾶ
535 1207 786 1276 ποτίζεις
815 1206 946 1270 τοὺς
973 1205 1200 1267 πιστοὺς
1228 1202 1500 1278 διψῶντας
1531 1203 1826 1282 σωτηρίαν.

409 1293 750 1352 Ἀποστολαί
809 1316 905 1350 σου
991 1292 1317 1372 παράδεισος
1392 1293 1532 1370 ῥοῶν
1592 1294 1727 1367 μετὰ
1777 1297 1990 1370 καρποῦ

329 1384 648 1462 ἀκροδρύων
659 1427 674 1442 .

402 1477 490 1530 Ἐν
523 1473 742 1536 τούτοις
775 1471 1142 1528 ὁπαινίττεται
1173 1471 1457 1544 ξύμπαντα
1479 1473 1507 1527 ὁ
1537 1471 1795 1549 νυμφίος,

328 1566 444 1621 Τοῦ
477 1561 758 1638 δόγματος
788 1567 890 1630 τῆς
921 1561 1156 1622 πίστεως
1187 1563 1350 1633 ἡμῶν
1379 1567 1482 1630 τῆς
1513 1561 1848 1634 ἆμωμήτου,

327 1653 402 1708 Τὸ
431 1647 666 1730 φοϐερὸν
696 1651 786 1706 καὶ
817 1649 1118 1706 κάλλιπον
1151 1647 1353 1711 εύῶδές
1389 1671 1450 1704 τε
1471 1651 1562 1704 καὶ
1593 1651 1758 1720 Θεῖον,

327 1743 532 1816 ’Ὠσπερ
565 1733 849 1816 πρεσϐεύει
875 1739 1108 1794 πάντοτε
1137 1738 1314 1810 στόμα
1339 1745 1438 1808 τῆς
1469 1737 1818 1808 Ἐκκλησίας.

328 1828 664 1886 Ἀποστολαί
694 1849 790 1883 σου
817 1828 942 1904 γὰρ,
977 1827 1139 1904 φησὶν
1169 1829 1364 1902 ἤγουν,
1398 1827 1452 1882 αὶ
1483 1824 1704 1902 διδαχαί
1735 1848 1852 1898 σου,

329 1916 664 1996 Παράδεισος
695 1916 962 1994 πεφύκασι
995 1916 1138 1994 ῥοῶν
1165 1915 1574 1993 ἡγλαϊσμένων,

329 2007 434 2066 Καὶ
462 2009 643 2080 πάσης
672 2007 905 2082 χάριτος
939 2007 1128 2080 μεσταὶ
1157 2005 1546 2082 τυγχάνουσιν,
1581 2007 1626 2060 ὦ
1653 2005 1862 2082 νύμφη.

393 2097 554 2172 Πηγὴ
577 2097 798 2167 κήπων.

321 2186 402 2246 Οὔ
431 2187 536 2262 γὰρ
569 2185 644 2248 εἰς
679 2186 846 2259 μὲτην
883 2205 1000 2257 σου,
1029 2184 1214 2263 φησὶν,
1241 2185 1308 2241 τὰ
1335 2187 1550 2260 νάματα
1577 2187 1874 2260 περιχέεις,

323 2273 502 2334 ’Δλλᾶ
528 2273 765 2345 ποτίζεις
791 2273 920 2338 τοὺς
948 2274 1197 2344 πιστοὺς,
1226 2272 1418 2353 ἤγουν,
1451 2274 1592 2352 φυτὰ
1617 2277 1685 2330 τά
1716 2279 1850 2339 θεῖα.

329 2388 510 2457 Φριαρ
591 2378 780 2444 ὕδατος
859 2386 1060 2452 ζῶντος
1144 2385 1242 2436 τοῦ
1325 2381 1636 2459 ῥοιζοῦντος
1707 2382 1811 2437 ἀπὸ
1873 2387 1968 2436 Λι-

1059 2465 1246 2528 ϐάνου.

338 2563 604 2616 Τοσοῦτον
629 2561 755 2636 γὰρ,
789 2559 941 2640 φησὶ,
973 2559 1156 2622 καλῶς
1188 2560 1324 2636 πρὸς
1353 2560 1544 2637 ἀρετὰς
1576 2561 1819 2634 ὑψώθης,

323 2661 398 2715 Ως
437 2652 528 2707 καὶ
557 2659 656 2722 τῆς
685 2651 940 2723 κλήσεως
971 2651 1142 2722 αὐτῆς
1178 2647 1370 2726 ἔμοιγε
1399 2651 1781 2728 συμμετέχειν.

329 2741 472 2819 Ἐγὼ
502 2742 604 2818 γὰρ
640 2747 840 2812 ζῶντος
872 2739 1066 2803 ὕδατος
1090 2735 1262 2803 ὅντως
1289 2741 1547 2817 τυγχάνω
1581 2743 1770 2818 φρέαρ,

325 2832 392 2888 Ὁ
419 2831 698 2896 κατελθὼν
727 2830 777 2904 ἐξ
801 2831 1036 2908 ούρανοῦ
1069 2831 1144 2892 ὡς
1169 2830 1322 2895 ύετὸς
1351 2831 1427 2892 εἰς
1459 2832 1648 2900 πόκον,

322 2921 531 2996 ’Ὠσπερ
561 2919 611 2993 ἐξ
651 2915 812 2994 ὅρους
845 2917 1062 2994 ὑψηλοῦ
1089 2923 1187 2974 τοῦ
1218 2924 1527 2993 θαυμαστοῦ
1558 2915 1818 2976 Λιϐάνου.

899 3029 1020 3084 Τῶν
1052 3028 1098 3103 γ’
1129 3027 1380 3100 ΙῙατὲρων
1393 3070 1404 3082 .

401 3116 504 3174 Καὶ
541 3119 766 3172 τοιαῦτα
817 3115 913 3190 μὲν
973 3137 1068 3172 σου
1115 3117 1184 3171 τὰ
1248 3115 1387 3190 μέλη
1443 3117 1532 3172 καὶ
1561 3117 1627 3171 τὰ
1655 3117 1868 3190 ἱμάτια.
1907 3115 1983 3172 Σὺ

331 3203 380 3262 δ’
411 3204 646 3271 ἐντεῦθεν
679 3205 840 3261 ὁποία
875 3225 888 3276 ;

409 3297 598 3364 Κῆπος
658 3296 1064 3369 κεκλεισμένας,
1142 3291 1350 3372 ἀδελφή
1442 3316 1546 3368 μου
1603 3295 1815 3374 νύμφη⁹
1883 3301 1982 3365 κῆ-

332 3405 440 3448 πος
463 3383 872 3458 κεκλεισμένος,
906 3387 1057 3461 πηγὴ
1091 3383 1519 3464 ἐσφραγισμὲνη.

401 3475 625 3551 υΗγουν,
652 3474 755 3532 Οἴα
791 3475 884 3548 μὶν
941 3471 1121 3536 διττὸς
1165 3482 1342 3545 κῆπος
1385 3474 1520 3530 κατά
1565 3496 1623 3530 τε
1653 3477 1838 3550 ψυχὴν
1871 3481 1987 3538 τοῖς

327 3568 436 3619 τῶν
499 3564 704 3638 ἀρετῶν
761 3563 972 3640 λόγοις,
1041 3562 1132 3618 καί
1201 3565 1338 3618 κατά
1396 3565 1564 3639 σάρκα
1611 3564 1987 3626 τοῖς’τούτων

328 3653 556 3728 τρόποις
615 3651 883 3730 ύπάρχεις
940 3651 1266 3731 κατάφυτος,
1320 3653 1409 3708 καὶ
1468 3653 1543 3714 ὡς
1596 3658 1830 3730 φραγμῷ
1879 3675 1986 3708 τινι

329 3748 451 3806 ταῖς
509 3741 755 3806 ἐντολαῖς
801 3765 906 3817 μου
955 3741 1510 3820 κατησφαλισμὲνος·
1569 3746 1659 3797 οἷα
1718 3740 1776 3797 δὲ
1826 3745 1983 3818 πηγή

333 3833 474 3888 κατά
503 3837 626 3886 νοῦν
665 3833 847 3908 βρύεις
901 3832 968 3887 τὰ
1036 3832 1158 3908 περὶ
1213 3831 1309 3904 ἐμὲ
1365 3825 1556 3901 εὐσεϐῆ
1589 3831 1678 3886 καὶ
1714 3835 1828 3886 θεῖα
1859 3833 1990 3902 νοή-

341 3941 504 3996 ματα,
531 3921 620 3976 καὶ
657 3926 738 3996 τῷ
786 3920 906 3996 ἐμῷ
955 3928 1284 3997 χαρακτῆρι,
1338 3921 1410 3982 ὡς
1443 3921 1601 3975 εἷ’κών
1641 3944 1765 3994 μου,
1791 3920 1992 4000 ἐσφρά-

331 4031 504 4086 γισαι,
557 4009 650 4066 ⁸ίνα
709 4013 784 4085 μή
838 4011 866 4066 ὁ
911 4009 1211 4086 ἐρχόμενος
1259 4009 1318 4064 οὐ
1371 4009 1535 4082 μόνον
1594 4009 1812 4085 κλέψαι,
1848 4009 1994 4066 ἀλλᾶ

333 4100 424 4156 καί
480 4099 632 4156 θύσαι
689 4099 778 4156 καὶ
834 4099 1098 4156 ἀπολέσαι
1155 4097 1371 4174 ἐχθρὸς,
1425 4099 1697 4176 λαθραίως
1735 4099 1989 4156 sictlede

335 4190 428 4246 τόν
461 4211 520 4245 τε
547 4191 664 4246 κατ’
717 4189 911 4266 ἀρετήν
973 4211 1068 4244 σου
1122 4187 1336 4264 συλήσῃ
1386 4190 1614 4264 καρπὸν,
1647 4189 1736 4244 καὶ
1766 4191 1828 4244 τὸ
1858 4189 1996 4245 κατᾶ

341 4283 539 4356 γνῶσιν
599 4285 700 4349 τῆς
770 4278 1028 4350 ἀληθείας
1106 4276 1253 4354 ὕδωρ
1312 4299 1408 4332 σου
1467 4276 1714 4353 ψευδέσιν
1772 4279 1995 4343 ἐννοίαις

343 4367 722 4444 καταμολύνῃ.
756 4368 834 4426 Ού
879 4362 1044 4440 μόνον
1089 4365 1134 4421 δ’
1165 4366 1299 4436 αὖτή
1331 4371 1580 4429 τοιοῦτος
1622 4375 1800 4438 κῆπος
1826 4370 1996 4443 ὑπάρ-

344 4477 486 4534 χεις,
548 4457 695 4514 ἀλλά
751 4457 864 4526 καὶ,
925 4453 1258 4514 Ἀποστολαί
1323 4477 1418 4511 σου
1469 4456 1794 4532 παράδεισος
1856 4460 1996 4534 ῥοῶν

352 4547 486 4618 μετᾶ
541 4549 756 4620 καρποῦ
836 4543 1153 4622 ἀκροδρύων
1186 4564 1200 4576 ·
1258 4546 1476 4608 πάντως
1543 4547 1594 4600 οἱ
1653 4545 2000 4621 ἐκπεμπόμε-

1370 583 1416 636 ὧ
1489 581 1700 659 νύμφη,
1773 580 1992 638 κεκλει-

2103 583 2312 650 ctusus,
2342 585 2474 656 [om
2502 583 2772 652 signatus.

2831 759 3039 815 Psettz'.

2171 852 2364 907 Variis
2397 866 2678 923 sponsam
2711 848 2988 904 laudibus
3011 865 3268 919 sponsus
3289 850 3762 909 extollit.Hortus

2099 941 2252 996 enim
2318 957 2400 1008 es,
2444 939 2656 1012 inquit,
2695 956 2726 994 ο
2787 955 3024 1010 sponsa,
3083 939 3422 1010 conclusus,
3482 941 3762 997 arborum

2101 1030 2366 1086 omnium
2427 1030 2486 1084 in
2536 1033 2593 1085 te
2649 1029 2782 1100 ipsa
2837 1028 3147 1083 continens
3197 1029 3396 1097 decus,
3449 1033 3507 1084 et
3569 1029 3760 1086 oleam

2103 1121 2484 1186 fructiferam,
2519 1124 2576 1174 et
2608 1119 2836 1174 dulcem
2869 1117 3070 1173 ﬁcum.
3115 1119 3264 1172 Fons
3323 1118 3490 1184 item,
3541 1119 3760 1192 inquit,

2099 1225 2162 1263 es
2194 1208 2481 1280 signatus.
2509 1209 2710 1279 Neque
2739 1206 2892 1263 enim
2937 1223 3122 1278 aquas
3171 1203 3392 1262 temere
3450 1207 3762 1279 profundis

2101 1301 2257 1364 tuas,
2291 1299 2390 1354 sed
2415 1297 2618 1352 ﬁdeles
2647 1296 2861 1352 salutis
2893 1295 3161 1350 sitientes
3193 1300 3385 1366 potas.

2174 1389 2506 1443 Emissiones
2527 1395 2635 1442 tua:
2661 1385 2961 1458 paradisus
2983 1385 3259 1441 malorum
3275 1387 3609 1458 punicorum
3631 1402 3762 1442 cum

2095 1478 2370 1549 fructibus
2396 1493 2626 1532 nucum.

2169 1565 2273 1621 His
2303 1567 2496 1621 verbis
2519 1582 2588 1620 ea
2616 1581 2872 1637 sponsus
2905 1563 3569 1635 complectituriomnia,
3625 1581 3752 1637 quae

2100 1656 2172 1712 ad
2207 1655 2338 1710 fidei
2379 1657 2594 1710 nostras
2635 1653 3026 1724 integerrima:
3078 1651 3409 1708 doctrinam
3461 1657 3762 1726 spectant,

2099 1747 2268 1816 cujus
2297 1744 2592 1814 timorem,
2626 1744 2920 1812 decorem,
2952 1743 3358 1815 fragrantiam,
3383 1742 3754 1800 divinitatem

2097 1852 2164 1890 os
2206 1833 2476 1890 Ecclesia
2527 1849 2836 1904 nunquam
2875 1849 2992 1888 non
3041 1832 3336 1903 pradicet.
3392 1831 3758 1889 Emissiones

2097 1924 2280 1990 enim,
2329 1923 2543 1996 inquit,
2603 1927 2718 1978 tua:
2771 1922 3086 1994 paradisus
3135 1921 3400 1978 existunt
3457 1921 3755 1978 malorum

2091 2015 2466 2086 punicorum,
2498 2017 2556 2068 et
2585 2011 2742 2068 omni
2777 2013 2968 2082 gratia
2997 2015 3140 2068 sunt
3169 2010 3520 2083 plenae.Fons
3545 2013 3736 2068 horto-

2085 2121 2247 2158 rum:
2283 2119 2419 2158 nam
2449 2101 2652 2158 latices
2681 2105 2815 2157 tuos
2847 2101 3000 2156 haud
3035 2101 3256 2156 frustra
3304 2101 3576 2173 spargis,-
3635 2102 3740 2158 sed

2087 2193 2316 2249 divinas
2345 2191 2601 2264 plantas,
2634 2190 2836 2247 ﬁdeles
2860 2190 3168 2261 nimirum,
3194 2190 3376 2263 rigas.

2086 2393 2289 2448 Pulsus
2306 2407 2460 2462 aquae
2487 2389 2868 2461 viventis,quae
2885 2389 3012 2459 ﬂuit
3029 2405 3158 2445 cum
3178 2389 3414 2461 strepitu
3427 2389 3492 2446 de
3513 2391 3742 2446 Libano.

2159 2569 2562 2642 Adeo,inquit,
2613 2569 2940 2634 virtutibus
2996 2568 3248 2640 insignis
3297 2568 3500 2624 ell'ecta
3551 2585 3634 2636 es,
3681 2569 3749 2622 ut

2088 2661 2433 2733 idem,quod
2467 2675 2950 2732 ego,cognomem
2985 2659 3066 2714 sis
3089 2663 3424 2714 consecuta.
3449 2659 3566 2730 Ego
3587 2657 3746 2712 enim

2091 2751 2334 2808 omnino
2361 2749 2798 2820 viventisaquae
2836 2765 2968 2804 sum
3027 2751 3262 2818 puteus,
3312 2748 3412 2820 qui
3472 2749 3542 2803 de
3601 2745 3745 2802 cualo

2093 2839 2461 2913 sicutpluvia
2495 2839 2556 2894 in
2589 2837 2798 2905 vellus,
2827 2841 3116 2910 tanquam
3146 2853 3215 2892 ex
3246 2836 3362 2894 alto
3395 2841 3452 2894 et
3483 2834 3748 2892 mirabili

2091 2935 2295 2986 monte
2317 2929 2540 2986 Libano
2576 2927 2874 2984 descendi.

2683 3035 2866 3090 Trium
2893 3037 3156 3091 Patrum.

2163 3133 2246 3183 Ac
2277 3125 2420 3182 talia
2442 3125 2682 3197 quidem
2714 3129 2854 3180 sunt
2877 3123 3144 3180 membra
3162 3127 3220 3179 et
3248 3122 3600 3179 vestimenta
3621 3126 3744 3180 tua.

2017 3256 2058 3322 Ο
2097 3217 2184 3271 Tu
2217 3231 2350 3271 vero
2383 3211 2620 3287 qualis?

2169 3307 2368 3361 Hortus
2398 3304 2860 3374 conclusus,soror
2889 3318 3033 3372 mea,
3087 3317 3326 3374 sponsa:
3385 3301 3579 3357 hortus
3619 3317 3748 3357 con-

2093 3396 2300 3462 clusus,
2332 3399 2456 3466 fons
2484 3395 2757 3462 signatus.

2167 3483 2366 3549 Qualis
2393 3483 2673 3538 nimirum
2725 3481 2940 3553 duplex
2997 3481 3206 3536 hortus
3256 3480 3523 3536 consitus
3557 3500 3570 3548 ;
3603 3482 3750 3550 itum

2097 3575 2383 3630 virtutum
2411 3571 3062 3644 disciplinis,quantum
3086 3571 3157 3626 ad
3181 3571 3438 3626 animam
3473 3569 3748 3642 pertinet;

2097 3669 2222 3720 tum
2256 3679 2458 3720 earum
2493 3663 3074 3732 moribus,quantum
3099 3661 3170 3716 ad
3199 3677 3432 3715 carnem
3465 3677 3477 3714 :
3523 3665 3581 3714 et
3621 3675 3751 3714 mu-

2101 3754 2262 3808 nitus
2295 3753 2549 3824 quodam
2574 3751 2755 3807 veluti
2789 3752 3201 3807 mandatorum
3233 3749 3408 3806 vallo.
3453 3751 3753 3815 Quantum

2099 3858 2298 3898 autem
2331 3842 2401 3896 ad
2445 3845 2704 3895 mentem
2725 3839 3172 3912 spectat,qualis
3197 3840 3326 3895 fons
3359 3837 3485 3911 pias
3502 3855 3640 3910 erga
3661 3853 3756 3893 me

2103 3949 2166 3986 ac
2198 3930 2426 3985 divinas
2467 3929 2668 3984 fundis
2722 3929 3134 4001 cogitationes,
3168 3933 3224 3983 et
3247 3927 3416 4000 signo
3471 3943 3620 3992 meo,
3690 3931 3757 3981 ut

2101 4020 2296 4090 imago
2328 4035 2548 4086 mea,es
2579 4018 2988 4089 obsignata,ne
3015 4016 3291 4072 inimicus
3325 4015 3643 4071 adveniens
3699 4017 3758 4069 te

2104 4127 2218 4164 non
2254 4107 2444 4164 solum
2481 4107 2739 4179 diripiat,
2775 4108 2875 4162 sed
2909 4107 3085 4163 etiam
3134 4107 3362 4162 occidat
3415 4123 3480 4160 ac
3510 4105 3759 4177 'perdat,

2104 4199 2456 4270 virtutisque
2487 4203 2601 4254 tuae
2635 4199 2866 4253 fructus
2887 4201 3168 4268 asportet,
3192 4201 3248 4252 et
3269 4196 3514 4269 cognitae
3546 4195 3762 4250 verita-

2105 4289 2182 4346 tis
2215 4305 2426 4358 aquam
2473 4287 2638 4344 falsis
2687 4287 3069 4360 opinionibus
3126 4287 3507 4343 contaminet.
3561 4285 3764 4356 Neque

2107 4397 2239 4435 vero
2275 4383 2334 4434 tu
2370 4377 2500 4451 ipsa
2529 4381 2761 4432 tantum
2785 4394 2846 4432 es
2880 4377 3108 4448 hortus,
3141 4377 3244 4433 sed
3277 4377 3600 4432 emissiones
3657 4383 3765 4430 tua:

2105 4468 2402 4542 paradisus
2430 4485 2554 4522 cum
2581 4467 2855 4540 fructibus
2887 4484 3093 4522 nucum
3130 4486 3148 4521 :
3179 4466 3289 4522 hoc
3319 4463 3763 4538 est,disciplina3

2108 4564 2222 4614 tuae
2258 4558 2474 4630 quibus
2509 4557 2739 4612 animas
2771 4557 3306 4629 instituis,propter
3349 4555 3480 4611 ﬁdei
3531 4554 3765 4628 plantas

339 4655 424 4690 νοι
460 4631 840 4690 διδασκαλικοῖ
891 4633 1052 4710 λόγοι
1087 4656 1184 4688 σου
1233 4635 1368 4710 πρὸς
1413 4635 1510 4696 τὰς
1563 4640 1990 4710 μαθητευομένας

2113 4665 2258 4719 quas
2289 4647 2350 4702 in
2373 4645 2492 4702 illis
2518 4645 2904 4712 inseris,sunt
2931 4652 3214 4717 tanquam
3249 4645 3560 4716 paradisus
3594 4643 3764 4700 malis

344 4745 430 4779 σοι
458 4726 664 4801 ψυχὰς,
698 4721 788 4780 διὰ
815 4725 878 4779 τὸ
937 4724 990 4779 ἐν
1045 4723 1265 4786 ταύταις
1320 4725 1456 4779 κατᾶ
1495 4725 1675 4780 πίστιν
1727 4729 1999 4804 φυτευθῆ-

345 4833 458 4886 ναι,
491 4813 580 4868 οἷά
600 4811 701 4890 περ
741 4835 829 4876 τις
874 4811 1198 4888 παράδεισος
1243 4816 1550 4890 συνηρεφὴς
1584 4813 1828 4890 δένδροις
1857 4816 1999 4893 ῥοῶν

346 4902 439 4958 ἐπὶ
497 4901 658 4980 ῥιζῶν
723 4901 1254 4980 ἐγκεκεντρισμὲνοις
1314 4901 1514 4981 δρυῶν,
1571 4905 1851 4970 κάντεῦθεν
1907 4908 1997 4962 τὸν

341 4989 486 5047 ἴδιον
515 4992 746 5066 καρπὸν,
805 4993 880 5056 ὡς
939 4990 1258 5069 ἀκροδρύων
1316 4993 1516 5066 καρπὸν
1572 4994 1998 5070 ἐπιφερομὲννις.

339 5085 438 5136 Ὧν
473 5080 616 5158 ῥοῶν
647 5083 702 5138 αἱ
761 5081 855 5156 μὶν
905 5082 1046 5158 ῥίζαι
1093 5079 1553 5156 δυσαπόσπαστοι,
1585 5085 1648 5138 τὸ
1708 5083 1762 5140 δὲ
1794 5086 2002 5160 προκά-

343 5169 546 5244 λυμμα
600 5177 698 5228 τοῦ
755 5177 968 5248 καρποῦ
1023 5171 1318 5248 αὐστηρὸν,
1369 5173 1458 5228 καὶ
1516 5178 1612 5230 τοῦ
1657 5173 1806 5238 ἐντὸς
1828 5175 2000 5250 ψυλα-

361 5263 570 5316 κτικόν.
629 5261 801 5324 Αὐτὸς
851 5259 908 5317 δὲ
961 5263 987 5316 ὁ
1057 5263 1266 5338 καρπὸς
1339 5261 1472 5336 μετᾶ
1525 5263 1587 5317 τὸ
1641 5273 2004 5334 πεπανθῆναι,

349 5349 778 5428 περιρραγέντος
887 5355 984 5406 τοῦ
1081 5349 1574 5425 προκαλύμματος,
1667 5351 2004 5432 διαφαίνεται

346 5441 447 5508 τὴν
499 5441 592 5514 μὶν
650 5445 831 5518 γεῦσιν
879 5439 1110 5517 γλυκὺς,
1163 5441 1262 5508 τήν
1325 5437 1382 5496 δὲ
1440 5437 1562 5516 ὄψιν
1618 5443 1852 5512 εὐειδὴς.
1909 5445 2004 5500 Καὶ

347 5531 454 5607 γὰρ
489 5531 576 5585 καὶ
607 5531 760 5586 αὐτοὶ
795 5531 846 5585 οἱ
884 5537 984 5600 τῆς
1029 5528 1248 5607 νύμφης
1305 5527 1680 5588 διδασκαλικοὶ
1724 5532 1904 5608 λόγοι,
1937 5539 2004 5607 τῇ

355 5621 455 5695 μὶν
513 5619 693 5676 πίστει
747 5619 1106 5694 ἦδραίωνται,
1165 5618 1255 5672 καὶ
1305 5617 1765 5686 δυσαποσπάστως
1817 5620 2006 5700 ἔχουσι

349 5715 462 5768 τῶν
495 5714 864 5766 πιστευσασῶν
922 5708 1142 5770 τούτοις
1192 5711 1410 5783 ψυχῶν,
1470 5713 1560 5766 οἷα
1613 5712 1756 5788 ῥίζαι
1797 5712 1955 5792 δρυός
1992 5736 2004 5748 ·

2112 4736 2342 4809 punicis
2367 4736 2800 4806 consita,super
2846 4735 3074 4790 radices
3127 4735 3366 4790 insertis
3417 4749 3763 4804 quercuum,

2109 4831 2167 4882 et
2209 4829 2514 4898 propterea
2548 4825 2853 4897 proprium
2909 4825 3164 4879 fructum
3215 4827 3501 4894 tanquam
3561 4837 3766 4877 earum

2114 4916 2370 4970 fructum
2399 4915 2743 4970 ferentibus.
2777 4917 3037 4980 Quarum
3072 4913 3305 4983 quidem
3333 4910 3620 4967 malorum
3658 4927 3766 4982 pu-

2115 5005 2379 5058 nicarum
2415 5004 2642 5059 radices
2687 5003 2839 5058 haud
2894 5003 3060 5058 facile
3107 5001 3514 5057 divelluntur:
3575 5003 3772 5056 cortex

2115 5097 2310 5147 autem
2343 5092 2533 5165 ipsius
2567 5093 2795 5148 fructus
2827 5097 3098 5148 austerus
3142 5096 3252 5158 est,
3303 5095 3361 5148 et
3422 5107 3550 5162 quae
3608 5089 3772 5144 intus

2115 5188 2276 5250 sunt,
2305 5186 2528 5238 tuetur.
2563 5187 2810 5238 Fructus
2839 5199 2996 5248 vero,
3030 5186 3412 5254 posteaquam
3462 5181 3530 5235 ad
3575 5183 3774 5235 matu-

2117 5273 2347 5328 ritatem
2375 5273 2964 5345 pervcnit,conl'racto
2997 5271 3230 5328 corticis
3261 5269 3776 5343 integumentofse

2116 5367 2240 5415 tum
2266 5367 2440 5432 gustu
2477 5362 2730 5426 dulcem,
2765 5365 2890 5416 tum
2925 5365 3162 5432 aspectu
3199 5361 3534 5430 jucundum
3577 5363 3775 5414 osten-

2116 5456 2220 5504 tat.
2255 5451 2470 5507 Eodem
2502 5455 2666 5522 pacto
2686 5468 2916 5522 sponsae
2931 5451 3106 5506 etiam
3135 5449 3774 5521 disciplinae,tenquam

2119 5541 2344 5597 arboris
2378 5540 2934 5610 radicibus,itaﬁdei
2991 5539 3206 5595 innixa:
3253 5539 3553 5609 ﬁrmitate,
3614 5537 3770 5592 difﬁ-

2119 5631 2228 5686 cile
2259 5648 2328 5686 ex
2358 5631 2670 5688 animabus
2713 5629 3090 5687 credentibus
3148 5629 3496 5686 avellantur.
3549 5626 3776 5698 Quippe

2119 5737 2248 5793 quae
2277 5725 2406 5778 tum
2439 5722 2672 5778 incussa
2699 5720 3128 5793 suppliciorum
3144 5717 3772 5790 formidine,tanquam
