4110 6398
336 419 458 478 629

333 555 440 619 τῆς
493 544 756 610 συνέσεως
787 592 804 613 ,

338 641 602 714 σαρκικοῦ
688 637 1041 716 φρονήματος
1124 637 1222 693 οὐκ
1299 635 1586 715 ἐνεργεῖται
1672 639 1708 708 ἡ
1784 637 2000 713 νέκρω-

339 747 472 790 σιςο
540 729 608 796 ἧς
689 723 973 796 δηλωτικᾶ
1029 730 1064 798 ἡ
1123 727 1334 804 σμύρνα
1414 728 1504 782 καὶ
1575 729 1611 797 ἡ
1682 725 1846 800 ἀλόη,
1925 725 2000 788 ὡς

335 820 542 894 νεκρῶν
586 815 854 890 σωμάτων
901 814 1358 893 ἀρωματίσματα.
1394 817 1558 875 Οὗτοι
1611 815 1668 871 δὲ
1728 817 1777 871 oi
1841 813 2000 892 λόγοι

333 911 457 969 ταῖς
518 902 938 979 διδασκομέναις
1001 905 1104 961 εἶσὶ
1157 904 1247 961 καί
1296 907 1446 984 πηγή
1481 908 1703 978 κήπων,
1737 906 1812 969 ὡς
1865 925 2001 982 προ-

335 996 559 1072 χὲοντες
588 995 688 1064 τήν
748 991 1104 1070 ἀρδεύουσαν,
1135 999 1362 1071 γνῶσιν,
1397 997 1492 1058 τὰς
1543 997 1634 1050 οἷά
1690 1015 1810 1050 τινα
1865 996 2004 1072 φυτὰ

336 1083 743 1164 πεφυτευμένας
819 1083 873 1140 έν
961 1083 1149 1147 αὐταῖς
1238 1082 1548 1149 πολυειδεῖς
1632 1083 1846 1161 ἀρετάς.
1905 1082 2004 1140 Καὶ

341 1173 515 1250 φρέαρ
578 1171 773 1236 ὕδατος
865 1179 1085 1248 ζῶντος,
1156 1175 1246 1230 καὶ
1331 1173 1642 1250 ῥοιζοῦντος
1719 1175 1827 1230 ἀπὸ
1907 1177 2006 1229 τοῦ

339 1259 622 1320 Λιϐάνου·
681 1262 878 1338 ἤγουν,
947 1264 1108 1340 βάθος
1171 1263 1316 1329 θείας
1379 1263 1469 1319 καὶ
1524 1263 1755 1334 ἀειζώου
1816 1263 2006 1344 σοφίας

339 1353 596 1430 ἠχούσης
651 1350 1054 1417 διδασκαλικῶς
1109 1355 1176 1408 τὰ
1231 1358 1348 1416 τοῖς
1404 1351 1641 1416 πολλοῖς
1699 1350 2008 1425 ἀδιεξίτητα

340 1445 457 1498 θεῖα
491 1445 794 1520 μυστήρια,
839 1442 1020 1519 ὥσπερ
1073 1443 1178 1499 ἀπὸ
1237 1439 1479 1501 Λιϐάνου
1527 1448 1624 1498 τοῦ
1682 1443 1850 1518 ὕψους
1907 1447 2008 1514 τῆς

377 1533 396 1555 λ
563 1533 577 1550 \
985 1539 998 1559 ν
1119 1532 1134 1552 \
1451 1530 1500 1550 ιλ
1781 1531 1793 1550 \
1945 1539 1973 1550 ..

347 1553 425 1594 εις
486 1538 615 1588 Θεον
667 1531 924 1596 πίστεως,
1003 1535 1136 1590 Επει
1192 1529 1250 1588 δὶ
1322 1552 1648 1610 παραοεισον
1707 1555 1838 1595 τους
1907 1554 2006 1603 της

341 1620 566 1700 νύμφης
599 1618 1018 1685 διδασκαλικοῦς
1079 1621 1280 1698 λόγους
1310 1624 1338 1678 ὁ
1368 1622 1602 1700 νυμφίος
1664 1619 1900 1700 εἶ’ρηκεν,
1934 1623 2009 1686 ὡς

345 1708 680 1782 δεδήλωται·
715 1717 892 1782 κῆπος
953 1707 1010 1766 δέ
1066 1710 1208 1768 ἐστιν
1267 1713 1294 1767 ὁ
1348 1709 1698 1790 παράδεισος,
1743 1713 1819 1777 ὡς
1875 1733 2009 1767 παν-

341 1800 508 1856 τοίων
565 1804 745 1879 φυτῶν
806 1801 1059 1877 χωρίον·
1116 1805 1308 1872 κῆπος
1372 1799 1475 1878 ἄρα
1531 1807 1630 1872 τῆς
1685 1799 1905 1878 νύμφης
1955 1802 2010 1856 αἱ

1388 417 1802 479 COMMENT.
1851 416 1928 476 IN
1977 415 2382 476 CANTICUM
2430 413 2738 476 CANTIG.

861 545 954 602 καὶ
1021 547 1083 603 τὸ
1167 553 1270 619 τῆς
1357 546 1568 627 σοφίας,
1627 545 1816 609 ἄλλως
1896 550 1993 601 τοῦ

2120 548 2490 620 quetur.Haec
2521 563 2749 618 sponsae
2781 547 3060 604 instituta
3090 555 3147 604 et
3179 547 3505 622 disciplinae
3534 548 3596 605 in
3647 550 3774 606 ani-

3657 417 3778 478 630

2111 637 2320 694 mabus
2353 635 2486 692 illas
2501 636 2904 693 excolentibus
2937 638 3090 694 fiunt
3121 637 3296 695 etiam
3316 644 3440 710 {om
3457 640 3770 696 hortorum:

2110 727 2248 784 inde
2280 727 2440 784 enim
2472 725 2724 799 cognitio
2757 726 2984 796 deﬂuit,
3016 745 3136 800 qua
3161 727 3333 784 variae
3380 728 3440 784 in
3485 729 3604 786 illis
3651 733 3776 786 tan-

2111 834 2289 890 quam
2325 815 2560 889 plantee,
2610 816 2802 872 insitas
2861 817 3110 873 virtutes
3167 817 3506 889 irrigantur.
3565 824 3632 876 Et
3667 837 3776 892 pu-

2111 911 2406 978 teasaquae
2437 908 2685 976 viventis,
2715 911 2912 962 etcum
2949 909 3186 973 strepitu
3234 907 3298 962 de
3343 907 3546 965 Libano
3584 907 3775 965 decur-

2109 999 2320 1054 rentis:
2345 997 2401 1052 id
2426 1001 2610 1065 est,ex
2639 997 3040 1070 profunditate
3063 995 3275 1052 divinas
3309 1013 3375 1053 ac
3405 999 3777 1078 sempiterna:

2113 1085 2415 1159 sapientia
2465 1085 2822 1154 resonantis,
2867 1089 2926 1141 et
2983 1086 3321 1142 docentium
3371 1104 3532 1143 more
3579 1087 3780 1144 divina

2115 1176 2392 1248 mysteria
2421 1175 2594 1248 vulgo
2629 1173 3376 1247 inexplicabilia,tanquam
3423 1177 3494 1231 de
3533 1177 3774 1246 Libano,

2114 1268 2186 1321 de
2227 1265 2594 1321 sublimitate
2615 1265 2674 1320 in
2701 1266 2878 1320 Deum
2903 1264 3036 1320 ﬁdei
3061 1265 3775 1338 depromentis,Quoniam

2116 1359 2313 1412 autem
2349 1372 2578 1428 sponsa
2611 1371 2916 1410 sermones
2955 1359 3133 1426 atque
3182 1360 3472 1428 praecepta
3519 1372 3775 1428 sponsus

2114 1445 2378 1516 hortum,
2411 1447 2477 1498 ut
2523 1443 2888 1500 declaratum
2947 1447 3054 1513 est,
3107 1445 3520 1517 nuncupavit;
3569 1445 3778 1502 hortus

2113 1551 2249 1590 vero
2271 1538 2362 1590 est
2381 1533 2715 1606 paradisus,
2739 1539 3024 1606 tanquam
3045 1534 3414 1590 diversarum
3439 1533 3776 1606 plantarum

2115 1624 2282 1680 locus
2319 1641 2332 1692 ;
2367 1624 2574 1680 hortus
2606 1640 2836 1696 sponsae
2869 1624 3132 1696 profecto
3164 1627 3308 1680 sunt
3334 1623 3545 1679 anima;
3593 1624 3778 1680 disci-

2117 1712 2299 1786 plinis
2321 1714 2451 1785 ejus
2481 1713 2726 1770 consitaa
2759 1717 2939 1785 atque
2963 1713 3236 1781 erudita,
3259 1729 3365 1786 per
3385 1729 3534 1785 quas
3565 1728 3776 1786 eaquae

2119 1803 2278 1859 dicta
2309 1807 2468 1874 sunt,
2515 1803 2715 1860 studet
2745 1801 3046 1874 perﬁcere.

343 1890 742 1970 πεφυτευμέναι
802 1889 904 1946 εἰσὶ
963 1892 1140 1969 ψυχαὶ
1199 1895 1317 1954 τοῖς
1376 1889 1786 1954 διδασκαλικοῖς
1835 1890 2038 1962 ταύτης
2099 1889 2311 1968 λόγοις,
2372 1888 2441 1946 δι’
2499 1891 2572 1946 ὧν
2630 1887 2934 1946 σπεύδουσα
2985 1889 3052 1946 τὰ
3103 1888 3228 1962 ἑξῆς
3261 1888 3522 1968 εἰρημένα
3575 1889 3779 1960 ἀποτε-

347 1977 787 2149 λὲῗἸίσέἐεγέρθητι,
819 2070 1018 2150 βοῤῥᾶ,
1050 2073 1138 2128 καὶ
1172 2071 1238 2128 τὰ
1269 2072 1415 2144 εξῆς.

1048 2339 1298 2396 Ψελλοῦ.

425 2429 668 2505 Ἐπείπερ
703 2424 1000 2486 ἐπελάϐετο
1029 2428 1246 2492 πάντως
1275 2437 1376 2501 τῆς
1401 2428 1662 2504 ἐξουσίας,

351 2521 414 2575 Ἠ
449 2518 748 2590 Ἐκκλησία
773 2524 872 2576 τοῦ
895 2524 1030 2576 Θεοῦ
1058 2527 1236 2590 κῆπος
1264 2521 1646 2594 ὀνομασθεῖσα,

349 2609 536 2685 Ἕχων
569 2610 820 2664 ἁπάντων
851 2614 960 2665 τῶν
993 2613 1176 2687 φυτῶν
1210 2608 1262 2665 ἰν
1293 2611 1458 2684 ἑαυτῇ
1489 2611 1589 2680 τήν
1620 2609 1784 2684 ὥραν,

347 2699 460 2755 Τοῦ
498 2698 594 2772 μὶν
632 2698 802 2776 βορῥᾶ
829 2699 932 2769 τήν
961 2700 1216 2754 κάκιστον
1250 2695 1538 2772 ἕμπνευσιν
1569 2698 1847 2778 ἀφορίσαι,

348 2787 464 2855 Τὴν
497 2787 1033 2864 ἀποκρυσταλλῶσαν
1059 2789 1122 2844 τὸ
1149 2787 1360 2852 κάλλος
1385 2790 1494 2843 τῶν
1527 2789 1753 2853 ἀνθέων·

346 2877 452 2933 Τὸν
486 2877 644 2932 νότον
673 2875 733 2934 δὲ
762 2878 852 2932 τὸν
881 2876 1178 2934 κάλλιστον
1205 2885 1491 2954 προσαιτεῖ
1518 2883 1757 2933 πνεῦσαι·

347 2967 448 3030 Ὃς
479 2966 803 3030 ἐπιπνεύσας
834 2967 888 3024 έν
921 2969 1064 3023 Σιὼν
1093 2972 1210 3030 τοῖς
1240 2966 1572 3030 ἀποστόλοις
1601 2966 1793 3040 πάλαι,

349 3057 620 3129 Ῥεύματα
652 3053 836 3131 λὸγων
869 3054 1074 3112 δέδωκε
1096 3062 1215 3119 τοῖς
1243 3055 1572 3118 ἀποστόλοις
1602 3057 1772 3133 χέειν.

349 3147 562 3201 Ἐκεῖνο
591 3145 654 3201 τὸ
686 3147 944 3222 πανάγιον
967 3145 1146 3200 τοίνυν
1178 3149 1212 3216 ἡ
1243 3146 1432 3224 νύμφη
1461 3149 1678 3219 Πνεῦμα

349 3234 528 3292 Καλεῖ
554 3236 694 3311 πρὸς
724 3236 902 3305 κῆπον
935 3237 1130 3306 ἑαυτῆς
1159 3239 1381 3290 πνεῦσαι
1405 3237 1506 3305 τὴν
1539 3233 1837 3310 σωτηρίαν,

347 3327 439 3387 Ὦς
469 3323 530 3380 ἂν
558 3326 1054 3404 καρποφορήσωσιν
1087 3326 1261 3381 πάντα
1287 3326 1356 3380 τὰ
1383 3325 1542 3380 τέκνα
1571 3325 1794 3394 ταύτης,

347 3415 448 3470 Καὶ
478 3415 569 3470 τὸν
603 3415 832 3491 Χριστὸν
861 3414 1164 3492 εὐφράνωσι
1193 3415 1287 3470 τὸν
1321 3413 1494 3490 Λόγον
1524 3413 1614 3468 καὶ
1644 3413 1903 3490 νυμφίον.

346 3501 500 3560 Ἐπεὶ
531 3505 666 3576 γοῦν
700 3503 728 3556 ὁ
758 3499 1096 3572 κεκέλευκεν,
1120 3501 1194 3564 εἷς
1224 3497 1384 3577 ἔργον
1412 3500 1671 3578 ἐγεγόνει,

345 3591 448 3648 Καὶ
478 3591 572 3645 τὸν
607 3589 808 3668 βορῥᾶν
837 3592 1138 3665 σιγήσαντα
1169 3587 1412 3646 κατεῖδεν
1445 3592 1480 3659 ἡ
1513 3590 1804 3667 παρθένος,

351 3682 450 3736 Καὶ
480 3680 782 3735 πνεύσαντα
811 3679 905 3735 τὸν
938 3679 1237 3736 κάλλιστον
1271 3675 1440 3741 ὅντως
1477 3679 1566 3734 καὶ
1627 3681 1768 3735 θεῖον
1836 3679 2005 3749 νότον,

353 3768 454 3825 Καὶ
479 3768 799 3848 καρποφόρα
830 3766 1077 3840 δείξαντα
1103 3770 1278 3824 πάντα
1305 3769 1372 3824 τὰ
1399 3769 1560 3824 τέκνα
1586 3768 1811 3838 ταύτης,

351 3859 673 3936 Ἐπεόχεται
702 3862 799 3913 τοῦ
827 3864 1110 3924 κατελθεῖν
1136 3859 1228 3914 τὸν
1261 3859 1569 3932 θαυμαστὸν
1601 3859 1838 3936 νυμφίον

347 3947 448 4012 Εἲς
478 3949 568 4002 τὸν
601 3949 1093 4026 καρποφορήσαντα
1121 3953 1297 4016 κῆπον
1332 3947 1500 4016 αὐτῆς
1531 3947 1582 4001 έν
1613 3947 1792 4022 τάχει,

347 4038 441 4098 Ὠς
476 4035 536 4090 ἂν
565 4039 809 4113 τρυγῆσῃ
841 4036 972 4100 τοὺς
1001 4035 1247 4110 καρποὺς
1297 4036 1462 4091 αὐτοῦ
1508 4041 1614 4090 τῶν
1669 4033 2008 4110 ἀκροδρύων,

347 4126 660 4196 Τουτέστιν,
691 4127 846 4188 ὅπως
887 4126 1159 4203 εὖφρανθῇ
1209 4131 1324 4188 τοῖς
1370 4125 1745 4205 καρποφόροις
1784 4127 2008 4188 τέκνοις.

345 4215 420 4272 Εἴ
451 4217 526 4290 μὴ
559 4216 659 4294 γὰρ
693 4217 838 4272 οὕτω
872 4217 1011 4294 πρὸς
1043 4219 1192 4290 ἡμᾶς
1239 4216 1366 4279 τοὺς
1415 4215 1702 4279 ταπεινοὺς
1748 4213 2008 4290 κατέλθῃ,

347 4301 670 4363 Ἀναλαὸὼν
751 4305 842 4362 καὶ
929 4304 1058 4368 τοὺς
1142 4310 1354 4382 πραεῖς,
1411 4306 1549 4361 κατᾶ
1621 4307 1715 4360 τὸν
1773 4304 2011 4378 Ψαλμο-

1761 4396 2009 4473 [γράφον,

346 4483 464 4544 Ούκ
493 4480 636 4540 ἔστιν
668 4483 858 4547 ἄλλως
891 4505 1010 4540 πως
1038 4486 1190 4556 ἡμᾶς
1223 4482 1302 4546 εἷς
1333 4483 1601 4560 οὐρανοὺς
1631 4483 1879 4559 ἀρθῆναι.

347 4577 533 4632 Ταῦτα
577 4575 672 4648 μὲν
701 4573 1074 4650 λελιπάρηκεν
1105 4576 1141 4644 ἡ
1174 4573 1362 4651 νύμφη
1395 4577 1473 4646 τῷ
1501 4574 1740 4649 νυμφίῳ.

347 4665 406 4717 Ὁ
437 4661 494 4719 δὲ
523 4661 758 4740 πληρῶν
785 4664 854 4720 τὰ
883 4663 1172 4738 σύμπαντα
1200 4663 1290 4718 καὶ
1320 4667 1600 4738 πανταχοῦ
1628 4662 1936 4738 τυγχάνων,

347 4753 414 4810 ⁸0
442 4751 644 4828 λέγων,
675 4749 818 4808 Ἰδοὺ
841 4754 1094 4830 πάρειμι,
1124 4757 1241 4815 τοῖς
1275 4750 1756 4826 ἐπικαλουμένοις,

349 4841 486 4917 Πρὶν
545 4841 915 4917 πληρωθῆναι
997 4843 1096 4912 τὴν
1193 4841 1389 4917 εὐχὴν,
1451 4848 1554 4912 τῆς
1635 4843 1852 4919 νύμφης
1907 4832 2085 4898 έπ-Ῑ)

1725 4931 2005 5004 [ακούσας,

347 5020 448 5082 Εἲς
479 5027 656 5090 κῆπον
687 5017 1058 5090 κατελήλυθεν
1091 5019 1282 5089 αὐτῆς,
1314 5020 1388 5083 ὡς
1419 5015 1739 5092 ἠϐουλήθη,

345 5109 454 5167 Καὶ
477 5109 605 5173 τοὺς
633 5109 880 5187 καρποὺς
909 5109 1176 5186 ἐτρύγησε
1203 5109 1406 5181 ταύτης
1435 5115 1544 5165 τῶν
1577 5108 1915 5184 ἀκροδρύων.

346 5200 496 5270 Φησὶ
527 5202 632 5276 γὰρ
666 5201 810 5255 οὕτω
839 5201 976 5273 πρὸς
1007 5197 1198 5268 αύτήν,
1223 5199 1298 5262 ὡς
1323 5201 1443 5264 καθ’
1473 5201 1665 5274 εἱρμὸν
1714 5201 1961 5276 εὑρήσεις
1989 5221 2002 5234 ·

421 5289 702 5360 Εἰσῆλθεν
733 5290 811 5352 είς
841 5288 1018 5360 κῆπόν
1057 5309 1184 5362 μου,
1217 5285 1424 5366 ἀδελφή
1465 5309 1570 5361 μου
1598 5289 1783 5366 νύμφη
1813 5308 1825 5323 ·

343 5379 656 5457 Ἐτρύγησα
683 5379 924 5455 σμύρναν
959 5399 1065 5452 μου
1100 5379 1231 5451 μετᾶ
1263 5377 1570 5452 ἀρωμάτων
1607 5399 1712 5452 μου
1733 5398 1746 5411 ·

343 5471 585 5544 Ἐφαγον
618 5467 780 5543 ὅίρτον
817 5489 921 5543 μου
956 5469 1092 5542 μετὰ
1126 5464 1348 5540 μέλιτός
1381 5489 1506 5541 μου·

341 5560 536 5617 ’Έπιον
561 5561 708 5616 οἶνόν
745 5581 852 5634 μου
885 5559 1020 5633 μετὰ
1043 5555 1312 5633 γάλακτός
1344 5577 1471 5632 μου.

421 5763 468 5802 ⁵⁸
488 5764 643 5824 Psal.
675 5779 864 5836 CXLVI,
893 5763 939 5800 ⁸ο
971 5761 1086 5820 Isa.
1113 5776 1268 5831 mn,
1292 5761 1348 5818 9.

2038 2078 2086 2143 B
2188 2073 2369 2146 Surge
2397 2073 2604 2148 aquilo,
2628 2079 2684 2130 et
2711 2075 2840 2130 veni
2867 2075 3085 2130 auster:
3117 2076 3292 2146 per/la
3323 2075 3547 2132 hortum
3565 2089 3770 2132 meum,

2118 2168 2170 2220 et
2217 2166 2396 2234 ﬂuant
2438 2172 2690 2222 aromata
2736 2179 2881 2220 mea.
2931 2163 3228 2220 Descendat
3283 2181 3451 2237 nepos
3502 2181 3651 2221 meus
3705 2165 3770 2221 in

2118 2254 2340 2310 hortum
2367 2263 2626 2325 meum,et
2653 2253 2897 2310 comedat
2914 2255 3162 2324 fructum
3179 2270 3388 2312 nucum
3415 2257 3554 2328 ejus.

2829 2343 3021 2398 Pselli.

2189 2435 2608 2505 Posteaquam
2665 2432 2927 2490 Ecclesia
2983 2431 3085 2488 Dei
3144 2437 3491 2505 potestatem
3551 2433 3777 2506 accepit

2120 2524 2460 2590 omnino,ut
2496 2523 2706 2579 hortus
2745 2524 2905 2582 illius
2937 2522 3602 2596 nominata,plantarum
3644 2539 3776 2580 om-

2119 2613 2285 2668 nium
2316 2614 2495 2669 decus
2526 2613 2586 2668 in
2617 2629 2682 2668 se
2741 2615 3072 2682 continens,
3105 2613 3432 2687 pessimum
3479 2612 3774 2685 aquilonis

2119 2701 2545 2775 ﬂatum,glacie
2559 2703 2768 2758 ﬂorum
2785 2703 3289 2776 pulchritudinem
3305 2702 3771 2774 exstinguentem

2119 2791 2471 2864 expelleret:
2509 2797 2778 2848 austrum
2811 2799 3008 2850 autem
3043 2791 3504 2848 saluberrimum
3538 2791 3770 2847 acciret:

2119 2883 2216 2952 qui
2250 2881 2452 2954 spiran
2485 2885 2546 2937 in
2579 2881 2717 2938 Sion
2749 2883 3034 2956 apostolis
3057 2881 3539 2954 olimiverborum
3581 2880 3773 2936 ﬂuxus

2121 2971 2467 3027 instillavit:
2498 2971 2946 3028 sanctissimum
2971 2971 3140 3028 illum
3170 2970 3456 3044 Spiritum
3475 2970 3774 3042 vocat,qui

2117 3060 2176 3116 in
2210 3061 2444 3116 hortum
2488 3077 2663 3116 suum
2697 3061 2910 3118 salutis
2941 3079 3114 3118 auras
3143 3061 3440 3129 infundat,
3483 3065 3548 3114 ut
3568 3075 3774 3115 omnes

2119 3149 2226 3205 filii
2258 3149 2348 3205 sui
2375 3151 2632 3205 fructum
2673 3150 2883 3220 ferant,
2943 3156 3002 3207 et
3045 3149 3343 3206 Christum
3401 3149 3660 3205 Verbum
3691 3153 3776 3216 {et

2119 3255 2402 3311 sponsum
2437 3238 2650 3294 laetitia-
2683 3239 2964 3296 afﬁciant.
2997 3239 3142 3296 Cum
3167 3239 3349 3311 igitur
3377 3239 3530 3309 quod
3580 3240 3774 3307 jusse-

2118 3333 2230 3399 rat,
2263 3346 2322 3385 re
2343 3329 2474 3401 ipsa
2495 3329 2818 3401 perfectum
2848 3327 3484 3400 esset,aquilonemque
3501 3327 3772 3384 silentem

2119 3418 2280 3490 virgo
2311 3417 2669 3490 perspiceret
2694 3417 2988 3490 posuisse,
3029 3416 3614 3489 pulcherrimumque
3643 3433 3772 3473 om-

2059 3493 2080 3518 ⁴
2118 3507 2258 3563 nino
2281 3525 2347 3563 ac
2378 3508 2640 3563 divinum
2666 3511 2934 3562 austrum
2963 3505 3390 3579 perﬂare,ﬁlios
3411 3523 3552 3561 suos
3569 3523 3774 3562 omnes

2116 3597 2451 3653 fructiferos
2509 3597 2952 3666 ostendentem;
3014 3595 3423 3652 admirabilem
3485 3611 3772 3668 sponsum

2117 3703 2292 3744 suum
2327 3688 2690 3754 obsecrat,ut
2710 3686 2769 3740 in
2803 3685 3038 3742 hortum
3071 3701 3246 3741 suum
3271 3683 3516 3740 fertilem
3575 3683 3774 3741 celeri-

2115 3783 2206 3834 ter
2236 3779 2574 3845 descendat,
2602 3779 2997 3848 arborumque
3019 3793 3264 3832 suorum
3300 3777 3524 3832 fructus
3547 3781 3766 3847 carpat:

2117 3867 2226 3923 hoc
2257 3871 2440 3937 est,ut
2470 3867 2640 3923 bonis
2671 3867 2926 3922 filiorum
2973 3883 3214 3922 suorum
3265 3865 3544 3939 operibus
3611 3864 3770 3921 oble-

2119 3961 2328 4013 ctetur.
2361 3957 2486 4012 Nisi
2518 3957 2674 4010 enim
2709 3957 2780 4012 ad
2813 3973 2920 4010 nos
2951 3955 3210 4010 humiles
3268 3959 3326 4010 et
3381 3955 3641 4025 abjectos
3685 3955 3769 4010 ita

2119 4047 2456 4118 descendat,
2491 4053 2803 4102 mansuetos
2837 4047 3143 4117 suscipiens
3172 4045 3238 4113 ‘9,
3271 4047 3356 4113 ut,
3417 4043 3608 4114 inquit
3655 4044 3768 4099 Da-

2117 4136 2238 4204 vid,
2271 4136 2396 4190 fieri
2426 4135 2588 4191 nullo
2629 4135 2803 4191 modo
2830 4139 3110 4208 potest,ul
3142 4149 3250 4191 nos
3287 4134 3346 4188 in
3378 4132 3589 4190 coelum
3630 4149 3766 4190 con-

2120 4226 2493 4282 scendamus.
2515 4225 2616 4281 His
2649 4242 2866 4298 sponsa
2897 4223 3170 4296 precibus
3201 4240 3488 4296 sponsum
3533 4225 3774 4280 advoca-

2117 4314 2413 4372 vit.Atille
2435 4315 2760 4387 quiimplet
2785 4315 3080 4380 universa,
3141 4313 3359 4385 quique
3417 4315 3584 4370 adest
3641 4313 3773 4370 ubi-

2120 4421 2256 4477 que.
2289 4409 2346 4460 et
2376 4405 2539 4474 dicit,
2571 4405 2703 4460 Ecce
2729 4403 2928 4460 adsum
2947 4402 2992 4438 ⁸ο
3013 4402 3772 4475 invocantibus,antequam

2120 4511 2337 4566 sponsa
2376 4493 2867 4567 supplicationem
2908 4491 3166 4564 expleret
3211 4491 3374 4548 illam
3433 4491 3772 4559 exaudiens,

2120 4585 2424 4641 descendit
2453 4585 2512 4640 in
2543 4585 2782 4640 hortum
2806 4585 2954 4655 ejus,
2987 4585 3048 4636 ut
3087 4581 3216 4653 ipsa
3268 4582 3472 4650 voluit,
3531 4587 3590 4638 et
3646 4583 3769 4639 fru-

2119 4679 2247 4730 ctus
2279 4673 2556 4730 arborum
2589 4675 2778 4747 ipsius
2810 4671 3122 4743 decerpsit.
3155 4671 3249 4727 Sic
3287 4672 3442 4728 enim
3484 4687 3765 4743 sponsam

2119 4762 2479 4836 aﬂoquﬁur:

2193 5294 2327 5351 Veni
2345 5295 2408 5348 in
2455 5293 2676 5348 hortum
2722 5307 2927 5357 meum,
2967 5307 3124 5347 soror
3153 5307 3295 5361 mea,
3345 5307 3572 5362 sponsa,
3628 5309 3777 5349 mes-

2117 5386 2210 5440 sui
2248 5383 2536 5454 myrrham
2579 5397 2761 5437 meam
2787 5398 2906 5437 cum
2949 5382 3295 5436 aromatibus
3339 5383 3515 5438 meis:
3561 5385 3780 5439 comedi

2115 5490 2318 5546 panem
2337 5489 2522 5528 meum
2541 5487 2667 5526 cum
2686 5470 2854 5527 meite
2871 5487 2994 5527 meo
3018 5487 3031 5527 :
3059 5471 3171 5527 bibi
3200 5473 3394 5528 vinum
3415 5489 3598 5528 meum
3648 5489 3777 5530 cum

2120 5563 2261 5619 tacte
2278 5577 2420 5618 meo.
