4110 6388
312 429 423 490 631

1649 426 1893 489 MlCHA
1909 426 2074 488 ELlS
2118 424 2386 487 PSELLI

3619 432 3740 494 632

386 560 668 618 Descendi
701 576 839 634 ergo
871 561 1134 634 quidem,
1168 561 1382 634 inquit,
1416 561 1476 616 in
1508 561 1749 618 hortum
1773 565 1966 629 tuum,

2154 557 2439 628 Κατῆλθον
2465 557 2664 635 ἔγωγε,
2721 560 2878 635 φησὶ,
2911 561 3048 636 πρὸς
3103 560 3280 626 κῆπόν
3339 582 3454 635 σου,
3487 564 3737 639 παρθένε,

315 651 502 724 virgo,
535 655 592 706 et
622 649 890 724 pulchris
914 651 1202 709 fructibus
1226 651 1345 709 tuis
1378 652 1761 724 cupiditatem
1796 667 1978 706 meam

2102 646 2186 702 ἰαὶ
2240 653 2346 702 τῶν
2404 648 2588 704 καλῶν
2649 648 2941 720 ἀπήλαυσα
3011 655 3117 705 τῶν
3201 655 3309 706 σῶν
3385 658 3605 728 καρπῶν
3663 654 3741 719 εἰς

316 757 558 814 prorsus
589 739 1017 812 cxplevi,atque
1052 758 1121 796 ex
1151 741 1380 796 ardenti
1429 741 1685 796 ﬁliorum
1737 745 1974 796 tuorum

315 828 431 886 ﬁde
463 846 529 885 ac
555 830 894 902 pcenitentia
921 847 1200 902 magnam
1234 830 1494 886 laetitiam
1549 829 1803 902 percepi.
1863 834 1975 884 To-

313 923 441 975 tum
473 925 670 975 autem
705 919 812 974 hoc
847 919 1067 974 factum
1100 924 1212 991 est,
1255 921 1470 976 messis
1531 920 1804 992 myrrhae,
1837 935 1974 974 esus

317 1008 509 1064 mellis
539 1013 597 1064 et
632 1008 801 1064 lactis
837 1013 1029 1080 potus.
1060 1009 1190 1064 Ilico
1240 1027 1370 1065 cum
1419 1009 1663 1064 dixisset
1707 1008 1975 1065 Christus

315 1099 472 1154 idem
495 1103 551 1154 ct
607 1115 888 1170 sponsus._
941 1104 1004 1154 ut
1058 1116 1160 1171 pro
1211 1097 1436 1156 mellito
1497 1098 1761 1154 convivio
1804 1097 1977 1171 quasi

317 1188 568 1260 gratiam
604 1188 868 1260 aliquam
903 1189 1165 1254 referret,
1209 1189 1354 1261 ipsis
1401 1188 1643 1261 virginis
1696 1187 1832 1243 (iliis
1880 1187 1980 1242 dat

317 1295 530 1350 corpus
563 1295 761 1334 suum.
797 1278 893 1334 Sic
919 1279 1076 1334 enim
1121 1277 1276 1348 illos,
1308 1279 1409 1336 sed
1462 1279 1674 1351 dignos
1725 1281 1978 1344 tantum,

321 1384 469 1442 quos
502 1370 557 1424 et
589 1367 955 1441 propinquos
981 1385 1120 1426 suos
1147 1368 1228 1424 ita
1252 1386 1380 1426 esse
1409 1367 1575 1438 dixit,
1616 1366 1977 1440 alloquitur:

399 1720 687 1794 Comedite,
711 1721 1008 1796 propinqui
1038 1723 1165 1793 mei,
1189 1727 1240 1778 et
1273 1723 1459 1791 bibite,
1497 1725 1551 1778 et
1599 1716 1978 1782 inebriamini,

326 1815 528 1883 fratres
554 1815 681 1871 mei.

402 1901 748 1972 Quicunque
770 1901 934 1972 estis,
967 1901 1183 1975 inquit,
1211 1901 1511 1974 'operibus
1578 1899 1788 1954 fratres
1842 1894 1980 1965 mei,

3532 744 3737 818 [κόρον,

2087 827 2182 881 Καὶ
2215 830 2282 900 τῇ
2317 831 2492 903 θερμῇ
2525 832 2630 882 τῶν
2659 827 2857 883 τέκνων
2894 849 2988 883 σου
3020 829 3198 885 πίστει
3227 831 3315 885 καὶ
3353 833 3632 906 μετανοίᾳ,

2087 915 2348 992 Μεγάλην
2382 915 2594 992 ἔσχηκα
2626 919 2824 994 χαρὰν,
2861 918 3107 993 μεγάλην
3143 921 3503 999 εὐφροσύνην.

2083 1005 2255 1064 ’Ὁλον
2287 1004 2344 1062 δὲ
2373 1012 2533 1061 τοῦτο
2567 1009 2798 1085 πέφυκεν
2829 1009 2855 1062 ὁ
2886 1010 3163 1083 τρυγητής
3192 1016 3293 1079 τῆς
3321 1010 3590 1086 σμύρνης,

2085 1097 2148 1152 Ἦ
2189 1095 2390 1172 βρῶσίς
2418 1118 2476 1150 τε
2504 1101 2600 1150 τοῦ
2637 1092 2880 1170 μέλιτος,
2912 1099 3001 1153 καὶ
3040 1097 3315 1174 γάλακτος
3343 1103 3377 1169 ἡ
3410 1101 3587 1162 πόσις.

2087 1189 2262 1238 Ταῦτα
2292 1188 2359 1258 τῇ
2387 1185 2571 1260 νύμφῃ
2601 1186 2912 1261 προσειπὼν
2951 1187 3177 1262 Χριστὸς
3203 1188 3232 1242 ’ὸ
3263 1188 3352 1243 καὶ
3382 1189 3631 1265 νυμφίος,

2088 1276 2292 1350 Ὥσπερ
2328 1275 2607 1350 ἀντίχαρίν
2639 1297 2758 1330 τινα
2781 1282 2882 1346 τῆς
2917 1275 3361 1353 μελιτοτροφίας,

2087 1365 2158 1418 Τὸ
2191 1369 2350 1437 σῶμα
2379 1361 2600 1419 δίδωσιν
2635 1364 2799 1420 αὐτοῦ
2826 1371 2943 1428 τοῖς
2974 1366 3181 1430 τέκνοις
3211 1373 3312 1437 τῆς
3342 1369 3632 1443 παρθένου.

2091 1453 2234 1524 Φησῖ
2293 1453 2393 1530 γὰρ
2453 1453 2596 1508 οὕτω
2662 1455 2796 1527 πρὸς
2845 1453 3067 1525 αὐτοὺς,
3120 1452 3268 1526 πλὴν
3340 1456 3539 1531 μόνους
3615 1456 3744 1521 τοὺς

3516 1547 3744 1621 [ἀξίους,

2091 1631 2195 1696 Οὒς
2223 1633 2312 1688 καὶ
2344 1632 2580 1705 πλησίον
2617 1632 2828 1705 εἶ’ρηκεν
2861 1635 3018 1696 οὗτος
3051 1633 3216 1690 αὐτοῦ
3245 1636 3525 1712 τυγχάνειν
3548 1653 3563 1666 ⁶

2163 1725 2390 1799 Φάγετι,
2450 1725 2501 1778 οἱ
2577 1721 2813 1794 πλησίον
2877 1745 3005 1799 μου,
3059 1723 3146 1780 καὶ
3205 1725 3377 1794 πίετε,
3429 1723 3518 1780 καὶ
3579 1725 3744 1800 μεθύ-

2091 1814 2272 1884 σθητε,
2305 1810 2534 1892 ἀδελφοί
2568 1834 2694 1886 μου.

2161 1903 2319 1959 ’Όσοι
2346 1901 2636 1979 πεφύκατε,
2670 1902 2826 1980 φησὶ,
2847 1906 2966 1966 τοῖς
2993 1896 3190 1978 ἔργοις,
3225 1900 3453 1980 ἀδελφοί
3489 1925 3614 1976 μου,

331 2007 546 2063 corpus
571 2008 765 2048 meum
789 1991 1157 2060 comedile,et
1179 1991 1529 2064 sanguinem
1560 1990 1737 2046 bibite
1759 2003 1978 2044 meum.

2102 1991 2167 2048 Γὸ
2201 1996 2360 2064 σῶμα
2392 1965 2487 2064 μεν
2519 1965 2866 2070 μουίέαὶγετε,
2896 1965 2959 2046 τὸ
2992 1965 3038 2045 δι’
3058 1965 3197 2065 αἷμα
3226 1965 3384 2047 πίετέ⁸
3407 1965 3533 2066 μου.

336 2081 552 2137 Deinde
581 2081 983 2153 inebriamini,
1016 2081 1226 2154 inquit,
1262 2100 1378 2154 prae
1402 2080 1624 2149 laetitia,
1657 2083 1714 2135 et
1745 2081 1981 2151 propter

328 2170 739 2228 inebrietatem
772 2178 1011 2244 stupore
1031 2171 1306 2243 perculsi,
1329 2171 1568 2228 omnino
1590 2168 1795 2226 mundi
1819 2165 1979 2223 solli-

327 2260 659 2317 citudinum
701 2260 1140 2317 obliviscimini.

915 2371 1115 2427 Trium
1135 2373 1388 2426 Patrum.

391 2476 586 2546 Surge,
622 2477 834 2548 aquilo,
873 2486 924 2532 et
982 2479 1130 2547 veni,
1178 2488 1387 2533 auster.
1440 2478 1684 2532 Facesse
1733 2473 1978 2545 spiritus

321 2564 785 2637 improbissime,
820 2565 922 2636 qui
946 2567 1176 2622 animas
1207 2584 1332 2637 qua;
1365 2584 1398 2622 a
1437 2583 1528 2621 me
1559 2564 1977 2630 instituuntur,

321 2656 1070 2728 perturbationibus,quasi
1093 2657 1392 2728 aquilonis
1408 2657 1647 2713 ﬂatibus
1667 2654 1982 2726 afﬂigis.Et

319 2744 859 2810 veni,sanctissime
888 2745 1275 2816 Spiritus,qui
1300 2762 1400 2800 eas
1433 2745 1632 2817 gratim
1666 2749 1778 2798 tuae
1810 2740 1983 2797 donis

322 2837 609 2904 tanquam
634 2833 793 2889 auris
824 2834 1013 2889 austri
1041 2834 1402 2890 salutaribus
1444 2832 1738 2890 calefacis.

449 3015 633 3083 Per/la
663 3017 886 3070 hortum
914 3031 1122 3081 meum,
1154 3019 1206 3070 et
1234 3015 1412 3084 ﬂuant
1441 3016 1692 3070 aromata
1723 3030 1860 3068 mea.

397 3190 644 3246 Animas
673 3191 872 3263 perﬂa,
905 3208 1052 3264 quas
1086 3208 1192 3264 ego
1240 3191 1510 3248 doctrina
1559 3192 1981 3264 praeceptisque

328 3279 478 3335 meis
509 3284 795 3351 tanquam
817 3280 1052 3336 hortum
1083 3281 1352 3336 instruxi.
1387 3283 1458 3337 Et
1485 3282 1543 3336 in
1566 3281 1674 3336 has
1708 3298 1808 3352 per
1827 3297 1981 3336 com-

2089 2079 2224 2136 Εἶτα
2257 2080 2580 2153 μεθύσθητε,
2613 2081 2800 2159 φησὶν,
2831 2080 2933 2136 ἀπὸ
2964 2087 3064 2151 τῆς
3094 2080 3454 2157 εὐφροσύνης,

2091 2171 2196 2226 Καὶ
2229 2171 2444 2224 πάντων
2475 2170 2657 2241 λήθην
2691 2164 2884 2225 λάϐετε
2931 2175 3038 2225 τῶν
3076 2175 3367 2246 ὶιοσμικῶν
3416 2169 3742 2249 φροντίδων,

2089 2260 2179 2324 Ὦς
2205 2258 2253 2314 ἐν
2289 2258 2531 2315 ἐκστάσει
2565 2258 2833 2331 δήπουθεν
2859 2259 3139 2335 γινόμενοι
3171 2264 3240 2335 τῇ
3277 2259 3432 2335 μέθῃ.

2653 2369 2778 2425 Τῶν
2810 2369 2857 2442 γ’
2888 2365 3164 2442 Πατὲρων.

2165 2476 2528 2550 Ἐξεγέρθητι,
2589 2474 2780 2550 βοῤῥᾶ,
2839 2474 2931 2529 καὶ
2996 2471 3187 2550 ἔρχου,
3248 2474 3386 2530 νότε.
3449 2472 3743 2547 Δηλονότι,

2087 2567 2503 2639 Ἀναχώρησον.
2536 2565 2598 2620 τὸ
2629 2566 2725 2626 τὰς
2779 2561 3170 2636 διδασκομὲνας
3231 2585 3325 2637 μοι
3384 2565 3565 2640 ψυχὰς
3621 2572 3740 2627 τοῖς

2086 2654 2275 2708 πάθεσι
2330 2657 2596 2729 χειμαζον
2665 2651 2821 2724 δίκην
2881 2654 3084 2726 ἀνέμου
3141 2652 3315 2729 βορῥᾶ
3368 2653 3741 2730 πονηρότατον

2087 2748 2320 2815 πνεῦμαο
2349 2743 2438 2798 καὶ
2477 2738 2646 2818 ἔρχου
2689 2743 2792 2810 ἀεὶ,
2817 2743 2880 2798 τὸ
2924 2748 3045 2805 ταῖς
3097 2742 3320 2805 οἰκείαις
3369 2744 3554 2818 χάρισι
3611 2743 3741 2798 ταύ-

2087 2854 2183 2895 τας
2234 2831 2640 2907 διαθερμαῖνον,
2691 2833 2871 2906 ὥσπερ
2920 2831 3123 2905 ἀνέμου
3175 2831 3340 2887 νότου
3388 2833 3553 2901 πνοὴ,
3606 2853 3742 2887 παν-

2091 2923 2240 2996 ἀγιον
2272 2926 2514 2996 Πνεῦμα.

2162 3011 2487 3068 Διάπνευσον
2556 3011 2732 3082 κῆπόν
2821 3032 2949 3084 μου,
2999 3009 3089 3066 καὶ
3177 3010 3515 3086 ῥευσάτωσαν
3599 3010 3742 3086 ἀρώ-

2095 3103 2235 3175 ματά
2269 3125 2373 3175 μου
2385 3145 2398 3157 .

2159 3194 2599 3262 Ἥτοι,]ῐνεῦσον
2657 3191 2734 3252 εἷς
2793 3190 2853 3253 ἃς
2907 3189 3044 3258 αύτή
3077 3189 3257 3266 ψυχὰς
3314 3195 3431 3251 τοῖς
3489 3185 3742 3246 διδασκα-

2094 3279 2272 3343 λικοῖς
2306 3279 2492 3356 λόγοις
2544 3283 2634 3336 οἷά
2687 3301 2807 3336 τινα
2859 3279 3223 3358 κατεφύτευσα
3278 3285 3479 3348 κῆπον,
3509 3280 3600 3334 καὶ
3653 3302 3746 3358 χε-

324 3367 788 3423 municationem
821 3370 1016 3426 divine
1043 3386 1292 3426 munera
1317 3376 1420 3425 tua
1439 3369 1978 3439 infundantur,qui-

2261 3340 2270 3343 -
2390 3340 2400 3356 .
2480 3340 2489 3344 -
3002 3340 3012 3358 .
3337 3340 3349 3346 -
3466 3340 3478 3348 -
3659 3340 3693 3358 η

2102 3372 2344 3439 ῡήτωσαν
2404 3370 2491 3425 ἐπὶ
2541 3370 2740 3432 ταύτας
2795 3370 2933 3424 κατὰ
2992 3367 3278 3442 μετάδοσιν
3349 3369 3416 3424 τὰ
3474 3371 3592 3434 θεῖά
3645 3391 3740 3426 σου

322 3456 437 3512 bus
466 3473 572 3528 ego
606 3457 775 3527 quasi
798 3457 1153 3527 quibusdam
1179 3459 1542 3514 aromatibus
1567 3459 1803 3529 perfusa
1824 3475 1978 3513 sum.

323 3551 407 3599 Ac
437 3550 562 3600 tum
589 3545 875 3600 descendat
905 3564 1068 3617 nepos
1097 3565 1252 3603 meus
1292 3550 1355 3603 in
1384 3549 1604 3602 hortum
1657 3563 1856 3602 suum:
1921 3547 1982 3602 in

325 3633 555 3689 animas
588 3633 865 3688 nimirum
901 3635 1032 3691 illas
1055 3652 1204 3706 quas
1225 3652 1330 3709 ego
1355 3636 1676 3705 institui,et
1696 3642 1980 3707 tanquam

326 3723 563 3778 hortum
597 3723 812 3780 divinis
845 3725 1137 3781 mandatis
1186 3725 1518 3781 int’ormavi.
1553 3727 1864 3797 Propterea
1921 3726 1980 3780 in

329 3813 643 3868 animabus
671 3831 818 3884 quas
867 3813 1007 3879 dixi,
1067 3813 1361 3870 inhabitat
1417 3820 1593 3886 atque
1652 3814 1983 3870 inambulat

330 3901 579 3958 dilectus
613 3919 781 3957 meus
803 3904 868 3958 “.
905 3905 965 3958 Et
981 3904 1221 3959 comedat
1238 3907 1483 3976 fructum
1512 3921 1719 3960 nucum
1740 3906 1983 3977 ejus.Sa-

327 3990 431 4047 tiet
462 4009 523 4046 se
548 3993 753 4046 harum
789 3994 1124 4048 animarum
1158 3994 1367 4064 salute,
1421 4011 1598 4066 quam
1635 3997 1757 4066 ipse
1803 4012 1980 4050 suum

328 4095 459 4135 esse
491 4080 688 4135 cibum
721 4083 1011 4137 asseruit:
1049 4083 1213 4152 Meus,
1248 4084 1551 4154 inquiens,
1584 4086 1736 4140 cibus
1765 4091 1865 4154 est,
1927 4090 1982 4138 ut

325 4168 534 4236 faciam
569 4170 900 4224 voluntatem
933 4173 1116 4226 Patris
1144 4174 1255 4226 mei
1274 4173 1318 4206 ⁵³
1345 4190 1358 4239 ;
1401 4174 1571 4242 cujus
1603 4175 1843 4228 omnino
1892 4190 1982 4228 vo-

327 4253 529 4311 luntas
559 4261 667 4326 est,
694 4263 760 4313 ut
791 4258 1062 4314 homines
1095 4261 1237 4314 salvi
1272 4261 1438 4318 ﬁant.
1486 4262 1732 4318 Fructus
1785 4267 1980 4317 autem

327 4344 533 4416 sponsi
564 4362 783 4402 nucum
811 4354 900 4402 est
921 4347 1230 4404 hominum
1280 4349 1462 4418 salus,
1516 4357 1581 4406 ut
1636 4351 1772 4407 ﬁnis
1819 4352 1981 4406 bona:

327 4431 519 4504 ipsius
549 4433 891 4505 voluntatis,
915 4453 1044 4507 quae
1086 4439 1307 4494 sanctis
1331 4442 1460 4506 ejus
1485 4441 1781 4496 mandatis
1803 4443 1984 4495 conti-

328 4527 523 4588 netur,
556 4540 686 4594 qua:
715 4524 957 4596 quidem
985 4527 1264 4582 mandata
1307 4546 1406 4600 per
1457 4529 1744 4584 actionem
1804 4529 1982 4585 inﬁxa

330 4618 472 4670 sunt
500 4613 562 4670 in
591 4615 906 4672 animabus
931 4633 1109 4687 super
1133 4619 1244 4674 fide
1282 4636 1421 4691 erga
1453 4619 1643 4690 illum,
1697 4626 1978 4693 tanquam

331 4720 511 4775 super
537 4720 756 4776 quercu
792 4706 1086 4762 radicatis.

411 4974 541 5028 Veni
557 4973 616 5028 in
646 4974 864 5030 hortum
893 4990 1098 5041 meum,
1119 4991 1274 5033 soror
1303 4995 1450 5045 mea,
1480 4995 1680 5052 sponsa
1711 4998 1724 5037 :
1774 4983 1982 5038 messui

326 5063 612 5134 myrrham
632 5080 812 5119 meam
833 5081 958 5120 cum
976 5070 1323 5122 aromatibus
1345 5071 1479 5124 meis
1505 5085 1518 5123 :
1550 5072 1762 5127 comedi
1779 5089 1978 5144 panem

321 5167 506 5207 meum
523 5170 646 5208 cum
667 5155 830 5210 melle
855 5171 978 5210 meo
1012 5173 1023 5210 :
1051 5156 1166 5210 bibi
1191 5159 1379 5212 vinum
1436 5177 1619 5216 meum
1655 5178 1779 5216 cum
1838 5164 1980 5219 tacte

315 5257 434 5297 meo
466 5260 478 5298 :
512 5244 1103 5316 comedite,pr0pinqui
1132 5251 1317 5317 mei,et
1337 5248 1580 5314 bibite,et
1612 5252 1979 5307 inebriamini

314 5330 542 5400 fratres.

910 5425 1095 5480 Trium
1126 5429 1379 5482 Patrum.

367 5509 606 5582 Sponsae
639 5528 839 5582 preces
881 5531 1136 5584 sponsus
1178 5519 1498 5584 exaudivit,
1549 5520 1722 5590 juxta
1782 5521 1970 5579 illud:

302 5600 493 5656 Adhuc
524 5601 779 5672 loquente
804 5611 876 5672 te,
910 5605 1090 5660 dicet:
1160 5608 1291 5662 Ecce
1320 5608 1539 5664 adsum.
1600 5610 1758 5667 Talis
1811 5613 1965 5669 enim

379 5781 421 5816 δι
448 5779 497 5835 II
518 5781 644 5838 Cor.
679 5799 753 5849 νι,
792 5783 876 5839 16.
911 5785 955 5818 ⁶²
986 5787 1155 5842 Joan.
1190 5803 1267 5856 1v,
1300 5787 1388 5843 34.

2091 3461 2444 3535 χαρίσματα·
2508 3462 2591 3520 οἱς
2649 3458 2782 3528 αύτή
2842 3458 3083 3533 καθάπερ
3137 3457 3277 3514 τισὶν
3341 3460 3594 3532 ἀρώμασι
3652 3461 3742 3514 κι-

2091 3569 2348 3626 γρισμαι.
2405 3549 2720 3613 Ιίᾶντεῦθεν.
2778 3544 3086 3620 Καταὸήτω
3157 3546 3449 3626 ἆδελφιδὸς
3505 3568 3608 3622 μου
3663 3547 3737 3609 εἷς

2089 3646 2267 3707 κῆπον
2318 3639 2482 3694 αὐτοῦ
2519 3658 2530 3670 ·
2585 3639 2801 3700 πάντως
2871 3637 2967 3699 τὰς
3053 3635 3496 3710 μαθητευομὲνας
3564 3636 3744 3712 ψυχὰς

2090 3728 2218 3802 παρ’
2274 3727 2431 3799 ἐμοῦ,
2463 3727 2523 3789 ἃς
2582 3728 2718 3796 αὐτή
2781 3723 3180 3788 διδασκαλικῶς
3237 3732 3355 3788 ταῖς
3403 3725 3572 3787 Θείαις
3603 3725 3746 3781 ἐντο-

2093 3817 2236 3884 λαῖς,
2271 3821 2344 3879 ὡς
2387 3824 2529 3881 θεῖον
2558 3815 2922 3896 κατεφύτευσα
2949 3823 3150 3886 κῆπον.
3183 3817 3282 3870 Διὰ
3323 3819 3484 3871 τοῦτο
3518 3815 3740 3870 ἐνοικῶν

2090 3907 2179 3962 καὶ
2233 3907 2616 3982 ἐμπεριπατῶν
2678 3907 2729 3962 ἐν
2787 3912 2906 3968 ταῖς
2964 3905 3280 3980 εἰρημέναις
3315 3906 3576 3980 ψυχαῖςὸ
3608 3903 3744 3978 ἀγα-

2090 3997 2262 4066 πητός
2319 4018 2444 4070 μου.
2503 3997 2609 4054 Καὶ
2654 3999 2871 4072 φαγὲτω
2918 3997 3123 4069 καρπὸν
3178 3991 3496 4069 ἀκροδρύων
3556 3994 3743 4051 αὑτοῦ.

2092 4093 2319 4161 ’¹Ηγουν,
2356 4088 2721 4162 Εύωχηθτςτω
2751 4087 2849 4154 τήν
2905 4085 3114 4140 τούτων
3163 4089 3268 4138 τῶν
3320 4081 3515 4157 ψυχῶν
3562 4103 3743 4153 σωτη-

2093 4175 2232 4250 ρίαν,
2287 4177 2348 4244 ἣν
2416 4171 2574 4237 αὸτὸς
2648 4175 2848 4230 οἰκεῖον
2910 4172 3076 4251 ἔφησε
3137 4173 3356 4248 βρῶμα,
3413 4172 3601 4244 εἷ’πὼν,
3661 4170 3744 4226 ὅτι

2094 4265 2256 4337 Ἐμὸν
2308 4265 2505 4341 βρῶμά
2564 4265 2730 4332 ἑστιν,
2756 4263 2845 4318 ’ίνα
2898 4269 3042 4318 ποιῶ
3071 4261 3132 4317 τό
3166 4259 3384 4334 θέλημα
3406 4265 3504 4316 τοῦ
3535 4262 3744 4337 Πατρός

2096 4375 2238 4428 μτιυο
2275 4354 2404 4426 ὅπερ
2465 4353 2576 4409 ἐστὶ
2635 4375 2767 4428 κατε)
2817 4351 3046 4427 γνώμην
3098 4351 3299 4406 οἰκείαν
3355 4358 3598 4420 σωθῆναι
3651 4350 3744 4406 τὸν

2093 4444 2400 4517 ἄνθρωπον.
2437 4444 2651 4519 Καρπὸς
2709 4440 2767 4498 δὲ
2823 4446 2928 4498 τῶν
2989 4444 3084 4496 τοῦ
3132 4439 3373 4518 νυμφίου
3426 4436 3746 4515 ἀκροδρύων

2091 4535 2125 4602 ἡ
2167 4539 2272 4587 τῶν
2324 4534 2623 4608 ἀνθρώπων
2673 4533 2906 4608 ὑπάρχει
2951 4530 3218 4606 σωτηρία,
3265 4530 3338 4590 ὡς
3396 4526 3747 4602 ἀποτέλεσμα

2089 4628 2197 4677 τῶν
2251 4623 2568 4699 παναγάθων
2646 4621 2811 4676 αὐτοῦ
2871 4617 3198 4693 θελημάτων
3229 4636 3241 4650 ·
3303 4620 3436 4694 ἅπερ
3499 4618 3631 4673 εἰσὶν
3688 4618 3745 4672 αἱ

2009 4711 2056 4775 D
2090 4713 2234 4787 ἅγιαι
2265 4713 2433 4767 αὐτοῦ
2490 4709 2730 4783 ἐντολαὶ,
2762 4711 2817 4765 αἱ
2864 4709 3000 4764 κατᾶ
3056 4711 3248 4785 πρᾶξιν
3308 4707 3745 4782 ἰγκεκεντρισμέ-

2092 4822 2177 4856 ναι
2212 4801 2298 4856 ἐπὶ
2347 4807 2466 4864 ταῖς
2518 4799 2675 4872 δίκην
2723 4798 2900 4876 δρυῶν
2949 4795 3181 4876 ἐδραίως
3227 4795 3620 4875 ἐρῥιζωμέναις
3673 4800 3744 4872 τῇ

2093 4890 2167 4952 εἷς
2195 4891 2353 4946 αὐτὸν
2388 4893 2565 4946 πίστει
2597 4896 2822 4966 ψυχαῖς.

2164 4981 2436 5050 Εἰσῆλθον
2500 4981 2575 5042 εἰς
2633 4981 2809 5049 κῆπόν
2871 4999 3000 5052 μου,
3059 4973 3268 5054 ἀδελφή
3341 4996 3446 5048 μου
3501 4974 3689 5053 νύμφη
3726 4995 3740 5010 ο

2090 5070 2358 5148 ἐτρύγησα
2433 5070 2672 5145 σμύρναν
2759 5089 2900 5141 μου,
2988 5066 3123 5140 μετᾶ
3203 5065 3509 5142 ἀρωμάτων
3595 5083 3741 5138 μου’

2088 5158 2285 5236 ἔφαγον
2329 5161 2487 5234 ἄρτον
2549 5181 2677 5232 μου,
2741 5159 2875 5231 μετά
2935 5154 3157 5230 μέλιτός
3219 5175 3357 5228 μου·
3392 5153 3543 5210 ἔπιον
3595 5154 3743 5210 οἶνόν

2093 5273 2217 5324 μου,
2279 5251 2412 5322 μετὰ
2469 5248 2740 5323 γάλακτός
2798 5265 2922 5320 μου·
2954 5247 3165 5325 φάγετε,
3227 5246 3279 5299 οἱ
3337 5243 3590 5316 πλησίοι,
3651 5245 3743 5300 καὶ

2085 5342 2257 5408 πίετε,
2291 5341 2381 5394 καὶ
2417 5331 2738 5412 μεθύσθητε,
2769 5333 3022 5413 ἀδελφοί.

2647 5431 2761 5481 Τῶν
2794 5427 2844 5502 γ’
2875 5427 3155 5501 ΙΙατέρων.

2154 5525 2420 5577 ’Ἤκουσεν
2444 5519 2471 5573 ὁ
2502 5517 2730 5594 νυμφίος
2761 5522 2862 5586 τῆς
2922 5512 3323 5588 παρακλήσεως
3365 5519 3466 5583 τῆς
3521 5511 3736 5590 νύμφης

2081 5615 2221 5669 κατᾶ
2273 5612 2355 5682 τὸ,
2390 5611 2509 5666 Ἔτι
2571 5607 2873 5670 λαλοῦντός
2931 5626 3047 5679 σου,
3103 5604 3232 5682 ipsi“
3288 5602 3430 5662 Ἰδοὺ
3485 5602 3735 5678 πάρειμι.
