4110 6472
404 455 524 518 633

1465 453 1874 516 ΟΟΜΜΕΝΤ.
1921 454 2002 515 IN
2048 453 2447 516 CANTICUM
2493 450 2800 514 CANTIC.

3717 450 3836 510 634

403 584 650 658 Τοιαύτη
711 583 813 661 γὰρ
863 584 930 654 ἦν
987 587 1022 656 ἡ
1076 583 1520 659 παρακαλέσασα,
1550 587 1624 651 ὡς
1658 586 1734 660 μὴ
1782 607 2052 663 παρακου‹

2177 591 2322 655 erat,
2373 603 2500 659 qua
2553 585 2922 660 precabatur,
2973 585 3040 638 ut
3114 581 3332 656 despici
3395 599 3512 639 non
3573 581 3832 648 deberet,

404 678 620 746 σθῆναι.
654 677 809 733 Ὅθεν
843 673 1174 750 ποιούμενος
1206 676 1342 753 πρὸς
1374 675 1544 746 αὐτὴν
1601 677 1700 746 τὴν
1751 675 2058 752 ἀπόκρισιν,

405 767 590 845 φασίν·
654 763 934 835 Εἶσῆλθον
967 765 1041 827 εἷς
1097 767 1274 836 κῆπόν
1337 787 1463 838 μου,
1524 763 1733 844 ἀδελφή
1773 787 1877 840 μου
1922 764 2061 839 νύμ-

404 877 502 934 φη.
530 852 779 927 Δηλαδή,
811 857 908 911 "Ov
941 853 1076 924 αὐτὴ
1098 854 1489 930 κατεφύτευσας
1514 853 1915 920 διδασκαλικῶς
1941 860 2060 917 ταῖς

403 945 564 1018 ἐμαῖς
624 943 898 1006 ἐντολαῖς*
959 941 1006 998 δ’
1063 946 1138 998 ὧν
1193 942 1435 1021 ἐδιώχθη
1502 945 1596 1018 μὲν
1647 946 1674 1000 ὁ
1707 947 1919 1021 χειμὼν
1952 949 2057 999 τῶν

401 1036 619 1102 παθῶν,
677 1028 897 1096 ἕπνευςε
927 1030 985 1088 δέ
1019 1055 1122 1107 μου
1158 1034 1218 1088 τὸ
1278 1035 1537 1110 πανάγιον
1569 1037 1807 1108 Πνεῦμα,
1855 1034 1944 1089 καὶ
1996 1033 2063 1088 τὸ.

333 1182 336 1185 _
403 1122 456 1178 ἰν
489 1127 566 1196 τῷ
594 1121 830 1196 τοιούτῳ
860 1125 1024 1196 κήπῳ
1073 1124 1213 1202 φυτὰ
1268 1121 1519 1200 ἤνεγκεν,
1579 1126 1668 1178 οἷα
1729 1124 1871 1200 μύρα
1927 1145 2060 1178 παν-

395 1217 523 1268 τοῖα
572 1211 700 1275 τοὺς
751 1217 858 1266 τῶν
912 1213 1114 1288 ἀρετῶν
1163 1210 1391 1290 λόγους·
1444 1215 1560 1268 καθ’
1623 1213 1715 1278 οὕς
1762 1213 1850 1268 καὶ
1901 1213 2061 1276 αὐτὸς

401 1299 664 1372 εἰσῆλθον
697 1299 748 1356 ἓν
779 1302 959 1374 τούτῳ
986 1299 1065 1374 τῷ
1093 1303 1280 1376 κήπῳ,
1317 1302 1367 1356 ἐν
1421 1304 1466 1376 ᾧ
1495 1304 1564 1358 τὰ
1599 1301 1705 1376 ἐμὲ
1754 1302 2060 1377 θελήματα,

397 1391 453 1446 αἱ
478 1389 623 1468 ἂγιαί
677 1411 782 1464 μου
833 1389 1052 1446 ἐντολαῖ
1103 1390 1493 1470 ἐφυτεύθησαν·
1548 1389 1883 1468 δρεψάμενος
1924 1391 2062 1447 πάν-

397 1501 509 1542 τως
563 1480 658 1534 τὸν
719 1478 919 1535 τούτου
968 1482 1199 1557 καρπὸν,
1250 1479 1310 1544 ὅς
1344 1479 1486 1536 ἑστιν
1523 1484 1557 1551 ἡ
1602 1485 1712 1536 τῶν
1761 1481 2064 1556 εἰρημένων

402 1567 643 1625 ἐντολῶν
699 1567 942 1640 ποίησις.
999 1567 1241 1648 Ἀδελφή
1299 1592 1424 1645 μου,
1459 1575 1554 1626 τοῦ
1584 1571 1720 1626 κοιτά
1741 1569 1896 1648 φύσιν
1935 1573 2064 1625 Υἱοῦ

398 1663 497 1715 τοῦ
529 1662 666 1714 Θεοῦ
695 1659 785 1714 καὶ
817 1660 1048 1735 Πατρὸς,
1100 1660 1175 1724 ὡς
1223 1664 1456 1715 ποιοῦσα
1503 1661 1565 1716 τὸ
1599 1659 1816 1734 θέλημα
1845 1660 2041 1716 τούτου

401 1747 494 1804 καὶ
524 1749 902 1820 υίοθετηθεῖσα
934 1748 1084 1822 αὐτῷ
1113 1749 1249 1805 κατά
1295 1749 1481 1826 χάρινο
1539 1751 1630 1806 καὶ
1689 1751 1874 1828 νύμφη
1936 1729 2065 1834 μους

401 1838 476 1902 ὡς
516 1835 862 1908 κολληθιῖσά
911 1860 1004 1913 μοι
1072 1837 1140 1894 δι⁶
1191 1838 1406 1916 ἀγάπης
1452 1839 1542 1894 καὶ
1602 1845 1815 1914 πνεῦμα
1875 1837 1929 1895 ἔν
1982 1861 2067 1917 γεο

393 1926 624 2000 νομένη.
687 1925 966 1984 Εἰσελθὼν
1021 1926 1080 1982 δὲ
1138 1927 1190 1983 ἰν
1242 1932 1322 2000 τῷ
1381 1929 1657 2004 εἰρημένῳ
1711 1931 1876 2002 κήπῳ
1936 1951 2062 2003 μου,

405 2015 710 2092 Ἐτρύγησα
764 2015 1005 2094 σμύρναν
1039 2019 1174 2090 μετᾶ
1229 2017 1535 2095 ἀρωμάτων
1597 2037 1724 2092 μου·
1784 2017 1932 2089 ἤτοι,
1964 2019 2062 2088 τήν

409 2109 505 2160 τοῦ
563 2110 822 2182 σαρκικοῦ
883 2109 1234 2184 φρονήματος
1291 2111 1398 2162 τῶν
1461 2108 1917 2181 μαθητευομένων
1977 2130 2061 2163 σοι

409 2194 673 2270 νέκρωσιν
708 2195 842 2267 μετά
889 2199 998 2250 τῶν
1050 2193 1333 2269 ἑπομένων
1380 2197 1546 2264 ταύτη
1576 2197 1800 2272 ἀρετῶν.
1862 2199 1932 2256 Οἱ
1959 2199 2060 2274 γὰρ

412 2282 569 2358 σαρκὶ
633 2282 723 2338 καὶ
775 2284 969 2357 κόσμῳ
1016 2285 1378 2361 νεκρώσαντες
1431 2286 1494 2340 τὸ
1553 2287 1832 2362 φρόνημα,
1894 2287 2060 2343 Πνεύ-

421 2392 549 2444 ματι
594 2376 750 2428 τοῦτο
812 2377 1054 2444 ζητοῦσι,
1113 2375 1202 2428 καὶ
1258 2376 1627 2454 προσφέρουσι
1661 2381 1776 2448 Θεῷ
1816 2376 1904 2431 οἶά
1941 2398 2062 2433 τινα

414 2460 618 2537 καρπὸν
643 2461 966 2535 ἀρωμάτων,
1025 2461 1262 2519 ἐντολῶν
1296 2464 1458 2519 αὐτοῦ
1505 2465 1750 2536 ποίησιν·
1810 2467 1936 2542 περὶ
1990 2468 2058 2538 ἧς

411 2569 594 2628 φησιν’
654 2552 889 2630 Ἕφαγον
946 2549 1106 2628 ἄρτον
1143 2575 1248 2626 μου
1311 2555 1444 2627 μετὰ
1477 2554 1701 2627 μέλιτός
1736 2575 1862 2629 μουο
1906 2555 2056 2611 ἔπιον

408 2637 552 2692 οἶνόν
603 2660 708 2712 μου
761 2640 894 2714 μετὰ
939 2639 1212 2717 γάλακτός
1265 2664 1390 2716 μου.
1445 2645 1552 2700 Καῖ
1577 2640 1738 2720 ἄρτος
1769 2644 1863 2717 μὶν
1895 2644 2059 2700 αὐτοῦ

405 2725 546 2782 ἐστιν
579 2725 660 2798 ὃν,
693 2730 767 2791 ὡς
795 2728 1180 2804 προλέλεκται,
1241 2731 1399 2794 αὐτὸς
1430 2729 1740 2803 δεδήλωκεν
1787 2732 1838 2788 ἰν
1883 2734 2058 2810 Εὐαγ-

406 2815 617 2892 γελίοις
665 2817 854 2887 εἰπὼν,
924 2819 1006 2874 ὅτι
1067 2821 1231 2894 Ἐμὸν
1286 2820 1484 2897 βρῶμά
1539 2821 1650 2877 ἐστι
1680 2823 1743 2878 τὸ
1773 2829 1950 2879 ποιεῖν
1995 2825 2059 2880 τὸ

405 2905 626 2980 θέλημα
679 2912 776 2962 τοῦ
838 2909 1048 2983 Πατρός
1100 2929 1225 2984 μου·
1289 2910 1413 2984 μέλι
1474 2909 1550 2984 δὶ,
1581 2913 1649 2967 τὰ
1692 2910 2060 2988 γλυκαίνοντα

402 2995 495 3050 τὸν
525 2999 694 3050 ταῦτα
745 2999 1090 3076 προφέροντα
1137 2998 1403 3075 λάρυγγα,
1451 3001 1570 3055 θεῖα
1623 2999 1820 3056 τούτου
1871 3002 2054 3078 λόγια⁹

407 3084 553 3149 οἶνος
582 3082 660 3154 δὲ,
719 3088 755 3156 ἡ
812 3085 1101 3157 ὶκστατική
1144 3094 1243 3159 τῆς
1282 3089 1419 3143 κατὰ
1449 3089 1608 3168 φύσιν
1657 3091 1903 3154 θεώσεως
1947 3095 2056 3168 χά-

409 3193 515 3249 ρις,
565 3174 656 3229 καὶ
687 3173 831 3250 γάλα
860 3178 895 3246 ἡ
927 3173 1135 3247 ἄδηλος
1164 3175 1430 3249 ἀπλότης.
1465 3179 1669 3233 Λοιπὸν
1701 3178 1752 3234 ἐν
1785 3183 1871 3244 αἶς
1900 3179 2058 3244 οὗτος

408 3258 500 3316 διὰ
546 3266 656 3316 τῶν
709 3263 879 3338 ἀγίων
948 3265 1112 3320 αὐτοῦ
1182 3266 1418 3321 έντοΛῶν
1477 3267 1778 3345 εἰσέρχεται
1826 3273 2054 3346 ψυχαῖς,

401 3349 492 3405 καὶ
539 3349 722 3426 τρέφει
773 3353 867 3426 μὲν
911 3353 1128 3426 ταύτας,
1179 3354 1254 3418 ὡς
1302 3355 1450 3431 ἄρτῳ
1503 3357 1636 3430 μετὰ
1683 3359 1924 3430 μέλιτος,
1982 3363 2052 3434 τῇ

403 3440 568 3514 ἀρετῇ
620 3439 755 3513 μετά
800 3442 1072 3517 γνώσεως’
1132 3445 1339 3514 ποτίζει
1383 3442 1440 3500 δὲ
1464 3449 1553 3501 οἶα
1584 3447 1728 3503 οἶνον
1781 3449 1916 3522 μετὰ
1954 3449 2056 3524 γά-

401 3525 624 3593 λακτος,
683 3531 782 3599 τὴν
839 3533 978 3587 κατὰ
1025 3532 1186 3608 χάριν
1248 3535 1460 3601 θέωσιν,
1512 3537 1645 3608 μετᾶ
1699 3545 1800 3607 τῆς
1849 3535 2054 3594 ἀδόλου

402 3615 732 3690 ἁπλότητοςο
792 3621 893 3690 τὴν
949 3622 1157 3677 τούτων
1217 3624 1489 3700 σωτηρίαν
1548 3626 1710 3691 αὐτὸς
1739 3625 1905 3682 οἶονεί
1933 3648 2055 3683 τινα

404 3706 561 3781 ἄρτον
635 3709 768 3782 μετὰ
829 3710 1051 3783 μέλιτος
1102 3711 1307 3781 ἐσθίει,
1359 3715 1444 3769 καὶ
1508 3713 1672 3770 οἱονεί
1730 3737 1850 3771 τινα
1906 3718 2048 3772 οἶνον

408 3796 540 3866 μετᾶ
581 3798 854 3872 γάλακτος
908 3801 1074 3858 πίνει.
1133 3803 1287 3858 "Ost
1348 3803 1482 3875 πρὸς
1547 3803 1638 3867 οὕς
1672 3805 1943 3874 εἰσῆλθεν,
1975 3808 2050 3870 ὡς

402 3882 637 3960 εἴρηται,
697 3888 787 3942 καὶ
843 3888 1137 3965 οίκητήρια
1182 3889 1410 3954 τούτους
1468 3891 1519 3946 ἐν
1581 3894 1719 3970 ἁγίῳ
1777 3895 2050 3968 Πνεύματι

400 3972 595 4029 ἑαυτοῦ
660 3975 901 4048 ἐποίησε,
975 3979 1127 4057 φησί’
1197 3981 1422 4057 Φάγετε,
1498 3983 1551 4036 οἱ
1626 3981 1860 4054 πλησίον
1921 4007 2046 4058 μου,

399 4061 492 4117 καὶ
539 4065 709 4138 πίετε,
767 4067 856 4122 καὶ
942 4068 1268 4142 μεθύσθητε,
1337 4068 1566 4150 ἀδελφοί
1637 4094 1762 4144 μου.
1825 4075 2045 4149 Ἥγουν,

401 4152 734 4230 Στραφέντες
788 4157 882 4228 μὲν
934 4157 986 4211 οἳ
1053 4157 1461 4234 ἀπαλλαγέντες
1524 4163 1733 4234 παθῶν,
1761 4164 1850 4217 καὶ
1904 4162 2051 4239 ἐγγί-

398 4242 584 4304 σαντές
637 4264 730 4316 μοι
762 4242 852 4300 διὰ
893 4247 1284 4320 καθαρωτάτης
1321 4251 1714 4325 μεταγνώσεως
1757 4255 1825 4326 τῇ
1858 4253 2044 4329 ἀρετῇ·

396 4329 548 4386 πίετε
619 4330 676 4388 δὶ
723 4334 814 4389 τὸν
865 4333 1177 4391 ἐκστατικὸν
1232 4345 1335 4408 τῆς
1401 4341 1647 4403 θεώσεως
1710 4343 1854 4397 οἶνον
1916 4344 2048 4415 μετά

393 4426 496 4488 τῆς
526 4421 662 4498 πρός
694 4444 760 4496 με
789 4421 994 4479 ἀδόλου
1026 4425 1276 4490 πίστεως.
1327 4428 1415 4482 καὶ
1449 4430 1554 4484 ἀπὸ
1598 4435 1707 4486 τῶν
1755 4432 1889 4486 κατὰ
1942 4433 2047 4510 φύ-

396 4529 478 4562 σιν
511 4512 648 4584 πρὸς
678 4514 744 4567 τὰ
776 4513 909 4590 ὑπὶρ
964 4514 1122 4590 φύσιν
1176 4518 1499 4588 μετάστητε,
1552 4519 1643 4581 οὕς
1692 4522 1827 4576 κατὰ
1884 4524 2047 4597 χάριν

394 4600 447 4653 ἐν
479 4598 620 4675 ἀγίῳ
669 4603 946 4676 Πνεύματι
996 4605 1286 4676 υἱοθέτησα
1329 4612 1409 4679 τῷ
1441 4605 1564 4681 ἰδίῳ
1623 4611 1814 4686 Ηατρί⁶
1864 4614 2045 4667 Ταῦτα

2096 1976 2143 2040 Β

2174 678 2568 742 Quamobrem
2625 674 2709 730 illi
2768 674 3129 746 respondens
3184 691 3197 728 :
3263 675 3424 740 Veni,
3498 672 3712 744 inquit,
3773 672 3834 727 in

2172 767 2392 822 hortum
2414 782 2618 835 meum,
2646 781 2803 821 soror
2829 779 2970 830 mea,
2993 779 3212 835 sponsa.
3237 761 3419 826 Quem
3444 765 3504 817 tu
3549 761 3832 817 nimirum

2176 856 2589 911 mandatorum
2623 871 2890 910 meorum
2916 853 3181 908 doctrina
3220 849 3554 917 consevisti,
3616 851 3833 922 quibus

2172 945 2684 1019 perturbationum
2710 942 2960 1017 procella
2991 943 3264 997 discussa
3285 945 3394 996 est.
3421 940 3599 995 Flavii
3632 945 3831 995 autem

2171 1040 2414 1091 sanctus
2445 1035 2700 1108 Spiritus
2726 1037 2979 1101 meus,et
3009 1031 3220 1104 plantas
3252 1032 3426 1086 istius
3457 1029 3609 1084 horti
3650 1030 3828 1084 veluti

2171 1129 2476 1196 unguenta
2531 1123 2712 1189 varia,
2772 1124 3058 1177 virtutum
3123 1119 3380 1175 rationes
3436 1117 3828 1190 protulerunt,

2172 1231 2274 1287 per
2295 1230 2444 1286 quas
2501 1229 2607 1285 ego
2661 1228 2894 1284 quoque
2951 1213 3010 1266 in
3042 1210 3202 1266 hunc
3234 1209 3470 1264 hortum
3526 1208 3831 1279 ingressus

2173 1320 2329 1369 sum,
2386 1302 2446 1357 in
2505 1319 2621 1374 quo
2669 1302 3006 1357 voluntates
3057 1316 3220 1367 meae,
3278 1302 3484 1354 sancta
3539 1300 3834 1369 praecepta

2174 1409 2303 1449 mea
2362 1391 2627 1464 plantata
2681 1395 2842 1447 sunt.
2904 1390 3095 1460 Hujus
3125 1405 3231 1461 ego
3265 1388 3522 1443 fructum
3589 1385 3831 1441 omnino

2174 1485 2460 1557 decerpsi.
2522 1484 2631 1549 Qui
2687 1501 2828 1540 sane
2883 1485 3106 1540 fructus
3161 1483 3428 1554 ipsorum
3486 1482 3577 1536 est
3621 1495 3832 1552 praece-

2175 1577 2406 1647 ptorum
2469 1574 2816 1630 observatio.
2878 1573 3052 1629 Soror
3093 1588 3239 1642 mea,
3302 1570 3404 1643 qui
3435 1574 3646 1626 natura
3696 1585 3830 1625 sum

2176 1663 2361 1719 Filius
2405 1663 2501 1720 Dei
2533 1668 2590 1720 et
2622 1663 2835 1730 Patris,
2861 1662 3078 1734 quippe
3101 1678 3228 1733 quae
3257 1661 3387 1731 ejus
3417 1660 3831 1730 obtemperans

2174 1752 2485 1824 voluntati,
2516 1758 2574 1808 et
2621 1753 2672 1809 ei
2722 1768 2824 1824 per
2872 1750 3126 1825 gratiam
3155 1766 3255 1821 pro
3288 1747 3407 1804 tilia
3435 1764 3498 1804 es
3519 1749 3820 1820 adoptata.

2176 1841 2391 1914 Sponsa
2456 1858 2618 1913 mea,
2685 1845 2887 1914 utpote
2943 1839 3090 1895 mihi
3140 1856 3243 1911 per
3297 1837 3643 1894 charitatem
3697 1854 3830 1893 con-

2169 1932 2400 2004 juncta,
2432 1937 2609 2004 atque
2635 1947 2792 1988 unus
2823 1930 3028 1986 effecta
3049 1929 3315 2002 spiritus.
3366 1927 3672 1999 Ingressus
3721 1943 3826 1982 au-

2172 2025 2293 2077 tem
2353 2023 2410 2076 in
2465 2020 2700 2076 hortum
2791 2036 3013 2090 meum,
3070 2019 3278 2075 messui
3336 2015 3629 2090 myrrham
3701 2031 3828 2070 cum

2173 2111 2521 2182 aromatiqus
2550 2111 2690 2166 meis
2714 2129 2738 2177 ;
2766 2123 2974 2180 nempe
3024 2106 3280 2164 carnalis
3310 2122 3523 2162 sensus
3560 2105 3826 2176 discipu-

2173 2199 2363 2256 larum
2415 2203 2657 2256 tuarum
2707 2197 3218 2254 mortificationem
3277 2211 3410 2251 cum
3502 2193 3826 2250 virtutibus

2173 2306 2300 2362 quae
2321 2289 2484 2346 illam
2516 2293 2978 2361 consequuntur.
3011 2288 3119 2355 Qui
3142 2287 3298 2343 enim
3321 2285 3484 2342 carni
3515 2290 3574 2341 et
3603 2284 3824 2340 mundo

2171 2397 2409 2436 sensum
2436 2379 2957 2448 mortiﬁcaverunt,
2991 2393 3122 2433 eum
3165 2374 3414 2448 Spiritui
3445 2373 3819 2438 dicant,Deo-

2171 2487 2284 2542 que
2305 2469 2478 2526 veluti
2512 2470 2828 2542 quemdam
2864 2471 3192 2523 aromatum
3245 2466 3520 2531 fructum,
3567 2479 3820 2534 praecep-

2167 2565 2361 2616 torum
2397 2560 2649 2615 offerunt
2693 2557 3200 2614 observationem:
3264 2556 3336 2610 de
3391 2570 3528 2625 qua,
3585 2551 3814 2619 comedi,

2169 2649 2384 2722 inquit,
2414 2665 2612 2720 panem
2655 2663 2842 2721 meum
2898 2663 3024 2702 cum
3077 2645 3239 2701 molle
3292 2659 3411 2698 meo
3441 2659 3454 2697 :
3484 2642 3599 2698 bibi
3624 2642 3818 2695 vinum

2166 2756 2344 2794 meum
2374 2755 2499 2794 cum
2529 2740 2668 2794 lacte
2722 2753 2861 2792 meo.
2919 2738 2998 2791 Ac
3055 2734 3226 2806 panis
3276 2732 3510 2804 quidem
3544 2731 3672 2801 ejus
3730 2734 3822 2784 est

2167 2828 2494 2902 ille,quem,
2530 2833 2595 2883 ut
2625 2830 2798 2882 antea
2828 2827 3051 2881 dictum
3103 2827 3211 2889 est,
3269 2822 3397 2894 ipse
3448 2820 3769 2876 declaravit
3802 2835 3815 2873 :

2166 2919 2334 2986 Meus,
2366 2917 2646 2989 inquiens
2671 2915 2730 2970 in
2766 2914 3152 2986 Evangelicis,
3185 2912 3335 2968 cibus
3363 2917 3464 2980 est,
3497 2915 3560 2966 ut
3614 2912 3818 2980 faciam

2164 3009 2502 3064 voluntatem
2559 3007 2748 3062 Patris
2799 3007 2911 3061 mei
2929 3005 2992 3056 ⁸³.
3042 3002 3151 3058 Mel
3200 3005 3398 3058 autem
3456 3003 3595 3056 sunt
3625 2998 3821 3054 divina

2166 3098 2292 3169 ejus
2323 3096 2576 3170 eloquia,
2627 3112 2754 3167 quae
2791 3095 3056 3166 linguam
3090 3109 3124 3147 a
3178 3107 3294 3160 qua
3336 3089 3815 3162 pronuntiantur,

2165 3187 2477 3242 dulcedine
2507 3185 2888 3257 perfundunt.
2920 3183 3137 3237 Vinum
3164 3195 3298 3235 vero
3336 3185 3426 3234 est
3451 3178 3640 3250 gratia
3670 3177 3818 3231 divi-

2167 3275 2370 3330 nitatis
2399 3273 2722 3346 elargitrix,
2757 3289 2884 3344 qua;
2907 3273 2964 3327 id
2988 3273 3140 3342 quod
3175 3268 3442 3326 naturale
3469 3272 3578 3338 est,
3636 3281 3819 3336 supra

2085 3348 2127 3414 Ο
2167 3368 2437 3420 naturam
2471 3362 2836 3418 extollit.Lac
2867 3364 3062 3416 autem
3084 3365 3173 3416 est
3202 3359 3318 3415 doli
3349 3373 3558 3429 expers
3587 3354 3816 3424 simpli-

2165 3454 2332 3509 citas.
2365 3454 2631 3524 Sponsus
2661 3451 2847 3523 igitur
2876 3451 2935 3505 in
2996 3467 3145 3523 quas
3166 3465 3272 3521 per
3300 3451 3504 3503 sancta
3533 3445 3818 3499 mandata

2164 3561 2294 3609 sua,
2326 3543 2556 3598 animas
2587 3541 2936 3612 ingreditur,
2960 3557 3060 3595 eas
3090 3545 3215 3595 tum
3249 3537 3435 3594 nutrit
3464 3533 3634 3608 quasi
3666 3547 3815 3604 pane

2162 3633 2416 3705 quodam
2450 3649 2582 3687 cum
2617 3630 2811 3701 melle,
2854 3629 3068 3684 virtute
3097 3644 3231 3684 cum
3264 3625 3626 3698 cognitione:
3682 3627 3813 3677 tum

2162 3726 2344 3794 potat,
2379 3721 2544 3792 quasi
2579 3720 2712 3775 vino
2744 3736 2878 3776 cum
2921 3719 3092 3784 lacte,
3126 3733 3402 3773 concessa
3429 3730 3532 3786 per
3560 3711 3811 3784 gratiam

2159 3811 2484 3877 divinitate,
2515 3827 2650 3865 cum
2684 3813 2907 3865 remota
2927 3825 2960 3863 a
2990 3808 3122 3863 dolo
3155 3805 3555 3878 simplicitate.
3590 3806 3811 3855 Horum

2157 3917 2291 3957 vero
2324 3901 2573 3955 salutem
2593 3904 2876 3970 tanquam
2901 3914 3115 3970 panem
3138 3895 3455 3967 quemdam
3477 3907 3614 3947 eum
3639 3889 3811 3945 melle

2161 3993 2285 4062 ipse
2317 3990 2588 4058 comedit,
2622 4006 2686 4044 ac
2717 3988 2893 4044 veluti
2925 3987 3128 4041 vinum
3161 3984 3458 4056 quoddam
3489 3996 3626 4038 cum
3662 3978 3811 4034 lacte

2155 4080 2324 4136 bibit.
2359 4082 2564 4151 Itaque
2596 4079 2666 4132 ad
2704 4094 2874 4149 quos,
2908 4080 2974 4130 ut
3004 4076 3284 4140 diximus,
3333 4073 3639 4144 ingressus
3695 4074 3807 4132 est,

2156 4185 2425 4242 quosque
2454 4167 2754 4223 domicilia
2787 4166 2970 4221 suain
3003 4164 3222 4236 Spiritu
3249 4167 3452 4218 sancto
3479 4157 3807 4226 constituit,

2157 4259 2310 4330 ipsos
2335 4257 2544 4312 invitat
2573 4258 2642 4312 ad
2677 4257 2834 4310 hunc
2864 4255 3104 4310 modum
3130 4270 3142 4308 :
3171 4251 3458 4318 Comedite,
3514 4245 3811 4320 propinqui

2155 4349 2286 4412 mei,
2320 4351 2370 4402 et
2439 4346 2626 4414 bibite,
2687 4348 2738 4400 et
2792 4345 3188 4412 inebriamini,
3239 4345 3451 4412 fratres
3493 4339 3642 4394 mei:
3703 4335 3808 4406 qui

2156 4437 2424 4492 videlicet
2454 4435 2717 4491 conversi
2752 4435 2916 4497 estis,
2947 4438 3004 4488 et
3040 4431 3179 4488 vitia
3235 4427 3559 4503 repulistis,
3616 4430 3674 4482 et
3731 4425 3803 4480 ad

2157 4543 2272 4594 me,
2304 4527 2576 4581 virtutem
2611 4541 2746 4579 cum
2797 4540 2943 4596 pura
3001 4522 3331 4593 cognitione
3377 4518 3659 4581 colentes,
3711 4531 3804 4569 ac-

2155 4615 2440 4672 cessistis.
2477 4615 2660 4670 Bibite
2693 4622 2886 4668 autem
2946 4611 3425 4682 obstupefaciens
3481 4605 3805 4662 divinitatis

391 4693 520 4789 γοῦν
542 4689 748 4789 διὰτὰς
798 4693 1171 4789 παρακλήσεις
1199 4703 1300 4765 τῆς
1349 4695 1565 4776 νύμφης
1617 4699 1754 4775 πρὸς
1810 4701 1906 4763 τὰς
1941 4723 2041 4774 μα-

2163 4706 2354 4761 vinum
2389 4722 2520 4761 cum
2554 4704 2671 4760 doli
2704 4708 2937 4776 experte
2967 4719 3104 4774 erga
3135 4717 3226 4755 me
3259 4701 3407 4754 ﬁde:
3443 4701 3500 4754 et
3554 4697 3626 4750 ab
3686 4692 3804 4748 illis

391 4779 756 4852 θητευομένας
815 4781 1100 4856 εἰρηκότος
1157 4789 1255 4840 τοῦ
1304 4787 1579 4864 νυμφίου,
1630 4787 1761 4858 αὕτη
1821 4789 2040 4853 ταύταις

391 4865 586 4938 ἑαυτήν
636 4873 940 4945 ποιουμένη
992 4871 1338 4953 παράδειγμα
1390 4881 1487 4932 τοῦ
1543 4882 1663 4940 πῶς
1717 4878 2041 4934 ἀκούσονται

387 4961 488 5026 τῆς
541 4966 727 5036 φωνῆς
801 4966 901 5016 τοῦ
959 4963 1197 5042 νυμφίου
1255 4964 1450 5039 αὐτῆς⁹
1507 4967 1599 5021 καὶ
1659 4967 2039 5025 είσοικίσονται

384 5050 600 5118 τοῦτον,
659 5048 839 5128 φησίν·
897 5052 1036 5128 Ἐγὼ
1090 5052 1355 5127 καθεύδω,
1416 5056 1572 5135 φησὶ,
1629 5058 1719 5112 καὶ
1778 5061 1812 5128 ἡ
1845 5056 2042 5132 καρδία

388 5156 495 5209 μου
577 5138 859 5215 ἀγρυπνεῖ,
947 5143 1098 5218 φωνὴ
1169 5140 1468 5220 ἀδελφιδοῦ
1526 5159 1630 5218 μου
1685 5146 1890 5223 κρούει,
1951 5148 2039 5204 ἐπὶ

381 5225 480 5292 τὴν
555 5227 737 5304 θύραν.
817 5229 922 5286 Καὶ
988 5229 1234 5296 καθεύδω
1284 5235 1377 5306 μὲν
1437 5235 1574 5309 πρὸς
1620 5235 1686 5290 τὰ
1745 5234 1879 5306 ἡδέα
1930 5243 2040 5292 τῶν

383 5318 688 5392 παρόντων,
761 5318 848 5374 ἐπὶ
905 5320 1125 5384 τούτοις
1175 5325 1244 5397 τῇ
1295 5323 1456 5400 ἀργίᾳ
1515 5325 1695 5402 ὥσπερ
1756 5329 2036 5384 ὑπνουσῶν

384 5425 489 5478 μου
545 5412 654 5462 τῶν
697 5409 1022 5481 αἰσθήσεων.
1055 5417 1324 5487 Γρηγορεῖ
1353 5411 1410 5469 δέ
1445 5436 1550 5487 μου
1601 5415 1630 5470 ὀ
1660 5421 1805 5485 νοῦς,
1840 5416 1925 5472 ἶνα
1958 5420 2034 5490 μή

381 5494 410 5583 ὸ
443 5493 578 5571 ὑπὶρ
623 5494 788 5574 λόγον
821 5499 998 5574 Λόγος
1033 5498 1210 5564 ἐλθὼν
1244 5501 1446 5577 εὑρήσῃ
1476 5504 1634 5560 αὐτὸν
1669 5507 2032 5583 ῥᾳθυμοῦντα·

377 5581 463 5637 ’Ev
492 5587 576 5646 οἷς
639 5583 696 5640 δὶ
751 5594 1038 5664 γρηγορεῖ,
1083 5588 1267 5644 ἀκούει
1318 5597 1416 5660 τῆς
1446 5593 1612 5649 αὐτοῦ
1667 5581 1764 5652 τοῦ
1819 5597 2036 5673 ἀγαπη-

452 5801 498 5838 ⁶³
526 5801 696 5861 Joan.
730 5821 806 5863 IV.
843 5804 928 5863 34.

2152 4813 2282 4867 quae
2313 4794 2606 4850 naturalia
2636 4798 2798 4863 sunt,
2857 4793 2926 4846 ad
2977 4809 3044 4847 ea
3075 4808 3203 4862 qua
3235 4793 3458 4845 naturae
3501 4787 3800 4859 praestant,

2150 4884 2597 4940 transferimini.
2658 4885 2815 4949 Quos
2861 4897 2998 4953 ergo
3043 4897 3147 4952 per
3203 4878 3453 4951 gratiam
3485 4876 3546 4930 in
3597 4876 3800 4929 sancto

2150 4975 2370 5046 Spiritu
2432 4974 2582 5030 filios
2637 4972 2912 5044 adoptavi
2972 4971 3128 5026 Patri
3180 4985 3327 5025 meo.
3413 4967 3545 5022 Haec
3622 4965 3804 5036 igitur

2150 5081 2409 5136 sponsus
2440 5080 2574 5119 cum
2607 5079 2711 5136 per
2757 5079 2990 5134 sponsaa
3051 5058 3496 5115 adhortationes
3551 5057 3624 5112 ad
3674 5055 3802 5125 ejus

2151 5153 2473 5227 discipulas
2503 5151 2904 5223 dixisset,ipsa
2928 5167 2990 5207 se
3009 5149 3130 5205 illis
3151 5147 3483 5219 exemplum
3508 5146 3798 5219 prabens,

2149 5260 2266 5314 quo
2298 5243 2469 5300 modo
2501 5243 2704 5298 audire
2731 5242 2981 5298 debeant
3008 5254 3204 5296 vocem
3235 5237 3436 5310 sponsi
3485 5236 3600 5304 sui,
3635 5250 3800 5290 eum-

2149 5350 2262 5405 que
2291 5333 2351 5388 in
2384 5335 2626 5388 domum
2661 5332 3072 5387 introducere:
3112 5330 3240 5398 Ego,
3286 5327 3503 5399 inquit,
3563 5326 3795 5395 dormio,

2147 5427 2200 5479 et
2227 5439 2319 5480 cor
2374 5439 2558 5479 meum
2610 5423 2828 5491 vigilat,
2877 5436 2986 5476 vox
3039 5421 3254 5490 nepotis
3308 5419 3422 5473 mei
3474 5417 3661 5488 pulsat
3721 5415 3802 5472 ad

2147 5514 2369 5569 ostium.
2396 5513 2466 5567 Et
2521 5512 2750 5568 dormio
2783 5511 3016 5583 quidem
3060 5511 3131 5564 ad
3176 5526 3244 5565 ea
3274 5525 3401 5580 qua
3433 5507 3492 5562 in
3525 5507 3635 5562 hac
3681 5507 3799 5561 vita

2142 5603 2405 5673 jucunda
2435 5602 2728 5668 videntur,
2760 5615 2893 5656 cum
2941 5616 3151 5655 sensus
3183 5598 3297 5654 mei
3325 5596 3494 5669 quasi
3527 5613 3630 5670 per
3657 5611 3799 5650 con-
