4110 6388
277 329 397 391 635

1610 327 2038 390 MICHAELIS
2080 329 2357 391 PSELLI

3570 331 3692 393 836

271 465 562 534 temptum
596 461 861 533 ipsorum
896 462 1073 534 capiti
1103 462 1242 518 sint.
1275 461 1491 534 Vigilat
1529 466 1726 517 autem
1761 477 1927 516 mens

2061 464 2138 514 τοῦ
2173 482 2275 532 μου
2307 467 2493 540 φωνῆς
2522 460 2818 538 κρούοντος
2851 461 2934 518 ἰπ⁹
2991 461 3173 518 αύτόν.
3231 462 3310 518 Δι’
3362 462 3424 516 οὗ
3478 461 3556 525 ὡς
3615 459 3704 516 8ιά

272 568 420 618 mea,
455 568 525 606 ne
556 567 814 621 sponsus
846 565 1014 606 meus
1045 554 1329 615 Verbum,
1365 551 1555 606 verbis
1603 550 1921 621 inexplica-

2030 569 2176 610 τινος
2209 550 2372 626 θύρας
2405 549 2562 614 οὗτος
2595 551 2898 627 εἰσέρχεται
2947 551 3024 616 εἷς
3052 553 3150 621 τὴν
3185 552 3394 626 ψυχήν.

273 639 411 704 bile,
442 641 702 708 veniens,
731 640 990 696 inveniat
1040 658 1168 696 eam
1212 641 1650 696 dormitantem.
1687 642 1750 694 In
1783 639 2000 711 quibus
2042 644 2236 696 autem
2310 659 2477 698 mens
2536 642 2758 714 vigilat,
2819 643 2986 698 audit
3040 659 3239 699 vocem
3302 641 3499 698 dilecti
3591 642 3708 699 mei

275 729 574 784 Pulsantis
607 729 677 783 ad
713 745 866 796 eam,
899 745 1001 800 per
1032 746 1210 802 quam
1246 735 1531 800 tanquam
1565 746 1665 802 per
1687 729 1936 799 januam
1971 731 2287 801 quamdam
2317 730 2377 786 in
2409 732 2665 787 animam
2697 731 3054 803 ingreditur,

1016 837 1212 893 Pselti.

353 925 461 981 Sed
522 942 755 997 sponsas
811 927 1049 982 Cantica
1109 943 1344 983 rursum
1410 926 1747 981 audiamus.
1829 927 1940 980 Vox

275 1015 592 1069 consobrini
619 1015 730 1068 mei
763 1016 950 1085 pulsat
1005 1017 1079 1071 ad
1124 1019 1343 1072 ostium.
1386 1016 1553 1086 Aperi
1583 1015 1740 1082 mihi,
1783 1029 1938 1070 soror

274 1121 419 1173 mea,
469 1104 659 1174 inquit
701 1121 957 1176 sponsus
1009 1121 1174 1160 meus
1227 1105 1422 1160 media
1477 1105 1548 1159 de
1612 1107 1780 1160 nocte
1841 1119 1935 1159 ve-

274 1193 465 1248 niens.
498 1192 702 1248 Cordis
732 1194 948 1248 ostium
993 1194 1156 1261 mihi,
1213 1195 1428 1265 inquit,
1479 1194 1818 1265 patefacito,
1870 1197 1936 1246 ut

272 1281 332 1336 in
391 1288 448 1337 te
497 1282 865 1338 mansionem
927 1284 1136 1338 faciam
1195 1300 1330 1338 cum
1407 1284 1573 1338 Patre
1633 1299 1760 1338 meo
1815 1283 1860 1316 5‘
1920 1297 1935 1338 :

272 1371 594 1426 virtutibus
644 1371 798 1426 enim
851 1373 1108 1443 profecto
1169 1372 1313 1428 mihi
1381 1371 1716 1444 propinqua
1761 1372 1934 1427 facta.

275 1478 360 1516 es.
423 1461 586 1526 Quod
635 1461 682 1514 si
741 1462 1044 1532 aperueris
1100 1461 1266 1531 mihi,
1318 1462 1468 1517 dabo
1533 1461 1641 1516 tibi
1718 1477 1936 1516 munus

277 1566 584 1621 magnum,
619 1565 804 1605 rorem
851 1552 1049 1620 capitis
1081 1552 1210 1617 mei,
1235 1555 1283 1606 et
1312 1553 1706 1606 cincinnarum
1733 1554 1937 1622 guttas:

276 1639 386 1694 hoc
415 1642 507 1694 est
537 1637 756 1710 largiar
789 1640 891 1694 tibi
945 1640 1346 1695 curandorum
1401 1639 1710 1694 hominum
1749 1639 1934 1693 facul-

273 1731 478 1784 tatem.
514 1728 628 1785 Ros
660 1727 816 1784 enim
843 1744 1008 1785 meus
1039 1731 1128 1784 est
1159 1727 1468 1784 hominum
1506 1725 1819 1784 medicina.

874 2014 1061 2072 Trium
1092 2017 1345 2072 Patrum.

354 2107 498 2162 Talis
545 2113 732 2162 autem
786 2111 866 2162 est
922 2106 999 2161 ad
1055 2121 1143 2160 me
1197 2121 1304 2161 vox
1350 2106 1536 2176 sponsi
1563 2105 1721 2160 mei:
1783 2103 1946 2175 Aperi

280 2197 444 2267 mihi,
500 2211 658 2252 soror
708 2211 850 2260 mea,
906 2198 1230 2267 propinqua
1284 2211 1427 2261 mea,
1485 2194 1736 2251 columba
1797 2208 1942 2259 mea,

280 2290 536 2358 per/ecta
566 2302 710 2342 mea.

350 2376 522 2446 Aperi
557 2375 703 2430 mihi
765 2379 1022 2430 mentem
1067 2380 1255 2439 tuam,
1309 2378 1374 2430 ut
1410 2389 1518 2446 ego
1542 2373 1645 2445 qui
1677 2389 1942 2444 compre-

284 2464 463 2521 hendi
496 2481 740 2535 nequeo,
770 2480 872 2536 per
900 2463 1065 2520 illam
1101 2465 1158 2518 in
1191 2468 1247 2518 te
1278 2463 1945 2533 comprehendar,$oror

276 2569 418 2619 mea,
455 2558 752 2625 quatenus
805 2553 950 2608 facis
1007 2553 1366 2608 voluntatem
1417 2553 1605 2606 Patris
1637 2550 1790 2606 mei:
1818 2552 1946 2605 Pro-

279 2645 491 2713 pinqua
519 2659 662 2708 mea,
685 2644 809 2714 jam
845 2642 999 2698 facta
1029 2647 1268 2714 propter
1326 2641 1545 2697 mentis
1604 2638 1942 2709 tranquilli-

281 2735 464 2786 tatem
492 2747 505 2787 :
539 2731 802 2787 Columba
865 2747 1008 2796 mea,
1055 2734 1257 2802 utpote
1313 2746 1440 2800 quas
1473 2729 1661 2784 sancti
1693 2727 1944 2800 Spiritus

286 2821 398 2876 mei
433 2836 680 2874 munera
721 2819 1040 2889 acceperis,
1087 2819 1302 2889 quibus
1361 2826 1637 2890 tanquam
1672 2819 1783 2872 alia
1843 2833 1946 2888 per

285 2909 648 2965 affectionem
703 2911 775 2964 ab
837 2909 1113 2964 omnibus
1150 2909 1398 2963 terrenis
1448 2908 1624 2963 rebus
1676 2907 1942 2974 avolasti,

284 3004 460 3070 atque
495 2999 551 3053 in
585 3015 678 3053 me
711 2999 783 3053 ab
811 2999 975 3054 omni
1001 2999 1248 3053 materia
1279 3004 1500 3054 remoto
1532 3002 1711 3070 atque
1741 2996 1943 3052 ineﬂ‘a-

284 3087 388 3142 bili
421 3091 478 3142 et
503 3090 717 3143 mentis
744 3093 980 3160 captum
1013 3089 1327 3144 excedente
1375 3085 1785 3158 couquievisti.
1841 3088 1942 3141 At-

287 3193 402 3249 que
459 3178 538 3232 ita
587 3180 832 3250 perfecta
879 3193 1026 3243 mea,
1088 3181 1153 3232 ut
1210 3193 1314 3248 per
1362 3177 1650 3232 actionem
1692 3179 1944 3249 purgata

281 3272 338 3322 et
369 3283 470 3338 per
495 3267 1048 3338 contemplationem
1109 3268 1168 3321 in
1229 3267 1439 3338 spiritu
1475 3265 1826 3332 illuminata,
1886 3269 1944 3321 et
1972 3285 2015 3353 ρ

283 3358 545 3414 numeris
571 3359 848 3414 omnibus
881 3375 982 3430 per
1011 3358 1340 3413 divinitatis
1371 3359 1622 3428 gratiam
1667 3355 1942 3428 expolita.

285 3449 455 3518 Aperi
485 3453 684 3502 autem
729 3448 892 3513 mihi,
940 3449 1226 3518 quoniam,
1275 3451 1340 3501 ut
1389 3447 1612 3501 dictum
1646 3454 1752 3514 est,
1783 3448 1945 3516 caput

284 3550 473 3590 meum
501 3545 579 3590 est
609 3537 841 3607 plenum
871 3552 1018 3602 rore,
1049 3540 1103 3590 et
1131 3537 1385 3590 cincinni
1405 3537 1516 3589 mei
1541 3537 1709 3605 guttis
1750 3536 1940 3589 noctis.

290 3625 360 3680 Et
409 3629 587 3695 caput
633 3625 872 3696 quidem
934 3624 1144 3696 ipsius,
1206 3624 1360 3695 quod
1411 3640 1513 3696 per
1542 3622 1944 3678 excellentiam

287 3713 534 3785 mystice
565 3713 924 3769 declaratum
957 3719 1047 3769 est
1069 3714 1515 3782 Vcrbum,Mens
1546 3712 1649 3767 illa
1678 3711 1944 3767 inell‘abi-

285 3801 359 3857 lis
381 3820 508 3874 quae
534 3803 789 3858 Verbum
823 3803 1048 3873 genuit,
1082 3818 1326 3873 quaeque
1373 3819 1404 3857 a
1437 3803 1611 3857 rebus
1669 3801 1948 3856 omnibus

285 3892 447 3946 omni
479 3892 706 3948 ratione
742 3893 969 3947 infinite
999 3893 1200 3947 distat.
1236 3891 1524 3962 lmpletur
1552 3896 1773 3956 autem,
1805 3891 1945 3944 dum

287 3986 562 4052 tanquam
597 3999 725 4038 rore
751 3984 1069 4054 perfectam
1095 3981 1356 4036 animam
1381 3980 1585 4052 implet
1616 3980 1951 4053 cognitione

291 4089 412 4127 suae
447 4072 770 4128 divinitatis
803 4089 904 4142 per
925 4071 1205 4127 terminos
1232 4068 1951 4142 abnogantes;cuiusmodi

294 4166 455 4230 sunt,
489 4159 1216 4232 supersubstantiale,sine
1244 4159 1948 4230 principio,immensum,

291 4250 588 4306 infinitum
633 4255 690 4305 et
746 4250 844 4304 alii
904 4251 1174 4319 ejusdem
1235 4248 1488 4318 generis.
1542 4249 1722 4317 Hujus
1753 4251 1947 4301 autem

289 4339 574 4407 cincinni,
606 4355 670 4394 ex
702 4356 768 4394 en
801 4337 990 4408 capite
1023 4342 1164 4391 sunt
1193 4337 1358 4391 bona
1383 4337 1569 4391 Patris
1600 4335 1952 4402 voluntates,

288 4428 350 4483 in
379 4427 598 4498 Spiritu
629 4431 834 4482 sancto
861 4427 932 4480 ab
957 4425 1088 4497 ipso
1115 4426 1427 4494 Unigenito
1449 4426 1518 4479 ad
1549 4425 1724 4480 ﬁnem
1744 4427 1952 4497 perdu-

290 4515 570 4578 ctze.0ua3
602 4516 838 4586 quidem
873 4521 1162 4585 tanquam
1204 4514 1388 4584 guttis
1418 4515 1745 4582 nocturnis,
1767 4514 1949 4586 plenas

293 4605 690 4675 suntjudiciis
721 4604 957 4671 divinis,
1007 4603 1162 4673 quod
1199 4603 1612 4673 comprehendi
1639 4609 1948 4675 nequeant,

293 4692 1044 4766 impervestigabilibus.Ex
1074 4708 1191 4763 quo
1220 4694 1393 4747 noctis
1422 4696 1588 4764 guttae
1618 4709 1953 4766 nuncupan-

297 4789 416 4854 tur,
449 4784 619 4854 quasi
653 4782 869 4838 minuti
902 4782 1143 4852 quidam
1177 4797 1418 4852 vapores
1444 4783 1806 4855 cognitionis
1867 4784 1952 4838 in-

296 4873 735 4944 comprehensas
771 4875 946 4942 atque
975 4869 1286 4926 inaccessae
1311 4871 1774 4928 divinitatis.Per
1803 4888 1952 4943 quas

299 4960 540 5032 quidem
565 4959 828 5033 guttulas
851 4959 1206 5032 cognitionis
1221 4975 1387 5015 mens
1404 4961 1744 5017 animaeDeo
1766 4961 1953 5018 Verbo

296 5051 662 5121 desponsata;
695 5050 981 5121 patefacta
1011 5054 1068 5104 et
1097 5053 1298 5120 aperta
1328 5049 1522 5121 ipsum
1548 5050 1869 5106 introducit
1895 5051 1954 5106 in

300 5141 539 5194 domum
573 5140 1136 5210 suam.0uapropter
1163 5143 1220 5193 et
1248 5143 1528 5210 tanquam
1550 5157 1729 5196 causa
1760 5139 1952 5197 illius:

301 5230 463 5298 Aperi
483 5229 870 5283 mihi:dictnm
905 5233 1012 5284 est:
1048 5229 1188 5296 Quia
1219 5237 1382 5299 caput
1412 5245 1590 5283 meum
1620 5231 1847 5301 plenum
1869 5232 1957 5285 'est

300 5333 424 5372 rore
453 5335 471 5376 ,'
499 5323 556 5372 et
585 5334 712 5389 qua:
746 5319 1411 5389 sequuntur.(‘.azterum,
1437 5335 1468 5372 ο
1493 5318 1959 5390 discipulamquia

303 5408 387 5460 sic
406 5422 601 5462 vocem
618 5408 820 5477 sponsi
837 5406 1246 5474 meiaudivi,et
1268 5405 1696 5478 intelligibilem
1712 5409 1957 5477 januam

307 5512 495 5551 meam
549 5496 813 5568 patefeci,
856 5500 1032 5566 atque
1085 5493 1336 5549 incolam
1364 5495 1598 5566 possedi
1628 5495 1822 5568 ipsum
1857 5497 1958 5570 qui

374 5679 419 5716 ⁸⁴
457 5679 660 5754 Jeoan,
693 5679 839 5746 XIV,
870 5679 960 5735 23.

2747 835 2994 895 Ψελλοῦ.

2119 924 2277 980 Ἀλλ’
2310 923 2462 990 αὖθις
2495 925 2852 999 ἀκουσώμεθα
2880 925 2980 994 τῆς
3012 925 3230 1004 νύμφης
3252 931 3359 982 τῶν
3389 927 3703 1000 Ἀσμάτων·

2121 1015 2286 1084 Φωνή
2343 1016 2437 1069 τοῦ
2495 1013 2792 1089 ἀδελφιδοῦ
2841 1019 2946 1088 μοῦ
3004 1017 3190 1088 κρούει
3240 1015 3327 1070 ἐπὶ
3358 1017 3458 1084 τήν
3511 1014 3697 1090 θύραν·

2047 1103 2298 1174 ’Ἃνοιξόν
2335 1125 2452 1176 μοι,
2478 1102 2685 1178 ἀδελφή
2716 1126 2841 1176 μου.

2119 1193 2292 1264 Φησὶ»
2327 1192 2378 1247 ἐν
2413 1193 2560 1266 μέσῳ
2591 1201 2688 1263 τῆς
2721 1195 2910 1255 νυκτὸς
2942 1194 3015 1255 ὡς
3047 1191 3215 1262 ἦλθεν
3249 1194 3276 1250 ὁ
3307 1191 3568 1272 νυμφίος,

2045 1283 2162 1352 Τήν
2195 1283 2357 1356 θύραν
2391 1282 2745 1353 ἀναπὶτασον,
2780 1283 2914 1354 εἶπε,
2955 1282 3046 1355 μοὶ
3077 1290 3176 1352 τῆς
3207 1280 3456 1356 καρδίας,

2045 1372 2136 1434 Ὦς
2167 1371 2228 1426 ἂν
2269 1371 2320 1426 ἐν
2356 1373 2440 1427 σοὶ
2471 1374 2792 1445 ποιήσωμαι
2827 1374 2994 1444 μονὴν
3030 1371 3122 1427 σὺν
3153 1377 3233 1444 τῷ
3265 1371 3434 1447 [Ιατρί
3469 1393 3596 1446 μου.

2047 1464 2184 1522 Ταίς
2216 1463 2429 1534 ἀρεταῖς
2451 1462 2551 1536 γὰρ
2583 1463 2826 1536 πὲφυκας
2854 1458 3025 1526 ὅντως
3056 1461 3193 1534 ἐμοῦ
3225 1463 3487 1532 πλησίον.

2047 1550 2109 1604 Εἰ
2139 1555 2266 1626 γοῦν
2300 1551 2527 1621 ἀνοίξεις
2563 1572 2678 1622 μοι,
2715 1551 2902 1628 φησὶν,
2933 1549 3095 1605 δώσω
3155 1572 3239 1606 σοι
3293 1548 3467 1628 δῶρον
3534 1551 3669 1625 μέγα
3692 1570 3704 1583 ⁸

2045 1641 2154 1710 Τὴν
2226 1638 2418 1711 δρόσον
2509 1663 2612 1712 μου
2695 1647 2794 1710 τῆς
2870 1638 3114 1718 κεφαλῆς
3177 1637 3415 1714 ψεκάδας
3469 1660 3529 1694 τε
3581 1641 3712 1714 βοσ-

3435 1729 3678 1806 [τρύχων
3691 1773 3704 1786 .

2046 1819 2266 1894 Ἥγουν,
2302 1820 2515 1887 Ἰάσεις,
2548 1817 2784 1876 ἐκτελεῖν
2814 1816 2975 1874 δώσω
3008 1840 3092 1874 σοι
3125 1819 3265 1891 πρὸς
3297 1818 3635 1893 ἀνθρώπους

1968 1911 2015 1977 Β
2047 1909 2208 1982 Ἰαμα
2245 1909 2349 1984 γὰρ
2375 1911 2410 1979 ἡ
2445 1906 2637 1984 δρόσος
2672 1929 2778 1981 μου
2805 1908 3068 1984 τυγχάνει
3098 1913 3216 1972 τοῖς
3244 1906 3578 1984 ἀνθρώποις.

2622 2019 2740 2070 Τῶν
2771 2017 2817 2089 γ’
2859 2014 3137 2091 Πατέρων.

2121 2103 2355 2173 Τοιαύτη
2415 2101 2472 2160 δὲ
2529 2104 2672 2160 ἐστιν
2725 2107 2760 2174 ἡ
2821 2103 2962 2178 πρός
3016 2124 3082 2176 με
3133 2107 3229 2158 τοῦ
3259 2102 3499 2178 νυμφίου
3528 2105 3708 2182 φωνή·

2050 2193 2294 2267 Ἀνοιξόν
2344 2216 2460 2268 μοι,
2501 2192 2710 2273 ἀδελφή
2753 2214 2882 2267 μου,
2914 2194 2948 2263 ἠ
2982 2190 3221 2262 πλησίον
3257 2213 3384 2266 μου,
3417 2192 3713 2269 περιστερά

2058 2305 2184 2358 μου,
2216 2281 2401 2339 τελεία
2435 2304 2562 2357 μου.

2124 2373 2377 2444 ”Λνοιξον
2436 2369 2495 2428 δέ
2554 2393 2652 2445 μοι
2707 2372 2800 2426 τὸν
2832 2375 2980 2439 νοῦν,
3009 2372 3104 2425 ἳνα
3160 2371 3417 2446 χωρητός
3478 2391 3564 2425 σοι
3625 2367 3716 2425 διὰ

2056 2464 2223 2538 μέσου
2277 2461 2442 2517 αὐτοῦ
2503 2463 2532 2516 ὁ
2564 2461 2858 2538 ἀχώρητος
2893 2462 3161 2536 γένωμαι.
3197 2457 3438 2537 Ἀδελφή
3477 2466 3603 2533 μου·
3637 2459 3718 2520 ὡς

2053 2556 2289 2608 ποιοῦσα
2335 2553 2398 2606 τὸ
2455 2549 2677 2624 θέλημα
2725 2555 2824 2606 τοῦ
2879 2551 3089 2626 Πατρός
3145 2571 3290 2622 μου,
3347 2551 3410 2607 Ἡ
3471 2547 3716 2620 πλησίον

2057 2661 2163 2714 μου
2218 2639 2328 2711 ἤδη
2385 2638 2650 2716 γενομένη
2713 2637 2783 2694 δι’
2838 2638 3139 2697 ἀπάθειαν.
3219 2637 3515 2715 Περιστερά
3585 2658 3714 2709 μου,

2053 2730 2128 2792 ὡς
2177 2732 2244 2784 τὰ
2292 2729 2606 2805 χαρίσματα
2634 2732 2730 2783 τοῦ
2778 2727 3044 2804 παναγίου
3107 2748 3212 2800 μου
3253 2727 3574 2800 Πνεύματος
3605 2725 3709 2782 λα-

2055 2814 2242 2885 ϐοῦσα,
2307 2820 2396 2872 οἷα
2465 2816 2738 2892 πτέρυγας
2793 2821 3170 2893 ζπεριστερᾶς·
3229 2817 3319 2872 καὶ
3388 2817 3713 2872 πετασθεῖσα

2053 2909 2189 2964 κατὰ
2231 2905 2463 2962 διάθεσιν
2517 2906 2624 2961 ἀπὸ
2674 2907 2890 2961 πάντων
2917 2911 3024 2961 τῶν
3051 2904 3279 2982 γηίνων,
3329 2905 3419 2961 καὶ
3450 2905 3533 2962 ἐπ’
3583 2905 3710 2979 ὖμοὶ

2051 3002 2132 3071 τῷ
2185 2994 2361 3070 ἀΰλῳ,
2425 2995 2648 3073 ἀρρήτῳ
2709 3017 2768 3051 τε
2818 2995 2907 3050 καὶ
2957 2996 3089 3072 ὑπὶρ
3148 3000 3272 3051 νοῦν
3327 2995 3718 3052 καταπαύσασα

2054 3086 2228 3161 λόγῳο
2275 3087 2553 3150 κάντεῦθεν
2583 3083 2766 3141 τελεία
2826 3106 2954 3159 μου,
2993 3087 3069 3148 ὡς
3099 3091 3426 3162 καθαρθεῖσα
3455 3082 3545 3140 διὰ
3573 3086 3714 3160 πρά-

2054 3176 2184 3248 ξεως
2241 3175 2331 3231 καὶ
2365 3180 2692 3254 φωτισθεῖσα
2750 3171 2839 3230 διὰ
2889 3175 2990 3245 τῆς
3040 3174 3091 3229 ἐν
3151 3174 3423 3248 πνεύματι
3452 3173 3707 3250 θεωρίας,

2054 3267 2144 3322 καὶ
2225 3265 2580 3329 τελειωθεῖσα
2665 3263 2753 3319 διὰ
2834 3271 2935 3334 τῆς
3009 3265 3144 3319 κατὰ
3223 3265 3385 3340 χάριν
3445 3265 3716 3328 θεώσεως.

2054 3356 2301 3424 ”Ανοιξον
2364 3353 2420 3409 δὲ
2485 3375 2601 3427 μοι,
2662 3355 2737 3416 ὡς
2799 3352 3034 3430 εἴρηται,
3093 3355 3176 3408 ὅτι
3231 3355 3265 3423 ἡ
3324 3355 3535 3431 κεφαλή
3599 3371 3703 3424 μου

2055 3441 2307 3512 ἐπλήσθη
2369 3439 2604 3516 δρόσου,
2684 3441 2774 3496 καὶ
2832 3442 2884 3496 οἱ
2940 3441 3240 3517 βόστρυχοί
3303 3463 3410 3514 μου
3463 3437 3706 3514 ψεκάδων

2053 3530 2288 3592 νυκτός.
2348 3531 2453 3586 Καὶ
2507 3530 2720 3607 κεφαλὴ
2787 3531 2880 3602 μὲν
2938 3530 3047 3584 ἐστι
3099 3534 3196 3585 τοῦ
3253 3531 3372 3594 καθ’
3429 3529 3701 3605 ὑπεροχὴν

2058 3621 2333 3695 μυστικῶς
2389 3619 2846 3697 ἀποπεφασμένου
2906 3620 3109 3693 Λόγου,
3171 3620 3200 3673 ὁ
3255 3623 3448 3674 τοῦτον
3478 3619 3596 3674 κατ’
3625 3616 3714 3673 οὐ·

2055 3711 2174 3765 σίαν
2235 3713 2456 3784 γεννῶν,
2519 3709 2607 3763 καὶ
2660 3707 2875 3763 πάντων
2938 3709 3078 3763 κατὰ
3107 3707 3274 3763 πάντα
3330 3707 3532 3784 τρόπον
3566 3707 3719 3764 ἀπεί-

2056 3820 2164 3876 ρως
2196 3798 2558 3870 ἐξῳκισμένος
2588 3797 2901 3873 ἀπόρῥητος
2935 3801 3092 3859 Νοῦς·
3155 3796 3212 3859 ὃς
3270 3795 3582 3870 πληροῦται
3641 3794 3723 3869 τῷ

2056 3888 2306 3962 πληροῦν
2364 3889 2464 3954 τήν
2510 3886 2721 3953 τελείαν
2751 3888 2959 3963 ψυχὴν,
3016 3889 3106 3941 οἷα
3149 3883 3352 3962 δρόσου
3381 3893 3481 3955 τῆς
3508 3888 3720 3954 ἀποφα-

2055 3983 2212 4048 τικῆς
2263 3977 2545 4055 Θεολογίας
2594 3983 2702 4033 τῶν
2735 3979 2858 4053 περὶ
2904 3977 3086 4033 αὑτόν·
3149 3979 3281 4052 ἅπερ
3332 3976 3434 4032 sici
3467 3977 3530 4033 τὸ
3564 3979 3725 4053 ὑπερ-

2059 4069 2264 4138 ούσιον,
2321 4070 2384 4123 τὸ
2442 4065 2703 4144 ἄναρχον,
2762 4069 2825 4121 τὸ
2885 4065 3132 4141 ἄπειρον,
3193 4067 3256 4122 τὸ
3315 4066 3719 4142 ἀόριστον,καὶ

2059 4160 2126 4214 τὰ
2183 4157 2369 4231 ὅμοια·
2435 4157 2734 4233 βόστρυχοι
2794 4154 2850 4211 δὲ
2891 4156 3088 4211 τούτου
3146 4154 3206 4210 ἐκ
3260 4160 3362 4221 τῆς
3421 4156 3723 4232 εἰρημένης

2061 4247 2329 4322 φυόμενοι
2383 4245 2649 4321 κεφαλῆς,
2701 4247 2754 4300 αἱ
2810 4243 2862 4300 ἓν
2913 4245 3051 4320 ἁγίῳ
3108 4243 3379 4318 Πνεύματι
3417 4246 3506 4300 ὑπ’
3557 4244 3724 4300 αὐτοῦ

2057 4340 2156 4392 τοῦ
2234 4337 2576 4412 Μονογενοῦς
2652 4333 2728 4399 είς
2802 4335 2970 4408 πὲρας
3027 4333 3292 4410 ἀγόμεναι
3351 4339 3449 4389 τοῦ
3507 4335 3718 4409 Πατρὸς

2060 4423 2338 4482 εὐδοκίαι.
2427 4427 2599 4497 "Amp
2669 4427 2758 4479 οἷα
2834 4421 3082 4498 ψεκάδων
3160 4425 3389 4492 νυκτὸς,
3465 4428 3576 4479 τῶν
3653 4421 3726 4479 δι’

2062 4513 2441 4588 ἀκαταληψίαν
2501 4515 2926 4590 ἀνεξερευνήτων
2999 4511 3342 4590 πληροῦνται
3393 4514 3551 4579 θείων
3599 4535 3721 4590 κρι-

2065 4604 2272 4678 μάτων.
2338 4606 2492 4658 Ὅθεν
2561 4609 2729 4659 ταῦτα
2795 4604 2883 4660 καὶ
2953 4604 3146 4667 νυκτὸς
3205 4600 3432 4676 ψεκάδες
3484 4601 3722 4679 ὶλᾶχθη-

2061 4715 2176 4762 σαν,
2236 4693 2309 4756 ὡς
2366 4691 2574 4757 νοτίδες
2601 4695 2744 4755 τινες
2795 4693 3044 4766 γνώσεως
3089 4699 3190 4761 τῆς
3240 4692 3364 4765 περὶ
3414 4693 3544 4748 Θεὸν
3592 4693 3723 4748 ἀκα-

2058 4782 2356 4856 ταληψίας’
2429 4783 2546 4846 καθ’
2621 4781 2683 4845 ἃς
2752 4782 3007 4857 γνώσεως
3065 4777 3283 4844 νοτίδας
3342 4783 3370 4836 ὁ
3437 4786 3562 4844 νοῦς
3619 4788 3722 4851 τῆς

2061 4871 2456 4946 νυμφευθείσης
2483 4875 2565 4943 τῷ
2593 4875 2710 4943 Θεῷ
2758 4870 2918 4945 Λόγῳ
2967 4873 3154 4946 ψυχῆς
3193 4869 3569 4945 ἀνοιγόμενος,
3629 4870 3724 4926 αὖ·

2062 4961 2154 5016 τὸν
2205 4959 2574 5029 εἷσοικίζεται.
2637 4959 2834 5036 Διόπερ
2888 4959 2981 5014 καὶ
3033 4958 3109 5021 ὡς
3152 4957 3298 5014 αίτία
3325 4964 3444 5030 τοῦ,
3471 4960 3725 5032 ⁹¹Λνοιξόν

2069 5071 2185 5124 μοι,
2237 5050 2322 5119 τὸ,
2375 5051 2500 5106 ’Ότι
2559 5050 2593 5120 ἠ
2634 5047 2846 5126 κεφαλή
2904 5069 3008 5122 μου
3053 5047 3304 5121 ἐπλήσθη
3367 5046 3586 5125 δρόσου,
3634 5049 3726 5106 καὶ

2064 5139 2131 5195 τὰ
2187 5138 2334 5209 ἑξῆς,
2396 5136 2632 5214 εἷ’ρηται.
2694 5138 2845 5194 Ἐπεὶ
2877 5135 2946 5206 δ’,
3010 5135 3055 5192 ὦ
3107 5139 3426 5213 μαθήτριαι,
3462 5139 3728 5210 οῦτωτῆς

2070 5234 2256 5304 φωνῆς
2317 5231 2414 5283 τοῦ
2471 5226 2708 5304 νυμφίου
2762 5249 2866 5301 μου
2917 5224 3164 5298 ἤκουσα,
3223 5228 3312 5282 καὶ
3369 5229 3469 5297 τήν
3530 5231 3726 5300 ἑαυτῆς

2067 5319 2274 5387 νοητὴν
2306 5315 2489 5387 πύλην
2513 5317 2744 5389 ἠνέῳεα,
2790 5315 2880 5371 καὶ
2913 5313 3119 5371 ἔνοικον
3181 5315 3495 5390 ἐκτησάμην
3539 5318 3724 5388 αύτὸν,

2071 5405 2128 5468 ὃς
2202 5405 2612 5481 ἀναμαρτησίας
2680 5404 2821 5460 ἐστὶν
2899 5400 3128 5479 ἔνδυμα,
3191 5405 3452 5482 πρότερον
3509 5408 3722 5464 πάντων

2071 5493 2404 5570 ἔξεδυσάμην
2464 5496 2555 5550 τ6ν
2613 5495 2826 5572 χιτῶνά
2880 5516 2986 5570 μου
3033 5497 3124 5551 τὸν
3175 5495 3433 5567 παλαιὸν,
3490 5499 3584 5554 τὸν
3622 5504 3721 5568 τῆς
