4110 6424
347 373 471 436 637

1395 371 1805 434 COMMENT.
1850 369 1929 430 IN
1975 366 2375 432 GANTICUM
2424 370 2736 431 CANTIC.

3663 378 3783 438 638

350 505 653 583 ἁμαρτίας,
701 507 792 561 τὸν
878 505 939 562 ἐκ
1017 513 1119 577 τῆς
1171 501 1565 584 παραϐάσεως⁶
1618 502 1810 560 λοιπὸν
1891 507 2002 564 πῶς

2127 503 2477 560 innocentiae
2509 508 2599 561 est
2627 505 3072 573 indumentum,
3095 506 3156 563 in
3186 507 3395 579 primis
3424 509 3603 566 veteri
3653 528 3781 568 mea

342 593 648 669 ἐνδύσομαι
706 595 866 650 αὐτὸν
946 601 1024 668 τῷ
1109 601 1358 674 φωτεινῷ
1437 602 1538 665 τῆς
1611 592 2018 667 ἀναμαρτησίας

350 685 696 742 ἀπελαθέντα
751 683 1058 758 ἐνδύματι;
1119 685 1403 759 Ενιψάμην
1472 684 1598 746 τοὺς
1655 681 1824 746 πόδας
1887 704 2012 757 μου,

350 775 537 849 ἄκρως
589 776 919 850 καθαρθεῖσαι
948 780 1027 848 τῷ
1081 796 1140 830 τε
1193 773 1411 850 λουτρῷ
1461 779 1556 829 τοῦ
1619 772 2012 850 βαπτίσματος,

344 864 439 920 καὶ
492 868 560 938 τῇ
621 869 718 920 τοῦ
777 865 1042 940 παναγίου
1112 863 1428 938 Ιίνεύματος
1501 862 1863 942 ἐπιφοιτήσει,
1923 863 2012 916 καὶ

351 958 422 1028 τῇ
455 958 561 1008 τῶν
595 954 752 1017 θείων
806 953 1043 1009 ἐντολῶν
1088 955 1341 1028 τηρήσει.
1376 955 1558 1021 Ὃοεν,
1611 957 1733 1013 Πῶς
1790 950 2014 1026 μολυνῶ

363 1042 584 1113 αὐτοὺς,
618 1042 774 1119 ἴχνος
808 1040 1066 1118 δεξαμένη
1099 1041 1415 1119 παραλόγου
1445 1042 1771 1117 ἐπιθυμίαςς

422 1219 794 1296 Ἐξεδυσάμην
849 1223 942 1278 τὸν
1029 1223 1240 1299 ’χιτῶνά
1332 1243 1458 1297 μου,
1519 1226 1636 1283 πῶς
1718 1218 2012 1294 ἐνδύσομαι

340 1313 544 1382 αὖτόνς
599 1312 909 1386 Ἐνιψάμην
966 1309 1094 1373 τοὺς
1156 1308 1328 1374 πόδας
1403 1333 1530 1386 μου,
1591 1315 1710 1374 πῶς
1787 1309 2011 1384 μολυνῶ

348 1401 551 1464 αὐτούς
579 1420 593 1470 ;

1050 1489 1300 1548 Ψελλοῦ.

419 1597 585 1674 Ἐγὼ,
615 1598 772 1677 φησὶ,
805 1599 895 1652 καὶ
930 1597 1209 1673 πρόπαλαι
1240 1600 1336 1662 τὰς
1371 1597 1535 1675 θύρας
1571 1596 1754 1670 ἄνοιξα
1784 1616 1899 1653 σοι’

349 1689 427 1747 Τὸ
453 1688 558 1765 γὰρ
589 1695 690 1759 τῆς
722 1683 1080 1764 παραϐάσεως
1113 1686 1443 1763 ἐξεδυσάμην
1486 1687 1687 1765 πάχος,

349 1779 524 1852 ’Ὁπερ
557 1776 661 1832 οὐκ
691 1775 1053 1852 ἱπενδύσομαι
1086 1779 1310 1834 πώποτε
1342 1783 1677 1854 μεταγνοῦσα
1697 1798 1710 1812 ·

2126 593 2347 666 peccati
2373 594 2573 649 tunica
2596 611 2773 665 quam
2789 596 3339 667 extransgressione
3352 603 3778 666 contraxeram,

2125 699 2218 738 me
2265 683 2579 755 exspoliavi
2629 701 2641 740 :
2689 685 2990 748 Quomodo
3045 687 3168 754 jam
3239 685 3481 742 induam
3564 689 3778 761 ipsam,

2126 775 2440 847 splendido
2489 776 2796 847 depulsam
2829 775 3224 831 indumento?
3269 779 3401 834 Lavi
3423 778 3588 850 pedes
3635 797 3782 839 meos

2126 864 2356 920 lavacro
2388 864 2792 936 baptismatis,
2827 869 2882 919 et
2913 865 3098 920 sancti
3124 865 3383 937 Spiritus
3415 869 3686 939 adventu,
3729 876 3787 927 et

2123 953 2459 1008 divinorum
2489 954 2904 1009 mandatorum
2922 955 3330 1010 observatione
3353 956 3563 1012 eximie
3584 976 3787 1033 purga-

2123 1046 2202 1098 ta:
2239 1042 2512 1110 Quomodo
2543 1042 2725 1114 igitur
2754 1043 3202 1115 illos,improbae
3233 1045 3576 1116 cupiditatis
3603 1049 3783 1103 vesti-

2122 1131 2219 1203 gia
2250 1147 2526 1202 sequens,
2562 1133 2912 1203 inquinabo?

2193 1221 2516 1292 Exspatiavi
2534 1237 2622 1276 me
2636 1221 2825 1276 tunica
2836 1222 3319 1294 mea,quomodum
3340 1224 3572 1281 induam
3593 1224 3785 1282 illam?

2119 1311 2257 1366 Lavi
2282 1310 2443 1383 pedes
2471 1325 2639 1382 meos,
2673 1310 2936 1381 quomodo
2967 1312 3269 1384 inquinabo
3297 1313 3425 1370 illos
3444 1313 3472 1368 7

2850 1491 3042 1546 Pselli.

2189 1597 2330 1669 Ego,
2358 1595 2574 1668 inquit,
2601 1598 2725 1668 jam
2759 1596 2986 1669 pridem
3012 1597 3165 1654 fores
3188 1599 3391 1671 aperui
3424 1599 3777 1658 tibi.Trans-

2119 1685 2440 1758 gressionis
2473 1685 2632 1740 enim
2655 1685 3110 1743 crassitudinem
3135 1689 3401 1758 exui,nec
3423 1691 3776 1748 sententiam

2121 1792 2384 1847 unquam
2409 1776 2669 1845 mutabo,
2704 1779 2770 1831 ut
2790 1792 2917 1832 eam
2951 1776 3164 1833 iterum
3199 1778 3775 1838 induam.Terrenas

354 1868 452 1925 Καὶ
489 1867 777 1943 μολυσμὸν
812 1867 1083 1945 ἀπεῤῥιψα
1113 1875 1214 1938 τῆς
1243 1876 1347 1944 γῆς
1410 1866 1470 1924 ἐκ
1502 1872 1609 1923 τῶν
1661 1864 1847 1922 ποδῶν
1881 1887 2002 1947 μου,

2119 1864 2370 1921 abstersi
2430 1864 2634 1922 sordes
2681 1865 2934 1937 pedibus
2983 1867 3150 1935 meis,
3200 1883 3418 1940 eosque
3468 1868 3528 1926 in
3565 1870 3776 1928 salutis

353 1957 454 2016 Καὶ
483 1957 712 2020 τούτους
745 1957 1117 2034 παρεσκεύασα
1138 1959 1274 2034 πρὸς
1302 1953 1523 2032 τρίϐους
1552 1955 1827 2031 σωτηρίας
1848 1975 1860 1989 ’

353 2047 563 2121 Οὕσπερ
599 2047 778 2103 οὐκετι
819 2046 1044 2121 μολυνῶ
1076 2053 1371 2124 στραφεῖσα
1400 2048 1506 2123 πρὸ
1536 2045 1800 2104 τούπίσω.

351 2137 573 2196 Τούτων
607 2137 681 2200 ὡς
709 2134 940 2208 ἤκουσεν
973 2137 1142 2206 αὐτῆς
1170 2142 1279 2192 τῶν
1315 2135 1492 2213 λόγων
1523 2137 1549 2191 ὁ
1581 2133 1837 2214 νυμφίος,

349 2225 541 2283 ’Ένδον
575 2226 842 2298 ἠθέλησεν
875 2225 1040 2296 αὐτῆς
1067 2227 1248 2302 ὥσπερ
1280 2230 1715 2298 κατασκηνῶσαι·

353 2314 512 2373 Ἀλλ’
545 2313 733 2372 οῦκουν
755 2316 846 2372 τὸν
880 2315 1177 2392 ἀχώρητον
1206 2318 1273 2386 ἦν
1307 2316 1454 2372 δλωτ
1486 2321 1810 2392 χωρηθῆναι
1837 2333 1849 2346 ·

359 2407 546 2462 Ταῦτα
573 2405 660 2461 καὶ
689 2407 792 2482 γάρ
827 2404 1146 2480 ἐπλήρωσεν
1179 2409 1212 2476 ἡ
1247 2406 1372 2483 χεὶρ
1405 2405 1570 2461 αὐτοῦ
1601 2406 1688 2460 καὶ
1724 2404 1884 2478 μόνη,

352 2495 444 2557 Ὠς
525 2494 614 2550 ἀπ’
692 2495 857 2566 αὐτῆς
948 2500 1138 2569 μαθεῖν
1221 2491 1332 2550 ἔστι
1417 2497 1516 2564 τῆς
1598 2493 1840 2572 νύμφης·
1894 2497 2001 2548 τῶν

1595 2584 1929 2658 [ᾍσμάτων.

919 2677 1035 2729 Τῶν
1065 2696 1099 2748 γ
1140 2673 1394 2748 Πατὲρων
1407 2715 1420 2730 .

424 2777 747 2859 Ἀδελφιδός
824 2800 929 2853 μου
984 2778 1267 2836 ἀπέστειλε
1327 2783 1489 2855 χεῖρα
1541 2778 1704 2835 αὐτοῦ
1753 2778 1859 2834 ἀπὸ
1907 2785 2004 2849 τῆς

343 2871 502 2943 ὀπῆς,
536 2868 627 2925 καὶ
666 2871 701 2940 ἡ
732 2867 919 2925 κοιλία
948 2891 1053 2943 μου
1085 2869 1324 2944 ἐθροήθη
1355 2868 1438 2924 in’
1467 2867 1646 2927 αὐτόν.

423 2959 588 3034 Ἐγὼ,
649 2959 805 3037 φησί,
856 2957 946 3013 καὶ
993 2956 1185 3029 ἤνοιξα
1241 2963 1413 3013 πᾶσαν
1472 2956 1608 3030 ἐμοῦ
1663 2957 1764 3026 τὴν
1817 2955 2002 3032 θύραν,

357 3049 485 3114 ὥσθ’
517 3045 873 3119 ὑποδέξασθαι
932 3047 1160 3122 Χριστὸν
1219 3047 1308 3102 τὸν
1369 3045 1545 3122 Λόγον
1604 3046 1691 3101 καὶ
1753 3045 2003 3124 νυμφίον.

350 3135 503 3207 Πλὴν
567 3135 732 3210 μόλις
783 3135 1134 3208 εἰσελήλυθεν
1189 3138 1224 3206 ἡ
1284 3137 1410 3212 χεὶρ
1468 3135 1632 3191 αὐτοῦ
1680 3133 1768 3190 καί
1828 3135 1996 3208 μόνη.

2121 1953 2364 2010 semitas
2388 1954 2594 2020 direxi,
2618 1970 2691 2010 ne
2721 1953 2839 2010 ullo
2868 1971 3133 2027 unquam
3165 1959 3425 2028 tempore
3472 1975 3563 2015 me
3619 1964 3774 2017 retro

2116 2048 2473 2112 convertam,
2508 2047 2573 2099 ut
2604 2043 2908 2115 inquinem
2941 2044 3095 2101 illos.
3129 2049 3258 2102 Haec
3317 2065 3550 2120 sponsae
3595 2051 3774 2107 verba

2115 2149 2372 2206 sponsus
2405 2149 2535 2189 cum
2569 2133 2853 2204 audisset,
2888 2134 2948 2190 in
2979 2134 3258 2192 interiore
3289 2137 3417 2208 ejus
3448 2137 3627 2195 veluti
3675 2143 3768 2195 ta-

2113 2221 2434 2278 bernaculo
2459 2222 2640 2278 voluit
2673 2223 2977 2294 habitare;
3014 2226 3117 2281 sed
3148 2225 3338 2298 illum,
3371 2230 3436 2283 ut
3466 2228 3567 2300 qui
3611 2245 3768 2285 com-

2115 2311 2398 2384 prehendi
2430 2329 2544 2368 non
2578 2316 2790 2384 potest,
2815 2312 3060 2369 minime
3117 2315 3404 2386 capiebat.
3459 2317 3577 2373 Hoc
3608 2319 3766 2374 enim

2115 2417 2294 2457 manu
2326 2401 2550 2472 sponsi,
2584 2417 2768 2472 eaque
2797 2401 2924 2458 sola
2955 2401 3331 2474 replebatur:
3373 2412 3433 2461 ut
3463 2423 3532 2462 ex
3577 2406 3767 2480 ipsius

2114 2507 2343 2563 sponsae
2375 2495 2548 2546 cantu
2584 2507 2902 2563 possumus
2934 2490 3282 2564 intelligere.

2711 2668 2896 2722 Trium
2917 2669 3178 2724 Patrum.

2185 2776 2359 2846 Nepos
2413 2791 2569 2830 meus
2625 2775 2778 2831 misit
2833 2793 3064 2831 manum
3108 2794 3269 2833 suam
3311 2794 3406 2850 per
3433 2780 3692 2850 foramen
3721 2781 3772 2836 et

2113 2868 2301 2921 venter
2331 2879 2483 2920 meus
2505 2864 2795 2919 intremuit
2823 2863 2894 2919 ad
2923 2869 3134 2921 tactum
3162 2866 3299 2937 ejus.

2186 2952 2312 3009 Etsi
2347 2957 2558 3024 totum,
2621 2953 2835 3025 inquit,
2886 2955 3105 3012 ostium
3169 2972 3367 3012 meum
3428 2957 3652 3029 aperui,
3702 2961 3768 3013 ut

2112 3042 2416 3099 Christum
2448 3042 2710 3098 Verbum
2741 3048 2799 3099 et
2830 3060 3118 3115 sponsum
3153 3062 3347 3102 meum
3382 3047 3765 3119 susciperem;

2113 3135 2312 3188 tamen
2344 3130 2438 3186 vix
2485 3147 2696 3186 manus
2726 3133 2878 3203 ejus,
2937 3150 3123 3205 eaque
3175 3133 3301 3191 sola
3331 3135 3602 3192 immisso.
3659 3141 3767 3192 est.

342 3228 503 3285 Ὅθεν
585 3227 648 3282 τὸ
727 3225 950 3302 μὲγευος
1036 3224 1201 3281 αὐτοῦ
1288 3224 1543 3301 μεγάλως
1626 3224 1999 3300 κατεπλάγην.

2119 3220 2319 3292 itaque
2338 3219 2802 3291 magnitudinem
2828 3220 3017 3294 ipsius
3050 3239 3402 3295 magnopere
3425 3242 3557 3281 sum
3581 3226 3769 3282 admi-

347 3315 542 3378 Καλῶς
607 3316 1004 3395 ἐφιλοσόφησεν
1073 3318 1108 3385 ἡ
1163 3316 1372 3391 καθαρὰ
1445 3317 1736 3391 παρθένος.
1775 3316 1838 3371 Ἡ
1890 3319 1996 3371 τῶν

341 3405 642 3482 ἀνθρώπων
675 3406 776 3481 γὰρ
826 3403 1007 3483 φύσις,
1047 3406 1081 3474 ἡ
1134 3405 1274 3460 πάνυ
1328 3405 1646 3481 βραχυτάτη
1688 3403 1812 3460 ὅσον
1869 3405 2005 3479 πρὸς

351 3494 506 3573 φύσιν
569 3496 754 3564 θεϊκήν
827 3499 924 3550 τοῦ
1008 3496 1321 3568 θαυμαστοῦ
1405 3494 1664 3573 νυμφίου,
1727 3493 1864 3566 ὅλην
1937 3495 2002 3550 οὐ

344 3581 564 3638 δύναται
615 3587 841 3658 χωρεῖν,
895 3581 1048 3660 φησὶ,
1094 3582 1194 3651 τήν
1235 3582 1521 3652 θειοτάτην
1579 3582 1760 3658 φύσιν,
1794 3581 1917 3636 ὅσον
1952 3581 2004 3636 ἒν

347 3673 692 3747 ὑπολήψεσιν
770 3671 859 3726 καὶ
937 3676 1054 3733 ταῖς
1137 3668 1467 3747 θεολογίαις.
1549 3670 1808 3743 Ἀνὲστην
1895 3670 2002 3747 ἐγὼ

340 3761 546 3832 ἀνοῖξαι
633 3766 714 3834 τῷ
799 3757 1078 3838 ἀδελφιδῷ
1141 3779 1282 3834 μου’
1340 3761 1526 3836 χεῖρες
1601 3780 1706 3834 μου
1783 3757 2000 3832 ἕσταξαν

344 3851 582 3926 σμύρναν
618 3896 633 3922 ,
721 3847 982 3906 δάκτυλοί
1082 3871 1187 3922 μου
1288 3848 1528 3926 σμύρναν
1619 3847 1810 3924 πλήρη
1915 3841 2002 3904 ἐπὶ

341 3946 532 4015 χεῖρας
615 3944 715 3996 τοῦ
789 3938 1083 4016 κλείθρου.
1139 3939 1316 4014 Ἐγὼ,
1377 3938 1580 4016 φησὶν,
1655 3939 1731 4001 ὡς
1813 3937 2005 4012 ἤνοιξα

349 4027 598 4099 δέξασθαι
653 4029 745 4084 τὸν
797 4029 1056 4108 νυμφίον,
1112 4030 1360 4091 κακεῖνος
1411 4028 1476 4098 ἧν
1538 4029 1853 4105 ἀχώρητος,
1911 4028 2003 4084 ἆν-

351 4116 510 4189 ἐστην
538 4119 673 4193 πρὸς
714 4119 971 4174 ἐπίπονον
999 4118 1088 4173 καί
1140 4117 1410 4194 θειοτέραν
1457 4118 1628 4191 τάξιν,
1677 4117 1826 4181 ὅπως
1884 4124 2002 4181 τοῖς

343 4208 535 4272 πόνοις
572 4213 690 4273 τοῖς
738 4206 1003 4274 πολλοῖς,
1049 4208 1243 4282 σαρκός
1290 4229 1351 4263 τε
1379 4211 1449 4282 τῇ
1480 4208 1762 4283 νεκρώσει,
1796 4205 2004 4263 πλατύ-

342 4317 496 4373 τερον
549 4297 745 4371 ἀνοίξω
804 4320 908 4371 μου
954 4301 1052 4353 τοῦ
1107 4296 1378 4374 λογισμοῦ
1425 4298 1524 4366 τὴν
1559 4297 1744 4373 θύραν,
1778 4298 1865 4353 καὶ
1913 4297 2004 4352 τὸν

341 4386 639 4462 ἀχώρητον
697 4388 760 4442 τὸ
825 4388 952 4463 πρὶν
1031 4384 1355 4460 εἶσδέξωμαι
1416 4385 1669 4462 νυμφίον.
1720 4388 1878 4443 ’Ὸθεν
1950 4388 2004 4442 αἱ

337 4477 521 4552 χεῖρές
558 4498 689 4550 μου,
715 4478 871 4555 φησὶ,
899 4476 1032 4552 μετὰ
1060 4477 1150 4532 καὶ
1179 4480 1287 4532 τῶν
1323 4473 1605 4531 δακτύλων
1641 4481 1753 4538 τοῖς
1810 4477 2002 4539 πόνοις

339 4566 578 4641 σμύρναν
621 4563 840 4637 ἔσταξαν
906 4567 1103 4642 μέχρις
1146 4564 1312 4620 αὐτοῦ
1358 4569 1455 4620 τοῦ
1504 4562 1791 4638 κλείθρου’
1841 4587 1998 4621 τουτ-

2112 3314 2257 3366 rata.
2289 3308 2566 3366 Praeclare
2597 3327 2742 3380 pura
2773 3311 2934 3383 virgo
2961 3311 3429 3385 philosophatur.
3453 3315 3770 3372 Hominum

2111 3399 2269 3456 enim
2291 3404 2428 3456 natu
2440 3416 2502 3455 re.
2522 3399 2713 3455 minor
2731 3405 3023 3472 est,quam
3047 3407 3108 3457 ut
3138 3403 3395 3460 divinam
3437 3404 3771 3461 admirandi

2111 3489 2288 3546 Verbi
2323 3493 2594 3545 naturam
2620 3491 2894 3561 opinione
2926 3495 3029 3546 aut
3059 3491 3307 3548 scientia
3328 3498 3505 3565 queat
3535 3494 3766 3550 univer-

2115 3596 2243 3635 sam
2283 3578 2787 3650 comprehendere.
2843 3579 3082 3636 Surrexi
3136 3589 3198 3637 ut
3251 3585 3530 3654 aperirem
3583 3587 3774 3656 nepoti

2112 3685 2252 3725 meo.
2297 3669 2490 3724 Manus
2547 3684 2680 3724 mea
2703 3669 3057 3726 stillaverunt
3075 3672 3365 3743 myrrham
3398 3672 3599 3743 :digitz
3657 3675 3770 3729 mei

2112 3758 2398 3830 myrrham
2420 3758 2653 3827 plenam
2675 3760 2735 3814 in.
2759 3775 2956 3815 manus
2985 3762 3208 3826 pessuli.
3256 3766 3389 3833 Ego,
3453 3767 3518 3817 ut
3581 3780 3764 3835 spon-

2113 3862 2268 3917 sum,
2301 3846 2518 3918 inquit,
2541 3847 2893 3920 exciperem,
2917 3850 3219 3921 aperui.At
3239 3850 3338 3906 ille
3365 3851 3771 3922 penetralibus

2112 3937 2260 3994 meis
2294 3935 2424 4008 capi
2457 3953 2572 3993 non
2619 3941 2863 4008 poterat.
2898 3939 3134 3994 Surrexi
3195 3939 3264 3994 ad
3299 3938 3659 3997 laboriosum
3715 3947 3771 3998 et

2111 4025 2300 4098 magis
2328 4025 2594 4081 divinum
2624 4025 2987 4096 ordinem,ut
3020 4045 3194 4100 quem
3227 4032 3399 4084 antea
3423 4046 3629 4101 capere
3651 4047 3768 4086 non

2110 4114 2749 4188 potueram,laboribus
2773 4117 2978 4172 multis
3011 4122 3067 4173 et
3095 4118 3290 4174 carnis
3325 4117 3769 4176 mortiﬁcatione

2109 4203 2374 4262 latiorem
2408 4204 2780 4276 cogitationis
2818 4211 3045 4277 portam
3072 4207 3449 4278 patefaciens,
3480 4225 3767 4280 sponsum

2109 4294 2694 4367 comprehenderem.
2728 4295 2892 4351 Unde
2925 4313 3135 4352 manus
3183 4315 3346 4369 mese,
3382 4298 3595 4370 inquit,
3630 4316 3763 4356 cum

2110 4384 2312 4457 digitis
2344 4383 2712 4440 continenter
2744 4385 3041 4458 myrrham
3073 4386 3440 4444 distillarunt
3463 4404 3646 4459 usque
3693 4388 3766 4444 ad

2111 4475 2443 4549 pessulum.
2480 4476 2630 4542 Quin
2662 4476 2835 4532 etiam
2890 4477 3144 4546 pessulis
3181 4479 3457 4535 omnibus
3512 4480 3770 4537 reductis

2112 4567 2264 4622 fores
2297 4565 2522 4637 aperui,
2557 4565 2612 4620 id
2648 4571 2758 4633 est,
2809 4567 3005 4623 carnis
3036 4585 3179 4624 meae
3203 4567 3485 4625 membris
3518 4569 3764 4626 mortiﬁ-

339 4654 504 4726 ἐστιν,
541 4656 926 4732 Ἀπενέκρωσα
974 4641 1041 4710 τὰ
1093 4653 1236 4728 μὲλη
1267 4661 1369 4725 τῆς
1420 4654 1618 4730 σαρκός
1670 4675 1795 4727 μου,
1829 4656 1995 4730 μέχρι

2119 4654 2491 4724 :atis,anima3
2520 4670 2731 4712 sensus
2762 4673 2966 4713 omnes
2997 4659 3268 4729 patefeci,
3300 4658 3486 4715 Pandi
3512 4668 3769 4731 foresne-

330 4743 398 4800 τὰ
445 4743 674 4820 κλεῖθρα
740 4743 1030 4818 σύμπαντα
1082 4749 1184 4814 τῆς
1252 4741 1414 4818 θύρας
1477 4739 1666 4816 ἤνοιξά
1731 4764 1859 4818 μου,
1907 4744 1998 4799 καὶ

336 4832 509 4895 πάσας
605 4832 903 4889 ἀνεπέτασα
976 4832 1070 4895 τὰς
1148 4835 1334 4908 ψυχῆς
1415 4831 1716 4903 αἰσθήσεις.
1776 4833 2000 4904 Ἦνοιξα

335 4920 447 4996 ἐγὼ
488 4927 571 4996 τῷ
619 4920 902 5001 ἀδελφιδῷ
963 4944 1092 4996 μου,
1130 4920 1218 4977 καὶ
1271 4922 1299 4976 ὁ
1351 4917 1645 4999 ἀδελφιδός
1707 4943 1812 4996 μου
1869 4942 2002 4998 παρ-

333 5007 524 5080 ῆλθεν.
589 5009 762 5069 Ἀλλὰ
817 5010 914 5067 κᾶν
973 5009 1189 5082 ἤνοιξα,
1236 5011 1425 5090 φησὶν,
1474 5011 1683 5075 ἁπάσας
1745 5033 1852 5086 μου
1903 5013 2001 5076 τὰς

336 5099 524 5174 θύρας,
575 5098 694 5156 οὐδ’
744 5099 919 5166 οὕτως
993 5100 1062 5170 ἦν
1123 5121 1217 5174 μοι
1279 5101 1532 5176 χωρητὸς
1591 5102 1618 5156 ὁ
1677 5100 1859 5176 Λόγος
1909 5101 1999 5157 καὶ

336 5191 595 5266 νυμφίος.
679 5193 847 5266 Ψυχή
943 5211 1048 5263 μου
1147 5186 1365 5263 ἐξῆλθεν
1439 5189 1491 5246 ἐν
1571 5189 1722 5267 λόγῳ
1812 5191 1996 5249 αὐτοῦ.

343 5276 493 5347 Εἶτα,
549 5280 734 5355 φησὶν,
787 5279 1046 5355 ἀνύψωσα
1102 5279 1192 5334 τὸν
1254 5283 1377 5333 νοῦν
1448 5281 1586 5354 πρὸς
1638 5280 1730 5335 τὸν
1790 5279 1999 5356 αἰθέρα,

338 5367 584 5421 ποθοῦσα
662 5365 929 5439 δήπουθεν
1015 5373 1204 5442 μαθεῖν
1268 5369 1432 5446 σαφὲς
1489 5390 1540 5423 τι
1609 5369 1732 5443 περὶ
1781 5369 1996 5428 τούτου.

340 5452 503 5511 ’Λλλ’
551 5454 706 5528 ὅμως
762 5456 1104 5533 ὗψηλόαερος
1163 5457 1254 5512 καὶ
1311 5462 1419 5512 τῶν
1488 5462 1662 5536 νεφῶν
1732 5459 1996 5535 ὑπῆρχεν.

336 5547 481 5616 Φησὶ
536 5544 640 5621 γὰρ
715 5546 826 5600 εἶτα
898 5549 1125 5620 καθεξῆς
1175 5548 1210 5617 ἡ
1269 5546 1457 5622 νύμφη
1534 5548 1624 5604 καὶ
1691 5549 1994 5625 παρθένος·

339 5635 618 5708 Ἐζήτησα
685 5636 874 5706 αὐτὸν,
924 5638 1015 5694 καὶ
1093 5635 1202 5712 οὐχ
1279 5636 1433 5712 εὗρον
1508 5635 1694 5712 αύτὸν,
1771 5636 2000 5695 ἐκάλεσα

339 5724 496 5782 αὑτὸν
559 5725 650 5782 καὶ
700 5725 808 5804 οὐχ
856 5727 1132 5800 ὑπήκουσὲ
1185 5747 1312 5800 μου.
1360 5728 1460 5785 Καὶ
1510 5732 1628 5794 πῶς
1684 5726 1784 5806 γάρ
1851 5729 1998 5807 cupa.-

2107 4746 2220 4818 poti
2240 4748 2443 4801 meozat
2473 4745 2568 4800 ille
2597 4745 2976 4803 dertinaverat
3007 4756 3168 4819 atque
3211 4749 3765 4815 transierat.Quam-

2106 4835 2196 4891 vis
2226 4835 2380 4890 fores
2412 4835 2962 4906 measpatefecerim
3024 4836 3352 4906 universas,
3385 4855 3502 4893 non
3560 4842 3762 4894 tamen

2106 4924 2362 4981 Verbum
2392 4927 2450 4979 et
2499 4940 2784 4996 sponsum
2817 4925 2981 4996 potui
3023 4927 3537 4999 comprehendere.
3565 4927 3770 4984 Anima

2108 5031 2233 5071 mea
2261 5029 2478 5083 egressa
2500 5018 2600 5081 est,
2624 5018 2685 5069 ut
2713 5030 2879 5086 nepos
2910 5015 3124 5072 locutus
3155 5021 3232 5072 est
3278 5034 3455 5074 metu.
3515 5018 3768 5074 Sustulit

2109 5107 2366 5160 mentem
2421 5119 2636 5174 meam,
2684 5104 2893 5175 inquit,
2927 5105 2998 5161 ad
3033 5104 3266 5176 coelum,
3327 5111 3390 5162 ut
3448 5107 3519 5164 de
3557 5106 3768 5164 dilecto

2110 5211 2238 5250 meo
2269 5192 2492 5265 aliquid
2528 5193 2936 5267 intelligerem.
2970 5193 3171 5250 Atille
3198 5194 3338 5252 cmlo
3395 5201 3519 5253 erat
3575 5197 3764 5253 subli-

2113 5282 2264 5339 mior
2323 5280 2525 5337 multo.
2559 5282 2648 5338 Sic
2675 5283 2831 5337 enim
2866 5282 3137 5354 deinceps
3160 5282 3422 5354 loquitur
3464 5301 3684 5356 sponsa
3712 5289 3768 5342 et

2110 5373 2308 5444 virgo:
2338 5373 2590 5440 Quaesivi
2616 5380 2666 5428 et
2692 5387 2804 5429 non
2834 5373 3025 5428 inveni
3068 5372 3230 5428 illum
3258 5393 3271 5442 ;
3305 5376 3510 5443 vacavi,
3553 5375 3606 5429 el
3659 5391 3771 5431 non

2110 5461 2390 5535 respondit
2418 5463 2579 5518 mihi.
2642 5463 2981 5536 Ecquonam
3014 5464 3187 5519 modo
3233 5463 3478 5520 inveniri
3501 5481 3768 5538 compre-

2111 5553 2411 5623 hendique
2443 5551 2657 5623 poterit
2706 5553 2778 5623 is,
2831 5553 2930 5626 qui
2966 5553 3112 5609 nihil
3139 5557 3232 5610 est
3261 5570 3464 5610 eorum
3500 5572 3628 5628 quae
3669 5573 3766 5612 co-

2109 5643 2376 5717 gnitione
2405 5631 2835 5715 percipiuntur,
2868 5660 2985 5700 non
3017 5643 3264 5716 species,
3287 5662 3404 5701 non
3434 5644 3780 5718 ﬁgura,non.

2108 5733 2295 5802 locus,
2324 5748 2438 5788 non
2473 5733 2776 5804 quantitas
2805 5732 2832 5789 ?
2864 5735 3202 5792 invenerunt
3249 5749 3335 5792 me
3361 5735 3616 5793 custodes
3671 5735 3784 5806 qui,
