4110 6424
307 343 428 403 639
1657 339 1930 403 ΜΙΟΗΑΞ

2120 340 2395 402 PSELLI
3612 342 3739 403 6ιο

301 477 650 532 circumeunt
686 477 1006 531 civitatem:
1049 485 1444 548 percusserunt
1499 492 1607 544 me,
1638 476 1924 531 vulnerum

2119 474 2303 542 ήσεται
2355 470 2446 527 καὶ
2502 472 2902 547 κρατηθήσεταί
2959 492 3065 528 που
3121 470 3270 534 ὅστις
3328 470 3481 528 οὐδέν
3537 493 3590 528 τι
3635 475 3739 529 πέ-

301 570 434 619 runt
465 580 568 620 me.
601 565 646 620 Ο
680 564 1138 635 pulcherrimam
1170 565 1414 638 virginis
1437 564 1910 637 progressionem

2113 582 2245 616 ›υκεν
2288 559 2348 616 ἐκ
2383 566 2493 616 τῶν
2525 561 2965 636 γινωσκομένῶν,
3017 563 3122 617 οὐκ
3169 560 3335 631 εἶδος,
3394 561 3456 617 οὐ
3514 583 3736 639 σχημα-

305 655 447 709 Ecce
501 655 660 708 enim
695 655 764 709 ad
817 654 1057 725 angelos
1117 671 1305 725 usque
1357 670 1669 726 progressa
1726 658 1836 708 est.
1898 652 1928 706 Ε

2116 651 2298 723 ισμὸς,
2357 651 2417 705 οὐ
2494 652 2688 719 τόπος,
2751 650 2813 706 οὐ
2878 653 3157 723 ποσότης;
3210 651 3453 725 Εὕροσάν
3541 673 3607 726 με
3684 653 3737 708 οἳ

303 759 556 814 namque
586 748 728 798 sunt
759 743 1009 798 ccelestis
1032 744 1285 798 civitatis
1308 743 1926 800 custodes.1nveneru:

2114 737 2342 808 ιύλακες,
2420 741 2472 794 οἱ
2571 738 2898 803 κυκλοῦντες
3006 741 3212 809 πόλιν,
3299 740 3560 812 ἐπάταξαν
3649 762 3737 815 με,

305 833 464 888 enim
499 850 590 887 me
620 833 878 887 Verbum
936 833 1356 904 inquirentem,
1417 838 1474 888 et
1530 831 1722 887 verbis
1772 832 1928 886 deter

2115 831 2475 901 τραυμάτισάν
2539 851 2624 903 με.
2675 837 2738 884 Ὠ
2787 838 2887 901 τῆς
2937 831 3244 900 καλλίστης
3293 838 3582 902 προκοπῆς
3638 838 3738 901 τῆς

308 927 554 976 ruerunt
585 939 651 976 ac
713 921 1120 976 vulnerarunt.
1168 922 1455 976 Dixerunt
1523 927 1677 976 enim
1713 921 1768 974 id
1807 919 1928 974 null

2113 916 2298 995 ύμφης
2344 918 2433 972 καὶ
2490 920 2800 996 παρθένουί
2855 918 2996 977 Ἰδοὺ
3052 922 3152 996 γὰρ
3201 919 3509 990 ἀνελήλυθε
3569 919 3735 996 μέχρι

307 1027 551 1082 prorsus
583 1009 807 1065 ratione
841 1011 964 1065 fieri
993 1027 1186 1081 posse,
1215 1016 1279 1064 ut
1310 1009 1786 1080 incomprehensi
1810 1025 1930 1063 com

2115 1006 2166 1061 αὶ
2200 1011 2308 1061 τῶν
2362 1007 2632 1083 ἀγγέλων.
2665 1011 2830 1066 Οἰτοι
2879 1011 2978 1084 γὰρ
3030 1009 3269 1086 φύλακές
3330 1009 3433 1064 εἶσι
3487 1013 3586 1078 τῆς
3633 1011 3735 1064 πό-

308 1099 619 1171 prehensio
655 1099 1372 1171 reperiatur.Abstulerunl
1399 1099 1638 1170 pallium
1698 1099 1838 1153 mihi
1881 1114 1931 1152 Ct

2121 1115 2222 1158 εως
2267 1102 2365 1165 τῆς
2416 1095 2546 1154 ἅνω,
2579 1097 2823 1174 Εὖρος-αν
2874 1099 3051 1154 τοίνον
3107 1121 3196 1172 με,
3229 1099 3384 1176 φησὶ,
3411 1099 3504 1154 τὸν
3560 1099 3735 1176 Λόγον

305 1190 484 1244 stades
539 1205 854 1244 murorum.
916 1188 1145 1255 Velum,
1211 1189 1424 1259 inquit,
1460 1187 1836 1242 abstulerunt
1896 1205 1928 1242 a

2115 1183 2444 1263 ιηλαφῶσαν,
2515 1187 2605 1242 καὶ
2691 1187 2882 1263 λόγοις
2963 1188 3357 1263 ἐτραυμάτισαν
3439 1188 3529 1244 καὶ
3615 1211 3738 1244 κατ-

305 1277 492 1334 oculis
526 1279 697 1344 meis,
733 1284 796 1332 ut
825 1277 1039 1332 clarius
1065 1294 1350 1349 sponsum
1374 1277 1760 1348 intuerer,qui
1795 1292 1866 1331 ne
1897 1293 1928 1330 a

2113 1272 2408 1348 πλήγωσάν
2460 1297 2545 1349 με.
2569 1281 2737 1332 Τοῦτο
2782 1277 2871 1332 καὶ
2914 1279 3015 1354 γὰρ
3059 1277 3269 1348 έξεῖπόν
3305 1299 3399 1352 μοι
3437 1283 3544 1333 τῶν
3606 1278 3736 1352 ἄγαν

306 1367 535 1440 angelis
603 1367 842 1438 quidem
895 1371 1085 1438 potest
1169 1366 1448 1421 omnibus
1525 1365 1917 1438 comprehend

2112 1360 2380 1436 Buvo'rrwv,
2406 1365 2468 1420 τὸ
2492 1367 2590 1435 τήν
2623 1364 2929 1439 κατάληψιν
2963 1373 3142 1436 ζητεῖν
3180 1374 3280 1437 τῆς
3329 1366 3735 1441 ἀκαταληψίας.

307 1457 699 1523 Quamobrem
755 1455 1029 1510 incertior
1088 1455 1398 1510 discedens
1456 1456 1716 1525 omnino,
1778 1459 1930 1509 custc

2118 1454 2252 1526 Ηραν
2310 1454 2373 1508 τὸ
2433 1455 2710 1531 θέριστρον
2767 1456 2856 1510 ἀπ’
2904 1455 3042 1530 ἐμοῦ
3099 1458 3151 1511 οἱ
3205 1457 3443 1535 φύλακες
3474 1463 3584 1512 τῶν
3632 1478 3741 1512 τει-

310 1547 436 1615 des,
469 1545 524 1600 id
562 1548 668 1611 est,
693 1544 933 1615 angelos
991 1545 1166 1599 etiam
1200 1548 1527 1614 aversatur,
1557 1545 1710 1615 quod
1765 1560 1837 1598 ne
1897 1561 1930 1599 a

2117 1543 2248 1616 _éwv.
2281 1547 2448 1618 Ἦραν
2494 1546 2556 1600 τὸ
2601 1545 3018 1620 περικάλυμμα,
3062 1547 3247 1625 φησὶν,
3281 1551 3386 1602 τῶν
3437 1545 3740 1625 ὀφθαλμῶν

311 1632 433 1689 illis
461 1634 702 1706 quidem
727 1634 933 1705 ingens
960 1634 1162 1706 sponsi
1191 1634 1548 1690 desiderium
1572 1638 1746 1705 queat
1775 1632 1934 1688 immi

2118 1652 2216 1701 .ου,
2264 1630 2401 1687 ὥστε
2453 1656 2518 1706 με
2575 1637 2951 1710 καθαρώτερον
3017 1636 3277 1712 γνωρίσαι
3343 1637 3437 1692 τὸν
3503 1637 3741 1711 νυμφίον

315 1723 438 1778 nui.
2080 1726 2199 1784 τοῖς
2255 1730 2414 1777 πᾶσιν
2489 1724 2872 1796 ἀκατάληπτον
2951 1722 3079 1780 ὄντα
3155 1726 3244 1780 καὶ
3308 1731 3425 1788 τοῖς
3478 1723 3742 1800 ἀγγέλοις

311 1812 468 1868 Ὀθεν
506 1809 903 1885 έπαπορήσασα
933 1813 1194 1867 πάντοθεν
1220 1814 1255 1881 ἡ
1287 1811 1550 1888 παρθένος
1577 1810 1703 1874 τοὺς
1751 1809 1995 1888 φύλακας
2039 1805 2364 1883 ἐκδυσωπεῖ,
2394 1815 2638 1870 τουτέστι
2684 1814 2812 1878 τοὺς
2860 1814 3140 1891 ἀγγέλους,
3170 1816 3262 1870 τὸν
3323 1815 3490 1880 πόθον
3534 1814 3740 1885 ταύτης

316 1900 412 1955 τὸν
443 1899 616 1969 πολὺν
654 1901 892 1975 μηνύσαι
915 1906 996 1974 τῷ
1026 1923 1266 1980 νυμφιῳ.

906 2011 1097 2065 Trium
1126 2011 1375 2064 Patrum.
1995 2010 2043 2074 Β

1995 2010 2043 2074 Β
2641 2011 2765 2067 Τῶν
2790 2011 2836 2086 γ’
2869 2009 3142 2083 Ματέρων.

384 2117 689 2180 Quomodo
735 2122 950 2184 autem,
1013 2118 1208 2188 inquit
1259 2134 1479 2190 sponsa
1537 2117 1607 2172 ad
1649 2114 1969 2188 discipulas

2150 2105 2294 2173 Φησὶ
2331 2109 2460 2180 γοῦν
2494 2104 2570 2161 ἔτι
2620 2109 2654 2176 ἡ
2687 2107 2870 2186 νύμφη
2913 2109 3049 2182 πρὸς
3095 2107 3190 2170 τὰς
3241 2105 3684 2181 μαθητευομένας
3713 2125 3726 2139 ·

313 2222 454 2261 suas
486 2206 788 2261 sordidam
822 2207 1039 2278 peccati
1073 2207 1338 2261 tunicam
1373 2207 1770 2277 deposuerim,
1800 2209 1931 2274 atqu

2110 2198 2267 2255 Οπως
2317 2191 2376 2248 δέ
2425 2195 2515 2249 τὸν
2578 2195 2815 2272 ῥυπαρὸν
2875 2205 2974 2266 τῆς
3052 2195 3320 2271 ἁμαρτίας
3396 2193 3733 2267 ἐξεδυσάμην

313 2294 636 2366 purissima
689 2297 996 2363 evaserim,
1066 2298 1288 2353 audite.
1334 2297 1507 2365 Nepos
1554 2312 1707 2351 meus
1750 2296 1936 2350 demisi

2112 2286 2310 2358 ίιτῶνα,
2342 2285 2432 2338 καὶ
2490 2282 2669 2361 ἄκρως
2725 2287 3051 2361 ἐκαθάρθην,
3108 2286 3373 2341 ἀκούσατε
3407 2305 3420 2320 ·
3477 2282 3735 2361 Ἀδελφι-

310 2401 543 2439 manum
563 2401 719 2439 suam
747 2402 844 2456 per
870 2389 1141 2458 foramen,
1185 2389 1235 2441 et
1276 2395 1468 2441 venter
1492 2402 1644 2440 meus
1687 2387 1933 2440 intremit

2117 2371 2174 2431 ός
2238 2393 2343 2444 μου
2399 2373 2685 2430 ἀπέστειλε
2743 2382 2906 2450 χεῖρα
2986 2376 3151 2431 αὐτοῦ
3231 2376 3335 2430 ἀπὸ
3399 2382 3496 2444 τῆς
3577 2375 3740 2444 ὀπῆς.

313 2472 383 2528 ad
412 2477 619 2528 tactum
649 2475 1052 2542 eiusDilectus
1088 2491 1253 2530 meus
1286 2477 1524 2530 demisit
1557 2493 1589 2530 a
1621 2475 1789 2529 Patre
1834 2490 1936 2544 pro

2117 2460 2169 2514 αὶ
2222 2463 2256 2530 ἡ
2316 2460 2504 2517 κοιλία
2569 2485 2674 2536 μυυ
2739 2463 2974 2536 ἰθροήθη
3059 2465 3142 2519 ἐπ’
3201 2463 3381 2519 αὐτόν.
3443 2465 3626 2533 ”Ητοι,
3677 2463 3740 2520 Ὁ

315 2563 616 2616 cedentem
653 2564 724 2618 ab
765 2580 830 2620 eo
897 2565 1179 2635 Spiritum
1230 2565 1339 2634 ipsi
1391 2562 1938 2619 consubstantialem

2115 2551 2361 2624 γαπητός
2410 2573 2516 2625 μου
2560 2548 2770 2627 ἔπεμψε
2812 2555 2958 2628 παρὰ
2993 2559 3091 2608 τοῦ
3149 2553 3362 2628 Πατρὸς
3416 2552 3478 2607 τὸ
3537 2551 3737 2615 ἐκεῖθεν

318 2653 491 2720 cujus
523 2657 805 2723 tanquam
832 2669 1006 2708 manu
1034 2654 1260 2724 peragit
1280 2654 1476 2709 divina
1498 2653 1818 2724 gratiarum
1843 2667 1940 2705 mu

2114 2640 2514 2715 κπορευόμενον
2547 2642 2843 2714 ὁμοούσιον
2871 2643 3022 2714 αὐτῷ
3069 2640 3311 2715 Πνεῦμα,
3345 2639 3397 2696 έν
3459 2642 3504 2714 ᾧ
3555 2640 3737 2716 ὥσπερ

319 2755 460 2794 nera
478 2757 578 2811 per
603 2746 855 2796 mentem
883 2757 1078 2796 meam
1111 2741 1290 2796 veluti
1315 2743 1686 2813 perforamen
1711 2740 1942 2810 aliquod

2115 2750 2136 2782 ν
2168 2749 2274 2784 τινι
2306 2732 2453 2806 χειρὶ
2513 2731 2718 2808 ένεργεῖ
2771 2732 2838 2787 τὰ
2887 2735 3005 2788 θεῖα
3051 2732 3367 2809 χαρίσματα
3424 2728 3514 2787 διὰ
3573 2729 3738 2804 μέσου

320 2833 378 2894 et
411 2830 668 2899 patiente
700 2846 794 2884 me
825 2829 1062 2885 initium
1096 2831 1423 2901 sapientiae,
1446 2831 1717 2884 timorem
1779 2829 1943 2884 dilect

2120 2823 2181 2872 οῦ
2211 2821 2335 2882 νυός
2373 2840 2479 2893 μου
2511 2822 2586 2883 ὡς
2619 2819 2710 2877 διά
2736 2842 2885 2884 τινος
2915 2822 3075 2891 ὀπῆς·
3108 2822 3197 2876 καὶ
3231 2818 3580 2890 ὠδινησάσης
3632 2840 3737 2886 μου

329 2918 442 2972 mei
477 2922 760 2988 tanquam
786 2919 1032 2989 judicis,
1081 2919 1230 2990 gulae
1268 2919 1605 2990 ventrisque
1662 2919 1952 2990 corripitu'

2111 2909 2184 2977 ’ἠν
2215 2909 2397 2984 ἀρχὴν
2433 2917 2534 2980 τῆς
2564 2911 2759 2989 σοφίας
2785 2913 2877 2967 τὸν
2912 2906 3086 2985 φόϐον
3133 2915 3229 2966 τοῦ
3271 2909 3557 2986 ἀγαπητοῦ
3607 2929 3734 2983 μου,

320 3006 552 3070 vitium,
590 3008 744 3062 unde
777 3023 965 3078 genus
996 3024 1166 3064 omne
1198 3009 1461 3065 nascitur
1488 3007 1943 3081 intemperantia

2113 3000 2160 3061 bc
2214 3003 2424 3074 κριτοῦ,
2469 3001 2532 3054 τὸ
2580 3003 2678 3070 τῆς
2730 3022 2823 3074 μοι
2891 2998 3324 3076 γαστριμαργίας
3387 2997 3736 3054 συνέσταλται

319 3098 384 3151 Et
404 3096 593 3151 statim
617 3100 842 3153 surrexi
873 3114 989 3166 ego,
1023 3104 1086 3153 ut
1143 3100 1419 3170 aperirem
1451 3100 1636 3170 nepoti
1683 3114 1836 3154 meo:
1876 3114 1942 3170 pe

2113 3086 2253 3152 πόθος
2316 3111 2444 3160 μου,
2497 3089 2548 3160 ἐξ
2607 3091 2669 3145 οὗ
2721 3096 2826 3146 πᾶν
2877 3088 3017 3152 εἶδος
3069 3087 3367 3152 ἀκολασίας
3430 3087 3736 3168 ὑφίσταται.

324 3185 622 3242 efﬁcacem
655 3187 1212 3259 contemplationem
1237 3191 1309 3244 ab
1332 3189 1570 3244 habitus
1589 3187 1947 3260 dispositioni

2117 3177 2184 3231 Lati
2267 3179 2422 3244 εὐθὺς
2515 3179 2740 3243 ἀνέστην
2824 3178 2929 3256 ἐγὼ
3015 3179 3219 3250 ἀνοῖξαι
3298 3183 3377 3251 τῷ
3461 3175 3740 3256 ἀδελφιδῷ

321 3291 455 3352 sum
488 3274 740 3330 excitata
758 3280 822 3330 ut
854 3277 1329 3347 mentisjanuam
1354 3278 1735 3349 patefacerem
1765 3275 1944 3331 dilect

2118 3287 2216 3322 LOU'
2251 3266 2445 3344 ἤγουν,
2501 3269 2764 3344 Ἠγέρθην
2819 3270 2937 3324 κατ’
2978 3267 3289 3344 ἔμπρακτον
3349 3267 3575 3344 θεωρίαν
3635 3267 3741 3323 ἀπὸ

320 3380 469 3419 meo.
507 3369 706 3420 Manus
730 3379 870 3421 mea!
899 3367 1255 3421 stillaverunt
1282 3367 1593 3439 myrrham,
1633 3367 1842 3421 Activas
1893 3366 1943 3419 ni

2121 3363 2188 3426 ἧς
2220 3356 2498 3430 ἐμπαθοῦς
2550 3359 2791 3434 σχέσεως
2840 3357 3166 3413 ἀναπετάσαι
3223 3359 3323 3425 τὴν
3378 3360 3579 3428 νοητήν
3638 3379 3740 3430 μου

321 3455 537 3508 mirum
572 3455 844 3525 potentia:
878 3471 1018 3509 meas
1047 3472 1212 3510 mens
1234 3462 1291 3510 et
1322 3456 1468 3510 ratio
1502 3472 1602 3526 per
1632 3454 1944 3511 electionen

2118 3444 2272 3515 τύλην
2347 3452 2427 3518 τῷ
2512 3447 2781 3522 ἀγαπητῷ
2861 3469 3005 3521 μου.
3059 3447 3251 3523 Χεῖρές
3337 3469 3446 3520 μου
3526 3443 3741 3518 ἔσταξαν

319 3542 601 3598 fuderunt
625 3558 959 3609 sermones,
1019 3549 1076 3597 et
1138 3561 1328 3600 mores
1387 3545 1683 3600 carnalem
1736 3562 1942 3600 sensu:

2116 3534 2354 3610 ·μύρναν.
2419 3537 2639 3599 Πάντως
2698 3539 2753 3592 αἱ
2813 3537 3149 3613 ένεργητικαί
3212 3558 3318 3608 μου
3375 3534 3650 3609 δυνάμεις,
3711 3536 3739 3590 ὁ

321 3632 942 3702 mortilicantes.Digiti
970 3635 1080 3687 mei
1109 3635 1397 3704 myrrham
1425 3637 1649 3706 plenam
1680 3636 1736 3689 in
1781 3652 1944 3690 manu

2121 3631 2214 3687 οῦς
2288 3627 2374 3681 καὶ
2458 3628 2486 3681 ὁ
2547 3626 2733 3702 λόγος,
2801 3626 2861 3682 ἐκ
2947 3628 3316 3703 προαιρέσεως
3395 3623 3552 3701 ἔχεαν
3616 3625 3743 3688 τοὺς

319 3721 545 3792 pessuli.
581 3720 828 3777 Passivaa
885 3720 1111 3776 scilicet
1169 3723 1440 3793 potentiae
1499 3740 1661 3788 meae,
1722 3726 1942 3794 (sensus

2121 3716 2449 3788 εκρωτικοὺς
2515 3721 2613 3771 τοῦ
2673 3721 2931 3793 σαρκικοῦ
2990 3719 3343 3793 φρονήματος
3399 3715 3596 3790 λόγους
3653 3715 3741 3769 καὶ

322 3811 804 3881 concupiscentia
835 3814 891 3865 et
932 3811 1256 3883 iracundia)
1284 3828 1410 3883 qua:
1444 3813 1622 3867 menti
1656 3817 1712 3868 et
1745 3813 1945 3869 rationi

2123 3806 2346 3881 ρόπους-
2379 3807 2644 3862 Δάκτυλοι
2710 3828 2814 3879 μου
2871 3807 3111 3883 σμύρναν
3161 3806 3351 3884 πλήρη
3409 3805 3493 3861 ἐπὶ
3549 3811 3740 3881 χεῖρας

325 3903 389 3953 ut
423 3898 695 3955 manibus
727 3899 893 3971 digiti
927 3906 1314 3972 cooperantur
1340 3903 1632 3973 propriam
1659 3921 1759 3975 per
1782 3903 1948 3975 cogni

2123 3901 2185 3951 οὗ
2238 3896 2512 3972 κλείθρου.
2576 3895 2866 3968 Δηλονότι,
2919 3899 2986 3954 Al
3043 3902 3122 3970 τῷ
3177 3901 3257 3969 νῷ
3303 3895 3395 3952 καὶ
3451 3899 3531 3968 τῷ
3589 3894 3741 3970 λόγῳ

322 3989 536 4044 tionem
571 3993 627 4042 et
647 3988 1468 4057 virtutem,mortiﬁcationem
1497 3993 1945 4062 probatissimam

2119 3987 2658 4063 ‘upnsptqnpépevaz,
2711 3989 2800 4041 οἶα
2868 3989 3022 4063 χερσὶ
3103 3985 3406 4058 δάκτυλοε,
3449 3985 3742 4056 ποθητικαί

324 4077 762 4133 distillaverunt
784 4080 840 4133 in
875 4081 1248 4135 all‘ectionum
1277 4097 1610 4151 opera,quaa
1640 4083 1826 4137 instar
1856 4099 1947 4153 pes

2119 4098 2198 4131 ιου
2249 4074 2528 4149 δυνάμεις,
2583 4076 2721 4131 ὥστε
2769 4075 3048 4148 αἰσθήσεις
3090 4078 3178 4130 καὶ
3239 4079 3274 4145 ἡ
3335 4074 3597 4149 ἐπιθυμία
3652 4074 3742 4130 καὶ

324 4168 440 4224 suli
472 4167 791 4223 excludunt
829 4169 1051 4224 aditum
1099 4170 1552 4231 incredulitatis.
1606 4176 1890 4242 tanquam
1923 4188 1947 4226 e

2143 4167 2315 4238 θυμὸς
2344 4167 2442 4234 τὴν
2478 4163 2568 4220 διὰ
2593 4165 2846 4240 γνώσεως
2895 4167 2986 4221 καὶ
3027 4165 3223 4242 ἀρετῆς
3280 4164 3484 4220 οΐκείαν
3541 4164 3743 4239 νέκρω-

325 4257 506 4327 hujus
533 4257 809 4328 Operibus
839 4275 969 4329 quze
1003 4276 1104 4330 per
1131 4259 1577 4315 translationem
1608 4277 1816 4314 manus
1848 4277 1948 4331 pes

2119 4276 2172 4308 ιν
2219 4253 2432 4309 τελείαν
2479 4249 2694 4327 ἕσταξαν
2729 4254 2817 4309 ἐπὶ
2873 4256 2940 4309 τὰ
2990 4253 3206 4327 ἐμπαθῆ
3263 4252 3412 4330 ἔργα,
3443 4261 3545 4322 τῆς
3586 4251 3742 4324 δίκην

325 4344 439 4398 suli
469 4350 672 4400 vocata
717 4350 878 4412 sunt,
939 4348 1310 4402 mortiﬁcatis
1371 4365 1487 4402 una
1545 4365 1677 4403 cum
1731 4348 1944 4419 passivi

2126 4343 2343 4417 λείθρου
2401 4341 2806 4416 ἀποκλειούσης
2862 4349 2942 4416 τῷ
2983 4344 3112 4416 θείῳ
3173 4345 3325 4420 Λόγῳ
3379 4345 3478 4412 την
3537 4339 3747 4398 εἷ’σοδον

319 4435 599 4504 potentiis
623 4452 769 4506 quas
803 4439 1282 4492 memoravimus.
1308 4438 1595 4501 Quoniam
1628 4441 1823 4492 autem
1849 4455 1942 4506 ope

2124 4433 2355 4496 πιστίαςο
2417 4434 2490 4495 ὡς
2532 4435 2619 4488 καὶ
2678 4439 2787 4489 τῶν
2861 4433 3062 4504 ταύτης
3123 4431 3326 4509 ἔργων,
3383 4433 3416 4488 ’ὰ
3469 4436 3746 4508 τροπικῶς

322 4539 452 4578 rum
486 4524 918 4579 incredulitatis
955 4525 1328 4581 mortificatio
1359 4530 1449 4580 est
1479 4525 1756 4597 perfectio
1800 4527 1933 4581 fidei

2122 4528 2273 4600 ἐῖρες
2344 4521 2599 4598 κλείθρου
2665 4523 2999 4595 ἐκλήθησαν,
3077 4523 3545 4598 συννεκρωθέντων
3625 4528 3745 4585 ταῖς

323 4613 466 4666 lides
498 4617 695 4668 autem
731 4615 1028 4684 corruptio
1075 4614 1476 4682 infidelitatis;
1508 4614 1629 4668 hzec
1663 4631 1697 4668 a
1727 4631 1839 4686 me,
1891 4621 1946 4671 ut

2120 4613 2403 4688 ίρημέναις
2488 4616 2817 4686 παθητικαῖς
2906 4612 3215 4687 δυνάμεσιν.
3301 4617 3420 4671 “Οτι
3497 4611 3556 4668 δὲ
3637 4617 3743 4667 τῶν

321 4701 1944 4776 pessulus,quemadmodumdiximus,corruptaest.Ape

321 4791 413 4812 ω-..
859 4806 943 4812 __-
981 4807 992 4812 -
1033 4792 1242 4812 _‘-_.:-
1294 4808 1431 4812 μη
1491 4793 1721 4812 .-μαψ

2122 4725 2261 4780 ογων
2307 4710 2410 4773 τῆς
2465 4703 2717 4765 ἀπιστίας
2773 4707 2808 4774 ἡ
2879 4704 3139 4779 νέκρωσις
3215 4702 3564 4777 ἀποτέλεσμά
3635 4702 3745 4760 ἐστι

2137 4790 2148 4812 1
2415 4791 2442 4812 υ
2577 4789 2624 4812 9‘
2721 4793 2747 4812 Λ
2831 4794 2846 4812 \
2938 4798 2966 4810 α
3058 4791 3072 4812 ἳ
3222 4791 3233 4811 Ι
3349 4790 3364 4812 ἳ
3446 4790 3456 4811 ν
3484 4811 3493 4812 κ
3600 4811 3607 4812 ,
3627 4789 3691 4812 '7,
3727 4805 3745 4812 ρ

318 4791 413 4845 rui
454 4792 642 4861 nepoti
701 4807 816 4845 meo
847 4806 945 4861 ego
981 4807 992 4845 :
1033 4792 1244 4846 mentis
1294 4808 1446 4852 mea:
1481 4793 1729 4862 januam
1763 4793 1940 4848 dilect

2124 4790 2344 4854 ·ίστεως,
2379 4791 2510 4862 αὕτη
2573 4789 2631 4846 δὲ
2681 4793 2854 4870 φθορᾶ
2898 4798 3001 4861 τῆς
3048 4791 3298 4853 ἀπιστίας
3345 4790 3495 4846 ἐστί·
3545 4789 3747 4859 ταύτης

321 4893 449 4933 meo
484 4896 584 4949 per
610 4880 742 4934 fidei
775 4879 1144 4936 ali‘ectionem
1181 4880 1442 4951 patefeci.
1499 4882 1671 4953 Nepos
1699 4899 1852 4939 meus
1876 4883 1943 4938 de

2121 4885 2217 4960 παρ’
2265 4881 2401 4953 ἐμοῦ
2477 4885 2568 4937 οἷα
2637 4883 2896 4959 κλείθρου
2973 4885 3290 4961 φθαρείσης,
3346 4883 3423 4944 ὡς
3492 4881 3744 4956 εί⁷ρηται’

317 4967 625 5022 clinaverat
658 4972 820 5039 atque
848 4972 1180 5026 transierat.
1241 4969 1467 5040 Quippe
1507 4971 1605 5041 qui
1641 4972 1820 5027 menti
1874 4990 1940 5044 pe

2128 4974 2317 5045 Ηνοιξα
2367 4976 2449 5045 τῷ
2508 4969 2790 5050 ἀδελφιδῷ
2852 4994 2957 5046 μου
3017 4971 3149 5046 ὶγὼ,
3188 4973 3289 5040 τήν
3323 4973 3519 5041 ἑαυτῆς
3546 4970 3751 5039 νοητὴν

319 5055 635 5111 essentiam
660 5074 776 5112 non
801 5059 1088 5129 subjacet,
1122 5073 1259 5112 cum
1295 5074 1397 5129 per
1427 5059 1589 5114 illam
1623 5062 1701 5116 sit
1748 5062 1941 5119 incom

2124 5061 2271 5132 τύλην
2300 5066 2381 5134 τῷ
2429 5061 2700 5136 ἀγαπητῷ
2748 5083 2852 5134 μου
2902 5060 3280 5117 ἀναπετάσασα
3316 5061 3454 5116 κατὰ
3511 5058 3747 5124 διάθεσιν

320 5144 756 5216 prehensibilis.
791 5147 992 5204 Anima
1037 5162 1168 5202 mea
1216 5163 1429 5217 egressa
1477 5155 1559 5204 est
1614 5152 1668 5204 in
1726 5167 1942 5209 sermon

2128 5155 2178 5207 ιὰ
2237 5150 2491 5213 πίστεως.
2553 5148 2878 5226 Ἀδελφιδός
2947 5169 3055 5223 μου
3123 5151 3430 5226 παρῆλθεν.
3496 5146 3751 5218 Ἐπειδή-

320 5234 455 5298 eius.
493 5234 677 5288 Exivit
707 5236 777 5288 ab
809 5236 1071 5291 interiori
1105 5237 1460 5306 cogitatione
1481 5239 1552 5293 arl
1585 5257 1825 5295 sensum
1872 5242 1942 5314 pe

2134 5262 2188 5315 ερ
2242 5245 2320 5312 νῷ
2366 5241 2484 5295 κατ’
2531 5239 2714 5295 οὐσίαν
2769 5237 2874 5314 οὐχ
2929 5238 3223 5295 ὑποπίπτει
3283 5241 3358 5303 ὡς
3407 5241 3524 5294 κατ’
3585 5237 3755 5305 αὐτὴν

321 5322 645 5377 naturalem
674 5324 1329 5396 contemplationem,ut
1360 5327 1644 5383 inveniret
1685 5347 1944 5400 sponsun

2126 5329 2498 5399 κατάληπτος.
2557 5330 2725 5404 Ψυχή
2793 5350 2898 5402 μου
2955 5327 3178 5400 ἐξῆλθεν
3225 5327 3277 5384 ἐν
3344 5329 3498 5404 λόγῳ
3560 5329 3749 5383 αὐτοῦ.

321 5427 518 5478 suum,
557 5417 620 5468 In
644 5429 898 5470 sermone
926 5415 1081 5484 ejus:
1117 5430 1184 5470 eo
1207 5416 1511 5481 nimirum,
1547 5435 1661 5489 quo
1695 5419 1857 5474 illam
1883 5438 1942 5477 es

2127 5419 2321 5488 Εξῆλθε
2353 5416 2411 5474 δὲ
2439 5425 2538 5488 τῆς
2583 5422 2770 5493 νοερᾶς
2819 5415 3107 5489 ένδότητος
3157 5420 3294 5493 πρὸς
3354 5415 3605 5488 αἶ’σθησιν
3661 5413 3750 5470 διὰ

320 5499 634 5565 allocutus,
668 5519 801 5558 cum
834 5504 1088 5558 diceret:
1143 5506 1419 5586 Egredere
1443 5507 1502 5560 in
1557 5511 1800 5579 vestigiis
1846 5527 1943 5580 gre

2123 5514 2182 5580 ἧς
2232 5517 2466 5588 φυσικῆς
2524 5511 2756 5585 θεωρίας
2827 5513 3000 5586 εὑρεῖν
3064 5513 3307 5566 ποθοῦσα
3363 5510 3456 5565 τὸν
3508 5506 3746 5585 νυμφίον

316 5605 470 5661 gum;
505 5593 569 5646 ut
602 5591 886 5649 indicaret
914 5591 988 5662 ei,
1024 5593 1123 5649 ubi
1156 5595 1280 5665 ipse
1311 5601 1595 5667 pasceret.
1647 5600 1836 5670 Atque
1894 5602 1936 5656 it

2124 5600 2278 5671 ὐτῆς.
2327 5601 2412 5655 Ἐν
2469 5600 2617 5678 Λόγῳ
2677 5601 2877 5656 αὐτοῦ’
2911 5605 3014 5674 τῷ,
3062 5599 3145 5656 ὅτι
3194 5601 3420 5672 Ἔξελθε
3479 5600 3531 5656 έν
3589 5597 3747 5672 πτέρ-

317 5679 548 5752 quaesivi
575 5696 722 5749 eum,
747 5691 797 5738 et
827 5698 934 5739 non
966 5684 1177 5739 inveni.
1213 5684 1277 5738 In
1321 5685 1496 5743 rebus
1533 5687 1690 5745 enim
1740 5692 1940 5748 creatis

2126 5711 2202 5754 ιις
2266 5694 2375 5745 τῶν
2437 5689 2712 5768 ποιμνίων
2773 5691 2912 5769 πρὸς
2969 5689 3135 5761 αὐτὴν
3196 5689 3495 5766 εἰρημένῳ.
3551 5689 3640 5746 Ἐν
3701 5686 3749 5759 ᾧ
