4110 6392
355 449 469 509 οιι

1397 445 1808 510 COMMENT.
1853 447 1932 509 IN
1977 447 2378 511 CANTICUM
2425 451 2731 513 CANTIG.

3655 454 3778 516 642

361 577 618 657 βούλεται
680 576 884 647 ταύτην
943 578 1134 651 μαθεῖν
1193 577 1331 634 ὅπου
1389 580 1544 642 οὗτος
1571 578 1874 652 ποιμαίνει.
1906 577 2012 634 Καὶ

2136 581 2228 653 qui
2259 585 2350 638 est
2381 582 2679 639 increatus
2711 601 2826 639 non
2876 585 3195 641 invenitur.
3257 588 3450 643 Voca-vi
3491 589 3676 658 illum,
3727 592 3784 644 et

359 670 558 740 οὕτως,
619 666 890 737 Ἐζήτησα
937 667 1124 737 αὐτὸν,
1175 668 1266 722 καὶ
1326 669 1436 744 οὐχ
1485 669 1640 744 εὗρον
1685 668 1848 723 αὐτόν
1925 669 2012 722 Ἐν

355 761 460 834 γὰρ
490 763 607 820 τοῖς
653 762 893 820 κτιστοῖς
944 758 972 812 ὁ
1025 758 1276 822 ἄκτιστος
1321 759 1430 834 οὐχ
1473 759 1796 833 εὑρίσκεται.
1858 759 2017 814 Ἐκά-

357 847 492 904 λεσα
545 847 728 915 αὐτὸν,
787 847 878 902 καὶ
928 845 1036 922 οὐχ
1103 847 1378 918 ὑπήκουσέ
1429 869 1554 921 μου.
1607 853 1774 905 Ὄντα
1825 843 2018 922 λεγού-

360 959 460 1008 σης
508 938 599 992 τὸν
649 936 780 1012 ὑπὲρ
826 931 973 1008 ὄντα,
1013 935 1104 992 καὶ
1150 937 1336 992 οὐσίαν
1390 938 1481 992 τὸν
1537 937 1876 1013 ὑπεροῦσιον,
1926 938 2016 992 καὶ

361 1027 506 1096 ζωὴν
587 1026 679 1080 τὸν
760 1025 1059 1099 ὖπέρζωον,
1135 1027 1224 1081 καὶ
1303 1027 1518 1082 πάντων
1587 1028 1848 1096 ποιητὴν,
1911 1025 2019 1102 οὐχ

361 1117 622 1172 ὑπακούει
690 1113 1034 1187 καλούμενος
1089 1114 1122 1169 ἃ
1181 1115 1259 1188 μή
1323 1117 1440 1170 κατ’
1497 1115 1678 1171 οὐσίαν
1729 1115 1860 1170 ἐστι.
1913 1113 2016 1172 Καὶ

359 1204 496 1275 αὐτὴ
531 1205 628 1278 μὲν
654 1203 747 1258 τὸν
779 1203 1063 1278 ἀγαπητόν
1115 1225 1243 1277 μου,
1295 1205 1368 1266 ὡς
1408 1201 1564 1282 ἔφην,
1599 1204 1699 1260 οὐκ
1739 1201 2016 1276 ἠδυνήθην

359 1295 555 1371 εὑρεῖν·
619 1294 669 1348 oi.
721 1290 780 1348 δὲ
834 1294 984 1365 ἅγιοι
1016 1290 1238 1369 ἄγγελοι
1290 1292 1511 1370 εὕροσάν
1567 1317 1654 1368 με,
1701 1295 1754 1349 οἱ
1783 1292 2019 1372 φύλακες

361 1385 414 1439 οἱ
485 1383 812 1445 κυκλοῦντες
867 1384 965 1452 τὴν
1027 1382 1229 1438 πόλιν
1298 1382 1520 1458 εὕροσάν
1586 1404 1652 1456 με
1695 1379 1752 1438 δὲ
1795 1383 1893 1451 τὴν
1951 1378 2022 1436 δι’

359 1471 580 1550 ἄγνοιαν
641 1471 1002 1528 ἅπολωλυῖάν
1068 1493 1201 1528 ποτε
1271 1475 1569 1548 μαθήτριαν
1609 1472 1808 1545 αὐτῶν,
1859 1470 2023 1550 φωτί-

363 1567 546 1633 ζοντες
589 1561 713 1637 περῖ
761 1562 862 1631 τὴν
915 1561 1150 1637 θεωρίαν
1197 1566 1304 1618 τῶν
1351 1558 1522 1617 ὅντων
1573 1559 2020 1638 ἀσχολουμένην,

361 1654 412 1708 οἱ
445 1658 616 1708 πᾶσαν
648 1652 747 1721 τὴν
794 1651 968 1706 κτίσιν
1020 1651 1110 1706 οἶά
1139 1673 1259 1707 τινα
1287 1651 1450 1708 πόλιν
1496 1651 1632 1706 κατὰ
1677 1653 1777 1721 τὴν
1825 1655 2019 1724 γνῶσιν

359 1747 466 1798 τῶν
527 1740 728 1811 ταύτην
788 1740 968 1814 λόγων
1021 1740 1492 1816 περικτδκλοῦντες.
1553 1744 1708 1814 Ὅροι
1764 1740 1866 1816 γάρ
1917 1739 2020 1794 εἱσι

357 1837 465 1888 τῶν
509 1826 677 1886 ὄντων
713 1829 764 1884 οὶ
792 1830 1000 1886 τούτων
1053 1829 1230 1907 λόγοι,
1280 1832 1399 1886 καθ’
1456 1829 1548 1892 οὕς
1595 1829 1686 1884 καὶ
1737 1829 2020 1905 γεγόνασιν

2122 686 2234 726 non
2265 671 2558 743 respondit
2587 673 2904 728 mihi.Eum
2937 673 3038 744 qui
3069 679 3162 729 est
3189 675 3552 746 ",appellavi
3585 677 3779 743 illum,

2128 775 2262 814 cum
2293 777 2362 816 ea
2391 778 2518 834 quae
2546 761 2980 832 summumst-is
3011 763 3291 819 omnibus
3326 764 3782 838 antecellat.Ap-

2128 849 2336 921 pellavi
2359 852 2918 917 substantiam,eum
2943 852 3044 922 qui
3067 854 3780 924 estsupersubstantialis.

2126 939 2432 1012 Appellavi
2461 939 2630 996 illum
2666 940 2873 1011 vitam,
2903 940 3006 1011 qui
3037 945 3242 996 auctor
3272 946 3362 998 est
3409 941 3536 997 vitae
3585 950 3642 998 et
3691 961 3784 1000 re-

2127 1045 2260 1084 rum
2313 1030 2552 1086 effector
2600 1030 3032 1086 universarum.
3089 1031 3213 1088 Non
3264 1032 3570 1102 respondit
3617 1033 3785 1102 mihi,

2129 1135 2261 1175 cum
2295 1135 2364 1175 ea
2391 1125 2696 1176 vocaretur
2728 1137 2858 1190 quas
2887 1119 3012 1192 ipse
3043 1137 3148 1192 per
3177 1119 3496 1176 essentiam
3527 1125 3586 1177 et
3615 1127 3786 1178 natu-

2129 1223 2257 1262 ram
2289 1225 2458 1264 suam
2493 1225 2610 1264 non
2641 1208 3058 1264 est.Dilectum
3093 1209 3279 1281 igitur
3305 1225 3501 1265 meum
3537 1212 3788 1282 reperire

2129 1296 2366 1368 quidem
2391 1298 2519 1368 ipsa
2541 1315 2654 1353 non
2683 1298 2948 1370 potui.At
2979 1298 3166 1354 sancti
3185 1297 3493 1370 angeliqui
3513 1302 3788 1358 custodes

2131 1390 2272 1441 sunt
2300 1391 2358 1442 et
2386 1386 2680 1443 civitatem
2712 1387 3466 1454 circumeunt,invenerunt
3495 1405 3589 1445 me
3620 1389 3792 1446 disci-

2129 1474 2330 1547 pulam
2363 1477 2661 1546 quondam
2689 1477 2952 1548 ipsorum
2976 1494 3080 1548 per
3101 1476 3494 1548 ignorantiam
3519 1479 3792 1536 oberran-

2131 1570 2708 1638 tem,vacantemque
2737 1583 2936 1622 rerum
2987 1565 3350 1624 naturalium
3399 1568 3788 1639 speculationi

2133 1653 2644 1727 illustrarunt,qui
2677 1661 2954 1711 cunctam
2989 1661 3258 1711 naturam
3291 1655 3470 1712 veluti
3493 1659 3788 1716 civitatem

2131 1744 2452 1816 quamdam
2485 1761 2590 1816 per
2621 1743 3022 1816 cognitionem
3054 1746 3348 1800 rationum
3380 1746 3504 1816 ejus
3537 1749 3792 1805 circum-

2132 1837 2291 1889 eunt.
2326 1833 2588 1889 Termini
2637 1834 2795 1889 enim
2853 1849 3051 1889 rerum
3101 1842 3240 1890 sunt
3281 1851 3484 1890 earum
3532 1837 3789 1894 rationes

361 1921 434 1984 ὡς
479 1923 574 1982 τᾶς
632 1919 818 1998 φόσεις
867 1919 1042 1974 αὐτῶν
1094 1921 1540 1999 περιγράφοντες.
1591 1921 1754 1983 ’Ὀθεν
1795 1920 1847 1973 οἱ
1893 1916 2022 1972 τού-

2136 1922 2348 1995 quibus
2379 1924 2548 1979 factae
2577 1929 2739 1990 sunt,
2772 1940 3022 1995 quaeque
3069 1929 3311 1980 naturas
3356 1925 3620 1995 ipsarum
3673 1927 3790 1982 cir-

359 2031 488 2074 τους
541 2011 900 2086 γινώσκοντες
955 2008 1205 2084 ἄγγελοι,
1265 2010 1341 2072 ὡς
1401 2008 1450 2064 ἐν
1503 2009 1652 2084 ὅροις
1704 2010 1804 2078 τὴν
1845 2006 2018 2062 κτίσιν

363 2097 780 2176 περιπολοῦσιν.
820 2098 978 2156 Οὕτω
1029 2096 1085 2153 δὲ
1130 2097 1280 2154 οὗτοι
1329 2097 1646 2173 ἐντυχόντες
1695 2119 1812 2171 μοι,
1855 2098 2018 2154 Ἐπά-

362 2189 520 2262 ταξάν
603 2208 688 2262 με,
769 2187 1165 2262 ἐτραυμάτισαν
1240 2208 1326 2258 με,
1409 2188 1546 2262 ἦραν
1624 2187 1687 2241 τὸ
1742 2185 2018 2262 θὲριστρόν

371 2301 476 2352 μου
545 2277 633 2333 ἀπ’
705 2276 864 2351 ἐμοῦ·
919 2276 1094 2351 ἤγουν
1147 2276 1544 2334 Ἐταπείνωσαν
1597 2273 1901 2346 διδάξαντες
1956 2296 2022 2347 με

367 2367 454 2436 τὸ,
517 2369 679 2440 μήπω
727 2367 803 2431 ὡς
853 2363 934 2421 δεῖ
971 2365 1355 2440 κατειληφὲναι
1389 2364 1542 2424 Θεόν.
1585 2363 1932 2440 Ἐλὲγξαντες
1965 2364 2024 2420 δὲ

369 2455 604 2527 ἔπληξαν
635 2477 740 2529 μου
770 2457 832 2510 τὸ
883 2453 1148 2528 συνειδὸς,
1201 2456 1274 2517 ὡς
1327 2454 1584 2529 οίομὲνης
1634 2453 2020 2532 κατειληφέναι

364 2547 425 2602 τὸ
475 2549 742 2617 ἅκτιστον,
805 2547 856 2602 ἒν
910 2551 992 2620 τῷ
1029 2551 1145 2608 τοῖς
1191 2545 1419 2618 ὀνόμασι
1450 2550 1558 2601 τῶν
1586 2550 1816 2600 κτιστῶν
1865 2565 2024 2600 κατα-

363 2637 583 2710 φάσκειν
645 2635 828 2692 αὐτόν.
890 2637 978 2691 Ἐν
1039 2634 1096 2692 δὲ
1146 2640 1226 2708 τῷ
1289 2633 1495 2707 διδάξαι
1550 2657 1616 2709 με
1661 2636 1793 2711 ὑπὲρ
1837 2640 2022 2690 πασῶν

362 2731 557 2802 γνῶσιν
605 2727 739 2782 εἶναι
780 2726 843 2781 τὸ
886 2730 1064 2795 θεῖον,
1116 2724 1408 2804 ἀφείλοντο
1467 2725 1557 2780 ἀπ’
1611 2726 1746 2797 ἐμοί’)
1774 2726 1836 2780 τὸ
1867 2721 2023 2795 δίκην

365 2816 647 2890 θερίστρου
695 2815 1118 2890 συγκομίζοντος
1167 2816 1406 2892 στάχυας
1434 2861 1447 2887 ,
1493 2817 1591 2884 τήν
1657 2819 1855 2891 γνῶσιν
1912 2819 2018 2869 τῶν

365 2905 536 2962 ὄντων
615 2904 887 2981 συλλέγον
951 2903 1264 2979 λογιστικόν
1333 2926 1460 2978 μου,
1517 2904 1815 2968 παύσαντες
1859 2908 2020 2958 τοῦτο

362 3000 459 3052 τοῦ
512 2997 590 3069 μὴ
641 2993 1025 3066 ἀκατάληπτον
1068 2994 1208 3059 θείαν
1255 2993 1409 3071 φύσιν
1457 2991 1600 3068 ἄγειν
1649 2993 1752 3048 ὑπὸ
1781 2991 2020 3064 κατάλη-

365 3089 475 3161 ψιν.
521 3089 705 3143 Ταῦτα
755 3083 813 3140 δὲ
861 3085 1175 3161 εἰργάσαντο
1221 3083 1274 3138 ἓν
1325 3081 1450 3157 ἐμοὶ
1493 3082 1728 3160 φύλαγες
1758 3087 1863 3138 τῶν
1912 3103 2022 3138 τει-

365 3176 534 3252 χέων,
583 3174 710 3245 ἤτοι
754 3174 990 3248 τηρηταὶ
1037 3168 1374 3249 ἀπαράϐατοι
1421 3176 1528 3226 τῶν
1575 3172 1734 3226 θείων
1774 3169 2021 3244 Θελημά-

362 3287 495 3338 των,
531 3263 564 3320 ἂ
617 3262 773 3334 δίκην
830 3268 1036 3339 τειχῶν
1087 3264 1182 3325 τὰς
1230 3265 1338 3317 τῶν
1381 3258 1550 3318 ὄντων
1605 3261 1788 3340 φύσεις
1820 3259 2021 3338 φυλάτ-

2133 2013 2568 2068 cumscribunt.
2623 2012 2786 2068 Unde
2835 2013 3027 2084 angi-li
3078 2013 3179 2084 qui
3229 2013 3362 2068 illas
3425 2015 3785 2088 intelligant,

2129 2107 2416 2173 tanquam
2445 2102 2502 2156 in
2553 2101 2826 2156 terminis
2878 2106 3210 2158 creaturam
3255 2103 3646 2160 circumeunt.
3694 2105 3788 2160 Sic

2129 2189 2313 2260 igitur
2341 2189 2402 2244 hi
2435 2206 2527 2245 me
2559 2189 2886 2257 consecuti,
2933 2197 3323 2261 percusserunt
3369 2209 3477 2260 me,
3525 2195 3792 2250 vulnera-

2129 2283 2328 2336 verunt
2361 2295 2467 2347 me,
2498 2278 2854 2342 abstulerunt
2881 2279 3121 2350 pallium
3146 2297 3327 2335 meum
3349 2281 3508 2338 mihi.
3543 2288 3788 2354 Depres-

2131 2373 2338 2425 serunt
2369 2385 2461 2423 me
2494 2385 2507 2424 :
2544 2369 2874 2424 indicantes
2906 2368 3072 2433 mihi,
3108 2387 3200 2424 me
3232 2371 3590 2440 nondum,ut
3616 2389 3789 2444 opor-

2130 2458 2429 2525 tet,Deum
2463 2458 3532 2530 comprehendisse,Reprehendentes
3563 2467 3788 2528 autem,

2130 2549 2542 2620 perculserunt
2562 2547 2982 2603 conscientiam
3006 2564 3354 2619 meam,quaa
3377 2565 3436 2605 se
3459 2556 3787 2607 mercatum

2131 2627 2652 2708 comprehendisse
2701 2637 3137 2704 arbitrabatur;
3189 2639 3331 2693 dum
3381 2655 3513 2694 eum
3587 2657 3786 2697 rerum

2130 2743 2262 2798 quas
2293 2733 2497 2782 creata:
2529 2733 2690 2794 sunt,
2715 2727 3055 2782 nominibus
3087 2732 3276 2783 vocat.
3307 2730 3382 2783 At
3412 2729 3552 2784 dum
3586 2735 3789 2786 osten-

2131 2817 2282 2870 dunt
2313 2815 2578 2871 divinum
2615 2832 2830 2871 numen
2879 2815 3040 2870 omni
3083 2805 3220 2872 esse.
3264 2818 3592 2889 cognitione
3643 2837 3788 2892 pra-

2132 2903 2794 2972 stantius,abstu1erunt
2820 2902 2964 2958 mihi
2997 2902 3336 2974 pallium,id
3370 2909 3478 2978 est,
3499 2907 3786 2964 rationem

2133 3010 2348 3061 meam,
2381 2997 2606 3064 quanta
2639 3009 2836 3048 rerum
2869 2993 3128 3066 cognitio
3159 2992 3481 3066 colligitur,
3513 3003 3578 3052 ut
3608 2999 3786 3069 pallio

2131 3083 2304 3154 spicas
2337 3085 2782 3152 comportantur
2805 3099 2818 3138 :
2845 3083 3398 3154 deterrueruntque,
3420 3102 3492 3140 ne
3523 3086 3783 3144 divinam

2131 3177 2402 3228 naturam
2437 3170 3094 3242 incomprehensibilem
3129 3173 3394 3244 redigere
3413 3191 3656 3232 conarer
3676 3179 3787 3234 sub

2130 3259 2738 3332 comprehensionem.
2777 3261 2902 3316 Haec
2934 3265 3178 3331 egerunt
3225 3262 3284 3316 in
3333 3279 3426 3318 me
3479 3281 3786 3323 murorum

483 3323 495 3338 ι
730 3323 740 3334 .
919 3323 958 3339 ,ν
1169 3323 1179 3325 -
1617 3323 1626 3340 .
1831 3323 1842 3338 .

363 3375 564 3410 τουσιν·
660 3354 749 3416 Ὠς
835 3353 1088 3428 γεγόνασι
1163 3357 1330 3408 ταῦτα
1409 3351 1546 3406 αὐτὰ
1635 3347 2017 3425 διηγησαμένη

2136 3351 2430 3416 custodes,
2455 3349 2564 3404 hoc
2596 3354 2686 3404 est
2715 3349 3126 3405 observatores
3159 3351 3422 3423 perpetui
3455 3353 3787 3410 divinarum

365 3445 400 3514 ἡ
461 3443 647 3523 νύμφη
719 3446 837 3504 ταῖς
915 3441 1138 3514 νεάνισι,
1216 3439 1380 3496 πάλιν
1447 3440 1614 3504 αὐτὰς
1672 3441 1878 3515 ὁρκίζει
1929 3437 2020 3495 λὲ-

367 3554 554 3610 γουσα·

446 3803 670 3878 Ὠρκισα
701 3801 859 3876 ὑμᾶς,
891 3799 980 3855 καὶ
1004 3797 1071 3855 τὰ
1093 3797 1238 3872 ἑξῆς.

938 4189 1052 4244 Tch
1094 4189 1139 4265 γ’
1175 4187 1430 4262 Πατὲρων
1441 4231 1454 4245 .

441 4294 651 4358 Ταύτας
683 4300 814 4371 γοῦν
845 4297 942 4358 τὰς
983 4296 1118 4368 πρὸς
1170 4293 1556 4365 τελελειότητα
1591 4289 1876 4358 ἀναϐάσεις
1923 4317 2028 4370 μου

399 4385 753 4458 ξήγῆσαμὲνη
782 4433 797 4458 ,
868 4387 1099 4460 ’Ὠρκισα
1166 4383 1329 4456 ὑμᾶς,
1405 4384 1688 4460 θυγατέρες
1757 4385 2030 4461 Ἰερουσα-

371 4473 478 4544 λήν
550 4473 602 4528 ἐν
675 4480 794 4538 ταῖς
867 4472 1150 4548 δυνάμεσι,
1207 4473 1298 4526 καὶ
1351 4471 1402 4526 ἐν
1457 4478 1576 4535 ταῖς
1631 4472 1879 4548 ἰσχύσεσι
1935 4479 2031 4530 τοῦ

370 4561 538 4638 ἀγροῦ
629 4562 717 4618 ἐὰν
809 4563 1002 4636 εὕρητε
1091 4562 1186 4618 τὸν
1274 4559 1603 4623 ἀδελφιδοῦν
1717 4583 1821 4636 μου
1856 4607 1870 4632 ,
1978 4563 2032 4620 τί

368 4651 738 4728 ἀπαγγείλητε
789 4652 974 4732 αὐτῷς
1053 4655 1178 4708 ’Ὁτι
1254 4652 1570 4728 τετρωμένη
1628 4652 1845 4726 ἀγάπης
1893 4653 2028 4726 εἰμί.

364 4742 614 4816 ’Ἠγουν,
692 4741 856 4812 Δίκην
931 4741 1098 4816 ὅρκου
1174 4745 1255 4812 τῷ
1306 4741 1426 4794 κατ’
1478 4739 1577 4814 ἐμὲ
1633 4737 2033 4818 παραδείγματι

366 4824 672 4886 ἐϐεϐαίωσα
713 4831 802 4886 καὶ
865 4830 1120 4907 ἐστήριξα
1178 4829 1336 4902 ὑμᾶς,
1397 4830 1695 4906 μαθήτριαι
1747 4851 1874 4902 μου,
1935 4833 2031 4894 τὰς

367 4919 422 4974 ἐν
477 4924 546 4994 τῇ
624 4921 854 4993 ἀπαθείᾳ
928 4922 1028 4989 τήν
1096 4917 1320 4994 εἰρήνην
1369 4919 1600 4994 ὁρώσας,
1660 4918 1746 4974 ἐὰν
1802 4920 1854 4973 ἐν
1911 4926 2031 4985 ταῖς

368 5014 732 5083 θεωρητικαῖς
800 5006 1058 5082 δυνάμεσι
1132 5007 1224 5062 καὶ
1302 5012 1420 5069 ταῖς
1494 5013 1816 5080 πρακτικαῖς
1878 5008 2032 5084 ἰσχύσ

368 5117 507 5165 σισι,
556 5103 678 5160 ταῖς
734 5096 784 5152 ἐν
815 5102 896 5170 τῷ
927 5096 1156 5168 παρόντι
1189 5093 1382 5170 κόσμῳ
1427 5097 1526 5166 τήν
1577 5100 1780 5172 γνῶσιν
1811 5097 1899 5151 καὶ
1928 5099 2028 5166 τὴν

367 5185 568 5262 ἀρετὴν
635 5187 866 5263 ἐνεργεῖν
947 5184 1293 5259 δυναμέναις·
1369 5181 1564 5261 εὕρητε
1633 5185 1708 5248 ὡς
1767 5185 2028 5256 ἀλήθειαν

365 5275 460 5330 καὶ
513 5277 710 5352 aqan
773 5297 900 5351 μου,
955 5274 1012 5332 τί
1069 5275 1389 5351 ὑπόσχησθε
1457 5274 1641 5347 mitti);
1698 5276 1769 5330 Τὸ
1832 5277 2026 5348 μηκὲτι

366 5362 585 5427 πάντως
650 5365 744 5421 τὸν
826 5363 1240 5439 μεμολυσμένον
1319 5367 1533 5439 χιτῶνα
1607 5370 1706 5434 τῆς
1760 5364 2030 5440 ἁμαρτίας

367 5451 712 5528 ὖνδύσασθαι,
783 5454 821 5524 ἢ
900 5453 1052 5516 ὅλως
1129 5451 1286 5528 ἴχνος
1369 5452 1660 5525 μολυσμοῦ
1755 5450 2023 5524 δέξασθαι.

367 5541 530 5601 Οὕτω
589 5541 638 5598 δ’
689 5543 832 5618 ὐμᾶς
891 5543 1118 5620 ὥρκισα,
1180 5539 1263 5596 ὅτι
1318 5541 1597 5616 τέτρωμαι
1640 5545 1708 5616 τῇ
1748 5541 1929 5617 ἀγάπῃ
1957 5547 2026 5617 τῇ

365 5632 508 5709 πρὸς
559 5632 724 5707 ὑμᾶς,
775 5632 864 5688 καὶ
915 5631 1024 5707 δρῶ
1067 5635 1168 5702 τῆς
1207 5627 1484 5704 σωτηρίας
1529 5629 1705 5704 ὑμῶν.
1753 5631 2025 5690 Ἐντεῦθεν

440 5787 491 5826 ⁸⁵
517 5787 700 5848 Exod.
733 5803 820 5860 ιιι,
853 5787 938 5845 14.

2128 3438 2522 3509 voluntatum,
2553 3437 2769 3510 quibus
2801 3445 3084 3510 tanquam
3121 3441 3306 3496 muris
3337 3459 3532 3498 rerum
3564 3449 3788 3500 natura

2133 3532 2577 3585 conservantur.
2610 3527 2733 3591 Quo
2785 3528 2958 3584 modo
3009 3527 3132 3583 hinc
3173 3534 3374 3586 essent
3417 3535 3602 3604 gesta,
3653 3549 3790 3590 cum

2133 3618 2460 3689 discipulae
2493 3635 2632 3673 suas
2663 3634 2887 3690 sponsa
2915 3617 3232 3688 docuisset,
3267 3636 3474 3676 rursus
3505 3637 3604 3677 eas
3625 3622 3791 3693 jure-

2127 3707 2388 3780 jurando
2418 3706 2752 3762 obtestatur
2784 3723 2796 3762 :

2203 3795 2432 3868 Adluro,
2463 3796 2762 3868 inquiens,
2819 3813 2933 3866 vos,
2987 3797 3121 3868 ﬁlix
3175 3798 3499 3871 Jerusalem,
3543 3817 3643 3872 per
3685 3817 3791 3873 po-

2135 3887 2338 3942 tentias
2399 3889 2452 3940 et
2507 3885 2871 3956 fortitudines
2927 3889 3068 3958 agri,
3122 3886 3169 3942 si
3225 3887 3554 3944 inveneritis
3625 3905 3792 3962 nepo-

2137 3978 2244 4031 tem
2271 3991 2476 4046 meum,
2508 3976 2764 4031 nuntiate
2797 3975 2886 4032 illi
2923 3991 3012 4032 me
3067 3975 3338 4033 charitate
3383 3993 3494 4035 esse
3536 3979 3794 4036 vulnera-

2136 4068 2275 4119 tam.

2734 4189 2922 4244 Trium
2949 4191 3202 4247 Patrum.

2211 4295 2462 4351 Proinde
2493 4309 2626 4349 cum
2661 4294 2770 4350 hos
2801 4311 2958 4352 meos
2990 4297 3058 4352 ad
3111 4297 3529 4368 perfectionem
3577 4301 3796 4374 gradus

2141 4384 2549 4457 explicaverim
2586 4401 2599 4438 :
2633 4384 2839 4454 Adiuro
2869 4403 2982 4452 vos,
3015 4387 3148 4456 ﬁliae
3195 4389 3518 4460 Jerusalem,
3565 4406 3664 4461 per
3703 4406 3799 4463 po-

2141 4475 2340 4530 tentias
2383 4478 2437 4529 et
2480 4473 2832 4545 fortitudines
2877 4477 3029 4544 agri,
3077 4477 3130 4531 si
3175 4479 3503 4534 inveneritis
3549 4485 3800 4551 nepotem

2141 4579 2343 4618 meum.
2378 4563 2558 4632 Quid?
2586 4564 2842 4620 nuntiate
2871 4565 2982 4636 illi,
3010 4581 3099 4620 me
3125 4569 3398 4622 charitate
3445 4584 3556 4624 esse
3603 4569 3798 4625 vulne-

2143 4663 2346 4708 ratam.
2379 4653 2659 4724 Exemplo
2692 4669 2818 4709 meo
2851 4657 3138 4726 tanquam
3168 4656 3557 4727 jurejurando
3607 4675 3797 4714 corro-

2145 4742 2341 4797 boravi
2373 4741 2836 4813 confirmavique
2865 4759 2993 4808 vos,
3026 4743 3329 4816 discipulae
3365 4761 3527 4817 meae,
3559 4763 3688 4818 quas
3736 4747 3796 4803 in

2143 4831 2357 4887 mentis
2389 4831 2820 4903 tranquillitate
2852 4848 3054 4904 pacem
3088 4833 3426 4900 cernitis,ut
3457 4837 3504 4891 si
3537 4853 3640 4908 per
3671 4853 3802 4908 spe-

2140 4921 2424 4976 culativas
2482 4926 2540 4976 et
2591 4922 2810 4976 activas
2870 4922 3164 4994 potentias
3219 4939 3346 4996 quae
3395 4923 3454 4980 in
3529 4925 3638 4981 hac
3683 4927 3803 4983 vita

2139 5009 2448 5066 scientiam
2483 5013 2659 5081 atque
2689 5011 2964 5065 virtutem
2999 5011 3234 5080 assequi
3267 5012 3482 5080 valent,
3516 5013 3798 5070 dilectum

2139 5114 2334 5155 meum
2367 5102 2432 5153 ut
2458 5098 2764 5154 veritatem
2797 5104 2854 5154 et
2876 5101 3098 5156 bonum
3122 5101 3796 5176 deprehenderitis,pro-

2143 5188 2394 5244 mittatis
2425 5189 2499 5252 ei,
2529 5204 2632 5243 vos
2664 5188 2824 5244 nullo
2855 5206 3099 5262 prorsus
3131 5191 3305 5247 modo
3340 5193 3642 5248 sordidam
3669 5209 3800 5266 pec-

2144 5277 2259 5332 cati
2286 5275 2546 5332 tunicam
2581 5278 2840 5350 amplius
2871 5279 3206 5350 induturas,
3241 5285 3343 5336 aut
3371 5282 3800 5354 inquinationis

2141 5366 2386 5434 vestigia
2443 5371 2771 5422 secuturas.
2821 5367 2914 5422 Sic
2989 5375 3183 5425 autem
3249 5371 3640 5444 jurejurando
3695 5389 3800 5428 vo

2139 5456 2464 5527 obstringo,
2511 5471 2629 5526 qua
2675 5455 2964 5513 charitate
3013 5475 3148 5530 erga
3193 5475 3298 5516 vos
3329 5477 3460 5516 sum
3492 5461 3716 5524 saucia.
3745 5465 3802 5518 et

2137 5544 2392 5603 salutem
2449 5549 2705 5600 vestram
2765 5551 2996 5618 exopto.
3054 5547 3158 5603 His
3209 5565 3440 5619 sponsas
3484 5550 3677 5605 verbis
3721 5550 3794 5606 ad

2135 5633 2608 5707 conquirendum
2639 5649 2928 5708 sponsum
2962 5636 3154 5709 ipsius
3185 5637 3468 5712 incitatas,
3513 5647 3792 5697 verentur
