4110 6390
1702 423 2130 494 MICHAELIS
2182 427 2449 489 PSELLI
3675 429 3795 492 6M

372 437 492 500 643

373 573 569 627 tamen
600 583 673 624 ne
704 568 851 626 forte
882 566 1241 641 speculando
1271 566 1563 641 agendove
1615 565 1869 638 deceptas
1916 576 2003 634 ρι’(

2136 555 2184 612 δ’
2211 558 2267 613 αἱ
2323 558 2528 630 ταύτης
2588 558 2887 636 μαθήτριαι
2944 556 3022 622 εῗς
3053 559 3384 631 ἀναζήτησιν
3423 559 3521 615 τοῦ
3550 562 3793 640 νυμφίου

370 659 500 717 luce
556 658 829 716 tenebras
876 657 1313 730 amplectantur
1363 675 1376 713 :
1428 656 1630 729 itaque
1674 654 2003 727 magistram

2133 648 2305 721 αὐτῆς
2383 648 2758 728 διεγερθεῖσαι,
2833 650 2924 705 καὶ
3000 646 3299 706 δεδοικυῖαι
3379 652 3581 724 μήπως
3653 653 3795 708 κατὰ

370 750 738 821 interrogant
766 748 924 805 hunc
954 747 1013 803 in
1047 748 1287 804 modum
1316 765 1334 802 :
1368 747 1560 816 Quali:
1587 755 1669 804 est
1705 760 1867 817 nepos
1897 748 2003 799 tua

2132 738 2359 815 θεωρίαν
2426 741 2463 811 ἢ
2519 739 2655 796 κατά
2708 742 2900 816 πρᾶξιν
2956 739 3315 811 ἀπατηθεῖσαι
3342 785 3356 811 ,
3428 741 3622 804 σκότος
3675 740 3794 797 ἀντὶ

370 855 440 896 ex
468 846 678 912 nepote,
710 853 741 894 ο
769 838 1002 910 pulchra
1030 839 1180 894 inter
1206 836 1508 894 mulieres?
1535 836 1721 909 quati:
1748 838 1831 890 est
1858 847 2003 904 nepa;

2132 830 2314 908 φωτὸς
2388 827 2777 901 ὑποδέξωνται,
2851 829 3106 893 rom-itu
3172 834 3455 886 ποιοῦνται
3509 830 3605 894 τὰς
3659 831 3795 888 ἀπο-

371 938 505 984 tuus
530 944 601 983 ea:
627 932 844 999 nepote,
876 928 1006 1000 quia
1050 928 1133 983 sic
1175 926 1452 998 adjuraui
1490 927 1632 982 nos?
1659 923 1886 990 Quibus
1929 920 2003 977 in-

2130 918 2331 995 κρίσεις
2408 920 2547 997 πρὸς
2610 920 2713 989 τήν
2788 916 3151 975 διδάσκαλονο
3229 919 3293 975 Τί
3349 916 3646 999 ἀδελφιδός
3694 942 3793 978 σου

372 1016 545 1073 diciis
574 1014 941 1089 dignoscitur
970 1015 1032 1071 in
1062 1015 1619 1089 contemplando?ne
1648 1013 1774 1071 loco
1806 1010 1996 1084 ipsius

2129 1008 2237 1064 ἀπὸ
2288 1005 2589 1088 ἀδελφιδοῦ
2641 1012 2676 1079 ἠ
2728 1007 2873 1078 καλὴ
2957 1007 3009 1064 ιν
3066 1008 3315 1084 γυναιξίς
3381 1009 3442 1065 Τί
3496 1007 3791 1091 ἀδελφιδός

364 1122 503 1164 eum
535 1105 635 1178 qui
667 1121 731 1162 se
761 1104 952 1161 lucem
983 1104 1227 1161 simulat
1255 1105 1319 1173 ⁸⁸,
1344 1121 1479 1162 cum
1509 1104 1589 1161 sit
1617 1103 1893 1173 tenebras,
1915 1116 2019 1173 pro

364 1195 608 1252 veritate
636 1195 1007 1251 mendacium
1041 1193 1323 1267 amplexa:
1353 1194 1755 1267 suscipiamus
1779 1209 1793 1247 :
1816 1208 1848 1247 ο
1881 1205 2018 1262 spe-

360 1284 524 1342 ciosa
553 1284 703 1341 inter
732 1301 831 1340 sas
880 1300 1010 1356 qua
1060 1283 1144 1339 illi
1193 1288 1333 1340 sunt
1377 1286 1768 1357 desponsatas,
1819 1284 2020 1353 utpote

361 1372 618 1445 perfecta
672 1376 730 1429 et
786 1372 1074 1446 magistra
1125 1372 1413 1428 omnium.
1473 1373 1544 1428 Et
1599 1371 1818 1444 quibus
1874 1370 2016 1425 item

358 1460 547 1533 signis
578 1462 635 1516 in
670 1462 893 1534 agendo
925 1460 1350 1533 distinguitur?
1372 1478 1444 1518 ne
1475 1459 2016 1534 perturbationibus

358 1566 463 1622 per
494 1550 729 1607 virtutis
759 1566 1064 1607 excessum
1096 1550 1375 1623 decepta,
1408 1556 1465 1607 et
1511 1552 1689 1608 rebus
1738 1550 2016 1607 secundis

357 1638 637 1712 pellectus,
691 1656 797 1712 pro
833 1639 988 1696 bono
1021 1639 1247 1696 malum
1279 1638 1761 1713 complectamur.
1790 1639 1920 1695 Haec
1949 1656 2018 1695 ex

356 1734 415 1786 te
473 1729 817 1801 quaerimus,
869 1730 1013 1801 quia
1070 1746 1175 1786 nos
1213 1730 1607 1803 jurejurando
1657 1729 2015 1797 devinciens,

355 1817 577 1875 amoris
608 1817 911 1875 ﬂammam
944 1819 1004 1874 in
1053 1818 1226 1875 nobis
1275 1835 1416 1891 erga
1464 1818 1634 1875 illum
1685 1818 2014 1887 suscitasti,

2129 1119 2227 1154 σου
2287 1098 2394 1154 ἀπὸ
2449 1096 2769 1178 ἀδελφιδοῦ,
2830 1100 2913 1154 ὅτι
2983 1096 3223 1173 ὥρκισας
3278 1102 3469 1174 ἡμᾶςς
3539 1098 3790 1173 Δηλαδὴ,

2127 1189 2477 1265 Ἀνάγγειλον
2558 1191 2718 1262 ἡμῖν,
2793 1189 2919 1243 τίνα
3011 1188 3143 1245 εῗσὶν
3218 1189 3286 1245 τὰ
3359 1191 3498 1245 κατὰ
3559 1189 3788 1267 θεωρίαν

2128 1279 2484 1354 γνωρίσματα
2536 1282 2636 1334 τοῦ
2693 1278 2976 1354 ἀγαπητοῦ
3034 1298 3151 1334 σου·
3191 1280 3285 1334 ἳνα
3343 1280 3421 1354 μὴ
3454 1284 3647 1336 τοῦτον
3679 1301 3787 1336 πα-

2129 1362 2558 1445 ραγνωρίσασαι,
2618 1367 2710 1422 τὸν
2767 1368 2960 1431 σκότος
3017 1364 3147 1424 ὄντα
3174 1370 3262 1424 καὶ
3325 1374 3441 1445 φῶς
3491 1369 3787 1447 ὑποκρινό-

2131 1477 2286 1532 μενον
2341 1455 2729 1531 ὑποδεξώμεθα
2784 1456 2898 1514 ἀντ’
2943 1457 3149 1529 αὐτοῦ,
3197 1458 3312 1513 ἀντὶ
3371 1466 3471 1530 τῆς
3526 1458 3787 1528 ἀληθείας

2124 1551 2205 1620 τῷ
2253 1543 2437 1621 ψεύδει
2497 1550 2933 1623 παρατυχοῦσαιο
2999 1549 3034 1617 ἡ
3090 1547 3399 1622 ὡραιοτάτη
3462 1552 3584 1612 ταῖς
3649 1570 3786 1622 νυμ-

2125 1638 2451 1715 φευομέναις
2508 1635 2674 1691 αὐτοῦ
2705 1636 2778 1699 ὡς
2808 1633 2991 1692 τελεία
3037 1637 3127 1691 καὶ
3176 1636 3386 1693 τούτων
3427 1634 3784 1701 διδάσκαλος.

2127 1727 2228 1784 Καὶ
2283 1726 2405 1781 τίνα
2460 1724 2625 1781 πάλιν
2697 1724 2805 1780 εἶσὶ
2861 1726 2929 1781 τὰ
2981 1730 3177 1782 τοῦτον
3232 1727 3371 1782 κατὰ
3427 1728 3619 1803 πρᾶξιν
3670 1747 3780 1802 χα-

2126 1816 2558 1893 ρακτηρίζοντας
2617 1816 2803 1878 Ὅπως
2878 1817 2954 1889 μὴ
3002 1813 3094 1871 διὰ
3146 1820 3255 1871 τῶν
3287 1816 3408 1881 καθ’
3468 1811 3783 1893 ὑπερϐολὴν

354 1905 740 1980 coegistique,
775 1916 839 1964 ut
867 1924 1003 1964 eum
1031 1908 1238 1965 sedulo
1269 1907 1687 1980 conquirentes
1721 1907 2003 1965 invenire-

2120 1914 2222 1978 τῆς
2295 1907 2491 1983 ἀρετῆς
2576 1906 2765 1962 παθῶν
2848 1910 3040 1961 τοῦτον
3118 1905 3625 1983 παραγνωρίσασαι,
3706 1908 3785 1973 ὡς

357 2013 515 2054 IDUS.

2122 1997 2312 2072 ἀγαθῷ
2385 1999 2466 2067 τῷ
2552 1998 2785 2071 πονηρῷ
2860 1994 3265 2071 περιπὲσωμεν,
3325 1993 3621 2052 κλαπεῖσαι
3675 1997 3783 2052 ἀπὸ

351 2087 461 2139 τῶν
491 2082 702 2157 δεξιῶν.
730 2086 915 2141 Ταῦτα
947 2081 1005 2140 δὶ
1028 2085 1175 2161 παρὰ
1204 2084 1300 2140 σοῦ
1334 2090 1601 2161 ζητοῦμεν
1639 2088 1848 2161 μαθεῖν,
1881 2085 1963 2141 ὅτι
1993 2087 2056 2141 τὸ
2082 2088 2216 2159 πρὸς
2249 2085 2410 2141 αὐτὸν
2441 2083 2667 2163 φίλτρον
2702 2082 2885 2149 ἰνὲθου
2915 2085 3077 2158 ἡμῖν,
3112 2083 3268 2156 δίκην
3323 2086 3490 2161 ὅρκου
3535 2085 3781 2163 ἀπαναγ-

353 2172 514 2243 κάζον
545 2175 696 2248 ἡμᾶς
733 2178 924 2230 τοῦτον
956 2174 1265 2249 ἀναζητεῖν,
1295 2176 1383 2231 καί
1418 2174 1666 2232 σπεύδειν
1696 2176 1892 2232 τούτου
1932 2176 2238 2254 ἰπιτυχεῖν.

423 2265 629 2338 Adjuro
661 2283 769 2334 vos,
801 2266 934 2338 ﬁlia
960 2269 1292 2339 Jerusalem,
1336 2284 1443 2341 per
1483 2270 1755 2341 potentias
1800 2272 1856 2325 et
1901 2271 2014 2340 for-

350 2355 616 2412 titudine:
647 2358 792 2428 agri,
822 2358 875 2413 si
904 2358 1193 2413 iveneriti:
1221 2365 1472 2430 nepotem
1502 2374 1707 2428 meum,
1755 2360 2015 2415 nuntiate

350 2444 461 2516 illi,
488 2461 578 2503 me
605 2445 882 2503 charitate
909 2463 1027 2504 esse
1054 2446 1437 2504 vulderatam.

1086 2626 1278 2683 Pulli.

425 2732 669 2804 Adjuro.
699 2731 917 2804 inquit,
947 2748 1050 2789 vos
1079 2749 1184 2805 per
1212 2733 1337 2805 agri
1371 2725 1717 2805 potentiam,
1748 2731 1859 2788 hoc
1897 2735 2011 2803 est,

352 2837 456 2894 per
485 2821 695 2876 divinae
728 2820 1033 2877 charitatis
1075 2821 1217 2890 vim,
1271 2826 1337 2877 ut
1380 2838 1598 2894 sponso
1647 2822 2008 2879 desiderium

351 2926 551 2966 meum
584 2909 875 2968 indicetis.
910 2910 1014 2966 His
1046 2911 1286 2983 quidem
1316 2911 1512 2967 verbis
1563 2928 1783 2985 sponsa
1829 2927 2007 2985 ange-

349 2998 439 3054 los
472 2999 898 3054 obtestatur.At
926 3000 997 3056 de
1028 3000 1229 3071 sponsi
1262 3000 1596 3057 inventione
1626 3002 2009 3073 desperantes

346 3091 525 3142 etiam
559 3088 901 3160 angelorum
936 3088 1099 3145 chori
1133 3106 1146 3145 :
1185 3089 1506 3162 Cujusmodi
1551 3095 1652 3161 est,
1705 3090 2005 3162 inquiunt,

341 3192 507 3249 nepos
536 3184 712 3233 tum!
741 3179 968 3243 Quibus
1000 3179 1101 3233 tibi
1135 3179 1457 3251 insignitur
1509 3179 1707 3236 notis?
1736 3180 1810 3236 Ut
1836 3179 2006 3254 igna-

342 3281 463 3333 ros,
496 3266 636 3322 doce
670 3282 777 3322 nos
808 3266 1010 3323 omnia
1040 3268 1372 3341 diligenter.

940 3554 1126 3609 Trium
1156 3554 1411 3610 Patrum.

413 3640 628 3711 Incipit
656 3641 945 3712 magistra
976 3642 1180 3713 sponsi
1211 3642 1302 3697 sui
1336 3645 1506 3699 notas
1536 3647 1713 3715 atque
1743 3643 2003 3716 insignia

342 3727 660 3785 declarare.
695 3735 773 3784 Ac
805 3729 1063 3801 primum
1093 3731 1333 3803 quidem
1382 3747 1450 3787 ea
1480 3732 1807 3803 generatim
1859 3750 2003 3789 enu-

340 3823 531 3874 merat
560 3835 575 3875 :
608 3819 802 3891 Nepos,
836 3819 1137 3891 inquiens,
1167 3820 1626 3888 meus,candidus
1657 3829 1708 3877 et
1737 3821 2000 3877 rubicun-

336 3903 460 3975 dus,
491 3907 692 3963 electus
719 3923 791 3964 ex
821 3907 1003 3965 decem
1034 3908 1305 3964 millibus.
1329 3908 1591 3966 Dilectus
1622 3926 1789 3966 meus
1820 3912 1999 3983 (quod

337 3985 407 4051 ad
447 4000 720 4052 naturam
757 3998 1017 4054 divinam
1051 3999 1327 4071 pertinet)
1361 4004 1452 4054 est
1481 3999 1775 4056 candidus
1808 4007 1873 4055 ut
1900 4000 2001 4056 lux

336 4085 641 4142 inaccessa
675 4086 1084 4143 :rubicundus
1118 4088 1303 4143 instar
1333 4088 1645 4159 auri,quod
1680 4089 1902 4144 ueteris
1932 4106 2001 4145 ex

338 4173 586 4230 materia
614 4176 1025 4231 constantibus
1057 4175 1373 4244 antecellit,
1426 4182 1492 4231 ut
1538 4177 1999 4248 supersubstan-

336 4261 498 4317 tialis
532 4279 561 4331 ;:
614 4262 838 4319 electus
894 4280 963 4319 ex
1008 4265 1211 4319 decem
1267 4262 1557 4332 millibus,
1610 4269 1677 4319 ut
1723 4266 1882 4322 solus
1929 4283 1999 4322 ex

335 4354 504 4422 patre
532 4353 1098 4423 genitus.Quantum
1133 4357 1328 4408 autem
1364 4357 1594 4425 spectat
1620 4357 1688 4411 ad
1724 4356 1999 4413 humani-

335 4442 540 4509 tatem,
573 4441 862 4497 candidus
912 4445 1022 4509 est,
1081 4445 1144 4495 ut
1195 4457 1381 4512 purus
1427 4446 1606 4514 atque
1655 4445 1880 4517 integer
1925 4446 1998 4503 ab

329 4527 492 4584 omni
522 4534 760 4599 peccato
797 4545 810 4585 :
846 4530 1237 4599 rubicundus,
1272 4534 1336 4585 ut
1366 4531 1466 4602 qui
1501 4534 1803 4605 proprium
1856 4552 1994 4592 san-

327 4617 573 4689 guinem
594 4617 656 4673 in
680 4633 854 4673 cruce
875 4633 979 4689 pro
1002 4617 1173 4674 nobis
1194 4618 1420 4685 effudit:
1441 4619 1662 4678 electus
1692 4639 1761 4678 ex
1791 4624 1993 4681 decem

2190 2269 2419 2343 Ὤρκισα
2496 2266 2659 2339 ὑμᾶς,
2729 2267 3015 2342 θυγατέρες
3094 2266 3484 2341 Ἰερουσαλὴμ,
3553 2264 3605 2322 ἰν
3663 2272 3786 2332 ταῖς

2122 2354 2382 2430 δυνάμεσι
2426 2356 2518 2411 καὶ
2567 2354 2620 2411 ἐν
2674 2360 2794 2418 ταῖς
2836 2355 3083 2431 ἴσχῦσεσι
3114 2354 3211 2411 τοῦ
3243 2356 3432 2433 ἀγροῦ,
3465 2354 3557 2411 ἐὰν
3590 2354 3785 2433 εὕρητε

2118 2446 2211 2501 τὸν
2244 2442 2572 2521 ἀδελφιδοῦν
2603 2442 3089 2519 μου,ὲπαγγείΛατε
3110 2446 3193 2500 ὅτι
3223 2446 3537 2522 τετρωμὲνη
3571 2446 3787 2522 ἀγάπης

2122 2535 2250 2595 ἒγώ.

2149 2557 2250 2611 γω.

2825 2620 3076 2682 Ψελλοῦ.

2117 2729 2352 2808 Ὁρκίζω
2385 2726 2475 2800 δὴ,
2509 2727 2693 2808 φησὶν,
2728 2728 2869 2802 ὑμᾶς
2901 2729 2954 2785 ἐν
2984 2733 3054 2805 τῇ
3084 2735 3182 2785 τοῦ
3213 2730 3385 2807 ἀγροῦ
3416 2728 3667 2807 δυνάμει,

2120 2822 2207 2878 Ἐν
2240 2823 2309 2895 τῇ
2340 2820 2529 2896 χάριτι
2554 2826 2654 2890 τῆς
2685 2819 2831 2882 θείας
2864 2816 3195 2889 δυναστείας,

2116 2912 2233 2965 Ἵνα
2262 2909 2352 2965 τὸν
2384 2910 2554 2965 πόθον
2586 2909 2677 2964 τὸν
2711 2907 2842 2981 ἐμὸν
2874 2905 3063 2981 εἷ’πητε
3088 2914 3170 2983 τῷ
3198 2909 3444 2989 νυμφίῳ,

2115 3004 2292 3055 Ταῦτα
2325 3001 2419 3073 μὲν
2452 2996 2820 3076 λελιπάρηκεν
2852 2999 2886 3070 ἠ
2919 2998 3102 3077 νύμφη
3133 2998 3262 3065 τοὺς
3292 2999 3579 3077 ἀγγέλους.

2117 3090 2560 3164 Ἀμηχανοῦντες
2591 3085 2650 3143 δὲ
2681 3088 2873 3143 λοιπὸν
2900 3090 3000 3158 τήν
3034 3088 3237 3163 εὕρεσιν
3272 3088 3480 3145 ἐκείνου

2116 3180 2220 3235 Καὶ
2252 3183 2360 3233 τῶν
2404 3175 2648 3254 ἀγγέλων
2678 3178 2731 3232 οἱ
2757 3176 2949 3255 χοροὶ,
2974 3177 3101 3255 φασὶ
3133 3178 3268 3254 ’πρὸς
3299 3180 3399 3249 τὴν
3432 3180 3721 3254 παρθένον·

2112 3270 2179 3323 Ὤ
2208 3268 2454 3329 ποταπός
2481 3288 2563 3329 τις
2592 3268 2818 3345 πέφυκε,
2852 3266 3034 3342 φασὶν,
3068 3264 3360 3344 ἀδελφιδός
3393 3289 3480 3325 σοι
3505 3296 3520 3339 ;

2036 3342 2078 3409 (ἶ
2114 3359 2201 3415 Ἐν
2230 3358 2342 3412 τίσι
2368 3356 2473 3433 γὰρ
2508 3342 2927 3432 σχημιετισμοῖς
2958 3342 3418 3432 χαρακτηρίζεται
3450 3380 3533 3415 σοι
3560 3380 3576 3431 ;

2114 3444 2340 3518 Δίδαξον
2370 3445 2606 3507 ἅπαντας
2633 3442 2819 3508 καλῶς
2842 3447 2992 3518 ἡμᾶς
3023 3446 3096 3507 ὡς
3123 3446 3473 3522 ἀγνοοῦντας.

2682 3557 2800 3607 Τῶν
2840 3554 2890 3628 γ’
2921 3554 3196 3629 Πατὲρων.

2181 3644 2518 3718 Ἀπάρχεται
2552 3639 2746 3698 λοιπὸν
2806 3645 2840 3712 ἡ
2891 3639 3222 3707 διδάσκαλος
3262 3642 3621 3720 ἀπαγγέλλειν
3671 3647 3771 3700 τοῦ

2110 3731 2349 3809 νυμφίου
2423 3731 2591 3802 αὐτῆς
2669 3732 2738 3786 τὰ
2818 3732 3196 3809 γνωρίσματα.
3251 3733 3351 3789 Καὶ
3398 3738 3621 3810 πρῶτον
3670 3734 3766 3808 μὶν

2110 3820 2388 3893 καθολικῷ
2436 3820 2586 3897 λόγῳ
2632 3824 2801 3876 ταῦτα
2850 3818 3152 3891 διεξιοῦσα,
3209 3822 3395 3901 φησίν·
3449 3820 3773 3902 Ἀδελφιδός
3828 3852 3831 3853 ν

2113 3932 2218 3983 μου
2321 3907 2515 3975 λευκὸς
2606 3910 2696 3964 καὶ
2792 3908 3039 3986 πυρρὸς,
3120 3909 3580 3988 ἰκλελογισμένος
3664 3912 3769 3968 ἀπὸ

2113 3995 2416 4073 μυριάδων.
2477 3999 2661 4062 ’Ἤτοι,
2720 3997 2782 4054 Ὀ
2828 3996 3111 4072 ἀγαπητός
3164 4018 3290 4070 μου,
3344 3997 3483 4053 κατὰ
3542 3998 3636 4072 μὶν
3666 4000 3765 4068 τήν

2109 4089 2255 4143 θείαν
2301 4086 2457 4164 φύσιν
2509 4084 2701 4148 λευκὸς
2754 4086 2847 4160 μὲν
2895 4086 2972 4147 ὡς
3021 4085 3313 4159 ἀπρόσιτον
3361 4091 3508 4162 φῶς·
3560 4087 3768 4164 πυρρὸς

2109 4175 2167 4231 δὲ
2224 4179 2313 4231 οἷα
2366 4176 2572 4251 χρυσὸς
2627 4180 2737 4230 τῶν
2794 4174 3004 4231 λοιπῶν
3071 4175 3216 4230 ὑλῶν
3274 4177 3627 4251 τιμιώτερος,
3692 4177 3769 4240 ὡς

2109 4264 2459 4342 ὑπερούσιος·
2510 4264 2600 4319 καὶ
2652 4262 3111 4339 ἐκλελογισμὲνος
3162 4265 3269 4320 ἀπὸ
3321 4263 3643 4341 μυριάδων,
3693 4267 3770 4331 ὡς

2110 4367 2276 4427 μόνος
2351 4353 2413 4410 ἐκ
2486 4355 2693 4430 πατρὸς
2752 4354 3008 4428 ἀχρόνως
3065 4354 3301 4430 τεχθείς.
3370 4355 3515 4411 Κατὰ
3562 4352 3621 4411 δὶ
3659 4357 3763 4425 τήν

2106 4444 2473 4519 ἀνθρωπίνην,
2522 4442 2713 4505 λευκὸς
2744 4443 2839 4517 μὲν
2871 4442 2947 4506 ὡς
2996 4444 3232 4519 καθαρὸς
3271 4441 3361 4500 διὰ
3406 4445 3471 4501 τὸ
3526 4446 3769 4520 ἀναμάρ-

2101 4553 2285 4604 τητον·
2315 4532 2521 4609 mssa;
2550 4530 2628 4602 δὲ,
2661 4532 2737 4595 ὡς
2773 4530 2837 4587 τὸ
2886 4530 3089 4587 οἰκεῖον
3141 4533 3276 4605 αἷμα
3325 4532 3378 4588 ἐν
3423 4532 3503 4606 τῷ
3547 4538 3764 4610 σταυρῷ

2104 4621 2301 4699 ἐκχιας
2349 4622 2481 4697 ὑπὲρ
2516 4624 2697 4695 ἡμῶψ
2747 4618 2839 4676 καί
2890 4618 3355 4696 ἰκλελογισμίνος
3412 4622 3519 4679 ἀπὸ
3566 4622 3764 4699 μυριά-

327 4705 689 4775 millibus,ut
706 4706 1007 4779 solusipse
1027 4724 1095 4764 ex
1114 4708 1395 4765 omnibus
1422 4709 1548 4766 sine
1571 4711 1797 4769 semine
1821 4718 1995 4770 natus

2117 4709 2235 4780 Ξων,
2269 4711 2343 4773 ὡς
2380 4710 2548 4784 μόνος
2601 4709 2763 4772 αὐτὸς
2816 4709 2922 4765 ἀπὸ
2960 4712 3175 4765 πάντων
3209 4712 3462 4787 ἀσπόρως
3506 4712 3568 4768 ἐκ
3618 4732 3762 4788 παρ-

327 4811 398 4849 ex
428 4795 678 4865 virgine.
710 4797 905 4867 Atque
934 4797 1007 4851 ad
1043 4796 1195 4852 hunc
1227 4797 1466 4869 quidem
1499 4800 1742 4856 modum
1774 4801 1831 4856 in
1866 4802 1988 4873 spi-

332 4882 447 4938 ritu
481 4883 639 4940 hunc
669 4885 1160 4957 contemplamur.
1215 4886 1410 4944 Rebus
1467 4894 1664 4944 autem
1714 4895 1772 4946 et
1819 4890 1989 4948 factis

326 4972 650 5028 candidum
683 4974 1190 5047 experiuntur,qui
1221 4977 1293 5033 ab
1324 4978 1598 5034 omnibus
1622 4984 1992 5050 peccatorum

329 5062 562 5133 purgati
595 5068 734 5120 sunt
764 5065 1039 5121 sordibus
1072 5083 1085 5121 :
1120 5066 1543 5133 rubicundum,
1575 5066 1675 5139 qui
1707 5068 1767 5122 in
1798 5069 1993 5126 varias

327 5150 659 5207 incidentes
689 5154 1067 5224 tentationes,
1100 5170 1168 5210 ex
1197 5154 1316 5210 illis
1347 5171 1452 5226 per
1508 5156 1878 5227 patientiam,
1928 5162 1992 5213 ut

328 5240 540 5311 igneus
571 5243 699 5298 auri
731 5242 923 5316 fulgor
952 5260 1021 5300 ex
1053 5245 1307 5312 fornace,
1330 5244 1561 5317 probati
1591 5245 1988 5317 resplendent:

326 5329 579 5386 electum
610 5349 679 5388 ex
704 5333 901 5389 decem
936 5332 1329 5405 millibus,qui
1364 5350 1466 5405 per
1491 5333 1908 5392 abstinentiam
1931 5340 1991 5393 et

325 5418 548 5475 toleran
583 5420 701 5477 iam
735 5421 1004 5478 mundati
1036 5422 1264 5479 nullum
1301 5424 1360 5478 in
1394 5439 1456 5478 se
1488 5422 1635 5495 ipsis
1657 5424 1988 5482 humanum

322 5508 627 5565 continent
658 5509 889 5578 vitium,
922 5527 1111 5583 neque
1155 5515 1353 5568 tamen
1380 5518 1688 5583 propterea
1707 5513 1987 5571 excidunt

2099 4799 2255 4855 θὲνου
2329 4799 2567 4875 τεχθείς.
2642 4798 2741 4854 Καὶ
2800 4798 2944 4855 οὕτω
3009 4799 3105 4872 μὲν
3161 4806 3445 4876 θεωρεῖται
3497 4799 3656 4865 οὗτος
3707 4800 3764 4857 ἰν

2102 4890 2395 4961 πνεύματι.
2447 4892 2538 4944 Ἐν
2588 4889 2752 4964 πείρᾳ
2797 4885 2856 4943 δὶ
2909 4889 3106 4944 τούτου
3152 4889 3291 4945 κατὰ
3333 4890 3523 4964 πρᾶξιν
3575 4890 3761 4967 γίνον-

2100 5000 2212 5049 ται,
2280 4979 2356 5043 ὡς
2427 4978 2522 5052 μὲν
2594 4975 2810 5047 λευκοῦ,
2877 4979 2930 5032 οἱ
2994 4978 3101 5033 ἀπὸ
3157 4979 3358 5042 παντὸς
3409 4980 3763 5057 καθαρθέντες

2104 5065 2277 5142 ῥύπου
2353 5066 2787 5141 ἁμαρτημάτων·
2853 5065 2929 5128 ὡς
2980 5063 3039 5121 δὲ
3084 5066 3317 5144 πυῤῥοῦ,
3370 5068 3423 5122 οἱ
3482 5067 3763 5132 ποικίλοις

2099 5160 2427 5232 πειρασμοῖς
2472 5154 2876 5230 περιπεσόντες,
2920 5155 3008 5210 καὶ
3054 5160 3136 5228 τῷ
3192 5154 3432 5220 ἐντεῦθεν
3475 5164 3575 5228 τῆς
3626 5157 3764 5213 ὑπο-

2104 5251 2276 5317 μονῆς
2322 5241 2581 5318 δοκιμίῳ,
2609 5245 2684 5305 ὡς
2717 5247 2924 5320 χρυσοῦ
2954 5242 3013 5299 ἐκ
3042 5244 3422 5320 χωνευτηρίου
3453 5245 3761 5323 πυρῥότης,

2097 5331 2539 5407 ἀναλάμψαντες·
2605 5330 2696 5387 καὶ
2760 5332 2834 5394 ὡς
2881 5329 3348 5409 ὲκλελογισμὰνου
3400 5333 3509 5391 ἀπὸ
3559 5337 3763 5410 μυριά-

2098 5419 2224 5494 δων,
2263 5423 2315 5477 οἱ
2366 5421 2419 5478 ὲν
2463 5422 2534 5493 τῇ
2577 5418 2647 5477 δι’
2700 5419 3017 5497 ἐγκρατείας
3064 5424 3321 5499 καθάρσει
3370 5425 3462 5479 καὶ
3509 5428 3579 5498 τῇ
3629 5426 3760 5481 ὑπο·

2098 5515 2242 5586 μονῇ
2295 5512 2429 5585 μήτι
2467 5508 2892 5585 καταδεξάμενοι
2938 5511 3109 5575 πάθος
3174 5510 3227 5567 ἐν
3281 5512 3494 5575 ἑαυτοῖς
3526 5513 3753 5586 μεσάσαι

323 5597 394 5653 ab
426 5596 781 5657 humilitate.
815 5599 1037 5657 Deinde
1065 5599 1372 5673 sigillatim
1419 5598 1597 5657 etiam
1641 5602 1841 5675 sponsi
1890 5604 1982 5659 sui

2117 5599 2456 5679 ινθρώπινον,
2497 5602 2587 5657 καὶ
2623 5598 2713 5657 διὰ
2758 5605 2922 5658 τοῦτο
2968 5606 3069 5671 τῆς
3116 5601 3617 5682 ταπεινοφδοσύνης
3672 5604 3752 5680 μή

395 5776 441 5816 ⁸⁵
471 5778 525 5838 ΙΙ
554 5779 683 5837 Cor.
714 5796 795 5851 x1,
827 5779 916 5838 44.
