4110 6428
270 460 390 521 645

1320 459 1736 524 COMMENT.
1777 459 1854 520 IN
1901 457 2304 521 CANTICUM
2349 460 2657 524 CANTIC.

3579 459 3702 530 646

267 587 869 654 ἐκπεπτωκότες.ςΕἷτα
921 590 1010 645 καὶ
1063 590 1202 646 κατά
1261 591 1429 668 μέρος
1485 593 1520 661 ἡ
1581 591 1766 667 νύμφη
1826 591 1926 660 τὴν

2051 594 2214 648 notas
2244 595 2301 648 et
2330 592 2500 664 signa
2531 593 2906 665 persequitur
2937 613 2950 650 :
2983 594 3177 667 Caput,
3209 596 3506 669 inquiens,
3558 602 3698 671 eius,

266 685 376 736 τῶν
431 677 826 756 γνωρισμάτων
910 683 1009 735 106
1079 679 1315 759 νυμφίου
1400 679 1565 750 αὐτῆς
1627 679 1928 754 ποιουμένη

269 770 550 848 ἐξήγησιν,
595 769 785 845 φάσκει
820 787 832 800 ’
896 768 1118 847 Κεφαλὴ
1192 771 1356 826 αὐτοῦ
1434 769 1662 847 χρυσίον
1739 768 1932 848 όφάτζ.

261 861 496 938 ἽΙγουν,
554 858 581 914 6
635 863 829 914 τοῦτον
902 859 1024 914 κατ’
1085 858 1269 914 οὐσίαν
1357 863 1559 934 γεννῶν
1622 858 1936 936 ἀπόρρητος

263 954 413 1012 Νοῦς
444 949 602 1025 (πρὸς
654 948 714 1004 ’ὸν
776 947 851 1011 ὡς
908 946 1152 1026 κεφαλὴν
1186 949 1214 1003 ὁ
1245 945 1484 1024 ἅρῥητος
1541 947 1706 1004 αὐτοῦ
1762 948 1934 1023 Λόγος

265 1041 368 1094 106
422 1040 704 1116 συμφυοῦς
779 1039 896 1092 κατ’
947 1035 1132 1092 οὐσίαν
1195 1037 1530 1112 Ηνεύματος,
1590 1037 1772 1112 ἀνάγει
1846 1036 1938 1092 τὸν

275 1127 552 1203 ἑπόμενον
577 1131 670 1182 νῦν
721 1127 809 1182 οἵα
853 1126 1084 1204 χρυσίον
1133 1127 1516 1204 καθαρώτατον
1563 1133 1670 1184 τῶν
1723 1125 1936 1183 λοιπῶν

271 1217 424 1275 ὑλῶν
495 1216 922 1292 ὑπερκείμενον),
986 1217 1203 1274 πάντων
1276 1217 1413 1273 κατὰ
1486 1217 1660 1272 πάντα
1730 1215 1938 1292 τρόπον

273 1307 516 1384 ἀπείρως
573 1306 876 1380 ἐξῴκισται.
930 1305 1150 1386 Κεφαλὴ
1204 1308 1308 1384 γάρ
1357 1305 1467 1362 ἐστι
1529 1311 1626 1362 τοῦ
1675 1309 1940 1382 Χριστοῦ,

277 1400 418 1456 κατὰ
467 1401 559 1455 τὸν
616 1399 758 1452 Θεῖον
820 1396 1179 1465 Ἀπόστολον,
1238 1397 1313 1462 ὡς
1370 1397 1500 1460 Θεὸς
1566 1398 1654 1453 καὶ
1729 1397 1940 1472 Πατήρ.

271 1486 500 1546 Τούτων
558 1483 604 1542 δ’
644 1484 816 1548 οὕτως
864 1489 1080 1541 πάντων
1137 1485 1616 1562 ὑπιρηρεισμένων
1671 1487 1945 1567 θεωριῶν,

269 1579 364 1636 καὶ
433 1578 573 1634 κατᾶ
622 1577 685 1634 τὸ
748 1575 1029 1653 ἐγχωροῦν
1087 1575 1138 1633 ἐν
1201 1576 1362 1653 πείρᾳ
1410 1576 1568 1633 αὖτεΰ
1625 1577 1852 1652 γίνεται,
1914 1577 1942 1631 ὁ

275 1667 449 1744 μηδὲν
497 1673 606 1725 τῶν
655 1665 822 1724 ὄντων
874 1667 1282 1744 ὑπερανατιθεὶς
1323 1668 1420 1724 τοῦ
1477 1673 1595 1730 ταῖς
1645 1664 1945 1722 ἀναποδεί-

267 1781 423 1824 κτοις
497 1757 905 1834 μυσταγωγίαις
977 1757 1276 1834 ἁγνώστως
1333 1759 1634 1831 νοουμένου
1687 1759 1722 1828 ἢ
1773 1778 1945 1834 γινω-

273 1847 548 1923 σκομένου
582 1847 714 1924 ὑπὲρ
763 1846 947 1917 νόησιν
997 1845 1166 1921 λόγου
1216 1854 1317 1918 τῆς
1375 1845 1628 1921 πίστεως,
1659 1847 1752 1902 καὶ
1811 1847 1944 1920 ὑπὲρ

268 1943 368 1995 106
428 1941 668 2013 τηρῆσαι
717 1941 934 2007 τοῦτον,
983 1935 1113 1991 ὅλον
1185 1937 1371 1992 ἑαυτὸν
1437 1943 1558 2000 τοῖς
1617 1941 1944 2013 πειρασμοῖς

269 2025 593 2105 προδιδοὺς,
659 2027 940 2090 κάντεῦθεν
1004 2027 1076 2089 ὡς
1136 2024 1188 2080 ἐν
1267 2026 1482 2100 καμίνῳ
1557 2028 1934 2104 καθαρώτατον

269 2115 502 2194 χρυσίον
555 2114 842 2190 φυλάττων
901 2117 997 2183 τὴν
1051 2113 1232 2170 πίστιν
1282 2114 1575 2188 ἀμείωτον.
1625 2115 1936 2192 Βόστρυχοι

271 2205 440 2260 αὐτοῦ
517 2203 730 2271 ἐλάται,
811 2201 1044 2276 μέλανες
1123 2205 1196 2266 ὡς
1263 2203 1450 2278 κόραξ.
1505 2205 1688 2271 Ἤτοι,
1767 2205 1820 2258 αἱ
1886 2201 1938 2259 ἐν

279 2291 426 2367 ἁγίῳ
471 2293 745 2366 Ηνεύματι
799 2291 902 2346 ὑπὸ
947 2295 1043 2346 106
1101 2293 1443 2368 Μονογενοῦς
1491 2289 1936 2368 ἐκπληροῦμεναι

281 2385 381 2437 τοῦ
423 2381 630 2458 Ila-:96:
662 2378 920 2454 εὖδοκίαι,
971 2381 1032 2435 τὸ
1063 2381 1145 2449 ὃν,
1174 2384 1208 2450 ἡ
1253 2382 1391 2451 ζωὴ,
1420 2383 1454 2451 ἡ
1511 2380 1694 2457 σοφία,
1727 2382 1816 2437 καὶ
1871 2382 1939 2438 τὰ

284 2469 474 2544 ὅμοια.
516 2471 681 2544 ἸΑιπερ
737 2469 1214 2526 κατακαλύπτουσι
1254 2476 1372 2533 ταῖς
1438 2471 1575 2526 κατὰ
1625 2473 1805 2550 φύσιν,
1849 2471 1940 2527 οἶά

274 2567 404 2613 τινα
459 2555 700 2634 κεφαλὴν
759 2557 972 2636 τρίχες,
1023 2559 1125 2627 τὴν
1186 2557 1310 2632 μίαν
1362 2558 1542 2634 ἀρχὴν
1601 2562 1689 2614 καὶ
1761 2559 1938 2616 αἰτίαν

271 2651 386 2702 τῶν
419 2643 566 2702 ὅλων
603 2647 708 2704 ὑπὸ
737 2645 1044 2722 κατάληψιν
1106 2653 1282 2712 ποιεῖς
1341 2645 1604 2704 δοκοῦντα
1658 2650 1749 2705 τὸν
1803 2651 1940 2706 ἀκα-

273 2735 580 2806 τάληπτον.
615 2737 838 2794 Ἐλάται
893 2735 988 2810 μὲν
1031 2736 1164 2792 εἷ’σιν
1220 2737 1408 2813 ὑψηλά
1451 2759 1511 2794 τε
1561 2737 1649 2793 καὶ
1709 2739 1939 2816 οὐρανο-

278 2827 434 2900 μήκη
479 2821 692 2901 δένδρα,
720 2825 794 2889 ὡς
822 2825 950 2888 τοὺς
1002 2825 1211 2882 τούτων
1248 2828 1385 2882 κατά
1430 2829 1653 2902 γνώμην
1709 2829 1938 2904 ἀντεχο-

278 2917 477 2990 μένους
511 2913 563 2970 ἐν
591 2919 670 2988 τῷ
708 2921 1056 2989 προνοεῖσθαι
1102 2913 1171 2971 δι’
1226 2917 1439 2993 ἀγάπης
1483 2921 1590 2972 τῶν
1653 2917 1934 2994 ἐχομένων

279 3005 576 3083 ἀνάγουσαι
615 3005 752 3061 κατᾶ
789 3006 978 3082 πρᾶξιν
1016 3011 1331 3080 μιμητικῶς
1363 3007 1498 3080 πρὸς
1535 3006 1598 3062 τὸ
1646 3007 1780 3081 ὕψος
1837 3009 1938 3078 τῆς

279 3093 430 3160 θείας
492 3094 933 3170 μακαριότητος·
989 3093 1214 3168 μέλανες
1263 3093 1310 3150 δ’
1361 3097 1449 3150 οἷα
1497 3093 1682 3172 κόραξ,
1734 3097 1808 3159 ὡς
1859 3101 1939 3170 τῷ

275 3183 676 3258 ἆνεξερευνήτῳ
717 3187 823 3239 τῶν
874 3185 1154 3261 χριμάτων
1214 3189 1320 3239 τῶν
1385 3182 1541 3250 θείων
1603 3184 1935 3242 συστέλλου-

277 3295 368 3329 σαι
428 3273 566 3330 κατὰ
623 3274 850 3351 θεωρίαν
903 3274 995 3329 τὸν
1050 3275 1233 3349 νοερὸν
1305 3273 1616 3350 ὀφθαλμόν.
1673 3276 1772 3330 Καὶ
1830 3276 1934 3352 γὰρ

2042 697 2242 737 aurum
2277 687 2497 752 ophatz.
2533 683 2696 739 Meus
2743 683 2843 739 illa
2893 684 3174 740 nimirum
3221 686 3554 753 ineffabilia,
3601 692 3696 760 (ad

2044 787 2222 842 quam
2255 778 2320 827 ut
2351 773 2423 828 ad
2459 776 2659 846 caput,
2692 773 2984 829 inefl‘abile
3016 774 3274 830 Verbum
3325 776 3512 847 ipsius
3561 779 3698 835 sub-

2045 860 2321 916 stantiam
2354 859 2796 917 connaturalem
2829 862 3325 933 Spiritum,ret‘ert
3354 877 3697 938 sequentem

2050 955 2332 1020 mentem,
2397 954 2682 1024 tanquam
2745 968 2955 1008 aurum
3006 953 3391 1024 purissimum
3443 956 3702 1030 reliquas

2047 1039 2325 1097 materias
2351 1041 2725 1112 antecedens)
2771 1058 2805 1097 a
2850 1046 3024 1098 rebus
3073 1043 3350 1098 omnibus
3398 1046 3558 1102 omni
3607 1065 3698 1102 ra-

2048 1129 2205 1186 tione
2253 1129 2436 1186 distat
2484 1129 2734 1186 infinite.
2769 1131 2955 1203 Caput
2988 1133 3142 1187 enim
3173 1133 3407 1206 Christi,
3441 1139 3504 1191 ut
3532 1136 3704 1192 divus

2047 1217 2244 1292 inquit
2271 1219 2589 1292 Apostolus
2619 1220 2789 1288 li",est
2817 1221 2972 1278 Deus
3003 1227 3059 1278 et
3088 1222 3394 1279 Patenllis
3425 1225 3706 1281 omnibus

2049 1309 2647 1381 contemplationibus
2679 1310 2756 1366 ita
2789 1311 3230 1381 constitutis,ad
3258 1313 3388 1384 ejus
3409 1315 3704 1386 experien-

2050 1397 2217 1470 tiam,
2249 1403 2539 1470 quantum
2573 1399 2726 1471 capit
2759 1398 3021 1455 humana
3063 1405 3293 1470 natura,
3345 1405 3608 1473 pervenit
3655 1405 3704 1460 is

2053 1486 2153 1559 qui
2177 1486 2310 1543 fidei
2337 1488 2546 1543 rationi
2565 1505 2742 1560 quam
2764 1489 3058 1560 mysteriis
3077 1489 3705 1548 indemonstrabilibus

2051 1573 2336 1632 ineffabili
2357 1576 2686 1648 cognitione
2709 1577 3063 1632 intellectam
3089 1583 3192 1634 aut
3213 1581 3506 1652 cognitam
3531 1582 3710 1639 habet

2052 1682 2226 1738 super
2257 1683 2494 1722 omnem
2526 1666 2960 1739 cogitationem,
2995 1667 3142 1723 nihil
3175 1672 3464 1741 praeponit
3509 1672 3707 1727 omni-

2055 1771 2129 1812 no
2181 1772 2194 1809 :
2250 1759 2308 1811 et
2355 1773 2459 1828 pro
2508 1772 2578 1812 ea
2623 1758 2842 1812 tuenda
2873 1759 3391 1829 conservandaque
3421 1765 3611 1818 totum
3643 1779 3708 1818 se

2055 1843 2252 1917 ipsum
2283 1843 2710 1900 tentationibus
2741 1861 2807 1900 ac
2838 1844 3114 1917 periculis
3145 1848 3568 1920 tormentisque
3599 1849 3708 1905 ob-

1975 1975 2024 2042 B
2047 1933 2180 2006 jicit
2213 1952 2226 1991 :
2259 1937 2434 2006 atque
2465 1934 2546 1989 ita
2575 1939 2859 2006 tanquam
2889 1934 2952 1990 in
2979 1935 3215 1991 fornace
3248 1953 3460 1993 aurum
3509 1939 3707 2012 puris-

2053 2024 2271 2080 simum
2331 2024 2507 2080 fidem
2569 2024 2784 2080 retinet
2843 2023 3310 2080 immaculatam.
3365 2027 3540 2083 Comm
3589 2031 3710 2100 ejus

2047 2115 2190 2170 sicut
2233 2114 2396 2170 elatae
2441 2115 2760 2186 palmarum
2813 2131 2826 2170 :
2877 2115 3056 2185 nigrae
3106 2118 3502 2186 quasicorvus.
3537 2122 3706 2175 Bonae

2047 2202 2275 2258 scilicet
2332 2203 2523 2259 Patris
2582 2203 2932 2274 voluntates,
2984 2205 3056 2259 ab
3107 2205 3407 2276 unigenilo
3455 2206 3598 2263 Filio
3644 2208 3708 2264 in

2047 2291 2270 2364 Spiritu
2320 2297 2524 2348 sancto
2573 2291 2846 2366 expletas;
2901 2309 3090 2364 mens,
3145 2294 3266 2350 vita
3313 2295 3606 2367 sapientia
3653 2301 3713 2354 et

2048 2381 2142 2437 his
2191 2379 2452 2450 similia;
2503 2399 2633 2453 qua:
2687 2381 2928 2454 quidem
2980 2383 3348 2452 naturaliter,
3401 2389 3466 2440 ut
3510 2383 3708 2457 capilli

2047 2475 2219 2542 caput
2244 2470 2483 2543 aliquod
2513 2475 2740 2544 tegunt,
2777 2487 2961 2527 unum
2991 2471 3345 2544 principium
3376 2477 3434 2529 et
3463 2490 3705 2530 causam

2047 2575 2242 2616 rerum
2303 2559 2736 2629 universarum,
2787 2577 3044 2632 eumque
3110 2561 3214 2633 qui
3285 2563 3704 2634 comprehendi

2047 2667 2162 2706 non
2197 2653 2406 2722 potest,
2434 2649 2706 2706 videntur
2756 2651 3022 2722 redigere
3065 2651 3178 2706 sub
3222 2651 3700 2725 comprehensio-

2049 2755 2205 2794 nem.
2252 2739 2426 2794 Elataz
2477 2739 2715 2812 quidem
2764 2743 2905 2794 sunt
2952 2739 3188 2796 arbores
3237 2740 3576 2797 celsissimae
3625 2743 3697 2797 ad

2048 2826 2260 2884 cmlum
2313 2845 2500 2900 usque
2549 2829 2893 2898 tendentes;
2942 2829 3222 2901 quoniam
3273 2847 3374 2887 eos
3428 2833 3529 2903 qui
3578 2831 3700 2888 hmo

2047 2918 2244 2973 animo
2279 2917 2736 2990 amplectuntur,
2772 2919 2915 2974 dum
2949 2919 3316 2991 prospiciunt
3344 2939 3411 2977 ea
3437 2938 3569 2992 quae
3599 2939 3702 2995 per

2047 3007 2393 3062 charitatem
2425 3006 2826 3080 possidentur,
2860 3007 3058 3079 aperis
3108 3015 3303 3066 autem
3349 3011 3700 3077 imitatione,

2047 3099 2378 3167 perducunt
2425 3096 2496 3152 ad
2547 3097 2756 3152 divina)
2807 3097 3198 3155 beatitudinis
3247 3099 3696 3156 sublimitatem.

2045 3185 2238 3257 Nigrae
2269 3189 2464 3241 autem
2498 3186 2663 3258 quasi
2703 3203 2907 3242 corvus
2944 3202 2956 3242 :
2994 3187 3134 3259 quia
3177 3187 3700 3262 impervestigabili

2046 3273 2379 3330 divinorum
2406 3275 2766 3345 judiciorum
2818 3275 3068 3341 ratione,
3122 3277 3334 3332 mentis
3385 3277 3587 3334 oculos
3635 3279 3696 3334 in

273 3363 460 3442 ὥσπερ
524 3363 586 3420 τὸ
633 3363 828 3421 λευκὸν
875 3369 1081 3442 χρῶμα
1117 3363 1363 3444 ὑφαπλοῖ
1389 3366 1490 3437 τὴν
1521 3363 1668 3442 ὄψιν,
1702 3363 1845 3422 οὕτω
1875 3366 1939 3422 16

2053 3363 2548 3435 contemplatione
2595 3363 2997 3420 corroborant.
3049 3368 3197 3421 Nam
3250 3369 3314 3420 ut
3339 3366 3498 3422 color
3529 3367 3698 3423 albus

283 3453 459 3530 μὲλαν
525 3451 832 3512 συστέλλει.
890 3455 957 3512 Οἱ
1019 3453 1294 3533 ὀφθαλμοὶ
1351 3455 1516 3511 αὐτοῦ
1569 3457 1643 3520 ὡς
1699 3477 1942 3533 περιστε-

286 3543 378 3620 ραὶ
437 3543 524 3600 ἐπὶ
581 3541 934 3620 πληρώματά
990 3541 1220 3599 ὑδάτων·
1273 3549 1498 3622 ’Ἠγουν,
1547 3547 1602 3599 αἱ
1657 3550 1753 3601 106
1807 3567 1942 3601 παν-

282 3631 441 3709 αγίου
471 3631 785 3708 Πνεόματος
835 3631 1094 3710 ἐνέργειαι
1139 3633 1442 3712 (ὀφθαΛμοὶ
1508 3635 1714 3712 Κυρίου
1771 3656 1942 3712 προσ-

286 3723 702 3798 αγορευόμεναι,
758 3721 844 3778 ὅτι
924 3719 994 3776 δι’
1068 3722 1244 3778 αὐτῶν
1317 3723 1546 3802 πέφυκεν
1625 3724 1942 3780 ἐπισκοπεῖν

286 3809 420 3874 τοὺς
450 3809 534 3865 ἐπὶ
565 3819 664 3888 γῆς
698 3812 725 3865 ὁ
767 3812 940 3884 Θεὸς),
978 3812 1052 3874 ὥς
1099 3831 1242 3872 τινες
1299 3811 1608 3888 περιστεραὶ
1657 3811 1744 3868 ἐπὶ
1794 3811 1944 3884 πλή-

281 3920 396 3976 ρεις
455 3897 660 3955 ὑδάτων
718 3898 1006 3974 δεξαμενὰς
1083 3899 1408 3977 ὥρμηνται·
1468 3899 1554 3956 ἐπὶ
1608 3903 1703 3964 τάς
1754 3902 1944 3976 ἀρετὰς

288 3987 457 4052 οὔσας
488 3989 838 4068 πληρώματα
867 3995 974 4045 τῶν
1021 3989 1097 4052 ὡς
1153 3987 1358 4045 ὑδάτων
1406 3990 1692 4067 οὐρανόθεν
1751 4012 1947 4068 κατερ-

213 4111 216 4114 -
290 4078 554 4154 χομένων
587 4077 743 4134 Θείων
776 4077 1032 4150 ἐντολῶν,
1067 4075 1156 4133 διὰ
1199 4079 1263 4134 τὸ
1309 4078 1436 4142 τοὺς
1479 4079 1686 4135 τούτων
1749 4079 1944 4156 λόγους

288 4169 364 4233 τῇ
415 4167 602 4243 πράξει
648 4165 986 4246 πληροῦσθαι
1044 4171 1150 4222 τῶν
1230 4165 1489 4226 ἐντολῶν.
1541 4169 1746 4246 Ὀρμᾷν
1795 4166 1840 4224 δ’
1891 4170 1946 4225 αἱ

283 4261 536 4312 τοιαῦται
598 4256 858 4334 ἐνέργειαι
911 4257 998 4312 ἐπὶ
1042 4257 1137 4320 τὰς
1184 4257 1374 4332 ἀρετάς
1418 4257 1684 4335 εἴρηνται,
1717 4258 1800 4314 ὅτι
1856 4258 1944 4315 ἐὰν

289 4347 370 4420 μή
423 4345 622 4421 Κύριος
683 4345 754 4401 δι’
814 4346 988 4402 αὐτῶν
1047 4343 1394 4423 οἷ’κοδομτςσῃ
1446 4347 1563 4402 κατ’
1615 4347 1809 4423 ἀρετὴν
1874 4347 1948 4412 ὥς

276 4457 402 4492 τινα
457 4435 601 4491 οἶκον
663 4436 851 4505 αὑτοῦ,
913 4437 1012 4506 τὴν
1077 4437 1139 4491 16
1225 4436 1423 4512 ἀγαθὸν
1500 4437 1945 4514 προαιρουμένην

281 4527 492 4602 ψυχὴν,
544 4525 618 4588 εἷς
679 4525 852 4600 μάτην
910 4523 1190 4582 ἐκοπίασεν
1249 4525 1275 4580 6
1329 4523 1664 4600 οἰκοδομῶν.
1715 4527 1804 4592 Ὠς
1852 4549 1946 4584 πε-

281 4615 524 4691 ριστεραὶ
597 4611 675 4684 δὶ,
756 4614 913 4693 φησὶ,
970 4612 1301 4688 λελουμέναι
1381 4613 1431 4670 ἐν
1503 4614 1757 4690 γάλακτι,
1817 4618 1947 4672 καθ-

275 4708 482 4780 ⁴ἥμεναι
535 4705 622 4762 ἐπὶ
681 4705 1032 4782 πληρώματα
1095 4704 1307 4762 ὑδάτων
1350 4722 1362 4741 ·

281 4797 462 4875 φύσει.
493 4795 616 4854 Εἰσὶ
670 4796 770 4872 γάρ
831 4794 1112 4858 παντελῶς
1174 4795 1474 4869 ἆμόλυντοι
1524 4797 1577 4851 αἱ
1632 4801 1734 4852 106
1775 4797 1943 4854 Πνεό-

287 4908 462 4962 ματος
511 4885 796 4964 ἐνέργειαι,
856 4884 1326 4958 ἐπαναπαυόμεναι
1380 4891 1498 4948 ταῖς
1546 4885 1752 4942 τούτων
1811 4889 1948 4943 κατὰ

285 4977 454 5053 χάριν
511 4974 978 5050 πεπληρωμέναις
1033 4974 1365 5050 ψυχαῖς,ὡς
1418 4975 1824 5054 καθαρφείσαις,
1855 4975 1946 5031 καὶ

279 5065 693 5144 φωτισθείσαις,
737 5065 870 5140 [καὶ]
913 5061 1342 5126 τελειωθείσαις.
1388 5065 1456 5121 Οἱ
1519 5065 1612 5138 μὲν
1671 5063 1946 5144 ὀφθαλμοὶ

279 5157 391 5209 τοῦ
421 5154 658 5233 νυμφίου
691 5159 953 5210 τοιοῦτοι.
984 5154 1053 5211 Αἱ
1086 5151 1144 5208 δὲ
1175 5153 1418 5229 σιαγόνες
1450 5151 1614 5209 αὐτοῦ
1645 5155 1719 5216 ὡς
1756 5153 1947 5232 φιάλαι

273 5248 390 5299 τοῦ
475 5244 768 5320 ἁρώματος
855 5243 1083 5324 φύουσαι
1189 5243 1480 5318 μυρεψικά.
1567 5241 1760 5300 Εἷίτουν
1847 5251 1946 5314 τῆς

273 5333 411 5410 περὶ
443 5332 616 5388 πάντα
665 5337 762 5389 106
818 5337 951 5390 Θεοῦ
1000 5333 1261 5408 προνοίας
1322 5331 1374 5386 0i.
1428 5329 1589 5407 λόγοι
1643 5331 1820 5409 (οἵπερ
1874 5332 1950 5397 ὥς

271 5443 429 5485 τινες
459 5422 702 5499 σιαγόνες
755 5429 873 5487 ταῖς
929 5421 1220 5499 ἐνεργείαις
1279 5421 1444 5477 οἱονεὶ
1503 5427 1800 5494 κινοῦνται,
1856 5423 1948 5478 καὶ

269 5509 414 5578 τοὺς
464 5511 771 5587 σωτηρίους
827 5517 934 5567 τῶν
995 5511 1201 5588 ἀρετῶν
1273 5509 1511 5586 τρόπους
1579 5507 1946 5584 διδάσκουσιν,

275 5601 378 5658 καὶ
437 5599 528 5658 διὰ
576 5603 784 5657 τούτων
863 5603 1246 5677 πνευματικῶς
1299 5599 1582 5680 τρέφουσι,
1639 5597 1944 5665 λεαίνοντες

357 5821 402 5858 ιτ
433 5819 457 5878 l
487 5821 616 5880 Cor.
649 5835 730 5894 χι,
760 5821 820 5877 3.

2047 3452 2242 3508 visum
2299 3453 2620 3526 disgregat,
2653 3453 2736 3509 ita
2796 3453 2959 3525 niger
3004 3454 3330 3510 conﬁrmat.
3383 3457 3539 3512 Oculi
3583 3457 3702 3529 ejus

2049 3541 2192 3598 sicut
2219 3542 2487 3599 columbae
2513 3559 2677 3612 super
2703 3543 3080 3615 plenitudines
3109 3561 3404 3616 aquarum.
3440 3546 3700 3603 Sanctis-

2051 3631 2188 3688 simi
2219 3631 2473 3704 Spiritus
2505 3632 2901 3688 affectationes
2931 3633 3084 3689 oculi
3119 3633 3346 3690 Domini
3377 3639 3698 3692 vocantur:

2053 3719 2334 3792 quoniam
2360 3739 2461 3794 per
2481 3723 2642 3793 ipsos
2667 3726 2819 3778 Deus
2842 3723 3122 3779 mortales
3147 3723 3435 3796 inspicere
3455 3741 3700 3781 consue-

2051 3811 2154 3866 vit.
2187 3809 2260 3867 Ut
2281 3810 2566 3868 columbae
2587 3813 2852 3884 quaedam
2875 3815 2946 3869 ad
2971 3813 3172 3885 plenos
3196 3829 3484 3885 aquarum
3507 3814 3703 3871 alveos

2051 3898 2393 3972 incitantur,
2427 3917 2636 3972 nempe
2665 3902 2734 3957 ad
2786 3901 3050 3971 virtutes,
3101 3919 3230 3974 quae
3279 3919 3588 3973 aquarum,
3641 3903 3699 3958 id

2055 3993 2162 4056 est,
2198 3988 2532 4044 divinorum
2565 3991 2978 4047 mandatorum
3027 3991 3509 4048 descendentium
3559 3996 3702 4048 sunt

2055 4077 2472 4150 conceptacula
2531 4095 2544 4134 :
2605 4079 2745 4150 quia
2801 4095 3102 4136 sermones
3161 4095 3360 4135 earum
3422 4083 3701 4153 operibus

2055 4165 2376 4239 implentur
2405 4169 2840 4224 mandatorum.
2865 4169 3108 4224 Incitare
3139 4173 3335 4225 autem
3369 4171 3704 4228 affectiones

2054 4257 2146 4312 ha:
2176 4257 2247 4312 ad
2279 4257 2524 4312 virtutes
2554 4257 2720 4312 dictae
2752 4261 2924 4326 sunt;
2954 4259 3094 4329 quia
3125 4257 3237 4314 nisi
3267 4259 3554 4317 Dominus
3605 4279 3708 4333 per

2054 4345 2214 4418 ipsas
2263 4345 2524 4402 animam
2555 4347 2777 4403 bonum
2816 4346 3130 4420 eligentem
3157 4353 3442 4420 tanquam
3461 4350 3704 4407 domum

2057 4435 2316 4508 aliquam
2348 4453 2517 4491 suam
2551 4435 2946 4508 aediﬁcaverit,
2981 4437 3282 4494 incassum
3329 4438 3558 4496 laborat
3605 4442 3710 4512 qui

2056 4524 2324 4581 aedificat.
2359 4524 2509 4581 Sicut
2536 4526 2824 4596 columbae,
2859 4525 3072 4598 inquit,
3105 4543 3225 4598 quas
3275 4529 3336 4583 in
3389 4527 3532 4585 tacte
3580 4534 3710 4586 sunt

2059 4617 2207 4682 tota},
2257 4621 2311 4670 et
2361 4613 2605 4670 resident
2650 4615 2820 4687 juxta
2875 4614 3094 4688 ﬂuenta
3133 4617 3489 4689 plenissima.
3545 4619 3707 4676 Pura

1435 4703 1651 4778 δηλαδή
1712 4711 1941 4784 καθαραὶ

2055 4703 2280 4760 scilicet
2311 4721 2377 4760 ac
2409 4703 2641 4776 penitus
2673 4706 2906 4760 mundae
2937 4705 3184 4777 spiritus
3214 4707 3548 4764 affectiones
3579 4725 3706 4779 qua:

2055 4793 2315 4850 resident
2343 4794 2400 4850 in
2433 4793 2900 4866 animabus,quaa
2933 4793 3071 4868 ipsae
3106 4800 3171 4851 ut
3201 4803 3481 4868 purgatas
3504 4803 3560 4852 et
3581 4797 3712 4853 illu-

2057 4887 2274 4940 stratas
2306 4889 2480 4957 atque
2513 4885 2799 4956 perfectas
2831 4901 2933 4955 per
2959 4883 3210 4956 gratiam
3234 4885 3710 4957 repleverunt.Ac

2057 4975 2259 5048 sponsi
2287 4974 2524 5047 quidem
2550 4973 2702 5030 oculi
2729 4977 2867 5030 sunt
2891 4973 3374 5046 ejusmodi.Genae
3391 4975 3547 5032 illius
3567 4977 3712 5031 sicut

2055 5064 2269 5137 phialae
2297 5065 2570 5120 aromatis
2599 5067 2834 5136 ferentes
2859 5065 3268 5138 pigmentarz'a.
3302 5064 3524 5122 Divina:
3552 5064 3711 5120 vide-

2055 5155 2188 5210 licet
2221 5153 2598 5226 providentire
2631 5159 2842 5210 cuncta
2874 5153 3233 5210 moderantis
3282 5154 3507 5211 ratione
3560 5157 3712 5227 (quae

2057 5249 2335 5314 tanquam
2369 5261 2528 5316 gena
2561 5244 2918 5314 actionibus,
2955 5248 3019 5299 ut
3046 5243 3129 5299 ita
3159 5243 3712 5316 dicam,moventur,

2059 5337 2115 5389 et
2146 5331 2481 5390 salutifer-os
2513 5333 2795 5390 virtut-um
2827 5351 3018 5390 mores
3068 5333 3300 5404 docent,
3351 5339 3408 5389 et
3450 5350 3554 5407 per
3605 5333 3713 5390 hos

2058 5421 2406 5495 spiritaliter
2456 5423 2744 5494 nutriunt,
2795 5423 3132 5480 mollientes
3181 5423 3615 5496 quodammodo
3654 5423 3712 5478 id

2060 5513 2216 5583 quod
2267 5511 2324 5566 in
2378 5513 2494 5568 Deo
2547 5513 2874 5569 secundum
2927 5513 3245 5569 essentiam
3298 5511 3544 5586 intelligi
3599 5528 3712 5568 non

2060 5605 2276 5675 potest,
2335 5601 2477 5658 dum
2539 5601 2747 5678 horum
2807 5602 3035 5658 actione
3109 5603 3304 5676 ipsum
3371 5601 3714 5676 explanant)
