4110 6398
458 391 574 452 64³1

1803 379 2227 445 MICHAELIS
2270 379 2544 443 PSELLI

3767 381 3888 444 648

459 525 664 578 sancto
697 519 950 593 impleta:
983 525 1123 574 sunt
1150 516 1370 590 Spiritu
1403 516 1572 589 quasi
1608 516 1915 572 odoriferae
1945 533 2071 588 quae

2189 534 2340 584 nunc
2394 513 2455 566 τὸ
2513 512 2630 566 κατ’
2686 511 2876 566 οὐσίαν
2936 509 3302 581 ἀκατανόητον
3331 514 3429 568 τοῦ
3478 516 3614 568 Θεοῦ
3673 514 3750 578 ὡς
3795 535 3890 570 σα-

458 612 594 666 dam
629 609 863 683 phialas,
896 609 1191 666 variorum
1247 613 1686 681 unguentorum
1740 605 1933 660 varios
1978 604 2111 660 illos

454 717 604 770 quos
635 701 890 755 diximus
933 697 1230 770 spiritales
1281 715 1473 753 mores
1525 698 1798 751 ferentes.
1849 695 2107 750 Verbum

454 790 611 846 enim
661 790 763 845 Dei
813 793 869 844 et
919 788 1108 844 Patris
1160 804 1274 859 quo
1306 793 1590 860 reguntur
1619 791 1675 841 et
1703 785 2111 857 gubernantur

454 880 747 945 universa,
805 879 862 933 in
922 883 1126 933 sancto
1185 877 1406 948 Spiritu
1468 880 1532 931 ut
1592 872 2105 939 consubstantiali,

451 969 816 1041 providentia
874 986 983 1024 sua
1041 974 1252 1022 cuncta
1310 965 1566 1038 disponit
1627 970 1684 1020 et
1741 965 2100 1020 moderatur.

448 1064 642 1129 Atque
675 1058 754 1113 ita
785 1057 1025 1129 quidem
1057 1074 1118 1111 se
1149 1055 1367 1112 habent
1397 1073 1578 1128 genae.
1618 1053 1790 1110 Lubia
1817 1054 1934 1125 ejus
1979 1053 2105 1108 lilia

449 1147 802 1203 dislillanlia
875 1146 1163 1218 myrrham
1216 1147 1450 1214 plenam
1509 1162 1521 1200 :
1583 1143 1692 1199 hoc
1751 1148 1860 1213 est,
1920 1142 2101 1198 divini

433 1237 648 1306 judicii
717 1238 997 1305 rationes,
1059 1236 1184 1306 (per
1263 1252 1411 1306 quas
1482 1233 1739 1289 Verbum
1819 1232 1920 1287 Dei
1995 1231 2100 1286 tri-

445 1327 632 1382 buens
664 1325 823 1397 quod
858 1323 1179 1396 unicuique
1212 1329 1434 1380 natura:
1468 1323 1773 1395 mentique
1804 1321 2098 1394 congruit,

443 1416 613 1487 quasi
670 1415 1032 1486 quibusdam
1091 1413 1295 1478 labris,
1346 1412 1405 1468 in
1467 1411 1722 1483 singulis
1781 1428 1884 1483 per
1939 1427 2101 1465 com-

443 1504 784 1560 munionem
819 1503 1182 1575 implicatur)
1217 1507 1358 1558 sunt
1400 1502 1712 1574 splendore
1755 1500 2094 1573 perspicuae,

439 1593 598 1650 sicut
628 1593 769 1661 lilia,
803 1595 943 1648 dum
979 1610 1179 1648 rerum
1215 1599 1459 1648 naturas
1490 1609 1594 1662 pro
1644 1608 1754 1647 sua
1800 1606 2098 1662 quamque

438 1686 794 1755 proprietate
825 1683 1028 1738 firmas
1061 1687 1119 1738 et
1149 1681 1277 1737 sine
1325 1680 1672 1736 confusione
1723 1685 2093 1746 conservant,

440 1773 799 1844 modumque
826 1773 1038 1828 docent
1068 1771 1250 1826 totius
1304 1769 1775 1826 mortificationis
1825 1770 2093 1825 omnium

435 1863 796 1930 motionum,
857 1878 959 1933 per
1005 1859 1351 1917 electionem
1401 1878 1435 1916 a
1480 1864 1693 1915 natura
1746 1860 2089 1930 discrepan-

432 1953 605 2007 tium.
639 1953 831 2006 Munus
858 1952 1014 2006 illius
1044 1951 1358 2016 tornaliles,
1383 1964 1595 2017 aureae,
1631 1950 1820 2020 plenae
1846 1948 2085 2003 Tharsis.

436 2041 806 2098 Universales
863 2040 1130 2097 videlicet
1177 2057 1371 2095 rerum
1421 2039 1742 2095 eli‘ectrices
1799 2039 2088 2094 instaura-

429 2132 722 2202 tricesque
778 2131 1036 2186 rationes
1091 2134 1245 2201 (quas
1299 2129 1371 2184 ad
1422 2128 1772 2184 creationem
1807 2133 1865 2183 et
1895 2127 2084 2198 provi-

429 2221 691 2276 dentiam
723 2226 780 2275 et
801 2219 1099 2290 judicium
1125 2218 1669 2291 pertinent,quibus
1702 2217 1798 2272 Dei
1824 2217 2081 2272 Verbum

427 2313 642 2362 cuncta
668 2306 800 2362 fecit
820 2305 1046 2378 etregit
1093 2310 1150 2361 et
1202 2305 1329 2361 sine
1377 2305 1722 2360 confusione
1754 2305 2080 2375 conservat)

425 2395 732 2452 tornatiles
763 2401 926 2463 sunt,
954 2401 1011 2450 et
1051 2394 1206 2450 varia
1242 2395 1431 2466 ipsius
1474 2393 1769 2467 sapientia
1815 2392 2080 2465 expolita:

425 2494 830 2558 purgatasque,
884 2489 948 2539 ut
997 2501 1207 2540 aurum
1247 2484 1543 2540 sincerum
1575 2484 1648 2539 ab
1701 2483 1862 2539 omni
1913 2482 2078 2539 falsi-

422 2579 563 2642 tate;
587 2580 645 2630 et
699 2580 983 2645 tanquam
1042 2573 1313 2641 Tharsis,
1374 2573 1529 2644 quod
1561 2571 1763 2645 gaudii
1813 2575 2078 2627 contem-

419 2663 738 2736 plationem
771 2663 1086 2734 signiﬁcat,
1112 2662 1294 2733 plenae
1318 2679 1452 2717 vera
1473 2661 1807 2733 cognitione
1847 2661 2076 2717 bonita-

417 2753 496 2808 tis
518 2754 644 2822 ejus
675 2769 790 2823 qua
826 2751 1023 2808 omnia
1062 2752 1353 2806 laetantur.
1411 2751 1652 2807 Bonitas
1683 2750 1838 2806 enim
1884 2754 2078 2806 Graece

419 2843 650 2897 videtur
683 2841 796 2896 dici
830 2859 895 2896 ex
931 2858 1019 2909 eo,
1068 2842 1225 2912 quod
1272 2839 1438 2896 valde
1488 2841 1584 2907 sit,
1621 2846 1723 2896 aut
1755 2839 1831 2895 sit
1862 2841 2072 2913 posita,

419 2934 523 2983 aut
552 2933 751 2984 currat
807 2933 1018 2984 Rerum
1063 2929 1220 2983 enim
1270 2929 1532 2984 essentia
1580 2928 1839 2984 declarat
1887 2929 2073 2984 Deum

417 3019 687 3073 essentia:
721 3023 1033 3090 praestare;
1070 3019 1284 3089 positio
1315 3023 1536 3086 autem,
1572 3022 1811 3090 propter
1856 3017 2073 3074 immu-

418 3107 628 3162 tabiles
687 3124 887 3163 earum
948 3108 1227 3177 rationes,
1271 3110 1539 3163 naturam
1594 3107 1780 3179 ipsius
1832 3125 2074 3179 prorsus

414 3194 778 3251 immobilem
817 3213 828 3250 :
866 3212 1077 3252 cursus
1109 3212 1242 3251 vero
1275 3211 1376 3267 per
1399 3200 1640 3250 mutuas
1673 3194 1905 3250 illarum
1937 3212 2070 3251 suc-

2224 600 2542 678 φηνίζοντες
2574 601 2704 657 αὐτὸ
2734 602 2870 656 κατὰ
2899 602 2998 672 τὴν
3057 603 3263 656 τούτων
3321 601 3614 678 ἐνέργειαν)
3662 601 3883 675 πεπλή-

2222 712 2423 767 ρωνται
2471 696 2568 747 τοῦ
2636 689 3030 761 εὐωδιάζοντος
3095 697 3216 757 ταῖς
3287 691 3514 752 οἰκείαις
3599 691 3886 770 ἐνεργείαις

2218 784 2312 844 τὰς
2377 786 2484 836 τῶν
2540 787 2744 836 πιστῶν
2806 782 2986 856 ψυχὰς
3035 780 3302 858 παναγίου
3376 780 3730 854 Πνεύματος·
3789 785 3883 839 οἷά

2217 893 2357 934 τινες
2389 871 2814 950 ἁρωματορόροι
2845 869 3058 949 φιάλαι,
3091 871 3454 946 προφέροντες
3512 871 3586 934 ὡς
3643 879 3878 929 παντοῖα

2220 961 2492 1036 μυρεψικᾶ
2520 958 2629 1032 ἤδη
2661 961 2788 1023 τοὺς
2835 960 3155 1034 εἰρημένους
3204 958 3518 1023 πολυειδεῖς
3575 983 3874 1036 πνευματι-

2214 1051 2345 1116 κους
2390 1051 2649 1124 τρόπους.
2713 1050 2810 1104 Καὶ
2875 1050 2979 1126 γὰρ
3039 1052 3066 1105 6
3127 1051 3338 1105 πάντων
3399 1053 3716 1127 προνοητὴς
3773 1057 3872 1108 τοῦ

2214 1139 2347 1195 Θεοῦ
2377 1141 2464 1196 καὶ
2497 1141 2710 1212 Ιιατρὸς
2745 1139 2920 1216 Λόγος
2952 1138 3003 1194 έν
3037 1141 3179 1216 ἁγίῳ
3224 1139 3494 1213 ΙΙνεύματι
3553 1141 3628 1201 ὡς
3675 1143 3875 1215 6.0.000-

2214 1229 2334 1303 σίῳ,
2392 1231 2492 1299 τήν
2552 1228 2675 1305 περὶ
2734 1229 2907 1284 πάντα
2963 1228 3205 1284 ἕπιτελεῖ
3260 1229 3542 1306 πρόνοιαν.
3583 1230 3681 1288 Καὶ
3725 1230 3870 1287 οὕτω

2214 1320 2310 1393 μὲν
2372 1321 2425 1375 αἱ
2483 1319 2752 1394 σιαγόνες.
2813 1320 2888 1373 Τὰ
2949 1315 3006 1374 δὲ
3062 1317 3228 1395 χείλη
3291 1318 3455 1374 αὐτοῦ
3521 1320 3698 1396 κρίνα,
3741 1325 3868 1377 στάς

2212 1414 2370 1480 ζοντα
2455 1409 2694 1486 σμύρναν
2782 1408 2997 1483 πλήρη.
3087 1410 3271 1477 ’¹Ητοι,
3317 1415 3418 1478 τῆς
3503 1411 3627 1485 περί
3693 1412 3869 1466 πάντα

2210 1496 2352 1560 θεῖας
2407 1495 2637 1572 κρίσεως
2691 1496 2743 1550 οἱ
2802 1493 2981 1572 λόγοι,
3040 1501 3158 1560 καθ’
3215 1495 3308 1558 οὓς
3341 1497 3367 1551 6
3399 1501 3495 1551 τοῦ
3525 1501 3660 1552 Θεοῦ
3692 1497 3870 1576 Λόγος

2207 1583 2478 1658 διανέμων
2512 1586 2704 1659 ἑκάστῃ
2735 1585 2887 1663 φύσει
2933 1584 3023 1639 καὶ
3078 1586 3271 1662 γνώμῃ
3329 1586 3395 1640 τὰ
3446 1585 3756 1665 πρόσφορα,
3790 1588 3868 1652 ὥς

2204 1696 2309 1729 τισι
2343 1674 2555 1750 χείλεσι
2585 1674 2801 1738 τούτοις
2831 1674 3058 1741 ἑκάστην
3119 1674 3294 1729 αὐτῶν
3343 1675 3510 1730 οἷονεί
3553 1677 3690 1732 κατᾶ
3736 1699 3866 1752 μετ-

2205 1765 2347 1840 οχὴν
2431 1764 2870 1839 περιπτύσσεται,
2949 1764 3258 1839 ὑπάρχουσι
3341 1769 3408 1839 τῇ
3507 1762 3864 1841 λαμπρότητι

2205 1851 2478 1932 διαφανεῖς
2564 1854 2638 1915 ὡς
2724 1853 2899 1929 κρίνα,
2959 1852 3251 1930 τηροῦντες
3333 1855 3430 1918 τὰς
3487 1856 3607 1919 καθ’
3660 1851 3862 1912 ἶκαστα

2201 1944 2383 2021 φύσεις
2441 1944 2577 1998 κατὰ
2641 1943 2768 2007 τοὺς
2821 1941 2992 2005 ἰδίους
3055 1943 3230 1998 αὐτῶν
3292 1943 3492 2019 λόγους
3560 1945 3862 2022 ἀτρέπτους

2199 2035 2283 2088 καὶ
2337 2032 2703 2108 ἀσυγχύτους,
2737 2032 2825 2087 καὶ
2881 2030 3221 2096 διδάσκοντες
3275 2033 3403 2096 τοὺς
3460 2031 3697 2110 τρόπους
3753 2043 3859 2106 τῆς

2195 2121 2494 2184 παντελοῦς
2549 2124 2863 2198 νεκρώσεως
2921 2127 3106 2177 πασῶν
3157 2127 3266 2178 τῶν
3324 2124 3460 2178 κατὰ
3535 2124 3854 2202 προαίρεσιν

2194 2213 2340 2287 παρὰ
2414 2211 2571 2291 φύσιν
2656 2214 2959 2282 κινήσεων.
3049 2215 3238 2288 Χεῖρες
3322 2213 3490 2268 αὐτοῦ
3561 2215 3856 2292 τορευτατ,

2193 2307 2416 2378 χρυσαῖ,
2472 2299 2907 2377 πεπληρωμέναι
2961 2301 3174 2377 Θαρσίς.
3219 2304 3439 2377 Ἥγουν,
3503 2303 3554 2358 οἱ
3611 2304 3858 2368 καθόλου

2191 2390 2472 2462 ποιητικοί
2506 2391 2593 2446 καὶ
2628 2391 2977 2446 ἀνανεωτικοὶ
3009 2397 3116 2446 τῶν
3149 2387 3318 2447 ὅντων
3353 2391 3533 2468 λόγοι,
3555 2394 3606 2449 οἳ
3626 2397 3726 2460 τῆς
3760 2392 3858 2467 δη-

2193 2481 2506 2556 μιουργίας,
2541 2481 2707 2560 φημὶ,
2740 2481 2828 2536 καὶ
2861 2489 2962 2552 τῆς
2992 2482 3274 2559 προνοίας,
3308 2483 3398 2538 καὶ
3445 2487 3546 2549 τῆς
3593 2486 3855 2562 κρίσεως,

2188 2572 2306 2635 καθ’
2339 2570 2429 2625 οὖν
2491 2571 2559 2625 τὰ
2613 2571 2787 2626 πάντα
2821 2572 2848 2626 6
2895 2575 2992 2626 τοῦ
3049 2575 3180 2628 Θεοῦ
3241 2572 3413 2649 Λόγος
3467 2575 3736 2646 πεποιηκέ
3792 2597 3853 2632 τε

2187 2660 2276 2714 καὶ
2347 2658 2596 2736 διεξάγει,
2651 2662 2737 2715 καὶ
2813 2658 3019 2737 ἄφυρτα
3103 2667 3376 2734 συντηρεῖ,
3435 2664 3848 2738 τετορνευμένοι

2185 2748 2243 2803 τέ
2300 2748 2402 2804 εἷ’σι
2460 2753 2528 2824 τῇ
2588 2748 2815 2822 ποικίλῃ
2872 2749 3036 2806 αὐτοῦ
3095 2751 3275 2827 σοφίᾳ,
3311 2753 3400 2806 καὶ
3457 2754 3847 2828 καθαρεύοντες

2191 2839 2284 2911 μὶν
2316 2841 2403 2893 οἷα
2435 2839 2640 2914 χρυσὸς
2671 2834 2972 2908 ἀκίϐδηλος
3003 2841 3180 2909 πάσης
3229 2839 3440 2904 ἐννοίας
3482 2840 3738 2917 ψευδοῦς,
3771 2844 3848 2908 ὡς

2186 2925 2241 2982 δὲ
2300 2932 2397 2982 τοῦ
2456 2928 2651 3003 Θαρσῖς
2728 2927 3054 3001 (ἐπισκοπῆς
3122 2935 3298 3006 χαρᾶς
3359 2930 3844 3007 ἐρμηνευομένου),

2185 3016 2620 3094 πεπληρωμένοι
2672 3017 2912 3088 ἀληθοῦς
2963 3021 3362 3089 κατανοήσεως,
3396 3027 3497 3090 τῆς
3554 3024 3622 3076 τὰ
3672 3021 3847 3080 πάντα

2185 3107 2579 3185 εύφραινούσης
2667 3107 3000 3182 ἀγαθότητος
3084 3109 3270 3177 αὐτοῦ,
3321 3108 3844 3187 ἐτυμολογουμένης

2183 3197 2329 3272 παρᾶ
2379 3198 2441 3252 τὸ
2500 3194 2627 3273 ἄγαν
2687 3197 2843 3268 εἶναι,
2901 3197 2936 3266 ἢ
2988 3197 3342 3268 τεθεῖσθαι,ἢ
3403 3200 3564 3263 θέειν.
3617 3203 3694 3260 Τὸ
3745 3203 3840 3276 μὶν

412 3288 730 3355 cessiones,
764 3290 992 3340 motum
1027 3286 1157 3355 ejus
1206 3288 1337 3339 actu
1390 3284 1840 3356 sempiternum.
1881 3286 2071 3340 Venter

2189 3286 2277 3362 γάρ
2311 3285 2581 3340 εἶναιτῶν
2635 3282 2831 3358 ὄντων,
2863 3286 2924 3340 τὸ
2976 3286 3248 3362 ὑπερεῖναι
3295 3292 3392 3342 τοῦ
3441 3294 3576 3345 Θεοῦ
3634 3287 3840 3360 δηλοῖ’

412 3374 532 3441 eius
561 3375 717 3444 piris
761 3376 990 3444 exigua,
1040 3373 1306 3443 eburnea,
1341 3389 1509 3444 super
1558 3373 1749 3444 lapide
1786 3374 2068 3444 sapphiro.

412 3464 554 3533 Ejus
587 3462 868 3518 nimirum
903 3463 1192 3533 sapientia
1240 3479 1368 3533 qua:
1406 3462 1463 3516 in
1497 3478 1558 3516 se
1603 3461 1735 3533 ipsa
1781 3467 2071 3532 quatenus

420 3568 599 3606 causa
628 3554 778 3623 gerit
825 3553 1080 3606 rationes
1131 3567 1330 3606 rerum
1373 3551 1711 3606 subvectum
1765 3551 1940 3607 habet
1970 3570 2072 3624 per

420 3642 741 3698 essentiam
773 3659 840 3697 ea
874 3659 1002 3713 quae
1042 3641 1293 3697 visibilis
1324 3644 1482 3708 sunt,
1537 3646 1601 3696 ut
1650 3641 1904 3713 lapidem
1941 3660 2070 3714 sap-

417 3731 655 3804 phirum
707 3737 943 3804 propter
991 3732 1334 3787 ﬁrmitatem
1382 3735 1558 3802 atque
1597 3729 2066 3788 immobililatem

415 3821 788 3893 coloremque
866 3819 1217 3876 caeruleum.
1295 3818 1404 3875 Per
1493 3819 1782 3875 actionem
1869 3826 2066 3878 autem

415 3911 711 3984 descripta
743 3913 833 3966 est
886 3911 945 3964 in
996 3910 1172 3966 rebus
1228 3910 1572 3981 procreatis,
1634 3926 1737 3980 per
1785 3927 1934 3982 quas
1981 3911 2066 3967 uti

410 4000 560 4057 liber
589 4001 831 4073 quidam
872 4001 1188 4066 eburneus,
1239 3999 1460 4070 politus
1491 4003 1548 4054 et
1579 4017 1764 4072 purus
1805 4001 2063 4057 divinam

409 4095 536 4146 tum
551 4091 796 4163 gloriam
821 4094 948 4145 tum
971 4089 1464 4159 magniﬁcentiam
1483 4105 1614 4145 vere
1637 4090 2066 4163 perspicueque

410 4184 806 4252 repraesentat.
840 4179 1160 4236 Invisibilia
1189 4180 1336 4234 enim
1360 4179 1535 4248 ipsius
1565 4188 1872 4235 acrealura
1901 4198 2064 4236 mun-

409 4268 468 4323 di
491 4285 592 4340 per
621 4285 685 4324 ea
711 4285 830 4341 qua:
858 4270 1013 4338 facta
1051 4270 1198 4336 sunt,
1243 4268 1524 4323 intellecta
1555 4271 1973 4340 conspiciuntur
1997 4271 2062 4336 ⁵⁸,

412 4364 477 4413 ut
511 4375 761 4430 magnus
784 4358 866 4412 ait
893 4356 1229 4429 Apostolus.
1263 4362 1453 4428 Atque
1478 4357 1585 4413 hoc
1617 4359 1856 4429 quidem
1892 4359 2064 4415 modo

407 4464 577 4504 mens
598 4465 666 4503 ex
697 4447 769 4502 iis
803 4463 931 4518 qua:
981 4447 1050 4501 de
1107 4445 1224 4502 Deo
1279 4463 1380 4518 per
1428 4447 1557 4518 ejus
1589 4464 1763 4519 opera
1796 4465 2062 4520 compre-

406 4535 1057 4603 henduntur,cernitid
1083 4537 1237 4609 quod
1264 4554 1366 4609 per
1412 4539 1731 4593 essentiam
1774 4538 1903 4606 eius
1946 4555 2061 4595 non

2180 3375 2241 3428 τὸ
2291 3371 2349 3429 δέ
2395 3378 2687 3443 τεθεῖσθαι,
2721 3375 2940 3429 πάντως
2992 3373 3063 3429 δι’
3109 3375 3404 3448 ἀτρέπτους
3459 3377 3588 3443 τοὺς
3630 3379 3839 3436 τούτων

2183 3463 2386 3537 λόγους
2421 3465 2551 3518 εἶναι
2582 3464 2644 3518 τὸ
2672 3463 2872 3518 τούτου
2900 3465 3015 3519 κατ’
3048 3463 3226 3519 οὐσίαν
3260 3467 3486 3539 πάμπαν
3540 3467 3828 3538 ἂκίνητονο

2179 3555 2240 3608 τὸ
2274 3551 2332 3608 δὲ
2362 3555 2497 3608 θέειν
2532 3549 2748 3624 δηλαδὴ
2779 3558 2898 3616 ταῖς
2927 3552 2978 3624 ἐξ
3009 3551 3277 3624 ἀλλήλων
3327 3563 3584 3620 κινεῖσθαι
3642 3553 3829 3612 διαδο-

2181 3649 2309 3718 χαῖς
2372 3643 2433 3696 τὸ
2494 3643 2611 3697 κατ’
2670 3641 2941 3717 ἐνέργειαν
2996 3641 3158 3698 αὐτοῦ
3241 3644 3571 3715 ἀεικίνητον.
3630 3645 3830 3703 Κοιλία

2178 3732 2344 3787 αὐτοῦ
2430 3730 2658 3803 πυξίον,
2741 3729 3086 3808 ἐλεφάντινον
3187 3732 3275 3788 ἐπὶ
3359 3731 3515 3789 λίθου
3602 3735 3828 3815 σαπφεί-

2179 3841 2298 3897 ρουο
2335 3818 2590 3890 δηλονότι
2619 3823 2653 3890 ἡ
2696 3821 2930 3896 φέρουσα
2981 3819 3032 3876 ἐν
3085 3821 3251 3894 ἑαυτῇ
3304 3824 3421 3878 κατ’
3468 3823 3643 3879 αίτίαν
3703 3825 3832 3890 τοὺς

2177 3915 2283 3965 τῶν
2335 3905 2525 3964 ὄντων.
2561 3909 2764 3984 λόγους
2819 3909 3017 3966 τούτου
3077 3911 3260 3989 σοφία,
3314 3912 3670 3987 ὑποκείμενον
3735 3915 3829 3989 μὶν

2177 3995 2295 4074 ἔχει
2325 4001 2441 4054 κατ’
2474 3998 2659 4054 οὐσίαν
2692 4000 2758 4054 τὰ
2791 4000 2992 4074 ἀόρατα
3024 3999 3210 4072 αὐτοῦ,
3243 4005 3334 4056 οἶα
3392 4001 3546 4067 λίθον
3599 4006 3833 4084 σάπφει-

2176 4109 2269 4164 ρον
2304 4086 2392 4144 διά
2419 4110 2477 4144 τε
2504 4089 2566 4143 τὸ
2599 4087 2819 4165 στερρὸν
2849 4089 2939 4144 καὶ
2970 4088 3243 4161 ἀκίνητον,
3275 4091 3365 4145 καὶ
3420 4093 3483 4146 τὸ
3530 4098 3628 4148 τοῦ
3679 4095 3833 4170 χρώ-

2179 4199 2349 4252 ματος
2399 4178 2610 4235 κυανὸν.
2673 4179 3063 4253 Ἐγγέγραπται
3129 4176 3186 4234 δὲ
3260 4182 3378 4235 κατ’
3435 4179 3702 4259 ἐνέργειαν
3761 4187 3829 4258 τῇ

2173 4267 2365 4334 κτίσει,
2398 4269 2513 4321 καθ’
2543 4268 2604 4336 ἦν
2647 4267 2737 4320 οἷά
2790 4288 2871 4331 τις
2931 4262 3125 4343 βίϐλος
3184 4267 3504 4348 ἐλεφαντίνη
3563 4270 3685 4327 λεία
3740 4272 3829 4328 καὶ

2172 4356 2382 4430 καθαρὰ
2411 4357 2510 4424 τὴν
2544 4356 2687 4420 θείαν
2722 4353 2876 4427 δόξαν
2917 4378 2973 4412 τε
3020 4357 3109 4412 καὶ
3167 4357 3641 4437 μεγαλοπρέπειαν
3685 4361 3829 4432 ἀλη-

2176 4451 2284 4510 θῶς
2339 4466 2398 4501 τε
2455 4446 2545 4500 καί
2606 4442 2889 4520 ἀριδὴλως
2945 4447 3259 4521 παρίστησι.
3319 4450 3399 4504 Τὰ
3458 4450 3562 4526 γὰρ
3627 4451 3830 4526 ἀόρατα

2176 4534 2338 4590 αὐτοῦ
2423 4535 2528 4589 ἀπὸ
2614 4535 2838 4597 κτίσεως
2893 4531 3106 4608 κόσμου
3191 4542 3309 4600 τοῖς
3393 4540 3668 4612 ποιήμασι
3743 4540 3826 4594 ἐν-

405 4630 598 4698 potest
618 4623 1058 4697 comprehendi.
1112 4627 1174 4680 In
1209 4641 1273 4680 eo
1307 4630 1501 4682 autem
1537 4626 1691 4696 quod
1728 4643 1830 4697 per
1859 4642 2060 4682 essen-

2189 4624 2438 4697 νοούμενα
2495 4624 2809 4698 καθορᾶται,
2857 4625 2994 4680 κατᾶ
3066 4625 3158 4680 τὸν
3231 4625 3395 4703 μέγαν
3451 4627 3825 4686 Ἀπόστολον·

403 4717 545 4772 tiam
580 4733 693 4772 non
727 4714 1264 4786 comprehenditur,
1288 4733 1321 4770 a
1352 4715 1549 4772 labore
1581 4731 1755 4785 quem
1787 4715 1845 4770 in
1883 4733 2057 4771 cursu

402 4805 750 4878 speculandi
811 4804 1077 4876 percipit,
1133 4805 1450 4876 requiescit
1489 4821 1502 4859 :
1555 4805 1688 4872 (Qui
1717 4803 1873 4859 enim
1905 4805 2062 4861 addit

400 4898 716 4967 scientiam,
746 4896 902 4950 addit
932 4894 1257 4966 dolorem")
1303 4895 1804 4965 conﬁrmaturque
1854 4911 2062 4951 rursus

402 4987 474 5041 ad
508 5002 704 5041 rerum
739 4985 1316 5057 contemplationem.
1369 4984 1878 5050 Quemadmodum
1929 4983 2060 5040 albo

403 5074 594 5130 colore
625 5074 890 5146 corporis
913 5074 1081 5128 oculo
1113 5072 1454 5129 videndivis
1487 5073 1798 5145 frangitur,
1824 5074 2059 5129 eadem-

404 5181 521 5234 qua
543 5180 778 5219 rursum
812 5180 916 5235 per
947 5179 1079 5218 cum
1106 5163 1272 5234 nigro
1297 5162 1646 5234 permistum
1699 5160 1958 5217 reficitur
2003 5167 2062 5217 et

402 5256 719 5308 recreatur.
751 5254 829 5307 Ac
867 5259 1069 5307 venter
1090 5252 1326 5322 quidem
1353 5255 1438 5305 est
1473 5249 1629 5304 talis.
1665 5249 1841 5305 Crura
1863 5255 2056 5306 autem

402 5343 558 5397 illius
586 5344 858 5398 columnae
906 5357 1258 5406 marmoreae,
1291 5356 1415 5413 quae
1442 5340 1690 5411 fundatae
1717 5347 1849 5394 sunt
1894 5356 2060 5412 super

399 5434 551 5488 bases
579 5447 802 5489 aureas.
834 5433 954 5488 Duo
984 5431 1287 5502 vedelicet,
1321 5447 1558 5487 summa
1589 5435 1646 5486 et
1675 5447 1803 5501 quae
1836 5429 2058 5501 reliqua

398 5523 894 5594 complectuntur,
928 5520 1087 5576 illius
1147 5520 1450 5591 mandata,
1487 5524 1550 5575 ut
1594 5536 1729 5577 eum
1777 5524 1835 5576 et
1863 5520 2054 5591 proxi-

469 5739 514 5777 ³⁸
543 5739 713 5800 Rom.
746 5755 787 5813 ι,
811 5737 903 5799 20.
978 5738 1025 5779 "
1051 5735 1242 5798 Eoole.
1274 5753 1314 5813 ι,
1346 5737 1436 5797 18.

2171 4713 2259 4767 καὶ
2302 4712 2744 4788 τοιουτοτρόπως
2789 4713 2816 4768 6
2847 4719 2970 4776 νοῦς
3030 4713 3081 4769 ἐν
3138 4715 3232 4786 μὶν
3270 4721 3351 4788 τῷ
3399 4724 3511 4772 κατ’
3561 4717 3828 4795 ἐνέργειαν

2169 4806 2265 4856 τοῦ
2296 4801 2453 4857 Θείου
2479 4800 2837 4874 καταληπτῷ,
2873 4803 2972 4876 ὁρᾷ
3002 4803 3064 4857 τὸ
3111 4805 3228 4858 κατ’
3261 4804 3443 4860 οὐσίαν
3495 4807 3661 4862 αὐτοῦ
3697 4807 3831 4863 ἀκα-

2169 4890 2481 4960 τάληπτον³
2518 4891 2570 4946 έν
2631 4889 2689 4945 δὲ
2745 4895 2824 4963 τῷ
2875 4893 2992 4947 κατ’
3028 4891 3210 4947 οὐσίαν
3267 4893 3637 4970 ἀκαταλήπτῳ
3695 4897 3827 4952 ivu-

2171 4979 2394 5035 παύεται
2433 4981 2527 5054 μὲν
2572 4984 2670 5035 τοῦ
2703 4979 2754 5035 ἐν
2782 4984 2861 5052 τῷ
2901 4981 3038 5034 κατά
3096 4979 3326 5056 θεωρίαν
3383 4979 3575 5058 δρόμῳ
3625 4980 3828 5063 ἄλγους

2171 5071 2254 5143 (Ὁ
2313 5070 2416 5144 γὰρ
2471 5069 2780 5144 προστιθεὶς
2838 5073 3056 5145 γνῶσιν,
3113 5070 3469 5144 προστίθησιν
3554 5072 3826 5149 ἄλγημα),

2169 5157 2558 5232 ὲνδυναμοῦται
2592 5155 2649 5213 δέ
2674 5179 2792 5220 πως
2821 5157 2988 5213 πάλιν
3016 5159 3153 5232 πρὸς
3205 5160 3430 5236 θεωρίαν
3480 5167 3588 5218 τῶν
3631 5159 3825 5221 ὄντων.

2167 5252 2370 5320 Ὥσπερ
2401 5254 2494 5303 καῖ
2525 5249 2553 5302 6
2583 5247 2844 5318 αίσθητὸς
2873 5246 3158 5322 ὀφθαλμὸς
3213 5249 3478 5322 ἀτονήσας
3525 5255 3625 5323 τήν
3675 5249 3828 5328 ὄψιν,

2169 5334 2516 5413 διαχυθεῖσαν
2566 5341 2645 5409 τῷ
2689 5335 2870 5410 λευκῷ
2899 5337 3180 5412 χρώματι,
3213 5335 3368 5404 αὖθις
3425 5341 3827 5412 ἀνακαινίζεται

2167 5429 2284 5481 κατ’
2313 5425 2504 5496 αὐτὴν,
2535 5424 2977 5500 συστελλομένην
3031 5430 3101 5502 τῇ
3145 5429 3449 5503 παραμιξίᾳ
3502 5435 3602 5486 τοῦ
3661 5429 3830 5504 μέλαο

2165 5537 2279 5579 νος.
2313 5516 2418 5572 Καὶ
2465 5515 2626 5590 ἠμὲν
2656 5514 2845 5572 κοιλία
2885 5514 3135 5590 τοιαύτη.
3167 5517 3242 5575 Αἱ
3283 5515 3340 5573 δὲ
3390 5525 3596 5594 κνῆμαι
3656 5517 3831 5576 αὐτοῦ
