  <div class='ocr_page' id='page_1' title='image "/cluster/home/n/w/nwhite01/storage/ocr_20150623/122:no.2/coo.31924054870278/332.png"; bbox 0 0 4110 6414; ppageno 0'>
   <div class='ocr_carea' id='block_1_1' title="bbox 310 396 432 458">
    <p class='ocr_par' dir='ltr' id='par_1_1' title="bbox 310 396 432 458">
     <span class='ocr_line' id='line_1_1' title="bbox 310 396 432 458; baseline 0 0"><span class='ocrx_word' id='word_1_1' title='bbox 310 396 432 458; x_wconf 74' lang='grc'><strong>649</strong></span> 
     </span>
    </p>
   </div>
   <div class='ocr_carea' id='block_1_2' title="bbox 311 523 504 583">
    <p class='ocr_par' dir='ltr' id='par_1_2' title="bbox 311 523 504 583">
     <span class='ocr_line' id='line_1_2' title="bbox 311 523 504 583; baseline -0.016 0"><span class='ocrx_word' id='word_1_2' title='bbox 311 523 504 583; x_wconf 75' lang='grc' dir='ltr'>στύλοι</span> 
     </span>
    </p>
   </div>
   <div class='ocr_carea' id='block_1_3' title="bbox 312 614 1966 695">
    <p class='ocr_par' dir='ltr' id='par_1_3' title="bbox 312 614 1966 695">
     <span class='ocr_line' id='line_1_3' title="bbox 312 614 1966 695; baseline -0.001 -23"><span class='ocrx_word' id='word_1_3' title='bbox 312 621 544 695; x_wconf 78' lang='grc' dir='ltr'><strong>χρυσᾶς·</strong></span> <span class='ocrx_word' id='word_1_4' title='bbox 606 614 802 692; x_wconf 71' lang='grc' dir='ltr'>ἤγουν,</span> <span class='ocrx_word' id='word_1_5' title='bbox 863 617 918 672; x_wconf 79' lang='grc' dir='ltr'>αἱ</span> <span class='ocrx_word' id='word_1_6' title='bbox 967 614 1208 672; x_wconf 84' lang='grc' dir='ltr'>καθόλου</span> <span class='ocrx_word' id='word_1_7' title='bbox 1259 615 1351 671; x_wconf 76' lang='grc' dir='ltr'>καὶ</span> <span class='ocrx_word' id='word_1_8' title='bbox 1399 621 1506 671; x_wconf 80' lang='grc' dir='ltr'><strong>τῶν</strong></span> <span class='ocrx_word' id='word_1_9' title='bbox 1562 614 1748 671; x_wconf 74' lang='grc' dir='ltr'>ἄλλων</span> <span class='ocrx_word' id='word_1_10' title='bbox 1781 619 1966 671; x_wconf 82' lang='grc' dir='ltr'>πασῶν</span> 
     </span>
    </p>
   </div>
   <div class='ocr_carea' id='block_1_4' title="bbox 314 702 1967 783">
    <p class='ocr_par' dir='ltr' id='par_1_4' title="bbox 314 702 1967 783">
     <span class='ocr_line' id='line_1_4' title="bbox 314 702 1967 783; baseline -0.001 -21"><span class='ocrx_word' id='word_1_11' title='bbox 314 705 708 783; x_wconf 85' lang='grc' dir='ltr'>περιληπτικαί</span> <span class='ocrx_word' id='word_1_12' title='bbox 743 703 838 761; x_wconf 67' lang='grc' dir='ltr'><strong>δύο</strong></span> <span class='ocrx_word' id='word_1_13' title='bbox 869 704 1108 762; x_wconf 80' lang='grc' dir='ltr'>ἐντολαί·</span> <span class='ocrx_word' id='word_1_14' title='bbox 1149 707 1184 776; x_wconf 83' lang='grc' dir='ltr'><strong>ἠ</strong></span> <span class='ocrx_word' id='word_1_15' title='bbox 1237 705 1313 768; x_wconf 63' lang='grc' dir='ltr'>ετς</span> <span class='ocrx_word' id='word_1_16' title='bbox 1345 705 1503 760; x_wconf 78' lang='grc' dir='ltr'>αὐτὸν</span> <span class='ocrx_word' id='word_1_17' title='bbox 1538 702 1754 776; x_wconf 85' lang='grc' dir='ltr'>δηλαδη</span> <span class='ocrx_word' id='word_1_18' title='bbox 1782 705 1967 781; x_wconf 80' lang='grc' dir='ltr'><strong>ἀγάπη</strong></span> 
     </span>
    </p>
   </div>
   <div class='ocr_carea' id='block_1_5' title="bbox 314 795 1973 870">
    <p class='ocr_par' dir='ltr' id='par_1_5' title="bbox 314 795 1973 870">
     <span class='ocr_line' id='line_1_5' title="bbox 314 795 1973 870; baseline -0.004 -15"><span class='ocrx_word' id='word_1_19' title='bbox 314 800 404 855; x_wconf 77' lang='grc' dir='ltr'>καὶ</span> <span class='ocrx_word' id='word_1_20' title='bbox 437 798 512 860; x_wconf 72' lang='grc' dir='ltr'>εἱς</span> <span class='ocrx_word' id='word_1_21' title='bbox 557 797 649 852; x_wconf 86' lang='grc' dir='ltr'>τὸν</span> <span class='ocrx_word' id='word_1_22' title='bbox 700 795 938 868; x_wconf 83' lang='grc' dir='ltr'><strong>πλησίον</strong></span> <span class='ocrx_word' id='word_1_23' title='bbox 995 797 1099 870; x_wconf 82' lang='grc' dir='ltr'>(οἷς</span> <span class='ocrx_word' id='word_1_24' title='bbox 1159 795 1318 858; x_wconf 78' lang='grc' dir='ltr'>αὐτὸς</span> <span class='ocrx_word' id='word_1_25' title='bbox 1378 796 1406 851; x_wconf 91' lang='lat'><strong>6</strong></span> <span class='ocrx_word' id='word_1_26' title='bbox 1463 799 1558 850; x_wconf 80' lang='grc' dir='ltr'><strong>τοῦ</strong></span> <span class='ocrx_word' id='word_1_27' title='bbox 1613 799 1747 851; x_wconf 87' lang='grc' dir='ltr'>Θεοῦ</span> <span class='ocrx_word' id='word_1_28' title='bbox 1801 795 1973 870; x_wconf 87' lang='grc' dir='ltr'><strong>Λόγος</strong></span> 
     </span>
    </p>
   </div>
   <div class='ocr_carea' id='block_1_6' title="bbox 318 883 1972 962">
    <p class='ocr_par' dir='ltr' id='par_1_6' title="bbox 318 883 1972 962">
     <span class='ocr_line' id='line_1_6' title="bbox 318 883 1972 962; baseline -0.005 -16"><span class='ocrx_word' id='word_1_29' title='bbox 318 889 410 946; x_wconf 79' lang='grc' dir='ltr'>οἷά</span> <span class='ocrx_word' id='word_1_30' title='bbox 434 909 545 944; x_wconf 89' lang='grc' dir='ltr'>τισι</span> <span class='ocrx_word' id='word_1_31' title='bbox 576 889 836 960; x_wconf 76' lang='grc' dir='ltr'><strong>κνήμαις,</strong></span> <span class='ocrx_word' id='word_1_32' title='bbox 893 885 945 941; x_wconf 71' lang='grc' dir='ltr'>ἐν</span> <span class='ocrx_word' id='word_1_33' title='bbox 975 891 1096 949; x_wconf 90' lang='grc' dir='ltr'>ταῖς</span> <span class='ocrx_word' id='word_1_34' title='bbox 1149 890 1369 948; x_wconf 84' lang='grc' dir='ltr'>πισταῖς</span> <span class='ocrx_word' id='word_1_35' title='bbox 1407 883 1579 962; x_wconf 84' lang='grc' dir='ltr'><strong>βαίνει</strong></span> <span class='ocrx_word' id='word_1_36' title='bbox 1621 888 1848 961; x_wconf 80' lang='grc' dir='ltr'>ψυχαῖς,</span> <span class='ocrx_word' id='word_1_37' title='bbox 1881 885 1972 940; x_wconf 86' lang='grc' dir='ltr'><strong>καὶ</strong></span> 
     </span>
    </p>
   </div>
   <div class='ocr_carea' id='block_1_7' title="bbox 316 974 1971 1054">
    <p class='ocr_par' dir='ltr' id='par_1_7' title="bbox 316 974 1971 1054">
     <span class='ocr_line' id='line_1_7' title="bbox 316 974 1971 1054; baseline -0.004 -20"><span class='ocrx_word' id='word_1_38' title='bbox 316 979 408 1036; x_wconf 83' lang='grc' dir='ltr'>τὸν</span> <span class='ocrx_word' id='word_1_39' title='bbox 465 975 670 1054; x_wconf 84' lang='grc' dir='ltr'>δρόμον</span> <span class='ocrx_word' id='word_1_40' title='bbox 736 974 789 1032; x_wconf 81' lang='grc' dir='ltr'>ἐν</span> <span class='ocrx_word' id='word_1_41' title='bbox 867 975 1086 1039; x_wconf 72' lang='grc' dir='ltr'>ταύταις</span> <span class='ocrx_word' id='word_1_42' title='bbox 1141 980 1379 1032; x_wconf 84' lang='grc' dir='ltr'>ποιεῖται</span> <span class='ocrx_word' id='word_1_43' title='bbox 1436 975 1573 1030; x_wconf 84' lang='grc' dir='ltr'>κατᾶ</span> <span class='ocrx_word' id='word_1_44' title='bbox 1626 979 1824 1051; x_wconf 76' lang='grc' dir='ltr'>γνῶσιν</span> <span class='ocrx_word' id='word_1_45' title='bbox 1883 974 1971 1030; x_wconf 81' lang='grc' dir='ltr'><strong>καὶ</strong></span> 
     </span>
    </p>
   </div>
   <div class='ocr_carea' id='block_1_8' title="bbox 315 1063 1976 1145">
    <p class='ocr_par' dir='ltr' id='par_1_8' title="bbox 315 1063 1976 1145">
     <span class='ocr_line' id='line_1_8' title="bbox 315 1063 1976 1145; baseline -0.004 -20"><span class='ocrx_word' id='word_1_46' title='bbox 315 1069 557 1145; x_wconf 81' lang='grc' dir='ltr'>ἀρετὴν),</span> <span class='ocrx_word' id='word_1_47' title='bbox 631 1067 722 1123; x_wconf 66' lang='grc' dir='ltr'>οἷά</span> <span class='ocrx_word' id='word_1_48' title='bbox 773 1087 917 1128; x_wconf 88' lang='grc' dir='ltr'>τινες</span> <span class='ocrx_word' id='word_1_49' title='bbox 976 1063 1166 1121; x_wconf 80' lang='grc' dir='ltr'>στύλοι</span> <span class='ocrx_word' id='word_1_50' title='bbox 1229 1065 1562 1142; x_wconf 73' lang='grc' dir='ltr'>μαρμάρινοι</span> <span class='ocrx_word' id='word_1_51' title='bbox 1622 1067 1691 1139; x_wconf 79' lang='grc' dir='ltr'><strong>τῇ</strong></span> <span class='ocrx_word' id='word_1_52' title='bbox 1750 1063 1976 1141; x_wconf 73' lang='grc' dir='ltr'>ἆῤῥαγεῖ</span> 
     </span>
    </p>
   </div>
   <div class='ocr_carea' id='block_1_9' title="bbox 317 1153 1971 1235">
    <p class='ocr_par' dir='ltr' id='par_1_9' title="bbox 317 1153 1971 1235">
     <span class='ocr_line' id='line_1_9' title="bbox 317 1153 1971 1235; baseline -0.004 -20"><span class='ocrx_word' id='word_1_53' title='bbox 317 1157 518 1227; x_wconf 84' lang='grc' dir='ltr'>πίστει,</span> <span class='ocrx_word' id='word_1_54' title='bbox 577 1157 804 1235; x_wconf 49' lang='grc' dir='ltr'>καὶ,τῷ</span> <span class='ocrx_word' id='word_1_55' title='bbox 859 1155 1100 1233; x_wconf 80' lang='grc' dir='ltr'>λαμπρῷ</span> <span class='ocrx_word' id='word_1_56' title='bbox 1157 1155 1261 1233; x_wconf 85' lang='grc' dir='ltr'><strong>βίῳ</strong></span> <span class='ocrx_word' id='word_1_57' title='bbox 1320 1153 1746 1232; x_wconf 83' lang='grc' dir='ltr'>ὑπερανέχουσαι</span> <span class='ocrx_word' id='word_1_58' title='bbox 1814 1153 1971 1208; x_wconf 80' lang='grc' dir='ltr'>αὐτὸν</span> 
     </span>
    </p>
   </div>
   <div class='ocr_carea' id='block_1_10' title="bbox 315 1239 1972 1322">
    <p class='ocr_par' dir='ltr' id='par_1_10' title="bbox 315 1239 1972 1322">
     <span class='ocr_line' id='line_1_10' title="bbox 315 1239 1972 1322; baseline -0.005 -15"><span class='ocrx_word' id='word_1_59' title='bbox 315 1250 409 1307; x_wconf 83' lang='grc' dir='ltr'>τὸν</span> <span class='ocrx_word' id='word_1_60' title='bbox 467 1245 855 1320; x_wconf 76' lang='grc' dir='ltr'><strong>πιστευόμενον</strong></span> <span class='ocrx_word' id='word_1_61' title='bbox 909 1245 1107 1322; x_wconf 83' lang='grc' dir='ltr'>Λόγον⁶</span> <span class='ocrx_word' id='word_1_62' title='bbox 1169 1243 1308 1300; x_wconf 77' lang='grc' dir='ltr'>ὣστε</span> <span class='ocrx_word' id='word_1_63' title='bbox 1367 1245 1444 1319; x_wconf 83' lang='grc' dir='ltr'>μή</span> <span class='ocrx_word' id='word_1_64' title='bbox 1478 1243 1725 1318; x_wconf 80' lang='grc' dir='ltr'>δι’ἠμᾶς</span> <span class='ocrx_word' id='word_1_65' title='bbox 1753 1245 1817 1300; x_wconf 83' lang='grc' dir='ltr'>τὸ</span> <span class='ocrx_word' id='word_1_66' title='bbox 1849 1239 1972 1299; x_wconf 77' lang='grc' dir='ltr'>ὄνο-</span> 
     </span>
    </p>
   </div>
   <div class='ocr_carea' id='block_1_11' title="bbox 322 1333 1974 1412">
    <p class='ocr_par' dir='ltr' id='par_1_11' title="bbox 322 1333 1974 1412">
     <span class='ocr_line' id='line_1_11' title="bbox 322 1333 1974 1412; baseline -0.004 -18"><span class='ocrx_word' id='word_1_67' title='bbox 322 1359 397 1412; x_wconf 89' lang='grc' dir='ltr'><strong>μα</strong></span> <span class='ocrx_word' id='word_1_68' title='bbox 448 1336 615 1394; x_wconf 79' lang='grc' dir='ltr'>αὐτοῦ</span> <span class='ocrx_word' id='word_1_69' title='bbox 688 1333 1046 1392; x_wconf 78' lang='grc' dir='ltr'><strong>καταπίπτειν</strong></span> <span class='ocrx_word' id='word_1_70' title='bbox 1105 1333 1181 1400; x_wconf 84' lang='grc' dir='ltr'>εἷς</span> <span class='ocrx_word' id='word_1_71' title='bbox 1234 1333 1297 1390; x_wconf 86' lang='grc' dir='ltr'>τὸ</span> <span class='ocrx_word' id='word_1_72' title='bbox 1361 1333 1799 1410; x_wconf 73' lang='grc' dir='ltr'>βλασφημεῖσθαι</span> <span class='ocrx_word' id='word_1_73' title='bbox 1855 1339 1974 1396; x_wconf 87' lang='grc' dir='ltr'>τοῖς</span> 
     </span>
    </p>
   </div>
   <div class='ocr_carea' id='block_1_12' title="bbox 319 1422 1974 1500">
    <p class='ocr_par' dir='ltr' id='par_1_12' title="bbox 319 1422 1974 1500">
     <span class='ocr_line' id='line_1_12' title="bbox 319 1422 1974 1500; baseline -0.004 -16"><span class='ocrx_word' id='word_1_74' title='bbox 319 1426 542 1500; x_wconf 67' lang='grc' dir='ltr'>ἔθνεσιν,</span> <span class='ocrx_word' id='word_1_75' title='bbox 621 1422 1000 1498; x_wconf 75' lang='grc' dir='ltr'>ήδραιωμέναι</span> <span class='ocrx_word' id='word_1_76' title='bbox 1073 1423 1208 1480; x_wconf 79' lang='grc' dir='ltr'>εἷ’σὶν</span> <span class='ocrx_word' id='word_1_77' title='bbox 1286 1423 1363 1486; x_wconf 85' lang='grc' dir='ltr'><strong>ὡς</strong></span> <span class='ocrx_word' id='word_1_78' title='bbox 1421 1423 1509 1478; x_wconf 87' lang='grc' dir='ltr'>έπί</span> <span class='ocrx_word' id='word_1_79' title='bbox 1571 1444 1683 1478; x_wconf 86' lang='grc' dir='ltr'>τισι</span> <span class='ocrx_word' id='word_1_80' title='bbox 1742 1427 1974 1500; x_wconf 83' lang='grc' dir='ltr'>χρυσαῖς</span> 
     </span>
    </p>
   </div>
   <div class='ocr_carea' id='block_1_13' title="bbox 323 1509 1976 1594">
    <p class='ocr_par' dir='ltr' id='par_1_13' title="bbox 323 1509 1976 1594">
     <span class='ocr_line' id='line_1_13' title="bbox 323 1509 1976 1594; baseline -0.002 -22"><span class='ocrx_word' id='word_1_81' title='bbox 323 1515 509 1594; x_wconf 82' lang='grc' dir='ltr'>βάσεσι</span> <span class='ocrx_word' id='word_1_82' title='bbox 561 1518 632 1589; x_wconf 79' lang='grc' dir='ltr'><strong>τῇ</strong></span> <span class='ocrx_word' id='word_1_83' title='bbox 691 1513 927 1586; x_wconf 79' lang='grc' dir='ltr'><strong>ἀληθείᾳ</strong></span> <span class='ocrx_word' id='word_1_84' title='bbox 981 1533 1040 1569; x_wconf 90' lang='grc' dir='ltr'><strong>τε</strong></span> <span class='ocrx_word' id='word_1_85' title='bbox 1086 1514 1178 1568; x_wconf 82' lang='grc' dir='ltr'><strong>καὶ</strong></span> <span class='ocrx_word' id='word_1_86' title='bbox 1239 1511 1446 1588; x_wconf 81' lang='grc' dir='ltr'>ἀγαθῷ,</span> <span class='ocrx_word' id='word_1_87' title='bbox 1506 1515 1594 1574; x_wconf 82' lang='grc' dir='ltr'>οἷς</span> <span class='ocrx_word' id='word_1_88' title='bbox 1648 1509 1828 1567; x_wconf 76' lang='grc' dir='ltr'>διὰτὸ</span> <span class='ocrx_word' id='word_1_89' title='bbox 1859 1513 1976 1568; x_wconf 86' lang='grc' dir='ltr'>κατ’</span> 
     </span>
    </p>
   </div>
   <div class='ocr_carea' id='block_1_14' title="bbox 318 1600 1974 1679">
    <p class='ocr_par' dir='ltr' id='par_1_14' title="bbox 318 1600 1974 1679">
     <span class='ocr_line' id='line_1_14' title="bbox 318 1600 1974 1679; baseline -0.002 -18"><span class='ocrx_word' id='word_1_90' title='bbox 318 1604 501 1662; x_wconf 80' lang='grc' dir='ltr'>οὐσίαν</span> <span class='ocrx_word' id='word_1_91' title='bbox 563 1601 828 1679; x_wconf 72' lang='grc' dir='ltr'><strong>ἄτρεπτον</strong></span> <span class='ocrx_word' id='word_1_92' title='bbox 883 1603 975 1658; x_wconf 88' lang='grc' dir='ltr'><strong>καὶ</strong></span> <span class='ocrx_word' id='word_1_93' title='bbox 1030 1603 1092 1657; x_wconf 89' lang='grc' dir='ltr'>τὸ</span> <span class='ocrx_word' id='word_1_94' title='bbox 1149 1603 1266 1658; x_wconf 85' lang='grc' dir='ltr'>κατ’</span> <span class='ocrx_word' id='word_1_95' title='bbox 1325 1600 1592 1679; x_wconf 68' lang='grc' dir='ltr'>ἐνέργειαν</span> <span class='ocrx_word' id='word_1_96' title='bbox 1626 1600 1974 1679; x_wconf 67' lang='grc' dir='ltr'>ἐνεργητικὸν</span> 
     </span>
    </p>
   </div>
   <div class='ocr_carea' id='block_1_15' title="bbox 315 1690 1975 1769">
    <p class='ocr_par' dir='ltr' id='par_1_15' title="bbox 315 1690 1975 1769">
     <span class='ocr_line' id='line_1_15' title="bbox 315 1690 1975 1769; baseline -0.002 -17"><span class='ocrx_word' id='word_1_97' title='bbox 315 1697 381 1752; x_wconf 84' lang='grc' dir='ltr'>τὸ</span> <span class='ocrx_word' id='word_1_98' title='bbox 424 1699 579 1752; x_wconf 84' lang='grc' dir='ltr'>Θεῖον</span> <span class='ocrx_word' id='word_1_99' title='bbox 655 1691 942 1766; x_wconf 84' lang='grc' dir='ltr'>δηλοῦται,</span> <span class='ocrx_word' id='word_1_100' title='bbox 1021 1692 1051 1746; x_wconf 85' lang='lat'>6&#39;</span> <span class='ocrx_word' id='word_1_101' title='bbox 1124 1693 1303 1763; x_wconf 78' lang='grc' dir='ltr'>πάσης</span> <span class='ocrx_word' id='word_1_102' title='bbox 1379 1692 1684 1768; x_wconf 76' lang='grc' dir='ltr'>ὑπέρκειται</span> <span class='ocrx_word' id='word_1_103' title='bbox 1741 1690 1975 1769; x_wconf 69' lang='grc' dir='ltr'>φύσεως.</span> 
     </span>
    </p>
   </div>
   <div class='ocr_carea' id='block_1_16' title="bbox 321 1779 1975 1862">
    <p class='ocr_par' dir='ltr' id='par_1_16' title="bbox 321 1779 1975 1862">
     <span class='ocr_line' id='line_1_16' title="bbox 321 1779 1975 1862; baseline -0.005 -18"><span class='ocrx_word' id='word_1_104' title='bbox 321 1784 476 1844; x_wconf 71' lang='grc' dir='ltr'>Μετὰ</span> <span class='ocrx_word' id='word_1_105' title='bbox 527 1787 656 1862; x_wconf 89' lang='grc' dir='ltr'>γοῦν</span> <span class='ocrx_word' id='word_1_106' title='bbox 713 1783 813 1852; x_wconf 75' lang='grc' dir='ltr'>τὴν</span> <span class='ocrx_word' id='word_1_107' title='bbox 864 1783 1001 1838; x_wconf 88' lang='grc' dir='ltr'><strong>κατά</strong></span> <span class='ocrx_word' id='word_1_108' title='bbox 1061 1782 1225 1858; x_wconf 85' lang='grc' dir='ltr'>μέρος</span> <span class='ocrx_word' id='word_1_109' title='bbox 1288 1786 1385 1836; x_wconf 90' lang='grc' dir='ltr'><strong>τοῦ</strong></span> <span class='ocrx_word' id='word_1_110' title='bbox 1434 1781 1671 1860; x_wconf 78' lang='grc' dir='ltr'>νυμφίου</span> <span class='ocrx_word' id='word_1_111' title='bbox 1699 1779 1975 1856; x_wconf 70' lang='grc' dir='ltr'>έξῆγησιν,</span> 
     </span>
    </p>
   </div>
   <div class='ocr_carea' id='block_1_17' title="bbox 318 1868 2056 1981">
    <p class='ocr_par' dir='ltr' id='par_1_17' title="bbox 318 1868 2056 1981">
     <span class='ocr_line' id='line_1_17' title="bbox 318 1868 2056 1981; baseline -0.002 -51"><span class='ocrx_word' id='word_1_112' title='bbox 318 1871 632 1936; x_wconf 76' lang='grc' dir='ltr'>καθολικῶς</span> <span class='ocrx_word' id='word_1_113' title='bbox 699 1870 865 1928; x_wconf 76' lang='grc' dir='ltr'>πάλιν</span> <span class='ocrx_word' id='word_1_114' title='bbox 924 1873 958 1940; x_wconf 83' lang='grc' dir='ltr'><strong>ἠ</strong></span> <span class='ocrx_word' id='word_1_115' title='bbox 1020 1870 1206 1950; x_wconf 76' lang='grc' dir='ltr'>νύμφη</span> <span class='ocrx_word' id='word_1_116' title='bbox 1263 1870 1330 1926; x_wconf 72' lang='grc' dir='ltr'><strong>τὰ</strong></span> <span class='ocrx_word' id='word_1_117' title='bbox 1357 1871 1479 1945; x_wconf 78' lang='grc' dir='ltr'>περὶ</span> <span class='ocrx_word' id='word_1_118' title='bbox 1515 1869 1681 1925; x_wconf 80' lang='grc' dir='ltr'>αὐτοῦ</span> <span class='ocrx_word' id='word_1_119' title='bbox 1710 1868 1980 1946; x_wconf 75' lang='grc' dir='ltr'>ἀπαγγέλ-</span> <span class='ocrx_word' id='word_1_120' title='bbox 2008 1916 2056 1981; x_wconf 80' lang='grc' dir='ltr'>Β</span> 
     </span>
     <span class='ocr_line' id='line_1_18' title="bbox 323 1956 1940 1981; baseline 0 0"><span class='ocrx_word' id='word_1_121' title='bbox 323 1962 343 1981; x_wconf 50' lang='grc' dir='ltr'><strong>ἢ</strong></span> <span class='ocrx_word' id='word_1_122' title='bbox 617 1967 640 1979; x_wconf 66' lang='grc' dir='ltr'>υ</span> <span class='ocrx_word' id='word_1_123' title='bbox 808 1972 828 1981; x_wconf 65' lang='grc' dir='ltr'><strong>Α</strong></span> <span class='ocrx_word' id='word_1_124' title='bbox 1057 1959 1068 1981; x_wconf 78' lang='grc'><strong><em>1</em></strong></span> <span class='ocrx_word' id='word_1_125' title='bbox 1369 1959 1401 1981; x_wconf 38' lang='grc' dir='ltr'><em>νῙ</em></span> <span class='ocrx_word' id='word_1_126' title='bbox 1441 1978 1450 1981; x_wconf 84' lang='lat'><em>_</em></span> <span class='ocrx_word' id='word_1_127' title='bbox 1513 1956 1630 1981; x_wconf 46' lang='lat'><strong>137$,</strong></span> <span class='ocrx_word' id='word_1_128' title='bbox 1663 1980 1668 1981; x_wconf 61' lang='lat'><strong><em>,</em></strong></span> <span class='ocrx_word' id='word_1_129' title='bbox 1719 1980 1723 1981; x_wconf 64' lang='lat'><strong><em>,</em></strong></span> <span class='ocrx_word' id='word_1_130' title='bbox 1752 1957 1766 1978; x_wconf 72' lang='lat'><strong>’</strong></span> <span class='ocrx_word' id='word_1_131' title='bbox 1821 1963 1869 1981; x_wconf 32' lang='grc' dir='ltr'>καί</span> <span class='ocrx_word' id='word_1_132' title='bbox 1910 1959 1940 1981; x_wconf 33' lang='grc' dir='ltr'><strong>Α(</strong></span> 
     </span>
    </p>
   </div>
   <div class='ocr_carea' id='block_1_18' title="bbox 323 1956 1980 2036">
    <p class='ocr_par' dir='ltr' id='par_1_18' title="bbox 323 1956 1980 2036">
     <span class='ocr_line' id='line_1_19' title="bbox 323 1956 1980 2036; baseline -0.005 -16"><span class='ocrx_word' id='word_1_133' title='bbox 323 1962 498 2020; x_wconf 87' lang='grc' dir='ltr'>λουσα</span> <span class='ocrx_word' id='word_1_134' title='bbox 549 1959 1218 2036; x_wconf 80' lang='grc' dir='ltr'>ταῖς-μαθητευομέναις,</span> <span class='ocrx_word' id='word_1_135' title='bbox 1268 1959 1452 2035; x_wconf 71' lang='grc' dir='ltr'>φησίνο</span> <span class='ocrx_word' id='word_1_136' title='bbox 1513 1956 1671 2022; x_wconf 67' lang='grc' dir='ltr'>Εἶδος</span> <span class='ocrx_word' id='word_1_137' title='bbox 1708 1957 1873 2014; x_wconf 83' lang='grc' dir='ltr'>αὐτοῦ</span> <span class='ocrx_word' id='word_1_138' title='bbox 1904 1959 1980 2022; x_wconf 85' lang='grc' dir='ltr'>ὡς</span> 
     </span>
    </p>
   </div>
   <div class='ocr_carea' id='block_1_19' title="bbox 321 2047 1979 2124">
    <p class='ocr_par' dir='ltr' id='par_1_19' title="bbox 321 2047 1979 2124">
     <span class='ocr_line' id='line_1_20' title="bbox 321 2047 1979 2124; baseline -0.005 -14"><span class='ocrx_word' id='word_1_139' title='bbox 321 2048 582 2122; x_wconf 73' lang='grc' dir='ltr'>Λίϐανος,</span> <span class='ocrx_word' id='word_1_140' title='bbox 660 2050 915 2114; x_wconf 76' lang='grc' dir='ltr'>ἰκλεκτὸς</span> <span class='ocrx_word' id='word_1_141' title='bbox 988 2051 1062 2113; x_wconf 85' lang='grc' dir='ltr'>ὡς</span> <span class='ocrx_word' id='word_1_142' title='bbox 1125 2047 1337 2124; x_wconf 88' lang='grc' dir='ltr'>κέδρος.</span> <span class='ocrx_word' id='word_1_143' title='bbox 1412 2051 1591 2118; x_wconf 87' lang='grc' dir='ltr'>Ἣτοι,</span> <span class='ocrx_word' id='word_1_144' title='bbox 1647 2049 1682 2118; x_wconf 78' lang='grc' dir='ltr'><strong>ἦ</strong></span> <span class='ocrx_word' id='word_1_145' title='bbox 1742 2047 1979 2124; x_wconf 78' lang='grc' dir='ltr'>ἐνέργεια</span> 
     </span>
    </p>
   </div>
   <div class='ocr_carea' id='block_1_20' title="bbox 322 2137 1980 2213">
    <p class='ocr_par' dir='ltr' id='par_1_20' title="bbox 322 2137 1980 2213">
     <span class='ocr_line' id='line_1_21' title="bbox 322 2137 1980 2213; baseline -0.004 -15"><span class='ocrx_word' id='word_1_146' title='bbox 322 2143 487 2199; x_wconf 81' lang='grc' dir='ltr'>αὑτοῦ</span> <span class='ocrx_word' id='word_1_147' title='bbox 542 2142 663 2206; x_wconf 81' lang='grc' dir='ltr'>καθ’</span> <span class='ocrx_word' id='word_1_148' title='bbox 717 2143 779 2210; x_wconf 80' lang='grc' dir='ltr'>ἣν</span> <span class='ocrx_word' id='word_1_149' title='bbox 833 2139 1018 2212; x_wconf 80' lang='grc' dir='ltr'>αὐτὸς,</span> <span class='ocrx_word' id='word_1_150' title='bbox 1075 2141 1110 2210; x_wconf 76' lang='grc' dir='ltr'><strong>ἡ</strong></span> <span class='ocrx_word' id='word_1_151' title='bbox 1168 2143 1266 2194; x_wconf 89' lang='grc' dir='ltr'><strong>τοῦ</strong></span> <span class='ocrx_word' id='word_1_152' title='bbox 1314 2142 1448 2194; x_wconf 86' lang='grc' dir='ltr'>Θεοῦ</span> <span class='ocrx_word' id='word_1_153' title='bbox 1491 2139 1580 2193; x_wconf 86' lang='grc' dir='ltr'><strong>καὶ</strong></span> <span class='ocrx_word' id='word_1_154' title='bbox 1631 2138 1840 2213; x_wconf 79' lang='grc' dir='ltr'>Πατρὸς</span> <span class='ocrx_word' id='word_1_155' title='bbox 1896 2137 1980 2192; x_wconf 81' lang='grc' dir='ltr'>έν-</span> 
     </span>
    </p>
   </div>
   <div class='ocr_carea' id='block_1_21' title="bbox 325 2225 1981 2306">
    <p class='ocr_par' dir='ltr' id='par_1_21' title="bbox 325 2225 1981 2306">
     <span class='ocr_line' id='line_1_22' title="bbox 325 2225 1981 2306; baseline -0.005 -17"><span class='ocrx_word' id='word_1_156' title='bbox 325 2231 631 2295; x_wconf 87' lang='grc' dir='ltr'>υπόστατος</span> <span class='ocrx_word' id='word_1_157' title='bbox 663 2229 895 2305; x_wconf 79' lang='grc' dir='ltr'>δύναμις</span> <span class='ocrx_word' id='word_1_158' title='bbox 953 2228 1435 2306; x_wconf 78' lang='grc' dir='ltr'>χαρακτηρίζεται,</span> <span class='ocrx_word' id='word_1_159' title='bbox 1488 2226 1648 2283; x_wconf 83' lang='grc' dir='ltr'>πᾶσίν</span> <span class='ocrx_word' id='word_1_160' title='bbox 1705 2227 1814 2282; x_wconf 75' lang='grc' dir='ltr'>ἐστι</span> <span class='ocrx_word' id='word_1_161' title='bbox 1865 2225 1981 2282; x_wconf 87' lang='grc' dir='ltr'>δια-</span> 
     </span>
    </p>
   </div>
   <div class='ocr_carea' id='block_1_22' title="bbox 326 2312 1982 2402">
    <p class='ocr_par' dir='ltr' id='par_1_22' title="bbox 326 2312 1982 2402">
     <span class='ocr_line' id='line_1_23' title="bbox 326 2312 1982 2402; baseline -0.004 -24"><span class='ocrx_word' id='word_1_162' title='bbox 326 2323 502 2402; x_wconf 71' lang='grc' dir='ltr'>φανὴς</span> <span class='ocrx_word' id='word_1_163' title='bbox 525 2321 615 2378; x_wconf 85' lang='grc' dir='ltr'><strong>καὶ</strong></span> <span class='ocrx_word' id='word_1_164' title='bbox 643 2317 980 2391; x_wconf 84' lang='grc' dir='ltr'>κατάδηλος,</span> <span class='ocrx_word' id='word_1_165' title='bbox 1013 2319 1088 2383; x_wconf 83' lang='grc' dir='ltr'>ὡς</span> <span class='ocrx_word' id='word_1_166' title='bbox 1117 2319 1180 2374; x_wconf 85' lang='grc' dir='ltr'>τὸ</span> <span class='ocrx_word' id='word_1_167' title='bbox 1237 2313 1366 2394; x_wconf 73' lang='grc' dir='ltr'>ὅρος</span> <span class='ocrx_word' id='word_1_168' title='bbox 1425 2317 1453 2372; x_wconf 97' lang='lat'><strong>6</strong></span> <span class='ocrx_word' id='word_1_169' title='bbox 1511 2312 1768 2390; x_wconf 76' lang='grc' dir='ltr'>Λίϐανος,</span> <span class='ocrx_word' id='word_1_170' title='bbox 1802 2314 1891 2372; x_wconf 77' lang='grc' dir='ltr'>διὰ</span> <span class='ocrx_word' id='word_1_171' title='bbox 1918 2317 1982 2373; x_wconf 84' lang='grc' dir='ltr'>τὸ</span> 
     </span>
    </p>
   </div>
   <div class='ocr_carea' id='block_1_23' title="bbox 331 2405 1982 2488">
    <p class='ocr_par' dir='ltr' id='par_1_23' title="bbox 331 2405 1982 2488">
     <span class='ocr_line' id='line_1_24' title="bbox 331 2405 1982 2488; baseline -0.004 -21"><span class='ocrx_word' id='word_1_172' title='bbox 331 2411 674 2488; x_wconf 77' lang='grc' dir='ltr'>ὑπερκεῖσθαι</span> <span class='ocrx_word' id='word_1_173' title='bbox 701 2415 806 2466; x_wconf 77' lang='grc' dir='ltr'><strong>τῶν</strong></span> <span class='ocrx_word' id='word_1_174' title='bbox 860 2409 1034 2466; x_wconf 77' lang='grc' dir='ltr'>αὐτῶν</span> <span class='ocrx_word' id='word_1_175' title='bbox 1087 2409 1496 2484; x_wconf 73' lang='grc' dir='ltr'>παρακειμένων</span> <span class='ocrx_word' id='word_1_176' title='bbox 1530 2408 1694 2484; x_wconf 79' lang='grc' dir='ltr'>ὁρῶν.</span> <span class='ocrx_word' id='word_1_177' title='bbox 1755 2407 1832 2465; x_wconf 88' lang='grc' dir='ltr'><strong>Τὸ</strong></span> <span class='ocrx_word' id='word_1_178' title='bbox 1878 2405 1982 2483; x_wconf 80' lang='grc' dir='ltr'><strong>γὰρ</strong></span> 
     </span>
    </p>
   </div>
   <div class='ocr_carea' id='block_1_24' title="bbox 328 2495 1986 2577">
    <p class='ocr_par' dir='ltr' id='par_1_24' title="bbox 328 2495 1986 2577">
     <span class='ocr_line' id='line_1_25' title="bbox 328 2495 1986 2577; baseline -0.004 -20"><span class='ocrx_word' id='word_1_179' title='bbox 328 2500 528 2577; x_wconf 80' lang='grc' dir='ltr'>ἀγαθὸν</span> <span class='ocrx_word' id='word_1_180' title='bbox 562 2499 592 2556; x_wconf 76' lang='grc' dir='ltr'>ὅ</span> <span class='ocrx_word' id='word_1_181' title='bbox 637 2502 736 2571; x_wconf 83' lang='grc' dir='ltr'>τήν</span> <span class='ocrx_word' id='word_1_182' title='bbox 790 2499 932 2555; x_wconf 77' lang='grc' dir='ltr'>θείαν</span> <span class='ocrx_word' id='word_1_183' title='bbox 985 2498 1237 2573; x_wconf 84' lang='grc' dir='ltr'>σημαίνει</span> <span class='ocrx_word' id='word_1_184' title='bbox 1291 2496 1584 2574; x_wconf 78' lang='grc' dir='ltr'>ἐνέργειαν,</span> <span class='ocrx_word' id='word_1_185' title='bbox 1637 2495 1791 2575; x_wconf 65' lang='grc' dir='ltr'>φύσει</span> <span class='ocrx_word' id='word_1_186' title='bbox 1839 2496 1986 2572; x_wconf 81' lang='grc' dir='ltr'>παρὰ</span> 
     </span>
    </p>
   </div>
   <div class='ocr_carea' id='block_1_25' title="bbox 325 2585 1984 2666">
    <p class='ocr_par' dir='ltr' id='par_1_25' title="bbox 325 2585 1984 2666">
     <span class='ocr_line' id='line_1_26' title="bbox 325 2585 1984 2666; baseline -0.001 -20"><span class='ocrx_word' id='word_1_187' title='bbox 325 2589 488 2646; x_wconf 78' lang='grc' dir='ltr'>πᾶσίν</span> <span class='ocrx_word' id='word_1_188' title='bbox 534 2589 673 2646; x_wconf 70' lang='grc' dir='ltr'>ἐστιν</span> <span class='ocrx_word' id='word_1_189' title='bbox 723 2590 958 2666; x_wconf 76' lang='grc' dir='ltr'>αἱρετὸν,</span> <span class='ocrx_word' id='word_1_190' title='bbox 1021 2587 1103 2644; x_wconf 78' lang='grc' dir='ltr'>ὅτι</span> <span class='ocrx_word' id='word_1_191' title='bbox 1156 2586 1354 2644; x_wconf 78' lang='grc' dir='ltr'>τούτου</span> <span class='ocrx_word' id='word_1_192' title='bbox 1405 2587 1473 2642; x_wconf 72' lang='grc' dir='ltr'>τὰ</span> <span class='ocrx_word' id='word_1_193' title='bbox 1527 2588 1702 2642; x_wconf 84' lang='grc' dir='ltr'>πάντα</span> <span class='ocrx_word' id='word_1_194' title='bbox 1758 2585 1984 2664; x_wconf 74' lang='grc' dir='ltr'>ἐφίεται.</span> 
     </span>
    </p>
   </div>
   <div class='ocr_carea' id='block_1_26' title="bbox 327 2673 1985 2756">
    <p class='ocr_par' dir='ltr' id='par_1_26' title="bbox 327 2673 1985 2756">
     <span class='ocr_line' id='line_1_27' title="bbox 327 2673 1985 2756; baseline -0.004 -20"><span class='ocrx_word' id='word_1_195' title='bbox 327 2679 526 2756; x_wconf 83' lang='grc' dir='ltr'>Διόπερ</span> <span class='ocrx_word' id='word_1_196' title='bbox 587 2680 726 2736; x_wconf 72' lang='grc' dir='ltr'>κατὰ</span> <span class='ocrx_word' id='word_1_197' title='bbox 793 2681 894 2749; x_wconf 76' lang='grc' dir='ltr'>τὴν</span> <span class='ocrx_word' id='word_1_198' title='bbox 963 2677 1254 2756; x_wconf 73' lang='grc' dir='ltr'>εἰρημένην</span> <span class='ocrx_word' id='word_1_199' title='bbox 1319 2675 1582 2754; x_wconf 73' lang='grc' dir='ltr'>ἐνέργειαν</span> <span class='ocrx_word' id='word_1_200' title='bbox 1647 2673 1900 2738; x_wconf 79' lang='grc' dir='ltr'>ἐκλεκτὸς</span> <span class='ocrx_word' id='word_1_201' title='bbox 1957 2677 1985 2730; x_wconf 88' lang='grc' dir='ltr'>ὁ</span> 
     </span>
    </p>
   </div>
   <div class='ocr_carea' id='block_1_27' title="bbox 326 2763 1988 2850">
    <p class='ocr_par' dir='ltr' id='par_1_27' title="bbox 326 2763 1988 2850">
     <span class='ocr_line' id='line_1_28' title="bbox 326 2763 1988 2850; baseline -0.004 -24"><span class='ocrx_word' id='word_1_202' title='bbox 326 2769 560 2850; x_wconf 73' lang='grc' dir='ltr'>νυμφίος</span> <span class='ocrx_word' id='word_1_203' title='bbox 615 2768 756 2825; x_wconf 76' lang='grc' dir='ltr'>ἐστὶν</span> <span class='ocrx_word' id='word_1_204' title='bbox 817 2768 924 2824; x_wconf 80' lang='grc' dir='ltr'><strong>ἀπὸ</strong></span> <span class='ocrx_word' id='word_1_205' title='bbox 974 2771 1076 2823; x_wconf 86' lang='grc' dir='ltr'><strong>τοῦ</strong></span> <span class='ocrx_word' id='word_1_206' title='bbox 1134 2765 1357 2830; x_wconf 85' lang='grc' dir='ltr'>σκότους</span> <span class='ocrx_word' id='word_1_207' title='bbox 1394 2763 1549 2830; x_wconf 73' lang='grc' dir='ltr'>ὄντος</span> <span class='ocrx_word' id='word_1_208' title='bbox 1598 2765 1687 2822; x_wconf 74' lang='grc' dir='ltr'><strong>καὶ</strong></span> <span class='ocrx_word' id='word_1_209' title='bbox 1722 2770 1834 2845; x_wconf 79' lang='grc' dir='ltr'><strong>φῶς</strong></span> <span class='ocrx_word' id='word_1_210' title='bbox 1862 2765 1988 2821; x_wconf 84' lang='grc' dir='ltr'>ὑπο-</span> 
     </span>
    </p>
   </div>
   <div class='ocr_carea' id='block_1_28' title="bbox 325 2852 1988 2935">
    <p class='ocr_par' dir='ltr' id='par_1_28' title="bbox 325 2852 1988 2935">
     <span class='ocr_line' id='line_1_29' title="bbox 325 2852 1988 2935; baseline -0.004 -20"><span class='ocrx_word' id='word_1_211' title='bbox 325 2859 674 2935; x_wconf 84' lang='grc' dir='ltr'>κρινομένου·</span> <span class='ocrx_word' id='word_1_212' title='bbox 747 2857 927 2935; x_wconf 83' lang='grc' dir='ltr'>ὥσπερ</span> <span class='ocrx_word' id='word_1_213' title='bbox 1004 2858 1055 2912; x_wconf 73' lang='grc' dir='ltr'>οἱ</span> <span class='ocrx_word' id='word_1_214' title='bbox 1108 2854 1323 2932; x_wconf 89' lang='grc' dir='ltr'>κέδροις</span> <span class='ocrx_word' id='word_1_215' title='bbox 1397 2856 1847 2931; x_wconf 87' lang='grc' dir='ltr'>παρεικαζόμενοι</span> <span class='ocrx_word' id='word_1_216' title='bbox 1903 2852 1988 2910; x_wconf 85' lang='grc' dir='ltr'>δί-</span> 
     </span>
    </p>
   </div>
   <div class='ocr_carea' id='block_1_29' title="bbox 326 2944 1987 3024">
    <p class='ocr_par' dir='ltr' id='par_1_29' title="bbox 326 2944 1987 3024">
     <span class='ocr_line' id='line_1_30' title="bbox 326 2944 1987 3024; baseline -0.002 -20"><span class='ocrx_word' id='word_1_217' title='bbox 326 2970 498 3018; x_wconf 87' lang='grc' dir='ltr'>καιοι,</span> <span class='ocrx_word' id='word_1_218' title='bbox 557 2949 662 3004; x_wconf 86' lang='grc' dir='ltr'><strong>ἀπὸ</strong></span> <span class='ocrx_word' id='word_1_219' title='bbox 692 2951 800 3004; x_wconf 77' lang='grc' dir='ltr'><strong>τῶν</strong></span> <span class='ocrx_word' id='word_1_220' title='bbox 860 2944 1059 3003; x_wconf 76' lang='grc' dir='ltr'>ἀδίκων</span> <span class='ocrx_word' id='word_1_221' title='bbox 1120 2946 1211 3001; x_wconf 76' lang='grc' dir='ltr'><strong>καὶ</strong></span> <span class='ocrx_word' id='word_1_222' title='bbox 1269 2950 1550 3021; x_wconf 80' lang='grc' dir='ltr'>πονηρῶν.</span> <span class='ocrx_word' id='word_1_223' title='bbox 1585 2945 1791 3024; x_wconf 79' lang='grc' dir='ltr'>Λάρυγξ</span> <span class='ocrx_word' id='word_1_224' title='bbox 1819 2946 1987 3001; x_wconf 82' lang='grc' dir='ltr'>αὐτοῦ</span> 
     </span>
    </p>
   </div>
   <div class='ocr_carea' id='block_1_30' title="bbox 325 3034 1984 3114">
    <p class='ocr_par' dir='ltr' id='par_1_30' title="bbox 325 3034 1984 3114">
     <span class='ocr_line' id='line_1_31' title="bbox 325 3034 1984 3114; baseline -0.004 -20"><span class='ocrx_word' id='word_1_225' title='bbox 325 3038 670 3114; x_wconf 77' lang='grc' dir='ltr'>γΑυκασμὸς,</span> <span class='ocrx_word' id='word_1_226' title='bbox 724 3037 816 3092; x_wconf 83' lang='grc' dir='ltr'><strong>καὶ</strong></span> <span class='ocrx_word' id='word_1_227' title='bbox 877 3035 1006 3098; x_wconf 77' lang='grc' dir='ltr'>ὅλος</span> <span class='ocrx_word' id='word_1_228' title='bbox 1075 3034 1356 3109; x_wconf 75' lang='grc' dir='ltr'>ἐπιθυμία.</span> <span class='ocrx_word' id='word_1_229' title='bbox 1420 3037 1649 3112; x_wconf 75' lang='grc' dir='ltr'>’Πγουν,</span> <span class='ocrx_word' id='word_1_230' title='bbox 1700 3036 1734 3106; x_wconf 81' lang='grc' dir='ltr'>ἠ</span> <span class='ocrx_word' id='word_1_231' title='bbox 1817 3034 1984 3104; x_wconf 84' lang='grc' dir='ltr'>Καινή</span> 
     </span>
    </p>
   </div>
   <div class='ocr_carea' id='block_1_31' title="bbox 327 3122 1991 3203">
    <p class='ocr_par' dir='ltr' id='par_1_31' title="bbox 327 3122 1991 3203">
     <span class='ocr_line' id='line_1_32' title="bbox 327 3122 1991 3203; baseline -0.004 -20"><span class='ocrx_word' id='word_1_232' title='bbox 327 3130 571 3200; x_wconf 76' lang='grc' dir='ltr'>Δεαθήκη</span> <span class='ocrx_word' id='word_1_233' title='bbox 608 3125 678 3183; x_wconf 83' lang='grc' dir='ltr'><strong>δι’</strong></span> <span class='ocrx_word' id='word_1_234' title='bbox 725 3128 794 3197; x_wconf 83' lang='grc' dir='ltr'><strong>ἧς</strong></span> <span class='ocrx_word' id='word_1_235' title='bbox 827 3126 901 3188; x_wconf 86' lang='grc' dir='ltr'><strong>ὡς</strong></span> <span class='ocrx_word' id='word_1_236' title='bbox 932 3122 1022 3180; x_wconf 87' lang='grc' dir='ltr'>διά</span> <span class='ocrx_word' id='word_1_237' title='bbox 1051 3146 1198 3188; x_wconf 88' lang='grc' dir='ltr'>τινος</span> <span class='ocrx_word' id='word_1_238' title='bbox 1247 3124 1522 3203; x_wconf 80' lang='grc' dir='ltr'>φάρυγγος</span> <span class='ocrx_word' id='word_1_239' title='bbox 1571 3125 1772 3202; x_wconf 80' lang='grc' dir='ltr'>βρῶμα</span> <span class='ocrx_word' id='word_1_240' title='bbox 1819 3128 1991 3178; x_wconf 89' lang='grc' dir='ltr'>ποιεῖ-</span> 
     </span>
    </p>
   </div>
   <div class='ocr_carea' id='block_1_32' title="bbox 325 3212 1987 3291">
    <p class='ocr_par' dir='ltr' id='par_1_32' title="bbox 325 3212 1987 3291">
     <span class='ocr_line' id='line_1_33' title="bbox 325 3212 1987 3291; baseline -0.003 -18"><span class='ocrx_word' id='word_1_241' title='bbox 325 3238 414 3273; x_wconf 87' lang='grc' dir='ltr'><strong>ται</strong></span> <span class='ocrx_word' id='word_1_242' title='bbox 442 3219 542 3288; x_wconf 75' lang='grc' dir='ltr'>τὴν</span> <span class='ocrx_word' id='word_1_243' title='bbox 573 3221 681 3272; x_wconf 82' lang='grc' dir='ltr'><strong>τῶν</strong></span> <span class='ocrx_word' id='word_1_244' title='bbox 712 3215 1008 3291; x_wconf 79' lang='grc' dir='ltr'>ἀνθρώπων</span> <span class='ocrx_word' id='word_1_245' title='bbox 1042 3213 1340 3290; x_wconf 74' lang='grc' dir='ltr'>σωτηρίαν,</span> <span class='ocrx_word' id='word_1_246' title='bbox 1369 3214 1597 3290; x_wconf 75' lang='grc' dir='ltr'>γλυκεῖά</span> <span class='ocrx_word' id='word_1_247' title='bbox 1636 3212 1746 3269; x_wconf 84' lang='grc' dir='ltr'>ἐστι</span> <span class='ocrx_word' id='word_1_248' title='bbox 1777 3212 1987 3288; x_wconf 40' lang='grc' dir='ltr'>τῷ⁴λά-</span> 
     </span>
    </p>
   </div>
   <div class='ocr_carea' id='block_1_33' title="bbox 1360 392 2690 458">
    <p class='ocr_par' dir='ltr' id='par_1_33' title="bbox 1360 392 2690 458">
     <span class='ocr_line' id='line_1_34' title="bbox 1360 392 2690 458; baseline 0.002 -3"><span class='ocrx_word' id='word_1_249' title='bbox 1360 393 1772 457; x_wconf 79' lang='lat' dir='ltr'><strong>COMMENT.</strong></span> <span class='ocrx_word' id='word_1_250' title='bbox 1807 394 1887 455; x_wconf 86' lang='lat' dir='ltr'><strong>IN</strong></span> <span class='ocrx_word' id='word_1_251' title='bbox 1931 392 2340 458; x_wconf 82' lang='lat' dir='ltr'><strong>CANTICUM</strong></span> <span class='ocrx_word' id='word_1_252' title='bbox 2383 396 2690 458; x_wconf 80' lang='lat' dir='ltr'><strong>CANTIC.</strong></span> 
     </span>
    </p>
   </div>
   <div class='ocr_carea' id='block_1_34' title="bbox 618 522 1980 603">
    <p class='ocr_par' dir='ltr' id='par_1_34' title="bbox 618 522 1967 603">
     <span class='ocr_line' id='line_1_35' title="bbox 618 522 1967 603; baseline -0.001 -21"><span class='ocrx_word' id='word_1_253' title='bbox 618 522 954 603; x_wconf 82' lang='grc' dir='ltr'>μαρμάρινοι</span> <span class='ocrx_word' id='word_1_254' title='bbox 1045 522 1511 600; x_wconf 81' lang='grc' dir='ltr'>τεθεμελιωμένοι</span> <span class='ocrx_word' id='word_1_255' title='bbox 1605 524 1694 582; x_wconf 79' lang='grc' dir='ltr'><strong>ἐπὶ</strong></span> <span class='ocrx_word' id='word_1_256' title='bbox 1787 525 1967 602; x_wconf 79' lang='grc' dir='ltr'>βάσεις</span> 
     </span>
    </p>
   </div>
   <div class='ocr_carea' id='block_1_35' title="bbox 2098 522 3737 603">
    <p class='ocr_par' dir='ltr' id='par_1_35' title="bbox 2098 529 3737 603">
     <span class='ocr_line' id='line_1_36' title="bbox 2098 529 3737 603; baseline 0.002 -19"><span class='ocrx_word' id='word_1_257' title='bbox 2098 544 2244 586; x_wconf 84' lang='lat' dir='ltr'><strong>num</strong></span> <span class='ocrx_word' id='word_1_258' title='bbox 2273 529 2594 603; x_wconf 81' lang='lat' dir='ltr'><strong>diligamus</strong></span> <span class='ocrx_word' id='word_1_259' title='bbox 2625 530 2866 603; x_wconf 86' lang='lat' dir='ltr'><strong>(quibus</strong></span> <span class='ocrx_word' id='word_1_260' title='bbox 2897 531 3093 603; x_wconf 89' lang='lat' dir='ltr'><strong>ipsum</strong></span> <span class='ocrx_word' id='word_1_261' title='bbox 3150 531 3246 588; x_wconf 86' lang='lat' dir='ltr'><strong>Dei</strong></span> <span class='ocrx_word' id='word_1_262' title='bbox 3295 531 3549 590; x_wconf 79' lang='lat' dir='ltr'><strong>Verbum</strong></span> <span class='ocrx_word' id='word_1_263' title='bbox 3599 536 3737 590; x_wconf 85' lang='lat' dir='ltr'><strong>tan-</strong></span> 
     </span>
    </p>
   </div>
   <div class='ocr_carea' id='block_1_36' title="bbox 3617 399 3740 462">
    <p class='ocr_par' dir='ltr' id='par_1_36' title="bbox 3617 399 3740 462">
     <span class='ocr_line' id='line_1_37' title="bbox 3617 399 3740 462; baseline 0.033 -4"><span class='ocrx_word' id='word_1_264' title='bbox 3617 399 3740 462; x_wconf 80' lang='lat'><strong>750</strong></span> 
     </span>
    </p>
   </div>
   <div class='ocr_carea' id='block_1_37' title="bbox 2081 620 3734 693">
    <p class='ocr_par' dir='ltr' id='par_1_37' title="bbox 2081 620 3734 693">
     <span class='ocr_line' id='line_1_38' title="bbox 2081 620 3734 693; baseline 0.001 -18"><span class='ocrx_word' id='word_1_265' title='bbox 2081 636 2256 690; x_wconf 89' lang='lat' dir='ltr'><strong>quam</strong></span> <span class='ocrx_word' id='word_1_266' title='bbox 2289 620 2447 677; x_wconf 82' lang='lat' dir='ltr'><strong>binis</strong></span> <span class='ocrx_word' id='word_1_267' title='bbox 2475 621 2747 677; x_wconf 88' lang='lat' dir='ltr'><strong>cruribus</strong></span> <span class='ocrx_word' id='word_1_268' title='bbox 2772 620 2832 676; x_wconf 90' lang='lat' dir='ltr'><strong>in</strong></span> <span class='ocrx_word' id='word_1_269' title='bbox 2867 621 3176 678; x_wconf 79' lang='lat' dir='ltr'><strong>animabus</strong></span> <span class='ocrx_word' id='word_1_270' title='bbox 3200 621 3472 679; x_wconf 84' lang='lat' dir='ltr'><strong>ﬁdelibus</strong></span> <span class='ocrx_word' id='word_1_271' title='bbox 3495 622 3734 693; x_wconf 80' lang='lat' dir='ltr'><strong>incedit,</strong></span> 
     </span>
    </p>
   </div>
   <div class='ocr_carea' id='block_1_38' title="bbox 2081 710 3738 783">
    <p class='ocr_par' dir='ltr' id='par_1_38' title="bbox 2081 710 3738 783">
     <span class='ocr_line' id='line_1_39' title="bbox 2081 710 3738 783; baseline 0.002 -19"><span class='ocrx_word' id='word_1_272' title='bbox 2081 714 2140 765; x_wconf 92' lang='lat' dir='ltr'><strong>et</strong></span> <span class='ocrx_word' id='word_1_273' title='bbox 2170 727 2272 782; x_wconf 89' lang='lat' dir='ltr'><strong>per</strong></span> <span class='ocrx_word' id='word_1_274' title='bbox 2302 710 2614 767; x_wconf 84' lang='lat' dir='ltr'><strong>scientiam</strong></span> <span class='ocrx_word' id='word_1_275' title='bbox 2646 715 2823 783; x_wconf 91' lang='lat' dir='ltr'><strong>atque</strong></span> <span class='ocrx_word' id='word_1_276' title='bbox 2867 710 3142 767; x_wconf 83' lang='lat' dir='ltr'><strong>virtutem</strong></span> <span class='ocrx_word' id='word_1_277' title='bbox 3195 728 3433 766; x_wconf 79' lang='lat' dir='ltr'><strong>cursum</strong></span> <span class='ocrx_word' id='word_1_278' title='bbox 3478 713 3738 781; x_wconf 79' lang='lat' dir='ltr'><strong>coniicit)</strong></span> 
     </span>
    </p>
   </div>
   <div class='ocr_carea' id='block_1_39' title="bbox 2080 799 3738 873">
    <p class='ocr_par' dir='ltr' id='par_1_39' title="bbox 2080 799 3738 873">
     <span class='ocr_line' id='line_1_40' title="bbox 2080 799 3738 873; baseline 0.001 -17"><span class='ocrx_word' id='word_1_279' title='bbox 2080 799 2258 856; x_wconf 87' lang='lat' dir='ltr'><strong>veluti</strong></span> <span class='ocrx_word' id='word_1_280' title='bbox 2304 800 2595 857; x_wconf 70' lang='lat' dir='ltr'><strong>columnae</strong></span> <span class='ocrx_word' id='word_1_281' title='bbox 2651 801 2920 873; x_wconf 77' lang='lat' dir='ltr'><strong>quaedam</strong></span> <span class='ocrx_word' id='word_1_282' title='bbox 2979 817 3337 868; x_wconf 72' lang='lat' dir='ltr'><strong>marmoreae,</strong></span> <span class='ocrx_word' id='word_1_283' title='bbox 3396 801 3568 857; x_wconf 78' lang='lat' dir='ltr'><strong>ﬁrma</strong></span> <span class='ocrx_word' id='word_1_284' title='bbox 3622 802 3738 857; x_wconf 86' lang='lat' dir='ltr'><strong>ﬁde</strong></span> 
     </span>
    </p>
   </div>
   <div class='ocr_carea' id='block_1_40' title="bbox 2084 890 3738 963">
    <p class='ocr_par' dir='ltr' id='par_1_40' title="bbox 2084 890 3738 963">
     <span class='ocr_line' id='line_1_41' title="bbox 2084 890 3738 963; baseline 0.001 -18"><span class='ocrx_word' id='word_1_285' title='bbox 2084 894 2140 946; x_wconf 89' lang='lat' dir='ltr'><strong>et</strong></span> <span class='ocrx_word' id='word_1_286' title='bbox 2165 890 2285 946; x_wconf 88' lang='lat' dir='ltr'><strong>vita</strong></span> <span class='ocrx_word' id='word_1_287' title='bbox 2316 890 2626 963; x_wconf 78' lang='lat' dir='ltr'><strong>splendida</strong></span> <span class='ocrx_word' id='word_1_288' title='bbox 2655 891 2953 947; x_wconf 76' lang='lat' dir='ltr'><strong>sustinent</strong></span> <span class='ocrx_word' id='word_1_289' title='bbox 2982 891 3180 962; x_wconf 86' lang='lat' dir='ltr'><strong>ipsum</strong></span> <span class='ocrx_word' id='word_1_290' title='bbox 3232 891 3481 948; x_wconf 83' lang='lat' dir='ltr'><strong>Verbum</strong></span> <span class='ocrx_word' id='word_1_291' title='bbox 3508 910 3524 960; x_wconf 87' lang='lat'><strong>;</strong></span> <span class='ocrx_word' id='word_1_292' title='bbox 3581 890 3738 962; x_wconf 92' lang='lat' dir='ltr'><strong>quod</strong></span> 
     </span>
    </p>
   </div>
   <div class='ocr_carea' id='block_1_41' title="bbox 2083 979 3739 1052">
    <p class='ocr_par' dir='ltr' id='par_1_41' title="bbox 2083 979 3739 1052">
     <span class='ocr_line' id='line_1_42' title="bbox 2083 979 3739 1052; baseline -0.001 -17"><span class='ocrx_word' id='word_1_293' title='bbox 2083 980 2378 1036; x_wconf 77' lang='lat' dir='ltr'><strong>creditur:</strong></span> <span class='ocrx_word' id='word_1_294' title='bbox 2415 996 2486 1035; x_wconf 87' lang='lat' dir='ltr'><strong>ne</strong></span> <span class='ocrx_word' id='word_1_295' title='bbox 2519 983 2758 1052; x_wconf 83' lang='lat' dir='ltr'><strong>propter</strong></span> <span class='ocrx_word' id='word_1_296' title='bbox 2787 997 2894 1035; x_wconf 91' lang='lat' dir='ltr'><strong>nos</strong></span> <span class='ocrx_word' id='word_1_297' title='bbox 2942 995 3140 1036; x_wconf 79' lang='lat' dir='ltr'><strong>nomen</strong></span> <span class='ocrx_word' id='word_1_298' title='bbox 3189 981 3319 1050; x_wconf 82' lang='lat' dir='ltr'><strong>ejus</strong></span> <span class='ocrx_word' id='word_1_299' title='bbox 3367 995 3435 1035; x_wconf 89' lang='lat' dir='ltr'><strong>eo</strong></span> <span class='ocrx_word' id='word_1_300' title='bbox 3482 979 3739 1046; x_wconf 83' lang='lat' dir='ltr'><strong>decidat,</strong></span> 
     </span>
    </p>
   </div>
   <div class='ocr_carea' id='block_1_42' title="bbox 2084 1069 3739 1142">
    <p class='ocr_par' dir='ltr' id='par_1_42' title="bbox 2084 1069 3739 1142">
     <span class='ocr_line' id='line_1_43' title="bbox 2084 1069 3739 1142; baseline 0.001 -18"><span class='ocrx_word' id='word_1_301' title='bbox 2084 1074 2150 1125; x_wconf 91' lang='lat' dir='ltr'><strong>ut</strong></span> <span class='ocrx_word' id='word_1_302' title='bbox 2179 1071 2330 1126; x_wconf 78' lang='lat' dir='ltr'><strong>inter</strong></span> <span class='ocrx_word' id='word_1_303' title='bbox 2357 1074 2542 1142; x_wconf 80' lang='lat' dir='ltr'><strong>gentes</strong></span> <span class='ocrx_word' id='word_1_304' title='bbox 2592 1070 2999 1142; x_wconf 70' lang='lat' dir='ltr'><strong>blasphematur</strong></span> <span class='ocrx_word' id='word_1_305' title='bbox 3027 1070 3090 1124; x_wconf 72' lang='grc' dir='ltr'><strong>⁸ο.</strong></span> <span class='ocrx_word' id='word_1_306' title='bbox 3122 1069 3397 1125; x_wconf 69' lang='lat' dir='ltr'><strong>Fundataa</strong></span> <span class='ocrx_word' id='word_1_307' title='bbox 3449 1072 3589 1125; x_wconf 86' lang='lat' dir='ltr'><strong>sunt</strong></span> <span class='ocrx_word' id='word_1_308' title='bbox 3637 1086 3739 1125; x_wconf 89' lang='lat' dir='ltr'><strong>su-</strong></span> 
     </span>
    </p>
   </div>
   <div class='ocr_carea' id='block_1_43' title="bbox 2083 1146 3740 1232">
    <p class='ocr_par' dir='ltr' id='par_1_43' title="bbox 2083 1146 3740 1232">
     <span class='ocr_line' id='line_1_44' title="bbox 2083 1146 3740 1232; baseline 0 -18"><span class='ocrx_word' id='word_1_309' title='bbox 2083 1175 2188 1232; x_wconf 90' lang='lat' dir='ltr'><strong>per</strong></span> <span class='ocrx_word' id='word_1_310' title='bbox 2217 1160 2390 1216; x_wconf 84' lang='lat' dir='ltr'><strong>bases</strong></span> <span class='ocrx_word' id='word_1_311' title='bbox 2419 1175 2648 1227; x_wconf 87' lang='lat' dir='ltr'><strong>aurcas,</strong></span> <span class='ocrx_word' id='word_1_312' title='bbox 2699 1176 2903 1215; x_wconf 88' lang='lat' dir='ltr'><strong>verum</strong></span> <span class='ocrx_word' id='word_1_313' title='bbox 2950 1146 3006 1216; x_wconf 84' lang='lat' dir='ltr'><strong>et</strong></span> <span class='ocrx_word' id='word_1_314' title='bbox 3051 1160 3297 1227; x_wconf 89' lang='lat' dir='ltr'><strong>bonum,</strong></span> <span class='ocrx_word' id='word_1_315' title='bbox 3349 1157 3567 1230; x_wconf 88' lang='lat' dir='ltr'><strong>quibus</strong></span> <span class='ocrx_word' id='word_1_316' title='bbox 3615 1166 3740 1214; x_wconf 84' lang='lat' dir='ltr'><strong>tum</strong></span> 
     </span>
    </p>
   </div>
   <div class='ocr_carea' id='block_1_44' title="bbox 2085 1248 3741 1322">
    <p class='ocr_par' dir='ltr' id='par_1_44' title="bbox 2085 1248 3741 1322">
     <span class='ocr_line' id='line_1_45' title="bbox 2085 1248 3741 1322; baseline 0 -18"><span class='ocrx_word' id='word_1_317' title='bbox 2085 1253 2557 1322; x_wconf 72' lang='lat' dir='ltr'><strong>prOpternaturaa</strong></span> <span class='ocrx_word' id='word_1_318' title='bbox 2579 1248 3143 1321; x_wconf 86' lang='lat' dir='ltr'><strong>immutabilitatem,</strong></span> <span class='ocrx_word' id='word_1_319' title='bbox 3184 1253 3308 1304; x_wconf 89' lang='lat' dir='ltr'><strong>tum</strong></span> <span class='ocrx_word' id='word_1_320' title='bbox 3343 1252 3581 1321; x_wconf 80' lang='lat' dir='ltr'><strong>propter</strong></span> <span class='ocrx_word' id='word_1_321' title='bbox 3607 1264 3741 1320; x_wconf 87' lang='lat' dir='ltr'><strong>pro-</strong></span> 
     </span>
    </p>
   </div>
   <div class='ocr_carea' id='block_1_45' title="bbox 2087 1337 3742 1412">
    <p class='ocr_par' dir='ltr' id='par_1_45' title="bbox 2087 1337 3742 1412">
     <span class='ocr_line' id='line_1_46' title="bbox 2087 1337 3742 1412; baseline -0.001 -18"><span class='ocrx_word' id='word_1_322' title='bbox 2087 1339 2345 1394; x_wconf 85' lang='lat' dir='ltr'><strong>merendi</strong></span> <span class='ocrx_word' id='word_1_323' title='bbox 2380 1339 2805 1412; x_wconf 83' lang='lat' dir='ltr'><strong>benignitatem</strong></span> <span class='ocrx_word' id='word_1_324' title='bbox 2838 1338 3168 1394; x_wconf 81' lang='lat' dir='ltr'><strong>declaratur</strong></span> <span class='ocrx_word' id='word_1_325' title='bbox 3195 1338 3371 1410; x_wconf 87' lang='lat' dir='ltr'><strong>Deus,</strong></span> <span class='ocrx_word' id='word_1_326' title='bbox 3395 1337 3496 1410; x_wconf 89' lang='lat' dir='ltr'><strong>qui</strong></span> <span class='ocrx_word' id='word_1_327' title='bbox 3519 1341 3742 1394; x_wconf 76' lang='lat' dir='ltr'><strong>naturas</strong></span> 
     </span>
    </p>
   </div>
   <div class='ocr_carea' id='block_1_46' title="bbox 2085 1427 3742 1501">
    <p class='ocr_par' dir='ltr' id='par_1_46' title="bbox 2085 1427 3742 1501">
     <span class='ocr_line' id='line_1_47' title="bbox 2085 1427 3742 1501; baseline 0.001 -19"><span class='ocrx_word' id='word_1_328' title='bbox 2085 1431 2322 1500; x_wconf 74' lang='lat' dir='ltr'><strong>praestat</strong></span> <span class='ocrx_word' id='word_1_329' title='bbox 2351 1427 2658 1484; x_wconf 64' lang='lat' dir='ltr'><strong>universes.</strong></span> <span class='ocrx_word' id='word_1_330' title='bbox 2689 1427 3008 1501; x_wconf 84' lang='lat' dir='ltr'><strong>Postquam</strong></span> <span class='ocrx_word' id='word_1_331' title='bbox 3039 1427 3220 1501; x_wconf 80' lang='lat' dir='ltr'><strong>igitur</strong></span> <span class='ocrx_word' id='word_1_332' title='bbox 3240 1444 3459 1501; x_wconf 86' lang='lat' dir='ltr'><strong>sponsa</strong></span> <span class='ocrx_word' id='word_1_333' title='bbox 3475 1427 3742 1499; x_wconf 87' lang='lat' dir='ltr'><strong>singulas</strong></span> 
     </span>
    </p>
   </div>
   <div class='ocr_carea' id='block_1_47' title="bbox 2085 1515 3742 1590">
    <p class='ocr_par' dir='ltr' id='par_1_47' title="bbox 2085 1515 3742 1590">
     <span class='ocr_line' id='line_1_48' title="bbox 2085 1515 3742 1590; baseline -0.001 -17"><span class='ocrx_word' id='word_1_334' title='bbox 2085 1517 2288 1590; x_wconf 84' lang='lat' dir='ltr'><strong>sponsi</strong></span> <span class='ocrx_word' id='word_1_335' title='bbox 2319 1522 2516 1590; x_wconf 89' lang='lat' dir='ltr'><strong>partes</strong></span> <span class='ocrx_word' id='word_1_336' title='bbox 2566 1517 2857 1590; x_wconf 84' lang='lat' dir='ltr'><strong>expressit</strong></span> <span class='ocrx_word' id='word_1_337' title='bbox 2912 1517 3281 1587; x_wconf 85' lang='lat' dir='ltr'><strong>summatim,</strong></span> <span class='ocrx_word' id='word_1_338' title='bbox 3331 1517 3543 1573; x_wconf 85' lang='lat' dir='ltr'><strong>iterum</strong></span> <span class='ocrx_word' id='word_1_339' title='bbox 3593 1515 3742 1572; x_wconf 89' lang='lat' dir='ltr'><strong>illud</strong></span> 
     </span>
    </p>
   </div>
   <div class='ocr_carea' id='block_1_48' title="bbox 2085 1602 3744 1680">
    <p class='ocr_par' dir='ltr' id='par_1_48' title="bbox 2085 1602 3744 1680">
     <span class='ocr_line' id='line_1_49' title="bbox 2085 1602 3744 1680; baseline 0 -19"><span class='ocrx_word' id='word_1_340' title='bbox 2085 1607 2394 1680; x_wconf 86' lang='lat' dir='ltr'><strong>discipulis</strong></span> <span class='ocrx_word' id='word_1_341' title='bbox 2426 1607 2787 1676; x_wconf 86' lang='lat' dir='ltr'><strong>describens,</strong></span> <span class='ocrx_word' id='word_1_342' title='bbox 2846 1607 3100 1680; x_wconf 87' lang='lat' dir='ltr'><strong>Species,</strong></span> <span class='ocrx_word' id='word_1_343' title='bbox 3161 1602 3376 1679; x_wconf 81' lang='lat' dir='ltr'><strong>inquit,</strong></span> <span class='ocrx_word' id='word_1_344' title='bbox 3432 1607 3584 1678; x_wconf 90' lang='lat' dir='ltr'><strong>ejus,</strong></span> <span class='ocrx_word' id='word_1_345' title='bbox 3640 1621 3744 1678; x_wconf 90' lang='lat' dir='ltr'><strong>per</strong></span> 
     </span>
    </p>
   </div>
   <div class='ocr_carea' id='block_1_49' title="bbox 2085 1696 3744 1769">
    <p class='ocr_par' dir='ltr' id='par_1_49' title="bbox 2085 1696 3744 1769">
     <span class='ocr_line' id='line_1_50' title="bbox 2085 1696 3744 1769; baseline -0.001 -17"><span class='ocrx_word' id='word_1_346' title='bbox 2085 1713 2260 1769; x_wconf 87' lang='lat' dir='ltr'><strong>quem</strong></span> <span class='ocrx_word' id='word_1_347' title='bbox 2292 1696 2396 1752; x_wconf 88' lang='lat' dir='ltr'><strong>Dei</strong></span> <span class='ocrx_word' id='word_1_348' title='bbox 2425 1702 2482 1754; x_wconf 88' lang='lat' dir='ltr'><strong>et</strong></span> <span class='ocrx_word' id='word_1_349' title='bbox 2511 1697 2700 1754; x_wconf 84' lang='lat' dir='ltr'><strong>Patris</strong></span> <span class='ocrx_word' id='word_1_350' title='bbox 2759 1696 3282 1753; x_wconf 84' lang='lat' dir='ltr'><strong>consubstantialis</strong></span> <span class='ocrx_word' id='word_1_351' title='bbox 3331 1696 3595 1769; x_wconf 87' lang='lat' dir='ltr'><strong>potentia</strong></span> <span class='ocrx_word' id='word_1_352' title='bbox 3645 1711 3744 1750; x_wconf 84' lang='lat' dir='ltr'><strong>ex-</strong></span> 
     </span>
    </p>
   </div>
   <div class='ocr_carea' id='block_1_50' title="bbox 2085 1784 3741 1859">
    <p class='ocr_par' dir='ltr' id='par_1_50' title="bbox 2085 1784 3741 1859">
     <span class='ocr_line' id='line_1_51' title="bbox 2085 1784 3741 1859; baseline -0.001 -18"><span class='ocrx_word' id='word_1_353' title='bbox 2085 1786 2383 1859; x_wconf 84' lang='lat' dir='ltr'><strong>primitur,</strong></span> <span class='ocrx_word' id='word_1_354' title='bbox 2416 1787 2694 1843; x_wconf 88' lang='lat' dir='ltr'><strong>omnibus</strong></span> <span class='ocrx_word' id='word_1_355' title='bbox 2742 1791 2832 1843; x_wconf 89' lang='lat' dir='ltr'><strong>est</strong></span> <span class='ocrx_word' id='word_1_356' title='bbox 2878 1786 3130 1842; x_wconf 89' lang='lat' dir='ltr'><strong>illustris</strong></span> <span class='ocrx_word' id='word_1_357' title='bbox 3177 1789 3352 1858; x_wconf 87' lang='lat' dir='ltr'><strong>atque</strong></span> <span class='ocrx_word' id='word_1_358' title='bbox 3399 1784 3741 1856; x_wconf 88' lang='lat' dir='ltr'><strong>conspicua,</strong></span> 
     </span>
    </p>
   </div>
   <div class='ocr_carea' id='block_1_51' title="bbox 2087 1873 3739 1948">
    <p class='ocr_par' dir='ltr' id='par_1_51' title="bbox 2087 1873 3739 1948">
     <span class='ocr_line' id='line_1_52' title="bbox 2087 1873 3739 1948; baseline -0.002 -17"><span class='ocrx_word' id='word_1_359' title='bbox 2087 1876 2172 1932; x_wconf 89' lang='lat' dir='ltr'><strong>uti</strong></span> <span class='ocrx_word' id='word_1_360' title='bbox 2207 1893 2374 1933; x_wconf 89' lang='lat' dir='ltr'><strong>mous</strong></span> <span class='ocrx_word' id='word_1_361' title='bbox 2404 1877 2684 1948; x_wconf 89' lang='lat' dir='ltr'><strong>Libanus,</strong></span> <span class='ocrx_word' id='word_1_362' title='bbox 2703 1879 2803 1948; x_wconf 87' lang='lat' dir='ltr'><strong>qui</strong></span> <span class='ocrx_word' id='word_1_363' title='bbox 2825 1876 2980 1932; x_wconf 86' lang='lat' dir='ltr'><strong>inter</strong></span> <span class='ocrx_word' id='word_1_364' title='bbox 3000 1875 3222 1932; x_wconf 81' lang='lat' dir='ltr'><strong>vicinos</strong></span> <span class='ocrx_word' id='word_1_365' title='bbox 3245 1880 3476 1931; x_wconf 91' lang='lat' dir='ltr'><strong>montes</strong></span> <span class='ocrx_word' id='word_1_366' title='bbox 3497 1873 3739 1930; x_wconf 88' lang='lat' dir='ltr'><strong>eminet.</strong></span> 
     </span>
    </p>
   </div>
   <div class='ocr_carea' id='block_1_52' title="bbox 2089 1963 3742 2039">
    <p class='ocr_par' dir='ltr' id='par_1_52' title="bbox 2089 1963 3742 2039">
     <span class='ocr_line' id='line_1_53' title="bbox 2089 1963 3742 2039; baseline -0.001 -18"><span class='ocrx_word' id='word_1_367' title='bbox 2089 1966 2314 2021; x_wconf 91' lang='lat' dir='ltr'><strong>Bonum</strong></span> <span class='ocrx_word' id='word_1_368' title='bbox 2349 1967 2506 2022; x_wconf 79' lang='lat' dir='ltr'><strong>enim</strong></span> <span class='ocrx_word' id='word_1_369' title='bbox 2541 1967 2696 2039; x_wconf 90' lang='lat' dir='ltr'><strong>quod</strong></span> <span class='ocrx_word' id='word_1_370' title='bbox 2726 1966 2846 2021; x_wconf 90' lang='lat' dir='ltr'><strong>vim</strong></span> <span class='ocrx_word' id='word_1_371' title='bbox 2879 1966 3138 2022; x_wconf 89' lang='lat' dir='ltr'><strong>divinam</strong></span> <span class='ocrx_word' id='word_1_372' title='bbox 3171 1964 3481 2036; x_wconf 83' lang='lat' dir='ltr'><strong>signiﬁcat,</strong></span> <span class='ocrx_word' id='word_1_373' title='bbox 3516 1963 3588 2020; x_wconf 88' lang='lat' dir='ltr'><strong>ab</strong></span> <span class='ocrx_word' id='word_1_374' title='bbox 3610 1979 3742 2020; x_wconf 87' lang='lat' dir='ltr'><strong>om-</strong></span> 
     </span>
    </p>
   </div>
   <div class='ocr_carea' id='block_1_53' title="bbox 2089 2054 3736 2129">
    <p class='ocr_par' dir='ltr' id='par_1_53' title="bbox 2089 2054 3736 2129">
     <span class='ocr_line' id='line_1_54' title="bbox 2089 2054 3736 2129; baseline 0.001 -19"><span class='ocrx_word' id='word_1_375' title='bbox 2089 2055 2265 2111; x_wconf 89' lang='lat' dir='ltr'><strong>nibus</strong></span> <span class='ocrx_word' id='word_1_376' title='bbox 2295 2055 2554 2129; x_wconf 85' lang='lat' dir='ltr'><strong>eligitur,</strong></span> <span class='ocrx_word' id='word_1_377' title='bbox 2582 2056 2864 2128; x_wconf 88' lang='lat' dir='ltr'><strong>quoniam</strong></span> <span class='ocrx_word' id='word_1_378' title='bbox 2919 2054 3064 2110; x_wconf 92' lang='lat' dir='ltr'><strong>illud</strong></span> <span class='ocrx_word' id='word_1_379' title='bbox 3117 2058 3394 2127; x_wconf 76' lang='lat' dir='ltr'><strong>expetunt</strong></span> <span class='ocrx_word' id='word_1_380' title='bbox 3441 2055 3736 2111; x_wconf 83' lang='lat' dir='ltr'><strong>universa.</strong></span> 
     </span>
    </p>
   </div>
   <div class='ocr_carea' id='block_1_54' title="bbox 2090 2143 3746 2217">
    <p class='ocr_par' dir='ltr' id='par_1_54' title="bbox 2090 2143 3746 2217">
     <span class='ocr_line' id='line_1_55' title="bbox 2090 2143 3746 2217; baseline 0 -17"><span class='ocrx_word' id='word_1_381' title='bbox 2090 2145 2502 2216; x_wconf 88' lang='lat' dir='ltr'><strong>Quamobrem,</strong></span> <span class='ocrx_word' id='word_1_382' title='bbox 2535 2161 2638 2217; x_wconf 91' lang='lat' dir='ltr'><strong>per</strong></span> <span class='ocrx_word' id='word_1_383' title='bbox 2666 2149 2884 2214; x_wconf 89' lang='lat' dir='ltr'><strong>actum,</strong></span> <span class='ocrx_word' id='word_1_384' title='bbox 2941 2149 3005 2199; x_wconf 89' lang='lat' dir='ltr'><strong>ut</strong></span> <span class='ocrx_word' id='word_1_385' title='bbox 3052 2144 3332 2210; x_wconf 88' lang='lat' dir='ltr'><strong>diximus,</strong></span> <span class='ocrx_word' id='word_1_386' title='bbox 3387 2143 3606 2200; x_wconf 88' lang='lat' dir='ltr'><strong>electus</strong></span> <span class='ocrx_word' id='word_1_387' title='bbox 3654 2148 3746 2200; x_wconf 83' lang='lat' dir='ltr'><strong>est</strong></span> 
     </span>
    </p>
   </div>
   <div class='ocr_carea' id='block_1_55' title="bbox 2091 2233 3744 2307">
    <p class='ocr_par' dir='ltr' id='par_1_55' title="bbox 2091 2233 3744 2307">
     <span class='ocr_line' id='line_1_56' title="bbox 2091 2233 3744 2307; baseline -0.001 -16"><span class='ocrx_word' id='word_1_388' title='bbox 2091 2250 2368 2306; x_wconf 77' lang='lat' dir='ltr'><strong>sponsus,</strong></span> <span class='ocrx_word' id='word_1_389' title='bbox 2402 2237 2458 2289; x_wconf 89' lang='lat' dir='ltr'><strong>et</strong></span> <span class='ocrx_word' id='word_1_390' title='bbox 2488 2251 2519 2289; x_wconf 91' lang='lat' dir='ltr'><strong>a</strong></span> <span class='ocrx_word' id='word_1_391' title='bbox 2544 2234 2802 2289; x_wconf 86' lang='lat' dir='ltr'><strong>tenebris</strong></span> <span class='ocrx_word' id='word_1_392' title='bbox 2834 2251 2961 2307; x_wconf 79' lang='lat' dir='ltr'><strong>quae</strong></span> <span class='ocrx_word' id='word_1_393' title='bbox 2983 2233 3174 2288; x_wconf 84' lang='lat' dir='ltr'><strong>lucem</strong></span> <span class='ocrx_word' id='word_1_394' title='bbox 3199 2250 3261 2289; x_wconf 88' lang='lat' dir='ltr'><strong>se</strong></span> <span class='ocrx_word' id='word_1_395' title='bbox 3283 2249 3412 2289; x_wconf 87' lang='lat' dir='ltr'><strong>esse</strong></span> <span class='ocrx_word' id='word_1_396' title='bbox 3435 2233 3744 2304; x_wconf 90' lang='lat' dir='ltr'><strong>simulant,</strong></span> 
     </span>
    </p>
   </div>
   <div class='ocr_carea' id='block_1_56' title="bbox 2093 2322 3750 2394">
    <p class='ocr_par' dir='ltr' id='par_1_56' title="bbox 2093 2322 3750 2394">
     <span class='ocr_line' id='line_1_57' title="bbox 2093 2322 3750 2394; baseline -0.001 -13"><span class='ocrx_word' id='word_1_397' title='bbox 2093 2323 2452 2380; x_wconf 89' lang='lat' dir='ltr'><strong>secernitur:</strong></span> <span class='ocrx_word' id='word_1_398' title='bbox 2487 2327 2552 2378; x_wconf 91' lang='lat' dir='ltr'><strong>ut</strong></span> <span class='ocrx_word' id='word_1_399' title='bbox 2580 2323 2772 2379; x_wconf 85' lang='lat' dir='ltr'><strong>cedris</strong></span> <span class='ocrx_word' id='word_1_400' title='bbox 2805 2322 3114 2378; x_wconf 86' lang='lat' dir='ltr'><strong>assimilati</strong></span> <span class='ocrx_word' id='word_1_401' title='bbox 3159 2322 3334 2394; x_wconf 87' lang='lat' dir='ltr'><strong>justi,</strong></span> <span class='ocrx_word' id='word_1_402' title='bbox 3385 2323 3456 2378; x_wconf 86' lang='lat' dir='ltr'><strong>ab</strong></span> <span class='ocrx_word' id='word_1_403' title='bbox 3507 2322 3750 2394; x_wconf 87' lang='lat' dir='ltr'><strong>injustis</strong></span> 
     </span>
    </p>
   </div>
   <div class='ocr_carea' id='block_1_57' title="bbox 2094 2411 3750 2486">
    <p class='ocr_par' dir='ltr' id='par_1_57' title="bbox 2094 2411 3750 2486">
     <span class='ocr_line' id='line_1_58' title="bbox 2094 2411 3750 2486; baseline -0.001 -17"><span class='ocrx_word' id='word_1_404' title='bbox 2094 2417 2152 2469; x_wconf 91' lang='lat' dir='ltr'><strong>et</strong></span> <span class='ocrx_word' id='word_1_405' title='bbox 2181 2412 2489 2486; x_wconf 88' lang='lat' dir='ltr'><strong>improbis.</strong></span> <span class='ocrx_word' id='word_1_406' title='bbox 2524 2413 2722 2470; x_wconf 81' lang='lat' dir='ltr'><strong>Guttur</strong></span> <span class='ocrx_word' id='word_1_407' title='bbox 2751 2411 2918 2468; x_wconf 77' lang='lat' dir='ltr'><strong>illius</strong></span> <span class='ocrx_word' id='word_1_408' title='bbox 2949 2411 3192 2481; x_wconf 75' lang='lat' dir='ltr'><strong>dulcedo,</strong></span> <span class='ocrx_word' id='word_1_409' title='bbox 3241 2415 3291 2467; x_wconf 83' lang='lat' dir='ltr'><strong>et</strong></span> <span class='ocrx_word' id='word_1_410' title='bbox 3340 2414 3481 2467; x_wconf 80' lang='lat' dir='ltr'><strong>totus</strong></span> <span class='ocrx_word' id='word_1_411' title='bbox 3527 2411 3750 2468; x_wconf 83' lang='lat' dir='ltr'><strong>deside-</strong></span> 
     </span>
    </p>
   </div>
   <div class='ocr_carea' id='block_1_58' title="bbox 2095 2501 3753 2574">
    <p class='ocr_par' dir='ltr' id='par_1_58' title="bbox 2095 2501 3753 2574">
     <span class='ocr_line' id='line_1_59' title="bbox 2095 2501 3753 2574; baseline 0 -18"><span class='ocrx_word' id='word_1_412' title='bbox 2095 2503 2264 2558; x_wconf 82' lang='lat' dir='ltr'><strong>rium.</strong></span> <span class='ocrx_word' id='word_1_413' title='bbox 2321 2501 2546 2556; x_wconf 85' lang='lat' dir='ltr'><strong>Novum</strong></span> <span class='ocrx_word' id='word_1_414' title='bbox 2605 2501 2824 2574; x_wconf 89' lang='lat' dir='ltr'><strong>quippe</strong></span> <span class='ocrx_word' id='word_1_415' title='bbox 2882 2505 3348 2568; x_wconf 88' lang='lat' dir='ltr'><strong>Testamentum,</strong></span> <span class='ocrx_word' id='word_1_416' title='bbox 3420 2517 3524 2572; x_wconf 90' lang='lat' dir='ltr'><strong>per</strong></span> <span class='ocrx_word' id='word_1_417' title='bbox 3596 2501 3753 2572; x_wconf 88' lang='lat' dir='ltr'><strong>quod</strong></span> 
     </span>
    </p>
   </div>
   <div class='ocr_carea' id='block_1_59' title="bbox 2093 2589 3752 2664">
    <p class='ocr_par' dir='ltr' id='par_1_59' title="bbox 2093 2589 3752 2664">
     <span class='ocr_line' id='line_1_60' title="bbox 2093 2589 3752 2664; baseline 0 -18"><span class='ocrx_word' id='word_1_418' title='bbox 2093 2595 2376 2664; x_wconf 88' lang='lat' dir='ltr'><strong>tanquam</strong></span> <span class='ocrx_word' id='word_1_419' title='bbox 2423 2608 2526 2663; x_wconf 90' lang='lat' dir='ltr'><strong>per</strong></span> <span class='ocrx_word' id='word_1_420' title='bbox 2574 2595 2808 2663; x_wconf 77' lang='lat' dir='ltr'><strong>guttur,</strong></span> <span class='ocrx_word' id='word_1_421' title='bbox 2870 2590 3068 2646; x_wconf 90' lang='lat' dir='ltr'><strong>cibum</strong></span> <span class='ocrx_word' id='word_1_422' title='bbox 3129 2589 3441 2646; x_wconf 86' lang='lat' dir='ltr'><strong>constituit</strong></span> <span class='ocrx_word' id='word_1_423' title='bbox 3496 2590 3752 2646; x_wconf 88' lang='lat' dir='ltr'><strong>salutem</strong></span> 
     </span>
    </p>
   </div>
   <div class='ocr_carea' id='block_1_60' title="bbox 2095 2679 3759 2752">
    <p class='ocr_par' dir='ltr' id='par_1_60' title="bbox 2095 2679 3759 2752">
     <span class='ocr_line' id='line_1_61' title="bbox 2095 2679 3759 2752; baseline -0.001 -16"><span class='ocrx_word' id='word_1_424' title='bbox 2095 2679 2427 2747; x_wconf 88' lang='lat' dir='ltr'><strong>hominum,</strong></span> <span class='ocrx_word' id='word_1_425' title='bbox 2461 2679 2633 2735; x_wconf 89' lang='lat' dir='ltr'><strong>dulce</strong></span> <span class='ocrx_word' id='word_1_426' title='bbox 2659 2685 2750 2735; x_wconf 90' lang='lat' dir='ltr'><strong>est</strong></span> <span class='ocrx_word' id='word_1_427' title='bbox 2780 2679 3006 2752; x_wconf 85' lang='lat' dir='ltr'><strong>gutturi</strong></span> <span class='ocrx_word' id='word_1_428' title='bbox 3038 2684 3260 2736; x_wconf 88' lang='lat' dir='ltr'><strong>nostro.</strong></span> <span class='ocrx_word' id='word_1_429' title='bbox 3297 2679 3374 2735; x_wconf 81' lang='lat' dir='ltr'><strong>Ex</strong></span> <span class='ocrx_word' id='word_1_430' title='bbox 3405 2696 3471 2736; x_wconf 90' lang='lat' dir='ltr'><strong>eo</strong></span> <span class='ocrx_word' id='word_1_431' title='bbox 3503 2695 3759 2752; x_wconf 88' lang='lat' dir='ltr'><strong>namque</strong></span> 
     </span>
    </p>
   </div>
   <div class='ocr_carea' id='block_1_61' title="bbox 2096 2768 3762 2841">
    <p class='ocr_par' dir='ltr' id='par_1_61' title="bbox 2096 2768 3762 2841">
     <span class='ocr_line' id='line_1_62' title="bbox 2096 2768 3762 2841; baseline -0.001 -16"><span class='ocrx_word' id='word_1_432' title='bbox 2096 2768 2523 2825; x_wconf 84' lang='lat' dir='ltr'><strong>dulcis-manat</strong></span> <span class='ocrx_word' id='word_1_433' title='bbox 2553 2769 2624 2824; x_wconf 90' lang='lat' dir='ltr'><strong>de</strong></span> <span class='ocrx_word' id='word_1_434' title='bbox 2654 2768 2972 2824; x_wconf 82' lang='lat' dir='ltr'><strong>virtutibus</strong></span> <span class='ocrx_word' id='word_1_435' title='bbox 3003 2768 3294 2826; x_wconf 88' lang='lat' dir='ltr'><strong>sermonis</strong></span> <span class='ocrx_word' id='word_1_436' title='bbox 3326 2772 3522 2841; x_wconf 90' lang='lat' dir='ltr'><strong>potus.</strong></span> <span class='ocrx_word' id='word_1_437' title='bbox 3559 2771 3762 2839; x_wconf 86' lang='lat' dir='ltr'><strong>Itaque</strong></span> 
     </span>
    </p>
   </div>
   <div class='ocr_carea' id='block_1_62' title="bbox 2096 2858 3757 2931">
    <p class='ocr_par' dir='ltr' id='par_1_62' title="bbox 2096 2858 3757 2931">
     <span class='ocr_line' id='line_1_63' title="bbox 2096 2858 3757 2931; baseline -0.001 -17"><span class='ocrx_word' id='word_1_438' title='bbox 2096 2863 2256 2915; x_wconf 90' lang='lat' dir='ltr'><strong>totus</strong></span> <span class='ocrx_word' id='word_1_439' title='bbox 2285 2858 2461 2916; x_wconf 84' lang='lat' dir='ltr'><strong>etiam</strong></span> <span class='ocrx_word' id='word_1_440' title='bbox 2494 2863 2584 2913; x_wconf 89' lang='lat' dir='ltr'><strong>est</strong></span> <span class='ocrx_word' id='word_1_441' title='bbox 2609 2858 2991 2927; x_wconf 90' lang='lat' dir='ltr'><strong>desiderium,</strong></span> <span class='ocrx_word' id='word_1_442' title='bbox 3027 2862 3229 2931; x_wconf 84' lang='lat' dir='ltr'><strong>utpote</strong></span> <span class='ocrx_word' id='word_1_443' title='bbox 3278 2874 3473 2915; x_wconf 87' lang='lat' dir='ltr'><strong>rerum</strong></span> <span class='ocrx_word' id='word_1_444' title='bbox 3526 2858 3757 2931; x_wconf 86' lang='lat' dir='ltr'><strong>optabi-</strong></span> 
     </span>
    </p>
   </div>
   <div class='ocr_carea' id='block_1_63' title="bbox 2096 2948 3760 3021">
    <p class='ocr_par' dir='ltr' id='par_1_63' title="bbox 2096 2948 3760 3021">
     <span class='ocr_line' id='line_1_64' title="bbox 2096 2948 3760 3021; baseline 0.001 -18"><span class='ocrx_word' id='word_1_445' title='bbox 2096 2948 2243 3004; x_wconf 88' lang='lat' dir='ltr'><strong>lium</strong></span> <span class='ocrx_word' id='word_1_446' title='bbox 2277 2952 2451 3020; x_wconf 85' lang='lat' dir='ltr'><strong>atque</strong></span> <span class='ocrx_word' id='word_1_447' title='bbox 2481 2949 2933 3021; x_wconf 84' lang='lat' dir='ltr'><strong>expetendarum</strong></span> <span class='ocrx_word' id='word_1_448' title='bbox 2983 2953 3335 3004; x_wconf 83' lang='lat' dir='ltr'><strong>extremum.</strong></span> <span class='ocrx_word' id='word_1_449' title='bbox 3369 2949 3476 3005; x_wconf 85' lang='lat' dir='ltr'><strong>Hic</strong></span> <span class='ocrx_word' id='word_1_450' title='bbox 3491 2965 3659 3021; x_wconf 79' lang='lat' dir='ltr'><strong>nepos</strong></span> <span class='ocrx_word' id='word_1_451' title='bbox 3683 2956 3760 3005; x_wconf 81' lang='lat' dir='ltr'><strong>est</strong></span> 
     </span>
    </p>
   </div>
   <div class='ocr_carea' id='block_1_64' title="bbox 2096 3038 3758 3111">
    <p class='ocr_par' dir='ltr' id='par_1_64' title="bbox 2096 3038 3758 3111">
     <span class='ocr_line' id='line_1_65' title="bbox 2096 3038 3758 3111; baseline 0 -17"><span class='ocrx_word' id='word_1_452' title='bbox 2096 3055 2272 3108; x_wconf 83' lang='lat' dir='ltr'><strong>meus,</strong></span> <span class='ocrx_word' id='word_1_453' title='bbox 2295 3047 2346 3094; x_wconf 81' lang='lat' dir='ltr'><strong>et</strong></span> <span class='ocrx_word' id='word_1_454' title='bbox 2373 3038 2462 3093; x_wconf 85' lang='lat' dir='ltr'><strong>hic</strong></span> <span class='ocrx_word' id='word_1_455' title='bbox 2486 3040 2838 3111; x_wconf 80' lang='lat' dir='ltr'><strong>prapinquus</strong></span> <span class='ocrx_word' id='word_1_456' title='bbox 2867 3054 3040 3107; x_wconf 83' lang='lat' dir='ltr'><strong>meus,</strong></span> <span class='ocrx_word' id='word_1_457' title='bbox 3091 3038 3230 3107; x_wconf 72' lang='lat' dir='ltr'><strong>ﬁliae</strong></span> <span class='ocrx_word' id='word_1_458' title='bbox 3272 3039 3607 3096; x_wconf 77' lang='lat' dir='ltr'><strong>Jerusalem.</strong></span> <span class='ocrx_word' id='word_1_459' title='bbox 3653 3038 3758 3094; x_wconf 89' lang='lat' dir='ltr'><strong>Hic</strong></span> 
     </span>
    </p>
   </div>
   <div class='ocr_carea' id='block_1_65' title="bbox 2098 3125 3755 3201">
    <p class='ocr_par' dir='ltr' id='par_1_65' title="bbox 2098 3125 3755 3201">
     <span class='ocr_line' id='line_1_66' title="bbox 2098 3125 3755 3201; baseline -0.001 -18"><span class='ocrx_word' id='word_1_460' title='bbox 2098 3128 2302 3201; x_wconf 87' lang='lat' dir='ltr'><strong>utique</strong></span> <span class='ocrx_word' id='word_1_461' title='bbox 2333 3125 2587 3183; x_wconf 88' lang='lat' dir='ltr'><strong>dilectus</strong></span> <span class='ocrx_word' id='word_1_462' title='bbox 2639 3132 2728 3182; x_wconf 82' lang='lat' dir='ltr'><strong>est</strong></span> <span class='ocrx_word' id='word_1_463' title='bbox 2772 3143 2958 3197; x_wconf 88' lang='lat' dir='ltr'><strong>meus,</strong></span> <span class='ocrx_word' id='word_1_464' title='bbox 3017 3129 3186 3199; x_wconf 83' lang='lat' dir='ltr'><strong>cujus</strong></span> <span class='ocrx_word' id='word_1_465' title='bbox 3243 3144 3349 3200; x_wconf 86' lang='lat' dir='ltr'><strong>ego</strong></span> <span class='ocrx_word' id='word_1_466' title='bbox 3409 3127 3755 3200; x_wconf 86' lang='lat' dir='ltr'><strong>singulatim</strong></span> 
     </span>
    </p>
   </div>
   <div class='ocr_carea' id='block_1_66' title="bbox 2099 3215 3755 3290">
    <p class='ocr_par' dir='ltr' id='par_1_66' title="bbox 2099 3215 3755 3290">
     <span class='ocr_line' id='line_1_67' title="bbox 2099 3215 3755 3290; baseline -0.001 -18"><span class='ocrx_word' id='word_1_467' title='bbox 2099 3222 2273 3288; x_wconf 90' lang='lat' dir='ltr'><strong>atque</strong></span> <span class='ocrx_word' id='word_1_468' title='bbox 2304 3216 2363 3272; x_wconf 91' lang='lat' dir='ltr'><strong>in</strong></span> <span class='ocrx_word' id='word_1_469' title='bbox 2398 3217 2736 3272; x_wconf 89' lang='lat' dir='ltr'><strong>universum</strong></span> <span class='ocrx_word' id='word_1_470' title='bbox 2774 3223 2942 3272; x_wconf 84' lang='lat' dir='ltr'><strong>notas</strong></span> <span class='ocrx_word' id='word_1_471' title='bbox 2975 3222 3029 3272; x_wconf 87' lang='lat' dir='ltr'><strong>et</strong></span> <span class='ocrx_word' id='word_1_472' title='bbox 3059 3217 3232 3290; x_wconf 88' lang='lat' dir='ltr'><strong>signa</strong></span> <span class='ocrx_word' id='word_1_473' title='bbox 3276 3217 3443 3272; x_wconf 85' lang='lat' dir='ltr'><strong>vobis</strong></span> <span class='ocrx_word' id='word_1_474' title='bbox 3489 3215 3755 3288; x_wconf 85' lang='lat' dir='ltr'><strong>exposui.</strong></span> 
     </span>
    </p>
   </div>
   <div class='ocr_carea' id='block_1_67' title="bbox 325 3291 1980 3384">
    <p class='ocr_par' dir='ltr' id='par_1_67' title="bbox 325 3301 1980 3384">
     <span class='ocr_line' id='line_1_68' title="bbox 325 3301 1980 3384; baseline -0.003 -22"><span class='ocrx_word' id='word_1_475' title='bbox 325 3328 489 3384; x_wconf 88' lang='grc' dir='ltr'>ρυγγι</span> <span class='ocrx_word' id='word_1_476' title='bbox 537 3307 723 3382; x_wconf 72' lang='grc' dir='ltr'>ἡμῶν,</span> <span class='ocrx_word' id='word_1_477' title='bbox 757 3307 831 3369; x_wconf 86' lang='grc' dir='ltr'><strong>ὡς</strong></span> <span class='ocrx_word' id='word_1_478' title='bbox 861 3305 990 3368; x_wconf 81' lang='grc' dir='ltr'>τοὺς</span> <span class='ocrx_word' id='word_1_479' title='bbox 1019 3301 1174 3376; x_wconf 74' lang='grc' dir='ltr'>ἡδεῖς</span> <span class='ocrx_word' id='word_1_480' title='bbox 1207 3304 1296 3360; x_wconf 84' lang='grc' dir='ltr'><strong>καὶ</strong></span> <span class='ocrx_word' id='word_1_481' title='bbox 1343 3305 1616 3379; x_wconf 82' lang='grc' dir='ltr'>ποτίμους</span> <span class='ocrx_word' id='word_1_482' title='bbox 1644 3301 1848 3380; x_wconf 87' lang='grc' dir='ltr'>λόγους</span> <span class='ocrx_word' id='word_1_483' title='bbox 1877 3307 1980 3358; x_wconf 79' lang='grc' dir='ltr'>τῶν</span> 
     </span>
    </p>
   </div>
   <div class='ocr_carea' id='block_1_68' title="bbox 2098 3291 3760 3384">
    <p class='ocr_par' dir='ltr' id='par_1_68' title="bbox 2101 3305 3760 3378">
     <span class='ocr_line' id='line_1_69' title="bbox 2101 3305 3760 3378; baseline -0.001 -16"><span class='ocrx_word' id='word_1_484' title='bbox 2101 3307 2204 3362; x_wconf 80' lang='lat' dir='ltr'><strong>llic</strong></span> <span class='ocrx_word' id='word_1_485' title='bbox 2234 3311 2325 3362; x_wconf 89' lang='lat' dir='ltr'><strong>est</strong></span> <span class='ocrx_word' id='word_1_486' title='bbox 2356 3306 2688 3362; x_wconf 85' lang='lat' dir='ltr'><strong>declaratus</strong></span> <span class='ocrx_word' id='word_1_487' title='bbox 2721 3306 3088 3378; x_wconf 87' lang='lat' dir='ltr'><strong>propinquus</strong></span> <span class='ocrx_word' id='word_1_488' title='bbox 3122 3323 3312 3372; x_wconf 90' lang='lat' dir='ltr'><strong>meus,</strong></span> <span class='ocrx_word' id='word_1_489' title='bbox 3362 3323 3491 3378; x_wconf 78' lang='lat' dir='ltr'><strong>quae</strong></span> <span class='ocrx_word' id='word_1_490' title='bbox 3549 3306 3620 3360; x_wconf 83' lang='lat' dir='ltr'><strong>ad</strong></span> <span class='ocrx_word' id='word_1_491' title='bbox 3670 3305 3760 3377; x_wconf 90' lang='lat' dir='ltr'><strong>ip-</strong></span> 
     </span>
    </p>
   </div>
   <div class='ocr_carea' id='block_1_69' title="bbox 325 3390 1987 3474">
    <p class='ocr_par' dir='ltr' id='par_1_69' title="bbox 325 3390 1987 3474">
     <span class='ocr_line' id='line_1_70' title="bbox 325 3390 1987 3474; baseline -0.003 -22"><span class='ocrx_word' id='word_1_492' title='bbox 325 3397 536 3474; x_wconf 85' lang='grc' dir='ltr'>ἀρετῶν</span> <span class='ocrx_word' id='word_1_493' title='bbox 598 3395 895 3473; x_wconf 77' lang='grc' dir='ltr'>βλύζουσα.</span> <span class='ocrx_word' id='word_1_494' title='bbox 947 3395 1108 3452; x_wconf 86' lang='grc' dir='ltr'>Ὅθεν</span> <span class='ocrx_word' id='word_1_495' title='bbox 1163 3393 1254 3450; x_wconf 85' lang='grc' dir='ltr'><strong>καὶ</strong></span> <span class='ocrx_word' id='word_1_496' title='bbox 1305 3393 1437 3458; x_wconf 81' lang='grc' dir='ltr'>ὅλος</span> <span class='ocrx_word' id='word_1_497' title='bbox 1502 3392 1764 3468; x_wconf 73' lang='grc' dir='ltr'>ἐπιθυμία</span> <span class='ocrx_word' id='word_1_498' title='bbox 1822 3390 1987 3461; x_wconf 85' lang='grc' dir='ltr'>ἐστὶν,</span> 
     </span>
    </p>
   </div>
   <div class='ocr_carea' id='block_1_70' title="bbox 327 3481 1991 3564">
    <p class='ocr_par' dir='ltr' id='par_1_70' title="bbox 327 3481 1991 3564">
     <span class='ocr_line' id='line_1_71' title="bbox 327 3481 1991 3564; baseline -0.001 -22"><span class='ocrx_word' id='word_1_499' title='bbox 327 3487 403 3552; x_wconf 86' lang='grc' dir='ltr'>ὡς</span> <span class='ocrx_word' id='word_1_500' title='bbox 459 3486 687 3564; x_wconf 83' lang='grc' dir='ltr'>ἔσχατον</span> <span class='ocrx_word' id='word_1_501' title='bbox 749 3483 994 3562; x_wconf 82' lang='grc' dir='ltr'>ὀρεκτόν.</span> <span class='ocrx_word' id='word_1_502' title='bbox 1056 3482 1226 3548; x_wconf 82' lang='grc' dir='ltr'>Οῦτος</span> <span class='ocrx_word' id='word_1_503' title='bbox 1280 3485 1309 3538; x_wconf 83' lang='grc' dir='ltr'>ὁ</span> <span class='ocrx_word' id='word_1_504' title='bbox 1367 3481 1661 3562; x_wconf 78' lang='grc' dir='ltr'>ἀδελφιδός</span> <span class='ocrx_word' id='word_1_505' title='bbox 1715 3505 1843 3557; x_wconf 87' lang='grc' dir='ltr'>μου,</span> <span class='ocrx_word' id='word_1_506' title='bbox 1899 3485 1991 3542; x_wconf 84' lang='grc' dir='ltr'><strong>καὶ</strong></span> 
     </span>
    </p>
   </div>
   <div class='ocr_carea' id='block_1_71' title="bbox 329 3572 1992 3650">
    <p class='ocr_par' dir='ltr' id='par_1_71' title="bbox 329 3572 1992 3650">
     <span class='ocr_line' id='line_1_72' title="bbox 329 3572 1992 3650; baseline 0 -18"><span class='ocrx_word' id='word_1_507' title='bbox 329 3574 487 3639; x_wconf 69' lang='grc' dir='ltr'>οὗτος</span> <span class='ocrx_word' id='word_1_508' title='bbox 569 3576 598 3630; x_wconf 89' lang='grc' dir='ltr'><strong>ὁ</strong></span> <span class='ocrx_word' id='word_1_509' title='bbox 693 3573 935 3647; x_wconf 88' lang='grc' dir='ltr'>πλησίον</span> <span class='ocrx_word' id='word_1_510' title='bbox 1032 3597 1161 3650; x_wconf 88' lang='grc' dir='ltr'>μου,</span> <span class='ocrx_word' id='word_1_511' title='bbox 1244 3574 1530 3650; x_wconf 79' lang='grc' dir='ltr'>θυγατέρες</span> <span class='ocrx_word' id='word_1_512' title='bbox 1603 3572 1992 3650; x_wconf 76' lang='grc' dir='ltr'>Ἰερουσαλήμ.</span> 
     </span>
    </p>
   </div>
   <div class='ocr_carea' id='block_1_72' title="bbox 329 3661 1997 3741">
    <p class='ocr_par' dir='ltr' id='par_1_72' title="bbox 329 3661 1997 3741">
     <span class='ocr_line' id='line_1_73' title="bbox 329 3661 1997 3741; baseline 0 -21"><span class='ocrx_word' id='word_1_513' title='bbox 329 3663 545 3737; x_wconf 78' lang='grc' dir='ltr'>Ε’ἱτουν,</span> <span class='ocrx_word' id='word_1_514' title='bbox 603 3665 778 3727; x_wconf 75' lang='grc' dir='ltr'>Οὗτος</span> <span class='ocrx_word' id='word_1_515' title='bbox 842 3665 1080 3741; x_wconf 76' lang='grc' dir='ltr'>ὑπάρχει</span> <span class='ocrx_word' id='word_1_516' title='bbox 1133 3665 1161 3720; x_wconf 92' lang='lat'><strong>6</strong></span> <span class='ocrx_word' id='word_1_517' title='bbox 1219 3663 1502 3740; x_wconf 83' lang='grc' dir='ltr'>ἀγαπητός</span> <span class='ocrx_word' id='word_1_518' title='bbox 1554 3685 1680 3737; x_wconf 88' lang='grc' dir='ltr'>μου,</span> <span class='ocrx_word' id='word_1_519' title='bbox 1739 3661 1802 3718; x_wconf 79' lang='grc' dir='ltr'><strong>οῦ</strong></span> <span class='ocrx_word' id='word_1_520' title='bbox 1860 3664 1997 3720; x_wconf 83' lang='grc' dir='ltr'>κατὰ</span> 
     </span>
    </p>
   </div>
   <div class='ocr_carea' id='block_1_73' title="bbox 339 3751 1996 3829">
    <p class='ocr_par' dir='ltr' id='par_1_73' title="bbox 339 3751 1996 3829">
     <span class='ocr_line' id='line_1_74' title="bbox 339 3751 1996 3829; baseline -0.001 -20"><span class='ocrx_word' id='word_1_521' title='bbox 339 3755 502 3829; x_wconf 81' lang='grc' dir='ltr'>μέρος</span> <span class='ocrx_word' id='word_1_522' title='bbox 555 3775 614 3811; x_wconf 89' lang='grc' dir='ltr'><strong>τε</strong></span> <span class='ocrx_word' id='word_1_523' title='bbox 668 3754 759 3810; x_wconf 84' lang='grc' dir='ltr'><strong>καὶ</strong></span> <span class='ocrx_word' id='word_1_524' title='bbox 809 3753 1047 3810; x_wconf 74' lang='grc' dir='ltr'>καθόλου</span> <span class='ocrx_word' id='word_1_525' title='bbox 1106 3751 1456 3828; x_wconf 80' lang='grc' dir='ltr'>ἐξηγησάμην</span> <span class='ocrx_word' id='word_1_526' title='bbox 1517 3753 1647 3826; x_wconf 82' lang='grc' dir='ltr'>ὐμῖν</span> <span class='ocrx_word' id='word_1_527' title='bbox 1697 3753 1766 3808; x_wconf 75' lang='grc' dir='ltr'><strong>τὰ</strong></span> <span class='ocrx_word' id='word_1_528' title='bbox 1796 3753 1996 3829; x_wconf 87' lang='grc' dir='ltr'>γνωρί-</span> 
     </span>
    </p>
   </div>
   <div class='ocr_carea' id='block_1_74' title="bbox 333 3839 1999 3918">
    <p class='ocr_par' dir='ltr' id='par_1_74' title="bbox 333 3839 1999 3918">
     <span class='ocr_line' id='line_1_75' title="bbox 333 3839 1999 3918; baseline -0.001 -21"><span class='ocrx_word' id='word_1_529' title='bbox 333 3864 531 3917; x_wconf 90' lang='grc' dir='ltr'>σματα.</span> <span class='ocrx_word' id='word_1_530' title='bbox 566 3843 665 3899; x_wconf 82' lang='grc' dir='ltr'>Καὶ</span> <span class='ocrx_word' id='word_1_531' title='bbox 715 3841 874 3906; x_wconf 79' lang='grc' dir='ltr'>οὗτός</span> <span class='ocrx_word' id='word_1_532' title='bbox 927 3844 1066 3898; x_wconf 72' lang='grc' dir='ltr'>ἐστιν</span> <span class='ocrx_word' id='word_1_533' title='bbox 1107 3843 1134 3897; x_wconf 88' lang='lat'><strong>6</strong></span> <span class='ocrx_word' id='word_1_534' title='bbox 1186 3841 1536 3918; x_wconf 85' lang='grc' dir='ltr'>χρηματίσας</span> <span class='ocrx_word' id='word_1_535' title='bbox 1579 3839 1819 3910; x_wconf 85' lang='grc' dir='ltr'>πλησίον</span> <span class='ocrx_word' id='word_1_536' title='bbox 1865 3863 1999 3915; x_wconf 85' lang='grc' dir='ltr'>μου,</span> 
     </span>
    </p>
   </div>
   <div class='ocr_carea' id='block_1_75' title="bbox 2083 3395 3761 3468">
    <p class='ocr_par' dir='ltr' id='par_1_75' title="bbox 2083 3395 3761 3468">
     <span class='ocr_line' id='line_1_76' title="bbox 2083 3395 3761 3468; baseline -0.002 -16"><span class='ocrx_word' id='word_1_537' title='bbox 2083 3409 2255 3464; x_wconf 85' lang='lat' dir='ltr'><strong>sum,</strong></span> <span class='ocrx_word' id='word_1_538' title='bbox 2291 3399 2356 3450; x_wconf 92' lang='lat' dir='ltr'><strong>ut</strong></span> <span class='ocrx_word' id='word_1_539' title='bbox 2383 3397 2686 3452; x_wconf 84' lang='lat' dir='ltr'><strong>veritatem</strong></span> <span class='ocrx_word' id='word_1_540' title='bbox 2740 3412 2842 3468; x_wconf 89' lang='lat' dir='ltr'><strong>per</strong></span> <span class='ocrx_word' id='word_1_541' title='bbox 2892 3396 3222 3466; x_wconf 86' lang='lat' dir='ltr'><strong>scientiam,</strong></span> <span class='ocrx_word' id='word_1_542' title='bbox 3270 3398 3336 3450; x_wconf 86' lang='lat' dir='ltr'><strong>ut</strong></span> <span class='ocrx_word' id='word_1_543' title='bbox 3382 3395 3454 3450; x_wconf 90' lang='lat' dir='ltr'><strong>ad</strong></span> <span class='ocrx_word' id='word_1_544' title='bbox 3513 3395 3761 3464; x_wconf 90' lang='lat' dir='ltr'><strong>bonum,</strong></span> 
     </span>
    </p>
   </div>
   <div class='ocr_carea' id='block_1_76' title="bbox 2102 3484 3764 3558">
    <p class='ocr_par' dir='ltr' id='par_1_76' title="bbox 2102 3484 3764 3558">
     <span class='ocr_line' id='line_1_77' title="bbox 2102 3484 3764 3558; baseline -0.002 -16"><span class='ocrx_word' id='word_1_545' title='bbox 2102 3501 2206 3557; x_wconf 89' lang='lat' dir='ltr'><strong>per</strong></span> <span class='ocrx_word' id='word_1_546' title='bbox 2237 3485 2531 3542; x_wconf 79' lang='lat' dir='ltr'><strong>efﬁcacem</strong></span> <span class='ocrx_word' id='word_1_547' title='bbox 2571 3485 2744 3540; x_wconf 76' lang='lat' dir='ltr'><strong>fidem</strong></span> <span class='ocrx_word' id='word_1_548' title='bbox 2787 3484 3276 3558; x_wconf 86' lang='lat' dir='ltr'><strong>appropinquavi.</strong></span> <span class='ocrx_word' id='word_1_549' title='bbox 3329 3485 3498 3541; x_wconf 68' lang='lat' dir='ltr'><strong>Filia:</strong></span> <span class='ocrx_word' id='word_1_550' title='bbox 3538 3485 3764 3541; x_wconf 73' lang='lat' dir='ltr'><strong>Jerusa-</strong></span> 
     </span>
    </p>
   </div>
   <div class='ocr_carea' id='block_1_77' title="bbox 2103 3561 3768 3647">
    <p class='ocr_par' dir='ltr' id='par_1_77' title="bbox 2103 3561 3768 3647">
     <span class='ocr_line' id='line_1_78' title="bbox 2103 3561 3768 3647; baseline 0 -17"><span class='ocrx_word' id='word_1_551' title='bbox 2103 3561 2232 3642; x_wconf 61' lang='lat' dir='ltr'><strong>lem,</strong></span> <span class='ocrx_word' id='word_1_552' title='bbox 2266 3573 2578 3647; x_wconf 62' lang='lat' dir='ltr'><strong>discipulae</strong></span> <span class='ocrx_word' id='word_1_553' title='bbox 2611 3591 2776 3642; x_wconf 71' lang='lat' dir='ltr'><strong>meae,</strong></span> <span class='ocrx_word' id='word_1_554' title='bbox 2810 3591 2940 3646; x_wconf 77' lang='lat' dir='ltr'><strong>quae</strong></span> <span class='ocrx_word' id='word_1_555' title='bbox 2992 3575 3064 3629; x_wconf 89' lang='lat' dir='ltr'><strong>ab</strong></span> <span class='ocrx_word' id='word_1_556' title='bbox 3117 3574 3273 3630; x_wconf 89' lang='lat' dir='ltr'><strong>omni</strong></span> <span class='ocrx_word' id='word_1_557' title='bbox 3325 3574 3768 3646; x_wconf 85' lang='lat' dir='ltr'><strong>perturbatione</strong></span> 
     </span>
    </p>
   </div>
   <div class='ocr_carea' id='block_1_78' title="bbox 2104 3663 3766 3736">
    <p class='ocr_par' dir='ltr' id='par_1_78' title="bbox 2104 3663 3766 3736">
     <span class='ocr_line' id='line_1_79' title="bbox 2104 3663 3766 3736; baseline 0.001 -16"><span class='ocrx_word' id='word_1_558' title='bbox 2104 3669 2160 3720; x_wconf 91' lang='lat' dir='ltr'><strong>et</strong></span> <span class='ocrx_word' id='word_1_559' title='bbox 2189 3664 2328 3720; x_wconf 88' lang='lat' dir='ltr'><strong>vilic</strong></span> <span class='ocrx_word' id='word_1_560' title='bbox 2359 3668 2632 3736; x_wconf 85' lang='lat' dir='ltr'><strong>separata</strong></span> <span class='ocrx_word' id='word_1_561' title='bbox 2663 3665 2926 3720; x_wconf 85' lang='lat' dir='ltr'><strong>divinam</strong></span> <span class='ocrx_word' id='word_1_562' title='bbox 2955 3681 3156 3736; x_wconf 88' lang='lat' dir='ltr'><strong>pacem</strong></span> <span class='ocrx_word' id='word_1_563' title='bbox 3190 3664 3380 3731; x_wconf 90' lang='lat' dir='ltr'><strong>video,</strong></span> <span class='ocrx_word' id='word_1_564' title='bbox 3415 3667 3471 3719; x_wconf 81' lang='lat' dir='ltr'><strong>et</strong></span> <span class='ocrx_word' id='word_1_565' title='bbox 3499 3663 3766 3721; x_wconf 71' lang='lat' dir='ltr'><strong>laetitiam</strong></span> 
     </span>
    </p>
   </div>
   <div class='ocr_carea' id='block_1_79' title="bbox 2107 3753 3766 3826">
    <p class='ocr_par' dir='ltr' id='par_1_79' title="bbox 2107 3753 3766 3826">
     <span class='ocr_line' id='line_1_80' title="bbox 2107 3753 3766 3826; baseline 0.001 -17"><span class='ocrx_word' id='word_1_566' title='bbox 2107 3754 2178 3809; x_wconf 88' lang='lat' dir='ltr'><strong>ab</strong></span> <span class='ocrx_word' id='word_1_567' title='bbox 2209 3753 2370 3809; x_wconf 86' lang='lat' dir='ltr'><strong>omni</strong></span> <span class='ocrx_word' id='word_1_568' title='bbox 2401 3753 2842 3825; x_wconf 89' lang='lat' dir='ltr'><strong>perturbatione</strong></span> <span class='ocrx_word' id='word_1_569' title='bbox 2873 3759 3182 3826; x_wconf 87' lang='lat' dir='ltr'><strong>remotam,</strong></span> <span class='ocrx_word' id='word_1_570' title='bbox 3214 3754 3308 3810; x_wconf 88' lang='lat' dir='ltr'><strong>Dei</strong></span> <span class='ocrx_word' id='word_1_571' title='bbox 3338 3753 3624 3810; x_wconf 89' lang='lat' dir='ltr'><strong>nimirum</strong></span> <span class='ocrx_word' id='word_1_572' title='bbox 3670 3756 3766 3810; x_wconf 78' lang='lat' dir='ltr'><strong>in-</strong></span> 
     </span>
    </p>
   </div>
   <div class='ocr_carea' id='block_1_80' title="bbox 2106 3847 2606 3916">
    <p class='ocr_par' dir='ltr' id='par_1_80' title="bbox 2106 3847 2606 3916">
     <span class='ocr_line' id='line_1_81' title="bbox 2106 3847 2606 3916; baseline -0.002 -16"><span class='ocrx_word' id='word_1_573' title='bbox 2106 3847 2196 3900; x_wconf 81' lang='lat' dir='ltr'><strong>tra.</strong></span> <span class='ocrx_word' id='word_1_574' title='bbox 2217 3862 2318 3901; x_wconf 83' lang='lat' dir='ltr'><strong>nos</strong></span> <span class='ocrx_word' id='word_1_575' title='bbox 2347 3862 2606 3916; x_wconf 85' lang='lat' dir='ltr'><strong>regnum.</strong></span> 
     </span>
    </p>
   </div>
   <div class='ocr_carea' id='block_1_81' title="bbox 334 3927 3762 4009">
    <p class='ocr_par' dir='ltr' id='par_1_81' title="bbox 334 3927 3762 4009">
     <span class='ocr_line' id='line_1_82' title="bbox 334 3927 3762 4009; baseline 0 -21"><span class='ocrx_word' id='word_1_576' title='bbox 334 3931 646 4009; x_wconf 66' lang='grc' dir='ltr'>ἐηισάσης,</span> <span class='ocrx_word' id='word_1_577' title='bbox 677 3931 881 4005; x_wconf 82' lang='grc' dir='ltr'>τούτῳ,</span> <span class='ocrx_word' id='word_1_578' title='bbox 912 3931 988 3994; x_wconf 87' lang='grc' dir='ltr'><strong>ὡς</strong></span> <span class='ocrx_word' id='word_1_579' title='bbox 1026 3932 1120 4006; x_wconf 71' lang='grc' dir='ltr'>μὲν</span> <span class='ocrx_word' id='word_1_580' title='bbox 1154 3929 1385 4002; x_wconf 78' lang='grc' dir='ltr'>ἀληθείᾳ</span> <span class='ocrx_word' id='word_1_581' title='bbox 1413 3931 1549 3984; x_wconf 84' lang='grc' dir='ltr'>κατᾶ</span> <span class='ocrx_word' id='word_1_582' title='bbox 1579 3927 1817 4000; x_wconf 80' lang='grc' dir='ltr'>ἅληστον</span> <span class='ocrx_word' id='word_1_583' title='bbox 1845 3931 2069 4006; x_wconf 81' lang='grc' dir='ltr'>γνῶσιν,</span> <span class='ocrx_word' id='word_1_584' title='bbox 2103 3933 2178 3996; x_wconf 84' lang='grc' dir='ltr'>ὡς</span> <span class='ocrx_word' id='word_1_585' title='bbox 2208 3929 2253 3987; x_wconf 81' lang='grc' dir='ltr'>δ’</span> <span class='ocrx_word' id='word_1_586' title='bbox 2281 3931 2464 4008; x_wconf 75' lang='grc' dir='ltr'>ἀγαθῷ</span> <span class='ocrx_word' id='word_1_587' title='bbox 2492 3933 2610 3987; x_wconf 90' lang='grc' dir='ltr'>κατ’</span> <span class='ocrx_word' id='word_1_588' title='bbox 2647 3928 2959 4007; x_wconf 75' lang='grc' dir='ltr'>ἔμπρακτον</span> <span class='ocrx_word' id='word_1_589' title='bbox 3006 3934 3210 3990; x_wconf 87' lang='grc' dir='ltr'>πίστιν.</span> <span class='ocrx_word' id='word_1_590' title='bbox 3262 3933 3576 4009; x_wconf 82' lang='grc' dir='ltr'>Μαθήτριαί</span> <span class='ocrx_word' id='word_1_591' title='bbox 3633 3955 3762 4006; x_wconf 86' lang='grc' dir='ltr'>μου,</span> 
     </span>
    </p>
   </div>
   <div class='ocr_carea' id='block_1_82' title="bbox 330 4015 3764 4100">
    <p class='ocr_par' dir='ltr' id='par_1_82' title="bbox 330 4015 3764 4100">
     <span class='ocr_line' id='line_1_83' title="bbox 330 4015 3764 4100; baseline 0 -26"><span class='ocrx_word' id='word_1_592' title='bbox 330 4025 435 4088; x_wconf 82' lang='grc' dir='ltr'>τῆς</span> <span class='ocrx_word' id='word_1_593' title='bbox 466 4019 679 4092; x_wconf 82' lang='grc' dir='ltr'>ὁρώσης</span> <span class='ocrx_word' id='word_1_594' title='bbox 708 4018 760 4074; x_wconf 79' lang='grc' dir='ltr'><strong>ἐν</strong></span> <span class='ocrx_word' id='word_1_595' title='bbox 791 4018 862 4094; x_wconf 78' lang='grc' dir='ltr'><strong>τῇ</strong></span> <span class='ocrx_word' id='word_1_596' title='bbox 889 4019 1090 4080; x_wconf 84' lang='grc' dir='ltr'>παντὸς</span> <span class='ocrx_word' id='word_1_597' title='bbox 1121 4018 1327 4082; x_wconf 80' lang='grc' dir='ltr'>πάθους</span> <span class='ocrx_word' id='word_1_598' title='bbox 1359 4015 1653 4093; x_wconf 81' lang='grc' dir='ltr'>ἀπαλλαγῇ</span> <span class='ocrx_word' id='word_1_599' title='bbox 1683 4017 1782 4086; x_wconf 76' lang='grc' dir='ltr'><strong>την</strong></span> <span class='ocrx_word' id='word_1_600' title='bbox 1814 4017 1958 4073; x_wconf 88' lang='grc' dir='ltr'>θείαν</span> <span class='ocrx_word' id='word_1_601' title='bbox 1987 4017 2234 4096; x_wconf 72' lang='grc' dir='ltr'>εἰρήνην,</span> <span class='ocrx_word' id='word_1_602' title='bbox 2266 4019 2356 4074; x_wconf 82' lang='grc' dir='ltr'><strong>καὶ</strong></span> <span class='ocrx_word' id='word_1_603' title='bbox 2389 4018 2760 4094; x_wconf 73' lang='grc' dir='ltr'>ἄνενόχλητον</span> <span class='ocrx_word' id='word_1_604' title='bbox 2791 4019 3149 4100; x_wconf 75' lang='grc' dir='ltr'>εὐφροσύνην,</span> <span class='ocrx_word' id='word_1_605' title='bbox 3192 4018 3411 4084; x_wconf 72' lang='grc' dir='ltr'>πάντως</span> <span class='ocrx_word' id='word_1_606' title='bbox 3461 4021 3559 4090; x_wconf 79' lang='grc' dir='ltr'>τὴν</span> <span class='ocrx_word' id='word_1_607' title='bbox 3612 4019 3764 4084; x_wconf 80' lang='grc' dir='ltr'>ἐντὸς</span> 
     </span>
    </p>
   </div>
   <div class='ocr_carea' id='block_1_83' title="bbox 331 4104 1117 4184">
    <p class='ocr_par' dir='ltr' id='par_1_83' title="bbox 331 4104 1117 4184">
     <span class='ocr_line' id='line_1_84' title="bbox 331 4104 1117 4184; baseline 0.003 -22"><span class='ocrx_word' id='word_1_608' title='bbox 331 4110 498 4182; x_wconf 82' lang='grc' dir='ltr'>ῆμῶν</span> <span class='ocrx_word' id='word_1_609' title='bbox 528 4111 624 4162; x_wconf 91' lang='grc' dir='ltr'><strong>τοῦ</strong></span> <span class='ocrx_word' id='word_1_610' title='bbox 654 4111 786 4163; x_wconf 86' lang='grc' dir='ltr'>Θεοῦ</span> <span class='ocrx_word' id='word_1_611' title='bbox 816 4104 1117 4184; x_wconf 85' lang='grc' dir='ltr'>βασιλείαν.</span> 
     </span>
    </p>
   </div>
   <div class='ocr_carea' id='block_1_84' title="bbox 1043 4211 1295 4272">
    <p class='ocr_par' dir='ltr' id='par_1_84' title="bbox 1043 4211 1295 4272">
     <span class='ocr_line' id='line_1_85' title="bbox 1043 4211 1295 4272; baseline 0.004 -2"><span class='ocrx_word' id='word_1_612' title='bbox 1043 4213 1162 4270; x_wconf 84' lang='grc' dir='ltr'><strong>Ψελ</strong></span> <span class='ocrx_word' id='word_1_613' title='bbox 1169 4211 1201 4269; x_wconf 89' lang='grc' dir='ltr'><strong>λ</strong></span> <span class='ocrx_word' id='word_1_614' title='bbox 1210 4218 1272 4270; x_wconf 84' lang='grc' dir='ltr'><strong>οῦ</strong></span> <span class='ocrx_word' id='word_1_615' title='bbox 1286 4258 1295 4272; x_wconf 90' lang='grc'><strong>.</strong></span> 
     </span>
    </p>
   </div>
   <div class='ocr_carea' id='block_1_85' title="bbox 330 4301 1994 4384">
    <p class='ocr_par' dir='ltr' id='par_1_85' title="bbox 330 4301 1994 4384">
     <span class='ocr_line' id='line_1_86' title="bbox 330 4301 1994 4384; baseline -0.001 -22"><span class='ocrx_word' id='word_1_616' title='bbox 330 4305 538 4368; x_wconf 83' lang='grc' dir='ltr'>Λευκὸς</span> <span class='ocrx_word' id='word_1_617' title='bbox 612 4305 703 4360; x_wconf 89' lang='grc' dir='ltr'><strong>καὶ</strong></span> <span class='ocrx_word' id='word_1_618' title='bbox 770 4303 976 4384; x_wconf 77' lang='grc' dir='ltr'>πυῤῥὸς</span> <span class='ocrx_word' id='word_1_619' title='bbox 1069 4301 1524 4382; x_wconf 76' lang='grc' dir='ltr'>ἐκλελογισμένος</span> <span class='ocrx_word' id='word_1_620' title='bbox 1598 4303 1706 4360; x_wconf 80' lang='grc' dir='ltr'>ἀπὸ</span> <span class='ocrx_word' id='word_1_621' title='bbox 1799 4305 1994 4382; x_wconf 80' lang='grc' dir='ltr'>μυριά-</span> 
     </span>
    </p>
   </div>
   <div class='ocr_carea' id='block_1_86' title="bbox 1769 4391 1924 4468">
    <p class='ocr_par' dir='ltr' id='par_1_86' title="bbox 1769 4391 1924 4468">
     <span class='ocr_line' id='line_1_87' title="bbox 1769 4391 1924 4468; baseline -0.013 0"><span class='ocrx_word' id='word_1_622' title='bbox 1769 4391 1924 4468; x_wconf 80' lang='grc' dir='ltr'>[δων.</span> 
     </span>
    </p>
   </div>
   <div class='ocr_carea' id='block_1_87' title="bbox 333 4477 1774 4563">
    <p class='ocr_par' dir='ltr' id='par_1_87' title="bbox 333 4477 1774 4563">
     <span class='ocr_line' id='line_1_88' title="bbox 333 4477 1774 4563; baseline -0.001 -24"><span class='ocrx_word' id='word_1_623' title='bbox 333 4484 574 4547; x_wconf 83' lang='grc' dir='ltr'>Ἐκεῖνος</span> <span class='ocrx_word' id='word_1_624' title='bbox 601 4483 830 4562; x_wconf 78' lang='grc' dir='ltr'>πέφυκε,</span> <span class='ocrx_word' id='word_1_625' title='bbox 863 4483 1052 4563; x_wconf 73' lang='grc' dir='ltr'>φησὶν,</span> <span class='ocrx_word' id='word_1_626' title='bbox 1083 4477 1256 4546; x_wconf 72' lang='grc' dir='ltr'>ὅντως</span> <span class='ocrx_word' id='word_1_627' title='bbox 1289 4479 1616 4562; x_wconf 75' lang='grc' dir='ltr'>ἀδελφιδοῦς</span> <span class='ocrx_word' id='word_1_628' title='bbox 1642 4504 1774 4556; x_wconf 86' lang='grc' dir='ltr'>μου,</span> 
     </span>
    </p>
   </div>
   <div class='ocr_carea' id='block_1_88' title="bbox 331 4569 1963 4650">
    <p class='ocr_par' dir='ltr' id='par_1_88' title="bbox 331 4569 1963 4650">
     <span class='ocr_line' id='line_1_89' title="bbox 331 4569 1963 4650; baseline 0.001 -24"><span class='ocrx_word' id='word_1_629' title='bbox 331 4575 431 4636; x_wconf 87' lang='grc' dir='ltr'>Ὃς</span> <span class='ocrx_word' id='word_1_630' title='bbox 461 4571 512 4627; x_wconf 82' lang='grc' dir='ltr'><strong>έν</strong></span> <span class='ocrx_word' id='word_1_631' title='bbox 547 4576 761 4649; x_wconf 83' lang='grc' dir='ltr'>σταυρῷ</span> <span class='ocrx_word' id='word_1_632' title='bbox 787 4573 889 4642; x_wconf 86' lang='grc' dir='ltr'>τήν</span> <span class='ocrx_word' id='word_1_633' title='bbox 921 4569 1191 4650; x_wconf 72' lang='grc' dir='ltr'>ἄχραντον</span> <span class='ocrx_word' id='word_1_634' title='bbox 1224 4572 1464 4648; x_wconf 71' lang='grc' dir='ltr'>πλευρὰν</span> <span class='ocrx_word' id='word_1_635' title='bbox 1497 4569 1963 4648; x_wconf 77' lang='grc' dir='ltr'>λελογχευμένος,</span> 
     </span>
    </p>
   </div>
   <div class='ocr_carea' id='block_1_89' title="bbox 336 4656 1763 4739">
    <p class='ocr_par' dir='ltr' id='par_1_89' title="bbox 336 4656 1763 4739">
     <span class='ocr_line' id='line_1_90' title="bbox 336 4656 1763 4739; baseline -0.001 -21"><span class='ocrx_word' id='word_1_636' title='bbox 336 4663 494 4736; x_wconf 78' lang='grc' dir='ltr'>Αἷμα</span> <span class='ocrx_word' id='word_1_637' title='bbox 525 4662 612 4718; x_wconf 80' lang='grc' dir='ltr'><strong>καὶ</strong></span> <span class='ocrx_word' id='word_1_638' title='bbox 647 4660 793 4739; x_wconf 73' lang='grc' dir='ltr'>ὕδωρ</span> <span class='ocrx_word' id='word_1_639' title='bbox 826 4656 1051 4717; x_wconf 76' lang='grc' dir='ltr'>ἔϐλυσεν</span> <span class='ocrx_word' id='word_1_640' title='bbox 1083 4660 1393 4739; x_wconf 82' lang='grc' dir='ltr'>ἀνθρώποις</span> <span class='ocrx_word' id='word_1_641' title='bbox 1423 4659 1763 4737; x_wconf 82' lang='grc' dir='ltr'>παραδόξως.</span> 
     </span>
    </p>
   </div>
   <div class='ocr_carea' id='block_1_90' title="bbox 334 4750 2000 4829">
    <p class='ocr_par' dir='ltr' id='par_1_90' title="bbox 334 4750 2000 4829">
     <span class='ocr_line' id='line_1_91' title="bbox 334 4750 2000 4829; baseline -0.001 -20"><span class='ocrx_word' id='word_1_642' title='bbox 334 4754 438 4814; x_wconf 78' lang='grc' dir='ltr'>’Ὀς</span> <span class='ocrx_word' id='word_1_643' title='bbox 463 4750 570 4806; x_wconf 72' lang='grc' dir='ltr'>ἀπὸ</span> <span class='ocrx_word' id='word_1_644' title='bbox 601 4753 821 4808; x_wconf 83' lang='grc' dir='ltr'>πάντων</span> <span class='ocrx_word' id='word_1_645' title='bbox 848 4752 957 4808; x_wconf 83' lang='grc' dir='ltr'>τῶν</span> <span class='ocrx_word' id='word_1_646' title='bbox 994 4753 1218 4829; x_wconf 82' lang='grc' dir='ltr'>βροτῶν</span> <span class='ocrx_word' id='word_1_647' title='bbox 1257 4752 1424 4827; x_wconf 87' lang='grc' dir='ltr'>μόνος</span> <span class='ocrx_word' id='word_1_648' title='bbox 1457 4751 1516 4808; x_wconf 88' lang='grc' dir='ltr'><strong>έκ</strong></span> <span class='ocrx_word' id='word_1_649' title='bbox 1544 4758 1646 4822; x_wconf 79' lang='grc' dir='ltr'><strong>τῆς</strong></span> <span class='ocrx_word' id='word_1_650' title='bbox 1702 4752 2000 4828; x_wconf 81' lang='grc' dir='ltr'>Παρθένου,</span> 
     </span>
    </p>
   </div>
   <div class='ocr_carea' id='block_1_91' title="bbox 332 4839 1712 4918">
    <p class='ocr_par' dir='ltr' id='par_1_91' title="bbox 332 4839 1712 4918">
     <span class='ocr_line' id='line_1_92' title="bbox 332 4839 1712 4918; baseline -0.001 -22"><span class='ocrx_word' id='word_1_651' title='bbox 332 4841 503 4896; x_wconf 80' lang='grc' dir='ltr'>Ἀνευ</span> <span class='ocrx_word' id='word_1_652' title='bbox 535 4839 759 4918; x_wconf 82' lang='grc' dir='ltr'>λοχείας</span> <span class='ocrx_word' id='word_1_653' title='bbox 788 4839 1074 4918; x_wconf 86' lang='grc' dir='ltr'>προελθὼν</span> <span class='ocrx_word' id='word_1_654' title='bbox 1108 4842 1396 4916; x_wconf 80' lang='grc' dir='ltr'>ἅνθρωπος</span> <span class='ocrx_word' id='word_1_655' title='bbox 1427 4841 1712 4918; x_wconf 80' lang='grc' dir='ltr'>ἐλογίσθη,</span> 
     </span>
    </p>
   </div>
   <div class='ocr_carea' id='block_1_92' title="bbox 335 4927 1465 5012">
    <p class='ocr_par' dir='ltr' id='par_1_92' title="bbox 335 4927 1465 5012">
     <span class='ocr_line' id='line_1_93' title="bbox 335 4927 1465 5012; baseline 0.001 -27"><span class='ocrx_word' id='word_1_656' title='bbox 335 4929 563 5008; x_wconf 77' lang='grc' dir='ltr'>Κεφαλὴ</span> <span class='ocrx_word' id='word_1_657' title='bbox 589 4927 646 4986; x_wconf 69' lang='grc' dir='ltr'>δὲ</span> <span class='ocrx_word' id='word_1_658' title='bbox 675 4933 843 4987; x_wconf 78' lang='grc' dir='ltr'>αὐτοῦ</span> <span class='ocrx_word' id='word_1_659' title='bbox 875 4931 948 4993; x_wconf 82' lang='grc' dir='ltr'>ὡς</span> <span class='ocrx_word' id='word_1_660' title='bbox 977 4931 1204 5008; x_wconf 84' lang='grc' dir='ltr'>χρυσίον</span> <span class='ocrx_word' id='word_1_661' title='bbox 1235 4932 1465 5012; x_wconf 74' lang='grc' dir='ltr'>Κειρᾶτζ,</span> 
     </span>
    </p>
   </div>
   <div class='ocr_carea' id='block_1_93' title="bbox 332 5020 1721 5100">
    <p class='ocr_par' dir='ltr' id='par_1_93' title="bbox 332 5020 1721 5100">
     <span class='ocr_line' id='line_1_94' title="bbox 332 5020 1721 5100; baseline 0 -23"><span class='ocrx_word' id='word_1_662' title='bbox 332 5021 529 5083; x_wconf 82' lang='grc' dir='ltr'>’Ὁστις</span> <span class='ocrx_word' id='word_1_663' title='bbox 559 5020 812 5097; x_wconf 66' lang='grc' dir='ltr'>τυγχάνει</span> <span class='ocrx_word' id='word_1_664' title='bbox 839 5022 1096 5097; x_wconf 78' lang='grc' dir='ltr'>καθαρὸς,</span> <span class='ocrx_word' id='word_1_665' title='bbox 1130 5023 1316 5100; x_wconf 69' lang='grc' dir='ltr'>ςρησῖν,</span> <span class='ocrx_word' id='word_1_666' title='bbox 1351 5021 1400 5095; x_wconf 78' lang='grc' dir='ltr'>ἐξ</span> <span class='ocrx_word' id='word_1_667' title='bbox 1437 5021 1721 5098; x_wconf 69' lang='grc' dir='ltr'>ἁμαρτίας.</span> 
     </span>
    </p>
   </div>
   <div class='ocr_carea' id='block_1_94' title="bbox 336 5108 1802 5187">
    <p class='ocr_par' dir='ltr' id='par_1_94' title="bbox 336 5108 1802 5187">
     <span class='ocr_line' id='line_1_95' title="bbox 336 5108 1802 5187; baseline 0.001 -21"><span class='ocrx_word' id='word_1_668' title='bbox 336 5108 649 5186; x_wconf 87' lang='grc' dir='ltr'>Βόστρυχοι</span> <span class='ocrx_word' id='word_1_669' title='bbox 682 5110 847 5166; x_wconf 69' lang='grc' dir='ltr'>αὐτοῦ</span> <span class='ocrx_word' id='word_1_670' title='bbox 879 5110 1092 5180; x_wconf 78' lang='grc' dir='ltr'>έλαταῖ,</span> <span class='ocrx_word' id='word_1_671' title='bbox 1130 5110 1359 5186; x_wconf 77' lang='grc' dir='ltr'>μέλανες</span> <span class='ocrx_word' id='word_1_672' title='bbox 1391 5111 1517 5166; x_wconf 83' lang='grc' dir='ltr'>ὡσεὶ</span> <span class='ocrx_word' id='word_1_673' title='bbox 1545 5111 1802 5187; x_wconf 81' lang='grc' dir='ltr'>κόρακος.</span> 
     </span>
    </p>
   </div>
   <div class='ocr_carea' id='block_1_95' title="bbox 333 5195 2001 5280">
    <p class='ocr_par' dir='ltr' id='par_1_95' title="bbox 333 5195 2001 5280">
     <span class='ocr_line' id='line_1_96' title="bbox 333 5195 2001 5280; baseline 0.002 -28"><span class='ocrx_word' id='word_1_674' title='bbox 333 5195 512 5262; x_wconf 81' lang='grc' dir='ltr'>Οῦτος</span> <span class='ocrx_word' id='word_1_675' title='bbox 543 5201 770 5279; x_wconf 75' lang='grc' dir='ltr'>πέφυκε,</span> <span class='ocrx_word' id='word_1_676' title='bbox 803 5203 958 5280; x_wconf 73' lang='grc' dir='ltr'>φησί,</span> <span class='ocrx_word' id='word_1_677' title='bbox 990 5201 1198 5275; x_wconf 82' lang='grc' dir='ltr'>κόσμος</span> <span class='ocrx_word' id='word_1_678' title='bbox 1230 5199 1440 5277; x_wconf 78' lang='grc' dir='ltr'>Πέτρος</span> <span class='ocrx_word' id='word_1_679' title='bbox 1471 5201 1558 5256; x_wconf 75' lang='grc' dir='ltr'>καὶ</span> <span class='ocrx_word' id='word_1_680' title='bbox 1595 5199 1811 5263; x_wconf 89' lang='grc' dir='ltr'>Παῦλος</span> <span class='ocrx_word' id='word_1_681' title='bbox 1858 5203 1910 5256; x_wconf 75' lang='grc' dir='ltr'>οἱ</span> <span class='ocrx_word' id='word_1_682' title='bbox 1941 5200 2001 5256; x_wconf 78' lang='grc' dir='ltr'><strong>τό</strong></span> 
     </span>
    </p>
   </div>
   <div class='ocr_carea' id='block_1_96' title="bbox 1203 5287 1928 5368">
    <p class='ocr_par' dir='ltr' id='par_1_96' title="bbox 1203 5287 1928 5368">
     <span class='ocr_line' id='line_1_97' title="bbox 1203 5287 1928 5368; baseline 0.004 -23"><span class='ocrx_word' id='word_1_683' title='bbox 1203 5290 1351 5365; x_wconf 74' lang='grc' dir='ltr'>[πρὶν</span> <span class='ocrx_word' id='word_1_684' title='bbox 1385 5287 1535 5354; x_wconf 77' lang='grc' dir='ltr'>ὄντες</span> <span class='ocrx_word' id='word_1_685' title='bbox 1570 5290 1928 5368; x_wconf 82' lang='grc' dir='ltr'>έζοφωμένοι.</span> 
     </span>
    </p>
   </div>
   <div class='ocr_carea' id='block_1_97' title="bbox 335 5375 1909 5456">
    <p class='ocr_par' dir='ltr' id='par_1_97' title="bbox 335 5375 1909 5456">
     <span class='ocr_line' id='line_1_98' title="bbox 335 5375 1909 5456; baseline 0.003 -24"><span class='ocrx_word' id='word_1_686' title='bbox 335 5375 442 5432; x_wconf 76' lang='grc' dir='ltr'><strong>Καὶ</strong></span> <span class='ocrx_word' id='word_1_687' title='bbox 473 5382 576 5441; x_wconf 79' lang='grc' dir='ltr'>πᾶς</span> <span class='ocrx_word' id='word_1_688' title='bbox 609 5379 660 5450; x_wconf 77' lang='grc' dir='ltr'>ἐξ</span> <span class='ocrx_word' id='word_1_689' title='bbox 692 5377 878 5443; x_wconf 76' lang='grc' dir='ltr'>ἔθνους</span> <span class='ocrx_word' id='word_1_690' title='bbox 913 5379 1227 5456; x_wconf 82' lang='grc' dir='ltr'>βαπτισθεὶς</span> <span class='ocrx_word' id='word_1_691' title='bbox 1255 5380 1347 5434; x_wconf 84' lang='grc' dir='ltr'>καί</span> <span class='ocrx_word' id='word_1_692' title='bbox 1379 5377 1664 5456; x_wconf 88' lang='grc' dir='ltr'>προελθὼν</span> <span class='ocrx_word' id='word_1_693' title='bbox 1700 5379 1909 5453; x_wconf 81' lang='grc' dir='ltr'>ἐκείνῳ.</span> 
     </span>
    </p>
   </div>
   <div class='ocr_carea' id='block_1_98' title="bbox 337 5465 2007 5546">
    <p class='ocr_par' dir='ltr' id='par_1_98' title="bbox 337 5465 2007 5546">
     <span class='ocr_line' id='line_1_99' title="bbox 337 5465 2007 5546; baseline -0.001 -21"><span class='ocrx_word' id='word_1_694' title='bbox 337 5468 410 5525; x_wconf 80' lang='grc' dir='ltr'><strong>Οἱ</strong></span> <span class='ocrx_word' id='word_1_695' title='bbox 455 5465 739 5546; x_wconf 72' lang='grc' dir='ltr'>ὀφθαλμοὶ</span> <span class='ocrx_word' id='word_1_696' title='bbox 794 5469 963 5525; x_wconf 78' lang='grc' dir='ltr'>αὐτοῦ</span> <span class='ocrx_word' id='word_1_697' title='bbox 1012 5470 1087 5534; x_wconf 83' lang='grc' dir='ltr'>ὡς</span> <span class='ocrx_word' id='word_1_698' title='bbox 1131 5470 1441 5545; x_wconf 77' lang='grc' dir='ltr'>περιστεραὶ</span> <span class='ocrx_word' id='word_1_699' title='bbox 1488 5467 1575 5523; x_wconf 78' lang='grc' dir='ltr'><strong>ἐπὶ</strong></span> <span class='ocrx_word' id='word_1_700' title='bbox 1621 5467 2007 5546; x_wconf 86' lang='grc' dir='ltr'>πληρώματος</span> 
     </span>
    </p>
   </div>
   <div class='ocr_carea' id='block_1_99' title="bbox 1309 5554 1931 5634">
    <p class='ocr_par' dir='ltr' id='par_1_99' title="bbox 1309 5554 1931 5634">
     <span class='ocr_line' id='line_1_100' title="bbox 1309 5554 1931 5634; baseline 0.006 -21"><span class='ocrx_word' id='word_1_701' title='bbox 1309 5554 1546 5631; x_wconf 79' lang='grc' dir='ltr'>[ὑδάτων</span> <span class='ocrx_word' id='word_1_702' title='bbox 1580 5555 1931 5634; x_wconf 87' lang='grc' dir='ltr'>λελουμέναι.</span> 
     </span>
    </p>
   </div>
   <div class='ocr_carea' id='block_1_100' title="bbox 413 5749 1388 5835">
    <p class='ocr_par' dir='ltr' id='par_1_100' title="bbox 413 5749 1388 5835">
     <span class='ocr_line' id='line_1_101' title="bbox 413 5749 1388 5835; baseline -0.002 -16"><span class='ocrx_word' id='word_1_703' title='bbox 413 5749 715 5835; x_wconf 63' lang='grc' dir='ltr'><strong>θοῚοαίλι,</strong></span> <span class='ocrx_word' id='word_1_704' title='bbox 743 5765 800 5820; x_wconf 88' lang='grc'><strong>5.</strong></span> <span class='ocrx_word' id='word_1_705' title='bbox 873 5763 920 5800; x_wconf 76' lang='grc'><strong>⁶¹</strong></span> <span class='ocrx_word' id='word_1_706' title='bbox 953 5761 1094 5820; x_wconf 89' lang='lat' dir='ltr'><strong>Luc.</strong></span> <span class='ocrx_word' id='word_1_707' title='bbox 1123 5776 1267 5834; x_wconf 84' lang='lat' dir='ltr'><strong>xvu,</strong></span> <span class='ocrx_word' id='word_1_708' title='bbox 1295 5761 1388 5818; x_wconf 75' lang='lat'><strong>21.</strong></span> 
     </span>
    </p>
   </div>
   <div class='ocr_carea' id='block_1_101' title="bbox 669 5887 1384 5956">
    <p class='ocr_par' dir='ltr' id='par_1_101' title="bbox 669 5887 1384 5956">
     <span class='ocr_line' id='line_1_102' title="bbox 669 5887 1384 5956; baseline -0.003 -2"><span class='ocrx_word' id='word_1_709' title='bbox 669 5892 933 5956; x_wconf 66' lang='lat' dir='ltr'><strong>Paraon.</strong></span> <span class='ocrx_word' id='word_1_710' title='bbox 983 5891 1096 5956; x_wconf 74' lang='lat' dir='ltr'><strong>Gn.</strong></span> <span class='ocrx_word' id='word_1_711' title='bbox 1141 5887 1384 5954; x_wconf 80' lang='lat' dir='ltr'><strong>CXXII.</strong></span> 
     </span>
    </p>
   </div>
   <div class='ocr_carea' id='block_1_102' title="bbox 2839 4220 3027 4276">
    <p class='ocr_par' dir='ltr' id='par_1_102' title="bbox 2839 4220 3027 4276">
     <span class='ocr_line' id='line_1_103' title="bbox 2839 4220 3027 4276; baseline -0.011 0"><span class='ocrx_word' id='word_1_712' title='bbox 2839 4220 3027 4276; x_wconf 83' lang='lat' dir='ltr'><strong>Pselli.</strong></span> 
     </span>
    </p>
   </div>
   <div class='ocr_carea' id='block_1_103' title="bbox 2177 4307 3768 4382">
    <p class='ocr_par' dir='ltr' id='par_1_103' title="bbox 2177 4307 3768 4382">
     <span class='ocr_line' id='line_1_104' title="bbox 2177 4307 3768 4382; baseline 0.003 -18"><span class='ocrx_word' id='word_1_713' title='bbox 2177 4307 2458 4365; x_wconf 80' lang='lat' dir='ltr'><strong>Candidus</strong></span> <span class='ocrx_word' id='word_1_714' title='bbox 2484 4317 2536 4365; x_wconf 82' lang='lat' dir='ltr'><strong>et</strong></span> <span class='ocrx_word' id='word_1_715' title='bbox 2564 4309 2938 4382; x_wconf 77' lang='lat' dir='ltr'><strong>rubicundus,</strong></span> <span class='ocrx_word' id='word_1_716' title='bbox 2990 4308 3202 4367; x_wconf 75' lang='lat' dir='ltr'><strong>electus</strong></span> <span class='ocrx_word' id='word_1_717' title='bbox 3247 4326 3318 4367; x_wconf 78' lang='lat' dir='ltr'><strong>ex</strong></span> <span class='ocrx_word' id='word_1_718' title='bbox 3365 4310 3549 4367; x_wconf 85' lang='lat' dir='ltr'><strong>decem</strong></span> <span class='ocrx_word' id='word_1_719' title='bbox 3589 4312 3768 4368; x_wconf 82' lang='lat' dir='ltr'><strong>mitti-</strong></span> 
     </span>
    </p>
   </div>
   <div class='ocr_carea' id='block_1_104' title="bbox 2107 4397 3771 4474">
    <p class='ocr_par' dir='ltr' id='par_1_104' title="bbox 2107 4397 3771 4474">
     <span class='ocr_line' id='line_1_105' title="bbox 2107 4397 3771 4474; baseline 0.001 -20"><span class='ocrx_word' id='word_1_720' title='bbox 2107 4398 2229 4455; x_wconf 86' lang='lat' dir='ltr'><strong>bus.</strong></span> <span class='ocrx_word' id='word_1_721' title='bbox 2264 4397 2366 4455; x_wconf 93' lang='lat' dir='ltr'><strong>Ille</strong></span> <span class='ocrx_word' id='word_1_722' title='bbox 2396 4403 2509 4466; x_wconf 87' lang='lat' dir='ltr'><strong>est,</strong></span> <span class='ocrx_word' id='word_1_723' title='bbox 2539 4398 2758 4472; x_wconf 90' lang='lat' dir='ltr'><strong>inquit,</strong></span> <span class='ocrx_word' id='word_1_724' title='bbox 2799 4416 2934 4456; x_wconf 89' lang='lat' dir='ltr'><strong>vere</strong></span> <span class='ocrx_word' id='word_1_725' title='bbox 2984 4399 3377 4457; x_wconf 89' lang='lat' dir='ltr'><strong>consobrinus</strong></span> <span class='ocrx_word' id='word_1_726' title='bbox 3427 4418 3617 4469; x_wconf 89' lang='lat' dir='ltr'><strong>meus,</strong></span> <span class='ocrx_word' id='word_1_727' title='bbox 3666 4401 3771 4474; x_wconf 88' lang='lat' dir='ltr'><strong>qui</strong></span> 
     </span>
    </p>
   </div>
   <div class='ocr_carea' id='block_1_105' title="bbox 2107 4487 3772 4548">
    <p class='ocr_par' dir='ltr' id='par_1_105' title="bbox 2107 4487 3772 4548">
     <span class='ocr_line' id='line_1_106' title="bbox 2107 4487 3772 4548; baseline 0.002 -4"><span class='ocrx_word' id='word_1_728' title='bbox 2107 4488 2168 4544; x_wconf 92' lang='lat' dir='ltr'><strong>in</strong></span> <span class='ocrx_word' id='word_1_729' title='bbox 2212 4503 2383 4544; x_wconf 88' lang='lat' dir='ltr'><strong>cruce</strong></span> <span class='ocrx_word' id='word_1_730' title='bbox 2439 4505 2509 4545; x_wconf 81' lang='lat' dir='ltr'><strong>ex</strong></span> <span class='ocrx_word' id='word_1_731' title='bbox 2567 4489 2943 4545; x_wconf 88' lang='lat' dir='ltr'><strong>immaculato</strong></span> <span class='ocrx_word' id='word_1_732' title='bbox 3003 4487 3187 4546; x_wconf 88' lang='lat' dir='ltr'><strong>latere</strong></span> <span class='ocrx_word' id='word_1_733' title='bbox 3243 4489 3414 4546; x_wconf 88' lang='lat' dir='ltr'><strong>hasta</strong></span> <span class='ocrx_word' id='word_1_734' title='bbox 3468 4490 3772 4548; x_wconf 88' lang='lat' dir='ltr'><strong>vulnerato</strong></span> 
     </span>
    </p>
   </div>
   <div class='ocr_carea' id='block_1_106' title="bbox 2109 4577 3772 4650">
    <p class='ocr_par' dir='ltr' id='par_1_106' title="bbox 2109 4577 3772 4650">
     <span class='ocr_line' id='line_1_107' title="bbox 2109 4577 3772 4650; baseline 0.002 -18"><span class='ocrx_word' id='word_1_735' title='bbox 2109 4577 2452 4633; x_wconf 90' lang='lat' dir='ltr'><strong>hominibus</strong></span> <span class='ocrx_word' id='word_1_736' title='bbox 2486 4579 2832 4650; x_wconf 84' lang='lat' dir='ltr'><strong>sanguinem</strong></span> <span class='ocrx_word' id='word_1_737' title='bbox 2858 4583 2914 4634; x_wconf 90' lang='lat' dir='ltr'><strong>et</strong></span> <span class='ocrx_word' id='word_1_738' title='bbox 2935 4595 3148 4650; x_wconf 88' lang='lat' dir='ltr'><strong>aquam</strong></span> <span class='ocrx_word' id='word_1_739' title='bbox 3177 4579 3528 4634; x_wconf 86' lang='lat' dir='ltr'><strong>mirabiliter</strong></span> <span class='ocrx_word' id='word_1_740' title='bbox 3547 4579 3772 4638; x_wconf 66' lang='lat' dir='ltr'><strong>effudit.</strong></span> 
     </span>
    </p>
   </div>
   <div class='ocr_carea' id='block_1_107' title="bbox 2034 4665 3774 4748">
    <p class='ocr_par' dir='ltr' id='par_1_107' title="bbox 2034 4665 3774 4748">
     <span class='ocr_line' id='line_1_108' title="bbox 2034 4665 3774 4748; baseline 0.002 -27"><span class='ocrx_word' id='word_1_741' title='bbox 2034 4681 2080 4748; x_wconf 84' lang='lat' dir='ltr'><strong>D</strong></span> <span class='ocrx_word' id='word_1_742' title='bbox 2111 4665 2220 4732; x_wconf 87' lang='lat' dir='ltr'><strong>Qui</strong></span> <span class='ocrx_word' id='word_1_743' title='bbox 2253 4667 2414 4722; x_wconf 92' lang='lat' dir='ltr'><strong>solus</strong></span> <span class='ocrx_word' id='word_1_744' title='bbox 2443 4666 2598 4723; x_wconf 86' lang='lat' dir='ltr'><strong>inter</strong></span> <span class='ocrx_word' id='word_1_745' title='bbox 2628 4684 2833 4723; x_wconf 86' lang='lat' dir='ltr'><strong>omnes</strong></span> <span class='ocrx_word' id='word_1_746' title='bbox 2863 4685 2932 4724; x_wconf 86' lang='lat' dir='ltr'><strong>ex</strong></span> <span class='ocrx_word' id='word_1_747' title='bbox 2961 4668 3186 4740; x_wconf 89' lang='lat' dir='ltr'><strong>virgine</strong></span> <span class='ocrx_word' id='word_1_748' title='bbox 3215 4668 3343 4724; x_wconf 87' lang='lat' dir='ltr'><strong>sine</strong></span> <span class='ocrx_word' id='word_1_749' title='bbox 3372 4667 3568 4725; x_wconf 89' lang='lat' dir='ltr'><strong>dolore</strong></span> <span class='ocrx_word' id='word_1_750' title='bbox 3599 4674 3774 4726; x_wconf 88' lang='lat' dir='ltr'><strong>natus</strong></span> 
     </span>
    </p>
   </div>
   <div class='ocr_carea' id='block_1_108' title="bbox 2111 4755 3770 4829">
    <p class='ocr_par' dir='ltr' id='par_1_108' title="bbox 2111 4755 3770 4829">
     <span class='ocr_line' id='line_1_109' title="bbox 2111 4755 3770 4829; baseline 0.001 -16"><span class='ocrx_word' id='word_1_751' title='bbox 2111 4760 2202 4813; x_wconf 90' lang='lat' dir='ltr'><strong>est</strong></span> <span class='ocrx_word' id='word_1_752' title='bbox 2227 4756 2424 4812; x_wconf 86' lang='lat' dir='ltr'><strong>homo.</strong></span> <span class='ocrx_word' id='word_1_753' title='bbox 2463 4755 2637 4829; x_wconf 83' lang='lat' dir='ltr'><strong>Caput</strong></span> <span class='ocrx_word' id='word_1_754' title='bbox 2665 4759 2783 4829; x_wconf 85' lang='lat' dir='ltr'><strong>ejus</strong></span> <span class='ocrx_word' id='word_1_755' title='bbox 2812 4759 2953 4813; x_wconf 80' lang='lat' dir='ltr'><strong>sicut</strong></span> <span class='ocrx_word' id='word_1_756' title='bbox 2983 4774 3184 4812; x_wconf 87' lang='lat' dir='ltr'><strong>aurum</strong></span> <span class='ocrx_word' id='word_1_757' title='bbox 3217 4757 3473 4829; x_wconf 69' lang='lat' dir='ltr'><strong>Cephatz.</strong></span> <span class='ocrx_word' id='word_1_758' title='bbox 3536 4757 3645 4824; x_wconf 86' lang='lat' dir='ltr'><strong>Qui</strong></span> <span class='ocrx_word' id='word_1_759' title='bbox 3697 4759 3770 4815; x_wconf 89' lang='lat' dir='ltr'><strong>ab</strong></span> 
     </span>
    </p>
   </div>
   <div class='ocr_carea' id='block_1_109' title="bbox 2111 4846 3771 4920">
    <p class='ocr_par' dir='ltr' id='par_1_109' title="bbox 2111 4846 3771 4920">
     <span class='ocr_line' id='line_1_110' title="bbox 2111 4846 3771 4920; baseline 0.001 -18"><span class='ocrx_word' id='word_1_760' title='bbox 2111 4846 2295 4912; x_wconf 90' lang='lat' dir='ltr'><strong>omni,</strong></span> <span class='ocrx_word' id='word_1_761' title='bbox 2332 4846 2546 4918; x_wconf 83' lang='lat' dir='ltr'><strong>inquit,</strong></span> <span class='ocrx_word' id='word_1_762' title='bbox 2580 4846 2807 4920; x_wconf 86' lang='lat' dir='ltr'><strong>integer</strong></span> <span class='ocrx_word' id='word_1_763' title='bbox 2846 4863 2912 4901; x_wconf 88' lang='lat' dir='ltr'><strong>ac</strong></span> <span class='ocrx_word' id='word_1_764' title='bbox 2972 4863 3160 4918; x_wconf 89' lang='lat' dir='ltr'><strong>purus</strong></span> <span class='ocrx_word' id='word_1_765' title='bbox 3213 4856 3303 4901; x_wconf 80' lang='lat' dir='ltr'><strong>est</strong></span> <span class='ocrx_word' id='word_1_766' title='bbox 3347 4847 3568 4918; x_wconf 87' lang='lat' dir='ltr'><strong>peccati</strong></span> <span class='ocrx_word' id='word_1_767' title='bbox 3616 4846 3771 4904; x_wconf 88' lang='lat' dir='ltr'><strong>labe.</strong></span> 
     </span>
    </p>
   </div>
   <div class='ocr_carea' id='block_1_110' title="bbox 2114 4935 3770 5008">
    <p class='ocr_par' dir='ltr' id='par_1_110' title="bbox 2114 4935 3770 5008">
     <span class='ocr_line' id='line_1_111' title="bbox 2114 4935 3770 5008; baseline 0.001 -17"><span class='ocrx_word' id='word_1_768' title='bbox 2114 4935 2290 4991; x_wconf 61' lang='lat' dir='ltr'><strong>Comm</strong></span> <span class='ocrx_word' id='word_1_769' title='bbox 2320 4937 2440 5007; x_wconf 79' lang='lat' dir='ltr'><strong>ejus</strong></span> <span class='ocrx_word' id='word_1_770' title='bbox 2467 4937 2611 4991; x_wconf 82' lang='lat' dir='ltr'><strong>sicut</strong></span> <span class='ocrx_word' id='word_1_771' title='bbox 2639 4938 2823 5002; x_wconf 58' lang='lat' dir='ltr'><strong>clauae,</strong></span> <span class='ocrx_word' id='word_1_772' title='bbox 2856 4938 3033 5008; x_wconf 77' lang='lat' dir='ltr'><strong>nigrae</strong></span> <span class='ocrx_word' id='word_1_773' title='bbox 3061 4937 3220 5007; x_wconf 85' lang='lat' dir='ltr'><strong>quasi</strong></span> <span class='ocrx_word' id='word_1_774' title='bbox 3269 4937 3436 4992; x_wconf 78' lang='lat' dir='ltr'><strong>corvi.</strong></span> <span class='ocrx_word' id='word_1_775' title='bbox 3487 4935 3770 5006; x_wconf 88' lang='lat' dir='ltr'><strong>Ornatus,</strong></span> 
     </span>
    </p>
   </div>
   <div class='ocr_carea' id='block_1_111' title="bbox 2112 5025 3772 5099">
    <p class='ocr_par' dir='ltr' id='par_1_111' title="bbox 2112 5025 3772 5099">
     <span class='ocr_line' id='line_1_112' title="bbox 2112 5025 3772 5099; baseline 0.001 -19"><span class='ocrx_word' id='word_1_776' title='bbox 2112 5025 2327 5096; x_wconf 87' lang='lat' dir='ltr'><strong>inquit,</strong></span> <span class='ocrx_word' id='word_1_777' title='bbox 2358 5042 2661 5080; x_wconf 89' lang='lat' dir='ltr'><strong>comarum</strong></span> <span class='ocrx_word' id='word_1_778' title='bbox 2696 5025 2826 5096; x_wconf 88' lang='lat' dir='ltr'><strong>ejus</strong></span> <span class='ocrx_word' id='word_1_779' title='bbox 2858 5029 2996 5080; x_wconf 88' lang='lat' dir='ltr'><strong>sunt</strong></span> <span class='ocrx_word' id='word_1_780' title='bbox 3027 5025 3232 5080; x_wconf 88' lang='lat' dir='ltr'><strong>Petrus</strong></span> <span class='ocrx_word' id='word_1_781' title='bbox 3279 5029 3336 5080; x_wconf 85' lang='lat' dir='ltr'><strong>et</strong></span> <span class='ocrx_word' id='word_1_782' title='bbox 3383 5026 3624 5094; x_wconf 88' lang='lat' dir='ltr'><strong>Paulus,</strong></span> <span class='ocrx_word' id='word_1_783' title='bbox 3671 5026 3772 5099; x_wconf 89' lang='lat' dir='ltr'><strong>qui</strong></span> 
     </span>
    </p>
   </div>
   <div class='ocr_carea' id='block_1_112' title="bbox 2114 5114 3775 5187">
    <p class='ocr_par' dir='ltr' id='par_1_112' title="bbox 2114 5114 3775 5187">
     <span class='ocr_line' id='line_1_113' title="bbox 2114 5114 3775 5187; baseline 0.001 -17"><span class='ocrx_word' id='word_1_784' title='bbox 2114 5119 2286 5170; x_wconf 87' lang='lat' dir='ltr'><strong>antea</strong></span> <span class='ocrx_word' id='word_1_785' title='bbox 2319 5115 2470 5186; x_wconf 90' lang='lat' dir='ltr'><strong>nigri</strong></span> <span class='ocrx_word' id='word_1_786' title='bbox 2514 5115 2927 5186; x_wconf 87' lang='lat' dir='ltr'><strong>tenebrosique</strong></span> <span class='ocrx_word' id='word_1_787' title='bbox 2975 5114 3229 5179; x_wconf 83' lang='lat' dir='ltr'><strong>fuerant,</strong></span> <span class='ocrx_word' id='word_1_788' title='bbox 3283 5119 3338 5169; x_wconf 91' lang='lat' dir='ltr'><strong>et</strong></span> <span class='ocrx_word' id='word_1_789' title='bbox 3386 5115 3656 5187; x_wconf 88' lang='lat' dir='ltr'><strong>quisquis</strong></span> <span class='ocrx_word' id='word_1_790' title='bbox 3705 5133 3775 5172; x_wconf 86' lang='lat' dir='ltr'><strong>ex</strong></span> 
     </span>
    </p>
   </div>
   <div class='ocr_carea' id='block_1_113' title="bbox 2114 5202 3775 5276">
    <p class='ocr_par' dir='ltr' id='par_1_113' title="bbox 2114 5202 3775 5276">
     <span class='ocr_line' id='line_1_114' title="bbox 2114 5202 3775 5276; baseline 0.001 -18"><span class='ocrx_word' id='word_1_791' title='bbox 2114 5203 2390 5275; x_wconf 83' lang='lat' dir='ltr'><strong>gentibus</strong></span> <span class='ocrx_word' id='word_1_792' title='bbox 2422 5204 2755 5276; x_wconf 84' lang='lat' dir='ltr'><strong>baptizatus</strong></span> <span class='ocrx_word' id='word_1_793' title='bbox 2789 5209 2880 5260; x_wconf 90' lang='lat' dir='ltr'><strong>est</strong></span> <span class='ocrx_word' id='word_1_794' title='bbox 2911 5209 2966 5260; x_wconf 86' lang='lat' dir='ltr'><strong>et</strong></span> <span class='ocrx_word' id='word_1_795' title='bbox 2997 5204 3069 5258; x_wconf 90' lang='lat' dir='ltr'><strong>ad</strong></span> <span class='ocrx_word' id='word_1_796' title='bbox 3102 5202 3268 5257; x_wconf 91' lang='lat' dir='ltr'><strong>illum</strong></span> <span class='ocrx_word' id='word_1_797' title='bbox 3306 5205 3575 5260; x_wconf 87' lang='lat' dir='ltr'><strong>accessit.</strong></span> <span class='ocrx_word' id='word_1_798' title='bbox 3611 5206 3775 5262; x_wconf 81' lang='lat' dir='ltr'><strong>Oculi</strong></span> 
     </span>
    </p>
   </div>
   <div class='ocr_carea' id='block_1_114' title="bbox 2113 5292 3770 5365">
    <p class='ocr_par' dir='ltr' id='par_1_114' title="bbox 2113 5292 3770 5365">
     <span class='ocr_line' id='line_1_115' title="bbox 2113 5292 3770 5365; baseline 0.001 -16"><span class='ocrx_word' id='word_1_799' title='bbox 2113 5293 2228 5365; x_wconf 85' lang='lat' dir='ltr'><strong>ejus</strong></span> <span class='ocrx_word' id='word_1_800' title='bbox 2253 5295 2399 5349; x_wconf 83' lang='lat' dir='ltr'><strong>sicut</strong></span> <span class='ocrx_word' id='word_1_801' title='bbox 2426 5292 2694 5348; x_wconf 77' lang='lat' dir='ltr'><strong>columbae</strong></span> <span class='ocrx_word' id='word_1_802' title='bbox 2721 5311 2887 5365; x_wconf 80' lang='lat' dir='ltr'><strong>super</strong></span> <span class='ocrx_word' id='word_1_803' title='bbox 2913 5293 3282 5365; x_wconf 81' lang='lat' dir='ltr'><strong>plenitudines</strong></span> <span class='ocrx_word' id='word_1_804' title='bbox 3312 5311 3585 5364; x_wconf 81' lang='lat' dir='ltr'><strong>aquarum</strong></span> <span class='ocrx_word' id='word_1_805' title='bbox 3617 5296 3770 5353; x_wconf 61' lang='lat' dir='ltr'><strong>lotae.</strong></span> 
     </span>
    </p>
   </div>
   <div class='ocr_carea' id='block_1_115' title="bbox 2117 5382 3778 5457">
    <p class='ocr_par' dir='ltr' id='par_1_115' title="bbox 2117 5382 3778 5457">
     <span class='ocr_line' id='line_1_116' title="bbox 2117 5382 3778 5457; baseline 0.003 -18"><span class='ocrx_word' id='word_1_806' title='bbox 2117 5383 2284 5439; x_wconf 88' lang='lat' dir='ltr'><strong>Illius</strong></span> <span class='ocrx_word' id='word_1_807' title='bbox 2315 5382 2468 5439; x_wconf 89' lang='lat' dir='ltr'><strong>oculi</strong></span> <span class='ocrx_word' id='word_1_808' title='bbox 2526 5393 2656 5439; x_wconf 72' lang='lat' dir='ltr'><strong>sunt</strong></span> <span class='ocrx_word' id='word_1_809' title='bbox 2720 5385 3012 5456; x_wconf 65' lang='lat' dir='ltr'><strong>propheta:</strong></span> <span class='ocrx_word' id='word_1_810' title='bbox 3074 5384 3384 5455; x_wconf 86' lang='lat' dir='ltr'><strong>prudentia</strong></span> <span class='ocrx_word' id='word_1_811' title='bbox 3441 5383 3778 5457; x_wconf 84' lang='lat' dir='ltr'><strong>simplices,</strong></span> 
     </span>
    </p>
   </div>
   <div class='ocr_carea' id='block_1_116' title="bbox 2115 5473 3780 5545">
    <p class='ocr_par' dir='ltr' id='par_1_116' title="bbox 2115 5473 3780 5545">
     <span class='ocr_line' id='line_1_117' title="bbox 2115 5473 3780 5545; baseline 0.002 -17"><span class='ocrx_word' id='word_1_812' title='bbox 2115 5478 2172 5528; x_wconf 90' lang='lat' dir='ltr'><strong>et</strong></span> <span class='ocrx_word' id='word_1_813' title='bbox 2229 5473 2492 5529; x_wconf 87' lang='lat' dir='ltr'><strong>moribus</strong></span> <span class='ocrx_word' id='word_1_814' title='bbox 2553 5473 2912 5529; x_wconf 87' lang='lat' dir='ltr'><strong>admirandi.</strong></span> <span class='ocrx_word' id='word_1_815' title='bbox 2968 5478 3152 5544; x_wconf 86' lang='lat' dir='ltr'><strong>Super</strong></span> <span class='ocrx_word' id='word_1_816' title='bbox 3210 5473 3634 5545; x_wconf 87' lang='lat' dir='ltr'><strong>plenitudines,</strong></span> <span class='ocrx_word' id='word_1_817' title='bbox 3681 5476 3780 5531; x_wconf 85' lang='lat' dir='ltr'><strong>in-</strong></span> 
     </span>
    </p>
   </div>
   <div class='ocr_carea' id='block_1_117' title="bbox 2117 5561 3778 5635">
    <p class='ocr_par' dir='ltr' id='par_1_117' title="bbox 2117 5561 3778 5635">
     <span class='ocr_line' id='line_1_118' title="bbox 2117 5561 3778 5635; baseline 0.004 -20"><span class='ocrx_word' id='word_1_818' title='bbox 2117 5562 2265 5635; x_wconf 87' lang='lat' dir='ltr'><strong>quit,</strong></span> <span class='ocrx_word' id='word_1_819' title='bbox 2299 5579 2586 5635; x_wconf 88' lang='lat' dir='ltr'><strong>aquarum</strong></span> <span class='ocrx_word' id='word_1_820' title='bbox 2633 5561 2802 5618; x_wconf 71' lang='lat' dir='ltr'><strong>lotae:</strong></span> <span class='ocrx_word' id='word_1_821' title='bbox 2864 5562 2920 5617; x_wconf 88' lang='lat' dir='ltr'><strong>id</strong></span> <span class='ocrx_word' id='word_1_822' title='bbox 2979 5567 3088 5629; x_wconf 88' lang='lat' dir='ltr'><strong>est,</strong></span> <span class='ocrx_word' id='word_1_823' title='bbox 3148 5562 3428 5620; x_wconf 89' lang='lat' dir='ltr'><strong>omnibus</strong></span> <span class='ocrx_word' id='word_1_824' title='bbox 3458 5563 3778 5621; x_wconf 86' lang='lat' dir='ltr'><strong>virtutibus</strong></span> 
     </span>
    </p>
   </div>
   <div class='ocr_carea' id='block_1_118' title="bbox 3367 5889 3444 5949">
    <p class='ocr_par' dir='ltr' id='par_1_118' title="bbox 3367 5889 3444 5949">
     <span class='ocr_line' id='line_1_119' title="bbox 3367 5889 3444 5949; baseline -0.052 0"><span class='ocrx_word' id='word_1_825' title='bbox 3367 5889 3444 5949; x_wconf 76' lang='lat'><strong>2|</strong></span> 
     </span>
    </p>
   </div>
  </div>
