4110 6402
363 402 477 470 651

1706 404 2133 470 MIGHAELIS
2180 404 2452 466 PSELLI

3673 400 3796 465 632

363 540 648 599 exornati.
705 542 771 598 In
822 542 961 597 laete
1014 539 1356 597 considente:
1414 556 1584 614 super
1633 514 2014 613 plenitudines

2131 534 2356 599 Οὖτινος
2387 535 2553 591 πάλιν
2585 532 2869 611 άφθαλμοὶ
2900 536 3238 613 τυγχάνουσι
3271 538 3575 614 προφῆται,

362 648 661 704 aquarum.
692 629 823 688 Non
860 630 1110 704 gloriose
1156 630 1435 688 virtutem
1485 634 1869 701 ostentantes,
1919 629 2021 685 sed

366 722 685 779 admodum
713 720 1039 795 tranquille
1073 736 1204 778 eam
1254 719 1605 778 excolentes.
1657 720 1820 778 Gener
1865 720 2021 775 illius

364 815 510 871 sicut
532 813 751 886 phialae
807 813 1070 868 armatis
1124 815 1360 883 ferentes
1412 812 1805 885 pigmenlaria.
1851 810 2022 866 Labia

362 904 480 974 eius
532 903 660 960 lilia
713 901 1054 959 dislillantia
1107 902 1406 974 myrrham
1487 902 1731 974 plenam.
1806 903 2019 957 Totum

365 1009 613 1052 aureum
670 992 938 1050 indicant
994 992 1118 1048 haec
1170 992 1350 1048 verba
1405 991 1893 1065 Chrysostomum
1965 993 2024 1045 et

365 1083 628 1156 reliquos
657 1084 927 1140 doctores
955 1081 1119 1139 illius
1152 1080 1428 1154 aequales,
1476 1081 1802 1139 maximum
1852 1079 2022 1136 Basi—

362 1174 539 1243 lium,
568 1174 853 1231 eximium
884 1174 1255 1246 Gregorium,
1307 1187 1563 1244 quorum
1592 1189 1622 1228 e
1652 1170 1836 1227 labris
1884 1170 2021 1226 doc-

358 1265 533 1321 trinas
564 1280 870 1321 sermones
899 1262 1075 1320 melle
1111 1262 1405 1319 dulciores
1434 1264 1819 1319 emanarunt:
1871 1275 2021 1332 quos

362 1354 463 1426 qui
492 1354 831 1427 degustant,
880 1352 1069 1410 multa
1117 1352 1444 1425 implentur
1489 1351 1751 1425 myrrha,
1799 1350 1858 1406 id
1907 1353 2021 1414 est,

362 1442 670 1501 laboribus
726 1444 1084 1500 mortiﬁcant
1113 1443 1383 1499 membra
1416 1459 1526 1499 sua
1554 1457 1733 1514 super
1779 1444 2019 1509 terram,

363 1538 424 1591 et
452 1533 631 1591 simul
661 1549 797 1590 cum
829 1533 1059 1591 Christo
1089 1532 1519 1605 cruciﬁguntur
1549 1536 1726 1605 atque
1759 1529 2021 1587 exaltan-

365 1627 485 1681 tur.

437 2346 630 2403 Manus
682 2345 849 2404 illius
892 2347 1207 2421 tornatiles,
1258 2347 1441 2420 plenae
1511 2347 1739 2405 Marsis.
1831 2350 2022 2407 Venter

365 2438 494 2509 ejus
517 2438 675 2510 pixis
703 2439 930 2510 exigua,
975 2438 1239 2507 eburnea,
1288 2454 1455 2510 super
1504 2437 1689 2511 lapide
1733 2439 2016 2511 :apphiro.

368 2526 548 2583 Crura
596 2526 765 2583 illius
820 2528 1096 2586 columnae
1149 2542 1507 2599 marmoreae,
1562 2526 1815 2599 fundata
1861 2546 2024 2602 super

370 2615 524 2672 bases
550 2632 772 2673 aureas.

438 2902 571 2959 Haec
626 2902 788 2977 virgo
849 2920 997 2976 pura
1074 2904 1132 2960 et
1187 2919 1429 2977 sponsa,
1489 2905 1861 2978 custodibus,
1911 2907 2021 2966 hoc

367 2996 478 3063 est,
518 2991 765 3066 angelis,
829 2992 1035 3066 sponsi
1087 2994 1181 3050 sui
1239 2992 1745 3067 pulchritudinem
1791 2997 2024 3071 signiti-

366 3099 532 3152 cans,
591 3083 903 3141 enarravit.
969 3083 1056 3139 Tu
1116 3086 1314 3141 autem
1370 3082 1516 3140 mihi
1593 3085 1791 3143 omnia
1867 3088 2024 3145 dicta

367 3188 472 3246 per
499 3172 1259 3247 translationemintellige.
1310 3173 1596 3239 Quoniam
1646 3174 1805 3232 enim
1853 3175 2020 3233 Chri-

2132 624 2405 700 Ἀκέραιοι
2427 626 2527 695 τὴν
2557 624 2819 702 φρόνησιν
2847 623 2937 681 καὶ
2969 625 3270 700 θαυμαστοὶ
3298 630 3416 688 τοῖς
3446 623 3698 700 τρόποις.

2129 715 2256 772 Ἐπὶ
2282 714 2682 791 πληρώματος,
2724 714 2913 791 φησὶν,
2944 711 3152 770 ὑδάτων
3189 712 3538 789 λελουμένοι,

2128 806 2329 881 ’Ἡγουν
2364 803 2415 859 ἐν
2447 804 2641 867 πάσαις
2672 804 2885 881 ἀρεταῖς
2917 802 3067 868 ὄντες
3094 802 3488 880 ἠγλαϊσμένοι.

2128 895 2216 951 Ἑν
2244 894 2478 969 γάλακτι
2523 895 2830 967 καθήμενοι
2880 892 3167 973 πλήρωμα
3212 893 3476 971 γαληνῶς
3528 898 3635 951 τῶν
3665 891 3794 950 66i-

3558 987 3691 1060 [των
3701 1004 3714 1018 ·

2130 1073 2247 1132 Οὐκ
2275 1071 2677 1143 ἐπιδεικτικῶς,
2708 1074 2862 1153 φησὶ,
2892 1075 2993 1143 τὴν
3025 1072 3223 1148 ἀρετὴν
3256 1071 3577 1151 αὐχοῦντες,

2129 1162 2306 1220 Ἀλλὰ
2334 1163 2424 1219 καί
2454 1163 2595 1220 πάνυ
2620 1163 2880 1241 γαληνῶς
2910 1164 3079 1235 αὐτὴν
3111 1162 3510 1227 έπιτελοῦντες.

2130 1253 2386 1329 Σιαγόνες
2416 1253 2580 1309 αὐτοῦ
2611 1255 2687 1317 ὡς
2715 1252 2930 1332 φιάλαι,
2968 1257 3066 1310 τοῦ
3098 1254 3396 1332 άρώματος
3428 1255 3684 1333 φύουσαι,

2127 1343 2413 1418 Μυρεψικὰ
2487 1341 2656 1421 χείλη
2735 1344 2902 1399 αὐτοῦ
2994 1342 3155 1421 κρίνα
3221 1344 3481 1414 στάζοντα
3550 1343 3795 1422 σμύρναν

3467 1430 3682 1507 [πλήρη
3699 1475 3714 1493 ο

2128 1523 2228 1578 Τὸν
2258 1522 2578 1599 πάγχρυσον
2608 1521 2900 1578 αἰνίττεται
2928 1520 3319 1599 Χρυσόστομον
3352 1522 3380 1577 ὀ
3413 1452 3644 1597 λέῖίςῗρ

2131 1610 2229 1667 Καὶ
2260 1610 2389 1674 τοὺς
2418 1612 2569 1684 αὐτῷ
2596 1613 2969 1689 τυγχάνοντας
2992 1609 3150 1675 ’ίσους
3181 1613 3273 1667 καὶ
3295 1606 3682 1683 διδασκάλους,

2129 1702 2229 1757 Τὸν
2267 1700 2517 1779 μέγιστον
2545 1698 2853 1772 Βασίλειον,
2886 1699 3192 1778 Γρηγόριον
3223 1702 3314 1757 τὸν
3340 1700 3502 1773 πάνυ,

2129 1789 2271 1853 Τοὺς
2303 1789 2363 1846 ἐκ
2390 1788 2649 1868 χειλέων,
2681 1790 2973 1861 στάζοντας
3003 1788 3207 1870 λόγους
3240 1787 3618 1862 διδασκαλίας,

2131 1880 2230 1935 Καὶ
2262 1878 2487 1954 μέλιτος
2513 1877 2804 1953 ἡδύ-τερον,
2834 1881 3002 1957 οὗπερ
3034 1881 3087 1936 οἳ
3116 1878 3455 1959 γεγευμένοι,

2131 1970 2393 2045 Σμύρνης
2424 1968 2797 2043 έμπίπλανται
2829 1968 3052 2041 πολλῆς
3080 1974 3179 2026 τοῦ
3209 1968 3479 2047 λόγου’τῇ
3535 1966 3792 2044 δυνάμει,

2128 2060 2331 2136 Ἥγουν
2363 2061 2611 2135 νεκροῖηι
2640 2059 2707 2114 τὰ
2728 2065 2830 2131 τῆς
2859 2066 2962 2134 γῆς
2991 2056 3165 2116 αὐτῶν
3200 2058 3251 2117 έν
3283 2054 3475 2123 πόνοις
3502 2056 3672 2134 μέλη,

2129 2148 2229 2205 Καὶ
2314 2145 2735 2227 συσταυροῦνται
2818 2153 2901 2223 τῷ
2978 2153 3197 2225 Χριστῷ
3269 2150 3358 2206 καὶ
3433 2151 3798 2223 ωνυψοῦνται

3492 2236 3717 2313 [τούτῳ.

2128 2347 2315 2422 Χεῖρες
2407 2344 2571 2401 αὐτοῦ
2662 2344 2941 2424 τορευταὶ,
3036 2349 3262 2424 χρυσαῖ,
3357 2342 3800 2423 πεπληρωμέναι

3473 2433 3717 2510 [Θαρσίς,

2131 2524 2334 2585 Κοιλία
2382 2521 2548 2582 αύτοῦ
2594 2523 2780 2598 πυξίον
2822 2523 3165 2603 ἐλεφάντινον
3218 2522 3303 2580 ἐπὶ
3355 2456 3535 2589 Meet:
3542 2456 3797 2602 “5:13;!-

3573 2617 3718 2690 [ρου,

2130 2709 2348 2777 Κνῆμαι
2379 2702 2543 2759 αὐτοῦ
2574 2702 2763 2759 στύλοι
2815 2702 3152 2779 μαρμάρινοι
3185 2701 3650 2778 τεθεμελιωμένοι
3701 2704 3793 2761 ἐπὶ

3480 2795 3717 2872 [χρυσῷ-

2132 2904 2316 2961 Ταῦτα
2345 2903 2443 2976 μὶν
2475 2900 2568 2958 οὖν
2598 2903 2633 2973 ἠ
2666 2901 2872 2980 καθαρὰ
2898 2901 3159 2976 παρθένος
3185 2923 3244 2959 τε
3280 2901 3371 2959 καὶ
3401 2900 3611 2983 νύμφη,

2130 2996 2259 3055 Τοῖς
2290 2990 2516 3071 φύλαξιν
2548 2990 2826 3066 ὡμίλησε,
2851 2990 3097 3049 τουτέστι
3127 2996 3242 3055 τοῖς
3274 2988 3551 3069 ἀγγέλοις·

2130 3081 2200 3136 T6
2228 3077 2437 3145 κάλλος
2472 3082 2812 3159 ὑπεμφαίνου
2846 3077 3005 3152 δῆθεν
3036 3081 3101 3138 τὸ
3145 3085 3249 3138 τοῦ
3275 3082 3543 3159 νυμφίου.

2132 3169 2208 3226 Σὺ
2243 3168 2301 3226 δέ
2328 3192 2422 3243 μοι
2453 3170 2625 3234 πάσας
2652 3175 2931 3249 τροπικῶς
2961 3171 3058 3234 τὰς
3091 3170 3381 3246 ἐξηγήσεις
3405 3168 3597 3247 δέχου.

369 3266 500 3319 stus
554 3263 718 3320 solus
774 3267 953 3336 caput
1007 3264 1097 3319 est
1152 3261 1446 3332 omnium,
1524 3280 1739 3336 corpus
1819 3271 2016 3324 autem

2131 3259 2284 3318 Ἐπεὶ
2315 3260 2418 3348 γάρ
2448 3260 2664 3316 πάντων
2696 3258 2908 3340 κεφαλή
2941 3262 3175 3334 Χριστὸς
3200 3261 3459 3348 τυγχάνει
3494 3260 3688 3335 μόνος,

367 3350 558 3424 ipsius
588 3351 787 3410 divina
814 3356 906 3409 est
934 3351 1215 3422 Ecclesia,
1246 3353 1510 3409 membra
1569 3358 1771 3411 autem
1818 3372 2023 3429 oorpo-

371 3443 455 3498 ris
494 3447 731 3500 sanctos
760 3458 891 3500 esse
933 3441 1209 3513 dicimus,
1262 3441 1446 3499 alium
1495 3441 1734 3515 quidem
1783 3443 2024 3517 collum,

375 3529 561 3588 alium
619 3536 816 3589 autem
853 3532 1070 3604 pedes:
1116 3547 1220 3605 per
1267 3548 1481 3588 manus
1539 3533 1669 3604 ejus
1717 3534 2027 3593 tornatiles

373 3622 739 3678 venerandos
772 3619 1072 3694 apostolos
1120 3620 1344 3693 accipe,
1374 3621 1605 3679 divinos
1653 3624 2025 3682 sacerdotum

375 3709 693 3783 principes,
728 3710 934 3766 ﬁdeles
965 3710 1175 3765 divinas
1207 3709 1406 3782 gratias
1438 3710 1900 3784 dispensatores,
1924 3714 2027 3787 qui

375 3816 438 3856 se
468 3800 651 3873 ipsos,
686 3817 923 3857 omnem
966 3799 1257 3857 malitiam
1308 3805 1687 3873 amputautes
1735 3804 2028 3876 expolive-

372 3895 528 3945 runt.
561 3889 951 3955 Quamobrem
984 3907 1086 3962 spe
1118 3890 1407 3946 bonorum
1443 3889 1646 3963 repleti
1677 3898 1838 3948 sunt.
1886 3893 2028 3964 Ejus

369 3981 509 4036 item
542 3983 808 4038 ventrem
841 3997 908 4037 ac
935 3980 1203 4055 pyxidem
1237 3997 1490 4053 agnosce
1519 3982 1788 4038 omnium
1814 3982 2030 4040 virtute

371 4073 779 4141 praestantium
812 4069 1042 4126 animas
1073 4075 1131 4127 et
1161 4070 1360 4141 corda,
1393 4070 1452 4125 in
1487 4071 1704 4142 quibus
1735 4071 1837 4129 Dei
1885 4077 2027 4128 Ver-

369 4160 515 4215 bum
545 4158 913 4233 insculptum
953 4164 1065 4228 est,
1097 4159 1200 4232 qui
1233 4163 1461 4216 mentes
1500 4177 1831 4233 sensusque
1887 4181 2028 4223 suos

373 4251 446 4306 ad
478 4250 759 4307 caelorum
790 4251 1010 4324 Regem
1042 4255 1266 4307 erectos
1296 4251 1552 4310 habent:
1586 4253 1643 4310 id
1692 4256 1849 4312 enim
1889 4274 2030 4329 sap-

373 4338 583 4410 phirus
614 4339 932 4412 signiﬁcat,
966 4338 1067 4411 qui
1099 4339 1262 4397 solus
1289 4339 1442 4413 lapis
1489 4342 1618 4399 cmli
1668 4344 1922 4416 speciem
1972 4350 2031 4403 et

375 4427 628 4484 colorem
658 4428 905 4485 obtinet.
937 4428 1046 4485 Per
1074 4429 1256 4502 hujus
1287 4445 1460 4487 crura
1492 4432 1729 4489 Petrum
1769 4433 2031 4509 intellige

374 4516 776 4592 apostolorum
809 4518 1158 4591 principem.
1193 4522 1257 4575 In
1290 4517 1400 4577 hoc
1432 4521 1591 4577 enim
1631 4522 1919 4581 Dominus
1968 4524 2030 4582 in

373 4609 706 4682 Evangeliis
737 4626 803 4667 se
830 4609 1154 4669 Ecclesiam
1185 4628 1357 4669 suam
1413 4614 1841 4672 aedificaturum
1892 4633 2031 4690 pro-

373 4699 559 4757 misit.

446 5055 670 5123 Species
726 5058 850 5127 eius
900 5060 961 5113 ut
1018 5056 1258 5113 Libanus
1313 5057 1532 5113 electus.
1612 5055 1824 5128 Sponsi
1895 5070 2031 5128 spe-

374 5141 523 5199 ciem
544 5160 676 5201 vere
694 5145 1035 5213 maximam,
1057 5151 1116 5203 et
1136 5146 1461 5203 terribilem
1483 5146 2032 5217 admirandamque,

376 5248 443 5289 ac
474 5233 734 5291 divinam
765 5251 836 5293 ex
867 5235 1115 5308 pulchra
1146 5236 1352 5293 Libani
1382 5235 1697 5292 altitudine
1729 5235 2027 5308 conjicito.

375 5320 576 5380 Gullur
602 5326 761 5382 illius
791 5326 1046 5395 dulcedo,
1078 5329 1133 5382 el
1176 5334 1316 5383 lotus
1355 5325 1771 5383 desiderabilis.
1821 5327 2034 5383 Guttur

373 5412 503 5483 ejus
535 5413 704 5470 divus
736 5413 836 5472 ille
868 5415 1198 5473 Prescursor
1226 5414 1357 5487 fuit,
1391 5415 1492 5489 qui
1534 5415 1699 5474 Verbi
1733 5418 1791 5472 et
1829 5414 2033 5490 sponsi

371 5518 483 5560 vox
510 5503 750 5562 dicitur.
1869 5504 1881 5515 ’

2137 3354 2311 3424 Σῶμα
2341 3347 2398 3405 δὲ
2426 3350 2623 3406 τούτου
2653 3351 2886 3429 πέφυκεν
2914 3352 2950 3420 ἡ
2985 3348 3100 3406 θεία
3132 3347 3457 3422 Ἐκκλησία,

2137 3439 2235 3497 Καὶ
2269 3440 2412 3512 μέλη
2442 3438 2640 3495 τούτου
2669 3437 2902 3517 λέγομεν
2933 3438 3023 3495 καὶ
3058 3439 3221 3515 μέρος
3248 3438 3377 3503 τοὺς
3397 3440 3605 3517 ἁγίους’

2136 3529 2244 3587 Τὸν
2280 3528 2375 3602 μὲν
2405 3527 2615 3585 ἐκείνου
2643 3528 2952 3606 τράχηλον,
2983 3529 3076 3585 τὸν
3108 3528 3154 3585 δ’
3184 3529 3251 3585 αὗ
3282 3527 3485 3586 ἐκείνου
3512 3526 3672 3598 πόδα,

2136 3618 2344 3673 Λοιπὸν
2376 3617 2465 3673 καὶ
2498 3622 2689 3695 χεῖρας
2716 3618 2945 3694 γίνωσκε
2973 3619 3169 3674 τούτου
3197 3619 3640 3695 τετορνευμένας,

2136 3706 2276 3771 Τοὺς
2307 3706 2646 3771 ἀποστόλους
2674 3707 2802 3771 τοὺς
2831 3706 3059 3771 σεπτοὺς
3097 3707 3185 3764 καὶ
3219 3706 3396 3772 θείους
3429 3709 3717 3785 ἱεράρχας,

2136 3796 2276 3859 Τοὺς
2309 3797 2637 3871 οἰκονόμους
2669 3798 2797 3861 τοὺς
2827 3796 3054 3863 πιστοὺς
3080 3801 3179 3864 τῆς
3218 3797 3445 3874 χάριτος
3477 3799 3576 3868 τῆς
3608 3794 3797 3869 θείας,

2138 3885 2347 3950 (Υίτινες
2378 3887 2794 3964 κατετόρνευσαν
2828 3886 3024 3950 αὐτοὺς
3051 3882 3415 3960 εὐεπιϐόλως,

2135 3979 2382 4033 ’Ἅπασαν
2415 3977 2776 4049 ἀποξύσαντες
2807 3977 2896 4056 ἀφ’
2927 3979 3128 4033 ἑαυτῶν
3160 3976 3372 4047 κακίαν,

2136 4067 2295 4123 ’Όθεν
2330 4063 2553 4129 ἐλπίδος
2585 4066 2795 4144 ἀγαθῶν
2825 4066 2958 4122 εἰσιν
2992 4065 3469 4141 ἐμπεπλησμένοι.

2137 4154 2349 4213 Τούτου
2379 4153 2436 4210 δὶ
2464 4155 2628 4211 πάλιν
2655 4156 2887 4233 γίνωσκε
2915 4155 3129 4214 κοιλίαν
3158 4156 3248 4211 καὶ
3278 4156 3486 4227 πυξίον,

2139 4247 2262 4304 Τῶν
2291 4244 2550 4321 έναρέτων
2582 4245 2677 4308 τὰς
2709 4245 2890 4322 ψυχὰς
2922 4246 3137 4302 πάντων
3164 4245 3255 4301 καὶ
3284 4245 3379 4308 τὰς
3411 4241 3659 4322 καρδίας,

2139 4336 2228 4393 Ἐν
2259 4338 2345 4398 αἶς
2374 4336 2402 4390 6
2433 4335 2611 4411 Λόγος
2640 4338 2738 4391 τοῦ
2768 4340 2901 4392 Θεοῦ
2942 4335 3083 4392 ἔστιν
3118 4332 3577 4412 ἐγγεγραμμένος.

2140 4426 2351 4487 Οἲτινες
2381 4423 2598 4503 ἔχουσιν
2630 4425 2805 4481 αὐτῶν
2837 4425 2929 4482 τὸν
2963 4429 3086 4481 νοῦν
3118 4427 3208 4482 καὶ
3236 4426 3333 4489 τὰς
3368 4424 3645 4496 αἲσθήσεις

2139 4517 2237 4588 Τῷ
2272 4513 2487 4591 βασιλεῖ
2512 4517 2621 4572 τῶν
2656 4513 2899 4590 οὐρανῶν
2931 4511 3482 4589 ἐπαναπεμπομένας,

2138 4604 2200 4662 Ὁ
2233 4603 2385 4669 λίθος
2415 4606 2520 4681 γὰρ
2552 4604 2581 4659 6
2609 4603 2907 4683 σάπφειρος
2937 4608 3098 4661 τοῦτο
3131 4601 3414 4678 σημαίνειν
3439 4599 3612 4673 θέλει,

2060 4658 2109 4725 D
2140 4658 2441 4772 «sese;
2461 4658 2833 4770 alimonia;
2847 4658 2876 4747 ὁ
2890 4658 3061 4758 ’λιθος
3094 4658 3476 4767 οὒτ’ἑξμόνοςῖ

2142 4784 2370 4858 Κνήμας
2403 4780 2460 4839 δὶ
2487 4783 2685 4839 τούτου
2714 4786 2949 4860 γίνωσκε
2976 4782 3183 4859 Πέτρον
3213 4782 3306 4837 τὸν
3336 4785 3657 4860 κορυφαῖον,

2140 4874 2227 4930 Ἐν
2259 4872 2440 4946 τούτῳ
2468 4873 2569 4949 γὰρ
2600 4874 2628 4928 ὁ
2660 4874 2855 4950 Κύριος
2885 4873 3053 4929 αὖτοῦ
3081 4872 3181 4943 τήν
3207 4870 3538 4945 Ἐκκλησίαν

2142 4960 2472 5038 Οἷκοδομεῖν
2509 4963 2779 5039 ὑπέσχετο
2805 4962 2900 5018 κᾶν
2932 4968 3053 5031 τοῖς
3076 4958 3460 5040 Εὖαγγελίοις,

2140 5050 2303 5117 Εἶδος
2334 5051 2498 5108 αὐτοῦ
2528 5052 2604 5117 ὡς
2633 5046 2866 5118 Λίϐανος
2895 5049 3169 5117 ἐκλεκτός.

2140 5141 2302 5207 Εἶδος
2329 5144 2498 5199 αὐτοῦ
2523 5140 2582 5198 δὲ
2610 5141 2863 5219 γίνωσκε,
2895 5141 3139 5199 τουτέστι
3169 5147 3267 5198 τοῦ
3296 5141 3555 5222 νυμφίου.

2142 5232 2405 5310 Μέγιστον
2466 5229 2658 5302 ὄντως,
2705 5233 2794 5288 καὶ
2856 5233 3104 5309 φρικτὸν,
3162 5232 3255 5290 καὶ
3318 5231 3654 5308 θαυμαστὸν,
3713 5235 3813 5287 καὶ

3615 5322 3805 5393 [θεῖον,

2140 5414 2318 5468 Ταῦτα
2344 5411 2446 5487 γὰρ
2478 5408 2619 5475 εἶδος
2650 5410 2875 5484 ἀληθῶς
2904 5409 3155 5488 σημαίνει
3184 5415 3282 5468 τοῦ
3308 5409 3570 5490 νυμφίου.

2143 5500 2358 5579 Φάρυγξ
2386 5500 2552 5557 αὐτοῦ
2578 5499 2900 5578 γλυκασμὸς
2928 5499 3022 5557 καὶ
3041 5499 3174 5565 δ’λος
3205 5499 3489 5578 ἐπιθυμία.

2142 5589 2362 5669 Φάρυγξ
2393 5587 2452 5647 δὲ
2477 5590 2676 5648 τούτου
2704 5591 2940 5670 πέφυκεν
2972 5592 3002 5647 6
3030 5588 3360 5670 Ηρόδρομος
3389 5591 3417 5647 6
3449 5592 3615 5655 θεῖοςσ

2143 5682 2310 5752 Φωνή
2341 5681 2446 5760 γὰρ
2476 5676 2649 5748 ὄντως
2680 5680 2898 5763 λέγεται
2925 5684 3024 5739 τοῦ
3054 5682 3237 5761 Λόγου
3258 5682 3352 5740 καὶ
3397 5679 3659 5762 νυμφίου.
