4110 6424
333 427 460 490 653

909 553 1037 616 Τιῖιν
1066 563 1116 634 γ’
1143 557 1420 634 Πατὲρων.

406 663 561 721 Ἐπεὶ
617 662 665 720 δ’
717 665 772 720 αἲ
833 666 1130 740 μαθήτριαι
1180 665 1328 743 παρὰ
1376 669 1476 737 τῆς
1534 663 1864 722 διδασκάλου
1909 664 1994 729 τίς

336 754 479 810 ἐστιν
541 755 570 808 6
599 751 802 826 ταύτης
847 754 1085 830 νυμφίος
1145 752 1234 810 διὰ
1288 759 1396 812 τῶν
1440 755 1608 811 αὑτοῦ
1639 753 1997 831 χαρισμάτων

337 841 799 921 ἀνεδιδάχθηοαν,
862 843 1198 920 βουλόμεναι
1250 844 1444 901 λοιπὸν
1499 850 1689 919 μαθεῖν
1735 845 1826 900 καὶ
1858 843 1995 900 ὅπου

337 935 498 998 οὗτος
526 931 673 1008 ἥκει,
705 931 832 1012 φασὶ
890 935 1028 1009 πρὸς
1082 934 1251 1006 αὐτήν
1285 954 1298 968 ·
1353 937 1468 993 Ποῦ
1499 933 1742 1005 ἀπῆλθεν
1775 935 1804 989 6
1835 931 1996 990 ἀδελ-

335 1023 492 1104 φιδός
524 1045 643 1095 σου,
693 1027 728 1094 ἠ
788 1023 934 1094 καλὴ
997 1023 1049 1080 ἒν
1105 1025 1366 1101 γυκαιξί;
1420 1022 1646 1098 Δηλαδὴ
1681 1023 1994 1100 ἀνάγγειλον

332 1116 472 1188 ἡμῖν
509 1110 635 1179 ἔνθα
676 1111 907 1187 ινδημεῖ
961 1115 1240 1192 ὀγαπητός
1290 1134 1408 1187 σου,
1458 1117 1492 1185 ἡ
1553 1112 1606 1169 ἐν
1639 1119 1760 1178 ταῖς
1788 1112 1996 1169 ἀπολε-

334 1201 527 1266 σάσαις
575 1206 805 1279 ψυχαῖς,
838 1200 926 1258 διὰ
969 1204 1069 1273 τὴν
1117 1205 1249 1279 τῆςέ
1268 1201 1700 1279 θείαςὶέντολῆς
1753 1197 1998 1278 παράϐα-

338 1313 422 1349 σιν
452 1293 516 1348 τὸ
546 1290 755 1355 κάλλος
781 1297 879 1348 τοῦ
931 1291 1048 1348 κατ’
1103 1293 1286 1349 εἰκόνα
1341 1292 1432 1350 καὶ
1487 1297 1586 1348 τοῦ
1636 1293 1754 1348 καθ’
1785 1290 1998 1366 ὁμοίω-

336 1403 437 1452 σιν,
469 1375 825 1438 ἀπολαϐοῦσα
849 1381 1011 1438 τοῦτο
1057 1381 1226 1439 πάλιν
1275 1381 1328 1437 ἐν
1372 1388 1450 1457 τῷ
1495 1381 1871 1462 νυμφεύθῆναι
1917 1385 1999 1455 τῷ

336 1471 501 1548 Λόγῳ
528 1473 625 1527 τοῦ
663 1475 820 1529 Θεοῦ.
869 1471 1018 1529 Ἐπεὶ
1069 1469 1140 1527 δι’
1187 1473 1261 1527 ὧν
1313 1471 1625 1546 ἀκηκόαμεν
1677 1471 1997 1548 γνωρισμά-

335 1578 447 1619 των
499 1561 665 1618 αὐτοῦ
715 1556 871 1618 οῦπω
924 1563 1140 1638 ὁρῶμεν
1200 1562 1358 1620 αὐτὸν
1416 1563 1467 1619 ἰν
1523 1565 1683 1638 ἡμῖν,
1742 1567 1850 1619 ποῦ
1903 1563 2001 1618 ἀπά

343 1647 572 1728 ἇϐλεψεν
634 1653 663 1708 6
719 1649 1013 1730 ἀδελφιδός
1096 1671 1240 1723 σου;
1320 1653 1411 1708 καὶ
1472 1655 1782 1727 ζητήσομεν
1839 1651 2000 1708 αὐτὸν

343 1741 480 1817 μιτά
530 1745 649 1799 σοῦ.
709 1739 979 1813 Δηλονότι
1033 1746 1140 1798 ποῦ
1197 1742 1482 1820 ἀγαπητός
1513 1765 1609 1798 σου
1660 1744 1889 1820 ἀόρατος
1924 1742 1996 1798 ὢν

341 1833 566 1910 ὁρᾶσθαι
620 1832 712 1888 καὶ
759 1831 1023 1903 ἠθέλησε,
1081 1832 1172 1888 καὶ
1224 1831 1337 1908 ἅμα
1393 1853 1478 1888 σοι
1537 1830 1829 1908 ὀδηγῶμεν
1862 1834 2000 1907 πρὸς

1381 427 1790 493 GOMMENT.
1828 427 1907 490 IN
1951 427 2364 492 CANTICUM
2409 427 2718 491 CANTIC.

2027 561 2078 626 A

3645 431 3767 496 654

2698 562 2894 617 Trium
2928 563 3186 618 Patrum.

2176 666 2319 722 Cum
2354 665 2656 740 discipulae
2691 683 2759 724 ex
2791 667 3100 741 magistra,
3136 669 3273 741 quis
3317 673 3476 726 esset
3507 687 3767 744 sponsus

2105 754 2254 826 ejus,
2289 772 2394 828 per
2423 756 2596 828 signa
2626 761 2684 812 et
2724 761 2896 814 notas
2951 759 3139 830 ipsius
3189 757 3561 828 didicissent,
3613 759 3764 816 scire

2107 850 2300 900 autem
2331 851 2633 918 cuperent,
2666 859 2926 918 quonam
2960 847 3205 917 abisset,
3256 848 3341 904 sic
3390 847 3553 903 illam
3603 866 3765 905 com-

2108 933 2364 1006 pellant:
2427 936 2539 1004 Quo
2599 937 2737 992 abiit
2795 952 2963 1009 nepos
3020 946 3168 1005 tuus,
3233 953 3262 992 o
3316 937 3549 1010 pulchra
3621 939 3768 994 inter

2106 1025 2409 1081 mulieres?
2437 1025 2480 1080 Ο
2511 1043 2637 1098 quae
2672 1026 2825 1082 inter
2857 1027 3109 1097 animas,
3170 1026 3450 1099 imaginis
3500 1029 3556 1082 et
3603 1027 3766 1083 simi-

2107 1113 2376 1170 litudinis
2424 1115 2932 1187 pulchritudinem
2984 1115 3248 1172 mandati
3297 1116 3769 1189 transgressione

2107 1204 2395 1277 perditam
2425 1204 2557 1260 ideo
2589 1205 2973 1279 recuperasti,
3007 1206 3147 1277 quia
3174 1203 3278 1262 Dei
3307 1196 3500 1262 Verbo
3530 1222 3594 1262 es
3643 1206 3771 1262 des-

2108 1297 2394 1366 ponsata:
2431 1297 2668 1368 quando
2713 1312 2782 1352 ex
2834 1295 3022 1369 signis
3055 1312 3126 1351 ac
3176 1295 3330 1352 notis
3379 1296 3508 1367 ejus
3557 1295 3663 1353 abs
3713 1300 3772 1353 te

2107 1386 2489 1455 enumeratis,
2515 1387 2780 1443 nondum
2813 1387 3012 1460 ipsum
3046 1386 3105 1442 in
3138 1387 3309 1443 nobis
3341 1385 3767 1459 conspicimus,

2108 1491 2351 1546 quonam
2404 1477 2651 1546 respexit
2707 1492 2873 1547 nepos
2929 1475 3109 1531 tuus?
3168 1483 3225 1531 et
3279 1489 3588 1548 queremus
3643 1493 3772 1532 eum

2109 1572 2306 1620 tecum.
2332 1563 2441 1621 Ubi
2471 1563 2721 1621 dilectus
2751 1569 2894 1622 tuus
2925 1563 3025 1638 qui
3067 1568 3158 1622 est
3202 1562 3540 1636 invisibilis,
3586 1557 3773 1640 aspici

2108 1651 2340 1708 voluit?
2370 1651 2571 1709 Indica
2601 1652 2794 1722 nobis,
2830 1657 2896 1709 ut
2935 1657 2992 1709 te
3041 1654 3192 1709 duce
3241 1653 3312 1709 ad
3363 1653 3773 1726 praestantiora

2111 1742 2556 1812 contendentes,
2587 1759 2723 1799 eum
2755 1746 2882 1798 tum
2915 1741 3142 1816 agendo
3164 1746 3290 1798 tum
3315 1741 3772 1816 contemplando

2111 1831 2578 1904 pervestigemus
2611 1837 2668 1888 et
2696 1849 3112 1905 assequamur.
3144 1832 3246 1888 His
3274 1849 3495 1904 sponsa
3525 1849 3768 1905 respon-

333 1923 402 1979 τὰ
455 1917 762 1999 κρείττονα,
817 1919 1222 2000 ψηλαφήσομεν
1283 1923 1441 1978 αὐτὸν
1482 1925 1619 1978 κατά
1665 1921 1855 1998 πρᾶξιν
1902 1922 1991 1978 καὶ

2127 1921 2472 1994 letzNepos,
2533 1921 2833 1995 inquiens,
2890 1938 3046 1978 meus
3105 1921 3382 1979 descendit
3435 1923 3497 1978 in
3553 1927 3771 1978 hortum

345 2011 596 2089 θεωρίαν.
636 2007 700 2068 Ἡ
733 2007 792 2065 δὲ
849 2010 1257 2088 ἀποκρινομένη
1314 2013 1451 2088 πρὸς
1508 2011 1674 2075 αὐτὰς
1709 2031 1721 2047 ·
1753 2009 2005 2090 Ἀδελφι-

341 2097 433 2165 δός
494 2120 604 2175 μου
650 2095 852 2170 κατέϐη
916 2098 993 2164 εἷς
1041 2107 1218 2170 κῆπον
1279 2101 1443 2156 αὐτοῦ
1504 2101 1579 2164 είς
1649 2100 1848 2180 φιάλας
1907 2104 2002 2156 τοῦ

340 2189 652 2266 όρώματος.
713 2191 894 2262 Ἤτοι,
974 2191 1002 2244 6
1075 2191 1306 2268 ἀόρατος
1363 2191 1499 2246 κατὰ
1579 2191 1641 2246 τὸ
1709 2187 1844 2266 ὕψος
1901 2197 2001 2260 τῆς

342 2281 537 2336 ἑαυτοῦ
602 2278 809 2350 οὐσίας,
877 2279 1155 2356 ἀγαπητός
1237 2301 1364 2354 μου,
1420 2277 1624 2352 κατέϐη
1681 2281 1798 2335 κατ’
1857 2278 2003 2356 ἐνέρ-

348 2388 499 2444 γειαν
529 2369 602 2432 ὡς
633 2368 709 2432 εἰς
745 2373 931 2439 κῆπον
977 2369 1142 2424 αὖνοῦ
1172 2371 1270 2440 τὴν
1296 2373 1414 2432 τοῖς
1473 2369 1639 2432 θείοις
1691 2368 1856 2425 αὐτοῦ
1917 2371 2002 2425 Θε-

352 2455 560 2530 λῆμασι
589 2457 996 2536 πεφυτευμένην
1030 2455 1226 2528 κτίσιν,
1286 2459 1377 2514 καὶ
1436 2459 1511 2522 ὡς
1562 2461 1640 2522 εἰς
1680 2456 1878 2537 φιάλας
1905 2461 2003 2513 τοῦ

348 2547 640 2620 ἀρώματος
696 2546 792 2612 τὰς
836 2548 975 2603 κατά
1028 2548 1128 2617 τήν
1204 2547 1282 2611 εἷς
1342 2549 1469 2603 Θεὸν
1528 2547 1707 2603 πίστιν
1764 2545 2005 2611 δετικὰς

347 2637 530 2712 ψυχὰς
573 2643 675 2708 τῆς
719 2633 1124 2709 εὖωδιαζοῦσης
1172 2637 1336 2702 αὐτὰς
1384 2641 1483 2693 τοῦ
1513 2638 1778 2715 παναγίου
1837 2636 2004 2692 Πνεόο

349 2747 519 2800 ματος
577 2727 832 2804 χάριτος,
904 2725 1031 2797 ἤτις
1115 2727 1426 2803 ἀναμορφοῖ
1491 2726 1712 2790 ταύταις
1765 2728 1902 2783 κατά
1945 2748 2005 2783 τε

347 2815 577 2892 θεωρίαν
636 2816 728 2872 καὶ
786 2815 978 2893 πρᾶξιν
1051 2816 1113 2871 τὸ
1183 2817 1300 2872 κατ’
1380 2815 1563 2872 εἰκόνα
1619 2819 1709 2872 καὶ
1766 2818 1829 2872 τὸ
1885 2818 2004 2882 καθ’

343 2905 630 2979 ὁμοίωσιν,
693 2905 745 2961 ἐν
804 2909 892 2969 αῖς
951 2905 1028 2970 ὡς
1103 2903 1227 2980 ἰδίῳ
1282 2906 1632 2980 ἐκτυπώματι
1693 2907 1721 2962 6
1773 2909 2004 2986 νυμφίος

345 2996 583 3071 ὁρᾶται·
639 2990 843 3067 κατέϐη
896 2993 973 3065 δὶ,
1021 2997 1094 3058 ὡς
1142 2991 1374 3071 εἷ’ρηται,
1429 3017 1743 3071 ποιμαινειν
1803 2996 1853 3052 ἐν
1885 3001 2002 3060 τοῖς

347 3104 548 3153 κηποις
605 3083 695 3139 καὶ
754 3081 1037 3161 συλλέγειν
1087 3084 1267 3161 κρίνα,
1323 3083 1495 3159 ἤγουν
1557 3081 1758 3140 διέπειν
1805 3085 1871 3141 τὰ
1903 3083 2004 3140 )0-

342 3173 471 3250 γικά
517 3168 767 3251 πρόϐατα
810 3173 901 3230 καὶ
947 3173 1218 3254 ἐκτρέφειν
1281 3172 1420 3230 καδὰ
1475 3177 1677 3252 γνῶσιν
1738 3174 1828 3230 καὶ
1883 3175 2004 3252 ἀρε-

345 3265 445 3334 τὴν
479 3260 532 3318 ἕν
562 3284 622 3319 τε
668 3267 737 3338 τῇ
767 3267 939 3339 νοητῇ
987 3265 1078 3320 καὶ
1130 3268 1198 3339 τῇ
1250 3264 1482 3340 αἰσθητῇ
1512 3264 1680 3320 κτίσει
1707 3283 1720 3296 ⁶
1757 3264 1810 3319 ἐν
1844 3266 1926 3328 αῖς
1951 3265 2004 3320 οἱ

343 3353 510 3429 λόγοι
541 3354 631 3409 καὶ
664 3319 722 3408 οἰι
772 3319 967 3429 τρόποι
1011 3358 1119 3409 τῶν
1165 3319 1370 3430 ἀρετῶν
1422 3323 1494 3417 die
1548 3376 1657 3410 τισι
1684 3356 1877 3426 κήτοις
1907 3375 2006 3410 πε·
2034 3319 2078 3388 C

347 3441 672 3521 φυτεύμὲνω
761 3442 862 3498 εἶσί
901 3463 914 3476 ·
959 3444 1046 3498 καὶ
1100 3440 1409 3519 ἐκλέγεσθαι
1471 3443 1545 3506 ὠς
1601 3444 1706 3499 ἀπὸ
1764 3443 2008 3510 ἀκανθῶν

350 3532 534 3610 κρίνα,
557 3533 664 3588 τῶν
723 3532 1176 3610 συμπνιγομένων
1211 3531 1420 3604 δηλαδή
1481 3537 1673 3610 ψυχῶν
1718 3537 1787 3609 τῇ
1818 3555 2010 3609 σωμα-

353 3625 483 3696 τικῇ
547 3622 803 3700 μερίμνῃ,
880 3625 976 3686 τὰς
1045 3621 1246 3694 ταύτην
1326 3623 1605 3687 παντελῶς
1683 3619 2013 3699 ἀναθεμὲνας

364 3717 500 3784 Θεῷ.
566 3711 836 3786 ἔπομὶνας
891 3711 1038 3785 αὖτῷ
1097 3711 1148 3768 ἰν
1182 3711 1538 3789 Εὐαγγελίοις
1568 3713 1824 3791 φάσκοντι
1859 3735 1872 3749 ο
1906 3719 2012 3770 Κα-

362 3799 627 3874 ταμάϐετε
679 3803 749 3856 τὰ
794 3800 951 3876 κρίνα
994 3802 1092 3857 τοῦ
1141 3801 1330 3878 ἀγροῦ,
1382 3795 1464 3858 ὅτι
1520 3803 1585 3858 οὗ
1639 3807 1828 3876 κοπιᾷ,
1887 3801 2015 3859 οὐδὲ

359 3892 531 3963 νήθει.
555 3894 650 3947 Ὧν
709 3890 799 3946 καὶ
859 3909 1022 3969 φησιν
1064 3891 1258 3963 ἑκάστη
1297 3911 1310 3924 ·
1361 3890 1507 3968 Ἐγὼ
1582 3897 1664 3966 τῷ
1735 3889 2013 3972 ἀδελφιδῷ

365 4000 493 4055 μου,
524 3981 616 4036 καὶ
667 3981 696 4036 6
762 3978 1056 4060 ἆδελφιδός
1135 4002 1240 4055 μου
1303 3980 1449 4056 ἐμοὶ,
1511 3984 1538 4037 6
1594 3979 1902 4057 ποιμαίνων
1960 3982 2012 4039 ἐν

358 4075 479 4132 τοῖς
536 4068 744 4134 κρίνοις
776 4089 792 4104 ·
855 4068 1056 4140 ε’ίτουν,
1109 4071 1252 4148 Ἐγὼ
1290 4075 1371 4144 τῷ
1395 4075 1512 4145 Θεῴ
1544 4076 1637 4145 ζῶ,
1669 4075 1832 4148 νεκρά
1862 4089 2012 4148 γενο-

366 4160 500 4233 μὲνη
532 4164 613 4232 τῷ
651 4159 867 4234 κόσμῳ,
907 4160 997 4216 καὶ
1055 4160 1107 4215 ἰν
1164 4159 1288 4236 ἐμοὶ
1353 4160 1518 4235 μόνος
1548 4163 1780 4238 Χριστὸς
1840 4165 1927 4237 ζῇ,
1987 4161 2016 4218 6

361 4247 622 4324 διεξάγων
676 4251 778 4320 τὴν
833 4250 970 4305 κατὰ
1014 4249 1238 4328 γνώμην
1296 4251 1478 4323 τούτῷ
1504 4251 1776 4325 ἑπομένην
1807 4253 2016 4328 ψυχὴν,

362 4338 453 4395 καὶ
494 4337 765 4418 ἰκτρὲφων
825 4338 902 4402 ὠς
952 4338 1006 4395 ἐν
1063 4338 1268 4416 κρίνοις
1321 4345 1441 4404 ταῖς
1500 4339 1854 4419 λαμπρότησι
1907 4345 2017 4398 τῶν

365 4429 592 4507 ἀρετῶν.

1062 4515 1314 4590 Ψελλοῦ,

440 4629 622 4686 Ταῦτα
657 4625 752 4701 μὶν
775 4626 865 4682 οῦν
900 4622 1207 4698 λελάληκεν
1240 4628 1356 4688 τοῖς
1388 4623 1614 4704 φύλαξιν
1645 4629 1680 4697 ἡ
1712 4625 1921 4705 νύμφη.
1961 4678 1968 4682 .
2057 4695 2062 4705 ἑ

364 4718 597 4774 Ἐκεῖνοι
633 4713 681 4772 δ’
711 4711 1093 4792 ἀκριϐέστερον
1128 4716 1281 4780 αὗθις
1313 4713 1626 4792 ἐπερωτῶσι
1662 4736 1674 4748 ·

441 4807 558 4861 Ποῦ
646 4801 888 4876 ἀπῆλθεν
981 4806 1008 4860 6
1085 4801 1380 4885 ἀδελφιδός
1485 4825 1603 4876 σου,
1681 4806 1716 4878 ἡ
1781 4804 1926 4878 καλή
1976 4806 2028 4864 ἐν

369 4892 639 4971 γυναιξί;
693 4898 807 4951 Ποῦ
887 4893 1122 4968 ἀπῆλθε,
1191 4899 1298 4950 ποῦ
1355 4890 1654 4970 ἀπέϐλεψεν
1725 4897 1752 4952 ὁ
1804 4895 2029 4978 ἀδελφι-

372 4981 464 5046 δός
495 5005 590 5040 σου
624 5003 638 5054 ;
671 4985 760 5040 καὶ
824 4985 1133 5059 ζητήσομεν
1165 4983 1329 5040 αὑτὸν
1366 4985 1500 5060 μετά
1530 4990 1646 5044 σοῦ.

444 5073 506 5132 Ὁ
535 5074 782 5137 ποταπὸς
811 5073 877 5144 ἦν
903 5073 1167 5151 πρότερον
1203 5073 1382 5146 οὗτος,
1418 5075 1818 5149 μεμαθηκότες,

373 5165 482 5219 Νῦν
516 5161 832 5236 ἰκζητοῦσιν
865 5163 956 5219 καὶ
992 5170 1178 5238 μαθεῖν
1205 5165 1295 5221 καὶ
1324 5167 1431 5220 ποῦ
1460 5185 1593 5220 ποτε
1625 5163 1824 5239 μετέϐη
1860 5185 1874 5199 ·

372 5250 605 5311 Οὐδέπω
636 5253 741 5329 γὰρ
768 5251 1072 5328 ἐπέγνωσαν
1099 5255 1199 5324 τὴν
1228 5255 1496 5331 σάρκωσιν
1519 5259 1615 5310 τοῦ
1636 5257 1838 5332 Λόγου,

369 5344 468 5398 Ἦν
498 5341 778 5408 κατελθὼν
813 5341 901 5399 ἐπὶ
933 5349 1036 5414 τῆς
1060 5346 1163 5420 γῆς
1194 5343 1448 5421 ἀρρήτως
1480 5344 1786 5420 ἐσαρκώθη.

369 5429 502 5490 ’Ότι
543 5431 591 5488 δ’
622 5431 683 5489 οὗ
707 5439 871 5489 πᾶσιν
903 5425 1163 5508 ἔγνωστο,
1199 5430 1455 5506 δέσποτα,
1475 5439 1592 5498 τοῖς
1623 5436 1901 5512 ἀγγέλοις,

373 5523 456 5581 Τὸ
483 5525 584 5594 τῆς
617 5521 1085 5598 ἰνανθρωπησεως
1124 5524 1424 5599 μυστήρὶον
1455 5528 1552 5580 τοῦ
1583 5525 1784 5602 Λόγου,

378 5611 568 5690 Μέχρι
597 5617 699 5686 τῆς
730 5611 1056 5690 ἀναλήψεως
1081 5609 1245 5670 αὐτοῦ
1275 5613 1413 5691 πρὸς
1441 5614 1536 5672 τὸν
1567 5615 1805 5692 Ηατέρα,

453 5767 502 5807 ⁸³
531 5767 745 5828 Matth.
775 5785 861 5843 νι,
891 5767 982 5826 28.

2109 2032 2275 2071 suum
2304 2015 2377 2070 ad
2403 2015 2634 2088 phialas
2667 2015 2954 2072 aromatis.

2183 2103 2442 2160 Dilectus
2475 2121 2642 2160 meus
2693 2104 2794 2176 qui
2849 2103 3206 2161 substantiae
3255 2121 3376 2160 suae
3423 2101 3774 2159 celsitudine

2112 2197 2199 2250 est
2230 2193 2566 2261 invisibilis,
2599 2193 2794 2266 reipsa
2844 2197 3123 2265 tanquam
3179 2194 3240 2249 in
3299 2193 3538 2250 hortum
3596 2210 3774 2251 suum

2113 2284 2419 2341 descendit
2447 2281 2890 2352 in‘creaturam,
2924 2299 3101 2355 quam
3132 2282 3348 2339 divinis
3369 2282 3775 2340 voluntatibus

2113 2375 2240 2432 suis
2270 2374 2397 2447 ipse
2429 2374 2734 2447 plantavit,
2769 2377 2826 2428 et
2855 2377 3141 2445 tanquam
3173 2373 3245 2428 ad
3287 2371 3518 2445 phialas
3549 2388 3775 2429 aroma-

2112 2459 2211 2532 tis,
2246 2465 2317 2520 ad
2351 2465 2582 2521 animas
2613 2463 2726 2519 sibi
2759 2477 2861 2535 per
2891 2462 3066 2518 fidem
3098 2461 3159 2518 in
3182 2461 3368 2518 Deum
3397 2456 3618 2534 gratas,
3645 2477 3777 2518 sua-

2111 2555 2357 2612 vissimo
2418 2555 2618 2626 gratiae
2677 2552 2868 2608 sancti
2926 2551 3178 2624 Spiritus
3239 2552 3417 2607 odore
3476 2552 3771 2624 perfusas.

2114 2645 2249 2708 Qum
2282 2641 2517 2713 quidem
2550 2641 2739 2714 gratia
2772 2658 2876 2713 per
2906 2638 3468 2712 contemplationem
3499 2643 3556 2695 et
3585 2639 3778 2695 actio—

2115 2747 2276 2800 nem,
2320 2729 2599 2802 imaginis
2650 2734 2708 2785 et
2755 2725 3168 2784 similitudinis
3214 2727 3394 2783 decus
3443 2727 3504 2782 in
3553 2729 3638 2781 eis
3686 2725 3774 2783 sic

2115 2821 2432 2888 instaurat,
2464 2823 2529 2874 ut
2558 2835 2814 2890 sponsus
2865 2817 2923 2872 in
2977 2816 3097 2872 illis
3143 2821 3426 2888 tanquam
3477 2813 3775 2888 exemplar

2114 2911 2173 2966 in
2207 2910 2375 2982 signo
2401 2910 2635 2981 proprio
2661 2905 3049 2980 perapiciatur
3065 2922 3432 2978 expressum.
3459 2904 3776 2961 Descendit

2115 3005 2333 3067 autem,
2368 3003 2431 3053 ut
2462 2999 2688 3053 dictum
2721 3002 2830 3065 est,
2863 3002 2927 3052 ut
2958 3001 3159 3069 pascat
3188 2997 3246 3051 in
3275 2995 3460 3052 hortis
3487 2998 3560 3066 [et
3607 2992 3776 3051 colli-

2115 3095 2214 3162 gat
2245 3087 2406 3144 lilia:
2435 3087 2546 3144 hoc
2576 3091 2686 3152 est,
2719 3090 2786 3142 ut
2831 3103 2965 3142 oves
3018 3087 3246 3142 ratione
3292 3085 3568 3158 praditas
3615 3087 3776 3156 tegat

2115 3184 2176 3235 et
2206 3178 2428 3234 nutriat
2459 3193 2562 3249 per
2593 3175 2898 3232 scientiam
2932 3180 3110 3246 atque
3140 3175 3443 3242 virtutem,
3471 3173 3530 3230 in
3564 3178 3778 3229 natura

2116 3276 2244 3327 tum
2278 3267 2634 3340 intelligibili
2663 3272 2790 3324 tum
2824 3266 3091 3322 sensibili
3119 3284 3131 3322 :
3160 3267 3218 3321 in
3249 3267 3466 3335 quibus
3487 3265 3775 3322 virtutum

2119 3362 2380 3418 rationes
2412 3377 2479 3415 ac
2515 3357 2674 3415 mo'di
2730 3363 3009 3429 tanquam
3069 3359 3127 3413 in
3170 3357 3358 3413 hortis
3415 3356 3775 3429 quibusdam

2119 3449 2334 3509 consiti
2383 3452 2556 3515 sunt;
2612 3451 2670 3504 et
2725 3446 2962 3518 colligat
3017 3445 3196 3503 veluti
3254 3445 3381 3502 lilia
3439 3446 3511 3502 de
3563 3444 3778 3519 spinis,

2120 3551 2332 3614 nempe
2363 3557 2431 3595 ex
2462 3539 2773 3594 animabus
2807 3554 2934 3610 qua:
2958 3536 3253 3609 corporeis
3275 3535 3774 3593 sollicitudinibus

2122 3632 2506 3700 suifocantur‘,
2557 3629 2789 3684 animas
2843 3627 2977 3684 illas
3027 3644 3154 3700 qua
3205 3627 3440 3698 rejectis
3479 3625 3775 3698 ejusmodi

2123 3722 2313 3795 spinis
2335 3720 2452 3775 Deo
2483 3723 2690 3792 parent
2720 3717 2856 3791 ipsi,
2888 3717 2950 3774 in
2981 3717 3314 3790 Evangeliis
3346 3717 3604 3774 dicenti:
3632 3717 3775 3773 Con-

2119 3809 2527 3868 sideratelilia
2583 3810 2733 3877 agri,
2787 3823 2900 3862 non
2955 3807 3232 3879 laborant,
3290 3823 3466 3880 neque
3521 3810 3656 3863 nent
3683 3799 3771 3862 6ll:

2123 3901 2380 3966 Quarum
2413 3899 2592 3954 etiam
2621 3897 2854 3970 singula
2911 3896 3086 3953 dicit:
3138 3899 3248 3966 Ego
3296 3898 3484 3970 nepoti
3528 3909 3671 3966 meo,
3725 3898 3780 3952 et

2122 4006 2286 4064 nepos
2315 4005 2466 4046 meus
2496 3987 2657 4058 mihi,
2689 3988 2787 4058 qui
2811 3989 2989 4059 pascit
3017 3989 3166 4042 inter
3195 3987 3346 4043 lilia.
3396 3985 3516 4059 Ego
3562 3985 3780 4058 quippe

2125 4078 2242 4136 Deo
2272 4077 2423 4146 vivo,
2454 4081 2688 4132 mortua
2720 4077 2963 4147 mundo,
2997 4081 3055 4132 et
3085 4076 3142 4132 in
3177 4093 3269 4132 me
3321 4075 3483 4132 solus
3511 4075 3783 4134 Christus

2124 4168 2288 4238 vivit,
2313 4166 2413 4239 qui
2448 4165 2598 4238 regit
2637 4164 2897 4220 animam
2949 4181 3080 4237 quae
3132 4165 3329 4238 ipsum
3379 4165 3669 4238 sequitur,
3728 4169 3786 4222 et

2128 4257 2320 4332 pascit
2346 4258 2407 4314 in
2436 4256 2602 4326 liliis,
2634 4256 2695 4312 in
2728 4255 3146 4329 splendoribus
3174 4256 3487 4313 virtutum.

2852 4527 3050 4583 Pselli.

2204 4634 2337 4691 Haec
2385 4633 2732 4691 custodibus
2779 4650 3000 4705 sponsa
3047 4650 3181 4690 cum
3232 4633 3652 4706 respondisset,
3705 4631 3791 4688 illi

2139 4740 2347 4780 rursus
2377 4739 2507 4779 eam
2541 4722 2907 4794 interrogant
2937 4721 3269 4778 accuratius
3297 4739 3310 4777 :

2216 4815 2328 4883 Quo
2359 4813 2498 4869 abiit
2525 4828 2694 4884 nepos
2720 4820 2869 4879 tuus,
2920 4827 2951 4868 o
2994 4811 3233 4883 pulchra
3284 4813 3439 4868 inter
3483 4809 3795 4866 mulieres?

2144 4904 2257 4974 Quo
2287 4904 2535 4975 respexit
2563 4917 2729 4973 nepos
2769 4904 2941 4957 tuus?
2971 4905 3024 4959 et
3066 4917 3378 4975 quaeremus
3425 4918 3553 4958 eum
3595 4909 3797 4959 tecum.

2215 5081 2416 5146 Qualis
2447 5083 2556 5138 iste
2585 5081 2683 5149 sit,
2708 5082 2834 5153 jam
2865 5079 3290 5137 intelleximus.
3342 5080 3510 5136 Nunc
3556 5095 3800 5137 avemus

2143 5171 2290 5228 illud
2323 5171 2499 5228 etiam
2532 5170 2700 5240 scire,
2734 5187 2850 5243 quo
2883 5171 3286 5227 descenderit:
3320 5171 3585 5226 nondum
3643 5169 3804 5226 enim

2146 5263 2442 5334 cognitam
2502 5261 2722 5317 habent
2797 5261 2972 5318 Verbi
3055 5260 3540 5330 incarnationem,
3623 5277 3804 5332 quam

2145 5352 2431 5409 ineffabili
2479 5351 2705 5408 ratione
2765 5352 2820 5407 in
2881 5357 3102 5408 terram
3163 5353 3531 5409 descendens
3590 5350 3804 5408 induit.

2147 5442 2326 5512 Cujus
2359 5442 2600 5513 quidem
2634 5441 3066 5498 incarnationis
3098 5442 3445 5516 mysterium
3477 5459 3550 5498 ne
3585 5433 3812 5515 angelis

2150 5531 2413 5604 quidem,
2449 5535 2582 5587 ante
2613 5530 2787 5588 Verbi
2819 5532 3226 5589 ascensionem
3260 5533 3331 5589 ad
3365 5533 3597 5590 Patrem
3630 5531 3814 5587 fuisse

2148 5620 2542 5695 exploratum,
2575 5638 2643 5679 ex
2664 5638 2898 5679 summo
2921 5623 3344 5696 prophetarum
3374 5623 3586 5680 Davide
3605 5637 3816 5694 cogno-
