4110 6392
307 381 446 454 655,

1640 371 2070 434 MICHAELIS
2118 372 2391 433 PSELLI

3620 364 3743 430 656

305 529 452 568 sces.
484 511 628 567 Cum
652 508 808 565 enim
837 507 1177 578 angelorum
1221 506 1452 564 Christo
1487 505 1955 561 ministrantium

2094 511 2344 558 Ἀκουσον
2385 525 2436 558 τι
2471 525 2601 581 φησι
2637 498 2804 558 Δαόἰδ
2833 507 2942 557 τῶν
2975 505 3281 581 προφητῶν
3317 501 3573 577 ἀκρότης.

307 601 563 667 ordines,
610 599 846 671 quando
893 603 1240 669 assumptus
1280 601 1390 666 est,
1440 593 1608 651 valde
1666 593 1966 666 supplica-

308 694 440 746 rent
485 707 553 745 ac
580 688 886 744 dicerent:
942 689 1133 744 Tollite
1171 694 1383 758 portas,
1415 687 1714 757 principes,
1757 686 1968 740 vestras

305 782 356 836 et
407 780 662 834 introibit
705 778 978 834 Christus
1025 782 1142 832 Rea:
1180 775 1480 847 gloriae”:
1536 774 1621 828 illi
1667 773 1970 845 dispensa-

311 868 516 935 tionis,
589 869 806 941 inquit,
871 884 1154 923 arcanum
1225 883 1340 922 non
1407 863 1827 936 intelligentes,
1905 866 1968 917 ut

310 957 654 1014 hzesitantes
699 958 1170 1028 responderunt:
1243 955 1373 1023 Qui:
1421 963 1503 1010 est
1545 958 1643 1009 iste
1689 954 1802 1008 Rere
1848 953 1968 1022 glo-

310 1048 416 1104 riae
436 1049 523 1102 “?
551 1053 634 1102 Ac
664 1063 898 1118 sponsa;
929 1046 1167 1118 quidem
1212 1045 1488 1101 custodes
1537 1043 1620 1099 ita
1667 1043 1965 1098 dixerunt.

306 1135 414 1192 Illa
444 1152 580 1192 vero
612 1136 930 1208 respondet
961 1133 1184 1206 angelis
1218 1132 1364 1207 ipsis
1390 1149 1402 1188 :

374 1409 569 1476 Nepos,
601 1402 898 1475 inquiens,
932 1418 1083 1459 meus
1108 1401 1393 1458 descendit
1424 1400 1488 1456 in
1538 1399 1761 1455 hortum
1809 1415 1971 1454 suum

306 1495 377 1552 ad
395 1495 616 1567 phialas
639 1495 931 1565 aromatis,
972 1497 1032 1550 ut
1059 1497 1248 1566 pascat
1293 1494 1353 1547 in
1403 1492 1597 1560 hortis,
1649 1494 1698 1547 et
1741 1490 1972 1559 colligat

313 1586 460 1642 lilia.

380 1681 632 1741 Arcana,
690 1673 905 1744 inquit,
969 1671 1067 1728 ille
1130 1671 1358 1727 ratione
1414 1669 1739 1737 descendit,
1818 1669 1973 1724 sicut

306 1764 497 1819 imber
525 1780 704 1836 super
734 1763 955 1833 lanam,
989 1761 1140 1816 sicut
1171 1777 1267 1816 ros
1298 1759 1357 1814 in
1389 1758 1601 1827 vellus,
1644 1759 1704 1814 in
1734 1762 1966 1814 uterum

2073 597 2188 646 Τῶν
2223 591 2689 668 λειτουργούντῶν
2721 592 2844 648 τότε
2864 593 2965 670 γάρ
2987 593 3276 669 ταγμάτων
3309 595 3389 664 τῷ
3421 595 3663 666 Σωτῆρι,

2080 683 2222 757 Πρὸς
2254 683 2350 751 τήν
2382 681 2656 757 ἀνάληψιν
2685 682 2850 738 αὖτοῦ
2886 681 3079 758 μεγάλ’
3111 683 3463 736 ἱκετευοντων
3493 700 3506 713 ·

2079 777 2278 846 Ἄρατε
2308 771 2504 843 πύλας,
2538 772 2721 847 ἄρατε,
2751 773 3056 848 ταγμάτων
3084 770 3414 848 ἀρχηγέται,

2077 863 2164 923 Ὠς
2199 860 2559 918 εἰσελεύσεται
2590 865 2820 938 Χριστὸς
2847 863 2874 916 6
2909 859 3173 923 Βασιλεὺς
3197 863 3298 925 τῆς
3329 857 3511 933 δόξης.

2081 952 2151 1006 Αἱ
2187 953 2262 1024 μὴ
2295 954 2674 1027 γινώσκοντας,
2707 951 2862 1030 φησὶ,
2889 956 2956 1006 τᾶ
2985 957 3084 1021 τῆς
3123 948 3465 1023 οἰκονομίας,

2079 1043 2550 1118 ’Δντικεκράγασιν
2585 1041 2771 1105 αὐτοῖς
2803 1040 2984 1116 ὥσπερ
3020 1041 3419 1114 ἐπαποροῦντες
3447 1059 3460 1072 ·

2077 1132 2168 1195 Τίς
2200 1131 2342 1187 ἐστιν
2375 1130 2538 1195 οὗτος
2565 1131 2835 1208 λέγοντες,
2872 1133 2899 1186 6
2941 1129 3199 1192 Βασιλεὺς
3230 1137 3329 1199 τῆς
3357 1127 3516 1203 δόξης
3553 1148 3566 1199 ;

2080 1219 2240 1276 Ἀλλ’
2272 1218 2414 1277 οὕτω
2450 1223 2544 1295 μὶν
2590 1221 2871 1297 εἰρήκασιν
2901 1221 2952 1276 οἳ
2985 1220 3226 1298 φύλακες
3256 1218 3556 1298 τῇνύμφῃ,

2079 1308 2276 1368 Ἠδ”
2438 1312 2448 1330 ι
2981 1311 3087 1346 ι·

2252 1325 2516 1388 απεκριθη
2552 1332 2688 1387 προ,
2714 1333 2908 1374 αυτους
2941 1309 3180 1386 λογουσα
3209 1331 3334 1371 του..
3367 1307 3634 1386 αγγελοδς

2149 1398 2475 1479 Ἀδελφιόός
2568 1424 2672 1474 μου
2756 1395 2959 1470 κατέϐη
3049 1399 3128 1464 εἲς
3187 1405 3364 1470 πῆσον
3446 1399 3618 1454 αὐτοῦ
3660 1397 3738 1461 είς

2081 1489 2280 1568 φιάλας
2336 1494 2432 1545 τοῦ
2490 1491 2809 1565 ἀρώματος,
2865 1493 2962 1546 τοῦ
3026 1489 3344 1562 ποιμαίνειν
3401 1486 3453 1542 ἐν
3515 1489 3738 1560 κήποις,

2079 1581 2168 1636 καὶ
2202 1577 2488 1656 συλλέγειν
2511 1581 2686 1653 κρίνα.

2152 1673 2390 1733 Ἐκεῖνος
2421 1669 2787 1740 κατεληλυθε,
2818 1671 3005 1748 φησὶν,
3043 1667 3490 1746 άρῥητοτρόπως,

2080 1762 2168 1822 Ὠς
2201 1759 2289 1814 ἐπὶ
2321 1761 2489 1816 πόκον
2527 1760 2698 1830 ὑετὸς,
2731 1759 2806 1822 ὠς
2830 1758 2916 1814 ἐπὶ
2949 1757 3128 1834 χλόην
3163 1755 3377 1834 δρόσος,

308 1869 467 1922 purae
498 1856 673 1924 atque
703 1849 1098 1906 immaculata;
1127 1848 1394 1921 virginis,
1429 1853 1494 1904 ut
1519 1847 1578 1903 in
1639 1851 1965 1903 aromatum

2101 1857 2166 1904 liv
2191 1853 2258 1922 τῇ
2290 1849 2482 1924 γαστρὶ
2507 1852 2605 1918 τῆς
2636 1854 2874 1923 καθαρᾶς
2903 1850 2992 1902 καὶ
3023 1845 3374 1920 παναμώμου
3405 1841 3598 1921 κόρης,

306 1943 644 1998 divinorum
678 1940 940 2012 phialam
991 1941 1297 1995 mundam.
1346 1939 1513 1994 Unde
1559 1938 1686 1993 sine
1735 1935 1960 1993 semine

301 2029 704 2102 progrediens,
738 2045 804 2083 eo
841 2027 1082 2098 quidem
1120 2026 1294 2081 modo
1327 2042 1442 2098 quo
1474 2024 1556 2079 illi
1590 2024 1695 2080 soli
1729 2029 1818 2080 est
1864 2040 1960 2080 co-

299 2107 522 2191 gnitus,
557 2118 617 2173 in
641 2117 870 2173 animas
930 2117 1238 2172 hominum
1301 2131 1480 2187 puras
1530 2114 1785 2170 inﬂuxit.
1843 2113 1960 2169 Has

2079 1939 2175 1994 Καὶ
2207 1938 2281 2000 εἷς
2309 1936 2511 2016 φιάλην
2546 1937 2780 2012 καθαρὰν
2813 1942 2920 1992 τῶν
2957 1935 3114 2001 θείων
3150 1937 3482 2013 ἀρωμάτων,

2071 2029 2159 2099 Ἐξ
2189 2031 2253 2096 ἧς
2284 2027 2536 2103 ἀσπόρως
2568 2024 2850 2099 προελθὼν
2889 2027 3056 2098 μόνος
3089 2025 3248 2087 αὑτὸς
3273 2025 3346 2088 ὡς
3382 2023 3546 2094 οἶδεν,

2072 2119 2164 2180 Εἰς
2196 2119 2289 2179 τὰς
2321 2118 2500 2192 ψυχας
2531 2121 2638 2171 τῶν
2679 2121 2928 2192 καθαρῶν
2958 2115 3256 2189 ἀνθρώπων
3303 2113 3592 2192 μετεῤῥύη.

295 2207 453 2263 enim
486 2211 570 2277 tu,
607 2223 728 2277 rex,
762 2205 994 2279 phialas
1026 2209 1359 2261 aromatum
1393 2203 1659 2276 intelligo
1684 2222 1698 2274 ;
1726 2203 1961 2258 hortum

2094 2206 2275 2269 Ταύτας
2305 2206 2403 2281 γὰρ
2439 2203 2569 2276 ἴσθι,
2603 2202 2856 2276 δέσποτα,
2892 2202 3088 2282 φιάλας
3122 2205 3452 2280 ἀρωμάτων,

297 2303 496 2353 autem
530 2311 783 2369 agnosce
826 2295 984 2351 hunc
1015 2296 1305 2350 mundum
1342 2294 1400 2348 in
1435 2309 1607 2364 quem
1659 2291 1964 2348 descendit

299 2386 592 2452 Christus,
645 2391 710 2440 ut
768 2385 971 2441 ﬁdeles
1030 2384 1253 2439 sanctis
1327 2387 1593 2456 pasceret
1665 2382 1958 2454 eloquiis:

302 2474 500 2531 divina
530 2473 688 2530 enim
721 2473 954 2546 eloquia
991 2477 1280 2530 vocantur
1315 2472 1460 2527 lilia.

376 2658 497 2722 Ego
527 2653 723 2722 nepoti
748 2669 889 2723 meo,
920 2655 971 2707 et
999 2669 1165 2723 nepos
1192 2667 1348 2707 meus
1378 2651 1538 2708 mihi.

378 2741 620 2806 Verum,
654 2757 771 2812 quo
813 2739 1071 2812 planius,
1130 2740 1325 2812 inquit
1382 2757 1482 2795 vos
1542 2740 1807 2811 doceam,
1865 2738 1965 2795 ille

311 2829 457 2886 mihi
494 2846 739 2901 prorsus
767 2837 852 2884 est
883 2828 1118 2884 similis.
1171 2830 1252 2883 Ad
1306 2827 1757 2884 similitudinem
1807 2829 1964 2884 enim

317 2935 483 2976 suam
509 2935 603 2974 me
635 2918 797 2989 prius
828 2919 953 2987 ipse
981 2917 1270 2972 formavit.
1305 2918 1443 2972 Post
1483 2922 1680 2972 autem
1711 2917 1968 2989 graviter

313 3007 581 3064 collisam
643 3006 958 3073 renovavit,
1013 3009 1264 3062 formam
1338 3023 1532 3061 meam
1607 3022 1673 3060 ex
1744 3007 1968 3077 virgine

311 3098 665 3171 suscipiens.
714 3098 807 3153 Sic
865 3097 1047 3170 igitur
1107 3096 1345 3169 angelos
1403 3113 1622 3168 sponsa
1677 3100 1766 3152 est
1823 3096 1968 3153 allo-

312 3194 468 3246 cuta.

907 3295 1094 3350 Trium
1125 3295 1372 3349 Patrum.

387 3384 686 3440 Virtutum
719 3385 898 3441 decus
929 3383 989 3438 in
1022 3383 1115 3438 his
1147 3382 1630 3452 adolescentulis,
1659 3382 1716 3438 id
1751 3387 1861 3454 est,
1915 3383 1973 3439 in

319 3473 633 3531 animabus
664 3489 920 3545 sponsus
940 3472 1066 3545 ipse
1088 3473 1470 3528 considerans
1495 3471 1670 3528 veluti
1695 3489 1976 3545 sponsam

322 3563 646 3635 alloquitur
677 3563 748 3618 ad
783 3562 939 3617 hunc
972 3562 1212 3617 modum
1240 3578 1252 3616 :
1285 3561 1523 3617 Pulchra
1555 3577 1632 3629 es,
1666 3563 1977 3634 propinqua

328 3668 468 3720 mea,
528 3656 676 3708 sicut
733 3652 872 3707 bona
923 3653 1204 3706 voluntas.
1257 3650 1418 3706 Bona
1485 3668 1568 3718 es,
1647 3650 1979 3724 propinqua

330 3758 482 3808 mea,
515 3756 583 3796 ex
611 3739 817 3796 divinae
865 3740 1168 3813 sapientiae
1226 3744 1281 3796 et
1328 3739 1610 3795 bonitatis
1664 3740 1980 3813 participa-

326 3831 505 3899 tione,
541 3834 742 3903 utpote
782 3848 910 3904 quae
969 3830 1256 3886 voluntati
1319 3847 1460 3886 meae
1518 3848 1620 3902 per
1677 3848 1854 3903 quam
1913 3847 1983 3887 ex

325 3920 510 3977 nihilo
545 3921 696 3977 facta
728 3938 811 3992 es,
849 3921 1092 3976 minime
1122 3937 1436 3993 repugnes,
1470 3921 1568 3976 sed
1623 3936 1691 3976 ex
1739 3937 1806 3977 ea
1858 3925 1982 3976 tota

322 4014 602 4086 pendeas,
665 4014 804 4068 dum
863 4013 1142 4085 imaginis
1202 4017 1258 4068 et
1316 4011 1726 4068 similitudinis
1803 4015 1981 4069 decus

323 4099 654 4159 conservas.
718 4103 1110 4166 Quamobrem
1176 4102 1368 4157 decora
1442 4102 1616 4158 etiam
1696 4119 1778 4174 es,
1843 4105 1983 4159 sicut

322 4193 653 4248 Jerusalem.
686 4195 967 4247 Formosa
1001 4191 1309 4258 nimirum,
1343 4191 1480 4246 dum
1534 4195 1732 4247 notam
1789 4209 1979 4249 meam

326 4284 506 4350 atque
537 4280 801 4334 habitum
841 4281 912 4336 ab
953 4280 1112 4334 omni
1165 4279 1607 4350 perturbatione
1659 4282 1982 4338 remotissi-

326 4385 490 4423 mum
526 4368 814 4437 defendis,
849 4369 905 4422 in
939 4372 993 4423 to
1025 4367 1155 4438 ipsa
1184 4384 1274 4423 me
1297 4386 1497 4440 pacem
1523 4371 1711 4426 Patris
1733 4377 1984 4428 contem-

326 4457 504 4531 plaris
538 4457 637 4528 qui
671 4462 728 4512 te
779 4455 863 4510 illi
933 4455 1256 4512 éonciliavi.
1309 4457 1448 4512 Nam
1509 4458 1862 4531 Jerusalem,
1923 4464 1987 4515 ut

324 4547 662 4617 docuimus,
694 4546 856 4617 pacis
909 4549 999 4601 est
1045 4545 1214 4601 visio.
1269 4549 1636 4620 Quapropter
1692 4566 1754 4605 es
1800 4550 1979 4606 etiam

2072 2301 2275 2372 ’Ὠσπερ
2304 2295 2393 2350 καί
2423 2302 2599 2366 κῆπον
2649 2294 2881 2372 γίνωσκε
2924 2298 3116 2349 τοῦτον
3157 2294 3250 2348 τὸν
3289 2293 3519 2366 κόσμον,
3553 2291 3680 2365 ἅναξ
3715 2313 3730 2330 ο

2074 2389 2160 2445 Ἐν
2192 2386 2236 2458 ᾧ
2267 2385 2534 2456 κατῆλθεν
2569 2386 2597 2440 6
2628 2385 2881 2459 Χριστὸς,
2911 2384 3002 2438 καὶ
3032 2381 3160 2447 τοὺς
3185 2383 3616 2446 πεπισκευκότας

2076 2475 2397 2549 Ἐποίμανεν
2433 2473 2507 2538 ὠς
2539 2473 2762 2544 ἀληθῶς
2794 2479 2911 2534 τοῖς
2943 2467 3264 2546 σεϐασμίοις
3299 2471 3502 2548 λόγοις.

2075 2565 2243 2642 Κρίνα
2272 2565 2376 2640 γάρ
2405 2567 2574 2618 ταῦτα
2606 2561 2819 2637 λέγεται
2851 2563 2917 2616 τά
2949 2563 3115 2638 Λόγια
3144 2563 3211 2617 τά
3234 2567 3372 2626 θεῖα.

2147 2653 2287 2730 Ἐγὼ
2318 2658 2398 2725 τῷ
2420 2648 2696 2730 ἀδελφιδῷ
2734 2673 2858 2725 μου,
2893 2651 2982 2706 καὶ
3009 2648 3299 2728 άδελφιδός
3336 2673 3439 2724 μου
3473 2649 3620 2726 ἐμοί.

2075 2741 2233 2801 Ἀλλ’
2255 2740 2344 2796 ’ἱνα
2371 2764 2446 2814 τι,
2479 2742 2665 2820 φησὶν,
2705 2742 2844 2814 ὑμᾶς
2877 2741 3199 2820 σαφέστερον
3233 2737 3452 2814 διδάξω,

2076 2838 2314 2894 Ἐκεῖνος
2345 2829 2537 2904 ὅμοιος
2567 2829 2690 2903 ἐμοὶ
2721 2831 2980 2906 τυγχάνει
3011 2831 3147 2885 κατά
3176 2829 3345 2886 πάντα
3380 2850 3392 2862 '

2075 2919 2318 2978 Ἐπλασε
2346 2921 2446 2996 γάρ
2482 2941 2548 2992 με
2575 2919 2838 2995 πρότερον
2871 2918 3078 2974 ἑκείνου
3110 2921 3224 2974 κατ’
3249 2919 3452 2993 εἰκόνα,

2079 3011 2182 3068 Καὶ
2215 3010 2380 3064 πάλιν
2410 3009 2703 3064 ἀνεκαίνισε
2735 3006 2925 3072 δεινῶς
2961 3030 3028 3082 με
3053 3004 3450 3084 συντριϐεῖσαν,

2076 3105 2162 3161 Ὡς
2184 3100 2284 3167 τήν
2316 3099 2455 3170 ἐμὴν
2488 3097 2798 3174 ἀνειληφὼς
2834 3098 3052 3176 μορφὴν
3085 3097 3144 3153 lx
3172 3104 3271 3167 τῆς
3292 3099 3582 3174 παρθένου.

2081 3191 2262 3247 Ταῦτα
2295 3188 2389 3261 μὶν
2420 3187 2510 3242 οὖν
2544 3185 2850 3258 λελάληκεν
2885 3189 2918 3256 ἡ
2950 3186 3134 3266 νύμφη
3166 3192 3287 3249 τοῖς
3320 3187 3598 3263 ἀγγέλοις,

2655 3298 2776 3352 Τῶν
2807 3297 2854 3370 γ’
2886 3295 3160 3371 Πατέρων.

2152 3385 2330 3448 Αὐτὸς
2377 3385 2404 3437 ὁ
2463 3383 2698 3462 νυμφίος
2750 3385 2849 3452 τὴν
2922 3383 3065 3460 ὥραν
3122 3389 3230 3440 τῶν
3292 3386 3733 3461 κατορθωμάτων

2083 3480 2202 3536 ταῖς
2230 3472 2507 3535 τοιαύταις
2558 3477 2764 3548 ψυχαῖς
2813 3472 3128 3548 ἐπικρίιων,
3179 3471 3370 3548 ἤγουν,
3421 3479 3530 3529 τῶν
3557 3473 3735 3529 νεανί-

2089 3560 2405 3636 δων,οἲονεί
2451 3583 2585 3637 φησι
2637 3562 2772 3637 πρὸς
2830 3561 2997 3632 αὐτήν
3033 3579 3045 3593 °
3095 3557 3249 3631 Καλή
3303 3564 3373 3630 εἴ,
3415 3563 3448 3632 ἠ
3503 3561 3731 3631 πλησίον

2092 3674 2218 3727 μου,
2251 3652 2327 3714 ὠς
2359 3649 2593 3708 εὐδοκία.
2629 3651 2920 3722 Δηλονότι,
2967 3651 3171 3726 Ἀγαθὴ
3208 3651 3492 3728 ὑπάρχεις,
3517 3655 3550 3721 ἡ
3584 3651 3740 3728 ἐγγύς

2094 3763 2219 3816 μου,
2251 3742 2385 3797 κατὰ
2407 3743 2506 3811 την
2556 3748 2656 3812 τῆς
2703 3740 2846 3803 θείας
2893 3739 3084 3820 σοφίας
3121 3740 3211 3795 καὶ
3245 3740 3580 3817 ἀγαθότητος
3612 3761 3740 3814 μετ-

2091 3833 2232 3908 οχήν
2269 3853 2282 3866 ο
2318 3832 2391 3894 ὠς
2420 3836 2499 3904 νῷ
2539 3830 2810 3906 θελήματί
2863 3851 2968 3904 μου
3005 3851 3017 3864 ο
3047 3832 3166 3885 καθ’
3223 3830 3252 3885 ’ὀ
3311 3829 3370 3885 ἐκ
3418 3834 3515 3886 τοῦ
3551 3833 3626 3906 μὴ
3661 3827 3754 3887 ὅν-

2089 3943 2180 3984 τος
2227 3923 2545 3998 παρήχθης,
2607 3922 2682 3994 μή
2744 3920 2887 3976 κατᾶ
2943 3942 2996 3976 τι
3056 3919 3431 3994 ἀντικειμένη,
3464 3919 3590 3977 ἀλλ’
3641 3918 3748 3992 ὅλη

2089 4010 2286 4066 τούτου
2318 4008 2726 4084 ἐξηρητημίνη,
2764 4009 2852 4064 καὶ
2910 4008 2962 4065 ἐν
3011 4014 3089 4082 τῷ
3118 4014 3308 4086 τηρεῖν
3335 4010 3398 4064 τὸ
3429 4015 3548 4066 κατ’
3577 4009 3759 4066 εἰκόνα

2089 4101 2262 4156 τεκαὶ
2314 4100 2376 4154 τὸ
2420 4101 2538 4163 καθ’
2605 4097 2871 4173 ὁμοίωσιν
2908 4118 2920 4131 ·
2983 4099 3224 4164 ἐντεῦθεν
3286 4095 3344 4154 δὲ
3399 4100 3515 4169 καὶ,
3571 4099 3758 4176 Ὦραία

2092 4191 2165 4252 ὡς
2225 4187 2606 4265 Ἰερουσαλήμ.
2661 4186 2908 4259 Δηλαδὴ,
2961 4187 3140 4257 Καλὴ,
3183 4187 3257 4250 ὠς
3302 4187 3355 4243 ἐν
3420 4186 3583 4263 ἑαυτῇ
3644 4190 3757 4244 σώ-

2095 4283 2255 4348 ζουσα
2312 4279 2401 4332 τὸν
2465 4277 2593 4350 ἐμὸν
2650 4285 2994 4354 χαρακτῆρα,
3073 4276 3164 4332 καὶ
3225 4278 3324 4346 τήν
3379 4277 3756 4348 άπαθεστάτην

2091 4367 2198 4440 ἕξιν
2230 4363 2544 4437 ἀλώϐητον,
2604 4366 2701 4441 ἐμὲ
2757 4369 2856 4437 τὴν
2900 4366 3124 4440 εἰρήνην
3175 4370 3273 4422 τοῦ
3301 4359 3518 4441 Ἠατρὸς
3548 4367 3754 4442 ὁρῶσα,

2095 4457 2152 4519 ὅς
2211 4479 2266 4512 σε
2322 4456 2502 4530 τούτῳ
2554 4455 2896 4528 κατήλλαξα.
2945 4459 3168 4530 Ὅρασις
3216 4455 3316 4532 γὰρ
3378 4456 3624 4532 εἰρήνης,
3681 4453 3757 4519 ὡς

2094 4549 2417 4622 προείρητο,
2479 4545 2842 4622 Ἰερουσαλὴμ
2910 4544 3286 4621 ἑρμηνεύεται.
3354 4547 3509 4603 Ὅθεν
3567 4543 3614 4599 εἷ
3665 4543 3757 4598 καὶ

325 4644 535 4704 terror,
571 4639 635 4691 ut
684 4635 836 4691 acies
887 4635 1176 4691 ordinata.
1227 4637 1369 4692 Tota
1424 4636 1696 4694 videlicet
1750 4644 1975 4709 stupor,

2097 4630 2330 4709 θάμϐος,
2365 4636 2440 4700 ὠς
2468 4635 2795 4710 τεταγμέναι
2822 4654 2834 4666 ⁸
2889 4632 3037 4705 ἤτοι,
3071 4632 3384 4706 ’Έκπληξις
3427 4632 3533 4704 ὅλη
3568 4633 3655 4688 ἐπὶ
3684 4637 3752 4707 τῇ

328 4725 470 4779 dum
501 4725 560 4778 in
594 4723 1092 4794 contemplatione
1116 4728 1338 4780 naturas
1371 4741 1513 4780 mea;
1540 4725 1988 4797 incomprehen-

327 4811 519 4869 sibilis
549 4812 944 4884 obstupescis,
979 4815 1482 4884 quemadmodum
1517 4820 1571 4870 et
1595 4816 1777 4870 divini
1811 4822 1987 4888 atque

327 4901 580 4974 angelici
644 4901 879 4958 ordines
934 4902 1324 4958 admiratione
1381 4903 1625 4974 stupidi,
1676 4904 1988 4960 inaccessis

327 4990 791 5063 pulchritudinis
824 5009 965 5047 meae
991 4993 1314 5048 reverentia
1337 4996 1393 5047 et
1426 4992 1738 5050 formidine
1761 4999 1989 5051 contre-

329 5080 608 5136 miscunt.
643 5081 894 5137 Proinde
929 5085 1111 5137 averte
1141 5083 1322 5138 oculos
1349 5086 1467 5136 tuos
1497 5101 1529 5136 a
1582 5100 1689 5154 me,
1729 5086 1988 5155 quoniam

329 5171 438 5242 ipsi
465 5186 552 5225 me
580 5169 807 5226 evolare
834 5174 1103 5241 fecerunt.
1139 5173 1198 5226 Id
1234 5175 1342 5241 est,
1379 5189 1451 5226 ne
1483 5173 1711 5228 coneris
1763 5191 1854 5229 me
1886 5176 1987 5248 qui

327 5260 724 5316 substantiam
758 5277 991 5331 supero,
1017 5278 1084 5316 ex
1107 5262 1441 5318 substantia
1466 5263 1984 5335 comprehendere.

327 5350 556 5415 Quanto
589 5349 746 5405 enim
782 5351 970 5422 magis
1002 5350 1062 5404 in
1097 5367 1186 5406 me
1226 5350 1775 5422 comprehendendo
1827 5352 1987 5410 labo-

327 5437 569 5506 raveris,
602 5441 765 5494 tanto
797 5438 1034 5511 longius
1067 5456 1100 5495 a
1130 5440 1346 5496 mentis
1380 5445 1492 5496 tua;
1523 5440 1709 5497 oculis
1759 5442 1987 5500 incom-

327 5528 656 5601 prehensus
688 5526 952 5585 avolabo.
987 5528 1098 5584 Sed
1132 5545 1232 5586 eos
1263 5546 1297 5585 a
1327 5529 1663 5588 substantia
1691 5549 1821 5588 mea
1859 5550 1986 5607 quas

402 5730 449 5766 ⁸³
478 5727 632 5786 Psal.
667 5743 829 5799 χχιιι,
861 5726 916 5797 7,
949 5728 1003 5798 9,
1079 5728 1126 5764 οδ
1155 5727 1300 5786 ibid.
1331 5732 1390 5803 8,
1424 5731 1509 5788 10.

2099 4725 2298 4801 θεωρίᾳ
2329 4723 2744 4798 ἐκπληττομένη
2816 4725 2951 4798 ἐμοῦ
3018 4727 3116 4778 τοῦ
3173 4725 3290 4779 κατ’
3344 4722 3526 4779 οὐσίαν
3560 4723 3760 4778 ἀκατα-

2099 4812 2314 4885 λήπτου
2349 4836 2362 4848 ·
2414 4809 2594 4889 ὥσπερ
2652 4813 2745 4868 καὶ
2799 4814 2854 4868 αἱ
2914 4812 3052 4868 θεῖαί
3113 4834 3171 4868 τε
3228 4813 3317 4868 καὶ
3361 4811 3764 4889 ἀγγελικαιτάέ

2099 4903 2203 4974 ξεις
2239 4898 2485 4977 θάμϐους
2535 4902 2917 4980 πληρούμεναι
2973 4907 3051 4976 τῷ
3108 4897 3262 4980 φόϐῳ
3320 4906 3420 4957 τοῦ
3463 4900 3762 4975 ἀπροσίτου

2102 5014 2207 5066 μου
2255 4993 2496 5055 κάλλους
2549 4991 3082 5051 κατακαλύπτονται.
3130 4992 3330 5069 Διόπερ
3386 4992 3760 5065 Ἀπόστρεψον

2099 5081 2418 5162 ὀφθαλμούς
2494 5104 2588 5138 σου
2661 5081 2914 5137 ἀπέναντί
3005 5103 3132 5156 μου,
3213 5083 3339 5136 ὅταν
3423 5081 3578 5136 αὐτοὶ
3669 5081 3763 5136 ἀν-

2099 5173 2403 5248 επτέρωσάν
2437 5193 2502 5246 με
2535 5191 2548 5204 ⁸
2608 5170 2802 5248 ἤγουν,
2863 5174 2956 5242 Μὴ
3021 5173 3168 5243 ζήτει
3238 5171 3354 5226 κατ’
3388 5169 3575 5226 οὐσίαν
3605 5191 3767 5226 καταο

2100 5257 2284 5318 λαϐεῖν
2321 5283 2388 5336 με
2433 5263 2523 5318 τὸν
2577 5263 2919 5338 ὑπερουσιον,
2954 5260 3038 5317 ὅτι
3092 5259 3216 5316 δσιν
3279 5257 3339 5315 ἂν
3395 5257 3632 5336 σπεύδῃς
3663 5281 3764 5314 κα-

2093 5347 2348 5407 ταλαϐεῖν
2388 5374 2472 5426 με,
2528 5352 2785 5407 τοσοῦτόν
2839 5373 2934 5408 σου
2999 5351 3128 5414 τοὺς
3184 5348 3407 5426 νοεροὺς
3439 5348 3764 5428 ἀφθαλμοὺς

2093 5445 2162 5516 τῇ
2212 5441 2559 5516 ἀκαταληψίᾳ
2629 5441 3018 5519 ὑπερῖπταμαι.
3084 5437 3268 5497 ’Λλλά
3345 5437 3574 5516 στρέψον
3633 5438 3764 5494 τού-

2093 5552 2223 5595 τους
2253 5531 2359 5587 ἀπὸ
2409 5535 2506 5587 τοῦ
2553 5534 2671 5588 κατ’
2725 5531 2906 5590 οὐσίαν
2951 5531 3292 5609 άθεωρήτου,
3327 5527 3403 5592 είς
3435 5529 3497 5585 τὸ
3531 5539 3755 5604 θεωρη-
