4110 6400
385 423 504 482 657

1437 423 1850 488 COMMENT.
1897 426 1977 486 IN
2025 425 2422 488 CANTICUM
2470 425 2775 486 CANTIC.

3703 427 3824 488 658

387 557 480 611 τόν
519 575 623 630 μου
653 555 770 610 κατ’
804 555 1076 634 ἐνέργειαν
1124 553 1352 620 κάλλος,
1387 559 1484 614 Καὶ
1547 557 1654 634 ὄψῃ
1715 581 1780 634 με
1837 557 2042 636 ένεργη·

2171 559 2423 634 spectari
2455 577 2571 616 non
2599 565 2810 633 potest,
2869 563 2942 616 ad
3011 561 3517 634 pulchritudinem
3566 577 3692 634 quae
3749 579 3820 618 ex

385 645 540 702 τικόν
596 665 655 700 τε
705 644 796 699 καὶ
854 642 1290 719 παντοδύναμον.
1333 647 1699 722 Πνευματικοὶ
1755 650 1858 726 γὰρ
1919 649 2051 704 εἰσιν

395 735 446 789 οἱ
510 731 790 812 ὀφθαλμοί
850 755 966 790 σου.
1001 734 1081 792 Τὸ
1143 732 1220 808 δὲ,
1255 736 1530 813 Τρίχωμά
1588 759 1705 810 σου,
1740 737 1814 800 ὠς
1865 737 2054 814 ἀγέλαι

385 827 492 879 τῶν
549 821 743 899 αἷγῶν,
808 824 863 877 αἳ
937 822 1278 902 ἀνεφάνησαν
1337 824 1422 881 διὰ
1494 832 1590 882 τοῦ
1669 825 1884 884 Γαλαάό
1915 843 1930 861 ⁶
1978 825 2055 882 εἷ’-

387 933 516 970 τουν
579 913 648 971 Οἱ
710 913 770 968 ἐκ
797 915 896 968 τοῦ
941 913 1066 976 νοός
1119 935 1237 988 σου,
1273 913 1458 986 οἴοιδή
1495 916 1741 996 κεφαλῆς
1790 918 2054 990 κομώσης

391 1001 530 1078 θρίξ,
617 1005 1000 1075 πνευματικῶς
1088 1003 1350 1080 φυόμενοι
1427 1005 1520 1060 καὶ
1607 1007 2052 1076 ἀναισθητοῦντες

387 1091 622 1167 πρὸςτᾶ
677 1092 943 1166 παρόντα,
977 1093 1268 1168 πρακτικοί
1324 1115 1380 1150 τε
1439 1095 1529 1150 καὶ
1575 1096 1900 1170 θεωρητικοὶ
1961 1095 2051 1150 καὶ

386 1179 705 1256 θεολογικοῖ
737 1177 898 1250 δίκην
953 1181 1222 1246 εὐθαλοῦς
1273 1186 1632 1260 τριχώματος
1695 1185 1866 1260 αἰγῶν
1925 1186 2052 1239 ἀνα-

389 1268 756 1344 δεικνυμένων
820 1267 910 1325 διά
963 1291 1112 1334 τινος
1165 1273 1414 1328 ἀπόπτου
1471 1270 1640 1351 ὅρους
1679 1271 1898 1329 Γαλαὰδ
1953 1295 2049 1328 κα-

386 1359 684 1434 λουμένου,
763 1358 1274 1434 ἀνακεκαλυμμένοι
1360 1363 1465 1418 ἀπὸ
1551 1363 1778 1427 σκότους
1859 1363 2048 1426 κακίας

385 1448 474 1504 καὶ
531 1449 761 1524 ἀγνοίας
817 1450 906 1504 καὶ
967 1449 1150 1514 ἀθεῗας
1208 1451 1361 1506 εἰσίν·
1396 1449 1478 1507 ὅτι
1539 1451 1598 1508 έκ
1649 1451 1856 1508 τούτων
1920 1473 2048 1525 μετ-

385 1537 694 1612 ῳκίσθησαν
772 1538 848 1602 sic;
935 1539 1129 1614 ἀρετὴν
1207 1540 1297 1596 καὶ
1345 1545 1546 1616 γνῶσιν
1600 1542 1687 1596 καὶ
1743 1536 2046 1606 θεοσέϐειαν

385 1627 534 1705 παρὰ
587 1632 685 1684 τοῦ
739 1633 1144 1705 μαρτυροῦντος
1209 1636 1329 1694 τοῖς
1376 1636 1591 1693 πιστοῖς
1649 1630 1715 1686 τὰ
1765 1627 2045 1704 μέλλοντα

385 1715 750 1795 δικαιωτήρια
821 1715 1184 1793 Εὖαγγελίου.
1235 1719 1497 1776 Μετοικία
1558 1720 1657 1796 γὰρ
1738 1719 2038 1796 μαρτυρίας

379 1807 444 1862 τὸ
500 1803 717 1862 Γαλαὰδ
771 1805 1146 1883 ἑρμηνεύεται.
1201 1807 1305 1864 Καὶ
1389 1807 1532 1864 οὕτω
1609 1809 1704 1884 μὶν
1768 1807 2038 1885 Τρίχωμά

384 1917 502 1954 σου.
535 1930 605 1939 —-
635 1896 703 1955 Οἱ
762 1893 820 1952 δὲ
877 1894 1094 1962 ὀδόντες
1124 1919 1241 1972 σου,
1275 1898 1350 1962 ὠς
1381 1897 1574 1975 ἀγέλαι
1601 1903 1708 1954 τῶν
1764 1893 2036 1972 κεκαρμέέ

375 2008 512 2056 νων,
573 1987 628 2041 αἳ
683 1981 952 2057 ἀνέϐησαν
1011 1987 1116 2042 ἀπὸ
1168 1992 1286 2043 τοῦ-
1317 1987 1572 2066 λουτροῦ,
1621 1989 1675 2043 αἱ
1723 1993 1888 2044 πᾶσαι
1951 1984 2034 2042 δι-

379 2071 734 2150 δυμεύουσαι,
792 2075 882 2131 καὶ
961 2077 1253 2132 ἀτεκνοῦσα
1327 2077 1427 2132 οὐκ
1481 2076 1622 2132 ἔστιν
1691 2077 1744 2133 έν
1817 2078 2030 2140 αὐταῖς.

377 2161 630 2236 Δηλαδὴ,
666 2167 732 2222 Αἱ
777 2159 978 2219 ἔννοιαί
1041 2187 1161 2232 σου,
1201 2163 1270 2220 δι’
1325 2167 1398 2221 ὧν
1448 2169 1510 2223 τὸ
1569 2169 1876 2242 σωματικὸν
1935 2171 2034 2236 τοῦ

376 2253 552 2327 νόμου
604 2255 784 2330 πάχος
841 2253 918 2316 εἷς
975 2255 1158 2328 ἀληθῆ
1221 2255 1539 2313 λεπτύνεται
1613 2259 1882 2331 νοήματα,
1941 2256 2033 2312 καὶ

381 2341 522 2418 πρὸς
585 2343 784 2419 βρῶσιν
837 2345 1211 2418 πνευματικὴν
1267 2343 1574 2417 ἐπιτήδειον
1619 2347 1842 2421 γίνεται,
1878 2343 2032 2416 δίκην

383 2435 728 2507 κεκαρμένων
810 2431 1020 2507 ἀγελῶν
1081 2439 1254 2490 πᾶσαν
1309 2433 1483 2509 ψευδῆ
1545 2433 1822 2509 ὑπόληψιν
1883 2455 2035 2510 περι-

379 2521 638 2596 ῄρηνται.
667 2521 792 2596 περὶ
827 2521 1000 2596 μόνην
1053 2521 1544 2598 συναγελαζόμεναι
1591 2525 1690 2593 τὴν
1751 2524 2032 2594 ἀλήθειαν.

379 2607 558 2685 Αἵπερ
610 2611 688 2672 ὡς
745 2611 852 2666 ἀπὸ
912 2610 1148 2688 λουτροῦ
1205 2613 1604 2690 καθαρεύσασαι
1658 2617 1766 2668 τῶν
1823 2610 2034 2686 ψευδῶν

381 2697 738 2772 ὑπολήψεων,
775 2700 1068 2774 ὑψώθησαν
1120 2703 1226 2757 ἀπὸ
1279 2707 1388 2758 τῶν
1447 2702 1652 2778 γηΐνων
1699 2702 1788 2757 καὶ
1847 2721 2036 2776 σαρκι-

377 2793 490 2844 κῶν
549 2791 684 2862 πρὸς
737 2789 806 2845 τὰ
862 2793 1199 2864 πνευματικά
1267 2792 1358 2847 καὶ
1436 2791 1680 2867 οὐράνια,
1741 2790 2038 2864 διδυμοτο-

381 2882 572 2934 κοῦσαι
629 2878 760 2940 τοὺς
821 2875 1020 2954 λόγουν
1083 2885 1189 2935 τῶν
1247 2882 1484 2954 ἀρετῶν⁸
1516 2882 1606 2936 καὶ
1655 2880 1896 2957 ἄκαρπος
1947 2881 2040 2936 καὶ

381 2965 674 3046 ἀνωφελής
705 2967 1000 3042 ένθύμησις
1033 2969 1132 3024 οὐκ
1167 2967 1310 3026 ἔστιν
1370 2969 1424 3025 ἐν
1485 2971 1694 3033 αὐταῖς.
1728 2972 1817 3034 Ὠς
1868 2990 2038 3045 σπαρ-

386 3057 504 3112 τίον
562 3055 816 3112 κόκκινον
875 3056 1042 3134 χείλη
1104 3079 1225 3126 σου,
1257 3059 1349 3114 καὶ
1381 3061 1416 3129 ἡ
1467 3057 1635 3115 λαλιά
1686 3081 1786 3114 σου
1843 3059 2038 3134 ὡραία.

388 3143 682 3218 Δηλονότι,
733 3147 822 3202 οἷα
883 3149 977 3218 μὲν
1033 3150 1293 3223 σπαρτίον
1358 3149 1796 3223 μεμετρημένον,
1843 3150 1931 3202 οἷα
1985 3145 2042 3202 δὲ

383 3237 636 3291 κόκκινον
696 3233 880 3307 ἀληθῆ
929 3237 1022 3292 τὸν
1095 3236 1259 3314 λόγον
1317 3239 1679 3317 προφέροντα.
1738 3239 1897 3295 ’Ὁθεν
1947 3236 2040 3292 καὶ

2166 650 2439 722 operibus
2471 649 2846 722 perspicitur,
2879 651 3398 722 oontemplandam
3429 655 3717 706 converte.
3749 653 3822 706 Et

2165 757 2368 795 cernes
2400 756 2494 794 me
2516 739 2846 794 beneficum
2896 744 2954 795 et
2982 741 3470 812 omnipotentem.
3511 739 3817 812 Spiritales

2163 829 2320 886 enim
2381 833 2520 884 sunt
2577 827 2731 884 oculi
2786 829 2896 884 tui.
2956 829 3162 900 Capilli
3229 846 3366 885 vero
3417 831 3566 884 sicut
3620 845 3820 902 greges

2162 937 2488 992 caprarum,
2530 934 2656 992 quae
2701 924 3076 992 apparuerunt
3122 937 3192 974 ea:
3239 919 3466 976 Galaad.
3501 920 3816 992 Cogitatio-

2163 1028 2266 1067 nes
2297 1009 2588 1077 videlicet,
2637 1026 2761 1082 quae
2813 1015 2879 1064 ut
2938 1026 3007 1064 ex
3064 1009 3253 1081 capite
3303 1025 3506 1076 comae,
3549 1009 3702 1064 sicut
3752 1027 3820 1066 ex

2163 1103 2358 1156 mente
2392 1099 2740 1170 proveniunt
2781 1102 2884 1154 tua
2914 1098 3324 1170 spiritualiter,
3357 1098 3591 1152 nullum
3625 1114 3818 1154 rerum

2161 1189 2342 1257 huius
2373 1188 2502 1242 vitae
2535 1203 2775 1242 sensum
2835 1187 3138 1252 habentes,
3197 1187 3298 1241 sed
3357 1186 3418 1240 in
3473 1187 3702 1258 agendo
3760 1189 3820 1242 et

2161 1277 2618 1350 contemplando
2703 1283 2756 1332 et
2821 1277 3039 1332 divinis
3118 1276 3292 1330 rebus
3353 1276 3817 1348 pervestigandis

2157 1371 2475 1440 occupatae,
2512 1365 2736 1423 similes
2767 1369 2905 1422 sunt
2937 1365 3282 1421 ﬂorentibus
3314 1381 3622 1437 caprarum
3654 1364 3812 1437 pilis,

2156 1473 2282 1528 quae
2314 1473 2416 1530 per
2446 1456 2632 1512 altum
2657 1457 2973 1528 quemdam
2998 1459 3054 1511 et
3079 1457 3395 1511 obscurum
3425 1459 3684 1511 montem
3710 1455 3810 1526 qui

2149 1547 2368 1602 dicitur
2398 1546 2636 1614 Galaad,
2672 1546 3002 1617 conspicuis
3035 1549 3460 1618 apparuerunt.
3506 1543 3810 1616 Siquidem

2152 1653 2222 1692 ex
2253 1635 2491 1692 malitiae
2523 1639 2580 1691 et
2605 1635 2950 1708 ignorantiae
2983 1641 3158 1706 atque
3188 1633 3511 1708 impietatis
3533 1634 3812 1702 tenebris,

2149 1727 2222 1782 ad
2251 1725 2492 1781 virtutis
2513 1729 2570 1781 et
2599 1724 2858 1780 scientia:
2908 1724 3266 1796 pietatisque
3320 1723 3516 1779 lucem
3558 1723 3804 1778 commi-

2147 1817 2394 1889 grarunt
2445 1829 2547 1886 per
2591 1811 2996 1886 Evangelium,
3056 1813 3210 1884 quod
3263 1811 3543 1868 ﬁdelibus
3589 1811 3782 1884 judici

2145 1905 2327 1961 futuri
2357 1901 2764 1960 testimonium
2799 1903 3010 1958 reddit.
3041 1903 3258 1958 Galaad
3287 1903 3443 1958 enim
3481 1901 3804 1974 signiﬁcat,

2142 1993 2550 2068 Migrationem
2601 1992 2948 2048 testimonii.
2988 1993 3068 2048 Ac
3128 1993 3198 2048 de
3267 1991 3497 2064 capillis
3556 1991 3794 2064 quidem

2142 2085 2450 2141 hactenus.
2501 2087 2702 2140 Dentes
2753 2083 2836 2136 lui
2873 2082 3012 2138 sicut
3065 2098 3250 2154 greges
3307 2090 3620 2151 tonsarum,
3679 2097 3798 2153 quae

2142 2173 2506 2230 ascenderunt
2527 2172 2592 2228 de
2641 2171 2884 2238 lavacro,
2926 2187 3118 2227 omnes
3155 2172 3408 2240 gemellis
3461 2170 3697 2242 fetibus,
3749 2177 3801 2226 et

2143 2264 2351 2320 sterilis
2379 2279 2494 2318 non
2521 2265 2598 2318 est
2625 2263 2776 2316 inter
2803 2277 2914 2316 eas.
2975 2261 3374 2333 Cogitationes
3430 2264 3544 2315 tuas
3577 2259 3798 2332 quibus

2145 2367 2482 2424 corpoream
2535 2350 2682 2423 legis
2741 2350 3199 2406 crassitudinem
3257 2349 3316 2404 in
3373 2366 3541 2405 veros
3590 2365 3804 2406 sensus

2145 2447 2446 2510 extenuas,
2471 2444 2527 2495 et
2559 2441 2625 2494 ad
2663 2439 3032 2511 spiritualem
3070 2441 3270 2495 cibum
3331 2438 3611 2494 idoneum
3645 2437 3802 2492 redi-

2147 2533 2260 2604 gis,
2315 2531 2504 2586 instar
2535 2545 2846 2600 caprarum
2907 2546 3034 2600 quae
3089 2533 3274 2583 tonsa
3334 2533 3497 2596 sunt,
3555 2527 3807 2582 veritate

2147 2623 2380 2676 tantum
2415 2623 2779 2684 conservata,
2813 2617 2992 2674 falsas
3024 2635 3230 2673 omnes
3265 2616 3539 2687 rejieiunt
3570 2617 3803 2689 opinio—

2149 2725 2254 2765 nes
2287 2727 2300 2763 :
2335 2715 2392 2764 et
2421 2713 2703 2779 tanquam
2757 2708 2816 2762 in
2851 2707 3080 2763 lavacro
3131 2724 3165 2762 a
3213 2707 3379 2762 falsis
3427 2705 3806 2778 opinionibus

2150 2797 2388 2868 ablutas,
2418 2797 2680 2868 geminos
2709 2795 2993 2851 virtutum
3029 2797 3272 2851 edentes
3303 2795 3554 2862 fructus,
3575 2811 3607 2850 a
3628 2795 3805 2850 rebus

2147 2887 2398 2944 terrenis
2437 2891 2614 2958 atque
2645 2885 2984 2941 carnalibus
3017 2885 3088 2940 ad
3123 2884 3418 2956 spiritales
3449 2889 3507 2940 et
3537 2883 3803 2940 caelestes

2150 2975 2658 3044 conscenderunt;
2697 2991 2886 3046 neque
2941 2973 3064 3030 ulla
3111 2975 3268 3029 inter
3315 2991 3416 3030 eas
3453 2973 3684 3028 inutilis
3715 2977 3806 3029 est

2149 3070 2251 3122 aut
2299 3066 2688 3120 infructuosa.
2741 3063 2892 3120 Sicut
2961 3065 3242 3133 funiculus
3311 3065 3592 3120 coccineus
3652 3064 3801 3118 labia

2151 3161 2272 3223 tua,
2304 3161 2358 3211 et
2383 3157 2661 3227 eloquium
2694 3163 2848 3210 tuum
2901 3157 3166 3210 decorum
3220 3155 3285 3210 ⁸³.
3347 3159 3422 3209 Ut
3471 3153 3803 3209 funiculum

2152 3248 2488 3302 dimensum
2541 3249 2714 3316 atque
2743 3245 3103 3312 coccineum,
3128 3260 3458 3300 sermonem
3499 3245 3810 3314 proferunt

381 3324 526 3396 καλὴ
585 3328 620 3396 ἡ
669 3325 868 3380 τούτου
924 3329 1196 3405 προφορά.
1228 3329 1318 3392 Ὦς
1375 3326 1611 3403 λέπυρον
1667 3327 1798 3402 ῥοᾶς
1858 3325 2036 3400 μῆλόν

2156 3353 2349 3392 verum
2381 3352 2394 3389 :
2421 3336 2578 3390 unde
2605 3333 2884 3408 praeclara
2915 3350 3147 3406 quoque
3179 3337 3268 3388 est
3298 3334 3427 3402 ejus
3456 3331 3806 3404 pronuntia-

383 3435 480 3470 σου
519 3413 674 3477 έκτὸς
729 3421 830 3484 τῆς
891 3417 1217 3487 σιωπήσεώς
1274 3435 1408 3470 σου·
1443 3413 1593 3486 ἤτοι,
1644 3417 1749 3473 Οἷα
1807 3414 2038 3492 λέπυρον

385 3503 515 3580 ῥοᾶς
547 3503 844 3581 στύφουσαι
875 3505 1005 3560 εἶσιν
1038 3506 1092 3560 αἱ
1123 3505 1344 3582 παρειαί
1402 3526 1519 3573 σου,
1553 3503 1642 3560 διὰ
1697 3503 1760 3560 τι)
1815 3505 2038 3580 στυγνόν

381 3613 441 3648 τε
493 3593 584 3648 καὶ
641 3591 962 3670 ἀδιάχυτον,
1022 3595 1109 3650 καὶ
1190 3593 1281 3650 ὅτε
1360 3596 1436 3668 μή
1494 3600 1725 3666 σιωπᾷς,
1779 3599 1860 3668 τῷ
1919 3615 2043 3649 συν-

387 3680 702 3756 εσταλμένῳ
784 3682 1130 3754 κολαζοῦσης
1189 3703 1286 3739 σου
1350 3685 1450 3754 τήν
1510 3681 1564 3738 ἐν
1619 3690 1742 3746 ταῖς
1794 3682 2044 3757 ὁμιλίαις

392 3768 662 3848 διάχυσιν.

1093 3877 1344 3938 Ψελλοῦ.

459 3992 638 4042 Ταῦτα
693 3987 786 4060 μὲν
821 3989 913 4042 οὖν
947 3985 1254 4060 λελάληκεν
1289 3992 1324 4060 ἡ
1365 3989 1552 4068 νύμφη
1600 3995 1718 4052 τοῖς
1766 3988 2042 4064 ἀγγέλοις.

391 4074 550 4134 Ἀλλ’
590 4076 618 4131 ὁ
649 4074 1174 4154 φιλανθρωπότατος
1203 4079 1480 4151 Δεσπότης
1505 4079 1596 4135 καὶ
1627 4077 1881 4158 νυμφίος,

391 4163 545 4224 Ἰδὼν
579 4163 880 4242 βαΰζουσαν
915 4165 1079 4236 αὐτὴν
1116 4169 1204 4222 καὶ
1235 4167 1758 4245 κατατρυχωμένην,

390 4255 490 4312 Καὶ
523 4259 875 4330 μεριμνῶσαν
905 4255 1196 4334 περιττῶς,
1228 4257 1317 4314 καὶ
1349 4257 1688 4336 ψηλαφῶσαν
1721 4263 1905 4328 τοῦτο,

391 4344 560 4401 Πάλιν
592 4343 851 4419 ἐπῄνεσεν
881 4344 1048 4416 αὐτὴν
1087 4349 1340 4425 φωνήσας
1372 4347 1615 4426 ἀοράτως
1643 4367 1656 4380 °

391 4432 545 4502 Καλὴ
581 4433 646 4504 εἶ,
680 4430 918 4505 πλησίον
953 4457 1080 4508 μου,
1113 4436 1187 4498 ὡς
1222 4433 1460 4507 εὐδοκία,
1495 4437 1668 4512 ὡραία
1699 4436 1772 4499 ὡς

392 4521 780 4599 Ἰερουσαλὴμ,
813 4519 1024 4598 θάμϐος
1059 4525 1134 4588 ὡς
1163 4525 1507 4602 τεταγμέναι.

393 4612 571 4686 Καλὴ,
606 4615 758 4694 φησὶ,
790 4614 1102 4691 γεγένησαι,
1132 4613 1222 4672 καὶ
1258 4621 1452 4690 μῶμον
1488 4615 1676 4672 οὔκουν
1711 4613 1876 4693 ἔχεις,

389 4705 472 4778 Τῇ
507 4701 730 4777 εὐδοκία
756 4705 826 4778 τῇ
858 4702 965 4780 ἐμῇ
995 4703 1180 4768 καλῶς
1211 4707 1566 4780 ὁμοιωθεῖσα.

394 4793 494 4848 Καὶ
529 4791 593 4848 σὺ
622 4793 724 4871 γάρ
756 4791 934 4856 θέλεις
963 4795 1200 4858 ἅπαντας
1248 4799 1488 4866 σωθῆναι
1537 4794 1666 4862 τοὺς
1710 4798 2050 4874 ἀνθρώπους.

391 4881 502 4939 Καὶ
534 4879 706 4938 πάλιν
732 4881 1100 4960 Ἰερουσαλὴμ
1125 4883 1308 4948 καλῶς
1350 4883 1729 4959 ἐξωμοιώθης,

391 4972 481 5030 Ἐν
512 4973 652 5048 ᾗπερ
685 4972 1067 5047 ἀναπέπαυμαι
1105 4975 1238 5048 μετὰ
1267 4975 1356 5030 καὶ
1386 4979 1484 5030 τοῦ
1515 4975 1730 5051 Πατρός
1764 4996 1888 5048 μου.

395 5061 554 5118 ’Ὁθεν
582 5061 672 5116 καὶ
707 5056 919 5138 θάμϐος
946 5061 1226 5135 κέκτησαι,
1252 5064 1341 5118 καὶ
1372 5059 1581 5142 φοϐερᾶ
1607 5066 1899 5140 τυγχάνεις

392 5152 598 5226 ’Ὠσπερ
629 5151 683 5206 αἱ
714 5153 1038 5228 τεταγμέναι
1074 5173 1180 5226 μου
1211 5150 1465 5226 δυνάμεις
1493 5158 1602 5209 τῶν
1631 5153 1894 5230 ἀγγέλων.

395 5239 582 5312 Ἐμοὶ,
617 5239 774 5317 φησὶ,
805 5239 1138 5312 λελάληκεν,
1173 5241 1296 5316 ἐμοὶ
1327 5243 1520 5306 σεπτὸς
1551 5243 1803 5322 νυμφίος.

397 5329 600 5385 Λοιπὸν
644 5325 700 5383 δὲ
757 5329 1007 5406 Πρόσχες
1061 5329 1144 5386 ἐπ’
1197 5331 1322 5404 έμοὶ
1379 5331 1506 5397 τοὺς
1565 5331 1884 5411 ὀφθαλμούς
1938 5355 2055 5402 σου,

1783 5422 1980 5490 [λέγει.

395 5507 475 5566 Τὸ
508 5503 624 5584 φῶς
654 5505 756 5583 γάρ
789 5507 1152 5584 ἀνεπτέρωσεν
1186 5509 1282 5584 έμὲ
1317 5515 1426 5566 τῶν
1461 5509 1759 5590 ὀφθαλμῶν
1783 5447 1920 5580 res:

395 5596 504 5656 Καὶ
535 5598 751 5652 πάντων
803 5598 1180 5678 κατεφρόνησα
1217 5602 1325 5655 τῶν
1371 5606 1655 5675 κοσμικῶν
1699 5603 2056 5678 πραγμάτων.

2151 3427 2254 3481 tio.
2313 3425 2463 3480 Sicut
2517 3433 2705 3480 cortem
2759 3424 2900 3479 mali
2953 3425 3148 3494 punici
3193 3438 3353 3492 genae
3409 3426 3536 3484 tuae.
3594 3425 3806 3491 praeter

2149 3516 2438 3570 silentium
2480 3522 2655 3568 tuum.
2717 3513 2958 3580 Propter
3009 3513 3388 3568 constrictam
3451 3527 3516 3566 ac
3563 3509 3809 3565 minime

2151 3607 2342 3660 fusam
2369 3603 2655 3658 orationis
2685 3601 2996 3673 vim,genae
3029 3607 3142 3658 tuze
3174 3607 3314 3657 sunt
3347 3601 3571 3657 similes
3603 3599 3808 3655 cortici

2151 3693 2294 3750 mali
2317 3693 2538 3765 punici.
2572 3693 2642 3746 Et
2673 3693 2910 3763 quando
2945 3709 3060 3748 non
3105 3696 3286 3758 taces,
3323 3691 3604 3746 brevitate
3623 3689 3807 3745 corri-

2151 3783 2240 3854 gis
2267 3783 2328 3837 in
2347 3781 2729 3838 concionibus
2761 3780 3234 3837 dissolutionem.

2882 3887 3072 3942 Pselli.

2228 3995 2355 4051 Haec
2378 4011 2510 4050 cum
2544 3994 2770 4067 angelis
2800 4011 3014 4068 sponsa
3041 3994 3416 4066 loquebatur,
3438 4008 3572 4050 cum
3595 3991 3808 4048 huma-

2155 4085 2444 4142 nissimus
2473 4085 2760 4140 Dominus
2789 4089 2846 4140 et
2879 4101 3138 4157 Sponsus
3185 4101 3312 4142 eam
3362 4083 3716 4139 clamantem
3751 4085 3809 4136 et

2156 4174 2390 4232 anxiam
2423 4190 2489 4229 ac
2505 4173 2910 4230 vehementius
2945 4173 3358 4246 sollicitam,iu
3391 4190 3452 4230 se
3471 4173 3808 4244 indagando

2157 4263 2549 4336 conspicatus,
2586 4280 2820 4318 rursum
2857 4263 2928 4318 ad
2960 4262 3166 4320 laudes
3208 4263 3337 4334 ejus
3369 4279 3498 4318 sese
3527 4261 3814 4318 convertit

2157 4351 2531 4410 invisibiliter
2564 4368 2576 4406 :
2611 4351 2858 4408 Pulchra
2888 4369 2965 4424 es,
2993 4351 3290 4424 inquiens,
3321 4354 3638 4424 propinqua
3665 4367 3809 4420 mea,

2155 4443 2298 4499 sicut
2344 4442 2483 4498 bona
2538 4441 2812 4508 uoluntas,
2847 4441 3043 4497 decora
3098 4444 3245 4497 sicut
3303 4442 3642 4512 Jerusalem,
3699 4444 3810 4498 ter-

2157 4549 2272 4590 νον.
2295 4533 2440 4587 sicut
2484 4531 2631 4586 acies
2691 4531 2990 4589 ordinatae.
3048 4531 3320 4598 Pulchra,
3379 4530 3593 4602 inquit,
3657 4531 3813 4588 facta

2159 4639 2242 4690 es,
2303 4625 2362 4676 et
2419 4619 2653 4676 macula
2681 4637 2796 4676 non
2839 4625 2929 4678 est
2963 4619 3022 4676 in
3055 4625 3130 4688 te,
3167 4620 3373 4677 merito
3405 4621 3570 4676 bona)
3601 4619 3812 4676 volun-

2079 4696 2125 4761 D
2160 4711 2268 4768 tati
2297 4727 2434 4766 mea:
2467 4713 2826 4782 comparata.
2860 4709 3006 4765 Nam
3065 4713 3131 4765 tu
3181 4725 3415 4782 quoque
3461 4709 3548 4764 vis
3605 4725 3812 4764 omnes

2161 4799 2433 4858 homines
2465 4799 2660 4856 salvos
2716 4799 2865 4855 ﬁeri.
2915 4799 3194 4856 Praeclare
3250 4800 3424 4856 etiam
3484 4797 3815 4855 assimilata

2162 4907 2224 4948 es
2271 4889 2382 4962 ipsi
2439 4889 2766 4944 Jerusalem
2826 4889 2882 4943 in
2943 4905 3060 4960 qua
3117 4905 3252 4944 cum
3311 4889 3478 4944 Patre
3525 4904 3656 4944 meo
3717 4905 3814 4944 re-

2163 4979 2354 5051 quievi
2386 4979 2448 5032 “.
2484 4979 2873 5041 Quamobrem
2907 4981 2960 5032 et
2991 4981 3272 5034 terrorem
3307 4977 3558 5048 obtines,
3589 4981 3646 5032 et
3695 4978 3812 5033 for-

2164 5067 2466 5124 midabilis
2498 5071 2652 5134 es,ut
2675 5066 3014 5140 angelorum
3041 5083 3303 5122 meorum
3332 5068 3484 5124 acies
3514 5066 3813 5124 ordinatae.

2164 5156 2800 5230 Mihi,inquit,locutus
2832 5161 2921 5212 est
2947 5156 3320 5212 venerandus
3351 5173 3606 5228 sponsus
3625 5173 3814 5214 meus.

2165 5249 2368 5304 Averte
2397 5245 2589 5302 oculos
2615 5251 2737 5302 tuos
2766 5265 2798 5302 a
2829 5263 2934 5302 me.
2959 5245 3088 5302 Jam
3114 5245 3334 5317 conjice
3363 5246 3422 5301 in
3475 5263 3570 5302 me
3617 5247 3819 5304 oculos

2165 5342 2322 5394 tuos.
2357 5339 2470 5392 Lua:
2500 5337 2656 5392 enim
2689 5337 2976 5392 oculorum
3009 5345 3230 5392 tuorum
3259 5337 3481 5392 avolare
3533 5353 3621 5392 me
3665 5340 3818 5410 fecit,

2165 5433 2223 5484 et
2253 5427 2448 5483 omnia
2472 5427 2675 5482 mundi
2711 5426 2943 5500 negotia
2972 5427 3228 5500 despexi.
3263 5428 3372 5483 Sed
3408 5428 3509 5500 qui
3563 5429 3818 5485 volunta-

2168 5525 2274 5572 tem
2306 5515 2658 5588 diligenlium
2689 5533 2746 5570 se
2773 5518 2908 5586 facit
2934 5517 3000 5584 ⁵⁷,
3033 5517 3343 5574 confestim
3395 5517 3625 5578 divinos
3677 5535 3816 5574 ocu-

2167 5605 2258 5664 los
2291 5621 2430 5663 suos
2453 5605 2512 5662 in
2545 5623 2824 5679 sponsam
2857 5607 3140 5681 conjeeit;
3179 5607 3504 5682 vidensque
3535 5625 3662 5665 eam
3703 5611 3818 5664 viro

466 5777 514 5814 ⁵³
541 5778 704 5836 Cant.
737 5795 815 5854 ιν,
848 5779 902 5836 3.
977 5781 1024 5817 ⁸⁸
1051 5779 1226 5840 Eeoll.
1259 5797 1414 5852 xxxv,
1450 5781 1536 5840 15.
1613 5783 1657 5819 ⁸⁸⁸
1689 5783 1840 5841 Pal.
1871 5799 2056 5857 σχειν,
2091 5785 2183 5845 19.
