4110 6392
306 376 422 438 661

307 501 386 558 Σὺ
419 499 476 558 δὲ
505 520 606 578 μοι
632 502 730 567 τὰς
759 503 1023 578 ἐξήκοντα
1057 503 1374 582 βασιλίσσας
1405 505 1643 580 ἀκούων,

306 591 579 655 Ἐκείνους
610 593 742 648 εἶναι
774 593 1026 670 γίνωσκε,
1061 591 1295 656 δέσποτα
1326 595 1654 672 στεφηφόρε,

305 681 448 746 Τοὺς
482 679 1016 747 δεκαπλασιάσαντας
1049 682 1101 740 ἐν
1129 683 1509 760 ἀγαθοεργίαις

305 773 414 842 Τὴν
443 769 744 847 δεδομένην
775 773 913 849 πρὸς
943 771 1138 836 αὐτοὺς
1170 770 1329 847 ἐξάδα
1357 778 1462 828 τῶν
1495 773 1802 845 ταλάντων,

308 861 406 918 Καὶ
438 860 604 917 τόπον
638 862 941 941 φθάσαντας
973 863 1105 918 υἱῶν
1127 868 1196 938 τῇ
1221 861 1412 940 χάριτι
1439 868 1508 938 τῇ
1543 863 1678 937 θείᾳ.

306 951 414 1008 Καὶ
445 949 736 1014 παλλακὰς
770 951 842 1014 ὡς
873 950 1094 1024 ἀληθῶς
1122 951 1360 1016 ἐκείνους
1391 954 1520 1008 εἶναι
1553 955 1688 1026 νόει,

305 1038 441 1106 Τοὺς
471 1039 1006 1105 ὀκτοπλασιάσαντας
1037 1041 1088 1097 ἐν
1121 1043 1315 1104 κόποις
1345 1041 1619 1118 σωτηρίας

307 1131 388 1190 Τὸ
421 1127 711 1205 δεδομένον
735 1129 998 1186 τάλαντον
1026 1131 1210 1194 αὐτοῖς
1240 1131 1300 1187 ἐκ
1326 1130 1424 1187 τοῦ
1455 1131 1754 1205 Δεσπότου,

309 1219 417 1278 Καὶ
445 1218 736 1295 γεγονότας
773 1219 1080 1293 μισθωτοὺς
1111 1225 1208 1275 τοῦ
1241 1221 1421 1296 Λόγου
1451 1221 1540 1276 καὶ
1561 1221 1820 1300 νυμφίου.

304 1309 554 1368 Ἀκούων
581 1306 638 1365 δὲ
659 1307 905 1374 νεάνιδας
935 1308 1152 1375 πολλὰς
1181 1310 1611 1386 ἀναριθμήτους,

308 1399 547 1456 Γίνωσκε
574 1397 774 1462 ταύτας
805 1397 1032 1470 ἀληθῶς
1066 1399 1321 1476 ἁμαρτω)
1337 1399 1431 1464 οὺς
1463 1401 1802 1477 ἀνθρώπους,

309 1489 524 1552 Οἳτινες
553 1489 615 1544 τὸ
650 1488 744 1563 μὲν
775 1487 1042 1545 τάλαντον
1076 1484 1338 1554 λαϐόντες
1363 1494 1460 1545 τοῦ
1493 1490 1786 1565 Δεσπότου,

308 1578 405 1646 Εἲς
432 1585 536 1655 γῆν
567 1577 700 1635 αὐτὸ
730 1577 1048 1656 κατέχωσαν
1082 1578 1133 1653 ἐξ
1167 1577 1331 1656 ἄκρας
1355 1579 1640 1657 ῥᾳθυμίας·

309 1668 416 1727 Καὶ
449 1665 640 1724 δοῦλοι
676 1668 771 1743 μὶν
803 1667 1109 1746 γεγόνασιν,
1140 1667 1269 1726 ἀλλ’
1299 1667 1455 1744 ὅμως
1485 1669 1840 1746 σεσωσμένοι.

309 1761 433 1818 Τῶν
461 1759 817 1834 σεσωσμένων
852 1756 943 1813 οῦν
971 1757 1248 1815 τοσούτων
1279 1759 1623 1838 πεφηνότων,

312 1846 595 1907 Ἀπάντων
629 1847 971 1924 ὑπερέχουσα
1000 1852 1108 1905 τῶν
1141 1847 1230 1904 ἐπὶ
1257 1856 1362 1926 γῆς
1386 1849 1714 1927 ἀνθρώπων,

311 1937 402 2002 Ὠς
435 1937 666 2008 ἱκλεκτὴ
699 1939 988 2016 περιστερᾶ
1015 1937 1273 2017 τυγχάνει
1311 1937 1406 2014 μία
1438 1940 1602 2013 μόνη,

309 2028 376 2088 Ἦ
405 2029 498 2086 τὸν
528 2027 758 2104 Χριστὸν
791 2030 1098 2104 γεννήσασα
1128 2030 1596 2106 Παρθενομήτωρ,

309 2118 378 2181 Ἠ
405 2114 693 2196 Χερουϐὶμ
721 2120 808 2176 καὶ
844 2118 1097 2198 Σεραφὶμ
1126 2115 1296 2182 ὅντως
1323 2120 1696 2197 καθαρωτέρα.

979 2280 1298 2358 Ἐπίλογος.

383 2409 572 2485 Ἔχεις
599 2409 660 2464 τὸ
685 2407 774 2464 σὸν
810 2405 1081 2484 ἐπίταγμα
1115 2403 1580 2483 πεπληρωμένον,
1613 2403 1760 2478 ἅναξ.

311 2495 450 2556 Ἰδοὺ
482 2497 584 2573 γὰρ
612 2496 772 2562 τέλος
801 2495 995 2572 ε’ίληφε
1025 2497 1088 2551 τὸ
1119 2501 1226 2552 τῶν
1258 2496 1512 2570 ᾀσμάτων
1535 2499 1743 2570 ’ᾼσμα,

309 2584 464 2645 Ἀλλ’
495 2585 720 2664 ἐρωτᾷς,
756 2585 800 2641 ὦ
833 2584 1106 2664 κράτιστε,
1141 2585 1230 2641 καὶ
1282 2584 1452 2660 πλέον
1486 2583 1778 2664 φιλολόγε,

309 2679 411 2735 Καὶ
441 2677 494 2732 τί
525 2677 589 2732 τὸ
621 2675 987 2752 συναγόμενον
1016 2676 1067 2731 ἐν
1099 2678 1309 2752 καθαρᾷ
1336 2676 1616 2752 τυγχάνει,

313 2767 407 2824 Ἐκ
450 2766 654 2837 ταύτης
683 2772 785 2836 τῆς
815 2772 1167 2845 προφητικῆς
1195 2763 1618 2844 ᾀσματογραφου
1653 2760 1875 2842 βίϐλου.

306 2858 484 2913 ’Δπαν
514 2856 578 2912 τὸ
608 2855 971 2933 συναγόμενον
999 2861 1164 2912 τοῦτο
1185 2855 1444 2934 τυγχάνει
1482 2856 1666 2929 μόνον,

308 2947 431 3005 ⁶Οτι
461 2946 562 3016 τήν
592 2945 750 3025 φύσιν
779 2950 888 3002 τῶν
921 2947 1130 3023 βροτῶν
1161 2947 1262 3015 τὴν
1296 2945 1623 3002 ἐκπεσοῦσαν
1655 2944 1829 3002 πάλαι

309 3037 370 3094 Ὁ
402 3036 578 3113 Λόγος
609 3035 936 3108 ἀνεζήτησεν
971 3037 998 3092 ὁ
1027 3035 1229 3108 ταύτην
1261 3035 1740 3113 πλαστουργήσας.

310 3125 501 3201 Εὑρὼν
536 3122 595 3181 δὲ
621 3124 844 3197 ταύτην,
875 3127 964 3182 καὶ
999 3121 1183 3181 Λαϐὼν
1219 3124 1303 3183 ἐπ’
1334 3124 1504 3198 ὤμων
1536 3127 1564 3180 ὁ
1595 3124 1896 3196 Δεσπότης,

311 3215 405 3278 Εἷς
437 3214 703 3292 οὐρανοὺς
726 3215 979 3293 ἀνήγαγε,
1010 3215 1101 3272 καὶ
1131 3220 1210 3288 τῷ
1239 3215 1411 3291 Πατρὶ
1451 3217 1718 3292 παρέσχε,

311 3304 408 3361 Καὶ
439 3307 548 3359 τῶν
581 3303 830 3380 ἀγγέλων
860 3299 1027 3375 ἔδειξε
1055 3303 1256 3375 ταύτην
1288 3300 1654 3380 ὑψηλοτέραν.

309 3396 481 3470 ’Όπερ
512 3394 783 3471 προγνοὺς
809 3391 1082 3466 Σολομὼν
1115 3393 1380 3468 πνεύματι
1413 3392 1773 3472 προφητείας,

315 3479 592 3545 Ποικίλως
625 3482 991 3560 συνεγράψατο
1022 3483 1111 3538 καὶ
1140 3481 1512 3546 πολυπλόκως
1542 3481 1687 3539 τάδε.

327 3574 499 3646 Ημεῖς
533 3570 591 3627 δε
617 3573 681 3628 τὸ
712 3570 986 3648 ἐπίταγμα
1014 3573 1078 3628 τὸ
1110 3574 1223 3646 σὸν,
1258 3574 1302 3627 ὧ
1335 3573 1643 3652 στεφηφόρε

323 3658 754 3737 Ἀποπληρῶσαι
785 3659 1057 3731 θέλοντες,
1091 3662 1166 3724 ὡς
1200 3659 1392 3716 δοῦλοι
1424 3663 1520 3716 τοῦ
1552 3666 1648 3717 σοῦ
1677 3663 1932 3736 κράτους,

332 3747 644 3813 Πολιτικοῖς
681 3749 988 3829 ἐφράσαμεν
1020 3751 1094 3813 ὡς
1129 3748 1349 3806 δυνατὸν
1385 3749 1436 3806 ἐν
1470 3751 1683 3827 στίχοις

327 3839 440 3910 Τήν
473 3844 579 3896 τῶν
608 3841 899 3914 ²ᾼσμάτων
935 3837 1184 3914 δύναμιν,
1219 3839 1470 3917 ἐξήγησιν
1505 3841 1594 3895 καὶ
1626 3845 1850 3917 γνῶσιν.

323 3929 393 3985 Εἴ
424 3927 471 3984 δ’
494 3927 632 3993 Ἱσως
666 3929 1096 4006 παρεσφάλημεν
1127 3930 1218 3985 καί
1244 3952 1297 3986 τι
1331 3933 1428 3999 τῆς
1461 3930 1741 4002 ἀληθείας,

324 4017 400 4072 Οὔ
433 4017 599 4091 ξένον,
631 4017 754 4076 οὔτε
785 4020 1116 4094 θαυμαστὸν,
1149 4018 1277 4076 οὐδὲ
1306 4021 1488 4076 καινὸν
1520 4023 1799 4098 τυγχάνει.

322 4109 534 4186 Ἐχρῆν
570 4111 665 4184 μὶν
697 4110 795 4186 γὰρ
833 4108 964 4185 μηδ’
994 4113 1242 4167 ὁπωσοῦν
1275 4111 1624 4189 ἐπιχειρῆσαι
1656 4112 1874 4186 τούνου,

323 4199 439 4268 Τὴν
477 4193 672 4275 βίϐλον
699 4201 800 4270 τὴν
833 4202 1206 4276 πνευματικὴν
1242 4200 1388 4266 ὅλως
1419 4201 1837 4280 ἐφερμηνεῦσαν

319 4291 492 4343 Τοῦτο
517 4288 618 4367 γὰρ
650 4293 770 4352 τοῖς
804 4295 1195 4364 πνευματικοῖς
1230 4290 1374 4355 εἰκός
1406 4292 1516 4347 ἐστι
1547 4292 1635 4347 καὶ
1664 4293 1874 4366 μόνοις,

318 4377 393 4434 Τὸ
421 4378 489 4434 τὰ
529 4380 626 4436 τοῦ
676 4379 999 4455 Ηνεόματος
1051 4379 1241 4437 λαλεῖν
1291 4383 1380 4438 καὶ
1415 4383 1632 4461 φράζειν
1685 4381 1774 4438 καὶ
1834 4379 1984 4437 ὃιὸάι-

1793 4473 1984 4547 [σκειν.

335 4558 469 4616 Επεὶ
501 4555 559 4614 δὲ
587 4561 752 4616 τοῦτο
783 4560 979 4638 γέγονε
1007 4559 1097 4616 καὶ
1127 4560 1257 4636 παρ’
1285 4559 1448 4634 ἡμῶν
1478 4559 1537 4616 ἐκ
1563 4559 1805 4636 τόλμης,

332 4651 376 4702 0
406 4647 800 4727 παντοκράτωρ
835 4670 940 4725 μου
967 4649 1196 4725 Χριστὸς
1220 4649 1391 4729 ἰχεως
1423 4646 1638 4726 γένοιτὸ
1671 4673 1792 4726 μοι.

898 4815 1016 4866 Τῶν
1052 4812 1100 4888 γ’
1137 4812 1414 4887 Πατέρων.

398 4933 698 5006 Ἑξήκοντά
811 4934 915 4992 εἷ’σι
1034 4935 1348 5013 βασίλισσαι
1458 4937 1549 4993 καὶ
1644 4934 1988 5013 ὀγδοήκοντα

324 5019 610 5080 παλλακαὶ
687 5025 779 5080 καὶ
857 5023 1093 5090 νεάνιδες
1172 5028 1244 5082 ὧν
1328 5026 1426 5083 οὐκ
1509 5022 1650 5082 ἔστιν
1733 5027 1984 5102 ἀριθμός·

322 5109 521 5188 ἤγουν,
580 5111 642 5168 αἶ’
695 5135 755 5170 τε
815 5116 891 5189 μὴ
925 5110 1083 5192 φόϐῳ
1111 5120 1220 5172 τῶν
1253 5114 1648 5190 ἠπειλημένων
1687 5115 1987 5190 κολάσεων,

327 5197 479 5256 ἀλλᾶ
507 5200 665 5275 πόθῳ
692 5207 791 5260 τοῦ
818 5203 1239 5281 κληρονομῆσαι
1297 5206 1397 5276 τήν
1447 5203 1862 5282 ἐπηγγελμένην
1894 5210 1992 5262 τοῦ

327 5293 466 5347 Θεοῦ
547 5291 824 5367 βασιλείαν
904 5293 1384 5366 ἐξαπλασιάζουσαι
1457 5297 1627 5372 ψυχαὶ
1699 5298 1795 5360 τὰς
1866 5293 1992 5351 δέκα

328 5379 575 5454 ἐντολὰς,
609 5382 747 5438 κατά
775 5380 937 5462 λόγον
972 5383 1362 5440 ἐπιστατοῦντα
1420 5391 1537 5449 ταῖς
1600 5388 1757 5442 πέντε
1803 5386 1991 5458 αἰσθή-

333 5489 497 5543 σεσιν,
563 5471 655 5526 καὶ
714 5472 829 5547 ἅμα
887 5473 1110 5538 ταύταις
1155 5471 1475 5551 πληροῦντα
1529 5476 1621 5531 τὸν
1654 5473 1705 5550 ἓξ
1738 5476 1991 5552 ἀριθμόν

333 5557 426 5616 καὶ
453 5560 508 5614 αἱ
535 5561 654 5615 κατ’
706 5560 997 5638 ἐπιθυμίαν
1036 5563 1129 5638 μὶν
1185 5567 1264 5637 τῷ
1318 5570 1544 5642 πονηρῷ
1601 5566 1994 5640 συμπλεκόμε-

332 5668 444 5719 ναι,
500 5650 641 5706 κατὰ
700 5645 868 5731 φόϐον
899 5651 956 5708 δὲ
984 5660 1092 5710 των
1125 5652 1515 5728 ἠπειλημένων
1544 5653 1847 5731 κολάσεων,
1875 5656 1992 5712 ἀκί-

337 5760 496 5812 νητοι
543 5742 662 5798 κατ’
710 5739 981 5820 ἐνέργειαν
1026 5745 1162 5820 πρὸς
1190 5743 1258 5801 τὰ
1285 5743 1430 5815 πάθη
1467 5745 1744 5818 μένουσαι.
1804 5749 1865 5807 Ὁ
1893 5748 1993 5825 γὰρ

1353 379 1765 442 COMMENT.
1813 380 1892 441 IN
1939 381 2342 444 CANTICUM
2387 383 2693 444 CANTIC.

2015 4649 2063 4713 D

3619 385 3743 446 662

1995 515 2052 581 Α
2082 525 2214 565 rum
2247 509 2444 566 locum
2478 515 2619 567 sunt
2649 512 2926 569 assecuti.
2989 513 3358 570 Concubinas
3407 518 3606 570 autem
3638 530 3739 572 eos

2079 616 2208 656 esse
2239 600 2452 673 cogita,
2471 601 2572 673 qui
2602 601 2888 659 talentum
2911 603 3025 659 sibi
3048 603 3340 660 aDomino
3362 604 3736 677 assignatum

2077 687 2381 746 laboribus
2410 689 2734 747 salutiferis
2762 691 3018 765 octogies
3052 693 3528 766 multiplicantes,
3562 694 3738 749 Verbi

2079 783 2139 834 et
2186 779 2386 851 sponsi
2437 781 2574 836 facti
2627 785 2770 837 sunt
2828 783 3196 839 mercenarii.
3269 783 3738 840 Innumerabiles

2078 885 2212 925 vero
2270 869 2738 928 adolescentulos
2797 887 3049 944 agnosce
3093 877 3428 946 peccatores
3470 873 3604 929 illos
3635 873 3737 947 qui

2079 975 2195 1032 pra
2228 958 2412 1016 nimia
2440 961 2655 1018 inertia
2687 961 2969 1019 talentum
3002 963 3297 1019 aDomino
3329 967 3635 1036 acceptum
3675 963 3736 1019 in

2076 1053 2233 1106 terra
2261 1050 2612 1107 defoderunt
2640 1051 2726 1107 illi
2777 1053 3039 1125 quidem,
3099 1055 3200 1109 sed
3247 1057 3446 1109 tamen
3481 1051 3734 1109 salutem

2079 1139 2648 1198 obtinuerunt.lnter
2663 1147 2750 1198 tot
2769 1143 3001 1200 animas
3019 1143 3282 1200 omnium
3307 1143 3619 1199 hominum
3634 1143 3730 1214 qui

2080 1229 2404 1302 salvantur,
2437 1236 2502 1288 ut
2532 1232 2714 1289 electa
2742 1232 3016 1290 columba
3044 1239 3130 1291 est
3159 1251 3277 1290 una
3306 1232 3407 1289 illa
3431 1232 3578 1304 sola,
3605 1249 3733 1305 quae

2085 1317 2382 1376 Christum
2411 1323 2616 1394 genuit
2636 1323 2814 1396 Virgo
2864 1326 3050 1380 Mater
3106 1322 3302 1396 puella
3355 1322 3558 1392 Maria,
3605 1338 3732 1394 quae

2079 1408 2336 1551 puritate
2365 1412 2624 1483 profecto
2681 1413 3000 1470 Cherubim
3033 1419 3091 1470 et
3133 1412 3443 1486 Serapbim
3474 1411 3734 1469 antecel-

2104 1498 2168 1551 it.

2104 1498 2168 1552 it.

2754 2280 3058 2336 Peroratio.

2147 2411 2423 2467 Mandata
2453 2411 2582 2471 tua,
2617 2421 2736 2476 rex,
2767 2403 3365 2477 explicavimus.Ecce
3403 2403 3559 2459 enim
3593 2421 3732 2461 can-

2077 2502 2331 2560 ticorum
2358 2498 2670 2554 Canticum
2695 2495 2766 2550 ad
2799 2494 3150 2550 umbilicum
3178 2493 3642 2565 pervenit.0uod
3664 2494 3735 2565 si,

2079 2593 2360 2665 princeps
2406 2587 2627 2660 optime
2679 2586 2949 2656 idemque
3009 2582 3472 2656 sapientissime,
3505 2599 3734 2653 quaeras

2079 2681 2369 2755 quidnam
2398 2679 2456 2732 in
2481 2692 2718 2732 summa
2750 2690 2820 2730 ex
2841 2674 3022 2744 hujus
3053 2671 3384 2745 prophetici
3412 2671 3736 2728 voluminis

2080 2770 2336 2844 puritate
2365 2766 2679 2838 colligatur
2709 2782 2726 2823 ς
2759 2763 3098 2820 Mortalium
3129 2765 3401 2818 naturam
3432 2761 3574 2818 olim
3596 2778 3737 2834 pro-

2078 2860 2310 2932 lapsam
2365 2861 2424 2912 et
2472 2853 2889 2920 errabundam,
2948 2851 3202 2909 Verbum
3255 2869 3290 2906 a
3372 2867 3490 2923 quo
3545 2851 3739 2907 fuerat

2081 2949 2343 3015 condita,
2383 2944 2755 3018 perquisivit,
2793 2943 3214 3013 inventamque
3265 2945 3440 3012 atque
3470 2941 3738 2996 humeris

2081 3038 2207 3096 suis
2238 3036 2576 3109 impositam
2615 3033 2894 3089 Dominus
2923 3031 2984 3087 in
3043 3031 3256 3087 coelum
3305 3029 3570 3101 sustulit,
3627 3030 3736 3086 Pa-

2080 3128 2276 3200 trique
2304 3124 2538 3194 obtulit,
2581 3128 2757 3194 atque
2816 3121 3041 3193 angelis
3070 3120 3481 3178 sublimiorem
3539 3119 3738 3176 decla-

2082 3218 2250 3274 ravit.
2275 3216 2437 3281 Quod
2453 3213 2670 3286 spiritu
2699 3211 3041 3286 prophetico
3055 3209 3424 3283 prospiciens
3440 3209 3739 3277 Salomon,

2087 3324 2210 3364 rem
2240 3306 2401 3362 vario
2461 3310 2518 3360 et
2567 3301 2883 3375 multiplici
2942 3300 3203 3358 carmine
3250 3305 3339 3356 est
3369 3304 3738 3372 persecutus.

2083 3402 2201 3455 Nos
2243 3412 2377 3452 vero
2431 3395 2601 3466 jussa
2643 3397 2768 3462 tua,
2809 3389 3220 3464 stephephore,
3278 3405 3584 3461 capessere
3639 3405 3737 3444 cu-

2085 3488 2406 3560 pientes,ut
2434 3482 2680 3556 imperio
2711 3480 2963 3552 subjecti
2981 3484 3106 3548 tuo,
3131 3479 3288 3535 idem
3321 3482 3740 3551 argumentum

2087 3593 2191 3649 pro
2220 3574 2374 3642 virili
2427 3578 2627 3630 nostra
2687 3571 2959 3627 civilibus
3007 3569 3278 3626 versibus
3333 3567 3738 3640 exposuimus.

2088 3667 2252 3731 Quod
2285 3665 2335 3720 si
2370 3665 2516 3720 forte
2546 3681 2579 3718 a
2610 3661 2873 3718 veritatis
2902 3661 3140 3716 tramite
3188 3658 3404 3714 alicubi
3434 3657 3742 3714 deﬂexeri-

2091 3772 2248 3823 mus,
2284 3755 2341 3809 id
2373 3754 2589 3809 mirum
2623 3757 2722 3807 aut
2755 3767 2970 3806 novum
3003 3748 3248 3805 memini
3307 3747 3489 3804 videri
3547 3747 3742 3803 debet.

2088 3845 2367 3901 Nostrum
2393 3845 2549 3901 enim
2583 3847 2705 3899 erat
2734 3843 3092 3914 provinciam
3114 3841 3265 3895 hanc
3287 3856 3402 3894 non
3435 3837 3741 3910 attingere.

2091 3939 2234 3992 Cum
2280 3935 2436 3991 enim
2496 3936 2592 3989 hic
2649 3934 2800 3989 liber
2857 3932 3068 4004 spiritu
3120 3935 3279 3986 totus
3338 3929 3585 3986 refertus
3645 3926 3742 3997 sit,

2091 4043 2206 4082 non
2267 4027 2441 4081 debet
2488 4024 2601 4079 nisi
2671 4025 2744 4079 ab
2797 4023 2868 4078 iis
2936 4021 3036 4093 qui
3110 4020 3313 4075 eodem
3370 4016 3526 4090 pleni
3605 4019 3746 4072 sunt

2094 4114 2328 4189 spiritu,
2411 4113 2674 4184 tractari,
2760 4111 3000 4177 Verum,
3110 4108 3348 4181 quando
3459 4106 3518 4162 id
3616 4105 3746 4162 ausi

2094 4222 2326 4271 sumus,
2357 4205 2514 4262 Deus
2551 4203 2925 4276 omnipotens
2966 4199 3238 4256 Christus
3294 4197 3441 4254 mihi
3499 4197 3597 4254 det
3650 4209 3746 4251 ve-

2094 4312 2274 4353 mam.

2666 4805 2854 4860 Trium
2881 4805 3140 4859 Patrum.

2169 4933 2480 5005 Sexaginta
2519 4939 2650 4989 sunt
2699 4931 2930 5001 reginae,
2988 4931 3042 4985 et
3097 4926 3376 4996 octoginta
3431 4923 3754 4981 concubinae

2098 5030 2147 5084 et
2177 5022 2600 5083 adolescentula’
2633 5037 2874 5094 quarum
2911 5034 3023 5074 non
3080 5024 3159 5072 est
3214 5030 3497 5071 numerus.
3529 5013 3753 5069 Animae

2100 5115 2346 5185 scilicet,
2380 5130 2510 5184 quae
2545 5127 2660 5166 non
2693 5107 3120 5181 suppliciorum
3149 5109 3330 5172 metu,
3363 5104 3464 5160 sed
3498 5100 3753 5176 promis-

2102 5222 2236 5263 sum
2262 5203 2364 5260 Dei
2396 5217 2645 5275 regnum
2678 5195 3033 5270 assequendi
3074 5193 3386 5261 desiderio,
3448 5210 3550 5267 per
3579 5191 3758 5249 ratio-

2104 5311 2238 5351 nem
2282 5295 2548 5366 quinque
2606 5287 2882 5345 sensibus
2941 5286 3356 5358 imperantem,
3418 5287 3594 5354 atque
3644 5296 3763 5337 una

2106 5401 2238 5442 cum
2272 5382 2390 5438 illis
2423 5380 2722 5437 senarium
2758 5393 3070 5433 numerum
3103 5374 3535 5440 conficientem,
3571 5369 3762 5429 sexies

2107 5473 2415 5546 duplicant
2443 5471 2647 5526 decem
2680 5469 2988 5540 praecepta.
3031 5464 3256 5520 Animae
3287 5463 3426 5519 item
3468 5461 3604 5530 illae,
3638 5477 3762 5532 quae

2108 5562 2428 5637 cupiditate
2459 5560 2697 5633 quidem
2729 5558 2798 5612 ad
2829 5556 3049 5612 malum
3082 5551 3394 5622 inclinant,
3427 5551 3530 5608 sed
3563 5567 3763 5624 paena-

2110 5671 2240 5711 rum
2273 5647 2838 5710 comminationibus
2895 5645 3116 5702 territae
3155 5645 3227 5700 ad
3287 5643 3427 5699 vitia
3484 5640 3762 5715 operibus

2109 5743 2409 5818 implenda
2485 5742 2740 5798 immota:
2803 5739 3064 5796 manent.
3134 5739 3282 5794 Nam
3351 5729 3760 5806 octogenariae
