4110 6402
235 387 354 446 663

1582 383 2009 447 MICIIAELIS
2059 387 2330 446 PSELLI

3536 382 3659 444 664

238 533 523 576 numerus
555 515 1111 583 immobilitatem,si
1143 533 1247 589 per
1267 516 1538 589 seipsum
1570 519 1885 588 spectetur,

2008 514 2343 592 ὀγδοήκοντα
2400 515 2634 592 ἀριθμὸς
2690 514 2970 588 ἀκινησίαν
3024 517 3142 580 καθ’
3185 515 3371 570 ἑαυτὸν
3421 513 3660 588 θεωρού-

239 608 536 678 ostendit;
568 607 1007 680 septuagenarii
1039 611 1236 662 autem
1279 608 1511 662 numeri
1569 607 1667 676 qni
1700 606 1893 678 impar

237 703 352 768 est,
390 702 616 754 motum
652 695 1028 767 amplectitur
1052 715 1068 768 ;
1089 701 1149 752 et
1177 697 1388 752 anima;
1420 701 1740 768 postremo,
1763 713 1890 768 qua:

239 788 438 846 adhuc
466 787 526 842 in
553 787 666 842 fide
699 791 840 843 sunt
870 787 1048 842 rudes
1071 791 1128 842 et
1159 785 1631 854 adolescunt,sed
1650 787 1720 840 ad
1738 801 1890 842 men-

240 894 430 934 suram
459 877 648 934 aetatis
670 875 1034 948 plenitudinis
1095 876 1302 932 Christi
1329 877 1392 945 6°,
1429 876 1689 931 nondum
1715 876 1888 947 justi-

240 969 336 1024 tie
367 966 646 1039 operibus
683 966 979 1021 mandatae
1030 968 1206 1037 atque
1245 965 1552 1021 illustrataa
1610 980 1890 1038 pervene-

243 1059 411 1112 runt:
469 1059 526 1110 et
557 1054 698 1127 quia
732 1059 1022 1109 mortuam
1057 1054 1247 1109 adhuc
1279 1054 1338 1108 in
1373 1071 1435 1109 se
1459 1055 1630 1108 ﬁdem
1657 1056 1890 1126 gerunt,

244 1146 506 1202 nondum
538 1145 609 1199 ad
633 1160 834 1200 earum
859 1160 988 1215 quae
1005 1142 1310 1199 salvantur
1325 1145 1560 1200 ordines
1586 1143 1891 1198 ascribun-

244 1239 361 1292 tur.
397 1235 476 1290 Ex
504 1233 782 1290 omnibus
811 1239 1005 1289 autem
1038 1232 1348 1290 ordinibus
1374 1250 1520 1305 quos
1543 1249 1896 1289 commemo-

248 1324 528 1392 ravimus,
571 1340 685 1379 una
747 1327 838 1379 est
882 1323 1152 1379 columba
1209 1323 1466 1396 perfecta
1521 1323 1691 1379 matri
1752 1340 1893 1392 suae,

248 1415 434 1471 electa
463 1413 736 1486 genitriei
769 1429 908 1468 suae.
941 1417 1080 1480 Quae
1109 1413 1390 1468 nimirum
1436 1418 1746 1485 postquam
1781 1412 1895 1468 Deo

247 1504 588 1574 credidit,et
615 1520 920 1575 pcenarum
966 1503 1279 1559 formidine
1303 1508 1551 1576 purgata
1574 1508 1683 1570 est,
1707 1509 1762 1557 et
1795 1518 1896 1573 spe

247 1593 705 1667 promissionum
723 1592 1344 1661 illustrata,charitatis
1359 1593 1662 1648 affectione
1676 1592 1892 1647 bonum

249 1684 434 1751 colit;
467 1687 522 1738 et
548 1682 707 1737 nulla
755 1681 870 1737 alia
919 1683 988 1738 de
1021 1700 1225 1750 causa,
1259 1684 1360 1738 sed
1415 1682 1603 1753 ipsum
1660 1687 1898 1754 propter

251 1790 337 1841 se,
371 1777 436 1828 ut
465 1777 677 1828 natura
706 1773 924 1828 bonum
958 1771 1408 1844 complectitur:
1442 1773 1562 1828 haec
1593 1770 1747 1828 enim
1781 1787 1900 1826 una

255 1863 514 1935 profecto
547 1867 654 1933 est,
699 1865 898 1934 utpote
949 1879 1051 1934 per
1109 1861 1472 1918 divinitatem
1526 1862 1626 1916 uni
1682 1865 1738 1917 et
1789 1860 1896 1916 soli
1932 1901 1978 1967 Β

255 1958 370 2010 Deo
401 1951 735 2023 conjuncta,
758 1956 816 2007 et
845 1952 998 2023 apud
1031 1951 1226 2024 ipsum
1259 1951 1583 2009 immobilis
1605 1967 1850 2008 manens
1882 1968 1897 2020 ;

253 2042 528 2099 columba
557 2045 779 2107 autem,
814 2045 875 2096 ut
905 2041 1188 2113 spiritalis
1220 2047 1397 2114 atque
1454 2042 1728 2114 perfecta,
1762 2056 1896 2096 cum

251 2131 521 2188 omnium
554 2129 845 2186 eﬂ‘ectrice
875 2130 1166 2203 sapientia
1194 2147 1297 2204 per
1325 2131 1589 2204 amplum
1611 2131 1896 2186 virtutum

247 2221 474 2277 cultum
508 2221 822 2290 conjuncta
854 2238 868 2288 ;
902 2225 1076 2291 atque
1108 2222 1167 2275 in
1202 2220 1332 2293 ipsa
1362 2239 1466 2294 per
1523 2221 1897 2294 singularum

244 2310 531 2366 virtutum
568 2309 792 2366 fructus
826 2311 1362 2383 progrediensQua
1392 2311 1630 2376 quidem
1660 2311 1897 2382 sapien-

240 2399 324 2455 tia
353 2399 426 2454 ab
457 2397 686 2454 ancillis
716 2403 774 2454 et
806 2399 1184 2455 mercenariis
1214 2400 1579 2468 eximitur,et
1613 2401 1671 2455 in
1716 2399 1896 2454 tiliam

241 2491 520 2563 adoptata
577 2494 754 2560 atque
812 2489 996 2546 electa
1071 2490 1438 2546 divinitatem
1492 2508 1595 2564 per
1649 2492 1895 2562 gratiam

243 2578 616 2652 adipiscitur.
672 2579 932 2635 Viderunt
990 2580 1146 2634 illam
1207 2580 1364 2651 ﬁlim,
1422 2585 1473 2635 et
1525 2580 1897 2635 beatissimam

240 2668 628 2742 praedicabunt
653 2684 774 2723 eam
805 2689 823 2734 ,-
856 2671 1058 2740 reginae
1103 2674 1153 2724 et
1200 2669 1528 2725 concubium
1587 2670 1898 2725 laudabunt

246 2774 390 2815 eam.
426 2757 608 2812 Recta
637 2761 694 2812 et
746 2757 1026 2828 praeclara
1055 2758 1220 2814 illius
1251 2759 1402 2814 facta
1433 2759 1635 2814 ﬁdeles
1665 2764 1897 2815 tantum

246 2848 377 2918 ejus
410 2844 715 2918 discipulae
737 2862 884 2917 quas
922 2847 981 2901 in
1015 2845 1243 2902 lavacro
1289 2849 1744 2920 regenerationis
1771 2848 1900 2920 ipsa

247 2935 473 3008 genuit,
501 2938 746 3007 expertae
780 2939 941 3006 sunt,
972 2940 1030 2992 et
1059 2935 1181 2992 solo
1219 2938 1390 2993 verbo
1423 2937 1678 2992 divinam
1714 2938 1895 3009 ipsam

247 3025 696 3099 praedicabunt;
724 3041 851 3097 quas
879 3026 1338 3097 autemjustitiae
1372 3028 1648 3099 cperibus
1678 3027 1898 3083 illumi—

246 3121 397 3170 nataa
430 3131 674 3187 regnum
713 3116 808 3171 Dei
860 3121 1328 3189 consequuntur,
1388 3134 1633 3190 quaeque
1669 3117 1898 3190 suppli-

245 3205 472 3260 ciorum
508 3204 716 3262 timore
749 3223 781 3260 a
813 3207 990 3263 variis
1050 3207 1306 3278 peccatis
1354 3208 1673 3275 abstinent,
1705 3208 1894 3280 ipsam

244 3293 424 3348 etiam
455 3292 734 3365 operibus
772 3293 1216 3350 collaudabunt.

827 3421 1014 3475 Trium
1046 3425 1300 3477 Patrum.

309 3526 794 3597 Quandoquidem
845 3526 1028 3597 gloria
1110 3529 1411 3602 magistrae
1494 3535 1585 3585 est
1633 3531 1896 3601 discipu-

236 3613 430 3670 larum
463 3613 820 3671 illuminatio
869 3621 926 3672 et
958 3619 1250 3689 purgatio,
1310 3620 1382 3674 de
1423 3637 1542 3692 qua
1597 3621 1771 3676 etiam
1805 3622 1896 3676 di-

243 3706 419 3758 cunt:

319 3792 451 3860 Qua:
479 3801 558 3848 est
588 3795 694 3848 ista
723 3811 840 3866 quae
858 3796 1215 3867 progreditur
1244 3799 1405 3867 quasi
1431 3814 1635 3854 aurora
1660 3815 1898 3855 consur-

239 3897 395 3953 gens,
418 3883 656 3950 pulchra
679 3891 740 3939 ut
770 3884 929 3955 luna,
962 3887 1134 3942 electa
1163 3890 1225 3942 ut
1255 3887 1633 3952 sol,terribilis
1665 3895 1723 3944 ut
1753 3892 1897 3944 acie:

241 3971 524 4030 ordinatae
549 3977 573 4026 ?

312 4063 459 4116 Vere
490 4062 840 4118 admiranda
870 4070 959 4120 est
991 4065 1276 4138 magistra
1308 4073 1528 4122 noslra.
1549 4068 1694 4124 Nam
1719 4069 1894 4123 disci-

239 4149 396 4220 pulis
429 4149 554 4205 suis
577 4168 704 4222 quin
737 4170 839 4222 per
869 4156 1276 4227 purgationem
1310 4173 1341 4210 a
1371 4158 1746 4212 tenebrarum
1761 4175 1897 4226 ope-

237 4238 402 4294 ribus
423 4245 926 4305 recesserunt,sed
945 4260 1046 4314 per
1066 4245 1420 4314 cognitionis
1446 4247 1893 4302 illustrationem

238 4327 501 4382 nondum
538 4329 606 4384 ad
625 4330 875 4397 justitiae
907 4347 1086 4402 opera
1110 4340 1523 4403 pervenerunt,
1555 4339 1620 4388 ut
1649 4336 1894 4390 docendi

236 4415 386 4470 ratio
420 4418 687 4486 requirit,
721 4435 851 4474 sese
893 4423 1322 4482 accommodat.
1357 4439 1421 4477 ac
1480 4425 1698 4493 praebet
1728 4425 1893 4496 quasi

236 4503 427 4559 lucem
462 4507 915 4575 matutinam,ea
943 4509 1140 4564 celans
1164 4512 1441 4582 mysteria
1471 4529 1598 4578 quae
1630 4516 1890 4569 nondum

236 4595 438 4649 valent
485 4597 984 4667 comprehendere
1015 4619 1028 4665 ;
1063 4605 1238 4670 atque
1269 4600 1369 4655 illa
1403 4603 1642 4658 tradens
1673 4605 1891 4675 quibus

238 4683 633 4755 percipiendis
665 4693 804 4741 sunt
835 4687 1077 4755 idonea),
1115 4691 1568 4764 futurarumque
1589 4711 1890 4764 pcsnarum

239 4773 418 4827 minis
442 4790 542 4830 eas
603 4777 674 4830 ad
709 4777 881 4832 finem
927 4783 1103 4842 atque
1147 4781 1542 4856 obedientiam
1568 4785 1889 4839 adducens.

238 4861 506 4918 Illisvero
526 4881 653 4935 quae
669 4882 799 4920 cum
824 4867 1086 4924 veritatis
1103 4871 1457 4926 crediderint
1473 4875 1890 4944 praedicationi,

235 4965 268 5004 a
319 4952 556 5009 malitiae
617 4959 814 5010 tamen
866 4957 1141 5028 operibus
1201 4962 1576 5016 tenebrarum
1626 4966 1889 5019 nondum

230 5049 366 5095 sunt
397 5049 679 5113 purgatte,
716 5045 794 5098 ita
818 5061 880 5099 se
913 5047 1147 5102 exhibet
1177 5049 1412 5114 bonam,
1451 5057 1512 5104 ut
1536 5053 1889 5124 poenitentia:

231 5127 548 5200 disciplina
573 5134 744 5202 quasi
765 5134 1451 5205 lumequamdamlucem
1474 5143 1886 5213 suppeditans,

229 5216 577 5286 ignorantiae
601 5227 830 5277 noctem
854 5223 925 5278 ab
942 5225 1024 5279 eis
1040 5226 1302 5296 repellat.
1330 5233 1546 5283 Ateum
1574 5232 1887 5286 animabus

231 5302 352 5359 illis
383 5322 510 5376 quae
545 5308 756 5364 virtute
788 5312 1045 5380 praedita;
1105 5319 1387 5385 tanquam
1437 5317 1494 5370 in
1547 5319 1640 5373 die
1681 5321 1886 5373 decore

228 5393 556 5461 ambulant,
590 5412 652 5451 se
698 5398 938 5453 electam
991 5403 1140 5471 gerit
1189 5406 1407 5476 (qualis
1465 5411 1556 5460 est
1611 5407 1721 5469 sol,
1785 5407 1883 5476 qui

226 5485 354 5537 tum
382 5485 776 5555 amplitudine
808 5493 933 5544 tum
988 5490 1301 5562 splendore
1359 5495 1582 5550 caeteris
1632 5497 1756 5550 ϐίοΙί
1793 5495 1882 5551 lu-

226 5571 489 5629 minibus
516 5575 852 5646 antecellit),
885 5582 943 5634 et
974 5595 1119 5636 verae
1149 5582 1502 5654 cognitionis
1532 5583 1724 5641 lucem
1743 5587 1882 5642 sub-

295 5723 341 5758 ”
361 5723 574 5796 Ephes.
611 5745 684 5800 ιν,
719 5729 807 5784 13.

2005 627 2164 678 μενος
2197 603 2384 678 δηλοῖ,
2433 605 2779 682 περιγράφων
2831 609 2928 660 τοῦ
2977 599 3357 680 ἑϐδομήκοντα
3421 605 3660 681 ἀριθμοῦ

2001 700 2258 771 περιττοῦ
2292 692 2448 758 ὄντος
2477 697 2577 765 τὴν
2629 695 2859 766 κίνησιν·
2911 696 3000 750 καὶ
3050 696 3106 749 αἱ
3145 695 3282 750 κατὰ
3328 695 3427 763 τὴν
3479 694 3659 749 πίστιν

2001 783 2080 841 ἔτι
2111 788 2394 856 νεάζουσαι
2428 785 2518 840 καὶ
2569 786 2645 859 μή
2689 784 2765 848 είς
2830 787 3024 861 μέτρον
3079 782 3302 854 ἡλικίας
3357 788 3454 839 τοῦ
3509 783 3664 851 πλη-

2005 875 2259 952 ρώματος
2335 881 2432 931 τοῦ
2501 878 2742 951 Χριστοῦ
2823 873 2911 930 διὰ
2978 873 3352 948 καθαρότητός
3428 895 3487 929 τε
3570 875 3658 928 καὶ

2004 969 2292 1042 φωτισμοῦ
2351 965 2526 1039 ἔργων
2586 962 2938 1036 δικαιοσύνης
2989 963 3277 1044 φθάσασαι,
3337 963 3425 1018 καὶ
3459 960 3549 1017 διὰ
3602 963 3666 1018 τὸ

2005 1055 2193 1131 νεκρὰν
2254 1050 2332 1109 ἔτι
2388 1055 2487 1123 τὴν
2544 1055 2724 1109 πίστιν
2781 1054 2831 1108 ἐν
2888 1055 3100 1115 ἑαυταῖς
3153 1051 3484 1129 περιφὶρειν,
3545 1057 3669 1114 ταῖς

2003 1146 2343 1220 σωζομέναις
2423 1147 2602 1217 τάξεσι
2693 1144 2888 1218 μηκέτι
2975 1141 3488 1216 συναριθμούμεναι.
3574 1144 3669 1200 Ἐκ

2003 1241 2189 1291 πασῶν
2254 1234 2311 1291 δὶ
2367 1239 2476 1290 τῶν
2511 1232 2813 1310 λεχθεισῶν
2844 1233 3044 1304 τάξεων
3081 1233 3177 1306 μία
3233 1232 3343 1287 ἰστῖ
3375 1231 3669 1309 περιστερᾶ

2002 1324 2185 1382 τελεῖα
2242 1329 2310 1399 τῇ
2372 1323 2539 1398 μητρῖ
2600 1322 2789 1392 αὐτῆς,
2845 1321 3071 1394 ἱκλεκτή
3135 1322 3247 1377 ἐστι
3295 1325 3364 1396 τῇ
3431 1319 3664 1396 τεκούσῃ

2007 1417 2198 1487 αὐτήν·
2259 1413 2451 1491 ἤγουν,
2511 1415 2546 1483 ἡ
2583 1413 2716 1486 μετᾶ
2744 1413 2807 1467 τὸ
2857 1416 3138 1466 πιστεῦσαι
3184 1415 3319 1483 Θεῷ,
3361 1411 3452 1465 καὶ
3512 1405 3668 1485 φόϐῳ

2011 1507 2106 1580 μὶν
2135 1510 2242 1560 τῶν
2275 1501 2517 1559 ἀπειλῶν
2569 1504 2925 1578 καθαρθῆναι,
2988 1498 3173 1557 ἐλπίδι
3219 1499 3277 1556 δὲ
3321 1505 3430 1556 τῶν
3493 1499 3666 1576 ἐπαγ-

2006 1595 2208 1672 γελιῶν
2239 1595 2599 1672 φωτισθῆναι,
2658 1592 3011 1668 ἀγαπητικῶς
3062 1589 3364 1654 διατεθεῖσα
3420 1591 3544 1664 περὶ
3603 1590 3667 1644 τὸ

2009 1686 2232 1760 ἀγαθὸν,
2277 1683 2365 1738 καὶ
2422 1684 2498 1756 μὴ
2533 1679 2602 1737 δι’
2631 1679 2812 1756 ἕτερόν
2861 1703 2915 1737 τι
2941 1685 3173 1736 ποιοῦσα
3205 1680 3362 1753 αὐτὸ,
3419 1677 3567 1735 ἀλλὰ
3599 1677 3670 1734 δι’

2007 1773 2160 1844 αὐτὸ,
2221 1774 2296 1836 ὡς
2356 1773 2510 1850 φύσει
2556 1768 2746 1827 καλόν·
2798 1770 2944 1842 Αὕτη
2980 1769 3083 1846 γὰρ
3120 1769 3219 1844 μία
3253 1770 3347 1842 μὲν
3381 1767 3544 1840 ἐστιν,
3595 1770 3670 1830 ὡς

2007 1865 2144 1920 κατά
2189 1861 2378 1928 θέωσιν
2439 1860 2697 1926 ἐνωθεῖσα
2750 1865 2830 1932 τῷ
2881 1858 2959 1914 ἑνὶ
3018 1859 3107 1915 καὶ
3169 1858 3321 1932 μόνῳ
3381 1862 3520 1930 Θεῷ,
3574 1857 3692 1931 καὶ,

2007 1955 2135 2030 παρ’
2204 1953 2355 2026 αὖτῷ
2422 1951 2676 2022 ἀκίνητος
2744 1949 2998 2024 μὲνουσα.
3076 1949 3375 2023 Περιστερὰ
3444 1945 3522 2018 δὲ,
3591 1947 3695 2022 ὡς,

2009 2043 2348 2116 πνευματικὴ
2380 2042 2471 2096 καὶ
2501 2039 2685 2098 τελεία
2713 2044 2782 2115 τῇ
2842 2038 3131 2110 πανταιτίᾳ
3160 2037 3344 2116 σοφίᾳ,
3404 2038 3479 2100 ὡς
3534 2039 3696 2116 πρὸςὶ

2006 2135 2206 2206 ταύτην
2267 2135 2598 2195 ἀνατατικῶς
2653 2129 2724 2187 δι’
2775 2132 3008 2202 ἑκάστης
3069 2130 3264 2206 ἀρετῆς
3318 2133 3668 2204 συναχθεῖσα,

2008 2225 2096 2280 καὶ
2152 2225 2254 2294 τήν
2315 2223 2366 2278 ἐν
2430 2221 2564 2296 αὐτῇ
2620 2223 2926 2294 ποιουμένη
3013 2217 3292 2296 πρόοδον,
3368 2219 3504 2274 κατᾶ
3563 2219 3665 2287 τήν

2009 2316 2236 2381 ἑκάστης
2285 2313 2481 2390 ἀρετῆς
2537 2310 2761 2390 γένεσιν.
2830 2316 3006 2380 ᾚτινι
3055 2309 3215 2387 σοφίᾳ
3265 2309 3354 2363 καὶ
3411 2305 3668 2382 ἐκλελεγ-

2012 2405 2145 2478 μὲνη
2205 2403 2344 2459 ἐστὶν
2405 2401 2512 2458 ἀπὸ
2557 2405 2665 2456 τῶν
2728 2397 3000 2454 δουλίδων
3054 2398 3144 2453 καὶ
3218 2398 3530 2472 μισθωτῶν,
3591 2395 3667 2458 ὡς

2008 2492 2417 2568 υίοθετισαμένη
2477 2491 2676 2562 ταύτην
2735 2489 2872 2546 κατᾶ
2924 2491 3023 2558 τὴν
3083 2487 3137 2544 ἰν
3196 2489 3383 2564 χάριτι
3443 2487 3661 2551 θίωσιν.

2006 2582 2236 2641 Εῗδοσαν
2321 2582 2488 2652 αὐτὴν
2568 2581 2878 2656 Θυγατέρες,
2963 2577 3054 2634 καὶ
3142 2581 3497 2652 μακαριοῦσιν
3567 2577 3666 2632 αύ-

2005 2677 2106 2745 τήν
2143 2696 2154 2709 ·
2236 2671 2546 2750 βασίλισσαι
2581 2714 2594 2739 ,
2672 2670 2761 2725 καὶ
2839 2665 3117 2723 παλλακαὶ
3190 2666 3486 2720 αίνὲσουσιν
3565 2665 3668 2719 αὺ-

2005 2764 2128 2832 τήν.
2189 2759 2456 2831 Δηλονότι
2518 2758 2570 2813 ἒν
2612 2758 2774 2834 πείρᾳ
2828 2759 2937 2811 τῶν
2991 2753 3435 2829 κατορθωμάτων
3497 2751 3667 2823 αὐτῆς

2007 2851 2314 2928 γεγόνασιν,
2372 2850 2427 2904 αἱ
2487 2847 2652 2922 μόνον
2709 2846 2894 2902 πισταὶ
2923 2845 3126 2916 ταύτης
3171 2845 3488 2919 μαθήτριαν
3519 2841 3581 2904 ἃς
3613 2841 3666 2897 ἐν

2007 2948 2088 3016 τῷ
2145 2939 2363 3017 λουτρῷ
2419 2941 2518 3008 τῆς
2574 2935 2998 3013 παλιγγενεσίας
3055 2929 3298 3002 ἀπέτεκε,
3357 2933 3444 2987 καὶ
3512 2931 3668 3005 μόνῳ

2009 3031 2165 3106 λόγῳ
2221 3030 2392 3098 αὑτὴν
2425 3027 2810 3092 ἐκθειάσουσιν.
2842 3025 2912 3080 Ai
2939 3021 2998 3078 δὶ
3057 3020 3148 3078 διὰ
3177 3025 3465 3098 φωτισμοῦ
3495 3017 3664 3095 ἔργων

2009 3120 2357 3190 δικαιοσύνης
2407 3121 2505 3187 τῆς
2551 3122 2647 3172 τοῦ
2687 3119 2822 3171 Θεοῦ
2857 3112 3136 3190 βασιλείας
3191 3109 3664 3184 ἀντιποιούμεναι,

2007 3211 2096 3266 καὶ
2128 3211 2183 3265 αἱ
2217 3207 2305 3264 διὰ
2330 3203 2499 3287 φόϐον
2530 3211 2640 3262 τῶν
2683 3203 2964 3261 κολάσεων
2997 3203 3275 3258 παντοίων
3317 3204 3499 3256 κακῶν
3530 3199 3666 3256 ἀπε-

1927 3273 1970 3340 C
2009 3299 2266 3376 χόμεναι,
2300 3299 2388 3354 καὶ
2417 3295 2488 3352 δι’
2512 3291 2685 3373 ἔργων
2717 3295 3088 3350 ἐπαινίσουσιν
3124 3293 3316 3362 αὐτήν.

2567 3425 2691 3479 Τῶν
2734 3421 2782 3496 γ’
2822 3418 3099 3495 Πατέρων.

2081 3528 2407 3604 Ἐπειδήπερ
2441 3527 2568 3599 δόξα
2621 3535 2721 3597 τῆς
2783 3523 3116 3582 διδασκάλου
3173 3523 3284 3580 terti
3314 3528 3421 3578 τῶν
3480 3523 3655 3595 μαθη-

2005 3625 2174 3697 τριῶν
2259 3622 2287 3676 ὁ
2373 3618 2658 3697 φωτισμὸς
2715 3615 2805 3671 καὶ
2858 3619 2892 3687 ἠ
2951 3614 3233 3691 κάθαρσις,
3274 3613 3400 3690 περὶ
3451 3614 3518 3682 ἧς
3569 3610 3658 3667 καὶ

2007 3709 2206 3786 ἐροῦσι·

2079 3799 2172 3862 Τίς
2229 3800 2362 3869 αὕτη
2420 3801 2454 3868 ἡ
2516 3798 2855 3853 ἐκκύπτουσιι
2912 3793 3040 3850 ὡσεὶ
3097 3789 3316 3869 ὄρθρος,
3373 3788 3520 3858 καλή
3581 3788 3657 3852 ὡς

2008 3890 2236 3961 σελήνη,
2298 3886 2527 3956 ἐκλεκτή
2587 3887 2662 3952 ὡς
2716 3885 2903 3956 ἥλιος,
2965 3878 3177 3956 θάμϐος
3255 3881 3329 3944 ὡς
3399 3879 3660 3954 τεταγμέ-

2005 4002 2126 4046 ναις

2080 4066 2301 4138 Δηλαδὴ
2337 4068 2610 4140 θαυμασία
2664 4065 2747 4128 τίς
2808 4063 2950 4119 ἐστιν
3009 4064 3044 4132 ἡ
3109 4057 3436 4122 διδάσκαλος
3474 4058 3663 4132 ἡμῶν,

2007 4159 2082 4219 ὡς
2108 4164 2225 4219 ταῖς
2286 4158 2379 4230 μὲν
2441 4156 2770 4218 ἀποστάσαις
2822 4158 2932 4208 τῶν
2989 4147 3158 4221 ἔργων
3190 4154 3286 4204 τοῦ
3318 4149 3540 4209 σκότους
3575 4143 3665 4201 διὰ

2007 4249 2332 4322 καθάρσεως,
2389 4247 2557 4318 μήπω
2608 4242 2664 4299 δὲ
2712 4245 2779 4298 τὰ
2818 4238 2950 4317 ἔργα
2981 4246 3080 4310 τῆς
3112 4236 3461 4322 δικαιοσύνης
3503 4256 3666 4291 κατα-

2007 4332 2325 4402 λαϐούσαις,
2377 4333 2467 4389 διὰ
2515 4333 2797 4412 φωτισμὸν
2848 4331 3104 4406 γνώσεως
3163 4321 3662 4404 συγκαταϐαίνουσα

2006 4422 2407 4486 διδασκαλικῶς
2438 4421 2516 4478 ἔτι
2547 4424 2770 4488 ἑωθινὸν
2822 4426 2961 4496 φῶς,
3021 4417 3071 4473 ἰν
3116 4423 3196 4490 τῷ
3243 4417 3311 4472 τὰ
3369 4416 3464 4490 μὶν
3521 4413 3659 4477 τὲως

2004 4499 2272 4590 ἀγώρητα
2326 4514 2546 4576 ταύταις
2607 4514 2884 4586 μυστήρια
2939 4508 3236 4586 κρύπτειν,
3304 4502 3660 4581 παραδηλοῦν

2005 4601 2063 4657 δὲ
2117 4605 2184 4658 τὰ
2239 4605 2493 4678 χωρητὰ,
2552 4601 2640 4657 καὶ
2696 4606 2816 4661 ταῖς
2863 4597 3119 4660 ἀπειλαῖς
3176 4599 3283 4650 τῶν
3335 4592 3658 4668 μελλουσῶν

2002 4691 2276 4748 κολάσεων
2337 4694 2474 4768 πρὸς
2539 4692 2783 4760 ὑπακοὴν
2845 4687 3214 4763 ἐπιστρέφειν
3274 4690 3393 4746 ταῖς
3451 4680 3508 4738 δὶ
3565 4703 3661 4736 πι-

2004 4784 2317 4843 στευσάσαις
2371 4782 2464 4854 μὶν
2520 4785 2600 4852 τῷ
2656 4787 2754 4850 τῆς
2811 4777 3070 4849 ἀληθείας
3113 4775 3454 4851 κηρύγματι,
3487 4775 3659 4846 μήπω

2003 4869 2058 4927 δὲ
2089 4873 2466 4946 καθαρθείσαις
2498 4876 2603 4926 τῶν
2636 4874 2735 4925 τοῦ
2791 4869 3020 4930 σκότους
3059 4873 3177 4936 τῆς.
3207 4864 3398 4926 κακίας
3457 4861 3656 4939 ἔργων,

2002 4963 2175 5036 ἀγαθή
2241 4961 2400 5032 ἐστιν,
2461 4961 2536 5021 ὡς
2590 4965 2711 5021 ταῖς
2751 4957 2886 5033 πρὸς
2939 4957 3224 5030 μετάνοιαν
3283 4949 3656 5013 διδασκαλίαις

1999 5049 2236 5125 καθάπερ
2295 5072 2345 5105 τι
2407 5049 2727 5118 σεληνιακὸν
2789 5052 2904 5122 φῶς
2955 5046 3052 5115 τήν
3085 5045 3254 5100 νύκτα
3283 5047 3384 5109 τῆς
3435 5041 3655 5116 ἀγνοίας

1999 5139 2202 5195 τούτων
2253 5137 2772 5216 καταφαιδρύνουσα·
2823 5142 2943 5198 ταῖς
2994 5133 3041 5189 δ’
3095 5134 3170 5198 ὡς
3224 5133 3275 5189 ἐν
3335 5134 3518 5206 ἡμέρᾳ
3569 5129 3657 5186 εὖ-

1997 5229 2295 5304 σχημόνως
2346 5226 2769 5304 περιπατούσαις
2822 5226 3089 5299 ἐναρέτοις
3140 5227 3344 5298 ψοχαῖς
3402 5219 3655 5295 ἰκκελεγ-

2000 5321 2133 5392 μὲνη
2194 5319 2334 5374 ἐστὶν
2397 5319 2612 5392 (οἷάπερ
2669 5337 2752 5378 τις
2802 5314 2965 5384 ἥλιος
2997 5318 3105 5370 τῶν
3161 5312 3371 5370 λοιπῶν
3420 5312 3537 5365 κατ’
3567 5311 3655 5365 ού-

1996 5410 2155 5482 ρανὸν
2211 5409 2404 5486 φώτων
2464 5404 2629 5481 αἶ’γλῃ
2661 5427 2719 5461 τε
2774 5405 2863 5460 καὶ
2927 5402 3140 5478 μεγέθει
3195 5399 3654 5480 διαφανέστερος),

1995 5499 2070 5559 ὡς
2103 5495 2476 5553 ἀνατέλλουσα
2499 5498 2718 5558 ταύταις
2745 5500 2861 5573 φῶς
2916 5493 3156 5563 ἀληθοῦς
3190 5493 3464 5568 γνώσεως,
3523 5487 3654 5544 κάν-

1990 5589 2169 5642 τεῦθεν
2233 5585 2615 5657 ἐκπλήττουσα
2696 5584 2792 5648 τὰς
2883 5583 3093 5659 ὁρώσας
3163 5583 3332 5651 αὐτὴν
3411 5576 3652 5654 καθάπερ
