4110 6410
311 417 432 480 665

1355 413 1768 478 COMMENT.
1812 415 1891 477 ΙΝ
1936 416 2340 481 CANTIGUM
2387 420 2693 483 CANTIC.

3619 422 3738 483 666
3751 420 3763 440 “

317 548 605 608 ἀπιοάνιιά
637 569 722 611 τις
784 547 1096 624 ἀγγελικῶν
1149 545 1371 619 τάξεων.
1405 547 1505 603 Καὶ
1559 546 1872 621 ταῦταμὲν
1924 549 1980 603 αἱ

2094 551 2413 621 ministrat;
2445 558 2619 624 atque
2641 553 2723 611 ita
2752 559 2989 628 stupore
3015 573 3082 613 ao
3111 559 3334 614 terrore
3363 556 3546 613 afﬁcit
3574 573 3636 613 se
3655 555 3742 612 in-

323 640 619 714 μαθήτριαι
651 638 776 712 περὶ
807 645 908 708 τῆς
941 634 1274 693 διδασκάλου
1305 635 1575 713 εῗρήκασι.

889 927 1009 979 Τῶν
1038 925 1085 999 γ’
1120 924 1395 1000 Ηατέρων.

390 1036 575 1092 Ταῦτα
636 1031 730 1104 μὶν
787 1031 840 1086 αἱ
905 1032 1200 1107 μαθήτριαι
1260 1029 1386 1106 περὶ
1463 1036 1566 1102 τῆς
1647 1028 1978 1087 διδασκάλου

324 1123 600 1201 εἶρήκασι,
632 1121 698 1176 τὰ
727 1118 774 1175 δ’
802 1118 935 1192 αὕτη
985 1121 1108 1192 περὶ
1164 1119 1372 1176 τούτων
1423 1121 1560 1196 πρὸς
1608 1121 1698 1176 τὸν
1747 1119 1978 1199 νυμφίον

330 1212 534 1293 φησίν·
570 1211 667 1273 Εἷς
724 1217 900 1281 κῆπον
957 1209 1161 1284 καρύας
1216 1205 1448 1281 κατέϐην
1509 1207 1641 1266 ἰδεῖν
1703 1210 1755 1265 ἐν
1787 1212 1981 1286 γεννή-

328 1323 460 1377 μασι
506 1304 603 1357 τοῦ
655 1299 994 1377 χειμάρρουο
1031 1297 1164 1355 ἷδεῖν
1221 1299 1268 1354 εί
1326 1297 1558 1370 ἤνθησεν
1616 1303 1650 1370 ἡ
1711 1300 1982 1374 ἄμπελος,

325 1392 371 1447 εἰ
402 1389 645 1462 ἤνθησαν
679 1389 734 1444 αἱ
784 1389 927 1466 ῥοαί.
959 1390 1137 1458 νΗτοι,
1173 1383 1510 1464 συγκατέϐην
1562 1387 1621 1443 ἐκ
1663 1392 1760 1443 τοῦ
1819 1385 1986 1463 ὕψους

323 1487 428 1550 τῆς
461 1485 727 1553 μυστικῆς
753 1479 983 1556 θεωρίας
1012 1483 1131 1541 ταῖς
1161 1479 1535 1554 γεωργοῦσαις
1569 1481 1772 1554 ψυχαῖς
1819 1478 1988 1532 οἱονεὶ

321 1570 515 1646 κάρυα,
545 1568 682 1624 κατά
737 1570 830 1642 μὲν
884 1567 947 1622 τὸ
1007 1566 1160 1630 ἐκτὸς
1219 1565 1457 1643 λέπυρον
1516 1568 1705 1642 πικρὰ,
1739 1566 1874 1622 κατὰ
1931 1563 1988 1621 δὲ

323 1659 387 1715 τὸ
415 1659 568 1723 ἐντὸς
606 1657 844 1733 σκληρὰ,
877 1658 994 1712 κατ’
1029 1657 1186 1712 αὐτὸν
1223 1655 1280 1712 δὲ
1309 1658 1401 1712 τὸν
1460 1655 1611 1712 ἔνδον
1660 1660 1766 1712 τῶν
1809 1656 1990 1712 τοιού-

326 1770 437 1805 των
470 1746 720 1824 λεπύρων
751 1747 957 1824 καρπὸν
985 1745 1139 1818 ἡδέαο
1172 1749 1270 1817 τήν
1307 1748 1376 1818 τῇ
1422 1749 1618 1824 πικρίᾳ
1661 1750 1768 1801 τῶν
1827 1747 1988 1802 ἀκου-

330 1838 460 1894 σίων
522 1841 838 1911 πειρασμῶν
893 1837 984 1892 καὶ
1041 1840 1108 1902 τῆ
1169 1835 1504 1912 σκληρότητι
1562 1840 1669 1891 τῶν
1729 1835 1988 1890 ἑκουσίων

2080 646 2335 710 tuentes,
2360 647 2426 698 ut
2450 644 2737 700 instructa
2769 651 2947 718 atque
2987 647 3276 704 ordinata,
3295 647 3532 720 agmina
3563 662 3742 718 ange-

2082 731 2298 787 lorum.
2333 737 2413 787 Αο
2444 733 2513 789 de
2538 734 2823 806 magistra
2854 736 3094 808 quidem
3131 734 3432 806 discipulae
3463 737 3546 792 ita
3575 735 3741 792 locu-

2085 825 2158 876 ta)
2192 825 2354 878 sunt.

2677 932 2865 987 Trium
2908 932 3158 988 Patrum.

2161 1037 2292 1092 Haec
2318 1037 2586 1110 {quidem
2647 1039 2952 1111 discipulis
3009 1040 3080 1096 de
3137 1038 3416 1110 magistra
3446 1038 3743 1094 dixerunt.

2092 1129 2227 1199 Ipsa
2250 1144 2387 1183 vero
2421 1128 2491 1183 de
2523 1128 2836 1200 discipulis
2867 1131 2938 1185 ad
2971 1145 3258 1201 sponsum
3301 1128 3383 1185 ita
3429 1128 3695 1201 loquitur
3729 1145 3742 1184 :

2095 1217 2158 1272 In
2188 1216 2412 1272 hortum
2449 1219 2609 1274 nucis
2645 1219 2923 1289 descendi,
2959 1228 3019 1275 ut
3055 1220 3300 1274 viderem
3321 1220 3379 1273 in
3399 1219 3748 1290 germinibus

2093 1309 2361 1363 torrentis
2389 1329 2407 1362 .-
2442 1311 2500 1362 ut
2531 1308 2798 1379 viderem,
2847 1326 2919 1364 an
2964 1310 3237 1372 ﬂoruisset
3286 1310 3473 1378 vinea,
3527 1324 3598 1363 an
3641 1311 3745 1379 ﬂo-

2093 1398 2336 1452 ruissent
2363 1397 2513 1451 mala
2543 1399 2770 1469 punica.
2797 1397 2876 1454 De
2918 1399 3176 1470 mysticae
3207 1396 3745 1470 comtemplationis

2097 1485 2460 1542 sublimitate
2481 1487 2754 1543 descendi
2798 1489 2870 1543 ad
2923 1488 3156 1544 animas
3187 1486 3423 1543 virtutis
3471 1486 3746 1542 excultri-

2097 1589 2214 1644 ces,
2249 1581 2529 1647 tanquam
2580 1576 2652 1631 ad
2700 1593 2900 1647 nuces,
2951 1593 3201 1646 quarum
3252 1581 3446 1632 cortex
3497 1575 3752 1633 exterior

2098 1665 2247 1721 alter
2276 1665 2515 1736 quidem
2563 1681 2824 1735 amarus,
2861 1666 3007 1720 alter
3037 1670 3232 1720 autem
3265 1665 3452 1720 durus
3483 1667 3574 1721 est
3596 1683 3609 1723 :
3633 1683 3747 1721 nu-

2100 1750 2261 1807 cleus
2292 1757 2490 1807 autem
2539 1753 2639 1823 qui
2671 1751 2764 1806 his
2802 1751 3118 1809 corticibus
3161 1752 3504 1821 includitur,
3532 1755 3751 1825 jucun-

2101 1842 2214 1898 dus
2245 1858 2258 1897 :
2303 1840 2552 1897 dulcedo
2577 1842 2861 1897 nimirum
2888 1842 3198 1913 virtutum,
3233 1859 3357 1915 quae
3381 1848 3507 1898 tum
3530 1843 3748 1899 amari-

326 1925 756 2007 πεφυλαγμένην
806 1924 1126 2002 γλυκότητα
1180 1930 1286 1980 τῶν
1343 1925 1575 2001 ἀρετῶν,
1605 1925 1711 1980 ἀπό
1760 1946 1818 1980 τε
1873 1929 1980 1980 τῶν

2093 1931 2299 1988 tudine
2334 1929 2600 2003 gravium
2646 1931 3064 2001 tentationum,
3098 1937 3225 1988 tum
3248 1932 3562 2004 asperitate
3583 1931 3748 1990 labo-

328 2023 448 2074 κατ’
477 2015 724 2092 ἔλλειψιν
755 2015 930 2071 αὐτῶν
962 2017 1052 2071 καὶ
1091 2018 1200 2070 τῶν
1249 2017 1367 2070 καθ’
1402 2009 1713 2090 ὑπερϐολὴν
1766 2016 1948 2070 παθῶν
1973 2035 1986 2048 ·

334 2105 471 2162 ὥστε
526 2106 813 2170 θεάσασθαι
872 2105 926 2161 ἐν
1001 2109 1070 2179 τῇ
1151 2105 1405 2178 ὑπομονῇ
1489 2105 1689 2174 αὐτῶν,
1749 2106 1990 2177 κοηματι

332 2193 467 2272 οὔσῃ
494 2203 592 2268 τῆς
625 2196 854 2273 ῥεούσης
882 2195 1121 2270 θλίψεως
1153 2193 1214 2249 ἐκ
1241 2193 1337 2249 τοῦ
1369 2199 1648 2271 χειμῶνος
1705 2199 1814 2248 τῶν
1867 2215 1988 2249 πει-

337 2291 558 2364 ρασμῶν
708 2285 893 2359 Θλίψις
942 2287 1044 2362 γὰρ
1107 2285 1391 2357 ὑπομονήν
1443 2284 1852 2360 κατεργάζεται)
1883 2280 1990 2338 εἷ’τε

335 2375 676 2452 εὐχαριστίᾳ,
760 2373 870 2431 εἷ’τε
960 2373 1244 2453 δυσφημίᾳ
1335 2373 1660 2450 προσάγεταί
1746 2394 1832 2428 σοι
1909 2377 1990 2446 τῷ

336 2464 609 2542 ἰατρικῶς,
641 2463 770 2521 ἀλλ’
811 2465 872 2520 οὐ
925 2468 1318 2541 τιμωρητικῶς
1387 2461 1737 2518 παιδεύοντιδ
1799 2462 1987 2527 θεάσα-

329 2567 450 2620 σθαι
483 2553 541 2612 δὲ
569 2557 734 2612 πάλιν
770 2556 858 2612 ἐάν
910 2577 970 2612 τε
1021 2555 1180 2618 αὐτὸς
1228 2557 1256 2610 ὁ
1315 2553 1366 2610 ἐν
1427 2552 1789 2629 Εὐαγγελίοις
1839 2554 1988 2630 εἰρη-

234 2678 238 2680 -
325 2646 466 2714 κὼς,
499 2643 583 2701 ὅτι
612 2646 756 2722 Ἐγώ
789 2645 904 2719 εἶμι
935 2647 971 2716 ἡ
1006 2643 1278 2719 ἄμπελος,
1314 2643 1365 2700 ἐν
1398 2647 1466 2719 τῇ
1525 2643 1780 2718 ὑπομονῇ
1817 2641 1987 2718 ταύτῃ

331 2733 743 2812 προδείκνυται,
775 2737 850 2797 ὼς
878 2733 1038 2800 ὂίνθος
1078 2733 1306 2812 βότρυος
1355 2737 1642 2795 ποιοῦντος
1691 2734 1833 2788 οἶνον
1890 2740 1990 2803 τῆς

332 2825 543 2904 φύσεως
577 2824 890 2881 ἐκστατικὸν
923 2825 1060 2880 κατά
1099 2825 1196 2893 τὴν
1249 2824 1496 2886 θεώσεως
1548 2823 1732 2899 χάριν.
1766 2824 1827 2880 Ὁ
1883 2823 1988 2898 γὰρ

335 2912 388 2970 ἰν
421 2915 676 2989 ὑπομονῇ
707 2915 794 2970 καὶ
831 2913 997 2980 αὐτῆς
1055 2920 1158 2984 τῆς
1217 2911 1356 2976 ἰδίας
1415 2912 1623 2990 φύσεως
1686 2913 1988 2986 ὑπερορῶν,

333 3005 432 3074 τήν
471 3004 604 3078 ὑπὲρ
637 3004 793 3077 φύσιν
823 3011 923 3075 τῆς
949 3003 1205 3074 θεότητος
1252 3001 1466 3079 δέχεται
1515 3001 1679 3078 χάριν
1704 3021 1716 3034 ⁸
1750 3001 1842 3056 καὶ
1900 3001 1988 3056 ἐὰν

330 3095 385 3148 αἱ
417 3091 574 3165 δίκην
606 3093 772 3171 ῥοιῶν
810 3097 890 3167 τῷ
924 3095 1018 3168 μέν
1049 3094 1362 3172 φαινομένῳ
1393 3091 1618 3167 λεπύρῳ
1649 3095 1985 3169 στυφουσῶν,

327 3187 406 3256 τῷ
436 3180 486 3238 δ’
515 3181 662 3247 ἐντὸς
690 3184 886 3240 τούτου
916 3183 1275 3261 κεκρυμμένῳ
1320 3187 1514 3258 καρπῷ
1571 3180 1700 3244 τοὺς
1754 3182 1984 3256 γευομέ-

2101 2037 2230 2076 rum
2257 2023 2467 2092 sponte
2489 2025 2891 2091 suceptorum,
2925 2039 2959 2076 a
2984 2021 3498 2093 pertubationibus
3518 2026 3575 2078 et
3594 2022 3756 2078 vitiis

2098 2109 2157 2164 in
2191 2109 2421 2165 defectu
2455 2113 2632 2181 atque
2679 2127 2922 2166 excessu
2973 2110 3438 2168 consistentibus
3467 2111 3528 2167 in
3560 2112 3764 2168 medio

2099 2204 2524 2256 conservantur
2557 2217 2571 2255 :
2607 2205 2671 2255 ut
2727 2198 2984 2256 viderem
3014 2201 3074 2255 in
3124 2199 3409 2272 patientia
3462 2201 3754 2274 ipsarum,

2100 2306 2223 2361 qua:
2253 2287 2433 2344 veluti
2464 2292 2669 2361 partus
2699 2288 2940 2360 quidam
2965 2305 3034 2346 ex
3061 2289 3444 2346 tribulatione
3469 2294 3752 2362 tanquam

2099 2395 2167 2434 ex
2197 2383 2457 2434 torrente
2515 2378 2905 2434 tentationum
2964 2377 3290 2452 (tribulatio
3323 2378 3480 2435 enim
3535 2380 3755 2450 patien-

2099 2468 2242 2523 tiam
2274 2468 2570 2540 operatur)
2624 2467 2712 2524 vel
2773 2484 2876 2540 per
2919 2469 3240 2541 gratiarum
3289 2468 3604 2536 actionem,
3662 2467 3753 2522 vel

2099 2575 2202 2630 per
2231 2557 2711 2614 lamentationem
2772 2557 3015 2613 offertur
3063 2556 3167 2614 tibi
3219 2575 3335 2614 non
3386 2557 3615 2624 acerbe,
3648 2558 3751 2613 sed

2100 2647 2312 2702 medici
2346 2663 2507 2702 more
2540 2647 2914 2719 castigantis;
2949 2653 3012 2702 ut
3041 2647 3298 2704 viderem
3331 2664 3561 2715 rursus,
3595 2663 3669 2702 an
3702 2646 3751 2702 is

2100 2735 2202 2809 qui
2259 2737 2318 2791 in
2371 2734 2696 2808 Evangeliis
2730 2736 2921 2792 dixit:
2956 2737 3063 2808 Ego
3121 2753 3244 2792 sum
3289 2736 3502 2807 vitis”,
3533 2735 3594 2792 in
3644 2737 3753 2791 hac

2099 2826 2384 2898 patientia
2411 2834 2690 2898 appareat
2743 2824 2898 2882 sicut
2953 2825 3061 2881 ﬂos
3122 2826 3274 2882 botri
3328 2826 3531 2882 vinum
3572 2827 3751 2880 natu-

2099 2931 2225 2970 ram
2259 2913 2734 2986 obstupefaciens
2791 2931 2892 2986 per
2949 2914 3279 2970 divinitatis
3335 2914 3584 2987 gratiam
3618 2929 3750 2986 pro-

2099 3003 2390 3060 ducentis.
2427 3005 2534 3070 Qui
2564 3003 2720 3058 enim
2773 3003 2962 3074 ipsam
3015 3021 3248 3076 quoque
3297 3008 3570 3060 naturam
3621 3019 3751 3076 pro-

2097 3093 2286 3165 priam
2316 3110 2418 3164 per
2448 3093 2789 3164 patientiam
2824 3093 3095 3165 despicit,
3129 3093 3454 3148 divinitatis
3493 3091 3744 3165 gratiam

2098 3187 2309 3238 natura
2360 3181 2826 3254 praestantiorem
2875 3181 3245 3252 adipiscitur.
3277 3183 3359 3237 An
3406 3183 3746 3254 ﬂloruz'ssent

325 3293 451 3336 νους
482 3270 914 3350 γλυκαινοῦσῶν,
939 3271 1350 3352 πεφυλαγμέναι
1385 3272 1478 3346 μὶν
1526 3276 1607 3345 τῷ
1653 3274 1750 3326 τοῦ
1808 3264 1980 3346 φόϐου

2093 3274 2243 3329 mala
2272 3275 2496 3344 punica.
2529 3273 2614 3326 An
2646 3271 2796 3344 (quae
2827 3271 3015 3328 instar
3047 3270 3337 3328 malorum
3370 3270 3740 3344 punicorum,

323 3383 420 3418 σου
469 3366 800 3432 στυπτικῶς,
859 3361 1241 3440 εὑφραίνουσαι
1298 3359 1356 3417 δὲ
1432 3359 1560 3427 τοὺς
1616 3359 1982 3437 γευσαμένους

322 3455 391 3525 τῇ
420 3458 523 3523 τῆς
556 3451 631 3515 εἷς
666 3453 724 3507 σὲ
757 3449 981 3515 ἐλπίδος
1027 3449 1330 3526 γλυκύτητι
1386 3450 1609 3527 ἀρεταί·
1671 3447 1886 3520 δηλαδή
1941 3451 1977 3519 ἡ

324 3542 590 3620 φρόνησις
619 3541 709 3597 καὶ
741 3544 776 3611 ἡ
823 3541 1142 3614 ἀκεραιότης
1204 3538 1361 3611 δίκην
1421 3541 1711 3605 ἀνθοῦντος
1769 3543 1980 3615 καρποῦ

325 3627 644 3706 ὶδείχθησαν
681 3629 735 3686 έν
762 3634 831 3705 τῇ
870 3631 1146 3705 ὑπομονῇο
1180 3633 1215 3700 ἡ
1262 3631 1359 3705 μὲν
1409 3629 1698 3708 φρόνησις,
1746 3630 1846 3698 τὴν
1906 3626 1980 3691 εἷς

327 3719 386 3774 cl
410 3719 608 3790 πίστιν,
642 3719 718 3785 ὥς
743 3741 867 3776 τινα
905 3720 1148 3798 κεφαλὴν
1211 3721 1317 3775 ἀπὸ
1368 3723 1465 3775 τοῦ
1514 3719 1714 3795 ἐχθροῦ
1772 3716 1980 3793 φυλάτ-

322 3828 489 3864 τουσα
517 3807 777 3886 ἄτρωτον·
813 3813 848 3879 ἡ
883 3805 930 3864 δ’
957 3808 1305 3886 ἀκεραιότης,
1332 3810 1430 3878 τήν
1477 3807 1552 3870 είς
1597 3808 1690 3862 τὸν
1740 3805 1976 3877 πλησίον

319 3897 534 3974 ἀγάπην
586 3898 878 3955 ἀσάλευτον
909 3897 960 3953 ἐν
1019 3904 1141 3960 ταῖς
1183 3903 1290 3952 τῶν
1347 3901 1666 3972 πειρασμῶν
1698 3895 1977 3960 ποικίλαις

319 3983 666 4063 ἐπαγωγαῖς·
726 3987 904 4049 καθὼς
963 3987 1122 4050 αὐτὸς
1179 3987 1230 4042 ἐν
1291 3985 1649 4063 Εὑαγγελίοις
1709 3984 1931 4062 εἶ’ρηκας
1959 4004 1974 4019 ο

321 4072 466 4134 Ἰδοὺ
521 4074 625 4150 ἐγὼ
668 4074 994 4134 ἀποστέλλω
1049 4078 1214 4151 ὑμᾶς,
1248 4077 1322 4140 ὡς
1381 4071 1628 4151 πρόϐατα
1681 4074 1781 4149 [ἐν]
1832 4074 1978 4150 μέσῳ

321 4163 525 4223 λύκων.
585 4165 800 4231 Γίνεσθε
852 4165 943 4221 οὖν
1004 4167 1264 4243 φρόνιμοι
1319 4167 1394 4227 ὡς
1425 4167 1476 4221 οἱ
1509 4162 1678 4245 ὄφεις,
1711 4165 1798 4221 καὶ
1855 4165 1976 4221 ἀκέ-

315 4274 464 4330 ραιοι
496 4255 572 4319 ὡς
601 4255 657 4310 αἱ
688 4255 1021 4332 περιστεραί,
1056 4289 1124 4299 --
1154 4257 1305 4314 Ἐκεῖ
1348 4253 1508 4310 δώσω
1556 4256 1684 4317 τοὺς
1740 4253 1976 4327 μαστούς

321 4343 426 4417 μού
458 4363 566 4402 σοι.
599 4346 822 4408 Πάντως
855 4344 908 4400 ἐν
937 4350 1020 4418 τῷ
1049 4343 1326 4420 εἰρημένῳ
1370 4346 1535 4418 κήπῳ
1587 4349 1696 4400 τῶν
1751 4345 1973 4420 ἀρετῶν,

318 4431 380 4496 ὅς
408 4430 549 4487 ἐστιν
579 4433 635 4489 αἱ
668 4433 720 4488 ἐν
776 4433 1000 4497 ταύταις
1046 4432 1443 4511 πεφυτευμέναι
1505 4435 1825 4509 μαθήτριαι,
1873 4435 1973 4502 τὴν

314 4517 390 4579 εἷς
446 4517 609 4582 αὐτὰς
669 4519 869 4589 ἠθικὴν
922 4519 1013 4574 καὶ
1059 4520 1290 4598 φυσικὴν
1345 4516 1694 4574 διδασκαλίαν
1731 4521 1857 4592 μου,
1889 4522 1974 4581 αἶς

315 4608 508 4685 οἷάπερ
538 4607 771 4686 γάλακτι
804 4614 1005 4688 φυσικῇ
1039 4607 1128 4665 καὶ
1170 4608 1513 4683 καταλλήλῳ
1555 4613 1734 4686 τροφῇ
1762 4609 1968 4672 ταύτας

313 4696 604 4773 τρέφουσα.
641 4699 928 4776 προστάξω
961 4721 1044 4755 σοι
1092 4704 1172 4773 τῷ
1220 4699 1466 4777 νυμφίῳ,
1498 4699 1574 4763 ὡς
1618 4698 1857 4764 ἐντεῦθεν
1911 4698 1973 4754 τὸ

315 4788 408 4843 σόν
437 4808 497 4843 τε
555 4793 792 4845 ποιοῦσα
849 4788 1070 4863 θέλημα
1114 4788 1206 4844 καὶ
1237 4790 1322 4844 σοὶ
1371 4791 1466 4852 τὰς
1529 4787 1974 4863 μαθητευομένας

316 4897 412 4950 μοι
466 4881 834 4956 προσάγουσα.
893 4880 1026 4936 Εἶτα
1082 4878 1385 4958 στρέφουσα
1461 4879 1550 4933 τὸν
1620 4877 1786 4954 λόγον
1839 4879 1973 4954 πρὸς

312 4965 410 5028 τὰς
443 4965 887 5040 μαθητευομένας
935 4966 1109 5023 οίόνεί
1157 4989 1292 5042 φησι
1353 4966 1490 5044 πρὸς
1549 4965 1736 5038 αὐτὰς,
1771 4967 1878 5038 ὅτι,
1911 4966 1974 5022 Εἰ

309 5054 402 5111 καὶ
464 5051 800 5132 συγκατέϐην
863 5057 992 5130 ὑμῖν
1049 5055 1110 5112 ἐκ
1137 5061 1234 5112 τοῦ
1269 5058 1674 5131 μυστικώτερον
1734 5058 1861 5131 ὀρᾷν
1921 5053 1972 5111 ἐν

312 5144 478 5220 ἑαυτῇ
527 5145 619 5201 τὸν
650 5147 886 5223 νυμφίον
927 5167 1054 5219 μου,
1086 5145 1162 5210 είς
1192 5134 1256 5201 τὸ
1318 5147 1607 5211 θεάσασθαι
1666 5144 1826 5201 αὑτὸν
1884 5145 1975 5200 καὶ

310 5233 364 5290 ἐν
426 5235 578 5308 ὑμῖν,
641 5235 716 5298 ὡς
751 5233 964 5311 εἷ’ρηκα.
999 5234 1180 5291 Ἀλλὰ
1219 5235 1319 5290 οὐκ
1375 5234 1511 5310 ἔγνω
1565 5237 1600 5304 ἡ
1652 5237 1805 5311 ψυχή
1844 5257 1969 5308 μου.

310 5321 538 5394 Δηλαδή
573 5323 728 5380 οὕπω
765 5324 1070 5399 ἐθεασάμην
1119 5324 1278 5380 αὑτὸν
1324 5323 1381 5379 ἐν
1434 5327 1584 5398 ὑμῖν,
1620 5324 1695 5388 ὡς
1751 5326 1827 5397 μή
1894 5346 1977 5381 τε-

309 5412 635 5478 λειωθείσας
718 5411 796 5470 ἔτι
868 5415 1007 5470 κατὰ
1075 5409 1306 5489 Χριστόν
1345 5434 1358 5446 ο
1419 5414 1578 5475 οὗτος
1641 5410 1688 5468 δ’
1737 5413 1974 5469 ἐντεῦθεν

307 5497 468 5558 ἔθετό
513 5524 582 5577 με
627 5504 846 5579 ἅρματα
905 5497 1209 5577 Ἀμιναδάϐ
1243 5521 1256 5533 ⁶
1309 5501 1504 5571 εῗτουν,
1583 5502 1853 5572 πεποίηκὲ
1913 5524 1981 5576 με

309 5590 574 5668 ὀχήματα
625 5594 842 5663 ἑαυτοῦ,
889 5593 962 5655 ὡς
1027 5597 1146 5655 ταῖς
1179 5589 1553 5659 διδασκαλίαις
1582 5593 1846 5670 φέρουσαν
1879 5595 1995 5650 αὐο.

380 5773 426 5811 ⁷ο
452 5773 624 5832 Joan.
656 5789 753 5844 xv,
780 5773 837 5831 5.
913 5773 955 5809 '“
991 5773 1198 5832 Matth.
1231 5789 1288 5846 x,
1321 5773 1408 5830 16.
1483 5772 1530 5808 ⁷³
1559 5771 1725 5831 Cant.
1758 5790 1858 5844 vn,
1889 5774 1946 5830 2.

2091 3362 2310 3434 quibus
2333 3365 2530 3417 cortex
2549 3360 2783 3432 quidem
2807 3361 3170 3417 extrinsecus
3194 3361 3358 3416 adest
3380 3358 3743 3431 astringendi

2089 3452 2210 3508 vim
2229 3452 2475 3517 habens,
2500 3450 2860 3506 intrinsecus
2909 3455 3108 3507 autem
3152 3451 3308 3506 inest
3354 3451 3582 3505 fructus
3604 3463 3740 3520 gus-

2090 3541 2353 3598 tantibus
2394 3539 2760 3596 dulcedinem
2788 3540 3059 3613 all‘erens)
3091 3539 3336 3595 virtutes
3367 3538 3479 3594 illa:
3509 3538 3743 3594 timoris

2090 3631 2177 3688 tui
2210 3630 2550 3687 austeritate
2579 3635 2958 3700 conservatae,
2989 3629 3359 3702 gustantium
3383 3633 3578 3684 autem
3612 3627 3742 3683 ani-

2091 3737 2218 3777 mos
2263 3719 2386 3792 spei
2421 3719 2480 3775 in
2515 3723 2569 3775 te
2599 3719 2915 3776 dulcedine
2945 3719 3322 3786 delectantes,
3357 3732 3568 3789 nempe
3600 3735 3743 3790 pru-

2091 3811 2292 3866 dentia
2323 3813 2380 3867 et
2410 3809 2764 3882 simplicitas
2795 3810 2868 3865 ad
2900 3808 3355 3866 similitudinem
3388 3809 3616 3864 fructus
3637 3807 3743 3864 ﬂo-

2089 3899 2373 3957 rescentis
2394 3903 2691 3955 exstarent
2715 3899 2774 3954 in
2799 3899 3085 3971 patientia
3112 3915 3123 3953 :
3149 3898 3463 3968 prudentia
3501 3898 3740 3969 quidem

2087 3990 2264 4045 ﬁdem
2325 4006 2462 4060 erga
2527 3992 2580 4043 te
2629 3988 2702 4044 ab
2762 3988 2951 4044 hostis
3009 3987 3269 4056 ictibus,
3329 3986 3505 4043 veluti
3564 3989 3742 4057 caput

2089 4079 2387 4149 quoddam
2444 4077 2744 4150 integrum
2804 4094 3044 4132 servans
3081 4093 3094 4132 :
3131 4076 3484 4148 simplicitas
3543 4080 3735 4130 autem

2086 4167 2459 4224 dilectionem
2492 4183 2632 4239 erga
2661 4167 2996 4238 proximum
3032 4166 3090 4221 in
3138 4167 3317 4222 variis
3346 4164 3739 4221 tentationum

2086 4257 2514 4314 invasionibus.
2564 4257 3070 4321 Quemadmodum
3120 4255 3180 4311 in
3231 4254 3565 4328 Evangeliis
3614 4253 3743 4326 ipse

2086 4346 2287 4403 dixisti
2341 4363 2354 4401 :
2418 4347 2551 4402 Ecce
2607 4346 2763 4401 milia
2820 4361 2911 4401 vos
2967 4347 3110 4401 sicut
3167 4361 3294 4401 oves
3350 4347 3497 4401 inter
3563 4344 3738 4417 lupos.

2084 4439 2263 4492 Estote
2282 4453 2410 4508 ergo
2465 4435 2758 4508 prudentes
2812 4437 2951 4492 sicut
3008 4444 3308 4508 serpentes,
3369 4439 3420 4491 et
3465 4434 3742 4506 simplices

2083 4528 2223 4581 sicut
2277 4526 2635 4582 columbae“.
2672 4555 2737 4567 -
2770 4526 2894 4581 Illic
2949 4526 3085 4581 dabo
3143 4526 3248 4580 tibi
3303 4525 3474 4580 ubera
3531 4540 3652 4579 mea
3673 4523 3737 4575 ⁷³.

2089 4615 2150 4669 In
2184 4630 2250 4670 eo
2282 4613 2565 4669 nimirum
2626 4613 2912 4669 virtutum
2964 4613 3133 4668 horto
3184 4629 3360 4684 quem
3406 4611 3570 4676 dixit,
3611 4625 3742 4682 quis

2087 4708 2227 4758 sunt
2274 4702 2579 4775 discipulae
2640 4703 2697 4757 in
2759 4703 2905 4775 ipsis
2964 4703 3262 4775 plunlatae,
3307 4699 3632 4757 naturalem
3684 4703 3741 4754 et

2086 4792 2368 4848 moralem
2394 4792 2720 4848 doctrinam
2743 4808 3227 4863 meam,quarum
3251 4789 3421 4862 quasi
3443 4793 3650 4844 mutuo
3673 4805 3738 4844 ac

2085 4879 2341 4935 naturali
2366 4880 2621 4952 quodam
2650 4879 2821 4935 lactis
2861 4880 2989 4934 cibo
3025 4879 3185 4951 ipsas
3217 4876 3436 4947 nutrio,
3470 4875 3738 4948 praebebo

2086 4968 2190 5024 tibi
2221 4985 2460 5041 sponso,
2495 4986 2562 5024 ea
2593 4968 2816 5025 ratione
2849 4969 3264 5040 obtemperans
3293 4965 3736 5032 voluntatituae,

2086 5063 2258 5129 atque
2293 5057 2426 5112 illas
2485 5058 2594 5112 tibi
2655 5075 2688 5113 a
2738 5074 2830 5113 me
2863 5057 3173 5114 institutas
3231 5057 3552 5112 adducens.
3585 5055 3737 5111 Tum

2086 5147 2156 5204 ad
2218 5147 2544 5220 discipulas
2601 5151 2948 5204 convertens
3005 5161 3389 5203 sermonem:
3431 5144 3734 5214 Dcscendi,

2086 5237 2323 5308 inquit,
2383 5237 2452 5292 ad
2512 5253 2613 5293 vos
2671 5237 2742 5293 ab
2803 5236 2903 5293 illa
2964 5237 3151 5309 magis
3208 5253 3424 5292 arcana
3476 5233 3738 5308 specula-

2086 5326 2245 5382 tione
2275 5343 2388 5397 qua
2437 5343 2720 5398 sponsum
2773 5343 2970 5383 meum
3029 5326 3089 5381 in
3152 5343 3244 5382 me
3300 5325 3428 5398 ipsa
3474 5328 3739 5381 contem-

2088 5416 2237 5488 plor,
2261 5420 2328 5471 ut
2378 5416 2638 5472 viderem
2671 5416 2868 5489 ipsum
2899 5416 2955 5471 in
2989 5416 3172 5485 vobis,
3234 5415 3737 5488 quemadmodum

2088 5505 2228 5562 dixi.
2286 5505 2395 5562 Sed
2455 5522 2572 5561 non
2631 5505 2793 5562 novit
2850 5505 3038 5561 anima
3088 5521 3238 5562 mea.
3268 5505 3543 5561 Nondum
3603 5521 3735 5577 pro-

2089 5596 2237 5652 fecto
2271 5594 2438 5651 illum
2470 5596 2528 5651 in
2562 5595 2724 5652 vobis
2757 5596 3046 5668 perspexi,
3079 5611 3209 5667 quae
3247 5595 3486 5667 quidem
3542 5593 3737 5651 adhuc
