4110 6392
334 393 450 454 667

1664 391 1714 450 Μ
1726 389 1854 452 ΙΟΗ
1867 392 1906 449 Α
1922 389 2094 450 ELIS
2139 387 2412 451 PSELLI

3631 381 3755 443 668

334 523 600 598 perfectas
661 540 778 581 non
863 524 1006 580 estis
1090 523 1419 581 secundum
1497 521 1823 580 Christum.
1883 521 1986 578 Hic

2104 519 2190 576 τὸν
2219 519 2300 598 ἂρ’
2331 520 2525 590 έαυτῆς
2554 520 2693 596 πρὸς
2736 519 2877 594 ὑμᾶς
2910 517 3185 598 διαφόρως
3235 515 3330 574 καὶ
3379 513 3751 586 καταλλήλως

334 618 532 671 autem
605 613 822 670 idcirco
902 614 1100 686 posuit
1169 630 1264 670 me
1345 631 1553 670 currus
1632 612 1985 683 Aminadab,

332 703 444 760 hoc
472 706 583 773 est,
618 719 828 760 currus
882 719 976 759 me
1034 720 1176 759 suos
1234 703 1564 774 constituit,
1623 718 1753 773 quas
1803 700 1981 757 disci-

2103 609 2255 681 ὑμῖν.
2288 605 2588 683 Ἀμιναδὰϐ
2627 615 2753 686 γὰρ,
2786 607 2972 685 ἅρχων
3033 608 3190 681 λαοῦ,
3247 605 3600 682 ἑρμηνεύεται
3631 622 3643 637 ·
3693 601 3755 667 ες

2099 697 2207 753 ἐστι
2241 700 2477 771 Χριστὸς
2511 701 2538 755 ὁ
2569 699 2819 775 ἀρχηγὸς
2846 707 2946 769 τῆς
2980 696 3254 772 σωτηρίας
3283 700 3464 770 ἡμῶν.

332 809 534 883 plinis,
566 826 700 866 eum
731 810 788 865 in
822 826 914 866 me
947 811 1073 882 ipsa
1108 812 1178 865 ad
1213 827 1336 880 vos,
1373 810 1567 866 habita
1599 810 1885 880 cujusque
1914 811 2174 863 vestrum
2207 808 2450 878 ratione,
2482 810 2822 882 perferrem.
2849 807 3178 865 Aminadab
3209 806 3367 862 enim
3398 805 3747 876 interpreta-

335 914 487 971 mur,
515 899 794 972 Princeps
827 899 1049 972 populi,
1082 899 1180 970 qui
1213 899 1480 955 Christus
1511 901 1598 954 est
1619 902 1836 954 nostra)
1865 895 2076 953 salutis
2106 901 2330 955 auctor.

928 1008 1109 1062 Trium
1141 1010 1395 1063 Patrum.

406 1093 717 1167 Discipulm
749 1094 953 1151 dicunt
982 1096 1052 1151 ad
1087 1112 1366 1168 sponsam
1401 1110 1415 1149 :

407 1187 714 1253 Revertere,
767 1188 1040 1241 revertere
1099 1185 1388 1240 Sulamitis
1431 1198 1446 1240 :
1487 1185 1778 1250 revertere,
1814 1196 1992 1238 rever-

337 1284 453 1332 tere
478 1293 496 1329 :
528 1278 578 1330 et
607 1274 952 1330 intuebimur
982 1276 1041 1329 in
1071 1281 1140 1329 te.

408 1364 492 1420 Ab
524 1381 749 1420 arcanae
799 1363 1311 1434 contemplationis
1361 1360 1731 1418 sublimitate
1761 1361 1830 1416 ad
1864 1377 1988 1417 mo-

335 1453 452 1511 lem
487 1458 741 1525 quatuor
783 1452 1141 1524 generalium
1177 1452 1458 1508 virtutum
1492 1450 1820 1507 doctrinam
1854 1451 1987 1506 des-

336 1545 539 1612 cende,
597 1547 772 1615 atque
823 1559 891 1600 ex
935 1541 1306 1614 quadruplici
1352 1557 1554 1596 earum
1599 1539 1846 1609 ratione,
1880 1555 1990 1596 nos

336 1649 467 1706 quas
498 1632 1014 1706 pertubationibus
1032 1631 1222 1688 adhuc
1252 1645 1715 1700 commovemur,
1747 1644 1882 1701 rege
1898 1632 1986 1686 at-

337 1739 454 1796 que
474 1722 741 1790 institue,
765 1739 798 1778 o
819 1720 1186 1788 Sulamitis,o
1211 1737 1339 1793 quae
1357 1720 1430 1775 ab
1461 1719 1736 1775 omnibus
1759 1723 1987 1790 pertur-

333 1813 590 1871 bationis
622 1811 806 1870 libera
852 1809 1306 1883 tranquillitatis
1337 1813 1395 1866 et
1441 1808 1604 1882 pacis
1635 1824 1849 1865 nomen
1881 1808 1986 1865 ha-

333 1903 472 1972 bes;
501 1905 558 1958 et
581 1917 650 1958 ea
677 1900 1076 1973 spectabimus
1104 1899 1164 1956 in
1196 1903 1272 1967 te,
1307 1915 1430 1970 quis
1458 1901 1694 1970 propter
1724 1902 1983 1954 nostram

333 1991 841 2064 imperfectionem
865 1989 1057 2046 adhuc
1079 1989 1137 2044 in
1169 1989 1339 2045 nobis
1360 2005 1476 2044 non
1507 1987 1782 2044 vidimus.
1817 1987 1984 2052 Quaa-

333 2082 412 2139 rit
441 2085 639 2138 autem
670 2097 704 2137 a
734 2079 1044 2152 discipulis
1079 2096 1318 2152 sponsa,
1336 2078 1547 2150 Ecquid
1567 2080 1626 2134 in
1645 2077 1986 2135 Sulamitide

332 2185 459 2246 quae
487 2171 634 2228 venit
658 2169 798 2227 sicut
825 2170 983 2226 chori
1011 2168 1391 2239 castrorum",
1415 2168 1537 2225 sint
1557 2165 1985 2239 conspectum?

331 2259 626 2325 Quidnam
656 2258 1035 2332 conspicietis
1067 2259 1126 2315 in
1154 2275 1247 2314 me
1276 2258 1520 2332 pacifica
1553 2257 1639 2328 (ut
1689 2273 1818 2328 quae
1866 2273 1984 2312 non

329 2349 586 2422 amplius
613 2366 716 2421 per
745 2349 1058 2420 actionem,
1093 2349 1150 2403 in
1184 2347 1385 2405 hostili
1427 2347 1771 2418 certamine,
1804 2346 1984 2402 animi

330 2439 698 2496 ati'ectionem
758 2455 860 2510 per
918 2455 1132 2510 corpus
1185 2439 1451 2508 ostendo,
1487 2437 1585 2493 sed
1645 2437 1870 2493 ratione
1929 2439 1988 2492 et

331 2527 578 2584 scientia
608 2531 847 2599 propter
896 2528 1315 2598 perfectionem
1366 2527 1521 2582 veris
1551 2525 1610 2582 in
1648 2527 1820 2582 bonis
1851 2541 1984 2596 per-

331 2617 586 2688 maneo),
637 2633 763 2688 quae
815 2633 882 2673 ex
933 2616 1441 2688 perturbationum
1492 2614 1646 2671 bello
1680 2613 1988 2686 multiplex

331 2706 527 2775 redeo,
553 2705 708 2761 sicut
749 2704 910 2762 chori
963 2706 1202 2777 quidam
1235 2722 1302 2761 ex
1339 2704 1537 2777 praalio
1569 2703 1983 2760 revertentium

331 2794 590 2851 victorias
622 2794 976 2866 praeconium
1008 2794 1419 2851 celebrantes?
1449 2794 1596 2851 Cum
1628 2793 1785 2850 enim
1834 2797 1986 2850 stre-

333 2899 449 2940 nue
478 2900 581 2941 vos
612 2883 670 2938 in
695 2884 1015 2940 certamine
1045 2884 1323 2941 adversus
1345 2883 1799 2952 vitia,virtutum
1823 2882 1985 2939 insti-

337 2973 485 3030 tutis
514 2977 572 3029 et
601 2973 866 3030 moribus
893 2974 1222 3044 gesseritis,
1247 2973 1738 3046 horumjrationes
1771 2972 1854 3029 uti
1876 2973 1989 3030 vic-

329 3062 492 3121 toria:
522 3062 730 3120 laudes
770 3063 913 3120 scite
944 3063 1278 3120 concinitis.

922 3242 1106 3298 Trium
1135 3243 1390 3298 Patrum.

396 3329 710 3404 Discipulos
730 3337 927 3388 autem
960 3348 1237 3403 sponsam
1263 3331 1348 3387 sic
1370 3329 1980 3403 incipiuntcollauda-

323 3435 420 3476 re:
449 3421 624 3488 Quam
651 3421 879 3492 pulchri
901 3424 1181 3492 factisunt
1211 3437 1425 3492 gressus
1451 3421 1535 3476 tui
1568 3421 1628 3476 in
1651 3421 1988 3477 calceamen-

321 3511 544 3580 tis,ﬂtia
565 3510 1114 3568 Nadablltlirahilem
1139 3511 1458 3567 ostendunt
1480 3509 1980 3582 pulchritudinem

325 3614 565 3671 gressus
589 3599 700 3667 tui,
722 3599 941 3672 quibus
958 3604 1016 3656 te
1048 3600 1218 3657 nobis
1249 3617 1350 3672 per
1378 3599 1663 3655 virtutum
1721 3600 1984 3656 actiones

325 3689 761 3760 accommodas,
797 3705 912 3761 quo
946 3689 1004 3744 in
1038 3704 1242 3745 earum
1303 3689 1570 3744 moribus
1600 3695 1880 3759 tanquam
1923 3688 1980 3743 in

327 3776 744 3836 calceamentis
776 3779 1078 3847 incedens,
1110 3795 1212 3850 per
1267 3795 1482 3850 corpus
1527 3795 1627 3834 eas
1675 3778 1843 3834 nobis
1871 3777 1982 3834 im-

326 3866 598 3940 per-tectis
630 3869 1026 3934 demonstres,
1072 3873 1138 3924 ut
1168 3869 1240 3923 ad
1275 3869 1543 3924 virtutem
1594 3867 1985 3924 informemur

325 3956 588 4029 exemplo
647 3962 749 4015 tuo
808 3958 933 4014 ﬁlia
989 3957 1388 4030 Deizquippe
1442 3974 1592 4029 quae,
1653 3961 1718 4013 ut
1777 3958 1984 4033 patris,

327 4047 500 4103 audis
533 4064 835 4104 sermones
866 4049 1017 4120 ejus,
1050 4049 1151 4120 qui
1183 4048 1484 4116 omnibus,
1505 4047 1744 4104 etiamsi
1775 4046 1982 4111 nolint,

328 4135 670 4207 tibi,autem
697 4137 899 4194 volens
925 4137 1286 4193 dominatur.
1315 4136 1517 4192 Nadab
1530 4136 1685 4192 enim
1718 4140 1809 4192 est
1831 4135 1987 4207 prin-

330 4240 485 4295 ceps.
511 4225 632 4281 sive
653 4226 791 4293 dux,
835 4227 936 4298 qui
977 4229 1188 4298 sponte
1222 4227 1496 4297 imperat.
1530 4224 1624 4280 Sic
1654 4229 1850 4280 autem
1885 4241 1988 4296 per

328 4313 602 4370 virtutem
627 4314 859 4386 pulchri
893 4319 1034 4370 sunt
1052 4330 1292 4384 gressus
1314 4312 1572 4385 tui,quia
1589 4313 1988 4370 concinnitates

327 4407 599 4473 femorum
629 4411 851 4460 tuorum
898 4407 1039 4458 sunt
1067 4405 1214 4459 sicut
1248 4402 1507 4467 monilia,
1555 4418 1675 4473 quae
1713 4401 1990 4473 fabricata

328 4494 459 4547 sunt
515 4508 688 4547 manu
745 4493 1006 4563 artiﬁcis.
1078 4492 1253 4547 Recte
1309 4489 1582 4546 videlicet
1646 4491 1988 4564 rationeque

328 4580 636 4654 compositi
671 4586 868 4638 motus
919 4581 1316 4653 potentiarum
1377 4580 1438 4635 in
1497 4581 1876 4652 generatione
1921 4599 1988 4638 ac

331 4669 710 4743 corruptione
763 4669 1213 4727 consistentium
1249 4669 1600 4742 (cupidatem
1650 4675 1828 4743 atque
1870 4673 1987 4728 ira-

335 4759 614 4816 cundiam
646 4759 801 4833 dico)
831 4760 1004 4832 quasi
1032 4758 1106 4814 ab
1131 4759 1355 4815 artiﬁce
1385 4758 1630 4829 ratione,
1663 4761 1735 4817 ab
1766 4759 1840 4817 iis
1862 4777 1990 4833 quae

336 4853 696 4922 generantur
727 4854 786 4905 et
817 4853 1300 4921 corrumpuntur,
1333 4847 1406 4905 ad
1437 4849 1742 4922 superiora
1769 4850 1988 4918 inﬂexi,

337 4939 473 4996 simi
485 4939 568 4995 les
586 4944 728 4995 sunt
740 4939 1060 4996 monilibus
1075 4939 1367 4994 artiﬁcum
1385 4939 1721 4996 fabrefactis
1735 4945 1791 4996 et
1803 4941 1992 5014 ﬁgura

338 5028 524 5085 ﬂexis.
557 5029 946 5093 Quamobrem
970 5033 1026 5084 et
1059 5029 1360 5085 umbilicus
1399 5037 1524 5084 tuus
1543 5038 1727 5086 crater
1747 5033 1993 5087 tornati-

337 5115 430 5185 lis,
464 5132 580 5172 non
611 5115 885 5189 indigens
913 5115 1141 5188 poculo.
1183 5116 1435 5172 Omnino
1463 5118 1547 5174 vis
1578 5119 1858 5175 sensitive
1890 5125 1994 5176 tua

340 5205 467 5278 (per
497 5221 697 5276 quam,
722 5211 788 5262 ut
810 5223 912 5279 per
935 5205 1282 5262 umbilicum
1309 5206 1504 5262 infans
1525 5207 1585 5262 in
1609 5213 1773 5264 utero
1794 5225 1992 5266 rerum

339 5293 710 5350 sensibilium
733 5294 1159 5368 speculatione,
1185 5299 1247 5350 tu
1273 5295 1341 5351 ab
1375 5297 1639 5352 omnium
1671 5303 1859 5354 matre
1905 5316 1994 5355 sa-

339 5382 564 5455 pientia
592 5385 1017 5457 comprehensa
1047 5389 1105 5441 et
1133 5386 1355 5441 malitia
1370 5386 1605 5456 parvula
1627 5388 1671 5421 7‘
1711 5388 1991 5444 naturali-

341 5478 432 5529 ter
455 5473 724 5546 nutriris)
755 5474 1190 5546 receptaculum
1214 5479 1304 5530 est
1325 5474 1612 5532 naturalis
1635 5493 1829 5532 rerum
1853 5478 1991 5534 visi-

342 5561 554 5620 bilium
587 5562 964 5635 cognitionis,
997 5567 1153 5620 recte
1179 5563 1376 5637 gladio
1411 5563 1663 5636 Spiritus
1695 5573 1990 5626 exsectum

410 5741 455 5778 ⁷³
485 5740 651 5799 Cant.
687 5756 786 5815 vn,
823 5742 875 5798 1.
952 5740 998 5778 ⁷⁸
1023 5744 1046 5798 Ι
1076 5740 1206 5798 Cor.
1241 5757 1356 5810 11v,
1386 5741 1476 5797 20.

2661 1006 2784 1061 Τῶν
2812 1005 2859 1080 γ’
2898 1002 3172 1078 Πατέρων.

2170 1093 2238 1150 Ai.
2271 1090 2328 1149 δὲ
2363 1092 2658 1169 μαθήτριαί
2689 1114 2815 1171 φασι
2847 1093 2982 1169 πρὸς
3010 1093 3110 1161 τήν
3140 1090 3390 1169 νύμφηνο

2173 1183 2508 1260 Ἐπίστρεφε,
2565 1181 2874 1259 ἐπίστρεφε,
2930 1185 2965 1252 ἡ
3028 1181 3391 1255 Σουλαμῖετις,
3448 1178 3755 1257 ἰπίοτρεφε,

2100 1271 2404 1351 ἐπίστρεφε,
2435 1271 2524 1328 καὶ
2562 1270 2808 1346 ὀψόμεθα
2837 1271 2890 1328 έν
2926 1270 3032 1326 σοί.

2172 1369 2352 1432 Ἤτοι,
2411 1357 2802 1439 συγκατάϐαινε
2885 1361 2989 1416 ἀπὸ
3052 1364 3151 1416 τοῦ
3219 1359 3388 1434 ὕψους
3469 1364 3572 1428 τῆς
3645 1378 3752 1430 μυ·-

2100 1459 2290 1521 στικῆς
2325 1452 2554 1528 θεωρίας
2585 1452 2724 1528 πρὸς
2771 1451 2870 1520 τὴν
2923 1447 3014 1505 διὰ
3058 1454 3166 1504 τῶν
3207 1449 3478 1522 τεσσάρων
3527 1449 3754 1522 γενικῶν

2099 1539 2304 1616 ἀρετῶν
2361 1542 2559 1611 ἠθικὴν
2623 1538 2976 1596 διδασκαλίαν
3035 1541 3216 1612 ἡμῶν.
3265 1537 3760 1612 Συμμετριάζουσα

2097 1632 2236 1686 κατὰ
2261 1632 2360 1694 τὰς
2399 1630 2693 1704 εἰρημένας
2757 1630 2950 1704 ἀρετὰς
2999 1631 3284 1703 τετραχῶς
3336 1632 3458 1689 ταῖς
3516 1623 3594 1681 ἔτι
3651 1625 3757 1681 ὑπὸ

2099 1725 2284 1784 παθῶν
2348 1717 2722 1796 ὀχλουμέναις
2777 1720 3005 1792 ἡμῖν,ἡ
3065 1714 3135 1772 δι’
3173 1717 3434 1782 ἀπάθειαν
3495 1713 3759 1790 ἑρμηνεύ-

2099 1829 2251 1865 ουσαο
2301 1811 2337 1878 ἡ
2391 1806 2730 1882 Σουλαμῖτις
2776 1808 2904 1884 γὰρ,
2947 1805 3318 1884 εἴρηνεύουσα,
3350 1803 3701 1879 ἆρμηνεύεται
3736 1820 3750 1838 ⁶

2092 1900 2181 1955 καὶ
2233 1898 2534 1972 θεασόμεθα
2589 1898 2645 1953 έν
2701 1896 2786 1952 σοὶ
2845 1896 2878 1952 ’ἀ
2934 1898 3102 1970 μήπω
3147 1895 3202 1951 έν
3231 1896 3449 1957 έαυταῖς
3504 1893 3752 1970 ἑωράκα-

2095 2009 2192 2062 μεν
2281 1985 2370 2043 διὰ
2424 1987 2524 2056 τὴν
2592 1987 2862 2060 ἡμετέραν
2925 1985 3194 2042 ἀτέλειαν.
3253 1988 3463 2059 Ἐρωτᾷ
3515 1981 3564 2040 δ’
3611 1981 3751 2053 αὕτη

2093 2077 2258 2142 αὐτάς
2295 2097 2308 2110 ·
2369 2079 2429 2132 Τί
2487 2072 2681 2151 ὄψεσθε
2755 2074 2807 2131 έν
2879 2079 2948 2150 τῇ
3018 2071 3381 2149 Σουλαμίτιδι
3416 2117 3432 2143 ,
3488 2074 3524 2143 ἡ
3578 2072 3751 2150 ἔρχο-

2096 2166 2231 2242 μένη
2291 2169 2368 2231 ὡς
2451 2167 2616 2243 χοροὶ
2673 2169 2778 2221 τῶν
2855 2159 3268 2239 παρεμϐολῶν,
3320 2160 3520 2240 ἤγουν,
3567 2161 3638 2222 Τί
3695 2161 3751 2219 ἂν

2094 2256 2216 2331 ἐμοὶ
2279 2255 2532 2332 θεάσεσρε
2586 2258 2656 2329 τῇ
2714 2252 3100 2330 είρηνευούσῃ;
3161 2253 3236 2316 ὡς
3309 2251 3502 2327 μηκέτι
3579 2249 3750 2308 πολε·

2098 2351 2270 2420 μικῶς
2327 2344 2418 2401 καὶ
2474 2345 2848 2422 ἀγωνιστικῶς
2907 2343 3041 2399 κατὰ
3104 2342 3296 2416 πρᾶξιν
3353 2343 3453 2412 τήν
3511 2361 3753 2418 κεκρυμ-

2098 2435 2263 2510 μένην
2309 2456 2414 2508 μου
2491 2432 2725 2490 διάθεσιν
2782 2431 3088 2510 φανερούσῃ
3148 2429 3238 2488 διὰ
3288 2435 3386 2486 τοῦ
3445 2429 3702 2504 σώματος
3735 2447 3749 2462 ·

2093 2524 2240 2581 ἀλλὰ
2270 2524 2506 2599 λογικῶς
2565 2523 2656 2580 καὶ
2713 2526 3029 2596 γνιηοτικῶς
3087 2527 3203 2583 τοῖς
3260 2520 3483 2591 ἀληθῶς
3529 2520 3753 2595 ἀγαθοῖς

2095 2613 2405 2690 έμμενούσῃ
2462 2611 2554 2668 διὰ
2606 2611 2947 2684 τελειότητα,
3015 2612 3050 2681 ἡ
3113 2610 3172 2666 ἐκ
3234 2614 3328 2664 τοῦ
3397 2614 3508 2665 τῶν
3565 2607 3750 2673 παθῶν

2093 2703 2344 2778 πολέμου
2405 2700 2815 2778 έπανερχομένη
2871 2699 3124 2772 πληθύς·
3188 2699 3371 2775 ὥσπερ
3436 2699 3579 2761 τινες
3632 2697 3756 2753 ἐπι-

2093 2793 2299 2856 νικίους
2330 2789 2547 2864 ᾅδοντες
2578 2790 2780 2866 ὕμνους
2808 2789 2972 2867 χοροὶ
3001 2794 3110 2846 τῶν
3168 2789 3227 2845 ἐκ
3269 2787 3526 2862 πολέμου
3585 2786 3753 2843 ἐπαν-

2095 2883 2431 2958 ερχομένων.
2484 2880 2750 2943 Γενναίως
2807 2882 2909 2957 γὰρ
2970 2878 3020 2934 έν
3075 2883 3156 2952 τῷ
3210 2879 3348 2934 κατὰ
3399 2881 3508 2934 τῶν
3563 2879 3750 2942 παθῶν

2093 2973 2330 3045 πολέμῳ
2410 2967 2807 3049 ἀγωνισάμεναι
2887 2969 3024 3028 κατὰ
3114 2967 3242 3031 τοὺς
3321 2968 3559 3043 τρόπους
3641 2971 3752 3021 τῶν

2094 3063 2319 3138 ἀρετῶν,
2380 3061 2457 3124 ὡς
2515 3059 2814 3123 ἐπινικίους
2873 3058 3077 3134 ὕμνους
3103 3057 3230 3122 τοὺς
3283 3056 3491 3113 τούτων
3549 3053 3754 3132 λόγους

2093 3150 2246 3224 ᾄδετε
2276 3155 2612 3228 γνωστικῶς.

2658 3243 2774 3294 Τῶν
2802 3239 2848 3316 γ’
2877 3239 3154 3314 Πατὲρων.

2165 3330 2235 3387 Αἱ
2269 3327 2326 3386 δὲ
2360 3331 2656 3404 μαθήτριαι
2700 3328 2795 3384 τὸν
2852 3334 2952 3397 τῆς
3011 3325 3231 3402 νύμφης
3291 3319 3510 3380 ἔπαινον
3569 3326 3750 3379 ⁴ποιεῖ’-

2092 3430 2214 3484 οθαι
2269 3418 2674 3494 ἆπαρχόμεναι,
2703 3415 2870 3485 φασί·
2903 3415 2968 3473 Τί
3025 3416 3388 3492 ὠραιώθησαν
3438 3407 3750 3486 διαϐήματά

2091 3529 2187 3564 του
2241 3507 2294 3563 ἰν
2352 3505 2688 3581 ὑποδήματι,
2747 3506 2984 3582 θύγατερ
3039 3499 3250 3561 Naidis!
3286 3501 3571 3574 δηλονότι,
3601 3507 3743 3556 Θαυ-

2097 3600 2290 3672 μάσιον
2353 3595 2563 3660 κάλλος
2644 3593 3003 3652 ένδείκνυνται
3063 3595 3118 3650 αἱ
3182 3594 3320 3650 κατά
3389 3593 3485 3655 τὰς
3561 3588 3748 3667 ἀρετὰς

2091 3681 2549 3763 συγκαταϐατικαὶ
2621 3687 2757 3761 πρὸς
2835 3687 2982 3758 ἡμᾶς
3051 3681 3270 3760 πορεῖαί
3346 3703 3443 3737 σου
3520 3679 3571 3736 έν
3630 3684 3748 3742 τοῖς

2090 3776 2296 3833 τούτων
2327 3777 2466 3832 κατὰ
2502 3777 2694 3850 πρᾶξιν
2741 3775 2992 3849 τρόποις,
3025 3773 3116 3837 οὒς
3175 3771 3364 3847 οἷάπερ
3423 3768 3752 3843 ὑποδήματα

2095 3863 2470 3935 ὑποδέδενται,
2525 3862 2616 3919 ἳνα
2677 3861 2766 3919 διὰ
2821 3865 3078 3936 σώματος
3140 3860 3401 3937 δειχθῶσι
3455 3865 3573 3923 ταῖς
3630 3859 3749 3914 ἀτε-

2094 3953 2242 4012 λέσιν
2265 3959 2424 4028 ἡμῖν,
2457 3954 2548 4012 καὶ
2579 3955 2920 4026 τυπωθῶμεν
2952 3953 3090 4028 πρὸς
3139 3953 3335 4028 ἀρετὴν
3379 3954 3459 4022 τῷ
3507 3948 3646 4004 κατᾶ
3693 3947 3752 4002 σε

2092 4042 2513 4120 παραδείγματι.
2584 4043 2816 4120 θύγατερ
2908 4046 3084 4099 Θεοῦ·
3145 4042 3220 4100 ὡς
3298 4038 3570 4096 ἀκούουσα
3640 4041 3747 4093 τῶν

2096 4132 2274 4209 λόγων
2333 4134 2523 4201 αὐτοῦ,
2581 4133 2668 4188 οἶα
2720 4132 2947 4208 πατρὸς,
2980 4131 3041 4194 ὃς
3095 4129 3306 4185 πάντων
3369 4130 3464 4203 μὶν
3514 4128 3608 4184 κᾶν
3673 4128 3750 4200 μή

2094 4222 2324 4279 θέλωσιν
2381 4223 2579 4298 ἄρχει·
2642 4226 2739 4277 σοῦ
2797 4218 2855 4276 δὲ
2911 4223 3002 4276 καὶ
3061 4217 3347 4276 ἑκουσίως.
3408 4212 3592 4273 Ναδὰϐ
3650 4216 3751 4293 γὰρ

2095 4309 2282 4387 ἄρχων
2369 4312 2404 4382 ἢ
2481 4311 2710 4386 ἡγεμὼν
2793 4308 3243 4382 ἐκουσιαζόμενος
3345 4305 3701 4384 ἑρμηνεύεται
3737 4323 3752 4338 θ

2097 4399 2240 4456 οὕτω
2272 4397 2316 4456 δ’
2347 4399 2481 4455 εἰσὶν
2512 4401 2568 4455 αἱ
2599 4400 2716 4455 κατ’
2747 4399 2945 4476 ἂρετὴν
3003 4398 3222 4475 πορεῖαί
3251 4418 3347 4453 σου
3399 4397 3599 4473 ὡραῖαι
3623 4415 3635 4428 ·
3669 4393 3754 4452 ὅτι

2095 4490 2320 4563 Ῥυθμοὶ
2385 4493 2576 4565 μηρῶν
2637 4510 2734 4546 σου
2803 4487 2991 4563 ὅμοιοι
3043 4483 3509 4565 ὁρμίσκοις,ἔργα
3548 4489 3752 4562 χειρῶν

2097 4579 2372 4656 τεχνίτου.
2416 4576 2642 4650 Δηλαδή
2675 4580 2728 4634 αἱ
2785 4579 2922 4634 κατὰ
2981 4576 3149 4654 λόγον
3204 4574 3452 4633 εὔτακτοι
3510 4577 3756 4646 κινήσεις

2102 4670 2212 4725 τῶν
2259 4670 2381 4743 περὶ
2437 4669 2500 4724 τὸ
2557 4667 2609 4724 ἐν
2669 4667 2873 4745 γενέσει
2927 4668 3020 4723 καὶ
3078 4667 3254 4746 φθορᾷ
3307 4665 3754 4741 καταγινομὶνων

2098 4759 2410 4834 πρακτικῶν
2482 4778 2578 4814 σου
2651 4754 2932 4830 δυνάμεων
2965 4775 2978 4788 ·
3037 4762 3140 4827 τῆς
3211 4755 3529 4830 ἐπιθυμίας,
3583 4752 3755 4831 λέγω,

2099 4851 2189 4904 καὶ
2235 4852 2334 4903 τοῦ
2392 4851 2591 4922 θυμοῦ,
2652 4847 2727 4910 ὡς
2791 4847 2895 4904 ὑπὸ
2951 4844 3206 4922 τεχνίτου
3261 4849 3359 4901 τοῦ
3418 4844 3590 4920 λόγου
3645 4843 3755 4900 ἀπὸ

2100 4943 2205 4994 τῶν
2265 4942 2512 5013 γενητῶν
2597 4936 2686 4993 καὶ
2774 4940 3026 5014 φθαρτῶν
3091 4935 3228 5012 πρὸς
3280 4934 3349 4990 τὰ
3398 4935 3534 5010 ὑπὲρ
3587 4937 3757 4990 ταῦτα

2099 5029 2514 5101 καμπτόμεναι,
2574 5029 3000 5101 παρεικάζονται
3073 5024 3360 5101 ὁρμίσκοις
3433 5023 3755 5101 εἷργαζομέ-

2101 5137 2216 5179 νοις
2261 5117 2364 5172 ὑπὸ
2423 5119 2633 5192 χειρῶν
2682 5115 2960 5191 τεχνίτου,
3017 5119 3295 5188 καμπτοῖς
3349 5118 3428 5187 τῷ
3485 5116 3758 5190 σχήματι.

2099 5210 2255 5271 Ὅθεν
2315 5206 2406 5262 καὶ
2455 5207 2516 5263 Ὁ
2578 5201 2833 5283 ὀμφαλός
2889 5225 2986 5260 σου
3059 5205 3270 5282 κρατὴρ
3343 5205 3616 5280 τορευτὸς,
3680 5204 3758 5277 μὴ

2105 5296 2496 5372 ὑστερούμενος
2581 5301 2786 5371 κρᾶμα.
2862 5296 3087 5356 Πάντως
3169 5295 3231 5349 τὸ
3286 5293 3605 5364 αἴσθητικόν
3661 5314 3759 5348 σου

2101 5384 2195 5461 (δι’
2226 5386 2288 5440 οὗ
2322 5385 2398 5448 ὠς
2431 5383 2500 5441 δι’
2535 5383 2794 5462 ὀμφαλοῦ
2851 5386 2914 5441 τὸ
2965 5383 3017 5440 ἰν
3068 5386 3250 5461 μήτρᾳ
3310 5381 3505 5461 βρέφος
3560 5384 3756 5460 τρέφῃ,

2105 5479 2347 5555 φυσικῶς
2401 5479 2471 5550 τῇ
2529 5475 2648 5530 κατ’
2677 5472 2925 5546 αἶ’σθησιν
2985 5473 3187 5548 θεωρίᾳ
3241 5477 3348 5528 τῶν
3399 5468 3593 5543 ὄντων,
3626 5468 3760 5526 συλ-

2105 5565 2380 5644 ληφθεῖσα
2437 5565 2541 5621 ὑπὸ
2594 5571 2696 5635 τῆς
2750 5569 2969 5621 πάντων
3003 5563 3212 5638 μητρὸς
3269 5562 3485 5641 σοφίας,
3542 5560 3632 5617 καὶ
3689 5562 3759 5634 τῇ
