4110 6396
295 411 410 472 669

1333 406 1743 470 COMMENT.
1787 367 1868 467 IN
1912 403 2314 468 CANTICUM
2363 406 2668 468 CANTIC.

3596 404 3718 468 670
3751 371 3754 376 ’

294 541 458 621 κακίῃ
512 544 886 618 νηπιάξουσα)
943 539 1163 618 δοχεῖόν
1226 539 1339 598 ἔστι
1394 544 1492 611 τῆς
1551 548 1781 620 φυσικῆς
1837 542 1946 598 τῶν

2060 544 2117 599 et
2141 543 2214 598 ab
2246 541 2406 599 omni
2434 542 2640 600 fraude
2668 541 3028 614 sejunctum,
3077 559 3144 599 ac
3192 545 3504 615 propterea
3549 541 3710 598 haud

292 635 503 712 ὁρατῶν
531 633 812 710 γνώσεως,
860 631 1044 693 καλῶς
1085 635 1154 707 τῇ
1211 630 1457 707 μαχαίρᾳ
1502 629 1598 686 τοῦ
1633 630 1943 705 [Ινεύματος

291 722 568 800 δξεσμὲνον
634 722 724 780 καὶ
789 728 892 792 τῆς
968 721 1180 792 ἀπάτης
1263 719 1688 796 ἀπηλλαγμένον
1725 740 1740 754 ·
1817 719 1944 776 κάν-

288 818 474 878 τεῦθεν
525 811 602 878 ὡς
659 813 736 887 μή
783 809 1003 888 ἀλόγως
1055 815 1163 866 τῶν
1224 810 1495 881 αἰσθητῶν
1542 804 1944 884 ἀντιλαμϐανό-
1984 839 1990 845 ~

294 924 480 980 μενον,
540 902 602 957 ού
652 900 819 977 ψιλάς
877 902 973 966 τάς
1027 899 1339 978 ἐπιφανείας
1395 904 1502 956 τῶν
1564 900 1770 976 ἀρετῶν
1820 897 1946 955 ἑπι-

289 993 532 1070 φέρεται,
593 991 738 1048 ἀλλὰ
819 992 994 1055 πάσας
1067 996 1187 1054 τοῖς
1272 995 1665 1064 πνευματικοῖς
1735 989 1944 1044 τούτων

289 1079 488 1158 λόγοις
559 1080 973 1155 κεκερασμὲνας.
1051 1081 1112 1136 Ἡ
1181 1077 1240 1135 δὲ
1308 1079 1496 1136 κοιλία
1555 1101 1652 1136 σου
1711 1077 1947 1152 θημονία

289 1171 443 1228 σίτου
490 1171 840 1248 πεφραγμένη
895 1169 948 1225 ἐν
1005 1170 1248 1246 κρίνοις·
1301 1167 1451 1240 ἤτοι,
1516 1170 1586 1224 Τὸ
1660 1189 1946 1247 φανταστι-

287 1262 384 1318 κόν
414 1283 532 1330 σου,
564 1259 719 1334 ὅπερ,
752 1263 842 1315 οἷα
886 1257 1073 1316 κοιλία
1121 1259 1216 1314 σὺν
1263 1264 1382 1322 τοῖς
1413 1259 1788 1334 περιττώμασι
1818 1255 1944 1320 τοὺς

289 1348 353 1410 ix
395 1353 503 1405 τῶν
559 1349 864 1426 βρωμάτων
909 1346 1129 1424 χυμοὺς
1169 1346 1513 1423 ἀδιακρίτους
1561 1346 1769 1404 τούτων
1829 1347 1946 1402 ἐπι-

290 1439 597 1519 φερομένη)
655 1436 768 1512 ἅμα
822 1443 940 1501 ταῖς
997 1437 1332 1517 ἐπιφανείαις
1378 1441 1485 1492 τῶν
1548 1437 1757 1514 ὁρατῶν
1817 1434 1944 1498 τοὺς

287 1529 502 1587 τούτων
564 1527 871 1606 ἐπιφέρεται
921 1526 1146 1602 λόγους,
1199 1526 1451 1588 ἀπόθεσίς
1509 1525 1619 1582 ἐστι
1679 1525 1766 1581 καἶ
1829 1521 1945 1580 δια-

293 1619 440 1694 μονὴ
474 1617 629 1695 (ὅπερ
658 1618 720 1672 τὸ
765 1618 1006 1691 θημονία
1055 1614 1244 1691 δηλοῖ)
1288 1621 1385 1671 τοῦ
1431 1610 1641 1680 ἔνδοθεν
1672 1619 1781 1669 τῶν
1814 1635 1943 1693 φαν-

294 1711 490 1770 θεισῶν
549 1707 900 1787 ἐπιφανειῶν,
959 1707 1032 1769 ὡς
1087 1706 1190 1761 ὑπὸ
1239 1705 1528 1781 ἀσταχύων
1589 1703 1739 1759 σίτου
1787 1724 1944 1779 περι-

292 1795 714 1871 καλυπτομὲνου
771 1799 872 1862 τῆς
930 1795 982 1852 ἐν
1038 1793 1197 1861 ὅλοις
1255 1793 1514 1867 ἀληθείας
1571 1792 1946 1870 λόγου,ἄχρις

293 1886 360 1954 ἂν
421 1886 538 1962 μετ’
595 1885 906 1960 ἐπιστήμης
971 1883 1283 1961 διακρίνασα
1345 1883 1714 1962 ἀφελκύσηται
1784 1883 1942 1939 αὐτὸν

295 1979 334 2049 ἡ
397 1974 628 2046 διάνοια,
684 1976 773 2032 καὶ
838 1975 1042 2051 γυμνὸν
1100 1975 1302 2039 παντὸς
1362 1973 1815 2048 ἐπικαλύμματος
1859 1974 1946 2028 καὶ

299 2061 724 2142 προϐλήματος,
777 2065 1118 2142 παραπέμψῃ
1166 2071 1246 2140 τῷ
1302 2069 1400 2138 νῷ,
1461 2063 1859 2143 Πεφυλαγμὲνη
1893 2061 1950 2120 δέ

293 2153 498 2228 ἔστινή
528 2155 784 2219 ἀπόθεσις
825 2151 959 2227 αὕτη
1013 2157 1048 2226 ἡ
1097 2153 1186 2211 διὰ
1239 2159 1348 2210 τῶν
1406 2154 1600 2230 κρίνων
1649 2159 1747 2210 τοῦ
1778 2154 1949 2230 ἀγροῦ

296 2243 911 2322 παραδειγματιζομὲνη
944 2242 998 2300 ἐν
1047 2244 1427 2320 Εὐαγγελίοις,
1489 2243 1804 2318 ἀμεριμνίᾳ,
1857 2242 1950 2298 ’ίνα

300 2335 378 2409 μὴ
417 2335 520 2390 ὑπὸ
574 2339 676 2390 τῶν
722 2338 820 2390 τοῦ
883 2335 1005 2411 βίου
1064 2332 1335 2411 διαφθαρῇ
1397 2339 1698 2409 μεριμνῶν,
1733 2334 1947 2389 καὶτοῦ

305 2424 358 2480 ἰν
415 2424 580 2500 ταύτῃ
653 2427 1022 2498 πνευματικοῦ
1091 2428 1302 2500 καρποῦ
1367 2425 1394 2479 ὁ
1479 2423 1648 2486 καλὸς
1705 2423 1949 2500 γεωργὸς

286 2519 413 2578 νοῦς
463 2517 720 2591 στερηθῇ.
782 2517 884 2573 Καὶ
935 2515 1079 2570 οὕτω
1134 2517 1227 2590 μὶν
1279 2517 1314 2586 ἡ
1373 2517 1564 2571 κοιλία
1591 2536 1706 2572 σον.
1765 2517 1832 2572 0i.
1891 2512 1948 2571 δὲ

292 2602 390 2660 δύο
460 2605 654 2680 μαστοί
712 2626 829 2674 σου,
905 2605 980 2668 ὡς
1059 2601 1154 2660 δύο
1231 2600 1414 2682 νεϐροὶ
1478 2602 1699 2678 δίδυμοι
1760 2603 1949 2681 δορκά·

289 2692 384 2759 δος
421 2713 434 2729 ⁸
462 2694 654 2772 ἤγουν,
685 2696 747 2752 Ἥ
797 2697 998 2773 φυσική
1042 2693 1133 2750 καὶ
1175 2697 1210 2766 ἡ
1242 2697 1408 2767 ἠθικὴ
1444 2692 1770 2751 διδασκαλία
1801 2717 1896 2750 σου
1930 2714 1942 2729 ·

295 2781 366 2840 δι’
424 2787 498 2840 ὧν
537 2787 635 2851 τάς
709 2783 921 2848 ἀτελεῖς
969 2785 1181 2863 τρέφεις
1229 2788 1402 2858 ἡμᾶς,
1462 2785 1653 2861 οἷάπερ
1712 2783 1945 2861 γάλακτι

289 2879 409 2938 τοῖς
440 2879 691 2952 φυσικοῖς
724 2872 911 2949 λόγοις
942 2874 1032 2929 καὶ
1060 2873 1288 2950 τρόποις
1319 2874 1456 2949 πρὸς
1486 2876 1587 2944 τήν
1637 2874 1687 2930 ἐν
1735 2876 1948 2950 Χριστῷ

291 2963 614 3036 τελειότητα
645 2983 658 2996 °
723 2960 836 3039 ἅμα
887 2962 946 3018 ἐκ
997 2968 1093 3019 σοῦ
1144 2964 1282 3040 κγτά
1336 2965 1430 3039 μὶν
1463 2964 1689 3040 θεωρίαν
1726 2962 1948 3041 ὀξυδερ-

291 3058 424 3128 κῶς,
481 3053 619 3114 κατά
678 3049 734 3108 δὲ
791 3054 980 3128 πρᾶξιν
1016 3051 1335 3128 ὀξυδρόμως
1365 3052 1615 3130 προίασιν
1652 3073 1665 3086 ·
1699 3055 1776 3118 ὡς
1807 3057 1946 3128 μήτε

289 3144 382 3202 τὸν
416 3143 584 3220 λόγον
631 3141 927 3220 ἄπρακτον,
979 3145 1118 3218 μήτε
1164 3145 1263 3214 τὴν
1295 3144 1508 3220 ’πρᾶξιν
1569 3141 1772 3221 ἄλογον
1829 3142 1945 3199 ἐπι-

288 3231 667 3308 δεικνυμένης.
730 3233 872 3308 Πρὸς
927 3231 1143 3295 τούτοις
1219 3230 1296 3289 δὲ.
1346 3230 1643 3309 Τράχηλός
1703 3254 1820 3303 σου,
1871 3234 1947 3296 ὡς

2053 635 2293 704 temere,
2327 649 2454 704 quae
2488 634 2596 689 sub
2639 649 2879 689 sensum
2911 633 3157 702 cadunt,
3207 632 3558 704 percipiens,
3592 648 3710 689 non

2054 722 2355 794 simplices
2385 722 2668 778 virtutum
2701 722 2926 794 species
2958 721 3148 789 affert,
3176 721 3276 777 sed
3297 738 3498 777 omnes
3529 721 3713 794 spiri-

2057 811 2276 870 talibus
2307 829 2512 868 earum
2545 811 2877 868 rationibus
2913 811 3495 882 temperatas.Venter
3518 815 3713 869 autem

2055 910 2179 958 tuus
2207 904 2350 958 sicut
2371 918 2596 957 acervus
2655 901 2834 957 tritici
2877 899 3122 956 vallatus
3174 899 3340 956 liliis.
3394 899 3488 956 Vis
3535 900 3715 956 nimi-

2055 1009 2188 1054 rum
2213 991 2614 1062 imaginative,
2632 1008 2760 1063 quae
2785 991 3024 1063 quidem
3057 991 3358 1060 (utventer
3376 989 3557 1046 simul
3577 1007 3712 1046 cum

2057 1081 2235 1138 rebus
2259 1081 2578 1154 superﬂuis
2600 1081 2865 1136 ciborum
2890 1095 3098 1135 succos
3119 1081 3190 1135 ab
3215 1078 3333 1134 illis
3363 1078 3715 1136 indiscretos

2055 1170 2337 1241 continet)
2363 1187 2480 1226 una
2528 1186 2660 1226 cum
2694 1186 2888 1225 rerum
2920 1167 3245 1224 visibilium
3276 1168 3584 1241 speciebus
3613 1184 3713 1224 ea-

2056 1277 2187 1316 rum
2220 1260 2482 1316 rationes
2530 1259 2701 1332 gerit,
2744 1264 2837 1316 est
2903 1257 3182 1331 repositio
3239 1262 3296 1313 et
3351 1257 3715 1314 conservatio

2055 1350 2230 1420 (quod
2264 1349 2504 1421 quidem
2528 1365 2770 1405 acervus
2803 1348 3046 1417 indicat)
3079 1347 3324 1404 rationis
3355 1363 3553 1403 rerum
3584 1364 3714 1404 om-

2058 1439 2223 1496 nium
2255 1439 2539 1510 veritatis,
2574 1455 2704 1508 qua:
2735 1437 2891 1493 inter
2931 1438 3180 1510 species,
3213 1441 3278 1492 ut
3323 1437 3478 1492 inter
3519 1436 3716 1510 spicas

2056 1528 2339 1599 triticum,
2374 1527 2755 1584 circumtecla
2795 1527 3142 1595 includitur,
3175 1527 3359 1584 donec
3391 1541 3495 1600 per
3523 1528 3714 1583 scien-

2055 1617 2202 1674 tiam
2226 1617 2500 1690 cogitatio
2522 1617 2714 1689 ipsam
2742 1617 3113 1690 distinguens
3136 1617 3716 1685 attraxerit,nudam-

2060 1722 2173 1780 que
2205 1708 2278 1764 ab
2308 1707 2470 1763 omni
2500 1707 2904 1780 integumento
2929 1723 2994 1762 ac
3039 1706 3406 1763 dubitatione
3444 1706 3515 1762 ad
3542 1723 3714 1765 men-

2060 1802 2179 1854 tem
2203 1797 2795 1855 transmiserit.Circu
2807 1795 3084 1853 mvallata
3106 1799 3303 1852 autem
3320 1797 3714 1853 custoditaest

2059 1886 2182 1944 haec
2203 1887 2483 1960 repositio
2507 1885 2954 1959 tranquillitate,
2989 1903 3114 1958 quae
3157 1885 3283 1959 agri
3321 1885 3581 1943 liliorum
3612 1902 3712 1942 ex-

2059 1976 2254 2049 emplo
2288 1978 2346 2031 in
2390 1976 2717 2050 Evangeliis
2761 1976 3180 2044 declaratur“,
3232 1992 3304 2032 ne
3352 1975 3525 2032 istius
3579 1976 3713 2033 vita

2060 2065 2504 2124 eollicidinibus
2527 2082 2695 2122 mens
2743 2065 2914 2138 quasi
2956 2065 3147 2122 bonus
3177 2064 3434 2138 agricola
3461 2064 3714 2138 spiritali

2058 2155 2249 2230 ipsius
2284 2157 2474 2212 fructu
2503 2156 2784 2230 privetur.
2810 2159 2994 2229 Atque
3016 2155 3099 2212 ita
3124 2155 3363 2228 quidem
3401 2172 3464 2213 se
3510 2161 3714 2212 venter

2059 2246 2256 2302 habet.
2304 2247 2420 2302 Duo
2475 2250 2672 2302 autem
2729 2246 2906 2302 ubera.
2964 2249 3081 2314 tua,
3131 2255 3277 2302 sicut
3323 2247 3427 2303 duo
3481 2246 3716 2306 hinnuli

2057 2337 2281 2406 gemelli
2327 2353 2554 2408 capreae.
2589 2335 2887 2391 Naturalis
2920 2342 2976 2392 et
3007 2336 3248 2393 moralis
3295 2335 3564 2393 doctrina
3592 2354 3711 2408 qua

2059 2445 2166 2484 nos
2186 2428 2560 2500 imperfectos
2591 2433 2878 2500 tanquam
2902 2429 3072 2494 lacte,
3101 2435 3226 2482 tum
3251 2427 3582 2483 rationibus
3605 2444 3708 2482 na-

2057 2517 2368 2588 turalibus,
2395 2523 2562 2573 tuum
2599 2517 2860 2574 moribus
2886 2519 2958 2573 ad
2991 2535 3119 2574 eam
3146 2535 3271 2590 qius
3297 2518 3356 2574 in
3377 2518 3606 2574 Christo
3627 2522 3716 2574 est

2058 2609 2479 2681 perfectionem
2516 2608 2702 2664 nutrit
2735 2624 2747 2664 :
2784 2608 3002 2679 pariter
3032 2624 3101 2663 ex
3131 2613 3186 2664 te
3233 2613 3360 2664 tum
3419 2612 3587 2664 acute
3614 2624 3719 2679 per

2058 2697 2640 2770 contemplationem,
2665 2701 2791 2754 tum
2815 2714 2918 2770 per
2940 2697 3230 2754 actionem
3253 2697 3522 2754 celeriter
3545 2697 3676 2754 ﬂuit
3701 2713 3716 2753 ι

2059 2804 2195 2843 cum
2229 2804 2419 2859 neque
2451 2787 2738 2844 rationem
2771 2788 2899 2843 sine
2931 2787 3179 2854 actione,
3214 2803 3403 2860 neque
3427 2786 3716 2843 actionem

2057 2878 2186 2934 sine
2217 2878 2440 2934 ratione
2461 2879 2672 2934 doceas
2720 2894 2850 2934 esse
2897 2877 3402 2950 conplectendam.
3445 2879 3533 2934 Ad
3589 2877 3712 2934 haec

2056 2969 2260 3027 collum
2291 2976 2448 3024 tuum
2475 2970 2621 3024 sicut
2653 2969 2826 3024 turris
2855 2968 3125 3025 eburnea.
3152 2967 3416 3024 Rationis
3447 2969 3556 3037 vis,
3590 2984 3718 3040 quae

2058 3061 2123 3114 ut
2153 3055 2372 3114 collum
2403 3058 2580 3129 capiti
2629 3073 2843 3130 corpus
2875 3056 3195 3131 reliquum,
3230 3057 3314 3114 ita
3347 3057 3529 3114 menti
3579 3073 3714 3114 sen-

2057 3163 2190 3204 sum
2223 3145 2535 3203 connectit.
2569 3146 2752 3202 turris
2801 3146 3038 3218 quidem
3091 3145 3280 3202 instar
3308 3163 3412 3219 per
3440 3145 3717 3203 virtutem

2060 3254 2094 3293 a
2125 3236 2300 3293 rebus
2323 3235 2662 3292 carnalibus
2686 3236 2757 3292 ad
2779 3235 3077 3307 spiritales
3100 3253 3166 3292 ac
3187 3234 3452 3292 ccelestes
3495 3235 3717 3293 extolli-

286 3323 496 3402 πύργος
545 3321 914 3401 ὶλεφάντινος,
980 3320 1198 3394 Εἷίτουν,
1271 3323 1348 3380 Τὸ
1390 3301 1688 3379 ’συνάπτον
1747 3324 1824 3396 τῷ
1871 3328 1946 3396 νῷ

2060 3330 2179 3394 tur;
2201 3325 2344 3382 levis
2367 3331 2455 3382 est
2476 3329 2674 3382 autem
2699 3330 2756 3380 et
2787 3301 2935 3398 pura
2957 3341 3083 3398 quae
3114 3330 3205 3382 est
3233 3326 3399 3397 ebur,
3437 3326 3720 3398 quoniam

284 3415 388 3485 τὴν
435 3410 690 3484 αἴσθησιν
759 3409 989 3488 λογικόν
1069 3433 1188 3484 σου,
1245 3411 1483 3488 καθάπερ
1532 3410 1822 3490 τράχηλος
1878 3416 1948 3488 τῇ

289 3501 505 3583 κεφαλῇ
557 3503 620 3558 τὸ
667 3501 863 3558 λοιπὸν
938 3505 1119 3575 σῶμα,
1183 3503 1273 3558 οἴα
1334 3503 1428 3576 μὲν
1488 3503 1694 3580 πύργος
1743 3500 1949 3578 αἴρεται

285 3595 406 3652 καίν’
436 3593 630 3668 ἀρετὴν
659 3591 767 3648 ἀπὸ
824 3595 931 3646 τῶν
984 3595 1254 3666 σαρκικῶν
1314 3593 1451 3667 πρὸς
1502 3593 1571 3648 τὰ
1609 3591 1952 3666 πνευματικά

301 3681 394 3738 καὶ
451 3679 712 3756 ούράνια·
749 3683 839 3736 οἶα
899 3679 945 3736 δ’
993 3677 1341 3751 ἐλεφάντινος
1389 3679 1538 3736 λεῖον
1595 3682 1827 3758 ὑπάρχει
1859 3680 1948 3736 καὶ

298 3772 529 3848 καθαρὸν
563 3769 651 3826 διὰ
687 3771 750 3826 τὸ
784 3769 1145 3847 ἀπηλλάχθαι
1181 3778 1282 3841 τῆς
1310 3772 1426 3826 κατ’
1457 3769 1703 3847 ἔλλειψιν
1731 3773 1948 3848 ἀρετῆς,

288 3862 385 3932 κηὶ
428 3858 741 3938 ὑπερϐολὴν
803 3859 1142 3934 μολυντικῆς
1185 3865 1295 3917 τῶν
1354 3864 1547 3937 ψυχῶν
1607 3857 1948 3932 ἀνισότητος.

286 3951 387 4009 Καὶ
447 3949 728 4030 ὀφθαλμοί
813 3971 932 4022 σου,
1011 3951 1085 4012 ὡς
1170 3948 1362 4023 λίμναι
1450 3951 1501 4006 ἂν
1575 3947 1840 4008 Ἐσσεϐὼν
1895 3952 1946 4008 ἐν

283 4037 490 4106 πύλαις
564 4039 831 4116 θυγαθρὸς
876 4036 1129 4096 πολλῶν.
1187 4037 1437 4110 Δηλαδὴ,
1492 4041 1560 4098 Αἱ
1621 4041 1949 4118 θεωρητικαὶ

276 4135 384 4199 τῆς
441 4130 627 4206 ψυχῆς
673 4150 767 4184 σου
801 4127 1084 4202 δυνάμεις,
1145 4130 1336 4204 οἷάπερ
1397 4128 1587 4204 λίμναι
1641 4133 1948 4209 συναγωγοὶ

282 4215 508 4275 τῶνῒν
568 4217 755 4281 αὐταῖς
816 4218 1133 4294 εἰσρεόντων
1195 4217 1404 4275 ὕδάτων
1464 4219 1753 4296 συνάγουσι
1795 4220 1846 4278 ἒν
1877 4227 1947 4299 τῇ

273 4308 498 4381 αὐξήσει
552 4315 654 4379 τῆς
708 4308 828 4364 κατ’
895 4307 1094 4382 ἀρετὴν
1155 4307 1298 4371 θείας
1357 4310 1734 4387 καρποφορίας
1792 4306 1947 4388 (ὅπερ

270 4399 346 4456 τὸ
399 4392 670 4457 Ἐσσεϐὼν
743 4395 1125 4472 ἑρμηνεύεται)
1203 4394 1292 4452 διὰ
1351 4398 1527 4471 μὲσῶν
1589 4403 1698 4454 τῶν
1757 4399 1947 4472 αἰσθή-

273 4509 440 4561 σεων,
469 4485 539 4544 δι’
592 4487 666 4546 ὧν
725 4482 801 4549 ὥς
860 4507 1022 4542 τινων
1081 4483 1276 4540 πυλῶν
1342 4485 1417 4549 είς
1467 4489 1656 4564 νοεράν
1692 4491 1946 4565 ψυχὴνὴ

271 4582 384 4634 τῶν
441 4577 587 4636 δλων
633 4581 836 4652 γνῶσις
891 4576 1111 4631 εἰσιέναι
1174 4576 1402 4653 πέφυκε,
1453 4577 1554 4646 τὴν
1611 4580 1942 4652 τικτομξνην

2061 3417 2134 3473 ab
2157 3415 2557 3488 inaequalitate
2591 3433 2718 3489 quae
2743 3417 2802 3472 in
2835 3432 3076 3473 excessu
3109 3417 3453 3488 defectuque
3483 3415 3722 3473 virtutis

2061 3507 2215 3564 inest
2239 3512 2295 3563 et
2325 3507 2557 3564 animas
2579 3506 2876 3579 inquinat,
2900 3511 2990 3563 est
3013 3507 3432 3564 remotissima.
3463 3508 3533 3564 Et
3561 3507 3709 3563 acuti

2060 3599 2147 3654 tui
2176 3599 2316 3653 sicut
2343 3597 2578 3669 piscina?
2624 3598 2685 3653 in
2735 3596 2970 3653 Essebon
3020 3598 3080 3652 in
3119 3598 3303 3668 portis
3344 3597 3477 3667 ﬁlice
3508 3596 3714 3653 mutto-

2058 3703 2205 3742 rum.
2236 3686 2460 3742 Anima:
2510 3691 2624 3742 tuae
2673 3686 2945 3757 potentiae
2997 3685 3395 3758 speculativae,
3436 3691 3718 3758 tanquam

2058 3777 2300 3850 piscinas
2333 3793 2514 3848 aquas
2547 3793 2674 3848 quae
2716 3776 2776 3832 in
2823 3793 2884 3831 se
2922 3775 3205 3844 inﬂuunt,
3238 3775 3608 3850 colligentes,
3653 3777 3714 3832 in

2058 3865 2267 3924 divinae
2304 3865 2592 3922 ubertatis
2632 3865 2714 3937 (id
2765 3868 2919 3921 enim
2972 3865 3269 3938 signiﬁcat
3298 3866 3585 3937 Essebon)
3616 3882 3720 3938 per

2057 3954 2343 4013 virtutum
2395 3956 2780 4020 incrementa,
2833 3970 3118 4010 sensuum
3168 3971 3346 4026 opera
3401 3971 3504 4028 per
3570 3971 3718 4028 quos

2061 4044 2230 4119 quasi
2264 4059 2366 4117 per
2396 4044 2684 4116 quasdam
2717 4048 2917 4115 portas
2941 4043 2996 4098 in
3025 4043 3718 4100 animamintellectivam

2058 4133 2314 4206 cognitio
2348 4150 2544 4189 rerum
2573 4133 2922 4206 ingreditur,
2953 4149 3022 4190 ex
3069 4135 3230 4190 varia
3281 4150 3476 4190 rerum
3510 4138 3720 4190 natura

2058 4222 2346 4295 colligunt
2419 4223 2840 4293 cognitionem,
2903 4239 3034 4294 quae
3090 4239 3159 4278 ex
3215 4222 3720 4296 contemplatione

2059 4316 2456 4384 comparatur.
2508 4312 2793 4370 Praeterea
2838 4329 3009 4368 nasus
3060 4320 3186 4369 tuus
3214 4314 3358 4369 sicut
3403 4315 3583 4369 turris
3617 4314 3712 4369 Li-

2059 4402 2210 4474 bani,
2242 4417 2364 4474 quae
2385 4403 2610 4472 respicit
2637 4403 2838 4473 faciem
2869 4403 3142 4458 Damasci.
3194 4402 3418 4474 Nempe
3464 4403 3553 4459 vis
3595 4401 3714 4462 dis-

2055 4489 2330 4546 cernendi
2389 4489 2538 4562 (qua
2595 4494 2659 4545 ut
2715 4489 3066 4546 suavitatem
3127 4507 3162 4544 a
3209 4489 3491 4560 fmditate,
3525 4489 3607 4546 sic
3641 4507 3709 4548 ea.

2058 4597 2189 4653 quia
2241 4583 2569 4652 suggerunt
2633 4581 2884 4636 ministri
2928 4582 3162 4652 spiritus
3220 4583 3280 4637 in
3337 4582 3716 4637 ministerium

283 4666 423 4724 κατά
455 4665 682 4742 θεωρίαν
710 4669 934 4741 γνῶσιν,
992 4663 1051 4724 ἐκ
1097 4670 1198 4734 τῆς
1259 4662 1521 4744 διαφόρου
1575 4667 1784 4745 φύσεως
1838 4673 1943 4724 τῶν

2056 4671 2212 4725 missi
2240 4673 2461 4742 propter
2490 4685 2576 4725 eos
2606 4671 2704 4742 qui
2729 4670 2931 4726 salutis
2963 4669 3345 4728 hazreditatem
3381 4686 3714 4742 consequen-

285 4755 476 4816 ὄντων.
509 4755 652 4831 Πρὸς
684 4752 742 4810 δὲ
787 4754 1024 4818 τούτοις.
1072 4756 1303 4827 Μυκτήρ
1350 4775 1446 4811 σου
1486 4756 1559 4820 ὡς
1609 4757 1820 4833 πύργος
1848 4764 1946 4816 τοῦ

279 4841 542 4915 Λιϐάνου,
609 4841 896 4902 σκοπιύων
983 4843 1280 4920 πρόσωπον
1368 4851 1677 4919 Δαμασκοῦ·
1738 4845 1946 4920 Δηλον-

286 4933 728 5010 ότι,,’1’ό(οῖάπερ
785 4929 1016 4995 εὐωδίαν
1077 4933 1182 4990 ἀπὸ
1233 4931 1525 5006 δυσωδίας,
1575 4933 1816 5012 χωρίζον
1848 4938 1944 5001 τάς

279 5025 562 5096 ὑπυθήκας
658 5027 768 5080 τῶν
846 5021 922 5086 εἷς
1031 5020 1312 5078 διακονίαν
1427 5022 1942 5100 ἀποστελλομὲνων,

280 5111 376 5174 διὰ
427 5114 558 5177 τοὺς
652 5112 960 5188 μὲλλοντας
1043 5110 1415 5189 κληρονομεῖν
1483 5116 1778 5190 σωτηρίαν,
1830 5115 1943 5172 λει-

277 5207 589 5279 τουργικῶει
641 5202 990 5278 πνεύματων,
1045 5203 1152 5258 ἀπὸ
1203 5207 1313 5258 τῶν
1353 5199 1675 5280 ὑπερϐολῶν
1707 5209 1814 5261 τῶν
1845 5210 1945 5272 τῆς

280 5291 557 5366 πονηρίας
613 5293 957 5364 πνευμάτων)
1012 5287 1344 5366 διακριτικόν
1375 5313 1495 5364 σου,
1527 5293 1692 5351 οἱονεί
1736 5293 1943 5371 πύργος

283 5378 635 5457 ὑψηλότατος
676 5380 813 5434 κατὰ
873 5379 966 5438 τὸν
1025 5374 1249 5440 Λίϐανον
1283 5377 1434 5457 ὄρος,
1468 5377 1778 5438 ἀποϐλέπον
1807 5384 1944 5442 κατά

281 5469 346 5528 τὸ
376 5467 673 5546 πρόσωπον
701 5474 802 5536 τῆς
849 5467 1068 5530 πόλεως
1101 5475 1412 5542 Δαμασκοῦ,
1445 5470 1535 5525 καὶ
1582 5473 1679 5534 τάς
1738 5470 1937 5530 ἐκεῖθεν

281 5563 396 5620 τῶν
428 5557 644 5635 ἰχθρῶν
679 5553 907 5633 ἐφόδους
953 5561 1032 5630 τῷ
1075 5556 1298 5631 Ἰσραὴλ
1330 5558 1538 5632 μηνύον
1573 5579 1585 5592 ·
1621 5560 1673 5633 ἐξ
1726 5561 1938 5637 ὑψηλο-

361 5758 408 5799 τι
435 5757 600 5816 Matt.
631 5774 713 5824 v1,
747 5755 836 5813 18.
913 5754 956 5792 ⁷⁸
985 5755 1159 5813 Hebr.
1195 5773 1236 5827 ι,
1270 5755 1358 5814 14.

2056 4759 2224 4828 tur“,
2257 4759 2330 4814 ab
2366 4758 2438 4816 iis
2465 4776 2593 4830 quae
2648 4775 2681 4815 a
2725 4758 2999 4829 nequitia:
3033 4759 3347 4831 spiritibus
3384 4775 3714 4831 suggerun-

2056 4853 2184 4904 turs
2207 4848 2517 4920 dijudicat)
2570 4851 2659 4904 est
2695 4846 2872 4903 veluti
2916 4847 3255 4920 .celsissima
3303 4847 3487 4904 turris
3532 4863 3714 4920 super

2044 4943 2315 5008 ,montem
2349 4937 2638 4992 Libanum
2693 4936 2806 4992 sita
2838 4952 2968 5008 quae
2999 4935 3241 5008 respicit
3289 4935 3496 4992 faciem
3549 4936 3715 4995 urbis

2054 5028 2342 5098 Damasci,
2377 5033 2552 5100 atque
2599 5027 2736 5084 inde
2793 5027 3054 5084 hostium
3101 5029 3420 5085 adventum
3481 5027 3713 5087 indicat

2054 5117 2495 5190 Israelizspiritu
2507 5133 2605 5172 um
2624 5117 3068 5173 immundorum
3100 5117 3356 5190 impetus
3379 5121 3436 5174 et
3458 5117 3710 5176 insidias

2055 5207 2296 5279 respicit
2317 5214 2374 5264 et
2396 5207 2700 5275 discernit,
2743 5208 3127 5279 ipsorumque
3167 5206 3337 5264 dolos
3367 5207 3550 5263 menti
3599 5213 3716 5264 tuas

2055 5301 2256 5365 Deum,
2282 5297 2476 5370 quoad
2507 5295 2662 5365 licet,
2695 5296 2949 5352 intuenti
2998 5296 3376 5364 denuntians,
3413 5301 3471 5354 te
3503 5297 3578 5353 ab
3609 5313 3713 5354 eo-

2051 5403 2184 5443 rum
2216 5386 2525 5443 fraudibus
2551 5390 2607 5442 et
2628 5385 2864 5458 injuriis
2888 5386 3182 5459 integram
3205 5391 3526 5443 conservat.
3558 5386 3716 5444 Talis

2051 5480 2248 5531 autem
2299 5480 2388 5532 est
2446 5476 2532 5532 vis
2563 5479 2664 5531 tua
2697 5475 3070 5531 discernendi
3104 5491 3170 5531 ac
3191 5475 3530 5547 judicandi,
3564 5493 3713 5548 quo-

2050 5566 2208 5621 niam
2238 5569 2415 5638 caput
2463 5569 2632 5621 tuum
2683 5567 2747 5622 ut
2773 5563 3079 5623 Carmelus
3123 5581 3302 5638 super
3332 5569 3388 5623 te
3417 5564 3712 5637 (Christus
