4110 6388
395 419 509 479 671
1736 417 2162 480 MlCHAELlS
2205 415 2481 479 PSELLI
3696 418 3817 478 6'72

389 551 592 623 utique
624 567 884 624 sponsus
913 555 1077 623 tuus,
1107 553 1296 609 vivens
1341 557 1502 626 atque
1555 552 1759 624 efﬁcax
1807 551 2042 607 Verbum

2163 545 2324 619 Ιεάτης
2382 547 2638 623 γνώσεως
2689 547 2787 611 τὰς
2841 545 3150 608 ἐπιλεύσεις
3205 566 3263 601 τε
3317 544 3408 600 καὶ
3461 542 3676 622 ὶνίδραε
3709 546 3819 601 τὼν

387 642 709 712 pertingens
741 658 910 714 usque
933 643 1012 697 ad
1026 643 1358 698 divisionem
1397 644 1603 698 animae
1632 659 1700 698 ac
1727 644 1960 713 spiritus
1980 640 2045 712 ⁷⁷)

2163 637 2488 714 ἀκαθάρπων
2537 638 2862 710 πνευμάτων
2921 631 3225 691 ἀποϐλέπει
3281 636 3370 690 καὶ
3403 633 3684 710 διακρίνει,
3721 635 3815 690 καὶ

391 729 644 801 cognitio
677 734 767 786 est
797 731 1291 799 circumcisionis,
1325 748 1450 803 qua:
1475 732 1531 787 in
1565 737 1620 787 te
1643 735 1728 787 est
1759 730 1869 803 (sic
1890 729 2045 785 enim

2163 727 2284 792 τοὺς
2316 725 2514 789 δόλους
2547 729 2724 782 αὐτῶν
2770 731 2848 798 τῷ
2894 726 3030 780 κατὰ
3074 726 3137 780 τὸ
3183 722 3408 780 δυνατὸν
3454 725 3582 780 Θεὸν
3615 726 3816 799 ὁρῶντι

391 819 722 875 Carmelum
757 821 1241 892 interpretamur)
1273 825 1590 892 amputans
1622 838 1655 875 a
1683 824 1740 875 te
1771 819 1924 890 quod
1974 817 2048 873 ab

2163 815 2245 872 νοΐ
2303 838 2398 871 σου
2457 816 2687 890 μηνύον,
2721 817 2992 893 ἀνᾶπαφΟν
3019 836 3077 869 σε
3105 821 3206 885 τῆς
3231 816 3358 883 παρ’
3389 813 3564 869 αὐτῶν
3601 809 3818 890 βλάϐης

393 913 522 963 ortu
547 909 725 964 babes
748 909 1022 964 vitiorum
1043 908 1741 981 integumentumgladio
1767 907 2044 979 Spiritus.

394 999 476 1054 Ex
499 999 653 1070 quod
685 999 750 1053 fit
775 1004 838 1054 ut
870 999 1085 1056 mentis
1103 1004 1216 1054 tua
1241 997 1450 1055 oculus
1472 997 1932 1071 intelligibilium
1954 996 2051 1052 ho-

395 1086 576 1142 stium
615 1087 862 1142 astutias
891 1087 1058 1144 facile
1099 1089 1428 1158 perspicere
1471 1086 1681 1157 valeat,
1711 1086 1873 1141 nulla
1917 1102 2048 1157 per-

395 1175 728 1231 turbatione
787 1179 1060 1232 tenebras
1113 1177 1473 1232 ofl'undente.
1525 1176 1919 1241 Quamobrem
1991 1177 2051 1228 et

395 1281 555 1320 coma
608 1268 808 1337 capitis
870 1267 954 1321 tui
996 1269 1138 1321 sicut
1184 1283 1432 1338 purpura
1473 1266 1732 1321 :Cbristi
1783 1264 2052 1320 doctrina

396 1353 670 1410 videlicet
703 1356 997 1410 rationum
1045 1361 1102 1410 et
1151 1372 1379 1410 morum
1413 1372 1562 1410 nexu
1597 1358 1885 1422 contexta,
1919 1359 2052 1407 tan-

399 1461 574 1514 quam
610 1445 763 1516 regis
795 1445 1203 1501 indumentum
1229 1451 1317 1499 est
1347 1445 1528 1498 animi
1570 1445 1655 1498 tui
1687 1443 1955 1512 amictus,
1989 1442 2050 1496 in

400 1549 516 1603 quo
567 1532 668 1588 ille
720 1533 1234 1605 pertubationibus
1292 1533 1652 1598 dominatur,
1705 1538 1761 1587 et
1817 1538 1907 1586 est
1952 1547 2054 1586 rex

396 1623 615 1677 vinctus
662 1624 723 1677 in
771 1623 1184 1677 transcursibus
1217 1640 1229 1677 :
1265 1623 1374 1678 hoc
1433 1627 1522 1678 est
1569 1621 1713 1676 nulli
1747 1621 2054 1688 subiectus

398 1712 849 1784 perturbationi,
879 1713 979 1767 sed
1043 1712 1256 1767 divinae
1315 1711 1478 1767 illius
1537 1727 1714 1782 quam
1773 1711 2053 1776 diximus,

401 1801 681 1857 doctrinae
712 1801 974 1856 funiculo
1008 1801 1225 1872 ligatus
1255 1802 1315 1855 in
1347 1802 1789 1857 transcursibus
1807 1815 2054 1870 praesen-

2161 904 2432 980 διατηρεῖ,
2487 911 2744 961 Τοιοῦτον
2801 903 2858 961 δὲ
2920 905 3016 960 σού
3066 904 3175 960 tam
3207 905 3270 959 τὸ
3312 902 3645 979 διακριτικόν
3681 923 3694 937 ·
3729 902 3816 958 ὅτι

2160 994 2386 1075 Κεφαλή
2445 1016 2540 1051 σου
2617 994 2705 1050 ἐπὶ
2762 997 2840 1063 σὶ,
2915 995 2989 1058 ὡς
3055 994 3083 1047 6
3171 992 3496 1068 Κάρμηλος.
3570 994 3818 1063 Πάντως,

2159 1087 2220 1144 .0
2269 1085 2500 1161 Χριστὸς
2530 1086 2559 1141 δ
2611 1084 2849 1163 νυμφίος
2881 1105 3000 1149 σου,
3023 1084 3052 1138 ὁ
3079 1088 3182 1152 ζῶν
3218 1085 3310 1138 καὶ
3358 1082 3580 1157 ἐνεργὴς
3614 1081 3820 1156 Λόγος,

2159 1177 2247 1231 καὶ
2300 1173 2678 1248 διικνούμενος
2747 1172 2878 1249 ἄχρι
2942 1177 3213 1248 μερισμοῦ
3270 1176 3457 1247 ψυχῆς
3507 1172 3597 1227 καὶ
3657 1171 3822 1227 πνεύ-

2165 1286 2354 1338 ματος,
2415 1264 2700 1340 ἑπίγνωσίς
2747 1263 2886 1319 ἔστιν
2945 1269 3048 1331 τῆς
3105 1260 3157 1316 ἐν
3193 1263 3278 1316 σοὶ
3309 1268 3622 1338 περιτομῆς
3663 1260 3821 1335 (ὅπερ

2161 1353 2190 1408 ὁ
2238 1352 2535 1426 Κάρμηλος
2615 1351 3017 1426 ἑρμηνεύεται),
3095 1347 3366 1425 περιελών
3451 1372 3549 1405 σου
3598 1351 3660 1406 τὸ
3713 1351 3822 1406 ἀπὸ

2161 1441 2418 1517 γενέσεως
2475 1446 2583 1495 τῶν
2664 1443 2849 1495 παθῶν
2942 1438 3210 1512 κάλυμμα
3293 1444 3360 1513 τῇ
3423 1441 3670 1516 μαχαίρᾳ
3720 1444 3823 1495 τοῦ

2163 1529 2478 1602 Πνεύματος
2512 1550 2524 1563 ⁸
2600 1529 2884 1584 κάντεῦθεν
2942 1531 3004 1585 τὸ
3064 1527 3221 1602 ὄμμα
3274 1536 3376 1597 τῆς
3423 1527 3662 1590 διανοίας
3723 1549 3823 1584 σου

2163 1624 2412 1693 καθαρῶς
2471 1619 2596 1693 ὀρᾷν
2679 1616 2897 1675 δύναται
2973 1620 3069 1682 τὰς
3137 1619 3388 1695 μηχανὰς
3431 1623 3540 1673 τῶν
3599 1623 3818 1688 νοητῶν

2167 1708 2401 1782 ἑχθτῶν,
2474 1711 2548 1781 μή
2637 1730 2785 1772 τινος
2863 1708 3067 1771 πάθους
3149 1709 3563 1770 ἑπισκοτοῦντος
3647 1707 3819 1779 αύτῷ.

2165 1799 2385 1872 Διόπερ,
2445 1797 2536 1852 καὶ
2597 1795 2836 1852 Πλόκιον
2911 1796 3155 1876 κεφαλῆς
3231 1818 3327 1852 σου
3384 1797 3458 1858 ὡς
3514 1795 3817 1874 πορφύραο

396 1890 474 1944 tis
503 1891 656 1956 vita»,
686 1905 756 1945 ne
790 1906 985 1946 rerum
1010 1890 1378 1946 sensibilium
1428 1895 1485 1945 et
1540 1892 1899 1946 caducarum
1958 1888 2051 1944 lu-

2163 1883 2312 1955 ἤτοι,
2371 1887 2436 1943 Ἠ
2487 1882 2577 1940 διὰ
2630 1884 2808 1962 λόγων
2839 1885 2930 1941 καὶ
2961 1886 3180 1961 τρόπων
3211 1883 3518 1982 πλεχθεῖσά
3545 1904 3629 1940 σοι
3663 1883 3824 1940 διδα-

398 1977 560 2033 brico
592 1978 956 2049 prolabatur.

389 2069 489 2119 τοῦ
541 2061 663 2126 νοὸς
721 2086 816 2120 σου
859 2061 1155 2139 περιϐολὴ,
1206 2065 1258 2122 ἐν
1315 2067 1351 2142 ᾖ
1410 2065 1567 2130 οὗτος
1619 2069 1804 2121 παθῶν
1852 2067 2059 2142 γίνεται
2134 2064 2506 2140 αὐτοκράτωρ,
2581 2064 2668 2119 καὶ
2760 2064 2996 2141 ὑπάρχει
3101 2063 3355 2140 βασιλεὺς

2161 1975 2360 2030 σκαλία
2417 1975 2582 2030 αὐτοῦ
2641 1980 2902 2050 Χριστοῦ,
2963 1976 3050 2031 οἶα
3111 1975 3383 2052 βασιλέως
3441 1970 3652 2048 ἕνδυμά
3705 1974 3821 2029 ἔστι

3440 2061 3723 2136 δεδεμένος
3768 2063 3825 2118 ἐν

397 2152 777 2234 παραδρομαῖς
814 2174 826 2187 ⁸
880 2154 1070 2230 ἤγουν,
1134 2158 1208 2228 μή
1267 2178 1371 2212 τινι
1431 2155 1813 2230 ὑποκείμενος,
1884 2155 2076 2210 πάθειο
2135 2153 2281 2209 ἀλλὰ
2349 2153 2419 2228 τῇ
2481 2154 2690 2229 σχοίνῳ
2738 2161 2837 2224 τῆς
2894 2154 3196 2228 εἲρημένης
3255 2154 3403 2216 θείας
3461 2151 3830 2217 διδασκαλίας

399 2240 803 2316 διδεσμημένος
862 2243 913 2298 ἐν
972 2243 1235 2321 παρόδοις
1289 2253 1388 2316 τῆς
1441 2246 1724 2322 παρούσης
1786 2248 1996 2320 βιοτῆς,
2049 2242 2143 2300 ⁶ίνα
2209 2245 2283 2316 μὴ
2342 2243 2617 2316 καταπέσῃ
2662 2247 2743 2316 τῷ
2800 2243 2917 2298 κατ’
2977 2242 3226 2314 αἴσθησιν
3285 2247 3394 2298 τῶν
3462 2243 3831 2316 προσκαίρων

397 2328 731 2407 ὀλισθηρῶν.

997 2445 1189 2499 Trium
1221 2445 1326 2499 Pa!
1333 2462 1476 2500 rum.

471 2529 648 2597 Quam
679 2531 893 2598 decora,
925 2535 975 2587 et
1007 2550 1172 2603 quam
1204 2534 1464 2605 jucunda
1493 2535 1638 2603 facta
1669 2549 1745 2589 es.
1785 2532 2054 2588 Admira-

399 2616 501 2671 bili
537 2619 757 2674 circum
785 2622 925 2675 data
946 2626 1037 2677 est
1061 2623 1598 2692 pulchritudine,ea
1622 2621 1902 2677 nimirum
1927 2639 2054 2694 quaa

400 2708 664 2778 pervenit
709 2709 778 2761 ad
829 2713 886 2763 te
933 2725 1002 2764 ex
1049 2709 1442 2766 similitudine
1499 2715 1556 2766 et
1622 2709 2059 2782 exemplari:et

401 2811 625 2866 sponso
671 2798 988 2868 conjuncta
1045 2804 1221 2870 atque
1252 2799 1351 2853 illo
1385 2801 1603 2864 fruens,
1640 2800 1846 2855 referta
1877 2815 1939 2854 es
1970 2800 2055 2853 in-

399 2883 670 2938 credibili
696 2887 1075 2955 jucunditate
1128 2889 1444 2958 spirituali.
1499 2890 1692 2945 Etnim
1723 2889 1967 2944 charilas
1996 2891 2056 2944 in

409 2973 630 3028 deliciis
659 2974 798 3042 tuis,
824 2991 952 3047 quae
985 2977 1224 3049 quidem
1251 2993 1318 3033 ex
1333 2979 1551 3034 virtute
1577 2979 2051 3051 proﬁciscuntur.

405 3061 550 3117 Cum
586 3063 741 3118 enim
776 3065 1103 3135 gustaveris
1133 3072 1308 3139 atque
1356 3069 1723 3140 perspexeris
1753 3069 2053 3124 Christum

404 3167 536 3208 esse
565 3151 906 3221 Dominum,
941 3171 1058 3211 non
1106 3155 1364 3228 amplius
1395 3157 1454 3213 in
1489 3160 1701 3213 timore
1752 3157 1852 3212 illo
1901 3159 2052 3213 bono

401 3241 676 3310 versaris,
711 3243 813 3298 sed
837 3246 960 3299 tota
988 3261 1055 3300 ex
1101 3245 1289 3316 ipsius
1339 3247 1557 3318 pendes
1603 3246 1885 3302 charitate
1925 3262 2051 3318 qua

397 3330 669 3385 timorem
703 3332 962 3403 expellit.
985 3334 1143 3390 Unde
1163 3337 1542 3406 magnaludno
1563 3341 1658 3391 tua
1677 3337 1878 3407 palmae
1902 3337 2055 3391 simi-

393 3419 464 3474 lis
492 3421 652 3490 facta
681 3429 780 3476 est.
828 3421 954 3476 Tua
1001 3422 1271 3479 videlicet
1326 3441 1392 3479 ex
1441 3424 1656 3480 virtute
1713 3424 2052 3480 sublimitas

2735 2443 2856 2496 Τῶν
2891 2445 2939 2514 γ’
2968 2439 3248 2510 Πατὲρων.

2237 2531 2305 2588 Τί
2379 2529 2670 2606 ὡραιώθης
2737 2528 2825 2584 καὶ
2881 2529 2932 2583 τί
2979 2526 3260 2598 ἠδύνθηςί
3331 2527 3528 2596 εἷ’τουν,
3599 2528 3831 2600 Θαυμά-

2166 2641 2280 2675 σιον
2336 2613 2669 2694 περιεϐάλου
2727 2615 2958 2685 κάλλος,
3021 2614 3238 2688 δηλαδή
3299 2618 3362 2672 τὸ
3401 2618 3522 2680 καθ’
3554 2617 3828 2690 ὁμοίωσιν

2162 2701 2259 2766 τοῦ
2304 2707 2636 2784 ἀρχετύπου.
2700 2708 2840 2762 Καθὸ
2883 2712 2963 2779 τῷ
3012 2705 3232 2784 νυμφίῳ
3291 2707 3660 2782 συγγινομὲνη
3721 2707 3822 2762 καὶ

2164 2797 2516 2854 ἀπολαύουσα
2587 2797 2784 2852 τούτου
2868 2795 3152 2868 ἔπλήσθης
3218 2797 3593 2869 πνιυματικὴς
3647 2797 3826 2871 ἀφρά-

2164 2909 2294 2944 στου
2351 2885 2572 2957 ἡδονῆς.
2653 2887 2749 2942 Καὶ
2835 2885 2963 2962 γὰρ,
3024 2887 3238 2961 ’Δγαπη
3304 2885 3355 2940 ἂν
3415 2890 3650 2960 τρυφαῖς
3699 2906 3825 2954 σου,

2166 2975 2425 3047 δηλονότι
2496 2981 2618 3038 ταῖς
2681 2977 2800 3030 κατ’
2881 2976 3098 3050 ἀρετήν.
3187 2975 3500 3048 Γιυσαμινη
3563 2973 3669 3049 γάρ
3731 2975 3826 3029 καὶ

2164 3065 2493 3140 θεασαμένη,
2555 3067 2637 3120 ὅτι
2722 3065 2960 3140 Χριστὸς
3036 3065 3064 3119 ὁ
3150 3063 3368 3139 Κύριος,
3429 3061 3609 3118 οὐκετι
3661 3057 3828 3138 φόϐῳ

2161 3161 2240 3228 τῷ
2286 3156 2474 3231 ἀγαθῷ
2525 3154 2788 3232 ἐντρυφᾷς
2823 3173 2836 3186 ο
2894 3152 3021 3210 ἀλλ’
3076 3151 3181 3224 ὅλη
3239 3159 3339 3222 τῆς
3384 3151 3596 3229 ἀγάπης
3622 3152 3825 3207 τούτου

2165 3244 2484 3320 ἰξήρτησαι,
2544 3243 2665 3314 ἥτις
2705 3241 2806 3314 ἔξω
2859 3240 3055 3318 βάλλει
3105 3242 3195 3297 τὸν
3257 3236 3444 3320 φόϐον.
3503 3243 3684 3313 Ὅθεν,
3740 3241 3824 3298 Τὸ

2166 3335 2393 3410 μίγεθός
2423 3355 2519 3388 σου
2551 3333 2818 3406 ὡμοιώθη
2875 3331 2954 3405 τῷ
2987 3330 3213 3406 φοίνικι.
3265 3331 3510 3397 Ηάντως,
3558 3330 3634 3388 Τὸ
3700 3330 3822 3384 κατ’

2163 3423 2359 3498 ἀρετὴν
2435 3422 2572 3496 ὕψος
2630 3442 2726 3476 σου
2782 3421 3138 3496 παρείκασται
3193 3425 3273 3492 τῷ
3329 3425 3398 3496 τῇ
3464 3421 3557 3494 μὲν
3609 3422 3678 3495 γῇ
3711 3418 3814 3474 οὑκ

391 3506 725 3563 assimilata
757 3513 846 3563 est
877 3510 1103 3581 palmae,
1140 3529 1268 3583 quae
1295 3513 1489 3569 radice
1517 3513 1675 3568 haud
1717 3514 1798 3568 ita
1825 3513 1884 3568 in
1917 3530 2048 3585 pro-

2163 3512 2242 3574 εἷς
2306 3513 2470 3588 βάθος
2525 3511 2900 3588 ἐῤῥιζωμένῳ,
2957 3511 3034 3573 εἷς
3093 3508 3227 3584 ὕψος
3279 3508 3324 3564 δ’
3358 3510 3554 3572 ἱκανῶς
3585 3508 3808 3580 ἀνατρι-

392 3595 641 3652 fundum
667 3598 876 3664 tendit,
908 3601 1008 3654 sed
1041 3602 1252 3656 vertice
1285 3602 1559 3658 sublimis
1590 3603 1908 3659 admodum
1949 3618 2045 3657 ex-

391 3683 640 3740 tollitur.
674 3687 759 3742 Tu
794 3687 934 3743 item
962 3690 1033 3744 de
1059 3691 1234 3746 rebus
1256 3691 1504 3747 terrenis
1529 3692 1731 3748 leviter
1759 3693 2044 3764 cogitans,

388 3777 675 3843 quantum
709 3777 972 3848 corporis
1021 3779 1340 3835 necessitas
1373 3786 1542 3852 urget
1592 3781 1809 3838 mentis
1847 3782 2047 3837 altitu-

389 3861 525 3917 dine
555 3863 730 3920 coalos
759 3866 1030 3937 attingis,
1076 3885 1210 3924 cum
1259 3869 1332 3924 ad
1361 3886 1677 3925 mensuram
1708 3873 1896 3927 aetatis
1924 3872 2046 3943 plc-

386 3951 668 4008 nitudinis
719 3953 971 4010 Christi"
1019 3959 1377 4027 perveneris.
1413 3961 1478 4013 Et
1530 3961 1704 4015 ubera
1755 3966 1849 4016 tua
1905 3962 2050 4016 sicut

391 4041 555 4098 botri.
594 4043 782 4098 Ubera
831 4045 1112 4101 nimirum
1165 4047 1440 4102 doctrinae
1489 4052 1601 4104 tua;
1634 4054 1762 4104 tum
1807 4050 2047 4105 moralis

389 4134 520 4184 tum
553 4131 863 4200 naturalis,
895 4134 1114 4205 quibus
1143 4151 1249 4190 nos
1281 4137 1474 4192 adhuc
1496 4137 1752 4193 infantes
1776 4139 1844 4193 ad
1873 4138 2049 4210 pieta-

386 4221 506 4273 tem
538 4220 816 4275 erudiens
846 4222 1073 4286 aluisti,
1094 4240 1251 4279 nunc
1273 4225 1491 4280 similia
1511 4227 1664 4283 facta
1683 4233 1825 4283 sunt
1843 4227 2047 4300 palmas

391 4305 748 4372 botris,dum
784 4325 892 4364 nos
917 4311 988 4364 ad
1025 4312 1444 4382 perfectionem
1488 4317 1930 4388 progredientes
1962 4317 2048 4370 di-

393 4394 620 4450 viniore
676 4396 946 4452 doctrina
1003 4402 1220 4470 pascis,
1254 4404 1421 4473 quasi
1485 4405 1686 4460 melita
1744 4405 2047 4461 botrorum

393 4483 602 4556 palmas
636 4484 970 4542 dulcedine.
1006 4491 1214 4561 Itaque
1249 4493 1592 4565 magnitudo
1626 4496 1904 4550 doctrinas
1940 4501 2052 4550 tuae

395 4573 608 4645 palmae
629 4580 990 4646 comparata,
1016 4583 1106 4633 est
1131 4579 1556 4651 discipularum
1590 4584 1695 4638 abs
1725 4589 1782 4639 te
1813 4585 2052 4640 institu-

395 4665 589 4716 tarum
625 4662 967 4720 multitudo.
1007 4670 1161 4733 Dixi,
1203 4669 1502 4725 Ascendam
1532 4675 1592 4726 in
1634 4673 1915 4744 palmam,
1951 4690 2052 4746 ap-

394 4751 736 4822 prehendam
765 4753 1094 4812 altitudines
1122 4759 1241 4826 eius
1263 4778 1281 4814 :
1303 4764 1354 4814 et
1386 4766 1553 4816 erunt
1582 4762 1754 4817 ubera
1783 4767 1882 4818 tua
1912 4766 2053 4819 sicut

2159 3621 2316 3678 χοντι
2343 3601 2567 3658 φοίνικι.
2602 3601 2704 3657 Καὶ
2734 3601 2837 3677 γὰρ
2867 3601 2957 3654 καὶ
2989 3599 3126 3672 αὕτη
3157 3604 3267 3654 τῶν
3321 3598 3529 3675 γηίνων
3584 3594 3672 3653 διὰ
3706 3597 3808 3666 τὴν

2158 3694 2394 3767 ἀνάγκην
2417 3695 2513 3748 τοῦ
2562 3691 2841 3764 σώματος,
2900 3689 3089 3764 ἄκροις
3149 3695 3265 3752 τοῖς
3337 3688 3631 3766 λογισμοῖς
3689 3686 3808 3742 ἔπι-

2157 3783 2425 3856 ψαύουσα,
2497 3782 2671 3836 αὑτῶν
2737 3781 2880 3854 ἅπτῃ
2960 3785 3066 3835 τῶν
3145 3778 3412 3854 οὐρανίων
3482 3777 3559 3840 εἷς
3610 3775 3809 3852 μέτρον

2156 3870 2379 3942 ἡλικίας
2425 3875 2522 3925 τοῦ
2602 3869 2982 3946 πληρώματος
3063 3872 3162 3925 τοῦ
3229 3872 3464 3942 Χριστοῦ
3513 3867 3758 3945 φθάσασα
3792 3884 3806 3899 ·

2158 3960 2260 4018 Καὶ
2315 3961 2366 4014 οἱ
2441 3958 2632 4033 μαστοί
2718 3980 2837 4027 σου,
2921 3964 3039 4021 τοῖς
3124 3957 3410 4033 βότρυσιν·
3492 3955 3688 4033 ἤγουν,
3745 3957 3812 4014 Ἥ

2155 4051 2322 4120 ἠθική
2353 4050 2443 4104 καὶ
2475 4051 2509 4118 ἠ
2544 4050 2744 4124 φυσικὴ
2781 4045 3104 4104 διδασκαλία
3155 4068 3250 4104 σου
3310 4045 3382 4102 δι’
3437 4048 3509 4101 ὧν
3556 4048 3705 4120 ἡμᾶς
3733 4042 3818 4101 ἔτι

2154 4139 2354 4210 νηπίας
2402 4139 2567 4200 οὔσας
2605 4137 2751 4214 γάλα
2799 4137 3053 4200 ἐπότισας
3112 4137 3486 4212 εἰσαγωγικῶς
3523 4137 3662 4212 πρὸς
3692 4137 3812 4190 θεο-

2159 4224 2366 4283 σέϐειαν
2420 4224 2833 4294 ἑκπαιδεύουσα,
2889 4227 2976 4281 νῦν
3038 4226 3353 4300 ὡμοίωνται
3400 4231 3520 4288 τοῖς
3554 4229 3652 4280 τοῦ
3686 4225 3817 4304 φοί-

2158 4339 2310 4380 νικος
2345 4316 2620 4394 βότρυσιν,
2668 4315 2720 4371 ἐν
2769 4321 2849 4389 τῷ
2908 4317 3083 4386 ἑστιᾷν
3136 4317 3282 4388 ἡμᾶς
3322 4313 3708 4389 προσκοψάσας
3738 4314 3819 4376 είς

2158 4405 2478 4478 τελειότητα
2508 4408 2607 4476 τήν
2660 4407 2933 4481 θειοτέραν
2993 4402 3367 4469 διδασκαλίαν,
3400 4405 3477 4466 ὡς
3530 4400 3813 4476 μελιτώδη

2161 4497 2478 4572 γλυκύτητα
2505 4500 2614 4551 τῶν
2651 4495 2895 4571 βοτρύων
2917 4497 3013 4549 τοῦ
3038 4499 3306 4570 φοῖνικος.
3341 4495 3420 4550 Τί)
3437 4497 3563 4569 γοῦν
3592 4492 3818 4566 μέγεθός

2164 4607 2262 4640 σου
2303 4592 2403 4656 τῆς
2460 4583 2810 4641 διδασκαλίας
2855 4589 2933 4657 τῷ
2985 4585 3186 4663 φοίνικι
3246 4582 3674 4657 παρεικάσασαή
3712 4603 3819 4654 μα-

2164 4675 2502 4750 θητευομένη
2533 4696 2616 4729 σοι
2648 4673 2888 4742 πληθύς.
2923 4677 3071 4730 Εἷπα
3095 4691 3107 4705 ·
3155 4667 3534 4745 ’Λναϐήσομαι
3593 4670 3682 4726 ἐπὶ
3734 4675 3821 4743 τῷ

2163 4763 2390 4843 φοίνικι,
2463 4766 2721 4841 κρατήσω
2802 4768 2912 4818 τῶν
2991 4761 3168 4836 ὄψεων
3245 4761 3411 4816 αὑτοῦ
3444 4779 3456 4792 ’
3516 4760 3607 4815 καὶ
3662 4757 3823 4815 ἴσον·

395 4837 538 4893 botri
562 4840 991 4939 uincaMecum
1017 4845 1147 4916 ipsa
1181 4841 1517 4905 deliberans
1547 4850 1688 4918 dixi,
1722 4852 2048 4909 Ascendam

2163 4837 2245 4909 ¹ιξσι
2297 4851 2364 4922 δή
2443 4837 2639 4927 μαστοί
2725 4875 2842 4924 σου,
2922 4853 2996 4915 ὡς
3081 4851 3303 4928 βότρυες
3379 4857 3482 4919 τῆς
3541 4848 3822 4924 ἀμπέλου.

393 4943 497 4999 per
521 4928 757 4983 virtutis
789 4932 1183 4991 imitationem
1214 4937 1284 4991 ad
1320 4938 1735 5009 perfectionem
1774 4942 2052 4997 doctrinae

390 5019 510 5072 tuae
544 5033 556 5070 ε
590 5021 646 5071 et
676 5035 782 5090 per
828 5024 1388 5095 contemplationem
1439 5028 1876 5100 apprehendam
1925 5031 2053 5101 ejus

393 5105 849 5165 sublimitatem.
892 5111 961 5166 Et
1009 5113 1334 5186 disciplinas
1377 5120 1516 5185 tuae,
1553 5117 1734 5174 ubera
1783 5136 1909 5191 quae
1961 5137 2055 5177 me

393 5193 748 5252 naturilater
768 5201 1244 5268 nutriunt,erunt
1277 5206 1520 5261 omnino
1545 5207 1701 5262 sicut
1722 5209 1872 5264 botri
1904 5226 2053 5266 verte

393 5285 532 5340 vitis
557 5286 656 5357 qui
677 5288 946 5347 Christus
969 5298 1058 5348 est
1084 5310 1095 5349 :
1124 5297 1448 5365 praebentes
1498 5297 1640 5352 mihi
1676 5301 1926 5371 gratiam
1973 5304 2053 5357 di-

393 5371 679 5441 vinitatis,
709 5393 835 5448 quae
858 5381 976 5436 vini
1010 5399 1172 5438 more
1196 5401 1228 5438 a
1263 5390 1476 5440 natura
1508 5393 1762 5444 mentem
1797 5391 2056 5448 dimovet

394 5465 452 5518 et
478 5478 662 5535 supra
707 5473 974 5550 naturam
1010 5472 1306 5528 transfert.
1344 5475 1495 5531 Unde
1523 5475 1650 5532 odor
1682 5478 1858 5534 etiam
1893 5482 2056 5536 naris

398 5554 505 5607 tua
531 5553 670 5610 sicut
696 5572 879 5627 poma.
915 5560 1112 5616 Gratia
1142 5562 1366 5618 scilicet
1388 5565 1575 5622 sancti
1601 5567 1858 5640 Spiritus
1887 5586 2051 5626 men-

467 5733 514 5771 "
544 5734 717 5794 Hebr.
749 5754 826 5808 iv,
863 5741 947 5798 12.
1022 5743 1067 5780 ’⁷⁸
1097 5744 1302 5817 Ephes.
1341 5763 1415 5813 ιν,
1451 5747 1534 5802 13.

2165 4939 2413 5013 Δηλαδὴ,
2445 4943 2531 4998 ’Ev
2556 4942 2765 5016 ἐμαυτῇ
2803 4939 3172 5016 βουλευτικῶς
3206 4939 3342 5018 ἔφην
3368 4959 3380 4972 ·
3425 4937 3822 5012 Ἀνελεύσομαι

2168 5037 2486 5106 μιμητικῶς
2539 5031 2649 5103 ἐπὶ,
2718 5032 2817 5100 τήν
2873 5031 2990 5086 κατ’
3065 5031 3263 5106 ἀρετὴν
3319 5035 3419 5099 τῆς
3467 5025 3826 5092 διδασκαλίας

2164 5141 2263 5177 σου
2319 5119 2662 5191 τελειότητα,
2726 5120 2816 5175 καὶ
2903 5120 2972 5175 τὰ
3043 5119 3181 5175 κατὰ
3237 5122 3439 5194 γνῶσιν
3499 5114 3826 5191 ὑψηλότατα

2165 5211 2337 5280 αὐτῆς
2393 5209 2785 5283 καταλήψομαι
2864 5211 3217 5285 θεωρήματα.
3285 5209 3358 5266 Αἱ
3435 5209 3676 5285 φυσικῶς
3730 5207 3825 5262 οἷα

2170 5299 2365 5374 μαστοὶ
2394 5299 2685 5377 τρὲφουσαί
2720 5320 2786 5372 με
2836 5295 3183 5354 διδασκαλίαι
3230 5318 3325 5352 σου
3359 5297 3650 5372 ὑπάρξουσι
3685 5296 3820 5351 πάν-

2161 5411 2270 5452 τως
2300 5391 2373 5452 ὡς
2408 5389 2630 5465 βότρυες
2661 5395 2761 5458 τῆς
2793 5386 3063 5458 ἀληθινῆς
3099 5384 3350 5460 ἀμπέλου
3381 5388 3828 5461 Χριστοῦ,χορη-

2164 5479 2357 5554 γοῦσαί
2388 5499 2480 5550 μοι
2510 5479 2609 5546 τήν
2651 5479 2787 5533 κατὰ
2843 5478 3008 5554 χάριν
3057 5475 3272 5547 θὲωσιν,
3322 5474 3446 5545 ¹ἥτις
3485 5472 3638 5546 δίκην
3672 5472 3825 5529 οἷ’νου

2166 5570 2376 5645 φύσεως
2434 5571 2528 5626 τὸν
2591 5573 2715 5626 νοῦν
2763 5569 2962 5641 teme,
3019 5568 3110 5624 καὶ
3161 5569 3298 5642 πρὸς
3354 5567 3416 5622 τὸ
3466 5567 3597 5643 ὑπὲρ
3663 5565 3821 5644 φύσιν
