4110 6390
272 363 389 424 6'13

1310 357 1724 422 COMMENT.
1770 360 1851 422 IN
1895 361 2304 432 CANTICUM
2345 370 2652 434 CANTIC.

3575 372 3698 436 674

272 490 605 569 μεθίστησιν.
683 490 966 579 ΔἘντεῦθεν
1055 485 1114 579 δὲ
1186 490 1276 544 καὶ
1363 491 1508 566 ὀσμὴ
1597 489 1742 569 ῥινός
1802 513 1920 568 σου,

2056 515 2154 557 .em
2186 501 2438 574 implens
2470 505 2779 577 suavitate,
2804 522 2952 577 quas
2976 509 3079 562 tua
3108 523 3325 578 sponso
3350 510 3695 579 susceptam

269 583 342 646 ὡς
403 581 576 656 μῆλα·
637 576 838 652 εἷ’τουν,
893 581 956 637 Ἥ
1013 576 1306 654 πληροῦσα
1334 588 1542 652 νοητῆς
1578 581 1804 646 εὐωδίας
1833 587 1930 638 τοῦ

269 672 540 746 παναγίου
598 669 912 744 Πνεῦματος
966 668 1150 746 χάρις,
1209 670 1272 740 ἣν
1328 669 1463 739 αὖτή
1531 671 1930 747 μὶνξεῖσὲπνευ-

274 783 368 824 σας
422 760 529 815 ἀπὸ
581 762 678 814 τοῦ
733 758 974 837 νυμφίου
1027 758 1231 830 ταύτης
1277 755 1682 832 μεταλαϐοῦσα,
1717 761 1841 836 ἐμοὶ
1874 760 1933 817 δὲ

269 850 474 922 ταύτην
541 846 858 910 ἐνέπνευσας
941 845 1246 923 μεταδοῦσα
1323 870 1418 921 μοι
1471 851 1679 921 αὐτῆς·
1740 850 1931 928 οἷάπερ

274 940 434 1016 μῆλα
461 941 561 1011 τὴν
621 939 764 1014 ὥραν
833 939 928 1012 μὶν
982 938 1249 1015 εὖπρεπῆ,
1293 937 1472 1011 εὐώδη
1505 937 1563 995 δὶ
1591 942 1690 1010 τὴν
1729 943 1930 1016 ὀσμὴν,

269 1030 360 1088 καὶ
431 1031 532 1100 τήν
610 1032 793 1104 γεῦσιν
872 1025 1050 1092 ἡδὲα·
1117 1027 1391 1104 εὐπρεπὴς
1459 1030 1554 1103 μὲν
1613 1032 1748 1086 κατὰ
1803 1030 1930 1094 τοὺς

265 1121 507 1198 τρόπους
560 1123 668 1174 τῶν
725 1117 953 1189 ἀρετῶν,
1015 1116 1242 1183 εὔπνους
1290 1116 1348 1173 δὲ
1405 1119 1540 1174 κατά
1567 1119 1694 1182 τοὺς
1727 1119 1932 1196 λόγους

269 1210 452 1266 αὐτῶν
480 1251 494 1278 ,
563 1206 653 1263 καὶ
711 1206 940 1283 γλυκεῖα
980 1207 1114 1262 κατᾶ
1161 1209 1263 1278 τήν
1321 1207 1515 1285 πεῖράν
1579 1230 1672 1283 μοι
1731 1207 1932 1270 ἔσεται.

268 1298 374 1356 Καὶ
437 1299 466 1354 6
526 1296 726 1375 λάρυγξ
785 1317 902 1366 σου,
977 1297 1051 1360 ὡς
1110 1295 1253 1360 ο¹ίνος
1311 1299 1509 1374 ἀγαθὸς
1563 1300 1934 1375 πορευόμενος

273 1393 348 1462 τῷ
425 1384 705 1466 ἀδελφιδῷ
790 1407 895 1460 μου
973 1385 1050 1448 εἷ’ς
1131 1385 1424 1455 εὖθύτητας
1456 1430 1472 1456 ,
1575 1387 1931 1463 ίκανούμενος

271 1475 486 1555 χείλεσι
578 1496 682 1551 μου
765 1476 854 1531 καὶ
933 1472 1171 1530 ὀδοῦσιν·
1224 1472 1375 1546 ἤτοι,
1431 1479 1492 1535 Ὀ
1545 1474 1930 1541 διδασκαλικὸς

274 1566 447 1644 λόγος
503 1587 601 1622 σου
653 1565 842 1638 οἷάπερ
903 1566 1046 1626 οἶνος
1096 1563 1418 1640 κάλλιστος,
1448 1563 1671 1641 καρδίας
1705 1565 1931 1646 εὐφραν-

272 1657 424 1719 τικός
488 1654 708 1731 ὑπάρξει
771 1675 887 1728 μοι,
943 1653 1352 1732 προφερόμενος
1409 1654 1460 1710 ἐν
1519 1660 1598 1728 τῷ
1664 1659 1934 1733 αγαπητῷ

275 1765 394 1802 σου·
484 1743 545 1801 οῦ
621 1765 716 1818 μοι
792 1743 927 1814 αὐτὴ
983 1743 1155 1799 πόθον
1213 1743 1489 1818 ἐνέσταξας
1538 1744 1615 1809 εἷς
1671 1743 1934 1810 ἀπλανεῖς

2041 589 2098 644 in
2133 609 2237 648 nos
2269 594 2562 651 eil‘undis:
2596 595 2748 651 sicut
2779 611 2953 668 poma
2982 599 3268 652 sunttum
3301 601 3538 667 aspectu
3565 595 3700 669 pul-

2042 679 2202 751 chra,
2234 687 2361 738 tum
2394 684 2637 740 odoratu
2665 685 2889 754 suavia,
2922 689 3049 740 tum
3081 689 3319 756 gustatu
3351 684 3586 754 dulcia;
3613 685 3698 742 sic

2041 769 2170 842 ipsa
2201 773 2371 829 nobis
2404 773 2514 829 erit
2543 778 2600 830 et
2630 774 2913 829 virtutum
2938 773 3203 829 moribus
3221 775 3455 841 decora,
3478 779 3534 830 et
3556 775 3700 830 odo-

2041 860 2215 917 ril'era
2247 878 2592 918 sermonum
2623 867 2952 934 venustate,
2985 868 3042 918 et
3080 862 3272 918 dulcis
3325 863 3696 936 experientiae

2035 949 2426 1020 jucunditate.
2464 953 2529 1008 Et
2555 956 2757 1026 guttur
2779 960 2935 1008 tuum
2964 953 3106 1008 sicut
3136 953 3328 1008 vinum
3352 954 3573 1021 bonum,
3597 970 3698 1008 va-

2041 1037 2172 1095 dens
2201 1042 2388 1113 nepoti
2403 1057 2523 1097 meo
2546 1043 2604 1097 in
2634 1041 3016 1110 rectitudines,
3049 1042 3332 1112 sufﬁciens
3363 1041 3538 1096 labris
3559 1043 3699 1097 meis

2041 1136 2094 1184 et
2118 1129 2392 1186 dentibus.
2435 1131 2838 1188 Institutionis
2868 1137 2982 1186 tum
3014 1147 3209 1186 sermo
3243 1130 3345 1203 qui
3376 1135 3444 1186 ut
3491 1130 3697 1186 vinum

2042 1219 2330 1292 optimum
2363 1221 2541 1278 corda
2571 1221 2752 1277 afﬁcit
2781 1220 3006 1290 laetitia,
3042 1220 3153 1276 erit
3177 1220 3372 1291 nobis,
3396 1221 3537 1275 dum
3561 1237 3697 1292 pro-

2042 1309 2352 1365 nuntiatur
2405 1309 2467 1366 in
2526 1309 2737 1366 dilecto
2797 1315 2896 1366 tuo
2928 1309 3099 1381 cujus
3143 1309 3313 1366 nobis
3339 1308 3700 1367 desiderium

2042 1397 2369 1470 instillasti,
2405 1398 2464 1454 in
2496 1398 2620 1454 vias
2651 1402 2838 1454 rectas
2865 1416 2879 1456 :
2913 1404 2979 1454 ut
3008 1415 3140 1454 eum
3172 1402 3454 1471 tanquam
3489 1399 3702 1455 verita-

2042 1491 2158 1543 tem
2189 1486 2639 1560 amplectamur,
2672 1505 2777 1543 nec
2805 1505 2909 1560 per
2937 1488 3226 1544 delectum
3258 1492 3361 1544 aut
3391 1505 3700 1545 excessum

2042 1589 2076 1628 a
2096 1572 2330 1630 virtutis
2364 1574 2712 1630 rectitudine
2737 1575 3120 1631 deﬂectemus
3149 1594 3162 1631 :
3196 1579 3251 1632 et
3273 1576 3577 1632 sufﬁciens
3602 1593 3702 1633 no-

2043 1662 2145 1718 stri
2200 1663 2513 1735 appetendi
2573 1663 2871 1736 potentiis,
2935 1664 3152 1736 quibus
3179 1668 3462 1737 tanquam
3517 1663 3704 1721 labris

2043 1750 2385 1808 osculamur
2415 1753 2569 1824 quod
2603 1752 2822 1824 placuit
2846 1752 3133 1808 voluntati
3165 1769 3178 1808 :
3225 1758 3282 1808 et
3331 1751 3702 1826 intelligendi

273 1837 396 1891 κατ’
454 1835 650 1909 ἀρετὴν
710 1830 894 1895 ὁδούς·
925 1832 976 1888 ἐν
1031 1833 1111 1905 τῷ
1174 1828 1390 1909 ἔχεσθαι
1425 1833 1643 1906 τούτου,
1677 1834 1754 1892 ὡς
1787 1832 1930 1905 ἀλη-

278 1927 303 1942 Λ
343 1925 356 1942 Ι
580 1923 595 1942 \
711 1925 724 1942 \
1054 1928 1077 1938 ν
1327 1923 1341 1942 9
1469 1923 1481 1942 \
1645 1924 1658 1942 ἱ
1689 1921 1737 1942 ,l‘
1757 1922 1778 1942 λ
1857 1926 1868 1942 Ι

2056 1839 2447 1912 Facultatibus,
2482 1841 2701 1912 quibus
2732 1845 3016 1914 tanquam
3051 1842 3352 1908 dentibus,
3381 1858 3509 1914 quae
3551 1843 3701 1897 dura

277 1925 449 1988 θείας·
507 1923 596 1979 καὶ
657 1925 732 1997 μή
793 1928 1104 1998 συγχωρεῖν
1159 1943 1245 1995 με,
1298 1923 1374 1985 εἷς
1423 1923 1491 1978 τὰ
1542 1924 1658 1978 κατ’
1689 1921 1935 1997 ἔλλειψιν

276 2018 381 2088 τῇς
411 2015 610 2090 ἀρεθῆς
641 2014 811 2082 πάθη,
862 2011 897 2080 ἦ
943 2012 1008 2066 τὰ
1063 2013 1181 2076 καθ⁸
1227 2006 1538 2085 ὑπερϐολὴν
1589 2011 1936 2084 πλησιάζειν·

281 2103 421 2179 πρὸς
470 2100 527 2156 δὲ
582 2102 672 2156 καὶ
739 2101 920 2176 ἀρκῶν
975 2106 1095 2162 ταῖς
1143 2122 1201 2156 τε
1245 2103 1552 2179 ὁρεκτικαῖς
1615 2124 1719 2176 μου
1781 2099 1938 2156 δυνά-

284 2213 431 2266 μεσι,
463 2189 534 2246 δι’
562 2191 634 2246 ὧν
696 2193 785 2246 οἷα
833 2188 1069 2266 χειλέων
1126 2195 1228 2246 πᾶν
1284 2191 1508 2261 ἀσπάζω
1570 2191 1663 2265 μὲν
1696 2191 1759 2246 τὸ
1804 2191 1941 2247 κατὰ

279 2280 575 2358 βούλησιν,
634 2281 724 2336 καὶ
780 2285 900 2343 ταῖς
961 2277 1352 2351 διανοητικαῖς·
1409 2277 1480 2334 δι’
1536 2278 1610 2334 ὧν
1657 2281 1734 2335 ὥς
1774 2301 1940 2336 τινων

283 2368 532 2425 ὀδόντων
588 2370 724 2445 πρὸς
758 2370 958 2446 βρῶσιν
1019 2371 1391 2444 πνευματικὴν
1452 2371 1514 2425 τὸ
1545 2368 1805 2445 δυσχερὲς
1833 2374 1942 2426 τῶν

285 2479 577 2533 νοηματων
637 2456 998 2515 καταλεαίνω.
1055 2463 1164 2525 Τῆς
1221 2464 1349 2536 γοῦν
1403 2457 1652 2529 πληθύος
1679 2463 1788 2513 τῶν
1838 2479 1941 2532 μα-

288 2549 668 2622 θητευομενων
728 2547 1105 2619 ἀπαιτησάσης
1162 2551 1260 2619 τὴν
1322 2545 1648 2603 διδάσκαλον
1691 2545 1942 2623 ἰπιστρὲ-

283 2641 378 2712 ψαι
441 2638 546 2693 ἀπὸ
602 2642 702 2693 τοῦ
733 2636 904 2712 ὕψους
934 2643 1036 2706 τῆς
1085 2644 1350 2710 μυστικῆς
1404 2637 1658 2712 θεωρίας,
1684 2637 1772 2691 καὶ
1810 2656 1939 2712 συγ-

281 2722 583 2796 καταϐῆναι
669 2726 806 2782 κατὰ
890 2727 990 2796 τὴν
1067 2728 1264 2797 ἠθικὴν
1343 2725 1670 2805 φιλοσοφίαν
1730 2723 1940 2796 αὐταῖς,

284 2816 422 2872 ὥστε
473 2817 758 2872 θεάσασθαι
817 2815 869 2871 ἐν
929 2815 1066 2891 αὐτῇ
1114 2816 1181 2872 τὰ
1233 2817 1500 2892 εῗρημένα
1547 2815 1750 2886 ταύτης
1779 2835 1942 2869 πνευ-

288 2907 488 2980 ματικὰ
514 2905 720 2978 κάλλη,
753 2904 843 2961 καί
873 2900 1238 2976 συναναϐῆναι
1267 2906 1436 2981 ταύτῃ
1489 2903 1578 2961 διὰ
1629 2907 1938 2979 μιμήσεως·

281 2997 416 3072 πρὸς
470 2996 671 3059 ταύτας
729 2996 865 3067 αὐτή
944 3014 1100 3073 φησι·
1155 2995 1299 3070 Ἐγὼ
1356 2999 1437 3068 τῷ
1483 2991 1762 3073 ἀδελφιδῷ
1813 3015 1941 3068 μου,

279 3086 373 3141 καὶ
435 3085 520 3140 in”
579 3085 677 3159 ἐμὶ
727 3088 763 3155 ἠ
819 3085 1120 3163 ἐπιστροφὴ
1180 3084 1365 3142 αὐτοῦ.
1399 3082 1648 3156 Δηλαδή,
1683 3083 1834 3153 Αὔτὴ
1864 3087 1943 3156 τῷ

283 3175 553 3252 ἀγαπητῳ
615 3196 724 3248 μου
780 3173 918 3246 ὅλην
979 3173 1220 3248 ἒμαυτήν
1279 3172 1568 3247 ἀνεθέμην,
1623 3173 1713 3229 καὶ
1763 3171 1941 3248 χωρὶς

2049 1933 2189 1984 sunt
2220 1934 2277 1983 et
2307 1930 2374 1984 ad
2400 1931 2868 2002 cognoscendum
2903 1929 3190 1995 difﬁcilia,
3224 1930 3292 1985 ad
3328 1945 3494 1985 esum
3524 1933 3583 1986 et
3614 1929 3703 1985 ci-

2047 2016 2189 2070 bum
2225 2017 2549 2087 spiritalem
2574 2017 2901 2090 frangimus
2924 2021 2979 2073 et
3002 2016 3326 2072 mollimus.
3352 2017 3498 2072 Cum
3521 2017 3703 2090 igitur

2049 2103 2475 2177 discipularum
2507 2106 2828 2162 multitudo
2861 2124 2893 2161 a
2928 2107 3205 2178 magistra
3237 2106 3583 2180 ﬂagitasset,
3636 2110 3705 2164 ut

2053 2195 2124 2250 ab
2157 2212 2369 2251 arcana
2396 2195 2912 2268 contemplationis
2945 2195 3257 2250 altitudine
3289 2213 3417 2252 sese
3448 2195 3567 2253 illis
3602 2212 3706 2268 per

2052 2283 2332 2340 moralem
2355 2285 2787 2358 philosophiam
2814 2285 3130 2340 demittens
3159 2285 3704 2357 etaccommodans,

2049 2374 2130 2428 ita
2160 2378 2540 2440 converteret,
2575 2379 2638 2430 ut
2680 2373 2978 2446 spiritales
3033 2375 3164 2445 ejus
3221 2373 3696 2446 pulchritudines

2051 2480 2178 2534 qua:
2210 2463 2374 2518 dictis
2405 2468 2563 2534 sunt,
2589 2465 2648 2520 in
2683 2463 2781 2520 illa
2814 2468 3052 2536 possent
3077 2464 3308 2531 intueri,
3333 2468 3390 2518 et
3414 2480 3548 2518 cum
3573 2463 3703 2534 ipsa

2051 2550 2226 2606 simul
2282 2568 2386 2623 per
2429 2551 2820 2621 imitationem
2882 2551 3324 2621 conscenderet,
3386 2551 3455 2605 ad
3490 2566 3590 2606 eas
3621 2550 3704 2606 ita

2053 2641 2406 2712 respondet:
2472 2642 2578 2709 Ego
2627 2642 2812 2713 nepoti
2867 2657 3008 2708 meo,
3067 2648 3122 2695 et
3168 2640 3249 2696 ad
3290 2657 3376 2697 me
3420 2640 3704 2696 conversio

2050 2731 2187 2802 ejus.
2222 2734 2332 2801 Ego
2366 2745 2457 2784 me
2487 2735 2669 2785 totam
2703 2729 2915 2786 dilecto
2951 2745 3076 2785 meo
3109 2729 3409 2785 dedicavi:
3466 2733 3523 2784 et
3578 2729 3707 2785 sine

2051 2817 2181 2890 ipso
2213 2818 2360 2873 nihil
2395 2819 2583 2874 facere
2615 2818 2920 2874 constitui.
2955 2818 3322 2891 Quapropter
3378 2818 3504 2890 ipse
3563 2834 3704 2890 quo-

2053 2924 2166 2979 que
2199 2908 2269 2962 ad
2304 2924 2396 2962 me
2423 2907 2506 2963 sic
2529 2908 2799 2964 ati’ectam
2832 2923 2894 2963 se
2926 2908 3198 2978 demittit,
3235 2925 3266 2963 a
3295 2907 3533 2980 propria
3579 2907 3704 2979 glo-

2053 2997 2139 3052 ria
2171 2996 2253 3052 ita
2275 3013 2336 3052 se
2366 3002 2710 3053 convertens
2739 3015 2754 3067 ;
2787 3002 2851 3052 ut
2881 3014 3013 3052 cum
3049 2996 3364 3052 invisibilis
3397 2997 3495 3066 sit,
3527 2997 3600 3052 ab
3623 2997 3702 3052 iis

2054 3085 2153 3156 qui
2180 3085 2372 3141 videre
2431 3084 2599 3140 illum
2657 3085 2905 3158 cupiunt
2964 3083 3248 3140 videatur.
3306 3084 3522 3140 Verum
3585 3102 3702 3142 non

2053 3176 2267 3248 patior,
2319 3179 2384 3230 ut
2437 3176 2564 3246 ipsa
2612 3177 2737 3231 sola
2796 3176 2958 3231 fruar
3014 3175 3204 3248 ipsius
3236 3176 3699 3246 conjunctione;

282 3263 446 3320 αὐτοῦ
504 3263 658 3320 οόδὶν
718 3269 895 3319 ποιεῖν
957 3261 1255 3340 βούλομαι·
1288 3263 1377 3318 καὶ
1409 3263 1491 3318 ἐπ’
1539 3261 1636 3335 ἐμὶ
1665 3264 1764 3331 τὴν
1789 3259 1939 3344 ,οὕτω

2056 3265 2147 3321 sed
2183 3265 2376 3337 cupio,
2410 3269 2476 3320 ut
2505 3264 2684 3320 etiam
2715 3264 2800 3320 illi
2833 3264 2932 3337 qui
2984 3273 3121 3320 sunt
3184 3264 3375 3320 adhuc
3431 3265 3706 3336 imperfe-

287 3358 588 3433 φρονοῦσαν
638 3360 673 3424 ῆ
731 3353 898 3409 αὐτοῦ
956 3347 1356 3430 συγκατάϐασις
1405 3352 1632 3429 γίνεται,
1690 3349 1940 3426 ἐπιστρὲ-

291 3464 484 3520 φοντος
531 3443 638 3498 ἀπὸ
692 3449 793 3513 τῆς
854 3441 992 3506 ἰδίας
1050 3449 1357 3518 περιωπῆς,
1418 3441 1568 3506 ὅπως
1623 3442 1651 3496 6
1708 3439 1940 3516 ἀόρατος

2051 3354 2151 3420 cti,
2181 3353 2430 3410 salutem
2462 3355 2534 3410 ab
2569 3370 2635 3411 eo
2660 3359 3120 3426 consequantur.
3146 3354 3392 3410 Proinde
3415 3352 3627 3424 clamo,
3650 3357 3708 3411 et

2051 3443 2240 3499 dicto:

291 3533 468 3608 ὁρῷτο
488 3537 606 3594 τοῖς
641 3531 1004 3607 βουλομένοις
1035 3536 1227 3587 τοῦτον
1261 3534 1408 3608 ὁρᾷν.
1440 3529 1598 3588 Ἀλλ’
1631 3529 1730 3586 οὔκ
1757 3530 2026 3606 ἀνέχομαι
2059 3531 2224 3604 μόνον
2249 3538 2350 3602 τῆς
2378 3531 2526 3608 ἱερᾶς
2556 3529 2720 3586 αὐτοῦ
2749 3530 3050 3588 ἀπολαύειν
3083 3529 3392 3594 κοινωνίας·
3429 3529 3704 3606 βούλομαι

291 3617 350 3675 δι
376 3620 466 3675 καὶ
493 3620 621 3684 τοὺς
651 3619 862 3683 ἀτελεῖς
897 3619 997 3687 ἔτι,
1029 3622 1155 3697 παρ’
1185 3621 1350 3676 αὐτοῦ
1381 3621 1656 3698 σωτηρίας
1684 3622 1894 3694 τυχεῖν.
1929 3618 2022 3674 Διὸ
2057 3620 2171 3696 βοῶ
2199 3619 2290 3675 καὶ
2322 3618 2489 3697 λέγω.

357 3727 536 3799 Ἒλθέ,
561 3727 818 3812 ἀδελφιδέ
855 3750 982 3805 μου,
1015 3728 1106 3785 καὶ
1135 3729 1202 3786 τὰ
1231 3729 1375 3801 ἑξῆς.

847 4261 972 4316 Τῶν
1021 4257 1070 4335 γ’
1110 4257 1383 4332 Πατέρων.

358 4367 512 4443 Λέγει
544 4369 635 4424 οὗν
686 4369 722 4440 ἠ
754 4366 941 4445 νύμφη
975 4367 1111 4444 πρὸς
1143 4368 1241 4429 τὰς
1287 4367 1754 4440 μαθητευομὲνας·
1814 4375 1950 4424 Λοι-

283 4459 388 4515 πὸν
418 4463 497 4532 τῷ
547 4459 773 4537 νυμφίῳ
824 4480 929 4532 μου
978 4457 1070 4513 καὶ
1133 4457 1234 4527 τήν
1285 4453 1498 4527 αἹτησιν
1553 4456 1707 4529 ὑμῶν
1766 4457 1952 4536 ἀναφέ-

284 4546 456 4624 ρουσά
530 4567 695 4627 φημι·
756 4545 939 4616 Ἐλθὶ,
998 4541 1256 4623 ἀδελφιδέ
1317 4566 1444 4618 μου,
1507 4543 1810 4618 ἐξέλθωμεν
1871 4545 1949 4610 εἷς

281 4636 470 4712 ἀγρόν·
532 4636 753 4706 Εἷτουν,
809 4639 1000 4712 Δεῦρο,
1063 4631 1312 4710 ἆγαπητὲ
1347 4654 1474 4706 μου,
1507 4631 1812 4708 ἐξέλθωμεν
1843 4633 1949 4711 ἐγώ

282 4747 350 4784 τε
499 4729 775 4801 μυστικῶς
835 4723 1116 4802 θεωροῦσα
1169 4745 1248 4796 σε,
1279 4723 1366 4779 καὶ
1402 4723 1562 4785 αὐτὸς
1594 4723 1621 4777 6
1655 4722 1828 4788 οὕτως
1859 4746 1954 4799 μοι

287 4816 698 4894 θεωρούμενος,
753 4816 891 4892 πρὸς
949 4815 1041 4871 τὸν
1097 4814 1266 4890 χορὸν
1325 4817 1434 4868 τῶν
1496 4814 1953 4886 μαθητευομὲνων

298 4927 421 4981 μοι,
455 4905 515 4963 δν
571 4900 754 4983 ὥσπερ
803 4904 966 4982 ἀγρόν
1003 4926 1126 4961 τινα
1153 4897 1430 4979 τριϐόλων
1454 4901 1544 4957 καὶ
1576 4902 1820 4968 ἀκανθῶν
1849 4907 1958 4959 τῶν

290 5000 722 5073 συμπνιγουσῶν
783 4995 968 5064 αὐτὸν,
1021 4997 1119 5050 τοῦ
1149 4993 1272 5069 βιου
1320 4995 1599 5068 μεριμνῶν
1646 4992 1739 5047 καὶ
1803 4990 1957 5068 λογι-

289 5088 449 5158 σμῶν
502 5085 786 5160 ἐμπαθῶν,
858 5083 1173 5158 ἐξεκάθηρα·
1232 5080 1538 5155 ἐξέλθωμεν
1595 5079 1653 5137 δῖε
1710 5083 1956 5157 φανερώ-

292 5194 486 5237 σαντες
546 5174 696 5246 αὖτῷ
751 5174 847 5244 τῆν
915 5173 1286 5246 πνευματικὴν
1348 5170 1631 5250 συνάφειαν
1685 5172 1846 5244 ἡμῶν
1902 5171 1954 5227 ἓν

293 5266 415 5324 τοῖς
474 5263 612 5317 κατᾶ
652 5265 844 5338 πρᾶξιν
903 5263 1132 5338 τρόποις
1181 5267 1290 5317 τῶν
1321 5261 1547 5336 ἀρετῶν.
1584 5259 1850 5331 Ἐξιᾶντες
1888 5258 1956 5330 δ’,

302 5351 380 5414 ὡς
431 5348 646 5427 ε’ίρηται
681 5395 695 5417 ,
747 5350 1094 5424 αὐλισθῶμεν
1152 5348 1206 5404 ἐν
1251 5352 1490 5425 κώμαις·
1545 5349 1743 5426 ἤγουν,
1796 5371 1961 5406 κατα.

303 5438 682 5515 σκηδώσωμεν
745 5440 796 5496 ἓν
858 5443 1086 5517 ψυχαῖς,
1144 5444 1225 5511 τῷ
1282 5439 1510 5513 ὀνόματί
1541 5462 1637 5495 σου
1666 5442 1840 5503 πάσας
1862 5440 1962 5504 τὰς

304 5531 664 5609 θεωρητικὰς,
715 5529 805 5587 καὶ
843 5529 940 5596 τὰς
990 5529 1271 5604 ὀρεκτικὲις
1304 5527 1559 5603 δυνάμεις
1614 5529 1812 5599 αὐτῶν,
1871 5528 1964 5585 καὶ

303 5621 402 5684 τὰς
451 5621 733 5694 αῗσθήσεις
778 5619 867 5676 ἐπὶ
915 5620 979 5675 τὸ
1037 5617 1168 5674 αὐτὸ
1225 5619 1722 5694 συναθροιζούσαις,
1770 5621 1963 5697 οῖᾶπερ

306 5712 492 5786 κῶμαι
535 5708 665 5774 τοὺς
716 5707 1001 5771 οἰκοῦντας
1045 5703 1227 5770 αὐτάς.
1277 5704 1454 5770 Αὐτὸς
1516 5707 1611 5781 μὶν
1643 5706 1963 5786 οῗκητήριόν

2128 3730 2277 3797 Veni,
2302 3744 2466 3801 nepos
2489 3730 2589 3797 mi,
2613 3729 2971 3798 egrediamur
2984 3729 3042 3786 in
3065 3746 3283 3801 agrum,
3305 3746 3715 3787 commoremur

2051 3801 2110 3856 in
2134 3775 2302 3867 υἰιιίἓ,
2335 3775 2498 3856 niam
2535 3775 2828 3872 surgamus
2855 3801 2926 3856 ad
2944 3775 3159 3873 uinetis,
3184 3775 3473 3857 videamus
3488 3820 3561 3858 an
3584 3804 3718 3858 vitis

2050 3873 2330 3941 ﬂoruerit,
2391 3889 2462 3927 an
2517 3873 2774 3942 floruerit
2831 3888 3075 3942 germen,
3127 3890 3203 3928 an
3229 3875 3524 3942 ﬂoruerint
3562 3874 3716 3930 mala

2049 3946 2276 4017 punica.
2309 3944 2432 4017 Illic
2459 3943 2598 3999 dabo
2627 3945 2734 3999 tibi
2761 3945 2937 3999 ubera
2966 3960 3110 4000 mea.
3169 3945 3562 4017 Mandragom
3619 3945 3716 4000 de-

2052 4015 2252 4070 derunt
2293 4015 2537 4080 odorem,
2599 4025 2650 4071 et
2707 4018 2768 4070 in
2813 4017 2992 4087 portis
3037 4019 3239 4072 nostris
3291 4015 3480 4072 omnes
3547 4032 3716 4072 nuces

2053 4103 2222 4143 novas
2242 4103 2408 4171 super
2435 4095 2643 4214 υςέςνεδ
2670 4086 2973 4159 ᾳιιαδτίειίίι
3003 4088 3152 4144 mihi
3179 4091 3358 4144 mater
3387 4105 3528 4160 mea,
3544 4103 3713 4160 nepos

2054 4175 2157 4214 mi.
2188 4175 2404 4214 servavt
2436 4168 2479 4214 tz
2524 4175 2563 4213 ι.

2054 4175 2157 4230 mi,
2188 4161 2405 4215 servavi
2436 4159 2563 4214 tibi.

2657 4266 2839 4321 Trium
2870 4267 3124 4322 Patrum.

2132 4378 2360 4446 Sponsa
2390 4372 2574 4446 igitur
2599 4373 2668 4428 ad
2704 4372 3027 4445 discipulae
3071 4372 3260 4431 dicit:
3316 4374 3445 4431 1am
3507 4389 3726 4447 sponso

2064 4479 2192 4519 meo
2225 4477 2428 4534 preces
2459 4465 2687 4519 vestras
2719 4479 3016 4535 exponens
3040 4462 3171 4519 dico
3199 4481 3212 4518 :
3250 4463 3401 4532 Veni,
3431 4480 3597 4536 nepos
3618 4464 3721 4533 mi,

2061 4551 2412 4624 egrediamur
2444 4554 2500 4607 in
2523 4568 2740 4624 agrum.
2775 4555 2917 4624 Age,
2950 4552 3164 4608 dilecte
3196 4552 3298 4620 mi,
3323 4568 3624 4620 exeamus,
3669 4556 3730 4608 et

2062 4657 2170 4714 ego
2202 4658 2334 4714 quae
2365 4649 2421 4697 te
2454 4640 2700 4713 mystice
2729 4641 3114 4712 contemplor,
3149 4648 3207 4697 et
3237 4646 3302 4697 tu
3335 4643 3435 4713 qui
3467 4643 3551 4697 sic
3573 4658 3606 4696 a
3629 4657 3726 4697 me

2065 4729 2370 4803 spectaris,
2397 4731 2470 4786 ad
2502 4729 2749 4786 chorum
2773 4728 3200 4801 discipularum
3226 4747 3524 4785 mearum:
3548 4744 3724 4802 quem

2065 4825 2132 4878 ut
2154 4839 2363 4894 agrum
2388 4840 2422 4878 a
2442 4821 2682 4877 tribulis
2705 4826 2762 4876 et
2782 4820 2994 4892 spinis,
3020 4839 3054 4876 a
3070 4820 3201 4876 vitae
3222 4821 3726 4876 sollicitudinibus

2065 4915 2121 4968 et
2151 4910 2348 4983 pravis
2380 4908 2838 4982 cogitationibus
2867 4909 3064 4980 ipsum
3098 4909 3558 4978 suti‘ocantibus,
3590 4925 3731 4981 pur-

2065 5000 2217 5074 gavi.
2249 4999 2639 5072 Egrediamur
2661 5002 2856 5054 autem
2884 4999 3262 5055 ostendentes
3287 4998 3372 5054 illi
3393 4997 3728 5072 spiritalem

2067 5087 2542 5160 conjunctionem
2578 5092 2840 5144 nostram
2875 5087 2934 5143 in
2969 5088 3253 5144 virtutum
3305 5089 3570 5145 moribus
3629 5102 3734 5161 per

2069 5178 2359 5235 actionem
2390 5177 2707 5249 expressis.
2770 5177 3148 5250 Egredientes
3199 5194 3354 5248 vero,
3408 5182 3474 5234 ut
3505 5177 3732 5234 dictum

2069 5271 2178 5335 est,
2210 5282 2647 5323 commoremur
2673 5265 2733 5321 in
2765 5265 2943 5335 villis,
2978 5265 3038 5322 in
3069 5267 3384 5323 animabus
3438 5283 3568 5339 quae
3627 5283 3736 5324 no-

2070 5356 2215 5412 mini
2247 5360 2369 5427 tuo,
2403 5361 2469 5411 ut
2498 5355 2649 5412 villae
2683 5355 2904 5411 incolas
2932 5372 3096 5424 suos,
3130 5361 3375 5413 cunctas
3401 5355 3738 5429 intelligen-

2073 5445 2130 5501 di
2158 5444 2587 5519 appetendique
2612 5444 2901 5516 potentias
2924 5449 2980 5500 et
3005 5462 3217 5502 sensus
3243 5447 3302 5502 in
3327 5463 3510 5502 unum
3534 5463 3744 5520 cogen-

2073 5540 2164 5591 tes
2197 5536 2570 5591 dedicarunt.
2604 5534 2720 5589 Has
2749 5537 2812 5588 tu
2845 5533 3211 5591 domicilium
3242 5535 3348 5591 tibi
3404 5536 3464 5592 in
3513 5535 3740 5608 Spiritu

2076 5629 2280 5681 sancto
2311 5624 2658 5680 constitues.
2692 5626 2809 5694 Ego
2842 5627 3041 5678 autem
3069 5623 3190 5679 illis
3223 5640 3317 5680 me
3347 5623 3564 5696 ipsam,
3617 5641 3739 5697 quo

2076 5712 2184 5771 tibi
2214 5713 2507 5788 placeant,
2537 5711 2874 5785 exemplum
2905 5713 3218 5785 praestabo.
3259 5712 3418 5771 Mane
3435 5729 3738 5785 surgamus
