4110 6386
384 385 502 450 675

1727 382 2150 446 MIGHAELIS
2193 381 2468 445 PSELLI

3695 379 3815 444 676

383 521 454 578 ad
481 522 796 578 vineas:tu
829 517 931 592 qui
961 519 1285 592 esjustitiae
1317 517 1428 590 sol,
1461 518 1814 592 cognitionis
1842 518 2029 576 lucem

2146 535 2240 572 σου
2280 514 2331 570 ἰν
2385 515 2524 592 ἁγίῳ
2583 512 2854 589 Ηνεύματι
2901 513 3096 578 ταύτας
3153 511 3522 588 ποιούμενος,
3582 511 3692 588 ιγὼ
3753 509 3814 570 δὶ

383 611 658 668 emittens
693 610 752 666 in
785 610 1036 681 animas,
1069 609 1337 666 laborum
1373 609 1626 665 fructum
1659 609 1911 664 ferentes
1937 626 2038 681 pa-

380 700 672 770 tientiam,
734 717 862 772 quae
923 701 1091 773 quasi
1153 701 1356 755 botrus
1411 699 1652 770 quidam
1688 714 1790 768 per
1821 697 2036 752 multas

382 789 813 858 tribulationes,
832 789 1032 845 vinum
1053 789 1346 858 lmtiﬁcans
1365 804 1460 844 cor
1479 788 1726 843 hominis
1747 788 1792 821 7°
1830 785 2036 854 stillat,

383 883 624 952 propter
644 896 811 949 spem
842 880 1050 935 futurae
1079 878 1573 935 remunerationis
1606 894 1618 931 :
1683 892 1788 949 ego
1839 881 2036 932 autem

384 968 712 1024 secundum
748 969 944 1039 ipsum
977 968 1120 1024 solis
1154 972 1346 1024 ortum
1373 966 1666 1040 patientiae
1690 982 1882 1022 mores
1906 965 2037 1020 illos

380 1057 700 1114 ostendens
730 1057 996 1130 exemplo
1026 1074 1177 1114 meo.
1211 1057 1295 1112 Ita
1318 1071 1489 1128 porro
1512 1059 1824 1126 surgentes
1855 1053 2039 1109 videa-

381 1163 530 1213 mus,
564 1163 638 1202 an
667 1149 918 1218 ﬂoruerit
946 1148 1128 1215 vinea,
1160 1163 1233 1202 an
1260 1161 1481 1217 germen
1511 1146 1784 1216 ﬂoruerit,
1815 1159 1887 1198 an
1932 1143 2037 1212 ﬂo-

380 1238 601 1292 ruerint
629 1237 781 1292 mala
810 1237 1051 1307 punica:
1087 1235 1520 1306 conspiciamus
1551 1238 1676 1288 tum
1701 1233 1826 1303 ipse
1856 1231 1952 1303 qui
1978 1231 2037 1286 in

379 1324 725 1380 abscondito
756 1325 940 1389 vides,
961 1330 1089 1380 tum
1117 1340 1222 1396 ego
1245 1339 1369 1396 quae
1393 1323 1450 1378 in
1476 1320 1810 1390 manifesto,
1837 1324 2037 1376 utrum

379 1413 805 1486 discipularum
841 1431 874 1470 a
898 1431 988 1469 me
1019 1414 1425 1469 institutarum
1463 1412 1608 1466 fides
1640 1411 1790 1482 (quae
1816 1413 1880 1464 ut
1898 1408 2039 1464 vitis

377 1502 436 1557 in
472 1502 768 1575 palmites,
801 1504 884 1559 sic
921 1502 1048 1574 ipsa
1081 1503 1140 1557 in
1170 1503 1361 1558 varias
1392 1501 1638 1556 virtutes
1663 1498 2034 1568 diffunditur)

379 1592 643 1647 ﬂoruerit
665 1591 826 1649 intus
860 1593 1097 1664 quidem
1125 1609 1226 1663 per
1259 1591 1530 1646 habitum
1581 1605 1652 1645 ex
1708 1587 2036 1643 rationibus

376 1681 684 1750 virtutum,
717 1681 856 1737 foris
889 1687 1087 1738 autem
1137 1697 1240 1753 per
1299 1679 1589 1736 actionem
1649 1695 1717 1733 ex
1775 1678 2038 1732 moribus

375 1774 550 1842 atque
573 1771 860 1828 institutis
894 1771 1182 1844 ipsarum.
1206 1769 1351 1825 Nam
1385 1768 1592 1824 animae
1625 1767 1732 1823 flos
1763 1784 1831 1822 ex
1852 1767 2038 1822 virtu-

2149 603 2388 678 ἰμαυτήν
2446 609 2762 682 παριστῶσα
2835 603 3055 670 ταύταις
3109 601 3460 682 παράδειγμα
3514 603 3650 680 πρὸς
3709 605 3808 674 σήν

2148 693 2516 770 εὐαρέστησιν.
2602 695 2975 771 Ὀρθρίσωμεν
3054 692 3130 757 εἷς
3219 693 3568 768 ἀμπελῶνας·
3647 692 3808 756 αὐτὸς

2153 785 2246 857 μὶν
2309 785 2336 838 ὁ
2397 782 2588 846 Ἥλιος
2640 790 2706 854 τῆ
2727 806 2751 847 ς
2772 781 3147 856 δικαιοσύνης,
3180 782 3491 839 ἀνατέλλων
3521 785 3635 860 φῶς
3664 779 3810 859 γνώ-

2150 895 2284 935 σεως
2343 880 2465 936 ταῖς
2520 875 3000 952 καρποφορούσαις
3060 877 3266 950 ψυχαῖς
3311 872 3410 942 τὴν
3466 875 3574 928 τῶν
3630 871 3814 928 πόνων

2151 963 2463 1037 ὑπομονήν·
2523 963 2647 1034 ἥτις
2705 961 2778 1025 ὥς
2828 985 2910 1026 τις
2967 963 3162 1040 βότρυς
3193 960 3282 1018 διὰ
3311 960 3536 1018 πολλῶν
3573 961 3812 1037 θλίψεων

2149 1053 2439 1123 ἀποστάζει
2472 1054 2562 1110 τὸν
2609 1053 2698 1110 διὰ
2739 1055 2838 1122 τήν
2875 1051 3076 1109 ἐλπίδα
3120 1059 3220 1124 τῆς
3283 1051 3601 1127 μελλούσης
3661 1065 3819 1127 μισθ-

2151 1140 2446 1206 αποδοσίας
2501 1143 2852 1222 εὐφραντικὸν
2911 1146 3011 1214 τῆς
3069 1139 3292 1219 καρδίας
3349 1142 3523 1212 οἶνον,
3583 1140 3695 1218 ἐγὼ
3754 1139 3815 1198 δὶ

2147 1232 2283 1288 κατᾶ
2347 1235 2445 1302 τήν
2529 1231 2805 1308 εἶρηνὲνην
2875 1230 3176 1302 ἀνατολὴν,
3234 1231 3362 1294 τοὺς
3417 1229 3658 1308 τρόπους
3713 1239 3818 1303 τῆς

2152 1321 2437 1396 ὑπομονῆς
2494 1321 2714 1385 ταύταις
2777 1318 3200 1377 ὑποδεικνύουσα
3251 1325 3330 1392 τῷ
3389 1322 3507 1377 κατ’
3561 1319 3660 1395 ἐμὲ
3706 1343 3816 1377 πα-

2152 1409 2492 1488 ραδείγματι.
2551 1413 2743 1478 Οὕτως
2791 1411 2848 1469 δὶ
2907 1413 3275 1490 ὀρθρίσαντες,
3305 1410 3539 1487 Ἵδωμεν
3569 1413 3616 1468 εί
3647 1411 3819 1484 ἤνθη-

2151 1522 2235 1556 σεν
2296 1503 2330 1572 ἦ
2393 1499 2689 1576 ἄμπελος,
2759 1501 2990 1574 ἤνηθσεν
3064 1504 3091 1559 ὁ
3151 1501 3484 1578 κυπρισμὸς,
3559 1499 3809 1573 ἤνθησαν

2148 1589 2202 1645 αἱ
2261 1590 2404 1667 ῥοαί·
2465 1591 2614 1663 ἤτοι,
2677 1593 3005 1667 Θεασώμεθα
3062 1591 3125 1647 σύ
3156 1613 3214 1648 τε
3271 1592 3299 1647 ὁ
3359 1589 3410 1646 ἐν
3464 1596 3543 1664 τῷ
3584 1597 3814 1668 κρυπτῷ

2153 1679 2396 1756 βλέπων,
2453 1683 2603 1759 κάγὼ
2660 1683 2694 1752 ἠ
2757 1680 2807 1738 ἰν
2860 1687 2940 1754 τῷ
2971 1686 3204 1757 φανερῷ,
3261 1681 3348 1737 ἐὰν
3381 1682 3415 1752 ἡ
3477 1679 3555 1745 εἷς
3611 1682 3668 1736 σὶ
3697 1687 3809 1738 τῶν

2152 1773 2610 1845 μαθητευομὲνων
2671 1793 2764 1846 μοι
2824 1772 3026 1842 πίστις,
3079 1771 3200 1841 ἥτις
3259 1772 3333 1834 εἷς
3387 1770 3484 1834 τὰς
3515 1768 3813 1848 διαφόρους

373 1865 504 1915 tum
556 1861 888 1918 rationibus
935 1860 1232 1933 germinat
1262 1875 1363 1931 per
1394 1874 1587 1914 mores
1645 1857 1912 1929 ipsarum
1971 1855 2030 1911 in

2149 1859 2359 1935 ἀρετὰς,
2421 1862 2495 1925 ὡς
2554 1861 2630 1917 εἷς
2683 1859 2944 1934 κλήματα
3001 1858 3248 1935 ἄμπελος
3280 1859 3590 1938 διαιρεῖτηι,
3639 1859 3816 1932 ἤνθη-

376 1965 552 2007 carne
577 1966 590 2006 :
607 1950 778 2021 cujus
796 1950 924 2006 ﬂdei
949 1950 1057 2005 ﬂos
1079 1953 1207 2005 tum
1223 1965 1498 2016 arcanus,
1514 1952 1640 2002 tum
1658 1947 2034 2015 manifestus,

377 2043 471 2094 est
524 2039 634 2096 flos
692 2039 985 2095 malorum
1044 2039 1420 2111 punicorum,
1488 2053 1616 2108 quae
1673 2036 2036 2090 intrinsecus

379 2128 620 2200 quidem
669 2129 903 2184 dulcem
963 2129 1223 2184 fructum
1283 2128 1609 2198 continent,
1668 2124 2039 2180 extrinsecus

379 2223 578 2274 autem
611 2223 915 2274 austerum
951 2219 1224 2275 corticem
1261 2218 1595 2290 praeferunt.
1630 2215 1858 2271 Etenim
1901 2213 2037 2270 ﬁdei

377 2322 615 2380 quoque
634 2309 860 2365 fructus
891 2309 948 2364 in
973 2307 1200 2365 occulta
1219 2307 1456 2380 quidem
1485 2307 1694 2362 animae
1729 2303 2037 2360 all‘ectione

379 2402 622 2470 propter
675 2398 857 2454 futuri
919 2398 1143 2471 praemii
1203 2413 1392 2470 spem,
1451 2395 1668 2451 laetitia!
1726 2395 1928 2464 aﬂ‘ert;
1975 2395 2034 2448 in

375 2487 659 2544 exteriore
691 2489 1106 2560 autemicarnis
1137 2505 1314 2544 sensu
1350 2491 1586 2558 propter
1614 2482 2037 2543 virtutislabo-

375 2592 471 2633 res
505 2578 725 2649 praebet
754 2579 1154 2633 acerbitatem.
1189 2577 1311 2632 Illic
1340 2576 1476 2631 dabo
1537 2575 1708 2630 ubera
1758 2589 1879 2628 mea
1913 2573 2031 2627 tibi.

378 2664 439 2719 In
493 2683 635 2738 agro
694 2665 963 2722 videlicet
1016 2666 1116 2721 illo
1176 2681 1353 2737 quem
1413 2663 1556 2730 dixi,
1611 2661 2037 2733 discipularum

375 2769 667 2823 mearum,
703 2756 994 2826 proferam
1037 2755 1144 2810 tibi
1205 2771 1422 2826 sponso
1455 2770 1606 2823 meo,
1657 2769 1833 2824 quam
1868 2749 2038 2804 insti—

372 2845 609 2899 tuendis
643 2844 759 2900 illis
792 2845 1039 2900 adbibco
1073 2845 1402 2899 doctrinam
1438 2842 1713 2899 moralem
1771 2846 1826 2896 et
1860 2847 2035 2896 natu-

373 2934 579 3004 ralem,
612 2939 675 2988 ut
707 2951 807 3005 per
838 2933 988 2988 hanc
1019 2935 1241 2989 ducens
1273 2949 1371 2988 eas
1411 2933 1482 2988 ad
1517 2929 1908 3000 disciplinam
1947 2948 2039 2986 ar-

372 3039 606 3088 canam,
627 3025 933 3079 ostendam
955 3041 1149 3079 rerum
1173 3029 1445 3078 naturam
1470 3027 1523 3078 te
1540 3039 1714 3078 suum
1734 3026 2033 3076 auctorem

381 3112 643 3168 indicare
675 3130 777 3185 per
805 3117 974 3168 notas
1005 3114 1293 3185 quasdam
1328 3122 1387 3167 ut
1417 3111 1750 3178 veritatem,
1786 3128 1900 3166 non
1935 3127 2034 3165 au-

380 3206 497 3258 tem
549 3207 616 3258 ut
659 3204 834 3274 juxta
890 3203 1269 3276 prudentium
1319 3202 1652 3258 Graecorum
1696 3199 2028 3266 stultitiam,

2149 1969 2232 2003 σεν
2293 1948 2444 2013 ἐττὸς
2497 1972 2555 2006 τε
2601 1953 2722 2006 καθ’
2775 1949 2880 2022 ἕξιν
2939 1957 3054 2012 τοῖς
3089 1951 3278 2027 λόγοις
3305 1955 3414 2006 τῶν
3463 1951 3692 2026 ἀρετῶν,
3725 1948 3816 2006 καὶ

2149 2037 2301 2102 ἐκτὸς
2357 2043 2476 2094 κατ’
2548 2039 2815 2117 ἐνέργειαν
2872 2046 2989 2102 τοῖς
3042 2039 3270 2115 τρόποις
3331 2041 3534 2098 αὐτῶν.
3594 2041 3652 2098 Ὀ
3708 2040 3814 2116 γὰρ

2146 2128 2283 2182 κατᾶ
2336 2128 2467 2191 τοὺς
2529 2125 2729 2205 λόγους
2785 2134 2897 2184 τῶν
2930 2130 3134 2204 ἀρετῶν
3199 2130 3460 2205 ἀνθισδμὸς
3497 2136 3601 2199 τῆς
3631 2133 3820 2204 ψυχῆς

2145 2217 2392 2294 κυπρίζει
2451 2219 2587 2274 κατὰ
2641 2219 2768 2282 τοὺς
2824 2219 3062 2292 τρόπους
3122 2218 3298 2275 αὐτῶν
3358 2217 3409 2273 ἐν
3471 2217 3662 2294 σαρκί.
3712 2224 3815 2282 Ἰῐς

2145 2307 2381 2370 πίστεως
2412 2310 2474 2363 τὸ
2505 2305 2661 2378 δῆθεν
2699 2309 2957 2383 μυστικὸν
3013 2309 3103 2364 καὶ
3165 2309 3394 2388 φανερὸν
3424 2309 3604 2380 ἄνθος,
3663 2307 3810 2384 ῥοῶν

2147 2397 2288 2453 ἐστιν
2348 2397 2529 2461 ἄνθος·
2591 2397 2747 2474 α’ίπερ
2804 2397 2952 2462 ἐντὸς
2988 2399 3081 2471 μὶν
3143 2399 3206 2453 τὸ
3264 2395 3438 2474 γλυκὺ
3467 2400 3565 2451 τοῦ
3595 2401 3812 2474 καρποῦ

2146 2486 2551 2566 περιφέρουσιν,
2609 2486 2761 2551 ἐκτὸς
2823 2485 2881 2542 δὲ
2935 2488 2997 2543 τὸ
3050 2492 3147 2542 τοῦ
3180 2485 3420 2563 λεπύρου
3452 2485 3668 2562 πικρόν.
3703 2485 3814 2542 Καὶ

2144 2579 2245 2654 γὰρ
2305 2577 2395 2632 καὶ
2455 2579 2483 2633 ὁ
2538 2585 2638 2647 τῆς
2694 2577 2926 2640 πίστεως
2983 2578 3190 2652 καρπὸς
3250 2577 3386 2632 κατά
3447 2576 3809 2649 μὶνκεκρυμ-

2151 2668 2318 2740 μένην
2376 2674 2475 2736 τῆς
2537 2671 2722 2742 ψυχῆς
2796 2664 3056 2739 διάθεσιν,
3116 2666 3466 2742 εὐφραντικός
3525 2664 3658 2734 ἐστι,
3720 2663 3814 2720 διὰ

2147 2757 2244 2826 τήν
2297 2763 2396 2826 τῆς
2450 2755 2765 2831 μελλούσης
2830 2753 3256 2830 μισθαποδοσίας
3306 2751 3524 2811 ἐλπίδα·
3583 2757 3720 2810 κατὰ
3752 2752 3812 2811 δὲ

2145 2847 2244 2915 τὴν
2305 2845 2455 2908 ἐκτὸς
2495 2854 2598 2915 τῆς
2658 2847 2856 2920 σαρκὸς
2916 2843 3206 2918 ὀδυνηρὸς,
3265 2843 3353 2900 διᾶ
3380 2847 3444 2901 τὸ
3474 2852 3574 2914 τῆς
3605 2845 3808 2922 ἀρετῆς

2148 2935 2426 2991 ἐπίπονον.
2475 2937 2618 2990 Ἐκεῖ
2675 2933 2835 2990 δώσω
2893 2934 3020 2999 τοὺς
3079 2933 3318 3008 μαστούς
3389 2955 3495 3008 μου
3526 2932 3630 2990 σοί.
3693 2945 3802 3006 Δη-

2148 3024 2354 3082 λονότι.
2414 3025 2499 3082 Ἐν
2568 3029 2645 3096 τῷ
2712 3024 2989 3100 εἰρημένῳ
3020 3024 3173 3099 ἀγρῷ
3201 3029 3308 3078 τῶν
3345 3021 3804 3098 μαθητευομένων

2150 3134 2242 3186 μοι
2300 3112 2555 3188 προσάξω
2617 3133 2701 3166 σοι
2766 3115 2846 3184 τῷ
2901 3111 3122 3189 νυμφίῳ
3175 3133 3279 3186 μου
3309 3112 3408 3180 τήν
3439 3112 3573 3187 πρὸς
3607 3112 3809 3177 ταύτας

2145 3203 2345 3272 ἡθικὴν
2395 3201 2484 3255 καὶ
2517 3201 2746 3280 φυσικὴν
2782 3197 3148 3256 διδασκαλίαν·
3208 3223 3334 3274 μου,
3369 3201 3442 3264 ὠς
3479 3199 3568 3256 διὰ
3597 3199 3806 3259 τούτων

380 3290 633 3347 naturali
667 3309 862 3347 rerum
896 3292 1228 3363 cognitione
1260 3291 1341 3346 sic
1365 3308 1463 3346 eas
1495 3290 1781 3357 imbuam,
1809 3294 1871 3342 ut
1902 3305 2029 3360 pro-

2143 3290 2305 3353 αὐτὰς
2357 3291 2491 3364 πρὸς
2551 3291 2649 3359 τήν
2709 3289 3089 3365 μυσταγωγίαν
3126 3291 3356 3364 ἀνάξασα
3410 3289 3464 3346 ἐν
3522 3296 3600 3363 τῷ
3656 3291 3798 3347 ἀπο-

379 3381 473 3437 cul
506 3386 626 3437 ate
680 3381 928 3436 veritate
985 3381 1311 3437 discedant.
1374 3379 1594 3435 Etenim
1642 3378 2028 3448 mandragorae

376 3471 642 3526 dederunt
663 3471 1126 3527 odorem.Rerum
1149 3470 1365 3542 quippe
1386 3469 1752 3525 sensibilium
1780 3467 2025 3539 species,

378 3559 638 3630 etipsius
659 3560 960 3631 scripturae
982 3565 1127 3615 notae
1144 3559 1311 3631 quasi
1331 3559 1731 3630 mandragora:
1756 3557 2025 3628 quaedam

380 3649 624 3719 faciunt,
653 3653 717 3704 ut
749 3667 916 3705 mens
965 3667 1068 3722 per
1117 3666 1353 3704 sensum
1403 3647 1522 3702 illis
1562 3647 1872 3713 inhmrens,
1908 3663 2025 3701 non

378 3744 573 3794 autem
609 3756 712 3811 per
735 3757 833 3796 eas
865 3741 936 3795 ad
978 3740 1278 3795 veritatem
1337 3737 1647 3812 vigilanter
1676 3736 2028 3806 ascendens,

377 3829 792 3897 obdormiscat,
841 3836 898 3885 et
955 3835 1190 3902 torpore
1238 3827 1416 3884 veluti
1467 3827 1684 3883 stolida
1733 3830 2023 3882 teneatur.

373 3919 762 3975 Praebuerunt
809 3921 1044 3976 odorem
1106 3921 1400 3976 rationum
1457 3919 1720 3974 veritatis
1761 3917 1818 3971 in
1849 3917 2024 3971 rebus

375 4009 652 4065 omnibus
679 4009 1033 4078 exbibentis,
1070 4011 1117 4066 si
1180 4007 1524 4082 spiritaliter
1555 4007 2024 4062 considerantur.

374 4099 768 4164 Quamobrem
801 4104 854 4154 et
897 4101 957 4155 in
1005 4101 1183 4171 portis
1239 4099 1447 4153 nostris
1477 4113 1661 4152 omnes
1691 4112 1872 4150 nuces.
1906 4095 2025 4149 Hoc

373 4188 551 4243 estin
585 4189 862 4245 sensibus
893 4191 1039 4244 meis
1095 4189 1217 4259 (qui
1275 4186 1457 4242 veluti
1518 4190 1694 4257 portae
1756 4186 2022 4256 qumdam

374 4277 891 4348 educuntquidem
907 4293 1001 4332 me
1015 4277 1085 4332 ad
1103 4288 1157 4332 te
1177 4281 1238 4331 ut
1263 4275 1735 4331 rerumomnium
1759 4290 2024 4345 causam,

374 4383 479 4437 per
497 4366 824 4422 naturalem
841 4367 1104 4438 ipsarum
1129 4366 1188 4420 in
1213 4363 1421 4436 spiritu
1447 4361 2023 4435 contemplationem,

372 4455 835 4524 inquirendum:
881 4455 1266 4509 introducunt
1309 4457 1504 4509 autem
1556 4457 1611 4508 te
1657 4453 1727 4508 ad
1780 4469 1872 4507 me
1924 4468 2029 4524 per

375 4543 591 4599 mentis
613 4542 1033 4615 cognitionem)
1057 4546 1338 4614 promptae
1361 4547 1501 4597 sunt
1525 4557 1732 4598 omnes
1754 4543 1812 4597 in
1847 4542 2023 4597 rebus

2137 3375 2303 3450 δεῖξαι
2352 3380 2452 3448 τὴν
2521 3383 2628 3434 τῶν
2688 3377 2834 3434 ὅλων
2879 3378 3034 3458 φύσιν
3086 3401 3143 3434 σε
3219 3379 3310 3434 τὸν
3370 3379 3569 3451 ταύτης
3618 3377 3793 3435 α’ίτιον

2135 3467 2510 3541 αίνιττομὲνην
2573 3463 2930 3542 συμϐολικῶς
3015 3468 3090 3531 ὡς
3149 3466 3432 3541 ἀλήθειαν·
3514 3468 3603 3524 καὶ
3657 3467 3788 3544 οὐχὶ

2136 3557 2271 3613 κατὰ
2324 3557 2452 3620 τοὺς
2513 3558 2913 3635 ματαιόφρονας
2970 3556 3298 3628 ”Ελληνας,
3369 3558 3789 3636 παρασκευάζειν

2134 3648 2330 3711 ταύτας
2387 3651 2504 3711 ταῖς
2563 3652 2812 3723 φυσικαῖς
2873 3645 3101 3709 ἐννοίαις
3135 3647 3342 3722 μακράν
3397 3669 3492 3702 σου
3520 3651 3619 3712 τῆς
3649 3645 3789 3717 ἀλη-

2136 3738 2282 3799 Οείας
2341 3738 2653 3811 ἀπάγεσθαι.
2714 3737 2808 3792 Καὶ
2870 3736 2994 3812 γὰρ,
3050 3737 3119 3792 Αἱ
3182 3733 3546 3813 μανδραγόραι
3577 3733 3788 3792 ἔδωκαν

2136 3828 2336 3899 ὁσμγςν.
2369 3827 2591 3890 Πάντως
2648 3827 2701 3880 αἱ
2752 3832 2858 3881 τῶν
2919 3828 3191 3897 αἰσθητῶν
3250 3827 3548 3905 ἐπιφάνειαι
3579 3828 3667 3882 καὶ
3725 3828 3795 3882 τὰ

2132 3924 2233 3986 τῆς
2285 3923 2502 3994 Γραφῆς
2559 3911 2833 3989 σύμϐολα,
2865 3917 2997 3990 ἅπερ
3028 3913 3120 3970 τὸν
3179 3916 3393 3978 τούτοις
3448 3918 3566 3972 κατ’
3598 3915 3790 3987 αῗσθη-

2133 4027 2214 4060 σιν
2276 4005 2673 4078 ἐναπομὲνοντα
2714 4009 2864 4078 νοῦν,
2921 4003 3011 4060 καὶ
3077 4007 3152 4079 μὴ
3209 4003 3279 4061 δι’
3325 4006 3497 4060 αὐτῶν
3531 4007 3667 4082 πρὸς
3690 4006 3792 4075 τήν

2135 4093 2393 4165 ἀλήθειαν
2453 4093 2832 4170 ἐγρηγορότως
2892 4089 3236 4149 διηῦαίνοντα
3293 4100 3490 4172 ναρκᾷν
3536 4095 3628 4150 καὶ
3659 4093 3792 4165 ἠλι-

2137 4189 2276 4255 θιᾷν,
2335 4183 2408 4246 ὥς
2463 4205 2605 4246 τινες
2669 4181 3064 4260 μανδραγόραι,
3122 4187 3610 4259 παρασκευάζουσι.
3644 4187 3792 4262 Παρ-

2137 4275 2298 4350 ἐσχον
2373 4271 2596 4328 εὐωδίαν
2669 4278 2774 4327 τῶν
2834 4280 2934 4342 τῆς
2988 4273 3038 4327 ἰν
3092 4270 3247 4338 ὅλοις
3302 4273 3561 4346 ἀληθείας
3612 4271 3792 4351 λόγων

2135 4366 2516 4436 πνευματικῶς
2577 4361 2992 4436 θεωρουμένων.
3040 4364 3315 4428 Ἐντεῦθεν
3378 4359 3478 4433 δὶ,
3544 4365 3643 4420 Καὶ
3703 4364 3790 4420 ἐπὶ

2136 4453 2321 4527 θύραις
2376 4454 2538 4525 ἡμῶν
2598 4450 2770 4506 πάντα
2825 4451 2892 4506 τὰ
2947 4449 3240 4527 ἀκρόδρυα·
3276 4450 3480 4523 εἷθεσυν,
3511 4455 3631 4510 Ἐπὶ
3663 4457 3788 4516 ταῖς

2135 4541 2414 4612 αῗτθήσεσί
2479 4561 2582 4614 μου
2641 4539 2840 4616 (α’ίπερ,
2902 4541 2977 4604 ὡς
3010 4541 3168 4616 θύραι
3208 4542 3373 4614 τινὶς,
3408 4543 3657 4618 ἐξάγουσι
3693 4543 3790 4616 μὶν

376 4632 700 4705 procreatis
732 4633 920 4688 insitae
949 4632 1214 4688 veritatis
1259 4631 1535 4699 rationes,
1571 4647 1701 4704 quas
1740 4637 2024 4704 tanquam

2143 4630 2234 4704 ἐμὲ
2290 4631 2427 4706 πρὸς
2473 4632 2805 4702 ἀναζήτησίν
2863 4652 2979 4700 σου,
3041 4629 3116 4694 ὡς
3172 4632 3391 4687 πάντων
3442 4631 3642 4701 αἰτίου,
3705 4630 3806 4688 διὰ

376 4738 559 4778 nuces
595 4730 714 4776 tum
743 4738 847 4793 per
875 4721 1179 4793 scripturas
1239 4726 1429 4789 notas,
1490 4726 1615 4777 tum
1677 4739 1779 4793 per
1831 4738 2028 4776 rerum

377 4809 750 4868 sensibilium
775 4810 996 4881 species
1009 4811 1343 4867 Judieorum
1362 4811 1815 4882 Graecorumque
1835 4809 2032 4867 stulti-

382 4901 523 4956 tiam
561 4899 1457 4973 nutriebant.Undenovassuper
1490 4905 1714 4971 veteres,
1741 4916 1906 4971 nepos
1927 4900 2029 4970 mi,

378 4991 618 5046 servavi.
675 4989 794 5046 Hoc
849 4995 959 5057 est,
1015 4995 1278 5047 recentes
1350 4991 1716 5063 evangelicae
1775 4990 2034 5046 rationes

379 5079 592 5152 (gratia
615 5079 867 5152 Spiritus
899 5085 1236 5150 renovante)
1257 5097 1390 5136 cum
1415 5080 1674 5152 antiquis
1695 5080 2029 5136 Graecorum

376 5167 836 5242 Judaeorumque
895 5169 1238 5242 ignorantiae
1286 5175 1413 5225 tum
1473 5169 1845 5225 naturalibus
1902 5174 2027 5224 tum

378 5258 617 5330 scriptis
639 5259 888 5315 rationib
899 5277 966 5316 us
979 5263 1345 5316 coacervatas
1359 5259 1581 5316 servavi
1600 5258 1705 5314 tibi
1723 5275 1736 5314 :
1753 5258 2030 5327 quoniam

377 5351 436 5404 et
460 5365 563 5418 per
593 5347 842 5420 scriptas
862 5349 994 5404 illas
1030 5354 1280 5422 purgata
1311 5367 1444 5404 sum
1469 5365 1534 5404 ac
1561 5348 1826 5404 moribus
1856 5348 2032 5404 insti-

381 5441 531 5507 tuta,
562 5441 620 5492 et
649 5453 754 5509 per
778 5437 1078 5494 naturales
1101 5437 1456 5505 illuminata,
1479 5442 1541 5494 ut
1559 5454 1661 5510 per
1682 5454 1884 5494 eorum
1903 5455 2030 5509 quae

378 5527 535 5583 facta
559 5527 1303 5601 sunt,contemplationem,
1317 5532 1374 5585 te
1387 5527 1756 5584 Conditorem
1771 5527 2032 5584 omnium

450 5735 496 5774 τ’
522 5739 648 5794 Psa.
676 5751 798 5812 cm,
832 5739 920 5796 15.

2141 4727 2244 4790 τῆς
2302 4719 2509 4776 τούτων
2599 4726 2831 4798 φυσικῆς
2919 4719 2972 4774 ἰν
3029 4720 3296 4794 πνεύματι
3366 4722 3613 4797 θεωραίς·
3675 4721 3790 4777 εἷσ-

2144 4811 2331 4884 άγουσι
2391 4807 2447 4864 δέ
2501 4830 2558 4864 σε
2585 4810 2722 4865 κατὰ
2750 4813 2949 4886 γνῶσιν
3009 4809 3148 4884 πρός
3198 4831 3265 4884 με
3322 4808 3413 4866 διὰ
3445 4813 3611 4884 μέσου
3649 4812 3797 4885 νοός)

2141 4898 2434 4975 ειρόχειροί
2494 4897 2594 4953 είσι
2652 4897 2848 4961 πάντες
2881 4900 2933 4954 οἱ
2961 4905 3080 4961 τοῖς
3109 4919 3166 4955 τε
3197 4895 3501 4974 συμϐόλοις
3526 4907 3629 4971 τῆς
3660 4921 3796 4979 γρα-

2143 4995 2270 5065 φῆς,
2302 4988 2391 5043 καὶ
2446 4993 2568 5051 ταῖς
2617 4987 2951 5065 ἐπιφανείαις
3010 4991 3120 5043 τῶν
3171 4987 3470 5060 αἶ’σθητῶν,
3503 4990 3660 5066 ἅπερ,
3718 4988 3798 5052 ὠς

2145 5075 2301 5154 δρύες
2379 5079 2543 5150 τινὲς,
2632 5075 2862 5152 ἀλογίαν
2937 5074 3246 5146 Ἰουδαϊκῆν
3295 5077 3385 5133 καὶ
3462 5077 3802 5150 Ἑλληνικὴν

2142 5162 2389 5244 ἓτρεφον,
2475 5164 2978 5242 ἐγκεκεντρισμὲνοι
3051 5167 3149 5233 τῆς
3207 5165 3260 5220 ἑν
3324 5163 3482 5229 ὅλοις
3540 5165 3799 5238 ἀληθείας

2145 5253 2322 5331 λόγοι.
2363 5256 2548 5325 Ὅθεν,
2600 5253 2708 5308 Νὲα
2761 5252 2900 5329 πρὸς
2956 5251 3187 5322 παλαιὰ,
3221 5251 3478 5333 ἀδελφιδί
3513 5277 3636 5329 μου,
3671 5255 3800 5327 ἐτήο

2144 5346 2284 5418 ρησά
2345 5365 2451 5400 σοι.
2505 5339 2753 5414 Δηλαδὴ,
2823 5340 2966 5404 Τοὺς
3027 5343 3312 5412 νεάζοντας
3371 5343 3458 5418 (τῇ
3499 5349 3802 5416 καινοποιῷ

2140 5438 2238 5489 τοῦ
2297 5433 2613 5506 Πνεύματος
2683 5432 2897 5508 χάριτι)
2955 5429 3349 5508 εὐαγγελικοὺς
3405 5431 3602 5510 λόγους
3660 5433 3801 5509 πρὸς

2139 5529 2257 5588 τοῖς
2311 5521 2702 5588 παλαιωθεῖσιν
2761 5521 2864 5578 ὑπὸ
2919 5528 3018 5593 τῆς
3074 5518 3408 5594 Ἑλληνικῆς
3447 5523 3536 5578 καὶ
3569 5519 3802 5578 Ἰουδαῖα
