4110 6404
351 407 486 466 ’677

1411 411 1822 475 COMMENT.
1870 405 1954 468 ΙΝ
1994 404 2394 470 CANTICUM
2440 409 2743 471 CANTIC.

3669 417 3791 478 6'18

367 544 472 609 κῆς
521 538 744 616 ἀγνοίας
823 546 1072 621 φυσικοῖς
1125 543 1214 598 καὶ
1281 547 1547 619 γραπτοῖς
1612 564 1716 616 μου
1789 536 2010 619 ἐφύλαξε

2139 544 3024 615 auctoremqueeognoscerem;
3071 549 3128 602 et
3183 547 3482 620 spiritales
3533 551 3790 622 perfecta

371 648 480 684 σοι·
514 635 630 694 τοῖς
695 631 789 705 μὲν
849 637 1113 707 γραπτοῖς
1164 639 1496 710 καθαρθεῖσαι
1549 633 1640 689 καί
1674 634 1879 703 ἠθικῶς
1908 650 2030 685 παι-

369 716 644 792 δευθεῖσα,
671 725 789 784 τοῖς
822 718 881 777 δὲ
911 728 1160 800 φυσικοῖς
1215 725 1566 798 φωτισθεῖσα,
1597 722 1688 778 καὶ
1737 724 1836 777 τοῦ
1891 739 2027 774 παν-

2141 634 2320 702 atque
2341 631 2636 699 absoluta,
2672 637 2732 688 ut
2764 637 2818 688 te
2848 650 2983 690 cum
3006 635 3175 691 Patre
3206 641 3263 692 et
3285 638 3504 709 Spiritu
3531 642 3787 697 consub-

2139 720 2473 777 stantialem
2507 721 2916 794 intelligerem,
2949 729 3004 780 et
3034 725 3429 797 praedicarem.

363 807 460 870 τὸς
486 807 659 866 αἴτιόν
693 831 752 866 σε
782 807 872 866 διὰ
899 819 1001 883 τῆς
1030 817 1138 868 τῶν
1166 813 1468 888 γεγονότων
1502 812 1730 885 θεωρίας
1754 806 2068 882 κατιδοῦσα,
2099 809 2187 864 καὶ
2219 813 2337 872 τοῖς
2368 815 2756 884 πνευματικοῖς
2799 810 3149 869 τελειωθεῖσι
3187 814 3275 870 καὶ
3326 816 3659 894 θεολογοῦσά
3690 839 3786 875 σου

366 898 476 972 [τὸ]
507 898 643 972 μετὰ
670 901 882 973 Πατρὸς
911 901 1004 956 καὶ
1039 899 1351 974 [[νεύματος
1387 900 1706 974 ὁμοούσιον.

943 1009 1066 1066 Τῶν
1093 1009 1139 1085 γ’
1170 1010 1426 1086 Ιίατέφων
1438 1050 1450 1064 .

438 1095 529 1160 Τίς
585 1091 701 1169 δῴη
781 1115 862 1166 σε,
916 1094 1178 1176 ἀδελφιδέ
1236 1120 1365 1172 μου,
1425 1095 1734 1168 θηλδίζοντα
1793 1094 2031 1172 μαστοὺς

303 1239 312 1243 -
371 1184 580 1262 μητρός
639 1205 783 1260 μου;
837 1188 1068 1263 Ἥγουν,
1102 1184 1432 1263 Ἐπειδήπερ
1487 1208 1552 1262 με
1599 1190 1634 1258 ἡ
1677 1188 1868 1264 πρώτη
1931 1207 2027 1242 σου

365 1274 638 1350 παρουσία
695 1275 833 1352 πρὸς
886 1276 949 1331 τὸ
1006 1275 1316 1332 ἀπολαῦσαί
1374 1298 1470 1332 σου
1527 1276 1880 1350 ἡτοίμασται,
1941 1276 2026 1338 τίς

369 1383 463 1438 μοι
519 1365 657 1420 κατὰ
714 1367 813 1434 τὴν
875 1363 1125 1440 δευτέραν
1182 1387 1278 1421 σου
1308 1367 1605 1442 παρουσίαν
1663 1367 1923 1443 παράσχῃ
1970 1385 2028 1420 σε

362 1453 455 1508 τὸν
489 1452 764 1530 ἀγαπητόν
802 1475 908 1528 μου
942 1457 1058 1529 μεθ’
1090 1458 1250 1529 ἡμῶν
1284 1455 1337 1510 έν
1386 1459 1456 1531 τῇ
1509 1460 1605 1511 τοῦ
1662 1456 1872 1529 Ηατρὸς
1927 1455 2024 1530 βα-

365 1541 718 1618 σιλείᾳ(ἥτις
778 1543 922 1600 ἐστὶν
980 1547 1015 1614 ἡ
1080 1547 1266 1622 μήτηρ
1298 1547 1459 1619 ἡμῶν
1517 1549 1627 1600 τῶν
1672 1549 1880 1600 πιστῶν
1912 1542 2024 1600 ἅνω

363 1631 754 1708 Ἰερουσαλὴμ)
839 1633 1064 1690 πίνοντα
1134 1635 1196 1690 τὸ
1280 1635 1466 1690 καινὸν
1543 1635 1721 1708 πόμα,
1790 1633 1908 1711 ῥέον
1971 1633 2023 1705 ἐξ

364 1720 534 1792 αὐτῆς
593 1721 670 1785 είς
723 1724 873 1796 ἡμᾶς
929 1722 1066 1778 κατὰ
1095 1725 1260 1800 χάριν
1293 1723 1533 1798 ἀμέσως,
1563 1723 1639 1786 ὠς
1685 1723 1749 1779 τὸ
1779 1723 1884 1778 ἀπὸ
1920 1745 2023 1798 μα-

367 1815 473 1882 ζῶν
532 1811 740 1888 μητρὸς
793 1812 942 1888 γάλα
999 1812 1077 1877 εἷς
1131 1812 1197 1868 τὰ
1246 1811 1445 1889 ἔκγονα
1483 1811 1705 1885 ταύτης,
1737 1812 2017 1878 κάντεῦθεν

2724 1011 2909 1066 Trium
2939 1013 3198 1070 Patrum.

2209 1095 2342 1164 Quis
2370 1095 2460 1152 det
2485 1101 2562 1167 te,
2581 1103 2904 1156 consobrine
2939 1105 3036 1173 mi,
3067 1106 3358 1176 sugenlcm
3394 1103 3568 1161 ubera
3589 1107 3788 1162 matris

2135 1187 2319 1242 meae?
2348 1185 2635 1250 Quoniam
2671 1189 2832 1260 prior
2876 1191 3160 1246 adventus
3185 1200 3319 1248 tuus
3344 1207 3437 1248 me
3479 1195 3548 1249 ad
3584 1198 3640 1250 te
3666 1210 3789 1267 per-

2139 1271 2454 1330 fruendum
2487 1278 2856 1349 praeparavit,
2879 1279 3081 1350 ecquis
3105 1281 3324 1336 tribuet
3353 1280 3499 1336 mihi
3529 1285 3787 1340 secundo

2135 1363 2386 1419 adventu
2447 1369 2546 1421 tuo
2605 1366 2884 1424 dilectum
2935 1384 3132 1425 meum
3166 1370 3474 1426 nobiscum
3503 1371 3562 1427 in
3598 1372 3784 1430 Patris

2135 1452 2296 1525 regia
2323 1453 2472 1525 (qum
2503 1455 2765 1512 ﬁdelium
2797 1465 2876 1513 est
2895 1467 3094 1524 mater,
3124 1475 3366 1531 superna
3393 1462 3784 1534 Jerusalem”)

2133 1557 2348 1598 novum
2382 1543 2682 1600 bibentem
2714 1545 3014 1618 poculum,
3039 1549 3192 1619 quod
3215 1565 3284 1604 ex
3304 1548 3433 1621 ipsa
3453 1549 3513 1605 in
3545 1566 3652 1606 nos
3681 1567 3786 1623 per

2132 1631 2381 1701 gratiam
2406 1632 2534 1690 sine
2555 1634 2747 1690 medio
2771 1635 2940 1707 quasi
2959 1635 3046 1692 lac
3078 1653 3146 1692 ex
3175 1638 3382 1694 matris
3415 1635 3700 1696 uberibus
3720 1640 3782 1697 in

2134 1720 2285 1777 ﬁlios
2317 1721 2505 1794 ipsius
2529 1723 2876 1796 ﬂuat,atque
2908 1725 2988 1781 ita
3010 1725 3262 1782 salutem
3284 1727 3617 1784 animarum
3645 1745 3782 1787 nos-
3831 1758 3839 1766 -

2129 1813 2360 1866 trarum
2391 1812 2633 1878 nutriat,
2696 1813 2992 1886 ﬁnemque
3049 1815 3184 1872 ﬁdei
3237 1817 3514 1888 praebeat,
3563 1834 3780 1891 nempe

360 1875 556 1979 τρέφον
784 1875 893 1956 τῶν
953 1875 1148 1977 ψυχῶν
1207 1875 1369 1976 ἡμῶν
1425 1875 1721 1976 σωτηρίαν,
1751 1902 1814 1958 τὸ
1860 1875 2010 1966 τέλος

2129 1899 2420 1956 bonorum
2451 1917 2578 1973 qua:
2610 1919 2792 1975 supra
2808 1907 3078 1960 naturam
3115 1909 3252 1960 sunt
3273 1906 3781 1980 communionem,

362 1992 464 2061 τῆς
494 1990 731 2054 πίστεως
762 1995 868 2046 τῶν
916 1991 1047 2068 ὑπὲρ
1107 1990 1262 2069 φύσιν
1313 1993 1412 2062 τὴν
1459 1993 1667 2067 μέθεξιν
1716 1993 1814 2061 τὴν
1871 1993 2017 2057 θείαν

360 2079 449 2136 καὶ
511 2079 829 2152 ἀνεννόητον
889 2078 1120 2151 ἡδονὴν,
1169 2083 1228 2152 ἣν
1288 2083 1452 2144 αὐτὸς
1507 2079 1756 2156 ἐμποιεῖν
1814 2082 2020 2160 πέφυκε

363 2167 516 2248 φύσει
545 2169 682 2226 κατά
711 2169 876 2247 χάριν
921 2176 1041 2234 τοῖς
1088 2170 1257 2242 ἀξίοις
1308 2169 1638 2245 ἐνούμενος;
1671 2170 1833 2228 Οὕτω
1888 2171 2015 2247 γὰρ,

361 2259 612 2330 Εὑροῦσά
681 2278 739 2314 σε
797 2255 900 2330 ἔξω
957 2257 1177 2338 φιλήσω
1237 2280 1315 2331 σε,
1377 2260 1467 2315 καί
1524 2281 1588 2336 γε
1647 2260 1747 2316 οὐκ
1805 2255 2016 2333 ἐξουδεὲ

363 2345 598 2403 νώσουσί
654 2366 764 2422 με’
817 2347 966 2422 ἤτοι,
1019 2351 1348 2426 Ἐπιγνοῦσά
1407 2371 1464 2405 σε
1519 2351 1630 2426 οὐχ
1689 2349 1869 2425 ὥσπερ
1925 2354 2017 2406 νῦν

362 2437 499 2492 κατὰ
527 2436 724 2509 πίστιν,
761 2436 909 2494 ἀλλὰ
936 2440 1054 2494 κατ’
1095 2437 1259 2509 εἶδος,
1292 2437 1344 2494 ἐν
1402 2442 1473 2514 τῇ
1527 2437 1628 2510 ἔξω
1673 2445 1773 2509 τῆς
1831 2440 2015 2510 θεϊγῆς

368 2545 462 2581 σου
511 2526 696 2590 οὐσίας
744 2527 988 2603 ἡμετέρᾳ
1044 2525 1198 2600 οὐσίᾳ
1235 2529 1336 2598 τὴν
1379 2526 1675 2606 ἀφθαρσίαν
1725 2531 1884 2603 ἡμῖν,
1924 2529 2014 2584 καὶ

362 2617 464 2686 τὴν
522 2615 776 2693 ἀτρεψίαν
836 2615 924 2672 έπὶ
981 2625 1080 2688 τῆς
1137 2625 1330 2688 κοινῆς
1380 2615 1726 2694 δωρούμενον
1788 2617 2014 2674 ἀναστά-

363 2725 522 2778 σεως,
557 2705 854 2762 ἀπολαύσω
887 2727 1003 2780 σου,
1035 2705 1132 2763 κᾶν
1163 2712 1255 2763 νῦν
1309 2708 1457 2780 παρὰ
1503 2712 1609 2764 τῶν
1648 2707 1717 2763 τὰ
1769 2711 1867 2764 τοῦ
1919 2707 2013 2764 κό·

364 2817 508 2869 σμου
566 2795 910 2873 φρονούντων
961 2795 1405 2871 ἐξευτελίζωμαι,
1459 2796 1534 2860 ὠς
1588 2795 1678 2853 διά
1731 2798 1832 2868 τήν
1887 2798 2013 2875 περὶ

361 2885 422 2940 σε
475 2885 764 2942 κατάθεσιν
840 2885 1013 2942 πάντα
1089 2891 1492 2966 περιφρονοῦσα
1563 2887 1631 2942 τὰ
1683 2887 2009 2964 πρόσκαιρα.

353 2973 446 3037 Τίς
477 2971 525 3030 δ’
556 2975 584 3030 ὁ
612 2975 819 3049 τρόπος
847 2981 949 3045 τῆς
979 2973 1334 3040 ἀπολαύσεως
1387 2971 1534 3031 ἔσται
1597 2997 1689 3048 μοι
1717 2995 1731 3047 ;
1763 2979 1867 3034 Καὶ
1905 2977 2009 3052 γὰρ

355 3062 766 3141 παραλήψομαί
839 3086 918 3137 σε,
1005 3064 1200 3136 εἰσάξω
1279 3062 1368 3120 σε¹
1419 3065 1496 3129 είς
1572 3066 1718 3121 οἷκον
1799 3067 2009 3143 μητρός

355 3177 486 3231 μου,
543 3155 634 3212 καὶ
694 3155 774 3219 εἴς
827 3163 1073 3232 ταμιεῖον
1142 3164 1243 3228 τῆς
1297 3153 1686 3229 συλλαϐούσης
1749 3179 1836 3233 με.
1896 3161 2008 3216 IIo-

2129 1994 2188 2046 et
2215 1989 2470 2046 divinam
2501 1991 2663 2048 illam
2714 1997 2892 2066 atque
2939 1994 3342 2050 incredibilem
3391 1996 3777 2070 voluptatem,

2129 2095 2311 2152 quam
2343 2080 2469 2153 ipse
2509 2082 2860 2139 naturaliter
2907 2084 3200 2152 obtinens,
3248 2085 3444 2157 dignis
3494 2087 3775 2159 conjunc-

2126 2173 2224 2226 tus
2250 2186 2354 2242 per
2400 2171 2650 2244 gratiam
2716 2173 3099 2245 impertitur?
3157 2174 3250 2229 Sic
3300 2175 3458 2231 enim
3489 2179 3778 2234 inveniens

2126 2267 2176 2315 te
2200 2262 2339 2332 [oris
2370 2263 2675 2318 suaviabor
2702 2279 2722 2318 :
2769 2267 2821 2318 et
2857 2279 3020 2319 nemo
3063 2279 3196 2320 sane
3221 2281 3309 2321 me
3327 2270 3654 2323 contemnet.
3690 2267 3776 2325 Ita

2125 2365 2488 2422 cognoscens
2519 2355 2596 2420 te,
2639 2368 2757 2408 non
2805 2356 2870 2408 ut
2918 2369 3077 2408 nunc
3126 2369 3230 2424 per
3278 2354 3474 2424 ﬁdem,
3520 2356 3621 2411 sed
3672 2373 3777 2428 per

2127 2441 2602 2512 aspectum,t‘oris
2627 2445 2789 2498 extra
2811 2441 3071 2498 divinam
3102 2442 3495 2500 substantiam
3525 2450 3690 2501 tuam
3714 2446 3775 2502 in

2125 2533 2326 2585 nostra
2355 2529 2692 2586 substantia
2728 2531 3228 2603 incorruptionem
3261 2532 3430 2589 nobis
3462 2537 3637 2605 atque
3657 2535 3777 2591 im-

2125 2618 2581 2675 mutabilitatem
2613 2619 2671 2674 in
2705 2621 3005 2676 communi
3039 2620 3452 2693 dilargientem
3484 2639 3775 2681 resurrec-

2123 2708 2304 2774 tione,
2355 2709 2730 2780 perfruamur
2758 2713 2846 2766 te:
2900 2714 2958 2765 et
2985 2726 3156 2768 nemo
3205 2711 3441 2782 quidem
3490 2711 3776 2784 despiciet

2124 2813 2234 2853 me.
2274 2797 2410 2853 licet
2440 2815 2596 2854 nunc
2618 2815 2651 2853 a
2683 2799 2889 2854 mundi
2921 2799 3291 2872 sapientibus
3323 2816 3589 2872 spernar,
3614 2800 3772 2871 quod

2121 2889 2360 2958 propter
2387 2902 2648 2942 amorem
2699 2891 2867 2942 tuum
2914 2888 3136 2942 caduca
3183 2892 3582 2943 contemnam.
3628 2887 3771 2954 Quis

2121 2979 2316 3030 autem
2349 2975 2462 3031 erit
2492 2975 2637 3030 mihi
2669 2975 2900 3031 fruendi
2933 2977 3146 3032 modus
3167 2976 3194 3030 ?
3242 2976 3665 3049 Apprehendum
3697 2981 3771 3048 te,

2119 3065 2463 3121 introducam
2491 3069 2544 3120 te
2565 3067 2629 3120 in
2650 3065 2871 3121 domum
2893 3067 3100 3121 matris
3119 3081 3255 3120 meae
3283 3074 3338 3121 et
3366 3067 3428 3121 in
3456 3066 3771 3122 cubiculum

2117 3155 2234 3227 ejus
2263 3171 2382 3226 qua
2428 3155 2679 3222 concepit
2725 3171 2834 3210 me.
2885 3154 3038 3210 Dabo
3085 3155 3190 3210 tibi
3239 3156 3495 3226 poculum
3542 3156 3616 3211 de
3646 3156 3771 3211 vino

357 3250 462 3300 τιῶ
520 3266 580 3301 σε
635 3245 742 3302 ἀπὸ
799 3244 951 3303 οἷ’νου
1026 3251 1125 3303 τοῦ
1213 3250 1538 3324 μυρεψικοῦ,
1597 3249 1703 3303 ἀπὸ
1766 3248 2007 3323 νάματος

2125 3247 2359 3313 condito,
2415 3244 2481 3300 de
2555 3244 2718 3300 latice
2774 3244 3051 3300 malorum
3114 3246 3443 3315 punicorum
3496 3260 3767 3301 meorum.

358 3333 499 3412 ῥοῶν
537 3357 667 3408 μου.
718 3333 1010 3407 Δηλονότι,
1037 3341 1146 3392 Σοῦ
1167 3337 1538 3414 χαριζομένου
1572 3359 1668 3412 μοι
1696 3338 1796 3408 τήν
1821 3346 2014 3403 θέωσιν

367 3419 524 3482 λάϐω
555 3446 635 3494 σε,
667 3426 913 3489 ποθοῦσά
951 3447 1046 3481 σου
1101 3428 1200 3496 τήν
1269 3425 1653 3503 λαμπρότητα·
1681 3427 1774 3484 καὶ
1827 3427 1879 3484 έν
1933 3433 2014 3502 τῷ

352 3513 559 3586 ταύτην
619 3517 903 3579 θεάσασθαι
960 3514 1234 3593 εἷσαγάγω
1293 3537 1352 3572 σε
1407 3517 1483 3580 εἷς
1540 3521 1688 3591 νοῦν,
1745 3518 1804 3580 ’ὸς
1864 3519 2010 3581 οἶκος

362 3601 456 3675 μέν
490 3601 600 3659 ἐστι
628 3609 730 3673 τῆς
772 3600 864 3658 διὰ
889 3607 987 3659 τοῦ
1050 3604 1425 3678 βαπτίσματος
1475 3606 1740 3678 τεκούσης
1801 3627 1889 3679 με,
1921 3609 2012 3661 οἶα

365 3691 590 3766 μητρὸς,
638 3697 739 3748 τοῦ
785 3693 1053 3761 παναγίου
1108 3693 1427 3768 Πνεύματος
1475 3696 1725 3771 χάριτος,
1755 3694 1830 3759 ὠς
1878 3695 2010 3750 ταύ-

353 3800 453 3850 της
512 3777 600 3836 διά
651 3783 716 3838 τὸ
774 3783 895 3837 καθ’
949 3783 1214 3856 ὁμοίωσιν
1270 3785 1890 3861 χωρητικός.Ταμιεῖον
1951 3783 2010 3840 δὲ

350 3868 517 3925 πάλιν
574 3871 772 3943 αὐτῆς,
830 3871 906 3934 ὠς
961 3871 1091 3935 τοὺς
1141 3873 1492 3949 ἀποκρύφους
1546 3874 1748 3944 ταύτης
1802 3876 2008 3944 θησαυ-

352 3959 484 4032 ροὺς
546 3957 636 4015 διὰ
663 3962 725 4016 τὸ
756 3963 872 4017 κατ’
904 3961 1088 4017 είκόνα
1145 3961 1290 4038 ἔχων
1351 3963 1645 4028 ἀποθέτους
1701 3964 1753 4018 ἐν
1809 3965 2004 4038 ἑαυτῷ.

352 4050 512 4111 ’Ἠτις
549 4068 617 4122 με
646 4050 806 4125 χάρις
857 4047 1116 4107 συνέλαϐε
1160 4050 1251 4107 διὰ
1303 4052 1555 4116 πίστεως.
1590 4055 1732 4130 Πρὸς
1788 4053 2004 4117 τούτοις

349 4134 408 4193 δὲ
465 4140 719 4215 προσάξω
776 4161 862 4195 σοι
917 4145 1000 4214 τῷ
1057 4139 1285 4216 διψῶντι
1314 4144 1414 4213 τὴν
1449 4142 1719 4218 σωτηρίαν
1756 4163 1882 4216 μου,
1928 4144 2002 4206 ὥς

344 4248 400 4283 τι
432 4227 608 4301 πόμα,
639 4231 742 4300 τήν
767 4250 828 4284 τε
859 4229 966 4284 ἀπὸ
995 4234 1097 4296 τῆς
1145 4231 1437 4294 συνθέσεως
1477 4236 1584 4287 τῶν
1637 4231 1688 4287 ἐν
1739 4233 1884 4308 πάσῃ
1931 4237 2001 4308 τῇ

344 4319 517 4374 κτίσει
547 4317 638 4373 καὶ
666 4322 736 4394 τῇ
766 4323 953 4398 Γραφῇ
985 4317 1260 4398 διαφόρων
1295 4318 1472 4396 λόγων
1522 4322 1842 4397 ἠρτημένην
1908 4345 2001 4397 μοι

346 4404 587 4478 ἅληστόν
657 4429 754 4463 σου
843 4407 916 4472 ὠς
991 4407 1248 4480 ἀληθείας
1315 4415 1512 4487 γνῶσιν
1546 4429 1561 4443 '
1619 4411 1742 4482 ἥτις
1803 4413 1999 4487 οἷάπερ

347 4495 557 4569 εὐώδης
591 4497 736 4561 οἶνος
766 4495 1043 4575 ἱλαρύνων
1079 4496 1306 4576 καρδίαν
1355 4499 1629 4577 εὐφραίνει
1684 4502 1783 4564 τὰς
1835 4523 2001 4576 μετα-

347 4581 735 4660 λαμϐανούσας
791 4587 994 4660 ταύτης
1051 4589 1254 4666 ψυχάς,
1305 4591 1391 4645 καὶ
1447 4591 1548 4661 τήν
1603 4590 1839 4655 ἀεννάως
1901 4614 2000 4666 μοι
2030 4632 2075 4696 D

349 4673 407 4696 D‘
435 4675 489 4696 Iv
699 4677 713 4696 ἲ
773 4679 784 4696 Ι
915 4677 926 4696 1
1158 4677 1170 4696 9
1277 4679 1289 4696 1
1370 4680 1394 4696 Α
1434 4683 1462 4696 ~
1556 4686 1585 4696 .-
1741 4685 1763 4696 υ
1880 4677 1930 4696 Ὠ

348 4673 656 4752 βλύζουσαν
687 4677 955 4753 ἀγάπησίν
986 4699 1105 4748 σου,
1138 4677 1214 4741 ὠς
1265 4679 1487 4756 ἀγαθοῦ,
1519 4686 1618 4750 τῆς
1669 4685 1768 4736 τοῦ
1825 4677 1997 4759 φόϐου

343 4785 441 4821 σου
473 4766 755 4842 ὑπεροχῆς
781 4768 873 4822 καὶ
901 4772 998 4825 τοῦ
1037 4767 1211 4824 πόθου
1265 4775 1369 4838 τῆς
1430 4776 1674 4846 μετοχῆς
1739 4791 1857 4841 σου,
1887 4775 1995 4826 τῶν

346 4851 504 4924 δίκην
566 4856 730 4933 ῥοιῶν
785 4860 866 4930 τῷ
917 4857 1012 4931 μὲν
1073 4856 1350 4932 στυπτικῷ
1402 4859 1768 4936 στηριζόντων
1803 4882 1889 4936 με,
1921 4865 2000 4934 τῷ

344 4940 406 5000 δὶ
428 4944 774 5022 γλυκαίνοντι
805 4948 1202 5027 εὐφραινόνεων
1239 4968 1326 5023 με.

913 5059 1028 5110 Τῶν
1063 5057 1111 5131 γ’
1141 5058 1420 5132 Πατέρων.

417 5141 550 5199 Εἶτα
606 5143 747 5220 πρὸς
811 5143 907 5207 τὰς
991 5145 1434 5222 μαθητευομένας
1494 5145 1628 5220 αὐτῇ
1696 5147 1995 5227 στρέφουσα

343 5228 510 5284 πάλιν
539 5231 634 5288 τὸν
692 5232 857 5309 λόγον
886 5231 1126 5290 διδάσκει
1178 5239 1286 5291 τῶν
1336 5236 1660 5314 παράύτῇς
1713 5238 1848 5314 πρὸς
1903 5240 1995 5296 τὸν

342 5319 580 5398 νυμφίον
608 5319 932 5398 εἰρημένων,
965 5324 1260 5397 φάσκουσα·

413 5408 712 5484 Εὐώνυμος
743 5410 911 5466 αὐτοῦ
944 5411 1046 5466 ὑπὸ
1076 5413 1176 5481 τήν
1207 5413 1453 5492 κεφαλήν
1489 5439 1616 5490 μου.

413 5499 638 5576 ’Πγουν,
670 5497 962 5578 ἐπειδήπερ
996 5501 1051 5556 αἱ
1079 5502 1185 5556 τῶν
1231 5500 1655 5582 ὑποδεχομένων
1709 5509 1988 5565 κολάσεων

337 5586 468 5653 τοὺς
499 5588 552 5663 ἐξ
582 5588 866 5665 εὐωνύμου
920 5593 1018 5647 τοῦ
1074 5589 1312 5675 νυμφίου
1361 5591 1605 5670 ἀπειλαὶ,
1636 5601 1729 5655 νῦν
1786 5598 1888 5656 ὑπὸ
1926 5599 1988 5656 τὸ

413 5771 680 5834 ’θἀειει.
709 5787 790 5849 ιν,
824 5773 918 5832 26.

2123 3335 2364 3408 Capiam
2397 3338 2453 3390 te
2475 3335 2572 3406 qui
2609 3333 2757 3389 mibi
2807 3333 3173 3389 divinitatem
3222 3335 3514 3406 elargiris,
3555 3335 3770 3405 cupida

2123 3424 2456 3497 splendoris
2488 3428 2596 3492 tui,
2628 3423 2687 3479 in
2721 3439 2908 3496 eoque
2927 3423 3376 3496 contemplando
3398 3424 3764 3480 introducam

2121 3518 2177 3570 te
2199 3513 2258 3569 in
2291 3519 2549 3570 mentem
2571 3529 2697 3584 quae
2721 3514 2934 3568 domus
2958 3517 3048 3568 est
3070 3511 3268 3584 gratia)
3282 3511 3538 3584 Spiritus
3554 3513 3766 3586 sancti,

2121 3621 2155 3660 a
2185 3619 2300 3674 qua
2331 3608 2396 3660 ut
2424 3620 2458 3660 a
2483 3607 2665 3658 matre
2682 3619 2786 3675 per
2799 3602 3096 3673 baptisma
3114 3603 3311 3674 genita
3341 3618 3497 3672 sum,
3513 3607 3572 3658 et
3591 3619 3770 3674 prop-

2119 3697 2212 3748 ter
2269 3691 2722 3749 similitudinem
2777 3691 2940 3747 illius
3007 3695 3100 3746 est
3153 3707 3356 3763 capax.
3415 3691 3766 3750 Cubiculum

2120 3787 2314 3838 autem
2349 3798 2589 3837 rursum
2621 3786 2709 3837 est
2739 3781 2950 3854 ipsius,
2986 3780 3264 3853 quoniam
3298 3785 3534 3853 propter
3564 3781 3770 3855 imagi-

2120 3889 2255 3928 nem
2287 3871 2597 3927 thesauros
2619 3872 2747 3942 ejus
2781 3872 2839 3925 in
2897 3887 2960 3926 se
3013 3872 3344 3926 reconditos
3393 3870 3588 3926 habet.
3630 3870 3768 3934 Quae

2118 3961 2356 4034 quidem
2392 3961 2583 4032 gratia
2611 3959 2878 4032 concepit
2909 3977 3000 4015 me
3031 3976 3134 4031 per
3164 3959 3362 4015 ﬁdem.
3396 3959 3483 4014 Ad
3514 3958 3638 4014 haec
3659 3958 3766 4014 tibi

2115 4051 2341 4107 sitienti
2374 4051 2624 4106 salutem
2673 4066 2888 4118 meam,
2919 4049 3089 4120 quasi
3136 4049 3412 4120 poculum
3464 4048 3763 4121 quoddam

2114 4141 2354 4196 oﬁ‘eram
2389 4145 2729 4212 perpetuam
2763 4139 2848 4195 tui
2881 4139 2978 4210 qui
3003 4139 3218 4194 veritas
3241 4154 3325 4210 es,
3347 4137 3761 4211 cognitionem,

2113 4248 2182 4287 ex
2211 4229 2640 4303 compositione
2671 4229 3040 4285 diversarum
3073 4227 3369 4284 rationum
3400 4244 3531 4300 quae
3560 4227 3618 4282 in
3645 4243 3765 4283 om-

2114 4320 2292 4376 nibus
2339 4318 2625 4375 creaturis
2687 4318 3110 4390 Scripturaque
3166 4322 3334 4388 sunt,
3407 4317 3763 4372 instructam

2111 4413 2168 4466 et
2196 4409 2627 4465 concinnatam.
2647 4411 2778 4463 Haec
2803 4407 2982 4478 enim,
3005 4411 3290 4479 tanquam
3319 4406 3522 4462 vinum
3553 4407 3761 4462 odora-

2111 4505 2240 4556 tum
2289 4500 2594 4556 lmtiﬁcans
2639 4515 2738 4555 cor
2797 4498 2999 4554 laetitia
3047 4498 3386 4571 conspergit
3426 4496 3684 4566 animas,
3732 4513 3766 4561 a

2109 4591 2326 4663 quibus
2357 4589 2697 4663 percipitur,
2729 4604 3165 4660 perennemque
3188 4587 3334 4643 mihi
3363 4585 3471 4656 tui,
3506 4592 3570 4641 ut
3599 4601 3765 4642 sum-

2109 4680 2191 4735 mi
2222 4680 2380 4750 boni,
2415 4695 2677 4734 amorem
2709 4677 2990 4748 infundit,
3023 4693 3092 4732 ex
3135 4676 3474 4750 praestantia
3525 4675 3763 4731 timoris

2108 4770 2194 4826 tui
2226 4775 2284 4826 et
2325 4768 2597 4825 desiderii
2657 4772 2714 4823 te
2773 4766 3146 4838 perfruendi:
3208 4781 3462 4837 quorum
3520 4763 3760 4836 quidem

2108 4865 2394 4932 tanquam
2426 4858 2715 4914 malorum
2748 4857 3097 4928 punicorum
3130 4854 3278 4912 alter
3309 4853 3626 4911 acerbitate
3656 4870 3766 4910 sua

2108 4965 2203 5006 me
2232 4947 2589 5021 comprimit,
2623 4946 2876 5003 alterum
2929 4943 3242 5001 dulcedine
3272 4944 3548 5001 oblectat.

2695 5054 2881 5109 Trium
2913 5057 3166 5109 Patrum.

2179 5147 2398 5204 Deinde
2419 5147 2490 5202 ad
2518 5145 2663 5202 disci
2674 5143 2842 5216 pulas
2865 5161 3005 5202 suas
3027 5159 3360 5200 sermonem
3394 5143 3765 5208 convertens,

2105 5255 2342 5297 causam
2375 5235 2634 5308 exponit,
2682 5234 3067 5307 quamobrem
3118 5249 3186 5290 ea
3225 5231 3433 5289 dixerit
3461 5231 3534 5287 ad
3584 5247 3762 5304 spon-

2106 5344 2240 5386 sum
2262 5342 2475 5383 suum:

2174 5423 2336 5478 Laeva
2364 5419 2481 5491 ejus
2505 5417 2605 5472 sub
2634 5417 2816 5488 capite
2834 5431 2976 5472 meo.

2171 5511 2318 5578 Quia
2335 5509 2535 5584 sponsi
2553 5506 3118 5564 communicationes
3131 5503 3557 5579 suppliciorum
3573 5519 3699 5576 quae
3717 5519 3751 5559 a

2100 5603 2344 5662 sinistra
2364 5601 2492 5674 ejus
2511 5597 2868 5658 collocandis
2889 5596 3418 5670 impendent,nunc
3431 5593 3540 5652 sub
3563 5608 3663 5666 car
3679 5591 3756 5649 ito
