4110 6388
334 373 453 433 679

1671 363 2098 430 MICHAELIS
2141 364 2419 428 PSELLI

3637 368 3764 430 6.80

333 521 486 574 meo,
509 503 620 560 sub
651 504 845 558 mente
873 500 1140 557 videlicet
1170 517 1299 573 qua:
1331 500 1539 557 anime
1571 516 1712 556 mea:
1739 516 1875 570 pars
1897 501 1986 554 est

2119 496 2260 568 Ξίκην
2286 498 2531 571 κεφαλῆς
2584 499 2814 575 ἀρχικὸν
2869 505 2967 568 τῆς
3024 500 3208 574 ψυχῆς
3265 520 3372 571 μου
3427 498 3644 561 πάντως
3695 500 3761 555 τὸ

334 593 644 666 praecipua,
678 609 892 648 sensus
917 591 1281 662 subjiciunt:
1315 590 1533 646 idcirco
1556 591 1824 645 futurum
1851 604 1987 660 spe-

330 701 394 738 ro
427 687 490 738 ut
518 683 644 753 ejus
675 683 912 738 dextera
941 681 1256 752 (promissa
1279 681 1563 736 nimirum
1599 679 1763 750 regni
1787 678 1988 732 cccles-

332 773 409 828 tis
444 773 594 828 bona
625 789 752 844 quae
783 789 816 826 a
847 770 1100 827 dexteris
1159 769 1530 826 collocandos
1586 769 1846 838 manent)
1897 783 1990 822 me

332 861 408 915 sit
438 860 834 932 complexum,
870 860 925 915 id
960 864 1068 929 est,
1098 859 1600 931 comprehensura
1658 873 1750 913 me
1803 860 1988 912 totam

331 949 392 1005 in
426 951 622 1005 futuro
655 949 892 1018 saeculo,
921 948 1216 1004 inﬁnitam
1271 947 1480 1003 animai
1540 952 1597 1003 et
1627 945 1856 1017 corpori
1887 943 1986 998 la:-

334 1040 529 1096 titiam
563 1041 848 1113 praabens.
883 1038 1166 1095 Universa
1193 1038 1368 1110 igitur
1397 1055 1524 1110 quae
1557 1037 1821 1109 exposita
1850 1037 1992 1091 sunt

333 1147 464 1186 cum
497 1129 670 1185 veluti
725 1128 1012 1201 magistra
1040 1129 1305 1194 dixisset,
1340 1126 1698 1184 subintulit:

403 1221 669 1291 Δάμιναυί
696 1235 808 1286 vos,
831 1218 977 1288 ﬁlia:
1002 1219 1328 1286 Jerusalem,
1357 1234 1458 1290 per
1484 1218 1761 1289 potentias
1792 1218 1845 1271 et
1871 1217 1987 1286 for-

331 1309 594 1366 titudines
640 1311 794 1379 agri,
824 1311 874 1366 si
920 1310 1200 1365 suscitetis
1256 1316 1310 1364 et
1337 1309 1599 1363 excitetis
1642 1305 1986 1372 charitatem,

333 1400 508 1457 donec
538 1400 790 1456 voluerit.

405 1577 744 1635 Divinorum
803 1575 1218 1648 mysteriorum
1279 1573 1645 1648 expositione
1704 1577 1986 1644 tanquam

323 1677 714 1749 jurejurando
747 1691 848 1730 vos
879 1675 1250 1741 confirmavi,
1276 1671 1583 1745 discipulae
1608 1687 1906 1742 meas,un
1929 1674 1989 1725 in

331 1779 536 1831 sancto
567 1774 787 1846 Spiritu
813 1773 980 1828 video
1012 1789 1146 1828 eum
1179 1772 1277 1842 qui
1311 1788 1418 1826 nos
1452 1770 1603 1826 Patri
1646 1787 1752 1826 suo
1782 1785 1991 1824 recon-

333 1863 551 1920 ciliavit
579 1880 594 1920 :
625 1864 768 1918 dum
799 1879 1041 1917 causam
1069 1861 1456 1931 ostendi,quas
1481 1875 1580 1930 per
1603 1857 1990 1914 intellectivas

333 1952 670 2023 activasque
733 1951 1044 2023 potentias,
1095 1965 1313 2021 perque
1373 1947 1746 2003 fortitudines
1796 1948 1851 2001 in
1888 1946 1996 2000 hoc

336 2042 560 2096 mundo
590 2039 875 2105 valentes,
908 2039 1126 2094 virtute
1184 2038 1453 2092 excitetis
1497 2042 1554 2091 et
1584 2036 1832 2091 scientia
1862 2053 1995 2090 sus-

334 2130 528 2186 citetis
560 2145 696 2184 eum
730 2130 785 2182 in
821 2128 985 2183 vobis
1043 2129 1203 2198 (nam
1262 2125 1521 2182 dormire
1564 2125 1818 2189 videtur,
1852 2124 1994 2178 dum

335 2220 639 2286 ignoratur
667 2217 824 2290 quod
858 2222 1085 2272 rectum
1126 2217 1467 2282 bonumque
1497 2220 1609 2282 est,
1641 2231 1745 2269 nec
1777 2231 1837 2268 re
1869 2214 1997 2284 ipsa

337 2307 660 2381 perﬁcitur)
691 2305 790 2378 qui
823 2306 1026 2361 dilexit
1057 2323 1163 2361 nos
1194 2311 1251 2361 et
1282 2321 1346 2360 se
1377 2304 1672 2376 ipsum,ut
1703 2320 1810 2358 nos
1839 2303 1993 2358 redi-

338 2402 546 2464 meret,
571 2397 827 2465 obtulit,
853 2397 1039 2451 donec
1069 2395 1330 2450 secundo
1370 2395 1624 2449 adventu
1657 2409 1765 2448 suo
1797 2391 1995 2447 volue-

337 2486 434 2555 rit,
470 2502 602 2558 quaa
633 2503 742 2541 sua
769 2501 869 2558 per
902 2491 1173 2540 naturam
1222 2487 1362 2539 sunt
1405 2483 1661 2554 propria,
1695 2498 1763 2537 ea
1803 2481 1860 2536 in
1894 2498 1996 2536 no-

341 2577 435 2630 bis
467 2592 570 2647 per
594 2576 842 2646 gratiam
893 2574 1324 2645 accipientibus
1377 2572 1640 2642 exsequi.
1682 2570 1997 2642 Discipulae

345 2663 736 2719 admiratione
768 2679 834 2718 ac
865 2666 1104 2733 stupore
1137 2661 1318 2732 plenaa
1349 2661 1420 2715 de
1452 2659 1735 2731 magistra
1765 2676 1779 2714 :

419 2843 549 2910 Qua:
577 2844 674 2909 est,
697 2840 1002 2911 inquiunt,
1063 2841 1193 2907 ista,
1251 2853 1378 2910 quae
1434 2837 1675 2894 ascendit
1714 2837 1996 2908 dealbata,

349 2933 552 2987 innixa
580 2947 748 3002 super
768 2933 1022 3001 nepotem
1045 2946 1210 2984 suum
1225 2933 1249 2982 Υ

416 3039 694 3104 Quasnam
728 3042 818 3091 est
850 3037 989 3102 haec,
1023 3053 1148 3104 qua;
1179 3042 1301 3090 tam
1360 3035 1543 3104 perite
1574 3035 1814 3098 docens,
1850 3052 1882 3089 a
1915 3050 2000 3089 re-

346 3128 458 3183 bus
487 3126 718 3182 arcanis
750 3127 821 3181 ad
855 3126 1044 3196 magis
1071 3141 1318 3180 arcanas
1366 3124 1816 3194 reconditasque
1864 3140 1996 3195 pro-

341 3215 574 3288 greditu
585 3216 723 3270 r?ab
735 3215 895 3270 omni
913 3219 1284 3286 peccatorum
1299 3213 1528 3268 macula
1548 3217 2000 3284 purgata,atque

344 3305 548 3361 innixa
569 3305 764 3376 nepoti
797 3320 904 3358 suo
932 3305 954 3357 ἲ
990 3303 1253 3374 Sponsus
1303 3303 1486 3373 igitur
1528 3301 2002 3356 animadvertens

345 3410 576 3465 sponsas
609 3393 669 3446 in
712 3390 1022 3462 discipulis
1044 3389 1428 3446 instituendis
1451 3389 1843 3459 diligentiam,
1877 3406 2002 3444 am-

344 3482 724 3554 plectensque
743 3481 904 3534 illius
927 3480 997 3534 ad
1021 3480 1239 3534 bonum
1265 3479 1362 3534 sed
1376 3478 2005 3541 ulilatem,commonet

345 3585 478 3625 eam
509 3569 727 3640 prioris
787 3570 917 3622 vita:
950 3574 1016 3622 ut
1047 3567 1347 3622 submisse
1387 3567 1458 3620 de
1514 3582 1576 3620 se
1625 3567 1864 3633 sentiat,
1898 3581 2004 3621 nec

345 3657 628 3714 laudibus
658 3655 810 3712 elata
839 3655 1062 3711 incidat
1091 3656 1150 3709 in
1173 3654 1570 3726 arrogantiam
1596 3669 1608 3708 :

424 3835 535 3892 Sub
553 3851 731 3907 pomo,
765 3835 1063 3907 inquiens,
1097 3836 1344 3890 excitavi
1362 3843 1430 3890 te.

423 3926 486 3980 ld
520 3929 629 3992 est,
651 3925 762 3981 sub
792 3927 967 3980 rebus
987 3924 1118 3979 istis
1140 3924 1459 3994 procreatis
1477 3940 1601 3992 quae
1625 3923 1822 3978 suavis
1847 3921 2006 3994 pomi

349 4017 540 4071 instar
569 4031 780 4071 sensus
801 4029 1008 4069 omnes
1029 4013 1412 4081 oblectant,te
1430 4013 1660 4068 desidia
1689 4012 1759 4066 ad
1784 4011 2005 4065 bonum

352 4103 836 4174 amplectendum
853 4103 1102 4158 inertem
1119 4105 1177 4157 et
1207 4117 1405 4156 rerum
1427 4101 1787 4156 caducarum
1811 4098 2006 4154 studio

351 4193 745 4264 consopitum,
769 4194 1036 4261 excitavi,
1062 4190 1441 4263 providentiae
1469 4189 1797 4262 judiciique
1827 4189 2006 4244 ratio-

354 4281 532 4337 nibus
561 4285 620 4336 et
647 4281 1024 4336 sermonibus
1047 4278 1360 4350 impellens
1382 4280 1454 4333 ad
1489 4277 1849 4334 desiderium
1869 4277 2006 4347 mei,

351 4370 572 4426 etenim
587 4399 608 4419 .

429 4459 550 4514 Illic
573 4461 792 4529 peperit
822 4467 873 4514 te
904 4459 1080 4512 mater
1107 4459 1234 4511 tua.
1273 4455 1396 4511 Illic
1439 4457 1659 4527 peperit
1691 4467 1740 4511 te
1765 4457 2009 4526 genia-ia:

352 4550 472 4604 tua.

2097 588 2282 661 νοερὸν
2363 589 2727 643 ὑποτάσσουσι
2791 588 2852 643 τὸ
2912 587 3250 660 αἰσθητικὸν,
3302 585 3392 642 διὰ
3466 591 3631 643 τοῦτυ
3703 586 3757 642 ἦν

2099 673 2312 732 ἐλπίσιν
2359 676 2497 750 εἰμὶ,
2531 678 2614 733 δτι
2645 675 2734 732 καί
2766 679 2800 747 ἡ
2835 673 2981 748 δεξιά
3036 677 3202 732 αὐτοῦ
3242 675 3606 752 περιλήψεταί
3667 697 3756 750 με.

2103 764 2314 834 Εῗτουν,
2349 767 2430 824 Td.
2489 763 2876 842 ύποδεχόμενα
2930 765 3054 829 τοῦς
3118 765 3180 822 ἐκ
3235 763 3424 837 δεξιῶν
3479 764 3760 842 ἐπηγγελ-

2105 854 2236 928 μένα
2265 855 2440 930 ἀγαθά
2468 863 2568 925 τῆς
2620 860 2716 911 τοῦ
2765 860 2899 912 Θεοῦ
2965 855 3264 932 βασιλείας,
3300 854 3439 926 ὅλην
3505 877 3572 928 με
3622 855 3761 911 κατά

2098 943 2191 998 τὸν
2227 941 2502 1017 μέλλοντα
2534 944 2701 1000 αἰῶνα
2731 945 3036 1020 περιέξουσι
3088 945 3246 1020 ψυχῇ⁹
3301 945 3390 1000 καὶ
3445 945 3602 1019 σαρκὶ
3656 945 3756 1013 τήν

2099 1032 2394 1110 ἀπέραντον
2471 1033 2807 1113 εὐφροσύνην
2884 1035 3220 1110 παρέχοντα.
3300 1035 3481 1089 Πλντα
3554 1031 3611 1089 δὶ
3694 1033 3762 1089 τὰ

2101 1122 2360 1198 εἰρημένα
2385 1120 2792 1186 διδασκαλικῶς
2824 1123 3048 1178 εἰποῦσα
3081 1122 3288 1198 ἐπάγει·

2169 1215 2400 1290 ’Ὠρκισα
2488 1213 2649 1286 ὑμᾶς,
2707 1215 2994 1289 Θυγατέρες
3056 1211 3447 1287 Ἰερουσαλήμ,
3507 1211 3559 1268 ἰν
3640 1216 3763 1274 ταῖς

2101 1298 2361 1376 δυνάμεσι
2423 1303 2514 1357 καὶ
2595 1302 2648 1357 έν
2725 1308 2845 1365 ταῖς
2931 1300 3179 1379 ἶσχύσεσι
3257 1305 3356 1378 τοῦ
3423 1301 3613 1377 ἀγροῦ,
3671 1300 3760 1356 ἐὰν

2100 1390 2347 1468 έγείρητε
2404 1393 2494 1448 καὶ
2552 1392 2639 1448 ἐὰν
2698 1391 3002 1470 ἐξεγείρητε
3061 1393 3161 1461 την
3248 1390 3483 1468 ἀγάπην,
3540 1388 3644 1453 ἓως
3699 1388 3763 1446 ἂν

2101 1480 2333 1558 saltm-

2169 1574 2347 1643 Ἤτοι,
2404 1569 2914 1646 Κατησφαλισάμην
2976 1573 3138 1645 ὑμᾶς,
3192 1571 3265 1634 ὡς
3323 1569 3392 1626 δι’
3444 1568 3634 1647 ὅρκου,
3664 1576 3765 1640 τῆς

2097 1666 2205 1716 τῶν
2235 1661 2394 1725 θείων
2433 1661 2744 1735 μυστηρίων
2779 1661 3111 1736 ἐξηγήσεως,
3147 1660 3446 1737 μαθήτριαί
3482 1681 3611 1734 μου,
3662 1666 3764 1731 τῆς

2099 1750 2151 1806 ἐν
2209 1753 2347 1826 ἁγίῳ
2407 1754 2679 1826 Πνεύματι
2731 1753 2946 1825 ὁρώσης
3004 1754 3096 1808 τὸν
3155 1749 3569 1823 καταλλάξαντα
3615 1752 3766 1824 ἡμᾶς

2100 1847 2179 1914 τῷ
2237 1840 2362 1914 ἰδίῳ
2419 1843 2620 1917 Πατρίο
2655 1840 3015 1916 ἀναδιδάεασα
3072 1844 3171 1911 τὴν
3229 1842 3424 1911 αἰτίαν,
3459 1838 3531 1897 δι’
3589 1842 3649 1910 ἦν
3710 1839 3766 1895 ἂν

2104 1937 2219 1993 ταῖς
2282 1937 2641 2006 θεωρητικαῖς
2719 1932 2809 1986 καὶ
2894 1938 3012 1994 ταῖς
3100 1936 3425 2008 πρακτικαῖς
3502 1928 3764 2003 δυνάμεσι

2104 2023 2190 2075 καὶ
2229 2021 2496 2096 ἷσχύσεσι,
2529 2027 2645 2083 ταῖς
2682 2020 2735 2076 έν
2785 2027 2866 2093 τῷ
2913 2021 3140 2097 παρόντι
3189 2021 3382 2094 κόσμῳ
3416 2017 3764 2094 δυναμέναις,

2108 2109 2356 2185 ἐγείρητε
2385 2111 2500 2164 κατ’
2537 2109 2730 2185 ἀρετὴν
2786 2112 2872 2166 καὶ
2923 2109 3222 2187 ἑξεγείρητε
3273 2111 3408 2165 κατά
3452 2114 3655 2185 γνῶσιν
3711 2108 3764 2164 έν

2112 2201 2261 2272 ύμῖν,
2296 2196 2570 2254 καθεύδειν
2624 2197 2913 2269 δοκοῦντα,
2974 2199 3100 2255 ὅταν
3152 2200 3414 2276 ἀγνοῆται
3473 2199 3535 2254 τὸ
3594 2198 3765 2271 εύθὶς,

2105 2290 2191 2344 καὶ
2232 2289 2307 2361 μή
2341 2291 2643 2364 πράττηται
2690 2289 2754 2344 τὸ
2807 2287 3000 2358 καλὸν,
3031 2289 3122 2344 τὸν
3179 2290 3533 2365 ἀγαπήσαντα
3586 2290 3762 2361 ἡμᾶς,

2103 2378 2194 2432 καὶ
2254 2376 2415 2432 δόντα
2472 2378 2659 2432 ἑαυτὸν
2717 2377 2916 2454 λύτρον
2955 2380 3090 2454 ὑπὲρ
3121 2381 3306 2453 ἠμῶν⁶
3338 2377 3442 2442 ἓως
3499 2376 3561 2432 ἂν
3608 2374 3766 2433 εύδυ-

2103 2469 2245 2540 κήσῃ
2274 2467 2410 2522 κατὰ
2454 2469 2554 2536 τήν
2595 2466 2843 2543 δευτέραν
2898 2468 3062 2524 αὐτοῦ
3121 2468 3422 2542 παρουσίαν
3480 2468 3645 2530 αὐτὸς
3699 2467 3769 2523 τά

2105 2557 2239 2612 κατὰ
2290 2556 2444 2634 φύσιν
2533 2556 2708 2612 οίκεῖα
2795 2554 2923 2632 δρᾷν
2987 2557 3039 2613 έν
3095 2560 3229 2630 ἡμῖν
3297 2558 3572 2632 πάσχουσι
3629 2555 3769 2611 κατά

2105 2645 2266 2720 χάριν
2329 2643 2563 2700 αὐτάάὶ
2621 2642 2679 2700 δὲ
2737 2641 2985 2720 θάμϐους
3045 2645 3422 2722 πληρωθεῖσαι
3482 2645 3608 2720 περὶ
3667 2651 3769 2716 τῆς

2107 2732 2438 2790 διδασκάλου
2471 2734 2620 2813 φασί’

2177 2839 2266 2902 Τίς
2298 2840 2433 2909 αὕτη
2468 2843 2501 2910 ἡ
2535 2837 2899 2897 ἀναϐαίνουσα
2931 2839 3450 2916 λελευκανθισμένη,
3483 2839 3766 2919 ἐπιστηρι-

2110 2931 2311 3003 ζομένη
2337 2930 2424 2985 ἐπὶ
2454 2931 2546 2985 τὸν
2581 2928 2873 3008 ἀδελφιδόν
2906 2930 3072 3000 αὐτῆς
3097 2951 3111 3001 ;

2180 3034 2429 3106 Δηλαδὴ,
2458 3037 2650 3092 Ὀποία
2681 3038 2916 3114 ὑπάρχει
2950 3038 3084 3108 αὕτη
3126 3041 3160 3107 ἡ
3209 3035 3608 3101 διδασκαλικῶς
3658 3039 3767 3094 ἀπὸ

2113 3126 2430 3200 μυστηρίων
2492 3125 2568 3188 εἷς
2635 3124 3142 3203 μυστηριωδέστιρα
3190 3122 3574 3198 ἀναϐαίνουσα,
3606 3148 3766 3183 κεκα-

2113 3215 2354 3288 Θαρμένη
2417 3218 2615 3278 παντὸς
2676 3216 2849 3290 ῥύπου
2909 3217 3342 3293 ἁμαρτημάτων,
3396 3217 3485 3272 καὶ
3560 3216 3771 3290 ἐπερει-

2114 3302 2318 3376 δομένη
2375 3303 2464 3360 ἐπὶ
2519 3306 2610 3360 τὸν
2671 3302 2961 3383 ἀδελφιδὸν
3017 3306 3312 3374 αύτῆςςὉ
3360 3310 3492 3380 γοῦν
3541 3305 3773 3383 νυμφίος

2109 3397 2210 3459 τὴν
2244 3391 2332 3446 ἐπὶ
2362 3399 2480 3454 ταῖς
2525 3396 2990 3466 μαθητευομέναις
3040 3397 3137 3462 τῆς
3188 3394 3408 3473 νύμφης
3456 3396 3599 3468 ὀρῶν
3653 3393 3772 3451 ἔπι·

2117 3477 2360 3550 μέλειαν,
2394 3480 2488 3534 καὶ
2521 3478 2932 3556 ἀποδεχόμενος
2964 3483 3063 3551 τήν
3095 3483 3296 3553 ταύτης
3331 3482 3407 3546 εἷς
3453 3484 3518 3538 τὸ
3565 3484 3772 3560 ἀγαθὸν

2115 3565 2398 3643 διέγερσιν.
2460 3570 2863 3643 ἀναμιμνήσκει
2918 3571 3084 3642 αὐτὴν
3137 3577 3234 3628 τοῦ
3281 3574 3551 3649 προτέρου
3616 3574 3768 3648 βίου’

2114 3657 2252 3712 ὥστε
2286 3665 2714 3735 μετριοφρονεῖν,
2749 3661 2837 3714 καί
2874 3662 2949 3732 μὴ
2985 3657 3073 3716 διὰ
3100 3667 3208 3716 τῶν
3251 3660 3484 3718 ἕπαίνων
3533 3666 3614 3734 τῷ
3667 3669 3769 3734 τῆς

2115 3747 2348 3816 οἷήσεως
2381 3747 2538 3812 πάθει
2569 3755 2899 3823 περιπεσεῖν.
2934 3750 3038 3806 Καί
3070 3772 3201 3828 φησι
3231 3753 3367 3828 πρὸς
3396 3751 3588 3823 αὐτήν·

2185 3837 2314 3891 Ὑπό
2343 3835 2522 3910 μῆλον
2556 3837 2809 3915 ἐξήγειρά
2837 3859 2915 3894 σε.

2187 3927 2415 4001 Ἦγουν,
2468 3928 2598 3982 Ὑπὸ
2669 3929 2795 3996 τήν,
2845 3925 3000 3999 δίκην
3063 3928 3246 4002 μήλου
3300 3930 3620 4005 τέρποντος,
3673 3928 3771 3992 τάς

2114 4013 2342 4079 πλείους
2394 4020 2502 4070 τῶν
2564 4015 2867 4086 αἰσθήσεων
2918 4018 3125 4080 ἀπάσας
3198 4018 3396 4082 ταύτας
3455 4017 3771 4096 εὐφραίνου-

2117 4125 2210 4158 σαν
2240 4103 2503 4173 αἰσθητὴν
2551 4105 2728 4160 κτίσνν
2783 4104 3154 4176 καθευδούσης
3212 4112 3330 4174 σοῦ,
3387 4111 3455 4177 τῇ
3512 4109 3649 4184 πρὸς
3705 4105 3773 4162 τὰ

2114 4191 2260 4248 καλὰ
2320 4191 2558 4268 ῥᾳθυμίᾳ
2617 4191 2708 4249 διὰ
2760 4197 2863 4263 τήν
2921 4196 3057 4272 πρὸς
3102 4197 3170 4251 τὰ
3214 4195 3376 4252 ὑλικά
3426 4198 3635 4273 σχέσιν,
3685 4194 3772 4252 δι-

2116 4281 2309 4357 ήγειρά
2338 4302 2434 4337 σου
2463 4283 2527 4338 τὸ
2555 4284 2816 4359 φρόνημα
2845 4285 2983 4360 πρὸς
3010 4285 3179 4349 πόθον
3220 4283 3350 4359 ἐμὸν
3398 4283 3589 4360 λόγοις
3635 4305 3772 4362 προ-

2115 4371 2264 4432 νοίας
2293 4373 2382 4425 καὶ
2414 4372 2666 4446 κρίσεως,
2697 4379 2786 4428 καὶ
2817 4374 2941 4450 γὰρ.

2188 4460 2334 4516 Ἐκεῖ
2393 4457 2631 4531 ὠδίνησέ
2705 4481 2763 4517 σε
2833 4465 3018 4540 μήτηρ
3106 4483 3226 4520 σου.
3288 4460 3537 4534 Ὠδίνησέ
3605 4483 3662 4518 σε
3734 4465 3771 4533 ἠ

2114 4567 2344 4602 τεκουσα
2372 4569 2450 4605 σε.

422 4640 490 4692 In
522 4634 825 4692 atl‘ectione
853 4633 1081 4689 scilicet
1111 4649 1307 4688 rerum
1340 4634 1631 4688 ﬂuxarum
1663 4634 1926 4705 concepit
1957 4639 1999 4690 te

2191 4634 2485 4706 Δηλονότι,
2520 4639 2606 4694 'Ev
2635 4642 2702 4712 τῇ
2735 4641 2918 4715 σχέσει
2949 4645 3058 4696 τῶν
3093 4639 3296 4696 ὑλικῶν
3341 4636 3668 4697 συνελάϐετό
3717 4661 3775 4696 σε

355 4727 548 4797 prima
579 4732 766 4780 mater
812 4730 916 4779 tua
971 4729 1085 4779 Eva
1114 4738 1405 4794 generans
1437 4740 1568 4779 cum
1604 4723 1920 4794 voluptate,
1953 4727 2012 4778 et

355 4817 592 4886 pariens
613 4830 746 4868 eum
775 4813 994 4868 dolore.
1058 4813 1284 4877 Quibus
1332 4812 1762 4878 atfectionibus,
1812 4827 2010 4868 rerum

356 4903 655 4974 fragilium
689 4902 982 4958 desiderio
1013 4901 1347 4970 laborabas,
1371 4901 1731 4973 voluptatem
1757 4917 2012 4972 sequens

358 4993 736 5063 doloremque
767 4991 1018 5063 fugiens,
1053 4992 1125 5046 ad
1161 4990 1478 5062 voluptatis
1535 4993 1709 5046 tinem
1760 4991 1842 5046 ita
1873 5007 2011 5046 con-

347 5084 628 5154 tendens,
663 5087 726 5137 ut
755 5100 788 5138 a
809 5083 1007 5138 dolore
1039 5081 1216 5136 velles
1247 5082 1508 5153 separari
1535 5099 1547 5136 :
1583 5083 1737 5152 quod
1772 5083 2010 5153 quidem

347 5173 482 5234 ,lieri
515 5172 676 5228 nullo
709 5173 881 5227 modo
909 5177 1120 5243 potest.
1155 5172 1406 5227 Proinde
1461 5172 1511 5226 si
1557 5172 1726 5243 cupis
1776 5174 1848 5225 ab
1880 5171 2012 5227 istis

355 5262 900 5333 perturbationibus
925 5278 1055 5317 esse
1086 5260 1290 5316 libera.
1312 5262 1458 5316 Pone
1474 5278 1561 5315 me
1581 5265 1638 5315 ut
1661 5262 2012 5330 signaculum

351 5368 514 5422 super
544 5367 636 5406 cor
663 5356 848 5416 tuum,
871 5358 932 5405 ut
961 5351 1314 5420 signaculum
1334 5367 1504 5421 super
1525 5349 1811 5406 brachium
1827 5358 2008 5406 tuum.

354 5441 418 5493 In
469 5455 559 5493 me
623 5438 904 5494 nimirum
955 5437 1274 5508 exemplari
1336 5447 1694 5509 permanelo,
1752 5439 2011 5511 principe

355 5527 592 5599 quidem
628 5527 712 5582 tui
744 5534 908 5598 parte
937 5534 1129 5582 mente
1164 5543 1406 5582 servans
1438 5527 1755 5599 imaginem
1783 5546 1884 5600 per
1913 5547 2010 5584 ve-

355 5634 485 5672 ram
522 5615 1074 5688 contemplationem
1096 5621 1152 5672 et
1173 5615 1530 5671 desiderium
1559 5615 1673 5672 mei
1697 5633 1710 5672 :
1736 5617 1787 5672 vi
1812 5623 2008 5674 autem

360 5722 478 5779 qua
507 5705 580 5762 ad
615 5704 910 5778 agendum
932 5703 1110 5777 vales,
1142 5704 1594 5762 similitudinem
1634 5721 1876 5765 servans
1907 5724 2012 5781 per

2119 4729 2153 4794 ή
2185 4728 2493 4800 προμήτωρ
2556 4749 2653 4783 σου
2707 4726 2838 4798 Εὔα,
2869 4733 2938 4803 τῇ
2987 4732 3105 4785 καθ’
3153 4727 3360 4800 ἡδονὴν
3418 4731 3644 4806 γενέσει,
3683 4731 3774 4787 καὶ

2121 4814 2346 4870 ἀπέτεκέ
2394 4836 2452 4869 σε
2495 4820 2564 4889 τῇ
2615 4819 2731 4872 κατ’
2763 4815 2962 4887 ὀδύνην
3008 4823 3280 4892 γεννήσει.
3333 4821 3442 4895 Ὑφ’
3470 4822 3545 4876 ὧν
3605 4820 3777 4877 συνεί-

2124 4924 2230 4979 χου
2263 4907 2331 4977 τῇ
2363 4906 2701 4979 προσπαθείᾳ
2738 4911 2846 4960 τῶν
2897 4907 3194 4979 αἶ’σθητῶν,
3225 4910 3326 4976 τήν
3387 4910 3483 4983 μὲν
3537 4907 3608 4964 δι’
3637 4907 3776 4980 ἠδο-

2122 4995 2218 5062 νήν
2254 4991 2543 5064 διώκουσα,
2574 4997 2673 5064 την
2704 4993 2807 5067 [δὲ]
2840 4994 2908 5050 δι’
2939 4995 3139 5066 ὀδύνην
3169 4998 3468 5076 φεύγουσαο
3491 5000 3774 5055 κάντεῦθεν

2125 5081 2509 5160 φιλονεικοῦσα
2533 5090 2634 5152 τῆς
2667 5081 2873 5152 ἡδονῆς
2901 5087 2962 5140 τὸ
2993 5084 3174 5154 τέλος,
3202 5089 3303 5155 την
3351 5085 3549 5156 ὀδύνην
3607 5089 3777 5166 φημὶ,

2123 5172 2325 5242 ταύτης
2385 5173 2754 5248 ἀποχωρίσαι,
2812 5175 2943 5250 ὅπερ
3004 5175 3317 5250 ἀμήχανον.
3351 5175 3413 5230 Εἰ
3474 5177 3566 5232 οῦν
3603 5175 3780 5253 βούλῃ

2127 5260 2397 5335 διαμένειν
2448 5269 2547 5330 τῆς
2622 5263 2882 5332 τοιαύτης
2934 5263 3176 5339 σχέσεως
3233 5263 3508 5340 ἐλευθέρα,
3558 5267 3654 5329 θές
3710 5289 3780 5340 με

2125 5353 2200 5412 ὡς
2251 5348 2524 5429 σφραγῖδα
2592 5349 2676 5406 ἐπὶ
2742 5354 2840 5421 τήν
2909 5351 3131 5426 καρδίαν
3199 5375 3315 5424 σου,
3376 5355 3450 5416 ὡς
3511 5355 3780 5434 σφραγῖδα

2123 5438 2210 5493 ἐπὶ
2267 5441 2360 5493 τὸν
2425 5439 2694 5515 βραχίονα
2745 5459 2881 5495 σου·
2915 5441 3114 5509 εἴτουν,
3147 5443 3232 5497 Ἐν
3291 5441 3416 5516 έμοὶ
3472 5449 3550 5517 τῷ
3608 5445 3780 5521 ἀρχε-

2120 5529 2276 5601 τύπῳ
2343 5534 2551 5602 μεῖνον,
2581 5534 2826 5604 τηροῦσα
2871 5535 2952 5603 τῷ
3004 5532 3097 5605 μέν
3139 5533 3368 5606 ἡγεμόνι
3427 5555 3524 5588 σου
3579 5539 3656 5607 νῷ
3711 5534 3778 5592 τὸ

2119 5618 2236 5673 κατ’
2267 5616 2449 5673 εἰκόνα
2480 5619 2599 5674 κατ’
2634 5617 2847 5691 ἀπλανῆ
2896 5620 3124 5695 θεωρίαν
3169 5621 3259 5677 καὶ
3308 5619 3542 5678 διάθεσιν
3599 5623 3734 5698 ἐμοῦ
3759 5644 3774 5659 ο

2116 5710 2187 5784 τῇ
2251 5704 2298 5763 δ’
2349 5705 2668 5786 ἐνεργητικῇ
2729 5729 2825 5766 σου
2883 5706 3133 5785 δυνάμει,
3185 5711 3248 5768 τὸ
3304 5712 3422 5778 καθ’
3483 5712 3776 5791 ὁμοίωσιν,
