  <div class='ocr_page' id='page_1' title='image "/cluster/home/n/w/nwhite01/storage/ocr_20150623/122:no.2/coo.31924054870278/348.png"; bbox 0 0 4110 6410; ppageno 0'>
   <div class='ocr_carea' id='block_1_1' title="bbox 306 385 406 445">
    <p class='ocr_par' dir='ltr' id='par_1_1' title="bbox 306 385 406 445">
     <span class='ocr_line' id='line_1_1' title="bbox 306 385 406 445; baseline -0.02 -1"><span class='ocrx_word' id='word_1_1' title='bbox 306 385 406 445; x_wconf 77' lang='grc'>681</span> 
     </span>
    </p>
   </div>
   <div class='ocr_carea' id='block_1_2' title="bbox 1340 373 2680 437">
    <p class='ocr_par' dir='ltr' id='par_1_2' title="bbox 1340 373 2680 437">
     <span class='ocr_line' id='line_1_2' title="bbox 1340 373 2680 437; baseline 0 -3"><span class='ocrx_word' id='word_1_2' title='bbox 1340 374 1754 434; x_wconf 86' lang='lat' dir='ltr'>COMMENT.</span> <span class='ocrx_word' id='word_1_3' title='bbox 1795 374 1875 433; x_wconf 92' lang='lat' dir='ltr'><strong>IN</strong></span> <span class='ocrx_word' id='word_1_4' title='bbox 1922 373 2333 437; x_wconf 84' lang='lat' dir='ltr'>CANTICUM</span> <span class='ocrx_word' id='word_1_5' title='bbox 2376 375 2680 436; x_wconf 85' lang='lat' dir='ltr'>CANTlG.</span> 
     </span>
    </p>
   </div>
   <div class='ocr_carea' id='block_1_3' title="bbox 3607 371 3729 434">
    <p class='ocr_par' dir='ltr' id='par_1_3' title="bbox 3607 371 3729 434">
     <span class='ocr_line' id='line_1_3' title="bbox 3607 371 3729 434; baseline 0.008 -1"><span class='ocrx_word' id='word_1_6' title='bbox 3607 371 3729 434; x_wconf 81' lang='lat'>682</span> 
     </span>
    </p>
   </div>
   <div class='ocr_carea' id='block_1_4' title="bbox 302 500 1960 585">
    <p class='ocr_par' dir='ltr' id='par_1_4' title="bbox 302 500 1957 585">
     <span class='ocr_line' id='line_1_4' title="bbox 302 500 1957 585; baseline -0.008 -16"><span class='ocrx_word' id='word_1_7' title='bbox 302 512 434 569; x_wconf 73' lang='grc' dir='ltr'>κατὰ</span> <span class='ocrx_word' id='word_1_8' title='bbox 487 507 677 585; x_wconf 80' lang='grc' dir='ltr'>πρᾶξιν</span> <span class='ocrx_word' id='word_1_9' title='bbox 750 504 1113 580; x_wconf 80' lang='grc' dir='ltr'>ἀνυπόκριτον</span> <span class='ocrx_word' id='word_1_10' title='bbox 1169 503 1263 559; x_wconf 84' lang='grc' dir='ltr'>καὶ</span> <span class='ocrx_word' id='word_1_11' title='bbox 1320 500 1582 578; x_wconf 77' lang='grc' dir='ltr'>διάπυρον</span> <span class='ocrx_word' id='word_1_12' title='bbox 1637 503 1957 579; x_wconf 74' lang='grc' dir='ltr'>ἀποτροπὴν</span> 
     </span>
    </p>
   </div>
   <div class='ocr_carea' id='block_1_5' title="bbox 2075 500 3730 585">
    <p class='ocr_par' dir='ltr' id='par_1_5' title="bbox 2075 504 3730 578">
     <span class='ocr_line' id='line_1_5' title="bbox 2075 504 3730 578; baseline 0 -18"><span class='ocrx_word' id='word_1_13' title='bbox 2075 505 2366 562; x_wconf 84' lang='lat' dir='ltr'>actionem</span> <span class='ocrx_word' id='word_1_14' title='bbox 2392 506 2636 562; x_wconf 87' lang='lat' dir='ltr'>minime</span> <span class='ocrx_word' id='word_1_15' title='bbox 2657 504 3452 578; x_wconf 86' lang='lat' dir='ltr'>simulatam,ardentemque</span> <span class='ocrx_word' id='word_1_16' title='bbox 3474 504 3730 562; x_wconf 81' lang='lat' dir='ltr'>declina-</span> 
     </span>
    </p>
   </div>
   <div class='ocr_carea' id='block_1_6' title="bbox 300 590 1961 669">
    <p class='ocr_par' dir='ltr' id='par_1_6' title="bbox 300 590 1961 669">
     <span class='ocr_line' id='line_1_6' title="bbox 300 590 1961 669; baseline -0.007 -14"><span class='ocrx_word' id='word_1_17' title='bbox 300 605 394 658; x_wconf 71' lang='grc' dir='ltr'>τοῦ</span> <span class='ocrx_word' id='word_1_18' title='bbox 445 601 633 653; x_wconf 81' lang='grc' dir='ltr'>κακοῦ·</span> <span class='ocrx_word' id='word_1_19' title='bbox 695 596 981 659; x_wconf 77' lang='grc' dir='ltr'>κάντεῦθεν</span> <span class='ocrx_word' id='word_1_20' title='bbox 1043 596 1199 667; x_wconf 48' lang='grc' dir='ltr'>μενῶρ</span> <span class='ocrx_word' id='word_1_21' title='bbox 1242 590 1333 647; x_wconf 83' lang='grc' dir='ltr'>καὶ</span> <span class='ocrx_word' id='word_1_22' title='bbox 1392 591 1552 653; x_wconf 76' lang='grc' dir='ltr'>αὐτὸς</span> <span class='ocrx_word' id='word_1_23' title='bbox 1606 592 1657 646; x_wconf 72' lang='grc' dir='ltr'>έν</span> <span class='ocrx_word' id='word_1_24' title='bbox 1714 593 1822 664; x_wconf 76' lang='grc' dir='ltr'>σοὶ,</span> <span class='ocrx_word' id='word_1_25' title='bbox 1856 613 1961 669; x_wconf 77' lang='grc' dir='ltr'>φυ-</span> 
     </span>
    </p>
   </div>
   <div class='ocr_carea' id='block_1_7' title="bbox 306 678 1961 761">
    <p class='ocr_par' dir='ltr' id='par_1_7' title="bbox 306 678 1961 761">
     <span class='ocr_line' id='line_1_7' title="bbox 306 678 1961 761; baseline -0.007 -15"><span class='ocrx_word' id='word_1_26' title='bbox 306 691 509 748; x_wconf 88' lang='grc' dir='ltr'>λάττων</span> <span class='ocrx_word' id='word_1_27' title='bbox 574 685 646 749; x_wconf 81' lang='grc' dir='ltr'>ὥς</span> <span class='ocrx_word' id='word_1_28' title='bbox 677 706 762 747; x_wconf 85' lang='grc' dir='ltr'>τις</span> <span class='ocrx_word' id='word_1_29' title='bbox 794 683 1021 761; x_wconf 77' lang='grc' dir='ltr'>σφραγὶς</span> <span class='ocrx_word' id='word_1_30' title='bbox 1050 687 1147 737; x_wconf 75' lang='grc' dir='ltr'>τοῦ</span> <span class='ocrx_word' id='word_1_31' title='bbox 1179 679 1528 752; x_wconf 79' lang='grc' dir='ltr'>διανοητικοῦ</span> <span class='ocrx_word' id='word_1_32' title='bbox 1579 702 1675 735; x_wconf 78' lang='grc' dir='ltr'>σου</span> <span class='ocrx_word' id='word_1_33' title='bbox 1704 681 1803 749; x_wconf 75' lang='grc' dir='ltr'>τὴν</span> <span class='ocrx_word' id='word_1_34' title='bbox 1855 678 1961 751; x_wconf 73' lang='grc' dir='ltr'>ἕξιν</span> 
     </span>
    </p>
   </div>
   <div class='ocr_carea' id='block_1_8' title="bbox 306 769 1958 849">
    <p class='ocr_par' dir='ltr' id='par_1_8' title="bbox 306 769 1958 849">
     <span class='ocr_line' id='line_1_8' title="bbox 306 769 1958 849; baseline -0.007 -14"><span class='ocrx_word' id='word_1_35' title='bbox 306 780 390 836; x_wconf 80' lang='grc' dir='ltr'>καὶ</span> <span class='ocrx_word' id='word_1_36' title='bbox 445 779 543 848; x_wconf 72' lang='grc' dir='ltr'>τήν</span> <span class='ocrx_word' id='word_1_37' title='bbox 604 773 873 849; x_wconf 77' lang='grc' dir='ltr'>ἐνέργειαν</span> <span class='ocrx_word' id='word_1_38' title='bbox 928 771 1165 833; x_wconf 79' lang='grc' dir='ltr'>ἀσύλους</span> <span class='ocrx_word' id='word_1_39' title='bbox 1222 775 1290 845; x_wconf 72' lang='grc' dir='ltr'>τῇ</span> <span class='ocrx_word' id='word_1_40' title='bbox 1350 769 1531 846; x_wconf 83' lang='grc' dir='ltr'>σχέσει</span> <span class='ocrx_word' id='word_1_41' title='bbox 1586 775 1693 825; x_wconf 79' lang='grc' dir='ltr'>τῶν</span> <span class='ocrx_word' id='word_1_42' title='bbox 1729 769 1958 838; x_wconf 73' lang='grc' dir='ltr'>ὐλικῶν,</span> 
     </span>
    </p>
   </div>
   <div class='ocr_carea' id='block_1_9' title="bbox 306 858 1960 940">
    <p class='ocr_par' dir='ltr' id='par_1_9' title="bbox 306 858 1960 940">
     <span class='ocr_line' id='line_1_9' title="bbox 306 858 1960 940; baseline -0.007 -18"><span class='ocrx_word' id='word_1_43' title='bbox 306 868 383 923; x_wconf 81' lang='grc' dir='ltr'>ὅτι</span> <span class='ocrx_word' id='word_1_44' title='bbox 461 865 712 940; x_wconf 82' lang='grc' dir='ltr'>κραταιά,</span> <span class='ocrx_word' id='word_1_45' title='bbox 792 862 867 925; x_wconf 84' lang='grc' dir='ltr'>ὠς</span> <span class='ocrx_word' id='word_1_46' title='bbox 939 862 1187 927; x_wconf 82' lang='grc' dir='ltr'>Θάνατος,</span> <span class='ocrx_word' id='word_1_47' title='bbox 1267 860 1478 933; x_wconf 84' lang='grc' dir='ltr'>ἀγάπη,</span> <span class='ocrx_word' id='word_1_48' title='bbox 1559 859 1823 935; x_wconf 82' lang='grc' dir='ltr'>σκληρὸς,</span> <span class='ocrx_word' id='word_1_49' title='bbox 1885 858 1960 920; x_wconf 85' lang='grc' dir='ltr'>ὡς</span> 
     </span>
    </p>
   </div>
   <div class='ocr_carea' id='block_1_10' title="bbox 303 947 1961 1029">
    <p class='ocr_par' dir='ltr' id='par_1_10' title="bbox 303 947 1961 1029">
     <span class='ocr_line' id='line_1_10' title="bbox 303 947 1961 1029; baseline -0.007 -18"><span class='ocrx_word' id='word_1_50' title='bbox 303 954 456 1029; x_wconf 76' lang='grc' dir='ltr'>ᾅδης,</span> <span class='ocrx_word' id='word_1_51' title='bbox 520 954 708 1024; x_wconf 79' lang='grc' dir='ltr'>ζῆλος.</span> <span class='ocrx_word' id='word_1_52' title='bbox 767 953 948 1020; x_wconf 81' lang='grc' dir='ltr'>’ῚΙτοι,</span> <span class='ocrx_word' id='word_1_53' title='bbox 1009 949 1096 1004; x_wconf 79' lang='grc' dir='ltr'>ἐὰν</span> <span class='ocrx_word' id='word_1_54' title='bbox 1156 949 1208 1004; x_wconf 79' lang='grc' dir='ltr'>έν</span> <span class='ocrx_word' id='word_1_55' title='bbox 1267 952 1336 1023; x_wconf 75' lang='grc' dir='ltr'>τῇ</span> <span class='ocrx_word' id='word_1_56' title='bbox 1398 948 1505 1022; x_wconf 76' lang='grc' dir='ltr'>ἐμῇ</span> <span class='ocrx_word' id='word_1_57' title='bbox 1537 947 1961 1022; x_wconf 67' lang='grc' dir='ltr'>ἀγάπῃ,καὶτῷ</span> 
     </span>
    </p>
   </div>
   <div class='ocr_carea' id='block_1_11' title="bbox 305 1035 1958 1114">
    <p class='ocr_par' dir='ltr' id='par_1_11' title="bbox 305 1035 1958 1114">
     <span class='ocr_line' id='line_1_11' title="bbox 305 1035 1958 1114; baseline -0.007 -14"><span class='ocrx_word' id='word_1_58' title='bbox 305 1045 371 1101; x_wconf 87' lang='grc' dir='ltr'>δι’</span> <span class='ocrx_word' id='word_1_59' title='bbox 426 1043 594 1111; x_wconf 69' lang='grc' dir='ltr'>αὐτὴν</span> <span class='ocrx_word' id='word_1_60' title='bbox 648 1040 804 1114; x_wconf 72' lang='grc' dir='ltr'>ζήλῳ</span> <span class='ocrx_word' id='word_1_61' title='bbox 839 1044 1039 1114; x_wconf 78' lang='grc' dir='ltr'>μενεῖς,</span> <span class='ocrx_word' id='word_1_62' title='bbox 1091 1042 1236 1112; x_wconf 86' lang='grc' dir='ltr'>μενῶ</span> <span class='ocrx_word' id='word_1_63' title='bbox 1266 1039 1357 1092; x_wconf 84' lang='grc' dir='ltr'>καὶ</span> <span class='ocrx_word' id='word_1_64' title='bbox 1388 1037 1548 1099; x_wconf 72' lang='grc' dir='ltr'>αὐτὸς</span> <span class='ocrx_word' id='word_1_65' title='bbox 1599 1037 1650 1091; x_wconf 75' lang='grc' dir='ltr'>ἰν</span> <span class='ocrx_word' id='word_1_66' title='bbox 1707 1037 1810 1091; x_wconf 83' lang='grc' dir='ltr'>σοί’</span> <span class='ocrx_word' id='word_1_67' title='bbox 1870 1035 1958 1091; x_wconf 76' lang='grc' dir='ltr'>καὶ</span> 
     </span>
    </p>
   </div>
   <div class='ocr_carea' id='block_1_12' title="bbox 303 1123 1957 1212">
    <p class='ocr_par' dir='ltr' id='par_1_12' title="bbox 303 1123 1957 1212">
     <span class='ocr_line' id='line_1_12' title="bbox 303 1123 1957 1212; baseline -0.007 -23"><span class='ocrx_word' id='word_1_68' title='bbox 303 1133 654 1212; x_wconf 72' lang='grc' dir='ltr'>φυλαχθήσῃ,</span> <span class='ocrx_word' id='word_1_69' title='bbox 685 1132 759 1192; x_wconf 86' lang='grc' dir='ltr'>ὡς</span> <span class='ocrx_word' id='word_1_70' title='bbox 793 1127 1026 1205; x_wconf 57' lang='grc' dir='ltr'>ετίρηται.</span> <span class='ocrx_word' id='word_1_71' title='bbox 1062 1124 1390 1202; x_wconf 67' lang='grc' dir='ltr'>Ἐπειδηπερ</span> <span class='ocrx_word' id='word_1_72' title='bbox 1425 1129 1458 1195; x_wconf 78' lang='grc' dir='ltr'>ἡ</span> <span class='ocrx_word' id='word_1_73' title='bbox 1515 1128 1609 1199; x_wconf 89' lang='grc' dir='ltr'>μέν</span> <span class='ocrx_word' id='word_1_74' title='bbox 1657 1124 1821 1194; x_wconf 86' lang='grc' dir='ltr'>ὀλική</span> <span class='ocrx_word' id='word_1_75' title='bbox 1882 1123 1957 1187; x_wconf 80' lang='grc' dir='ltr'>εἰς</span> 
     </span>
    </p>
   </div>
   <div class='ocr_carea' id='block_1_13' title="bbox 303 1214 1956 1297">
    <p class='ocr_par' dir='ltr' id='par_1_13' title="bbox 303 1214 1956 1297">
     <span class='ocr_line' id='line_1_13' title="bbox 303 1214 1956 1297; baseline -0.007 -19"><span class='ocrx_word' id='word_1_76' title='bbox 303 1224 396 1297; x_wconf 69' lang='grc' dir='ltr'>ἐμὲ</span> <span class='ocrx_word' id='word_1_77' title='bbox 422 1220 605 1297; x_wconf 83' lang='grc' dir='ltr'>ἀγάπη</span> <span class='ocrx_word' id='word_1_78' title='bbox 636 1218 838 1295; x_wconf 77' lang='grc' dir='ltr'>ἰσχυρά</span> <span class='ocrx_word' id='word_1_79' title='bbox 863 1217 1030 1286; x_wconf 64' lang='grc' dir='ltr'>ἔστιν,</span> <span class='ocrx_word' id='word_1_80' title='bbox 1095 1218 1168 1278; x_wconf 79' lang='grc' dir='ltr'>ὡς</span> <span class='ocrx_word' id='word_1_81' title='bbox 1215 1221 1391 1270; x_wconf 81' lang='grc' dir='ltr'>πᾶσαν</span> <span class='ocrx_word' id='word_1_82' title='bbox 1419 1214 1506 1270; x_wconf 74' lang='grc' dir='ltr'>ἐπὶ</span> <span class='ocrx_word' id='word_1_83' title='bbox 1550 1214 1716 1269; x_wconf 87' lang='grc' dir='ltr'>κακὸν</span> <span class='ocrx_word' id='word_1_84' title='bbox 1776 1215 1956 1289; x_wconf 78' lang='grc' dir='ltr'>ὁρμήν</span> 
     </span>
    </p>
   </div>
   <div class='ocr_carea' id='block_1_14' title="bbox 299 1299 1959 1379">
    <p class='ocr_par' dir='ltr' id='par_1_14' title="bbox 299 1299 1959 1379">
     <span class='ocr_line' id='line_1_14' title="bbox 299 1299 1959 1379; baseline -0.006 -13"><span class='ocrx_word' id='word_1_85' title='bbox 299 1333 353 1367; x_wconf 88' lang='grc' dir='ltr'>τε</span> <span class='ocrx_word' id='word_1_86' title='bbox 393 1310 480 1366; x_wconf 72' lang='grc' dir='ltr'>καὶ</span> <span class='ocrx_word' id='word_1_87' title='bbox 527 1309 743 1379; x_wconf 89' lang='grc' dir='ltr'>κίνησιν</span> <span class='ocrx_word' id='word_1_88' title='bbox 798 1304 1202 1377; x_wconf 84' lang='grc' dir='ltr'>καταπαύουσα,</span> <span class='ocrx_word' id='word_1_89' title='bbox 1261 1302 1419 1375; x_wconf 87' lang='grc' dir='ltr'>δίκην</span> <span class='ocrx_word' id='word_1_90' title='bbox 1471 1302 1721 1361; x_wconf 84' lang='grc' dir='ltr'>θανάτου.</span> <span class='ocrx_word' id='word_1_91' title='bbox 1781 1303 1842 1359; x_wconf 77' lang='grc' dir='ltr'><strong>Ὀ</strong></span> <span class='ocrx_word' id='word_1_92' title='bbox 1902 1299 1959 1357; x_wconf 67' lang='grc' dir='ltr'>δὲ</span> 
     </span>
    </p>
   </div>
   <div class='ocr_carea' id='block_1_15' title="bbox 305 1392 1959 1471">
    <p class='ocr_par' dir='ltr' id='par_1_15' title="bbox 305 1392 1959 1471">
     <span class='ocr_line' id='line_1_15' title="bbox 305 1392 1959 1471; baseline -0.005 -17"><span class='ocrx_word' id='word_1_93' title='bbox 305 1398 370 1455; x_wconf 69' lang='grc' dir='ltr'>δι’</span> <span class='ocrx_word' id='word_1_94' title='bbox 423 1397 524 1471; x_wconf 66' lang='grc' dir='ltr'>ἐμὲ</span> <span class='ocrx_word' id='word_1_95' title='bbox 551 1396 719 1468; x_wconf 81' lang='grc' dir='ltr'>ζῆλος</span> <span class='ocrx_word' id='word_1_96' title='bbox 782 1393 1064 1458; x_wconf 82' lang='grc' dir='ltr'>ἀνένδοτος</span> <span class='ocrx_word' id='word_1_97' title='bbox 1096 1399 1174 1467; x_wconf 77' lang='grc' dir='ltr'>τῷ</span> <span class='ocrx_word' id='word_1_98' title='bbox 1202 1398 1380 1465; x_wconf 78' lang='grc' dir='ltr'>κακῷ,</span> <span class='ocrx_word' id='word_1_99' title='bbox 1411 1393 1486 1457; x_wconf 83' lang='grc' dir='ltr'>ὡς</span> <span class='ocrx_word' id='word_1_100' title='bbox 1516 1392 1753 1468; x_wconf 80' lang='grc' dir='ltr'>ἀλόγους</span> <span class='ocrx_word' id='word_1_101' title='bbox 1784 1393 1959 1467; x_wconf 80' lang='grc' dir='ltr'>ὁρμὰς</span> 
     </span>
    </p>
   </div>
   <div class='ocr_carea' id='block_1_16' title="bbox 301 1477 1953 1561">
    <p class='ocr_par' dir='ltr' id='par_1_16' title="bbox 301 1477 1953 1561">
     <span class='ocr_line' id='line_1_16' title="bbox 301 1477 1953 1561; baseline -0.004 -18"><span class='ocrx_word' id='word_1_102' title='bbox 301 1484 609 1561; x_wconf 85' lang='grc' dir='ltr'>δεσμεύων,</span> <span class='ocrx_word' id='word_1_103' title='bbox 666 1484 756 1540; x_wconf 83' lang='grc' dir='ltr'>καὶ</span> <span class='ocrx_word' id='word_1_104' title='bbox 820 1482 1116 1560; x_wconf 76' lang='grc' dir='ltr'>ἀπροΐτους</span> <span class='ocrx_word' id='word_1_105' title='bbox 1178 1485 1426 1558; x_wconf 82' lang='grc' dir='ltr'>κατέχων</span> <span class='ocrx_word' id='word_1_106' title='bbox 1488 1482 1578 1537; x_wconf 81' lang='grc' dir='ltr'>οἶά</span> <span class='ocrx_word' id='word_1_107' title='bbox 1638 1502 1735 1557; x_wconf 88' lang='grc' dir='ltr'>περ</span> <span class='ocrx_word' id='word_1_108' title='bbox 1795 1477 1953 1552; x_wconf 71' lang='grc' dir='ltr'>ᾅδης.</span> 
     </span>
    </p>
   </div>
   <div class='ocr_carea' id='block_1_17' title="bbox 299 1568 1954 1651">
    <p class='ocr_par' dir='ltr' id='par_1_17' title="bbox 299 1568 1954 1651">
     <span class='ocr_line' id='line_1_17' title="bbox 299 1568 1954 1651; baseline -0.005 -20"><span class='ocrx_word' id='word_1_109' title='bbox 299 1575 397 1633; x_wconf 85' lang='grc' dir='ltr'>Καὶ</span> <span class='ocrx_word' id='word_1_110' title='bbox 473 1575 581 1650; x_wconf 79' lang='grc' dir='ltr'>γὰρ</span> <span class='ocrx_word' id='word_1_111' title='bbox 652 1573 952 1651; x_wconf 81' lang='grc' dir='ltr'>περίπτερα</span> <span class='ocrx_word' id='word_1_112' title='bbox 1023 1571 1210 1642; x_wconf 72' lang='grc' dir='ltr'>αὐτῆς,</span> <span class='ocrx_word' id='word_1_113' title='bbox 1267 1571 1564 1647; x_wconf 86' lang='grc' dir='ltr'>περίπτερα</span> <span class='ocrx_word' id='word_1_114' title='bbox 1618 1570 1811 1646; x_wconf 76' lang='grc' dir='ltr'>πυρὸς,</span> <span class='ocrx_word' id='word_1_115' title='bbox 1865 1568 1954 1624; x_wconf 78' lang='grc' dir='ltr'>ἄν-</span> 
     </span>
    </p>
   </div>
   <div class='ocr_carea' id='block_1_18' title="bbox 300 1656 1954 1741">
    <p class='ocr_par' dir='ltr' id='par_1_18' title="bbox 300 1656 1954 1741">
     <span class='ocr_line' id='line_1_18' title="bbox 300 1656 1954 1741; baseline -0.004 -22"><span class='ocrx_word' id='word_1_116' title='bbox 300 1676 483 1741; x_wconf 86' lang='grc' dir='ltr'>θρακες</span> <span class='ocrx_word' id='word_1_117' title='bbox 534 1664 702 1738; x_wconf 82' lang='grc' dir='ltr'>πυρὸς</span> <span class='ocrx_word' id='word_1_118' title='bbox 763 1661 969 1739; x_wconf 77' lang='grc' dir='ltr'>φλόγες</span> <span class='ocrx_word' id='word_1_119' title='bbox 1027 1660 1215 1731; x_wconf 78' lang='grc' dir='ltr'>αὐτῆς.</span> <span class='ocrx_word' id='word_1_120' title='bbox 1278 1658 1503 1732; x_wconf 70' lang='grc' dir='ltr'>Δηλαδὴ</span> <span class='ocrx_word' id='word_1_121' title='bbox 1561 1660 1627 1715; x_wconf 82' lang='grc' dir='ltr'>τὰ</span> <span class='ocrx_word' id='word_1_122' title='bbox 1683 1656 1812 1734; x_wconf 77' lang='grc' dir='ltr'>ἔργα</span> <span class='ocrx_word' id='word_1_123' title='bbox 1856 1662 1954 1728; x_wconf 67' lang='grc' dir='ltr'>τῆς</span> 
     </span>
    </p>
   </div>
   <div class='ocr_carea' id='block_1_19' title="bbox 298 1748 1951 1830">
    <p class='ocr_par' dir='ltr' id='par_1_19' title="bbox 298 1748 1951 1830">
     <span class='ocr_line' id='line_1_19' title="bbox 298 1748 1951 1830; baseline -0.005 -21"><span class='ocrx_word' id='word_1_124' title='bbox 298 1754 429 1830; x_wconf 85' lang='grc' dir='ltr'>πρὸς</span> <span class='ocrx_word' id='word_1_125' title='bbox 488 1754 557 1827; x_wconf 75' lang='grc' dir='ltr'>μὶ</span> <span class='ocrx_word' id='word_1_126' title='bbox 606 1751 852 1829; x_wconf 81' lang='grc' dir='ltr'>ἐμπύρου</span> <span class='ocrx_word' id='word_1_127' title='bbox 918 1750 1129 1826; x_wconf 79' lang='grc' dir='ltr'>ἀγάπης</span> <span class='ocrx_word' id='word_1_128' title='bbox 1160 1750 1530 1825; x_wconf 85' lang='grc' dir='ltr'>ἀναπτέρωσις</span> <span class='ocrx_word' id='word_1_129' title='bbox 1558 1749 1759 1819; x_wconf 78' lang='grc' dir='ltr'>ταύτης</span> <span class='ocrx_word' id='word_1_130' title='bbox 1790 1748 1951 1803; x_wconf 81' lang='grc' dir='ltr'>ἐστίν·</span> 
     </span>
    </p>
   </div>
   <div class='ocr_carea' id='block_1_20' title="bbox 302 1837 2033 1948">
    <p class='ocr_par' dir='ltr' id='par_1_20' title="bbox 302 1837 2033 1948">
     <span class='ocr_line' id='line_1_20' title="bbox 302 1837 2033 1948; baseline -0.005 -50"><span class='ocrx_word' id='word_1_131' title='bbox 302 1842 648 1919; x_wconf 77' lang='grc' dir='ltr'>Αύγαζούσης</span> <span class='ocrx_word' id='word_1_132' title='bbox 689 1841 742 1896; x_wconf 76' lang='grc' dir='ltr'>ἐν</span> <span class='ocrx_word' id='word_1_133' title='bbox 799 1844 879 1912; x_wconf 80' lang='grc' dir='ltr'>τῷ</span> <span class='ocrx_word' id='word_1_134' title='bbox 935 1840 1074 1917; x_wconf 77' lang='grc' dir='ltr'>φωτὶ</span> <span class='ocrx_word' id='word_1_135' title='bbox 1135 1847 1234 1910; x_wconf 76' lang='grc' dir='ltr'>τῆς</span> <span class='ocrx_word' id='word_1_136' title='bbox 1266 1837 1528 1909; x_wconf 75' lang='grc' dir='ltr'>ἀληθείας</span> <span class='ocrx_word' id='word_1_137' title='bbox 1557 1839 1694 1893; x_wconf 76' lang='grc' dir='ltr'>κατὰ</span> <span class='ocrx_word' id='word_1_138' title='bbox 1725 1837 1953 1909; x_wconf 78' lang='grc' dir='ltr'>Θεωρίαν</span> <span class='ocrx_word' id='word_1_139' title='bbox 1987 1884 2033 1948; x_wconf 73' lang='grc' dir='ltr'><strong>Β</strong></span> 
     </span>
     <span class='ocr_line' id='line_1_21' title="bbox 337 1924 1892 1948; baseline -0.005 7"><span class='ocrx_word' id='word_1_140' title='bbox 337 1932 351 1948; x_wconf 84' lang='lat'><strong><em>\</em></strong></span> <span class='ocrx_word' id='word_1_141' title='bbox 507 1934 534 1945; x_wconf 64' lang='grc' dir='ltr'>ε·</span> <span class='ocrx_word' id='word_1_142' title='bbox 723 1929 735 1946; x_wconf 66' lang='grc' dir='ltr'>ε</span> <span class='ocrx_word' id='word_1_143' title='bbox 808 1930 822 1946; x_wconf 73' lang='grc' dir='ltr'>ἰ</span> <span class='ocrx_word' id='word_1_144' title='bbox 965 1935 991 1948; x_wconf 77' lang='grc' dir='ltr'><em>υ</em></span> <span class='ocrx_word' id='word_1_145' title='bbox 1041 1928 1055 1947; x_wconf 77' lang='lat' dir='ltr'><strong><em>I</em></strong></span> <span class='ocrx_word' id='word_1_146' title='bbox 1262 1930 1276 1948; x_wconf 60' lang='grc' dir='ltr'><strong>κ</strong></span> <span class='ocrx_word' id='word_1_147' title='bbox 1378 1924 1402 1941; x_wconf 66' lang='grc' dir='ltr'><strong>π’</strong></span> <span class='ocrx_word' id='word_1_148' title='bbox 1717 1927 1731 1948; x_wconf 72' lang='lat'><strong>9</strong></span> <span class='ocrx_word' id='word_1_149' title='bbox 1834 1930 1892 1948; x_wconf 54' lang='grc' dir='ltr'>νο.</span> 
     </span>
    </p>
   </div>
   <div class='ocr_carea' id='block_1_21' title="bbox 301 1924 1953 2007">
    <p class='ocr_par' dir='ltr' id='par_1_21' title="bbox 301 1924 1953 2007">
     <span class='ocr_line' id='line_1_22' title="bbox 301 1924 1953 2007; baseline -0.004 -20"><span class='ocrx_word' id='word_1_150' title='bbox 301 1932 388 1987; x_wconf 86' lang='grc' dir='ltr'>τὸν</span> <span class='ocrx_word' id='word_1_151' title='bbox 439 1934 592 2000; x_wconf 73' lang='grc' dir='ltr'>νοῦν,</span> <span class='ocrx_word' id='word_1_152' title='bbox 649 1929 739 1985; x_wconf 78' lang='grc' dir='ltr'>καὶ</span> <span class='ocrx_word' id='word_1_153' title='bbox 798 1928 1163 2007; x_wconf 75' lang='grc' dir='ltr'>ἀφανιζούσης</span> <span class='ocrx_word' id='word_1_154' title='bbox 1217 1930 1316 1998; x_wconf 75' lang='grc' dir='ltr'>τὴν</span> <span class='ocrx_word' id='word_1_155' title='bbox 1372 1924 1610 2004; x_wconf 56' lang='grc' dir='ltr'>ἄγνοιαν</span> <span class='ocrx_word' id='word_1_156' title='bbox 1671 1927 1953 1989; x_wconf 69' lang='grc' dir='ltr'>κάντεῦθεν</span> 
     </span>
    </p>
   </div>
   <div class='ocr_carea' id='block_1_22' title="bbox 303 2015 1953 2094">
    <p class='ocr_par' dir='ltr' id='par_1_22' title="bbox 303 2015 1953 2094">
     <span class='ocr_line' id='line_1_23' title="bbox 303 2015 1953 2094; baseline -0.004 -18"><span class='ocrx_word' id='word_1_157' title='bbox 303 2018 624 2091; x_wconf 82' lang='grc' dir='ltr'>δαπανώσης</span> <span class='ocrx_word' id='word_1_158' title='bbox 664 2020 802 2075; x_wconf 79' lang='grc' dir='ltr'>κατὰ</span> <span class='ocrx_word' id='word_1_159' title='bbox 846 2019 1038 2094; x_wconf 75' lang='grc' dir='ltr'>πρᾶξιν</span> <span class='ocrx_word' id='word_1_160' title='bbox 1087 2023 1196 2072; x_wconf 80' lang='grc' dir='ltr'>τῶν</span> <span class='ocrx_word' id='word_1_161' title='bbox 1247 2017 1483 2073; x_wconf 74' lang='grc' dir='ltr'>ἐντολῶν</span> <span class='ocrx_word' id='word_1_162' title='bbox 1512 2023 1681 2072; x_wconf 74' lang='grc' dir='ltr'>πᾶσαν</span> <span class='ocrx_word' id='word_1_163' title='bbox 1742 2015 1953 2085; x_wconf 85' lang='grc' dir='ltr'>κακίαν,</span> 
     </span>
    </p>
   </div>
   <div class='ocr_carea' id='block_1_23' title="bbox 303 2103 1954 2185">
    <p class='ocr_par' dir='ltr' id='par_1_23' title="bbox 303 2103 1954 2185">
     <span class='ocr_line' id='line_1_24' title="bbox 303 2103 1954 2185; baseline -0.004 -21"><span class='ocrx_word' id='word_1_164' title='bbox 303 2109 410 2183; x_wconf 79' lang='grc' dir='ltr'>(οἷά</span> <span class='ocrx_word' id='word_1_165' title='bbox 461 2130 564 2181; x_wconf 77' lang='grc' dir='ltr'>περ</span> <span class='ocrx_word' id='word_1_166' title='bbox 613 2105 917 2179; x_wconf 73' lang='grc' dir='ltr'>εὔπρηστον</span> <span class='ocrx_word' id='word_1_167' title='bbox 980 2106 1116 2179; x_wconf 75' lang='grc' dir='ltr'>ὕλην</span> <span class='ocrx_word' id='word_1_168' title='bbox 1178 2105 1405 2185; x_wconf 70' lang='grc' dir='ltr'>φλόγες)</span> <span class='ocrx_word' id='word_1_169' title='bbox 1461 2106 1550 2161; x_wconf 73' lang='grc' dir='ltr'>καὶ</span> <span class='ocrx_word' id='word_1_170' title='bbox 1601 2103 1954 2175; x_wconf 78' lang='grc' dir='ltr'>ἐπιδιδούσης</span> 
     </span>
    </p>
   </div>
   <div class='ocr_carea' id='block_1_24' title="bbox 304 2188 1954 2272">
    <p class='ocr_par' dir='ltr' id='par_1_24' title="bbox 304 2188 1954 2272">
     <span class='ocr_line' id='line_1_25' title="bbox 304 2188 1954 2272; baseline -0.004 -18"><span class='ocrx_word' id='word_1_171' title='bbox 304 2199 376 2261; x_wconf 82' lang='grc' dir='ltr'>εἷς</span> <span class='ocrx_word' id='word_1_172' title='bbox 409 2198 647 2269; x_wconf 66' lang='grc' dir='ltr'>αὔξησιν.</span> <span class='ocrx_word' id='word_1_173' title='bbox 714 2196 911 2271; x_wconf 79' lang='grc' dir='ltr'>Διόπερ</span> <span class='ocrx_word' id='word_1_174' title='bbox 955 2193 1100 2272; x_wconf 74' lang='grc' dir='ltr'>ὕδωρ</span> <span class='ocrx_word' id='word_1_175' title='bbox 1156 2194 1301 2251; x_wconf 78' lang='grc' dir='ltr'>πολὺ</span> <span class='ocrx_word' id='word_1_176' title='bbox 1361 2194 1422 2250; x_wconf 80' lang='grc' dir='ltr'>ού</span> <span class='ocrx_word' id='word_1_177' title='bbox 1456 2192 1739 2266; x_wconf 73' lang='grc' dir='ltr'>δυνήσεται</span> <span class='ocrx_word' id='word_1_178' title='bbox 1770 2188 1954 2249; x_wconf 72' lang='grc' dir='ltr'>σϐέσαι</span> 
     </span>
    </p>
   </div>
   <div class='ocr_carea' id='block_1_25' title="bbox 303 2283 1954 2363">
    <p class='ocr_par' dir='ltr' id='par_1_25' title="bbox 303 2283 1954 2363">
     <span class='ocr_line' id='line_1_26' title="bbox 303 2283 1954 2363; baseline -0.003 -21"><span class='ocrx_word' id='word_1_179' title='bbox 303 2288 400 2356; x_wconf 77' lang='grc' dir='ltr'>τὴν</span> <span class='ocrx_word' id='word_1_180' title='bbox 472 2288 706 2363; x_wconf 80' lang='grc' dir='ltr'>ἀγάπην,</span> <span class='ocrx_word' id='word_1_181' title='bbox 784 2285 872 2340; x_wconf 81' lang='grc' dir='ltr'>καὶ</span> <span class='ocrx_word' id='word_1_182' title='bbox 948 2284 1194 2358; x_wconf 87' lang='grc' dir='ltr'>ποταμοὶ</span> <span class='ocrx_word' id='word_1_183' title='bbox 1274 2284 1335 2338; x_wconf 83' lang='grc' dir='ltr'>ού</span> <span class='ocrx_word' id='word_1_184' title='bbox 1406 2283 1799 2358; x_wconf 86' lang='grc' dir='ltr'>συγκλύσουσιν</span> <span class='ocrx_word' id='word_1_185' title='bbox 1855 2283 1954 2338; x_wconf 81' lang='grc' dir='ltr'>αύ-</span> 
     </span>
    </p>
   </div>
   <div class='ocr_carea' id='block_1_26' title="bbox 304 2370 1952 2451">
    <p class='ocr_par' dir='ltr' id='par_1_26' title="bbox 304 2370 1952 2451">
     <span class='ocr_line' id='line_1_27' title="bbox 304 2370 1952 2451; baseline -0.003 -20"><span class='ocrx_word' id='word_1_186' title='bbox 304 2377 425 2446; x_wconf 79' lang='grc' dir='ltr'>τήν.</span> <span class='ocrx_word' id='word_1_187' title='bbox 457 2377 660 2449; x_wconf 73' lang='grc' dir='ltr'>’Ἡγουν</span> <span class='ocrx_word' id='word_1_188' title='bbox 696 2376 748 2429; x_wconf 76' lang='grc' dir='ltr'>αἱ</span> <span class='ocrx_word' id='word_1_189' title='bbox 777 2374 990 2451; x_wconf 76' lang='grc' dir='ltr'>ρἐυστι</span> <span class='ocrx_word' id='word_1_190' title='bbox 1024 2374 1097 2436; x_wconf 84' lang='grc' dir='ltr'>ὡς</span> <span class='ocrx_word' id='word_1_191' title='bbox 1129 2375 1341 2444; x_wconf 76' lang='grc' dir='ltr'>πλῆθος</span> <span class='ocrx_word' id='word_1_192' title='bbox 1377 2370 1582 2428; x_wconf 75' lang='grc' dir='ltr'>ὑδάτων</span> <span class='ocrx_word' id='word_1_193' title='bbox 1628 2372 1686 2428; x_wconf 72' lang='grc' dir='ltr'>ἐκ</span> <span class='ocrx_word' id='word_1_194' title='bbox 1713 2377 1811 2428; x_wconf 78' lang='grc' dir='ltr'>τοῦ</span> <span class='ocrx_word' id='word_1_195' title='bbox 1841 2393 1952 2448; x_wconf 87' lang='grc' dir='ltr'>χει-</span> 
     </span>
    </p>
   </div>
   <div class='ocr_carea' id='block_1_27' title="bbox 311 2461 1953 2540">
    <p class='ocr_par' dir='ltr' id='par_1_27' title="bbox 311 2461 1953 2540">
     <span class='ocr_line' id='line_1_28' title="bbox 311 2461 1953 2540; baseline -0.002 -20"><span class='ocrx_word' id='word_1_196' title='bbox 311 2469 487 2539; x_wconf 82' lang='grc' dir='ltr'>μῶνος</span> <span class='ocrx_word' id='word_1_197' title='bbox 532 2468 639 2519; x_wconf 85' lang='grc' dir='ltr'>τῶν</span> <span class='ocrx_word' id='word_1_198' title='bbox 671 2463 938 2519; x_wconf 81' lang='grc' dir='ltr'>ἀκουσίων</span> <span class='ocrx_word' id='word_1_199' title='bbox 973 2468 1290 2540; x_wconf 76' lang='grc' dir='ltr'>πειρασμῶν</span> <span class='ocrx_word' id='word_1_200' title='bbox 1320 2462 1526 2518; x_wconf 86' lang='grc' dir='ltr'>πολλαὶ</span> <span class='ocrx_word' id='word_1_201' title='bbox 1570 2463 1805 2536; x_wconf 78' lang='grc' dir='ltr'>θλίψεις,</span> <span class='ocrx_word' id='word_1_202' title='bbox 1863 2461 1953 2517; x_wconf 84' lang='grc' dir='ltr'>καὶ</span> 
     </span>
    </p>
   </div>
   <div class='ocr_carea' id='block_1_28' title="bbox 308 2551 1953 2628">
    <p class='ocr_par' dir='ltr' id='par_1_28' title="bbox 308 2551 1953 2628">
     <span class='ocr_line' id='line_1_29' title="bbox 308 2551 1953 2628; baseline -0.003 -18"><span class='ocrx_word' id='word_1_203' title='bbox 308 2556 362 2610; x_wconf 77' lang='grc' dir='ltr'>αἱ</span> <span class='ocrx_word' id='word_1_204' title='bbox 389 2554 593 2610; x_wconf 84' lang='grc' dir='ltr'>τούτων</span> <span class='ocrx_word' id='word_1_205' title='bbox 647 2551 1083 2625; x_wconf 83' lang='grc' dir='ltr'>ἀλλυπάλληλοι</span> <span class='ocrx_word' id='word_1_206' title='bbox 1144 2553 1221 2615; x_wconf 87' lang='grc' dir='ltr'>ὠς</span> <span class='ocrx_word' id='word_1_207' title='bbox 1273 2551 1520 2625; x_wconf 75' lang='grc' dir='ltr'>ποτάμια</span> <span class='ocrx_word' id='word_1_208' title='bbox 1577 2551 1823 2628; x_wconf 81' lang='grc' dir='ltr'>ῥεύματα</span> <span class='ocrx_word' id='word_1_209' title='bbox 1862 2551 1953 2606; x_wconf 80' lang='grc' dir='ltr'>έπ-</span> 
     </span>
    </p>
   </div>
   <div class='ocr_carea' id='block_1_29' title="bbox 305 2639 1956 2719">
    <p class='ocr_par' dir='ltr' id='par_1_29' title="bbox 305 2639 1956 2719">
     <span class='ocr_line' id='line_1_30' title="bbox 305 2639 1956 2719; baseline -0.004 -20"><span class='ocrx_word' id='word_1_210' title='bbox 305 2643 531 2719; x_wconf 79' lang='grc' dir='ltr'>αγωγαὶ,</span> <span class='ocrx_word' id='word_1_211' title='bbox 592 2641 644 2698; x_wconf 77' lang='grc' dir='ltr'>ἰν</span> <span class='ocrx_word' id='word_1_212' title='bbox 704 2644 789 2704; x_wconf 80' lang='grc' dir='ltr'>αἶς</span> <span class='ocrx_word' id='word_1_213' title='bbox 838 2643 904 2696; x_wconf 67' lang='grc' dir='ltr'>τὰ</span> <span class='ocrx_word' id='word_1_214' title='bbox 959 2648 1059 2711; x_wconf 77' lang='grc' dir='ltr'>τῆς</span> <span class='ocrx_word' id='word_1_215' title='bbox 1115 2640 1383 2715; x_wconf 79' lang='grc' dir='ltr'>πονηρίας</span> <span class='ocrx_word' id='word_1_216' title='bbox 1443 2639 1727 2713; x_wconf 79' lang='grc' dir='ltr'>πνεύματα</span> <span class='ocrx_word' id='word_1_217' title='bbox 1752 2641 1849 2708; x_wconf 80' lang='grc' dir='ltr'>τήν</span> <span class='ocrx_word' id='word_1_218' title='bbox 1881 2639 1956 2702; x_wconf 83' lang='grc' dir='ltr'>εἷς</span> 
     </span>
    </p>
   </div>
   <div class='ocr_carea' id='block_1_30' title="bbox 306 2728 1955 2808">
    <p class='ocr_par' dir='ltr' id='par_1_30' title="bbox 306 2728 1955 2808">
     <span class='ocr_line' id='line_1_31' title="bbox 306 2728 1955 2808; baseline -0.003 -21"><span class='ocrx_word' id='word_1_219' title='bbox 306 2732 399 2806; x_wconf 70' lang='grc' dir='ltr'>ἐμὲ</span> <span class='ocrx_word' id='word_1_220' title='bbox 442 2733 662 2808; x_wconf 85' lang='grc' dir='ltr'>ἀγάπην</span> <span class='ocrx_word' id='word_1_221' title='bbox 720 2728 1038 2786; x_wconf 68' lang='grc' dir='ltr'>σπεύδουσιν</span> <span class='ocrx_word' id='word_1_222' title='bbox 1084 2730 1119 2800; x_wconf 81' lang='grc' dir='ltr'><strong>ἢ</strong></span> <span class='ocrx_word' id='word_1_223' title='bbox 1179 2730 1466 2805; x_wconf 80' lang='grc' dir='ltr'>ἐκριζῶσαι</span> <span class='ocrx_word' id='word_1_224' title='bbox 1521 2730 1707 2785; x_wconf 84' lang='grc' dir='ltr'>τέλεον</span> <span class='ocrx_word' id='word_1_225' title='bbox 1739 2728 1829 2783; x_wconf 83' lang='grc' dir='ltr'>διὰ</span> <span class='ocrx_word' id='word_1_226' title='bbox 1863 2750 1955 2802; x_wconf 88' lang='grc' dir='ltr'>μι-</span> 
     </span>
    </p>
   </div>
   <div class='ocr_carea' id='block_1_31' title="bbox 309 2815 1955 2894">
    <p class='ocr_par' dir='ltr' id='par_1_31' title="bbox 309 2815 1955 2894">
     <span class='ocr_line' id='line_1_32' title="bbox 309 2815 1955 2894; baseline -0.002 -19"><span class='ocrx_word' id='word_1_227' title='bbox 309 2820 540 2891; x_wconf 82' lang='grc' dir='ltr'>σοθείας,</span> <span class='ocrx_word' id='word_1_228' title='bbox 600 2821 635 2890; x_wconf 70' lang='grc' dir='ltr'><strong>ἢ</strong></span> <span class='ocrx_word' id='word_1_229' title='bbox 685 2818 993 2894; x_wconf 77' lang='grc' dir='ltr'>καταλύψαι</span> <span class='ocrx_word' id='word_1_230' title='bbox 1038 2816 1127 2874; x_wconf 73' lang='grc' dir='ltr'>διὰ</span> <span class='ocrx_word' id='word_1_231' title='bbox 1178 2817 1623 2892; x_wconf 78' lang='grc' dir='ltr'>μισανθρωπίας,</span> <span class='ocrx_word' id='word_1_232' title='bbox 1675 2819 1738 2872; x_wconf 82' lang='grc' dir='ltr'>οὐ</span> <span class='ocrx_word' id='word_1_233' title='bbox 1794 2815 1955 2888; x_wconf 75' lang='grc' dir='ltr'>δυνή-</span> 
     </span>
    </p>
   </div>
   <div class='ocr_carea' id='block_1_32' title="bbox 308 2903 1955 2986">
    <p class='ocr_par' dir='ltr' id='par_1_32' title="bbox 308 2903 1955 2986">
     <span class='ocr_line' id='line_1_33' title="bbox 308 2903 1955 2986; baseline -0.004 -20"><span class='ocrx_word' id='word_1_234' title='bbox 308 2932 487 2966; x_wconf 88' lang='grc' dir='ltr'>σονται</span> <span class='ocrx_word' id='word_1_235' title='bbox 551 2907 674 2966; x_wconf 68' lang='grc' dir='ltr'>οὔτε</span> <span class='ocrx_word' id='word_1_236' title='bbox 728 2909 902 2980; x_wconf 84' lang='grc' dir='ltr'>πάντη</span> <span class='ocrx_word' id='word_1_237' title='bbox 964 2903 1149 2963; x_wconf 76' lang='grc' dir='ltr'>σϐέσαι</span> <span class='ocrx_word' id='word_1_238' title='bbox 1208 2907 1373 2977; x_wconf 77' lang='grc' dir='ltr'>αὐτὴν</span> <span class='ocrx_word' id='word_1_239' title='bbox 1434 2905 1521 2962; x_wconf 74' lang='grc' dir='ltr'>διὰ</span> <span class='ocrx_word' id='word_1_240' title='bbox 1578 2904 1955 2986; x_wconf 73' lang='grc' dir='ltr'>βλασφημίας,</span> 
     </span>
    </p>
   </div>
   <div class='ocr_carea' id='block_1_33' title="bbox 305 2993 1954 3074">
    <p class='ocr_par' dir='ltr' id='par_1_33' title="bbox 305 2993 1954 3074">
     <span class='ocr_line' id='line_1_34' title="bbox 305 2993 1954 3074; baseline -0.002 -21"><span class='ocrx_word' id='word_1_241' title='bbox 305 2998 423 3055; x_wconf 64' lang='grc' dir='ltr'>οὕτε</span> <span class='ocrx_word' id='word_1_242' title='bbox 492 2997 824 3055; x_wconf 70' lang='grc' dir='ltr'>κατακλύσαι</span> <span class='ocrx_word' id='word_1_243' title='bbox 897 2997 987 3052; x_wconf 88' lang='grc' dir='ltr'>καὶ</span> <span class='ocrx_word' id='word_1_244' title='bbox 1058 2996 1308 3074; x_wconf 71' lang='grc' dir='ltr'>ἀφανίσαι</span> <span class='ocrx_word' id='word_1_245' title='bbox 1374 2993 1443 3051; x_wconf 84' lang='grc' dir='ltr'>δι’</span> <span class='ocrx_word' id='word_1_246' title='bbox 1521 2995 1783 3073; x_wconf 77' lang='grc' dir='ltr'>ἀπραξίας</span> <span class='ocrx_word' id='word_1_247' title='bbox 1847 3000 1954 3050; x_wconf 81' lang='grc' dir='ltr'>τῶν</span> 
     </span>
    </p>
   </div>
   <div class='ocr_carea' id='block_1_34' title="bbox 304 3083 1957 3162">
    <p class='ocr_par' dir='ltr' id='par_1_34' title="bbox 304 3083 1957 3162">
     <span class='ocr_line' id='line_1_35' title="bbox 304 3083 1957 3162; baseline -0.004 -18"><span class='ocrx_word' id='word_1_248' title='bbox 304 3087 538 3145; x_wconf 77' lang='grc' dir='ltr'>ἐντολῶν</span> <span class='ocrx_word' id='word_1_249' title='bbox 601 3107 726 3162; x_wconf 88' lang='grc' dir='ltr'>μου·</span> <span class='ocrx_word' id='word_1_250' title='bbox 784 3085 943 3162; x_wconf 74' lang='grc' dir='ltr'>α’ίπερ</span> <span class='ocrx_word' id='word_1_251' title='bbox 994 3084 1412 3141; x_wconf 70' lang='grc' dir='ltr'>ἀποδεικνύουσι</span> <span class='ocrx_word' id='word_1_252' title='bbox 1473 3086 1567 3157; x_wconf 72' lang='grc' dir='ltr'>μὶν</span> <span class='ocrx_word' id='word_1_253' title='bbox 1611 3087 1709 3154; x_wconf 79' lang='grc' dir='ltr'>τὴν</span> <span class='ocrx_word' id='word_1_254' title='bbox 1743 3084 1817 3147; x_wconf 77' lang='grc' dir='ltr'>εἷς</span> <span class='ocrx_word' id='word_1_255' title='bbox 1860 3083 1957 3157; x_wconf 71' lang='grc' dir='ltr'>ἐμὲ</span> 
     </span>
    </p>
   </div>
   <div class='ocr_carea' id='block_1_35' title="bbox 304 3172 1956 3256">
    <p class='ocr_par' dir='ltr' id='par_1_35' title="bbox 304 3172 1956 3256">
     <span class='ocr_line' id='line_1_36' title="bbox 304 3172 1956 3256; baseline -0.005 -21"><span class='ocrx_word' id='word_1_256' title='bbox 304 3179 535 3256; x_wconf 82' lang='grc' dir='ltr'>ἀγάπην,</span> <span class='ocrx_word' id='word_1_257' title='bbox 593 3178 959 3254; x_wconf 69' lang='grc' dir='ltr'>συμφέρονται</span> <span class='ocrx_word' id='word_1_258' title='bbox 1019 3174 1076 3231; x_wconf 77' lang='grc' dir='ltr'>δὶ</span> <span class='ocrx_word' id='word_1_259' title='bbox 1134 3174 1209 3237; x_wconf 74' lang='grc' dir='ltr'>εἷς</span> <span class='ocrx_word' id='word_1_260' title='bbox 1255 3175 1345 3230; x_wconf 86' lang='grc' dir='ltr'>τὸν</span> <span class='ocrx_word' id='word_1_261' title='bbox 1392 3174 1647 3246; x_wconf 79' lang='grc' dir='ltr'>πλησίον.</span> <span class='ocrx_word' id='word_1_262' title='bbox 1681 3172 1834 3243; x_wconf 76' lang='grc' dir='ltr'>Ιιλήν</span> <span class='ocrx_word' id='word_1_263' title='bbox 1869 3173 1956 3228; x_wconf 68' lang='grc' dir='ltr'>ἐὰν</span> 
     </span>
    </p>
   </div>
   <div class='ocr_carea' id='block_1_36' title="bbox 2070 594 3730 667">
    <p class='ocr_par' dir='ltr' id='par_1_36' title="bbox 2070 594 3730 667">
     <span class='ocr_line' id='line_1_37' title="bbox 2070 594 3730 667; baseline 0.001 -18"><span class='ocrx_word' id='word_1_264' title='bbox 2070 594 2291 651; x_wconf 81' lang='lat' dir='ltr'>tionem</span> <span class='ocrx_word' id='word_1_265' title='bbox 2322 615 2353 651; x_wconf 86' lang='lat' dir='ltr'>a</span> <span class='ocrx_word' id='word_1_266' title='bbox 2384 595 2661 651; x_wconf 86' lang='lat' dir='ltr'>malo.Sic</span> <span class='ocrx_word' id='word_1_267' title='bbox 2682 595 2840 652; x_wconf 91' lang='lat' dir='ltr'>enim</span> <span class='ocrx_word' id='word_1_268' title='bbox 2871 596 2996 667; x_wconf 88' lang='lat' dir='ltr'>ipse</span> <span class='ocrx_word' id='word_1_269' title='bbox 3030 596 3341 667; x_wconf 88' lang='lat' dir='ltr'>quoquein</span> <span class='ocrx_word' id='word_1_270' title='bbox 3373 599 3429 651; x_wconf 88' lang='lat' dir='ltr'>te</span> <span class='ocrx_word' id='word_1_271' title='bbox 3452 594 3730 650; x_wconf 90' lang='lat' dir='ltr'>manebo-</span> 
     </span>
    </p>
   </div>
   <div class='ocr_carea' id='block_1_37' title="bbox 2073 683 3730 757">
    <p class='ocr_par' dir='ltr' id='par_1_37' title="bbox 2073 683 3730 757">
     <span class='ocr_line' id='line_1_38' title="bbox 2073 683 3730 757; baseline -0.001 -17"><span class='ocrx_word' id='word_1_272' title='bbox 2073 691 2326 757; x_wconf 88' lang='lat' dir='ltr'>tuasque</span> <span class='ocrx_word' id='word_1_273' title='bbox 2346 684 2955 756; x_wconf 87' lang='lat' dir='ltr'>utsignaculum,tum</span> <span class='ocrx_word' id='word_1_274' title='bbox 2976 683 3338 755; x_wconf 91' lang='lat' dir='ltr'>intelligendi</span> <span class='ocrx_word' id='word_1_275' title='bbox 3369 689 3494 739; x_wconf 90' lang='lat' dir='ltr'>tum</span> <span class='ocrx_word' id='word_1_276' title='bbox 3519 685 3730 755; x_wconf 77' lang='lat' dir='ltr'><strong>agendi</strong></span> 
     </span>
    </p>
   </div>
   <div class='ocr_carea' id='block_1_38' title="bbox 2072 773 3731 846">
    <p class='ocr_par' dir='ltr' id='par_1_38' title="bbox 2072 773 3731 846">
     <span class='ocr_line' id='line_1_39' title="bbox 2072 773 3731 846; baseline 0 -17"><span class='ocrx_word' id='word_1_277' title='bbox 2072 774 2371 846; x_wconf 79' lang='lat' dir='ltr'>potentias</span> <span class='ocrx_word' id='word_1_278' title='bbox 2408 781 2470 829; x_wconf 87' lang='lat' dir='ltr'>ut</span> <span class='ocrx_word' id='word_1_279' title='bbox 2499 791 2694 829; x_wconf 91' lang='lat' dir='ltr'>rerum</span> <span class='ocrx_word' id='word_1_280' title='bbox 2728 773 3027 844; x_wconf 78' lang='lat' dir='ltr'>fragilium</span> <span class='ocrx_word' id='word_1_281' title='bbox 3069 778 3126 827; x_wconf 88' lang='lat' dir='ltr'>et</span> <span class='ocrx_word' id='word_1_282' title='bbox 3181 774 3537 828; x_wconf 88' lang='lat' dir='ltr'>caducarum</span> <span class='ocrx_word' id='word_1_283' title='bbox 3598 774 3731 829; x_wconf 81' lang='lat' dir='ltr'>ati‘e-</span> 
     </span>
    </p>
   </div>
   <div class='ocr_carea' id='block_1_39' title="bbox 2073 862 3729 934">
    <p class='ocr_par' dir='ltr' id='par_1_39' title="bbox 2073 862 3729 934">
     <span class='ocr_line' id='line_1_40' title="bbox 2073 862 3729 934; baseline 0.002 -19"><span class='ocrx_word' id='word_1_284' title='bbox 2073 863 2371 917; x_wconf 87' lang='lat' dir='ltr'>ctionibus</span> <span class='ocrx_word' id='word_1_285' title='bbox 2400 863 2659 934; x_wconf 85' lang='lat' dir='ltr'>integras</span> <span class='ocrx_word' id='word_1_286' title='bbox 2711 862 3091 917; x_wconf 83' lang='lat' dir='ltr'>conservabo.</span> <span class='ocrx_word' id='word_1_287' title='bbox 3151 863 3295 930; x_wconf 83' lang='lat' dir='ltr'>Quia</span> <span class='ocrx_word' id='word_1_288' title='bbox 3328 863 3606 933; x_wconf 80' lang='lat' dir='ltr'>fortisest,</span> <span class='ocrx_word' id='word_1_289' title='bbox 3668 867 3729 918; x_wconf 84' lang='lat' dir='ltr'>ut</span> 
     </span>
    </p>
   </div>
   <div class='ocr_carea' id='block_1_40' title="bbox 2070 951 3729 1024">
    <p class='ocr_par' dir='ltr' id='par_1_40' title="bbox 2070 951 3729 1024">
     <span class='ocr_line' id='line_1_41' title="bbox 2070 951 3729 1024; baseline 0.001 -18"><span class='ocrx_word' id='word_1_290' title='bbox 2070 968 2241 1019; x_wconf 73' lang='lat' dir='ltr'>mors,</span> <span class='ocrx_word' id='word_1_291' title='bbox 2274 952 2495 1007; x_wconf 77' lang='lat' dir='ltr'>dilectio</span> <span class='ocrx_word' id='word_1_292' title='bbox 2531 971 2543 1020; x_wconf 90' lang='lat'><strong>;</strong></span> <span class='ocrx_word' id='word_1_293' title='bbox 2577 952 2719 1007; x_wconf 84' lang='lat' dir='ltr'>dura</span> <span class='ocrx_word' id='word_1_294' title='bbox 2744 954 2890 1008; x_wconf 69' lang='lat' dir='ltr'>sicut</span> <span class='ocrx_word' id='word_1_295' title='bbox 2922 958 3197 1024; x_wconf 64' lang='lat' dir='ltr'>iri/emus,</span> <span class='ocrx_word' id='word_1_296' title='bbox 3246 951 3550 1008; x_wconf 72' lang='lat' dir='ltr'>aemulatio.</span> <span class='ocrx_word' id='word_1_297' title='bbox 3610 953 3729 1008; x_wconf 87' lang='lat' dir='ltr'>Hoc</span> 
     </span>
    </p>
   </div>
   <div class='ocr_carea' id='block_1_41' title="bbox 2071 1040 3733 1114">
    <p class='ocr_par' dir='ltr' id='par_1_41' title="bbox 2071 1040 3733 1114">
     <span class='ocr_line' id='line_1_42' title="bbox 2071 1040 3733 1114; baseline 0 -18"><span class='ocrx_word' id='word_1_298' title='bbox 2071 1049 2175 1109; x_wconf 77' lang='lat' dir='ltr'>est,</span> <span class='ocrx_word' id='word_1_299' title='bbox 2209 1042 2256 1095; x_wconf 91' lang='lat' dir='ltr'>si</span> <span class='ocrx_word' id='word_1_300' title='bbox 2295 1041 2350 1095; x_wconf 89' lang='lat' dir='ltr'>in</span> <span class='ocrx_word' id='word_1_301' title='bbox 2382 1040 2671 1096; x_wconf 80' lang='lat' dir='ltr'>charitate</span> <span class='ocrx_word' id='word_1_302' title='bbox 2704 1057 2836 1096; x_wconf 87' lang='lat' dir='ltr'>mea</span> <span class='ocrx_word' id='word_1_303' title='bbox 2859 1040 3281 1113; x_wconf 88' lang='lat' dir='ltr'>permanseris,</span> <span class='ocrx_word' id='word_1_304' title='bbox 3314 1046 3373 1096; x_wconf 90' lang='lat' dir='ltr'>et</span> <span class='ocrx_word' id='word_1_305' title='bbox 3423 1057 3528 1114; x_wconf 87' lang='lat' dir='ltr'>ego</span> <span class='ocrx_word' id='word_1_306' title='bbox 3559 1040 3619 1096; x_wconf 91' lang='lat' dir='ltr'>in</span> <span class='ocrx_word' id='word_1_307' title='bbox 3677 1047 3733 1097; x_wconf 88' lang='lat' dir='ltr'>te</span> 
     </span>
    </p>
   </div>
   <div class='ocr_carea' id='block_1_42' title="bbox 2070 1128 3724 1203">
    <p class='ocr_par' dir='ltr' id='par_1_42' title="bbox 2070 1128 3724 1203">
     <span class='ocr_line' id='line_1_43' title="bbox 2070 1128 3724 1203; baseline -0.001 -16"><span class='ocrx_word' id='word_1_308' title='bbox 2070 1130 2451 1203; x_wconf 82' lang='lat' dir='ltr'>permanebo,</span> <span class='ocrx_word' id='word_1_309' title='bbox 2475 1135 2531 1185; x_wconf 92' lang='lat' dir='ltr'>et</span> <span class='ocrx_word' id='word_1_310' title='bbox 2557 1131 3014 1197; x_wconf 86' lang='lat' dir='ltr'>conservaberis,</span> <span class='ocrx_word' id='word_1_311' title='bbox 3061 1136 3126 1184; x_wconf 90' lang='lat' dir='ltr'>ut</span> <span class='ocrx_word' id='word_1_312' title='bbox 3156 1129 3378 1185; x_wconf 89' lang='lat' dir='ltr'>dictum</span> <span class='ocrx_word' id='word_1_313' title='bbox 3419 1134 3526 1185; x_wconf 90' lang='lat' dir='ltr'>est.</span> <span class='ocrx_word' id='word_1_314' title='bbox 3577 1128 3724 1185; x_wconf 85' lang='lat' dir='ltr'>Nam</span> 
     </span>
    </p>
   </div>
   <div class='ocr_carea' id='block_1_43' title="bbox 2069 1218 3728 1293">
    <p class='ocr_par' dir='ltr' id='par_1_43' title="bbox 2069 1218 3728 1293">
     <span class='ocr_line' id='line_1_44' title="bbox 2069 1218 3728 1293; baseline -0.001 -17"><span class='ocrx_word' id='word_1_315' title='bbox 2069 1222 2301 1293; x_wconf 89' lang='lat' dir='ltr'>integra</span> <span class='ocrx_word' id='word_1_316' title='bbox 2344 1225 2523 1291; x_wconf 88' lang='lat' dir='ltr'>atque</span> <span class='ocrx_word' id='word_1_317' title='bbox 2554 1220 2811 1291; x_wconf 83' lang='lat' dir='ltr'>perfecta</span> <span class='ocrx_word' id='word_1_318' title='bbox 2839 1236 2975 1289; x_wconf 86' lang='lat' dir='ltr'>erga</span> <span class='ocrx_word' id='word_1_319' title='bbox 2994 1236 3084 1275; x_wconf 88' lang='lat' dir='ltr'>me</span> <span class='ocrx_word' id='word_1_320' title='bbox 3116 1218 3373 1275; x_wconf 86' lang='lat' dir='ltr'>charitas</span> <span class='ocrx_word' id='word_1_321' title='bbox 3409 1223 3525 1275; x_wconf 87' lang='lat' dir='ltr'>tam</span> <span class='ocrx_word' id='word_1_322' title='bbox 3556 1218 3728 1274; x_wconf 81' lang='lat' dir='ltr'>fortis</span> 
     </span>
    </p>
   </div>
   <div class='ocr_carea' id='block_1_44' title="bbox 2069 1309 3727 1377">
    <p class='ocr_par' dir='ltr' id='par_1_44' title="bbox 2069 1309 3727 1377">
     <span class='ocr_line' id='line_1_45' title="bbox 2069 1309 3727 1377; baseline 0 -12"><span class='ocrx_word' id='word_1_323' title='bbox 2069 1316 2179 1377; x_wconf 89' lang='lat' dir='ltr'>est,</span> <span class='ocrx_word' id='word_1_324' title='bbox 2210 1319 2294 1374; x_wconf 88' lang='lat' dir='ltr'>ut,</span> <span class='ocrx_word' id='word_1_325' title='bbox 2331 1311 2539 1365; x_wconf 90' lang='lat' dir='ltr'>mortis</span> <span class='ocrx_word' id='word_1_326' title='bbox 2562 1310 2770 1377; x_wconf 86' lang='lat' dir='ltr'>instar,</span> <span class='ocrx_word' id='word_1_327' title='bbox 2800 1326 3006 1365; x_wconf 89' lang='lat' dir='ltr'>omnes</span> <span class='ocrx_word' id='word_1_328' title='bbox 3051 1311 3123 1365; x_wconf 87' lang='lat' dir='ltr'>ad</span> <span class='ocrx_word' id='word_1_329' title='bbox 3167 1310 3389 1365; x_wconf 90' lang='lat' dir='ltr'>malum</span> <span class='ocrx_word' id='word_1_330' title='bbox 3439 1309 3727 1365; x_wconf 86' lang='lat' dir='ltr'>motiones</span> 
     </span>
    </p>
   </div>
   <div class='ocr_carea' id='block_1_45' title="bbox 2069 1398 3730 1472">
    <p class='ocr_par' dir='ltr' id='par_1_45' title="bbox 2069 1398 3730 1472">
     <span class='ocr_line' id='line_1_46' title="bbox 2069 1398 3730 1472; baseline 0 -17"><span class='ocrx_word' id='word_1_331' title='bbox 2069 1406 2244 1471; x_wconf 88' lang='lat' dir='ltr'>atque</span> <span class='ocrx_word' id='word_1_332' title='bbox 2284 1400 2543 1472; x_wconf 77' lang='lat' dir='ltr'>impetus</span> <span class='ocrx_word' id='word_1_333' title='bbox 2576 1400 2774 1455; x_wconf 89' lang='lat' dir='ltr'>sedet:</span> <span class='ocrx_word' id='word_1_334' title='bbox 2809 1398 3106 1455; x_wconf 71' lang='lat' dir='ltr'>aemulatio</span> <span class='ocrx_word' id='word_1_335' title='bbox 3128 1403 3325 1455; x_wconf 89' lang='lat' dir='ltr'>autem</span> <span class='ocrx_word' id='word_1_336' title='bbox 3357 1404 3598 1472; x_wconf 86' lang='lat' dir='ltr'>propter</span> <span class='ocrx_word' id='word_1_337' title='bbox 3637 1416 3730 1455; x_wconf 90' lang='lat' dir='ltr'>me</span> 
     </span>
    </p>
   </div>
   <div class='ocr_carea' id='block_1_46' title="bbox 2069 1487 3731 1560">
    <p class='ocr_par' dir='ltr' id='par_1_46' title="bbox 2069 1487 3731 1560">
     <span class='ocr_line' id='line_1_47' title="bbox 2069 1487 3731 1560; baseline -0.001 -15"><span class='ocrx_word' id='word_1_338' title='bbox 2069 1488 2223 1545; x_wconf 85' lang='lat' dir='ltr'>malo</span> <span class='ocrx_word' id='word_1_339' title='bbox 2256 1506 2370 1544; x_wconf 87' lang='lat' dir='ltr'>non</span> <span class='ocrx_word' id='word_1_340' title='bbox 2402 1488 2574 1556; x_wconf 89' lang='lat' dir='ltr'>cedit,</span> <span class='ocrx_word' id='word_1_341' title='bbox 2608 1489 2709 1544; x_wconf 90' lang='lat' dir='ltr'>sed</span> <span class='ocrx_word' id='word_1_342' title='bbox 2732 1494 3015 1560; x_wconf 79' lang='lat' dir='ltr'>tanquam</span> <span class='ocrx_word' id='word_1_343' title='bbox 3050 1489 3323 1544; x_wconf 90' lang='lat' dir='ltr'>infernus</span> <span class='ocrx_word' id='word_1_344' title='bbox 3376 1487 3587 1545; x_wconf 82' lang='lat' dir='ltr'>rationi</span> <span class='ocrx_word' id='word_1_345' title='bbox 3643 1506 3731 1544; x_wconf 84' lang='lat' dir='ltr'>re-</span> 
     </span>
    </p>
   </div>
   <div class='ocr_carea' id='block_1_47' title="bbox 2068 1579 3728 1652">
    <p class='ocr_par' dir='ltr' id='par_1_47' title="bbox 2068 1579 3728 1652">
     <span class='ocr_line' id='line_1_48' title="bbox 2068 1579 3728 1652; baseline -0.001 -18"><span class='ocrx_word' id='word_1_346' title='bbox 2068 1586 2397 1651; x_wconf 70' lang='lat' dir='ltr'>pugnantes</span> <span class='ocrx_word' id='word_1_347' title='bbox 2428 1583 2626 1636; x_wconf 90' lang='lat' dir='ltr'>motus</span> <span class='ocrx_word' id='word_1_348' title='bbox 2670 1579 2874 1645; x_wconf 89' lang='lat' dir='ltr'>vincit,</span> <span class='ocrx_word' id='word_1_349' title='bbox 2931 1581 3302 1652; x_wconf 87' lang='lat' dir='ltr'>vinctosque,</span> <span class='ocrx_word' id='word_1_350' title='bbox 3335 1596 3408 1636; x_wconf 88' lang='lat' dir='ltr'>ne</span> <span class='ocrx_word' id='word_1_351' title='bbox 3451 1580 3728 1652; x_wconf 85' lang='lat' dir='ltr'>progredi</span> 
     </span>
    </p>
   </div>
   <div class='ocr_carea' id='block_1_48' title="bbox 2069 1667 3723 1742">
    <p class='ocr_par' dir='ltr' id='par_1_48' title="bbox 2069 1667 3723 1742">
     <span class='ocr_line' id='line_1_49' title="bbox 2069 1667 3723 1742; baseline -0.001 -18"><span class='ocrx_word' id='word_1_352' title='bbox 2069 1668 2320 1740; x_wconf 84' lang='lat' dir='ltr'>possint,</span> <span class='ocrx_word' id='word_1_353' title='bbox 2352 1674 2599 1725; x_wconf 83' lang='lat' dir='ltr'>coercet.</span> <span class='ocrx_word' id='word_1_354' title='bbox 2631 1667 2746 1723; x_wconf 71' lang='lat' dir='ltr'>Alae</span> <span class='ocrx_word' id='word_1_355' title='bbox 2774 1668 2929 1724; x_wconf 91' lang='lat' dir='ltr'>enim</span> <span class='ocrx_word' id='word_1_356' title='bbox 2964 1671 3094 1739; x_wconf 88' lang='lat' dir='ltr'>ejus</span> <span class='ocrx_word' id='word_1_357' title='bbox 3140 1668 3242 1724; x_wconf 73' lang='lat' dir='ltr'>alae</span> <span class='ocrx_word' id='word_1_358' title='bbox 3274 1669 3470 1742; x_wconf 83' lang='lat' dir='ltr'>ignis:</span> <span class='ocrx_word' id='word_1_359' title='bbox 3524 1684 3723 1740; x_wconf 57' lang='lat' dir='ltr'>prunas</span> 
     </span>
    </p>
   </div>
   <div class='ocr_carea' id='block_1_49' title="bbox 2066 1757 3727 1830">
    <p class='ocr_par' dir='ltr' id='par_1_49' title="bbox 2066 1757 3727 1830">
     <span class='ocr_line' id='line_1_50' title="bbox 2066 1757 3727 1830; baseline 0.001 -18"><span class='ocrx_word' id='word_1_360' title='bbox 2066 1758 2242 1830; x_wconf 88' lang='lat' dir='ltr'>ignis,</span> <span class='ocrx_word' id='word_1_361' title='bbox 2268 1757 2520 1814; x_wconf 82' lang='lat' dir='ltr'>ﬂammae</span> <span class='ocrx_word' id='word_1_362' title='bbox 2543 1760 2695 1828; x_wconf 83' lang='lat' dir='ltr'>ejus.</span> <span class='ocrx_word' id='word_1_363' title='bbox 2728 1757 2917 1829; x_wconf 82' lang='lat' dir='ltr'>Opera</span> <span class='ocrx_word' id='word_1_364' title='bbox 2934 1758 3152 1830; x_wconf 84' lang='lat' dir='ltr'>quippe</span> <span class='ocrx_word' id='word_1_365' title='bbox 3181 1758 3444 1814; x_wconf 79' lang='lat' dir='ltr'>ardentis</span> <span class='ocrx_word' id='word_1_366' title='bbox 3471 1774 3611 1829; x_wconf 89' lang='lat' dir='ltr'>erga</span> <span class='ocrx_word' id='word_1_367' title='bbox 3633 1773 3727 1813; x_wconf 88' lang='lat' dir='ltr'>me</span> 
     </span>
    </p>
   </div>
   <div class='ocr_carea' id='block_1_50' title="bbox 2066 1845 3726 1919">
    <p class='ocr_par' dir='ltr' id='par_1_50' title="bbox 2066 1845 3726 1919">
     <span class='ocr_line' id='line_1_51' title="bbox 2066 1845 3726 1919; baseline -0.001 -15"><span class='ocrx_word' id='word_1_368' title='bbox 2066 1847 2371 1905; x_wconf 86' lang='lat' dir='ltr'>charitatis</span> <span class='ocrx_word' id='word_1_369' title='bbox 2403 1852 2545 1902; x_wconf 90' lang='lat' dir='ltr'>sunt</span> <span class='ocrx_word' id='word_1_370' title='bbox 2573 1846 2755 1918; x_wconf 87' lang='lat' dir='ltr'>hujus</span> <span class='ocrx_word' id='word_1_371' title='bbox 2815 1847 2939 1918; x_wconf 66' lang='lat' dir='ltr'>alae,</span> <span class='ocrx_word' id='word_1_372' title='bbox 2990 1864 3119 1919; x_wconf 64' lang='lat' dir='ltr'>qua:</span> <span class='ocrx_word' id='word_1_373' title='bbox 3175 1847 3438 1903; x_wconf 83' lang='lat' dir='ltr'>illustrat</span> <span class='ocrx_word' id='word_1_374' title='bbox 3494 1847 3554 1902; x_wconf 91' lang='lat' dir='ltr'>in</span> <span class='ocrx_word' id='word_1_375' title='bbox 3597 1845 3726 1902; x_wconf 89' lang='lat' dir='ltr'>luce</span> 
     </span>
    </p>
   </div>
   <div class='ocr_carea' id='block_1_51' title="bbox 2064 1935 3726 2008">
    <p class='ocr_par' dir='ltr' id='par_1_51' title="bbox 2064 1935 3726 2008">
     <span class='ocr_line' id='line_1_52' title="bbox 2064 1935 3726 2008; baseline -0.001 -17"><span class='ocrx_word' id='word_1_376' title='bbox 2064 1936 2327 1993; x_wconf 86' lang='lat' dir='ltr'>veritatis</span> <span class='ocrx_word' id='word_1_377' title='bbox 2381 1940 2641 1992; x_wconf 81' lang='lat' dir='ltr'>mentem</span> <span class='ocrx_word' id='word_1_378' title='bbox 2698 1952 2800 2008; x_wconf 90' lang='lat' dir='ltr'>per</span> <span class='ocrx_word' id='word_1_379' title='bbox 2873 1935 3452 2008; x_wconf 85' lang='lat' dir='ltr'>contemplationem,</span> <span class='ocrx_word' id='word_1_380' title='bbox 3546 1939 3726 2006; x_wconf 91' lang='lat' dir='ltr'>atque</span> 
     </span>
    </p>
   </div>
   <div class='ocr_carea' id='block_1_52' title="bbox 2067 2025 3725 2099">
    <p class='ocr_par' dir='ltr' id='par_1_52' title="bbox 2067 2025 3725 2099">
     <span class='ocr_line' id='line_1_53' title="bbox 2067 2025 3725 2099; baseline -0.001 -19"><span class='ocrx_word' id='word_1_381' title='bbox 2067 2026 2414 2099; x_wconf 67' lang='lat' dir='ltr'>ignorantiae</span> <span class='ocrx_word' id='word_1_382' title='bbox 2447 2026 2717 2082; x_wconf 87' lang='lat' dir='ltr'>tenebras</span> <span class='ocrx_word' id='word_1_383' title='bbox 2748 2025 3078 2095; x_wconf 89' lang='lat' dir='ltr'>discutit,et</span> <span class='ocrx_word' id='word_1_384' title='bbox 3103 2042 3207 2098; x_wconf 90' lang='lat' dir='ltr'>per</span> <span class='ocrx_word' id='word_1_385' title='bbox 3232 2026 3525 2081; x_wconf 89' lang='lat' dir='ltr'>actionem</span> <span class='ocrx_word' id='word_1_386' title='bbox 3549 2028 3725 2096; x_wconf 88' lang='lat' dir='ltr'>atque</span> 
     </span>
    </p>
   </div>
   <div class='ocr_carea' id='block_1_53' title="bbox 2065 2114 3728 2188">
    <p class='ocr_par' dir='ltr' id='par_1_53' title="bbox 2065 2114 3728 2188">
     <span class='ocr_line' id='line_1_54' title="bbox 2065 2114 3728 2188; baseline 0 -18"><span class='ocrx_word' id='word_1_387' title='bbox 2065 2132 2244 2188; x_wconf 85' lang='lat' dir='ltr'>Opera</span> <span class='ocrx_word' id='word_1_388' title='bbox 2266 2116 2679 2171; x_wconf 87' lang='lat' dir='ltr'>mandatorum</span> <span class='ocrx_word' id='word_1_389' title='bbox 2712 2115 3002 2171; x_wconf 87' lang='lat' dir='ltr'>malitiam</span> <span class='ocrx_word' id='word_1_390' title='bbox 3057 2131 3292 2171; x_wconf 91' lang='lat' dir='ltr'>omnem</span> <span class='ocrx_word' id='word_1_391' title='bbox 3326 2120 3414 2185; x_wconf 90' lang='lat' dir='ltr'>(ut</span> <span class='ocrx_word' id='word_1_392' title='bbox 3471 2114 3728 2171; x_wconf 61' lang='lat' dir='ltr'>ﬂammai</span> 
     </span>
    </p>
   </div>
   <div class='ocr_carea' id='block_1_54' title="bbox 2066 2204 3730 2273">
    <p class='ocr_par' dir='ltr' id='par_1_54' title="bbox 2066 2204 3730 2273">
     <span class='ocr_line' id='line_1_55' title="bbox 2066 2204 3730 2273; baseline 0 -14"><span class='ocrx_word' id='word_1_393' title='bbox 2066 2206 2377 2260; x_wconf 86' lang='lat' dir='ltr'>materiam</span> <span class='ocrx_word' id='word_1_394' title='bbox 2408 2222 2660 2261; x_wconf 89' lang='lat' dir='ltr'>accensu</span> <span class='ocrx_word' id='word_1_395' title='bbox 2693 2204 2947 2273; x_wconf 87' lang='lat' dir='ltr'>facilem)</span> <span class='ocrx_word' id='word_1_396' title='bbox 2980 2205 3262 2273; x_wconf 82' lang='lat' dir='ltr'>absumit,</span> <span class='ocrx_word' id='word_1_397' title='bbox 3295 2209 3353 2260; x_wconf 87' lang='lat' dir='ltr'>et</span> <span class='ocrx_word' id='word_1_398' title='bbox 3402 2204 3730 2261; x_wconf 86' lang='lat' dir='ltr'>incremen-</span> 
     </span>
    </p>
   </div>
   <div class='ocr_carea' id='block_1_55' title="bbox 2066 2294 3727 2365">
    <p class='ocr_par' dir='ltr' id='par_1_55' title="bbox 2066 2294 3727 2365">
     <span class='ocr_line' id='line_1_56' title="bbox 2066 2294 3727 2365; baseline -0.001 -16"><span class='ocrx_word' id='word_1_399' title='bbox 2066 2298 2191 2349; x_wconf 87' lang='lat' dir='ltr'>tum</span> <span class='ocrx_word' id='word_1_400' title='bbox 2225 2295 2506 2365; x_wconf 83' lang='lat' dir='ltr'>suggerit.</span> <span class='ocrx_word' id='word_1_401' title='bbox 2541 2294 2934 2356; x_wconf 84' lang='lat' dir='ltr'>Quamobrem</span> <span class='ocrx_word' id='word_1_402' title='bbox 2966 2311 3110 2364; x_wconf 90' lang='lat' dir='ltr'>aqua</span> <span class='ocrx_word' id='word_1_403' title='bbox 3139 2295 3317 2349; x_wconf 82' lang='lat' dir='ltr'>multa</span> <span class='ocrx_word' id='word_1_404' title='bbox 3363 2310 3478 2349; x_wconf 84' lang='lat' dir='ltr'>non</span> <span class='ocrx_word' id='word_1_405' title='bbox 3525 2294 3727 2365; x_wconf 82' lang='lat' dir='ltr'>poterit</span> 
     </span>
    </p>
   </div>
   <div class='ocr_carea' id='block_1_56' title="bbox 2064 2382 3725 2456">
    <p class='ocr_par' dir='ltr' id='par_1_56' title="bbox 2064 2382 3725 2456">
     <span class='ocr_line' id='line_1_57' title="bbox 2064 2382 3725 2456; baseline -0.002 -17"><span class='ocrx_word' id='word_1_406' title='bbox 2064 2386 2418 2451; x_wconf 66' lang='lat' dir='ltr'>exstinguere</span> <span class='ocrx_word' id='word_1_407' title='bbox 2481 2383 2827 2451; x_wconf 76' lang='lat' dir='ltr'>charitatem,</span> <span class='ocrx_word' id='word_1_408' title='bbox 2886 2387 2938 2438; x_wconf 91' lang='lat' dir='ltr'>et</span> <span class='ocrx_word' id='word_1_409' title='bbox 2994 2382 3238 2456; x_wconf 82' lang='lat' dir='ltr'>ﬂumina</span> <span class='ocrx_word' id='word_1_410' title='bbox 3304 2398 3413 2437; x_wconf 78' lang='lat' dir='ltr'>non</span> <span class='ocrx_word' id='word_1_411' title='bbox 3489 2382 3725 2437; x_wconf 73' lang='lat' dir='ltr'>obruent</span> 
     </span>
    </p>
   </div>
   <div class='ocr_carea' id='block_1_57' title="bbox 2064 2470 3724 2543">
    <p class='ocr_par' dir='ltr' id='par_1_57' title="bbox 2064 2470 3724 2543">
     <span class='ocr_line' id='line_1_58' title="bbox 2064 2470 3724 2543; baseline -0.001 -17"><span class='ocrx_word' id='word_1_412' title='bbox 2064 2473 2259 2543; x_wconf 73' lang='lat' dir='ltr'>ipsam.</span> <span class='ocrx_word' id='word_1_413' title='bbox 2306 2472 2578 2526; x_wconf 76' lang='lat' dir='ltr'>Fluentes</span> <span class='ocrx_word' id='word_1_414' title='bbox 2602 2470 2899 2537; x_wconf 89' lang='lat' dir='ltr'>nimirum,</span> <span class='ocrx_word' id='word_1_415' title='bbox 2959 2476 3023 2526; x_wconf 90' lang='lat' dir='ltr'>ut</span> <span class='ocrx_word' id='word_1_416' title='bbox 3081 2488 3371 2542; x_wconf 86' lang='lat' dir='ltr'>aquarum</span> <span class='ocrx_word' id='word_1_417' title='bbox 3418 2470 3599 2541; x_wconf 63' lang='lat' dir='ltr'>copim</span> <span class='ocrx_word' id='word_1_418' title='bbox 3654 2485 3724 2524; x_wconf 80' lang='lat' dir='ltr'>ex</span> 
     </span>
    </p>
   </div>
   <div class='ocr_carea' id='block_1_58' title="bbox 2066 2556 3718 2615">
    <p class='ocr_par' dir='ltr' id='par_1_58' title="bbox 2066 2556 3718 2615">
     <span class='ocr_line' id='line_1_59' title="bbox 2066 2556 3718 2615; baseline -0.002 0"><span class='ocrx_word' id='word_1_419' title='bbox 2066 2559 2449 2615; x_wconf 86' lang='lat' dir='ltr'>molestarum</span> <span class='ocrx_word' id='word_1_420' title='bbox 2482 2559 2675 2615; x_wconf 88' lang='lat' dir='ltr'>hieme</span> <span class='ocrx_word' id='word_1_421' title='bbox 2700 2560 3095 2615; x_wconf 89' lang='lat' dir='ltr'>tentationum</span> <span class='ocrx_word' id='word_1_422' title='bbox 3139 2559 3336 2614; x_wconf 68' lang='lat' dir='ltr'>multae</span> <span class='ocrx_word' id='word_1_423' title='bbox 3384 2556 3718 2613; x_wconf 88' lang='lat' dir='ltr'>tribulatio-</span> 
     </span>
    </p>
   </div>
   <div class='ocr_carea' id='block_1_59' title="bbox 2066 2636 3719 2721">
    <p class='ocr_par' dir='ltr' id='par_1_59' title="bbox 2066 2636 3719 2721">
     <span class='ocr_line' id='line_1_60' title="bbox 2066 2636 3719 2721; baseline -0.001 -17"><span class='ocrx_word' id='word_1_424' title='bbox 2066 2666 2192 2714; x_wconf 91' lang='lat' dir='ltr'>nes,</span> <span class='ocrx_word' id='word_1_425' title='bbox 2216 2654 2271 2704; x_wconf 89' lang='lat' dir='ltr'>et</span> <span class='ocrx_word' id='word_1_426' title='bbox 2301 2648 2400 2703; x_wconf 88' lang='lat' dir='ltr'>alii</span> <span class='ocrx_word' id='word_1_427' title='bbox 2433 2636 2614 2720; x_wconf 85' lang='lat' dir='ltr'>super</span> <span class='ocrx_word' id='word_1_428' title='bbox 2642 2647 2789 2703; x_wconf 86' lang='lat' dir='ltr'>alios</span> <span class='ocrx_word' id='word_1_429' title='bbox 2838 2654 3126 2721; x_wconf 88' lang='lat' dir='ltr'>tanquam</span> <span class='ocrx_word' id='word_1_430' title='bbox 3178 2647 3444 2703; x_wconf 85' lang='lat' dir='ltr'>ﬂuviales</span> <span class='ocrx_word' id='word_1_431' title='bbox 3499 2645 3719 2703; x_wconf 87' lang='lat' dir='ltr'>ﬂuctus</span> 
     </span>
    </p>
   </div>
   <div class='ocr_carea' id='block_1_60' title="bbox 2066 2735 3729 2810">
    <p class='ocr_par' dir='ltr' id='par_1_60' title="bbox 2066 2735 3729 2810">
     <span class='ocr_line' id='line_1_61' title="bbox 2066 2735 3729 2810; baseline -0.001 -17"><span class='ocrx_word' id='word_1_432' title='bbox 2066 2739 2403 2809; x_wconf 83' lang='lat' dir='ltr'>ingruentes</span> <span class='ocrx_word' id='word_1_433' title='bbox 2428 2737 3155 2810; x_wconf 87' lang='lat' dir='ltr'>earumimpetus,quibus</span> <span class='ocrx_word' id='word_1_434' title='bbox 3178 2737 3451 2809; x_wconf 72' lang='lat' dir='ltr'>nequitiae</span> <span class='ocrx_word' id='word_1_435' title='bbox 3482 2735 3729 2808; x_wconf 83' lang='lat' dir='ltr'>spiritus</span> 
     </span>
    </p>
   </div>
   <div class='ocr_carea' id='block_1_61' title="bbox 2068 2824 3725 2899">
    <p class='ocr_par' dir='ltr' id='par_1_61' title="bbox 2068 2824 3725 2899">
     <span class='ocr_line' id='line_1_62' title="bbox 2068 2824 3725 2899; baseline -0.002 -17"><span class='ocrx_word' id='word_1_436' title='bbox 2068 2828 2417 2883; x_wconf 83' lang='lat' dir='ltr'>charitatem</span> <span class='ocrx_word' id='word_1_437' title='bbox 2452 2842 2592 2899; x_wconf 89' lang='lat' dir='ltr'>erga</span> <span class='ocrx_word' id='word_1_438' title='bbox 2623 2843 2716 2881; x_wconf 91' lang='lat' dir='ltr'>me</span> <span class='ocrx_word' id='word_1_439' title='bbox 2764 2830 3053 2882; x_wconf 89' lang='lat' dir='ltr'>conantur</span> <span class='ocrx_word' id='word_1_440' title='bbox 3109 2830 3211 2881; x_wconf 91' lang='lat' dir='ltr'>aut</span> <span class='ocrx_word' id='word_1_441' title='bbox 3264 2824 3548 2882; x_wconf 86' lang='lat' dir='ltr'>radicitus</span> <span class='ocrx_word' id='word_1_442' title='bbox 3620 2841 3725 2897; x_wconf 87' lang='lat' dir='ltr'>per</span> 
     </span>
    </p>
   </div>
   <div class='ocr_carea' id='block_1_62' title="bbox 2067 2913 3731 2987">
    <p class='ocr_par' dir='ltr' id='par_1_62' title="bbox 2067 2913 3731 2987">
     <span class='ocr_line' id='line_1_63' title="bbox 2067 2913 3731 2987; baseline -0.002 -15"><span class='ocrx_word' id='word_1_443' title='bbox 2067 2916 2511 2987; x_wconf 88' lang='lat' dir='ltr'>impietatemin</span> <span class='ocrx_word' id='word_1_444' title='bbox 2544 2915 2729 2971; x_wconf 87' lang='lat' dir='ltr'>Deum</span> <span class='ocrx_word' id='word_1_445' title='bbox 2788 2915 3053 2983; x_wconf 84' lang='lat' dir='ltr'>evellere,</span> <span class='ocrx_word' id='word_1_446' title='bbox 3106 2920 3209 2971; x_wconf 90' lang='lat' dir='ltr'>aut</span> <span class='ocrx_word' id='word_1_447' title='bbox 3269 2932 3369 2987; x_wconf 89' lang='lat' dir='ltr'>per</span> <span class='ocrx_word' id='word_1_448' title='bbox 3413 2914 3613 2970; x_wconf 89' lang='lat' dir='ltr'>odium</span> <span class='ocrx_word' id='word_1_449' title='bbox 3641 2913 3731 2986; x_wconf 49' lang='lat' dir='ltr'>lin</span> 
     </span>
    </p>
   </div>
   <div class='ocr_carea' id='block_1_63' title="bbox 2068 3003 3728 3077">
    <p class='ocr_par' dir='ltr' id='par_1_63' title="bbox 2068 3003 3728 3077">
     <span class='ocr_line' id='line_1_64' title="bbox 2068 3003 3728 3077; baseline 0 -19"><span class='ocrx_word' id='word_1_450' title='bbox 2068 3005 2402 3077; x_wconf 90' lang='lat' dir='ltr'>proximum</span> <span class='ocrx_word' id='word_1_451' title='bbox 2418 3005 2799 3073; x_wconf 88' lang='lat' dir='ltr'>obruere;nec</span> <span class='ocrx_word' id='word_1_452' title='bbox 2812 3008 3131 3076; x_wconf 87' lang='lat' dir='ltr'>potuerunt</span> <span class='ocrx_word' id='word_1_453' title='bbox 3147 3005 3521 3076; x_wconf 84' lang='lat' dir='ltr'>exstinguere</span> <span class='ocrx_word' id='word_1_454' title='bbox 3536 3003 3728 3074; x_wconf 83' lang='lat' dir='ltr'>ipsam</span> 
     </span>
    </p>
   </div>
   <div class='ocr_carea' id='block_1_64' title="bbox 2071 3092 3734 3166">
    <p class='ocr_par' dir='ltr' id='par_1_64' title="bbox 2071 3092 3734 3166">
     <span class='ocr_line' id='line_1_65' title="bbox 2071 3092 3734 3166; baseline -0.002 -17"><span class='ocrx_word' id='word_1_455' title='bbox 2071 3111 2173 3166; x_wconf 90' lang='lat' dir='ltr'>per</span> <span class='ocrx_word' id='word_1_456' title='bbox 2206 3094 2660 3165; x_wconf 87' lang='lat' dir='ltr'>blasphemiam,</span> <span class='ocrx_word' id='word_1_457' title='bbox 2689 3110 2793 3149; x_wconf 90' lang='lat' dir='ltr'>nec</span> <span class='ocrx_word' id='word_1_458' title='bbox 2826 3094 3072 3149; x_wconf 91' lang='lat' dir='ltr'>obruere</span> <span class='ocrx_word' id='word_1_459' title='bbox 3131 3100 3308 3165; x_wconf 85' lang='lat' dir='ltr'>atque</span> <span class='ocrx_word' id='word_1_460' title='bbox 3355 3092 3586 3149; x_wconf 84' lang='lat' dir='ltr'>abolere</span> <span class='ocrx_word' id='word_1_461' title='bbox 3630 3108 3734 3164; x_wconf 88' lang='lat' dir='ltr'>per</span> 
     </span>
    </p>
   </div>
   <div class='ocr_carea' id='block_1_65' title="bbox 2070 3181 3726 3255">
    <p class='ocr_par' dir='ltr' id='par_1_65' title="bbox 2070 3181 3726 3255">
     <span class='ocr_line' id='line_1_66' title="bbox 2070 3181 3726 3255; baseline -0.002 -17"><span class='ocrx_word' id='word_1_462' title='bbox 2070 3189 2473 3255; x_wconf 90' lang='lat' dir='ltr'>contemptum</span> <span class='ocrx_word' id='word_1_463' title='bbox 2520 3183 2955 3251; x_wconf 82' lang='lat' dir='ltr'>mandatorum,</span> <span class='ocrx_word' id='word_1_464' title='bbox 3008 3200 3136 3254; x_wconf 59' lang='lat' dir='ltr'>quae</span> <span class='ocrx_word' id='word_1_465' title='bbox 3194 3181 3540 3238; x_wconf 90' lang='lat' dir='ltr'>charitatem</span> <span class='ocrx_word' id='word_1_466' title='bbox 3596 3186 3726 3235; x_wconf 91' lang='lat' dir='ltr'>tum</span> 
     </span>
    </p>
   </div>
   <div class='ocr_carea' id='block_1_66' title="bbox 302 3257 1960 3344">
    <p class='ocr_par' dir='ltr' id='par_1_66' title="bbox 302 3262 1955 3343">
     <span class='ocr_line' id='line_1_67' title="bbox 302 3262 1955 3343; baseline -0.003 -20"><span class='ocrx_word' id='word_1_467' title='bbox 302 3266 414 3341; x_wconf 81' lang='grc' dir='ltr'>δῴη</span> <span class='ocrx_word' id='word_1_468' title='bbox 480 3270 616 3343; x_wconf 75' lang='grc' dir='ltr'>ἀνὴρ</span> <span class='ocrx_word' id='word_1_469' title='bbox 673 3268 766 3322; x_wconf 88' lang='grc' dir='ltr'>τὸν</span> <span class='ocrx_word' id='word_1_470' title='bbox 817 3265 988 3322; x_wconf 87' lang='grc' dir='ltr'>πάντα</span> <span class='ocrx_word' id='word_1_471' title='bbox 1036 3265 1149 3342; x_wconf 83' lang='grc' dir='ltr'>βίον</span> <span class='ocrx_word' id='word_1_472' title='bbox 1208 3264 1373 3320; x_wconf 73' lang='grc' dir='ltr'>αὐτοῦ</span> <span class='ocrx_word' id='word_1_473' title='bbox 1422 3263 1474 3319; x_wconf 80' lang='grc' dir='ltr'>έν</span> <span class='ocrx_word' id='word_1_474' title='bbox 1528 3269 1596 3339; x_wconf 78' lang='grc' dir='ltr'>τῇ</span> <span class='ocrx_word' id='word_1_475' title='bbox 1630 3262 1832 3339; x_wconf 80' lang='grc' dir='ltr'>ἀγάπῃ,</span> <span class='ocrx_word' id='word_1_476' title='bbox 1869 3263 1955 3334; x_wconf 72' lang='grc' dir='ltr'>ἰξ-</span> 
     </span>
    </p>
   </div>
   <div class='ocr_carea' id='block_1_67' title="bbox 2075 3257 3727 3344">
    <p class='ocr_par' dir='ltr' id='par_1_67' title="bbox 2075 3269 3727 3344">
     <span class='ocr_line' id='line_1_68' title="bbox 2075 3269 3727 3344; baseline -0.003 -16"><span class='ocrx_word' id='word_1_477' title='bbox 2075 3290 2208 3344; x_wconf 87' lang='lat' dir='ltr'>erga</span> <span class='ocrx_word' id='word_1_478' title='bbox 2238 3290 2333 3328; x_wconf 89' lang='lat' dir='ltr'>me</span> <span class='ocrx_word' id='word_1_479' title='bbox 2363 3271 2824 3339; x_wconf 87' lang='lat' dir='ltr'>declarant,tum</span> <span class='ocrx_word' id='word_1_480' title='bbox 2854 3271 3166 3335; x_wconf 86' lang='lat' dir='ltr'>perﬁciunt</span> <span class='ocrx_word' id='word_1_481' title='bbox 3198 3287 3336 3343; x_wconf 88' lang='lat' dir='ltr'>erga</span> <span class='ocrx_word' id='word_1_482' title='bbox 3372 3269 3727 3342; x_wconf 85' lang='lat' dir='ltr'>proximum,</span> 
     </span>
    </p>
   </div>
   <div class='ocr_carea' id='block_1_68' title="bbox 303 3350 1961 3427">
    <p class='ocr_par' dir='ltr' id='par_1_68' title="bbox 303 3350 1961 3427">
     <span class='ocr_line' id='line_1_69' title="bbox 303 3350 1961 3427; baseline -0.003 -15"><span class='ocrx_word' id='word_1_483' title='bbox 303 3355 586 3412; x_wconf 60' lang='grc' dir='ltr'>ουδενώσει</span> <span class='ocrx_word' id='word_1_484' title='bbox 664 3353 1106 3427; x_wconf 80' lang='grc' dir='ltr'>έξουδενώσουσιν</span> <span class='ocrx_word' id='word_1_485' title='bbox 1163 3353 1322 3408; x_wconf 84' lang='grc' dir='ltr'>αὐτόν</span> <span class='ocrx_word' id='word_1_486' title='bbox 1358 3375 1371 3386; x_wconf 90' lang='grc'><strong>·</strong></span> <span class='ocrx_word' id='word_1_487' title='bbox 1425 3350 1728 3423; x_wconf 83' lang='grc' dir='ltr'>δηλονότι,</span> <span class='ocrx_word' id='word_1_488' title='bbox 1790 3352 1875 3406; x_wconf 72' lang='grc' dir='ltr'>ἐὰν</span> <span class='ocrx_word' id='word_1_489' title='bbox 1933 3353 1961 3407; x_wconf 87' lang='grc' dir='ltr'>ὁ</span> 
     </span>
    </p>
   </div>
   <div class='ocr_carea' id='block_1_69' title="bbox 309 3440 1963 3521">
    <p class='ocr_par' dir='ltr' id='par_1_69' title="bbox 309 3440 1963 3521">
     <span class='ocr_line' id='line_1_70' title="bbox 309 3440 1963 3521; baseline -0.004 -19"><span class='ocrx_word' id='word_1_490' title='bbox 309 3448 382 3520; x_wconf 76' lang='grc' dir='ltr'>μὴ</span> <span class='ocrx_word' id='word_1_491' title='bbox 408 3451 477 3521; x_wconf 80' lang='grc' dir='ltr'>τῇ</span> <span class='ocrx_word' id='word_1_492' title='bbox 497 3450 606 3502; x_wconf 83' lang='grc' dir='ltr'>τῶν</span> <span class='ocrx_word' id='word_1_493' title='bbox 645 3444 994 3521; x_wconf 85' lang='grc' dir='ltr'>προσκαίρων</span> <span class='ocrx_word' id='word_1_494' title='bbox 1028 3442 1205 3518; x_wconf 79' lang='grc' dir='ltr'>ἀπάτῃ</span> <span class='ocrx_word' id='word_1_495' title='bbox 1231 3440 1681 3516; x_wconf 74' lang='grc' dir='ltr'>ἒκθηλυνόμενος,</span> <span class='ocrx_word' id='word_1_496' title='bbox 1703 3442 1963 3521; x_wconf 66' lang='grc' dir='ltr'>παράσχῃ</span> 
     </span>
    </p>
   </div>
   <div class='ocr_carea' id='block_1_70' title="bbox 313 3529 1960 3609">
    <p class='ocr_par' dir='ltr' id='par_1_70' title="bbox 313 3529 1960 3609">
     <span class='ocr_line' id='line_1_71' title="bbox 313 3529 1960 3609; baseline -0.003 -19"><span class='ocrx_word' id='word_1_497' title='bbox 313 3542 426 3599; x_wconf 83' lang='grc' dir='ltr'>τοῖς</span> <span class='ocrx_word' id='word_1_498' title='bbox 487 3533 771 3609; x_wconf 79' lang='grc' dir='ltr'>δεομένοις</span> <span class='ocrx_word' id='word_1_499' title='bbox 829 3533 1003 3588; x_wconf 88' lang='grc' dir='ltr'>πάντα</span> <span class='ocrx_word' id='word_1_500' title='bbox 1054 3533 1121 3588; x_wconf 76' lang='grc' dir='ltr'>τὰ</span> <span class='ocrx_word' id='word_1_501' title='bbox 1173 3533 1489 3607; x_wconf 79' lang='grc' dir='ltr'>ὑπάρχοντα</span> <span class='ocrx_word' id='word_1_502' title='bbox 1546 3531 1692 3605; x_wconf 78' lang='grc' dir='ltr'>αύτῷ</span> <span class='ocrx_word' id='word_1_503' title='bbox 1724 3529 1813 3586; x_wconf 77' lang='grc' dir='ltr'>διὰ</span> <span class='ocrx_word' id='word_1_504' title='bbox 1860 3533 1960 3601; x_wconf 75' lang='grc' dir='ltr'>τὴν</span> 
     </span>
    </p>
   </div>
   <div class='ocr_carea' id='block_1_71' title="bbox 312 3620 1963 3700">
    <p class='ocr_par' dir='ltr' id='par_1_71' title="bbox 312 3620 1963 3700">
     <span class='ocr_line' id='line_1_72' title="bbox 312 3620 1963 3700; baseline -0.002 -21"><span class='ocrx_word' id='word_1_505' title='bbox 312 3625 447 3700; x_wconf 89' lang='grc' dir='ltr'>πρός</span> <span class='ocrx_word' id='word_1_506' title='bbox 511 3646 576 3698; x_wconf 90' lang='grc' dir='ltr'>με</span> <span class='ocrx_word' id='word_1_507' title='bbox 635 3623 872 3700; x_wconf 84' lang='grc' dir='ltr'>ἀγάπην,</span> <span class='ocrx_word' id='word_1_508' title='bbox 934 3622 1245 3694; x_wconf 75' lang='grc' dir='ltr'>εὑτελισμῷ</span> <span class='ocrx_word' id='word_1_509' title='bbox 1303 3620 1667 3676; x_wconf 82' lang='grc' dir='ltr'>εύτελίσουσιν</span> <span class='ocrx_word' id='word_1_510' title='bbox 1718 3621 1876 3676; x_wconf 81' lang='grc' dir='ltr'>αὐτὸν</span> <span class='ocrx_word' id='word_1_511' title='bbox 1909 3623 1963 3675; x_wconf 74' lang='grc' dir='ltr'>αἱ</span> 
     </span>
    </p>
   </div>
   <div class='ocr_carea' id='block_1_72' title="bbox 319 3701 1960 3785">
    <p class='ocr_par' dir='ltr' id='par_1_72' title="bbox 319 3701 1960 3785">
     <span class='ocr_line' id='line_1_73' title="bbox 319 3701 1960 3785; baseline -0.002 -19"><span class='ocrx_word' id='word_1_512' title='bbox 319 3701 677 3785; x_wconf 84' lang='grc' dir='ltr'>ἀντικείμεναι</span> <span class='ocrx_word' id='word_1_513' title='bbox 711 3709 987 3785; x_wconf 86' lang='grc' dir='ltr'>δυνάμεις·</span> <span class='ocrx_word' id='word_1_514' title='bbox 1038 3713 1253 3772; x_wconf 87' lang='grc' dir='ltr'>πάντως</span> <span class='ocrx_word' id='word_1_515' title='bbox 1313 3711 1359 3783; x_wconf 79' lang='grc' dir='ltr'>ᾧ</span> <span class='ocrx_word' id='word_1_516' title='bbox 1416 3712 1506 3766; x_wconf 88' lang='grc' dir='ltr'>τὸν</span> <span class='ocrx_word' id='word_1_517' title='bbox 1544 3706 1671 3766; x_wconf 76' lang='grc' dir='ltr'>Ἰὼϐ</span> <span class='ocrx_word' id='word_1_518' title='bbox 1707 3710 1840 3783; x_wconf 84' lang='grc' dir='ltr'>μετά</span> <span class='ocrx_word' id='word_1_519' title='bbox 1860 3711 1960 3778; x_wconf 75' lang='grc' dir='ltr'>τὴν</span> 
     </span>
    </p>
   </div>
   <div class='ocr_carea' id='block_1_73' title="bbox 310 3798 1966 3878">
    <p class='ocr_par' dir='ltr' id='par_1_73' title="bbox 310 3798 1966 3878">
     <span class='ocr_line' id='line_1_74' title="bbox 310 3798 1966 3878; baseline -0.002 -23"><span class='ocrx_word' id='word_1_520' title='bbox 310 3800 584 3878; x_wconf 75' lang='grc' dir='ltr'>ἀφαίρεσιν</span> <span class='ocrx_word' id='word_1_521' title='bbox 638 3801 839 3864; x_wconf 80' lang='grc' dir='ltr'>παντὸς</span> <span class='ocrx_word' id='word_1_522' title='bbox 892 3805 990 3856; x_wconf 74' lang='grc' dir='ltr'>τοῦ</span> <span class='ocrx_word' id='word_1_523' title='bbox 1049 3799 1311 3870; x_wconf 74' lang='grc' dir='ltr'>αἰσθητοῦ</span> <span class='ocrx_word' id='word_1_524' title='bbox 1343 3799 1586 3855; x_wconf 85' lang='grc' dir='ltr'>πλούτου</span> <span class='ocrx_word' id='word_1_525' title='bbox 1616 3800 1783 3854; x_wconf 78' lang='grc' dir='ltr'>αὐτοῦ</span> <span class='ocrx_word' id='word_1_526' title='bbox 1816 3798 1966 3871; x_wconf 77' lang='grc' dir='ltr'>ἐξηυ-</span> 
     </span>
    </p>
   </div>
   <div class='ocr_carea' id='block_1_74' title="bbox 308 3884 1961 3963">
    <p class='ocr_par' dir='ltr' id='par_1_74' title="bbox 308 3884 1961 3963">
     <span class='ocr_line' id='line_1_75' title="bbox 308 3884 1961 3963; baseline -0.001 -19"><span class='ocrx_word' id='word_1_527' title='bbox 308 3887 546 3963; x_wconf 79' lang='grc' dir='ltr'>τέλισαν,</span> <span class='ocrx_word' id='word_1_528' title='bbox 612 3890 983 3963; x_wconf 78' lang='grc' dir='ltr'>έξαιτούμεναι</span> <span class='ocrx_word' id='word_1_529' title='bbox 1036 3893 1226 3944; x_wconf 71' lang='grc' dir='ltr'>τοῦτον</span> <span class='ocrx_word' id='word_1_530' title='bbox 1284 3890 1374 3943; x_wconf 84' lang='grc' dir='ltr'>ἀπ’</span> <span class='ocrx_word' id='word_1_531' title='bbox 1434 3884 1570 3960; x_wconf 76' lang='grc' dir='ltr'>ἔμοῦ</span> <span class='ocrx_word' id='word_1_532' title='bbox 1603 3889 1678 3950; x_wconf 83' lang='grc' dir='ltr'>εἷς</span> <span class='ocrx_word' id='word_1_533' title='bbox 1711 3886 1961 3962; x_wconf 81' lang='grc' dir='ltr'>δοκίμιον</span> 
     </span>
    </p>
   </div>
   <div class='ocr_carea' id='block_1_75' title="bbox 311 3975 1966 4056">
    <p class='ocr_par' dir='ltr' id='par_1_75' title="bbox 311 3975 1966 4056">
     <span class='ocr_line' id='line_1_76' title="bbox 311 3975 1966 4056; baseline -0.001 -23"><span class='ocrx_word' id='word_1_534' title='bbox 311 3984 418 4034; x_wconf 74' lang='grc' dir='ltr'>τῶν</span> <span class='ocrx_word' id='word_1_535' title='bbox 476 3978 564 4035; x_wconf 74' lang='grc' dir='ltr'>διὰ</span> <span class='ocrx_word' id='word_1_536' title='bbox 622 3980 817 4054; x_wconf 85' lang='grc' dir='ltr'>σαρκὸς</span> <span class='ocrx_word' id='word_1_537' title='bbox 850 3977 1079 4049; x_wconf 80' lang='grc' dir='ltr'>ὀδυνῶν,</span> <span class='ocrx_word' id='word_1_538' title='bbox 1134 3978 1223 4034; x_wconf 84' lang='grc' dir='ltr'>καὶ</span> <span class='ocrx_word' id='word_1_539' title='bbox 1275 3977 1401 4042; x_wconf 74' lang='grc' dir='ltr'>τοὺς</span> <span class='ocrx_word' id='word_1_540' title='bbox 1440 3975 1633 4056; x_wconf 79' lang='grc' dir='ltr'>φίλους</span> <span class='ocrx_word' id='word_1_541' title='bbox 1668 3976 1829 4032; x_wconf 74' lang='grc' dir='ltr'>αὐτοῦ</span> <span class='ocrx_word' id='word_1_542' title='bbox 1889 3979 1966 4040; x_wconf 74' lang='grc' dir='ltr'>εἷς</span> 
     </span>
    </p>
   </div>
   <div class='ocr_carea' id='block_1_76' title="bbox 311 4066 1962 4145">
    <p class='ocr_par' dir='ltr' id='par_1_76' title="bbox 311 4066 1962 4145">
     <span class='ocr_line' id='line_1_77' title="bbox 311 4066 1962 4145; baseline -0.001 -22"><span class='ocrx_word' id='word_1_543' title='bbox 311 4067 507 4124; x_wconf 83' lang='grc' dir='ltr'>τούτου</span> <span class='ocrx_word' id='word_1_544' title='bbox 561 4066 866 4143; x_wconf 84' lang='grc' dir='ltr'>ὀνειδισμὸν</span> <span class='ocrx_word' id='word_1_545' title='bbox 918 4067 1309 4145; x_wconf 79' lang='grc' dir='ltr'>ἐπεγείρουσαι.</span> <span class='ocrx_word' id='word_1_546' title='bbox 1371 4071 1553 4125; x_wconf 82' lang='grc' dir='ltr'>Ταῦτα</span> <span class='ocrx_word' id='word_1_547' title='bbox 1600 4068 1778 4122; x_wconf 87' lang='grc' dir='ltr'>τοίνυν</span> <span class='ocrx_word' id='word_1_548' title='bbox 1831 4066 1962 4137; x_wconf 72' lang='grc' dir='ltr'>σῦτὴ</span> 
     </span>
    </p>
   </div>
   <div class='ocr_carea' id='block_1_77' title="bbox 310 4155 1961 4233">
    <p class='ocr_par' dir='ltr' id='par_1_77' title="bbox 310 4155 1961 4233">
     <span class='ocr_line' id='line_1_78' title="bbox 310 4155 1961 4233; baseline -0.001 -20"><span class='ocrx_word' id='word_1_549' title='bbox 310 4157 509 4228; x_wconf 81' lang='grc' dir='ltr'>εἰδυῖα,</span> <span class='ocrx_word' id='word_1_550' title='bbox 568 4158 688 4214; x_wconf 72' lang='grc' dir='ltr'>ὅταν</span> <span class='ocrx_word' id='word_1_551' title='bbox 754 4158 929 4220; x_wconf 86' lang='grc' dir='ltr'>πάσας</span> <span class='ocrx_word' id='word_1_552' title='bbox 990 4178 1094 4231; x_wconf 75' lang='grc' dir='ltr'>μοι)</span> <span class='ocrx_word' id='word_1_553' title='bbox 1177 4157 1272 4221; x_wconf 81' lang='grc' dir='ltr'>τὰς</span> <span class='ocrx_word' id='word_1_554' title='bbox 1342 4155 1565 4219; x_wconf 73' lang='grc' dir='ltr'>ἐντολὰς</span> <span class='ocrx_word' id='word_1_555' title='bbox 1617 4161 1817 4233; x_wconf 78' lang='grc' dir='ltr'>τηρῇς,</span> <span class='ocrx_word' id='word_1_556' title='bbox 1876 4158 1961 4212; x_wconf 87' lang='grc' dir='ltr'>καὶ</span> 
     </span>
    </p>
   </div>
   <div class='ocr_carea' id='block_1_78' title="bbox 309 4245 1964 4322">
    <p class='ocr_par' dir='ltr' id='par_1_78' title="bbox 309 4245 1964 4322">
     <span class='ocr_line' id='line_1_79' title="bbox 309 4245 1964 4322; baseline -0.002 -19"><span class='ocrx_word' id='word_1_557' title='bbox 309 4245 476 4318; x_wconf 82' lang='grc' dir='ltr'>ὀδύνη</span> <span class='ocrx_word' id='word_1_558' title='bbox 533 4270 617 4304; x_wconf 89' lang='grc' dir='ltr'>σοι</span> <span class='ocrx_word' id='word_1_559' title='bbox 674 4247 878 4322; x_wconf 74' lang='grc' dir='ltr'>ἐπέλθῃ</span> <span class='ocrx_word' id='word_1_560' title='bbox 941 4248 1138 4322; x_wconf 86' lang='grc' dir='ltr'>σαρκὸς</span> <span class='ocrx_word' id='word_1_561' title='bbox 1208 4247 1346 4302; x_wconf 86' lang='grc' dir='ltr'>κατά</span> <span class='ocrx_word' id='word_1_562' title='bbox 1395 4247 1746 4322; x_wconf 68' lang='grc' dir='ltr'>συγχώρπσιν</span> <span class='ocrx_word' id='word_1_563' title='bbox 1803 4246 1964 4319; x_wconf 72' lang='grc' dir='ltr'>ἐμὴν,</span> 
     </span>
    </p>
   </div>
   <div class='ocr_carea' id='block_1_79' title="bbox 304 4331 1964 4414">
    <p class='ocr_par' dir='ltr' id='par_1_79' title="bbox 304 4331 1964 4414">
     <span class='ocr_line' id='line_1_80' title="bbox 304 4331 1964 4414; baseline -0.001 -22"><span class='ocrx_word' id='word_1_564' title='bbox 304 4337 537 4414; x_wconf 82' lang='grc' dir='ltr'>γίνωσκε</span> <span class='ocrx_word' id='word_1_565' title='bbox 561 4337 625 4393; x_wconf 84' lang='grc' dir='ltr'>τὸ</span> <span class='ocrx_word' id='word_1_566' title='bbox 653 4341 903 4392; x_wconf 79' lang='grc' dir='ltr'>τοιοῦτον</span> <span class='ocrx_word' id='word_1_567' title='bbox 937 4331 1342 4410; x_wconf 67' lang='grc' dir='ltr'>έπεσυμϐαίνειν</span> <span class='ocrx_word' id='word_1_568' title='bbox 1377 4357 1482 4408; x_wconf 79' lang='grc' dir='ltr'>σοι⁹</span> <span class='ocrx_word' id='word_1_569' title='bbox 1510 4334 1604 4390; x_wconf 61' lang='grc' dir='ltr'>τίνα</span> <span class='ocrx_word' id='word_1_570' title='bbox 1639 4356 1735 4390; x_wconf 92' lang='grc' dir='ltr'>σου</span> <span class='ocrx_word' id='word_1_571' title='bbox 1767 4338 1801 4405; x_wconf 78' lang='grc' dir='ltr'>ἡ</span> <span class='ocrx_word' id='word_1_572' title='bbox 1830 4336 1964 4408; x_wconf 82' lang='grc' dir='ltr'>πρὸς</span> 
     </span>
    </p>
   </div>
   <div class='ocr_carea' id='block_1_80' title="bbox 305 4423 1968 4502">
    <p class='ocr_par' dir='ltr' id='par_1_80' title="bbox 305 4423 1968 4502">
     <span class='ocr_line' id='line_1_81' title="bbox 305 4423 1968 4502; baseline -0.001 -20"><span class='ocrx_word' id='word_1_573' title='bbox 305 4427 404 4499; x_wconf 74' lang='grc' dir='ltr'>ἐμὲ</span> <span class='ocrx_word' id='word_1_574' title='bbox 429 4426 613 4502; x_wconf 81' lang='grc' dir='ltr'>ἀγάπη</span> <span class='ocrx_word' id='word_1_575' title='bbox 647 4434 779 4482; x_wconf 75' lang='grc' dir='ltr'>πᾶσι</span> <span class='ocrx_word' id='word_1_576' title='bbox 811 4423 1122 4496; x_wconf 85' lang='grc' dir='ltr'>καταδηλος</span> <span class='ocrx_word' id='word_1_577' title='bbox 1145 4424 1477 4499; x_wconf 81' lang='grc' dir='ltr'>γένηται,μή</span> <span class='ocrx_word' id='word_1_578' title='bbox 1512 4423 1832 4496; x_wconf 69' lang='grc' dir='ltr'>ινδιδούσης</span> <span class='ocrx_word' id='word_1_579' title='bbox 1851 4431 1968 4488; x_wconf 83' lang='grc' dir='ltr'>τοῖς</span> 
     </span>
    </p>
   </div>
   <div class='ocr_carea' id='block_1_81' title="bbox 303 4512 1966 4594">
    <p class='ocr_par' dir='ltr' id='par_1_81' title="bbox 303 4512 1966 4594">
     <span class='ocr_line' id='line_1_82' title="bbox 303 4512 1966 4594; baseline -0.002 -22"><span class='ocrx_word' id='word_1_580' title='bbox 303 4522 655 4594; x_wconf 82' lang='grc' dir='ltr'>πειρασμοῖς,</span> <span class='ocrx_word' id='word_1_581' title='bbox 685 4515 777 4571; x_wconf 80' lang='grc' dir='ltr'>καὶ</span> <span class='ocrx_word' id='word_1_582' title='bbox 808 4516 937 4593; x_wconf 78' lang='grc' dir='ltr'>οὐχὶ</span> <span class='ocrx_word' id='word_1_583' title='bbox 969 4512 1059 4570; x_wconf 76' lang='grc' dir='ltr'>διὰ</span> <span class='ocrx_word' id='word_1_584' title='bbox 1107 4512 1169 4569; x_wconf 80' lang='grc' dir='ltr'>τὸ</span> <span class='ocrx_word' id='word_1_585' title='bbox 1232 4515 1308 4587; x_wconf 79' lang='grc' dir='ltr'>μή</span> <span class='ocrx_word' id='word_1_586' title='bbox 1372 4514 1506 4569; x_wconf 81' lang='grc' dir='ltr'>εἶναι</span> <span class='ocrx_word' id='word_1_587' title='bbox 1562 4514 1818 4587; x_wconf 79' lang='grc' dir='ltr'>πρόνοιαν</span> <span class='ocrx_word' id='word_1_588' title='bbox 1878 4514 1966 4570; x_wconf 68' lang='grc' dir='ltr'>ἐπὶ</span> 
     </span>
    </p>
   </div>
   <div class='ocr_carea' id='block_1_82' title="bbox 301 4603 822 4677">
    <p class='ocr_par' dir='ltr' id='par_1_82' title="bbox 301 4603 822 4677">
     <span class='ocr_line' id='line_1_83' title="bbox 301 4603 822 4677; baseline 0.002 -16"><span class='ocrx_word' id='word_1_589' title='bbox 301 4605 478 4662; x_wconf 88' lang='grc' dir='ltr'>πάντα</span> <span class='ocrx_word' id='word_1_590' title='bbox 509 4603 822 4677; x_wconf 81' lang='grc' dir='ltr'>διήκουσαν.</span> 
     </span>
    </p>
   </div>
   <div class='ocr_carea' id='block_1_83' title="bbox 382 4780 1965 4864">
    <p class='ocr_par' dir='ltr' id='par_1_83' title="bbox 382 4780 1965 4864">
     <span class='ocr_line' id='line_1_84' title="bbox 382 4780 1965 4864; baseline -0.003 -23"><span class='ocrx_word' id='word_1_591' title='bbox 382 4783 626 4864; x_wconf 83' lang='grc' dir='ltr'>Ἀδελφή</span> <span class='ocrx_word' id='word_1_592' title='bbox 698 4786 861 4858; x_wconf 78' lang='grc' dir='ltr'>ἡμῶν</span> <span class='ocrx_word' id='word_1_593' title='bbox 938 4784 1131 4860; x_wconf 78' lang='grc' dir='ltr'>μικρὰ,</span> <span class='ocrx_word' id='word_1_594' title='bbox 1209 4782 1300 4838; x_wconf 81' lang='grc' dir='ltr'>καὶ</span> <span class='ocrx_word' id='word_1_595' title='bbox 1379 4780 1615 4856; x_wconf 82' lang='grc' dir='ltr'>μαστοὺς</span> <span class='ocrx_word' id='word_1_596' title='bbox 1676 4782 1779 4837; x_wconf 82' lang='grc' dir='ltr'>οὐκ</span> <span class='ocrx_word' id='word_1_597' title='bbox 1827 4780 1965 4858; x_wconf 72' lang='grc' dir='ltr'>ἔχει.</span> 
     </span>
    </p>
   </div>
   <div class='ocr_carea' id='block_1_84' title="bbox 303 4870 1966 4949">
    <p class='ocr_par' dir='ltr' id='par_1_84' title="bbox 303 4870 1966 4949">
     <span class='ocr_line' id='line_1_85' title="bbox 303 4870 1966 4949; baseline -0.003 -19"><span class='ocrx_word' id='word_1_598' title='bbox 303 4875 366 4929; x_wconf 88' lang='grc' dir='ltr'>Τί</span> <span class='ocrx_word' id='word_1_599' title='bbox 438 4877 761 4949; x_wconf 83' lang='grc' dir='ltr'>ποιήσωμεν</span> <span class='ocrx_word' id='word_1_600' title='bbox 837 4878 906 4949; x_wconf 81' lang='grc' dir='ltr'>τῇ</span> <span class='ocrx_word' id='word_1_601' title='bbox 982 4871 1195 4949; x_wconf 77' lang='grc' dir='ltr'>ἀδελφῇ</span> <span class='ocrx_word' id='word_1_602' title='bbox 1254 4874 1415 4946; x_wconf 78' lang='grc' dir='ltr'>ἡμῶν</span> <span class='ocrx_word' id='word_1_603' title='bbox 1464 4870 1515 4926; x_wconf 79' lang='grc' dir='ltr'>έν</span> <span class='ocrx_word' id='word_1_604' title='bbox 1572 4872 1753 4947; x_wconf 74' lang='grc' dir='ltr'>ἡμέρα</span> <span class='ocrx_word' id='word_1_605' title='bbox 1908 4870 1966 4926; x_wconf 77' lang='grc' dir='ltr'>ἂν</span> 
     </span>
    </p>
   </div>
   <div class='ocr_carea' id='block_1_85' title="bbox 308 4959 1968 5039">
    <p class='ocr_par' dir='ltr' id='par_1_85' title="bbox 308 4959 1968 5039">
     <span class='ocr_line' id='line_1_86' title="bbox 308 4959 1968 5039; baseline -0.002 -18"><span class='ocrx_word' id='word_1_606' title='bbox 308 4963 539 5038; x_wconf 74' lang='grc' dir='ltr'>λαληθῇ</span> <span class='ocrx_word' id='word_1_607' title='bbox 599 4964 651 5019; x_wconf 79' lang='grc' dir='ltr'>ἐν</span> <span class='ocrx_word' id='word_1_608' title='bbox 713 4964 890 5038; x_wconf 80' lang='grc' dir='ltr'>αύτῇ;</span> <span class='ocrx_word' id='word_1_609' title='bbox 943 4963 1008 5019; x_wconf 72' lang='grc' dir='ltr'>Εἰ</span> <span class='ocrx_word' id='word_1_610' title='bbox 1062 4963 1254 5039; x_wconf 86' lang='grc' dir='ltr'>τεῖχός</span> <span class='ocrx_word' id='word_1_611' title='bbox 1306 4963 1466 5027; x_wconf 69' lang='grc' dir='ltr'>ἔστιν,</span> <span class='ocrx_word' id='word_1_612' title='bbox 1524 4959 1968 5035; x_wconf 77' lang='grc' dir='ltr'>οἰκοδομήσομεν</span> 
     </span>
    </p>
   </div>
   <div class='ocr_carea' id='block_1_86' title="bbox 308 5051 1970 5129">
    <p class='ocr_par' dir='ltr' id='par_1_86' title="bbox 308 5051 1970 5129">
     <span class='ocr_line' id='line_1_87' title="bbox 308 5051 1970 5129; baseline -0.002 -19"><span class='ocrx_word' id='word_1_613' title='bbox 308 5056 399 5111; x_wconf 66' lang='grc' dir='ltr'>ἀπ’</span> <span class='ocrx_word' id='word_1_614' title='bbox 430 5054 598 5124; x_wconf 78' lang='grc' dir='ltr'>αὐτὴν</span> <span class='ocrx_word' id='word_1_615' title='bbox 633 5052 882 5127; x_wconf 66' lang='grc' dir='ltr'>ἐπάλξεις</span> <span class='ocrx_word' id='word_1_616' title='bbox 914 5055 1172 5129; x_wconf 81' lang='grc' dir='ltr'>ἀργυρᾶς·</span> <span class='ocrx_word' id='word_1_617' title='bbox 1206 5054 1298 5108; x_wconf 81' lang='grc' dir='ltr'>καὶ</span> <span class='ocrx_word' id='word_1_618' title='bbox 1329 5052 1374 5106; x_wconf 84' lang='grc' dir='ltr'>εί</span> <span class='ocrx_word' id='word_1_619' title='bbox 1406 5052 1541 5128; x_wconf 81' lang='grc' dir='ltr'>Θύρα</span> <span class='ocrx_word' id='word_1_620' title='bbox 1579 5051 1710 5119; x_wconf 79' lang='grc' dir='ltr'>ἐστὶ,</span> <span class='ocrx_word' id='word_1_621' title='bbox 1747 5053 1970 5128; x_wconf 81' lang='grc' dir='ltr'>διαγρά-</span> 
     </span>
    </p>
   </div>
   <div class='ocr_carea' id='block_1_87' title="bbox 310 5139 1327 5219">
    <p class='ocr_par' dir='ltr' id='par_1_87' title="bbox 310 5139 1327 5219">
     <span class='ocr_line' id='line_1_88' title="bbox 310 5139 1327 5219; baseline -0.002 -20"><span class='ocrx_word' id='word_1_622' title='bbox 310 5148 491 5219; x_wconf 81' lang='grc' dir='ltr'>ψομεν</span> <span class='ocrx_word' id='word_1_623' title='bbox 528 5144 612 5198; x_wconf 69' lang='grc' dir='ltr'>ἐπ’</span> <span class='ocrx_word' id='word_1_624' title='bbox 643 5144 810 5213; x_wconf 73' lang='grc' dir='ltr'>αὐτὴν</span> <span class='ocrx_word' id='word_1_625' title='bbox 836 5139 1023 5198; x_wconf 85' lang='grc' dir='ltr'>σανίδα</span> <span class='ocrx_word' id='word_1_626' title='bbox 1050 5140 1327 5218; x_wconf 84' lang='grc' dir='ltr'>κεδρίνην.</span> 
     </span>
    </p>
   </div>
   <div class='ocr_carea' id='block_1_88' title="bbox 896 5250 1399 5326">
    <p class='ocr_par' dir='ltr' id='par_1_88' title="bbox 896 5250 1399 5326">
     <span class='ocr_line' id='line_1_89' title="bbox 896 5250 1399 5326; baseline 0.004 -21"><span class='ocrx_word' id='word_1_627' title='bbox 896 5255 1011 5305; x_wconf 83' lang='grc' dir='ltr'>Τῶν</span> <span class='ocrx_word' id='word_1_628' title='bbox 1045 5253 1093 5326; x_wconf 88' lang='grc' dir='ltr'>γ’</span> <span class='ocrx_word' id='word_1_629' title='bbox 1122 5250 1295 5326; x_wconf 86' lang='grc' dir='ltr'>ΙΙατέρ</span> <span class='ocrx_word' id='word_1_630' title='bbox 1304 5273 1375 5306; x_wconf 83' lang='grc' dir='ltr'>ων</span> <span class='ocrx_word' id='word_1_631' title='bbox 1388 5295 1399 5307; x_wconf 93' lang='grc'><strong>.</strong></span> 
     </span>
    </p>
   </div>
   <div class='ocr_carea' id='block_1_89' title="bbox 390 5354 1973 5436">
    <p class='ocr_par' dir='ltr' id='par_1_89' title="bbox 390 5354 1973 5436">
     <span class='ocr_line' id='line_1_90' title="bbox 390 5354 1973 5436; baseline -0.001 -23"><span class='ocrx_word' id='word_1_632' title='bbox 390 5358 462 5414; x_wconf 76' lang='grc' dir='ltr'>Ἡ,</span> <span class='ocrx_word' id='word_1_633' title='bbox 498 5354 556 5412; x_wconf 72' lang='grc' dir='ltr'>δὲ</span> <span class='ocrx_word' id='word_1_634' title='bbox 601 5356 788 5436; x_wconf 76' lang='grc' dir='ltr'>νύμφη</span> <span class='ocrx_word' id='word_1_635' title='bbox 816 5362 912 5412; x_wconf 79' lang='grc' dir='ltr'>τοῦ</span> <span class='ocrx_word' id='word_1_636' title='bbox 938 5362 1177 5430; x_wconf 77' lang='grc' dir='ltr'>Χριστοῦ</span> <span class='ocrx_word' id='word_1_637' title='bbox 1207 5358 1506 5428; x_wconf 83' lang='grc' dir='ltr'>Ἐκκλησία</span> <span class='ocrx_word' id='word_1_638' title='bbox 1549 5357 1658 5429; x_wconf 68' lang='grc' dir='ltr'>ἤδη</span> <span class='ocrx_word' id='word_1_639' title='bbox 1726 5360 1818 5432; x_wconf 77' lang='grc' dir='ltr'>μὲν</span> <span class='ocrx_word' id='word_1_640' title='bbox 1875 5360 1973 5425; x_wconf 71' lang='grc' dir='ltr'>τήν</span> 
     </span>
    </p>
   </div>
   <div class='ocr_carea' id='block_1_90' title="bbox 316 5440 1980 5525">
    <p class='ocr_par' dir='ltr' id='par_1_90' title="bbox 316 5440 1980 5525">
     <span class='ocr_line' id='line_1_91' title="bbox 316 5440 1980 5525; baseline 0.001 -24"><span class='ocrx_word' id='word_1_641' title='bbox 316 5450 520 5517; x_wconf 68' lang='grc' dir='ltr'>ἑαυτῆς</span> <span class='ocrx_word' id='word_1_642' title='bbox 580 5447 706 5522; x_wconf 87' lang='grc' dir='ltr'>παρ’</span> <span class='ocrx_word' id='word_1_643' title='bbox 758 5445 922 5502; x_wconf 77' lang='grc' dir='ltr'>αύτοῦ</span> <span class='ocrx_word' id='word_1_644' title='bbox 975 5440 1220 5501; x_wconf 74' lang='grc' dir='ltr'>λαϐοὖσα</span> <span class='ocrx_word' id='word_1_645' title='bbox 1266 5446 1582 5525; x_wconf 60' lang='grc' dir='ltr'>ἀσφάλεια),</span> <span class='ocrx_word' id='word_1_646' title='bbox 1632 5451 1874 5503; x_wconf 75' lang='grc' dir='ltr'>ποθοῦσα</span> <span class='ocrx_word' id='word_1_647' title='bbox 1922 5449 1980 5503; x_wconf 75' lang='grc' dir='ltr'>ὀὶ</span> 
     </span>
    </p>
   </div>
   <div class='ocr_carea' id='block_1_91' title="bbox 315 5534 1977 5613">
    <p class='ocr_par' dir='ltr' id='par_1_91' title="bbox 315 5534 1977 5613">
     <span class='ocr_line' id='line_1_92' title="bbox 315 5534 1977 5613; baseline -0.003 -19"><span class='ocrx_word' id='word_1_648' title='bbox 315 5538 411 5594; x_wconf 87' lang='grc' dir='ltr'>καὶ</span> <span class='ocrx_word' id='word_1_649' title='bbox 453 5539 554 5608; x_wconf 75' lang='grc' dir='ltr'>τὴν</span> <span class='ocrx_word' id='word_1_650' title='bbox 628 5534 719 5591; x_wconf 78' lang='grc' dir='ltr'>διὰ</span> <span class='ocrx_word' id='word_1_651' title='bbox 773 5535 1154 5613; x_wconf 87' lang='grc' dir='ltr'>βαπτίσματος</span> <span class='ocrx_word' id='word_1_652' title='bbox 1202 5535 1337 5590; x_wconf 87' lang='grc' dir='ltr'>κατά</span> <span class='ocrx_word' id='word_1_653' title='bbox 1392 5541 1589 5612; x_wconf 77' lang='grc' dir='ltr'>γνῶσιν</span> <span class='ocrx_word' id='word_1_654' title='bbox 1641 5539 1727 5592; x_wconf 81' lang='grc' dir='ltr'>καὶ</span> <span class='ocrx_word' id='word_1_655' title='bbox 1781 5538 1977 5611; x_wconf 73' lang='grc' dir='ltr'>ἀρετὴν</span> 
     </span>
    </p>
   </div>
   <div class='ocr_carea' id='block_1_92' title="bbox 317 5625 1983 5700">
    <p class='ocr_par' dir='ltr' id='par_1_92' title="bbox 317 5625 1983 5700">
     <span class='ocr_line' id='line_1_93' title="bbox 317 5625 1983 5700; baseline -0.001 -17"><span class='ocrx_word' id='word_1_656' title='bbox 317 5625 606 5683; x_wconf 87' lang='grc' dir='ltr'>τελείωσιν</span> <span class='ocrx_word' id='word_1_657' title='bbox 654 5634 752 5698; x_wconf 80' lang='grc' dir='ltr'>τῆς</span> <span class='ocrx_word' id='word_1_658' title='bbox 807 5630 916 5681; x_wconf 81' lang='grc' dir='ltr'>τῶν</span> <span class='ocrx_word' id='word_1_659' title='bbox 946 5625 1380 5700; x_wconf 84' lang='grc' dir='ltr'>κατηχουμένων</span> <span class='ocrx_word' id='word_1_660' title='bbox 1416 5625 1552 5700; x_wconf 75' lang='grc' dir='ltr'>αὐτῇ</span> <span class='ocrx_word' id='word_1_661' title='bbox 1598 5625 1871 5682; x_wconf 82' lang='grc' dir='ltr'>Ἰουδαίων</span> <span class='ocrx_word' id='word_1_662' title='bbox 1923 5648 1983 5681; x_wconf 86' lang='grc' dir='ltr'>τε</span> 
     </span>
    </p>
   </div>
   <div class='ocr_carea' id='block_1_93' title="bbox 316 5713 1985 5795">
    <p class='ocr_par' dir='ltr' id='par_1_93' title="bbox 316 5713 1985 5795">
     <span class='ocr_line' id='line_1_94' title="bbox 316 5713 1985 5795; baseline -0.001 -23"><span class='ocrx_word' id='word_1_663' title='bbox 316 5717 414 5775; x_wconf 82' lang='grc' dir='ltr'>καὶ</span> <span class='ocrx_word' id='word_1_664' title='bbox 469 5717 756 5788; x_wconf 66' lang='grc' dir='ltr'>Ἐλλήνων</span> <span class='ocrx_word' id='word_1_665' title='bbox 810 5714 1156 5792; x_wconf 85' lang='grc' dir='ltr'>ὁμηγύρεως,</span> <span class='ocrx_word' id='word_1_666' title='bbox 1218 5715 1342 5790; x_wconf 86' lang='grc' dir='ltr'>περί</span> <span class='ocrx_word' id='word_1_667' title='bbox 1396 5713 1601 5787; x_wconf 85' lang='grc' dir='ltr'>ταύτης</span> <span class='ocrx_word' id='word_1_668' title='bbox 1660 5719 1792 5795; x_wconf 82' lang='grc' dir='ltr'>φησί</span> <span class='ocrx_word' id='word_1_669' title='bbox 1848 5718 1985 5794; x_wconf 83' lang='grc' dir='ltr'>πρὸς</span> 
     </span>
    </p>
   </div>
   <div class='ocr_carea' id='block_1_94' title="bbox 646 5846 1359 5909">
    <p class='ocr_par' dir='ltr' id='par_1_94' title="bbox 646 5846 1359 5909">
     <span class='ocr_line' id='line_1_95' title="bbox 646 5846 1359 5909; baseline -0.004 -1"><span class='ocrx_word' id='word_1_670' title='bbox 646 5852 910 5909; x_wconf 62' lang='lat' dir='ltr'>Parum.</span> <span class='ocrx_word' id='word_1_671' title='bbox 959 5849 1071 5908; x_wconf 82' lang='lat' dir='ltr'>Ga.</span> <span class='ocrx_word' id='word_1_672' title='bbox 1117 5846 1359 5908; x_wconf 81' lang='lat' dir='ltr'>CXXII.</span> 
     </span>
    </p>
   </div>
   <div class='ocr_carea' id='block_1_95' title="bbox 2070 3359 3731 3418">
    <p class='ocr_par' dir='ltr' id='par_1_95' title="bbox 2070 3359 3731 3418">
     <span class='ocr_line' id='line_1_96' title="bbox 2070 3359 3731 3418; baseline -0.003 -1"><span class='ocrx_word' id='word_1_673' title='bbox 2070 3364 2339 3418; x_wconf 87' lang='lat' dir='ltr'>Attamen</span> <span class='ocrx_word' id='word_1_674' title='bbox 2370 3362 2419 3415; x_wconf 79' lang='lat' dir='ltr'>si</span> <span class='ocrx_word' id='word_1_675' title='bbox 2446 3360 2655 3416; x_wconf 80' lang='lat' dir='ltr'>dederit</span> <span class='ocrx_word' id='word_1_676' title='bbox 2682 3361 2845 3416; x_wconf 89' lang='lat' dir='ltr'>homo</span> <span class='ocrx_word' id='word_1_677' title='bbox 2874 3376 3089 3416; x_wconf 88' lang='lat' dir='ltr'>omnem</span> <span class='ocrx_word' id='word_1_678' title='bbox 3124 3361 3293 3415; x_wconf 82' lang='lat' dir='ltr'>vitam</span> <span class='ocrx_word' id='word_1_679' title='bbox 3328 3376 3489 3415; x_wconf 81' lang='lat' dir='ltr'>suum</span> <span class='ocrx_word' id='word_1_680' title='bbox 3517 3359 3578 3413; x_wconf 79' lang='lat' dir='ltr'>in</span> <span class='ocrx_word' id='word_1_681' title='bbox 3596 3362 3731 3413; x_wconf 81' lang='lat' dir='ltr'>cha-</span> 
     </span>
    </p>
   </div>
   <div class='ocr_carea' id='block_1_96' title="bbox 2072 3448 3722 3522">
    <p class='ocr_par' dir='ltr' id='par_1_96' title="bbox 2072 3448 3722 3522">
     <span class='ocr_line' id='line_1_97' title="bbox 2072 3448 3722 3522; baseline -0.002 -16"><span class='ocrx_word' id='word_1_682' title='bbox 2072 3453 2261 3518; x_wconf 78' lang='lat' dir='ltr'>ritate,</span> <span class='ocrx_word' id='word_1_683' title='bbox 2283 3450 2621 3522; x_wconf 81' lang='lat' dir='ltr'>despectione</span> <span class='ocrx_word' id='word_1_684' title='bbox 2657 3451 2966 3521; x_wconf 76' lang='lat' dir='ltr'>despicient</span> <span class='ocrx_word' id='word_1_685' title='bbox 3026 3467 3172 3505; x_wconf 87' lang='lat' dir='ltr'>eum.</span> <span class='ocrx_word' id='word_1_686' title='bbox 3224 3448 3284 3504; x_wconf 91' lang='lat' dir='ltr'>Si</span> <span class='ocrx_word' id='word_1_687' title='bbox 3339 3448 3473 3520; x_wconf 89' lang='lat' dir='ltr'>quis</span> <span class='ocrx_word' id='word_1_688' title='bbox 3524 3463 3722 3503; x_wconf 91' lang='lat' dir='ltr'>rerum</span> 
     </span>
    </p>
   </div>
   <div class='ocr_carea' id='block_1_97' title="bbox 2072 3537 3738 3612">
    <p class='ocr_par' dir='ltr' id='par_1_97' title="bbox 2072 3537 3738 3612">
     <span class='ocr_line' id='line_1_98' title="bbox 2072 3537 3738 3612; baseline -0.003 -17"><span class='ocrx_word' id='word_1_689' title='bbox 2072 3541 2323 3597; x_wconf 89' lang='lat' dir='ltr'>istarum</span> <span class='ocrx_word' id='word_1_690' title='bbox 2340 3539 2635 3612; x_wconf 85' lang='lat' dir='ltr'>fragilium</span> <span class='ocrx_word' id='word_1_691' title='bbox 2657 3538 2965 3595; x_wconf 90' lang='lat' dir='ltr'>blanditiis</span> <span class='ocrx_word' id='word_1_692' title='bbox 2979 3538 3223 3594; x_wconf 89' lang='lat' dir='ltr'>minime</span> <span class='ocrx_word' id='word_1_693' title='bbox 3246 3537 3616 3593; x_wconf 68' lang='lat' dir='ltr'>effeminatus</span> <span class='ocrx_word' id='word_1_694' title='bbox 3635 3544 3738 3591; x_wconf 86' lang='lat' dir='ltr'>aut</span> 
     </span>
    </p>
   </div>
   <div class='ocr_carea' id='block_1_98' title="bbox 2076 3624 3734 3701">
    <p class='ocr_par' dir='ltr' id='par_1_98' title="bbox 2076 3624 3734 3701">
     <span class='ocr_line' id='line_1_99' title="bbox 2076 3624 3734 3701; baseline -0.004 -16"><span class='ocrx_word' id='word_1_695' title='bbox 2076 3632 2382 3701; x_wconf 88' lang='lat' dir='ltr'>deceptus,</span> <span class='ocrx_word' id='word_1_696' title='bbox 2416 3634 2657 3701; x_wconf 88' lang='lat' dir='ltr'>pr0pter</span> <span class='ocrx_word' id='word_1_697' title='bbox 2677 3645 2847 3683; x_wconf 90' lang='lat' dir='ltr'>suam</span> <span class='ocrx_word' id='word_1_698' title='bbox 2880 3629 2940 3683; x_wconf 90' lang='lat' dir='ltr'>in</span> <span class='ocrx_word' id='word_1_699' title='bbox 2991 3645 3086 3682; x_wconf 91' lang='lat' dir='ltr'>me</span> <span class='ocrx_word' id='word_1_700' title='bbox 3129 3627 3477 3683; x_wconf 87' lang='lat' dir='ltr'>charitatem</span> <span class='ocrx_word' id='word_1_701' title='bbox 3533 3624 3734 3681; x_wconf 90' lang='lat' dir='ltr'>omnia</span> 
     </span>
    </p>
   </div>
   <div class='ocr_carea' id='block_1_99' title="bbox 2075 3714 3735 3789">
    <p class='ocr_par' dir='ltr' id='par_1_99' title="bbox 2075 3714 3735 3789">
     <span class='ocr_line' id='line_1_100' title="bbox 2075 3714 3735 3789; baseline -0.002 -16"><span class='ocrx_word' id='word_1_702' title='bbox 2075 3720 2230 3774; x_wconf 91' lang='lat' dir='ltr'>bona</span> <span class='ocrx_word' id='word_1_703' title='bbox 2261 3736 2369 3774; x_wconf 89' lang='lat' dir='ltr'>sua</span> <span class='ocrx_word' id='word_1_704' title='bbox 2391 3717 2748 3789; x_wconf 87' lang='lat' dir='ltr'>pauperibus</span> <span class='ocrx_word' id='word_1_705' title='bbox 2773 3717 3158 3785; x_wconf 84' lang='lat' dir='ltr'>distribuerit,</span> <span class='ocrx_word' id='word_1_706' title='bbox 3230 3714 3578 3771; x_wconf 83' lang='lat' dir='ltr'>adversariae</span> <span class='ocrx_word' id='word_1_707' title='bbox 3630 3730 3735 3785; x_wconf 87' lang='lat' dir='ltr'>po-</span> 
     </span>
    </p>
   </div>
   <div class='ocr_carea' id='block_1_100' title="bbox 2077 3804 3730 3878">
    <p class='ocr_par' dir='ltr' id='par_1_100' title="bbox 2077 3804 3730 3878">
     <span class='ocr_line' id='line_1_101' title="bbox 2077 3804 3730 3878; baseline -0.002 -16"><span class='ocrx_word' id='word_1_708' title='bbox 2077 3811 2321 3863; x_wconf 90' lang='lat' dir='ltr'>testates</span> <span class='ocrx_word' id='word_1_709' title='bbox 2351 3823 2487 3862; x_wconf 91' lang='lat' dir='ltr'>cum</span> <span class='ocrx_word' id='word_1_710' title='bbox 2523 3806 3019 3878; x_wconf 88' lang='lat' dir='ltr'>aspernabuntur,</span> <span class='ocrx_word' id='word_1_711' title='bbox 3054 3822 3121 3861; x_wconf 90' lang='lat' dir='ltr'>eo</span> <span class='ocrx_word' id='word_1_712' title='bbox 3154 3804 3437 3860; x_wconf 88' lang='lat' dir='ltr'>nimirum</span> <span class='ocrx_word' id='word_1_713' title='bbox 3470 3810 3730 3859; x_wconf 88' lang='lat' dir='ltr'>contem-</span> 
     </span>
    </p>
   </div>
   <div class='ocr_carea' id='block_1_101' title="bbox 2075 3892 3739 3968">
    <p class='ocr_par' dir='ltr' id='par_1_101' title="bbox 2075 3892 3739 3968">
     <span class='ocr_line' id='line_1_102' title="bbox 2075 3892 3739 3968; baseline -0.003 -16"><span class='ocrx_word' id='word_1_714' title='bbox 2075 3903 2176 3967; x_wconf 89' lang='lat' dir='ltr'>ptu</span> <span class='ocrx_word' id='word_1_715' title='bbox 2202 3913 2316 3968; x_wconf 91' lang='lat' dir='ltr'>quo</span> <span class='ocrx_word' id='word_1_716' title='bbox 2364 3895 2498 3965; x_wconf 89' lang='lat' dir='ltr'>Job,</span> <span class='ocrx_word' id='word_1_717' title='bbox 2553 3895 2834 3950; x_wconf 90' lang='lat' dir='ltr'>omnibus</span> <span class='ocrx_word' id='word_1_718' title='bbox 2886 3892 2971 3949; x_wconf 93' lang='lat' dir='ltr'>illi</span> <span class='ocrx_word' id='word_1_719' title='bbox 3023 3894 3245 3949; x_wconf 87' lang='lat' dir='ltr'>divitiis</span> <span class='ocrx_word' id='word_1_720' title='bbox 3296 3892 3613 3965; x_wconf 90' lang='lat' dir='ltr'>ademptis,</span> <span class='ocrx_word' id='word_1_721' title='bbox 3654 3893 3739 3947; x_wconf 88' lang='lat' dir='ltr'>ita</span> 
     </span>
    </p>
   </div>
   <div class='ocr_carea' id='block_1_102' title="bbox 2074 3976 3734 4057">
    <p class='ocr_par' dir='ltr' id='par_1_102' title="bbox 2074 3976 3734 4057">
     <span class='ocr_line' id='line_1_103' title="bbox 2074 3976 3734 4057; baseline -0.002 -17"><span class='ocrx_word' id='word_1_722' title='bbox 2074 3987 2492 4057; x_wconf 87' lang='lat' dir='ltr'>despexerunt,</span> <span class='ocrx_word' id='word_1_723' title='bbox 2526 3988 2591 4038; x_wconf 87' lang='lat' dir='ltr'>ut</span> <span class='ocrx_word' id='word_1_724' title='bbox 2623 4000 2759 4039; x_wconf 90' lang='lat' dir='ltr'>eum</span> <span class='ocrx_word' id='word_1_725' title='bbox 2792 3976 2828 4039; x_wconf 81' lang='lat' dir='ltr'>a</span> <span class='ocrx_word' id='word_1_726' title='bbox 2851 4001 2942 4039; x_wconf 90' lang='lat' dir='ltr'>me</span> <span class='ocrx_word' id='word_1_727' title='bbox 2965 4001 3067 4055; x_wconf 89' lang='lat' dir='ltr'>per</span> <span class='ocrx_word' id='word_1_728' title='bbox 3097 3984 3292 4038; x_wconf 89' lang='lat' dir='ltr'>carnis</span> <span class='ocrx_word' id='word_1_729' title='bbox 3349 3982 3576 4038; x_wconf 89' lang='lat' dir='ltr'>dolores</span> <span class='ocrx_word' id='word_1_730' title='bbox 3636 3998 3734 4037; x_wconf 81' lang='lat' dir='ltr'>ex-</span> 
     </span>
    </p>
   </div>
   <div class='ocr_carea' id='block_1_103' title="bbox 2077 4071 3735 4147">
    <p class='ocr_par' dir='ltr' id='par_1_103' title="bbox 2077 4071 3735 4147">
     <span class='ocr_line' id='line_1_104' title="bbox 2077 4071 3735 4147; baseline -0.003 -17"><span class='ocrx_word' id='word_1_731' title='bbox 2077 4073 2428 4147; x_wconf 87' lang='lat' dir='ltr'>plorandum</span> <span class='ocrx_word' id='word_1_732' title='bbox 2461 4072 3003 4145; x_wconf 84' lang='lat' dir='ltr'>ﬂagitantes,etiam</span> <span class='ocrx_word' id='word_1_733' title='bbox 3027 4073 3248 4127; x_wconf 86' lang='lat' dir='ltr'>amicos</span> <span class='ocrx_word' id='word_1_734' title='bbox 3271 4074 3401 4142; x_wconf 84' lang='lat' dir='ltr'>ejus</span> <span class='ocrx_word' id='word_1_735' title='bbox 3432 4071 3505 4126; x_wconf 93' lang='lat' dir='ltr'>ad</span> <span class='ocrx_word' id='word_1_736' title='bbox 3537 4071 3735 4142; x_wconf 88' lang='lat' dir='ltr'>ipsum</span> 
     </span>
    </p>
   </div>
   <div class='ocr_carea' id='block_1_104' title="bbox 2077 4158 3735 4230">
    <p class='ocr_par' dir='ltr' id='par_1_104' title="bbox 2077 4158 3735 4230">
     <span class='ocr_line' id='line_1_105' title="bbox 2077 4158 3735 4230; baseline -0.004 -11"><span class='ocrx_word' id='word_1_737' title='bbox 2077 4161 2452 4219; x_wconf 88' lang='lat' dir='ltr'>contumeliis</span> <span class='ocrx_word' id='word_1_738' title='bbox 2473 4163 2804 4217; x_wconf 85' lang='lat' dir='ltr'>vexandum</span> <span class='ocrx_word' id='word_1_739' title='bbox 2837 4160 3161 4216; x_wconf 86' lang='lat' dir='ltr'>incitarint.</span> <span class='ocrx_word' id='word_1_740' title='bbox 3197 4160 3327 4215; x_wconf 77' lang='lat' dir='ltr'>Haec</span> <span class='ocrx_word' id='word_1_741' title='bbox 3384 4164 3446 4214; x_wconf 90' lang='lat' dir='ltr'>tu</span> <span class='ocrx_word' id='word_1_742' title='bbox 3506 4158 3735 4230; x_wconf 86' lang='lat' dir='ltr'>perspi-</span> 
     </span>
    </p>
   </div>
   <div class='ocr_carea' id='block_1_105' title="bbox 2077 4250 3739 4320">
    <p class='ocr_par' dir='ltr' id='par_1_105' title="bbox 2077 4250 3739 4320">
     <span class='ocr_line' id='line_1_106' title="bbox 2077 4250 3739 4320; baseline -0.003 -12"><span class='ocrx_word' id='word_1_743' title='bbox 2077 4254 2401 4320; x_wconf 89' lang='lat' dir='ltr'>ciens,cum</span> <span class='ocrx_word' id='word_1_744' title='bbox 2436 4252 2633 4307; x_wconf 85' lang='lat' dir='ltr'>omnia</span> <span class='ocrx_word' id='word_1_745' title='bbox 2654 4252 2932 4306; x_wconf 87' lang='lat' dir='ltr'>mandata</span> <span class='ocrx_word' id='word_1_746' title='bbox 2956 4268 3085 4306; x_wconf 89' lang='lat' dir='ltr'>mea</span> <span class='ocrx_word' id='word_1_747' title='bbox 3109 4250 3481 4319; x_wconf 89' lang='lat' dir='ltr'>custodieris,</span> <span class='ocrx_word' id='word_1_748' title='bbox 3515 4254 3573 4305; x_wconf 90' lang='lat' dir='ltr'>et</span> <span class='ocrx_word' id='word_1_749' title='bbox 3600 4266 3739 4320; x_wconf 78' lang='lat' dir='ltr'>per-</span> 
     </span>
    </p>
   </div>
   <div class='ocr_carea' id='block_1_106' title="bbox 2077 4338 3737 4411">
    <p class='ocr_par' dir='ltr' id='par_1_106' title="bbox 2077 4338 3737 4411">
     <span class='ocr_line' id='line_1_107' title="bbox 2077 4338 3737 4411; baseline -0.004 -13"><span class='ocrx_word' id='word_1_750' title='bbox 2077 4343 2263 4399; x_wconf 87' lang='lat' dir='ltr'>missu</span> <span class='ocrx_word' id='word_1_751' title='bbox 2297 4358 2427 4397; x_wconf 90' lang='lat' dir='ltr'>meo</span> <span class='ocrx_word' id='word_1_752' title='bbox 2461 4348 2515 4397; x_wconf 90' lang='lat' dir='ltr'>te</span> <span class='ocrx_word' id='word_1_753' title='bbox 2541 4343 2736 4396; x_wconf 87' lang='lat' dir='ltr'>carnis</span> <span class='ocrx_word' id='word_1_754' title='bbox 2760 4340 2926 4395; x_wconf 89' lang='lat' dir='ltr'>dolor</span> <span class='ocrx_word' id='word_1_755' title='bbox 2974 4340 3272 4407; x_wconf 87' lang='lat' dir='ltr'>invaserit,</span> <span class='ocrx_word' id='word_1_756' title='bbox 3318 4339 3511 4411; x_wconf 85' lang='lat' dir='ltr'>cogita</span> <span class='ocrx_word' id='word_1_757' title='bbox 3541 4339 3596 4393; x_wconf 92' lang='lat' dir='ltr'>id</span> <span class='ocrx_word' id='word_1_758' title='bbox 3630 4338 3737 4393; x_wconf 87' lang='lat' dir='ltr'>tibi</span> 
     </span>
    </p>
   </div>
   <div class='ocr_carea' id='block_1_107' title="bbox 2079 4427 3739 4504">
    <p class='ocr_par' dir='ltr' id='par_1_107' title="bbox 2079 4427 3739 4504">
     <span class='ocr_line' id='line_1_108' title="bbox 2079 4427 3739 4504; baseline -0.004 -16"><span class='ocrx_word' id='word_1_759' title='bbox 2079 4431 2442 4504; x_wconf 87' lang='lat' dir='ltr'>contingere,</span> <span class='ocrx_word' id='word_1_760' title='bbox 2503 4447 2619 4486; x_wconf 91' lang='lat' dir='ltr'>non</span> <span class='ocrx_word' id='word_1_761' title='bbox 2671 4431 2828 4502; x_wconf 90' lang='lat' dir='ltr'>quod</span> <span class='ocrx_word' id='word_1_762' title='bbox 2890 4429 3258 4501; x_wconf 88' lang='lat' dir='ltr'>providentia</span> <span class='ocrx_word' id='word_1_763' title='bbox 3314 4446 3431 4484; x_wconf 85' lang='lat' dir='ltr'>non</span> <span class='ocrx_word' id='word_1_764' title='bbox 3491 4427 3569 4483; x_wconf 92' lang='lat' dir='ltr'>sit</span> <span class='ocrx_word' id='word_1_765' title='bbox 3608 4444 3739 4498; x_wconf 63' lang='lat' dir='ltr'>quae</span> 
     </span>
    </p>
   </div>
   <div class='ocr_carea' id='block_1_108' title="bbox 2079 4518 3740 4593">
    <p class='ocr_par' dir='ltr' id='par_1_108' title="bbox 2079 4518 3740 4593">
     <span class='ocr_line' id='line_1_109' title="bbox 2079 4518 3740 4593; baseline -0.005 -15"><span class='ocrx_word' id='word_1_766' title='bbox 2079 4525 2294 4578; x_wconf 88' lang='lat' dir='ltr'>cuncta</span> <span class='ocrx_word' id='word_1_767' title='bbox 2323 4521 2613 4593; x_wconf 84' lang='lat' dir='ltr'>gubernet</span> <span class='ocrx_word' id='word_1_768' title='bbox 2644 4538 2710 4576; x_wconf 89' lang='lat' dir='ltr'>ac</span> <span class='ocrx_word' id='word_1_769' title='bbox 2734 4521 3094 4586; x_wconf 88' lang='lat' dir='ltr'>moderetur,</span> <span class='ocrx_word' id='word_1_770' title='bbox 3110 4521 3213 4574; x_wconf 86' lang='lat' dir='ltr'>sed</span> <span class='ocrx_word' id='word_1_771' title='bbox 3241 4525 3303 4574; x_wconf 91' lang='lat' dir='ltr'>ut</span> <span class='ocrx_word' id='word_1_772' title='bbox 3327 4524 3432 4573; x_wconf 89' lang='lat' dir='ltr'>tua</span> <span class='ocrx_word' id='word_1_773' title='bbox 3461 4518 3740 4573; x_wconf 89' lang='lat' dir='ltr'>tentatio-</span> 
     </span>
    </p>
   </div>
   <div class='ocr_carea' id='block_1_109' title="bbox 1998 4607 3743 4694">
    <p class='ocr_par' dir='ltr' id='par_1_109' title="bbox 1998 4607 3743 4694">
     <span class='ocr_line' id='line_1_110' title="bbox 1998 4607 3743 4694; baseline -0.005 -27"><span class='ocrx_word' id='word_1_774' title='bbox 1998 4629 2045 4694; x_wconf 83' lang='lat' dir='ltr'><strong>D</strong></span> <span class='ocrx_word' id='word_1_775' title='bbox 2079 4612 2254 4667; x_wconf 86' lang='lat' dir='ltr'>nibus</span> <span class='ocrx_word' id='word_1_776' title='bbox 2288 4610 2532 4666; x_wconf 91' lang='lat' dir='ltr'>minime</span> <span class='ocrx_word' id='word_1_777' title='bbox 2558 4608 3004 4665; x_wconf 87' lang='lat' dir='ltr'>succumbentis</span> <span class='ocrx_word' id='word_1_778' title='bbox 3035 4624 3174 4680; x_wconf 86' lang='lat' dir='ltr'>erga</span> <span class='ocrx_word' id='word_1_779' title='bbox 3203 4625 3299 4664; x_wconf 89' lang='lat' dir='ltr'>me</span> <span class='ocrx_word' id='word_1_780' title='bbox 3329 4607 3589 4664; x_wconf 83' lang='lat' dir='ltr'>charitas</span> <span class='ocrx_word' id='word_1_781' title='bbox 3641 4608 3743 4660; x_wconf 86' lang='lat' dir='ltr'>tiat</span> 
     </span>
    </p>
   </div>
   <div class='ocr_carea' id='block_1_110' title="bbox 2077 4699 2727 4757">
    <p class='ocr_par' dir='ltr' id='par_1_110' title="bbox 2077 4699 2727 4757">
     <span class='ocr_line' id='line_1_111' title="bbox 2077 4699 2727 4757; baseline -0.006 -1"><span class='ocrx_word' id='word_1_782' title='bbox 2077 4700 2357 4757; x_wconf 90' lang='lat' dir='ltr'>omnibus</span> <span class='ocrx_word' id='word_1_783' title='bbox 2388 4699 2727 4755; x_wconf 80' lang='lat' dir='ltr'>manifesta.</span> 
     </span>
    </p>
   </div>
   <div class='ocr_carea' id='block_1_111' title="bbox 2148 4783 3741 4859">
    <p class='ocr_par' dir='ltr' id='par_1_111' title="bbox 2148 4783 3741 4859">
     <span class='ocr_line' id='line_1_112' title="bbox 2148 4783 3741 4859; baseline -0.004 -15"><span class='ocrx_word' id='word_1_784' title='bbox 2148 4788 2316 4846; x_wconf 88' lang='lat' dir='ltr'>Soror</span> <span class='ocrx_word' id='word_1_785' title='bbox 2361 4797 2552 4844; x_wconf 78' lang='lat' dir='ltr'>nostra</span> <span class='ocrx_word' id='word_1_786' title='bbox 2598 4805 2797 4859; x_wconf 82' lang='lat' dir='ltr'>parva,</span> <span class='ocrx_word' id='word_1_787' title='bbox 2842 4797 2896 4842; x_wconf 78' lang='lat' dir='ltr'>et</span> <span class='ocrx_word' id='word_1_788' title='bbox 2942 4789 3118 4843; x_wconf 76' lang='lat' dir='ltr'>ubera</span> <span class='ocrx_word' id='word_1_789' title='bbox 3171 4801 3284 4841; x_wconf 81' lang='lat' dir='ltr'>non</span> <span class='ocrx_word' id='word_1_790' title='bbox 3341 4785 3519 4841; x_wconf 84' lang='lat' dir='ltr'>habet.</span> <span class='ocrx_word' id='word_1_791' title='bbox 3599 4783 3741 4851; x_wconf 74' lang='lat' dir='ltr'>Quid</span> 
     </span>
    </p>
   </div>
   <div class='ocr_carea' id='block_1_112' title="bbox 2076 4873 3740 4949">
    <p class='ocr_par' dir='ltr' id='par_1_112' title="bbox 2076 4873 3740 4949">
     <span class='ocr_line' id='line_1_113' title="bbox 2076 4873 3740 4949; baseline -0.005 -17"><span class='ocrx_word' id='word_1_792' title='bbox 2076 4879 2349 4949; x_wconf 77' lang='lat' dir='ltr'>faciemus</span> <span class='ocrx_word' id='word_1_793' title='bbox 2378 4878 2555 4932; x_wconf 81' lang='lat' dir='ltr'>sorori</span> <span class='ocrx_word' id='word_1_794' title='bbox 2588 4884 2787 4931; x_wconf 65' lang='lat' dir='ltr'>nostra:</span> <span class='ocrx_word' id='word_1_795' title='bbox 2810 4881 2868 4930; x_wconf 81' lang='lat' dir='ltr'>in</span> <span class='ocrx_word' id='word_1_796' title='bbox 2899 4875 2986 4930; x_wconf 79' lang='lat' dir='ltr'>die</span> <span class='ocrx_word' id='word_1_797' title='bbox 3019 4877 3075 4930; x_wconf 82' lang='lat' dir='ltr'>in</span> <span class='ocrx_word' id='word_1_798' title='bbox 3098 4892 3203 4946; x_wconf 80' lang='lat' dir='ltr'>qua</span> <span class='ocrx_word' id='word_1_799' title='bbox 3240 4873 3467 4929; x_wconf 82' lang='lat' dir='ltr'>verbum</span> <span class='ocrx_word' id='word_1_800' title='bbox 3521 4876 3740 4942; x_wconf 73' lang='lat' dir='ltr'>factum</span> 
     </span>
    </p>
   </div>
   <div class='ocr_carea' id='block_1_113' title="bbox 2076 4962 3741 5039">
    <p class='ocr_par' dir='ltr' id='par_1_113' title="bbox 2076 4962 3741 5039">
     <span class='ocr_line' id='line_1_114' title="bbox 2076 4962 3741 5039; baseline -0.005 -16"><span class='ocrx_word' id='word_1_801' title='bbox 2076 4968 2248 5039; x_wconf 80' lang='lat' dir='ltr'>fuerit</span> <span class='ocrx_word' id='word_1_802' title='bbox 2307 4967 2364 5021; x_wconf 86' lang='lat' dir='ltr'>in</span> <span class='ocrx_word' id='word_1_803' title='bbox 2413 4981 2480 5021; x_wconf 82' lang='lat' dir='ltr'>ea</span> <span class='ocrx_word' id='word_1_804' title='bbox 2509 4969 2534 5019; x_wconf 71' lang='lat'>.9</span> <span class='ocrx_word' id='word_1_805' title='bbox 2584 4967 2645 5022; x_wconf 84' lang='lat' dir='ltr'>Si</span> <span class='ocrx_word' id='word_1_806' title='bbox 2708 4982 2903 5020; x_wconf 82' lang='lat' dir='ltr'>murus</span> <span class='ocrx_word' id='word_1_807' title='bbox 2958 4973 3054 5033; x_wconf 82' lang='lat' dir='ltr'>est,</span> <span class='ocrx_word' id='word_1_808' title='bbox 3119 4962 3525 5032; x_wconf 70' lang='lat' dir='ltr'>aediﬁcabimus</span> <span class='ocrx_word' id='word_1_809' title='bbox 3574 4975 3741 5033; x_wconf 78' lang='lat' dir='ltr'>super</span> 
     </span>
    </p>
   </div>
   <div class='ocr_carea' id='block_1_114' title="bbox 2080 5049 3741 5127">
    <p class='ocr_par' dir='ltr' id='par_1_114' title="bbox 2080 5049 3741 5127">
     <span class='ocr_line' id='line_1_115' title="bbox 2080 5049 3741 5127; baseline -0.004 -16"><span class='ocrx_word' id='word_1_810' title='bbox 2080 5072 2196 5111; x_wconf 87' lang='lat' dir='ltr'>eam</span> <span class='ocrx_word' id='word_1_811' title='bbox 2227 5055 2649 5127; x_wconf 80' lang='lat' dir='ltr'>propugnacula</span> <span class='ocrx_word' id='word_1_812' title='bbox 2680 5059 2982 5124; x_wconf 74' lang='lat' dir='ltr'>argentea:</span> <span class='ocrx_word' id='word_1_813' title='bbox 3025 5055 3080 5109; x_wconf 78' lang='lat' dir='ltr'>si</span> <span class='ocrx_word' id='word_1_814' title='bbox 3124 5055 3331 5108; x_wconf 79' lang='lat' dir='ltr'>ostium</span> <span class='ocrx_word' id='word_1_815' title='bbox 3388 5056 3485 5120; x_wconf 74' lang='lat' dir='ltr'>est,</span> <span class='ocrx_word' id='word_1_816' title='bbox 3537 5049 3741 5106; x_wconf 77' lang='lat' dir='ltr'>descri-</span> 
     </span>
    </p>
   </div>
   <div class='ocr_carea' id='block_1_115' title="bbox 2085 5144 3223 5216">
    <p class='ocr_par' dir='ltr' id='par_1_115' title="bbox 2085 5144 3223 5216">
     <span class='ocr_line' id='line_1_116' title="bbox 2085 5144 3223 5216; baseline -0.004 -16"><span class='ocrx_word' id='word_1_817' title='bbox 2085 5147 2274 5200; x_wconf 73' lang='lat' dir='ltr'>bemus</span> <span class='ocrx_word' id='word_1_818' title='bbox 2303 5161 2469 5216; x_wconf 85' lang='lat' dir='ltr'>super</span> <span class='ocrx_word' id='word_1_819' title='bbox 2496 5162 2615 5201; x_wconf 88' lang='lat' dir='ltr'>eam</span> <span class='ocrx_word' id='word_1_820' title='bbox 2648 5145 2896 5200; x_wconf 76' lang='lat' dir='ltr'>tabulam</span> <span class='ocrx_word' id='word_1_821' title='bbox 2919 5144 3223 5200; x_wconf 77' lang='lat' dir='ltr'>cedrinam.</span> 
     </span>
    </p>
   </div>
   <div class='ocr_carea' id='block_1_116' title="bbox 2702 5254 3169 5308">
    <p class='ocr_par' dir='ltr' id='par_1_116' title="bbox 2702 5254 3169 5308">
     <span class='ocr_line' id='line_1_117' title="bbox 2702 5254 3169 5308; baseline -0.004 -1"><span class='ocrx_word' id='word_1_822' title='bbox 2702 5254 2897 5308; x_wconf 81' lang='lat' dir='ltr'>Trium</span> <span class='ocrx_word' id='word_1_823' title='bbox 2938 5254 3169 5307; x_wconf 83' lang='lat' dir='ltr'>Patrum</span> 
     </span>
    </p>
   </div>
   <div class='ocr_carea' id='block_1_117' title="bbox 2159 5352 3745 5430">
    <p class='ocr_par' dir='ltr' id='par_1_117' title="bbox 2159 5352 3745 5430">
     <span class='ocr_line' id='line_1_118' title="bbox 2159 5352 3745 5430; baseline -0.004 -15"><span class='ocrx_word' id='word_1_824' title='bbox 2159 5360 2387 5430; x_wconf 67' lang='lat' dir='ltr'>Sponsa</span> <span class='ocrx_word' id='word_1_825' title='bbox 2418 5359 2633 5414; x_wconf 85' lang='lat' dir='ltr'>Christi</span> <span class='ocrx_word' id='word_1_826' title='bbox 2672 5358 2949 5425; x_wconf 62' lang='lat' dir='ltr'>Ecclesia,</span> <span class='ocrx_word' id='word_1_827' title='bbox 2974 5375 3106 5414; x_wconf 91' lang='lat' dir='ltr'>cum</span> <span class='ocrx_word' id='word_1_828' title='bbox 3134 5360 3255 5429; x_wconf 74' lang='lat' dir='ltr'>jam</span> <span class='ocrx_word' id='word_1_829' title='bbox 3320 5372 3487 5413; x_wconf 89' lang='lat' dir='ltr'>suam</span> <span class='ocrx_word' id='word_1_830' title='bbox 3554 5352 3745 5426; x_wconf 80' lang='lat' dir='ltr'>ipsius</span> 
     </span>
    </p>
   </div>
   <div class='ocr_carea' id='block_1_118' title="bbox 2090 5447 3744 5519">
    <p class='ocr_par' dir='ltr' id='par_1_118' title="bbox 2090 5447 3744 5519">
     <span class='ocr_line' id='line_1_119' title="bbox 2090 5447 3744 5519; baseline -0.004 -15"><span class='ocrx_word' id='word_1_831' title='bbox 2090 5451 2161 5504; x_wconf 88' lang='lat' dir='ltr'>ab</span> <span class='ocrx_word' id='word_1_832' title='bbox 2194 5465 2259 5504; x_wconf 86' lang='lat' dir='ltr'>eo</span> <span class='ocrx_word' id='word_1_833' title='bbox 2286 5449 2660 5504; x_wconf 82' lang='lat' dir='ltr'>securitatem</span> <span class='ocrx_word' id='word_1_834' title='bbox 2693 5453 2849 5504; x_wconf 87' lang='lat' dir='ltr'>esset</span> <span class='ocrx_word' id='word_1_835' title='bbox 2878 5455 3168 5515; x_wconf 87' lang='lat' dir='ltr'>assecuta,</span> <span class='ocrx_word' id='word_1_836' title='bbox 3222 5449 3581 5519; x_wconf 87' lang='lat' dir='ltr'>cuperetque</span> <span class='ocrx_word' id='word_1_837' title='bbox 3618 5447 3744 5498; x_wconf 86' lang='lat' dir='ltr'>tum</span> 
     </span>
    </p>
   </div>
   <div class='ocr_carea' id='block_1_119' title="bbox 2090 5530 3747 5610">
    <p class='ocr_par' dir='ltr' id='par_1_119' title="bbox 2090 5530 3747 5610">
     <span class='ocr_line' id='line_1_120' title="bbox 2090 5530 3747 5610; baseline -0.005 -15"><span class='ocrx_word' id='word_1_838' title='bbox 2090 5540 2429 5595; x_wconf 68' lang='lat' dir='ltr'>Judzeorum</span> <span class='ocrx_word' id='word_1_839' title='bbox 2474 5543 2602 5594; x_wconf 89' lang='lat' dir='ltr'>tum</span> <span class='ocrx_word' id='word_1_840' title='bbox 2634 5539 2898 5610; x_wconf 82' lang='lat' dir='ltr'>gentium</span> <span class='ocrx_word' id='word_1_841' title='bbox 2924 5555 2957 5593; x_wconf 88' lang='lat' dir='ltr'>a</span> <span class='ocrx_word' id='word_1_842' title='bbox 2988 5555 3050 5593; x_wconf 91' lang='lat' dir='ltr'>se</span> <span class='ocrx_word' id='word_1_843' title='bbox 3082 5537 3449 5593; x_wconf 90' lang='lat' dir='ltr'>initiatorum</span> <span class='ocrx_word' id='word_1_844' title='bbox 3485 5530 3747 5589; x_wconf 86' lang='lat' dir='ltr'>multitu-</span> 
     </span>
    </p>
   </div>
   <div class='ocr_carea' id='block_1_120' title="bbox 2093 5623 3747 5702">
    <p class='ocr_par' dir='ltr' id='par_1_120' title="bbox 2093 5623 3747 5702">
     <span class='ocr_line' id='line_1_121' title="bbox 2093 5623 3747 5702; baseline -0.005 -17"><span class='ocrx_word' id='word_1_845' title='bbox 2093 5629 2290 5685; x_wconf 91' lang='lat' dir='ltr'>dinem</span> <span class='ocrx_word' id='word_1_846' title='bbox 2333 5645 2437 5702; x_wconf 88' lang='lat' dir='ltr'>per</span> <span class='ocrx_word' id='word_1_847' title='bbox 2471 5627 2766 5699; x_wconf 85' lang='lat' dir='ltr'>baptisma</span> <span class='ocrx_word' id='word_1_848' title='bbox 2795 5645 2861 5682; x_wconf 82' lang='lat' dir='ltr'>ex</span> <span class='ocrx_word' id='word_1_849' title='bbox 2896 5627 3143 5683; x_wconf 88' lang='lat' dir='ltr'>scientia</span> <span class='ocrx_word' id='word_1_850' title='bbox 3174 5630 3233 5682; x_wconf 87' lang='lat' dir='ltr'>et</span> <span class='ocrx_word' id='word_1_851' title='bbox 3264 5626 3479 5682; x_wconf 89' lang='lat' dir='ltr'>virtute</span> <span class='ocrx_word' id='word_1_852' title='bbox 3518 5623 3590 5679; x_wconf 90' lang='lat' dir='ltr'>ad</span> <span class='ocrx_word' id='word_1_853' title='bbox 3614 5638 3747 5694; x_wconf 81' lang='lat' dir='ltr'>per-</span> 
     </span>
    </p>
   </div>
   <div class='ocr_carea' id='block_1_121' title="bbox 2094 5710 3748 5790">
    <p class='ocr_par' dir='ltr' id='par_1_121' title="bbox 2094 5710 3748 5790">
     <span class='ocr_line' id='line_1_122' title="bbox 2094 5710 3748 5790; baseline -0.007 -15"><span class='ocrx_word' id='word_1_854' title='bbox 2094 5719 2404 5775; x_wconf 82' lang='lat' dir='ltr'>fectionem</span> <span class='ocrx_word' id='word_1_855' title='bbox 2434 5715 2889 5790; x_wconf 71' lang='lat' dir='ltr'>pervenire,haec</span> <span class='ocrx_word' id='word_1_856' title='bbox 2919 5718 2992 5774; x_wconf 92' lang='lat' dir='ltr'>de</span> <span class='ocrx_word' id='word_1_857' title='bbox 3022 5715 3125 5773; x_wconf 88' lang='lat' dir='ltr'>illa</span> <span class='ocrx_word' id='word_1_858' title='bbox 3155 5716 3225 5772; x_wconf 87' lang='lat' dir='ltr'>ad</span> <span class='ocrx_word' id='word_1_859' title='bbox 3252 5729 3539 5787; x_wconf 90' lang='lat' dir='ltr'>sponsum</span> <span class='ocrx_word' id='word_1_860' title='bbox 3570 5710 3748 5767; x_wconf 88' lang='lat' dir='ltr'>verba</span> 
     </span>
    </p>
   </div>
   <div class='ocr_carea' id='block_1_122' title="bbox 3343 5845 3420 5902">
    <p class='ocr_par' dir='ltr' id='par_1_122' title="bbox 3343 5845 3420 5902">
     <span class='ocr_line' id='line_1_123' title="bbox 3343 5845 3420 5902; baseline -0.026 0"><span class='ocrx_word' id='word_1_861' title='bbox 3343 5845 3420 5902; x_wconf 78' lang='grc'>22</span> 
     </span>
    </p>
   </div>
  </div>
