4110 6412
360 377 478 440 683

1698 371 2126 434 MIGHAELIS
2172 373 2442 435 PSELLI

3663 376 3783 437 684

359 513 535 570 facit:
565 517 737 568 Soror
756 516 951 565 nostra
977 525 1172 580 parva,
1204 514 1258 565 et
1276 510 1445 566 ubera
1474 527 1585 566 non
1632 510 1813 567 habet.
1867 511 1995 574 Quae

2118 509 2320 564 αὐτόν’
2385 511 2447 565 Ἦ
2504 508 2716 589 ἀδελφὴ
2777 512 2937 583 ἡμῶν
3003 511 3174 585 μικρά
3228 512 3319 566 καὶ
3381 513 3617 585 μαστοὺς
3679 515 3782 569 οὐκ

356 608 578 659 natura:
601 599 995 657 similitudine
1025 615 1192 653 soror
1238 602 1329 655 est
1384 604 1606 665 nostra,
1664 598 2007 664 multitudo,

357 707 534 764 parva
582 689 775 744 adhuc
825 691 917 741 est
971 691 1208 758 prepter
1265 686 1715 755 inﬁdelitatem;
1776 692 1833 742 et
1878 686 2009 740 ideo

355 781 612 836 rationes
643 782 701 833 et
731 792 925 832 mores
943 775 1042 844 qui
1075 793 1107 830 a
1138 782 1193 831 te
1225 792 1441 847 sponso
1491 781 1775 848 tauquam
1827 775 2009 830 ubera

354 869 731 934 exhibentur,
763 870 827 920 ut
858 863 1113 920 salutem
1138 881 1307 919 suam
1358 881 1428 919 ex
1474 864 1596 919 illis
1643 870 1837 935 sugat,
1891 879 2006 917 non

355 960 551 1014 habet.
585 958 648 1012 Et
677 955 806 1028 quid
824 956 1094 1025 faciemus
1116 956 1299 1009 sorori
1326 959 1541 1010 nostra?
1570 956 1629 1009 in
1676 953 1766 1008 die
1806 955 1865 1007 in
1902 969 2010 1023 qua

352 1048 575 1103 verbum
595 1049 798 1117 factum
817 1044 989 1115 fuerit
1021 1044 1079 1098 in
1118 1059 1183 1097 ea
1208 1043 1401 1106 ?Quid
1464 1044 1535 1097 de
1585 1043 1690 1098 hac
1735 1059 1867 1114 qua:
1903 1058 2007 1095 no-

354 1144 477 1193 stra
504 1153 670 1193 soror
700 1135 937 1201 dicitur,
970 1149 1035 1189 eo
1070 1138 1333 1204 tempore
1391 1150 1657 1206 agemus,
1717 1149 1850 1187 cum
1907 1149 2011 1203 per

351 1228 527 1283 ﬁdem
553 1224 802 1296 accipiet
831 1221 1307 1295 praedicationem
1342 1222 1543 1277 tuam?
1578 1222 1639 1277 Si
1655 1237 1851 1277 murus
1904 1224 2005 1292 est,

348 1315 748 1387 aediﬁcabimus
792 1329 961 1380 super
1005 1328 1126 1367 eam
1160 1312 1580 1383 propugnacula
1606 1317 1873 1380 argentea
1906 1328 1919 1365 :
1952 1317 2009 1365 et

348 1409 396 1462 si
424 1408 623 1462 ostium
664 1410 762 1473 est,
798 1401 1165 1457 describemus
1215 1416 1381 1472 super
1419 1401 1580 1455 illam
1628 1400 1871 1456 tabulam
1918 1416 2005 1454 re-

347 1497 593 1552 drinam.
644 1492 705 1548 Si
759 1490 1040 1564 legalium
1094 1494 1525 1562 praeceptorum
1601 1490 2007 1546 observatione

348 1591 637 1656 tanquam
670 1598 878 1637 murus
916 1584 1216 1635 exstructa
1256 1584 1365 1650 est,
1415 1579 1786 1650 imponemus
1828 1595 2008 1651 super

349 1691 479 1731 eam
525 1671 705 1728 veluti
754 1666 1202 1743 propugnacula
1240 1672 1540 1740 argentea,
1597 1667 1895 1740 fulgentes
1944 1669 2003 1724 in

346 1762 521 1837 legali
548 1762 744 1817 littera
766 1758 1185 1832 mysteriorum
1205 1757 1652 1823 rationes.Quod
1678 1758 1727 1814 si
1750 1758 2005 1814 naturali

2118 593 2257 673 ἔχει·
2310 598 2506 672 εἷ’τουν,
2560 602 2594 670 ἡ
2652 599 2741 655 διὰ
2770 602 2868 668 τήν
2898 598 3174 676 ὁμοφυίαν
3206 598 3416 670 ἀδελώἠ
3448 604 3608 675 ἡμῶν
3643 624 3787 679 χρη-

2123 689 2417 760 ματίζουσα
2475 689 2688 758 πληθὺς
2761 688 2961 754 ἀτελῆς
3037 688 3115 744 ἔτι
3189 689 3280 743 διὰ
3348 693 3449 761 τὴν
3520 693 3780 748 ἀπιστίαν

2347 778 2436 832 καὶ
2515 776 2605 832 διὰ
2659 783 2821 833 τοῦτο
2878 778 3075 854 λόγους
3131 779 3221 833 καὶ
3278 780 3515 852 τρόπους
3575 782 3781 858 ἀρετῶν

2118 868 2596 944 προσιρερομένους
2655 890 2738 922 σοι
2797 872 2876 939 τῷ
2928 868 3148 946 νυμφίῳ
3207 871 3296 923 οἷα
3342 871 3598 942 μαστοὺς,
3629 870 3785 926 ἶν’ἐν

2116 954 2333 1019 τούτοις
2389 956 2673 1031 ἀπολαύσῃ
2700 963 2800 1025 τῆς
2833 956 3109 1031 σωτηρίας
3170 958 3364 1026 αὐτῆς,
3397 959 3461 1013 οὐ
3492 958 3773 1030 κέκτηται.

2120 1043 2217 1098 Καὶ
2271 1045 2323 1099 τὶ
2381 1048 2703 1119 ποιήσωμεν
2764 1049 2830 1119 τῇ
2886 1044 3098 1124 ἀδελφῇ
3162 1050 3324 1119 ἡμῶν
3384 1046 3436 1101 ἐν
3504 1047 3688 1125 ἡμέρᾳ
3744 1049 3781 1125 ᾖ

2119 1131 2179 1186 ἂν
2240 1131 2460 1206 λαληθῇ
2520 1133 2570 1188 ἐν
2633 1133 2803 1208 αὐτῇς
2866 1133 3094 1205 Δηλαδη
3148 1136 3200 1189 τί
3236 1133 3659 1212 διαπραξώμεθα
3690 1136 3779 1192 ἐπὶ

2116 1225 2185 1295 τῇ
2244 1223 2508 1298 εἰρημένῃ
2570 1221 2780 1301 ἀδελφῇ
2838 1225 2997 1295 ἡμῶν
3035 1222 3085 1278 έν
3145 1223 3191 1296 ᾦ
3221 1229 3400 1297 καιρῷ
3427 1226 3491 1280 τὸ
3525 1227 3615 1281 σὸν
3643 1227 3783 1282 κατά

2117 1311 2297 1367 πίστιν
2374 1310 2728 1388 παραδέξεται
2806 1315 3120 1387 κνίρυγμας
3201 1315 3267 1368 Εἴ
3334 1316 3523 1391 τεῖχός
3599 1316 3778 1388 ἐστιν,

2118 1400 2559 1475 οἰκοδομήσομεν
2643 1402 2725 1457 ἐπ’
2805 1401 2941 1476 αὐτῇ
3026 1401 3278 1474 ἐπάλξεις
3351 1403 3617 1481 ἀργυρᾶς·
3685 1408 3775 1461 καὶ

2116 1497 2163 1545 εἳ
2248 1492 2383 1565 θύρα
2466 1491 2627 1561 ἐστὶ,
2717 1490 3086 1569 διαγράψομεν
3171 1494 3259 1549 ὑπ’
3345 1493 3513 1563 αὐτὴν
3590 1493 3778 1551 σανίδα

2114 1578 2386 1657 γεδρίνην.
2445 1584 2629 1651 “Ητοι,
2685 1582 2771 1638 ἰὰν
2832 1583 2927 1655 μὶν
2989 1587 3055 1656 τῇ
3123 1583 3313 1656 πράξει
3370 1588 3479 1639 τῶν
3525 1590 3777 1659 νομικῶν

2116 1667 2351 1724 ἐντολῶν
2426 1668 2805 1744 ὠκοδόμηται,
2880 1670 3036 1742 δίκην
3103 1672 3363 1747 τείχους,
3440 1672 3774 1749 ἐπιθήσομεν

2115 1756 2198 1812 ἐπ’
2255 1760 2425 1829 αὐτὴν
2478 1758 2660 1836 ὥσπερ
2719 1758 2969 1831 ἐπάλξεις
3025 1760 3262 1837 ἀργυρᾶς
3318 1761 3446 1826 τοὺς
3475 1760 3778 1839 τηλαυγεῖς

2120 776 2263 831 ἐστί·

349 1850 841 1924 contemplatione
872 1865 975 1921 per
1004 1864 1242 1904 sensum
1302 1852 1506 1920 aperta
1553 1852 1661 1919 est,
1720 1853 1995 1919 tanquam

2113 1848 2248 1903 κατά
2291 1853 2487 1924 γνῶσιν
2548 1848 2747 1926 λόγους
2804 1854 2912 1904 τῶν
2972 1850 3025 1906 ἐν
3081 1855 3159 1921 τῷ
3216 1856 3431 1924 νομικῷ
3484 1852 3771 1927 γράμματι

2230 1932 2259 1953 ρ
2282 1932 2318 1953 ΙΝ
2497 1937 2581 1953 »ηε
2678 1935 2721 1953 ἢκ
2826 1941 2851 1952 ~
2992 1939 3004 1953 I
3096 1938 3115 1953 I.
3152 1940 3175 1953 Α
3512 1944 3538 1953 α..
3575 1942 3597 1953 Α
3727 1943 3738 1953 ι

350 1948 520 2015 porta
548 1939 907 2012 cognitionis
957 1938 1182 1994 aditum
1243 1937 1621 2009 patefaciens,
1680 1938 2005 1994 formemus

351 2031 411 2085 in
442 2046 510 2085 ea
540 2028 711 2100 quasi
738 2026 999 2082 tabulam
1024 2025 1613 2094 cedrinam,mentem
1647 2042 1776 2098 quis
1794 2042 2003 2082 sensus

351 2118 663 2176 contrahat
691 2116 1088 2188 imperfectos,
1117 2132 1366 2188 quaeque
1396 2116 1571 2172 ﬁdem
1612 2132 1680 2171 ex
1725 2116 2005 2187 operibus

350 2209 664 2280 perfectam
697 2205 930 2273 habeat,
954 2210 1011 2261 et
1041 2204 1235 2277 gladio
1285 2204 1529 2275 spiritus
1577 2209 1845 2277 amputet
1874 2210 2001 2259 tum

346 2297 529 2353 falsas
587 2312 793 2352 omnes
859 2296 1191 2368 opiniones,
1252 2298 1381 2349 tum
1450 2294 1685 2349 virtutis
1738 2293 2003 2350 defectus

346 2392 523 2458 atque
545 2402 862 2452 excessus;
893 2385 1111 2456 quibus
1141 2401 1212 2440 ex
1253 2384 1431 2439 rebus
1472 2383 1887 2456 perfectionem
1942 2383 2001 2437 in

345 2482 403 2533 te
432 2475 590 2544 huic,
623 2491 799 2547 quam
823 2475 964 2542 dixi,
994 2473 1388 2529 multitudini.
1422 2477 1485 2529 tu
1518 2474 1758 2545 quidem
1790 2471 2002 2545 largie-

348 2565 431 2623 ris
464 2580 477 2621 :
512 2580 618 2637 ego
650 2568 849 2620 autem
884 2561 1256 2619 ministrabo.

942 2759 1127 2814 Trium
1151 2762 1403 2814 Patrum.

423 2869 740 2928 Multitudo
763 2883 831 2924 ex
859 2866 1078 2923 Judaeis
1110 2865 1181 2921 ad
1231 2864 1406 2920 fidem
1465 2868 1688 2933 vocata,
1739 2881 1872 2920 cum
1933 2866 2003 2921 de

352 2978 413 3019 se
433 2960 609 3018 verba
637 2956 739 3012 illa
776 2956 977 3029 (Ubera
1006 2970 1118 3010 non
1165 2953 1384 3022 habeat,
1418 2957 1475 3009 et
1506 2971 1519 3009 :
1578 2955 1647 3009 Si
1675 2969 1869 3008 murus
1899 2954 2000 3025 est)

350 3070 384 3108 a
415 3049 700 3122 magistra
729 3062 949 3119 sponsa
978 3043 1094 3099 dici
1124 3042 1658 3113 animadvertisset,
1675 3043 1748 3099 ad
1781 3046 2004 3098 utrum-

350 3156 465 3213 que
527 3136 891 3209 respondens
940 3133 1306 3205 jactabuuda
1357 3132 1818 3204 quodammodo,
1872 3134 1997 3202 Ego,

349 3228 562 3301 inquit,
594 3232 897 3287 murus;et
941 3223 1109 3279 ubera
1154 3239 1278 3277 mea
1335 3222 1478 3276 sicut
1527 3225 1722 3276 turres.
1794 3221 2000 3276 Murus

349 3335 482 3375 sum
514 3332 618 3388 ego
679 3314 849 3386 plane
907 3330 975 3369 ex
1014 3311 1297 3369 Israelitis
1346 3310 1598 3366 conﬂata
1658 3309 1999 3377 multitudo,

351 3412 552 3479 utpole
609 3403 964 3460 exaediﬁcata
1013 3400 1289 3473 legalium
1348 3400 1765 3455 mandatorum
1832 3399 2008 3453 disci-

355 3496 552 3569 plina;
587 3491 759 3566 quale
788 3496 879 3547 est
907 3490 1051 3546 illud
1079 3507 1091 3545 :
1117 3491 1231 3545 Non
1264 3489 1621 3545 mcechaberis
1660 3489 1729 3560 ιι,
1761 3492 1819 3543 et
1868 3488 2004 3544 reli-

357 3603 493 3658 qua.
554 3584 839 3639 Turribus
916 3586 1112 3638 autem
1187 3581 1462 3636 videntur
1525 3581 1749 3637 similes
1804 3581 2004 3652 figuras

355 3681 416 3733 et
440 3680 588 3731 notae
621 3673 732 3729 illae
762 3671 969 3745 legalis
1002 3670 1228 3740 litterae,
1263 3687 1391 3743 qua
1415 3670 1561 3725 mihi
1584 3671 1851 3735 iuberum
1889 3670 2005 3725 ins-

345 3771 441 3822 tar
470 3765 668 3821 cibum
699 3762 1031 3818 infantibus
1061 3765 1118 3816 et
1147 3761 1395 3817 rudibus
1453 3760 1783 3816 nutriendis
1824 3766 2002 3832 atque

344 3853 686 3913 imbuendis
730 3854 1008 3910 idoneum
1058 3850 1555 3907 subministrant:
1608 3867 1818 3922 meque
1862 3867 1999 3923 gen-

339 3946 489 4002 tium
576 3942 840 4000 moribus
924 3940 1443 4014 inexpugnabilem
1520 3941 1884 3996 custodiunt.
1932 3941 2000 3995 Et

337 4036 493 4093 enim
526 4051 624 4106 ego
653 4034 744 4106 fui
774 4050 830 4088 in
860 4032 1032 4089 oculis
1058 4032 1198 4102 ejus,
1245 4033 1407 4103 quasi
1456 4033 1734 4103 reperiens
1779 4046 1993 4101 pacem.

335 4126 455 4197 Ego
499 4124 754 4197 profecto
810 4121 1147 4177 visitatione
1204 4120 1404 4175 divina
1462 4120 1644 4192 digna
1690 4120 1991 4190 quondam

332 4214 439 4269 fui.
488 4218 561 4268 Ac
620 4210 858 4267 tametsi
917 4225 1108 4264 veram
1161 4225 1361 4279 pacem
1412 4225 1519 4262 nos
1555 4207 1786 4279 proprio
1842 4206 1992 4278 patri

331 4301 808 4359 reconciliantem
843 4315 960 4353 non
1004 4297 1232 4368 agnovi,
1257 4313 1386 4352 eam
1418 4304 1611 4352 tamen
1636 4312 1739 4367 per
1770 4297 1992 4367 ﬁguras

330 4394 391 4448 in
426 4388 726 4464 prophetis
760 4387 1197 4443 didiceram.Ad
1231 4387 1382 4441 hanc
1414 4403 1654 4458 sponsa,
1678 4386 1763 4441 uti
1809 4386 1990 4456 magi-

328 4485 489 4538 stra:
522 4477 695 4547 Quid,
721 4477 936 4550 inquit,
961 4474 1129 4545 1mihi
1165 4479 1357 4530 vetera
1406 4475 1708 4548 {proponis
1739 4473 1762 4529 ?
1822 4477 1988 4531 Vinea

323 4571 438 4638 fuit
466 4568 752 4623 Salomom'
771 4568 827 4621 in
862 4565 1200 4620 Beelamon:
1236 4562 1527 4636 spiritalis
1558 4563 1787 4619 scilicet
1819 4563 1985 4636 plan-

2063 3219 2277 3290 ,ταῦτα
2344 3223 2442 3290 τήν
2522 3222 2805 3295 ἀπόκρισιν
2883 3222 3213 3295 ποιουμένη,
3284 3224 3485 3299 φησὶν,

2115 1932 2433 2011 συμϐόλων.
2497 1937 2617 1993 Ἐὰν
2674 1935 2732 1991 δὲ
2789 1941 2856 2012 τῇ
2887 1939 3004 1993 κατ’
3058 1938 3305 2008 αἴσθησιν
3341 1944 3541 2014 φυσικῇ
3573 1942 3775 2018 Θεωρία

2112 2025 2388 2097 ἤνοικταιο
2451 2030 2539 2082 οἶα
2597 2026 2891 2103 εἶ’σαγωγὸς
2924 2029 3179 2103 γνώσεως
3240 2028 3393 2105 θύρα,
3444 2028 3775 2110 διαμορφῶ-

2115 2139 2209 2191 μεν
2271 2117 2322 2172 ἐν
2370 2118 2506 2191 αὐτῇ
2565 2117 2731 2174 οἱονεὶ
2791 2117 2980 2173 σανίδα
3034 2116 3309 2194 κεδρίνην,
3358 2121 3459 2188 τήν
3490 2120 3583 2183 τὰς
3617 2142 3773 2197 μερι-

2115 2207 2310 2278 ζοόσας
2374 2209 2466 2261 τὸν
2535 2212 2659 2261 νοῦν
2724 2208 3004 2277 αἰσθήσεις
3082 2209 3500 2286 συσφίγγουσαν,
3570 2210 3660 2265 καὶ
3721 2210 3774 2283 ἐξ

2112 2293 2281 2372 ἔργων
2307 2297 2406 2365 τήν
2444 2290 2733 2372 βεϐαίωσιν
2790 2294 3023 2371 ἔχουσαν
3082 2296 3265 2352 πίστιν
3308 2293 3775 2372 ἀποϐαλλομένην

2106 2390 2176 2459 τῇ
2235 2385 2478 2461 μαχαίρᾳ
2528 2389 2625 2440 τοῦ
2683 2384 3011 2458 πνεύματος,
3069 2391 3242 2440 πᾶσαν
3300 2407 3359 2441 τε
3387 2384 3541 2458 δόξαν
3590 2386 3763 2463 ψευδῆ

2109 2476 2199 2531 καὶ
2232 2477 2425 2552 ἀρετῆς
2456 2473 2705 2549 ἔλλειψιν
2734 2474 2823 2530 καὶ
2861 2470 3196 2549 ὑπερϐολήν.
3255 2476 3552 2541 1ίάντεῦθεν
3580 2480 3680 2547 την
3710 2478 3762 2533 ἐν

2112 2564 2197 2620 σοὶ
2226 2562 2546 2634 τελειότητα
2575 2564 2739 2629 αὐτὸς
2771 2565 2865 2637 μὲν
2892 2568 2961 2639 τῇ
2984 2564 3245 2640 εἰρημένῃ
3274 2562 3488 2637 πληθῦϊ
3518 2563 3769 2643 δωρήσῃ·

2111 2653 2217 2728 ἐγὼ
2249 2651 2295 2709 δ’
2326 2653 2681 2729 ὑπουργήσω.

2670 2764 2790 2816 Τῶν
2837 2762 2886 2836 γ’
2931 2761 3205 2836 Ματέρων.

2182 2866 2332 2922 Ἐπεὶ
2362 2863 2419 2922 δὲ
2449 2864 2651 2936 ἤκουσε
2695 2872 2803 2923 τῶν
2847 2874 2948 2937 τῆς
2998 2864 3328 2924 διδασκάλου
3386 2868 3607 2949 νύμφης
3669 2872 3769 2948 ῥη-

2116 2956 2296 3026 μάτων
2368 2957 2402 3026 ἠ
2481 2955 2529 3030 ἐξ
2592 2953 2871 3011 Ἰουδαίων
2929 2956 3005 3018 είς
3063 2958 3243 3012 πίστιν
3300 2959 3764 3033 προσκαλουμένη

2112 3042 2401 3118 ὁμήγυρις,
2462 3044 2544 3097 δτι
2608 3064 2667 3098 τε
2748 3043 3005 3106 Macrob;
3057 3044 3155 3099 037.
3211 3041 3349 3120 ἔχει,
3409 3046 3499 3102 καὶ
3554 3048 3640 3120 τὸ,
3704 3049 3766 3106 Εἰ

2108 3131 2295 3207 τεῖχός
2349 3130 2482 3200 ἐστι,
2541 3132 2664 3206 περὶ
2718 3133 2890 3201 αὐτῆς
2936 3131 3247 3206 εἰρημένον,
3299 3134 3434 3211 πρὸς
3484 3135 3769 3214 ἀμφότερα

3572 3226 3765 3282 ὡσανεὶ

2116 3306 2420 3365 δεικτικῶς’
2482 3311 2619 3385 Ἐγὼ
2674 3316 2883 3386 τεῖχος,
2910 3312 2997 3365 καὶ
3053 3312 3247 3384 μαστοί
3282 3334 3387 3385 μου
3435 3313 3510 3378 ὡς
3538 3314 3761 3391 πύργοι·

2114 3397 2328 3460 πάντως
2376 3400 2409 3468 ἡ
2469 3398 2517 3472 ἐξ
2562 3399 2781 3476 Ἰσραὴλ
2828 3405 3015 3475 τεῖχος
3068 3401 3162 3473 μέν
3197 3401 3310 3474 είμι
3356 3402 3430 3467 ὡς
3473 3401 3765 3478 ᾠκοδομη-

2119 3488 2252 3560 μένη
2301 3492 2371 3562 τῇ
2420 3485 2743 3560 διδασκαλίᾳ
2772 3493 2881 3543 τῶν
2910 3494 3153 3562 νομικῶν
3204 3488 3466 3561 ἐντολῶν,
3499 3497 3631 3563 τῶν,
3685 3494 3763 3552 Οὔ

2119 3577 2472 3652 μοιχεύσεις·
2539 3577 2629 3632 καὶ
2696 3578 2762 3632 τὰ
2823 3578 2973 3648 ἑξῆς.
3036 3576 3270 3655 Πύργοις
3328 3578 3384 3636 δὲ
3435 3580 3639 3637 ἐοίκασι
3694 3583 3765 3638 τὰ

2115 3662 2271 3737 δίκην
2325 3671 2543 3739 μαστῶν
2592 3663 2846 3737 νηπιώδη
2895 3668 3103 3746 τροφὴν
3152 3668 3241 3722 καὶ
3273 3667 3629 3746 εἰσαγωγικην
3665 3693 3761 3745 μοι

2111 3756 2411 3829 κομίζοντα
2479 3750 2733 3828 σύμϐολα
2799 3760 2893 3810 τοῦ
2972 3761 3203 3829 νομικοῦ
3258 3756 3615 3833 γράμματος·
3682 3761 3759 3824 ὡς

2110 3845 2419 3920 ἄπορθητόν
2478 3867 2544 3919 με
2590 3842 3077 3922 παραφυλάττοντα
3143 3852 3259 3910 τοῖς
3310 3847 3544 3911 ἐθνικοῖς
3592 3847 3754 3907 ἔθεσι.

2109 3935 2212 3992 Καὶ
2270 3936 2374 4011 γαρ
2436 3935 2540 4010 ἐγὼ
2579 3931 2730 4007 ἤμην
2799 3934 2853 3988 ἓν
2903 3934 3212 4012 ὀφθαλμοῖς
3270 3935 3433 3991 αὐτοῦ
3493 3938 3566 3998 ὡς
3611 3937 3753 4013 εὑρίο

2106 4046 2309 4080 σκουσα
2368 4024 2609 4100 εἰρήνην.
2673 4026 2901 4098 Ἢγουν,
2952 4025 3085 4095 αὐτή
3142 4046 3274 4079 ποτε
3335 4025 3585 4102 ὑπῆρχον
3637 4025 3755 4082 ἐπι-

2106 4122 2314 4183 σκοπῆς
2373 4116 2517 4178 θείας
2569 4112 2889 4185 ἀξιουμένη,
2938 4114 3028 4168 καὶ
3081 4111 3176 4168 κᾶν
3238 4117 3315 4187 μή
3346 4115 3468 4170 τότε
3496 4114 3752 4190 ἐγνώκειν

2100 4204 2191 4258 τὸν
2246 4202 2658 4274 καταλλάξαντα
2706 4204 2854 4275 ἡμᾶς
2916 4207 2997 4275 τῷ
3028 4200 3152 4277 ἰδίῳ
3203 4203 3364 4278 πατρὶ
3421 4206 3521 4273 τὴν
3558 4202 3755 4276 ἀληθι-

2100 4295 2197 4361 νὴν
2246 4293 2491 4368 ε’ρ-ιίνην,
2552 4290 2680 4347 ἀλλ’
2736 4291 2887 4365 ὅμως
2945 4291 3147 4362 ταύτην
3195 4293 3332 4347 κατά
3384 4291 3511 4356 τοὺς
3549 4293 3754 4349 τύπους

2101 4381 2151 4438 ἐν
2201 4389 2317 4445 τοῖς
2375 4383 2679 4459 προφήταις
2729 4380 2994 4455 ἐγνωκυῖα
3043 4380 3367 4458 ἐτύγχανον,
3428 4384 3570 4457 Πρὸς
3620 4383 3752 4438 ταύ-

2094 4493 2196 4542 την
2229 4470 2285 4527 δὲ
2318 4469 2717 4533 διδασκαλικῶς
2816 4469 3002 4549 νύμφη
3047 4472 3202 4548 φησὶ,
3236 4471 3304 4529 Τί
3336 4493 3427 4544 μοι
3460 4467 3753 4546 προϐάλλῃ

2091 4563 2159 4617 τὰ
2206 4561 2450 4629 παλαιά;
2511 4559 2807 4634 Ἀμπελὼν
2852 4559 3081 4636 ἐγενήθη
3115 4565 3195 4632 τῷ
3228 4559 3502 4633 Σολομὼν
3536 4560 3586 4616 ἐν
3621 4563 3751 4618 Βεε-

324 4658 469 4713 tatio
522 4654 786 4712 fidelium
827 4652 1086 4709 Ecclesia
1135 4652 1287 4708 facta
1338 4656 1429 4707 est
1465 4654 1692 4724 paciﬁca
1746 4656 1867 4724 regi
1916 4655 1977 4708 in

2106 4653 2299 4724 ιαμών·
2357 4648 2571 4721 δηλαδὴ
2605 4652 2945 4723 πνευματική
2994 4650 3189 4727 φυτεία
3233 4657 3335 4719 τῆς
3383 4655 3489 4706 τῶν
3539 4657 3747 4707 πιστῶν

319 4746 681 4805 multitudine
703 4747 955 4814 gentium
980 4759 993 4799 :
1027 4744 1084 4798 id
1112 4744 1268 4799 enim
1298 4743 1590 4815 significat
1638 4744 1969 4801 Beelainon.

321 4837 573 4893 Tradidit
602 4838 821 4892 vineam
860 4832 1207 4890 custodibus:
1268 4834 1325 4889 id
1367 4839 1473 4899 est,
1530 4835 1826 4890 commisit
1876 4836 1974 4889 Ec-

320 4926 562 4982 clesiam
585 4922 866 4996 apostolis
889 4928 946 4978 et
976 4921 1316 4977 doctoribus
1346 4923 1444 4995 qui
1493 4923 1806 4994 vigilanter
1843 4940 1971 4978 cus-

317 5013 553 5070 todiunt
582 5028 811 5080 eam,ne
840 5011 1009 5066 variae
1042 5011 1322 5067 adversus
1362 5010 1525 5066 illam
1587 5011 1840 5068 haereses
1885 5011 1970 5067 iu-

312 5107 621 5172 surgentes
643 5118 774 5156 eam
822 5105 1076 5168 vastant,
1111 5104 1285 5171 atque
1319 5100 1608 5155 unitatem
1668 5100 1858 5172 ipsius
1908 5101 1966 5155 in

311 5193 575 5248 diversas
623 5198 823 5248 secent
862 5191 1191 5263 opiniones.
1249 5191 1339 5246 Vir
1385 5192 1574 5262 aﬂ‘eret
1617 5207 1716 5262 pro
1778 5195 1967 5263 fructu

307 5281 423 5351 eius
453 5280 607 5335 mille
635 5282 945 5351 argenteos.
984 5279 1040 5335 Is
1102 5278 1387 5334 nimirum
1447 5279 1547 5350 qui
1598 5295 1666 5334 ex
1720 5296 1966 5335 numero

308 5368 724 5441 perfectorum,
751 5368 1062 5424 destructis
1085 5384 1212 5440 quae
1253 5372 1417 5423 erant
1452 5368 1680 5439 parvuli
1732 5367 1792 5423 in
1834 5369 1968 5425 affe-

304 5458 485 5513 rendo
509 5456 639 5512 bis:
670 5458 739 5512 ab
773 5456 1172 5513 initiatoribus
1206 5456 1456 5527 spiritali
1507 5456 1774 5514 Ecclesia:
1818 5461 1965 5515 fruc-

300 5545 775 5618 ctu,purgatione
797 5546 1021 5601 scilicet
1050 5551 1109 5601 et
1138 5548 1519 5619 perfectione,
1544 5547 1656 5602 fert
1678 5554 1962 5620 tanquam

372 5724 413 5759 δι
455 5723 637 5778 Exod.
676 5740 767 5777 xx.

2083 4740 2416 4811 Ἐκκλησίας
2492 4741 2680 4815 γέγονε
2744 4744 2823 4812 τῷ
2881 4738 3146 4815 εἷ’ρηνικῷ
3220 4738 3437 4814 βασιλεῖ
3490 4739 3542 4796 ἐν
3600 4738 3748 4811 πλη-

2083 4831 2162 4884 οει
2247 4829 2436 4893 ἐθνῶν·
2514 4828 2646 4902 ὅπερ
2719 4829 2780 4882 τὸ
2856 4826 3150 4902 Βεελαμὼν
3217 4834 3471 4905 παριστᾷ.
3534 4826 3747 4885 Ἔδωκε

2079 4920 2169 4974 τὸν
2247 4917 2549 4991 ἀμπελῶνα
2626 4922 2743 4980 τοῖς
2834 4922 3122 4993 τηροῦσιν.
3203 4915 3419 4987 Ε’ίτουν,
3498 4920 3745 4995 παρέσχε

2078 5010 2178 5078 τήν
2249 5007 2576 5079 Ἐκκλησίαν
2645 5006 2978 5070 ἀποστόλοις
3049 5008 3140 5062 καὶ
3201 5004 3573 5079 διδασκάλοις,
3624 5015 3743 5072 τοῖς

2080 5098 2392 5174 ἐγρηγόρως
2421 5096 2784 5177 φυλάττουσιν
2848 5095 3038 5166 αὐτὴν,
3091 5095 3184 5150 ’ίνα
3214 5098 3290 5170 μή
3325 5098 3379 5151 αἱ
3428 5098 3543 5152 κάτ’
3571 5097 3742 5169 αὐτῆς

2081 5187 2491 5264 έπεγειρόμεναι
2549 5184 2877 5248 πολυειδεῖς
2951 5185 3183 5261 αἱρέσεις
3239 5186 3441 5257 ταύτην
3500 5187 3739 5243 καταλυ-

2081 5280 2382 5351 μτςνωνται·
2441 5279 2539 5346 τὴν
2599 5275 2826 5346 ἑνότητα
2872 5277 3043 5346 αὐτῆς
3075 5275 3152 5337 εἰς
3180 5272 3357 5337 ἄλλας
3383 5273 3539 5347 δόξας
3572 5298 3738 5332 κατα-

2081 5366 2385 5442 μερίσασαι.
2466 5367 2634 5441 Ἀνήρ
2704 5363 2838 5419 θ’ίσει
2914 5364 2966 5420 ἐν
3040 5369 3233 5442 καρπῷ
3290 5364 3455 5420 αὐτοῦ
3516 5364 3737 5441 χιλίους

2075 5456 2384 5531 ἀργυρίους.
2446 5454 2713 5526 Δηλονότι
2792 5452 2851 5517 ὅς
2917 5459 3025 5509 τῶν
3080 5454 3425 5527 τελουμένων
3485 5475 3739 5529 κατηρ...

2073 5546 2139 5599 τα
2195 5549 2292 5599 τοῦ
2322 5545 2524 5615 νηπίου
2556 5543 2606 5598 ἐν
2647 5548 2725 5614 τῷ
2774 5543 3172 5620 προφερομένῳ
3212 5541 3427 5604 τούτοις
3458 5543 3603 5615 παρά
3628 5548 3736 5599 τῶν
