4110 6460
364 443 486 504 685

369 663 620 738 καθάρσει
680 659 825 740 φημὶ
886 658 975 714 καὶ
1018 662 1087 733 τῇ
1144 658 1447 727 τελειώσει,
1482 656 1764 732 κομίζεται
1804 658 1889 713 οἷα
1919 677 2020 733 περ

368 752 589 829 χιλίους
646 748 939 826 ἀργυρίους
996 749 1094 817 τήν
1158 745 1247 802 διὰ
1294 746 1669 823 καθαρότητος
1710 748 1801 802 καὶ
1854 767 2021 824 φωτι-

369 845 511 916 σμοῦ
557 837 900 908 τελειότητα,
956 836 1224 901 Ἀκούσας
1281 834 1338 891 δὲ
1395 838 1422 891 ὁ
1471 836 1701 915 νυμφίος
1737 844 1836 906 τῆς
1885 837 2023 909 νύμ-

370 955 500 1010 φης,
556 929 680 1006 περὶ
742 927 907 987 αὐτοῦ
991 927 1127 1002 πρὸς
1203 926 1298 990 τὰς
1354 925 1800 1000 μαθητευομένας
1884 926 2021 998 αὐτῇ

370 1020 661 1094 λεγούσης,
719 1019 802 1072 δτι
856 1012 1026 1071 ἔδωκε
1094 1015 1185 1071 τὸν
1235 1014 1534 1089 ἀμπελῶνα
1576 1020 1694 1077 τοῖς
1740 1019 2024 1091 τηροῦσιν,

365 1108 459 1165 ’ίνα
492 1110 567 1182 μὴ
610 1105 835 1178 δόξωσιν
869 1107 921 1160 oi
968 1103 1259 1166 ἀκούοντες
1300 1103 1655 1181 ἀφεστηκέναι
1702 1108 1894 1158 τοῦτον
1925 1109 2026 1172 τῆς

368 1203 466 1255 τοῦ
518 1196 849 1271 ἀμπελῶνος
895 1192 1237 1268 ἐπιμελείας,
1286 1192 1420 1271 φησί
1457 1194 1593 1267 πρὸς
1644 1192 1811 1264 αύτήν
1844 1213 1857 1225 ο
1893 1193 2026 1265 Ἀμ-

370 1285 538 1349 πελός
603 1306 709 1359 μου
766 1283 899 1357 ἐμὸς
969 1281 1200 1338 ἐνώπιύν
1271 1303 1399 1356 μου.
1453 1284 1679 1357 ’¹Ηγουν,
1734 1281 1829 1337 κᾶν
1878 1302 2024 1343 τινας

372 1375 617 1453 φύλακας
655 1381 756 1444 τῆς
805 1371 1133 1442 Ἐκκλησίας
1191 1373 1511 1442 κατέστησα,
1557 1369 1705 1427 ἀλλά
1753 1368 2026 1441 Δεσπότης

367 1465 569 1537 ταύτης
600 1464 706 1541 ἐγὼ
753 1464 842 1518 καὶ
893 1461 1163 1540 Νυμφίος,
1196 1462 1286 1517 καὶ
1317 1465 1352 1532 ἡ
1391 1461 1599 1516 τούτων
1630 1457 1840 1529 σπουδή
1874 1458 1925 1514 ἐν

370 1556 480 1630 ἐμῇ
511 1553 783 1628 ἐπισκοπῇ
813 1552 992 1628 ἰσχύει
1027 1572 1039 1584 ·
1078 1552 1129 1606 εἴ
1176 1553 1250 1625 μὴ
1305 1551 1405 1628 γάρ
1452 1549 1562 1626 ἐγὼ
1612 1548 1890 1627 φυλάσσω,
1950 1548 2025 1610 εἷς

374 1647 551 1721 μάτην
620 1644 971 1722 ἠγρύπνησεν
1025 1642 1053 1697 ὁ
1112 1640 1424 1711 φυλάσσων,
1481 1642 1545 1698 ’Π
1579 1638 1635 1695 δὲ
1665 1639 1869 1717 Νύμφη
1904 1640 2026 1693 ἀντ-

371 1733 774 1811 αποκρινομένη
805 1733 943 1809 πρὸς
966 1732 1060 1787 τὸν
1084 1731 1360 1806 Νυμφίον,
1387 1729 1570 1809 φησίν⁸
1593 1730 1683 1803 (Οἱ
1713 1728 1895 1805 χίλιοί
1920 1750 2026 1797 σοι,

374 1824 671 1897 Σολομὼν,
718 1822 809 1877 καὶ
861 1822 913 1876 oi
965 1818 1235 1876 διακόσιοι
1285 1841 1402 1882 τοις
1457 1824 1686 1895 τηροῦσι
1744 1819 1837 1874 τὸν
1893 1839 2028 1894 καρ-

1413 399 1824 499 COMMENT.
1872 438 1950 496 lN
1997 436 2397 499 CAN'I‘ICUM
2445 439 2754 501 CANTIC.

365 573 631 630 τελεστῶν
707 574 1061 644 πνευματικῷ
1123 576 1222 639 τῆς
1281 565 1608 637 Ἐκκλησίας
1677 571 1892 644 καρπῷ,
1940 569 2009 641 τῇ
2040 572 2093 636 Α
2126 568 2281 624 mille

3665 445 3787 506 686

2379 575 2685 641 argenteos
2766 574 3133 645 purgationis
3211 582 3387 648 atque
3471 576 3777 636 illumina-

2132 658 2311 713 tionis
2393 658 2852 730 perfectionem.
2933 664 3187 719 Audiens
3268 666 3425 737 ,νει-ο
3513 668 3782 739 Sponsus

2132 749 2420 820 Sponsam
2456 750 2525 805 de
2569 766 2631 805 se
2661 750 3067 823 discipulabus
3116 753 3238 808 suis
3286 753 3599 827 dicentem,
3633 759 3790 829 quod

2131 838 2475 893 tradidisset
2517 838 2747 895 vineam
2800 842 3183 911 custodibus;
3219 860 3290 898 ne
3323 843 3469 900 forte
3519 850 3795 917 putarent

2134 928 2235 999 qui
2288 929 2626 999 audiebant,
2661 930 2995 986 deseruisse
3028 930 3197 987 illum
3232 932 3410 988 vineae
3457 951 3681 1005 curam,
3715 937 3796 991 ait

2135 1017 2206 1072 ad
2238 1033 2367 1072 eam
2398 1034 2411 1073 :
2453 1020 2616 1074 Vinea
2647 1035 2767 1073 mea
2798 1020 2939 1074 mihi
2968 1036 3155 1076 coram
3186 1037 3290 1078 me.
3317 1021 3380 1076 Id
3415 1026 3524 1093 est,
3558 1024 3794 1080 tametsi

2136 1107 2423 1177 quosdam
2459 1108 2734 1163 custodes
2774 1109 3046 1165 Ecclesiae
3096 1110 3362 1177 adhibui,
3393 1116 3652 1168 attamen
3683 1113 3797 1169 Do-

2139 1196 2337 1251 minus
2385 1197 2514 1265 ejus
2570 1197 2696 1268 ipse
2753 1215 2886 1252 sum
2940 1205 3116 1271 atque
3167 1199 3466 1271 Sponsus;
3499 1205 3557 1256 et
3586 1201 3795 1259 horum

2137 1283 2475 1340 sollicitudo
2535 1301 2638 1356 per
2694 1303 2888 1343 meam
2931 1287 3089 1360 viget
3138 1288 3382 1344 tutelam
3416 1306 3429 1345 ε
3465 1289 3580 1346 nisi
3639 1292 3796 1347 enim

2136 1391 2242 1445 ego
2292 1374 2641 1443 custodiero,
2680 1377 2898 1432 frustra
2948 1377 3152 1449 vigilat
3199 1379 3295 1448 qui
3350 1379 3695 1435 custodit".
3729 1384 3801 1437 At

2136 1470 2367 1536 Sponsa
2396 1465 2658 1522 vicissim
2686 1470 3054 1540 respondens
3076 1470 3146 1524 ad
3179 1472 3474 1541 Sponsum
3508 1470 3590 1525 ait
3615 1487 3627 1526 :
3652 1472 3800 1527 Mille

2138 1557 2242 1619 tui,
2275 1555 2564 1619 Salomon;
2594 1565 2646 1612 et
2684 1557 2907 1614 ducenti
2951 1561 3022 1615 iis
3070 1560 3167 1630 qui
3212 1559 3529 1616 custodiunt
3557 1563 3801 1634 fructum

2137 1645 2270 1715 eius.
2304 1643 2590 1701 Videlicet
2623 1665 2636 1703 :
2673 1646 2951 1718 perfectio
2982 1649 3222 1720 quidem
3256 1666 3476 1706 munus
3509 1655 3599 1706 est
3628 1656 3801 1707 tuum

2139 1733 2240 1805 qui
2286 1736 2573 1806 perfectos
2607 1736 2815 1805 efficis,
2848 1754 2879 1792 ο
2913 1738 3151 1808 pacitice
3203 1755 3269 1794 ac
3318 1739 3481 1811 pacis
3530 1739 3804 1796 concilia-

2140 1830 2281 1880 tor:
2316 1824 2606 1881 revocatio
2649 1831 2846 1882 autem
2899 1833 3109 1883 nostra:
3170 1834 3391 1883 natura:
3450 1830 3521 1884 ad
3580 1834 3803 1885 statum

370 1914 472 1969 πὸν
509 1913 673 1968 αὐτοῦ
707 1931 720 1942 ·
755 1908 903 1981 ἤτοι,
954 1912 989 1979 ἡ
1047 1911 1143 1983 μὲν
1205 1907 1488 1979 τελειότης
1539 1929 1634 1963 σου
1683 1912 1779 1963 τοῦ
1801 1906 2025 1963 τελειω-

440 2007 463 2014 -.
502 1999 561 2014 ἢ...
629 2001 641 2014 ι
726 1999 739 2014 ἱ
973 1998 991 2014 ι.
1164 1997 1174 2013 ο
1426 1997 1442 2014 \
1531 1997 1546 2014 ῒ
1798 1997 1810 2014 Ι
1886 1998 1948 2014 (ιτ
1985 1994 2028 2014 δ’

2149 1931 2319 1969 suum
2368 1914 2435 1969 fit
2484 1931 2588 1986 per
2618 1916 3037 1972 mandatorum
3088 1922 3324 1974 tuorum
3375 1918 3805 1991 adimplemen-

371 2007 468 2057 τοῦ
499 1999 674 2078 δῶρόν
722 1999 887 2067 ἐστιν,
942 1997 1182 2074 ε’ρηνιριὲ.
1235 2019 1296 2052 τε
1353 1997 1443 2052 καὶ
1504 1997 1834 2074 εἷρηνοποιὲ.
1886 1998 1948 2054 Ἡ
1982 1994 2028 2052 δ’

374 2092 451 2155 εἷς
511 2091 705 2160 ἑαυτήν
755 2097 855 2161 τῆς
916 2088 1127 2168 φύσεως
1194 2090 1356 2160 ἡμῶν
1422 2088 1879 2159 ἀποκατάστασις,
1940 2085 2030 2141 διά

374 2186 474 2252 τῆς
525 2185 633 2237 τῶν
695 2184 799 2234 σῶν
868 2176 1100 2234 ἐντολῶν
1146 2177 1417 2254 ἐργασίας,
1468 2177 1610 2254 ἥπερ
1670 2176 1809 2232 ἐστὶν
1865 2178 2025 2250 ἡμῶν

376 2278 475 2341 τῆς
505 2268 834 2339 Ἐκκλησίας
865 2267 1071 2343 καρπὸς
1102 2273 1203 2336 τῆς
1235 2267 1373 2341 πρὸς
1396 2267 1699 2344 Νυμφίον.)

453 2359 553 2416 Καὶ
610 2360 637 2414 ὁ
688 2359 997 2431 καθήμενος
1058 2356 1111 2410 ἐν
1159 2357 1360 2426 κήποις
1434 2356 1661 2432 (ἑταῖροι
1720 2355 2030 2431 προσέχον-

378 2453 487 2524 τες)
514 2453 609 2520 τῆς
656 2456 841 2528 φωνῆς
901 2469 997 2503 σου
1055 2447 1342 2502 ἀκούτισόν
1404 2467 1490 2520 με.
1552 2445 1719 2522 Φύγε,
1775 2443 2032 2523 ἀδελφιδὲ

385 2562 513 2614 μου,
561 2540 651 2594 καὶ
717 2539 1026 2612 ὀμοιώθητι
1082 2540 1152 2610 τῇ
1206 2533 1428 2612 δορκάδι
1489 2533 1525 2606 ἥ
1577 2540 1657 2608 τῷ
1710 2530 1886 2611 νεϐρῷ
1922 2540 2029 2590 τῶν

379 2630 596 2707 ἐλάφων
626 2626 714 2684 ἐπὶ
747 2629 851 2704 ἀρὴ
884 2626 1211 2703 ἀρωμάτων.

448 2722 541 2792 Τῷ
597 2717 815 2792 νυμφίῳ
871 2718 962 2771 καὶ
1018 2719 1187 2771 ταῦτα
1244 2712 1717 2791 προσδιαλέγεται,
1749 2714 1839 2769 καὶ
1884 2714 2033 2789 λέγει

379 2810 539 2866 αὐτὸν
570 2807 625 2864 ἐν
685 2808 888 2877 κήποις
946 2807 1236 2875 καθῆσθαι.
1296 2807 1479 2874 Κῆποι
1534 2802 1591 2860 δὲ
1649 2803 1779 2859 εἰσιν
1822 2805 1873 2859 oi
1901 2806 2037 2859 θεῖοι

385 2898 527 2967 ναοὶ,
559 2899 611 2954 οἱ
640 2902 749 2953 τῶν
806 2893 1093 2972 μαρτύρων
1144 2894 1328 2965 σηκοὶ,
1377 2898 1486 2949 τῶν
1524 2895 1615 2949 τὸν
1666 2897 1879 2967 μονήρη
1918 2893 2033 2970 βίον

381 2988 818 3064 ἑπανῃρημένων
863 2987 932 3040 τά
999 2985 1338 3058 συστήματα.
1418 2985 1505 3040 Ἐν
1572 2983 1808 3051 τούτοις,
1869 2981 2035 3059 λέγει,

381 3080 516 3154 πρὸς
558 3074 782 3153 χιλίους
830 3071 1214 3142 ἀποτελοῦσιν,
1253 3074 1341 3128 καὶ
1394 3069 1700 3149 παρακαλεῖ
1738 3071 1895 3127 αὐτὸν
1959 3074 2034 3145 μὴ

386 3168 551 3243 μόνον
597 3172 732 3228 ταῖς
797 3162 1109 3241 ἀγγελικαὶς
1196 3160 1454 3235 δυνάμεσι
1523 3159 2037 3237 προσδιαλέγεσθαι,

383 3257 529 3314 ἀλλά
557 3256 646 3312 καὶ
676 3254 846 3323 αὐτὴν
894 3259 995 3322 τῆς
1037 3250 1265 3323 ἡδίστης
1299 3252 1463 3306 αὑτοῦ
1521 3258 1705 3329 φωνῆς
1755 3250 1978 3322 ἀξιῶσαι
2021 3271 2035 3284 ’

382 3349 472 3403 καὶ
535 3346 612 3420 μὴ
684 3348 915 3417 περιιεῖν
1001 3346 1272 3406 ποθοῦσαν
1357 3341 1449 3396 καὶ
1536 3339 1778 3414 διψῶσαν
1852 3340 2035 3414 ὲντρυ-
2069 3322 2112 3388 C

385 3443 552 3511 φῆσαι
603 3433 769 3490 αὐτοῦ
824 3431 942 3494 τοῖς
1022 3429 1232 3508 λόγοις.
1310 3429 1742 3507 Ηαράκελεύεται
1797 3427 1853 3484 δὲ
1892 3428 2041 3502 αύτῴ

384 3530 572 3604 φυγεῖν
607 3542 619 3557 ⁸
660 3527 844 3602 φυγεῖν
892 3519 949 3577 δὲ
1008 3521 1177 3588 τίνας,
1235 3518 1272 3590 ἤ
1328 3521 1426 3582 τάς
1473 3520 1714 3594 πννηράς
1742 3524 1848 3574 τῶ)
1891 3519 2037 3596 αἶρε-

382 3618 549 3669 τικῶν
634 3610 971 3686 συμμορίας,
1056 3610 1147 3665 καὶ
1218 3611 1316 3672 τὰς
1386 3609 1735 3682 ἠκονημένας
1779 3610 1916 3664 κατά
1942 3616 2043 3680 τῆς

389 3698 657 3765 εὐσεϐείας
706 3701 982 3777 γλώσσας.
1060 3697 1301 3762 Ἐκείνας
1356 3699 1518 3774 αύρὸν
1580 3697 1887 3773 παρακαλεῖ
1942 3721 2040 3774 φυ-

390 3791 552 3867 γόντα
625 3791 717 3846 καὶ
799 3786 1216 3864 βδελυξάμενον,
1297 3790 1639 3861 ἀμοιωθῆναι
1715 3785 1937 3860 δορκάδι
2003 3785 2039 3856 ἥ

389 3876 561 3958 νεϐρῷ
609 3879 848 3957 ἐλάφων,
913 3879 1001 3934 καὶ
1063 3874 1316 3948 διαϐῆναι
1367 3877 1454 3933 ἐπὶ
1496 3877 1565 3931 τά.
1592 3872 1692 3949 ὅρη
1727 3881 1833 3931 τῶν
1894 3876 2040 3951 ἀρω-

395 3969 601 4044 μάτων,
650 3969 740 4024 καὶ
799 3966 1108 4043 διαφθεῖραι
1170 3968 1264 4031 μὶν
1315 3965 1503 4045 ἐλάφῳ
1533 3966 1930 4040 παραπλησίως
1976 3966 2044 4022 τὰ

392 4057 730 4129 πνευματικά
780 4064 880 4128 τῆς
936 4054 1211 4133 πονηρίας
1263 4055 1425 4131 θηρία
1460 4074 1472 4087 ·
1534 4053 1779 4131 προϊδεῖν
1841 4053 1898 4111 δὲ
1934 4060 2043 4110 τῶν

393 4145 605 4203 ἀδικίαν
679 4146 753 4210 εἲς
833 4148 896 4203 τὸ
978 4142 1112 4220 ὕψος
1188 4142 1502 4201 λαλούντων
1587 4146 1686 4215 τὴν
1776 4141 2043 4216 ἀσέϐειαν,

391 4236 568 4303 ἐλθεῖν
596 4234 655 4292 δὲ
707 4235 794 4292 ἐπὶ
846 4237 914 4292 τά
971 4230 1071 4312 ὅρη
1123 4239 1232 4290 τῶν
1277 4236 1606 4310 ἀρωμάτων,
1656 4239 1756 4289 τοῦ
1792 4234 2042 4309 ύψηλοὺς

390 4328 486 4402 μὲν
544 4328 641 4396 τήν
699 4324 962 4394 διάνοιαν,
1015 4326 1106 4380 καὶ
1165 4322 1323 4394 δίκην
1377 4327 1520 4401 ὁρῶν
1570 4326 1932 4400 ὑπερέχοντας
1978 4326 2045 4379 τά

386 4416 571 4485 κοῖλα,
628 4415 858 4495 φύοντας
940 4413 998 4469 δὲ
1088 4413 1331 4488 καρποὺς
1409 4414 1716 4490 ἀρωμάτων
1786 4413 2040 4487 εὐοσμίαν

389 4506 657 4585 ἀφιέντας.
689 4506 780 4568 Ὡς
831 4502 1162 4578 δυναμένους
1213 4502 1386 4577 λέγειν
1437 4503 1575 4557 κατά
1619 4504 1712 4557 τὸν
1771 4505 2036 4581 μακάριον

390 4595 630 4664 Παῦλον,
719 4599 959 4669 Χριστοῦ
1045 4588 1248 4649 εὐωδία
1319 4590 1501 4666 ἐσμὲν.
1552 4591 1771 4647 Γένοιτο
1839 4591 1897 4647 δὲ
1955 4594 2043 4648 καὶ

2140 2008 2288 2072 tum,
2323 2004 2479 2076 quod
2542 2005 2737 2078 ipsum
2795 2005 3069 2062 nimirum
3113 2010 3205 2062 est
3248 2007 3477 2064 fructus
3532 2006 3805 2089 Ecclesia)

2140 2098 2373 2160 nostrae,
2408 2109 2537 2165 quae
2569 2094 2641 2148 ad
2674 2094 2967 2165 Sponsum
3000 2094 3274 2166 pertinet.

2215 2362 2320 2430 Qui
2375 2360 2525 2417 sedes
2586 2363 2647 2415 in
2703 2362 2876 2417 hortis
2933 2363 3127 2432 (amici
3184 2363 3555 2434 attendentes)
3616 2379 3801 2420 vocem

2139 2456 2292 2507 tuam
2339 2450 2537 2505 audire
2584 2468 2669 2505 me
2722 2454 2909 2522 facito.
2960 2457 3134 2521 Fuge,
3176 2453 3372 2509 dilecte
3422 2453 3520 2522 mi,
3571 2454 3804 2509 assimi-

2145 2544 2259 2598 lare
2286 2557 2500 2611 caprea:
2539 2540 2839 2597 hinnuleve
2879 2557 3161 2597 cervorum
3209 2558 3377 2610 super
3405 2547 3649 2600 montem
3676 2559 3805 2600 aro-

2144 2640 2381 2686 malum.

2215 2720 2299 2775 Ad
2332 2719 2628 2791 Sponsum
2668 2719 2792 2774 haec
2828 2718 2970 2775 item
3002 2719 3284 2791 loquitur,
3320 2738 3494 2794 quem
3525 2721 3586 2777 in
3618 2721 3808 2778 hortis

2148 2811 2348 2865 sedere
2412 2808 2575 2863 dicit.
2639 2808 2805 2863 Horti
2865 2814 3060 2864 autem
3119 2810 3316 2867 divina
3374 2815 3513 2865 sunt
3565 2810 3806 2883 templa,

2150 2904 2473 2970 martyrum
2553 2902 2973 2964 monumenta,
3047 2915 3253 2954 eorum
3323 2901 3423 2972 qui
3480 2899 3806 2956 solitariam

2149 2986 2400 3058 amplexi
2454 2991 2595 3042 sunt
2643 2987 2847 3058 vitam,
2880 2994 3225 3044 conventus.
3261 2992 3324 3045 In
3360 2989 3452 3045 his
3501 2988 3662 3044 mille
3714 3006 3807 3045 ar-

2148 3081 2390 3150 genteos
2447 3093 2551 3148 pro
2601 3076 2794 3131 fructu
2842 3076 3025 3132 vineae
3075 3078 3475 3145 aﬂ'erentibus,
3509 3079 3807 3150 Sponsum

2150 3166 2363 3223 asserit
2419 3165 2734 3221 habitare:
2785 3171 2961 3237 atque
3018 3165 3188 3222 illum
3251 3169 3538 3235 obsecrat,
3575 3174 3638 3223 ut
3693 3185 3805 3224 non

2149 3255 2342 3312 solum
2393 3271 2527 3309 cum
2579 3252 2863 3326 angelicis
2912 3255 3231 3311 virtutibus
3283 3257 3675 3327 colloquatur,
3705 3259 3806 3312 sed

2151 3346 2409 3418 seipsam
2460 3360 2693 3416 quoque
2739 3360 2877 3399 voce
2935 3361 3044 3399 sua
3098 3345 3339 3416 dignam
3388 3347 3626 3415 efficiat,
3666 3362 3809 3401 neve

2151 3438 2489 3491 contemnat
2518 3449 2581 3489 se
2613 3449 2739 3505 quae
2791 3431 3081 3489 desiderio
3113 3434 3331 3506 sitique
3360 3435 3528 3490 ardet
3577 3434 3810 3490 fruendi

2150 3522 2524 3580 sermonibus
2583 3522 2794 3594 ipsius.
2829 3522 2968 3577 Orat
3026 3522 3224 3594 ipsum
3273 3532 3574 3595 prazterea,
3607 3528 3671 3578 ut
3720 3524 3810 3579 {u-

2150 3613 2291 3686 giat.
2326 3614 2482 3678 Quos
2524 3616 2720 3667 autem
2754 3612 2963 3683 fugiat,
2997 3611 3111 3668 nisi
3156 3630 3366 3685 pravos
3398 3613 3810 3671 haereticorum

2152 3706 2357 3769 castus,
2394 3705 2451 3757 et
2481 3704 2686 3757 acutas
2734 3701 3020 3756 adversus
3071 3701 3350 3773 pietatem
3401 3702 3678 3777 linguas?
3711 3701 3812 3758 His

2152 3790 2462 3847 declinatis
2494 3794 2550 3845 et
2593 3791 2828 3861 spretis,
2865 3791 3133 3846 hortatur
3184 3798 3246 3846 ut
3295 3808 3514 3864 capreae
3546 3797 3649 3848 aut
3678 3790 3811 3847 hin-

2153 3879 2292 3936 nulo
2340 3894 2644 3935 cervorum
2704 3877 2940 3945 similis,
2982 3879 3170 3950 fugiat
3226 3883 3402 3950 atque
3459 3879 3519 3934 in
3578 3884 3812 3936 montes

2153 3972 2483 4027 aromatum
2514 3968 2842 4038 ‘ascendat,
2884 3972 2942 4022 et
2999 3967 3233 4023 binnuli
3294 3985 3456 4025 more
3513 3968 3811 4041 spiritales

2154 4057 2433 4131 nequitiae
2462 4057 2616 4112 feras
2660 4056 2955 4111 absumat.
2988 4056 3317 4128 Prospiciat
3360 4061 3557 4113 autem
3600 4057 3810 4131 impie-

2152 4153 2333 4207 tatem
2382 4161 2585 4202 eorum
2625 4146 2722 4217 qui
2769 4146 2829 4199 in
2880 4146 3120 4202 sublime
3180 4147 3484 4219 loquuntur
3530 4148 3811 4219 iniquita—

2154 4240 2351 4305 tem",
2384 4241 2443 4292 et
2499 4236 2569 4290 ad
2631 4239 2863 4290 montes
2922 4241 3255 4292 aromatum
3303 4236 3522 4293 veniat.
3567 4237 3653 4292 Ad
3710 4254 3812 4295 eos

2156 4327 2439 4383 nimirum
2470 4324 2571 4397 qui
2620 4326 2749 4379 tum
2797 4322 3026 4380 excelsa
3057 4331 3255 4381 mente
3284 4329 3425 4381 sunt
3469 4325 3718 4397 praediti,
3749 4343 3817 4382 ac

2154 4415 2334 4473 veluti
2365 4419 2597 4469 montes
2639 4412 2795 4468 inter
2826 4414 3006 4468 valles
3036 4413 3330 4469 excellunt
3363 4431 3375 4469 :
3408 4419 3538 4470 tum
3588 4415 3815 4470 fructus

2157 4509 2351 4562 ferunt
2381 4506 2711 4559 aromatum
2753 4502 3134 4573 fragrantiam
3178 4502 3549 4572 redolentes;
3584 4506 3650 4558 ut
3677 4519 3815 4558 cum

2159 4597 2326 4651 beato
2385 4590 2567 4647 Paulo
2626 4590 2858 4662 possint
2908 4590 3147 4647 dicere:
3192 4592 3403 4648 Christi
3462 4592 3633 4647 bonus
3688 4591 3821 4647 odor

391 4686 539 4758 ἡμᾶς
571 4685 660 4740 καὶ
681 4683 988 4759 ἀρωμάτων
1038 4684 1141 4759 ἀρη
1194 4684 1462 4757 γενέσθαι,
1517 4679 1609 4735 ’ίνα
1660 4687 1757 4737 τοῦ
1807 4682 2033 4759 νυμφίοι

2154 4700 2341 4740 sumus
2363 4683 2429 4737 δι.
2463 4681 2626 4737 Faxit
2683 4685 2880 4736 autem
2942 4684 3118 4747 Deus,
3151 4687 3215 4735 ut
3267 4697 3375 4736 nos
3429 4681 3570 4737 item
3629 4680 3819 4737 simus

393 4773 670 4847 δεξώμεθα
696 4775 764 4828 τά
811 4771 1135 4848 πηδήματα,
1187 4771 1277 4827 καὶ
1324 4773 1415 4826 τὸν
1453 4772 1795 4846 μακαρισμὸν
1846 4770 2046 4827 ἐκεῖνον

399 4863 742 4939 δρεψώμεθα.
804 4864 1094 4937 Μακάριος
1191 4861 1327 4938 ἀνὴρ
1403 4860 1469 4914 οὗ
1556 4860 1696 4915 ἐστιν
1753 4861 2045 4935 ἀντίληψις

394 4952 541 5025 αὐτῷ
622 4952 771 5029 παρά
826 4956 942 5021 σοῦ,
1012 4952 1067 5006 αἱ
1128 4945 1411 5013 ἀναϐάσεις
1469 4971 1564 5005 σου
1617 4949 1668 5005 ἐν
1729 4954 1796 5024 τῇ
1854 4951 2049 5029 καρδίᾳ

394 5043 584 5100 αὐτοῦ.

469 5226 516 5259 ³³
549 5224 702 5280 Psal.
734 5240 920 5294 cxxv1,
956 5226 1006 5279 1.
1082 5224 1127 5257 ³⁵³
1156 5223 1306 5281 Psal.
1343 5239 1513 5293 Lxxu,
1549 5226 1601 5278 8.

1678 5224 1724 5257 ⁸⁸
1756 5226 1802 5279 ll
1837 5226 1963 5281 Cor.
1998 5242 2061 5295 ιι,
2096 5225 2183 5279 15.

2158 4778 2392 4829 montes
2423 4773 2781 4836 aromatum,
2807 4769 2909 4841 qui
2939 4769 3151 4841 Sponsi
3185 4771 3373 4825 saltus
3396 4769 3817 4841 suscipiamus,

2157 4874 2214 4918 et
2268 4861 2697 4919 beatitudinem
2755 4857 2917 4913 illam
2977 4874 3387 4931 assequamur.
3453 4862 3655 4915 Beatus
3709 4859 3821 4927 vir,

2157 4953 2313 5025 cujus
2340 4958 2423 5008 est
2462 4951 2746 5006 auxilium
2774 4947 2869 5004 abs
2898 4951 2950 5004 te
2979 4965 2998 5002 :
3038 4949 3381 5005 asceasionrs
3427 4953 3540 5006 tuae
3568 4947 3632 5004 in
3656 4948 3823 5005 corde

2158 5044 2279 5114 ejus
2302 5041 2369 5099 ³⁵.
3667 5055 3673 5060 ’

2260 5223 2305 5259 ⁸⁵
2336 5223 2488 5279 Psal.
2524 5221 2826 5282 Lxxxmﬁ.
