4110 6402
301 430 422 491 687

686 585 1051 595 "w—

306 586 675 600 ’φὰν-

1649 416 2072 481 MICHAELIS
2119 417 2390 479 PSELLI

1060 576 3729 610 mm

1326 714 1464 771 ΤΟΥ
1503 714 2072 770 ΙΙΛΝΣΟΦΩΤΑΤΟΥ
2112 715 2227 768 ΚΑΙ
2268 712 2702 769 ΤΙΜῙΩΤΑΤΟΥ

759 888 1695 1063 ΜΙΧΑΗΛ
1776 885 2254 1060 ΤΟΥ
2326 885 3288 1060 ΨΕΛΛΟΥ

1180 1183 1950 1285 ΔΙΔΑΣΚΑΛΙΑ
2021 1183 2853 1283 ΠΑΝΤΟΔΑΠΗ.

1418 1483 1957 1543 SAPIENTISSIMI
1997 1482 2087 1538 ET
2126 1482 2620 1541 CELEBERRIMI

836 1665 2167 1835 MICHAELIS

2348 1667 3198 1833 PSELLI

1279 1950 1425 2034 DE
1485 1947 2121 2037 OMNIFARIA
2196 1947 2772 2036 DOCTRINA

986 2128 1271 2190 CAPITA
1318 2128 1423 2189 ET
1466 2127 1979 2200 OUES'I‘IONES
2025 2127 2123 2187 AC
2172 2127 2761 2191 RESPONSIONES
2806 2130 3059 2192 CXCIII.

1227 2288 1314 2343 AD
1353 2285 1765 2343 MICHAELEM
1813 2283 2063 2352 DUCAH,
2104 2285 2581 2344 IMPERATOREM
2621 2287 2816 2345 CPOL.

442 2440 526 2496 Ex
557 2439 906 2515 Apographo
939 2439 1474 2524 Lindenbrogianp,
1500 2441 1657 2524 quod
1692 2442 1887 2524 exstat
1911 2438 2237 2524 Hampurgi
2268 2439 2327 2495 in
2358 2440 2509 2524 Bibl.
2545 2441 2605 2498 S.
2638 2443 2902 2510 Joannis,
2927 2445 3122 2502 Grazce
3152 2448 3385 2521 primus
3413 2451 3596 2507 edidit

1327 2516 1383 2568 et
1414 2511 1617 2569 Latine
1646 2512 1818 2568 vertit
1855 2514 2024 2566 Jom.
2055 2511 2359 2569 Amemus
2393 2514 2701 2571 Fanmcus.

372 2832 425 2888 1.
458 2830 642 2889 Credo
672 2829 733 2886 in
766 2845 955 2885 unum
1000 2829 1255 2900 Patrem,
1288 2827 1651 2902 principium
1695 2828 1962 2884 omnium
1992 2830 2037 2897 Α

2115 2849 2200 2917 -α,
2232 2829 2481 2917 Πιστεύιο.
2528 2829 2604 2892 είς
2650 2825 2740 2885 ἕνα
2792 2833 3003 2908 lla-ripa
3030 2837 3130 2904 τὴν
3171 2836 3389 2893 πάντων
3419 2839 3599 2917 ἀρχὴν
3636 2844 3731 2900 καὶ

301 2926 360 2979 et
390 2936 651 2989 causam,
684 2934 755 2976 ex
780 2917 939 2975 nullo
973 2918 1192 2974 factum
1226 2922 1282 2974 et
1314 2917 1506 2974 solum
1540 2934 1729 2973 causas
1760 2933 1962 2990 exper-

304 3016 426 3068 tem
478 3013 653 3081 atque
702 3006 1080 3082 ingenitum:
1129 3012 1342 3064 natura
1389 3008 1622 3063 Patrem
1674 3005 1962 3081 unigeniti

304 3099 433 3159 Filii
465 3099 580 3168 sui,
614 3098 873 3171 Spiritus
924 3096 1113 3154 sancti
1161 3096 1527 3153 emissorem.
1561 3101 1627 3151 Et
1660 3096 1719 3152 in
1776 3114 1959 3152 unum

303 3189 517 3247 Filium
579 3187 992 3261 unigenitum,
1049 3186 1368 3243 Dominum
1429 3189 1699 3242 nostrum
1754 3185 1959 3242 Jesum

302 3279 626 3335 Christum.
659 3279 729 3334 Et
759 3278 819 3333 in
849 3276 1134 3349 Spiritum
1166 3280 1437 3332 sanctum
1489 3292 1604 3331 non
1657 3278 1859 3331 natum
1893 3293 1959 3331 ex

302 3368 494 3435 Patre,
531 3367 632 3422 sed
676 3382 746 3421 ex
789 3366 1042 3422 essentia
1088 3366 1215 3436 ejus
1268 3365 1702 3437 procedentem,
1737 3364 1957 3419 dictum

298 3457 659 3513 Advocatum
703 3459 905 3527 utpote
952 3454 1050 3526 qui
1104 3470 1272 3510 voces
1324 3470 1643 3526 precesque
1691 3454 1957 3509 omnium

298 3544 535 3617 excipit,
566 3559 671 3616 per
699 3543 896 3599 omnia
949 3542 1204 3598 similem
1257 3542 1413 3598 Patri
1463 3547 1519 3597 et
1571 3542 1730 3614 Filio,
1758 3543 1858 3613 qui
1892 3561 1959 3598 ex

300 3635 467 3691 Patre
498 3632 738 3705 quidem
789 3630 1075 3706 procedit,
1126 3633 1226 3687 sed
1279 3648 1383 3704 per
1432 3631 1641 3688 Filium
1677 3631 1871 3703 datur,
1904 3638 1961 3688 et

299 3724 373 3780 ab
403 3722 564 3779 omni
598 3727 866 3778 creatura
891 3722 969 3795 (1)
1001 3721 1308 3795 accipitur.
1341 3725 1563 3776 Harum
1606 3720 1783 3777 trium
1826 3738 1957 3794 per-

302 3828 584 3870 sonarum
647 3812 858 3879 Patris,
910 3810 1062 3879 Filii,
1109 3814 1166 3868 et
1221 3810 1475 3883 Spiritus
1528 3811 1713 3867 sancti
1773 3828 1955 3867 unum

299 3902 681 3977 principium,
734 3920 853 3959 una
909 3906 1001 3959 est
1058 3905 1293 3970 natura,
1342 3918 1462 3958 una
1509 3900 1809 3969 divinitas,
1843 3919 1961 3958 una

296 3994 507 4061 forma,
543 4009 662 4049 una
690 3991 951 4048 essentia
980 3994 1038 4047 et
1066 3990 1348 4064 potentia.

2075 2915 2271 2990 αἰτίαν,
2314 2918 2413 2973 οὐκ
2456 2914 2515 2973 ἔκ
2569 2940 2716 2983 τινος
2770 2924 3113 2995 γεννηθέντα,
3147 2924 3383 2983 ἀναίτιον
3576 2931 3733 3008 ἀγάν-

2072 3028 2234 3078 νητον
2289 3002 2480 3080 μόνον,
2529 3009 2849 3086 ὖπάρχοντα
2897 3012 3108 3087 Πατέρα
3139 3035 3293 3091 φυσει
3350 3023 3446 3072 τοῦ
3506 3002 3735 3098 μονογε-

2073 3101 2197 3159 νοῦς
2256 3097 2383 3151 Υἱοῦ
2416 3098 2603 3166 αὑτοῦ,
2639 3099 2731 3154 καὶ
2785 3095 3065 3174 προϐολεα
3113 3108 3213 3159 τοῦ
3267 3105 3426 3181 ἁγίου
3484 3095 3730 3185 nuta“-

2071 3207 2186 3249 τος.
2221 3185 2326 3243 Καί
2356 3186 2434 3250 εἷς
2465 3183 2558 3243 ἕνα
2588 3189 2710 3244 Υἱὸν
2742 3190 2833 3245 τὸν
2871 3199 3164 3267 μονογενῆ⁹
3213 3194 3304 3250 τὸν
3339 3197 3533 3272 Κύριον
3566 3183 3726 3273 ἡμῶν

2071 3276 2279 3347 Ἰησοῦν
2335 3278 2589 3349 Χριστὸν.
2646 3279 2742 3333 Καὶ
2792 3279 2867 3341 είς
2904 3285 3120 3354 Πνεῦμα
3151 3284 3324 3358 ἅγιον,
3358 3286 3420 3342 οὗ
3451 3292 3725 3364 γεννώμι-

2069 3386 2161 3418 νυν
2219 3364 2279 3418 ἐκ
2304 3368 2400 3419 τοῦ
2434 3368 2664 3440 Πατρὸς,
2715 3365 2846 3422 ἀλλ’
2892 3368 2952 3424 ἐκ
2998 3378 3099 3440 τῆς
3151 3371 3336 3437 οὐσίας
3364 3376 3530 3433 αὐτοῦ
3561 3380 3723 3438 ἐκπο-

2071 3452 2383 3526 ρευόμενον,
2443 3455 2804 3529 ΙΙαράκλητον
2865 3456 3271 3532 όνομαζόμινον
3334 3465 3411 3527 ὡς
3462 3469 3556 3530 τὰς
3613 3476 3723 3525 τῶν

2072 3539 2214 3596 ὅλων
2268 3541 2638 3616 παρακλήαεις
2666 3542 2987 3620 δεχόμενον,
3026 3550 3162 3605 κατὰ
3188 3554 3388 3617 παντὸς
3420 3552 3613 3629 ὅμοιον
3642 3560 3723 3634 τῷ

2070 3631 2241 3719 ῌατρὶ
2290 3632 2378 3719 καὶ
2412 3632 2540 3706 Υἱῳ,
2600 3633 2660 3689 ἐκ
2700 3640 2797 3689 τοῦ
2848 3637 3059 3711 [ἰατρὸς
3123 3640 3220 3712 μὶν
3266 3631 3720 3719 ἐκπορευόμενον,

2070 3717 2141 3775 δι’
2172 3721 2297 3775 Υἳοῦ
2329 3718 2384 3775 Si
2430 3718 2851 3796 μεταδιδόμενον
2900 3726 2988 3781 καὶ
3024 3717 3581 3808 μεταλαμϐανόμενον
3618 3740 3721 3794 ὑπὸ

2068 3809 2249 3881 πάσης
2279 3808 2528 3874 κτίσέιυς.
2588 3816 2805 3868 To?»er
2858 3812 2915 3869 δὲ
2971 3821 3078 3871 τῶν
3136 3824 3304 3891 τριῶν
3350 3823 3719 3899 ὑποστάσεων,

2069 3900 2278 3989 [ἰατρὸς
2327 3897 2453 3989 Υἱοῦ
2519 3901 2608 3955 καὶ
2664 3902 2821 3978 ἁγίου
2880 3905 3220 3982 Πνιόματος,
3283 3912 3379 3983 μία
3417 3914 3589 3989 ἀρχή,
3626 3897 3722 3989 μία

2070 3986 2246 4065 φύσις,
2283 3987 2378 4061 μία
2433 3989 2647 4061 θεότης,
2707 3991 2806 4064 μία
2865 3996 3074 4071 μορφή,
3140 3996 3237 4070 μία
3295 3986 3717 4061 οὐσία-δύ·

2067 4099 2248 4152 ναμις.

294 4190 348 4243 2.
384 4189 459 4245 De
488 4188 770 4245 vocabuli:
793 4186 1123 4260 quibusdam
1134 4191 1209 4270 .in
1231 4189 1682 4270 anirtianorum
1711 4188 1966 4258 dogmate
1993 4192 2037 4258 Β

2076 4185 2137 4261 β’.
2200 4182 2328 4260 Περὶ
2391 4183 2673 4270 όνομάῖῳν
2753 4190 2916 4270 τινιΞΝ
2955 4185 3309 4270 λεγομίνων
3367 4193 3420 4250 ἐν
3480 4202 3559 4270 τῷ
3613 4205 3721 4255 τῶν

875 4259 1144 4330 usurpari
1170 4257 1378 4314 solitis.

369 4346 640 4402 Essentia
670 4350 728 4400 et
766 4349 979 4401 natura
1034 4343 1093 4399 in
1145 4349 1350 4401 sancta
1378 4350 1435 4402 et
1466 4345 1957 4404 consubstantiali

294 4438 577 4494 Trinitate
600 4452 782 4491 unum
821 4434 1096 4505 idemque
1126 4434 1386 4505 denotat,
1408 4436 1581 4493 ambo
1609 4437 1766 4495 enim
1800 4458 1958 4496 com-

295 4527 501 4584 munia
538 4529 678 4580 sunt
726 4528 783 4580 et
831 4521 1207 4591 universalia,
1241 4528 1300 4581 et
1330 4526 1400 4581 de
1450 4526 1639 4582 tribus
1690 4530 1959 4600 personis

294 4617 596 4684 dicuntur,
629 4628 883 4685 quarum
913 4629 1030 4668 una
1072 4616 1278 4669 natura
1323 4619 1382 4671 et
1430 4632 1551 4671 una
1601 4616 1956 4691 substantia,

296 4721 418 4761 una
449 4704 658 4769 forma,
692 4719 810 4758 una
858 4700 1158 4773 divinitas,
1186 4720 1305 4759 una
1349 4705 1560 4777 gratia,
1592 4722 1705 4761 una
1738 4708 1959 4779 paritas

296 4798 355 4851 et
406 4791 736 4867 aqualitas,
785 4807 902 4847 una
960 4789 1167 4863 gloria,
1220 4809 1339 4849 una
1373 4794 1687 4849 confessio
1736 4800 1794 4851 et
1841 4814 1958 4854 una

296 4881 583 4955 potentia.

368 4969 714 5045 Hypostasis
753 4973 810 5024 et
857 4985 1108 5041 persona
1138 4969 1414 5026 similiter
1460 4987 1643 5027 unum
1693 4978 1752 5031 et
1797 4974 1953 5033 idem

295 5061 667 5135 significant;
703 5075 836 5114 nam
866 5058 947 5114 ita
971 5059 1157 5127 Pater,
1183 5077 1237 5116 v.
1261 5077 1339 5130 g.,
1364 5060 1702 5133 hypostasis
1732 5070 1790 5120 et
1821 5082 1957 5138 per-

2582 4257 2918 4329 Χριστιανῶν
2951 4256 3204 4334 δόγματι.

2140 4344 2421 4435 Οὐσίαᾷκαὶ
2453 4366 2617 4435 φῗυσις
2640 4344 2726 4399 ἐπὶ
2766 4353 2864 4417 τῆς
2908 4350 3067 4424 ἁγίας
3103 4352 3192 4407 καὶ
3225 4354 3533 4427 ὁμοοπσίου
3558 4366 3721 4435 Τριάο

2070 4433 2164 4497 δος
2193 4433 2431 4504 τὸαύτὸν
2472 4434 2753 4512 ἀμφότερα
2796 4437 2895 4512 γὰρ
2944 4440 3101 4495 κοινᾶ
3156 4442 3247 4497 καὶ
3305 4433 3721 4520 ωθολικά,’καιὶ

2066 4524 2202 4580 κατὰ
2228 4527 2394 4599 τριῶν
2426 4521 2770 4579 ὖποστάσεων
2824 4525 3112 4602 λεγόμενα.
3162 4532 3378 4589 Τούτων
3417 4536 3513 4608 μία
3539 4540 3720 4616 φύσις,

2066 4613 2155 4668 καὶ
2190 4613 2342 4669 οὐσία
2375 4611 2493 4686 μία,
2535 4614 2624 4667 καὶ
2683 4616 2783 4688 μία
2842 4615 3169 4688 ἐκτύπωσις,
3233 4623 3333 4693 μία
3376 4611 3588 4692 θεότης,
3623 4630 3722 4701 μία

2066 4704 2248 4847 ἔαρος,
2286 4701 2383 4775 μία
2411 4700 2611 4772 ἰσότης,
2665 4702 2762 4777 μία
2816 4700 2965 4775 δόξα,
3002 4706 3098 4780 μίά
3142 4708 3436 4789 ὁμολογία,
3482 4716 3574 4771 καὶ
3620 4700 3721 4790 μία

2104 4813 2318 4847 υναιιις.

2104 4813 2296 4865 ’δναμις
2308 4836 2318 4848 .

2136 4969 2456 5033 ’Υπόστασις
2515 4969 2685 5025 πάλιν
2745 4973 2836 5026 καὶ
2895 4975 3188 5049 πρόσωπον
3243 4980 3306 5034 τὸ
3363 4980 3532 5038 αὐτό·
3601 4987 3715 5041 οἷον

2066 5058 2358 5122 ὑπόστασις
2417 5060 2506 5114 καὶ
2564 5059 2862 5137 πρόσωπον
2923 5064 2950 5117 ὁ
3009 5067 3218 5140 Πατὴρ,
3281 5069 3573 5137 ὑπόστασις
3625 5077 3717 5131 καὶ

294 5167 440 5207 ωηο
488 5153 595 5213 est,
630 5148 964 5237 hypostasis
994 5154 1051 5204 et
1092 5165 1342 5220 persona
1394 5149 1593 5219 Filius,
1622 5152 1954 5225 hypostasis

2076 5152 2355 5228 πρόσωπον
2388 5150 2417 5204 ὁ
2448 5149 2593 5218 Υἱὸς,
2638 5149 2928 5214 ὑπόστασις
2960 5152 3048 5207 καὶ
3080 5175 3374 5231 προσωπον
3402 5162 3464 5216 τὸ
3498 5168 3717 5237 Πνεῦμα

290 5244 348 5295 et
395 5253 641 5311 persona
674 5236 928 5308 Spiritus
980 5241 1243 5294 sanctus.
1278 5236 1554 5295 Glorifica
1602 5240 1785 5313 igitur
1834 5249 1953 5302 tres

2076 5244 2122 5298 rb
2184 5238 2357 5315 ἅγιον.
2394 5238 2591 5311 Δόξαζε
2623 5239 2714 5293 οὗν
2761 5241 2884 5313 τρία
2922 5242 3211 5317 πρόσωπα.
3246 5245 3372 5316 ἤτοι
3395 5258 3541 5325 τρεῖς
3574 5236 3714 5309 {ino-

290 5345 574 5401 personas
633 5326 751 5381 sive
810 5325 1187 5398 hypostases,
1238 5344 1415 5383 unam
1482 5346 1613 5386 vero
1675 5338 1950 5390 naturam

2076 5331 2292 5400 πάσεις,
2348 5327 2471 5401 μίαν
2535 5325 2592 5381 δέ
2648 5336 2804 5405 φύσιν
2849 5334 2957 5385 τῶν
3018 5332 3192 5389 αὐτῶν
3237 5337 3326 5391 καὶ
3384 5340 3596 5398 οὐσίαν.
3646 5345 3715 5399 Οἱ

290 5417 630 5474 earumdem
674 5421 851 5488 atque
891 5416 1231 5473 essentiam.
1264 5416 1457 5473 Sancti
1492 5419 1710 5493 quippe
1754 5422 1951 5480 Patres

2076 5422 2152 5476 >ὗν
2210 5417 2357 5494 ἅγιοι
2416 5418 2651 5493 Πατὲρες
2706 5416 2792 5472 ἐπὶ
2847 5424 2943 5474 τοῦ
3009 5423 3180 5478 αὐτοῦ
3231 5425 3484 5483 τάττουσι
3519 5431 3581 5486 ὐὸ
3611 5439 3712 5502 τῆς

289 5524 395 5581 pro
449 5523 566 5563 uno
614 5507 937 5577 eodemque
987 5510 1217 5576 ponunt
1270 5507 1552 5563 voeabula
1599 5513 1866 5569 essentia;
1892 5518 1950 5570 et

2076 5510 2246 5572 »ὖσίας
2276 5505 2366 5562 καὶ
2401 5504 2611 5583 φύσεως
2641 5507 2728 5561 καὶ
2789 5516 3008 5584 μορφῆς
3060 5509 3256 5586 ὄνομα.
3295 5516 3393 5572 καὶ
3424 5517 3588 5574 πάλιν
3623 5521 3708 5576 ἐπὶ

1885 5639 2115 5695 NOTAE.

366 5731 441 5804 (1)
472 5729 822 5788 Hominibus
852 5734 1012 5801 puta,
1046 5734 1110 5787 ut
1140 5732 1318 5789 Marc.
1352 5748 1468 5804 xw,
1504 5735 1610 5792 15:
1644 5641 2037 5811 Κηρόξατῗῗξ

2076 5732 2376 5812 ἱῦαγγὲλιον
2405 5733 2550 5807 πάσῃ
2582 5735 2649 5806 τῇ
2682 5733 2872 5788 κτίσει.
