4110 6434
434 417 555 479 689

435 645 780 715 χαρακτῆρα.
817 640 936 697 Μία
979 641 1070 695 οὗν
1119 641 1333 713 θεότης,
1385 643 1482 715 μία
1541 643 1717 721 φύσις,
1754 642 1850 715 μία
1907 641 2087 714 οὐσία,

435 728 534 803 μία
567 731 776 807 μορφή.
810 730 909 785 Καὶ
941 729 1108 786 πάλιν
1159 732 1284 806 τρία
1335 732 1622 807 πρόσωπα,
1655 739 1798 810 τρεῖς
1859 732 2088 788 ὑποστά-

434 838 568 890 σεις,
624 818 716 874 καὶ
771 825 920 894 τρεῖς
978 828 1347 897 χαρακτῆρες,
1400 829 1546 898 τρεῖς
1605 820 1894 893 ἰδιότητες.
1937 824 2089 880 Ἔστι

429 904 486 963 δὲ
517 904 729 980 ἰδιότης
764 908 851 965 ἰπὶ
906 910 1000 982 μὲν
1051 913 1147 964 τοῦ
1204 911 1500 986 Πατρὸς,ἡ
1551 910 1863 988 ἀγεννησία,
1897 910 1986 967 ἐπὶ
2035 907 2093 966 δὲ

424 1002 520 1052 τοῦ
581 998 725 1065 Υἱοῦ,
759 1000 794 1068 ἡ
827 996 1097 1073 γίννητις,
1146 996 1233 1053 ἐπὶ
1295 996 1353 1054 δὲ
1394 1003 1494 1053 τοῧ
1545 996 1698 1077 ἁγίου
1750 999 2088 1073 Πνεὺματοςι

424 1089 458 1157 ἡ
496 1085 845 1163 ἐκπόρευσις.

926 1178 992 1251 γ’.
1022 1177 1153 1252 Περὶ
1184 1175 1563 1234 ἑνυποστάτων
1575 1221 1587 1234 .

501 1336 747 1413 Πρόσεχε
775 1342 855 1409 τῷ
890 1337 1122 1411 ὀνόματι
1152 1337 1356 1412 τούτῳ,
1390 1336 1630 1394 δὲσποτά
1691 1361 1817 1412 μου,
1842 1339 2092 1410 πολυσήο

438 1448 639 1500 μαντον
669 1429 775 1504 γάρ
824 1428 958 1495 ἐστι,
991 1429 1054 1484 τὸ
1105 1426 1162 1485 δὲ
1211 1429 1416 1506 κυρίως
1466 1429 1597 1485 αὐτὸ
1655 1429 2089 1504 σημαινόμενον,

429 1514 868 1575 δυσκολώτατον.
903 1519 1128 1594 Λέγεται
1181 1517 1274 1574 οὗν
1320 1518 1672 1586 ἐνυπόστατα,
1722 1524 1869 1575 πᾶσα
1915 1518 2091 1595 ὕπαρ·

440 1605 519 1678 Et:
580 1604 689 1662 εἷ’τε
746 1609 1034 1682 σωματικὴ
1089 1606 1195 1664 sive
1242 1609 1587 1682 ἀσωματική,
1620 1610 1739 1664 καθ’
1778 1610 1809 1664 ὃ
1859 1609 2094 1687 ὑφεστη-

427 1716 539 1762 κεν,
576 1695 715 1751 ὥστε
743 1698 879 1751 κατὰ
904 1701 1094 1752 τοῦτον
1120 1698 1210 1752 τὸν
1246 1695 1410 1774 λόγον
1444 1695 1621 1760 εἶ’ποις
1670 1698 1958 1773 ἀνθρώπου
2001 1694 2093 1752 καὶ

434 1785 496 1840 τὸ
525 1791 730 1859 χρῶμα
769 1788 857 1841 καῖ
888 1788 988 1858 τὴν
1023 1787 1209 1843 οὐσίαν
1257 1782 1641 1858 ἐνυπόστατον,
1672 1786 1874 1864 κυρίως
1925 1784 1983 1843 δὲ
2030 1787 2093 1843 τὸ

1619 425 1720 485 DE
1765 424 2200 486 OMNIFARIA
2249 425 2672 487 DOCTltINA.

433 554 532 606 τοῦ
561 549 726 604 αὐτοῦ
774 551 837 605 τὸ
875 552 1170 627 πρόσωπον
1222 552 1312 607 καὶ
1362 555 1459 624 τὴν
1511 550 1796 609 ὑπόστασιν
1847 554 1936 610 καὶ
1993 553 2075 609 τὸν

2201 561 2422 612 naturae
2487 562 2546 613 et
2602 558 2802 613 formae

3737 430 3858 493 690

2855 574 2868 613 :
2930 575 2996 615 ac
3052 558 3310 615 vicissim
3371 559 3527 616 idem
3587 558 3702 617 illis
3767 566 3857 618 est

2200 662 2473 719 persona,
2532 646 2836 703 character
2864 653 2922 703 et
2965 648 3321 721 hypostasis.
3354 648 3481 705 Una
3528 650 3726 723 itaque
3770 644 3865 707 est

2199 736 2502 807 Divinitas,
2557 755 2674 794 una
2735 744 2988 794 natura:
3024 756 3139 794 una
3184 739 3456 811 essentia,
3493 756 3611 796 una
3656 739 3865 796 forma.

2199 827 2315 882 Nec
2348 826 2546 883 minus
2573 832 2693 884 tres
2724 832 2862 884 sunt
2883 845 3168 900 personis,
3189 831 3310 885 tres
3338 828 3705 902 hypostases,
3741 833 3864 885 tres

2199 916 2602 989 proprietates.
2635 916 2739 972 Est
2791 919 2988 973 autem
3021 917 3349 991 proprietas
3398 918 3589 975 Patris
3620 917 3858 990 quidem

2205 1005 2362 1077 quod
2405 1004 2482 1061 sit
2508 1004 2829 1078 ingenitus,
2864 1006 2991 1061 Filii
3024 1007 3180 1079 quod
3212 1007 3447 1080 genitus
3476 1011 3566 1064 est
3593 1024 3629 1064 a
3660 1006 3850 1075 Patre,

2198 1093 2460 1166 Spiritus
2496 1095 2680 1152 sancti
2712 1096 2868 1167 quod
2900 1095 3182 1169 procedit.

2201 1184 2250 1239 3.
2289 1185 2364 1239 De
2389 1183 2769 1257 enhypostati:
2812 1186 3382 1312 sive_quaetpersona3
3421 1187 3537 1243 sive
3581 1185 3869 1259 hypostasi

2933 1273 3100 1312 msun
3134 1298 3148 1312 .

2933 1273 3121 1313 msum
3134 1298 3148 1313 .

2277 1346 2551 1410 Attende,
2587 1346 2824 1402 domine
2854 1345 2958 1414 mi,
2992 1345 3130 1402 huic
3168 1346 3454 1402 vocabulo
3486 1343 3868 1401 ἐνυποστάτου·

2205 1432 2376 1505 plura
2400 1434 2554 1489 enim
2592 1434 2911 1507 signiﬁcat,
2945 1439 3002 1490 et
3031 1436 3169 1508 quid
3206 1438 3439 1508 proprie
3470 1437 3728 1504 denotet,
3754 1453 3868 1491 non

2206 1523 2349 1578 adeo
2382 1523 2545 1578 dictu
2579 1524 2749 1580 facile
2794 1528 2903 1580 est.
2937 1523 3227 1580 Dicuntur
3253 1523 3407 1580 enim
3460 1524 3657 1581 inesse
3685 1524 3868 1597 hypo-

2205 1612 2346 1667 stasi
2382 1628 2743 1684 quaecunque
2773 1630 2867 1668 res
2906 1613 3026 1669 sive
3059 1613 3393 1687 corporales
3424 1614 3545 1670 sive
3598 1615 3867 1686 incorpo-

2204 1704 2356 1758 ralcs
2388 1708 2659 1775 respectu
2684 1704 2811 1775 ejus
2844 1703 2900 1758 in
2927 1721 3042 1775 quo
3066 1709 3224 1773 sunt,
3250 1720 3366 1775 quo
3394 1720 3573 1760 sensu
3604 1702 3867 1760 hominis

2204 1796 2261 1846 et
2292 1791 2452 1848 color
2479 1797 2536 1847 et
2564 1794 2825 1849 essentia
2875 1793 3069 1848 inesse
3115 1793 3420 1865 hypostasi
3469 1793 3700 1860 dicitur,
3728 1809 3864 1865 pro-

434 1876 527 1946 μὶν
561 1880 767 1951 χρῶμα
798 1875 1278 1952 ὲτεροϋπόστατον.
1320 1876 1431 1933 Οὔκ
1477 1871 1592 1953 ἔχει
1641 1877 1741 1953 γὰρ
1792 1874 1935 1932 ἲδίαν
1985 1876 2075 1930 ὕπ-

504 1966 523 1983 b
646 1962 691 1983 ’Ἴ
712 1964 731 1983 ‘
751 1967 763 1983 9
792 1963 806 1983 ’
925 1966 937 1983 1
1115 1965 1142 1983 ΩΙ
1194 1966 1206 1983 Ι
1463 1968 1526 1983 III
1563 1963 1607 1983 λυ
1711 1966 1724 1983 3
1778 1965 1790 1983 Ι
1995 1965 2006 1983 Ι

2206 1880 2329 1952 prie
2371 1888 2561 1937 tamen
2615 1881 2774 1937 color
2802 1883 2876 1936 ab
2908 1882 3090 1936 altero
3141 1882 3315 1936 habet
3360 1882 3513 1952 quod
3562 1880 3858 1947 subsistit,

430 1966 601 2037 αρξιν,
635 1962 763 2021 ἀλλ’
787 1963 839 2020 ἐν
872 1966 1083 2039 σώματι
1115 1965 1422 2043 ὑφέστηκεν.
1463 1968 1527 2023 Ἦ
1560 1963 1618 2021 δὲ
1670 1965 1826 2022 οὐσία
1882 1965 2084 2043 κυρίως

422 2052 736 2117 ὑπόστασις,
753 2054 881 2111 ἀλλ’
904 2055 1003 2111 οὐκ
1036 2055 1418 2129 ἐνυπόστατος.
1436 2053 1594 2112 Ἀλλ’
1625 2054 1776 2128 ὅμως
1803 2075 2086 2132 καταχρη-

425 2148 628 2206 στικῶς
672 2141 919 2218 λέγονται
962 2145 1052 2200 καὶ
1082 2149 1248 2200 ταῦτα
1281 2144 1631 2201 ἐνυπόστατα.
1668 2142 1838 2199 Πάλιν
1872 2144 2083 2221 λέγεται

427 2231 785 2289 ἰνυπόστατον
820 2235 848 2289 6
877 2236 998 2298 καθ’
1029 2232 1166 2289 ὅλου
1210 2234 1519 2308 ἅνθρωπος,
1548 2235 1680 2309 ὅπερ
1726 2234 2084 2307 ὀνομάζουσιν

427 2322 477 2375 οἱ
508 2316 608 2392 ἔξω
641 2319 937 2399 φιλόσοφοι
971 2321 1353 2381 εἲδικώτατον.
1384 2323 1774 2386 Ἒνυπόστατος
1826 2320 1883 2378 δὲ
1929 2322 2086 2399 λέγι-

413 2430 500 2465 ται
551 2412 579 2465 6
635 2413 754 2466 καθ’
787 2409 923 2467 ὅλου
994 2409 1300 2489 ἅνθρωπος,
1347 2413 1421 2475 ὡς
1477 2412 1528 2467 ἐν
1587 2419 1707 2477 ταῖς
1764 2413 2084 2469 ὑποστάσεσι

417 2500 829 2576 θεωρούμενος,
864 2504 1003 2569 οἷον⁷
1039 2501 1090 2555 ἐν
1135 2501 1215 2574 τῷ
1264 2501 1452 2576 Πέτρῳ
1500 2502 1589 2557 καὶ
1620 2507 1698 2574 τῷ
1741 2502 1945 2576 Παύλῳ
1994 2516 2083 2570 καὶ

414 2594 532 2643 τοῖς
566 2586 790 2651 λοιποῖς
825 2595 1072 2667 μερικοῖς
1105 2590 1436 2666 ἀνθρώποις.
1466 2590 1598 2666 Τρία
1631 2589 1722 2645 οὖν
1768 2595 1933 2646 ταῦτα
1984 2596 2082 2646 τοῦ

414 2676 782 2734 ἐνυποστάτου
814 2678 1085 2755 λεγόμενα
1116 2679 1493 2754 σημαινόμενα
1530 2680 1596 2734 οὑ
1640 2678 1779 2735 πάνυ
1839 2677 2081 2735 δύσκολα

418 2766 497 2829 εἷς
526 2766 858 2841 κατάληψιν.
892 2768 1022 2844 Περὶ
1066 2772 1162 2823 τοῦ
1210 2770 1472 2845 τετάρτου
1517 2772 1614 2824 τοῦ
1664 2765 2079 2846 δυσκολωτὲρου

415 2854 606 2935 ἐφεξῆς
639 2856 868 2932 ἰροῦμεν
881 2902 892 2915 .

917 3036 979 3095 δ’.
1014 3036 1145 3112 Περὶ
1178 3036 1569 3093 ἐνυποστάτου.

495 3126 891 3185 Ἐνυπόστατόν
946 3126 1057 3183 ἐστι
1114 3127 1176 3183 τὸ
1232 3125 1390 3199 ἄλλῳ
1448 3124 1692 3203 διαφόρῳ
1762 3125 1898 3180 κατᾶ
1974 3126 2072 3195 τήν

413 3217 599 3272 οὐσίαν
633 3217 710 3281 si:
743 3217 858 3281 ἑνὸς
905 3218 1154 3273 σῦστασιδ
1200 3218 1500 3293 προσώπου
1542 3214 1630 3270 καὶ
1686 3220 1812 3286 μιᾶς
1864 3214 2072 3289 γένεσιν

2199 1987 2311 2024 non
2365 1969 2520 2025 enim
2573 1971 2791 2042 gaudet
2836 1970 2963 2043 ipse
3012 1970 3399 2027 subsistentia
3455 1971 3713 2043 propria,
3753 1970 3855 2026 sed

2196 2059 2471 2115 subsistit
2499 2059 2556 2114 in
2588 2076 2827 2132 corpore
2859 2077 2871 2114 :
2897 2060 3158 2116 essentia
3178 2076 3313 2115 vero
3344 2058 3577 2132 proprie
3604 2059 3735 2131 ipsa
3765 2063 3858 2115 est

2195 2147 2551 2221 bypostasis,
2584 2165 2699 2204 non
2751 2165 2885 2204 vero
2932 2149 3087 2204 inest
3131 2148 3454 2222 hypostasi.
3483 2151 3752 2204 Attamen
3789 2152 3848 2204 et

2194 2236 2317 2291 haec
2350 2237 2813 2294 subsistentibus
2843 2238 3037 2294 inesse
3067 2239 3362 2293 dicuntur.
3396 2237 3670 2295 Vicissim
3703 2236 3848 2293 dici-

2194 2329 2293 2380 tur
2335 2327 2509 2381 etiam
2570 2326 2765 2383 inesse
2821 2326 3286 2382 subsistentibus
3343 2326 3519 2382 homo
3578 2326 3852 2384 universe

2195 2415 2620 2477 consideratus.
2691 2433 2865 2486 quem
2926 2415 3257 2488 philosophi
3312 2415 3536 2471 externi
3591 2415 3847 2488 speciem

2193 2504 2682 2576 specialissimam
2715 2505 2995 2560 vocitant.
3022 2505 3219 2560 Inesse
3245 2508 3439 2559 autem
3473 2503 3850 2560 subsistenti-

2193 2594 2304 2648 bus
2336 2594 2458 2647 sive
2497 2593 2818 2648 individuis
2852 2593 3086 2661 dicitur,
3120 2594 3271 2663 quod
3320 2592 3379 2648 in
3425 2591 3546 2648 illis
3574 2594 3847 2649 observa-

2190 2688 2305 2743 tur,
2338 2699 2392 2736 ν.
2426 2699 2474 2751 g.
2512 2670 2568 2736 in
2604 2682 2792 2749 Petro,
2824 2682 3004 2736 Paulo
3035 2686 3093 2737 et
3122 2681 3254 2737 aliis
3304 2681 3558 2752 singulis
3585 2680 3846 2737 homini-

2189 2770 2319 2825 bus.
2350 2771 2485 2827 Tria
2517 2770 2638 2826 haec
2669 2769 2997 2843 signiﬁcata
3028 2773 3126 2824 τοῦ
3154 2767 3518 2824 ἐνυποστάτου
3551 2786 3666 2826 non
3701 2770 3845 2827 adeo

2188 2858 2453 2914 difﬁcilia
2495 2859 2925 2931 comprehensu
2960 2864 3120 2927 sunt,
3153 2861 3224 2916 de
3256 2864 3468 2933 quarto
3516 2858 3845 2915 difﬁciliore

2178 2948 2305 3019 jam
2336 2964 2468 3004 sum
2502 2946 2792 3003 dicturus.

2330 3038 2383 3091 4.
2415 3037 2488 3092 De
2532 3038 2922 3109 Enhypostato,
2954 3038 3071 3093 sive
3104 3038 3482 3108 personaliter
3509 3039 3697 3094 unico.

2257 3125 2728 3198 Enhypostatum
2757 3125 2901 3180 illud
2926 3125 3048 3182 sive
3068 3126 3455 3198 personaliter
3473 3126 3706 3182 unitum
3729 3128 3840 3195 est,

2184 3215 2336 3285 quod
2375 3218 2597 3269 naturas
2630 3214 2797 3270 alteri
2837 3215 3095 3272 essentia
3126 3214 3415 3270 differenti
3462 3215 3523 3270 in
3573 3228 3841 3286 persona

418 3308 765 3370 ὑποστάσεως
842 3308 1191 3382 συγκείμενον
1247 3283 1360 3361 ’καὶ
1441 3306 1926 3383 συνυφιστάμινον,
1991 3305 2065 3376 μὴ

2190 3283 2358 3358 Liuius
2386 3302 2504 3359 sive
2536 3303 2920 3375 hypostaseos
2952 3303 3432 3359 constitutionem
3458 3307 3517 3358 et.
3545 3283 3837 3374 composi-

417 3396 667 3474 μέντοιγε
736 3396 828 3451 καὶ
903 3396 1023 3459 καθ’
1082 3396 1239 3450 ἑαυτὸ
1313 3394 1740 3471 γνωριζόμενον.
1801 3392 2064 3469 Ηρόσεχε,

411 3482 647 3540 δὲσποτά
690 3506 816 3558 μου,
850 3489 932 3557 τῷ
982 3485 1197 3560 ὁρισμῷ
1249 3488 1345 3539 τοῦ
1405 3483 1788 3547 ἐνυποστάτου,
1823 3484 1884 3539 Ἥ
1944 3482 2067 3558 ἁγία

408 3572 675 3642 καθολικὴ
724 3573 1022 3642 Ἐκκλησία
1084 3572 1172 3627 ἐπὶ
1219 3579 1321 3643 τῆς
1380 3571 1699 3644 οἰκονομίας
1752 3572 1875 3643 μίαν
1934 3571 2066 3626 ὑπό-

414 3684 593 3717 στασιν
646 3661 961 3738 δογματίζει
1017 3663 1108 3717 καὶ
1168 3659 1263 3716 δύο
1332 3661 1537 3736 φύσεις.
1588 3662 1905 3716 Ὕπόστασιν
1973 3661 2063 3716 τὸν

417 3747 755 3827 σαρκωθέντα
811 3752 958 3817 Υἱὸν,
1000 3751 1185 3826 φύσεις
1228 3748 1287 3805 δὲ
1349 3751 1581 3818 θεότητα
1630 3750 1721 3804 καὶ
1782 3750 2065 3824 ἀνθρωπό-

411 3861 568 3910 τητα.
600 3841 670 3895 Τὸ
704 3838 794 3894 οὖν
829 3844 989 3912 σῶμα
1015 3841 1077 3894 τὸ
1123 3837 1375 3914 ἔμψυχον
1432 3837 1523 3893 καὶ
1574 3832 1777 3907 ἔννουν,
1809 3838 1838 3892 6
1895 3857 2063 3912 προσ-

415 3923 640 3984 ελάϐετο
699 3930 727 3983 ὁ
786 3928 981 4003 Κύριος
1040 3931 1204 4001 ἡμῶν
1243 3930 1453 3997 Ἰησοῦς
1502 3928 1755 4002 Χριστὸς,
1789 3926 1851 3982 οὗ
1907 3924 2070 3983 καλεῖ

419 4018 734 4086 ὑπόστασιν,
776 4017 866 4074 ’ίνα
920 4020 995 4092 μὴ
1042 4019 1241 4094 εὑρεθῇ
1291 4016 1520 4093 λέγουσα
1566 4015 1663 4073 δύο
1724 4019 2065 4090 ὑποστάσεις,

419 4107 551 4182 ὅπερ
599 4104 852 4184 ἐφλυάρει
898 4107 1199 4184 Νοστόριας
1241 4107 1269 4161 6
1318 4107 1612 4182 αἱρετικὸς,
1646 4105 1774 4163 ἀλλ’
1810 4106 2065 4180 ὀνομάζει

415 4193 795 4265 ἐνυπόστατον,
831 4196 907 4259 ὡς
934 4197 985 4251 ὲν
1036 4200 1105 4272 τῇ
1149 4200 1246 4253 τοῦ
1294 4197 1424 4251 Υἱοῦ
1475 4195 1762 4252 ὑποστάσει
1816 4195 1880 4251 τὸ
1932 4196 2064 4251 εῖναι

410 4283 499 4339 καὶ
530 4286 593 4340 τὸ
627 4284 922 4356 ὑποστῆναι
956 4281 1126 4341 λαϐὸν
1157 4286 1246 4340 καὶ
1284 4283 1412 4358 μηδ’
1444 4285 1518 4349 ὡς
1569 4285 1620 4341 ἐν
1855 4283 2066 4364 ὀφθαλ-

415 4378 520 4447 μοῦ
552 4375 924 4451 προϋποστάν.
960 4374 1132 4437 Αὐτὸς
1164 4374 1264 4451 γὰρ
1299 4376 1326 4429 6
1366 4375 1599 4451 Χριστὸς
1647 4374 1745 4448 μία
1798 4371 1872 4429 ὣν
1933 4375 2064 4431 ὑπό-

409 4484 618 4536 στασις,
680 4461 893 4538 μᾶλλον
955 4460 1033 4531 δὲ,
1074 4460 1169 4518 ’ίνα
1225 4464 1546 4541 σαφέστερον
1606 4462 1764 4531 εἶ’πω,
1824 4462 1983 4527 αὑτὸς
2036 4465 2064 4519 6

408 4553 532 4615 Υἱὸς
559 4556 657 4607 τοῦ
690 4556 825 4608 Θεοῦ
858 4551 955 4626 μία
986 4549 1059 4607 ὢν
1096 4551 1385 4614 ὑπόστασις
1431 4559 1534 4620 τῆς
1592 4552 1751 4626 ἁγίας
1802 4550 2063 4628 Τριάδος,

2176 3392 2396 3447 tionem
2451 3392 2713 3447 additum
2766 3396 2857 3447 est
2887 3395 2945 3447 et
2983 3392 3273 3462 coexistit,
3305 3407 3414 3446 nec
3462 3407 3566 3462 per
3612 3407 3676 3446 se
3719 3390 3839 3446 sive

2178 3481 2425 3537 seorsim
2477 3481 2802 3536 subsistere
2852 3479 3249 3550 cognoscitur.
3300 3479 3570 3548 Attende,
3602 3479 3838 3535 domine

2176 3571 2277 3637 mi,
2311 3569 2638 3624 deﬁnitioni
2674 3569 3069 3641 enhypostati.
3096 3573 3312 3625 Sancta
3343 3567 3600 3624 Ecclesia
3629 3568 3835 3623 eatho~

2174 3659 2289 3714 lica
2313 3659 2369 3713 in
2395 3659 2801 3714 incarnatione
2826 3658 3043 3714 Christi
3074 3675 3255 3715 unam
3279 3674 3591 3731 personam
3613 3661 3669 3713 et
3688 3658 3837 3713 duas

2176 3753 2421 3803 naturas
2451 3748 2640 3804 docet.
2683 3751 3024 3816 Personam,
3060 3747 3273 3804 Filium
3303 3750 3697 3811 incarnatum,
3731 3762 3836 3802 na-

2173 3842 2342 3892 turas
2392 3853 2551 3900 vero.
2595 3836 2961 3892 divinitatem
3017 3841 3075 3892 et
3121 3835 3578 3893 humanitatem.
3613 3835 3837 3908 Corpus

2175 3925 2360 3997 igitur
2389 3926 2585 3981 anima
2636 3930 2693 3980 et
2740 3930 2936 3980 mente
2982 3925 3292 3997 praeditum
3345 3926 3501 3997 quod
3551 3925 3835 3981 Dominus

2176 4020 2378 4071 noster
2406 4014 2579 4070 Jesus
2608 4014 2878 4070 Christus
2911 4015 3257 4086 assumpsit,
3287 4031 3400 4069 non
3433 4018 3599 4070 vocat
3629 4030 3836 4086 perso—

2176 4120 2336 4170 nam,
2360 4121 2432 4160 ne
2458 4102 2796 4158 inveniatur
2820 4105 2970 4159 duas
3001 4119 3214 4176 ponere
3241 4120 3543 4176 personas,
3566 4111 3628 4160 ut
3650 4103 3833 4160 haere-

2174 4194 2332 4250 ticus
2371 4193 2675 4249 Nestorius
2710 4198 2970 4264 nugatus
3000 4196 3113 4263 est,
3138 4194 3237 4249 sed
3270 4200 3436 4249 vocat
3476 4192 3835 4267 enhyposta-

2174 4287 2325 4353 tum,
2351 4283 2470 4339 sive
2496 4283 2730 4337 unitum
2765 4282 3059 4355 personali
3082 4282 3329 4350 ratione,
3358 4286 3563 4355 utpote
3587 4284 3743 4355 quod
3772 4282 3836 4339 in

2175 4372 2303 4429 Filii
2336 4388 2588 4444 persona
2629 4375 2686 4427 et
2728 4376 2794 4427 ut
2821 4371 2919 4441 sit,
2951 4375 3009 4428 et
3038 4376 3102 4427 ut
3133 4371 3423 4429 subsistat
3451 4373 3694 4445 accepit,
3729 4389 3836 4429 nec

2176 4478 2281 4534 per
2310 4466 2674 4518 momentum
2709 4464 2880 4517 antea
2913 4460 3200 4517 substitit.
3228 4460 3357 4517 Sive
3386 4462 3582 4534 potius
3613 4466 3677 4518 ut
3706 4478 3835 4533 per-

2175 4550 2379 4623 spicue
2409 4549 2600 4623 magis
2622 4550 2839 4617 dicam,
2865 4549 3050 4606 Filius
3080 4550 3207 4623 ipse
3237 4550 3339 4606 Dei
3365 4568 3499 4607 cum
3531 4556 3688 4609 esset
3717 4568 3836 4607 una

409 4642 604 4718 γίγονε
662 4641 753 4697 καὶ
800 4645 881 4714 τῷ
940 4640 1179 4715 σώματι,
1218 4641 1265 4715 ᾦ
1318 4635 1713 4711 προσελάϐετο,
1752 4639 2064 4710 ὑπόστασις,

2190 4656 2245 4697 3x
2275 4639 2543 4712 personis
2592 4638 2984 4696 sanctissimas
3030 4638 3359 4709 Trinitatis,
3391 4641 3568 4696 etiam
3619 4657 3834 4714 corpus

411 4730 549 4786 ὥστε
604 4731 667 4787 τὸ
725 4734 886 4805 σῶμα
941 4735 1038 4786 τοῦ
1105 4730 1305 4809 Κυρίου
1361 4729 1719 4785 ἐνυπόστατον
1779 4730 1898 4804 μὲν,
1958 4729 2065 4805 οὐχ

412 4821 702 4886 ὑπόστασις
734 4818 811 4876 δέ.

944 5002 1002 5059 ε’.
1037 4999 1167 5077 Περὶ
1201 5001 1229 5056 6
1238 4999 1520 5075 μοουσίου.

476 5088 785 5164 “Ομοοὺσια
834 5087 1046 5167 λέγεται
1097 5089 1197 5146 ὅσα
1255 5095 1376 5155 ταῖς
1443 5090 1536 5163 μὶν
1609 5086 1928 5143 ὑποστάσεσι
1983 5085 2064 5142 δι-

412 5178 650 5253 ῄρηνται
679 5178 772 5233 ἀπ’
802 5177 1092 5251 ἀλλήλων,
1122 5182 1191 5254 τῇ
1224 5176 1282 5235 δὶ
1322 5179 1480 5252 οὐσίᾳ
1515 5177 1773 5247 ἧνωνται.
1803 5178 1933 5234 Οἷον
1961 5175 2067 5253 ἐγὼ

412 5265 500 5319 καὶ
534 5266 595 5319 σὺ
627 5267 718 5321 καὶ
747 5269 944 5330 πάντες
987 5268 1038 5324 οἳ
1088 5268 1222 5324 κατᾶ
1273 5267 1437 5345 μέρος
1496 5264 1796 5344 ἄνθρωποι,
1834 5267 2066 5322 ὑποστά-

413 5374 522 5416 σεις
553 5354 712 5429 ἐσμεν
742 5353 905 5432 διῃρη
919 5357 1071 5430 μὲναι
1103 5356 1195 5411 ἀπ’
1227 5356 1517 5429 ἀλλήλων,
1556 5356 1659 5412 ὑπὸ
1691 5352 1748 5410 δὲ
1795 5356 1923 5429 μίαν
1976 5356 2067 5411 οὗ·

414 5443 528 5499 σίαν
563 5444 886 5521 ἀναγόμενοι
935 5444 1072 5501 κατᾶ
1098 5444 1190 5501 τὸν
1222 5447 1403 5503 κοινὸν
1437 5443 1600 5522 λόγον
1632 5453 1731 5518 τῆς
1778 5445 2065 5524 ἀνθρωπό-

411 5554 601 5605 τητος’
634 5534 774 5589 κατᾶ
798 5539 928 5610 γοῦν
957 5535 1049 5591 τὸν
1087 5534 1246 5613 λόγον
1289 5536 1482 5592 τοῦτόν
1540 5535 1698 5611 ἐσμεν
1754 5535 2066 5612 ὑμοούσιοι.

413 5628 459 5682 Ο
491 5623 682 5699 Ηατῆρ
715 5620 807 5678 οὖν
838 5624 930 5679 καὶ
962 5624 990 5679 6
1021 5624 1144 5687 Υἱὸς
1200 5626 1291 5681 καὶ
1337 5626 1402 5682 τὸ
1460 5626 1610 5703 ἅγιον
1666 5628 1908 5701 Πνεῦμα,
1934 5627 2071 5682 κατὰ

418 5713 517 5788 μὶν
547 5712 643 5777 τὰς
676 5713 995 5776 ὑποστάσεις
1054 5710 1364 5788 διῄρηνταιο
1398 5711 1573 5779 ἄλλος
1620 5716 1721 5793 γὰρ
1780 5716 1808 5771 6
1855 5715 2068 5791 Πατὴρ,

770 5803 798 5859 ὁ
850 5802 996 5876 Υἱὸς,
1029 5800 1121 5858 καὶ
1181 5798 1356 5866 ἄλλος
1396 5802 1461 5859 τὸ
1502 5807 1724 5879 Πνεῦμα
1776 5805 1840 5861 τὸ
1896 5806 2067 5880 ἅγιοψ

2175 4729 2331 4800 quod
2382 4728 2706 4801 assumpsit
2752 4728 2811 4784 in
2866 4745 3178 4801 personam
3237 4745 3406 4785 suam
3463 4729 3745 4802 suscepit,
3769 4734 3836 4787 ut

2175 4835 2389 4892 corpus
2419 4818 2652 4874 Domini
2698 4834 2963 4890 personae
2993 4818 3233 4890 quidem
3284 4818 3516 4874 unitum
3564 4822 3739 4889 esset,
3773 4822 3834 4875 at

2173 4923 2426 4980 persona
2456 4924 2573 4964 non
2606 4912 2781 4964 esset.

2657 5001 2711 5055 5.
2754 5005 2833 5056 De
2859 5000 3340 5056 consubstantiali.

2246 5089 2786 5147 Consubstantialia
2812 5090 3050 5146 dicuntu
3062 5106 3489 5162 r,qua3cunque
3510 5090 3833 5149 subsisten-

2174 5179 2317 5236 tiam
2353 5180 2592 5252 quidem
2632 5180 2852 5236 habent
2896 5184 3248 5251 separatam,
3284 5180 3672 5238 subsistentia
3699 5197 3834 5239 vero

2176 5269 2477 5325 communi
2516 5270 2868 5341 junguntur.
2902 5270 2996 5325 Sic
3035 5286 3139 5337 ego
3169 5275 3225 5325 et
3256 5274 3317 5325 tu
3370 5274 3427 5325 et
3479 5269 3696 5343 singuli
3730 5279 3835 5329 ho-

2176 5358 2390 5428 mines,
2425 5376 2689 5431 personas
2720 5358 2967 5414 invicem
3001 5358 3293 5415 distinctae
3327 5376 3558 5430 sumus,
3593 5360 3692 5417 sed
3725 5363 3838 5418 sub

2178 5465 2301 5504 una
2343 5448 2679 5503 substantia
2709 5451 2765 5502 et
2803 5447 3103 5503 communi
3159 5448 3550 5506 humanitatis
3601 5450 3838 5508 notione

2177 5537 2764 5610 comprehendimur;
2799 5553 2985 5606 eoque
3024 5542 3291 5610 respectu
3340 5555 3550 5595 sumus
3579 5541 3838 5597 consub-

2178 5625 2508 5684 stantiales.
2532 5626 2820 5682 Eumdem
2849 5625 2912 5682 in
2935 5627 3177 5683 modum
3210 5627 3398 5695 Pater,
3426 5627 3608 5685 Filius
3627 5633 3685 5686 et
3705 5630 3837 5705 Spi-

2177 5717 2330 5773 ritus
2360 5720 2604 5774 sanctus
2634 5714 2904 5789 personis
2927 5714 3165 5787 quidem
3196 5716 3457 5773 distincti
3488 5723 3649 5788 sunt,
3683 5720 3834 5777 alius

2179 5805 2338 5864 enim
2366 5808 2457 5863 est
2482 5805 2676 5875 Pater,
2709 5804 2858 5862 alius
2903 5803 3109 5875 Filius,
3140 5810 3199 5863 et
3228 5805 3383 5863 alius
3409 5804 3663 5879 Spiritus
3689 5823 3832 5866 san-
