4110 6398
364 438 482 499 693

1548 436 1650 495 DE
1693 430 2137 495 OMNIFARIA
2180 425 2610 490 DOCTRINA.

3669 413 3792 474 696

367 571 423 624 οἱ
456 567 646 623 λοιποὶ
680 566 814 622 κατὰ
856 568 1023 643 μίρος
1052 564 1326 641 ἅνθρωποι
1357 570 1476 629 τοῖς
1532 565 1807 627 τοιούτοις
1865 560 2018 618 ἰδιώ-

2137 562 2271 629 cris,
2303 558 2457 616 cutis
2487 554 2758 622 candida,
2794 551 2942 607 nihil
2986 551 3045 605 in
3086 549 3303 621 lingum
3334 562 3445 602 usu
3495 546 3553 601 et
3599 542 3792 601 elocu-

370 680 526 732 μασιν
562 657 929 726 ὐποστατικήν
963 655 1227 731 διαφορὰν
1258 649 1504 731 ἔχουσιν.

571 929 633 981 0⁸.
668 925 798 1002 Περὶ
834 931 1097 1000 σχετικῆς
1128 924 1372 987 ὲνώσεως
1412 924 1497 978 καὶ
1533 921 1816 1000 διαφορᾶς.

438 1017 678 1091 Σχετική
710 1013 902 1077 ἓνωσίς
934 1014 1044 1068 ἐστι
1078 1013 1271 1089 φιλικὴ
1318 1011 1575 1085 διάθεσις,
1695 1009 2022 1085 θελημάτων

365 1107 703 1178 ὀμονοητικὴ
739 1104 986 1178 ὁμόνοια.
1026 1105 1092 1162 Οἱ
1122 1108 1249 1179 γοῦν
1298 1102 1480 1182 φιλίαν
1541 1103 1679 1177 πρὸς
1735 1098 2022 1171 ἀλλήλους

363 1193 608 1271 ἔχοντες,
652 1195 788 1249 κατᾶ
840 1194 902 1250 τὸ
961 1192 1101 1257 εἶδος
1159 1201 1261 1263 τῆς
1321 1192 1505 1270 φιλίας
1565 1191 1814 1266 λέγονται
1871 1187 2017 1266 ἔχειν

363 1286 625 1361 σχετικὴν
648 1280 865 1340 ἕνωσιν.
899 1286 954 1337 '0
985 1288 1111 1359 γοῦν
1145 1281 1414 1354 θεήλατος
1460 1281 1751 1356 Νεστόριος
1801 1281 1828 1335 6
1877 1280 2017 1356 αἱρε·

360 1374 515 1437 τικὸς
566 1382 643 1447 μή
705 1372 1009 1449 δεχόμενος
1057 1374 1119 1429 τὸ
1175 1372 1627 1441 ἐκκλησιαστικὸν
1679 1367 1876 1447 δόγμα,
1934 1369 2015 1425 ὅτι

359 1462 520 1526 αὐτὸς
577 1465 604 1519 ὁ
647 1464 776 1525 Θεὸς
821 1462 1031 1539 ἐγένετο
1082 1464 1363 1538 ἅνθρωπος
1392 1462 1478 1516 καὶ
1530 1461 1718 1531 ἠνώθη
1749 1458 1819 1533 τῇ
1876 1461 2016 1531 ἡμε-

355 1551 488 1625 τέρᾳ
550 1549 727 1629 φύσει,
789 1553 886 1620 τήν
971 1552 1066 1624 μὶν
1148 1551 1267 1614 καθ’
1328 1549 1616 1605 ὑπόστασιν
1697 1549 2013 1623 ἀπηρνεῖτο,

357 1640 614 1719 ἐφλυάρει
670 1639 728 1695 δὲ
786 1639 869 1695 ὅτι
929 1642 963 1710 ἡ
1022 1640 1147 1715 ἁγία
1197 1640 1383 1714 Μαρία
1412 1638 1694 1714 ἐγέννησεν
1727 1635 2014 1712 ἄνθρωπον

357 1730 545 1805 ψιλὸν,
584 1730 719 1804 πρὸς
749 1730 806 1785 ’ὸν
851 1731 993 1805 εἶχεν
1028 1731 1055 1785 ὁ
1087 1731 1216 1792 Θεὸς
1249 1729 1299 1800 ἐξ
1346 1729 1518 1800 αὐτῆς
1565 1734 1667 1798 τῆς
1715 1729 2016 1804 γεννήσεως

360 1818 587 1899 φιλικὴν
660 1818 918 1888 διάθεσιν,
960 1821 1048 1875 καὶ
1128 1817 1411 1894 ὡμολόγει
1476 1820 1570 1894 μὶν
1637 1814 1850 1887 ἕνωσιν,
1908 1817 2017 1892 οὐχ

363 1911 727 1980 ὑποστατικὴν
764 1907 840 1983 δὲ,
869 1908 1016 1965 ἀλλὰ
1047 1911 1331 1984 σχετικὴν,
1364 1909 1483 1965 ὅθεν
1518 1909 1580 1965 οὗ
1615 1909 1740 1984 μίαν
1777 1907 2012 1964 ὑπόσταα
2049 1945 2092 2008 Β

359 2020 441 2055 σιν
501 2001 529 2054 6
591 1997 830 2061 δείλαιος
887 1995 1264 2074 ἐδογμάτιζεν,
1300 1996 1446 2055 ἀλλά
1502 1996 1622 2069 6'30,
1678 1996 2014 2074 διῃρημένας

365 2090 458 2164 μὲν
491 2086 762 2160 ἀλλήλων
795 2088 881 2143 καὶ
912 2089 1049 2143 κατά
1070 2089 1167 2157 τὴν
1202 2088 1384 2144 οὐσίαν
1427 2088 1517 2143 καὶ
1559 2088 1695 2144 κατᾶ
1733 2090 1832 2158 τήν
1882 2087 2013 2145 ὑπό-

364 2199 571 2249 στασιν,
603 2176 894 2251 ἡνωμένας
927 2175 985 2233 δὲ
1013 2174 1292 2248 ἀλλήλαις
1346 2178 1483 2234 κατὰ
1525 2175 1735 2255 φιλίαν,
1763 2176 1798 2246 ἢ
1852 2182 2017 2233 ταῦτα

368 2264 617 2342 βουλίαν,
650 2266 686 2336 ἢ
724 2267 1012 2342 γνωμικήν
1046 2263 1305 2336 διάθεσιν,
1338 2265 1374 2335 ἢ
1408 2267 1508 2321 ὅσα
1536 2270 1761 2321 τοιαῦτα
1802 2264 2017 2341 ὲληρώ-

361 2353 440 2411 δει
479 2355 708 2418 ἐκεῖνος.

777 2447 827 2502 ι’.
857 2445 988 2519 Περὶ
1019 2452 1118 2514 τῆς
1150 2444 1307 2519 ἁγίας
1346 2443 1601 2520 Τριάδος.

428 2539 492 2590 Ἠ
525 2534 654 2610 ἁγία
709 2533 800 2589 καὶ
848 2534 1120 2603 καθολική
1154 2533 1463 2603 Ἐκκλησία
1512 2535 1605 2589 τὸν
1668 2536 1880 2611 Πατέρα
1939 2533 2025 2591 δο-

354 2625 607 2699 γματίζει
664 2624 981 2699 ἀγέννητον,
1028 2624 1120 2679 τὸν
1182 2622 1241 2679 δὲ
1308 2623 1432 2678 Υὶὸν
1497 2625 1758 2699 γεννητὸν
1816 2624 1875 2679 ἐκ
1925 2629 2023 2680 τοῦ

362 2715 594 2790 Πατρὸς,
652 2714 744 2768 καὶ
799 2715 864 2769 τὸ
920 2717 1144 2786 Πνεῦμα
1200 2713 1524 2788 ἐκπορευτὸν
1576 2713 1636 2769 ἐκ
1695 2714 1872 2786 μόνου
1930 2719 2027 2769 τοῦ

364 2804 596 2880 Πατρὸς,
629 2800 758 2858 ἀλλ’
791 2802 923 2879 οὐχὶ
952 2802 1043 2858 καὶ
1075 2802 1137 2858 ἐκ
1171 2807 1269 2858 τοῦ
1300 2804 1451 2860 Υἱοῦ.
1481 2803 1773 2877 Ὀνομάζει
1824 2801 1882 2858 δὲ
1929 2804 2025 2859 τὸν

360 2894 479 2948 Υῖὸν
537 2891 716 2968 Λόγον
788 2897 886 2948 τοῦ
963 2893 1173 2968 Πατρὸς
1228 2891 1317 2948 καί
1392 2891 1747 2967 ἀπαύγασμα,
1801 2890 1892 2947 διὰ
1965 2894 2028 2948 τὸ

361 2979 485 3036 ἄνευ
534 2978 880 3055 συνδυασμοῦ
937 2981 1184 3049 ἀπαθῶς,
1237 2979 1509 3057 ἂγρόνως,
1572 2968 2027 3057 ἀῤῥεόστως,καξ

364 3070 690 3145 ἀχωρίστως
732 3071 1081 3147 γεγεννῆσθαι
1130 3069 1189 3124 ἐκ
1384 3043 1618 3144 Πατρόςί
1645 3043 1770 3125 Ϋῖὸν
1834 3043 1906 3125 δὲ’
1939 3043 2029 3126 καὶ

359 3168 686 3236 χαρακτῆρα
739 3165 841 3229 τῆς
898 3166 1166 3236 πατρικῆς
1214 3160 1583 3230 ὑποστάσεως,
1618 3157 1707 3214 διὰ
1764 3161 1826 3214 τὸ
1855 3160 2029 3220 τέλει,

367 3270 424 3304 ον
455 3250 546 3304 καὶ
578 3248 935 3304 ἐνυπόστατον
967 3247 1059 3304 καὶ
1089 3250 1229 3303 κατὰ
1259 3246 1433 3303 πάντα
1477 3247 1669 3322 ὅμοιον
1719 3254 1799 3322 τῷ
1858 3247 2025 3325 Ιῐατρὶ

358 3338 488 3394 εἶναι
521 3336 667 3407 πλὴν
715 3340 815 3406 τῆς
872 3338 1208 3415 ἀγεννησίας.
1242 3342 1520 3413 Μόνογενῆ
1582 3336 1657 3406 δὲ,
1711 3337 1792 3393 ὅτι
1857 3340 2024 3412 μόνος

365 3427 423 3482 ἐκ
472 3430 570 3482 τοῦ
602 3428 812 3503 Ματρὸς
843 3426 1131 3502 ἐγεννήθη.
1168 3427 1230 3482 Εἰ
1278 3427 1379 3502 γὰρ
1436 3428 1527 3483 καὶ
1579 3428 1640 3481 τὸ
1703 3432 1920 3500 Πνεῦμα
1966 3430 2028 3484 τὸ

366 3518 518 3591 ἅγιον
552 3517 612 3572 ἐκ
646 3518 819 3592 μόνου
849 3523 945 3573 τοῦ
984 3518 1192 3593 Πατρὸς
1239 3518 1612 3594 ἐκπορεύεται,
1644 3516 1770 3574 ἀλλ’
1804 3518 1865 3573 οὐ
1916 3540 2031 3594 γεν-

365 3613 571 3676 νητῶς,
606 3608 665 3663 ἀ)
681 3607 732 3663 λ’
757 3608 1117 3683 ἐκπορευτῶς.
1143 3607 1361 3670 ’Ἄλλος
1395 3605 1454 3663 δὲ
1499 3609 1702 3681 τρόπος
1754 3609 2031 3684 ὑπάρξεως

377 3695 561 3758 οὗτος.
592 3697 653 3752 Ἦ
686 3695 744 3752 δὶ
771 3698 1021 3772 γέννησις
1051 3697 1143 3751 καὶ
1182 3699 1216 3766 ἡ
1252 3695 1592 3772 ἐκπόρευσις,
1625 3697 1699 3758 ὡς
1752 3695 1810 3752 δὲ
1854 3697 1943 3752 καὶ
1992 3699 2026 3766 ἡ

356 3782 643 3859 ἀγεννησῖα
671 3785 734 3840 οὐ
765 3785 1021 3859 σημαίνει
1053 3784 1246 3847 οὐσίας
1303 3783 1590 3863 διαφορὰν,
1623 3782 1752 3841 οὐδὲ
1793 3785 2028 3859 ἀξίωμα,

375 3872 519 3929 ἀλλὰ
549 3874 751 3950 τρόπον
786 3875 1085 3950 ὑπάρξεως.

767 3966 855 4021 ια’.
889 3964 1020 4040 Περὶ
1048 3971 1149 4033 τῆς
1180 3962 1334 4040 ἁγίας
1370 3960 1632 4039 Τριάδος.

450 4051 510 4108 Ὀ
562 4051 655 4124 μὲν
708 4054 892 4130 Πατήρ
954 4053 1141 4130 ἄρτιος
1198 4053 1289 4107 καὶ
1347 4052 1658 4129 ἀγὲννητος,
1692 4053 1757 4109 οὑ
1815 4056 1917 4130 γὰρ
1972 4052 2031 4111 ἔκ

376 4161 542 4212 τινος,
575 4138 703 4195 ἀλλ’
733 4141 785 4212 ἐξ
815 4144 1008 4198 ἑαυτοῦ
1034 4144 1098 4199 τὸ
1133 4143 1265 4197 εἶναι
1296 4140 1434 4218 ἔχει.
1468 4144 1528 4201 Ὁ
1572 4141 1629 4199 δὲ
1676 4145 1796 4207 Υἱὸς
1845 4144 1905 4199 ἐκ
1932 4150 2029 4201 τοῦ

377 4231 588 4305 Πατρός
618 4236 917 4307 γεννητῶς.
949 4232 1021 4287 Τὸ
1066 4229 1123 4286 δὲ
1174 4235 1394 4304 Πνεῦμα
1433 4232 1497 4286 τὸ
1549 4234 1722 4309 ἅγιον,
1755 4233 1846 4288 καὶ
1900 4232 2029 4289 αὐτὸ

382 4320 481 4391 μὲν
538 4318 599 4374 ἐκ
650 4325 748 4376 τοῦ
806 4321 1018 4397 Πατρὸς
1079 4319 1273 4394 μόνου,
1304 4318 1431 4377 ἀλλ’
1460 4320 1820 4398 ἐκπορευτῶς.
1881 4324 2029 4397 Ἀμα

378 4404 437 4463 δὲ
479 4408 570 4464 καὶ
619 4411 654 4479 ἡ
698 4413 797 4465 τοῦ
828 4410 957 4465 Υἱοῦ
988 4408 1048 4464 ἐκ
1075 4414 1172 4464 τοῦ
1205 4410 1413 4486 Πατρὸς
1451 4410 1718 4485 γέννησις,
1748 4411 1839 4467 καὶ
1865 4414 1901 4483 ἡ
1932 4418 2028 4469 τοῦ

373 4496 528 4573 ἁγίου
577 4498 894 4573 ΙῙνεύματος
940 4497 1281 4570 ἐκπόρευσις.
1331 4499 1429 4562 Τίς
1477 4498 1534 4554 δὶ
1574 4501 1602 4554 6
1651 4502 1855 4576 τρόπος
1910 4501 2027 4559 δια-

377 4592 548 4662 φορᾶς
576 4589 878 4664 γεννήσεως
924 4585 1017 4644 καὶ
1060 4586 1451 4663 ἂκπορεύσεως,
1485 4589 1587 4643 οὐκ
1632 4588 1770 4645 οἶδεν
1826 4589 2023 4654 οὐδείς.

2134 652 2294 706 tione
2323 647 2470 704 vitii.
2505 642 2772 702 Similem
2820 639 2880 696 in
2933 639 3175 695 modum
3209 640 3267 691 et
3296 632 3515 706 singuli
3548 632 3645 688 alii
3679 632 3786 687 ho-

2135 741 2324 795 mines
2385 732 2841 809 proprietatibus
2902 726 3215 799 ejusmodi,
3276 723 3433 779 velut
3491 718 3765 795 personal

2133 825 2463 883 differentia
2493 822 2962 893 distinguuntur.

2399 918 2452 968 9.
2489 915 2562 969 De
2591 911 2829 967 relatan
2861 908 3063 963 unione
3092 914 3145 961 et
3178 901 3517 975 cli/ferentia.

2204 1005 2459 1061 Relativa
2491 1002 2626 1057 unio
2656 1005 2713 1056 et
2738 998 2929 1053 amica
2959 999 3016 1051 et
3047 992 3422 1050 consentiens
3452 989 3786 1045 animorum

2128 1093 2617 1164 voluntatumque
2666 1085 3044 1159 conspiratio.
3078 1083 3186 1149 Qui
3236 1081 3420 1154 igitur
3469 1076 3785 1136 amicitiam

2127 1184 2376 1240 invicem
2428 1163 2647 1251 colunt,
2696 1177 2923 1233 ratione
2972 1174 3151 1245 hujus
3202 1169 3497 1237 amicitia»,
3548 1163 3789 1222 relativa

2126 1273 2347 1330 unione
2368 1270 2562 1343 juncti
2592 1283 2722 1324 esse
2752 1267 3051 1322 dicuntur.
3090 1260 3394 1320 Nestorius
3422 1257 3626 1328 itaque
3664 1253 3783 1309 hae-

2128 1364 2344 1421 reticus
2387 1379 2420 1417 a
2452 1359 2619 1417 furiis
2646 1359 2905 1431 agitatus
2936 1372 3067 1410 cum
3104 1353 3401 1423 respueret
3430 1341 3782 1404 ecclesiasti-

2126 1470 2261 1509 cum
2311 1453 2528 1522 dogma
2576 1449 2731 1521 quod
2779 1445 3037 1501 afﬁrmat
3083 1443 3266 1498 Deum
3318 1440 3513 1511 ipsum
3565 1436 3782 1489 factum

2124 1559 2251 1599 esse
2312 1540 2614 1597 hominem
2673 1540 2731 1592 et
2786 1538 3007 1589 natura:
3063 1535 3272 1586 nostrae
3332 1526 3588 1590 unitum,
3620 1524 3783 1580 illam

2125 1634 2403 1689 unionem
2459 1626 2826 1702 personatam
2875 1623 3130 1696 negavit,
3165 1626 3221 1675 et
3250 1622 3509 1690 nugatus
3559 1620 3648 1672 est
3676 1615 3783 1674 ho-

2126 1726 2346 1781 minem
2398 1723 2623 1778 nudum
2676 1724 2881 1774 natum
2914 1731 3044 1770 esse
3074 1731 3104 1769 e
3136 1716 3340 1768 sancta
3370 1708 3571 1777 Maria,
3605 1723 3781 1780 quem

2125 1817 2198 1872 ab
2228 1816 2359 1886 ipsa
2391 1828 2578 1885 usque
2627 1808 2930 1865 nativitate
2966 1806 3116 1859 Deus
3163 1816 3361 1857 amore
3391 1802 3548 1853 esset
3581 1812 3779 1868 prose-

2126 1909 2297 1962 cutus
2332 1919 2345 1960 :
2388 1903 2648 1973 adeoque
2697 1897 3001 1953 confessus
3046 1891 3280 1965 quidem
3341 1892 3432 1945 est
3471 1886 3774 1959 unionem,

2129 2013 2242 2052 non
2276 1989 2645 2067 personatam
2699 1990 2921 2051 autem,
2951 1983 3053 2039 sed
3103 1980 3426 2047 relativum,
3459 1976 3615 2032 unde
3657 1991 3774 2032 non

2126 2104 2306 2144 unam
2338 2098 2651 2157 personam
2705 2079 2884 2137 miser
2932 2076 3029 2132 ille
3076 2072 3298 2142 docuit,
3329 2070 3430 2127 sed
3482 2071 3652 2132 duas,
3684 2083 3776 2123 es-

2126 2176 2316 2234 sentia
2344 2179 2400 2231 et
2430 2188 2683 2246 persona
2725 2167 2975 2223 invicem
3017 2163 3349 2227 distinctas,
3376 2156 3617 2231 junctas
3646 2172 3776 2212 vero

2128 2282 2326 2323 amore
2355 2268 2412 2321 et
2435 2245 2639 2320 eadem
2670 2257 2916 2315 volendo
2948 2270 3014 2311 ac
3043 2251 3375 2317 sentiendo,
3406 2253 3463 2304 et
3493 2263 3618 2320 quas
3651 2245 3779 2318 plu-

2131 2376 2195 2415 ra
2226 2353 2637 2429 hujuscemodi
2670 2350 2768 2406 ille
2798 2345 3091 2405 deliravit.

2518 2445 2602 2498 i0.
2639 2443 2711 2497 De
2735 2439 3079 2496 sanctissima
3111 2434 3401 2490 Trinitate.

2206 2539 2422 2592 Sancta
2450 2540 2508 2590 et
2540 2530 2827 2588 catholica
2866 2525 3125 2582 Ecclesia
3152 2524 3381 2579 Patrem
3414 2519 3584 2575 docet
3614 2516 3784 2589 inge-

2137 2628 2348 2687 nitum,
2381 2623 2591 2694 Filium
2643 2618 2906 2691 genitum
2958 2631 3027 2670 ex
3083 2613 3265 2679 Patre,
3298 2614 3355 2664 et
3400 2606 3685 2680 Spiritum
3720 2621 3790 2660 ex

2138 2715 2261 2772 solo
2295 2713 2707 2787 procedentem
2755 2708 2943 2772 Patre,
2975 2719 3086 2759 non
3119 2718 3187 2757 ex
3220 2699 3384 2767 Filio,
3417 2711 3590 2770 quem
3621 2698 3790 2751 vocat

2145 2784 2379 2860 Verbum
2426 2801 2612 2856 Patris
2658 2801 2712 2853 et
2759 2792 3129 2865 splendorem,
3167 2790 3306 2861 quia
3352 2787 3479 2843 sine
3517 2784 3790 2851 coitione,

2141 2889 2611 2965 impassibiliter,
2642 2901 2749 2942 nec
2790 2885 2852 2939 in
2884 2888 3167 2954 tempore,
3200 2882 3256 2933 et
3302 2876 3430 2933 sine
3459 2874 3690 2931 deﬂuxu
3727 2890 3793 2930 ac

2140 2980 2511 3053 separatione
2567 2980 2740 3033 natus
2797 2977 2888 3030 est
2944 2988 3011 3028 ex
3064 2970 3256 3033 Patre,
3288 2966 3495 3021 Filium
3548 2979 3684 3019 vero
3739 2968 3795 3017 et

2138 3070 2510 3127 characterem
2556 3076 2811 3135 persona
2861 3059 3076 3125 Patris,
3109 3054 3248 3128 quia
3279 3053 3571 3126 perfectus
3619 3054 3709 3105 est
3737 3053 3796 3105 et

2142 3161 2436 3234 propriam
2466 3170 2780 3226 personam
2800 3153 3061 3221 habet,et
3091 3164 3193 3221 per
3225 3145 3424 3201 omnia
3454 3142 3669 3199 similis
3700 3146 3794 3198 est

2143 3230 2316 3321 Patri,
2375 3248 2489 3305 nisi
2546 3244 2700 3318 quod
2753 3242 2855 3299 ille
2913 3244 3002 3296 est
3058 3236 3379 3309 ingenitus,
3442 3230 3795 3302 Unigenilum

2140 3317 2339 3405 etiam,
2395 3317 2750 3411 quodisolus
2781 3348 2851 3388 ex
2898 3330 3068 3385 Patre
3118 3331 3293 3381 natus
3342 3326 3450 3378 est.
3483 3320 3627 3376 Nam
3660 3317 3798 3373 licet

2140 3408 2667 3503 Spiritussanctus
2696 3436 2928 3496 quoque
2958 3436 3028 3475 ex
3065 3415 3189 3472 solo
3221 3414 3387 3469 Patre
3419 3408 3704 3485 procedit,
3739 3411 3799 3462 at

2147 3537 2261 3576 non
2293 3536 2397 3591 per
2425 3513 2859 3589 generationem
2913 3509 3014 3565 sed
3048 3522 3150 3579 per
3182 3500 3640 3577 processionem,
3672 3512 3799 3569 qua:

2140 3610 2256 3665 alia
2284 3612 2374 3664 est
2421 3602 2742 3662 exsistendi
2793 3598 2963 3655 ratio.
2997 3594 3306 3654 Generatio
3356 3594 3554 3647 autem
3588 3594 3644 3643 et
3675 3603 3800 3659 pro-

2140 3696 2329 3754 cessio
2359 3690 2862 3767 quemadmodum
2896 3685 3074 3742 etiam
3104 3684 3194 3756 (ut
3222 3683 3305 3737 ita
3334 3676 3801 3748 dicam)ingene-

2141 3766 2407 3841 rabilitas
2463 3799 2581 3838 non
2636 3777 2905 3836 essentia:
2959 3775 3201 3831 denotat
3253 3766 3649 3825 dilferentiam
3698 3767 3801 3820 aut

2140 3874 2511 3949 dignitatem,
2546 3871 2649 3927 sed
2684 3868 2924 3924 modum
2957 3860 3300 3921 exsistendi.

2515 3961 2603 4015 11.
2639 3963 2718 4015 De
2746 3954 3097 4011 sanctissima
3131 3950 3422 4007 Trim'tate.

2212 4058 2381 4110 Pater
2410 4050 2647 4124 quidem
2697 4044 2990 4118 perfectus
3022 4046 3080 4097 et
3130 4036 3453 4110 ingenitus,
3488 4048 3602 4088 non
3634 4028 3792 4087 enim

2139 4162 2207 4200 ex
2233 4143 2347 4199 alio
2380 4123 2480 4196 sed
2512 4155 2582 4194 ex
2612 4136 2807 4206 seipso
2840 4132 3016 4188 habet
3046 4128 3201 4202 quod
3235 4130 3344 4183 est.
3380 4123 3562 4181 Filius
3592 4124 3793 4177 autem

2139 4252 2172 4289 a
2207 4236 2369 4289 Patre
2405 4247 2505 4303 per
2534 4224 2996 4300 generationem,
3029 4224 3086 4275 et
3113 4216 3366 4289 Spiritus
3396 4213 3638 4269 sanctus
3670 4209 3796 4281 ipse

2110 4324 2315 4384 .etiam
2347 4336 2417 4377 ex
2444 4296 2568 4374 solo
2602 4315 2791 4381 Patre,
2825 4310 2925 4367 sed
2962 4326 3065 4382 per
3114 4302 3575 4379 processionem.
3608 4296 3798 4354 Simul

2134 4429 2269 4470 vero
2299 4414 2358 4468 et
2401 4407 2622 4482 pariter
2667 4420 2735 4459 ex
2781 4402 2953 4457 Patre
2999 4403 3058 4454 et
3105 4395 3342 4469 genitus
3390 4394 3480 4448 est
3525 4387 3709 4444 Fiiius
3738 4389 3798 4442 et

2134 4475 2690 4575 Spiritus-sanctus
2747 4487 3053 4564 processit.
3088 4489 3223 4554 Quae
3279 4496 3453 4557 porro
3501 4478 3581 4535 sit
3632 4475 3800 4533 diffe-

2135 4591 2335 4649 rentiae
2365 4589 2522 4645 inter
2569 4580 3010 4658 generationem
3040 4593 3107 4633 ac
3153 4571 3589 4648 processionem
3623 4565 3799 4636 ratio,

378 4675 731 4754 Διαφὲρουσιν
766 4678 858 4732 οὗν
909 4679 965 4732 αἱ
1015 4675 1338 4739 ὑποστάσεις
1385 4676 1576 4751 μόναις
1620 4684 1738 4741 ταῖς
1800 4680 2022 4736 ὑποστα-

2141 4699 2312 4741 nemo
2346 4696 2500 4736 unus
2548 4654 2732 4732 nvovit.
2776 4671 3065 4728 Diﬁerunt
3113 4665 3294 4738 igitur
3346 4676 3608 4734 personis
3655 4654 3799 4712 solis

361 4770 540 4828 τικαῖς
576 4763 867 4837 ἰδιότησιν,
897 4764 1022 4837 ἤτοι
1061 4770 1131 4841 τῇ
1180 4765 1473 4841 ἀγεννησίᾳ
1514 4767 1603 4821 καὶ
1650 4771 1719 4842 τῇ
1774 4772 2019 4843 γεννήσει

364 4855 454 4909 καὶ
484 4859 553 4921 τῆ
606 4854 944 4931 ἔκπορεόσει,
978 4853 1299 4932 ἆδιαιρὲτως
1346 4855 1434 4910 καὶ
1487 4860 1654 4912 ταῦτα
1701 4855 2019 4934 διαιρούμε-

360 4965 468 5003 ναι.
495 4947 761 5002 Ἓκαστον
808 4943 866 5000 δὲ
911 4950 1018 5000 τῶν
1070 4949 1241 5018 τριῶν
1291 4945 1602 5021 προσώπων
1652 4945 1863 5003 τελείαν
1904 4944 2020 5025 ἔχει

367 5032 686 5092 ὑπόστασιν.
730 5035 821 5091 Ἐν
886 5035 990 5109 γὰρ
1045 5032 1191 5109 τρισὶ
1246 5030 1482 5095 τελείαις
1543 5035 1864 5093 ὑποστάσεσι
1926 5038 2022 5113 μία

362 5120 515 5191 ἁπλῆ
551 5122 713 5177 οὐσία
766 5120 1113 5199 ὑπερτέλειος
1154 5123 1244 5177 καὶ
1291 5121 1631 5199 προτέλειος.
1665 5125 2021 5202 Παράκλητον

368 5206 425 5262 δὲ
451 5210 631 5264 καὶτὸ
662 5215 883 5283 Πνεῦμα
926 5210 1017 5267 καὶ
1073 5211 1167 5266 τὸν
1225 5212 1348 5267 Υἱὸν
1410 5211 1774 5288 ὀνομάζομεν,
1805 5216 1880 5280 ὡς
1930 5218 2024 5280 τὰς

361 5300 470 5352 τῶν
504 5296 649 5352 ὅλων
688 5298 1063 5376 παρακλήσεις
1092 5296 1415 5375 δεχόμενον.
1448 5302 1525 5360 Τὸ
1576 5305 1761 5377 μέντοι
1806 5311 2026 5382 Πνεῦμα

366 5386 426 5441 ἐκ
453 5391 551 5442 τοῦ
587 5389 797 5465 Πατρός
831 5410 1005 5467 φαμεν
1039 5388 1445 5466 ἐκπορεύεσθαι,
1487 5389 1559 5448 δι’
1588 5395 1716 5450 Υἱοῦ
1745 5393 1801 5451 δὲ
1862 5418 2025 5472 μετα-

371 5474 617 5533 δίδοσθαι
651 5481 751 5533 (2i.

409 5477 617 5543 ίδοσθαι

2134 4770 2544 4848 personalibus
2568 4751 3594 4839 proprietatibus,ingenerabilitate,
3616 4761 3795 4820 gena-

2131 4865 2357 4920 ratione
2388 4864 2445 4916 et
2492 4836 2887 4930 processione,
2922 4855 3100 4920 atque
3150 4842 3511 4900 indistincte
3539 4836 3790 4892 invicem

2123 4944 2214 5011 ita
2235 4970 2270 5009 a
2292 4967 2354 5008 se
2380 4939 3144 5019 distinguunturﬂuaalibet
3166 4939 3364 4993 autem
3388 4930 3569 4987 trium
3596 4941 3792 5001 perso-

2133 5059 2345 5100 narum
2403 5015 2719 5113 perfectam
2768 5027 3117 5106 hypostasin
3171 5026 3294 5083 sive
3340 5015 3793 5079 subsistentiam

2132 5133 2355 5189 habet:
2389 5109 2601 5200 nisque
2653 5124 2848 5181 tribus
2896 5116 3172 5194 perlectis
3220 5109 3645 5187 hypostasibus
3679 5110 3798 5160 una

2134 5220 2387 5293 simplex
2408 5197 2932 5286 essentia,omnem
2956 5204 3413 5280 supergrediens
3438 5203 3615 5270 atque
3628 5197 3796 5251 ante-

2135 5284 2352 5369 cellens
2385 5284 2824 5381 perfectionem,
2859 5300 3109 5356 constat.
3145 5291 3512 5351 Paracletum
3546 5284 3807 5356 denique

2134 5415 2415 5458 vocamus
2446 5402 2503 5453 et
2532 5394 2744 5452 Filium
2776 5394 2834 5447 et
2865 5387 3150 5460 Spiritum
3188 5386 3461 5440 sanctum
3494 5375 3633 5451 quia
3653 5377 3807 5430 uter'

2136 5508 2252 5563 que
2292 5488 2559 5547 omnium
2614 5481 2978 5557 precationes
3009 5475 3241 5547 exeipit.
3293 5473 3361 5528 Et
3412 5467 3706 5563 Spiritum
3737 5479 3806 5520 ex

2140 5551 2309 5637 Patre
2339 5551 2710 5635 afﬁrmamus
2739 5568 3073 5644 procedere,
3107 5582 3141 5620 a
3169 5561 3316 5618 Filio
3346 5563 3544 5617 autem
3577 5551 3726 5611 dari.

441 5756 514 5841 (2)
546 5757 672 5816 Huc
704 5778 894 5841 usque
925 5758 1104 5841 editio
1129 5758 1266 5816 Joh.
1300 5760 1631 5835 chgelini',
1661 5771 1941 5840 Augusta
1972 5679 2423 5828 1illiill‘clﬁeliccruin
2474 5766 2541 5820 A.
2577 5758 2736 5826 1611,
2768 5755 2827 5812 in
2859 5755 2893 5809 8
2924 5770 3012 5809 vo.
3047 5753 3183 5818 Quae
3233 5750 3585 5819 sequuntur,
3636 5752 3793 5794 nunc

370 5837 633 5900 Primum
663 5837 973 5906 prodeunt.
