4110 6390
343 462 465 524 697

1527 473 1631 532 DE
1676 473 1975 535 OMNIFA
1988 476 2059 535 R1
2077 479 2115 534 Λ
2166 477 2583 537 DOCTRINA.

3651 465 3773 527 698

345 591 560 654 στάσεις
588 598 690 662 τῆς
717 591 869 669 ἀγίας
897 594 1155 667 θεότητος
1213 598 1411 661 πάσαις
1459 604 1580 666 ταῖς
1631 609 1732 672 τῆς
1788 603 1993 679 ἀνθρω-

2112 607 2380 678 personis
2412 607 2690 663 humanis
2718 605 2917 661 unitas
2940 621 3068 661 esse
3099 601 3502 676 personaliter,
3534 601 3773 670 integrae

345 681 593 753 πότητος
629 683 957 738 ὑποστάσεσι
1004 688 1121 739 καθ’
1155 687 1444 742 ὑπόστασιν
1479 689 1792 760 ἠνώθησαν.
1856 691 2006 767 Πάσῃ

345 768 405 824 δὲ
459 774 527 844 τῇ
587 771 901 847 ἀνθρωπίνῃ
964 773 1120 845 φύσει
1178 777 1351 853 φαμὲν
1405 777 1670 847 ἕνωθῆναι
1704 786 1875 834 πᾶσαν
1908 782 2005 849 τὴν

343 867 446 929 τῆς
505 860 762 931 θεότητος
813 861 1018 918 οὐσίαν.
1073 866 1202 920 Κατ’
1259 864 1449 922 ούδὲνα
1473 868 1574 945 γὰρ
1630 867 1793 944 λόγον
1835 891 2006 924 κεκοι-

345 951 590 1020 νώνηκεν
641 951 669 1005 6
703 954 889 1027 Πατὴρ
918 953 1008 1009 καὶ
1057 954 1120 1008 τὸ
1171 960 1391 1030 Πνεῦμα
1415 958 1477 1012 τὸ
1508 955 1662 1034 ἅγιον
1692 962 1762 1034 τῇ
1796 960 2008 1035 σαρκώ-

345 1062 424 1096 σει
449 1046 547 1097 τοῦ
578 1048 712 1098 Θεοῦ
746 1043 937 1119 Δόγου,
997 1044 1042 1100 εἷ
1096 1046 1172 1119 μὴ
1204 1049 1320 1102 κατ’
1376 1046 1629 1104 εὐδοκίαν
1669 1049 1760 1105 xor?
1798 1049 2005 1126 βούλη-

347 1151 453 1186 σιν.
515 1136 668 1187 Πᾶσα
724 1133 813 1186 οὗν
869 1136 905 1204 ἡ
956 1134 1114 1211 φύσις
1174 1136 1238 1191 οὐ
1297 1139 1434 1193 κατὰ
1486 1143 1664 1213 μερῶν
1725 1138 1778 1194 ἐν
1807 1143 1877 1206 τῆ
1906 1144 2005 1195 τοῦ

342 1222 589 1295 Χριστοῦ
620 1221 911 1278 ὑποστάσει
945 1229 1276 1302 συνεργεῖται
1308 1230 1386 1299 τῷ
1415 1232 1551 1301 Θεῷ.

783 1325 864 1386 ιδ’.
901 1331 1027 1405 Περὶ
1063 1330 1272 1408 φύσεως
1305 1333 1584 1397 ἀπαθείας.

418 1433 691 1514 Ὀφείλεις
746 1435 1045 1513 ὁμολογεῖν
1091 1438 1173 1493 ὅτι
1232 1442 1266 1509 ἡ
1326 1441 1484 1516 φύσις
1513 1445 1609 1496 τοῦ
1636 1442 1817 1517 Λόγου
1849 1441 2002 1517 ἐσαρ-

340 1525 495 1595 κώθη
555 1524 680 1594 ἤτοι
733 1526 923 1597 ἠνώθη
958 1526 1135 1603 σαρκί.
1171 1528 1247 1585 Οὐ
1302 1530 1377 1601 μὴ
1413 1527 1494 1584 ὅτι
1527 1532 1562 1599 ἡ
1598 1529 1755 1608 φύσις
1784 1529 1881 1586 τοῦ
1904 1531 2004 1586 A0-

339 1636 445 1689 γου
490 1610 650 1670 ἔπαθε
681 1616 861 1690 σαρκὶ,
891 1614 1018 1672 ἀλλ’
1050 1617 1132 1671 δτι
1194 1618 1221 1672 6
1251 1619 1482 1694 Χριστὸς
1513 1615 1675 1674 ἔπαθε
1707 1620 1883 1696 σαρκί·
1919 1619 2001 1676 ὅτι

345 1704 439 1777 μὲν
503 1705 604 1780 γὰρ
665 1705 693 1758 6
752 1706 882 1770 Θεὸς
934 1704 1216 1782 ἄνθρωπος
1263 1709 1473 1783 γέγονε,
1533 1709 1621 1763 καὶ
1655 1711 1940 1784 ἄνθρωπος
1974 1712 2001 1765 6

342 1793 474 1856 Θεὸς
534 1792 938 1869 ὁμολογοῦμεν.
989 1796 1084 1850 Καὶ
1138 1796 1220 1851 ὅτι
1280 1799 1314 1866 ἡ
1368 1796 1559 1868 θεότης
1592 1799 1776 1868 ἧνώθη
1809 1803 1877 1874 τῇ
1909 1799 1999 1854 ἆν-

344 1884 659 1958 θρωπότητι
694 1882 744 1938 ἐν
801 1890 897 1958 μιᾷ
951 1890 1059 1939 τῶν
1116 1884 1284 1956 αὐτῆς
1345 1887 1709 1960 ὑποστάσεων,
1747 1891 1999 1961 μεμαθή-

2120 711 2253 750 vero
2273 700 2497 752 naturae
2519 694 3092 766 humanaaintegram
3114 690 3357 746 Deitatis
3380 687 3774 745 substantiam

2120 785 2347 841 unitam
2380 801 2509 841 esse
2543 781 3136 857 afﬁrmamus.gNulla
3166 781 3322 836 enim
3357 782 3579 834 ratione
3610 777 3780 832 Pater

2119 878 2174 928 ct
2216 873 2470 946 Spiritus
2504 879 2746 930 sanctus
2778 888 2913 929 cum
2958 870 3361 926 incarnatione
3410 867 3581 922 Verbi
3613 882 3772 922 com-

2119 964 2459 1031 municavit,
2494 964 2608 1019 nisi
2669 961 3090 1035 cornplacendo
3143 964 3200 1014 et
3243 957 3510 1013 volendo.
3545 958 3777 1027 Integra

2115 1052 2295 1125 igitur
2324 1059 2557 1124 natura,
2589 1070 2694 1109 nec
2726 1069 2861 1124 pars
2891 1052 3019 1122 ejus
3050 1054 3280 1105 tantum
3310 1047 3368 1102 in
3398 1045 3616 1103 Christi
3647 1062 3775 1117 per-

2118 1158 2263 1198 sona
2292 1148 2568 1216 operatur
2597 1143 2796 1198 divina
2825 1140 3183 1214 operatione.

2359 1342 2445 1396 14.
2480 1341 2552 1396 De
2579 1345 2798 1396 natura:
2829 1338 3033 1395 divina:
3062 1334 3532 1408 impossibilitate.

2188 1447 2483 1503 Fateberis
2515 1448 2717 1521 utique
2749 1453 3023 1501 naturam
3054 1443 3227 1499 Verbi
3258 1441 3623 1497 incarnatam
3648 1439 3771 1495 sive

2115 1539 2276 1590 carni
2311 1538 2537 1592 unitam
2570 1536 2852 1592 esso.Non
2885 1536 3016 1590 ideo
3050 1541 3258 1587 natura
3287 1529 3462 1585 Verbi
3484 1545 3659 1601 passa
3681 1533 3774 1584 est

2114 1624 2171 1678 in
2205 1641 2400 1697 carne,
2434 1627 2532 1680 sed
2568 1624 2840 1680 Christus
2876 1642 2932 1679 in
2971 1639 3144 1678 carne
3176 1636 3386 1692 passus
3414 1622 3503 1673 est
3537 1634 3548 1672 :
3583 1621 3767 1673 Deum

2113 1714 2268 1769 enim
2321 1713 2621 1769 hominem
2672 1722 2729 1768 et
2774 1712 3072 1767 hominem
3129 1712 3307 1764 Deum
3360 1710 3576 1761 factum
3639 1722 3769 1761 esse

2112 1802 2824 1859 conﬁtemurJJidicimus
2847 1817 3082 1873 quoque
3104 1797 3469 1853 divinitatem
3495 1790 3623 1850 eses
3648 1795 3773 1850 uni-

2112 1897 2230 1948 tarn
2268 1892 2622 1947 humanitati
2676 1894 2735 1947 in
2794 1908 2910 1946 una
2958 1905 3208 1962 persona
3240 1887 3500 1941 humana
3534 1901 3548 1939 :
3583 1883 3767 1939 deita-

342 1992 534 2046 καμεν,
595 1970 676 2028 ὅτι
736 1971 793 2028 δὲ
842 1977 876 2044 ἡ
910 1975 1101 2045 θεότης
1152 1976 1437 2051 ἅνθρωπος
1478 1975 1719 2052 γέγονεν,
1759 1979 1794 2047 ἢ
1838 1978 1993 2049 ἐνην-

2108 1987 2224 2037 tem
2255 1986 2454 2037 autem
2477 1983 2789 2037 hominem
2822 1996 2950 2035 esse
2990 1980 3227 2039 factam,
3257 1973 3341 2030 vel
3376 1975 3767 2041 incarnatam,

344 2062 654 2135 θρώπησεν,
716 2060 975 2136 οὐδαμῶς
1038 2064 1384 2139 ἀκηκόαμεν.
1439 2067 1589 2120 Ἐπεὶ
1648 2063 1705 2120 δὲ
1761 2067 1850 2121 οὖν
1909 2065 2004 2123 δύο

348 2148 533 2227 φύσεις
603 2154 702 2206 τοῦ
761 2156 1015 2226 Χριστοῦ,
1081 2150 1177 2207 δύο
1229 2153 1393 2208 αὐτοῦ
1450 2155 1536 2209 xor?
1595 2154 1660 2208 τὰ
1718 2155 2005 2229 θελήματα

347 2240 565 2302 πάντως
613 2240 681 2294 τὰ
738 2242 954 2319 φυσικὰ,
989 2240 1077 2296 καὶ
1138 2240 1427 2312 θελητικός
1459 2243 1599 2297 ἑστιν
1633 2244 1660 2298 ὁ
1692 2243 1852 2307 αὐτὸς
1883 2246 2008 2300 κατ’

345 2324 510 2406 ἄμφω
536 2333 644 2384 τῶν
691 2327 856 2385 αὐτοῦ
909 2330 1142 2408 φύσεων.
1191 2332 1307 2400 Τὴν
1346 2330 1446 2407 γὰρ
1480 2336 1721 2408 φυσικῶς
1770 2333 1999 2408 ἐνυπάρ-

345 2434 552 2493 χουσαν
610 2420 747 2492 ἡμῖν
779 2417 1073 2491 θελητικὴν
1104 2417 1332 2493 δύναμιν
1367 2415 1613 2478 ἀνέλαϐε.
1649 2421 1752 2476 Δύο
1785 2420 1875 2477 οὖν
1908 2424 1998 2478 xor?

338 2505 433 2568 τὰς
456 2503 725 2583 ἐνεργείας
757 2508 926 2563 αὐτοῦ
953 2528 1145 2587 φαμεν·
1181 2510 1301 2585 εἶχε
1333 2511 1428 2583 μὲν
1459 2510 1586 2586 γὰρ,
1626 2511 1698 2573 ὡς
1738 2511 1832 2584 μὶν
1867 2518 1998 2575 Θεος

340 2594 430 2648 x1?
455 2599 534 2667 τῷ
592 2598 759 2672 Πατρὶ
791 2596 1108 2670 ὁμοούσιος,
1140 2600 1237 2668 τὴν
1271 2597 1413 2653 θείαν
1448 2598 1735 2676 ἐνέργειαν,
1791 2602 1880 2655 καὶ
1924 2602 1996 2664 ὡς

339 2680 626 2761 ἄνθρωπος
657 2685 951 2761 γενόμενος
1000 2687 1090 2742 xor?
1141 2690 1275 2762 ἡμῖν
1310 2688 1626 2762 ὁμοούσιος,
1658 2680 1756 2759 τῆς
1786 2690 1992 2767 ἀνθρω-

337 2772 500 2846 πίνης
530 2774 739 2853 φύσεως
770 2777 868 2846 τὴν
898 2775 1188 2853 ἐνέργειαν.

938 2958 1018 3013 ιε’.
1053 2957 1151 3025 Τίς
1185 2958 1213 3013 6
1241 2957 1388 3022 Θεός.

406 3041 546 3102 Οὔτε
576 3047 604 3101 6
635 3044 863 3122 οὐρανὸς
895 3043 1179 3116 Θεὸς,οἰ5τε
1208 3049 1236 3102 ὁ
1267 3045 1450 3119 ἥλιος,
1475 3042 1599 3102 οὕτε
1629 3043 1771 3101 ἄλλο
1801 3067 1851 3102 τι
1881 3052 1988 3103 τῶν

335 3133 655 3209 ὁρωμένων,
688 3132 815 3190 ἀλλ’
848 3133 973 3190 οὑδὶ
1004 3136 1032 3190 6
1062 3133 1445 3209 πολυτίμητος
1473 3135 1564 3191 καὶ
1595 3133 1990 3211 πολυθρύλλη-

332 3243 423 3285 τος
480 3228 625 3286 νοῦς·
660 3220 790 3278 οὐδὲ
818 3220 934 3278 ἲδὲα
985 3245 1069 3288 τις
1128 3225 1263 3280 κατὰ
1293 3223 1557 3283 Πλάτωνα
1599 3226 1848 3301 χωριστή
1883 3246 1988 3281 σω-

336 3313 541 3384 μάτων,
602 3312 730 3368 ἀλλ¹
790 3310 916 3368 οὐδὲ
973 3313 1129 3392 φύσις
1184 3315 1332 3380 ὅλως
1362 3314 1671 3393 ὲγκόσμιος,
1706 3312 1830 3371 ἀλλ’
1865 3312 1989 3371 οὐδὲ

336 3402 472 3471 ζωὴ,
533 3399 659 3457 οὐδὲ
715 3406 851 3480 φὼς,
911 3401 1011 3457 οὐκ
1060 3403 1446 3477 ἀσωματότης,
1507 3404 1606 3459 οὐκ
1634 3402 1818 3476 ἀϋλία,
1870 3403 1992 3460 οὕτε

336 3490 580 3563 αἰσθήσει
639 3491 828 3554 Θεατὸς
887 3492 1010 3547 οὒτε
1066 3497 1142 3565 νῷ
1199 3493 1432 3564 ληπτός’
1494 3492 1638 3549 ἀλλά
1686 3515 1770 3556 τις
1838 3494 1991 3566 ἕτερα

336 3579 492 3658 φύσις
541 3580 973 3658 ἀνεξερεύνητος,
1009 3581 1100 3637 xor?
1134 3582 1297 3638 αὐτοῦ
1348 3581 1601 3656 δύναμις,
1632 3583 1667 3653 ἢ
1713 3604 1772 3638 τε
1820 3604 1987 3660 φρουρ

341 3670 538 3742 ρητική
590 3669 625 3740 ἢ
680 3691 741 3726 τε
801 3671 1100 3746 ζωογόνος,
1131 3672 1167 3743 ἢ
1213 3693 1272 3726 τε
1298 3673 1635 3749 ἀναγωγικὴ,
1677 3672 1765 3727 xor?
1798 3670 1990 3735 ἁπλῶς

338 3763 504 3813 πᾶσαι
573 3760 627 3815 αἱ
698 3757 956 3833 δυνάμεις
1034 3761 1199 3817 αὐτοῦ
1267 3762 1483 3837 ἄπειροί
1559 3762 1661 3816 εἷ’σι
1720 3762 1810 3817 καὶ
1870 3762 1987 3817 ἀνέ-

333 3845 599 3919 κληπτοι,
651 3848 742 3905 γαῖ
787 3849 950 3913 αὐτὸς
982 3850 1205 3926 ἄπειρος
1237 3850 1326 3906 καὶ
1356 3852 1494 3906 κατὰ
1523 3852 1700 3927 ἀρχὴν
1732 3851 1823 3905 καὶ
1853 3851 1988 3907 κατὰ

330 3936 514 4000 τέλος.
573 3938 674 3993 Καὶ
729 3938 791 3993 τὸ
853 3939 947 4012 μὶν
982 3936 1092 3994 ἅνω
1136 3940 1303 3995 αὐτοῦ
1333 3936 1571 4015 ἄναρχον
1636 3939 1985 4013 ὀνομάζεται,

332 4026 394 4080 τὸ
428 4022 485 4080 δὲ
509 4027 655 4080 κάτω
685 4027 1064 4099 ἀτελεύτητον,
1087 4030 1149 4084 τὸ
1182 4026 1240 4083 δὲ
1266 4029 1476 4102 ξύμπαν
1512 4028 1757 4086 αἶ’ώνιον.
1792 4030 1982 4088 Ἀπει-

334 4138 427 4194 ρος
460 4116 551 4173 οὖν
576 4121 675 4189 τὴν
709 4117 931 4193 δύναμιν
961 4120 989 4176 6
1021 4122 1176 4191 Θεὸς,
1210 4119 1455 4199 ἅναρχός
1481 4144 1542 4178 τε
1570 4123 1660 4177 καὶ
1692 4121 1986 4193 ἀτελεύση-

325 4227 416 4268 τος
447 4207 535 4262 xor?
567 4207 809 4271 αἰώνιος.
842 4211 1018 4266 Τοῦτο
1051 4208 1109 4266 δὶ
1156 4210 1248 4265 καὶ
1292 4212 1320 4267 6
1361 4210 1633 4288 Θεολόγος
1679 4211 1985 4288 Γρηγόριος

325 4300 404 4368 τῷ
432 4292 548 4352 ὄντι
581 4294 915 4375 θεολογικῶς
950 4296 1267 4376 διορίζεται.

403 4495 488 4559 ις’.
525 4497 649 4558 Πῶς
679 4492 794 4550 οἶδε
825 4496 955 4559 Θεὸς
984 4494 1053 4555 τὰ
1091 4489 1550 4570 μεταϐαλλόμενα
1592 4497 1910 4573 πράγματα.

401 4654 520 4732 Οὐχ
547 4655 622 4720 ὡς
654 4655 771 4732 ἔχει
804 4657 870 4712 τὰ
897 4658 1196 4734 πράγματα
1228 4655 1478 4732 γινώσκει
1539 4657 1568 4711 ὀ
1620 4659 1749 4720 Θεὸς
1794 4662 1982 4731 ταῦτα,

2062 2068 2065 2073 ’
2116 2077 2217 2126 aut
2258 2071 2519 2127 humana
2562 2071 2833 2125 indutam
2882 2074 3096 2124 natura
3140 2064 3485 2136 neutiquam
3538 2061 3771 2117 audivi-

2116 2178 2269 2215 mus.
2299 2166 2440 2215 Cum
2476 2177 2606 2215 vero
2636 2160 2765 2214 duae
2799 2156 3151 2213 sintChristi
3182 2152 3604 2221 naturas,etiatn
3637 2151 3767 2206 durs

2113 2256 2251 2305 sunt
2283 2251 2412 2320 ejus
2460 2248 2762 2306 naturales
2811 2248 3160 2311 voluntates,
3192 2250 3249 2299 et
3293 2243 3417 2314 ipse
3468 2239 3768 2297 voluntate

2110 2342 2327 2413 gaudet
2356 2340 2684 2397 secundum
2719 2344 3034 2409 utramque
3068 2342 3365 2401 naturam,
3387 2332 3677 2402 siquidem
3709 2334 3767 2385 et

2110 2431 2447 2485 facultatem
2496 2427 2752 2499 volendi,
2794 2444 2920 2499 quas
2971 2425 3142 2481 nobis
3195 2420 3535 2477 naturaliter
3586 2420 3763 2489 inest,

2107 2517 2453 2589 assumpsit.
2503 2517 2772 2590 Duplioes
2821 2516 3001 2588 igitur
3050 2520 3110 2568 et
3152 2510 3522 2585 operationes
3571 2508 3762 2581 ipsius

2105 2623 2233 2662 esse
2263 2606 2650 2663 aftirmamus.
2672 2606 2744 2662 Ut
2773 2606 2928 2661 Deus
2958 2603 3116 2659 enim
3147 2607 3205 2657 et
3235 2597 3760 2656 consubstantialis

2103 2697 2261 2752 Patri
2294 2695 2490 2751 divina
2519 2697 2737 2768 gaudet
2767 2691 3235 2767 operatione,sed
3268 2694 3554 2761 tanquam
3584 2686 3759 2743 homo

2102 2787 2293 2843 factus
2322 2790 2379 2842 et
2409 2784 2935 2842 consubstantialis
2968 2781 3447 2849 nobis,humanae
3465 2776 3757 2850 operatio-

2102 2876 2197 2932 nis
2222 2893 2338 2931 non
2369 2879 2460 2931 est
2487 2890 2714 2948 expers.

2710 2963 2797 3019 45.
2832 2963 2962 3031 Quis
2990 2962 3147 3017 Deus.

2173 3055 2368 3125 Neque
2415 3054 2627 3110 coelum
2664 3055 2834 3121 Deus,
2870 3068 2975 3107 nec
3025 3050 3135 3113 sol,
3169 3066 3358 3121 neque
3389 3046 3549 3103 aliud
3581 3046 3754 3118 quid-

2102 3159 2280 3215 quam
2313 3161 2518 3199 eorum
2550 3160 2678 3214 quae
2710 3140 3173 3208 cernuntur,sed
3207 3153 3397 3209 neque
3427 3136 3753 3192 honoratis-

2101 3235 2254 3287 sima
2283 3248 2349 3287 ac
2396 3230 2862 3286 celebratissima
2912 3227 3221 3283 hominum
3277 3225 3519 3280 vocibus
3568 3239 3756 3291 mens,

2104 3338 2293 3392 neque
2336 3320 2466 3377 idea
2497 3338 2529 3375 a
2560 3318 2927 3391 corporibus,
2960 3325 3022 3373 ut
3076 3319 3245 3371 docet
3276 3315 3458 3382 Plato,
3491 3319 3762 3384 separata

2104 3428 2169 3466 ac
2202 3412 2487 3479 sejuncta,
2522 3426 2712 3480 neque
2751 3413 2964 3463 natura
3013 3405 3241 3472 mundi,
3278 3419 3464 3475 neque
3514 3404 3630 3457 vita
3662 3407 3763 3456 aut

2101 3499 2519 3572 lumen,neque
2551 3497 3097 3570 incorporalitas,ut
3126 3494 3211 3550 ita
3237 3494 3512 3558 dicam,et
3546 3491 3758 3546 imma-

2100 3589 2409 3647 tcrialitas.
2444 3591 2644 3661 Neque
2676 3606 2855 3645 sensu
2889 3586 3141 3643 visibilis
3174 3600 3365 3655 neque
3406 3589 3600 3638 mente
3630 3598 3761 3652 per-

2100 3679 2391 3752 ceptihilis
2423 3686 2532 3749 est,
2566 3681 2666 3735 sed
2717 3677 2834 3733 alia
2877 3672 3407 3747 imperscrutabilis
3438 3677 3670 3738 natura,
3706 3676 3763 3726 et

2101 3769 2360 3839 potentia
2389 3770 2541 3839 ejus,
2576 3766 2977 3823 conservatrix
3006 3764 3314 3833 datrixque
3360 3762 3491 3815 vitis
3524 3773 3581 3814 et
3627 3777 3759 3830 pro—

2100 3858 2349 3923 ductrix,
2381 3864 2439 3912 et
2469 3857 2651 3913 semel
2686 3862 2749 3911 ut
2783 3856 2997 3924 dicam,
3028 3869 3233 3909 omnes
3281 3849 3472 3921 ipsius
3516 3846 3762 3904 faculta-

2096 3950 2185 4000 tes
2214 3946 2456 4001 infinitm
2489 3950 2631 4001 sunt
2660 3950 2719 4001 et
2750 3943 3028 4015 principii
3061 3941 3285 3996 ratione
3316 3949 3368 3994 et
3397 3937 3554 3992 ﬁnis.
3578 3939 3763 4007 Atque

2097 4033 2261 4091 illius
2292 4034 2530 4106 quidem
2565 4038 2836 4105 reapectu
2870 4033 2998 4089 sine
3044 4028 3330 4103 principio
3361 4042 3490 4083 esse
3521 4026 3757 4093 dicitur,

2097 4124 2323 4179 ratione
2353 4123 2532 4194 hujus
2563 4140 2696 4178 vero
2729 4121 2855 4178 sine
2886 4123 3023 4191 ﬁne,
3055 4121 3164 4176 hoc
3196 4124 3285 4174 est
3322 4115 3564 4173 omnino
3595 4119 3758 4169 reter-

2096 4230 2232 4269 nus.
2285 4213 2523 4268 Inﬁnita
2581 4212 2763 4284 igitur
2814 4214 3105 4283 potestate
3153 4209 3333 4273 Deus,
3384 4211 3441 4261 et
3486 4204 3760 4276 principii

2096 4302 2354 4373 finisque
2383 4318 2587 4373 expers
2619 4310 2674 4355 et
2720 4306 2972 4356 aeternus
3004 4302 3093 4354 est
3126 4313 3140 4354 :
3171 4299 3325 4369 quod
3359 4300 3416 4352 et
3446 4294 3761 4366 Gregorius

2096 4391 2431 4462 Theologus
2460 4406 2592 4446 vere
2620 4389 2946 4461 theologice
2977 4387 3194 4443 docuit.

2241 4499 2328 4553 16.
2363 4497 2638 4566 Quomodo
2666 4498 2894 4569 prwscr't
2923 4497 3061 4551 Deus
3090 4511 3175 4550 res
3203 4493 3614 4549 mutationibus

2769 4570 3039 4624 obnoxias
3061 4570 3085 4620 ?

2166 4662 2293 4714 Non
2326 4657 2532 4731 quales
2563 4661 2703 4713 sunt
2734 4673 2829 4713 res
2861 4656 2962 4712 tali
2982 4655 3315 4727 cognitione
3336 4651 3637 4725 cognoscit
3657 4667 3758 4707 eas

329 4741 454 4800 ἀλλ’
512 4745 586 4810 ὠς
645 4744 787 4802 ἔστιν
820 4732 980 4813 αὐτὸς
1026 4732 1149 4803 *κατ’
1200 4747 1408 4803 οὐσίαν.
1444 4748 1575 4805 Οἴόν
1622 4746 1724 4802 εἶσι
1753 4747 1820 4803 τὰ
1849 4749 1985 4821 πρά-

2108 4748 2253 4804 Deus
2276 4767 2290 4816 ;
2315 4749 2413 4804 sed
2446 4746 2605 4820 quali
2626 4748 2751 4817 ipse
2771 4752 2861 4802 est
2882 4744 3159 4801 essentia.
3185 4744 3371 4812 Sic,v.
3394 4758 3478 4814 g.,
3500 4756 3593 4796 res
3616 4743 3758 4795 sunt

329 4852 511 4908 γματα
591 4837 857 4910 μεριστὰ,
917 4837 945 4892 ὁ
1004 4834 1063 4892 δὲ
1118 4837 1247 4900 Θεὸς
1305 4836 1621 4912 ἀμέριστος
1676 4834 1986 4913 ἀμερίστως

330 4922 420 4978 οὖν
479 4923 594 4981 οἶδε
640 4927 708 4981 τὰ
759 4926 1007 5001 μεριστά.
1039 4926 1147 4983 Καὶ
1177 4927 1343 4983 πάλιν
1374 4928 1443 4983 τὰ
1467 4926 1763 5003 πράγματα
1792 4924 1985 4982 ἀλλοι-

328 5013 440 5068 me
481 5016 570 5070 xor?
625 5011 966 5088 μεταϐλητὰ,
1000 5017 1028 5072 6
1056 5012 1114 5072 δὶ
1139 5017 1268 5079 Θεὸς
1318 5014 1689 5078 ἀναλλοίωτος
1729 5015 1823 5071 καὶ
1853 5017 1987 5090 ἀμε-

323 5096 623 5173 τάϐλητος*
674 5102 1050 5181 ἀναλλοίωτος
1084 5104 1175 5161 οὖν
1219 5103 1331 5161 οῗδε
1351 5106 1418 5161 τὰ
1466 5103 1772 5175 ἀλλοιωτά,
1802 5105 1893 5161 xor?
1921 5104 1989 5160 τὰ

333 5185 651 5262 μεταϐλητᾶ
707 5189 1125 5266 ἀμεταϐλήτως.
1177 5194 1363 5260 Οὕτως
1389 5194 1479 5250 xor?
1527 5194 1595 5249 τὰ
1652 5194 1754 5249 ὑπὸ
1781 5190 1986 5271 χρόνον

328 5275 566 5339 αἷωνίως
624 5278 757 5350 οἶδε,
803 5283 893 5337 xor?
938 5283 1004 5338 τᾶ
1031 5281 1365 5359 ἐνδεχόμενα
1409 5283 1740 5361 ἀναγκαίως,
1784 5282 1875 5338 xor?
1921 5281 1987 5337 τὰ

332 5368 616 5440 σωματικᾶ
663 5370 989 5443 ἀσωμάτωςθ
1050 5370 1202 5429 Ἀλλ’
1260 5374 1359 5429 οὐκ
1423 5371 1610 5443 ἐπειδὴ
1659 5374 1914 5448 γινώσκει
1957 5374 1985 5427 ὁ

328 5457 458 5519 Θεὸς
488 5456 794 5531 ἀσωμάτως
838 5460 902 5515 τὸ
939 5458 1120 5533 σῶμα,
1172 5460 1466 5534 ἠλλοιώθη
1518 5462 1688 5519 ἐκεῖνο
1726 5461 1818 5517 καὶ
1851 5462 1988 5518 ἀσώ-

336 5566 504 5619 ματον
532 5549 769 5625 γέγονεν.
831 5545 988 5605 Ἀλλ’
1039 5552 1074 5619 ἡ
1129 5551 1223 5623 μὲν
1272 5555 1368 5606 τοῦ
1411 5556 1546 5607 Geor”)
1592 5555 1794 5630 γνῶσις
1853 5551 1988 5607 κατὰ

331 5634 430 5705 τὴν
489 5633 632 5693 ΐδίαν
687 5636 911 5713 ὕπαρξιν
960 5638 1213 5715 γινώσκει
1270 5639 1338 5694 τὰ
1364 5643 1683 5717 πράγματα.
1736 5638 1988 5697 Ἐκείνων

335 5720 394 5780 δὶ
419 5723 645 5783 ’ἕκαστον
688 5728 837 5803 μένει
886 5725 1018 5797 ὅπερ
1045 5726 1177 5785 ἐστί.
1208 5730 1352 5801 Πρὸς
1377 5734 1504 5806 γοῦν
1533 5729 1663 5795 τοὺς
1712 5731 1987 5807 ἀποροῦν-

330 5834 427 5877 τας
463 5817 553 5872 καὶ
589 5816 845 5896 λέγοντας
874 5816 921 5875 εἰ
962 5814 1086 5894 ᾔδει
1136 5819 1166 5875 6
1197 5819 1329 5884 Θεὸς
1373 5819 1465 5877 τὸν
1496 5816 1679 5896 Ἀδὰμ
1725 5819 1794 5876 τὰ
1844 5816 1984 5876 ἔντε-

2098 4836 2366 4908 partibus
2387 4834 2711 4892 divisibiles
2737 4854 2752 4904 ;
2786 4834 2942 4890 Deus
2968 4833 3225 4906 partium
3249 4837 3307 4886 et
3328 4828 3637 4885 divisionis
3666 4844 3760 4883 ex-

2098 4943 2231 4998 pers
2257 4943 2268 4981 :
2294 4942 2386 4981 res
2408 4928 2609 4996 itaque
2631 4923 2902 4996 partibus
2927 4921 3252 4977 divisibiles
3290 4916 3639 4990 impartibili
3661 4933 3757 4972 ra-

2096 5015 2256 5071 tione
2286 5012 2792 5086 cognoscit.Porro
2821 5027 2915 5068 res
2948 5015 3088 5067 sunt
3118 5006 3448 5066 alterationi
3477 5010 3535 5063 et
3562 5009 3759 5061 muta-

2096 5103 2243 5160 tioni
2277 5102 2579 5171 obnoxiae;
2615 5106 2766 5157 Deus
2800 5098 3186 5157 inalterabilis
3213 5103 3269 5154 et
3300 5096 3455 5153 haud
3494 5093 3756 5151 mutabi-

2096 5192 2170 5249 lis
2205 5210 2216 5248 :
2254 5191 2564 5249 mutabilia
2614 5190 2799 5264 igitur
2828 5195 2885 5246 et
2917 5187 3248 5245 alterabilia
3281 5186 3587 5260 cognoscit
3614 5185 3759 5240 inal-

2096 5281 2422 5338 terabiliter
2467 5285 2525 5337 et
2555 5279 3025 5336 immutabiliter.
3056 5278 3141 5333 Ita
3190 5276 3366 5333 etiam
3399 5293 3491 5331 res
3525 5279 3754 5345 tempo-

2097 5372 2284 5427 rarias
2341 5375 2558 5427 aeterna
2614 5371 2919 5443 cognoscit
2976 5368 3256 5437 ratione;
3317 5378 3568 5437 corpora
3614 5363 3754 5419 item

2096 5461 2323 5517 ratione
2379 5458 2906 5532 incorporali.Non
2967 5462 3162 5514 autem
3222 5456 3352 5511 ideo
3401 5452 3543 5525 quia
3598 5451 3756 5508 Deus

2096 5565 2343 5622 corpora
2370 5546 2724 5620 incorporali
2772 5547 2996 5604 ratione
3025 5544 3348 5618 cognoscit,
3378 5543 3507 5599 ideo
3539 5557 3754 5614 corpus

2096 5645 2384 5713 mutatur,
2437 5640 2619 5713 fitque
2675 5637 3063 5712 incorporale.
3125 5637 3236 5694 Sed
3300 5638 3452 5691 Deus
3507 5632 3749 5704 quidem

2097 5730 2338 5788 scientia
2357 5746 2466 5788 sua
2483 5747 2577 5788 res
2598 5745 2702 5801 pro
2724 5727 2934 5784 divinas
2955 5726 3223 5784 essentia:
3257 5723 3484 5782 ratione
3505 5737 3749 5794 cognos-

2097 5819 2219 5890 cit;
2251 5819 2490 5877 illarum
2539 5822 2735 5877 autem
2786 5815 3063 5890 quaelibet
3102 5814 3261 5889 quod
3292 5817 3384 5870 est
3411 5812 3630 5867 manet.
3660 5806 3745 5863 Ad
