4110 6396
349 432 469 491 699

1693 438 1739 493 Μ
1753 432 2110 494 lCIlAELIS
2153 433 2423 495 PSELLI

3653 432 3771 491 700

350 564 455 618 hos
480 564 661 635 igitur
677 565 777 636 qui
801 573 1035 621 movent
1058 567 1736 640 dubium,qu:eruntque
1768 567 1817 621 si
1850 567 2002 621 Deus

2118 562 2360 636 ταλμένα
2392 559 2720 637 παραϐῆναι,
2773 568 2892 623 πῶς
2938 563 3081 627 εἰκος
3138 565 3204 632 ἦν
3266 564 3466 618 ἐκεῖνον
3528 563 3774 638 γενέσθω

350 653 1003 723 przesciveritAdamum
1024 657 1299 712 mandata
1321 675 1449 712 esse
1467 664 1999 728 transgressurum,

348 743 643 813 quomodo
677 742 801 797 fieri
853 745 1109 814 potuerit
1141 750 1205 799 ut
1257 747 1516 800 Adamus
1546 764 1659 801 non
1696 744 2004 816 peccaret?

347 832 508 897 Quod
537 832 693 887 enim
720 837 870 887 Deus
914 835 1228 904 prmscivit,
1261 836 1313 889 id
1345 835 1737 907 protoplastus
1758 850 2002 906 quomo-

347 922 420 974 do
444 920 633 991 potuit
654 921 867 977 evitare
890 923 1022 991 ῬιΑά
1047 924 1156 977 hoc
1198 924 1442 979 dubium
1486 925 1542 978 in
1588 932 1859 995 promptu
1897 923 2001 977 tibi

350 1009 429 1063 sit
459 1011 832 1081 respondere,
868 1013 1020 1081 quod
1053 1013 1287 1084 propria
1328 1013 1482 1068 Deus
1520 1013 1732 1067 virtute
1760 1011 1918 1068 novit
1946 1016 2003 1066 et

351 1116 480 1171 quae
504 1103 724 1154 suntet
756 1117 884 1171 quae
910 1103 1105 1157 futura
1127 1108 1288 1167 sunt,
1323 1120 1427 1157 nec
1470 1107 1775 1158 mutantur
1804 1106 2001 1157 tamen

350 1204 466 1253 res,
499 1188 611 1244 etsi
643 1188 740 1244 ille
772 1192 1116 1261 perfectiore
1146 1191 1278 1247 illas
1312 1193 1536 1248 ratione
1574 1192 1703 1248 scit.
1738 1192 2005 1257 Quando-

345 1276 582 1346 quidem
617 1278 798 1341 ieitur
827 1280 1350 1336 scicbatAdamum
1387 1282 1567 1337 tuisse
1588 1280 2001 1353 prolapsurum

343 1366 408 1422 in
443 1372 771 1438 peccatum,
807 1372 936 1440 ejus
971 1372 1232 1442 cognitio
1264 1390 1376 1426 non
1412 1372 1523 1427 fuit
1569 1372 1793 1427 homini
1825 1388 2004 1427 causa

347 1457 648 1526 peccandi.
681 1458 806 1513 Non
857 1460 1012 1514 enim
1048 1460 1268 1532 eripuit
1315 1461 1364 1516 ei
1417 1461 1892 1531 aequilibritatem
1927 1461 1999 1515 ad

346 1545 732 1615 opinandum,
766 1552 824 1604 et
858 1548 995 1602 boni
1045 1550 1093 1603 si
1127 1549 1299 1603 vellet
1327 1549 1579 1621 eligendi
1612 1549 1948 1603 facultatem
1984 1566 1997 1603 :

348 1636 449 1689 sed
474 1636 628 1691 Deus
651 1638 888 1707 quidem
913 1639 1284 1711 sciebatquid
1312 1640 1572 1694 futurum
1597 1640 2001 1699 essetAdamo

346 1728 539 1779 autem
576 1743 688 1780 non
714 1732 915 1798 erepta
944 1734 1077 1808 .crat
1108 1728 1291 1784 animi
1325 1730 1394 1783 ad
1432 1731 1650 1783 bonum
1680 1728 1997 1783 iuelinandi

346 1814 623 1885 potentia.
648 1816 712 1869 Et
739 1817 998 1872 Adamus
1027 1819 1262 1888 quidem
1286 1819 1354 1873 ad
1380 1819 1671 1874 contraria
1694 1818 1998 1874 indefinito

2116 653 2493 725 ἀναμάρτητον
2521 672 2534 721 ;
2565 655 2633 710 Ὀ
2663 653 2763 727 γὰρ
2798 652 3082 725 ἐγίνωσκεν
3109 654 3137 707 ὁ
3168 654 3319 717 Θεὸς,
3343 656 3460 715 πῶς
3491 653 3518 705 ὁ
3551 650 3767 727 πρωτό-

2114 742 2353 804 1101310;
2404 738 2701 818 ὑπερϐῆναι
2760 740 2996 811 ἠδύνατο
3028 786 3039 798 .
3076 745 3216 818 Πρὸς
3271 746 3397 817 γοῦν
3441 740 3567 802 τοὺς
3611 745 3774 796 10510

2112 832 2448 907 ἀποροῦντας
2498 832 2795 905 ἀποκρίνου
2840 831 3015 899 εὐθὺς,
3077 828 3159 886 ὅτι
3220 832 3247 884 ὁ
3307 832 3435 891 Θεὸς
3483 831 3618 884 κατά
3672 831 3772 897 τὴν

2114 918 2254 974 ἰδίαν
2309 919 2559 991 ἰδιότητα
2619 919 2732 975 οἶδε
2782 924 2869 975 καὶ
2900 922 2966 974 1i
3016 921 3280 995 γενόμενα
3330 920 3418 974 καὶ
3448 920 3515 973 τΞι
3545 919 3769 992 γενησόο

2115 1031 2268 1076 μενα.
2332 1011 2430 1065 Καὶ
2487 1008 2652 1065 πάλιν
2714 1010 2814 1064 οὐκ
2871 1009 3193 1064 ἀλλοιοῦται
3250 1010 3318 1064 τά
3347 1010 3665 1084 πράγματα,
3724 1007 3770 1062 εἰ

2112 1100 2312 1162 ἐκεῖνος
2371 1099 2696 1175 κρειττόνως
2759 1099 2895 1153 αὑτά
2952 1097 3253 1154 ἐπίσταταιι
3306 1096 3528 1166 Ἐπειδή
3587 1096 3775 1152 τοίνυν

2112 1191 2382 1259 ἠπίστατο
2442 1189 2524 1244 ὅτι
2584 1195 2822 1244 πεσεῖται
2886 1189 2989 1243 ὑπὸ
3049 1190 3147 1258 τὴν
3209 1184 3770 1267 ἀμαρτίανὸἰιλδδιμ⁸

2113 1278 2220 1354 οὐχ
2265 1282 2299 1349 ὴ
2354 1284 2552 1354 γνῶσις
2584 1277 2748 1333 αὑτοῦ
2775 1278 2921 1333 αἰτία
2951 1280 3047 1347 τῆς
3100 1278 3364 1351 ἁμαρτίας
3392 1282 3469 1349 τῷ
3501 1277 3773 1351 ἀνθρώπῳ

2113 1368 2343 1444 ἐγένετο.
2400 1368 2477 1424 Ού
2533 1368 2635 1442 γὰρ
2694 1366 2945 1442 ἀφείλετο
2996 1366 3160 1421 αύτοῦ
3190 1368 3291 1436 τήν
3320 1365 3639 1442 ἰσορροπίαν
3673 1372 3774 1434 τῆς

2108 1459 2335 1530 γνώμης
2381 1458 2470 1511 καὶ
2516 1459 2616 1526 τήν
2665 1462 2760 1511 τοῦ
2805 1456 2981 1512 καλοῦ
3015 1455 3242 1529 α’ίρεσιν,
3286 1454 3434 1531 εἷ’περ
3482 1450 3767 1521 ἐϐούλετο,

2108 1546 2233 1602 ἀλλ’
2266 1548 2293 1601 ὀ
2347 1547 2439 1618 μὲν
2476 1546 2603 1608 Θεὸς
2655 1545 2923 1615 ἠπίστατο
2967 1546 3030 1600 τὸ
3060 1546 3336 1617 ἐσόμενον,
3368 1550 3447 1616 τῷ
3481 1542 3538 1600 δὲ
3590 1541 3769 1617 ’Δδάμ

2111 1637 2209 1691 οὐκ
2256 1635 2502 1715 ἀφῃρέθη
2555 1639 2588 1706 ἠ
2622 1635 2711 1690 ἐπὶ
2740 1636 2803 1690 τὸ
2832 1632 2998 1690 καλὸν
3028 1636 3200 1711 ὁρμή.
3264 1634 3359 1689 Καὶ
3394 1637 3421 1689 ὁ
3458 1635 3553 1707 μὲν
3590 1631 3772 1707 ’Λδάμ

2109 1727 2362 1797 ἀόριστον
2413 1726 2530 1801 εἶχε
2571 1727 2669 1794 τήν
2716 1722 2804 1781 ἐπὶ
2845 1726 2913 1780 τὰ
2956 1724 3168 1780 ἐναντία
3215 1724 3415 1800 ῥοπὴν,
3469 1724 3497 1779 ὁ
3529 1720 3586 1778 δὲ
3637 1723 3767 1786 Θεός

2110 1818 2428 1889 ὡρισμένως
2470 1815 2728 1889 ἐγίνωσκε
2775 1815 2838 1869 τὸ
2878 1814 3154 1889 ἀόριστον.
3210 1815 3297 1875 Ὡς
3354 1814 3460 1889 γὰρ
3498 1814 3561 1868 τὸ
3610 1818 3769 1884 σῶμα

347 1904 521 1959 modo
544 1920 606 1958 se
626 1903 922 1961 habebat:
971 1906 1127 1961 Deus
1151 1912 1343 1963 autem
1366 1908 1736 1963 indefinitum
1760 1908 1998 1963 definita

2118 1906 2415 1978 Ξισιυμάτως
2481 1902 2648 1972 οἶδεν,
2712 1904 2855 1959 οὕτω
2916 1906 3009 1978 μὲν
3066 1904 3158 1959 καὶ
3209 1904 3272 1959 τὸ
3313 1902 3562 1977 ἀόριστον
3594 1903 3767 1979 ὡρισ-

347 1994 738 2064 cognoscebat
770 1995 1016 2050 ratione.
1053 1995 1208 2051 Sicut
1239 1996 1395 2052 enim
1427 2002 1640 2070 corpus
1674 1998 1999 2071 incorpora~

346 2081 499 2154 liter,
532 2082 619 2138 sic
648 2088 704 2138 et
734 2084 1110 2141 indefinitum
1145 2088 1381 2144 deﬁnite
1414 2088 1592 2144 novit.

383 2191 471 2246 17.
506 2191 791 2259 Quodnam
817 2197 1064 2268 primum
1094 2197 1444 2257 elcmmwtum,
1477 2214 1511 2250 (ι
1542 2213 1647 2268 quo
1680 2197 1948 2253 mundum

863 2267 1088 2322 condere
1118 2272 1279 2337 erepit
1311 2274 1492 2323 Deus."

417 2351 643 2423 Moyses
692 2354 954 2424 quidem,
989 2357 1088 2427 qui
1125 2358 1301 2411 linum
1350 2358 1515 2423 vidit,
1547 2358 1690 2412 cmlo
1740 2357 1916 2412 simul
1949 2363 2005 2412 et

344 2444 509 2495 terra:
543 2443 798 2513 primum
838 2446 1027 2499 locum
1053 2448 1314 2519 assignat
1342 2447 1398 2502 in
1426 2448 1627 2503 mundi
1651 2447 2002 2517 originibus.

346 2531 508 2585 Inter
538 2532 870 2588 Grmcorum
926 2553 1059 2589 vero
1112 2537 1413 2607 sapientes
1441 2537 1537 2590 alii
1590 2536 1749 2591 aliud
1784 2536 2004 2607 opinati

348 2625 510 2674 sunt.
542 2619 822 2675 Nonnulli
878 2623 1031 2676 enim
1086 2629 1301 2677 terram
1356 2628 1672 2696 prmferunt
1721 2630 2003 2695 tanquam

348 2714 614 2763 centrum
641 2709 845 2765 circuli
870 2713 1148 2775 caelestis,
1185 2715 1335 2783 quod
1365 2714 1543 2767 etiam
1581 2714 1636 2767 in
1673 2713 1846 2783 plano
1880 2730 2007 2767 cen-

352 2801 508 2851 trum
543 2798 622 2853 sit
651 2800 873 2855 circulo
907 2802 1069 2871 prius
1101 2807 1157 2856 et
1185 2802 1635 2873 antiquius.Alii
1666 2802 2002 2857 universum

352 2886 643 2941 mundum
675 2887 1049 2959 distinguunt
1077 2890 1135 2944 in
1167 2896 1423 2962 quatuor
1442 2891 1811 2961 elcmenta,et
1840 2891 2001 2963 quin-

348 2977 476 3027 tum
505 2973 820 3030 cethereum
838 2993 1023 3047 genus
1054 2980 1350 3050 corporis:
1379 2986 1752 3051 quatuorque
1776 2980 1872 3035 illa
1895 2981 2005 3035 sub

354 3065 567 3117 mlhere
599 3063 907 3135 disposita,
942 3066 1407 3137 pulcherrimum
1453 3087 1584 3124 vero
1617 3070 1878 3125 aetherem
1914 3088 2008 3124 na-

356 3158 496 3207 turm
529 3151 739 3208 cmlum
781 3155 1036 3227 primum
1088 3159 1353 3213 omnium
1408 3159 1621 3215 factum
1670 3176 1799 3215 esse
1852 3161 2006 3214 affir-

360 3247 543 3296 mant.
577 3244 681 3307 Qui
716 3261 851 3300 vero
880 3246 1095 3302 factum
1133 3250 1418 3303 mundum
1451 3249 1606 3304 haud
1638 3250 1884 3304 obscure
1912 3267 2005 3304 ne-

2112 1996 2308 2070 μένως.

2113 2196 2195 2265 ιζ’.
2241 2195 2379 2248 ’Δπὸ
2424 2193 2583 2248 ποίου
2623 2194 2843 2267 πρώτου
2896 2190 3175 2266 στοιχείου
3214 2190 3413 2266 ἤρξατο
3441 2191 3534 2246 τὸν
3562 2189 3775 2265 κόσμον

2716 2270 2891 2319 ποιεῖν
2938 2266 2965 2319 ὁ
3005 2265 3157 2325 Θεός.

2186 2357 2427 2424 Μωυσῆς
2484 2355 2579 2426 μὶν
2635 2355 2662 2408 ὁ
2716 2354 2952 2423 θεόπτης
3000 2354 3218 2429 ούρανῷ
3272 2352 3384 2425 ἅμα
3431 2353 3522 2406 καὶ
3575 2355 3648 2427 γῇ
3707 2352 3778 2406 τὰ

2113 2440 2374 2517 πρεσϐεῖα
2426 2441 2614 2497 δίδωσι
2663 2450 2761 2512 τῆς
2812 2447 2913 2497 τοῦ
2962 2442 3173 2515 κόσμου
3224 2442 3504 2516 γενέσεως.
3537 2441 3658 2496 Τῶν
3720 2437 3779 2495 δὶ

2114 2535 2241 2608 παρ’
2267 2532 2509 2603 ⁰⁹Ελλησι
2542 2538 2721 2611 coeti»:
2753 2531 2914 2587 ἄλλοι
2940 2530 3127 2594 ἀλλὼς
3160 2531 3437 2603 ᾠήθησαν.
3462 2532 3530 2589 Οἱ
3556 2531 3650 2603 μὶν
3674 2530 3777 2606 γάρ

2114 2624 2211 2692 τὴν
2262 2630 2365 2698 γῆν
2410 2626 2627 2697 πρῶτον
2688 2623 3024 2696 παράγουσιν
3080 2622 3153 2683 ὡς
3184 2622 3405 2697 κέντρον
3465 2625 3560 2674 τοῦ
3609 2619 3774 2691 οὐρα-

2114 2714 2232 2767 νίου
2281 2711 2510 2779 κύκλου,
2547 2711 2663 2766 ἐπεὶ
2703 2712 2791 2766 καὶ
2841 2716 2938 2765 τοῦ
2998 2708 3255 2766 ἐπιπέδου
3304 2708 3511 2765 κύκλου
3558 2731 3616 2763 τν
3663 2707 3778 2763 κέν-

2115 2823 2240 2876 τρον
2293 2796 2681 2877 πρεσϐύτερον.
2733 2803 2948 2875 ’Ἑτεροι
2992 2797 3048 2855 δὲ
3097 2799 3172 2863 εἷς
3216 2800 3283 2854 τά
3341 2799 3570 2875 τέσσαρα
3628 2818 3776 2854 στοι-

2115 2897 2242 2966 χεῖα
2293 2890 2382 2945 καὶ
2425 2891 2488 2945 τὸ
2538 2891 2786 2963 πέμπτον
2821 2894 2981 2962 σῶμα
3009 2889 3072 2943 τὸ
3102 2888 3338 2965 αἰθέριον
3368 2888 3462 2943 τὸν
3492 2887 3780 2960 σύμπαντα

2117 2978 2452 3056 διαιροῦντες
2517 2979 2725 3053 κόσμον
2801 2979 2891 3035 καὶ
2942 2978 3007 3034 τὸ
3062 2980 3453 3054 τετράστοιχον
3515 2977 3620 3032 ὑπὸ
3676 2980 3775 3031 τοῦ

2116 3068 2330 3145 αἰθέρος
2365 3067 2686 3133 διοικεῖσθαι
2734 3070 3069 3141 νομίζοντες.
3130 3068 3200 3122 Τὸ
3257 3065 3559 3124 κάλλιστον
3593 3063 3652 3121 δε
3676 3070 3775 3121 τοῦ

2115 3160 2327 3235 αἰθέρος
2413 3160 2440 3214 ὁ
2522 3158 2772 3235 οὐρανὸς,
2851 3158 2909 3213 δν
2987 3162 3205 3233 πρῶτον
3276 3156 3484 3212 τούτων
3558 3157 3779 3232 γεγενῆ-

2117 3248 2237 3314 σθαί
2298 3270 2478 3326 φασιν.
2536 3250 2693 3305 ’Ὁσοι
2754 3246 2812 3303 δὲ
2856 3248 3150 3321 ἀγέννητον
3199 3247 3290 3301 τὸν
3349 3245 3557 3319 κόσμον
3591 3248 3775 3322 σαφῶς

350 3337 511 3403 gant,
546 3332 884 3389 universum
916 3336 1090 3391 simul
1126 3338 1415 3392 exsistens
1447 3343 1835 3409 congruenter
1866 3356 2001 3408 pro-

2118 3340 2455 3416 ἀπεφήναντο
2513 3339 2655 3410 ὁμοῦ
2710 3339 2772 3393 τὸ
2820 3344 2922 3392 πᾶν
2996 3337 3127 3391 εἶναι
3181 3333 3503 3400 ἀκολούθως
3562 3336 3775 3396 ἑαυτοῖς

352 3421 491 3491 price
524 3423 781 3493 Opinioni
831 3430 1119 3481 statuunt.
1155 3428 1265 3481 Eas
1319 3433 1514 3482 autem
1562 3428 1756 3497 potius
1804 3429 2001 3482 existi-

353 3527 515 3564 mare
572 3511 761 3582 primo
813 3513 936 3569 loco
986 3516 1201 3569 factum
1264 3515 1499 3583 cmlum,
1534 3520 1735 3587 utpote
1792 3534 2003 3588 corpus

354 3600 752 3671 praestantius,
803 3607 858 3657 et
906 3605 1060 3674 quod
1109 3609 1317 3660 caetera
1366 3604 1779 3678 complectitur
1830 3613 2005 3678 atque

354 3687 819 3760 comprehendit.

497 3796 584 3854 18.
619 3798 766 3854 Unde
798 3798 1049 3856 homines
1078 3804 1355 3857 notionem
1392 3804 1490 3859 Dei
1516 3806 1865 3875 acceperint?

424 3883 734 3942 Notionem
797 3888 895 3943 Dei
952 3889 1281 3947 hauserunt
1355 3891 1625 3949 homines
1682 3910 1751 3949 ex
1803 3895 2006 3949 ordine

352 3989 649 4043 rerum,ex
677 3981 901 4032 natura:
930 3979 1254 4051 aequalibus
1278 3980 1531 4053 legibus,
1557 3999 1623 4037 ex
1642 3982 2007 4054 providentia

352 4065 424 4119 ad
457 4065 656 4119 omnia
706 4067 1089 4137 pertingente.
1122 4069 1465 4141 Magnorum
1521 4072 1676 4127 enim
1712 4070 2005 4135 luminum

353 4156 518 4208 ortus
545 4158 601 4207 et
632 4170 877 4210 occasus
909 4156 1119 4213 iisdem
1151 4158 1518 4230 temporibus
1547 4161 1749 4215 eodem
1779 4177 2010 4232 semper

354 4257 418 4295 se
448 4240 673 4297 habens
708 4246 904 4311 modo,
939 4250 995 4300 et
1025 4262 1237 4300 cursus
1281 4246 1543 4303 siderum
1584 4250 1850 4304 eamdem
1884 4267 2006 4305 ser-

351 4333 556 4385 vantes
607 4331 914 4399 rationem,
949 4338 1005 4389 et
1050 4335 1488 4392 circumrotatio
1533 4337 1659 4393 coeli
1705 4337 2008 4393 circularis

352 4420 555 4474 omnia
602 4420 884 4492 colligens
935 4439 1002 4478 ac
1054 4424 1484 4495 constringens,
1517 4427 1749 4498 aliaque
1789 4445 1916 4499 quae
1948 4427 2008 4482 in

353 4507 485 4563 aliis
516 4510 862 4578 corporibus
894 4511 1279 4568 consimiliter
1310 4530 1370 4568 se
1417 4514 1656 4581 habent,
1691 4517 2011 4587 praedicant

352 4614 480 4653 esse
503 4599 819 4669 quemdam
856 4600 956 4669 qui
989 4601 1246 4657 universi
1277 4620 1475 4658 curam
1510 4605 1661 4675 gerit
1690 4604 1858 4677 eique
1880 4621 2008 4676 pro-

2116 3427 2360 3503 λέγουσι.
2422 3432 2511 3482 Δεῖ
2542 3424 2598 3481 δὲ
2643 3424 2855 3500 μᾶλλον
2912 3423 3115 3491 σ’ίεσθαι
3146 3425 3237 3480 τὸν
3294 3424 3522 3496 οὐρανὸν
3550 3428 3768 3500 πρῶτον

2114 3524 2455 3592 γεγενῆσθαι,
2508 3517 2582 3579 ὡς
2636 3517 2724 3572 καὶ
2781 3520 3024 3591 κρεῖττον
3081 3519 3240 3588 σῶμα
3288 3515 3375 3569 καὶ
3426 3518 3533 3568 τῶν
3585 3511 3773 3569 ἄλλων

2115 3605 2535 3681 περιληπτικόν.

2335 3804 2405 3873 ιη’
2439 3802 2605 3866 Πόθεν
2640 3799 2846 3857 ἔννοιαν
2881 3799 3042 3877 ἔσχον
3078 3806 3211 3857 Θεοῦ
3242 3799 3517 3875 ἅνθρωποι
3545 3819 3558 3869 ;

2185 3895 2434 3950 ’Ἑννοιαν
2489 3889 2618 3967 ἔσχε
2661 3896 2794 3946 Θεοῦ
2846 3892 3129 3967 ἄνθρωπος
3173 3891 3279 3945 ἀπὸ
3327 3894 3427 3954 τῆς
3456 3894 3565 3944 τῶν
3599 3885 3774 3943 ὅντων

2113 3983 2334 4054 τάξεως,
2387 3983 2492 4037 ἀπὸ
2540 3989 2639 4051 τῆς
2692 3981 2976 4054 ἰσονομίας
3006 3987 3113 4035 τῶν
3168 3981 3398 4057 φύσεων.
3433 3980 3540 4034 ἀπὸ
3570 3986 3669 4048 τῆς
3700 3979 3778 4041 εἰς

2113 4072 2182 4126 τὰ
2223 4072 2397 4126 πάντα
2437 4070 2754 4141 διοικούσης
2781 4069 3061 4145 προνοίας.
3095 4071 3164 4126 Ἣ
3222 4090 3278 4123 τε
3304 4070 3407 4145 γὰρ
3462 4073 3570 4123 τῶν
3606 4067 3776 4143 μεγά·

2118 4159 2229 4216 λων
2264 4162 2567 4237 φωστήρων
2619 4157 2860 4228 ἀνατολὴ
2894 4159 2982 4213 καὶ
3015 4156 3163 4220 δύσις
3208 4158 3257 4211 ἓν
3290 4163 3407 4221 τοῖς
3440 4158 3623 4220 αὐτοῖς
3651 4177 3773 4210 και-

2119 4270 2235 4325 ροις
2269 4249 2350 4304 ἀεὶ
2402 4247 2609 4322 ὁμοίως
2652 4243 2876 4323 ἔχουσα,
2921 4247 3012 4303 καὶ
3067 4249 3119 4301 0i.
3148 4252 3255 4301 τῶν
3305 4246 3541 4322 ἀστέρων
3577 4243 3779 4321 δρόμοι

2115 4339 2218 4407 τὴν
2285 4338 2592 4409 ταυτότητα
2657 4339 2945 4406 σώζοντες,
2991 4336 3082 4392 καὶ
3133 4339 3168 4407 ἡ
3215 4341 3311 4391 τοῦ
3351 4336 3584 4410 οὐρανοῦ
3628 4354 3779 4411 περι-

2119 4426 2260 4505 φορά
2306 4428 2393 4482 καὶ
2444 4424 2697 4502 περίοδος
2739 4424 3074 4501 κυκλοτερὴς
3134 4427 3306 4481 πάντα
3360 4425 3659 4500 σφίγγουσα
3688 4424 3780 4478 καὶ

2119 4513 2431 4586 συνδέουσα,
2478 4517 2570 4571 καὶ
2599 4517 2647 4570 τ’
2697 4513 2844 4571 ἄλλα
2890 4515 3151 4577 ὡσαύτως
3182 4512 3383 4590 ἔχοντα
3415 4515 3466 4568 ἐν
3497 4512 3776 4583 ἀλλήλοις

2118 4607 2355 4679 σώμασι,
2392 4608 2707 4681 προνοητήν
2738 4626 2859 4661 τινα
2888 4609 2985 4660 τοῦ
3035 4603 3238 4666 παντὸς
3291 4605 3422 4658 εἶναι
3472 4600 3776 4677 ἀνακηρύτ-

348 4687 529 4742 videt.
560 4686 616 4741 Si
658 4688 812 4742 enim
866 4689 1009 4744 forte
1065 4695 1119 4746 et
1167 4708 1304 4745 casu
1358 4691 1618 4747 mundus
1666 4693 2002 4758 coaluisset,

2118 4716 2316 4749 τουσιν.
2365 4694 2429 4750 Εἰ
2460 4696 2560 4769 γὰρ
2590 4694 2794 4769 τυχαία
2840 4693 2931 4748 καὶ
2982 4693 3296 4765 αὐτόματος
3329 4693 3397 4762 ἦν
3443 4694 3477 4762 ἡ
3518 4695 3616 4747 τοῦ
3646 4690 3777 4746 κόσ-

351 4780 547 4848 partes
594 4778 723 4848 ejus
757 4776 883 4831 sine
914 4778 1117 4835 ordine
1146 4786 1199 4834 et
1232 4782 1455 4848 ratione
1480 4783 1771 4837 ferrentur
1803 4799 1815 4838 :
1851 4801 2006 4839 nunc

349 4881 484 4920 vero
520 4871 714 4920 motus
752 4866 1005 4922 universi
1038 4874 1195 4924 certo
1228 4887 1473 4925 numero
1498 4875 1555 4926 et
1602 4871 1805 4927 ordine
1836 4889 2005 4928 cons-

347 4954 587 5023 titutus,
620 4959 679 5009 et
712 4955 866 5026 quod
920 4956 1065 5011 nihil
1100 4960 1225 5015 sine
1256 4959 1479 5016 ratione
1510 4959 1595 5015 vel
1629 4968 1892 5018 movetur
1914 4962 2005 5019 vel

350 5042 621 5114 quiescit,
655 5046 753 5099 sed
807 5047 1006 5102 omnia
1065 5048 1232 5105 facile
1289 5066 1356 5104 ac
1403 5050 1705 5106 commode
1764 5052 1885 5124 regi
1944 5070 2005 5107 se

350 5133 681 5205 patiuntur,
717 5135 899 5191 Deum
936 5137 1106 5194 nobis
1139 5138 1394 5193 universi
1431 5140 1707 5196 factorem
1741 5143 2003 5197 condito-

351 5238 594 5295 remque
627 5226 1057 5282 demonstrant.

592 5332 685 5386 19:
712 5332 983 5389 Pluresne
1012 5337 1124 5390 sint
1156 5336 1347 5406 angeli
1373 5352 1449 5390 an
1479 5324 1728 5392 homines
1752 5340 1777 5390 ?

419 5419 731 5476 Pauciores
755 5423 1135 5481 multitudine
1158 5430 1300 5481 sunt
1318 5425 1701 5497 angeliquam
1716 5427 2001 5484 homines.

346 5507 492 5562 Vide
523 5507 681 5563 enim
714 5513 1009 5581 quomodo
1040 5514 1274 5570 numeri
1305 5530 1509 5570 omnes
1528 5531 1643 5586 quo
1675 5518 2004 5588 propriores

352 5600 492 5651 sunt
530 5597 758 5668 unario,
791 5617 856 5655 eo
890 5600 1149 5658 minores
1194 5606 1333 5658 sunt
1371 5605 1635 5661 numeris
1665 5604 1900 5678 longius
1929 5608 2002 5664 ab

348 5684 450 5741 illo
474 5686 960 5746 distantibus.Uti
983 5690 1271 5761 binarius,
1294 5693 1590 5750 ternarius
1611 5698 1671 5751 et
1687 5702 2002 5767 quaterna-

351 5773 475 5830 rius
510 5774 767 5834 minores
818 5785 959 5836 sunt
1016 5781 1307 5839 vicenario
1362 5786 1421 5837 et
1476 5782 1812 5842 tricenario.
1841 5785 2005 5842 Sicut

2120 4806 2226 4856 μου
2271 4782 2593 4856 σύμπλεξις,
2651 4784 2717 4852 ἧν
2769 4780 2829 4836 ἂν
2878 4781 3067 4837 καὶτὰ
3094 4782 3230 4856 μέρη
3281 4785 3377 4835 τοῦ
3407 4780 3619 4853 κόσμου
3648 4780 3775 4833 ἀτά-

2115 4894 2257 4935 κτως
2289 4874 2377 4927 καὶ
2432 4870 2649 4948 ἀλόγως
2681 4871 2974 4949 φερόμενα.
3018 4875 3125 4925 Νῦν
3177 4867 3235 4925 δὲ
3270 4871 3305 4939 ἡ
3364 4866 3628 4944 εὔρυθμος
3677 4872 3777 4922 τοῦ

2115 4961 2315 5023 παντὸς
2365 4961 2727 5045 κίνησιςκκαὶ
2771 4961 2833 5014 τὸ
2880 4957 3052 5034 μηδὲν
3099 4958 3318 5034 ἀλόγως
3368 4959 3402 5029 ἦ
3432 4959 3531 5027 τήν
3564 4955 3780 5027 κίνησιν

2116 5046 2263 5126 ἔχειν
2298 5050 2332 5120 ἢ
2355 5052 2455 5120 τὴν
2489 5048 2748 5126 ἡσυχίαν,
2784 5047 2930 5105 ἀλλά
2975 5050 3150 5103 πάντα
3195 5048 3489 5123 εὑαγώγως
3518 5049 3771 5121 ἠνιοχεῖ-

2115 5142 2256 5210 σθαι,
2305 5140 2397 5195 τὸν
2452 5140 2581 5195 Θεὸν
2614 5142 2752 5213 ἡμῖν
2783 5136 3124 5193 ἀναδείκνυσι
3156 5138 3397 5207 ποιητὴν
3427 5140 3522 5191 τοῦ
3553 5136 3773 5198 παντὸς.

2224 5338 2310 5395 ιθ’.
2348 5336 2581 5413 Πότερον
2615 5336 2842 5398 πλείους
2872 5336 2924 5389 οἱ
2956 5332 3182 5411 ἄγγελοι
3216 5333 3251 5403 ἢ
3284 5334 3335 5387 οἱ
3368 5335 3667 5410 ἄνθρωποι.

2186 5424 2483 5488 Ἐλάττους
2515 5430 2622 5481 τῶν
2669 5426 2969 5501 ἀνθρώπων
3017 5425 3154 5479 κατά
3199 5424 3261 5477 τὸ
3303 5426 3516 5492 πλῆθος
3547 5424 3600 5478 οἱ
3630 5423 3779 5497 ἅγγε-

2115 5514 2228 5572 λοι.
2293 5516 2497 5572 Σκόπει
2559 5515 2687 5591 γὰρ,
2724 5516 2807 5571 δτι
2854 5513 3052 5575 πάντες
3109 5514 3162 5567 οἱ
3193 5512 3418 5589 ἀριθμοὶ
3452 5513 3505 5567 οἱ
3532 5510 3775 5581 πλησιά-

2117 5609 2295 5675 ζοντες
2324 5608 2392 5679 τῇ
2449 5602 2667 5679 μονάδι,
2700 5602 2959 5667 ἂλάττους
3010 5601 3114 5658 εἶσι
3167 5601 3302 5657 κατά
3346 5602 3409 5658 τὸ
3440 5602 3606 5656 ποσὸν
3663 5603 3771 5655 τῶν

2112 5693 2476 5771 ποῤῥωτέρων
2511 5697 2779 5771 ἀριθμῶν.
2830 5696 2961 5752 Οἴον
2993 5694 3027 5762 ἡ
3058 5689 3211 5760 δυὰς,
3256 5694 3291 5761 ἡ
3321 5690 3476 5768 τριὰς
3504 5692 3594 5747 καὶ
3625 5692 3660 5761 ἠ
3689 5710 3774 5746 τε·

2113 5784 2246 5860 τράς
2275 5782 2621 5861 ἐλαττότεραί
2670 5783 2772 5841 εἱσι
2814 5788 2922 5839 τῶν
2953 5779 3125 5838 εἴκοσι
3151 5781 3240 5837 καὶ
3295 5780 3606 5859 τριάκοντα.
3640 5784 3767 5836 ’Ὠσ-
