4110 6402
329 460 444 522 ’101

1522 466 1623 527 DE
1667 464 2107 529 OMNIFARIA
2153 466 2571 527 DOCTRINA.

3632 465 3754 524 702

331 612 433 667 περ
467 589 558 648 οὗν
602 593 656 647 οἱ
707 590 985 669 ἐγγύτεροι
1038 601 1139 664 τῆς
1197 592 1384 658 ἒνάδος
1447 596 1671 672 ἀριθμοὶ
1727 595 1962 653 ἐλάττοοι

2098 597 2281 671 igitur
2339 598 2640 671 propiores
2717 597 2925 652 unario
2977 599 3208 653 numeri
3275 603 3420 653 sunt
3470 599 3749 665 minores,

331 682 491 748 εἰσὶν,
523 684 574 736 οἱ
618 680 676 737 δὲ
718 682 1078 759 πορῥωτέρω,
1136 681 1378 753 πλείους,
1424 686 1597 748 οὕτως
1630 688 1682 741 οἱ
1715 685 1988 761 ἐγγῧτιροι

326 775 426 825 τοῦ
460 770 573 833 ἐνὸς
630 773 717 826 καὶ
777 772 947 845 μόνον
996 777 1154 844 Θεοῦ,
1205 768 1430 830 ἔλαττον
1481 773 1670 851 ἔχουσι
1727 777 1790 831 τὸ
1821 777 1987 830 ποσὸν

330 861 383 915 οἷ
417 858 474 914 δὲ
503 860 862 937 regifico-capto,
911 860 1099 919 πλέον.
1153 862 1468 940 Ἐγγύτιροι
1515 862 1573 918 δὲ
1600 869 1696 919 τοῦ
1729 869 1861 920 Θεοῦ
1893 863 1989 940 εἴγ-

326 948 506 1025 γελοι,
569 948 937 1026 ἀρχάγγελοι,
1004 953 1093 1007 καὶ
1153 953 1209 1007 αἱ
1285 953 1650 1027 περικείμεναι
1712 952 1987 1026 δυνάμεις,

327 1038 663 1115 πορρωτέρω
697 1038 756 1094 δὲ
809 1041 861 1094 οἱ
914 1042 1214 1118 ἅνθρωποι.
1264 1043 1424 1098 Ὥστε
1479 1041 1704 1106 πλείους
1747 1043 1845 1098 εἷσί
1879 1049 1986 1097 τῶν

329 1128 582 1204 ἀγγέλων
615 1129 667 1183 οἱ
722 1127 1025 1206 ἅνθρωποι,
1085 1126 1204 1195 ὅθεν
1248 1132 1337 1187 καὶ
1391 1133 1443 1186 οἱ
1476 1132 1571 1205 μὲν
1602 1129 1830 1207 ἄγγελοι
1875 1129 1983 1203 ἤδη

330 1218 463 1274 κατᾶ
490 1218 583 1272 τὸν
638 1218 872 1292 ἀριθμὸν
917 1217 1362 1296 ἐπερατώθησαν,
1392 1227 1508 1284 τοῖς
1567 1219 1624 1276 δὲ
1680 1222 1986 1295 ἀνθρώποις

332 1307 406 1369 εἰς
433 1307 497 1361 τὸ
530 1304 755 1381 ἄπειρον
802 1314 1094 1384 προχεῖται
1146 1312 1181 1379 ἡ
1234 1331 1512 1386 γεννησις.
1564 1310 1895 1381 Σταθήσεται
1929 1309 1986 1365 δὲ

328 1396 463 1467 αὐτή
495 1396 632 1452 κατὰ
667 1397 759 1452 τὸν
791 1405 891 1468 τῆς
922 1398 1229 1462 συντελείας
1261 1402 1470 1477 καιρόν.

963 1596 1030 1663 κ’,
1065 1597 1194 1671 Περὶ
1219 1600 1334 1651 νοῦ.

390 1682 468 1738 Οὔ
501 1688 607 1744 πᾶς
665 1687 792 1747 νοῦς
853 1682 1139 1760 μετέχεται
1201 1686 1302 1741 ὑπὸ
1351 1685 1530 1757 πάσης
1578 1691 1782 1763 ψυχῆς.
1830 1690 1890 1745 Ὁ
1922 1686 1979 1744 δὲ

319 1776 540 1845 πρῶτος
570 1776 696 1833 νοῦς
732 1773 820 1827 ὑπ’
870 1770 1128 1845 οὐδεμιᾶς
1179 1778 1367 1851 ψυχῆς
1429 1777 1684 1849 μεθεκτός
1718 1778 1880 1833 ἐστιν.
1915 1780 1976 1836 Ὀ

318 1860 419 1934 γὰρ
458 1862 589 1930 ὑπὲρ
622 1863 796 1917 πὰντα
824 1863 890 1917 τὰ
943 1858 1075 1917 ὄντα
1116 1868 1242 1926 νοῦς
1291 1866 1383 1920 καὶ
1429 1887 1643 1921 παντων
1692 1876 1973 1944 Δημιουρ⁴

2105 686 2339 759 longius
2368 703 2501 742 vero
2536 688 2747 741 remoti
2781 688 3033 757 majores
3064 691 3120 740 et
3160 686 3620 750 numerosiores,
3667 686 3754 742 sic

2102 793 2232 849 quas
2253 776 2356 831 uni
2395 781 2453 832 et
2473 776 2580 832 soli
2613 776 2727 831 Deo
2754 776 3026 847 prOpiora
3056 780 3216 842 sunt,
3248 775 3454 830 eadem
3474 775 3751 847 pauciora

2099 882 2332 937 quoque
2364 870 2542 934 sunt;
2576 882 2704 937 qua:
2725 882 2862 921 vero
2886 865 3120 937 longius
3148 866 3394 931 distant,
3418 864 3588 936 plura
3609 868 3751 919 sunt

2101 971 2368 1010 numero.
2389 954 2693 1027 Propiores
2717 959 2909 1010 autem
2931 954 3047 1010 Deo
3085 959 3225 1009 sunt
3251 953 3464 1026 angeli,
3496 954 3750 1009 archan-

2097 1045 2232 1115 geli,
2266 1050 2321 1099 et
2351 1044 2444 1100 his
2476 1043 2751 1115 proximae
2785 1048 3158 1116 protestates.
3215 1041 3475 1113 Longius
3524 1041 3596 1097 ab
3650 1042 3750 1098 illo

2099 1135 2315 1189 absunt
2344 1134 2636 1189 homines.
2671 1134 2860 1206 Igitur
2890 1133 3086 1206 plures
3109 1138 3250 1189 sunt
3272 1131 3543 1188 homines
3568 1148 3747 1203 quam

2097 1223 2309 1295 angeli,
2341 1224 2498 1279 unde
2529 1228 2586 1278 et
2615 1224 2958 1295 angelorum
2981 1222 3405 1293 numerusjam
3429 1228 3520 1276 est
3541 1221 3746 1277 finitus

2095 1317 2153 1367 et
2183 1313 2685 1386 circumscriptus,
2719 1314 3028 1369 hominum
3068 1329 3203 1369 vero
3228 1312 3526 1385 generatio
3559 1312 3619 1365 in
3652 1312 3744 1365 in-

2097 1402 2326 1458 ﬁnitum
2361 1402 2704 1469 effunditur,
2740 1419 2870 1475 quae
2900 1408 3095 1459 tamen
3131 1408 3187 1458 et
3215 1402 3344 1475 ipsa
3389 1400 3636 1456 sistetur
3685 1400 3741 1456 in

2094 1491 2440 1548 saeculorum
2474 1492 3003 1549 consummatione.

2696 1600 2788 1654 20.
2822 1601 2896 1655 De
2927 1608 3130 1655 mente.

2159 1693 2287 1745 Non
2321 1688 2597 1761 quaelibet
2629 1706 2796 1745 mens
2819 1690 2890 1744 ab
2914 1689 3112 1744 anima
3135 1703 3484 1759 quacunque
3508 1687 3741 1759 partici-

2090 1784 2281 1849 patur.
2316 1779 2662 1851 Principalis
2696 1796 2860 1833 mens
2892 1797 2923 1833 a
2955 1778 3118 1833 nulla
3148 1778 3348 1832 anima
3394 1777 3737 1850 participari

2087 1874 2298 1941 potest.
2333 1870 2468 1933 Quae
2501 1870 2656 1925 enim
2682 1869 2957 1925 omnibus
2980 1869 3156 1924 rebus
3179 1885 3347 1923 mens
3371 1868 3740 1940 praestantior

320 1950 437 2023 γός,
473 1954 591 2012 πῶς
620 1948 681 2004 ἂν
742 1952 846 2006 ὑπὸ
903 1955 1090 2028 ψυχῆς
1140 1955 1499 2030 μετασχεοείη
1550 1957 1693 2018 τινός
1730 1976 1743 2024 ;
1787 1959 1962 2027 How-’4:

2084 1963 2198 2025 est,
2227 1964 2284 2011 et
2313 1958 2574 2014 omnium
2594 1960 2805 2031 opifex,
2830 1958 3122 2030 quomodo
3146 1958 3218 2012 ab
3238 1957 3436 2011 anima
3458 1955 3578 2011 ulla
3601 1973 3738 2028 par-

320 2039 420 2115 Υδιρ
452 2045 642 2116 νοερᾶς
668 2039 918 2112 πληθύος
948 2043 1038 2096 καὶ
1082 2047 1178 2097 τοῦ
1226 2042 1476 2114 πλήθους
1515 2050 1623 2100 τῶν
1654 2051 1793 2101 νοῶν
1817 2050 1970 2122 ἡγεῖο

317 2127 406 2181 ταί
454 2149 537 2189 τις
576 2133 725 2190 νοῦς.
782 2130 885 2185 Καὶ
941 2130 1236 2202 ἀμεοεκτος
1294 2134 1382 2187 καὶ
1433 2139 1650 2205 πρῶτος
1710 2136 1806 2208 μὲν
1845 2136 1969 2199 νοῦς

323 2217 480 2280 οὗτος
512 2215 623 2273 ἔστι
677 2219 768 2273 καὶ
826 2220 1172 2292 ἀνομάζεται.
1234 2222 1385 2279 Μετᾶ
1442 2220 1498 2278 δὲ
1546 2226 1636 2279 τὸν
1670 2225 1968 2297 ἀμὲθεκτον

321 2310 469 2376 νοῦν,
531 2307 559 2362 6
621 2309 875 2381 μεθεκτὸς
940 2310 1059 2383 μὲν,
1121 2310 1229 2387 οὐχ
1284 2313 1312 2366 6
1357 2312 1647 2389 ἐγκόσμιος
1678 2312 1753 2383 δὲ,
1788 2314 1970 2371 ἀλλ’ὁ

323 2396 689 2473 ὑπερκόσμιος
718 2398 807 2454 καὶ
853 2401 1128 2475 χωριστὸς
1171 2406 1270 2456 τοῦ
1317 2402 1549 2475 κόσμου,
1592 2406 1708 2459 εἶτα
1756 2405 1783 2459 6
1816 2405 1969 2480 ἐγκό-

315 2506 499 2559 σμιος,
561 2488 706 2543 Ἐπεὶ
741 2491 878 2543 κατά
903 2488 1029 2554 τοὺς
1066 2495 1176 2546 τῶν
1218 2490 1502 2563 Ἑλλήνων
1537 2492 1734 2568 λόγους
1760 2496 1849 2549 καὶ
1875 2496 1968 2551 αὖ·

308 2575 400 2637 τὸς
431 2577 459 2629 ὁ
508 2577 717 2649 κόσμος
768 2574 1020 2654 ἔμψυχος
1071 2577 1185 2652 ἅμα
1234 2580 1324 2636 καὶ
1374 2578 1555 2644 ἔννους
1608 2582 1740 2640 ἐστί.
1793 2585 1889 2639 Καὶ
1929 2589 1963 2656 ἡ

309 2663 601 2740 ἒγκόσμιος
648 2668 803 2742 ψυχὴ
840 2669 943 2722 οὐκ
989 2668 1144 2732 εὐθὺς
1197 2669 1414 2745 μετέχει
1462 2676 1559 2725 τοῦ
1595 2673 1965 2748 ὑπερκοσμίου

309 2753 454 2819 νοὸς,
480 2751 627 2808 ἀλλὰ
656 2756 891 2830 πρώτως
918 2760 1015 2812 τοῦ
1063 2755 1381 2833 ἐγκοσμίου.
1408 2764 1596 2817 Ἔστιν
1627 2763 1718 2816 οῦν
1750 2766 1785 2833 ἡ
1815 2766 1963 2837 τάξις

305 2842 713 2917 καὶὸἆριθμὸς
768 2846 858 2900 καὶ
908 2847 976 2901 τὰ
1033 2847 1274 2920 ὀνόματα
1331 2848 1523 2911 οὕτως.
1568 2852 1627 2908 Ὁ
1667 2851 1965 2926 ἀμέθεκτος

307 2934 454 3004 νοῦς,
488 2933 515 2987 6
549 2933 934 3009 ὑπερκόσμιος,
967 2938 1057 2991 καὶ
1090 2938 1118 2991 6
1149 2937 1460 3015 ἐκριόσμιος.

860 3210 960 3259 κα’.
994 3205 1112 3259 Ἔτι
1139 3205 1262 3280 περὶ
1293 3211 1409 3263 νοῦ.

380 3293 490 3350 Πᾶς
521 3293 651 3351 νοῦς
709 3289 894 3344 ἑαυτὸν
955 3295 1089 3347 νοεῖ.
1152 3291 1307 3348 Ἀλλ’
1360 3294 1387 3347 ὁ
1436 3299 1656 3372 πρῶτος
1688 3301 1813 3359 νοῦς
1870 3300 1960 3353 καὶ

310 3377 606 3450 ἆμέθεκτος
662 3379 848 3433 ἑαυτὸν
912 3379 1096 3452 μόνον.
1152 3379 1287 3437 Οῦδὶ
1334 3383 1434 3460 γὰρ
1485 3382 1603 3461 ἔχει
1646 3407 1699 3440 τι
1729 3387 1835 3463 πρὸ
1862 3388 1957 3443 αῦ-

306 3463 426 3534 τοῦ,
477 3464 569 3520 ’ἱνα
628 3466 802 3522 ἐκεῖνο
859 3470 1055 3543 νοήσῃ.
1106 3472 1180 3524 Τὰ
1231 3468 1288 3525 δὲ
1345 3474 1462 3544 μετ’
1520 3474 1681 3529 αὐτὸν
1742 3477 1845 3531 οὐκ
1902 3475 1959 3531 ἂν

306 3556 568 3626 νοήσειεν.
647 3554 806 3613 Ἀλλ’
880 3552 996 3635 ἔχει
1062 3559 1269 3614 τούτων
1329 3563 1429 3629 τὴν
1484 3566 1677 3634 νοήσιν
1728 3566 1961 3639 ἁνοησίᾳ

308 3643 573 3716 κρείττονι
629 3647 886 3717 νοήσεως.
946 3646 1045 3702 Καὶ
1107 3646 1271 3720 ἔστιν,
1333 3652 1416 3705 ὅτι
1465 3654 1623 3717 οὗτος
1663 3660 1812 3727 νοῦς,
1837 3660 1960 3718 νοῦς

309 3731 421 3804 ἅμα
451 3733 541 3787 καὶ
597 3735 812 3805 νοητόν.
866 3740 1007 3801 Νοῦς
1066 3738 1159 3810 μὲν
1222 3739 1297 3801 ὡς
1341 3745 1477 3795 νοῶν
1508 3741 1717 3811 ἑαυτὸν,
1760 3743 1956 3815 νοητὸν

308 3818 385 3891 δὲ,
420 3822 494 3884 ὡς
526 3821 823 3897 νοούμενον
858 3825 944 3901 ὑφ’
998 3826 1212 3883 ἑαυτοῦ.
1272 3832 1332 3885 Ὀ
1385 3826 1442 3884 δὶ
1494 3830 1629 3903 μετᾶ
1681 3832 1774 3887 τὸν
1824 3833 1955 3906 ἁμὲ-

308 3910 496 3965 θεκτον
532 3913 787 3984 μεθεκτὸς
845 3918 968 3975 νοῦς
1025 3914 1213 3969 ἑαυτόν
1260 3937 1319 3971 τε
1376 3918 1491 3991 ἅμα
1545 3924 1679 3987 νοεῖ,
1728 3920 1817 3976 καὶ
1865 3922 1955 3977 τὸν

304 4000 411 4074 πρὸ
438 3998 604 4053 αὐτοῦ
632 4005 780 4057 νοῦν.
844 4008 952 4065 Πᾶς
1011 4004 1114 4079 γὰρ
1160 4009 1287 4068 νοῦς
1423 4006 1608 4063 ἑαυτὸν
1659 4015 1791 4078 νοεῖ,
1834 4009 1958 4080 ἤτὸ

308 4087 439 4162 ὑπὲρ
474 4088 684 4159 ἑαυτὸν,
783 4090 845 4146 τὸ
893 4099 1010 4165 μεθ’
1052 4093 1264 4149 ἑαυτόν.
1318 4094 1475 4153 Ἀλλ’
1525 4096 1575 4151 εἷ’
1616 4099 1709 4171 μὲν
1742 4101 1803 4154 τὸ
1841 4102 1957 4173 μεθ’

302 4176 489 4231 ἑαυτὸν
540 4183 676 4246 νοεῖ,
738 4181 873 4235 κατὰ
930 4182 992 4237 τὸ
1049 4188 1238 4259 χεῖρον
1293 4183 1619 4263 ἐπιστρέφει.
1684 4187 1746 4244 Εἴ
1789 4187 1845 4244 δὲ
1893 4191 1956 4245 τὸ

301 4264 433 4341 ὑπὲρ
482 4266 668 4322 ἑαυτὸν
720 4274 855 4340 νοεῖ,
908 4270 952 4325 εἰ
1003 4271 1096 4344 μὶν
1150 4270 1242 4327 διὰ
1280 4281 1380 4343 τῆς
1434 4274 1623 4332 ἑαυτοῦ
1680 4279 1954 4354 γνώσεως,

301 4352 489 4410 ἑαυτὸν
538 4356 650 4429 ἅμα
697 4359 915 4413 κάκεῖνο
971 4360 1257 4435 γνώσεται.
1334 4363 1401 4421 Εἰ
1462 4362 1520 4420 δὲ
1568 4352 1742 4423 ἐκεῖνο
1788 4370 1953 4441 μόνον

298 4443 484 4499 ἑαυτὸν
529 4444 787 4521 ἀγνοήσει
830 4452 957 4510 νοῦς
1011 4444 1107 4504 ὤν.
1161 4450 1337 4508 Ἀλλὰ
1387 4452 1449 4508 τὸ
1493 4456 1599 4531 πρὸ
1646 4457 1837 4513 ἑαυτοῦ
1868 4480 1954 4534 γι-

295 4533 540 4601 νώσκων,
570 4537 836 4610 γνώσεται
883 4538 973 4593 καὶ
1028 4538 1235 4596 ἑαυτόν.
1284 4541 1466 4597 Ἔστιν
1514 4542 1618 4617 ἄρα
1660 4545 1751 4600 καὶ
1793 4546 1843 4601 ἐν
1875 4533 1956 4621 τῷ

2082 2047 2360 2120 ticipetur
2379 2049 2406 2103 ‘I
2435 2048 2642 2103 Omnis
2662 2048 2816 2104 enim
2840 2046 3232 2119 intelligibilis
3258 2044 3658 2101 multitudinis
3679 2048 3737 2100 et

2085 2137 2485 2192 multitudinis
2519 2138 2805 2193 mentium
2841 2138 3117 2209 princeps
3147 2140 3233 2191 est
3266 2152 3431 2193 mens
3463 2134 3732 2206 quaedam

2082 2226 2306 2282 nullius
2329 2227 2540 2283 anima:
2559 2227 2871 2300 particeps.
2898 2232 3088 2298 Atque
3111 2226 3232 2281 haec
3255 2225 3625 2297 primamens
3645 2228 3737 2279 est

2081 2321 2137 2372 ct
2168 2316 2528 2373 nominatur.
2561 2322 2702 2374 Post
2733 2316 2882 2372 hanc
2901 2317 3125 2371 nullius
3147 2315 3495 2387 participem
3519 2313 3728 2368 animm

2080 2406 2344 2462 succedit
2364 2423 2532 2463 mens
2546 2423 2660 2462 non
2677 2408 2979 2462 mundana
2994 2405 3364 2478 quidem,sed
3379 2420 3736 2475 supramun.

2078 2497 2233 2551 dana
2262 2501 2319 2550 et
2366 2512 2398 2550 a
2448 2496 2669 2551 mundo
2720 2495 3087 2567 separabilis.
3134 2493 3355 2549 Deinde
3402 2493 3727 2561 mundana,

2079 2602 2237 2652 nam,
2272 2585 2596 2640 secundum
2631 2584 2962 2640 Graecorum
2994 2584 3371 2651 sententiam,
3404 2582 3528 2653 ipse
3548 2582 3724 2636 etiam

2079 2676 2340 2730 mundus
2371 2675 2570 2730 anima
2599 2691 2659 2729 ac
2693 2680 2889 2730 mente
2923 2675 3205 2745 praeditus
3250 2678 3358 2727 est.
3414 2672 3481 2726 Et
3530 2670 3729 2726 anima

2078 2764 2283 2819 mundi
2317 2780 2431 2819 non
2466 2764 2665 2819 statim
2699 2764 2961 2819 continet
2991 2763 3539 2835 supramundanam
3563 2776 3729 2814 men-

2073 2857 2214 2922 tem,
2240 2854 2341 2910 sed
2368 2854 2557 2926 primo
2579 2854 2965 2910 mundanam.
2990 2854 3143 2909 Ordo
3165 2852 3345 2925 igitur
3370 2857 3427 2908 et
3444 2867 3729 2907 numerus

2074 2945 2251 3012 atque
2284 2941 2524 2998 nomina
2555 2942 2639 2997 sic
2670 2958 2732 2997 se
2751 2941 2972 2998 habent
2996 2958 3008 2995 :
3036 2958 3203 2997 mens
3226 2941 3394 3011 cujus
3415 2938 3581 2996 nulla
3597 2938 3727 2995 ani-

2074 3046 2173 3085 ma
2202 3046 2440 3101 compos
2473 3035 2529 3085 et
2558 3031 2852 3102 particeps
2882 3031 3003 3086 fieri
3033 3035 3246 3101 potest,
3281 3034 3404 3085 tum
3441 3045 3608 3084 mens
3631 3044 3723 3083 suv

2074 3120 2488 3191 pramundana
2519 3136 2585 3174 ac
2617 3119 2869 3191 denique
2902 3121 3222 3174 mundana.

2572 3210 2662 3263 21.
2697 3211 2901 3263 lterum
2930 3208 2994 3263 de
3026 3212 3222 3263 mente.

2143 3297 2348 3353 Omnis
2382 3314 2547 3353 mens
2578 3297 2832 3368 seipsam
2869 3296 3161 3369 intelligit.
3199 3298 3308 3352 Sed
3338 3297 3526 3367 prima
3557 3313 3725 3352 mens

2073 3404 2196 3458 quae
2229 3404 2261 3442 a
2293 3386 2452 3441 nullo
2484 3387 2889 3458 participatur,
2915 3403 2976 3441 se
3003 3385 3279 3456 intelligit
3302 3384 3725 3457 solam.Neque

2075 3476 2228 3531 enim
2263 3477 2441 3531 habet
2473 3476 2693 3546 aliquid
2726 3492 2787 3530 se
2821 3476 3006 3547 prius,
3040 3476 3194 3547 quod
3232 3473 3542 3545 intelligat.
3592 3476 3726 3539 Quae

2071 3583 2204 3621 vero
2237 3570 2369 3638 post
2400 3569 2559 3631 sunt,
2587 3583 2701 3620 non
2736 3565 2975 3637 quidem
3008 3564 3375 3633 intellexerit,
3402 3564 3505 3619 sed
3540 3564 3716 3620 habet

2072 3673 2273 3711 eorum
2309 3655 2700 3728 cognitionem
2735 3656 2866 3711 sine
2910 3655 3323 3727 intelligentia,
3384 3671 3489 3726 per
3535 3671 3723 3727 genus

2070 3746 2462 3817 perceptionis
2485 3747 2639 3815 quod
2665 3745 3031 3817 intelligendi
3054 3750 3184 3800 actu
3214 3750 3304 3801 est
3326 3746 3721 3817 praestantius.

2068 3838 2146 3889 Ac
2177 3851 2348 3890 mens
2378 3836 2514 3889 talis
2548 3834 2884 3891 intellectus
2916 3834 3096 3892 simul
3126 3840 3216 3890 est
3248 3839 3306 3890 et
3328 3833 3718 3903 intelligibile.

2071 3924 2409 3979 Intellectus
2433 3926 2693 3994 quidem,
2719 3929 3010 3996 quatenus
3033 3941 3094 3979 se
3118 3922 3724 3995 ipseintelligil,intel-

2069 4012 2294 4086 ligibile
2324 4030 2483 4082 vero,
2516 4017 2809 4086 quatenus
2860 4031 2895 4069 a
2936 4014 3131 4085 seipso
3182 4012 3555 4085 intelligitur.
3588 4015 3722 4078 Quae

2066 4102 2203 4158 hinc
2221 4107 2349 4175 post
2371 4102 2926 4175 imparticipabilem
2943 4108 3199 4159 mentem
3227 4118 3396 4158 mens
3417 4102 3727 4173 participa-

2067 4193 2204 4248 bilis
2226 4192 2768 4264 succedit,seipsam
2794 4192 2973 4249 simul
2998 4191 3273 4263 intelligit
3297 4197 3355 4246 et
3375 4190 3537 4246 illam
3563 4193 3722 4261 prio-

2067 4298 2187 4337 rem
2224 4298 2287 4336 se
2319 4283 2447 4353 ipsa
2476 4286 2755 4337 mentem.
2790 4282 2996 4337 Omnis
3029 4281 3187 4337 enim
3223 4296 3392 4337 mens
3421 4280 3509 4335 vel
3540 4279 3720 4334 intel-

2066 4370 2197 4443 ligit
2228 4372 2510 4443 seipsam,
2543 4371 2628 4427 vel
2662 4374 2817 4444 quod
2843 4388 3021 4443 supra
3053 4387 3135 4442 se,
3168 4372 3254 4426 vel
3289 4372 3444 4442 quod
3479 4370 3633 4425 infra
3655 4386 3722 4426 ac

2066 4466 2198 4533 post
2227 4477 2288 4516 se
2316 4465 2425 4516 est.
2459 4463 2525 4516 At
2557 4461 2794 4533 quando
2827 4461 2937 4516 hoc
2970 4460 3125 4533 quod
3158 4460 3312 4517 infra
3337 4475 3400 4516 se
3430 4463 3519 4516 est
3544 4458 3718 4514 intel-

2065 4550 2298 4623 ligit,ad
2333 4549 2590 4606 deterius
2622 4566 2685 4605 se
2707 4550 3009 4606 convertit.
3045 4550 3290 4614 Quando
3319 4553 3519 4605 autem
3544 4548 3717 4605 intel-

294 4627 370 4695 νῷ
398 4625 620 4694 νοητὸν,
652 4626 743 4680 καὶ
776 4625 827 4681 ἐν
859 4632 937 4700 τῷ
983 4632 1170 4700 νοητῴ
1198 4635 1347 4701 νοῦς,
1378 4631 1468 4687 καὶ
1501 4634 1529 4689 6
1566 4633 1661 4707 μὶν
1691 4633 1953 4692 ὀλιιιώτε-

303 4731 315 4734 -
338 4732 345 4734 4
447 4714 462 4734 ι
505 4711 549 4734 ,κ
671 4733 677 4734 ,
773 4714 784 4729 ⁸

2088 4639 2193 4711 igit
2213 4639 2269 4693 id
2294 4640 2447 4710 quod
2474 4655 2654 4710 supra
2675 4655 2737 4695 se
2757 4644 3052 4710 est,atquc
3081 4654 3182 4711 per
3200 4638 3495 4712 suiipsius
3513 4638 3718 4711 cogni-

294 4731 408 4787 ρος,
441 4714 469 4768 ὁ
502 4711 559 4769 δὲ
585 4714 976 4792 μερικώτερος.

2062 4728 2304 4793 tionem,
2336 4727 2591 4800 seipsam
2625 4727 2843 4798 pariter
2872 4732 2930 4782 et
2958 4727 3106 4782 illud
3139 4732 3480 4799 cognoscet:
3513 4727 3562 4782 si
3586 4742 3716 4782 vero

294 4803 438 4859 illud
474 4804 692 4877 solum,
725 4806 982 4879 seipsam
1016 4808 1312 4880 ignorabit
1344 4816 1597 4869 'nentem
1630 4831 1779 4871 esse.
1813 4816 1924 4871 Sed
1959 4816 2164 4887 utique
2195 4818 2336 4872 dum
2368 4817 2425 4871 id
2460 4817 2610 4887 quod
2646 4833 2709 4872 se
2740 4816 2905 4888 prius
2949 4822 3038 4872 est
3086 4817 3406 4887 cognoscit,
3467 4830 3713 4888 cognos-

294 4900 385 4947 cet
415 4894 592 4949 etiam
621 4912 684 4951 se
716 4896 927 4967 ipsam.
964 4897 1063 4952 Est
1095 4898 1276 4971 igitur
1304 4905 1361 4956 et
1390 4900 1448 4957 in
1485 4909 1678 4960 mente
1709 4905 2099 4977 intelligibile,
2133 4911 2192 4962 et
2220 4906 2279 4961 in
2312 4904 2661 4979 intelligibili
2694 4921 2863 4961 mens
2895 4907 3015 4961 sive
3045 4904 3383 4962 intellectus
3407 4904 3560 4960 alius
3579 4904 3710 4960 uni-

290 4982 593 5051 vcrsalior,
627 4984 1043 5055 particularior
1064 4986 1241 5045 alius.

839 5090 946 5164 κβ’,
977 5092 1098 5146 Ἔτι
1131 5092 1253 5169 περὶ
1278 5099 1393 5153 νοῦ.

363 5176 474 5237 Πᾶς
512 5180 637 5239 νοῦς
664 5178 754 5233 καὶ
792 5186 891 5249 τῆν
946 5179 1134 5237 οὐσίαν
1163 5184 1254 5239 καὶ
1295 5187 1395 5256 τήν
1449 5184 1678 5260 δύναμιν
1723 5188 1813 5244 καὶ
1839 5189 1939 5257 τὴν

289 5260 580 5337 ἐνέργειαν,
611 5266 808 5323 αἱώτια
861 5266 1000 5344 ἔχει.
1049 5268 1192 5343 ’Ὀλη
1244 5294 1308 5348 γε
1336 5276 1450 5349 ἅμα
1481 5277 1625 5332 ἐστὶν
1684 5280 1720 5348 ἡ
1780 5278 1942 5334 οὐσία

293 5354 393 5405 τοῦ
434 5356 530 5405 νοῦ
561 5354 649 5408 καὶ
707 5353 831 5412 οὔτε
888 5355 1102 5429 αὔξεται
1152 5359 1276 5421 οὔτε
1334 5365 1704 5442 μεγεθύνεται,
1736 5365 1861 5423 οὐδὲ
1911 5368 1940 5422 ’ὀ

293 5442 537 5517 σήμερον
591 5440 703 5497 ἔστι
757 5446 887 5519 χθὲς
946 5447 1047 5504 οὐκ
1101 5452 1190 5519 ἦν.
1241 5452 1340 5508 Καὶ
1382 5440 1424 5526 ἡν
1450 5454 1637 5527 νόησις
1685 5454 1744 5512 δὲ
1773 5457 1940 5513 αὐτοῦ

287 5530 453 5621 ομοία
486 5529 597 5587 ἐστί
626 5534 697 5605 ’ιῇ
738 5533 913 5606 οὐσίᾳ.
974 5535 1332 5614 Πληρεστάτη
1387 5544 1488 5621 γὰρ
1539 5546 1629 5601 καὶ
1687 5546 1817 5617 ὅλη,
1848 5548 1939 5601 καὶ

286 5619 635 5712 ὁμοῦ-πάντα
680 5626 817 5712 νοεῖ,
848 5623 937 5677 καὶ
970 5622 1093 5681 οὔτε
1118 5629 1181 5684 τὸ
1231 5619 1615 5707 παρεληλυθὸς
1662 5634 1783 5712 ὁρᾷ,
1817 5632 1943 5691 οὔτε

282 5708 353 5798 τὸ,
372 5709 579 5783 μέλλον
608 5713 682 5774 ὡς
730 5709 990 5786 ἐσόμενον
1049 5714 1213 5786 οἶδεν,
1265 5719 1392 5778 ἀλλ’
1448 5723 1501 5779 ἰν
1561 5728 1640 5798 τῷ
1685 5708 1938 5781 ἀνεστῶτι

286 5797 458 5856 πάντα
486 5798 652 5875 οἶδεν,
705 5801 768 5858 οὐ
813 5802 1157 5878 κινούμενος,
1198 5807 1261 5865 οὗ
1310 5797 1793 5891 συλλογιζόμενος,
1826 5815 1938 5892 οὐχ

2557 5103 2648 5159 22.
2682 5107 2890 5159 Iterum
2919 5103 2985 5158 de
3006 5106 3207 5159 mente.

2124 5193 2289 5249 Mens
2309 5192 2651 5260 essentiam,
2668 5194 2991 5265 potentiam
3006 5198 3063 5249 et
3076 5192 3476 5265 operationem
3492 5194 3711 5248 aeterna

2051 5281 2249 5338 habet.
2278 5281 2556 5339 Essentia
2576 5283 2795 5337 mentis
2824 5282 3003 5337 simul
3035 5288 3152 5339 tota
3181 5286 3293 5353 est,
3317 5298 3510 5354 neque
3532 5297 3708 5354 auge-

2049 5376 2149 5426 tur
2178 5388 2364 5442 neque
2387 5370 2446 5426 in
2472 5370 2756 5442 majorem
2783 5371 3254 5444 magnitudinem
3282 5370 3708 5443 crescit,neque

2050 5460 2205 5531 quod
2231 5459 2402 5515 hodie
2423 5463 2513 5515 est
2536 5459 2663 5515 heri
2687 5477 2799 5516 non
2826 5466 2971 5528 erat,
3005 5467 3063 5517 et
3108 5462 3430 5519 intellectio
3454 5462 3582 5533 ejus
3613 5478 3707 5517 es-

2049 5551 2241 5605 sentia
2270 5554 2361 5605 est
2388 5548 2623 5605 similis.
2648 5548 2999 5607 Plenissima
3019 5552 3177 5607 enim
3205 5556 3263 5607 et
3288 5556 3410 5607 tota
3429 5549 3708 5620 intelligit

2049 5644 2108 5694 et
2138 5655 2342 5695 omnes
2363 5655 2457 5695 res
2488 5637 2690 5707 simul,
2723 5642 2781 5694 et
2813 5656 2918 5696 nec
2941 5641 3231 5711 praeterita
3252 5645 3535 5713 tanquam
3563 5656 3704 5712 prae-

2046 5727 2242 5800 terita,
2268 5744 2460 5801 neque
2488 5727 2687 5784 futura
2717 5732 3000 5801 tanquam
3032 5730 3231 5787 futura
3250 5729 3572 5803 cognoscit,
3597 5729 3698 5784 sed

2049 5818 2248 5875 omnia
2277 5816 2559 5890 intelligit
2585 5821 2869 5889 tanquam
2901 5820 3213 5891 prasentia
3238 5836 3252 5876 :
3282 5837 3398 5875 non
3431 5823 3700 5873 movetur
