4110 6388
370 415 491 474 703

1719 418 1770 477 M
1786 417 2140 478 lCHAELIS
2184 416 2458 478 PSELLl

3678 408 3803 467 704

375 562 564 617 neque
598 563 780 601 unum
813 563 880 601 ex
913 547 1027 601 alio
1057 547 1281 620 colligit
1313 565 1503 621 neque
1535 554 1599 603 ut
1628 550 1824 606 anima
1866 550 2024 621 ponit

2144 549 2325 624 ὥσπερ
2355 550 2389 617 ἡ
2424 549 2579 623 ψυχὴ
2630 549 2921 624 προτάσεις
2977 544 3144 606 τιθεὶς
3201 542 3291 597 καὶ
3345 540 3554 616 ἐπάγων
3590 559 3799 612 συμπε-

371 635 710 708 prasmissas
741 652 809 690 ex
849 635 1067 706 quibus
1098 637 1343 691 inducat
1370 636 1800 694 conclusiones.
1825 639 1921 692 sed
1950 638 2029 692 si-

371 727 490 781 mul
518 727 625 779 scit
649 727 865 782 omnia.
886 728 1027 783 Cum
1058 729 1212 782 enim
1240 728 1562 783 immobilis
1587 730 1684 796 sit,
1710 746 1859 784 neca
1880 734 2025 784 tem-

372 832 513 888 pore
546 822 947 884 mensuratur,
993 834 1178 888 neque
1225 819 1416 890 quoad
1471 820 1789 874 essentiam
1840 835 2029 890 neque

369 906 559 976 quoad
596 904 988 976 operationes.
1046 907 1207 973 Quod
1260 908 1306 962 si
1366 908 1546 978 igitur
1594 909 1852 963 essentia
1899 908 2028 979 ejus

371 999 590 1048 interna
620 999 677 1047 et
707 1000 921 1049 aeterna
953 999 1041 1049 est
1074 995 1352 1066 operatio,
1405 995 1579 1051 etiam
1632 998 1822 1051 media
1876 998 2029 1052 inter

367 1081 477 1137 has
510 1082 776 1153 potentia
805 1086 1082 1139 aeternam
1118 1084 1564 1140 subsistentiam
1598 1085 1805 1141 sortita
1844 1090 1952 1141 est.

977 1198 1073 1254 23.
1114 1199 1187 1254 De
1216 1203 1416 1255 mente.

441 1304 646 1359 Omnis
677 1322 845 1361 mens
876 1311 967 1361 est
987 1307 1319 1363 substantia
1342 1314 1538 1380 partes
1563 1307 1757 1363 nullas
1780 1308 2023 1365 habens.

369 1394 531 1457 Quod
566 1393 721 1449 enim
752 1401 907 1450 caret
941 1395 1370 1467 magnitudine,
1413 1413 1611 1468 neque,
1653 1404 1743 1453 est
1790 1414 2023 1468 corpus,

371 1499 475 1537 nec
504 1488 790 1550 movetur,
817 1485 1057 1538 omnino
1087 1487 1261 1540 etiam
1291 1485 1349 1539 in
1376 1498 1570 1556 partes
1594 1485 1772 1540 dividi
1801 1486 2023 1557 nequit.

369 1571 665 1641 Quidquid
698 1572 849 1626 enim
893 1575 949 1627 iu
1016 1579 1208 1644 partes
1256 1575 1559 1642 leldltUI',
1612 1575 1892 1628 dividitur
1936 1573 2025 1629 vel

369 1661 795 1732 magnitudinis
845 1662 929 1716 vel
990 1663 1392 1717 multitudinis
1445 1665 1686 1718 ratione.
1737 1663 2022 1728 Quoniam

369 1765 504 1803 Vero
537 1765 705 1804 mens
727 1751 886 1805 omni
922 1752 1094 1805 modo
1146 1752 1524 1822 sempiterna,
1577 1759 1633 1806 et
1683 1752 2026 1821 corporibus

366 1837 679 1893 sublimior
707 1845 815 1909 est,
854 1846 1048 1910 partes
1076 1840 1251 1895 etiam
1285 1841 1479 1896 nullas
1508 1842 1705 1896 habet.
1742 1841 1903 1896 Unde
1926 1858 2024 1897 ve-

2139 638 2413 711 ράσματα,
2469 635 2596 692 ἀλλ’
2629 637 2679 692 ἐν
2723 641 2801 708 τῷ
2859 635 2936 690 ἑνὶ
2989 633 3162 688 πάντα
3220 629 3597 703 ἐπιστάμενος.
3642 627 3795 684 Ἀκί-

2139 747 2299 796 νητος
2346 726 2449 803 γὰρ
2493 724 2590 794 ὣν,
2646 726 2748 781 οὐκ
2804 724 2863 779 ἂν
2921 724 3024 779 ὑπὸ
3084 723 3289 796 χρόνου
3345 723 3617 793 μετρεῖτο,
3672 712 3799 769 οὔτε

2138 816 2272 869 κατὰ
2330 802 2428 884 τήν
2494 815 2702 886 οὐσίαν,
2755 812 2878 869 οὔτε
2921 813 3058 868 κατὰ
3099 813 3197 881 τήν
3248 809 3534 885 ἐνέργειαν.
3589 805 3652 862 Et
3706 802 3799 858 οὖν

2138 906 2288 974 καὶή
2341 905 2497 959 nimia
2543 904 2742 960 τούτου
2791 904 3016 964 αἳώνιος
3063 900 3152 956 καὶ
3211 902 3246 969 ἡ
3303 896 3559 973 ἐνέργεια,
3619 893 3708 949 καὶ
3755 895 3793 962 ἡ

2142 996 2279 1064 μέση
2324 993 2532 1049 τούτων
2591 995 2723 1048 οὐσα
2775 990 3005 1065 δύναμις
3065 987 3285 1045 αὶωνέαν
3343 989 3444 1055 τήν
3502 985 3799 1041 ὑπόστασιν

2139 1081 2517 1153 ἐκληρώσατο.

2755 1198 2855 1274 κγ’.
2884 1195 3016 1269 Περὶ
3046 1199 3166 1251 νοῦ.

2209 1310 2317 1368 Πᾶς
2346 1309 2473 1366 νοῦς
2506 1304 2664 1360 eiiciat
2712 1303 2858 1359 ἐστὶν
2917 1301 3229 1374 ἀμέριστος.
3276 1298 3347 1352 Τὸ
3404 1297 3510 1372 γὰρ
3565 1296 3639 1369 μή
3673 1291 3796 1368 ἔχει

2140 1396 2384 1470 μέγεθος,
2416 1394 2479 1448 τὸ
2513 1395 2588 1467 μὴ
2642 1394 2701 1448 ὃν
2749 1397 2932 1463 σῶμα,
2981 1390 3044 1443 τὸ
3104 1390 3178 1461 μὴ
3230 1386 3551 1459 κινούμενον
3582 1385 3801 1445 πάντως

2134 1484 2224 1538 καὶ
2275 1485 2589 1556 ἀμέριστον.
2648 1488 2757 1537 Πᾶν
2794 1481 2895 1555 γὰρ
2953 1481 3016 1534 τὸ
3070 1476 3429 1552 μεριζόμενον
3480 1473 3516 1544 ἤ
3565 1472 3797 1528 κατὰτὸ

2140 1575 2366 1646 μέγεθος
2395 1569 2755 1647 μερίζεται,ἤ
2814 1570 2950 1624 κατᾶ
2997 1568 3061 1622 τὸ
3118 1565 3351 1636 πλῆθος.
3402 1564 3469 1619 Εἰ
3522 1560 3581 1617 δὲ
3610 1563 3638 1616 ὁ
3669 1564 3799 1623 νοῦς

2133 1663 2271 1716 κατὰ
2300 1664 2473 1716 πάντα
2521 1660 2744 1721 αἰώνιος
2790 1658 2880 1713 καὶ
2928 1655 3214 1735 ἐφπὲχεινα
3257 1652 3551 1726 σωμάτων,
3599 1649 3799 1724 ἀμέρι-

2134 1772 2256 1812 στος
2286 1749 2389 1825 ἄρα
2411 1750 2541 1805 ἐστί.
2606 1750 2775 1813 Πόθεν
2831 1745 2929 1815 δέ;
2992 1746 3075 1801 ὅτι
3136 1745 3427 1817 ἀσώματος
3476 1744 3504 1797 ὁ
3534 1741 3795 1808 νοῦς,ὅτι

2135 1840 2319 1895 ἑαυτὸν
2354 1846 2486 1909 νοεῖ,
2537 1840 2626 1893 καὶ
2674 1840 2810 1912 πρὸς
2869 1836 3055 1891 ἑαυτὸν
3117 1833 3446 1911 ἐπιστρέφει,
3478 1834 3638 1903 σῶμα
3684 1829 3793 1902 γὰρ

368 1943 432 1981 ro
464 1932 698 1982 constat
729 1936 982 1983 mentem
1020 1947 1132 1984 non
1162 1946 1291 1985 esse
1322 1947 1534 2001 corpus
1556 1932 1583 1985 ‘t‘
1624 1931 1910 1996 Quoniam
1961 1946 2023 1984 se

2144 1929 2288 1984 ιύτὸν
2323 1927 2475 1984 οὐδὲν
2506 1935 2639 1985 νοεῖ.
2675 1928 2840 1983 Πόθεν
2863 1924 2920 1981 δὲ
2939 1923 3133 1996 δῆλον,
3164 1924 3247 1979 ὅτι
3279 1922 3499 1977 αἰώνιον
3536 1921 3696 1990 ;”Οτι
3724 1918 3790 1972 οὐ

366 2014 495 2083 ipsa
516 2016 812 2088 intelligit,
837 2023 1015 2087 atque
1036 2018 1093 2073 in
1118 2036 1180 2073 se
1202 2020 1386 2089 ipsam
1416 2018 1750 2074 reflectitur.
1795 2025 2017 2090 Corpus

367 2102 522 2157 enim
558 2105 819 2176 seipsum
850 2105 1125 2177 intelligit
1147 2107 1395 2163 nullum.
1417 2106 1580 2163 Unde
1603 2123 1772 2178 porro
1788 2110 2018 2162 constat

367 2197 643 2248 aeternam
677 2211 804 2249 esse
832 2200 1081 2250 mentem
1110 2196 1137 2250 ‘I
1170 2196 1450 2263 Quoniam
1478 2196 1867 2269 intelligentia
1886 2196 2016 2267 ejus

369 2297 483 2336 non
504 2283 969 2352 partibusdivisa
990 2292 1100 2349 est,
1121 2290 1221 2340 sed
1248 2287 1745 2357 quemadmodum
1762 2285 2019 2341 essentia

365 2368 426 2423 in
452 2373 692 2441 perenni
718 2372 1023 2427 identitate
1048 2374 1481 2429 manet.0mnia
1506 2392 1673 2446 pono
1695 2375 2017 2429 subsistere

370 2460 505 2513 facit
530 2477 716 2527 mens,
755 2480 868 2516 non
906 2463 1332 2534 qualiscunque
1364 2463 1617 2534 quidem.
1641 2464 1743 2518 sed
1777 2464 1877 2518 illa
1906 2464 2015 2517 im-

371 2550 795 2621 participabilis
829 2558 885 2605 et
910 2553 1167 2608 effectrix
1201 2553 1428 2608 mundi.
1460 2554 1616 2608 Facit
1651 2560 1845 2607 autem
1878 2555 2015 2607 sub-

368 2638 573 2693 sistere
605 2640 661 2693 in
701 2640 906 2710 primis
942 2642 1177 2710 quidem
1203 2643 1438 2713 pr0pria
1460 2648 1515 2697 et
1535 2642 1847 2696 mutationi
1873 2642 2020 2696 nulli

368 2729 640 2795 obnoxia,
693 2731 904 2785 deinde
959 2732 1137 2786 etiam
1199 2731 1509 2786 mutabilia
1542 2737 1597 2786 et
1646 2731 2021 2802 temporaria,

2137 2018 2410 2094 μερίζεται
2467 2019 2503 2088 ἡ
2562 2017 2749 2088 νόησις
2804 2014 2990 2086 αὐτοῦ,
3050 2010 3177 2069 ἀλλ’
3232 2010 3287 2067 ἐν
3333 2007 3626 2080 ταυτότητι
3665 2005 3779 2062 ἔστι

2134 2104 2393 2177 διηνεκεῖ,
2424 2104 2605 2183 ὥσπερ
2636 2109 2671 2176 ἡ
2705 2104 2881 2161 οὐσία.
2915 2106 3066 2162 Ἐστι
3098 2100 3155 2158 δὶ
3193 2102 3410 2157 πάντων
3450 2098 3778 2168 ὑποστάτης,

2132 2196 2263 2271 οὐχί
2316 2202 2418 2259 πᾶς
2477 2202 2623 2265 νοῦς,
2683 2195 2806 2251 ἀλλ’
2866 2195 2893 2249 ὁ
2953 2193 3248 2265 ἀμὲοεκτος
3301 2191 3390 2245 καὶ
3442 2186 3782 2262 δημιουργὸς

2132 2286 2364 2358 κόσμου.
2425 2284 2699 2363 Ύφίστησι
2761 2282 2818 2338 δὲ
2878 2287 3170 2358 προσεχῶς
3241 2280 3335 2353 μὶν
3391 2279 3459 2334 τὰ
3524 2275 3636 2332 ἴδια
3692 2274 3784 2329 καὶ

2134 2370 2511 2446 ἀμετάϐλητα,
2564 2375 2676 2429 εἶτα
2708 2370 2774 2441 δὴ
2809 2372 2896 2427 καὶ
2936 2374 3002 2424 τὰ
3036 2365 3372 2441 μεταϐλητὰ,
3403 2367 3491 2422 καὶ
3524 2364 3783 2440 ἔγχρονα,

2136 2464 2242 2538 οὐχ
2274 2464 2354 2517 ὅτι
2386 2465 2453 2517 τὰ
2511 2464 2605 2534 μὶν
2664 2467 2855 2537 πρῶτα
2904 2465 3071 2527 ποιεῖ,
3122 2459 3189 2513 τὰ
3237 2454 3294 2512 δὲ
3325 2456 3537 2528 ὕστερα,
3574 2452 3701 2508 ἀλλ’
3732 2450 3785 2505 ἐν

2140 2558 2236 2623 μιᾷ
2264 2551 2409 2627 ῥοπῇ
2468 2552 2695 2606 ἅπαντα.
2729 2551 2942 2607 Ἐκεῖνα
2991 2546 3049 2603 δὲ
3105 2548 3243 2603 κατὰ
3282 2547 3380 2615 τὴν
3416 2546 3619 2600 δαυτῶν
3639 2541 3787 2610 τάξιν

2136 2641 2225 2695 καὶ
2288 2639 2537 2710 ἰδιότητα
2604 2639 2840 2713 πρόεισι,
2895 2638 2957 2693 τὸ
3037 2637 3131 2710 μὶν
3202 2635 3340 2690 κατὰ
3422 2634 3521 2702 τήν
3598 2631 3786 2706 γοερὰν

2140 2728 2411 2799 ἰδιότητα,
2442 2731 2509 2784 τὰ
2540 2726 2597 2783 δὲ
2627 2728 2762 2782 κατὰ
2789 2728 2888 2795 τὴν
2923 2726 3154 2800 φυσικὴν
3186 2725 3421 2794 κίνησιν.

372 2833 487 2871 non
526 2825 717 2872 tamen
752 2819 831 2873 ita
866 2825 925 2874 ut
958 2820 1056 2874 illa
1081 2821 1245 2891 prius
1279 2821 1470 2885 faciat,
1502 2820 1625 2875 haec
1683 2820 1974 2890 posterius
2007 2838 2018 2875 :
2053 2821 2254 2875 omnia
2281 2821 2440 2876 enim
2472 2836 2588 2875 uno
2621 2818 2755 2874 facit
2790 2824 3112 2873 momento.
3144 2821 3260 2870 Suo
3290 2830 3463 2887 porro
3494 2811 3700 2870 ordine
3729 2814 3793 2864 et

374 2906 706 2961 secundum
744 2908 1155 2980 proprietatem
1188 2926 1356 2965 suam
1388 2908 1485 2964 illa
1518 2910 1867 2980 procedunt,
1898 2909 2011 2965 alia
2045 2910 2461 2982 proprietatem
2513 2906 2967 2978 intelligibilem,
3018 2905 3133 2961 alia
3180 2902 3509 2961 naturalem
3559 2907 3785 2956 motum

371 2999 695 3052 servantes.

800 3115 889 3169 24.
926 3118 1005 3170 De
1032 3115 1217 3171 eodem
1247 3123 1593 3186 argumento.

446 3218 611 3274 Mens
645 3220 1072 3291 participabilis
1096 3238 1222 3293 quae
1255 3228 1341 3278 est
1363 3231 1489 3295 post
1515 3216 1671 3278 illam
1698 3224 2022 3295 impartici—

372 3308 651 3378 pnbilem,
686 3309 863 3364 habet
893 3312 953 3366 in
986 3327 1047 3367 se
1080 3313 1155 3381 (4)
1188 3314 1437 3382 primam
1474 3318 1726 3369 mentem
1756 3314 2028 3386 intelligi-

373 3398 573 3464 bilcm,
608 3403 663 3451 et
686 3400 953 3454 omnium
989 3400 1333 3457 inferiorum
1369 3402 1799 3474 intelligibilem
1834 3402 2028 3475 cogni-

370 3487 590 3540 tionem
624 3487 833 3542 sortita
857 3493 965 3543 est.
1001 3488 1145 3543 Nam
1181 3508 1283 3562 pro
1317 3508 1595 3547 mensura
1646 3492 1892 3563 propriae
1944 3508 2028 3545 cs-

373 3574 578 3630 sentiac
614 3580 669 3630 et
718 3577 910 3647 prima
960 3578 1135 3634 habet
1179 3586 1231 3634 et
1282 3586 1466 3635 semet
1515 3581 1814 3637 inferiora.
1866 3582 2027 3636 Unde

368 3662 917 3733 imparticipabilcm
952 3683 1185 3738 quoque
1216 3667 1379 3724 illam
1404 3674 1658 3725 mentem
1682 3670 2027 3742 intelligibi-

370 3749 504 3806 liter
534 3753 866 3823 cognoscit:
903 3753 1039 3809 licet
1069 3755 1224 3811 enim
1257 3756 1356 3812 illa
1388 3758 1465 3813 sit
1496 3758 2026 3832 imparticipabilis,

373 3844 568 3895 tamen
605 3841 983 3900 inferioribus
1043 3847 1144 3900 dat
1194 3847 1482 3918 quasdam
1534 3849 1851 3904 existenties
1912 3867 2028 3904 sum

372 3930 714 4001 perspicuas
738 3933 1332 4003 significationes.Sed
1356 3942 1412 3990 et
1435 3937 1693 3991 animam
1716 3937 1834 3991 haec
1859 3937 2028 3992 intel-

368 4017 680 4089 ligibiliter
709 4022 1096 4093 cognoscit,et
1127 4041 1217 4079 res
1238 4026 1562 4091 naturales,
1589 4027 1887 4097 siquidem
1916 4044 2026 4081 non

368 4111 677 4177 cognoscit
711 4126 802 4164 res
846 4127 995 4181 quas
1047 4113 1327 4184 intelligit
1375 4116 1701 4169 secundum
1759 4122 2028 4171 naturam

373 4212 488 4265 qua
517 4196 632 4251 illae
663 4206 804 4253 sunt
834 4202 1110 4269 praeditas,
1148 4218 1336 4273 neque
1359 4202 1618 4260 deterius
1642 4204 1908 4271 meliora,
1931 4205 2027 4261 sed

374 4290 623 4355 utraque
655 4286 1124 4359 intelligibiliter.
1160 4290 1360 4361 Neque
1392 4292 1566 4347 rebus
1589 4308 1737 4365 quas
1760 4294 2034 4365 intelligit

371 4388 435 4427 se
466 4377 812 4439 conformat,
838 4377 1227 4447 praestantiori
1262 4380 1419 4434 enim
1455 4398 1569 4437 non
1603 4388 1818 4454 potest,
1848 4388 1904 4438 et
1930 4383 2031 4438 de-

374 4462 574 4517 teriori
606 4479 720 4517 non
755 4463 895 4517 vult.
932 4466 1041 4521 Pro
1072 4483 1180 4522 sua
1223 4468 1402 4540 igitur
1450 4486 1629 4543 quam
1681 4473 1808 4543 ipsa
1858 4472 2034 4527 habet

374 4554 587 4605 natura
618 4555 676 4605 et
707 4551 1011 4622 superiora
1042 4571 1104 4609 se
1136 4560 1191 4610 et
1214 4557 1488 4614 inferiora
1514 4560 1811 4634 intelligit,
1841 4575 2033 4631 neque

376 4637 494 4692 ista
527 4637 585 4693 in
620 4656 704 4706 se,
739 4641 838 4695 sed
873 4641 1124 4700 istorum
1156 4645 1333 4701 habet
1358 4664 1591 4720 causas,
1625 4654 1801 4720 atque
1848 4654 1911 4703 ut
1941 4649 2028 4703 in-

372 4725 708 4798 telligibilia
738 4728 1193 4803 intelligibiliter
1222 4736 1307 4791 sic
1338 4740 1397 4793 et
1454 4738 1757 4794 sensibilis
1808 4737 2030 4794 intelli-

375 4815 637 4889 gihiliter
666 4818 724 4872 in
759 4835 821 4875 se
854 4820 1044 4878 habet.
1387 4844 1391 4848 ’

988 4957 1081 5014 25.
1115 4960 1189 5015 De
1218 4970 1419 5019 mante.

446 5061 660 5115 Omnes
692 5061 917 5134 species
958 5064 1385 5140 intelligibiles,
1423 5074 1488 5125 ut
1518 5069 1746 5137 animas,
1780 5075 2032 5139 mentes,

376 5146 591 5218 angeli,
625 5150 981 5217 archangeli,
1013 5161 1332 5225 potestates
1354 5165 1407 5211 et
1435 5174 1563 5228 qua:
1611 5163 1752 5212 sunt
1772 5160 1901 5229 ejus
1932 5175 2033 5230 ge-

373 5235 532 5291 neris
556 5239 694 5307 alia,
720 5246 842 5296 tum
870 5244 927 5297 in
953 5244 1084 5298 aliis
1113 5244 1358 5300 invicem
1395 5248 1556 5314 sunt,
1578 5250 1703 5301 tum
1732 5246 2037 5317 quodlibet

375 5329 466 5380 est
487 5342 588 5397 per
611 5344 693 5395 se,
722 5347 910 5401 neque
936 5334 1091 5403 quod
1122 5334 1180 5389 in
1200 5334 1333 5390 aliis
1370 5334 1618 5390 invicem
1661 5340 1801 5391 sunt
1832 5337 2035 5391 confu-

376 5413 608 5471 sionem
642 5418 832 5490 affert,
868 5438 1059 5493 neque
1091 5424 1247 5495 quod
1278 5441 1383 5497 per
1413 5442 1476 5480 se
1507 5428 1650 5480 sunt
1681 5424 1932 5497 singula,
1958 5426 2038 5479 di-

2755 3110 2855 3170 κδ’.
2892 3112 3019 3188 Περὶ
3042 3113 3157 3167 νοῦ.

2208 3222 2389 3280 Ὅτιὸ
2443 3222 2577 3294 μετὰ
2633 3221 2723 3275 τὸν
2771 3219 3068 3292 ἆμιθεκτον
3118 3220 3266 3289 νοῦς,
3314 3213 3438 3285 ⁴ἤτοι
3471 3215 3500 3270 ὁ
3530 3211 3791 3287 μεθεκτὸς

2134 3314 2221 3367 καθ
2255 3313 2344 3366 τὸν
2396 3315 2614 3387 πρῶτον
2660 3313 2782 3364 νοῦν
2830 3308 3015 3384 νοερὸν
3069 3305 3185 3382 ἔχει
3232 3304 3285 3359 ἐν
3314 3306 3508 3376 ἑαυτῷ,
3539 3302 3629 3358 καὶ
3678 3306 3790 3356 τῶν

2139 3402 2254 3475 μετ’
2290 3400 2468 3455 αὐτὸν
2512 3399 2722 3454 πάντων
2771 3398 2957 3475 νοερᾶν
3008 3398 3108 3467 τήν
3159 3392 3371 3466 εἶ’δησιν
3402 3392 3786 3470 ἐκληρώσατο.

2139 3490 2287 3548 Κατᾶ
2316 3490 2415 3565 γὰρ
2440 3489 2503 3544 τὸ
2532 3490 2727 3563 μέτρον
2782 3494 2880 3557 τῆς
2934 3484 3073 3546 ἰδίας
3136 3484 3323 3549 οὐσίας
3378 3482 3468 3538 καὶ
3510 3481 3576 3537 τὰ
3605 3486 3798 3556 πρῶτα

2138 3576 2252 3655 ἔχει
2285 3580 2373 3633 καὶ
2418 3578 2483 3634 τὰ
2538 3576 2731 3653 ὕστερα
2776 3578 2969 3649 ἑαυτῷ.
3023 3577 3180 3633 Ὅθεν
3227 3575 3315 3630 καὶ
3367 3574 3458 3628 τὸν
3488 3572 3794 3645 ἆμὲθεκτον

2138 3674 2261 3723 νοῦν
2294 3672 2496 3742 νοερῶς
2529 3673 2663 3723 νοεῖ.
2706 3665 2771 3721 Ei‘
2828 3668 2929 3742 γὰρ
2961 3665 3049 3720 καὶ
3081 3664 3401 3739 ἆμέθεκτος,
3449 3661 3576 3718 ἀλλ’
3619 3659 3795 3738 ἐμφά-

2140 3779 2249 3821 σεις
2277 3757 2425 3819 τινὰς
2458 3754 2644 3811 δίδωσι
2676 3761 2793 3817 τοῖς
2836 3755 2951 3828 μετ’
2999 3753 3158 3809 αὐτὸν
3190 3760 3289 3823 τῆς
3322 3751 3460 3807 ἰδίας
3494 3750 3790 3825 ὑπάρξεως.

2141 3848 2241 3904 Καὶ
2273 3848 2372 3916 τήν
2406 3847 2590 3921 ψυχήν
2618 3842 2676 3900 δὲ
2713 3843 2801 3899 καὶ
2835 3846 2900 3898 τὰ
2949 3843 3147 3922 φυσικὰ
3170 3845 3255 3897 οἷα
3289 3839 3356 3910 δή
3402 3845 3601 3915 νοερῶς
3626 3836 3791 3893 οἶδεν.

2140 3935 2216 3993 Οὖ
2248 3937 2349 4012 γὰρ
2383 3937 2457 3996 ὡς
2520 3932 2708 4011 ἔχουσι
2761 3933 2970 4011 φύσεως
3024 3933 3090 3986 τὰ
3134 3929 3626 4003 νοο·5μενα,οὒτως
3656 3932 3794 3982 νοεῖ.

2139 4024 2277 4083 Οὔτε
2305 4027 2403 4099 γὰρ
2445 4025 2768 4101 κρειττόνως
2823 4020 2936 4077 οἶδε
2989 4022 3056 4075 τὰ
3090 4020 3335 4096 χείρονα,
3372 4019 3495 4073 οὕτε
3520 4017 3793 4092 ’χειρόνως

2138 4116 2205 4169 τΞι
2262 4114 2562 4191 κρείττονα,
2650 4110 2775 4167 ἀλλ’
2863 4111 3146 4188 ἀμφότερα
3220 4112 3443 4184 νοερῶς.
3505 4103 3646 4163 Οὐδέ
3696 4104 3799 4179 γὰρ

2143 4198 2593 4276 σομμεταϐάλλει
2650 4206 2770 4262 τοῖς
2826 4199 3167 4272 νοουμένοις.
3228 4198 3369 4269 Πρὸς
3433 4197 3527 4268 μὲν
3576 4195 3678 4270 γὰρ
3736 4194 3800 4246 τὸ

2141 4297 2386 4368 κρεῖττον
2422 4291 2483 4346 οὐ
2517 4289 2759 4358 δύναται,
2804 4292 2941 4366 πρὸς
2992 4286 3051 4343 δὲ
3105 4289 3168 4342 τὸ
3199 4293 3386 4363 χεῖρον
3422 4285 3483 4339 οὐ
3520 4282 3800 4361 βούλεται.

2142 4382 2232 4443 Ὠς
2264 4379 2355 4436 οὖν
2390 4377 2506 4457 ἔχει
2542 4380 2772 4456 φύσεως,
2833 4376 2978 4434 οὕτω
3035 4378 3123 4433 καὶ
3163 4378 3231 4432 τὰ
3287 4376 3419 4451 ὑπὲρ
3464 4374 3625 4429 αὐτὸν
3668 4378 3800 4440 νοεῖ,

2142 4470 2340 4525 καὶτὰ
2395 4470 2511 4543 μετ’
2566 4468 2746 4525 αὐτόν.
2802 4466 2875 4522 Οὐ
2938 4467 3034 4541 μὲν
3095 4465 3273 4521 ἐκεῖνα
3321 4459 3436 4539 ἔχει
3492 4462 3543 4517 ὲν
3604 4463 3800 4532 ἑαυτῷ,

2143 4558 2288 4615 ἀλλὰ
2316 4558 2409 4621 τὰς
2465 4557 2684 4613 ἐκείνων
2745 4557 2941 4619 αἰτίας.
3000 4556 3106 4612 Καὶ
3164 4557 3236 4617 ὡς
3288 4554 3354 4609 τὰ
3400 4552 3571 4624 νοητὰ
3600 4554 3805 4627 νοερίὒς

2140 4646 2282 4724 ἔχει,
2320 4645 2464 4703 οὕτω
2495 4648 2585 4703 καὶ
2609 4647 2676 4703 τὰ
2702 4646 2932 4718 αἰσθητὰ
2951 4649 3173 4722 νοερῶς.

2762 4963 2855 5012 κε’.
2892 4957 3024 5033 Περὶ
3056 4959 3173 5013 νοῦ.

2216 5067 2395 5121 Πάντα
2424 5066 2489 5120 τὰ
2518 5066 2680 5137 νοερὰ
2711 5062 2855 5137 εἶ’δη,
2920 5066 3035 5119 οἷον
3095 5064 3293 5139 ψυχαὶ,
3354 5062 3495 5127 νόες,
3553 5060 3807 5136 ἄγγελοι,

2147 5153 2513 5231 ἀρχάγγελοι,
2587 5151 2866 5227 δυνάμεις,
2961 5153 3052 5209 καὶ
3123 5152 3221 5207 ὅσα
3296 5156 3542 5221 τοιαῦτα,
3608 5150 3700 5205 καὶ
3757 5149 3809 5204 ἐν

2148 5242 2424 5315 ἀλλήλοις
2482 5242 2610 5314 εἶσὶ,
2675 5244 2766 5298 καὶ
2841 5243 2961 5307 καθ’
3013 5243 3171 5297 ὶαυτὸ
3224 5240 3467 5296 ἕκαστον.
3530 5241 3625 5295 Καὶ
3686 5236 3810 5293 οὕτε

2147 5334 2211 5389 τὸ
2241 5332 2296 5388 ἰν
2327 5330 2605 5403 ἀλλήλοις
2653 5332 2914 5407 σύγχυσιν
2975 5328 3115 5406 ἔχει,
3175 5328 3297 5384 οὔτε
3353 5334 3433 5401 τῷ
3488 5330 3606 5392 καθ’
3651 5330 3808 5383 ἱαυτὸ

2149 5426 2287 5478 εἶναι
2345 5420 2565 5477 ἕκαστον
2660 5421 2927 5496 μερισμὸν
3008 5414 3370 5494 λαμϐάνουσι.
3446 5423 3619 5488 Φοιτᾷ
3675 5419 3806 5491 γοῦν

1977 5595 2214 5653 NOTJE.

442 5729 516 5799 (4)
554 5734 671 5787 Hoc
702 5737 813 5805 est,
846 5736 1145 5808 cognoscit
1175 5741 1353 5810 atque
1384 5738 1674 5814 intelligit
1704 5740 1870 5799 illam
1900 5758 2004 5814 pro
2031 5757 2139 5799 suo
2161 5737 2427 5798 modulo.
