4110 6390
315 386 435 446 ’105

1499 382 1603 443 DE
1647 373 1944 441 OMNIFA
1957 372 2091 435 RIA
2138 373 2530 435 DOCTRINA
2549 420 2563 435 .

3629 386 3748 449 706

311 517 490 572 πάντα
529 512 618 570 διὰ
649 514 884 582 πάντων,
913 513 1004 568 καὶ
1050 512 1101 568 ἐν
1155 513 1331 585 εαυτῴ
1388 512 1529 568 ἐστιν
1586 508 1837 567 ἓκασταν.
1897 503 1973 560 Td

2095 504 2401 561 visionem.
2432 507 2642 563 Omnia
2674 508 2855 581 igitur
2885 527 2989 583 per
3033 513 3235 570 omnia
3277 522 3605 589 permeant,
3639 535 3747 575 nec

319 606 414 680 μὲν
476 605 724 678 σώματα,
782 604 900 657 καθ’
955 600 1116 657 ὶαυτά
1165 600 1274 657 ἐστι
1323 598 1571 671 ἕκαστον,
1629 599 1720 655 καὶ
1781 594 1843 650 οὗ
1904 590 1972 647 δι’

318 693 587 766 ἀλλήλων
644 697 834 771 φοιτᾷν
887 689 1105 746 δύναται
1166 690 1256 747 διὰ
1309 693 1408 761 τὴν
1471 682 1976 771 παγυμὲρειανητὰ

317 782 376 839 δὲ
428 770 692 856 ἀσώματα
748 783 835 837 καὶ
892 781 1054 857 νοερά
1106 778 1225 852 εἷ’δη
1276 782 1430 845 ἐκτὸς
1474 778 1793 855 παχύτητος
1850 770 1976 828 ὄντα

316 873 407 928 καὶ
497 871 776 947 μεγέθους,
835 868 904 925 δι’
964 868 1230 943 ἀλλήλων
1320 876 1569 948 φοιτῶσι.
1649 866 1745 922 Καὶ
1820 861 1976 924 αὖθις

316 961 600 1038 ἀσῦγχυτα
664 961 932 1035 μένουσιν.
984 963 1072 1017 Ἐν
1124 958 1401 1032 ἀλλήλοις
1455 963 1582 1037 γοῦν
1642 957 1743 1012 εἰσι
1803 953 1977 1009 πάντα

317 1054 386 1109 τὶ
411 1053 572 1126 νοερά
615 1048 734 1121 εἷ’δη
785 1051 1111 1124 ἡνωμένως,
1146 1049 1234 1105 καὶ
1276 1050 1454 1126 χωρὶς
1507 1046 1731 1104 ’ἑκαστον
1795 1042 1972 1099 διακε-

320 1137 658 1217 κριμμένως,
719 1139 901 1215 ὥσπερ
979 1137 1044 1208 δὴ
1123 1139 1213 1193 καὶ
1263 1139 1329 1194 τά
1383 1139 1713 1215 θεωρήματα
1769 1133 1821 1189 ἐν
1877 1135 1978 1205 μιᾶ

324 1233 495 1307 ψυχῇ.

936 1342 1033 1399 κς’.
1068 1334 1200 1409 Ηερὶ
1230 1340 1353 1391 νοῦ.

391 1428 504 1492 Πᾶς
530 1431 656 1490 νοῦς
684 1423 910 1500 πλήρης
938 1423 1050 1479 ἐστὶ
1079 1428 1187 1479 τῶν
1234 1425 1392 1480 θείων
1438 1421 1623 1498 εἰδῶν,
1655 1427 1795 1494 οἷον,
1837 1425 1977 1500 ἀγα-

319 1515 572 1586 θότητος,
634 1515 943 1585 ὁσιότητος,
996 1510 1364 1586 δικαιοσύνης,
1394 1514 1749 1585 ταυτότητος,
1784 1514 1975 1588 ὁμοιό-

315 1626 483 1675 τητος
526 1604 616 1659 καὶ
674 1608 783 1659 τῶν
837 1603 1071 1674 λοιπῶν,
1104 1601 1230 1658 ἀλλ’
1292 1604 1321 1658 6
1381 1604 1475 1677 μὲν
1536 1603 1807 1680 θειότερος
1855 1607 1975 1666 νοῦς

320 1692 668 1770 ὁλικωτὲρων
731 1692 842 1749 ἐστὶ
897 1694 1235 1770 περιεκτικὸς
1294 1690 1478 1761 εἰδῶν,
1527 1694 1555 1748 6
1615 1692 1672 1748 δὶ
1725 1693 1975 1748 ταπεινό-

316 1806 475 1860 τερος
514 1782 895 1858 μερικωτὲρων
923 1803 935 1815 ·
970 1783 1022 1837 οἱ
1080 1782 1173 1855 μὶν
1217 1783 1318 1858 γάρ
1366 1782 1623 1857 ἀνωτέρω
1673 1780 1842 1845 θείαις
1891 1779 1979 1837 δυ-

2086 593 2285 650 minus
2320 599 2785 670 unumquodque
2810 604 2899 655 est
2932 618 3036 672 per
3057 607 3219 658 se.At
3247 604 3404 660 enim
3430 623 3744 679 corporum

2085 682 2381 754 quodlibet
2416 702 2518 757 per
2548 703 2611 742 se
2641 692 2754 755 est,
2788 705 2891 744 nec
2940 708 3046 762 per
3091 693 3205 749 alia
3256 700 3450 766 potest
3482 699 3554 754 ob
3586 715 3745 757 cras-

2086 772 2277 829 sitiem
2311 790 2634 845 permeare.
2669 778 2710 832 E
2740 779 3032 836 contrario
3060 782 3455 855 incorporalia
3484 793 3541 844 et
3571 788 3746 844 intel-

2085 861 2331 935 ligibilia
2363 868 2566 937 utpote
2596 867 2886 924 crassitiei
2910 874 2967 925 et
2997 872 3426 944 magnitudinis
3457 879 3744 950 expertia,

2088 952 2332 1008 invicem
2366 970 2426 1009 se
2458 962 2859 1027 permeant,ac
2884 958 3270 1019 nihilominus
3301 962 3613 1023 inconfusa
3645 986 3748 1041 per

2088 1042 2576 1100 manent.0mnes
2607 1045 2789 1118 igitur
2820 1048 3045 1119 species
3078 1050 3483 1125 intelligibiles
3513 1055 3627 1112 sibi
3655 1058 3744 1112 in-

2086 1131 2269 1187 vicem
2301 1131 2508 1189 insunt
2534 1139 2711 1208 atque
2744 1138 2910 1194 unita
2940 1145 3217 1209 sunt,nec
3250 1144 3449 1200 minus
3473 1151 3746 1219 separata

2088 1224 2229 1276 sunt
2258 1237 2321 1277 ac
2353 1222 2672 1294 disjuncta,
2706 1226 2861 1283 sicut
2893 1227 2949 1283 in
2982 1229 3184 1287 anima
3214 1233 3619 1307 cogitationes.

2601 1333 2693 1388 26.
2724 1334 2912 1392 Adhuc
2934 1339 3003 1394 de
3038 1349 3238 1396 mente.

2160 1416 2366 1474 Omnis
2398 1435 2566 1476 mens
2596 1423 2813 1481 divinis
2844 1426 3021 1498 plena
3052 1434 3141 1485 est
3167 1430 3411 1500 ideis,ut
3440 1432 3745 1502 bonitatis,

2088 1507 2438 1577 sanctitatis,
2465 1511 2737 1585 justitias,
2769 1515 3115 1587 identitatls,
3148 1520 3561 1579 similitudinis
3584 1528 3750 1581 caete-

2089 1595 2331 1667 risque:
2366 1605 2426 1654 at
2453 1601 2707 1657 divinior
2750 1622 2917 1662 mens
2968 1607 3315 1679 integriores
3361 1611 3525 1669 ideas
3556 1616 3744 1670 couti-

2092 1691 2207 1755 net,
2239 1687 2500 1744 vicissim
2534 1707 2651 1762 quo
2682 1692 2923 1750 inferior
2953 1702 3062 1768 est,
3095 1714 3162 1754 eo
3194 1699 3455 1756 minores
3502 1701 3744 1760 illarum

2089 1784 2302 1845 partes.
2327 1779 2673 1850 Superiores
2705 1783 2860 1839 enim
2896 1787 3221 1857 majoribus
3253 1789 3468 1846 divinis
3499 1791 3746 1848 faculta-

321 1875 517 1948 νάμεσι
573 1875 819 1949 χρῶνται
875 1870 1216 1946 μείζοσιν,οἷ
1258 1868 1316 1926 δὲ
1352 1872 1651 1947 κατώτιροι
1700 1871 1973 1943 πληθυνό-

2090 1864 2250 1922 tibus
2281 1873 2546 1939 utuntur,
2580 1871 2887 1929 inferiores
2919 1890 3050 1931 vero
3083 1883 3310 1934 mentes
3370 1880 3511 1934 dum
3540 1882 3747 1936 multi-

322 1985 498 2037 μενοι,
547 1961 759 2037 μᾶλλον
820 1960 1105 2017 ἐλαττοῦσι
1162 1961 1259 2024 τάς
1315 1958 1590 2036 δννάμεις,
1643 1961 1702 2025 ἃς
1753 1960 1971 2037 ἔχουσι.

317 2053 397 2108 Τὰ
451 2052 554 2130 γὰρ
610 2056 692 2125 τῷ
749 2052 824 2106 ἑνὶ
888 2051 1273 2127 συγγενέστεραι
1329 2049 1654 2126 ἐλαττότερα
1714 2051 1812 2124 μὲν
1871 2050 1974 2107 εἶσι

315 2141 395 2213 τῷ
420 2141 642 2213 πλήθει,
675 2145 784 2196 τῶν
818 2139 911 2218 ὐφ’
942 2140 1128 2209 ἑαυτά,
1160 2144 1230 2214 τῇ
1285 2138 1507 2213 δυνάμει
1568 2138 1626 2196 δὲ
1673 2140 1973 2218 ὐπεραίρει.

317 2232 394 2286 Τά
451 2229 508 2286 δὲ
560 2236 656 2286 τοῦ
712 2230 828 2292 ἑνὸς
862 2229 1226 2306 πορῥωτέρω,
1266 2223 1503 2303 ἔμπαλιν
1534 2235 1614 2303 τῷ
1674 2231 1766 2303 μὲν
1818 2236 1976 2303 ποσῷ

319 2318 799 2396 πληθυντικώτερά
885 2319 1010 2387 εἶσι,
1069 2322 1139 2393 τῇ
1220 2316 1278 2373 δὲ
1346 2316 1566 2392 δυνάμει
1627 2318 1972 2393 ἐλαττότερα.

324 2415 432 2465 Πᾶν
468 2410 564 2483 μὲν
596 2409 696 2485 γάρ
727 2408 788 2464 τὸ
820 2407 1237 2481 πληθυνόμενον
1301 2407 1623 2464 ἐλαττοῦται
1682 2411 1819 2464 κατά
1873 2411 1974 2478 τὴν

322 2495 568 2571 δύναμιν,
603 2503 708 2553 πᾶν
742 2493 799 2551 δὲ
826 2497 889 2552 τὸ
918 2495 1203 2567 ἑνούμενον
1233 2501 1303 2571 τῇ
1368 2498 1464 2570 μὲν
1521 2495 1745 2571 δυνάμει
1808 2520 1972 2574 μεγα-

321 2586 559 2656 λόνεται,
605 2585 924 2642 ἔλαττοῦται
979 2584 1036 2641 δὲ
1090 2587 1227 2641 κατὰ
1278 2587 1378 2654 τήν
1432 2586 1729 2655 ποσότηταο
1788 2591 1819 2657 ἠ
1884 2588 1977 2662 μὶν

317 2676 419 2752 γάρ
450 2673 638 2738 ἓνωσις
673 2673 1106 2751 δυναμικωτὲρα,
1152 2678 1187 2745 ἡ
1249 2673 1307 2731 δὲ
1355 2673 1613 2750 διαίρεσις
1672 2676 1977 2748 πληθυντι-

321 2767 556 2842 κωτὲρα.
589 2764 686 2822 Καὶ
717 2767 753 2835 ἡ
790 2785 888 2840 μεν
935 2761 1126 2828 ἓνωσις
1174 2763 1411 2820 ἐλάττων
1469 2766 1605 2820 κατά
1649 2768 1747 2836 τήν
1804 2768 1976 2823 ποσό-

321 2876 482 2929 τητα,
541 2856 577 2925 ἡ
638 2851 697 2910 δὲ
742 2851 1003 2930 διαίρεσις
1050 2855 1399 2930 ἀσθενέστερα
1452 2855 1589 2911 κατᾶ
1644 2857 1742 2925 τήν
1816 2854 1974 2912 δόνα-

376 2967 442 3003 ιν.

329 2967 442 3019 μιν.

886 3033 983 3101 κζ’.
1017 3031 1146 3101 Περὶ
1179 3035 1386 3107 ψυχῆς.

389 3122 581 3200 Τρίτον
614 3120 728 3177 ἐστὶ
756 3122 819 3176 τὸ
849 3123 1020 3184 πάθος
1048 3129 1146 3191 τῆς
1177 3124 1383 3197 ψυχῆς.
1418 3121 1516 3176 Καὶ
1545 3122 1608 3177 τὸ
1665 3125 1758 3197 μὲν
1806 3125 1972 3199 ἀκρό-

307 3234 473 3269 τατον
506 3212 702 3283 αὐτῆς,
744 3212 807 3267 τὸ
836 3216 952 3273 τοῖς
1003 3217 1225 3282 νοητοῖς
1266 3211 1573 3284 ἡνωμένον,
1608 3214 1794 3282 νόησις
1850 3214 1988 3284 ὠνό,

317 3324 534 3376 μασται,
566 3303 637 3356 Τὸ
669 3300 727 3356 δὲ
775 3300 1004 3376 ἔσχατον
1055 3302 1116 3355 τὸ
1162 3305 1269 3355 τῶν
1318 3300 1591 3370 αἰσθητῶν
1648 3305 1970 3376 γνωστικὸν,

319 3390 407 3447 διὰ
467 3390 634 3465 μέσης
694 3398 792 3459 τῆς
834 3396 1021 3459 κοινῆς
1082 3389 1385 3460 αἰσθήσεως
1443 3386 1568 3460 δόξα
1626 3390 1861 3465 λέγεται.
1903 3396 1973 3450 Τὸ

322 3479 378 3537 δὲ
411 3481 571 3554 μέσον
621 3481 684 3534 τὸ
740 3479 938 3534 ἅνιὲναι
996 3478 1085 3534 καὶ
1134 3478 1370 3533 κατιέναι
1427 3480 1684 3557 πεφυκὸς,
1738 3478 1971 3541 διάνοια.

322 3570 426 3628 Καὶ
488 3568 653 3644 μέχρι
718 3569 813 3641 μὲν
868 3569 1099 3636 τούτων,
1162 3569 1189 3622 ὁ
1262 3565 1566 3644 ἄνθρωπος,
1627 3568 1751 3639 ἤτοι
1824 3571 1972 3644 νοῦς,

325 3656 557 3729 διάνοια,
590 3656 735 3728 δόξα,
772 3657 907 3730 μετὰ
961 3655 1018 3711 δὲ
1071 3660 1239 3711 ταῦτα
1292 3658 1515 3712 εἶναιτὸ
1550 3662 1710 3727 ζῶον.
1752 3661 1817 3717 Ἡ
1877 3663 1972 3737 μὲν

318 3747 420 3823 γάρ
450 3745 849 3809 πολυποίκιλος
877 3745 1057 3822 φύσις,
1091 3748 1124 3816 ἡ
1154 3743 1212 3800 δὲ
1240 3752 1339 3815 τῆς
1383 3748 1529 3810 θείας
1582 3746 1778 3822 μοίρας
1811 3750 1978 3826 ὑπάρ-

315 3856 512 3913 χουσα,
546 3840 579 3907 ἡ
617 3836 709 3910 μὲν
742 3857 800 3911 γε
859 3835 1120 3909 ἐπιθυμία
1169 3834 1547 3913 πολυκέφαλον
1594 3837 1807 3912 θηρίον,
1842 3841 1870 3893 6
1919 3838 1975 3896 δὲ

314 3927 488 4000 θυμὸς
548 3922 883 3996 λεοντώδης,
916 3926 944 3980 6
998 3923 1056 3981 δὲ
1108 3923 1277 4000 λόγος
1318 3925 1346 3979 6
1396 3924 1611 3996 ἀληθὴς
1668 3924 1972 4003 ἄνθρωπος.

319 4016 468 4070 Ἐστὶ
529 4014 587 4069 δὲ
634 4015 830 4069 τούτου
869 4014 957 4070 καὶ
1006 4012 1173 4076 ἄλλος
1223 4013 1496 4091 θειότερος
1545 4013 1826 4090 ἅνθρωπος
1882 4019 1974 4073 καὶ

321 4101 791 4177 ἀληθέστεροςμὸ
848 4105 1058 4177 νοερὸς,
1124 4103 1181 4158 ’ὸν
1242 4101 1630 4178 αὐτάνθρωπον
1704 4126 1973 4184 προσαγο·

326 4191 569 4269 ρεῦουσιν
620 4194 671 4247 οἱ
723 4197 826 4248 τῶν
884 4191 1041 4248 εἲδῶν
1102 4193 1524 4271 φιλοθεάμονες.
1558 4192 1754 4270 Τρίτον
1802 4194 1893 4250 οῦν
1945 4197 1972 4251 6

322 4280 628 4357 ἅνθρωπος,
660 4282 686 4336 6
724 4282 820 4355 μὲν
853 4282 1038 4359 νοερὸς
1067 4282 1158 4336 καὶ
1208 4279 1522 4355 μονοειδὴς,
1555 4284 1583 4338 6
1642 4281 1699 4339 δὲ
1751 4282 1972 4362 λογικὸς

314 4371 407 4426 καὶ
464 4371 729 4448 τριμερὴς
783 4372 872 4425 καὶ
922 4368 1276 4447 τριδόναμος,
1311 4372 1339 4426 6
1398 4368 1456 4426 δὲ
1506 4370 1824 4443 αἶ’σθητικὸς
1882 4374 1972 4430 καὶ

314 4459 615 4530 πολυειδὴς
643 4462 731 4516 καὶ
766 4458 1134 4523 παντοδαπός.
1165 4461 1236 4514 Τὸ
1270 4459 1327 4515 δὲ
1367 4458 1730 4537 λογιζόμενον
1781 4462 1870 4518 καὶ
1909 4464 1971 4519 τὸ

316 4551 555 4626 θεωροῦν
587 4553 751 4624 ἡμεῖς
808 4549 1182 4624 ἐσμεν·ἡμεῖς
1238 4548 1364 4624 γὰρ·
1399 4549 1490 4604 καὶ
1544 4553 1697 4627 ψυχὴ
1750 4554 1969 4612 ταυτόν.

886 4837 990 4907 κη’.
1025 4835 1157 4912 Περὶ
1187 4838 1341 4911 ψυχῇ
1353 4858 1395 4899 ς.

381 4929 503 4984 Τῶν
536 4927 663 5001 παρ’
687 4924 928 4996 ’Ἕλλησι
963 4930 1143 5003 σοφῶν
1190 4926 1287 4993 τὴν
1341 4926 1552 5000 ψυχὴν,
1586 4923 1814 4980 Πλάτων
1874 4926 1969 4998 μὲν

310 5016 401 5070 καὶ
450 5015 867 5089 Ἀριστοτέλης,
931 5014 1006 5076 ὡς
1087 5014 1305 5089 ὀργάνῳ
1381 5014 1509 5089 φασὶ
1598 5022 1837 5090 χρῆσθαι
1892 5019 1971 5086 τῷ

310 5104 546 5177 σώματι.
608 5110 698 5160 Δεῖ
768 5105 890 5181 γὰρ,
961 5102 1123 5174 φησὶν
1186 5102 1599 5180 Ἀριστοτέλης,
1680 5106 1780 5173 τήν
1872 5104 1967 5177 μὶν

310 5194 511 5266 τεχνην
590 5200 829 5268 χρῆσθαι
911 5198 1024 5255 τοῖς
1102 5193 1381 5269 ὀργάνοις,
1456 5194 1556 5262 τὴν
1642 5189 1699 5246 δὲ
1782 5194 1967 5269 ψυχὴν

312 5284 393 5352 τῷ
455 5282 688 5353 σώματι.
743 5284 806 5336 0i.
882 5279 938 5337 δὲ
1012 5280 1071 5336 ἐκ
1145 5279 1452 5358 Περιπάτου
1527 5280 1820 5359 φιλόσοφοι
1896 5283 1970 5344 ὡς

309 5366 500 5425 ἔνυλον
537 5366 675 5432 εἶδος
732 5370 1045 5443 μιγνύουσιν
1096 5370 1262 5441 αὐτην
1305 5372 1385 5443 τῷ
1431 5369 1647 5445 σώματι
1703 5372 1792 5425 καὶ
1852 5367 1968 5425 δια-

307 5458 626 5515 πλέκουσιν.
671 5460 732 5512 Οἱ
784 5456 841 5513 δὶ
890 5459 1012 5535 περὶ
1062 5457 1345 5531 Κλεάνθην
1395 5461 1484 5514 καὶ
1548 5463 1706 5533 σῶμα
1769 5458 1971 5530 ταύτην

309 5548 722 5627 ἀποφαίνονται,
780 5545 1084 5622 δυναμένην
1147 5551 1331 5622 μέντοι
1389 5550 1450 5625 γὲ
1508 5570 1642 5615 ποτε
1710 5548 1801 5603 καὶ
1871 5553 1969 5604 τοῦ

309 5639 637 5713 φαινομένου
687 5635 1021 5714 χωρίζεσθαι
1070 5638 1342 5711 σώματος.
1395 5637 1681 5702 Πλωτῖνος
1731 5636 1788 5693 δέ
1835 5659 1969 5715 φησι

313 5728 390 5802 μὴ
425 5729 811 5807 ἀναγκάζεσθαι
845 5724 1095 5803 δέχεσθαι
1150 5728 1251 5798 τὴν
1313 5730 1497 5804 ψυχὴν
1548 5728 1615 5784 τὰ
1667 5729 1812 5799 πάθη
1870 5731 1967 5783 τοῦ

2088 1952 2402 2026 plicantur,
2436 1958 2819 2018 facultatibus
2846 1980 2992 2035 quas
3023 1965 3240 2022 habent
3272 1973 3522 2024 utuntur
3550 1970 3739 2026 imbe-

2087 2041 2437 2100 ciIlioribus.
2469 2049 2603 2111 Quae
2633 2050 2791 2105 enim
2826 2053 3035 2108 unitati
3071 2055 3336 2125 proxima
3369 2059 3740 2129 sunt,multi-

2086 2133 2287 2188 tudine
2320 2135 2558 2207 quidem
2586 2139 2660 2193 ab
2685 2139 3062 2199 inferioribus
3092 2146 3428 2216 vincuntur,
3479 2148 3741 2219 potentia

2086 2227 2281 2277 autem
2315 2232 2612 2295 praestant.
2662 2227 2934 2285 Vicissim
2981 2249 3109 2303 quas
3136 2235 3208 2289 ab
3233 2235 3456 2291 unitate
3505 2236 3742 2308 longius

2088 2312 2387 2380 recedunt,
2425 2331 2668 2372 numero
2700 2317 3001 2389 plura,sed
3032 2324 3295 2393 potentia
3322 2326 3552 2381 minora
3574 2333 3738 2383 sunt.

2086 2403 2385 2476 Quidquid
2424 2405 2581 2461 enim
2649 2406 2709 2461 in
2778 2409 3225 2466 multitudinem
3282 2414 3427 2483 abit,
3479 2418 3745 2487 potentia

2087 2495 2397 2563 minuitur,
2446 2495 2547 2550 sed
2597 2498 2752 2567 quod
2800 2500 3018 2567 unitur,
3068 2503 3330 2572 potentia
3379 2509 3627 2575 augetur
3674 2522 3741 2561 ac

2087 2585 2315 2650 crescit,
2349 2584 2483 2640 licet
2512 2602 2758 2645 numero
2790 2586 3317 2646 minuatur.Unitio
3348 2592 3506 2648 enim
3540 2593 3738 2650 valen-

2085 2678 2200 2730 tior
2246 2679 2355 2741 est,
2404 2672 2616 2730 divisio
2663 2675 3065 2733 multitudinis
3112 2681 3489 2751 procreatrix.
3543 2682 3739 2739 Unitio

2087 2765 2280 2819 minor
2310 2780 2577 2831 numero,
2606 2764 2816 2821 divisio
2849 2769 3106 2837 potentia
3133 2768 3444 2824 infirmior.

2690 3034 2779 3086 27.
2810 3032 2885 3088 De
2912 3034 3127 3090 anima.

2154 3120 2298 3176 Tres
2327 3124 2470 3176 sunt
2515 3121 2723 3176 animae
2771 3123 3099 3194 passiones.
3145 3125 3341 3182 Prima
3387 3126 3628 3197 quidem
3679 3133 3738 3185 et

2095 3228 2331 3267 summa
2358 3208 2960 3281 quaintelligibilibus
2977 3214 3377 3285 conjungitur,
3402 3214 3738 3287 intelligen-

2097 3301 2178 3356 tia
2198 3299 2549 3370 appellatur.
2573 3300 2779 3355 Inﬁmu
2802 3316 2921 3371 qua
2951 3318 3045 3356 res
3077 3302 3322 3358 sensiles
3358 3320 3462 3375 per
3502 3322 3744 3361 sensum

2085 3403 2462 3445 communem
2516 3388 2952 3460 cognoscimus,
3003 3390 3219 3445 dicitur
3257 3392 3476 3462 opinio.
3528 3393 3743 3465 Media,

2085 3496 2212 3549 qum
2235 3476 2605 3533 ascendendo
2629 3481 2685 3533 et
2704 3478 3116 3534 descendendo
3139 3480 3413 3552 colligere
3447 3489 3581 3553 apta
3606 3488 3743 3539 nata

2086 3573 2387 3637 est.Atque
2402 3566 2577 3622 homo
2593 3567 2829 3637 quidem
2846 3568 3748 3641 hactenus,mens,ratiocinatio,

2085 3657 2281 3729 opinio
2314 3673 2327 3712 :
2362 3656 2519 3727 quod
2551 3662 2822 3726 superest
2854 3656 3075 3711 animal
3105 3663 3217 3725 est,
3252 3663 3465 3715 natura
3493 3660 3655 3716 varia
3677 3678 3744 3717 ac

2085 3745 2413 3817 multiplex.
2447 3762 2582 3816 pars
2615 3744 2825 3799 divinas
2857 3746 3033 3801 sortis
3064 3746 3381 3818 particeps,
3418 3765 3554 3819 pars
3601 3766 3740 3805 con-

2086 3835 2447 3906 cupiscentia
2480 3833 2791 3904 multiceps
2826 3835 3037 3900 bestia,
3070 3841 3127 3890 et
3160 3834 3246 3890 ira
3276 3835 3469 3907 qualis
3498 3842 3589 3893 est
3619 3837 3740 3894 leo-

2086 3941 2228 3980 num
2262 3940 2274 3978 :
2310 3923 2412 3978 sed
2444 3939 2616 3977 verus
2650 3921 2824 3977 homo
2857 3924 3003 3978 ratio
3034 3928 3142 3979 est.
3190 3924 3437 3980 Exsistit
3478 3943 3652 3997 porro
3685 3930 3742 3982 et

2084 4013 2235 4069 alius
2265 4012 2441 4067 homo
2473 4010 2724 4066 divinior
2758 4012 3083 4083 veriorque,
3116 4012 3527 4086 intelligibilis,
3563 4032 3739 4087 quem

2084 4100 2473 4174 αὐτάνθρωπον
2516 4099 2916 4173 ipsbominem
2949 4101 3071 4157 sive
3101 4101 3293 4158 ideam
3343 4103 3604 4159 hominis
3634 4121 3731 4161 vo-

2082 4196 2218 4247 cant
2247 4190 2347 4263 qui
2373 4190 2635 4246 idearum
2666 4207 2732 4246 ac
2753 4191 3082 4261 specierum
3114 4192 3614 4265 contemplatione
3639 4195 3738 4251 ob-

2081 4282 2395 4337 lectantur.
2428 4278 2658 4352 Triplex
2686 4279 2869 4351 igitur
2899 4281 3073 4336 homo
3106 4282 3300 4349 datur,
3336 4298 3493 4338 unus
3524 4282 3744 4340 intelli-

2082 4369 2421 4443 gibilis,iste
2452 4373 2509 4424 et
2530 4368 2740 4424 unicus
2770 4386 2836 4423 ac
2859 4368 3146 4441 simplex;
3182 4371 3329 4426 alter
3351 4372 3742 4441 rationabilis,

2080 4460 2272 4515 tribus
2307 4457 2686 4513 facultatibus
2744 4474 2809 4513 ac
2843 4457 3017 4514 veluti
3078 4461 3348 4531 partibus
3407 4467 3741 4518 constans:

2080 4548 2287 4603 tertius
2331 4545 2635 4603 sensibilis
2682 4550 2739 4603 et
2784 4547 3091 4620 multiplex
3139 4549 3476 4623 variusque.
3522 4555 3741 4607 Sumus

1999 4628 2047 4692 D
2080 4642 2279 4694 autem
2309 4635 2367 4693 id
2401 4637 2556 4708 quod
2601 4636 2827 4692 ratione
2875 4640 2933 4693 et
2981 4638 3449 4697 consideratione
3502 4640 3735 4697 utitur:

2081 4727 2282 4783 anima
2309 4726 2466 4781 enim
2498 4726 2787 4797 cujusque
2817 4725 2869 4782 is
2900 4730 2990 4782 est
3021 4726 3299 4799 quisque.

2675 4834 2764 4888 28.
2801 4838 2883 4889 De
2911 4835 3123 4890 anima.

2153 4925 2310 4980 Inter
2339 4923 2571 4979 Graecia
2602 4923 2897 4995 sapientes
2929 4923 3088 4979 Plato
3118 4929 3175 4979 et
3200 4923 3542 4981 Aristoteles
3574 4925 3744 4982 aiunt

2081 5014 2342 5069 animam
2387 5028 2629 5084 corpore
2688 5013 2771 5067 uti
2823 5020 3104 5083 tanquam
3165 5014 3583 5070 instrumento.
3640 5016 3742 5070 Ars

2078 5104 2249 5172 enim,
2279 5101 2473 5173 inquit
2500 5100 2863 5171 Aristoteles,
2879 5103 3482 5174 instrumentis,anima
3510 5121 3744 5176 corpore

2081 5192 2311 5262 indiget.
2346 5197 2412 5245 At
2456 5189 2825 5262 Peripatetici
2884 5191 3218 5264 philosophi
3261 5194 3548 5262 animam,
3580 5195 3743 5251 velut

2082 5282 2329 5336 formam
2364 5281 2641 5349 materiae,
2673 5280 3051 5337 inhaerentem
3078 5282 3305 5355 corpori
3340 5284 3651 5356 implicant
3674 5302 3740 5341 ac

2080 5369 2455 5442 permiscent.
2489 5366 2802 5425 Cleanthes
2850 5375 2907 5425 et
2946 5371 3207 5427 animam
3263 5373 3474 5428 statuit
3524 5391 3739 5447 corpus

2080 5476 2229 5527 esse,
2265 5461 2466 5531 utpote
2494 5474 2623 5529 quae
2655 5460 2843 5531 possit
2875 5477 2909 5515 a
2939 5477 3180 5533 corpore
3212 5464 3367 5533 quod
3400 5462 3589 5520 oculis
3612 5480 3736 5521 cer-

2079 5548 2240 5604 nitur
2272 5547 2535 5620 separari
2566 5564 2632 5603 ac
2662 5548 2952 5604 secedere.
2987 5550 3257 5607 Plotinus
3289 5557 3465 5625 negat
3497 5570 3739 5611 necesse

2079 5656 2208 5695 esse
2240 5643 2304 5693 ut
2331 5637 2530 5693 anima
2562 5638 2823 5709 corporis
2852 5640 3233 5710 passionibus
3263 5641 3576 5713 afﬁciatur,
3598 5661 3735 5699 nam

2079 5744 2186 5784 nec
2216 5726 2502 5783 artiﬁcem
2537 5744 2602 5781 ca
2635 5743 2762 5799 qua:
2791 5726 3205 5785 instrumentis
3232 5729 3356 5786 suis
3386 5731 3737 5804 contingunt
