4110 6386
371 371 483 429 70'!

1704 355 2135 416 MIlZHAELIS
2180 356 2452 419 PSELLI

3669 359 3796 420 708

364 514 625 572 unquam
659 487 1452 567 persentiscere.Necessario
1484 491 1680 542 autem
1714 486 1801 541 uti
1832 484 2002 542 sensit

2134 486 2410 557 σώματος,
2444 486 2557 543 Emi
2595 486 2736 561 μηδέ
2763 490 3024 565 τεχνίτης
3060 490 3128 544 τὰ
3172 491 3318 561 πάθη
3367 494 3479 545 τῶν
3537 489 3789 565 ὀργάνων

366 593 474 646 bus
505 581 940 645 animam.Nam
973 585 1037 634 ut
1067 594 1170 651 per
1200 594 1412 648 corpus
1438 581 1735 649 operetur,
1771 591 2015 631 sensum

363 681 577 736 habere
609 672 1036 735 auxiliatorem,
1075 673 1138 722 ut
1171 685 1272 739 per
1312 666 1478 721 illum
1512 671 1752 722 externa
1800 681 2016 736 cogno-

358 775 504 826 seat.
538 761 1025 833 Quandoquidem
1059 757 1241 829 igitur
1269 754 1659 827 incorporalis
1690 754 1889 810 anima
1905 759 2012 822 est,

361 859 665 934 passiones
688 850 949 925 corporis
978 849 1051 905 ad
1071 864 1201 903 eam
1232 863 1347 902 non
1382 846 1712 918 pertingent
1736 862 1749 913 ;
1783 845 1939 916 quod
1966 844 2013 899 si

360 950 721 1022 pertingant,
753 959 870 999 non
902 938 1217 996 essentiam
1248 937 1376 1008 ejus
1407 934 1687 1006 efﬁcient,
1712 951 1913 990 verum
1939 934 2016 989 fa-

358 1040 608 1095 cultates
640 1040 695 1092 et
728 1031 1116 1106 Operationes.

963 1210 1054 1262 29.
1086 1208 1158 1262 De
1187 1206 1398 1259 (mima.

429 1310 563 1376 Qua:
596 1304 939 1367 miscentur,
989 1296 1076 1351 vel
1128 1295 1208 1350 ita
1259 1294 1583 1349 miscentur
1643 1292 1795 1347 inter
1828 1309 1912 1359 se,
1948 1297 2012 1345 ut

356 1396 821 1461 confundantur,
881 1384 1383 1460 quemadmodum
1444 1382 1750 1451 humores,
1790 1379 1887 1451 vel
1949 1386 2013 1434 ut

357 1488 526 1545 modo
558 1482 936 1555 implicentur
967 1479 1173 1531 mutuo
1215 1489 1281 1528 ac
1321 1474 1646 1544 permeent,
1682 1468 1765 1525 uti
1826 1485 1925 1523 aer
1957 1474 2013 1523 et

354 1579 475 1647 lux;
510 1576 559 1632 si
592 1573 724 1646 quis
758 1586 885 1643 quae
933 1564 1168 1637 singula
1213 1562 1565 1628 consideret,
1597 1559 1699 1647 illa
1728 1560 1883 1647 quad
1916 1575 2009 1613 es-

353 1666 603 1723 sentiam
636 1660 937 1722 distincta,
980 1650 1421 1725 operationibus
1466 1646 1751 1720 permista
1801 1646 2000 1715 deprc-

351 1757 588 1814 hendet.
622 1751 771 1806 Hinc
804 1742 1148 1802 Aristoteles
1182 1738 1480 1811 duplicem
1532 1736 1696 1810 ponit
1745 1734 2003 1790 animam

350 1846 528 1903 aliam
548 1834 1084 1913 separatam,aliam
1115 1847 1243 1902 quae
1274 1829 1335 1884 in
1365 1841 1608 1900 corpore
1638 1824 2007 1882 subsistit.At

349 1954 466 1992 non
499 1932 681 1990 sentit
710 1928 910 1986 anima
944 1941 1006 1981 se
1036 1919 1265 1993 corpori
1296 1934 1426 1975 esse
1476 1916 1843 1989 permistam,
1902 1915 2001 1968 sed

348 2040 562 2096 corpus
591 2021 939 2076 animatum.
988 2013 1214 2084 Corpus
1258 2008 1415 2064 enim
1466 2007 1675 2063 animm
1723 2003 2007 2061 beneficio

349 2094 528 2171 habet
564 2109 720 2183 quod
768 2107 950 2162 sentit
995 2101 1359 2175 appetitque,
1412 2102 1589 2170 atque
1639 2094 1889 2183 aliarum
1920 2096 2011 2148 est

349 2182 722 2260 aﬂ‘ectionum
752 2195 1067 2269 particeps.
1096 2192 1299 2261 Itaque
1326 2188 1485 2242 Plato
1514 2185 1723 2241 statuit
1744 2182 1856 2255 ipsi
1886 2182 2007 2237 ani-

348 2312 457 2349 mas
506 2307 636 2346 esse
691 2301 885 2342 veram
937 2280 1357 2355 propriamque
1401 2274 1797 2333 substantiam
1833 2290 1846 2327 :
1881 2288 2008 2343 quae

344 2384 503 2439 enim
534 2380 592 2435 in
624 2376 739 2433 alio
783 2371 1057 2430 subsistit
1107 2372 1319 2431 forma,
1368 2367 1442 2422 ab
1495 2365 1700 2421 eodem
1752 2361 2009 2435 qualitas

344 2468 702 2539 essentialis,
738 2482 854 2522 non
886 2459 1221 2519 substantia
1252 2456 1600 2530 appellatur.

845 2572 937 2627 30.
972 2568 1157 2625 Adhuc
1196 2565 1262 2621 de
1291 2566 1506 2619 anima.

419 2667 600 2723 Aliter
629 2662 930 2737 physicus,
963 2658 1135 2713 aliter
1164 2654 1508 2710 dialecticus
1567 2650 1827 2706 animam
1862 2648 2006 2703 defi-

349 2758 542 2813 niunt.
598 2753 884 2825 Pbysicus
942 2746 1149 2803 anima)
1215 2741 1613 2799 substantiam
1671 2738 2009 2795 considerat

350 2849 647 2915 quatenus
674 2855 787 2893 non
810 2841 900 2892 est
925 2852 958 2890 a
979 2848 1219 2904 corpore
1242 2835 1544 2902 separata:
1572 2831 1793 2882 natura:
1822 2825 2005 2897 siqui-

353 2914 485 2989 dem
520 2928 825 2985 scientiam
860 2924 1180 2997 professus,
1214 2918 1503 2991 spectabit
1557 2916 1813 2972 animam
1847 2914 2003 2970 haud

354 3023 682 3093 sejunctam
715 3034 747 3071 a
767 3017 1089 3086 corpore,ct
1110 3014 1403 3082 quatenus
1433 3006 1586 3061 haud
1612 3005 2003 3076 sejunctajest.

356 3109 706 3166 Dialecticus
733 3122 868 3161 vero
891 3102 1067 3158 etiam
1104 3098 1359 3155 rationes
1388 3094 1657 3152 essentia:
1677 3093 1835 3149 illius
1857 3093 1914 3147 in
1944 3109 2005 3148 se

351 3205 646 3271 spectatas
680 3194 990 3267 expendit;
1022 3199 1076 3246 et
1118 3185 1575 3244 mathematicus
1627 3185 1922 3239 abstracta
1973 3199 2006 3237 a

2130 572 2433 646 ὑποδέξαιτ’
2465 578 2524 631 ἄν
2558 597 2708 634 ποτε.
2744 578 3004 649 Αἶσθήσει
3037 576 3093 634 δὲ
3124 578 3363 654 χρῆσθαί
3393 600 3555 656 φησιν
3619 580 3791 654 ἀναγ-

2124 670 2303 730 καῖον,
2363 665 2425 720 τὸ
2511 668 2616 741 γὰρ
2701 664 2791 722 διὰ
2866 670 3119 739 σώματος
3179 667 3455 743 ένεργοῦν,
3514 664 3630 745 ἔχει
3686 670 3788 738 τὴν

2126 750 2396 823 αἶ’σθησιν,
2425 752 2515 810 ’ἱνα
2546 753 2614 809 δι’
2648 755 2815 826 αὐτῆς
2853 758 3092 831 γινώσκῃ
3119 757 3187 811 τὰ
3232 754 3446 828 ἔξωθεν.
3481 758 3546 814 Εἰ
3608 757 3699 811 οῦν
3750 761 3787 828 ἡ

2125 844 2280 918 ψυχή
2333 843 2648 917 ἀσώματος,
2680 847 2748 900 τὰ
2806 846 2950 917 παθη
3010 851 3107 902 τοῦ
3156 848 3412 920 σώματος
3470 846 3532 903 οὐ
3592 844 3786 918 διαϐή-

2127 954 2273 987 σεται
2309 932 2391 988 ἐπ’
2424 934 2613 1005 αῦτήν.
2648 934 2709 990 Ei
2745 932 2803 990 δὶ
2852 936 2941 991 καὶ
2995 932 3235 1014 ἔρχεται,
3269 936 3369 992 οὐκ
3416 936 3490 999 εἰς
3536 938 3636 1006 τήν
3696 937 3790 991 οὐ·

2127 1022 2242 1075 σίαν
2303 1022 2470 1092 αὐτῆς
2527 1023 2772 1100 ἔρχεται,
2824 1022 2951 1080 ἀλλ’
2985 1024 3061 1086 εἷς
3108 1027 3204 1086 τας
3258 1022 3514 1099 δυνάμεις
3561 1027 3648 1080 καὶ
3693 1027 3792 1092 τὰς

2124 1110 2420 1186 ἐνεργεῖας.

2697 1205 2792 1261 κθ’.
2837 1203 2964 1279 Περὶ
3005 1207 3210 1279 ψυχῆς.

2195 1291 2455 1367 Μίγνυται
2514 1293 2581 1347 τὰ
2661 1293 2966 1368 μιγνύμενα
3023 1296 3057 1365 ἢ
3126 1294 3424 1370 κιρνάμενα
3508 1295 3784 1366 ἀλλήλοις

2124 1380 2303 1455 ὥσπερ
2335 1383 2400 1436 τὰ
2436 1382 2589 1457 ὑγρὰ,
2622 1381 2657 1451 ἢ
2692 1379 3098 1457 διαπλεκόμενα
3152 1384 3333 1459 ὥσπερ
3364 1385 3394 1439 ’ὀ
3424 1405 3483 1439 τε
3538 1385 3642 1459 ἀὴρ
3691 1387 3784 1441 καὶ

2118 1471 2181 1524 τὸ
2214 1475 2348 1548 φῶς.
2382 1472 2444 1525 Ei
2487 1469 2545 1526 δέ
2604 1472 2833 1550 ἐφάπτοι
2864 1473 2926 1528 τὸ
2987 1474 3175 1547 μόνον,
3208 1478 3276 1548 τῇ
3333 1474 3427 1547 μὶν
3488 1473 3644 1547 οὐσίᾳ
3689 1497 3785 1530 κε-

2121 1561 2412 1634 χώρισται,
2445 1567 2565 1623 ταῖς
2616 1559 2673 1616 δὲ
2730 1562 3019 1639 ἐνεργείαις
3052 1564 3335 1636 μέμικται.
3392 1564 3490 1617 Καὶ
3533 1567 3781 1638 Ἀριστο⁸

2120 1649 2283 1719 τέλης
2343 1647 2431 1705 διὰ
2481 1656 2645 1706 τοῦτο
2701 1653 2801 1720 τὴν
2862 1655 3047 1728 ψυχὴν
3082 1657 3232 1707 ποιεῖ
3280 1650 3618 1721 διττὴητήν
3683 1654 3781 1726 μὲν

2120 1740 2563 1814 κεχωρισμένην,
2620 1742 2721 1810 τὴν
2792 1737 2849 1796 δὲ
2906 1739 2956 1795 έν
3037 1742 3250 1814 σώματι
3326 1742 3425 1810 τήν
3487 1742 3779 1797 ὑπόστασιν

2122 1827 2554 1901 ἔχουσαν.ῐ1λὴν
2575 1828 2680 1906 οὐχ
2710 1832 2745 1900 ἡ
2775 1831 2929 1907 ψυχὴ
2964 1830 3270 1886 αἶ’σθάνεται
3304 1833 3338 1900 ἡ
3372 1830 3423 1886 έν
3454 1835 3534 1904 τῷ
3565 1831 3779 1906 σώματι

2120 1917 2250 1973 οὖσα
2301 1916 2450 1993 εἷ’περ
2503 1920 2758 1997 κέκραται
2807 1926 2886 1992 τῷ
2938 1920 3173 1993 σώματι,
3206 1919 3353 1976 ἀλλὰ
3405 1921 3469 1976 τὸ
3527 1916 3779 1998 ἔμψυχον

2119 2013 2298 2079 σῶμα.
2331 2008 2401 2062 Τὸ
2457 2009 2557 2084 γὰρ
2619 2013 2778 2082 σῶμα
2836 2007 2925 2064 διὰ
2963 2012 3064 2080 τὴν
3122 2011 3309 2085 ψυχὴν
3344 2009 3653 2081 αἰσθητικὸν
3685 2011 3779 2085 γέ-

2117 2118 2261 2171 γονε,
2287 2098 2378 2152 καὶ
2426 2100 2702 2171 ὀρεκτικὸν
2735 2099 2825 2154 καὶ
2856 2104 2965 2154 τῶν
3020 2097 3206 2154 ἄλλων
3267 2105 3455 2163 παθῶν
3509 2098 3777 2157 δεκτικόν.

2118 2188 2345 2243 Ιιλάτων
2375 2186 2432 2243 δὶ
2459 2189 2558 2258 τὴν
2620 2189 2888 2259 ἀληθινὴν
2936 2188 3119 2243 οὐσίαν
3181 2196 3282 2259 τῆς
3332 2192 3519 2264 ψυχῆς
3579 2190 3777 2260 ἑαυτῆς

2118 2299 2278 2354 φησιν
2335 2279 2489 2335 εἶναι.
2524 2279 2600 2336 Τὸ
2642 2280 2742 2354 γὰρ
2803 2279 2855 2333 ἐν
2920 2276 3079 2351 ἄλλῳ
3134 2281 3233 2346 τήν
3298 2278 3586 2333 ὑπόστασιν
3648 2276 3781 2356 ἔχον

2119 2365 2283 2436 εἶδος,
2315 2368 2586 2438 ποιότητα
2616 2367 2856 2439 οὗσιώδη
2892 2366 3071 2426 καλεῖ,
3108 2366 3237 2423 ἀλλ’
3265 2366 3364 2423 οὐκ
3393 2367 3602 2424 οὐσίαν.

2701 2560 2772 2619 λ’.
2806 2564 2933 2638 Περὶ
2968 2567 3120 2639 ψυχῇ
3133 2585 3176 2625 ς.

2188 2652 2472 2730 Διαφόρως
2504 2653 2743 2727 ὁρίζεται
2792 2653 2890 2720 τήν
2923 2653 3111 2728 ψυχὴν
3163 2654 3191 2707 ὁ
3230 2654 3453 2731 φυσικὸς
3505 2655 3597 2710 καὶ
3657 2651 3774 2709 δια-

2118 2738 2366 2805 λεκτικός
2400 2760 2413 2773 ⁸
2476 2742 2504 2795 ὁ
2562 2742 2654 2813 μὶν
2717 2742 2820 2817 γὰρ
2879 2742 3103 2820 φυσικὸς
3160 2738 3617 2815 ἀντιλαμϐάνεται
3672 2750 3773 2813 τῆς

2115 2833 2359 2905 ψυχικῆς
2406 2830 2618 2902 οὐσίας,
2650 2831 2879 2885 καθόσον
2941 2830 3053 2887 ἐστὶ
3112 2832 3379 2905 σωμάτων
3436 2831 3772 2908 ἀχώριστος.

2113 2924 2168 2972 '0
2215 2924 2341 2994 γοῦν
2402 2918 2734 2997 φυσιολόγος
2823 2919 3253 2993 έπιστημονικὸς
3330 2918 3446 2993 ὢν,
3494 2920 3584 2977 καὶ
3666 2923 3771 2997 γὰρ

2115 3007 2423 3084 ἀχώριστον
2460 3006 2656 3064 εἶ’σεται
2715 3010 2804 3065 καὶ
2864 3008 3013 3072 ὅπως
3074 3008 3407 3085 ἀχώριστον.
3449 3010 3507 3064 Ὀ
3538 3007 3596 3065 δὲ
3654 3007 3771 3065 δια-

2117 3098 2364 3161 λεκτικὸς
2431 3099 2522 3154 καὶ
2595 3098 2723 3163 τοὺς
2788 3095 3074 3161 οὐσιώδεις
3135 3097 3332 3174 Λόγους
3390 3099 3512 3153 καθ’
3552 3098 3774 3161 δαυτοὺς

2116 3185 2272 3251 ὄντας
2356 3187 2583 3244 έπινοεί.
2627 3190 2688 3246 Ὁ
2746 3187 2803 3243 δὲ
2889 3188 3270 3262 μαθηματικὸς
3330 3187 3380 3262 ἐξ
3440 3189 3775 3267 ἀφαιρέσεως

348 3246 589 3361 corpore
619 3246 1049 3353 contemplatur
1082 3297 1095 3333 :
1131 3279 1230 3333 sed
1266 3277 1493 3349 primus
1522 3274 1909 3345 philosophus
1931 3272 2002 3326 de

2121 3246 2319 3332 τούτων
2375 3277 2749 3332 ἰπισκὲπτεται
2776 3297 2787 3309 ·
2834 3278 2861 3332 ὁ
2889 3246 2981 3332 ’δέ
3022 3246 3268 3353 πρῶτος.
3298 3246 3601 3354 φιλόσοφος
3645 3246 3769 3356 περί

348 3375 785 3450 separabilitate
808 3372 937 3426 vitae
969 3370 1040 3424 ab
1073 3368 1273 3424 anima
1303 3371 1394 3445 est
1418 3362 2003 3426 sollicitus.Qu:erere

349 3468 630 3522 nimirum
663 3466 892 3533 oportet
923 3475 1064 3513 num
1100 3454 1436 3512 substantia
1465 3453 1541 3508 sit
1568 3450 1766 3506 anima
1798 3466 2001 3516 necne,

347 3562 402 3612 et
435 3552 769 3626 potentiane
801 3566 873 3604 an
905 3554 1039 3602 actu
1073 3543 1407 3600 substantia
1434 3541 1556 3597 sit?
1587 3544 1779 3611 Atque
1802 3543 2000 3593 utrum

347 3660 557 3716 corpus
588 3641 765 3710 sit,an
799 3632 1285 3707 incorporalis,an
1319 3638 1635 3700 utrumque
1661 3632 1683 3683 Ρ
1708 3626 1999 3691 Quodam-

351 3733 521 3788 modo
553 3731 732 3786 etiam
763 3744 832 3783 ex
861 3725 932 3780 iis
964 3740 1091 3796 qua:
1114 3722 1323 3778 animte
1355 3722 1572 3776 adsunt
1600 3716 1998 3774 substantiam

345 3824 474 3894 ejus
503 3818 829 3891 intelligere
860 3818 948 3872 fas
980 3818 1088 3869 est.
1123 3815 1404 3868 Caeterum
1437 3808 1555 3864 vita
1586 3812 1787 3863 nostra
1820 3805 1997 3861 ratio-

344 3911 581 3977 nabilis,
614 3926 792 3982 quam
825 3910 1083 3963 mentem
1113 3899 1456 3960 Aristoteles
1479 3897 1868 3971 appellat,pro
1891 3912 1999 3950 sua

341 4003 414 4058 ad
445 4017 660 4073 corpus
692 3996 1071 4055 inclinatione
1101 3998 1159 4051 et
1187 3988 1536 4066 separabilis
1567 3992 1658 4045 est
1686 3990 1745 4044 et
1770 3986 1998 4057 insepa-

343 4092 567 4149 rabilis.

940 4177 1028 4231 31.
1062 4176 1137 4229 De
1167 4175 1388 4228 anima.

416 4270 622 4324 Anima
669 4285 796 4337 quae
843 4266 1101 4338 seipsam
1156 4258 1460 4332 cognoscit
1489 4262 1547 4312 et
1594 4255 1748 4328 quod
1802 4253 1999 4308 divina

343 4358 558 4429 gaudet
572 4352 1152 4428 praerogativaJonge
1168 4350 1348 4404 distat
1372 4363 1407 4402 a
1426 4350 1638 4400 natura
1659 4358 1996 4413 corporum,

346 4446 745 4515 omnibusque
781 4447 1021 4514 praestat
1054 4438 1403 4494 seminibus.
1446 4432 1626 4490 Multo
1658 4433 1837 4487 etiam
1862 4438 1997 4486 ante

342 4536 465 4590 haec
497 4534 569 4589 ab
600 4533 879 4588 omnibus
909 4527 1258 4600 corporibus
1288 4524 1571 4579 distincta
1601 4526 1711 4588 est,
1737 4526 1913 4593 atque
1936 4520 1993 4575 in

2110 3374 2211 3435 τῆς
2267 3370 2607 3442 χωριστικῆς
2679 3372 2823 3436 ζωῆς
2890 3373 2993 3436 τῆς
3069 3370 3255 3443 ψυχῆς
3310 3367 3769 3443 πραγματεύεται.

2113 3463 2203 3513 Δεῖ
2260 3455 2318 3513 δὲ
2378 3462 2557 3529 ζητεῖν
2615 3457 2845 3533 πότερον
2895 3456 3052 3513 οὐσία
3100 3460 3135 3527 ἡ
3194 3459 3348 3533 ψυχή
3401 3458 3437 3527 ἢ
3489 3455 3699 3515 οὕ.Καῖ
3732 3458 3769 3528 ἢ

2113 3547 2269 3602 οὐσία
2314 3544 2563 3620 δυνάμει,
2596 3549 2630 3618 ἢ
2691 3546 2951 3622 ἐνεργείᾳ.
2988 3547 3085 3602 Καὶ
3148 3550 3307 3619 σῶμα
3362 3548 3397 3616 ἢ
3460 3548 3772 3620 ἀσώματος,

2110 3636 2145 3705 ἢ
2180 3636 2343 3714 ἄμφω
2366 3636 2571 3711 τρόπον
2601 3637 2743 3705 τινὰ,
2779 3636 2867 3691 καὶ
2903 3635 2963 3692 έκ
2981 3641 3086 3691 τῶν
3127 3637 3482 3713 ὑπαρχόντων
3509 3640 3579 3711 τῇ
3612 3640 3768 3713 ψυχῇ

2108 3726 2207 3794 τὴν
2241 3726 2429 3781 οὐσίαν
2462 3725 2630 3795 αὐτῆς
2676 3725 2897 3783 ἐννοεῖν.
2933 3726 2993 3780 Ἡ
3053 3722 3110 3780 δὲ
3164 3724 3365 3802 λογικὴ
3425 3728 3586 3799 ἡμῶν
3651 3727 3766 3795 ζωὴ

2110 3815 2173 3882 ἣν
2220 3814 2608 3891 προσαγορεύει
2664 3819 2787 3869 νοῦν
2836 3813 3242 3891 Ἀριστοτέλης,
3278 3812 3329 3868 ἐν
3386 3818 3454 3887 τῇ
3513 3814 3651 3888 πρὸς
3704 3814 3769 3870 τὸ

2108 3909 2269 3978 σῶμα
2313 3905 2483 3959 νεύσει
2515 3907 2764 3981 χωριστή
2795 3925 2855 3961 τε
2886 3908 2997 3977 ἅμα
3027 3904 3139 3959 ἐστὶ
3169 3903 3259 3959 καὶ
3292 3904 3622 3980 ἁχώριστος.

2669 4169 2771 4229 λα’.
2816 4172 2944 4247 Περὶ
2989 4175 3197 4247 ψυχῆς.

2182 4264 2347 4335 Ψυχὴ
2382 4260 2573 4328 ἑαυτὴν
2633 4265 2859 4335 γνοῦσα,
2890 4259 2979 4314 καὶ
3036 4261 3118 4314 ὅτι
3160 4261 3301 4315 θεῖον
3356 4253 3472 4335 ἔχει
3531 4259 3768 4334 ἀξίωμα,

2106 4350 2297 4426 πόρρω
2358 4351 2453 4422 μὲν
2512 4352 2610 4419 τῆς
2679 4350 2889 4427 φύσεως
2962 4347 3201 4405 ἵσταται.
3255 4348 3478 4404 Πάντων
3542 4347 3600 4405 δὲ
3654 4353 3767 4405 τῶν

2107 4438 2429 4515 σπερμάτων
2485 4439 2737 4514 προέχει.
2804 4436 2954 4495 Πολὺ
3015 4434 3072 4493 δέ
3129 4459 3180 4493 τι
3240 4436 3448 4494 τούτων
3501 4438 3766 4514 πρότερον

2106 4529 2318 4584 πάντων
2376 4526 2642 4600 σωμάτων
2693 4527 3053 4603 κεχώρισται,
3111 4527 3203 4581 καὶ
3277 4525 3358 4603 ἐφ’
3416 4528 3579 4600 ἑαυτῇ
3637 4522 3771 4601 ἕδρᾳ

345 4624 579 4697 propria
611 4624 748 4679 sede
779 4637 959 4692 supra
990 4633 1196 4673 omnes
1228 4613 1524 4671 naturales
1567 4630 1633 4668 ac
1681 4611 1996 4668 seminales

2121 4616 2216 4673 ίνω
2274 4639 2377 4671 που
2432 4614 2713 4687 καθημένη
2769 4616 2874 4670 τὼν
2937 4618 3179 4693 φυσικῶν
3240 4613 3419 4687 λόγων
3488 4615 3579 4669 καὶ
3653 4618 3765 4669 τῶν

343 4712 873 4779 rationes,dixerim
895 4709 1072 4765 etiam
1098 4706 1286 4779 ipsius
1305 4704 1560 4760 universi
1583 4702 1999 4759 collocata.Ne-

343 4825 456 4881 que
481 4807 640 4862 enim
663 4822 732 4860 ex
761 4802 1091 4859 deﬂuxione
1138 4799 1397 4855 siderum
1430 4797 1486 4851 in
1544 4812 1789 4868 corpora
1815 4794 1993 4861 venit,

344 4913 533 4970 neque
579 4891 833 4949 naturali
906 4891 1028 4947 sive
1076 4886 1366 4960 corporali
1433 4902 1594 4941 more
1659 4889 1995 4957 generatur,

344 5003 529 5058 neque
559 4982 879 5041 seminales
921 4980 1177 5036 rationes
1208 4994 1338 5035 eam
1370 4977 1429 5032 in
1459 4993 1673 5049 corpus
1703 4972 1999 5047 ejaculant

343 5076 443 5132 sed
477 5092 509 5129 a
539 5073 656 5129 Deo
707 5072 963 5143 desuper
1009 5067 1333 5125 descendit.
1366 5067 1502 5131 Qum
1550 5082 1683 5121 vero
1737 5065 1995 5137 seipsam

342 5164 793 5236 ignorat,neque
824 5161 937 5217 scit
968 5159 1200 5214 caeleste
1227 5173 1401 5213 suum
1429 5173 1617 5228 genus
1649 5170 1779 5210 esse
1809 5170 1876 5210 ac
1899 5170 1997 5208 no-

344 5253 787 5324 bile,liberaque
818 5249 1154 5308 conditione
1184 5264 1244 5303 se
1273 5245 1573 5303 conditam
1608 5261 1673 5301 ac
1701 5243 1994 5299 constitu-

342 5348 486 5410 tam,
511 5342 615 5397 illa
644 5338 926 5411 mancipii
950 5337 1010 5393 in
1042 5352 1267 5392 morem
1296 5333 1522 5407 corpori
1545 5331 1993 5402 inservit,liber-

342 5439 644 5505 tatemque
676 5431 865 5504 perdit
901 5447 913 5485 :
945 5434 1003 5484 et
1034 5445 1290 5500 magnus
1311 5427 1500 5499 ipsius
1524 5424 1732 5481 oculus
1761 5440 1795 5479 a
1826 5428 1994 5479 natu-

341 5520 450 5577 rali
481 5522 770 5577 velamine
795 5516 1069 5575 obruitur
1097 5521 1200 5572 aut
1227 5514 1635 5586 exstinguitur.

591 5630 680 5685 32.
714 5631 855 5684 Num
885 5643 1077 5683 amma
1109 5625 1166 5679 in
1192 5624 1449 5696 angelum
1477 5625 1741 5678 mutetur.

415 5722 550 5786 Quae
582 5718 826 5775 diversis
859 5734 960 5788 per
989 5713 1309 5771 essentiam
1341 5712 1653 5780 generibus
1684 5710 1812 5767 vitae
1844 5729 1991 5784 prae-

2109 4709 2510 4781 σπερματικῶν,
2549 4703 2716 4758 εἰπεῖν
2773 4700 2830 4758 δὲ
2885 4704 2975 4758 καὶ
3036 4700 3201 4758 αὺτοῦ
3257 4706 3353 4757 τοῦ
3412 4701 3633 4764 παντός.
3686 4700 3765 4759 Οὐ

2106 4796 2204 4870 γὰρ
2233 4795 2337 4849 ἀπὸ
2367 4801 2467 4864 τῆς
2494 4798 2601 4849 τῶν
2636 4790 2843 4869 ἄστρων
2878 4792 3178 4870 ἀπορροίας
3207 4797 3287 4864 τῷ
3335 4793 3548 4866 σώματι
3596 4812 3766 4867 παρα-

2106 4885 2331 4959 γίνεται,
2382 4880 2505 4938 οὔτε
2590 4881 2696 4936 ἀπὸ
2782 4879 2991 4959 φύσεως
3076 4879 3151 4943 εἷς
3231 4879 3431 4955 γένεσιν
3515 4877 3763 4955 ἔρχεται,

2108 4972 2231 5029 οὔτε
2281 4970 2585 5045 σωματικοὶ
2654 4970 2811 5046 λόγοι
2873 4972 3071 5040 ταύτην
3133 4969 3208 5032 εἷς
3266 4970 3328 5024 τὸ
3359 4974 3519 5044 σῶμα
3553 4968 3767 5040 ἐξακον-

2105 5066 2364 5135 τίζουσιν,
2421 5059 2548 5117 ἀλλ’
2591 5060 2787 5125 ἄνωθεν
2848 5061 2955 5116 ἀπὸ
3014 5064 3148 5115 Θεοῦ
3204 5059 3464 5118 κάτεισιν.
3522 5061 3766 5135 Ἀγνοή-

2108 5175 2241 5209 σασα
2286 5150 2343 5207 δὲ
2373 5149 2706 5221 ἑαυτὴν,καὶ
2767 5148 2852 5205 ὅτι
2903 5157 3003 5218 τῆς
3059 5150 3259 5204 ἄνωθεν
3323 5148 3594 5226 εὐγενείας
3654 5147 3766 5202 ἐστὶ

2105 5244 2191 5298 καὶ
2254 5240 2509 5316 ἐλευθέρα
2554 5238 2909 5310 καθέστηκεν,
2955 5234 3350 5314 δουλοπρεπῶς
3411 5238 3623 5309 θητεῦει
3683 5241 3763 5309 τῷ

2108 5333 2344 5407 σώματι,
2377 5329 2462 5385 καὶ
2512 5330 2610 5398 τὴν
2663 5327 2974 5405 ἐλευθερίαν
3020 5324 3349 5385 ἀπόλλυσιν.
3384 5328 3483 5383 Καὶ
3532 5328 3561 5383 ὁ
3595 5324 3763 5402 μέγας

2106 5425 2276 5491 αὐτῆς
2310 5419 2595 5497 ὀφθαλμὸς
2632 5418 2735 5473 ὑπὸ
2781 5417 2878 5473 τοῦ
2908 5422 3135 5498 φυσικοῦ
3182 5415 3546 5492 καλύμματος
3595 5435 3761 5471 κατα-

2107 5514 2403 5589 χώννυται,
2436 5510 2471 5580 ἢ
2504 5501 2917 5564 ἀποσϐέννυται.

2353 5613 2462 5690 λβ’.
2494 5613 2559 5669 Εἰ
2597 5609 2930 5687 μεταϐάλλει
2961 5614 3116 5690 ψυχὴ
3150 5612 3226 5678 εἷς
3254 5610 3511 5689 ἄγγελον.

2174 5710 2252 5767 Οὐ
2322 5701 2655 5783 μεταϐάλλει
2712 5705 2779 5763 τὰ
2834 5706 2952 5761 κατ’
3009 5704 3201 5761 οὐσίαν
3272 5702 3429 5781 ἕτερα
3486 5700 3605 5773 εἶ’δη
3656 5707 3758 5772 τῆς
