4110 6410
331 384 453 444 709

1517 384 1618 444 DE
1662 382 2108 445 OMNIFARIA
2152 382 2575 445 DOCTltINA.

3635 397 3757 458 ’710

333 517 480 585 ζωῆς
511 510 881 600 εἷ’ςᾼᾶλληλα.
914 513 991 571 Οὐ
1047 514 1167 600 γάρ
1207 513 1347 569 ἐστιν
1406 514 1573 587 ὅμοια
1626 514 1693 569 τὰ
1749 513 1983 589 γεννητά

2104 514 2220 570 dita
2249 519 2390 571 sunt
2420 533 2536 571 non
2568 516 2720 573 inter
2749 533 2811 573 se
2841 517 3093 577 invicem
3125 526 3757 600 permutantur,neque

330 605 422 660 καὶ
457 597 773 677 μεταϐλητᾶ
801 607 916 664 τοῖς
961 597 1351 675 ἀμεταϐόλοις.
1386 602 1563 659 Ἀλλά
1611 605 1763 679 ψυχὴ
1826 604 1987 679 ἄγγει

334 710 431 757 Λος
495 690 653 765 μὶν-ἤ
687 689 1032 768 ἀρχάγγελος
1085 691 1328 768 γενέσθαι
1368 692 1429 747 οὐ
1492 690 1737 760 δύναται,
1794 697 1986 766 μιμεῖ-

330 804 416 839 ται
477 780 535 837 δὲ
591 782 715 837 ὅσον
767 780 911 842 aii/.6;
966 783 1061 843 τὰς
1120 781 1386 857 ἐνεργείας
1440 782 1636 838 αὐτῶν.
1696 783 1801 838 Καὶ
1850 781 1987 854 πρὸς

329 876 396 929 τΞι
430 871 762 948 ὑπερέχοντα
807 871 931 946 γε·ιή
994 870 1415 941 ἀπεικονίζεται,
1448 871 1564 926 ἐπεὶ
1608 874 1701 926 καὶ
1761 873 1877 927 κατ’
1912 870 1987 925 εἷ-

329 964 463 1020 κόνα
496 966 628 1019 Θεοῦ
676 963 980 1037 γεγένηται,
1012 964 1048 1031 ἡ
1100 958 1158 1016 δὲ
1216 961 1374 1016 εἷκὼν
1434 962 1700 1034 ὁμοίωσιν
1753 959 1872 1036 ἔχει
1926 961 1987 1015 τὸ

332 1051 691 1129 παράδειγμα.
731 1051 790 1106 Εἰ
824 1047 880 1105 δὲ
912 1052 1200 1122 ὁμοιοῦται
1232 1055 1370 1123 Θεῷ,
1390 1049 1591 1124 πολλῷ
1625 1049 1839 1124 μᾶλλον
1866 1055 1985 1112 ταῖς

342 1140 718 1217 ὑποδεστέραις
778 1138 1083 1213 δυνάμεσιν.
1145 1140 1241 1194 Καὶ
1294 1147 1437 1195 πᾶσα
1498 1141 1592 1214 μὲν
1664 1141 1819 1215 ψυχὴ
1872 1141 1989 1194 κατ’

343 1231 517 1287 εἰκόνα
571 1229 867 1300 πεποίηται
926 1234 1080 1299 Θεοῦ,
1136 1229 1197 1284 οὗ
1256 1236 1399 1284 πᾶσα
1453 1226 1510 1284 δὲ
1578 1224 1694 1305 ἔχει
1748 1230 1811 1283 τὸ
1868 1228 1988 1293 καθ’

338 1319 622 1394 ὁμοίωσιν.
658 1320 736 1376 Τὸ
771 1319 867 1392 μὶν
897 1321 1001 1395 γάρ
1032 1320 1149 1375 κατ’
1182 1319 1382 1391 ιῖκὸνα,
1415 1318 1642 1391 δύναμίς
1693 1318 1801 1373 ἐστι
1853 1319 1992 1391 πρὸς

335 1413 431 1480 τήν
463 1415 570 1464 τῶν
598 1406 783 1465 καλῶν
816 1408 1085 1485 ἐργασίαν,
1119 1409 1209 1463 καὶ
1261 1411 1376 1463 οἷον
1425 1410 1571 1484 ἀρχή
1622 1430 1727 1480 τις,
1763 1410 1986 1486 ἀφορμή

331 1503 440 1556 τῶν
529 1499 743 1574 ἀγαθῶν
829 1498 1099 1574 πράξεων,
1149 1499 1242 1553 καὶ
1317 1500 1432 1553 οἷον
1500 1497 1825 1575 σκιαγραφία
1878 1502 1987 1553 τῶν

331 1590 562 1663 ἀρετῶν.
626 1588 696 1643 Τὸ
756 1585 814 1642 δὲ
869 1590 991 1651 καθ’
1043 1588 1307 1661 ὁμοίωσιν
1368 1587 1609 1662 ἐνεργείᾳ
1666 1586 1804 1642 ἐστὶν
1856 1587 1990 1641 αὐτὸ

329 1674 492 1740 τέλος
550 1675 641 1732 καὶ
696 1675 1075 1752 ἀπηρτισμένη
1111 1676 1395 1734 εἰκών.Οέ
1427 1679 1624 1739 πάντες
1678 1674 1735 1731 δὲ
1778 1675 1989 1748 ὁμοίως

329 1767 392 1822 τὸ
422 1768 540 1822 καθ’
570 1765 836 1841 ὁμοίωσιν
882 1761 1112 1840 ἔχομεν,
1140 1764 1271 1821 ἀλλ’
1308 1766 1361 1821 οἱ
1419 1767 1513 1839 μὲν
1560 1763 1797 1839 μᾶλλον,
1831 1766 1883 1819 οἱ
1933 1761 1990 1819 δὲ

340 1855 566 1913 ἔλαττον
577 1901 590 1914 .

2096 602 2255 657 enim
2298 602 2629 670 mutabilia,
2670 621 2917 678 quaeque
2964 615 3337 679 generantur,
3369 619 3510 671 sunt
3538 615 3760 674 similia

2097 689 2214 745 illis
2248 707 2375 762 qua:
2406 690 2634 747 nullam
2655 693 3037 751 mutationem
3069 691 3756 770 recipiunt.Animavero

2098 779 2342 852 angelus
2376 779 2612 852 quidem
2645 780 2731 836 vel
2762 783 3150 856 archangelus
3180 786 3307 843 ﬁeri
3332 792 3757 865 nequit,quan-

2098 872 2225 923 tum
2248 871 2447 924 tamen
2480 868 2567 924 fas
2599 878 2707 940 est,
2738 886 2942 926 eorum
2977 873 3247 930 imitatur
3274 878 3555 951 actiones,
3588 887 3759 954 atque

2100 953 2610 1031 praastantioribus
2631 960 2949 1031 generibus
2974 980 3034 1017 se
3062 953 3683 1041 assimilat,siquidem
3705 978 3763 1029 et

2103 1049 2253 1102 facta
2281 1050 2371 1103 est
2399 1048 2471 1101 ad
2497 1046 2818 1119 imaginem
2842 1049 2943 1105 Dei
2979 1068 2992 1106 :
3030 1051 3223 1124 imago
3246 1071 3416 1126 porro
3451 1059 3521 1113 ad
3543 1060 3760 1116 simili-

2101 1136 2370 1191 tudinem
2405 1136 2741 1207 exemplum
2769 1138 2881 1193 sibi
2915 1140 3093 1196 habet
3125 1144 3688 1215 pr0positum.Quod
3710 1152 3760 1207 si

2099 1229 2217 1284 Deo
2250 1228 2639 1295 assimilatur,
2673 1231 2859 1286 mullo
2892 1234 3082 1305 magis
3112 1235 3187 1291 iis
3219 1253 3347 1308 quae
3392 1238 3546 1296 infra
3575 1241 3759 1299 Deum

2100 1322 2241 1374 sunt
2270 1319 2756 1391 potestatibus.Et
2786 1322 2981 1378 omnis
3015 1323 3256 1396 quidem
3288 1328 3489 1385 anima
3518 1332 3588 1388 ad
3611 1333 3760 1389 ima-

2100 1409 2295 1480 ginem
2330 1409 2484 1464 facta
2513 1414 2623 1476 est,
2658 1413 2719 1464 ut
2750 1427 2884 1466 vero
2916 1412 3369 1473 similitudinem
3402 1419 3576 1477 etiam
3609 1424 3760 1479 refe-

2101 1501 2212 1565 rat,
2248 1514 2359 1553 non
2388 1497 2565 1553 habet
2595 1499 2790 1556 omnis
2833 1501 3050 1558 anima.
3084 1504 3170 1559 Ad
3220 1504 3541 1579 imaginem
3600 1513 3760 1569 enim

2103 1588 2313 1641 factam
2346 1602 2494 1655 esse,
2532 1586 2824 1656 signiﬁcat
2857 1590 3192 1649 facultatem
3213 1594 3463 1667 pulchra
3492 1604 3550 1655 et
3579 1600 3760 1658 hone-

2101 1680 2194 1731 sta
2224 1677 2376 1731 facta
2405 1675 2641 1746 edendi,
2675 1683 2731 1733 et
2760 1678 3117 1752 principium
3142 1688 3320 1756 atque
3340 1703 3548 1745 ansam
3578 1691 3764 1748 bona-

2103 1781 2230 1820 rum
2264 1767 2563 1823 actionum
2596 1769 3038 1842 quamdamque
3066 1775 3505 1841 vero,elfcctum
3534 1779 3763 1852 ipsum,

2101 1854 2357 1911 virtutis.
2390 1858 2476 1912 Ad
2509 1856 2960 1915 similitudinem
3008 1878 3164 1930 vero,
3216 1865 3491 1923 etl‘ectum
3534 1869 3759 1940 ipsum,

336 1954 394 2003 et
426 1949 601 2004 ﬁnem
636 1950 811 2019 atque
841 1947 1160 2020 imaginem
1192 1948 1509 2021 perfectam
1541 1952 1599 2003 et
1628 1946 1981 2004 absolutam.
2013 1943 2213 2015 Neque
2244 1961 2378 2002 vero
2409 1963 2615 2002 omnes
2646 1946 2952 2019 aequaliter
2994 1950 3141 2007 illud
3186 1954 3258 2009 ad
3305 1954 3761 2016 similitudinem

339 2038 648 2107 habemus,
682 2038 782 2093 sed
804 2037 903 2093 alii
935 2038 1147 2110 magis,
1183 2038 1279 2093 alii
1313 2038 1533 2094 miuns.

795 2122 901 2200 λγ’.
936 2124 996 2180 Et
1030 2122 1268 2200 ἄναρχος
1297 2128 1332 2194 ἡ
1365 2126 1542 2200 ψυχή.

425 2213 539 2271 Οὔκ
568 2210 706 2269 ἔστιν
741 2214 889 2290 ἁρχὴ
912 2215 1029 2269 καθ’
1059 2214 1252 2283 ἑαυτὴν
1304 2217 1338 2285 ἡ
1389 2216 1570 2290 ψυχὴ,
1602 2211 1726 2268 οὐδὲ
1773 2211 1996 2288 ἀγέννη-

352 2323 444 2365 τος
477 2303 597 2357 οὗτε
636 2303 708 2365 ὡς
767 2299 891 2357 ἄνευ
949 2302 1133 2375 ἑτέρας
1192 2302 1363 2367 αἰτίας
1412 2303 1546 2372 αὕτη
1600 2302 1705 2378 πρὸ
1753 2305 1861 2356 τῶν
1906 2299 1998 2355 ἄλ·

356 2392 467 2447 λων
516 2392 854 2468 ὑπάρχουσα.
884 2392 980 2453 Τίς
1015 2389 1072 2447 δὲ
1099 2393 1134 2462 ἡ
1169 2392 1355 2463 αἰτία,
1389 2393 1477 2470 ἀφ’
1524 2395 1591 2461 ’ἧς
1638 2392 1863 2467 πρώτης
1922 2389 1997 2444 εἷ’-

352 2502 534 2557 ρηται,
592 2482 747 2537 παντί
802 2503 862 2559 γε
900 2486 1060 2537 τοῦτο
1118 2483 1303 2559 σαφὲς,
1363 2481 1436 2543 ὡς
1494 2483 1529 2551 ἡ
1602 2478 1996 2554 δημιουργικὴ,

346 2570 494 2646 ἀρχή
528 2570 630 2646 γάρ
661 2569 795 2642 αὕτη
839 2572 1017 2641 πάσης
1047 2579 1149 2641 τῆς
1176 2575 1284 2625 τῶν
1335 2568 1505 2626 ὄντων
1564 2572 1993 2647 ἀπογεννήσεως.

343 2659 441 2721 Τίς
475 2657 531 2714 δὲ
561 2662 596 2730 ἡ
622 2656 857 2736 πρόοδος
888 2659 1093 2729 αότῆς;
1129 2658 1233 2716 Καὶ
1271 2664 1390 2723 πῶς
1435 2657 1711 2734 προῆλθεν
1740 2678 1753 2729 ;
1802 2661 1997 2730 Ἢμιῖς

349 2750 444 2822 μὶν
474 2748 894 2822 οὗσιοποιοῦμεν
954 2748 1125 2818 αὐτὴν
1184 2748 1291 2804 ἀπὸ
1345 2753 1442 2804 τοῦ
1499 2748 1894 2827 ἐμφυσήματος
1950 2748 1995 2819 ᾧ

344 2839 667 2917 ἐνεφύσησεν
698 2838 775 2903 εἷς
801 2841 891 2894 τὸν
943 2843 1157 2915 πρῶτον
1202 2836 1484 2915 ἄνθρωπον
1538 2840 1565 2893 6
1598 2839 1747 2902 Θεός.
1779 2835 1993 2908 ’Έλλη-

342 2952 425 2992 νες
474 2928 531 2985 δὲ
584 2928 982 3005 ποικιλώτερον
1033 2930 1156 3003 περὶ
1212 2930 1409 2985 τούτου
1476 2927 1752 3000 διεξίασιν,
1813 2929 1993 3003 ὥσπερ

346 3019 413 3088 δὴ
444 3020 533 3075 καί
564 3021 688 3093 περὶ
719 3024 828 3075 τῶν
856 3017 1068 3093 ἄλλων,
1101 3018 1183 3075 ὅτι
1217 3017 1307 3074 διὰ
1341 3019 1511 3093 μόνην
1544 3021 1642 3089 τήν
1674 3018 1995 3089 τελειότητα

345 3109 608 3185 ἀπογεννᾷ
659 3110 725 3165 τὰ
766 3109 1119 3184 παραγόμενοι
1149 3111 1176 3164 6
1208 3109 1357 3171 Θεός.
1392 3111 1490 3167 Καὶ
1533 3106 1625 3164 ’ίνα
1665 3110 1727 3164 τὸ
1785 3108 1995 3181 ξύμπαν

343 3196 552 3253 τέλειον
613 3198 892 3275 ἀποδείξῃ,
938 3200 1078 3272 ὁμοῦ
1133 3200 1225 3272 μὲν
1286 3200 1460 3253 πάντα
1516 3198 1766 3275 παράγει.
1825 3200 1989 3255 ’Ἑκα-

347 3307 469 3342 στον
500 3285 556 3343 δὶ
586 3289 721 3343 κατὰ
742 3289 843 3357 τήν
876 3286 1015 3343 ῗδίαν
1056 3289 1204 3359 τάξιν
1236 3288 1502 3364 πρόεισιν.
1545 3288 1618 3345 Τὸ
1667 3287 1724 3342 ὃν
1757 3286 1847 3361 ἀφ’
1876 3287 1992 3341 ἑαυ-

343 3382 459 3447 τοῦ,
492 3381 526 3449 ἡ
562 3380 699 3452 ζωὴ,
732 3380 837 3433 ἀπὸ
867 3383 961 3433 τοῦ
993 3374 1171 3447 ὄντος,
1204 3380 1232 3434 ὁ
1264 3383 1389 3441 νοῦς
1421 3379 1526 3433 ἀπὸ
1583 3385 1681 3448 τῆς
1743 3382 1911 3447 ζωῆς,
1951 3380 1987 3448 ἡ

2359 2124 2449 2179 33.
2484 2124 2625 2179 Num
2648 2126 2923 2197 principii
2949 2143 3143 2199 expers
3172 2132 3246 2186 sit
3275 2128 3490 2189 anima.

2178 2211 2304 2266 Non
2339 2217 2429 2267 est
2460 2212 2585 2284 ipsa
2620 2213 2731 2269 sibi
2765 2216 3119 2288 principium
3155 2221 3353 2277 anima
3383 2240 3573 2296 neque
3603 2225 3763 2300 inge-

2109 2299 2453 2373 nita,neque
2485 2301 2630 2357 citra
2657 2302 2836 2359 aliam
2870 2321 3111 2363 causam
3144 2326 3263 2380 praa
3284 2310 3416 2368 aliis
3447 2299 3761 2374 exsistens.

2109 2390 2241 2453 Quae
2272 2406 2443 2461 porro
2475 2390 2664 2463 prima
2695 2393 2823 2464 ejus
2849 2409 3030 2450 causa
3061 2395 3159 2464 sit,
3210 2399 3432 2455 nemini
3500 2419 3615 2458 non
3674 2410 3766 2461 est

2108 2478 2510 2551 perspicuum,
2566 2482 2815 2537 creatrix
2876 2500 3081 2555 nempe
3139 2485 3242 2542 illa
3302 2506 3428 2559 quis
3488 2493 3758 2550 omnium

2106 2587 2302 2626 rerum
2333 2571 2730 2643 generationis
2758 2577 2848 2629 est
2878 2575 3257 2648 principium.
3293 2580 3434 2647 Quis
3465 2600 3599 2640 vero
3628 2586 3759 2655 ejus

2105 2658 2584 2734 progressus,et
2629 2667 2925 2736 quomodo
2975 2669 3304 2738 processit?
3352 2673 3467 2729 Nos
3520 2675 3761 2746 quidem

2104 2751 2507 2807 substantiam
2541 2753 2672 2822 ejus
2702 2755 3025 2826 repetimus
3057 2758 3128 2812 ab
3189 2759 3607 2832 insuiﬂatione,
3642 2782 3761 2837 qua

2105 2838 2259 2894 Deus
2291 2839 2350 2895 in
2383 2839 2643 2911 primum
2680 2841 2975 2898 hominem
3004 2843 3165 2901 illam
3189 2847 3760 2920 iuspiravit.Ethnici

2105 2932 2301 2983 autem
2332 2928 2492 2984 varia
2521 2930 2853 2986 subtilitate
2886 2932 2994 2988 hac
3026 2935 3098 2989 de
3128 2951 3189 2991 re
3217 2937 3299 2991 uti
3328 2938 3502 2994 etiam
3535 2942 3605 2997 de
3627 2942 3759 2999 aliis

2104 3017 2428 3089 disputant,
2461 3018 2741 3090 aiuntque
2774 3036 2878 3091 per
2904 3022 3092 3077 solam
3140 3026 3555 3096 perfectionem
3587 3048 3758 3089 suam

2108 3109 2286 3163 Deum
2318 3107 2519 3163 omnia
2550 3125 2677 3180 quae
2710 3111 3119 3181 producuntur
3153 3132 3475 3185 procreare,
3500 3125 3676 3192 atque
3696 3127 3759 3178 ut

2104 3198 2446 3254 universum
2497 3199 2820 3270 perfectum
2871 3202 3154 3275 absolvat,
3205 3207 3405 3263 omnia
3456 3226 3758 3280 procreare

2103 3287 2303 3357 simul,
2326 3287 2408 3343 ita
2438 3292 2504 3343 ut
2548 3291 3018 3363 unumquodque
3070 3297 3396 3352 secundum
3450 3300 3755 3371 proprium

2101 3375 2367 3431 ordinem
2397 3376 2673 3447 procedat
2704 3393 2717 3432 :
2752 3392 2857 3432 ens
2889 3394 2923 3433 a
2974 3379 3191 3451 seipso,
3242 3382 3359 3438 vita
3418 3384 3489 3439 ab
3538 3391 3691 3454 ente,
3725 3405 3759 3442 a

344 3469 496 3544 ψυχὴ
556 3469 663 3523 ἀπὸ
720 3473 816 3523 τοῦ
875 3465 1221 3545 δημιουργοῦ
1266 3472 1383 3524 νοῦ.
1414 3474 1532 3523 ’Ἐτι
1591 3465 1704 3537 οὖν,
1736 3467 1916 3545 φασὶν,
1949 3470 1984 3536 ἡ

2104 3463 2217 3519 vita
2250 3480 2481 3534 mens,a
2511 3465 2818 3538 demiurgo
2849 3466 2969 3523 sive
2996 3472 3381 3540 procreatrice
3416 3479 3608 3531 mento
3630 3476 3756 3532 ani-

343 3559 494 3634 ψυχὴ
526 3562 621 3613 νοῦ
650 3558 805 3633 γέννη
818 3579 911 3630 μα,
944 3558 1180 3633 ἄχρονος
1207 3555 1259 3628 ἐξ
1290 3557 1453 3612 αὐτοῦ
1482 3561 1770 3634 προϊοῦσα.

507 3749 605 3809 λδ’.
633 3748 1041 3829 Ἀκριϐἐστερόν
1069 3753 1195 3829 περὶ
1226 3755 1477 3829 ψυχικῶν
1512 3750 1814 3827 δυνάμεων.

417 3842 482 3899 Οἱ
518 3843 609 3916 μὲν
643 3840 845 3897 πολλοὶ
878 3846 986 3898 τῶν
1008 3841 1325 3921 φιλοσόφων
1357 3842 1549 3907 ἁπλῶς
1574 3842 1695 3898 οὕτε
1737 3840 1993 3917 δυνάμεις

344 3933 528 4006 ψυχῆς
562 3930 908 4004 ὀνομάζουσι.
947 3934 1069 4007 Χρή
1130 3930 1186 3986 δὲ
1242 3931 1415 3993 οὕτως
1473 3929 1724 4008 διαιρεῖν,
1759 3933 1832 3995 ὥς
1887 3933 1989 3988 εἱσι

341 4021 526 4095 νοεραὶ
558 4017 814 4093 δυνάμεις
850 4025 950 4087 τῆς
998 4025 1203 4097 ψυχῆς,
1236 4022 1289 4076 αἱ
1353 4023 1449 4095 μὲν
1506 4022 1707 4099 νοεραῖ,
1766 4022 1855 4077 καὶ
1916 4024 1989 4086 εἰς

340 4111 430 4165 τὸν
463 4110 743 4184 κρείττονα
772 4110 1098 4187 ἀναγόμεναι
1128 4118 1228 4181 τῆς
1262 4114 1447 4187 ψυχῆς
1482 4112 1573 4167 τὸν
1624 4111 1788 4168 ἅϋλον
1839 4117 1985 4169 νοῦνο

343 4201 396 4253 αἱ
455 4196 512 4254 δὲ
567 4198 952 4276 πληρούμεναι
1010 4199 1173 4255 αὐτοῦ
1222 4204 1317 4256 τοῦ
1347 4205 1443 4256 νοῦ
1471 4202 1569 4270 τήν
1604 4204 1813 4277 ψυχὴν,
1844 4201 1991 4266 ὅστις

344 4286 394 4357 ἐξ
423 4285 600 4343 ἀϊδίου
658 4288 796 4363 αὐτῇ
831 4288 1184 4366 συνυπάρχειο
1217 4291 1272 4344 αἱ
1322 4286 1379 4344 δὲ
1439 4289 1712 4365 ὁρίζουσαι
1742 4292 1839 4354 τάς
1893 4290 1989 4346 δυ-

341 4374 527 4447 νάμεις
557 4383 657 4446 τῆς
678 4379 864 4451 ψυχῆς
915 4375 1060 4440 ὅλως
1118 4376 1208 4432 καὶ
1266 4374 1642 4433 διατάττουσαι
1698 4380 1834 4434 κατὰ
1887 4382 1985 4450 τὴν

335 4485 525 4541 νοεραν
569 4465 780 4536 νόησιν,
815 4466 869 4521 αἱ
902 4463 959 4520 δὲ
1008 4462 1526 4540 διαθεσμοθετοῦσαι
1587 4466 1766 4543 ὥσπερ
1825 4468 1987 4543 νόμοι

333 4555 475 4616 τινὶς
508 4550 752 4631 ἔμψυχοι
802 4555 867 4609 τὰ
923 4552 1141 4631 δεύτερα
1197 4563 1298 4626 τῆς
1356 4561 1501 4626 ζωῆς
1557 4554 1675 4629 εἷ’δη
1729 4558 1862 4631 μετὰ
1898 4559 1989 4613 τὸν

336 4646 482 4696 νοῦν·
515 4645 603 4698 καὶ
664 4644 719 4699 αἱ
777 4645 869 4718 μὲν
930 4643 1283 4720 ἁγαθοειδεῖς*
1317 4647 1373 4700 αἱ
1430 4644 1488 4702 δὲ
1528 4652 1609 4719 τῷ
1664 4646 1818 4721 καλῷ
1849 4649 1990 4704 ἀπο-

338 4731 753 4804 σεμνυνόμεναι.
815 4729 1145 4811 Ἰάμϐλιχος
1202 4732 1259 4790 δὲ
1308 4736 1336 4790 6
1393 4734 1693 4815 φιλόσοφος
1744 4738 1989 4813 περιττό-

337 4838 493 4892 τερος
519 4825 615 4875 τοῦ
665 4819 880 4885 δέοντος
941 4822 1039 4895 ὣν,
1070 4822 1291 4900 κατάγει
1348 4827 1449 4897 τήν
1509 4824 1740 4901 λογικὴν
1801 4829 1985 4904 ψυχὴν

339 4908 570 4964 ἀπὸτοῦ
613 4916 746 4967 Θεοῦ
799 4911 931 4990 ἄχρι
987 4921 1087 4984 τῆς
1140 4917 1263 4990 γῆς,
1296 4916 1387 4970 καὶ
1434 4914 1485 4969 ἐν
1542 4916 1735 4991 ἑκάστῃ
1804 4915 1985 4991 μερίδι

331 5002 434 5051 τοῦ
465 4999 662 5061 παντὸς
694 4998 950 5056 ἀλλάττει
977 5002 1072 5064 τὰς
1123 4999 1380 5075 δυνάμεις
1438 5002 1628 5071 αὐτῆς,
1662 5005 1753 5059 καὶ
1812 5004 1985 5069 ἄλλας

336 5086 432 5160 μὶν
490 5087 658 5159 αὐτῆς
708 5088 761 5145 ἐν
822 5089 1036 5165 οὖρανῷ
1090 5090 1317 5161 τίθεται,
1374 5090 1549 5155 ἄλλοις
1627 5091 1684 5148 δὲ
1743 5094 1800 5149 ἐν
1872 5101 1985 5152 τοῖς

331 5178 652 5253 στοιχείοις,
688 5177 866 5245 ἄλλας
896 5178 953 5235 δὲ
984 5179 1037 5235 ἐν
1070 5186 1149 5254 τῷ
1178 5188 1349 5257 παχεῖ
1380 5183 1616 5256 σώματι.

460 5290 556 5347 λε’.
589 5298 713 5357 Πῶς
745 5296 773 5348 ὁ
808 5297 1037 5377 [μάτων
1070 5298 1340 5377 γενγητῆν
1364 5299 1515 5377 ,ὁμοῦ
1544 5300 1643 5369 τὴν
1673 5303 1858 5377 ψυχὴν

759 5368 848 5422 καὶ
883 5368 1139 5433 ἀθάνατον
1168 5368 1543 5446 ἀποφαίνεται.

403 5457 716 5535 Ἀγέννητον
755 5464 848 5534 μὲν
867 5466 965 5533 τήν
989 5468 1175 5542 ψυχὴν
1200 5469 1227 5522 ὁ
1252 5467 1478 5523 Πλάτων
1504 5466 1671 5525 οἶ¹εται
1696 5468 1840 5541 δι’ἦν
1865 5472 1983 5548 ἔχει

332 5547 518 5603 οὐσίαν
552 5549 641 5605 καὶ
676 5552 845 5620 ζωὴν,
878 5554 938 5608 οὐ
970 5557 1072 5629 γὰρ
1110 5557 1213 5611 ὑπὸ
1263 5557 1490 5633 χρόνον,
1525 5557 1649 5613 οὐδὲ
1702 5562 1777 5633 μὴ
1830 5547 1982 5631 οὖσα,

331 5640 485 5715 φησὶ,
517 5639 825 5716 γεγένηται.
859 5643 1010 5699 Ἐπεὶ
1041 5640 1099 5698 δὲ
1128 5644 1228 5700 οὐκ
1254 5644 1372 5721 ἔχει
1424 5644 1646 5724 ἄπειρον
1702 5654 1798 5705 τοῦ
1850 5652 1983 5707 εἶναι

333 5724 585 5805 δύναμιν,
610 5728 740 5786 ἀλλ’
769 5731 849 5786 ἀεὶ
906 5728 1122 5808 δέχεται
1151 5734 1352 5807 ταύτην
1404 5740 1509 5794 ἀπὸ
1565 5744 1675 5795 τῶν
1738 5742 1983 5819 ὑπερκει-

2102 3570 2218 3607 ma.
2252 3554 2435 3610 Aiunt
2464 3555 2645 3626 igitur
2674 3558 2933 3613 animam
2976 3574 3104 3614 esse
3154 3562 3494 3634 progeniem
3540 3568 3758 3623 mentis

2099 3643 2227 3698 sine
2258 3648 2521 3716 tempore
2551 3661 2620 3699 ex
2648 3644 2750 3700 illa
2777 3647 3121 3718 profectam.

2331 3752 2420 3805 34.
2455 3753 2780 3807 Accuratius
2810 3753 2875 3809 de
2895 3757 3109 3813 animm
3135 3759 3522 3827 facultatibus.

2172 3839 2339 3894 Multi
2357 3840 2839 3911 philos0pborum
2855 3843 3205 3915 simpliciter
3226 3864 3294 3902 ne
3311 3849 3550 3919 quidem
3573 3852 3756 3908 facul-

2099 3933 2250 3985 tates
2281 3931 2492 3985 animaa
2516 3929 2952 4002 appellantl‘as
2985 3950 3117 3989 vero
3149 3940 3238 3991 est
3270 3936 3350 3991 ita
3369 3938 3755 4013 distinguere,

2098 4020 2254 4092 quod
2305 4020 2591 4076 mentales
2643 4021 2852 4076 animae
2904 4022 3211 4081 facultates
3261 4032 3422 4097 sunt,
3476 4027 3594 4086 sive
3628 4048 3758 4103 quae

2101 4114 2300 4181 utpote
2332 4109 2614 4165 mentales
2648 4115 2904 4167 mentem
2938 4111 3150 4169 animae
3180 4114 3636 4176 immaterialem
3661 4122 3755 4177 ad-

2098 4200 2322 4255 ducunt
2349 4200 2421 4254 ad
2454 4199 2883 4271 praestantiora,
2914 4202 3036 4257 sive
3086 4220 3214 4275 quae
3247 4206 3508 4263 animam
3562 4216 3759 4268 mente

2100 4306 2227 4360 quae
2253 4289 2325 4345 ab
2354 4295 2568 4344 aeterno
2598 4287 2684 4343 illi
2716 4290 3017 4346 cocxsistit
3049 4292 3296 4365 replent,
3350 4296 3470 4351 sive
3501 4316 3628 4369 quae
3658 4301 3757 4356 de-

2096 4381 2421 4435 terminant
2450 4380 2660 4435 animae
2707 4380 3015 4438 facultates
3049 4384 3309 4457 integras
3340 4392 3396 4444 et
3426 4392 3755 4448 secundum

2100 4472 2410 4529 mentalem
2434 4470 2797 4529 intellectum
2814 4474 3286 4547 disponunt,sive
3302 4483 3755 4557 tanquamleges

2095 4563 2366 4634 quaedam
2392 4561 2664 4617 animatae
2687 4562 2951 4632 dirigunt
2972 4567 3264 4623 secundas
3289 4568 3417 4625 vitis
3442 4576 3572 4642 post
3598 4590 3752 4629 men-

2096 4658 2217 4707 tem
2248 4650 2678 4723 species,atque
2700 4651 2839 4707 boni
2871 4652 3175 4711 honestive
3205 4659 3401 4714 studio
3433 4667 3574 4716 sunt
3593 4679 3755 4717 exur-

2102 4745 2268 4795 natae.
2301 4737 2672 4796 Jamblichus
2702 4756 2836 4795 vero
2870 4741 3284 4816 phil030phus,
3321 4749 3562 4805 modum
3604 4769 3751 4822 quo-

2100 4830 2413 4887 dainmodo
2463 4831 2767 4899 excedens,
2824 4833 3085 4890 animam
3144 4836 3489 4893 rationalem
3546 4857 3580 4895 a
3636 4841 3752 4898 Deo

2101 4936 2290 4991 usque
2321 4920 2557 4975 deducit
2586 4919 2645 4975 in
2676 4923 2918 4987 terram,
2951 4925 3009 4977 ct
3040 4922 3099 4978 in
3139 4924 3401 4996 qualibet
3430 4932 3591 4999 parte
3617 4931 3752 4985 uni-

2093 5009 2245 5065 versi
2278 5008 2425 5064 alias
2455 5008 2505 5064 ei
2540 5008 2846 5065 facultates
2876 5010 3107 5067 tribuit.
3137 5013 3300 5070 Alias
3328 5014 3512 5087 igitur
3560 5018 3612 5073 ei
3659 5035 3754 5074 as-

2093 5101 2265 5157 cribit
2297 5101 2352 5156 in
2387 5100 2551 5170 coelo,
2582 5100 2641 5155 in
2672 5100 2979 5159 elementis
3029 5104 3201 5174 alias,
3233 5106 3380 5163 alias
3413 5108 3669 5184 denique
3694 5111 3752 5165 in

2099 5190 2317 5245 crassis
2348 5190 2715 5262 corporibus.

2092 5309 2179 5363 35.
2215 5306 2489 5376 Quomodo
2519 5308 2676 5362 Plato
2724 5310 2901 5386 simul
2938 5310 3373 5386 docetganimam
3419 5322 3475 5370 et
3501 5328 3752 5386 genuam

2597 5395 2714 5435 esse
2744 5384 2795 5435 et
2825 5382 3205 5440 immortalem
3227 5386 3255 5441 ἱ)

2166 5476 2494 5549 lngenitam
2509 5477 2947 5548 equidemPlato
2967 5482 3219 5537 animam
3235 5486 3512 5556 opinatur
3529 5486 3755 5544 ratione

2095 5568 2364 5625 essentia:
2395 5585 2513 5639 qua
2543 5569 2760 5638 gaudet
2782 5574 2839 5624 et
2868 5570 2998 5625 vitae
3028 5589 3041 5639 ;
3080 5590 3192 5627 non
3219 5574 3375 5629 enim
3409 5575 3467 5630 in
3492 5581 3756 5649 tempore

2094 5663 2152 5713 et
2183 5667 2497 5730 postquam
2531 5674 2646 5712 non
2680 5657 3003 5715 exstitisset
3035 5662 3245 5717 factam
3297 5681 3426 5720 esse
3475 5667 3751 5723 afﬁrmat.

2094 5748 2395 5813 Quatenus
2424 5750 2620 5803 autem
2654 5764 2769 5803 non
2828 5748 3001 5805 habet
3059 5752 3351 5809 infinitam
3401 5756 3635 5811 cssendi
3664 5758 3749 5811 fa-
