4110 6420
351 428 474 488 ’113

1553 430 1650 489 DE
1695 428 2134 490 OMNIFARIA
2183 427 2602 492 DOCTlilNA.

3667 439 3786 497 7H

358 563 522 634 μέσον
578 566 742 640 ἡμῶν
797 561 890 616 καὶ
947 562 1082 616 Θεοῦ
1135 556 1410 633 τιθὲαμεν,
1445 558 1589 615 οῦτὼ
1640 555 1707 628 δὴ
1756 558 1845 614 καὶ
1903 563 2011 615 τῶν

2132 561 2420 632 ejusmodi
2452 562 2572 618 sive
2605 562 2855 634 minora,
2880 562 3060 619 Deum
3083 564 3237 622 inter
3267 569 3324 622 et
3353 571 3587 624 nosmet
3615 569 3789 640 poni-

355 652 613 726 ἐλλήνων
678 654 731 708 οἱ
791 649 934 721 δῆθα
973 647 1277 727 σοφώτεροι
1336 646 1494 703 ἐνάδα
1523 649 1644 703 τινὰ
1677 648 2018 723 ἐξῃρημένην

355 741 743 819 ἱδογμάτισαν,
800 739 892 795 καὶ
945 739 1080 812 μετὰ
1136 742 1303 792 ταῦτα
1360 734 1505 811 ὄντα,
1563 737 1653 792 καὶ
1716 742 1890 807 ζῶντα
1927 737 2017 793 καὶ

351 832 583 890 νοοῦντά
610 853 754 901 τινα,
788 831 899 885 εἶτα
934 827 1336 903 ὑπερκοσμίους
1378 831 1522 896 νοῦς,
1555 827 1643 882 καὶ
1678 824 1831 890 αὖθις
1863 825 2019 904 ἐγκο-

355 923 572 998 σμίους’
605 923 693 977 καὶ
734 919 869 994 μετὰ
924 917 1155 978 τούτους
1196 917 1296 986 τὴν
1327 915 1464 988 ὅλην
1511 916 1721 992 ψυχὴν,
1755 917 1846 971 καὶ
1886 917 2021 990 μετὰ

353 1011 552 1083 ταύτην
579 1011 682 1080 τήν
731 1009 828 1065 τοῦ
875 1006 1099 1070 παντός·
1149 1006 1240 1060 καὶ
1296 1005 1454 1068 τέλος
1482 1006 1578 1068 τὰς
1616 1003 1864 1081 μερικάς.
1920 1006 2015 1060 Καὶ

358 1100 451 1157 τὸν
501 1098 732 1176 ψυχικὸν
767 1097 818 1155 ἐν
849 1095 1018 1172 ταύτῃ
1050 1093 1440 1172 συμπληροῦσι
1483 1093 1802 1169 διάκοσμον.

499 1295 601 1362 λθ’.
655 1296 824 1352 Πόσαι
857 1295 913 1349 αἱ
941 1300 1042 1364 τῆς
1071 1296 1259 1368 ψυχῆς
1291 1290 1547 1366 δυνάμεις
1574 1293 1666 1346 καὶ
1696 1290 1834 1354 τίνες
1859 1311 1873 1362 ;

431 1393 540 1456 Σῆς
587 1389 773 1461 ψυχῆς
823 1387 858 1454 ἡ
913 1384 1010 1458 μὲν
1057 1382 1415 1474 ἀντιλεὶπτική
1476 1381 1556 1474 τίς
1764 1379 2019 1474 δύναμις⁹

353 1478 472 1533 καθ’
523 1478 584 1547 ἣν
628 1479 738 1532 τῶν
772 1469 939 1529 ὄντων
984 1467 1470 1546 ἀντιλαμϐάνεται·
1523 1473 1558 1541 ἠ
1621 1468 1677 1526 δὲ
1709 1467 2018 1553 παθητικῆς

346 1567 468 1631 καθ’
518 1568 580 1636 ἣν
637 1562 928 1628 διατίθεται
1007 1561 1226 1624 οἰκείως
1300 1561 1391 1617 καὶ
1450 1559 1805 1638 ἀλλοτρίως’
1866 1563 1901 1631 ὴ
1963 1558 2022 1616 δὲ

347 1655 652 1732 πρακτικὴ,
703 1654 819 1709 καθ’
876 1653 938 1722 ἣν
987 1652 1127 1728 πρὸς
1157 1652 1251 1714 τὰς
1298 1650 1517 1727 πράξεις
1545 1649 1808 1713 ἑκουσίως
1845 1652 2019 1727 ὁρμᾷ.

353 1745 455 1801 Καὶ
482 1749 593 1800 τῶν
644 1741 927 1818 δυνάμεων
975 1740 1183 1797 τούτων
1237 1739 1405 1797 ἄλλαι
1454 1740 1549 1814 μὲν
1611 1739 1879 1796 ἀπόλυτοί
1911 1739 2013 1796 εἷ’σι

351 1837 441 1892 καὶ
503 1837 680 1910 μόνης
724 1842 825 1905 τῆς
852 1837 1061 1910 ψυχῆς,
1096 1830 1263 1889 ἄλλαι
1292 1829 1350 1887 δὲ
1378 1838 1478 1902 τῆς
1509 1835 1698 1907 ψυχῆς
1729 1830 1821 1886 καὶ
1857 1831 2018 1906 αὐγο-

353 1924 552 1982 ειδέσιν
603 1924 937 2000 ἐποχοῦνται
990 1923 1229 1995 σώμασι,
1276 1922 1416 1984 τινες
1452 1918 1509 1976 δὲ
1538 1919 1807 1993 πνεύματι
1840 1919 2015 1994 ἐνύλῳ
2049 1948 2094 2013 Β

357 2017 848 2094 συνυφεστήκασιν,
906 2013 962 2068 αἱ
1021 2010 1079 2068 δὶ
1133 2011 1443 2068 τελευταῖαι
1477 2009 1551 2072 εἰς
1599 2011 1662 2065 τὸ
1721 2007 2016 2085 ὀστρεῶδες

357 2109 517 2179 σῶμα
589 2103 1047 2160 ἀποτελευτῶσιν.
1129 2103 1194 2158 Ἠ
1251 2099 1309 2156 δὲ
1367 2101 1699 2176 φανταστικὴ
1761 2097 2014 2174 δύναμις,

357 2196 492 2270 πρὸς
540 2195 716 2257 πάσας
759 2193 856 2256 τὰς
907 2189 1164 2266 δυνάμεις
1222 2197 1325 2261 τῆς
1381 2195 1568 2268 ψυχῆς
1625 2190 2020 2284 παραπέφυκε,

355 2285 443 2339 καὶ
504 2285 616 2339 οἷον
675 2283 994 2356 ἐκμάττεται
1049 2279 1273 2352 ταύτην,
1338 2278 1579 2354 καὶξταῖς
1616 2279 1710 2351 μὶν
1743 2278 2017 2355 κρείττοσί

354 2373 449 2437 τὰς
511 2370 895 2449 ὑποδεεστὲρας
954 2370 1256 2440 ἀποτυποῖ,
1313 2374 1432 2431 ταῖς
1489 2365 1548 2423 δὶ
1608 2365 2018 2442 ὑποδεεστέρους

353 2464 449 2527 τὰς
497 2464 829 2536 κρείττονας.
891 2459 1346 2534 ’Λποτυπουμὲνη
1377 2458 1477 2535 γὰρ
1508 2459 1602 2520 τὰς
1632 2458 1823 2532 νοερᾶς
1856 2455 2016 2513 δυνά-

358 2573 479 2627 μεις
505 2556 576 2628 τῇ
609 2551 820 2624 διανοίᾳ
847 2549 1046 2612 ταύτας
1074 2547 1539 2628 ἐπισφραγίζεται,
1574 2547 1663 2603 καὶ
1695 2548 1849 2612 αὖθις
1881 2547 2019 2602 ἀπο-

353 2643 670 2718 ματτομένη
692 2642 760 2697 τὰ
781 2639 1146 2713 διανοήματα,
1174 2642 1257 2711 τῷ
1284 2641 1365 2710 νῷ
1394 2642 1562 2694 ταῦτα
1590 2636 2015 2713 ἐγκατατίθεται.
2057 2693 2060 2695 λ

919 2731 992 2803 μ’.
1019 2728 1079 2782 Τί
1111 2726 1220 2784 ἐστι
1254 2726 1449 2805 cia-3mg;

426 2822 596 2883 Φύσις
653 2820 765 2878 ἐστὶ
817 2816 1069 2893 δύναμις,
1121 2816 1434 2897 ὀφθαλμοῖς
1491 2817 1585 2891 μὲν
1640 2814 1906 2886 ἀθέατος,
1938 2818 2016 2887 νῷ

357 2908 415 2967 δὲ
471 2912 750 2987 θεωρητή,
825 2913 942 2970 τοῖς
1009 2907 1254 2980 σώμασιν
1329 2903 1810 2981 ἐγκατεσπαρμένη
1871 2904 2018 2980 παρὰ

357 3005 514 3071 Θεοῦ,
574 3000 722 3077 ἀρχὴ
780 2999 1047 3070 κινήσεως
1103 2997 1192 3052 καὶ
1232 2995 1488 3070 ἠρεμίας.
1550 2991 1701 3063 Λῦτὴ
1734 2994 1840 3070 γὰρ
1872 2992 2014 3048 ἐστιν

357 3093 391 3162 ἡ
451 3093 675 3146 κινοῦσα
738 3088 808 3144 τὰ
870 3087 1068 3167 φυσικά
1124 3085 1372 3159 σώματα,
1433 3083 1522 3139 καὶ
1585 3085 1735 3148 αὖθις
1786 3085 2011 3158 ἠρεμεῖν

356 3184 606 3237 ποιοῦσα.
669 3180 852 3234 Πάντα
899 3175 1001 3253 γὰρ
1058 3175 1125 3230 τὰ
1165 3175 1415 3247 σώματα,
1471 3175 1585 3228 οἷον
1643 3173 1711 3228 τὰ
1768 3176 2016 3247 στοιχεῖα

356 3271 444 3328 καὶ
490 3271 557 3326 τὰ
613 3267 674 3325 ἐκ
716 3267 924 3324 τούτων
977 3264 1324 3340 συγκείμενα,
1359 3263 1408 3318 εἷ’
1463 3263 1552 3318 καὶ
1612 3263 1715 3317 ὑπὸ
1765 3265 1899 3316 Θεοῦ
1926 3261 2012 3316 καὶ

2130 669 2287 719 mus,
2311 652 2396 707 sic
2427 657 2485 707 et
2513 652 2941 724 sapientissimi
2973 653 3194 726 quique
3223 659 3557 712 Graecorum
3591 664 3790 714 unita-

2129 742 2247 796 tem
2296 740 2573 796 eximiam
2606 742 2924 813 quamdam
2959 747 3310 813 statuerunt,
3344 751 3588 818 postque
3636 747 3788 802 hanc

2128 829 2307 898 entia,
2370 835 2428 886 et
2484 830 2741 887 viventia
2796 838 2976 904 atque
3032 833 3421 906 intelligentia
3479 836 3787 908 nonnulla,

2129 919 2341 974 deinde
2374 922 2894 992 supramundanas
2927 925 2982 976 et
3012 921 3506 980 intramundanas
3539 931 3786 997 mentes,

2129 1013 2187 1063 et
2217 1012 2348 1080 post
2397 1008 2505 1064 has
2558 1010 2816 1065 animam
2849 1011 3271 1081 omnimodam,
3309 1021 3481 1084 alque
3512 1015 3790 1087 deinceps

2131 1098 2389 1154 animam
2425 1099 2704 1168 universi,
2737 1105 2792 1156 et
2823 1101 3078 1172 denique
3120 1102 3503 1174 particulares
3536 1104 3788 1162 animas.

2128 1186 2223 1242 Sic
2253 1189 2396 1244 ordo
2427 1193 2483 1244 et
2513 1189 2694 1246 series
2725 1191 3058 1246 animarum
3086 1191 3204 1247 illis
3236 1192 3586 1265 completur.

2273 1297 2362 1351 39.
2399 1297 2535 1364 Quot
2564 1305 2616 1353 et
2641 1313 2909 1369 quamam
2937 1301 3049 1354 sint
3079 1300 3290 1357 animm
3316 1301 3650 1371 facultates?

2200 1387 2425 1441 Animae
2458 1386 2573 1442 alia
2599 1387 2849 1444 facultas
2871 1394 2959 1444 est
2981 1391 3330 1462 perceptrix,
3358 1408 3461 1463 per
3487 1407 3664 1463 quam
3695 1408 3790 1447 res

2129 1475 2405 1546 percipit;
2439 1475 2552 1531 alia
2582 1477 2840 1547 passiva,
2874 1495 2990 1550 qua
3021 1479 3108 1534 vel
3140 1484 3535 1552 congruenter
3565 1485 3788 1536 natura:

2129 1581 2249 1620 sum
2283 1563 2370 1621 vel
2401 1564 2726 1637 injucundo
2759 1569 2932 1624 modo
2963 1569 3250 1639 afﬁcitur;
3283 1569 3400 1626 alia
3429 1571 3637 1641 activa,
3672 1588 3791 1642 qua

2130 1658 2339 1725 sponte
2373 1654 2558 1710 fertur
2587 1657 2656 1711 ad
2701 1656 2980 1713 actiones.
3016 1659 3235 1714 Harum
3281 1659 3629 1716 facultatum
3661 1661 3789 1716 alia

2129 1748 2269 1799 sunt
2301 1745 2579 1800 absolutae
2610 1750 2667 1802 et
2697 1747 2767 1802 ad
2800 1749 2987 1803 solam
3021 1749 3317 1820 pertinent
3346 1750 3628 1820 animam,
3661 1750 3787 1806 aliae

2129 1832 2306 1889 etiam
2332 1834 2540 1890 animm
2561 1834 2776 1892 lucidis
2803 1837 3011 1893 insunt
3033 1839 3396 1910 corporibus,
3422 1839 3547 1895 alis:
3570 1840 3790 1911 pariter

2129 1921 2189 1977 in
2223 1922 2434 1994 spiritu
2467 1925 2758 1981 materiali
2790 1926 3071 1995 existunt,
3104 1933 3411 2000 postremae
3446 1930 3788 2002 pertingant

2125 2012 2196 2066 ad
2230 2011 2420 2083 ipsam
2455 2018 2667 2070 testam
2715 2032 2898 2086 usque
2945 2018 3128 2073 crassi
3179 2019 3462 2092 corporis.
3495 2018 3784 2075 Omnibus

2125 2108 2322 2156 autem
2355 2101 2564 2157 anima:
2598 2103 2980 2161 facultatibus
3010 2109 3391 2179 superaddita
3416 2112 3506 2164 est
3536 2106 3784 2164 facultas

2126 2189 2523 2261 imaginatrix,
2546 2209 2672 2264 quae
2695 2193 2872 2248 veluti
2895 2195 3170 2266 exprimit
3200 2195 3331 2252 illas
3353 2213 3419 2252 ao
3451 2198 3784 2272 consignat,

2127 2282 2182 2334 et
2225 2280 2732 2350 prtestantioribus
2765 2282 3081 2340 deteriores
3112 2289 3166 2340 et
3213 2287 3604 2344 deterioribus
3634 2305 3788 2361 prte-

2127 2368 2443 2424 stantiores
2470 2369 2726 2426 delineat
2757 2388 2821 2426 ac
2854 2372 3151 2430 describit.
3187 2374 3596 2447 Intelligibiles
3627 2378 3787 2434 enim

2128 2457 2440 2514 facultates
2467 2477 2596 2515 cum
2630 2460 2878 2532 efﬁngit,
2911 2461 3250 2533 cogitationi
3299 2463 3434 2521 illas
3475 2465 3788 2538 imprimit,

2129 2551 2186 2602 et
2225 2547 2483 2604 vicissim
2515 2566 2648 2605 cum
2683 2550 2952 2606 eﬂ'ormat
2978 2551 3386 2624 cogitationes,
3409 2554 3662 2627 imponit
3691 2572 3793 2614 eas

2131 2637 2339 2693 menti.

2631 2728 2720 2782 40.
2755 2728 2898 2796 Quid
2929 2733 3007 2785 est
3037 2733 3290 2787 natura?

2199 2815 2422 2871 Natura
2451 2819 2540 2872 est
2580 2817 2826 2873 facultas
2878 2835 2992 2874 non
3039 2819 3343 2876 oculorum
3375 2821 3792 2894 conspicienda

2127 2904 2273 2969 acie,
2305 2906 2408 2960 sed
2437 2919 2632 2962 mente
2664 2907 3138 2980 contemplanda,
3173 2910 3513 2982 corporibus
3543 2912 3789 2969 insemi-

2127 3000 2266 3050 nata
2297 3012 2328 3050 a
2358 2994 2497 3066 Deo,
2531 3000 2727 3052 motus
2774 2996 3112 3069 quietisque
3155 3000 3536 3072 principium.
3568 3001 3788 3058 Natura

2127 3083 2344 3156 quippe
2376 3089 2466 3140 est
2495 3102 2622 3156 quae
2655 3100 2901 3157 corpora
2951 3087 3240 3144 naturalia
3293 3096 3506 3157 movet,
3538 3090 3785 3148 iterum-

2125 3189 2234 3243 que
2293 3173 2432 3228 facit
2489 3173 2807 3244 quiescere.
2856 3175 3112 3248 Corpora
3169 3178 3330 3232 enim
3389 3179 3686 3250 quaelibet,
3722 3186 3788 3237 ut

2126 3261 2413 3318 elementa
2445 3269 2501 3318 et
2531 3281 2658 3334 quae
2691 3280 2759 3319 ex
2790 3263 2883 3320 his
2907 3266 3234 3336 composita
3254 3272 3415 3337 sunt,
3437 3269 3574 3324 licet
3603 3286 3638 3324 a
3671 3272 3784 3326 Deo

353 3361 452 3429 τὴν
505 3358 719 3428 κίνησιν
769 3355 859 3413 καὶ
914 3357 1014 3425 τὴν
1057 3322 1306 3430 ’ἡσυχίαν
1365 3351 1503 3428 ἔχει,
1536 3351 1681 3407 ἀλλὰ
1721 3355 2014 3427 προσεχῶς

2132 3358 2354 3407 motum
2387 3356 2444 3408 et
2467 3352 2722 3425 quietem
2745 3352 2986 3422 habent,
3015 3358 3212 3410 tamen
3238 3355 3500 3427 proxime
3523 3375 3555 3414 a
3577 3363 3790 3416 natura

359 3450 461 3504 ὑπὸ
517 3447 730 3526 φύσεως
782 3451 1033 3502 κινεῖται.
1085 3440 1279 3498 Πολλὰ
1313 3442 1408 3516 μὶν
1437 3439 1539 3517 γάρ
1575 3440 1676 3496 είσι
1709 3441 1777 3496 τὰ
1801 3444 2017 3498 κινοῦν-

351 3560 418 3594 τα
471 3538 542 3594 τὰ
604 3535 852 3610 σώματα,
887 3538 1106 3609 πρῶτον
1137 3533 1164 3589 6
1208 3533 1364 3602 Θεὸς,
1423 3532 1536 3586 εἶτα
1594 3531 1622 3586 6
1663 3534 1811 3600 νοῦς,
1837 3530 1950 3586 εἶτα
1979 3533 2015 3600 ἠ

352 3624 737 3703 ψυχή.Ἀλλᾶ
763 3623 1076 3681 τελευταῖον
1114 3624 1149 3693 ἠ
1211 3620 1387 3700 φύσις,
1438 3623 1555 3677 οἷον
1616 3616 1840 3698 ὄργανόν
1902 3619 2012 3675 ἐστι

353 3721 451 3772 τοῦ
503 3713 658 3774 Θεοῦ.
688 3715 794 3773 Τὸν
847 3715 941 3788 μὶν
1002 3712 1102 3789 γὰρ
1135 3709 1416 3787 ἄνθρωπον
1448 3710 1539 3766 καὶ
1590 3710 1657 3764 τὰ
1697 3707 1872 3784 ἄλογα
1905 3713 2016 3779 ζῶα

354 3811 494 3862 κινεῖ
537 3806 628 3861 καὶ
676 3807 712 3876 ἡ
745 3804 900 3879 ψυχὴ
950 3802 1039 3858 καὶ
1085 3803 1121 3872 ὴ
1154 3798 1330 3878 φύσις.
1381 3801 1456 3854 Τὰ
1483 3796 1540 3854 δὲ
1573 3800 1800 3872 σώματα
1828 3797 1918 3853 καὶ
1946 3797 2014 3853 τὰ

352 3895 502 3952 ἁπλᾶ
541 3893 633 3950 καὶ
664 3893 732 3949 τὰ
778 3891 1021 3960 σύνθετα,
1077 3889 1214 3964 μόνη
1247 3890 1282 3958 ἠ
1315 3888 1472 3966 φύσις
1501 3893 1661 3958 κινεῖ,
1693 3887 1783 3943 καὶ
1841 3885 2007 3943 πάλιν

350 3983 535 4057 ἵστησι
561 3991 663 4054 τῆς
693 3984 982 4054 κινήσεως.

355 4100 463 4168 μα’.
494 4091 586 4154 Τίς
612 4093 648 4161 ἡ
681 4087 941 4167 διαίρεσις
988 4092 1097 4168 τῶν
1144 4091 1344 4168 κοινῶν
1378 4086 1660 4162 ἐνεργειῶν
1693 4091 1793 4156 τῆς
1824 4089 2011 4162 ψυχῆς

938 4162 1074 4235 πρὸς
1105 4161 1168 4216 τὸ
1198 4164 1360 4234 σῶμα
1383 4178 1397 4229 ;

420 4257 543 4312 Τῶν
573 4251 854 4328 ἐνεργειῶν
908 4251 964 4306 αἱ
1016 4250 1111 4324 μὶν
1167 4250 1429 4326 ἄρχονται
1463 4246 1570 4303 ἀπὸ
1601 4250 1790 4324 ψυχῆς
1823 4241 2005 4322 ὥσπερ

352 4344 406 4400 αἱ
426 4342 706 4416 κρείττους
733 4341 822 4396 καὶ
855 4340 1216 4414 προέχουσαι,
1248 4339 1302 4393 αἱ
1353 4335 1410 4392 δὶ
1459 4337 1565 4391 ἀπὸ
1615 4339 1710 4391 τοῦ
1738 4336 2006 4409 ,τώματος

351 4432 731 4511 ἀνεγείρονται,
777 4428 901 4485 ὅταν
950 4425 1083 4502 διψῇ
1137 4427 1232 4502 μὲν
1284 4428 1504 4499 ἢπεινῇ
1549 4424 1584 4495 ἢ
1617 4424 1765 4501 ῥιγῇ,
1797 4426 2006 4496 ἢτινος

347 4521 525 4580 ἄλλου
575 4518 829 4577 τοιούτου
860 4515 1106 4589 δέηταιὴ
1154 4518 1308 4591 ψυχὴ
1341 4513 1399 4570 δὲ
1425 4515 1488 4570 τὸ
1545 4513 1783 4578 ἐντεῦθεν
1839 4515 2005 4590 πορί-

353 4618 439 4682 ζοι
489 4612 559 4667 τὰ
605 4607 925 4666 ἐλλείποντα
977 4610 1058 4680 τῷ
1096 4606 1333 4680 σώματι.
1366 4603 1539 4661 Πάλιν
1573 4603 1751 4659 τοίνυν
1779 4604 1846 4659 τὰ
1908 4603 2004 4678 μὶν

2130 3445 2458 3496 moventur.
2498 3441 2672 3496 Plura
2718 3442 2875 3498 enim
2928 3449 3068 3498 sunt
3099 3462 3226 3516 quae
3258 3462 3473 3518 corpus
3505 3453 3740 3504 movent
3772 3465 3787 3506 :

2127 3531 2281 3587 Deus
2313 3531 2598 3604 primum,
2632 3537 2758 3588 tum
2806 3549 2996 3601 mens,
3031 3533 3241 3590 deinde
3291 3537 3508 3607 anima,
3541 3538 3793 3609 denique

2127 3625 2342 3677 natura
2410 3625 2692 3694 tanquam
2752 3622 2854 3676 Dei
2927 3622 3415 3682 instrumentum.
3475 3627 3788 3685 Hominem

2124 3709 2340 3766 etenim
2365 3715 2421 3765 et
2447 3710 2653 3766 brutas
2676 3710 3006 3768 animantes
3033 3713 3230 3768 anima
3251 3719 3307 3770 et
3329 3720 3542 3772 natura
3571 3722 3790 3774 movet.

2122 3798 2378 3871 Corpora
2411 3805 2533 3855 tum
2565 3798 2862 3871 simplicia
2905 3809 3031 3856 tum
3087 3803 3414 3874 composita
3447 3821 3480 3860 a
3512 3806 3638 3862 sola
3670 3823 3798 3864 mo-

2119 3891 2329 3944 ventur
2359 3891 2595 3959 natura,
2619 3904 2746 3960 quia
2780 3889 2994 3945 iterum
3022 3907 3262 3963 quoque
3293 3897 3520 3950 motum
3556 3911 3799 3952 eorum-

2120 3979 2250 4034 dem
2280 3977 2460 4034 sistit.

2154 4087 2243 4144 41.
2277 4086 2554 4156 Quomodo
2583 4087 3008 4162 distinguuntur
3047 4105 3366 4147 commune:
3417 4095 3763 4162 operatione:

2642 4160 2853 4217 anim
2881 4164 2931 4216 et
2961 4163 3205 4232 corporis
3230 4167 3249 4216 !

2189 4247 2608 4320 Operationum
2640 4247 2766 4304 aliae
2799 4249 3158 4322 principium
3199 4251 3422 4308 habent
3454 4253 3527 4309 al:
3559 4253 3760 4311 anima

2117 4342 2182 4393 ut
2214 4337 2470 4409 potiores
2499 4341 2556 4393 et
2594 4338 3032 4410 praestantiores
3062 4357 3074 4395 :
3109 4339 3234 4396 aliae
3293 4359 3326 4396 a
3357 4358 3598 4415 corpore
3629 4344 3786 4401 exci-

2117 4431 2339 4496 tantur,
2375 4427 2611 4500 quando
2643 4427 2792 4496 sitit,
2827 4427 2912 4484 vel
2959 4430 3146 4486 esurit
3179 4435 3280 4487 aut
3313 4431 3506 4504 friget,
3541 4438 3643 4489 aut
3673 4433 3791 4491 alia

2118 4517 2412 4588 ejusmodi
2454 4510 2513 4572 re
2567 4516 2810 4589 indiget,
2847 4519 3002 4575 unde
3054 4520 3256 4577 anima
3310 4520 3425 4593 ipsi
3456 4523 3792 4581 desiderata

2118 4606 2480 4678 suppeditat.
2501 4605 2780 4662 Vicissim
2804 4625 3018 4680 corpus
3043 4611 3351 4669 passiones
3377 4612 3556 4668 sentit
3577 4613 3791 4669 animm

350 4699 448 4757 τοῦ
507 4696 764 4774 σώματός
823 4694 937 4752 ἐστι
994 4697 1292 4768 παθήματα
1351 4690 1422 4748 δι’
1472 4691 1666 4762 αὐτὴν,
1708 4691 1890 4768 ὥσπερ
1945 4691 2008 4747 τὸ

2132 4712 2317 4764 :ausa,
2351 4701 2416 4752 ut
2465 4697 2779 4767 erubescit,
2813 4699 3049 4769 quando
3080 4699 3284 4756 anima
3336 4699 3561 4773 aliquid
3617 4708 3791 4774 turpe

355 4788 627 4866 ἐρυθριᾷν,
685 4784 824 4842 διότι
869 4787 904 4856 ἡ
955 4785 1108 4862 ψυχὴ
1141 4781 1371 4860 αἰσχρόν
1399 4804 1450 4838 τι
1499 4777 1696 4858 ἔκρινε.
1728 4783 1805 4837 Τὰ
1830 4778 1887 4836 δὶ
1912 4787 2012 4852 τῆς

356 4881 539 4954 ψυχῆς
575 4874 663 4932 διὰ
691 4875 754 4932 τὸ
785 4879 968 4948 σῶμα,
1025 4873 1208 4949 ὥσπερ
1255 4873 1310 4927 αἱ
1339 4869 1538 4942 ἡδοναὶ
1595 4869 1685 4926 καὶ
1740 4872 1794 4925 αἱ
1845 4869 2013 4926 λύπαι

357 4965 449 5022 διὰ
473 4967 573 5036 τήν
598 4966 693 5021 τοῦ
723 4965 976 5038 σώματος
1005 4963 1208 5040 γένεσιν
1252 4962 1377 5036 περὶ
1410 4962 1509 5030 τήν
1557 4962 1744 5035 ψυχὴν
1799 4955 2011 5015 διαϐαί-

353 5076 556 5112 νουσιν.
587 5055 667 5111 Td
695 5051 752 5111 δὲ
797 5054 913 5109 ἐπεὶ
963 5055 1218 5109 κοινωνεῖ
1267 5050 1319 5122 ἐξ
1375 5048 1517 5120 ξ’σου,
1579 5050 1762 5126 ὥσπερ
1794 5046 1861 5118 δὴ
1921 5049 2011 5105 καὶ

346 5147 412 5203 τὸ
439 5144 692 5226 φέρεσθαι
737 5144 875 5200 κατὰ
927 5143 1119 5199 τόπον.
1150 5140 1221 5194 Τὸ
1275 5139 1370 5213 μὶν
1397 5139 1499 5214 γὰρ
1562 5134 1864 5212 διαμείϐειν
1922 5136 2014 5192 τό·

349 5256 450 5291 πον
483 5233 623 5291 ἰδιόν
656 5233 766 5290 ἐστι
798 5233 1073 5306 σώματος·
1106 5230 1168 5285 τὸ
1219 5226 1278 5284 δὶ
1317 5233 1488 5285 κινεῖν
1518 5229 1654 5284 κατὰ
1682 5230 1781 5300 τὴν
1815 5227 2014 5308 φορὰν,

353 5327 540 5400 ψυχῆς
567 5325 802 5400 ὑπάρχει
837 5321 1105 5400 ἰνὲργεια.

428 5429 539 5506 μβ’.
575 5428 714 5484 Πότε
743 5429 779 5499 ἦ
809 5430 962 5505 ψυχή
993 5432 1072 5501 τῷ
1122 5426 1409 5502 κυουμένῳ
1441 5425 1656 5482 ἑνοῦται
1689 5425 1938 5500 σώματις

424 5519 487 5577 Ὀ
549 5519 642 5592 μὶν
695 5517 794 5586 τήν
856 5516 1147 5594 Θεολογίαν
1213 5515 1376 5592 μέγας
1436 5517 1746 5593 Γρηγὸριος
1804 5516 2014 5594 ἀσαφής

353 5609 430 5666 in
483 5609 610 5685 περὶ
668 5609 828 5660 τοῦτο
876 5605 940 5660 τὸ
997 5607 1185 5680 μερος,
1244 5605 1336 5661 καὶ
1391 5603 1490 5660 οὐκ
1519 5603 1580 5660 ἂν
1614 5602 1814 5682 ῥᾳδίως
1849 5605 2012 5661 αὐτὸν

355 5699 534 5777 εὕροις
592 5694 766 5770 ταύτῃ
819 5693 854 5764 ἢ
906 5692 1079 5770 ἐκείνῃ
1124 5694 1516 5772 προσκείμενον
1566 5699 1674 5750 τῶν
1723 5693 1917 5768 δοξῶν,
1951 5695 2014 5755 Ὀ

357 5787 416 5848 δὲ
473 5790 620 5858 θείος
697 5782 1005 5865 Γρηγόριος
1058 5785 1086 5841 6
1134 5784 1379 5848 Νυσσεὺς
1436 5783 1526 5840 καὶ
1591 5786 1619 5840 6
1679 5783 1854 5851 πολὺς
1909 5785 2011 5856 τήν

679 5919 944 5982 ΡΑτιιοε.
992 5914 1104 5977 Ga.
1150 5912 1384 5978 CXXII.

2119 4786 2428 4856 judicavit.
2465 4786 2672 4842 Anima
2701 4785 2908 4843 itidem
2959 4787 3219 4843 afﬁcitur
3265 4793 3500 4860 propter
3547 4807 3785 4862 corpus,

2124 4875 2322 4946 itaque
2354 4874 2688 4947 voluptates
2721 4893 2785 4932 ac
2817 4873 3049 4932 dolores
3081 4893 3148 4932 ex
3169 4879 3430 4949 corporis
3453 4879 3787 4936 conditione

2124 4963 2184 5019 in
2230 4965 2486 5020 animam
2541 4969 2873 5036 penetrant.
2909 4966 2986 5021 De
3036 4965 3167 5022 aliis
3219 4967 3659 5038 operationibus
3719 4986 3788 5025 ex

2126 5067 2294 5124 aequo
2344 5053 2702 5126 participant
2753 5059 3021 5126 utraque,
3055 5059 3118 5110 ut
3157 5057 3394 5127 quando
3443 5057 3514 5112 de
3567 5057 3694 5114 loco
3726 5059 3788 5116 iu

2125 5141 2318 5198 locum
2352 5142 2529 5199 homo
2563 5149 2846 5200 movetur.
2875 5145 3022 5200 Nam
3059 5151 3286 5202 mutare
3317 5145 3533 5214 locum,
3559 5149 3788 5222 corpori

2127 5231 2430 5304 proprium
2463 5237 2570 5303 est,
2606 5234 2709 5290 sed
2753 5250 2985 5292 movere
3019 5239 3076 5291 et
3107 5235 3430 5309 impellere,
3464 5238 3676 5296 animae
3702 5244 3792 5297 est

2125 5321 2410 5393 operatio.

2266 5429 2354 5484 42.
2391 5430 2617 5498 Quando
2649 5432 2842 5487 anima
2887 5435 3140 5490 nascenti
3167 5436 3386 5507 σοι’ρονί
3414 5440 3651 5493 unitur.’

2197 5519 2452 5591 Magnus
2500 5519 2831 5594 Theologus
2865 5523 3186 5596 Gregorius
3219 5524 3328 5581 hac
3378 5527 3439 5582 in
3491 5535 3654 5600 parte
3685 5529 3790 5586 ob-

2124 5625 2335 5665 scurus
2367 5613 2477 5678 est,
2510 5626 2615 5666 nec
2663 5611 2832 5667 facile
2883 5629 3019 5669 eum
3068 5615 3481 5686 deprehendas
3533 5618 3671 5674 huic
3703 5629 3789 5686 vel

2123 5697 2208 5753 illi
2241 5698 2503 5771 opinioni
2547 5700 2865 5757 adhaerere.
2893 5703 2967 5758 At
3010 5703 3168 5760 enim
3201 5705 3440 5763 divinus
3474 5709 3788 5778 Gregorius

2123 5787 2446 5861 Nyssenus,
2477 5793 2534 5844 et
2583 5787 2874 5847 Maximus
2924 5791 3176 5866 insignis
3221 5794 3318 5850 ille
3369 5798 3670 5874 confessor
3719 5813 3788 5854 ac

3383 5925 3461 5982 23
