4110 6402
318 406 437 465 ⁸715

1663 399 1714 459 Μ
1728 397 2087 459 ICHAELIS
2134 396 2400 459 PSELLI

3623 403 3746 465 ’116

322 533 711 609 philosophus
740 532 1000 589 animam
1025 549 1133 589 nec
1161 532 1551 604 antiquiorem
1580 547 1842 605 corpore,
1875 549 1956 588 net

2092 527 2400 603 ὁμολογίαν
2434 529 2525 585 καὶ
2555 530 2655 599 τὴν
2687 530 3010 610 φιλοσοφίαν
3054 530 3305 605 Μάξιμος
3354 528 3476 588 οὔτε
3517 529 3753 610 πρεσϐυ-

321 624 711 698 postgenitam
760 628 1052 695 statuunt,
1084 624 1186 680 sed
1239 622 1419 678 simul
1467 638 1603 678 cum
1658 622 1981 694 dejectione

320 714 565 771 seminis
608 715 681 770 ad
731 713 991 771 animam
1041 713 1483 785 suscipiendam
1535 712 1677 785 apti,
1708 712 1979 768 eamdem

319 804 647 861 subsistere
669 803 1386 860 afﬁrmant.Ethnicorum
1411 806 1603 859 autem
1627 802 1825 858 eximii
1850 805 1982 874 post

315 895 640 967 perfectum
674 893 938 951 naturale
965 894 1430 950 instrumentum
1463 892 1583 948 sive
1607 908 1821 964 corpus
1852 908 1981 963 pro-

316 988 701 1057 gnatumque,
724 984 987 1040 animam
1013 982 1095 1038 illi
1117 983 1284 1038 aiunt
1304 981 1658 1055 ingenerari.
1680 982 1748 1037 Et
1768 997 1978 1054 quam-

317 1072 422 1128 diu
454 1072 605 1129 uteri
636 1072 873 1146 quidem
924 1072 1116 1129 adhuc
1148 1072 1446 1127 radicibus
1493 1071 1735 1143 embryo
1767 1070 1978 1126 afﬁxus

320 1162 518 1231 bearet,
550 1162 879 1219 naturalem
922 1161 1008 1217 illi
1039 1161 1297 1218 animam
1331 1161 1623 1229 tribuunt,
1656 1161 1977 1232 egredienti

317 1256 518 1308 autem
572 1251 940 1323 rationalem,
972 1256 1031 1309 et
1060 1251 1411 1324 procedente
1441 1255 1706 1323 tempore
1756 1249 1976 1307 intelli-

316 1346 576 1415 gentem.

583 1450 673 1505 43.
710 1450 982 1519 Quomodo
1013 1451 1205 1507 anima
1231 1451 1430 1506 unitur
1453 1450 1715 1522 corpori?

386 1539 657 1597 Insinuat
686 1557 748 1597 ee
777 1540 1008 1614 corpori
1040 1540 1239 1597 anima
1281 1539 1435 1596 sicut
1482 1539 1569 1597 sol
1620 1540 1817 1597 oriens
1850 1555 1974 1596 mo-

314 1634 516 1687 mento
565 1630 764 1687 omnia
812 1630 942 1686 luce
988 1630 1291 1703 complet:
1336 1647 1475 1686 nam
1529 1631 1612 1687 sic
1660 1635 1718 1686 et
1773 1630 1973 1685 anima

313 1735 529 1792 corpus
562 1721 761 1776 statim
814 1719 1083 1777 accendit
1129 1722 1198 1777 ad
1248 1721 1428 1776 vitam
1462 1724 1517 1776 et
1546 1719 1820 1789 viviﬁcat,
1854 1735 1970 1791 quo

313 1808 444 1880 ipso
470 1813 528 1866 et
554 1809 702 1866 illud
733 1810 984 1884 indiget,
1017 1814 1082 1866 ut
1111 1825 1245 1866 cum
1277 1827 1345 1866 ea
1378 1809 1533 1867 uniri
1566 1810 1771 1883 possit.
1806 1809 1971 1866 Sicut

2087 616 2245 694 τέραν
2276 620 2374 688 τὴν
2404 621 2589 695 ψυχὴν
2618 625 2716 675 τοῦ
2771 623 3049 694 σώματος,
3109 618 3235 676 οὕτε
3295 626 3749 701 μεταγενεστίραν

2088 709 2366 781 τιθέασιν,
2427 707 2552 765 ἀλλ’
2611 711 2752 783 ὁμοῦ
2807 715 2877 785 τῇ
2934 705 3218 786 καταϐολῇ
3276 716 3373 767 τοῦ
3431 713 3746 789 σπέρματος

2088 794 2403 869 ἐπιτηδείου
2453 799 2587 873 πρὸς
2619 797 2902 875 ὑποδοχὴν
2948 803 3134 877 ψυχῆς
3187 801 3583 877 τυγχάνοντος,
3612 803 3746 858 ταύ-

2086 906 2188 957 την
2249 887 2616 966 ὑφιστάνουσι.
2677 891 2797 947 Τῶν
2857 888 2915 945 δὶ
2983 887 3269 961 Ἑλλήνων
3321 892 3373 945 οἱ
3429 892 3743 969 πρόκριτοι,

2092 976 2227 1049 μετᾶ
2280 979 2378 1048 τήν
2438 978 2722 1034 τελείωσιν
2778 983 2875 1035 τοῦ
2933 985 3164 1055 φυσικοῦ
3223 980 3455 1057 ὀργάνου
3512 983 3602 1037 καὶ
3640 984 3744 1052 τήν

2088 1065 2391 1137 ἀποκύησιν
2446 1067 2664 1141 τούτου,
2725 1066 3064 1146 ὶνσπείρουσι
3118 1071 3319 1141 ταύτην
3370 1076 3453 1144 τῷ
3500 1071 3740 1146 σώματι,

2086 1154 2233 1225 πλὴν
2284 1154 2373 1211 ὅτε
2425 1156 2521 1230 μὲν
2580 1151 2773 1213 ἔσωθεν
2884 1157 3348 1235 κατερῥιζωμένον
3378 1159 3442 1215 τὸ
3474 1155 3738 1235 ἔμϐρυον,

2085 1244 2184 1312 τήν
2217 1246 2447 1321 φυσικὴν
2478 1247 2663 1321 ψυχὴν
2696 1246 2872 1320 τούτῳ
2924 1244 3187 1317 διδόασιν,
3219 1246 3491 1319 ἰξελθόντι
3534 1246 3593 1305 Si
3636 1251 3738 1320 τὴν

2087 1330 2340 1411 λογικήν,
2370 1335 2460 1391 καὶ
2492 1336 2740 1411 προϊόντι
2769 1336 2869 1405 τήν
2896 1335 3105 1411 νοεράν.

2327 1442 2434 1517 μγ’.
2469 1446 2594 1505 Ilii);
2624 1440 2835 1498 ἑνοῦται
2870 1446 2949 1515 τῷ
2978 1443 3191 1517 σώματι
3222 1444 3257 1514 ἠ
3289 1445 3442 1521 ψυχή
3473 1464 3486 1514 ;

2157 1529 2491 1606 Είσκρίνεται
2547 1534 2628 1604 τῷ
2682 1532 2893 1604 σώματι
2941 1533 2977 1602 ἡ
3022 1533 3178 1608 ψυχὴ
3211 1532 3395 1610 ὥσπερ
3423 1531 3460 1603 ἢ
3492 1532 3735 1605 ἀνατολὴ

2080 1624 2179 1675 τοῦ
2228 1618 2396 1689 ἡλίου
2447 1619 2622 1676 πάντα
2669 1620 2914 1697 ἆνθρόως
2967 1619 3323 1697 ἂμπίμπλησι
3379 1628 3478 1679 τοῦ
3530 1624 3729 1700 φωτός.

2084 1709 2184 1766 Καὶ
2242 1710 2343 1786 γὰρ
2390 1710 2480 1765 καὶ
2511 1711 2650 1780 αὐτὴ
2702 1710 2919 1785 ἁθρόως
2949 1710 3160 1785 ἰξάπτει
3214 1713 3279 1767 τὸ
3334 1717 3495 1787 σῶμα
3524 1713 3603 1777 εἰς
3630 1715 3737 1784 τήν

2082 1800 2250 1868 ζωήν,
2309 1800 2397 1855 καὶ
2462 1805 2742 1872 ζωοποιεῖ,
2792 1804 2957 1855 τοῦτο
3015 1798 3342 1873 ἐπιτηδείως
3399 1797 3529 1878 ἔχον
3596 1803 3736 1878 πρὸς

314 1914 489 1970 porro
517 1899 699 1968 nervi,
732 1883 967 1973 longius
1012 1899 1245 1956 etiamsi
1297 1901 1538 1965 absunt,
1571 1916 1689 1955 una
1734 1915 1956 1955 moven-

2076 1889 2176 1957 τὴν
2235 1883 2419 1943 ἕνωσιν
2478 1890 2699 1960 ταύτης.
2751 1891 2952 1961 Ὥσπερ
3013 1888 3104 1946 οὖν
3133 1891 3190 1946 αἱ
3241 1890 3423 1966 νευραὶ
3454 1892 3509 1946 αἱ
3534 1912 3735 1970 συνηρ-

312 1991 433 2059 tur,
485 1992 544 2044 et
590 1988 747 2044 sicut
792 1988 1026 2061 Naphta
1078 2005 1257 2060 quam
1317 1993 1527 2046 vocant
1582 1988 1956 2046 transilientii

2083 1978 2351 2052 μοσμέναι
2397 1979 2487 2033 καὶ
2525 1978 2571 2034 εἰ
2624 1977 2816 2055 πόρρω
2870 1978 3093 2055 τύχοιεν
3125 1980 3300 2053 οὖσαι,
3332 1985 3729 2055 συγκινοῦντιιο

304 2077 462 2149 ignis
506 2077 624 2133 vim
676 2078 954 2150 concipit,
990 2079 1184 2134 medio
1214 2095 1345 2135 aere
1403 2095 1520 2135 non
1579 2079 1967 2151 inﬂammato,

304 2166 390 2223 lic
418 2170 478 2222 et
507 2182 722 2240 corpus
753 2168 825 2223 ab
858 2168 1056 2223 anima
1099 2171 1291 2223 totum
1336 2169 1535 2225 statim
1568 2167 1964 2236 illuminatur,

302 2272 492 2329 neque
517 2262 744 2328 oportet
774 2258 1151 2316 indivisibilis
1172 2259 1304 2317 vitae
1325 2262 1382 2316 et
1412 2259 1710 2315 facultatis
1743 2260 1962 2316 divisas

297 2344 761 2403 illuminationes
784 2347 870 2404 vel
899 2347 1380 2421 participationes
1406 2348 1792 2404 comminisci.
1813 2349 1960 2405 Con-

297 2434 435 2491 ferri
466 2440 663 2493 autem
690 2436 812 2493 hac
843 2442 1033 2509 potest
1063 2453 1200 2495 cum
1224 2437 1674 2510 participatione
1695 2440 1770 2510 (6)
1804 2438 1959 2494 entis

297 2539 425 2596 qua:
468 2525 528 2581 in
576 2542 638 2582 re
696 2527 853 2582 ﬂuxa
908 2527 1279 2585 observatur.
1312 2528 1824 2594 Quemadmodum
1874 2527 1957 2583 rei

295 2614 466 2670 ﬂuxae
496 2614 655 2671 enim
687 2631 793 2672 ens
842 2617 1013 2673 adest
1043 2616 1172 2672 sine
1202 2620 1487 2689 tempore,
1521 2617 1606 2672 sic
1654 2621 1708 2673 et
1758 2616 1958 2674 anima

295 2702 424 2759 sine
449 2708 713 2777 tempore
738 2705 907 2761 adest
935 2705 1188 2777 corpori.

688 2810 776 2864 44.
810 2809 886 2864 De
913 2811 1113 2866 anima
1150 2808 1563 2866 irrationabili.

367 2898 631 2964 Quatuor
684 2898 847 2954 hisce
904 2898 1239 2955 Graecorum
1300 2898 1637 2971 philosophi
1692 2900 1953 2957 animam

293 2986 760 3043 irrationabilem
794 2988 1088 3044 definiunt
1120 3004 1133 3044 ε
1168 2990 1454 3060 appetitu,
1487 3006 1599 3059 quo
1637 2988 1954 3062 voluptatis

294 3091 504 3132 sumus
535 3093 602 3132 ac
627 3075 845 3133 doloris
880 3077 1229 3150 participes;
1263 3075 1539 3149 opinione
1569 3094 1695 3150 qua:
1729 3079 1953 3136 medias

292 3166 564 3238 designat
604 3167 859 3222 rationes
910 3168 1062 3223 inter
1108 3167 1335 3239 species
1384 3165 1655 3235 sensiles,
1686 3172 1743 3223 et
1773 3184 1951 3241 puras

2079 2067 2168 2123 καὶ
2210 2069 2238 2123 ὁ
2284 2067 2621 2141 καλούμενος
2650 2069 2787 2146 φθὰς
2815 2065 3032 2144 δέχεται
3088 2072 3185 2124 τοῦ
3240 2070 3412 2140 πυρὸς
3436 2071 3537 2141 τὴν
3567 2068 3729 2127 3-in-

2081 2179 2172 2232 μιν
2204 2162 2300 2213 τοῦ
2331 2157 2525 2231 μεταξὺ
2557 2160 2713 2233 ἆέρος
2753 2158 2829 2231 μὴ
2867 2157 3235 2235 πυρουμξνου,
3268 2158 3413 2215 οὕτω
3443 2157 3510 2230 δὴ
3540 2160 3631 2216 καὶ
3659 2161 3729 2217 τὸ

2076 2252 2236 2320 σῶμα
2287 2246 2501 2321 ἀθρόως
2558 2246 2897 2321 ἐλλάμπεται
2957 2249 3060 2303 ὑπὸ
3114 2256 3213 2319 τῆς
3271 2251 3480 2325 ψυχῆς,
3525 2251 3614 2305 καὶ
3659 2250 3727 2306 οὗ

2072 2334 2154 2391 δεῖ
2207 2344 2309 2407 τῆς
2362 2337 2655 2412 ἀμερίστου
2712 2343 2856 2407 ζωῆς
2912 2337 3003 2393 καὶ
3062 2336 3345 2412 δυνάμεως
3386 2336 3727 2415 ὃιῃρημὲνας

2069 2425 2302 2481 ἐπινοεῖν
2334 2426 2429 2489 τὰς
2453 2425 2781 2501 ἐλλάμψεις,
2814 2427 2964 2498 ἣτὰς
2997 2426 3645 2504 μετοχὰς.Ἀπεικαστέον
3665 2427 3731 2485 δὲ

2068 2515 2234 2585 αὐτὴν
2255 2519 2324 2589 τῇ
2354 2520 2450 2571 τοῦ
2482 2512 2637 2578 ὄντος
2673 2521 2887 2593 μετοχῇ
2939 2517 3015 2580 εἰς
3042 2518 3106 2573 τὸ
3150 2518 3463 2593 γινόμενον.
3518 2520 3723 2596 Ὠσπερ

2034 2606 2167 2680 ,γὰρ
2196 2605 2259 2659 τὸ
2288 2604 2347 2658 ὅν
2376 2604 2631 2680 ἀχρόνως
2667 2610 2748 2678 τῷ
2793 2606 3069 2681 γινομέκῳ
3103 2605 3378 2683 πάρεστιν,
3410 2606 3585 2672 οὕτως
3628 2608 3719 2663 καὶ

2067 2693 2205 2763 αὐτή
2238 2692 2490 2770 ἀχρόνως
2521 2692 2744 2768 πάρεστι
2774 2698 2854 2768 τῷ
2884 2695 3120 2769 σώματι.

2527 2797 2633 2874 μδ’.
2668 2801 2798 2878 Περῖ
2828 2800 3035 2879 ἀλόγου
3064 2805 3275 2880 ψυχῆς.

2137 2891 2224 2948 Ἐν
2277 2889 2528 2966 τέσσαρσι
2577 2891 2793 2955 τούτοις
2837 2892 2965 2967 παρ’
3021 2892 3289 2964 Ἕλλησιν
3323 2893 3378 2948 οἱ
3426 2892 3717 2974 φιλοσοφία-

2066 3001 2248 3044 σαντες
2295 2981 2396 3050 τήν
2445 2978 2644 3057 ἄλογον
2692 2982 2879 3057 ψυχὴν
2932 2979 3308 3059 ἀφορίζουσιν*
3356 2982 3407 3037 ὃν
3561 2983 3717 3058 ὀρεκ-

2061 3073 2209 3144 τικῇ,
2268 3070 2389 3125 καθ’
2440 3071 2501 3139 ἦν
2550 3067 2757 3141 ἡδονῆς
2801 3070 2892 3125 καὶ
2942 3068 3123 3141 λύπης
3176 3068 3593 3148 μετέχομενοέν
3643 3077 3715 3149 τῇ

2064 3155 2376 3233 δοξαστικῇ,
2425 3158 2547 3229 ἥτις
2574 3158 2699 3222 τοὺς
2749 3159 2948 3233 μέσους
2986 3157 3185 3237 λόγους
3228 3160 3320 3215 καὶ
3356 3161 3553 3235 μεταξὺ
3599 3166 3712 3218 τῶν

291 3257 467 3326 atque
501 3271 534 3310 a
565 3256 809 3311 materia
838 3256 1164 3312 abstractas
1198 3255 1455 3312 rationes
1489 3272 1501 3311 :
1537 3256 1825 3314 sentiendi
1862 3261 1945 3314 fa—

2072 3247 2333 3320 ιίσΟητῶν
2389 3246 2665 3304 εἰδῶνκαὶ
2694 3254 2803 3305 τῶν
2850 3247 3032 3305 ἄύλων
3080 3249 3171 3305 καὶ
3219 3251 3472 3325 καθαρῶν
3531 3249 3716 3326 λόγων

288 3343 528 3415 cultate,
578 3361 703 3416 qua:
760 3345 1018 3401 externis
1075 3345 1385 3417 speciebus
1443 3344 1829 3417 assimilatur,
1876 3363 1943 3403 ac

292 3432 590 3505 praesentii
618 3438 876 3501 externa,
912 3433 1275 3490 salutariane
1331 3434 1452 3490 sint
1504 3451 1577 3490 an
1635 3435 1884 3491 exitiosa
1926 3451 1941 3492 :

289 3527 502 3578 natura
530 3522 802 3595 denique,
838 3540 966 3595 quae
1005 3523 1237 3595 proprie
1268 3527 1357 3579 est
1386 3539 1565 3579 causa
1612 3525 1945 3595 generatio-

286 3610 380 3667 nis
427 3616 485 3667 et
542 3612 803 3682 proxime
858 3612 1205 3684 corporibus
1258 3612 1535 3683 adhaeret,
1587 3620 1943 3687 generetque

281 3698 384 3754 illa
430 3704 488 3755 et
535 3700 673 3756 facit
720 3705 785 3757 ut
832 3706 1119 3769 crescant,
1153 3702 1559 3773 gubernatque
1608 3720 1674 3758 ac
1719 3704 1939 3778 dirigit.

280 3788 385 3844 His
433 3794 684 3861 quatuor
740 3791 917 3848 rebus
967 3791 1237 3848 nonnulli
1297 3791 1783 3867 philosophorum
1844 3811 1941 3852 es-

279 3879 529 3935 sentiam
562 3880 774 3938 animze
823 3881 1247 3938 irrationabilis
1278 3883 1600 3939 consistere
1648 3888 1936 3953 statuunt,

278 3986 344 4025 ac
383 3969 560 4026 veluti
608 3969 921 4028 insititiam
971 3989 1100 4028 esse
1151 3972 1422 4028 rationali
1472 3974 1681 4030 animae
1730 3992 1937 4049 corpo-

273 4058 438 4131 rique
486 4060 665 4115 simul
726 4061 1032 4118 inductam
1086 4077 1099 4117 :
1150 4061 1287 4117 huic
1337 4078 1573 4134 quoque
1630 4065 1936 4120 irrationa-

272 4147 378 4203 bili
408 4147 617 4204 animo
671 4148 994 4224 injungunt
1043 4167 1262 4207 munus
1311 4152 1771 4209 administrandi
1804 4170 1935 4211 cor-

270 4251 451 4308 poris.

401 4343 489 4400 45.
524 4344 666 4412 Quid
694 4347 948 4402 voluntas
978 4350 1030 4402 et
1061 4348 1423 4404 ratiocinium
1448 4350 1810 4419 praclicum?

337 4449 623 4504 Voluntas
652 4451 723 4506 ad
761 4451 1268 4508 ratiocinatoriam
1301 4452 1511 4509 animm
1543 4460 1767 4525 partem
1802 4474 1928 4527 per-

261 4538 433 4605 tinet,
465 4544 657 4595 movet
686 4540 845 4597 enim
896 4540 1223 4612 appetitum
1276 4542 1334 4597 in
1386 4558 1510 4599 rem
1559 4544 1921 4603 desiderabi-

2061 3338 2382 3415 ἆφώρισται·
2443 3336 2495 3393 ἐν
2548 3342 2617 3413 τῇ
2676 3337 3008 3413 αῐσθητικῇ,
3066 3337 3189 3409 ἥτις
3239 3341 3377 3415 πρὸς
3440 3342 3509 3396 τὰ
3560 3342 3721 3407 ἐκτὸς

2055 3424 2173 3498 εἶ’δη
2205 3427 2513 3500 ὡμοίωται,
2554 3426 2643 3482 καὶ
2689 3427 3103 3505 προαισθάνεται
3147 3427 3215 3483 τὰ
3244 3423 3471 3499 ἕξσωθεν
3524 3432 3706 3501 σωτή-

2055 3536 2145 3592 ρια
2209 3517 2295 3570 καὶ
2360 3514 2619 3591 ὀλέθρια·
2671 3515 2721 3572 ἒν
2778 3521 2848 3582 τῆ
2893 3521 3116 3596 φυσικῇ,
3166 3516 3289 3587 ἥτις
3346 3515 3456 3574 ἔστι
3508 3519 3719 3596 κυρίως

2051 3607 2468 3681 γενεσιουργὸς,
2524 3605 2613 3661 καὶ
2674 3605 3043 3681 συμπλέκεται
3101 3611 3393 3683 προπχῶς
3439 3613 3558 3670 τοῖς
3601 3608 3713 3664 σώ-

2055 3715 2206 3767 μασι,
2292 3700 2538 3770 γεννᾶται
2598 3696 2735 3752 αὐτὰ
2807 3696 2897 3752 καὶ
2983 3694 3126 3769 αὔξει
3193 3698 3284 3753 καὶ
3365 3694 3565 3754 διοικεῖ
3610 3699 3708 3754 καὶ

2050 3784 2382 3841 κατευθύνει.
2434 3787 2523 3841 Ἐκ
2552 3785 2759 3841 τούτων
2789 3784 2856 3856 δὴ
2907 3791 3013 3842 τῶν
3064 3798 3337 3863 τεσσάρων
3368 3789 3467 3859 τήν
3501 3787 3704 3866 ἄλογον

2048 3876 2233 3950 ψυχὴν
2310 3871 2444 3930 ἔνιοι
2513 3878 2623 3930 τῶν
2708 3875 3026 3955 φιλοσόφων
3100 3876 3458 3941 οὐσιώσαντες
3523 3877 3705 3954 ἐγκεν-

2044 3966 2319 4041 τρίζουσιν
2353 3964 2466 4020 οἷον
2518 3968 2587 4039 τῇ
2621 3963 2818 4041 λογικῇ
2848 3964 3022 4042 ψυχῇ,
3080 3966 3172 4021 καὶ
3224 3970 3305 4040 τῷ
3336 3968 3550 4042 σώματι
3582 3988 3702 4023 συν-

2045 4058 2327 4132 εισάγουσι
2362 4101 2375 4114 .
2432 4055 2539 4125 Τήν
2600 4052 2658 4110 δὶ
2724 4054 2932 4132 ἄλογον
2988 4056 3299 4131 οἰκονομεῖν
3351 4055 3417 4113 τὰ
3470 4058 3701 4133 σώματα

2045 4144 2443 4222 ἐπιτρέπουσιν.

2046 4345 2145 4417 με’.
2196 4344 2291 4405 Τίς
2341 4344 2376 4414 ἡ
2425 4338 2691 4418 βούλησις
2742 4339 2831 4395 καί
2878 4337 2961 4403 τίς
2993 4340 3020 4396 ὁ
3052 4340 3346 4418 πρακτικὸς
3377 4339 3685 4419 λογισμός;

2109 4456 2169 4506 Ἡ
2204 4448 2471 4526 βούλησις
2523 4448 2647 4525 περὶ
2701 4447 2763 4503 τὸ
2817 4444 3126 4524 λογιστικὸν
3181 4450 3374 4526 μόριον
3425 4450 3536 4508 ἰστὶ
3591 4457 3691 4523 τῆς

2039 4543 2247 4617 ψυχῆς.
2309 4544 2455 4595 Κινεῖ
2512 4538 2608 4612 μὶν
2656 4536 2757 4613 γὰρ
2818 4537 2918 4607 τήν
2977 4532 3150 4612 ὄρεξιν
3204 4540 3342 4613 πρὸς
3394 4539 3458 4595 τὸ
3507 4540 3692 4619 ἐφετὸν

262 4628 402 4697 lem,
454 4645 634 4700 quam
685 4630 824 4701 quia
879 4647 995 4686 non
1046 4630 1174 4686 sine
1231 4632 1538 4690 ratiocinio
1591 4636 1926 4724 deligimus,

2072 4631 2156 4686 πεὶ
2224 4627 2283 4685 ὂὶ
2304 4628 2502 4685 τούτου
2558 4627 2657 4683 οὐκ
2707 4624 2831 4683 ἄνευ
2890 4623 3161 4703 λογισμοῦ
3191 4627 3622 4704 προαιρούμεθα,
3654 4630 3689 4701 ἠ

260 4717 385 4773 haec
443 4718 595 4773 actio
654 4718 911 4791 impetus
967 4719 1291 4777 voluntatis
1350 4723 1703 4796 appellatur,
1743 4729 1846 4800 qui
1896 4714 1931 4786 εί

2073 4720 2154 4776 ατ⁹
2230 4718 2361 4774 αὐτὸ
2438 4716 2675 4793 ἐνέργεια
2750 4714 3077 4792 βσυλευτικῆ
3157 4716 3307 4790 ὁρμὴ
3370 4717 3692 4795 ὠνομάσθη»

258 4806 566 4863 ratiocinio
596 4806 726 4879 ipso
756 4814 848 4865 est
871 4809 1159 4868 diversus.
1185 4812 1285 4867 Est
1316 4816 1511 4870 autem
1546 4816 1917 4875 ratiocinium

2039 4807 2193 4884 ἑτέρα
2250 4806 2381 4863 οὖσα
2438 4809 2535 4862 τοῦ
2588 4805 2884 4882 λογισμοῦ.
2948 4807 3252 4877 Ηρακτικὸς
3300 4804 3359 4864 δὲ
3390 4806 3500 4864 ἐστι
3531 4808 3694 4885 λογι-

255 4896 606 4966 practicum,
650 4904 785 4969 post
834 4900 1161 4971 appetitum
1214 4902 1294 4957 rei
1341 4903 1750 4963 desiderabilis
1782 4925 1918 4965 cum

2072 4898 2193 4972 μὸς,
2236 4900 2271 4968 ἡ
2328 4895 2463 4970 μετὰ
2510 4895 2612 4963 τὴν
2667 4891 2838 4969 ὄρεξιν
2878 4894 2976 4950 τοῦ
3009 4893 3201 4973 ἐφετοῦ
3249 4896 3385 4971 μετὰ
3416 4896 3691 4973 λογισμοῦ

253 4984 481 5040 ratione
537 4991 809 5059 suscepta
864 4989 1018 5045 actio
1077 4994 1135 5045 et
1193 4992 1475 5062 operatio.
1516 4994 1686 5052 Neris
1746 5014 1916 5068 porro

2072 4988 2215 5064 ρᾶξίς
2269 5007 2329 5044 τε
2377 4986 2467 5041 καὶ
2522 4984 2781 5060 ενὲργεια.
2842 4987 3019 5041 Τοῦτο
3052 4981 3110 5040 δέ
3169 5005 3254 5040 σοι
3284 4982 3444 5057 ἔστω,
3477 4986 3561 5042 ὅτι
3594 4992 3691 5062 ψυ-

251 5073 464 5129 animes
494 5090 735 5146 corpore
774 5077 979 5133 solutae
1009 5081 1066 5133 et
1096 5081 1325 5151 corpori
1360 5081 1553 5139 adhuc
1583 5085 1913 5156 conjunctae

2072 5082 2137 5144 ἧς
2196 5073 2564 5145 ἀπολυθείσης
2621 5075 2876 5147 σώματος
2932 5073 3023 5129 καὶ
3080 5071 3159 5130 ἔτι
3217 5075 3497 5151 παρούσης
3524 5075 3580 5132 ἐν
3606 5082 3692 5151 τῷ

248 5178 366 5217 non
396 5178 583 5217 unum
635 5163 913 5238 idemque
945 5166 1350 5223 ratiocinium.
1384 5170 1703 5235 Quibusvis
1752 5174 1911 5230 enim

2072 5168 2237 5240 ὑματι
2306 5166 2408 5221 οὐκ
2461 5162 2622 5228 αὐτός
2669 5161 2782 5218 ἐστι
2822 5159 3112 5239 λογισμός.
3168 5162 3383 5223 Ἐπεὶδὲ
3408 5170 3536 5221 πᾶσι
3566 5171 3688 5231 τοῖς

245 5249 755 5319 praestantioribus
803 5253 1005 5310 anima
1035 5270 1097 5310 se
1143 5256 1458 5328 assimilat,
1493 5263 1606 5316 Deo
1658 5262 1909 5318 archan-

2072 5256 2320 5312 >είττοσιν
2380 5256 2667 5329 ἀφοιοῦται
2735 5252 2770 5322 ἡ
2848 5254 3028 5328 ψυχὴ,
3084 5257 3226 5327 Θεῷ,
3282 5255 3681 5333 ἀρχαγγέλοις,

244 5337 413 5410 gelis,
472 5338 697 5412 angelis
754 5346 811 5397 et
866 5343 1092 5399 caeteris
1154 5347 1576 5417 potentatibus,
1638 5351 1797 5406 unde
1852 5356 1910 5408 et

2072 5346 2269 5423 Γγὲλοις
2316 5344 2406 5401 καὶ
2455 5348 2575 5407 ταῖς
2622 5340 2849 5405 λοιπαῖς
2901 5339 3184 5417 δυνάμεσι,
3244 5341 3336 5400 διὰ
3376 5350 3539 5403 τοῦτο
3588 5346 3682 5402 καὶ

243 5441 419 5499 opera
444 5426 576 5498 ejus
619 5428 748 5499 jam
778 5431 998 5499 divina,
1026 5432 1155 5503 jam
1204 5434 1489 5508 humana,
1518 5438 1639 5508 jam
1672 5443 1905 5498 contra-

2072 5460 2083 5495 ι
2133 5432 2262 5513 ἔργα
2289 5434 2478 5502 αὐτοῦ,
2509 5432 2574 5486 τὰ
2606 5430 2701 5505 μὲν
2732 5431 2879 5499 θεῖα,
2937 5433 3005 5486 τὰ
3058 5428 3117 5487 δὲ
3158 5431 3495 5510 ἀνθρώπινα,
3525 5436 3591 5492 τά
3621 5430 3681 5491 δῖ

1838 5568 2077 5628 ΝΟΤΛΞ.

309 5661 385 5747 (ϐξ
417 5660 788 5747 intelligent
835 5681 1016 5747 supra
1047 5665 1107 5720 τὸ
1138 5664 1419 5747 ὃντωςὶέίν,
1451 5687 1557 5726 ens
1605 5676 1890 5747 aeternum
2004 5677 2288 5747 nascitur,
2341 5687 2408 5747 ac
2465 5666 2894 5747 mutationibus
2941 5672 3033 5724 est
3080 5668 3445 5744 obnoxium,
3501 5675 3689 5747 atque.

239 5749 307 5789 ac
335 5732 548 5789 stabile
580 5750 593 5788 :
622 5732 722 5790 cui
759 5732 1076 5808 opponitur
1120 5739 1180 5793 τό
1221 5732 1503 5815 γινόμενον
1546 5746 1702 5814 quod
1733 5746 1800 5803 ﬁt
1828 5754 1886 5804 et
1998 5732 2145 5808 adeo
2176 5732 2405 5803 Platoni
2438 5746 2690 5814 negatur
2720 5755 2853 5798 esse
2880 5754 3087 5799 verum
3112 5758 3241 5800 ens.
