4110 6444
406 505 520 562 ΉἹ

409 632 654 699 ξναντία,
717 626 814 684 ’ίνα
901 627 978 702 μὴ
1046 625 1114 682 τὰ
1192 625 1434 700 ὀνόματα
1511 625 1656 705 λέγω
1693 647 1704 661 ·

407 721 554 779 ϐάνει
613 720 717 798 γὰρ
765 719 861 781 τὰς
917 715 1208 792 ἐνεργείας,
1244 717 1382 792 πρὸς
1434 716 1466 771 ἓι
1508 713 1777 791 λαμϐάνει
1833 720 1921 775 καὶ
1973 721 2072 790 τὴν

408 813 702 889 ὁμοίωσιν.

659 919 764 994 μς’.
800 917 932 992 Περί
961 915 1332 991 προαιρέσεως
1359 917 1447 971 καὶ
1484 920 1796 993 προσοχῆς,

477 1009 646 1066 Min:
680 1005 934 1082 δυνάμεις
967 1005 1070 1060 sic?
1099 1013 1198 1076 τῆς
1231 1008 1418 1080 ψυχῆς
1469 1010 1724 1083 προσοχὴ
1777 1007 1870 1063 καὶ
1932 1026 2067 1082 προ-

418 1098 639 1176 αίρεσις.
669 1093 826 1152 Ἀλλ’
874 1097 909 1165 ἡ
974 1096 1070 1168 μὲν
1125 1093 1442 1170 προαίρεσις
1500 1099 1712 1172 ἡγεῖται
1763 1102 1870 1152 τῶν
1927 1093 2070 1172 πρά-

420 1189 572 1260 ξεων,
608 1185 721 1262 ἔχει
778 1181 836 1240 δὶ
891 1183 981 1239 καὶ
1041 1182 1208 1260 Λόγον
1266 1183 1317 1239 ὲν
1369 1186 1414 1258 ᾦ
1458 1186 1626 1259 κρίνει
1677 1187 1743 1240 τὰ
1773 1185 1935 1254 καλὰ,
1977 1181 2068 1239 καὶ

421 1272 590 1351 ὄρεξιν
637 1276 737 1345 τὴν
798 1271 1090 1352 ἐφιεμένην
1140 1277 1247 1328 τῶν
1291 1273 1509 1330 οἷ’κείων
1557 1275 1646 1331 καὶ
1701 1276 1938 1351 ἀγαθῶν,
1971 1275 2060 1330 καὶ

425 1367 521 1434 τήν
579 1363 996 1438 ἀναπληροῦσαν
1065 1361 1146 1417 ἀεὶ
1190 1362 1257 1418 τὰ
1305 1361 1656 1420 ἐλλείποντα.
1717 1362 2073 1442 Ἀμφοτὲρων

419 1456 509 1509 οὗν
540 1459 637 1510 τοῦ
668 1452 836 1531 λόγου
862 1455 952 1508 καὶ
994 1460 1096 1523 τῆς
1145 1452 1374 1528 ὀρέξεως
1428 1453 1737 1510 συνίσταται
1796 1457 1831 1524 ἡ
1877 1453 2072 1527 προαί-

420 1565 588 1620 ρεσις.
622 1544 884 1619 Προσοχή
919 1539 975 1597 δὲ
1008 1541 1118 1598 ἐστὶ
1155 1544 1274 1606 καθ’
1303 1544 1363 1612 ἣν
1424 1545 1772 1621 προσέχομεν
1820 1549 1936 1606 τοῖς
1987 1539 2074 1620 ἔρ-

408 1654 531 1710 γοις
606 1635 689 1696 οἷς
759 1631 1067 1709 πράττομεν
1137 1633 1228 1687 καὶ
1301 1637 1420 1696 τοῖς
1507 1632 1694 1709 λόγοις
1763 1635 1845 1696 οἷς
1901 1633 2066 1708 λὲγο-

407 1743 527 1798 μεν·
561 1722 698 1795 αῦτη
747 1723 852 1800 γὰρ
902 1723 1034 1779 ποτὲ
1095 1724 1190 1798 μὲν
1247 1725 1313 1778 τὰ
1365 1727 1465 1794 τῆς
1523 1727 1710 1801 ψυχῆς
1766 1721 1876 1796 ἤθη
1941 1725 2067 1780 ἀνα-

412 1817 693 1869 σκοπεῖται
741 1812 860 1868 τίνα
901 1834 960 1868 τε
1007 1812 1118 1868 ἐστὶ
1167 1815 1254 1868 καὶ
1303 1817 1421 1877 πῶς
1470 1809 1587 1890 ἔχει
1637 1815 1775 1890 πρὸς
1822 1811 2068 1885 ἄλληλαο

415 1903 549 1960 ποτὶ
579 1901 636 1958 δὲ
665 1903 731 1958 αὗ
761 1903 824 1959 τὸ
857 1907 994 1973 ζῶον
1030 1908 1226 1981 θεωρεῖ
1249 1904 1304 1959 τί
1341 1904 1565 1978 πράττει
1621 1905 1713 1960 καὶ
1770 1912 1846 1975 πῆ
1907 1925 2078 1981 παρα.

1592 498 1690 557 DE
1735 496 2172 560 OMNIFABIA
2228 497 2654 560 DOCTRINA.

3731 505 3850 567 718

1790 626 2071 704 μεταλαμ-
2102 635 2156 703 Α
2188 630 2296 698 ria,
2326 634 2392 687 ut
2442 631 2786 688 nominibus
2833 631 3184 690 abstineam.
3217 633 3443 699 Quibus
3494 635 3652 694 enim
3699 639 3848 696 assi-

2181 719 2349 776 milat
2409 739 2506 794 se,
2560 721 2795 778 illorum
2846 727 2902 779 et
2952 739 3129 796 opera
3184 724 3421 781 asciscit
3477 731 3655 800 atque
3712 727 3845 785 imi-

2179 812 2362 866 tatur.

2553 919 2638 974 46.
2675 920 2746 976 De
2775 919 3037 975 electione
3065 929 3120 976 et
3149 922 3470 978 attentione.

2253 1006 2454 1062 Mediae
2489 1013 2630 1064 sunt
2662 1008 2845 1064 animi
2897 1008 3200 1066 facultates
3251 1010 3496 1066 attentio
3530 1014 3586 1068 et
3616 1013 3842 1085 electio,

2182 1097 2282 1151 sed
2316 1095 2519 1152 electio
2570 1097 2832 1154 actiones
2866 1097 3086 1172 dirigit,
3122 1101 3425 1172 utiturque
3474 1101 3698 1157 ratione
3728 1119 3848 1175 qua

2193 1186 2329 1257 quid
2363 1186 2678 1258 pulchrum
2712 1187 2788 1243 sit
2811 1189 3061 1258 judicat,
3095 1194 3152 1244 et
3181 1191 3442 1262 appetitu
3477 1191 3847 1248 desiderante

2186 1292 2253 1331 ea
2283 1293 2410 1348 quae
2442 1278 2825 1349 congruentia
2847 1278 2959 1334 sibi
2985 1282 3124 1333 sunt
3151 1284 3208 1333 et
3236 1280 3409 1344 bona,
3436 1297 3563 1352 quae
3591 1298 3723 1336 vero
3754 1281 3850 1336 de-

2188 1365 2412 1436 ﬁciunt,
2438 1382 2672 1438 semper
2720 1367 2997 1423 studente
3029 1367 3324 1440 supplere.
3359 1367 3619 1442 Utroque
3671 1369 3852 1444 igitur

2187 1453 2386 1509 electio
2425 1460 2672 1524 constat,
2699 1456 2926 1512 ratione
2955 1461 3011 1511 et
3042 1457 3328 1529 appetitu.
3362 1459 3618 1515 Attentio
3651 1463 3849 1516 autem

2188 1547 2278 1598 est
2306 1559 2423 1614 qua
2466 1545 2835 1602 attendimus
2864 1546 2935 1601 ad
2970 1546 3229 1602 actiones
3259 1564 3408 1618 quas
3463 1547 3849 1621 suscipimus,

2186 1637 2244 1687 et
2274 1633 2346 1687 ad
2378 1634 2555 1690 verba
2593 1652 2718 1705 quas
2764 1633 3083 1706 loquimur.
3119 1635 3249 1691 Haec
3281 1637 3635 1709 quandoque
3666 1637 3852 1694 animi

2187 1737 2380 1777 mores
2410 1721 2772 1796 speculatur,
2806 1723 3008 1795 quales
3053 1725 3169 1780 sint
3197 1729 3254 1780 et
3284 1726 3578 1798 quomodo
3604 1727 3757 1783 inter
3787 1744 3852 1785 se

2186 1816 2520 1884 congruant
2551 1829 2564 1868 :
2600 1815 2726 1884 jam
2775 1813 3029 1870 animale
3061 1815 3412 1886 considerat,
3439 1819 3495 1871 et
3527 1817 3668 1888 quid
3703 1816 3850 1874 illud

2188 1905 2342 1974 agat,
2377 1902 2548 1958 ubive
2608 1908 2807 1975 peccet
2845 1905 2933 1959 vel
2991 1903 3214 1977 aliquid
3271 1905 3524 1962 omittat.
3558 1906 3850 1965 Caeterum

419 1988 618 2067 ϐαίνει,
647 1993 738 2049 καὶ
768 1992 822 2048 τί
859 1984 1126 2050 ἐλλείπει.
1160 1991 1308 2048 Mica
1341 1990 1398 2048 δὲ
1439 1993 1542 2048 εἶσι
1589 1994 1679 2049 καὶ
1704 1993 1771 2050 τὰ
1817 1998 1924 2048 τῶν
1979 2015 2063 2068 μα-

2191 1991 2366 2048 medii
2398 1992 2632 2064 generis
2662 1993 2840 2050 etiam
2890 1999 3033 2051 sunt
3081 1995 3510 2052 mathematicae
3564 1997 3850 2054 exercita-

423 2085 682 2158 ϐημάτων
738 2083 1048 2157 ἀσκήματα,
1106 2083 1196 2138 καὶ
1251 2083 1319 2138 τὰ
1371 2087 1480 2138 τῶν
1552 2089 1894 2160 καθαρτικῶν
1953 2085 2071 2168 ἀρε-

413 2176 516 2228 τῶν
573 2165 1004 2248 ἐπιτηδεύματα.
1058 2172 1210 2230 Μὲσα
1263 2169 1320 2228 δὲ
1390 2170 1636 2248 λέγονται
1704 2174 1778 2237 ὡς
1861 2165 2057 2249 μεταξὺ

415 2261 630 2336 κείμενα
651 2266 762 2318 τῶν
788 2265 994 2338 νοερῶν
1028 2260 1210 2338 λόγων
1241 2261 1330 2317 καὶ
1360 2267 1468 2316 τῶν
1505 2259 1862 2334 δοξαστικῶν.

427 2370 532 2442 μζ.
566 2368 800 2447 Πότερον
832 2369 868 2440 ἡ
903 2368 1058 2447 ψυχὴ
1094 2367 1288 2447 ,λύεται
1335 2369 1443 2447 ἀπὸ
1479 2375 1576 2425 τοῦ
1625 2371 1902 2445 σώματος,
1936 2372 1970 2442 ἢ
2001 2372 2064 2427 τὸ

893 2442 1052 2515 σῶμα
1083 2442 1188 2496 ἀπὸ
1219 2449 1320 2512 τῆς
1353 2445 1538 2518 ψυχῆς
1572 2461 1585 2513 ;

477 2531 596 2589 Ἐπὶ
662 2531 756 2605 μὶν
813 2533 912 2586 τοῦ
971 2535 1200 2610 φυσικοῦ
1258 2533 1512 2602 θανάτου,
1543 2532 1605 2587 τὸ
1661 2536 1820 2607 σῶμα
1873 2531 2066 2609 λύεται

406 2621 513 2676 ἀπὸ
541 2627 642 2692 τῆς
673 2624 886 2696 ψυχῆς,
917 2619 1005 2676 ἰπὶ
1038 2619 1095 2676 δὲ
1123 2625 1220 2676 τοῦ
1250 2625 1450 2692 νοητοῦ
1497 2623 1531 2692 ἡ
1581 2623 1734 2698 ψυχὴ
1796 2623 1901 2678 ἀπὸ
1957 2627 2059 2678 τοῦ

403 2710 681 2784 σώματος.
713 2714 776 2765 Ἠ
840 2711 935 2783 μὲν
995 2711 1097 2786 γὰρ
1153 2711 1310 2790 φύσις
1368 2708 1528 2782 ἔδησε
1556 2711 1618 2766 τὸ
1668 2716 1829 2785 σῶμα
1886 2710 1936 2766 ἐν
1988 2715 2058 2786 τῇ

402 2803 579 2875 ψυχῇ.
612 2799 679 2855 Εἰ
722 2801 814 2874 μὲν
847 2800 948 2877 γὰρ
978 2799 1263 2876 κατείχετο
1293 2801 1354 2855 τὸ
1386 2805 1546 2876 σῶμα
1578 2802 1682 2856 ὑπὸ
1710 2809 1810 2872 τῆς
1852 2805 2063 2877 ψυχῆς⁹

404 2890 466 2944 ού
514 2885 808 2945 ὃιαλέλυτο
867 2889 951 2946 ἄν.
1011 2892 1169 2954 ’Όθεν
1228 2890 1280 2944 ἐν
1337 2894 1419 2963 τῷ
1476 2890 1687 2964 Θανάτῳ
1745 2890 1934 2947 λύεται
1998 2893 2062 2947 τὸ

405 2983 565 3053 σῶμα
597 2980 703 3034 ἀπὸ
732 2985 832 3049 τῆς
861 2982 1071 3056 ψυχῆς.
1104 2981 1166 3035 Ἡ
1197 2976 1256 3035 δὲ
1284 2983 1438 3056 ψυχή
1488 2974 1676 3052 ἔδησεν
1736 2981 1930 3050 ἑαυτὴν
1978 2985 2060 3054 τῷ

411 3068 625 3142 σώματι
661 3066 750 3124 διὰ
778 3073 886 3124 τῶν
917 3073 1126 3134 παθῶν.
1157 3071 1222 3125 Ἡ
1254 3069 1344 3124 οῦν
1379 3072 1532 3146 ψυχὴ
1566 3071 1764 3139 ἑαυτὴν
1798 3069 1917 3126 λύει
1958 3070 2065 3125 ἀπὸ

406 3159 503 3215 τοῦ
535 3159 810 3233 σώματος.
844 3159 956 3217 Καὶ
989 3161 1023 3228 ἡ
1060 3160 1155 3232 μὲν
1189 3161 1342 3235 ψυχὴ
1407 3158 1544 3233 μέση
1602 3157 1711 3214 ἐστὶ
1773 3163 1869 3230 τῆς
1929 3159 2068 3232 ἀμε-

408 3248 596 3324 ρίστου
652 3249 742 3303 καὶ
798 3255 900 3318 τῆς
962 3255 1224 3324 μεριστῆς
1282 3248 1491 3312 οὐσίας.
1532 3245 1666 3304 Οὔτε
1731 3251 1833 3326 γὰρ
1893 3251 2066 3304 καθα-

407 3341 518 3412 ρῶς
550 3335 689 3392 ἐστιν
721 3336 1016 3411 ἀμέριστος
1065 3339 1093 3392 ὁ
1140 3341 1289 3406 νοῦς,
1322 3334 1446 3392 οὔτε
1502 3338 1674 3408 πάντη
1738 3339 1972 3415 ἀμερὴς,
2000 3339 2064 3393 τὸ

407 3430 566 3500 σῶμα
599 3425 656 3481 δὲ
699 3425 873 3497 πάντη
932 3428 1208 3502 μεριστόν.
1242 3426 1344 3483 Καὶ
1400 3428 1455 3481 αἱ
1513 3427 1803 3499 ποιότητες
1855 3427 1946 3484 καὶ
1997 3429 2065 3484 τὰ

406 3509 568 3570 ἔνυλα
630 3512 747 3586 εἷ’δη
802 3514 926 3589 περὶ
968 3516 1030 3570 τὸ
1079 3519 1239 3589 σῶμα
1291 3517 1538 3592 μεριστὰ,
1584 3516 1674 3571 καὶ
1734 3516 1908 3572 πάντα
1971 3518 2065 3591 μὶν

407 3603 459 3659 ἐν
487 3611 666 3662 πᾶσιν.
701 3603 863 3660 Ἀλλ’
894 3605 921 3660 ὁ
955 3605 1052 3678 μὲν
1098 3610 1231 3669 νοῦς
1271 3609 1474 3682 νοερῶς
1527 3600 1643 3682 ἔχει
1691 3606 1883 3663 πάντα.
1916 3607 1978 3662 Ἠ
2009 3605 2067 3662 δὲ

406 3695 558 3770 ψυχή
615 3692 880 3769 λογικῶς.
939 3696 1011 3750 Τὸ
1069 3692 1127 3749 δὲ
1185 3695 1348 3772 φυτὸν
1425 3699 1829 3770 σπερματικῶς,
1887 3697 1949 3751 τὸ
2009 3693 2065 3750 δὲ

407 3786 568 3856 σῶμα
596 3783 662 3838 τὰ
691 3779 894 3839 εἷ’δωλα
925 3780 1042 3860 ἔχει
1070 3789 1178 3841 τῶν
1211 3779 1406 3854 ὄντων,
1431 3785 1458 3839 ὁ
1483 3782 1541 3840 δὲ
1570 3785 1700 3849 Θεὸς
1733 3785 2064 3857 ἀνεννοήτως

405 3871 495 3927 καὶ
527 3871 885 3949 ὑπερουσίως.

967 3964 1081 4037 μη’.
1114 3963 1245 4040 Περῖ
1276 3963 1504 4039 ἀρετῶν.

480 4049 641 4126 Τρεῖς
673 4055 846 4128 τάξεις
879 4051 984 4108 eici
1038 4057 1146 4108 τῶν
1201 4053 1427 4128 ἀρετῶν.
1461 4055 1531 4109 Ai.
1593 4054 1687 4126 μὲν
1736 4051 1839 4130 γὰρ
1891 4052 2066 4108 αὐτῶν

387 4147 654 4215 κοσμοῦσι
703 4144 796 4199 τὸν
847 4140 1135 4219 ἄνθρωπον
1165 4143 1200 4212 ἢ
1231 4145 1331 4214 τὴν
1380 4146 1478 4198 τοῦ
1526 4143 1782 4216 σώματος
1843 4143 2055 4219 ψυχὴν,

391 4231 447 4284 αἱ
477 4229 536 4286 δὲ
573 4229 892 4307 καθαίρουσι
937 4234 1036 4302 τὴν
1094 4234 1279 4310 ψυχὴν
1341 4233 1446 4288 ἀπὸ
1502 4229 1601 4290 τοῦ
1660 4233 1936 4306 σώματος,
1970 4231 2062 4288 καὶ

393 4319 772 4400 ἐπιστρέφουσι
831 4324 970 4400 πρὸς
1030 4324 1248 4395 ἑαυτὴν,
1309 4322 1510 4387 α’ίτινες
1573 4323 1665 4380 καὶ
1731 4323 2057 4400 καθαρτικαὶ

395 4410 716 4470 καλοῦνται.
767 4413 838 4470 A't
894 4411 951 4468 δὶ
1013 4412 1239 4476 τελείως
1287 4419 1634 4488 καθαρθεῖσαι
1691 4414 1790 4483 τὴν
1846 4414 2064 4490 ψυχὴν,

403 4501 820 4577 ἁπασχολοῦσιν
853 4503 928 4566 εἷς
971 4502 1200 4580 θεωρίαν
1251 4507 1356 4559 τῶν
1405 4507 1643 4574 νοητῶν,
1676 4502 1877 4568 αἳτινες
1935 4515 2065 4568 θεω-

405 4591 628 4666 ρητικαὶ
713 4592 806 4648 καὶ
886 4593 1070 4667 νοεραὶ
1151 4593 1534 4668 ὀνομάζονται.
1597 4594 1697 4651 Καὶ
1759 4591 1904 4665 ἄλλη
1967 4595 2064 4668 μὲν

394 4679 556 4756 ἀρετὴ
591 4686 751 4750 Θεοῦ,
784 4679 932 4755 ἄλλη
969 4681 1032 4738 δὲ
1064 4681 1318 4760 ἀγγέλου,
1352 4680 1498 4753 ἄλλη
1535 4680 1594 4738 δὲ
1623 4683 1940 4758 ἀνθρώπου.
1977 4684 2066 4747 Ὠς

2184 2079 2397 2152 tiones,
2429 2084 2486 2137 et
2535 2083 2941 2154 purgatorium
2983 2084 3270 2139 virtutum
3324 2085 3610 2156 studium,
3644 2086 3853 2142 dicun-

2181 2173 2397 2242 turque
2431 2172 2608 2227 medii
2639 2172 2892 2244 generis,
2927 2173 3068 2244 quia
3108 2173 3303 2230 media
3333 2173 3456 2231 haec
3487 2174 3681 2247 posita
3711 2179 3856 2233 sunt

2182 2259 2336 2316 inter
2365 2259 2770 2334 intelligibiles
2800 2266 2856 2317 et
2887 2261 3215 2334 opinabiles
3248 2263 3529 2320 rationes.

2325 2367 2414 2422 47.
2450 2367 2638 2425 Utrum
2667 2383 2863 2440 corpus
2897 2369 3110 2444 anima,
3143 2387 3217 2425 an
3257 2371 3449 2426 anima
3477 2387 3710 2444 corpore

2870 2442 3123 2496 solvatur
3142 2443 3168 2494 .9

2254 2527 2519 2585 Naturali
2551 2533 2738 2584 morte
2769 2546 2984 2602 corpus
3025 2531 3096 2586 ab
3153 2529 3371 2600 anima,
3405 2532 3506 2588 sed
3540 2535 3726 2589 morte
3756 2532 3851 2590 in-

2181 2617 2478 2690 telligibili
2529 2619 2728 2674 anima
2774 2617 3017 2676 solvitur
3051 2637 3084 2675 a
3122 2636 3386 2692 corpore.
3418 2620 3642 2678 Natura
3689 2623 3850 2683 enim

2183 2723 2398 2779 corpus
2451 2707 2658 2762 animae
2701 2707 2983 2779 alligavit.
3016 2711 3148 2765 Jam
3180 2711 3228 2765 si
3261 2726 3476 2782 corpus
3526 2711 3598 2768 ab
3647 2711 3850 2770 anima

2183 2799 2504 2862 teneretur,
2539 2813 2654 2850 non
2678 2795 3021 2853 solveretur.
3052 2796 3312 2852 Solvitur
3342 2797 3543 2870 itaque
3574 2798 3632 2854 in
3658 2803 3850 2856 morte

2183 2885 2257 2940 ab
2279 2885 2478 2941 anima
2501 2902 2734 2957 corpus.
2757 2888 2827 2941 At
2847 2886 3001 2941 cnim
3023 2887 3221 2942 anima
3244 2903 3307 2943 se
3331 2886 3590 2959 alligavit
3614 2889 3850 2962 corpori

2184 2991 2285 3046 per
2316 2975 2579 3042 affectus,
2606 2974 3014 3047 animaigitur
3042 2975 3219 3031 etiam
3251 2977 3509 3047 seipsam
3542 2993 3576 3032 a
3606 2993 3849 3050 corpore

2183 3063 2358 3119 solvit
2387 3080 2452 3119 ac
2484 3063 2716 3120 liberat.
2745 3067 2814 3120 Et
2853 3065 3052 3120 anima
3083 3065 3320 3135 quidem
3354 3067 3547 3124 media
3574 3072 3666 3123 est
3693 3067 3851 3125 inter

2184 3152 2502 3209 essentiam
2529 3154 2607 3209 im
2621 3154 2951 3225 partibilem
2978 3155 3453 3228 partibilemque,
3477 3173 3665 3229 neque
3688 3158 3847 3215 enim

2185 3258 2353 3298 mens
2411 3259 2554 3314 pure
2611 3242 3014 3313 impartibilis,
3049 3259 3238 3314 neque
3295 3245 3556 3316 partium
3605 3245 3846 3303 omnino

2185 3349 2389 3405 expers
2420 3337 2532 3397 est,
2566 3349 2777 3404 corpus
2828 3336 3022 3388 autem
3055 3333 3296 3389 omnino
3328 3339 3417 3389 est
3448 3335 3742 3406 partibile.
3777 3336 3845 3393 Et

2095 3394 2138 3462 α
2177 3394 2492 3493 qualitates
2520 3394 2867 3495 speciesque
2915 3423 3248 3479 materiales
3280 3421 3340 3478 in
3382 3394 3624 3496 corpore
3659 3427 3840 3498 parti-

2172 3512 2320 3568 biles
2368 3517 2512 3569 sunt
2545 3513 2762 3585 quaevis
2803 3513 2861 3568 in
2894 3513 3280 3584 quibuslibet.
3315 3514 3427 3569 Sed
3477 3531 3646 3571 mens
3675 3533 3838 3588 quae-

2172 3619 2406 3676 cunque
2437 3604 2632 3671 habet,
2658 3603 2835 3660 habet
2860 3603 3240 3676 intelligibili,
3265 3604 3466 3662 anima
3496 3606 3837 3663 rationabili

2173 3696 2420 3762 ratione,
2481 3695 2682 3767 planta
2728 3710 2862 3750 vero
2914 3694 3303 3750 seminaliter.
3337 3695 3561 3767 Corpus
3613 3697 3843 3754 entium

2172 3785 2445 3840 umbram
2475 3784 2916 3856 imaginemque
2945 3785 3140 3852 refert,
3166 3785 3321 3841 Deus
3345 3802 3479 3841 vero
3502 3799 3685 3858 supra
3713 3803 3836 3844 om-

2171 3889 2303 3930 nem
2338 3872 2702 3930 intellectum
2739 3877 2795 3929 et
2834 3874 3152 3929 essentiam
3183 3878 3274 3930 est
3303 3875 3688 3931 constitutus.

2733 3963 2817 4018 48.
2854 3964 2926 4018 De
2956 3964 3278 4019 virtutibus.

2242 4053 2382 4109 Tres
2423 4057 2566 4109 sunt
2612 4052 2846 4109 ordines
2879 4052 3181 4110 virtutum.
3216 4054 3357 4109 Aliae
3409 4060 3696 4111 exornant
3728 4055 3837 4112 bo-

2173 4144 2393 4200 minem
2437 4144 2559 4198 sive
2606 4142 2868 4199 animum
2900 4143 3128 4215 corpori
3170 4143 3465 4214 junctam.
3503 4144 3646 4200 Aliae
3695 4162 3834 4218 pur-

2175 4240 2316 4307 gant
2355 4235 2614 4291 animam
2647 4253 2680 4290 a
2708 4251 2970 4306 corpore,
3001 4239 3059 4289 et
3089 4233 3148 4289 in
3181 4235 3438 4306 seipsam
3493 4235 3701 4291 reverti
3733 4236 3835 4293 do-

2175 4329 2329 4394 cent,
2362 4330 2762 4395 vocanturque
2810 4324 3182 4397 purgatorize.
3223 4325 3365 4379 Alia:
3417 4326 3667 4396 perfecte
3698 4341 3838 4399 pure

2175 4421 2368 4489 gatam
2402 4419 2660 4473 animam
2692 4415 2937 4472 trahunt
2968 4417 3039 4471 ad
3083 4415 3640 4486 contemplationem
3671 4415 3840 4475 intel-

2172 4506 2511 4580 Iigibilium,
2544 4511 2601 4564 et
2651 4507 2930 4562 dicuntur
2975 4506 3308 4562 theoreticce
3345 4511 3520 4579 atque
3569 4508 3833 4565 intellec-

2173 4596 2382 4653 tuales.
2417 4596 2546 4653 Alia
2578 4614 2750 4670 porro
2800 4596 2988 4652 virtus
3036 4601 3126 4652 est
3173 4596 3296 4663 Dei,
3331 4597 3521 4669 angeli
3553 4597 3689 4668 alia,
3722 4597 3840 4654 alia

2173 4685 2454 4742 hominis.
2488 4685 2559 4742 Ut
2590 4686 2745 4742 enim
2777 4685 3044 4741 essentia:
3077 4689 3217 4740 sunt
3249 4686 3510 4756 diversae,
3545 4687 3626 4741 ita
3656 4687 3837 4743 etiam

393 4770 498 4845 γὰρ
529 4771 584 4825 αἱ
619 4770 800 4826 οὐσίαι
847 4771 1024 4827 αὐτῶν
1075 4769 1351 4850 διάφοροι,
1398 4772 1546 4827 οὕτω
1594 4773 1684 4827 καὶ
1736 4773 1791 4826 αἱ
1850 4771 2055 4848 ἀρεταί.

2184 4775 2435 4832 rirtutcs.
2462 4781 2649 4846 Atque
2681 4775 2878 4830 anima
2909 4775 3144 4846 proprie
3171 4779 3261 4829 est
3291 4774 3625 4846 diciturque
3657 4775 3834 4830 ratio-

397 4859 503 4916 Καὶ
553 4861 708 4936 ψυχὴ
766 4861 863 4934 μὲν
911 4861 1115 4933 κυρίως
1143 4864 1178 4930 ἡ
1213 4860 1414 4938 λογική
1451 4860 1563 4917 ἐστί
1590 4883 1650 4917 τε
1705 4862 1796 4917 καὶ
1855 4860 2065 4935 ὀνομά-

401 4953 567 5018 ζεται,
598 4951 661 5005 τὸ
693 4947 751 5005 δὲ
787 4950 920 5025 ὑπὲρ
969 4952 1068 5020 τὴν
1117 4952 1326 5027 ψυχὴν,
1359 4955 1509 5014 νοῦς.
1540 4952 1610 5006 Τὸ
1663 4949 1720 5006 δὲ
1777 4952 1912 5025 μετὰ
1959 4953 2058 5022 τὴν

399 5035 634 5112 λογικὴν
676 5041 886 5116 ψυχὴν,
930 5039 1132 5116 ἄλογος
1180 5042 1359 5117 ψυχὴ,
1408 5041 1498 5096 καὶ
1558 5039 1790 5097 εἷ’δωλον
1850 5045 2058 5118 ψυχῆς.
2099 5076 2105 5084 -

398 5131 607 5194 Ηάσαις
665 5129 725 5187 δε
763 5139 882 5196 ταῖς
927 5137 1036 5189 τῶν
1080 5131 1327 5210 ἀγγέλων
1375 5133 1584 5204 τάξεσιν
1630 5136 1664 5203 ἡ
1698 5133 1862 5209 ἀρετή
1923 5155 2060 5208 συμ-

395 5219 663 5294 πρόεισιν,
697 5219 900 5286 ἄνωθεν
960 5222 1067 5277 ἀπὸ
1123 5227 1231 5278 τῶν
1298 5224 1565 5299 σεραφεῖμ
1617 5224 1934 5299 ἀρχομένη.
1995 5223 2058 5281 Ὁ

394 5308 496 5385 γὰρ
528 5310 658 5373 Θεὸς
707 5311 797 5366 καὶ
829 5311 1077 5367 ἐπέκεινα
1108 5310 1304 5386 ἀρετῆς
1333 5311 1422 5366 καὶ
1452 5313 1655 5375 παντὸς
1716 5313 1916 5387 ἀγαθοῦ
1966 5312 2057 5368 καὶ

394 5398 577 5471 πάσης
605 5396 984 5473 τελειότητος.
1388 5473 1399 5484 _

956 5517 1061 5584 μθ’.
1095 5508 1227 5586 Περὶ
1262 5509 1490 5584 ἀρετῶν.

465 5593 558 5672 Ἓξ
592 5598 724 5654 εἰσὶν
763 5601 816 5655 οἱ
845 5604 956 5657 τῶν
988 5599 1192 5678 ἀρετῶν
1248 5592 1471 5676 βαθμοί.
1505 5604 1660 5655 ’Ἐστι
1707 5601 1809 5676 γὰρ
1865 5601 1900 5669 ἡ
1960 5597 2053 5674 μὲν

397 5708 483 5751 τις
528 5690 729 5767 φυσική
789 5689 981 5765 ἀρετὴ,
1012 5688 1135 5760 ἥτις
1163 5689 1252 5745 καὶ
1287 5688 1339 5744 ἐν
1374 5688 1592 5764 θηρίοις
1634 5689 1958 5765 εὑρίσκεται.
1991 5689 2056 5748 Ἥ

399 5774 459 5833 δὲ
489 5778 681 5848 ἠθικὴ,
713 5779 773 5848 ἣν
808 5772 938 5834 ἔνιοι
970 5777 1062 5833 καὶ
1089 5779 1197 5834 τῶν
1234 5774 1574 5833 ἀπαιδεύτων
1626 5776 1868 5853 ἔχουσιν.
1903 5780 1967 5836 Ἡ
2001 5777 2058 5834 δὲ

397 5866 664 5938 πολιτικὴ
697 5870 732 5939 ἡ
765 5869 902 5943 μετὰ
929 5863 1098 5946 λόγου
1127 5868 1221 5924 καὶ
1261 5869 1580 5944 φρονήσεως
1625 5866 2054 5946 κατορθουμὲνη.

2177 4865 2412 4936 nabilis,
2435 4868 2493 4919 et
2522 4865 2677 4936 quod
2710 4881 2890 4935 supra
2911 4862 3168 4918 animum
3203 4866 3310 4929 est,
3339 4879 3506 4918 mens
3539 4868 3627 4920 est
3658 4868 3841 4936 atque

2170 4954 2524 5010 intellectus.
2561 4954 2718 5008 Infra
2748 4952 3008 5008 animam
3043 4951 3449 5008 rationabilem
3483 4958 3570 5008 est
3604 4953 3834 5008 irratioa

2172 5043 2388 5099 nabilis
2427 5042 2644 5107 anima,
2679 5042 3008 5112 animaeque
3041 5040 3232 5111 imago
3265 5040 3386 5096 sive
3432 5040 3676 5097 idolum.
3711 5049 3832 5097 An-

2170 5131 2436 5202 gelorum
2469 5130 2778 5186 ordinibus
2808 5129 3258 5199 quibuscunque
3289 5129 3360 5183 ab
3388 5128 3696 5200 Serapbim
3732 5145 3832 5184 us-

2171 5238 2283 5293 que
2342 5219 2750 5276 descendendo
2807 5219 3052 5273 virtutes
3111 5234 3228 5271 suae
3286 5222 3640 5290 congruunt.
3675 5218 3833 5276 Deus

2169 5311 2348 5366 etiam
2398 5326 2579 5382 supra
2607 5309 2884 5364 virtutem
2915 5312 2973 5363 et
3003 5308 3223 5363 bonum
3257 5323 3431 5363 omne
3473 5312 3650 5380 atque
3700 5324 3832 5380 per-

2169 5399 2419 5456 fectione
2448 5399 2609 5455 omni
2642 5402 2731 5454 est
2762 5396 3054 5470 superior.

2722 5507 2810 5560 49.
2843 5506 2917 5561 De
2948 5504 3269 5561 virtutibus.

2239 5597 2351 5653 Sex
2407 5600 2544 5652 sunt
2585 5595 2872 5651 virtutum
2931 5597 3169 5666 gradus.
3203 5594 3350 5650 Nam
3410 5594 3584 5650 datur
3641 5595 3836 5654 virtus

2167 5688 2431 5762 physica,
2465 5685 2659 5760 qualis
2691 5690 2747 5740 et
2791 5686 2851 5740 in
2884 5685 3088 5741 bestiis
3120 5685 3428 5756 reperitur,
3453 5688 3580 5740 tum
3611 5686 3826 5754 ethice,

2167 5796 2294 5852 quaa
2324 5778 2497 5833 etiam
2531 5781 2622 5833 est
2651 5775 2710 5830 in
2744 5774 3090 5831 hominibus
3138 5774 3303 5830 nulla
3333 5775 3602 5830 doctrina
3627 5774 3828 5831 imbu-

2165 5869 2274 5938 tis;
2309 5872 2486 5939 atque
2520 5865 2777 5940 politica,
2803 5880 2931 5936 qua:
2955 5858 3269 5921 rationc'et
3298 5861 3609 5936 prudentia
3641 5864 3830 5920 utitur
