4110 6436
311 455 429 517 719

1653 445 2074 512 MICHAELIS
2121 449 2396 522 PSELLI

3620 473 3744 534 ⁸720

312 590 384 645 ad
418 591 572 644 recte
623 586 951 659 agendum;
987 585 1347 657 purgatoria,
1381 600 1507 656 quae
1539 586 1609 640 ab
1669 587 1973 643 affectibus

2091 586 2165 641 Ἡ
2206 586 2263 645 δὲ
2318 601 2640 673 καθαρτικὴ,
2674 602 2708 670 ἡ
2764 601 3094 678 καθαίρουσα
3148 602 3240 656 τὸν
3295 601 3578 678 ἄνθρωπον
3634 605 3742 661 ἀπὸ

314 678 593 733 omnibus
624 675 924 732 hominem
947 673 1189 742 liberat;
1218 673 1539 730 theoretica
1562 691 1690 747 quas
1721 681 1977 732 mentem

314 768 776 839 contemplatur,
813 770 872 819 et
901 764 1233 836 Theurgica
1263 765 1539 837 denique,
1571 781 1700 836 quae
1731 764 1788 820 id
1822 765 1979 837 quod

312 872 375 929 in
409 857 612 912 anima
660 860 862 910 nostra
902 854 1169 909 divinum
1222 855 1474 910 maxime
1522 860 1611 910 est
1656 856 1891 925 excitat,
1924 860 1982 910 et

315 950 430 1003 Deo
477 945 592 1017 ipsi
644 945 796 1004 unit.
832 944 1215 1013 divinumque
1262 944 1322 997 in
1372 943 1573 999 anima
1618 945 1875 999 furorem
1921 948 1979 999 et

316 1035 796 1091 enthusiasmum
822 1037 1033 1088 movet.
1059 1031 1285 1087 Dantur
1307 1032 1488 1088 etiam
1514 1049 1693 1105 supra
1715 1032 1823 1088 has
1852 1032 1977 1087 alias

314 1124 692 1180 sublimiores
723 1122 992 1190 virtutes,
1028 1138 1155 1193 qua!
1182 1126 1323 1177 sunt
1352 1127 1696 1178 cmterarum
1728 1123 1978 1177 istarum

315 1212 606 1285 exempla,
638 1228 885 1284 quaeque
932 1227 1169 1267 omnem
1219 1212 1617 1267 substantiam
1666 1226 1977 1284 supergre-

316 1303 583 1373 diuntur,
617 1317 804 1373 neque
849 1305 990 1357 sunt
1030 1300 1378 1367 accidentia,
1409 1300 1495 1355 uti
1546 1301 1761 1356 accidit
1806 1300 1976 1356 nobis

316 1395 558 1448 caeteras
586 1391 836 1447 virtutes
876 1391 1103 1460 adesse,
1136 1404 1339 1445 verum
1386 1393 1527 1446 sunt
1572 1387 1976 1462 intelligibiles

314 1484 373 1538 et
403 1477 1009 1553 supersubstantiales
1040 1478 1328 1534 essentias.

868 1590 961 1644 50.
993 1590 1068 1645 De
1096 1589 1419 1645 virtutibus.

383 1683 526 1740 Tres
586 1685 727 1737 sunt
772 1679 1018 1735 virtutes
1065 1694 1195 1750 quae
1252 1678 1555 1734 hominem
1613 1677 1969 1750 perficiunt:

313 1773 599 1829 sanctitas
631 1771 747 1827 Deo
796 1768 1023 1843 operari
1075 1767 1342 1835 studens,
1375 1766 1672 1839 vitamque
1711 1766 1973 1824 hominis

314 1861 553 1917 Numini
587 1874 973 1925 consecrans;
1008 1855 1195 1912 altera
1229 1856 1486 1926 justitia,
1517 1873 1646 1928 quae
1679 1856 1971 1911 inferiori-

2088 682 2285 746 παντὸς
2347 687 2575 751 πάθους.
2621 691 2684 747 Ἠ
2741 688 2797 746 δὲ
2854 692 3164 765 θεωρητικὴ
3223 693 3258 760 ἡ
3314 693 3591 767 θεωροῦσα
3646 695 3739 750 τὸν

2088 776 2239 828 νοῦν.
2301 775 2359 829 Ἡ
2420 775 2477 831 δὲ
2527 780 2818 855 θεουργική
2880 781 2914 850 ἡ
2974 780 3036 835 τὸ
3096 782 3370 835 Θειότατον
3429 785 3591 855 ἡμῶν
3641 786 3740 853 τῆς

2086 863 2277 938 ψυχῆς
2308 866 2650 942 ἀνεγείρουσα
2696 869 2785 924 καὶ
2845 869 2994 941 αὐτῷ
3052 869 3300 939 ἰνίζουσα
3356 876 3436 944 τῷ
3477 877 3617 945 Θεῷ,
3648 875 3738 929 καὶ

2085 950 2183 1018 τήν
2219 953 2364 1015 θείαν
2397 954 2681 1032 ἐνεργοῦσα
2715 958 2927 1031 μανίαν.
2960 958 3080 1014 Εἰσὶ
3114 956 3172 1015 δὲ
3200 959 3288 1015 καὶ
3340 958 3588 1017 ἰπέκεινα
3614 963 3743 1018 τού-

2085 1059 2193 1093 των
2222 1038 2400 1118 ἓτεραι
2452 1044 2658 1117 ἀρεταὶ,
2691 1047 2745 1101 αἱ
2802 1048 2898 1120 μὶν
2946 1049 3113 1104 οἱονεὶ
3171 1046 3585 1125 παραδείγματα
3630 1056 3738 1107 τῶν

2089 1126 2303 1183 λοιπῶν
2363 1131 2590 1208 ἀρετῶν,
2625 1136 2678 1190 αἱ
2738 1132 2795 1190 Si
2854 1137 2986 1208 ὑπὲρ
3045 1142 3217 1194 πᾶσαν
3269 1137 3473 1196 οὐσίαν.
3533 1138 3742 1205 Α’ίτινες

2088 1217 2153 1271 οὐ
2244 1216 2631 1293 συμϐεϐηκότα
2709 1225 2846 1281 εἰσὶν
2949 1224 3131 1301 ὥσπερ
3235 1222 3737 1302 ἇπισυμόεεήκασιν

2085 1308 2223 1397 ἡμῖν
2252 1310 2307 1364 αἱ
2359 1307 2550 1367 λοιπαὶ
2582 1314 2791 1390 ἀρεταὶ,
2823 1314 2953 1372 ἀλλ’
2981 1315 3157 1372 οὐσίαι
3215 1318 3390 1389 νοεραὶ
3449 1319 3537 1374 καὶ
3603 1320 3737 1397 ὑπερ

2086 1395 2283 1455 οὗσιοι.

2589 1585 2652 1640 ν’.
2684 1586 2802 1641 Ἔτι
2832 1583 2959 1658 περί
2987 1585 3215 1660 ἀρετῶν.

2156 1670 2319 1743 Τρεῖς
2375 1670 2507 1726 εἰσιν
2564 1674 2618 1727 αἱ
2678 1674 2861 1745 ἀρεταὶ
2922 1675 2977 1730 αἱ
3024 1674 3331 1731 τελειοῦσαί
3375 1679 3469 1732 τὸν
3520 1675 3732 1753 ἄνθρω-

2082 1777 2204 1812 πον·
2240 1758 2484 1830 ὁσιότης,
2516 1762 2716 1837 ὴπρὸς
2771 1764 2864 1819 τὸν
2923 1764 3052 1820 Θεὸν
3113 1764 3344 1843 ἐνεργεῖν
3402 1765 3729 1839 σπεύδουσα,

2083 1849 2197 1901 οἷον
2231 1849 2265 1917 ἡ
2299 1849 2599 1923 ἀφοσιοῦσα
2626 1854 2726 1922 τὴν
2759 1858 2855 1907 τοῦ
2906 1853 3195 1929 ἀνθρώπου
3256 1857 3401 1925 ζωὴν
3457 1861 3537 1930 τῷ
3593 1863 3732 1931 Θεῷ·

316 1953 426 2007 bus
471 1950 803 2023 prospicere
852 1945 1104 2018 satagit;
1156 1951 1214 2001 et
1260 1948 1434 2001 tertia
1480 1945 1814 2017 prudentia,
1848 1961 1973 2015 quas

2088 1933 2330 2012 δεύτερον
2361 1936 2675 2011 δικαιοσύνη
2707 1943 2741 2011 ἡ
2782 1944 2882 2010 τὴν
2911 1943 3172 2017 πρόνοιαν
3225 1949 3335 1999 τῶν
3391 1943 3734 2004 καταδεεστέ-

316 2044 563 2096 conatur
610 2041 879 2109 respectu
911 2035 1097 2090 nostri
1146 2035 1337 2105 ipsius
1366 2036 1546 2090 vitam
1578 2034 1975 2104 intelligenter

316 2129 644 2184 instituere.
679 2126 930 2182 Unimur
980 2124 1162 2195 igitur
1202 2140 1305 2195 per
1348 2124 1723 2180 sanctitatem
1769 2123 1886 2178 Deo
1917 2128 1976 2179 et

316 2219 443 2285 uni,
476 2234 577 2289 per
611 2215 909 2287 justitiam
960 2214 1080 2268 illis
1133 2214 1234 2285 qui
1278 2214 1570 2269 inferioris
1619 2214 1974 2269 conditionis

313 2313 455 2362 sunt
513 2304 911 2379 providemus,
960 2307 1016 2357 et
1073 2319 1175 2372 per
1219 2301 1592 2372 prudentiam
1641 2302 1975 2373 cognitione

313 2414 430 2452 non
462 2395 689 2466 vulgari
723 2392 1070 2447 imbuimur.
1105 2393 1259 2462 Aque
1290 2391 1484 2447 ethica
1513 2390 1701 2445 virtus
1733 2390 1972 2462 quidem

311 2503 345 2541 a
384 2482 699 2558 prudentia
747 2481 1160 2553 proﬁciscitur,
1193 2495 1385 2551 neque
1432 2486 1630 2535 tamen
1682 2497 1784 2552 per
1833 2497 1971 2551 pru-

311 2574 575 2631 dentiam
604 2576 901 2643 operatur,
924 2570 1025 2625 sed
1051 2573 1428 2640 comparatur
1459 2584 1562 2639 per
1588 2585 1763 2623 usum
1797 2567 1974 2642 longo

312 2669 598 2735 tempore.
629 2662 915 2717 Ceterum
947 2666 1070 2715 tam
1102 2659 1302 2714 divina
1349 2664 1441 2715 est
1472 2665 1683 2715 natura
1713 2659 1973 2731 virtutis,

308 2757 374 2808 ut
404 2768 508 2823 per
558 2750 756 2807 omnia
804 2749 963 2803 entia
1012 2749 1309 2820 pervadat.
1344 2748 1529 2804 Datur
1578 2748 1736 2805 enim
1786 2748 1976 2805 virtus

327 2839 806 2915 supraccelestis,
875 2837 1286 2909 coalestisque,
1347 2837 1854 2909 supramundialis
1939 2854 1971 2894 e

306 2930 633 2998 mundana,
665 2926 939 2984 mentalis
969 2932 1027 2982 et
1054 2928 1281 2995 animae,
1313 2926 1574 2998 angelica
1608 2926 1745 2983 item
1775 2931 1979 2999 atquet

310 3022 594 3079 humana.
630 3018 812 3073 Datur
861 3016 1038 3072 etiam
1092 3016 1221 3071 fons
1270 3015 1576 3085 virtutum,
1607 3032 1784 3088 quem
1833 3022 1977 3072 tunc

315 3125 735 3182 assequemur,
793 3107 1027 3177 quando
1095 3103 1427 3177 cognitione
1496 3104 1733 3177 partiali
1790 3105 1974 3162 missa

311 3201 486 3266 facta,
517 3196 1009 3272 perfectissimam
1031 3193 1305 3250 virtutem
1338 3198 1471 3249 actu
1501 3198 1560 3249 et
1587 3209 1761 3266 opere
1781 3194 1971 3267 capri-

314 3306 565 3346 memus.

800 3379 890 3433 51.
924 3376 1110 3432 Adhuc
1153 3374 1219 3430 de
1246 3377 1472 3430 virtute.

379 3469 721 3526 Aristoteles
746 3465 1132 3539 philosophus
1154 3470 1411 3535 quatuor
1437 3462 1743 3535 generales
1771 3477 1973 3518 nume-

310 3567 402 3617 rat
440 3560 684 3615 virtutes
720 3573 733 3613 :
770 3555 1169 3629 prudentiam,
1195 3553 1516 3624 justitiam,
1563 3550 1971 3606 fortitudinem

305 3658 363 3708 et
396 3648 875 3722 temperantiam.
912 3646 983 3701 Et
1014 3642 1387 3716 prudentiam
1420 3639 1657 3711 quidem
1692 3640 1868 3694 refert
1898 3639 1971 3694 ad

307 3739 701 3805 intellectum,
734 3743 973 3792 caeteras
1002 3750 1136 3788 vero
1168 3737 1285 3786 tres
1333 3730 1405 3784 ad
1457 3727 1799 3799 passibilem
1832 3728 1971 3783 etre-

309 3830 618 3900 ctibusque
649 3825 966 3883 obnoxiam
1008 3821 1217 3878 animae
1251 3826 1500 3893 partem.
1532 3818 1721 3888 Atque
1754 3818 1833 3872 ita
1867 3831 1973 3874 nec

310 3919 683 3993 prudentiam
728 3913 992 3987 passiblli
1045 3910 1196 3983 p'arti
1249 3907 1481 3975 tribuit,
1516 3924 1706 3979 neque
1736 3913 1971 3963 caeteras

305 4017 428 4066 tres
480 4011 730 4063 virtutes
779 4006 837 4059 in
886 4002 1193 4057 intellectu
1253 3999 1518 4055 collocat.
1552 3997 1715 4053 Plato
1771 4001 1968 4052 autem

312 4105 565 4172 quatuor
594 4098 880 4151 virtutum
908 4090 1215 4147 constituit
1234 4088 1491 4155 ordines,
1514 4104 1545 4142 e
1576 4086 1793 4157 quibus
1824 4086 1971 4143 alias

309 4192 476 4243 vocat
507 4184 777 4257 politicas
799 4198 924 4253 qua:
958 4179 1179 4235 homini
1214 4177 1272 4230 in
1296 4176 1413 4230 vita
1432 4176 1691 4231 versanti
1723 4181 1971 4246 possunt

311 4291 442 4331 esse
472 4276 818 4329 ornamento
848 4286 861 4324 :
895 4265 1270 4341 purgatorias
1307 4265 1479 4332 alias,
1505 4262 1770 4335 aliasque
1802 4264 1968 4319 theo-

311 4365 545 4420 reticas.
577 4361 780 4417 Furori
811 4363 1007 4415 autem
1040 4354 1304 4427 proxima
1333 4353 1517 4408 virtus
1547 4369 1580 4409 a
1608 4352 1851 4407 Platone
1881 4353 1968 4407 di-

313 4455 465 4511 citur
495 4470 625 4526 qua:
654 4452 770 4508 Deo
803 4450 1062 4522 agitante
1102 4452 1191 4501 est
1226 4444 1510 4501 instincta
1540 4442 1968 4511 enthusiasmo,

307 4546 691 4614 animamque
720 4541 859 4596 facit
879 4538 1034 4594 circa
1055 4534 1253 4591 divina
1274 4533 1573 4599 exardere,
1595 4536 1653 4588 et
1671 4530 1965 4600 bacchari,

2085 2046 2199 2100 ριον
2228 2032 2479 2083 ποιοῦσαο
2512 2030 2774 2107 φρόνησις
2804 2034 2838 2100 ἡ
2870 2033 3008 2105 πρὸς
3037 2035 3186 2106 ἡμᾶς
3218 2033 3412 2098 αὐτοὺς
3442 2036 3540 2104 τὴν
3586 2039 3731 2107 ζωήν

2082 2117 2270 2191 νοεράν
2320 2117 2710 2194 ἀπεργάζεσθαι
2775 2119 3109 2196 βουλομένη.
3163 2123 3266 2179 Καὶ
3319 2125 3422 2200 γὰρ
3477 2124 3739 2199 ἐνούμεθα

2081 2206 2218 2259 κατὰ
2266 2208 2366 2275 τήν
2425 2209 2684 2279 ὁσιότητα
2734 2212 2871 2284 πρὸς
2922 2211 3013 2265 τὸν
3057 2213 3187 2267 Θεὸν
3219 2212 3306 2268 καὶ
3335 2215 3398 2268 τὸ
3427 2213 3503 2283 ἓν,
3536 2235 3737 2291 προνο-

2085 2301 2250 2368 οῦμεν
2277 2295 2333 2353 δὲ
2361 2303 2469 2353 τῶν
2514 2297 2820 2356 ἐλαττόνων
2865 2303 3002 2357 κατά
3048 2303 3111 2359 τὸ
3160 2301 3391 2362 δίκαιον.
3424 2310 3629 2361 Γνῶσιν
3681 2304 3740 2363 δὶ

2085 2384 2321 2461 ἂρῤητον
2354 2383 2558 2462 ἔχομεν
2590 2390 2727 2445 κατά
2764 2392 2861 2460 τὴν
2897 2387 3181 2465 φρόνησιν.
3214 2392 3276 2448 Ἦ
3329 2393 3512 2468 μέντοι
3570 2396 3735 2465 ἠθική

2085 2476 2247 2551 ἀρετή
2299 2476 2405 2531 ἀπὸ
2454 2480 2771 2556 φρονήσεως
2805 2480 2900 2553 μὶν
2933 2481 3201 2556 πρόεισιν,
3237 2482 3297 2537 οὗ
3359 2484 3542 2556 μέντοι
3606 2485 3739 2556 μετά

2084 2568 2401 2639 φρονήσεως
2462 2566 2684 2642 ἐνεργεῖ,
2741 2566 2889 2625 ἀλλὰ
2931 2566 3098 2646 τριϐῇ
3178 2571 3388 2647 χρονίῳ
3448 2572 3734 2648 ἰγγίνεται.

2085 2656 2271 2725 Διήκει
2320 2653 2376 2710 δὲ
2430 2659 2465 2725 ἡ
2523 2664 2624 2727 τῆς
2675 2658 2870 2733 ἀρετῆς
2953 2662 3170 2731 Θειότης
3227 2658 3317 2716 διὰ
3374 2663 3585 2718 πάντων
3626 2666 3735 2718 τῶν

2086 2739 2278 2801 ὄντων.
2338 2746 2490 2800 Ἔστι
2533 2748 2633 2821 γὰρ
2687 2746 2776 2803 καὶ
2838 2748 3231 2826 ὑπερουράνιος
3271 2751 3436 2827 ἀρετή
3490 2751 3580 2807 καὶ
3650 2753 3737 2808 οὐ·

2086 2837 2304 2909 ράνιος·
2346 2832 2436 2889 καί
2490 2835 2856 2913 ὑπερκόσμιος
2910 2839 3000 2894 καὶ
3057 2838 3372 2915 ἐγκόσμιος,
3428 2840 3518 2897 καὶ
3575 2842 3736 2917 νοερά

2083 2924 2171 2978 καὶ
2203 2926 2439 2999 ψυχικὴ,
2469 2924 2559 2979 καὶ
2611 2925 2878 3003 ἀγγελική
2927 2927 3017 2984 καὶ
3060 2928 3401 3006 ἀνθρωπική.
3436 2937 3588 2986 Ἔστι
3646 2930 3735 2986 καὶ

2081 3014 2234 3089 πηγὴ
2292 3015 2518 3089 ἀρετῶν,
2575 3018 2642 3085 ἧς
2694 3017 2817 3073 τότε
2882 3014 3399 3095 καταλαμϐάνομεν,
3453 3020 3577 3077 ὅταν
3634 3021 3735 3091 τὴν

2087 3104 2346 3178 μεριστὴν
2423 3104 2646 3183 ἀφέντες
2721 3105 2934 3178 νόησιν,
3010 3108 3379 3182 τελειωτάτην
3447 3109 3733 3185 σύμπασαν

2081 3194 2277 3269 ἀρετήν
2311 3192 2694 3269 ἰνεργήσομεν.

2569 3383 2667 3431 va‘.
2701 3377 2820 3433 Ἔτι
2859 3377 2984 3452 περὶ
3015 3378 3240 3455 ἀρετῶν.

2155 3460 2539 3533 Ἀριστοτέλης
2570 3464 2664 3535 μὲν
2698 3465 2726 3519 ὁ
2759 3462 3063 3542 φιλόσοφος
3113 3466 3371 3543 τέσσαρας
3398 3470 3613 3544 γενικὰς
3662 3470 3739 3545 15‘-

2081 3551 2303 3625 ἀριθμεῖ
2347 3550 2559 3623 ἀρετάς
2596 3553 2885 3629 φρόνησιν,
2938 3550 3307 3625 δικαιοσύνην,
3347 3555 3592 3633 ἀνδρείαν
3645 3559 3737 3613 καὶ

2082 3638 2462 3713 σωφροσύνην.
2524 3640 2622 3695 Καὶ
2706 3642 2804 3710 τήν
2896 3642 2991 3715 μὲν
3074 3642 3336 3720 φρόνησιν
3392 3646 3571 3701 τάττει
3635 3646 3737 3702 ὑπὸ

2080 3730 2178 3798 τὴν
2214 3724 2475 3784 διάνοιαν
2506 3729 2602 3792 τὰς
2636 3727 2693 3785 δὲ
2726 3729 2921 3793 λοιπάς
2966 3737 3113 3808 τρεῖς
3166 3733 3270 3788 ὑπὸ
3324 3734 3387 3788 τὸ
3436 3736 3737 3806 παθητικὸν

2080 3820 2181 3886 τῆς
2223 3819 2431 3893 ψυχῆς.
2465 3818 2571 3876 Καὶ
2603 3820 2728 3875 οὗτε
2766 3822 2866 3889 τήν
2916 3820 3176 3899 φρόνησιν
3229 3821 3281 3878 ἐν
3327 3827 3406 3893 τῷ
3446 3830 3734 3897 παθητικῷ

2084 3910 2235 3984 μέρει
2268 3910 2605 3978 κατατάττει,
2640 3906 2763 3965 οὔτε
2785 3910 2881 3973 τὰς
2923 3916 3072 3986 τρεῖς
3126 3911 3319 3986 ἀρετὰς
3377 3912 3429 3968 ἰν
3487 3917 3556 3987 τῇ
3619 3910 3733 3968 δια-

2079 3999 2200 4070 νοίᾳ
2246 3998 2470 4055 τίθεται.
2503 4001 2566 4056 Ὀ
2620 3996 2677 4055 δὲ
2726 3997 2957 4056 Πλάτων
2989 4001 3250 4076 τέσσαρας
3298 4001 3473 4073 τάξεις
3529 4000 3731 4079 ἀρετῶν

2078 4088 2440 4158 ποιεῖται,καὶ
2469 4088 2563 4151 τὰς
2599 4091 2693 4162 μὶν
2727 4089 2987 4163 ὀνομάζει
3015 4088 3466 4162 πολιτικὰς,ὅσαι
3493 4096 3732 4165 κοσμοῦν

2078 4200 2131 4233 σι
2160 4179 2252 4233 τὸν
2274 4177 2326 4233 ἐν
2360 4183 2439 4251 τῷ
2473 4178 2577 4252 βίῳ
2605 4176 3034 4253 πολιτευόμενον
3066 4177 3374 4255 ἄνθρωπον
3408 4180 3475 4236 τὰ
3521 4178 3579 4236 δὲ
3607 4194 3735 4246 καθ-

2080 4267 2324 4343 αρτικάς,
2355 4266 2451 4330 τὰς
2507 4263 2565 4321 ὁὶ
2606 4267 2965 4343 θεωρητικάς.
2997 4269 3207 4338 Μανική
3270 4265 3327 4324 δὲ
3379 4269 3542 4345 ἀρετὴ
3587 4268 3739 4345 λέγε-

2078 4378 2164 4412 ται
2196 4359 2231 4425 ἡ
2266 4356 2680 4431 θεοφορουμένη
2729 4356 2819 4411 καὶ
2870 4355 3221 4427 ἐνθουσιῶσα,
3253 4357 3342 4413 καὶ
3389 4359 3489 4427 τὴν
3549 4361 3734 4434 ψυχήν

2078 4445 2202 4522 περὶ
2235 4445 2295 4501 τὸ
2326 4447 2466 4501 θεῖον
2499 4440 2965 4522 ἀναϐακχεύουσα,
2997 4446 3088 4501 καὶ
3121 4449 3237 4501 οἷον
3270 4445 3567 4521 ἐνθεασμοῦ
3595 4448 3739 4517 πλή-

2079 4558 2178 4613 ρης
2229 4535 2319 4592 καὶ
2376 4530 2843 4611 κορυϐαντιάσεως
2899 4534 3182 4612 γινομένη.
3243 4536 3301 4589 Ὀ
3361 4536 3547 4609 μέντοι
3606 4538 3734 4599 Θεὸς

307 4640 593 4705 tanquam
626 4629 801 4704 plena
843 4624 1233 4685 commotione
1260 4623 1457 4679 divina
1485 4626 1542 4677 et
1570 4620 1869 4694 limpbatas
1900 4638 1966 4678 ac

2088 4626 2271 4702 ἰρετῆς
2300 4623 2409 4680 ἐστι
2445 4624 2664 4699 μείζων,
2697 4623 2759 4679 οὗ
2795 4624 2963 4698 μόνον
3011 4630 3109 4694 τῆς
3170 4623 3244 4686 ὡς
3285 4620 3444 4695 ’ἕξεως
3490 4622 3580 4680 καὶ
3632 4631 3735 4697 τῆς

305 4688 572 4782 fanatica:
604 4688 812 4778 instar.
844 4718 997 4775 Deus
1029 4732 1200 4789 porro
1229 4714 1447 4769 virtute
1482 4712 1670 4784 major
1699 4716 1808 4777 est,
1846 4727 1962 4766 non

2088 4714 2399 4795 ιύτοφυοῦς,
2428 4712 2573 4771 ἀλλά
2597 4713 2685 4769 καὶ
2716 4720 2817 4785 τῆς
2846 4711 3201 4788 αότοαρετῆς.

305 4815 479 4871 modo
512 4812 614 4869 illa
644 4828 769 4883 quas
816 4813 906 4866 est
955 4805 1213 4877 habitus,
1246 4808 1302 4861 et
1332 4801 1565 4875 qualem
1601 4806 1812 4857 natura
1854 4801 1965 4857 fert

307 4904 646 4974 hominum,
678 4901 779 4959 sed
809 4899 988 4955 etiam
1018 4896 1150 4969 ipsa
1179 4899 1314 4951 aster
1386 4944 1389 4947 .
1420 4891 1553 4948 idea
1580 4889 1834 4946 virtutis.

805 5009 901 5063 52.
935 5005 1125 5061 Adhuc
1151 5003 1215 5058 de
1305 5004 1466 5057 aute.

381 5104 505 5159 Non
540 5118 659 5158 una
685 5099 1008 5167 eademque
1062 5108 1308 5149 numero
1357 5093 1447 5145 est
1494 5088 1640 5144 ratio
1690 5104 1809 5159 qua
1855 5086 1971 5143 Deo

316 5191 737 5256 assimilamur,
755 5188 855 5244 sed
875 5186 1109 5241 diversa
1131 5198 1198 5238 ac
1220 5178 1547 5251 multiplex.
1562 5176 1977 5232 Assimilamur

310 5281 466 5335 enim
501 5279 614 5350 ipsi
663 5295 767 5350 per
804 5277 1052 5332 virtutes
1082 5270 1375 5344 politicas,
1409 5268 1512 5324 sed
1542 5265 1751 5322 exilius
1799 5270 1977 5337 atque

319 5368 629 5425 obscurius
678 5384 691 5423 :
740 5363 1146 5422 assimilamur
1200 5360 1391 5416 eidem
1446 5373 1547 5430 per
1604 5355 1979 5428 purgatorias

306 5458 581 5527 virtutes,
606 5455 709 5511 sed
739 5453 1076 5527 expressius
1110 5468 1124 5507 :
1157 5446 1566 5505 assimilamur
1594 5462 1698 5517 per
1730 5445 1976 5502 virtutes

311 5545 668 5614 theoreticas
724 5545 1058 5599 etiamnum
1112 5537 1517 5611 splendidius;
1572 5532 1977 5590 assimilamur

306 5638 485 5694 etiam
519 5650 622 5707 per
652 5633 1008 5705 theurgicas,
1044 5638 1219 5701 atque
1250 5628 1369 5683 haec
1397 5626 1637 5683 demum
1674 5623 1972 5696 perfectis-

306 5726 461 5785 sima
516 5728 608 5780 est
666 5720 1036 5778 assimilatio.
1092 5723 1352 5788 Purgare
1410 5715 1567 5771 enim
1629 5714 1944 5784 animas,e

311 5818 471 5877 entia
501 5809 893 5884 contemplari
940 5824 1056 5864 non
1091 5806 1335 5863 omnino
1381 5804 1592 5862 simile
1638 5802 1865 5875 aliquid
1896 5802 1978 5863 De

2575 4984 2677 5060 νβ’.
2716 4983 2836 5040 Ἔτι
2867 4981 2989 5056 περὶ
3024 4981 3229 5057 ἀρετῶν

2149 5081 2265 5134 Ὃτι
2327 5076 2421 5132 οὐκ
2478 5071 2587 5131 ἔστι
2651 5072 2748 5148 μία
2804 5072 2894 5128 καὶ
2944 5073 2979 5142 ἡ
3030 5071 3166 5141 αὐτὴ
3225 5071 3361 5128 κατᾶ
3415 5071 3648 5149 ἀριθμὸν
3699 5077 3734 5145 ἡ

2082 5172 2219 5247 πρὸς
2245 5167 2340 5223 τὸν
2371 5166 2497 5222 Θεὸν
2537 5163 2823 5239 ὁμοίωσις,
2857 5159 3005 5218 ἀλλὰ
3053 5159 3328 5240 διάφορος.
3365 5163 3735 5239 Ὀμοιοῦμεθα

2084 5261 2188 5337 γάρ
2220 5259 2372 5331 αὖτῷ
2418 5255 2554 5311 κατὰ
2594 5254 2690 5316 τὰς
2738 5250 3026 5316 πολιτικὰς
3073 5251 3284 5328 ἀρετὰς,
3319 5250 3446 5309 ἀλλ’
3494 5252 3739 5333 ἀμυδρό-

2088 5370 2243 5425 τερον
2326 5347 2414 5401 καὶ
2495 5340 2905 5419 σκιωδέστερον.
2963 5342 3332 5417 Ὀμοιούμεθα
3385 5343 3565 5417 τούτῳ
3648 5343 3738 5400 καὶ

2090 5437 2227 5494 κατά
2281 5435 2375 5497 τὰς
2456 5432 2803 5510 καθαρτικάτ,
2861 5429 2989 5487 ἀλλ’
3045 5431 3425 5509 ἐκτυπότερον.
3474 5430 3739 5507 Ὀμοιοό-

2095 5539 2231 5603 μεθά
2262 5524 2319 5581 δὲ
2346 5524 2437 5580 καὶ
2486 5525 2624 5579 κατά
2673 5523 2768 5585 τὰς
2816 5521 3175 5595 θεωρητικὰς,
3208 5520 3334 5578 ἀλλ’
3366 5518 3443 5577 ἔτι
3483 5518 3735 5595 λαμπρό-

2084 5638 2263 5693 τερον.
2310 5613 2685 5688 Ὀμοιοόμεθα
2730 5610 2819 5694 καὶ
2875 5609 3013 5666 κατά
3061 5611 3157 5673 τὰς
3207 5608 3547 5684 θεουργικάς,
3597 5606 3732 5680 αὕτη

2080 5705 2212 5784 γοῦν
2271 5705 2413 5761 ἐστιν
2441 5706 2476 5775 ἡ
2504 5701 2824 5771 τελειοτάτη
2883 5701 3168 5773 ὁμοίωσις.
3199 5699 3278 5784 Τὸ.
3322 5699 3418 5772 μὶν
3464 5697 3566 5775 γὰρ
3612 5700 3734 5754 καθ.

2082 5782 2322 5875 αἴρεσθαι
2368 5795 2466 5860 τὰς
2517 5792 2699 5869 ψυχὰς
2755 5789 2846 5846 καὶ
2899 5789 3123 5867 θεωρεῖν
3152 5788 3221 5845 τὰ
3249 5782 3374 5844 ὄντα
3403 5787 3467 5845 uti
3497 5788 3639 5846 πάνυ
3681 5809 3733 5846 τι
