4110 6412
445 381 561 446 721

1629 376 1732 437 DE
1773 372 2217 438 OMNIFABIA
2263 374 2682 440 DOCTRINA.

3775 343 3894 441 722

447 513 642 588 ὅμοιον
728 515 808 584 τῷ
874 515 1012 584 Θεῷ,
1082 509 1284 572 ἐκεῖνος
1339 510 1440 586 γὰρ
1503 509 1635 586 ὖπὶρ
1691 508 1950 583 κάθαρσιν
2007 505 2089 561 καῖ

2213 511 2318 578 est,
2351 507 2478 582 ipse
2525 512 2684 567 enim
2733 512 3083 585 purgatione
3135 516 3192 568 et
3238 512 3756 586 contemplatione
3802 530 3893 582 est

449 603 676 680 θεωρίαν
709 600 842 660 ἆστί.
873 603 943 656 Τὸ
977 597 1034 656 δὲ
1089 597 1340 655 δύνασθαι
1373 601 1642 655 Θεοποιεῖν
1673 595 1979 672 ἄνθρωπον,
2009 595 2100 651 καὶ

443 698 548 762 τῆς
598 688 737 762 ὕλης
765 688 987 764 ἐξάγειν,
1021 687 1110 744 καὶ
1148 689 1256 743 τῶν
1306 691 1492 753 παθῶν
1545 685 1929 755 ἀπαλλάττειν,
1966 686 2104 741 ὥστε

449 779 706 845 δύνασθαι
755 779 845 834 καὶ
903 778 1064 834 αὐτὸν
1123 780 1402 856 θεουργεῖν
1457 775 1639 853 ἓτερον
1675 825 1690 850 ,
1746 775 1907 831 τοῦτό
1965 775 2104 830 ἐστιν

446 876 484 944 ἡ
537 869 854 941 τελειοτάτη
922 869 1212 942 ὁμοίωσις.
1293 870 1354 926 Ὀ
1409 867 1608 944 ἐξάγων
1670 867 1795 942 γὰρ,
1852 865 2014 943 φησὶν
2075 865 2104 919 6

447 959 580 1022 Θεός
636 959 686 1014 ὲν
738 956 1121 1032 Εὐαγγελίοις,
1184 953 1327 1028 ἄξιον
1390 955 1440 1030 ἐξ
1498 955 1738 1026 ἀναξίου,
1798 955 1872 1018 ὡς
1930 953 2106 1026 στόμα

449 1071 556 1124 μου
603 1046 770 1104 ἔσται.
828 1049 989 1124 Ὁρᾷς
1049 1047 1198 1110 ὅπως
1256 1044 1307 1100 ἐν
1341 1050 1409 1121 τῇ
1467 1045 1720 1122 θεουργίᾳ
1748 1045 1848 1114 τὴν
1904 1041 2106 1114 ἀληθε-

445 1138 646 1210 στάτην
709 1139 939 1193 τέθεικεν
995 1135 1341 1210 ἐξομοίωσιν.
1399 1133 1555 1192 Ἀλλ’
1585 1137 1746 1208 ἡμεῖς
1805 1133 2104 1208 ἀγαπῶμεν

445 1227 496 1285 εἴ
549 1228 639 1284 καὶ
691 1232 919 1301 κοσμεῖν
961 1224 1183 1288 ἑαυτοὺς
1217 1223 1308 1280 διὰ
1330 1229 1439 1280 τῶν
1487 1223 1792 1280 πολιτικῶν
1834 1220 2106 1297 δυνάμεθα

446 1319 671 1396 ἀρετῶν.

937 1501 1034 1572 νγ’.
1073 1496 1194 1552 Ἔτι
1227 1494 1349 1569 περὶ
1381 1493 1609 1569 ἀρετῶν.

517 1587 748 1646 Πλάτων
784 1588 811 1642 6
845 1583 1151 1662 φιλόσοφος
1201 1588 1418 1660 πρῶτον
1481 1583 1574 1656 μὲν
1636 1579 1724 1636 διὰ
1753 1584 1853 1647 τῆς
1883 1577 2102 1636 πολιτι-

443 1682 544 1750 κῆς
596 1679 792 1753 ἀρετῆς
845 1676 1028 1750 ἀνάγει
1074 1675 1164 1728 τὸν
1218 1669 1500 1750 ἄνθρωπον
1548 1671 1623 1734 είς
1677 1672 1828 1740 Θεὸν,
1881 1671 1956 1732 ὡς
2015 1668 2103 1724 καὶ

445 1767 648 1840 ταύτης
681 1766 969 1840 ἐξομοιοῦν
1015 1761 1316 1837 δυναμένης
1348 1763 1410 1817 τὸ
1443 1767 1598 1818 Θεῖον
1647 1762 1785 1816 κατᾶ
1832 1759 1895 1814 16
1943 1757 2102 1814 δυνα-

2212 599 2500 670 superior.
2538 603 2611 656 At
2657 618 2832 674 posse
2878 618 2948 657 ex
2994 601 3235 657 homine
3285 603 3474 658 facere
3523 602 3734 672 Deum,
3767 609 3882 660 eta

2212 691 2460 746 materia
2505 691 2872 761 abstrahere,
2903 691 3338 762 alfectuumque
3371 692 3612 748 reddere
3663 709 3880 764 exper-

2211 783 2354 845 tem,
2392 785 2456 834 ut
2483 779 2670 851 possit
2717 786 2775 836 et
2821 781 2948 852 ipse
2981 780 3126 836 alios
3155 780 3408 836 Numine
3461 780 3727 853 implere,
3757 781 3884 836 haec

2213 869 2647 940 perfectissima
2699 877 2787 924 est
2841 887 2975 925 cum
3029 869 3128 924 illo
3181 868 3529 925 similitudo.
3583 871 3678 925 Ait
3727 871 3882 927 enim

2217 959 2371 1014 Deus
2404 959 2479 1030 (7)
2541 959 2599 1014 in
2654 959 2985 1032 Evangeliis
3019 975 3030 1013 :
3067 961 3172 1028 Qui
3221 961 3486 1015 eduxerit
3533 959 3768 1032 dignum
3814 977 3886 1016 ex

2219 1047 2469 1120 indigno,
2493 1050 2663 1120 quasi
2692 1065 2748 1105 os
2779 1065 2962 1104 meum
2996 1051 3116 1104 erit.
3138 1048 3314 1104 Vides
3337 1049 3634 1118 quomodo
3664 1049 3883 1105 Theur-

2218 1137 2313 1210 gia
2344 1136 2465 1193 sive
2497 1138 2686 1194 virtus
2719 1138 2865 1194 alios
2899 1138 3152 1194 Numine
3193 1137 3480 1210 implendi
3513 1138 3880 1195 verissimam

2217 1227 2385 1299 ponit
2441 1244 2575 1282 cum
2634 1227 2750 1284 Deo
2823 1228 3304 1284 similitudinem.
3367 1231 3648 1284 Craterum
3711 1229 3882 1285 nobis

2216 1315 2433 1388 egregii
2487 1317 2775 1383 videmur,
2811 1317 2862 1373 si
2913 1318 3086 1374 modo
3142 1316 3396 1386 politicis
3451 1334 3557 1375 nos
3599 1334 3880 1374 exornare

2216 1405 2535 1462 virtutibus
2567 1407 2889 1479 possimus.

2709 1497 2802 1552 53.
2837 1497 3034 1552 Adhuc
3061 1496 3127 1552 de
3158 1498 3380 1553 uirtute.

2291 1585 2682 1658 Philosophus
2717 1587 2879 1643 Plato
2911 1587 3166 1660 primum
3216 1603 3318 1659 per
3359 1585 3659 1658 politicam
3690 1586 3870 1643 virtu-

2215 1679 2332 1730 tem
2367 1675 2668 1730 hominem
2701 1677 2942 1732 adducit
2968 1677 3036 1732 ad
3070 1676 3281 1746 Deum,
3314 1677 3471 1747 quod
3503 1680 3560 1732 et
3591 1676 3694 1732 illa
3724 1695 3870 1750 quo-

2216 1764 2745 1837 dammodoﬁpossit
2771 1765 3024 1820 divinam
3050 1764 3500 1820 similitudinem
3530 1765 3768 1835 referre;
3799 1767 3870 1823 ab

441 1854 559 1916 τόν.
594 1857 730 1915 Ἀπὸ
762 1853 819 1911 δὲ
849 1854 1052 1924 ταύτης
1098 1853 1276 1930 ἀνάγει
1332 1849 1422 1908 διὰ
1441 1859 1540 1922 τῆς
1573 1857 1905 1927 καθαρτικῆς
1960 1853 2089 1918 ζωῆς

2215 1853 2324 1909 hac
2355 1871 2459 1926 per
2487 1855 2857 1927 purgativam
2892 1854 3064 1910 vitam
3100 1853 3369 1926 perducit
3397 1855 3468 1910 ad
3505 1855 3870 1929 contempla-

443 1947 518 2012 εἷς
577 1949 678 2018 τὴν
738 1943 988 2021 θεωρίαν.
1047 1940 1268 2013 Ἐπειδὴ
1301 1943 1425 2018 γὰρ,
1479 1941 1666 2021 φησὶν,
1700 1943 1727 1996 6
1759 1940 1888 2003 Θεὸς
1915 1938 2099 2009 διττὴν

443 2034 556 2116 ἔχει
598 2037 698 2106 τὴν
755 2035 1049 2111 ἐνέργειαν,
1106 2034 1206 2102 τὴν
1255 2033 1375 2097 καθ’
1409 2035 1470 2102 ἣν
1505 2032 1554 2086 ἐν
1585 2031 1786 2106 θεωρίᾳ
1813 2035 1920 2085 τῶν
1953 2030 2098 2086 ’ὀλων

448 2127 576 2198 ἐστὶ,
633 2126 742 2202 πρὸ
799 2123 980 2194 πάσης
1022 2122 1250 2185 κτίσεως
1281 2121 1408 2185 τοὺς
1442 2119 1639 2198 λόγους
1674 2121 1849 2176 αὐτῶν
1881 2120 2097 2176 ἐπιστά-

457 2237 628 2290 μενος,
673 2216 774 2285 τὴν
828 2212 908 2283 δὲ,
957 2213 1073 2267 καθ’
1129 2213 1191 2282 ἦν
1245 2216 1354 2268 τῶν
1415 2209 1682 2288 χειρόνων
1715 2215 1950 2265 ποιεῖται
1998 2211 2096 2280 τὴν

452 2304 721 2382 πρόνοιαν·
779 2301 869 2358 διὰ
896 2306 1064 2358 ταῦτα
1093 2301 1182 2357 καὶ
1216 2303 1243 2357 6
1275 2303 1560 2379 ἅνθρωπος
1609 2301 1952 2374 μιμούμενος
2005 2301 2095 2355 τὸν

448 2395 598 2464 Θεὸν,
653 2393 704 2450 ἰν
764 2393 860 2468 μεν
917 2397 1038 2456 ταῖς
1070 2391 1384 2454 πολιτικαῖς
1445 2391 1662 2465 ἀρεταῖς
1721 2389 2098 2468 ἐπιστρέφεται

438 2483 672 2562 πρὸςτᾶ
701 2479 852 2556 τῇδε,
904 2480 993 2537 καὶ
1046 2486 1244 2556 κοσμεῖ
1297 2481 1424 2544 τοὺς
1466 2477 1916 2556 καταδεεστέρους
1980 2485 2098 2540 ταῖς

439 2573 858 2650 μετριοπάθειαν
924 2570 1216 2646 φερούσαις
1268 2571 1502 2648 ἀρεταῖς.
1560 2573 1646 2623 Ἐν
1710 2566 1766 2623 δὲ
1823 2573 1901 2640 τῷ
1959 2570 2096 2623 Θεω-

437 2667 549 2734 ρεῖν
585 2655 806 2728 ἀναϐὰς,
841 2661 940 2735 ὁρᾷ
969 2659 1099 2722 τοὺς
1131 2657 1334 2734 λόγους
1367 2657 1618 2714 ἀπάντων
1659 2657 1785 2720 τοὺς
1817 2657 2094 2736 φυσικοὺς,

433 2752 565 2814 τοὺς
616 2748 910 2826 ψυχικοὺς,
961 2749 1088 2813 τοὺς
1125 2748 1367 2826 νοεροὺς,
1399 2747 1527 2812 τοὺς
1560 2749 1870 2826 ὑπερφυεῖς,
1895 2746 1986 2802 καὶ
2016 2748 2096 2823 γί-

435 2860 584 2895 νεται
616 2839 836 2915 ὄργανον
865 2841 964 2894 τοῦ
995 2843 1152 2911 Θεοῦ,
1185 2838 1326 2910 ὁμοῦ
1351 2859 1408 2892 τε
1434 2837 1572 2912 πρὸς
1605 2835 1805 2891 ἐκεῖνον
1834 2837 2091 2912 ὁρῶν,καὲ

437 2932 547 2982 τῶν
581 2924 712 3001 τῇδε
740 2928 1064 3000 ποιούμενος
1122 2927 1404 3002 πρόνοιαν.
1457 2923 1612 2995 Πλὴν
1663 2923 1847 2988 ἄλλως
1890 2925 2094 3001 ἐνεργεῖ

437 3017 537 3080 τὰς
562 3016 812 3079 τοιαύτας
845 3018 1034 3094 ἀρετὰς
1084 3016 1136 3072 ἰν
1177 3018 1392 3092 σώματι
1424 3017 1554 3071 οὖσα
1579 3017 1758 3092 ψυχὴ,
1789 3013 1976 3078 ἄλλως
2036 3013 2091 3070 δὲ

437 3104 820 3183 ἀπαλλαγεῖσα
848 3111 939 3161 τοῦ
970 3108 1249 3180 σώματος.

899 3193 995 3254 v6'.
1028 3197 1150 3254 Ἔτι
1179 3196 1302 3273 περὶ
1336 3197 1562 3271 ἀρετῶν.

2213 1943 2454 1999 tionem.
2487 1943 2790 2016 Siquidem
2825 1943 3062 2016 duplex,
3097 1947 3162 1998 ut
3191 1945 3272 1999 ait
3315 1943 3433 2012 ille,
3467 1947 3632 1999 actus
3664 1943 3722 2000 in
3759 1947 3870 2002 Deo

2213 2037 2301 2088 est
2335 2051 2348 2088 :
2384 2049 2539 2089 unus
2591 2037 2882 2105 quatenus
2925 2033 2980 2089 in
3016 2032 3511 2104 contemplatione
3562 2033 3869 2091 universas

2213 2127 2348 2179 ante
2379 2139 2615 2179 omnem
2666 2139 2790 2178 rem
2824 2127 3075 2178 creatam
3126 2122 3382 2179 rationes
3415 2122 3680 2178 omnium
3713 2125 3874 2180 novit

2211 2229 2276 2268 ac
2308 2216 2642 2285 perspectas
2683 2213 2882 2280 habet,
2914 2215 2969 2267 et
3001 2211 3146 2268 alter
3172 2230 3286 2284 quo
3319 2212 3602 2284 prospicit
3631 2213 3871 2269 inferio.

2208 2303 2394 2358 ribus.
2429 2303 2738 2375 Pr0pterea
2771 2307 2826 2357 et
2855 2302 3033 2358 homo
3073 2302 3258 2357 Deum
3301 2302 3567 2358 imitat-us
3615 2303 3868 2375 politicis

2204 2393 2528 2448 virtutibus
2561 2409 2652 2448 res
2681 2391 2861 2462 hujus
2893 2392 3026 2447 vitm
3057 2395 3244 2459 curat,
3276 2395 3454 2462 atque
3487 2408 3590 2463 per
3618 2393 3866 2450 virtutes

2209 2483 2522 2538 affectuum
2583 2481 3004 2538 moderatrices
3054 2498 3222 2553 opem
3272 2481 3384 2536 fert
3435 2481 3860 2542 inferioribus:

2207 2571 2700 2645 contemplatione
2729 2575 2923 2628 autem
2958 2571 3282 2628 ascendens
3303 2571 3566 2626 omnium
3605 2571 3860 2628 rationes

2205 2661 2486 2735 perspicit
2517 2661 2638 2717 sive
2669 2660 2988 2730 naturales,
3014 2661 3134 2717 sive
3166 2661 3520 2727 animarum,
3544 2659 3663 2715 sive
3696 2677 3858 2716 men-

2203 2752 2354 2808 tales
2404 2768 2470 2808 ac
2519 2749 3021 2824 supernaturales,
3068 2758 3240 2821 atque
3288 2751 3354 2804 fit
3397 2749 3856 2806 instrumentum

2203 2841 2328 2912 Dei,
2363 2842 2432 2896 ad
2470 2857 2642 2913 quem
2678 2839 2856 2895 simul
2902 2839 3084 2895 aciem
3121 2838 3342 2911 dirigit.
3377 2839 3444 2893 Et
3475 2839 3650 2895 rebus
3685 2839 3858 2909 hujus

2201 2931 2328 2988 vitae
2361 2931 2724 3004 prospiciens
2758 2928 2976 2998 anima,
3008 2929 3178 2985 aliter
3219 2932 3406 2984 tamen
3441 2928 3714 2986 virtutem
3750 2929 3858 2984 hu-

2192 3020 2460 3092 jusmodi
2513 3023 2741 3074 exercet
2790 3019 2930 3075 dum
2993 3018 3048 3072 in
3113 3034 3355 3090 corpore
3407 3021 3516 3088 est,
3578 3018 3860 3091 aliterque

2201 3110 2437 3183 quando
2471 3114 2560 3166 est
2591 3108 2854 3181 corporis
2885 3107 3134 3164 vinculis
3166 3107 3379 3163 soluta.

2654 3199 2744 3256 54.
2783 3197 2965 3253 Adhuc
2993 3198 3059 3253 de
3091 3197 3405 3252 virtutibus.

503 3287 568 3342 Ἡ
601 3287 696 3360 μὶν
747 3286 906 3344 οὐσία
955 3287 1046 3343 καὶ
1080 3285 1209 3342 αὗτὸ
1257 3287 1321 3342 τὸ
1372 3287 1505 3341 εἶναι
1537 3285 1644 3341 ἀπὸ
1673 3289 1768 3341 τοῦ
1797 3289 1894 3340 νοῦ
1923 3289 2087 3340 πᾶσιν)

2271 3289 2564 3359 Essentia,
2589 3293 2646 3344 et
2679 3289 2870 3360 ipsum
2902 3287 3012 3343 hoc
3033 3287 3186 3358 quod
3216 3286 3357 3357 sint,
3381 3303 3413 3341 a
3444 3290 3640 3342 mente
3671 3287 3858 3343 omni-

434 3377 622 3456 ἐφήκει
655 3377 866 3434 καὶτοῦ
925 3374 1103 3447 ὄντος,
1136 3381 1170 3448 ἡ
1206 3375 1261 3434 δὲ
1292 3376 1380 3433 διὰ
1407 3383 1514 3432 τῶν
1549 3379 1750 3452 ἀρετῶν
1782 3372 2086 3449 τελειότης,

434 3467 539 3523 ἀπὸ
568 3473 665 3523 τοῦ
717 3466 851 3524 Θεοῧ
898 3466 1271 3545 παραγίνεται.
1322 3470 1525 3543 Ὥσπερ
1557 3469 1660 3543 γὰρ
1693 3466 1752 3522 ἐκ
1779 3471 1876 3522 τοῦ
1933 3467 2086 3542 πρώ-

430 3577 538 3619 τως
566 3553 718 3620 ὄντος
775 3558 838 3613 τὸ
897 3559 976 3626 δν,
1039 3556 1211 3621 οὕτως
1243 3555 1302 3612 ἐκ
1353 3561 1448 3611 τοῦ
1503 3557 1737 3631 πρώτως
1769 3555 1974 3632 ἀγαθοῦ
2024 3558 2086 3612 τὸ

432 3645 653 3720 ἀγαθόν.
713 3645 945 3704 Μᾶλλον
998 3644 1056 3702 δὲ
1097 3645 1186 3701 καὶ
1219 3649 1252 3717 ἡ
1305 3645 1457 3702 οὐσία
1487 3647 1574 3701 καὶ
1634 3649 1667 3716 ἡ
1702 3645 1864 3722 ἀρετὴ
1899 3647 1957 3702 ἐκ
1987 3651 2084 3702 τοῦ

429 3739 586 3792 Θεοῦ.
642 3733 804 3791 Ἀλλ’
861 3738 895 3806 ἡ
934 3735 1029 3809 μὲν
1060 3735 1214 3790 οὐσία
1261 3735 1398 3790 κατᾶ
1425 3735 1523 3804 τὴν
1557 3735 1724 3789 αὐτοῦ
1759 3733 2014 3808 πρόοδον·
2047 3738 2080 3806 ἡ

421 3823 523 3899 γάρ
581 3824 734 3880 οὐσία
791 3829 950 3880 πᾶσιν
1005 3825 1109 3880 ἀπὸ
1167 3829 1264 3880 τοῦ
1296 3829 1428 3879 Θεοῦ
1487 3823 1751 3900 πρόεισιν·
1803 3826 1838 3895 ἡ
1885 3821 1941 3879 δὲ
1996 3847 2084 3880 τε·

423 3911 646 3984 λειότης
720 3913 856 3969 κατὰ
925 3915 1026 3983 τήν
1100 3913 1238 3989 πρὸς
1309 3913 1468 3968 αὐτὸν
1547 3911 1920 3992 ἐπιστροφήν.
2005 3915 2082 3972 Οὑ

423 3999 643 4057 δύναται
672 4002 776 4078 γᾶρ
815 4001 1174 4072 τελειωθῆναι
1212 4003 1329 4058 κατ’
1353 4001 1548 4079 ἀρετὴν
1584 3999 1891 4077 ἅνθρωπος,
1927 4003 1976 4057 εἴ
2004 4005 2079 4078 μή

417 4098 518 4161 τήν
565 4091 897 4170 ἐπιστροφὴν
945 4091 1085 4170 πρὸς
1133 4091 1226 4148 τὸν
1277 4093 1406 4148 Θεὸν
1437 4090 1700 4167 ἐνεργοίη.
1729 4095 1932 4168 Ὥσπερ
1979 4093 2080 4170 γὰρ

419 4179 495 4238 ὡς
549 4182 686 4257 πρὸς
718 4179 1068 4258 παράδειγμα
1120 4185 1424 4260 ζωγραφῶν
1475 4183 1577 4237 οὐκ
1626 4180 1683 4236 ἂν
1745 4179 1934 4246 ἄλλως
1979 4186 2079 4252 τήν

415 4267 783 4346 προκειμένην
843 4271 1177 4347 ἀρχετυπίαν
1227 4265 1448 4326 λάϐοιεν
1505 4275 1588 4343 τῷ
1649 4273 1971 4346 μιμήματι,
2033 4272 2081 4327 εἷ’

420 4361 499 4432 μὴ
555 4363 798 4435 συνεχῶς
827 4361 962 4433 πρὸς
991 4360 1156 4429 αὐτὴν
1216 4359 1550 4438 ἐπιστρὲφοι,
1611 4359 1752 4415 οὕτω
1803 4362 1890 4416 καὶ
1921 4363 1948 4416 6
1979 4363 2078 4430 τὴν

414 4449 612 4523 ἀρετὴν
666 4449 720 4504 ὲν
783 4449 957 4522 ἑαυτῷ
1032 4453 1376 4526 σκιαγραφῶν
1437 4449 1471 4520 ἢ
1529 4448 1617 4504 καὶ
1674 4449 2075 4525 περιχρωννὺς,

412 4537 521 4593 οὐκ
573 4537 632 4593 ἂν
689 4535 876 4601 ἄλλως
935 4535 1194 4610 δυνηθείη
1258 4538 1659 4612 ὶξομοιωθῆναι
1718 4543 1854 4612 Θεῷ,
1916 4539 2070 4613 εἷμὴ

2199 3381 2310 3436 bus
2342 3380 2545 3435 datum
2579 3381 2687 3446 est,
2712 3382 2768 3433 ct
2791 3377 2860 3432 ab
2888 3380 3022 3432 ente
3045 3392 3057 3430 :
3084 3376 3186 3431 sed
3207 3375 3488 3431 virtutum
3514 3375 3788 3447 perfectio
3821 3395 3852 3433 a

2196 3470 2313 3526 Deo
2363 3467 2773 3542 proﬁciscitur.
2827 3465 2990 3522 Sicut
3036 3465 3192 3521 enim
3243 3481 3312 3521 ex
3357 3463 3666 3537 principali
3717 3471 3850 3523 ente

2197 3576 2322 3630 ens,
2357 3559 2440 3615 sic
2471 3576 2538 3614 ex
2568 3555 2876 3630 principali
2922 3556 3076 3612 bono
3108 3559 3196 3611 est
3226 3556 3464 3611 bonum.
3500 3555 3604 3611 Vel
3653 3555 3850 3628 potius

2194 3655 2252 3706 et
2284 3649 2540 3706 essentia
2571 3651 2627 3704 et
2655 3647 2844 3702 virtus
2876 3664 2943 3702 cx
2985 3647 3102 3701 Deo
3141 3649 3302 3714 sunt,
3335 3645 3437 3702 sed
3465 3647 3724 3702 essentia
3757 3664 3847 3703 ra-

2194 3741 2352 3795 tione
2384 3737 2652 3810 originis,
2683 3736 2934 3792 essentia
2985 3737 3140 3792 enim
3192 3735 3468 3792 omnibus
3501 3753 3533 3791 a
3564 3737 3682 3792 Deo
3714 3754 3845 3809 pro-

2195 3829 2381 3894 ﬂuxit,
2415 3828 2694 3901 perfectio
2728 3833 2925 3883 autem
2957 3827 3016 3881 in
3049 3826 3281 3896 virtute,
3311 3833 3578 3898 respectu
3610 3843 3848 3883 conver-

2193 3916 2378 3972 sionis
2411 3917 2480 3972 ad
2518 3917 2720 3970 Deum.
2755 3915 2952 3984 Neque
2994 3915 3149 3969 enim
3199 3914 3396 3986 perﬁci
3429 3914 3642 3970 virtute
3671 3915 3848 3973 homo

2191 4005 2427 4079 poterit,
2465 4005 2578 4060 nisi
2609 4006 2677 4060 ad
2711 4003 2894 4060 Deum
2943 4008 3276 4059 convertere
3326 4020 3386 4059 se
3433 4003 3725 4060 instituat.
3756 4005 3848 4061 Si-

2192 4095 2429 4166 quidem
2492 4098 2550 4149 et
2603 4093 2792 4165 pictor
2848 4093 3182 4164 exemplum
3242 4109 3629 4165 expressurus
3697 4111 3846 4150 nun-

2189 4201 2365 4256 quam
2423 4183 2752 4239 imitatione
2811 4183 3111 4254 archetypi
3177 4183 3542 4254 assequitur,
3602 4184 3716 4239 nisi
3775 4185 3843 4240 ad

2189 4273 2335 4328 illud
2387 4273 2624 4329 assidue
2678 4289 2738 4327 se
2767 4272 3133 4328 converterit.
3171 4272 3266 4326 Sic
3316 4271 3416 4344 qui
3465 4272 3740 4329 virtutem
3787 4275 3846 4330 in

2188 4379 2252 4420 se
2301 4363 2429 4436 ipso
2471 4361 2710 4417 volueril
2766 4361 3138 4432 adumbrare,
3174 4365 3275 4416 aut
3324 4361 3619 4418 coloribus
3669 4362 3845 4418 veluti

2187 4453 2537 4520 describere,
2564 4469 2678 4507 non
2713 4451 2881 4508 aliter
2901 4451 3016 4507 Deo
3049 4445 3370 4506 assimilari
3404 4453 3639 4524 poterit,
3665 4469 3840 4524 quam

2185 4543 2233 4598 si
2270 4543 2336 4598 ad
2371 4559 2506 4598 eum
2548 4542 2914 4597 continenter
2961 4557 3022 4596 se
3073 4546 3388 4612 convertat,
3423 4546 3480 4597 et
3528 4542 3844 4598 scientiﬁca

411 4627 552 4702 πρὸς
582 4626 781 4683 ἰκεῖνον
817 4625 1084 4699 διηνεκῶς
1115 4626 1446 4706 ἐπιστρέφει,
1477 4627 1568 4683 καὶ
1600 4625 1688 4683 διὰ
1715 4631 1811 4682 106
1842 4626 2068 4698 ἐπιστη-

2205 4631 2404 4686 atione
2435 4630 3044 4702 contemplationeque
3075 4630 3324 4704 exempli
3354 4630 3414 4685 in
3443 4631 3637 4704 seipse
3670 4647 3842 4686 accu-

415 4720 644 4790 μονικοῦ
675 4715 870 4793 λόγου,
903 4717 994 4773 καὶ
1021 4725 1122 4788 τῆς
1142 4721 1240 4773 τοῦ
1271 4715 1707 4794 παραδείγματος
1733 4718 1983 4792 θεωρίας,
2016 4719 2066 4774 ἐν

413 4805 592 4879 ἑαυτῷ
624 4801 1042 4883 ἐξακριϐώσεται
1072 4807 1133 4862 τὸ
1165 4806 1547 4883 πρωτότυπον.

915 4897 1006 4952 νε’.
1037 4897 1156 4954 Ἔτι
1187 4897 1308 4962 περὶ
1345 4896 1572 4972 ἀρετῶν.

483 4985 542 5038 Ὀ
624 4985 720 5060 μὶν
779 4981 924 5062 ἔχων
1001 4987 1100 5055 τήν
1163 4985 1485 5063 θεουργικὴν
1541 4985 1736 5061 ἀρετὴν
1795 4987 2076 5062 θεοπάτωρ

409 5076 880 5148 κατονομάζεται·
941 5071 1128 5144 ἔπειδή
1187 5075 1288 5150 γὰρ
1370 5073 1525 5137 Θεοὺς
1569 5073 1697 5136 τοὺς
1759 5075 2078 5149 ἀνθρώπους

415 5159 570 5225 οὗτος
627 5164 936 5239 ἐργάζεται,
995 5162 1084 5218 διὰ
1137 5168 1306 5218 ταῦτα
1365 5163 1647 5240 Θεοπάτωρ
1707 5163 1978 5222 καλεῖται.
2019 5169 2077 5224 Ὀ

419 5246 472 5304 δὶ
513 5249 658 5328 ἔχων
717 5255 820 5323 τήν
867 5253 1208 5330 θεωρητικὴν
1241 5253 1459 5324 ἀρετὴν,
1511 5255 1652 5315 θεῖος
1711 5254 2075 5326 ὀνομάζεται·

413 5339 440 5394 ὁ
473 5338 528 5396 δὲ
573 5341 719 5419 ἔχων
769 5342 868 5411 τήν
913 5343 1246 5419 καθαρτικὴν
1280 5339 1586 5417 δαιμόνιος·
1623 5344 1650 5396 ὁ
1701 5340 1758 5397 δὲ
1805 5341 1948 5420 ἔχων
1979 5350 2080 5415 τὴν

406 5427 734 5502 πολιτικὴν,
787 5430 1112 5495 σπουδαῖος.
1149 5433 1442 5508 Θεοπάτωρ
1476 5429 1532 5487 66
1555 5432 1800 5488 καλεῖται
1833 5434 1861 5488 6
1892 5435 2076 5510 θεουρ-

2187 4726 2312 4778 rate
2343 4720 2664 4776 meditetur
2695 4723 3090 4792 prototypum.

2634 4899 2724 4953 55.
2759 4897 2950 4954 Adhuc
2978 4899 3043 4953 de
3073 4900 3394 4955 virtutibus.

2257 4988 2650 5060 Theurgicam
2683 4989 2960 5042 virtutem
3014 4987 3112 5058 qui
3165 4987 3342 5043 habet
3389 4993 3558 5060 pater
3607 4988 3844 5044 divinus

2187 5078 2540 5150 appellatur,
2562 5077 2838 5150 quoniam
2874 5077 3028 5132 enim
3053 5094 3117 5132 ex
3151 5077 3496 5132 hominibus
3521 5078 3659 5134 facit
3681 5079 3844 5146 deos,

2187 5169 2288 5224 illo
2333 5169 2492 5224 venit
2539 5169 2794 5222 nomine.
2828 5167 2934 5231 Qui
2984 5166 3474 5238 contemplatoria
3522 5166 3702 5239 pollet
3730 5168 3845 5222 vir-

2187 5263 2332 5326 tute,
2357 5259 2516 5312 hunc
2549 5257 2814 5312 divinum
2845 5261 3072 5324 vocant,
3099 5257 3181 5312 uti
3209 5256 3562 5312 dmmonium
3585 5258 3680 5328 qui
3705 5273 3843 5330 pur-

2189 5348 2436 5422 gatoria,
2459 5349 2558 5404 sed
2590 5347 2690 5418 qui
2723 5346 2964 5419 politica
2983 5353 3072 5403 est
3101 5347 3402 5420 praeditus,
3426 5347 3602 5404 homo
3622 5347 3844 5420 probus

2191 5438 2730 5510 dicitur.Theurgo
2789 5437 3070 5492 tribuitur
3125 5437 3310 5509 patris
3360 5437 3542 5494 divini
3603 5453 3840 5509 nomen,

2005 5561 2240 5617 NOTXE.

475 5664 558 5736 (7)
581 5663 972 5743 ,leremiaauxv,
1007 5667 1074 5723 19
1099 5684 1112 5724 :
1147 5664 1247 5720 Καὶ
1277 5662 1366 5721 ἐὰν
1400 5663 1662 5740 ἰξαγάγῃς
1685 5663 1873 5740 τίμιον
1908 5667 2074 5740 (ἄξιον

2227 5667 2411 5742 τίμιον
2447 5670 2773 5728 Constitut.
2812 5669 3072 5742 Apostol.
3107 5669 3176 5740 Il,
3207 5671 3302 5743 56)
3349 5669 3456 5724 ἀπὸ
3500 5666 3734 5740 ἀναξίου,
3765 5669 3841 5728 ὡς

399 5735 466 5792 16
482 5731 680 5810 ’στόμα
713 5731 971 5812 μουκὲσῃ.
