4110 6428
231 359 351 418 ’123

1624 352 2051 423 MICHAELIS
2096 353 2365 423 PSELL]

3552 357 3671 429 72.4

237 487 520 563 quoniam
551 485 731 549 veluti
783 492 1024 559 generat
1070 483 1330 549 animam
1384 483 1678 557 ejusmodi
1727 499 1907 555 quam

2046 483 2143 557 (ὸς,
2194 481 2284 543 καὶ
2317 478 2406 539 διὰ
2425 480 2488 538 τὸ
2512 487 2613 552 τῆς
2644 483 2831 559 ψυχῆς
2860 483 2996 545 εἶναι
3025 484 3230 561 πατὴρ,
3282 484 3341 547 ’ἂν
3385 486 3515 547 Θεὸν
3573 507 3669 543 κα-

239 575 747 650 contemplatoria:
781 574 1018 632 virtutis
1049 591 1230 639 causa
1282 575 1465 631 Deum
1513 572 1907 646 appellamus.

239 668 482 740 Oportet
512 666 696 738 igitur
721 664 821 736 qui
856 681 957 736 per
979 663 1471 721 assimilationem
1500 663 1570 719 ad
1596 663 1778 719 Deum
1805 662 1909 719 ad-

2021 570 2227 647 λοῦμεν
2263 568 2353 627 διὰ
2380 572 2481 642 τήν
2538 574 2878 648 θεωρητικὴν
2908 573 3128 650 ἀρετήν.
3164 580 3257 633 Δεῖ
3287 575 3378 631 οὗν
3406 576 3499 631 τὸν
3542 576 3675 632 ἀνα-

2019 663 2253 738 γόμενον
2313 661 2392 727 εἰς
2448 666 2583 717 Θεοῦ
2643 662 2964 735 ἐξομοίωσιν
3024 669 3215 737 πρῶτα
3247 664 3342 735 μὲν
3380 663 3672 721 σπουδαῖον

240 756 377 822 duci
409 754 569 825 velit,
603 754 862 828 primum
898 753 1197 810 hominem
1240 753 1488 826 probum
1528 753 1672 823 ﬁeri,
1700 753 1913 808 deinde

2046 750 2288 825 γενέσθαι,
2344 752 2457 807 εἶτα
2516 749 2820 826 δαιμόνιον,
2854 754 2969 809 εἶτα
3026 759 3192 823 θεῖον,
3242 755 3334 809 καὶ
3365 753 3524 818 τέλος
3557 767 3676 819 θεο-

242 846 628 917 dasmonium,
657 849 785 899 tum
838 843 1105 899 divinum
1163 848 1415 915 patrem.
1449 844 1529 898 Ac
1573 841 1914 915 contingere

242 939 436 1010 potest
466 933 811 1007 aliquando,
838 936 902 989 ut
932 932 1265 987 daemonius
1294 936 1354 987 et
1380 931 1601 1002 probus
1634 931 1809 987 homo
1840 932 1912 987 ad

246 1024 533 1083 malitiam
568 1027 629 1081 et
656 1022 868 1078 vitium
916 1022 1219 1089 deflectat;
1249 1020 1395 1077 forte
1425 1025 1482 1076 et
1511 1020 1743 1077 divinus
1794 1021 1916 1077 sive

249 1113 586 1187 theoreticze
616 1111 852 1169 virtutis
881 1127 1143 1184 compos.
1176 1112 1248 1166 At
1290 1110 1574 1182 theurgus
1603 1111 1724 1166 sive
1755 1114 1920 1181 pater

250 1204 485 1261 divinus
519 1208 576 1258 et
608 1205 771 1259 totus
801 1205 962 1257 extra
993 1216 1056 1256 se
1088 1200 1145 1255 in
1187 1199 1304 1255 Deo
1337 1200 1588 1271 positus,
1614 1214 1918 1271 nunquam

253 1296 444 1366 potest
487 1292 559 1351 ad
594 1290 951 1347 contrariam
983 1288 1190 1345 virtuti
1238 1288 1494 1360 speciem
1543 1286 1750 1357 dilabi,
1780 1304 1918 1345 cum

254 1386 415 1440 totus
445 1386 613 1439 extra
643 1396 705 1437 se
734 1383 791 1436 et
822 1379 979 1436 Deus
1010 1378 1449 1450 quodammodo
1480 1378 1674 1436 factus
1705 1377 1803 1434 sit.

710 1525 801 1580 56.
834 1522 1025 1579 Adhuc
1053 1522 1118 1578 de
1144 1522 1467 1578 virtutibus.

327 1641 465 1703 Tria
495 1640 618 1698 haec
650 1640 965 1703 animabus
1008 1639 1215 1694 insunt
1254 1637 1527 1708 facultas,
1560 1636 1779 1711 passio,
1814 1636 1920 1694 ha-

255 1732 437 1789 bitus.
461 1730 778 1787 Passioncs
800 1729 1036 1803 quidem
1064 1732 1205 1783 sunt
1225 1727 1540 1800 cupiditas,
1570 1727 1679 1797 ira,
1705 1732 1922 1799 metus,

267 1821 513 1888 invidia,
538 1819 917 1890 conﬁdentia,
958 1818 1266 1890 gaudium,
1298 1834 1465 1873 amor
1509 1817 1734 1887 odium,
1766 1817 1922 1873 dcsi-

2024 842 2258 917 πάτορα.
2326 842 2383 895 Ὁ
2438 841 2533 914 μὲν
2568 838 2659 896 οὖν
2690 838 2974 915 δαιμόνιος
3005 843 3095 897 καὶ
3127 844 3155 898 ὑ
3188 840 3482 908 σπουδαῖος
3514 866 3679 917 μετα-

2025 924 2260 1002 ϐληοείη
2295 930 2353 985 ἂν
2403 931 2493 986 καὶ
2544 930 2621 995 εἰς
2649 932 2838 987 κακίαν
2866 932 3018 987 ποτε·
3046 931 3181 995 ’ίσως
3234 930 3291 988 δὲ
3320 935 3410 989 καὶ
3442 935 3471 990 6
3513 940 3677 1002 θεῖος,

2024 1018 2149 1088 ἤτοι
2185 1021 2214 1075 6
2272 1020 2629 1095 θεωρητικός.
2680 1022 2742 1081 Ὁ
2788 1019 2846 1076 δὲ
2874 1022 3135 1098 θεουργὸς
3183 1020 3308 1092 ἤτοι
3339 1024 3368 1079 6
3397 1025 3680 1100 θεοπάτωρ

2026 1109 2183 1179 ὁτῆς
2231 1110 2379 1173 θείας
2436 1110 2583 1173 ὅλως
2639 1109 2939 1176 ἐκστάσεως
2990 1112 3229 1189 γεγονὼς
3287 1112 3385 1168 οὐκ
3440 1111 3501 1168 ἂν
3550 1133 3685 1169 ποτε

2031 1198 2282 1272 μεταθείη
2315 1199 2453 1276 πρὸς
2498 1201 2562 1255 τὸ
2609 1198 2848 1256 ἐναντίον
2879 1198 3023 1264 εἶδος
3046 1208 3148 1271 τῆς
3179 1201 3374 1279 ἀρετῆς
3403 1199 3504 1276 ἔξω
3555 1203 3682 1259 εαυ-

2026 1291 2123 1344 τοῦ
2154 1287 2248 1359 ὥν,
2281 1287 2371 1345 καὶ
2403 1290 2532 1353 Θεὸς
2563 1288 2809 1367 ἀτεχνῶς
2836 1291 3096 1367 γεγονώς.

2520 1523 2619 1587 νς’.
2666 1525 2787 1581 Ἔτι
2819 1522 2943 1602 περὶ
2973 1525 3201 1599 ἀρετῶν.

2100 1635 2233 1713 Τρία
2287 1639 2457 1693 ταῦτα
2516 1635 2648 1692 εἰσὶν
2709 1636 2762 1695 ἐν
2792 1642 2911 1700 ταῖς
2940 1640 3169 1714 ψυχαῖς,
3215 1635 3467 1713 δύναμις,
3497 1638 3690 1709 πάθος,

2029 1721 2159 1797 ἕξις.
2220 1725 2321 1781 Καὶ
2378 1724 2551 1791 πάθος
2609 1726 2705 1803 μὲν
2737 1727 2901 1797 ἐστιν,
2960 1726 3242 1801 ἐπιθυμία,
3300 1727 3458 1803 ὀργὴ,
3498 1723 3691 1808 φόϐος,

2034 1816 2252 1923 Ϊχθόνος,
2282 1815 2523 1923 Δθάρσος,
2571 1817 2742 1923 ἔταρᾶ,
2802 1815 2981 1923 φιλία,
3044 1817 3221 1891 μίσος,
3254 1819 3457 1923 πόθος,
3499 1816 3689 1889 ζῆλος,

268 1865 513 1888 ..υ-...ιη
539 1865 917 1890 --....--...-..,
958 1865 1266 1890 θην--.η
1299 1865 1455 1873 νην-
1512 1865 1734 1887 -_._..-,
1770 1865 1891 1873 ε---

262 1910 515 1979 derium,
549 1908 872 1977 aemulatio,
906 1906 1336 1963 misericordia.
1371 1906 1643 1963 Facultas
1672 1922 1805 1963 vero
1836 1909 1926 1963 est

2046 1865 2252 1921 EV"“7
2312 1865 2523 1924 ’,ττι-*τῖ’
2578 1865 2742 1893 απτ-ι
2807 1865 2981 1893 γαν-’Ἴ
3044 1865 3221 1891 Γ-ηντν
3261 1865 3446 1889 "'V“!
3499 1865 3689 1889 3'1""!

2046 1903 2209 1967 ελεος.
2270 1911 2510 1978 Δυναμις
2568 1902 2626 1962 δὲ
2655 1906 2765 1962 ἐστι
2795 1908 2915 1971 καθ’
2944 1907 3004 1977 ἦν
3037 1908 3330 1976 παθητικοὶ
3364 1905 3572 1964 τούτων
3602 1928 3690 1983 γι-

265 2016 384 2074 qua
426 1998 734 2073 passiones
782 1998 928 2054 istas
977 1997 1195 2054 sentire
1244 2012 1583 2069 possumus,
1612 1996 1786 2052 irasci
1833 1995 1924 2053 vel

262 2088 461 2145 dolere
507 2086 596 2145 vel
656 2086 943 2144 misereri.
990 2086 1239 2143 Habitus
1296 2085 1575 2158 denique,
1607 2102 1722 2159 quo
1779 2087 1926 2142 bene

261 2177 352 2236 vel
402 2175 555 2234 male
597 2193 704 2234 nos
735 2177 807 2234 ad
856 2176 1164 2248 passiones
1213 2175 1497 2249 gerimus,
1532 2178 1600 2231 ut
1646 2175 1706 2231 in
1756 2174 1844 2230 ira
1873 2173 1925 2232 si

258 2266 667 2325 vehementius
700 2265 786 2322 vel
842 2265 1154 2322 remissius
1185 2267 1350 2337 justo
1400 2264 1736 2335 irascimur,
1771 2263 1924 2321 male

260 2357 516 2429 agimus,
549 2360 724 2427 atque
755 2355 836 2412 ita
888 2355 949 2411 in
989 2354 1238 2413 caeteris.
1271 2353 1535 2409 Virtutes
1567 2353 1768 2425 itaque
1819 2369 1930 2410 nec

257 2447 565 2531 passiones
612 2451 752 2503 sunt
802 2462 908 2502 nec
962 2446 1294 2510 facultates,
1330 2447 1434 2503 sed
1490 2445 1755 2518 habitus,
1807 2462 1930 2502 non

258 2538 415 2601 enim
444 2554 479 2594 a
507 2537 892 2610 passionibus
950 2536 1211 2592 dicimur
1255 2535 1395 2592 boni
1425 2533 1511 2593 vel
1547 2536 1732 2608 pravi,
1764 2536 1867 2591 sed
1900 2552 1935 2591 a

270 2626 592 2684 virtutibus
624 2643 691 2684 ac
719 2626 878 2683 vitiis
928 2626 1011 2681 ita
1059 2642 1496 2697 nuncupamur.
1528 2628 1606 2681 Ac
1654 2625 1934 2681 timemus

262 2717 503 2792 quidem
533 2717 622 2773 vel
678 2714 994 2772 irascimur
1044 2717 1174 2772 sine
1228 2715 1565 2789 proposito;
1599 2719 1657 2770 at
1686 2715 1937 2772 virtutes

264 2823 330 2867 ex
364 2807 664 2882 proposito
698 2810 862 2873 sunt.
897 2810 1001 2864 aut
1032 2823 1148 2862 non
1188 2806 1316 2862 sine
1360 2805 1681 2879 proposito.
1716 2808 1760 2861 A
1794 2823 1934 2879 pas-

268 2896 538 2956 sionibus
568 2896 747 2957 etiam
779 2897 999 2955 moveri
1030 2895 1323 2952 dicimur:
1358 2913 1389 2951 a
1421 2895 1579 2952 vitiis
1610 2898 1808 2953 autem
1845 2895 1933 2953 vel

267 2985 591 3043 virtutibus
642 3002 757 3043 non
811 2984 1066 3041 dicimur
1114 2984 1357 3052 moveri,
1389 2985 1492 3042 sed
1543 2984 1653 3041 hoc
1682 2984 1770 3041 vel
1821 2984 1935 3043 alio

279 3078 457 3133 modo
488 3076 813 3149 comparati
846 3090 997 3132 esse.

717 3216 808 3273 57.
843 3216 1037 3273 Adhuc
1065 3214 1131 3271 de
1159 3214 1477 3271 virtutibus.

343 3333 649 3393 Fortitudo
681 3337 770 3393 est
802 3331 1179 3391 mediocritas
1218 3331 1370 3386 inter
1411 3346 1716 3387 excessum
1749 3331 1933 3386 auda-

277 3425 380 3482 ciae
437 3427 494 3480 at
543 3422 839 3480 defectum
888 3438 922 3477 a
969 3420 1309 3482 timiditate.
1341 3424 1728 3491 verseturque
1784 3419 1939 3477 circa

273 3513 519 3572 timores
573 3528 640 3569 ac
699 3510 1002 3569 ﬁduciam.
1037 3508 1461 3581 Temperantia;
1519 3525 1794 3565 excessus
1851 3514 1941 3565 est

272 3602 531 3669 luxuria,
562 3600 824 3657 defectus
876 3604 1103 3671 stupor,
1134 3596 1311 3653 liceat
1348 3596 1507 3653 enim
1539 3595 1650 3652 hoc
1701 3598 1939 3654 nomine

278 3692 445 3748 illum
479 3689 795 3764 appellare.
829 3688 993 3745 Circa
1035 3686 1406 3760 largitionem
1443 3687 1726 3743 bonorum
1758 3693 1815 3743 et
1843 3704 1937 3743 ac-

280 3781 610 3849 ceptionem
673 3777 1048 3835 mediocritas
1103 3780 1193 3833 est
1249 3774 1601 3845 liberalitas,
1662 3792 1939 3834 excessus

278 3870 562 3944 profusio,
622 3869 743 3926 sive
801 3866 1123 3942 prodigalis
1182 3865 1429 3934 abusus,
1482 3866 1745 3923 defectus
1803 3884 1939 3925 vero

278 3958 649 4017 illiberalitas
680 3958 800 4013 sive
829 3956 1014 4013 nimia
1038 3954 1420 4028 parcimonia.
1456 3955 1519 4010 In
1551 3956 1786 4029 magnis
1816 3956 1937 4030 opi-

277 4046 388 4103 bus
412 4046 870 4103 mediocritatem
898 4049 1155 4099 sectatur
1177 4043 1637 4116 magniﬁcentia,
1662 4061 1939 4101 excessus

276 4140 367 4193 est
395 4136 455 4192 in
489 4135 674 4190 nimio
707 4133 1040 4208 Splendore,
1074 4133 1341 4189 defectus
1381 4133 1607 4189 sordes.
1640 4132 1803 4188 Circa
1834 4134 1938 4190 ho-

279 4241 451 4281 nores
482 4223 765 4297 petendos
795 4222 1022 4278 excedit
1050 4221 1423 4293 ambitiosus,
1452 4222 1510 4277 in
1544 4222 1775 4279 defectu
1807 4240 1939 4296 pec-

277 4318 373 4369 cat
402 4312 641 4369 honoris
673 4314 1063 4385 contemptor,
1089 4311 1465 4368 mediocritas
1489 4316 1649 4367 caret
1679 4313 1938 4385 nomine,

278 4404 479 4461 multas
510 4404 669 4461 enim
700 4419 793 4461 res
844 4407 985 4460 sunt
1014 4419 1143 4476 qum
1176 4420 1390 4461 nomen
1442 4404 1748 4478 proprium
1803 4420 1939 4463 nee-

280 4495 423 4551 dum
461 4493 865 4550 obtinuerunt.

733 4611 826 4667 58.
859 4608 1044 4666 Adhuc
1071 4609 1138 4665 de
1169 4610 1485 4666 virtutibus.

352 4729 518 4786 Circa
548 4725 1071 4784 mansuetudinem
1106 4742 1237 4798 qua:
1260 4724 1728 4781 mediocritatem
1747 4723 1942 4781 obser-

280 4824 396 4887 vat,
421 4834 696 4875 excessus
729 4821 819 4873 est
848 4814 1178 4883 iracundia,
1206 4815 1467 4871 defectus
1511 4812 1803 4869 lentitudo
1843 4814 1941 4869 irae

281 4925 508 4981 expers.
546 4908 715 4965 Circa
762 4922 967 4962 verum
1014 4904 1439 4959 mediocritatis
1488 4904 1807 4960 observans
1852 4908 1944 4960 est

279 5014 471 5065 verax,
521 5002 576 5053 et
629 4995 1010 5052 mediocritas
1058 4994 1172 5050 dici
1224 4997 1417 5065 potest
1465 4993 1773 5060 veracitas,
1813 4994 1941 5066 ejus

276 5090 477 5143 autem
511 5085 808 5141 simulatio
841 5100 944 5156 per
968 5098 1274 5139 excessum
1308 5086 1394 5138 est
1426 5081 1718 5151 gloriatio,
1751 5087 1808 5138 et
1838 5084 1940 5156 qui

276 5176 439 5230 illam
471 5179 733 5230 sectatur
763 5158 1059 5247 gloriosus
1086 5190 1099 5228 :
1126 5189 1228 5244 per
1257 5172 1549 5226 defectum
1580 5171 1792 5241 ironia,
1817 5173 1941 5244 qui-

279 5280 394 5336 que
426 5280 494 5318 ea
541 5264 731 5319 utitur
778 5263 838 5319 in
884 5263 1150 5319 oratione
1198 5261 1625 5317 dissimulatur.
1676 5263 1940 5333 Cumque

280 5356 398 5410 duo
420 5353 731 5410 suavitatis
755 5354 874 5408 sint
894 5370 1129 5426 genera,
1150 5351 1399 5408 alterum
1429 5352 1483 5406 in
1503 5354 1674 5424 jocis,
1690 5353 1935 5409 alterum

282 5444 343 5498 in
372 5443 629 5513 vita,qui
665 5444 748 5499 ita
780 5450 843 5500 ut
874 5462 979 5516 par
1009 5444 1174 5499 estin
1199 5442 1319 5497 vita
1338 5444 1665 5512 jucundum
1692 5460 1753 5500 se
1772 5443 1937 5499 exhi-

284 5533 403 5602 bet,
463 5532 689 5588 amicus
741 5534 972 5603 dicitur,
996 5539 1053 5589 et
1102 5532 1473 5587 mediocritas
1524 5534 1803 5603 amicitia,
1837 5533 1937 5602 qui

287 5620 516 5693 excedit
542 5622 828 5693 adulator,
854 5625 951 5699 qui
984 5641 1116 5681 vero
1144 5622 1339 5682 dellcit
1388 5640 1658 5681 morosus
1690 5639 1756 5678 ac
1784 5622 1937 5676 dilﬁ-

290 5711 439 5772 citis.
463 5711 831 5769 Ammnitatis
860 5716 920 5771 in
944 5716 1097 5786 jocis
1142 5713 1518 5772 mediocritas
1548 5720 1639 5771 est
1667 5713 1725 5768 in
1759 5711 1935 5768 urba-

2033 1995 2260 2067 νόμεθα,
2316 1997 2430 2049 οἷον
2478 1996 2598 2061 καθ’
2628 1997 2695 2066 ἢν
2742 1992 2960 2052 δυνατοὶ
3021 1994 3401 2073 ὀργισθῆναιῆ
3433 1994 3688 2067 λυπηθῆ-

2034 2103 2122 2139 ναι
2169 2082 2205 2154 ἢ
2255 2082 2498 2154 ἐλεῆσαι.
2555 2084 2702 2156 “Este
2751 2082 2830 2156 δὲ,
2879 2086 2998 2141 καθ’
3029 2087 3090 2156 ἢν
3124 2086 3261 2163 πρὸς
3288 2084 3355 2143 τὰ
3383 2086 3529 2157 πάθη
3558 2080 3689 2165 ἕχο-

2038 2194 2136 2249 μεν
2185 2170 2373 2237 καλῶς
2403 2174 2439 2244 ἢ
2471 2177 2672 2238 κακῶς.
2707 2174 2831 2230 Οἷον
2881 2173 3018 2251 πρός
3074 2174 3139 2231 τὸ
3170 2174 3487 2251 ὀργισθῆναι
3517 2174 3561 2231 εί
3596 2176 3692 2251 μὶν

2037 2260 2289 2343 σφοδρῶς
2343 2262 2381 2332 ἢ
2440 2263 2755 2339 ἀνειμένως,
2815 2268 2995 2328 κακῶς
3055 2260 3279 2341 ἔχομεν.
3339 2264 3585 2339 Ὁμοίως
3639 2263 3699 2322 δὶ

2039 2353 2176 2431 πρὸς
2223 2352 2291 2409 τὰ
2346 2350 2511 2410 ἄλλα.
2569 2355 2640 2411 Αἱ
2672 2352 2763 2408 οὖν
2797 2353 2979 2429 ἀρεταὶ
3014 2351 3137 2409 οὕτε
3184 2355 3330 2427 πάθη
3364 2354 3521 2423 εἷ’σίν,
3576 2351 3700 2411 οὔτε

2043 2440 2324 2515 δυνάμεις,
2358 2439 2488 2498 ἀλλ’
2544 2438 2701 2515 ἔξεις.
2737 2442 2814 2501 Οὐ
2856 2444 2958 2520 γὰρ
2990 2441 3259 2519 λεγόμεθα
3287 2443 3424 2500 κατὰ
3453 2446 3520 2500 τὰ
3547 2443 3691 2516 πάθη

2042 2529 2329 2589 σπουδαῖοι
2359 2531 2395 2602 ἢ
2428 2531 2649 2610 φαῦλοιο
2704 2534 2842 2589 κιτὰ
2873 2530 2929 2588 δὲ
2975 2534 3071 2598 τὰς
3103 2534 3292 2610 ἄρετὰς
3324 2534 3413 2590 καὶ
3450 2533 3547 2597 τὰς
3596 2553 3697 2591 κα-

2041 2622 2186 2691 κίας,
2241 2619 2519 2697 λεγόμεθα
2575 2619 2862 2678 σπουδαῖοι
2924 2622 3013 2678 καὶ
3072 2621 3294 2700 φαῦλοι.
3355 2623 3457 2679 Καὶ
3487 2616 3695 2701 φοϐού-

2048 2713 2181 2789 μεθα
2214 2710 2307 2785 μὲν
2365 2712 2399 2781 ἢ
2453 2710 2783 2787 ὀργιζόμεθα
2832 2712 3230 2789 ἆπροαιρὶτως.
3280 2712 3345 2769 Δὶ
3393 2709 3450 2769 δὶ
3506 2710 3693 2787 ἀρεταὶ

2041 2799 2386 2878 προαιρέσεις
2462 2802 2621 2874 τινὲς,
2683 2801 2719 2872 ἢ
2788 2801 2888 2857 οὐκ
2951 2800 3074 2858 ἄνευ
3130 2800 3527 2878 προαιρέσεως.
3584 2800 3693 2858 Καὶ

2043 2892 2180 2947 κατὰ
2211 2891 2305 2966 μὶν
2354 2891 2423 2946 τὰ
2469 2892 2615 2962 πάθη
2649 2897 2913 2957 κινεῖσθαι
2977 2889 3273 2968 λεγόμεθα,
3314 2891 3452 2947 κατὰ
3479 2888 3539 2949 δὶ
3592 2891 3690 2955 τὰς

2044 2980 2239 3045 κακίας
2297 2980 2389 3036 καὶ
2434 2982 2531 3044 τὰς
2578 2980 2770 3058 ἀρετὰς
2830 2980 2892 3037 οὐ
2948 2982 3232 3055 κινεῖσθαι,
3294 2978 3441 3037 ἀλλὰ
3487 2977 3696 3037 διακεῖφ

2046 3069 2168 3135 σθαί
2197 3090 2336 3133 πως.

2538 3215 2634 3284 νζ’.
2668 3214 2788 3271 "F‘m
2818 3212 2943 3288 περὶ
2973 3212 3198 3289 ἀρετῶν.

2117 3330 2240 3395 Ὀτι
2296 3330 2332 3398 ἡ
2390 3328 2484 3403 μὲν
2518 3325 2733 3401 ἀνδρεία
2793 3324 3029 3405 μεσότης
3061 3328 3226 3397 ἐστὶν,
3277 3328 3351 3393 ὡς
3385 3328 3478 3402 μὶν
3538 3330 3701 3407 ὑπερ-

2048 3413 2221 3489 ϐολῆς
2267 3421 2365 3474 τοῦ
2414 3419 2666 3491 θράσους,
2723 3417 2801 3481 ὡς
2859 3414 2917 3473 δὲ
2975 3416 3272 3493 ἐλλείψεως
3319 3425 3417 3488 τῆς
3468 3416 3703 3489 δειλίας,

2045 3508 2136 3564 καὶ
2185 3507 2298 3564 ἐστι
2349 3508 2474 3584 περὶ
2533 3503 2739 3587 φόϐους
2796 3507 2884 3564 καὶ
2927 3507 3120 3585 θάῥρη.
3181 3510 3290 3581 Τῆς
3320 3505 3379 3565 δὲ
3417 3507 3701 3587 σωφροσύ-

2045 3619 2161 3669 νης,
2225 3593 2506 3673 ὑπερϐολὴ
2555 3598 2649 3671 μὲν
2698 3600 2736 3668 ἡ
2787 3596 3073 3669 ἀκολασία,
3130 3593 3377 3672 ἔΛλειψις
3410 3594 3527 3670 8ὶὴ
3558 3598 3705 3655 ἀναι-

2050 3688 2268 3759 σθησία,
2315 3687 2551 3765 λεγέσθω
2599 3686 2700 3763 γὰρ
2754 3687 2948 3751 οὕτως.
2999 3686 3128 3764 Περὶ
3184 3684 3331 3743 δόσιν
3393 3688 3701 3764 χρημάτων

2046 3776 2137 3833 καὶ
2169 3775 2360 3851 λῆψιν,
2413 3775 2649 3850 μεσότης
2698 3774 2793 3851 μὶν
2825 3780 2861 3848 ἡ
2895 3775 3294 3853 ἐλευθεριότης,
3329 3771 3609 3850 ὑπερϐολὴ
3642 3775 3700 3834 δὶ

2047 3868 2083 3937 ἡ
2139 3865 2364 3941 ἀσωτία,
2416 3863 2541 3937 ἤτοι
2580 3863 2794 3944 ἀφειδία
2839 3868 2938 3937 τῆς
2969 3868 3245 3943 χρήσεως,
3297 3863 3541 3941 ἔλλειψις
3575 3862 3695 3936 8ὶή

2048 3954 2399 4033 ἀνελευθερία
2445 3955 2572 4026 ἤτοι
2610 3953 2898 4036 φειδωλία.
2949 3956 3081 4033 Περὶ
3141 3954 3199 4012 δὲ
3249 3956 3553 4034 χρημάτων
3606 3976 3699 4029 με·

2050 4046 2214 4115 σότης
2267 4046 2360 4120 μὶν
2420 4047 2455 4116 ἠ
2514 4044 2975 4122 μεγαλοπρέπεια,
3010 4040 3292 4120 ὑπερϐολὴ
3336 4043 3447 4116 8ὲή
3482 4047 3703 4123 ἀπειρο-

2047 4134 2234 4205 καλία,
2280 4132 2526 4211 ἔλλειψις
2577 4132 2634 4191 δὲ
2688 4138 2723 4207 ἡ
2778 4137 3194 4213 μικροπρὲπειι.
3254 4136 3387 4214 Περὶ
3420 4134 3480 4192 δὲ
3528 4131 3703 4213 ὄρεξιν

2045 4232 2239 4299 τιμῆς,
2271 4226 2299 4280 6
2331 4226 2424 4299 μὲν
2457 4220 2818 4301 ὑπερϐάλλων
2870 4230 2989 4292 ταῖς
3018 4225 3244 4300 ὀρέξεσι,
3306 4224 3624 4304 φιλότιμος,
3677 4224 3706 4280 ὁ

2050 4313 2107 4370 δὲ
2158 4313 2430 4370 ἐλλείπων
2492 4314 2872 4394 ἀφιλότιμος,
2938 4316 2966 4370 6
3026 4311 3084 4371 δὲ
3144 4313 3331 4387 μέσος,
3391 4313 3701 4385 ἀνώνυμος.

2051 4402 2244 4460 Πολλά
2269 4406 2371 4482 γάρ
2403 4404 2505 4460 εἰσι
2535 4406 2832 4483 πράγματα
2862 4401 3037 4480 ὄνομα
3082 4403 3271 4481 κόριον
3321 4404 3491 4475 μήπω
3539 4399 3706 4474 ἐσχη-

2048 4514 2202 4550 κοτα.

2532 4611 2636 4681 νη’.
2669 4610 2791 4669 Ἔτι
2824 4608 2950 4686 περὶ
2982 4609 3210 4684 ἀρετῶν.

2122 4728 2249 4800 Περὶ
2282 4729 2380 4799 τὴν
2414 4724 2699 4801 πραότητα
2732 4724 3003 4798 μεσότητα
3063 4722 3249 4801 οὖσαν,
3301 4721 3335 4791 ἠ
3384 4719 3480 4794 μὶν
3542 4721 3703 4795 ὑπερ.

2050 4811 2335 4872 ϐάλλουσα
2390 4817 2573 4886 κακία,
2632 4811 2933 4889 ὀργιλότης
2980 4814 3014 4883 ἠ
3048 4809 3107 4867 δὲ
3136 4808 3469 4867 ἐλλείπουσα
3499 4810 3704 4888 ἀοργη-

2050 4908 2158 4964 σία.
2223 4906 2355 4983 Περὶ
2384 4904 2443 4961 δὲ
2496 4906 2559 4961 τὸ
2610 4902 2835 4973 ἀληθὲς,
2892 4904 2919 4959 6
2956 4903 3051 4976 μὶν
3086 4901 3248 4976 μέσος
3281 4898 3519 4972 ἀληθής,
3547 4900 3637 4957 καὶ
3667 4902 3703 4971 ἡ

2053 4996 2288 5071 μεσότης
2322 4994 2553 5066 ἀλήθεια
2610 4991 2877 5067 λεγέσθω,
2927 4993 2962 5063 ἠ
3015 4989 3074 5047 δὶ
3124 4990 3575 5068 προσποίησις,ἠ
3610 4990 3708 5064 μὶν

2051 5085 2138 5142 ἐπὶ
2168 5086 2231 5141 τὸ
2276 5089 2461 5158 μεῖζον
2511 5081 2790 5153 ἀλαζονία,
2823 5083 2913 5137 καὶ
2961 5084 2989 5138 6
3046 5079 3192 5157 ἔχων
3226 5081 3394 5150 αὐτὴν
3425 5080 3705 5151 ἂλαζών·ἠ

2050 5174 2108 5231 δί
2138 5174 2226 5230 ἐπὶ
2256 5176 2318 5229 τὸ
2349 5173 2570 5229 ἔλαττον
2627 5171 2894 5244 εἰρωνεία·
2941 5171 3031 5227 καὶ
3083 5173 3110 5226 ὁ
3146 5169 3291 5248 ἔχων
3318 5172 3488 5241 αὐτὴν
3522 5171 3705 5247 εἴρων*

2048 5264 2199 5321 Ἐπεὶ
2234 5261 2290 5319 δὲ
2322 5261 2421 5318 δύο
2452 5260 2719 5333 ἡδὺτητες
2763 5261 2921 5330 εἰσὶν,
2978 5264 3012 5333 ἠ
3082 5262 3178 5335 μὶν
3239 5260 3291 5316 ἐν
3347 5259 3556 5333 παιδίᾷ,
3658 5258 3714 5317 δὶ

2049 5355 2100 5410 ἐν
2131 5358 2210 5425 τῷ
2262 5352 2386 5428 βίῳ,
2417 5353 2445 5407 6
2500 5352 2593 5426 μὲν
2628 5353 2701 5414 ὡς
2732 5350 2816 5407 δεῖ
2844 5349 2978 5423 ἡδὺς
3032 5350 3127 5421 ὢν,
3190 5351 3352 5428 φίλος
3384 5351 3473 5406 καὶ
3516 5352 3550 5422 ἠ
3590 5371 3711 5425 μεσ-

2050 5445 2179 5509 ότης
2228 5442 2403 5520 φιλία·
2461 5443 2489 5498 ὁ
2549 5440 2606 5497 δὲ
2639 5437 3001 5517 ὑπερϐάλλων
3050 5440 3239 5513 κόλαξ,
3284 5442 3312 5496 6
3344 5438 3401 5497 δὲ
3432 5439 3703 5496 ἆλλείπων

2049 5531 2262 5608 δύσερίς
2306 5554 2390 5596 τις
2436 5533 2523 5587 καὶ
2583 5529 2872 5595 δύσκολος.
2904 5538 3010 5603 Τῆς
3046 5531 3104 5588 δὲ
3129 5531 3180 5587 ἦν
3212 5529 3403 5602 παιδιᾷ
3432 5526 3705 5600 ἠδὺτητος

2045 5623 2080 5693 ἠ
2125 5624 2220 5698 μὲν
2275 5623 2531 5699 μεσότης,
2564 5621 2916 5697 εὐτραπελία,
2947 5624 2981 5695 ἠ
3016 5620 3074 5679 δὲ
3106 5616 3414 5699 ὑπερϐολὴ,
3448 5614 3700 5696 βωμολο-

2050 5712 2168 5789 χία,
2222 5715 2256 5784 ἠ
2309 5709 2367 5769 δὲ
2391 5710 2642 5790 ἔλλειψις
2674 5712 2944 5790 ἀγροικία.
2979 5702 3078 5768 Καὶ
3123 5711 3274 5795 ὑμὶν
3306 5707 3573 5789 αἴδεήνῳν,
3598 5708 3699 5782 Me
