4110 6388
412 366 535 427 ’125

1608 380 1710 439 DE
1757 380 2056 442 OMNIFA
2069 381 2199 442 RIA
2243 381 2663 443 DOCTRINA.

3742 387 3859 450 726

408 501 594 589 σος,ὑ
659 498 717 558 δὲ
772 499 1137 580 ὑπερϐάλλων
1199 506 1577 586 ἀναίσχυντος,
1611 513 1638 568 6
1686 510 1744 570 δὲ
1772 512 2041 572 ἐλλείπων

2183 517 2387 588 nitate,
2420 534 2697 574 excessus
2745 519 2805 574 in
2853 519 3232 589 scurrilitate,
3265 520 3326 576 in
3376 521 3705 579 rusticitate
3756 523 3856 580 de-

400 588 689 663 καταπλὴξ
727 593 755 648 6
787 592 963 651 πάντα
993 593 1255 671 αἰδούμεν
1276 619 1359 662 ος.

659 886 756 942 νϐ’.
784 879 911 936 Τίνι
933 878 1186 956 διαφέρει
1221 882 1373 958 ἀρχὴ
1407 887 1496 940 καὶ
1520 894 1793 964 στοιχεῖον
1826 909 1839 960 ;

479 968 543 1024 Ἡ
582 967 676 1041 μὲν
711 969 862 1044 ἀρχὴ
895 970 997 1025 οὐκ
1040 967 1160 1046 ἔχει
1205 993 1256 1026 τι
1307 976 1576 1050 πρότερον
1641 979 1858 1051 ἑαυτῆς,
1896 980 2077 1058 ὥσπερ

410 1059 445 1126 ἡ
479 1055 590 1127 ὕλη
621 1057 712 1112 καὶ
746 1059 809 1114 τὸ
858 1056 1023 1122 εἶδος.
1057 1062 1135 1118 Τὸ
1181 1057 1239 1117 δὲ
1289 1072 1567 1142 στοιχεῖον
1611 1068 1865 1132 σύνθετον
1900 1070 1958 1125 ὃν
1988 1055 2076 1126 καὶ

406 1147 758 1221 συγκείμενον
784 1147 836 1221 ἐξ
869 1146 1009 1221 ὕλης
1058 1151 1148 1206 καὶ
1187 1151 1388 1223 εἶίδους,
1437 1157 1618 1232 ἀρχὴν
1661 1156 1777 1235 ἔχει
1806 1163 1904 1230 τήν
1938 1161 2078 1234 ὕλην

403 1237 497 1292 καὶ
525 1237 590 1292 τὸ
624 1233 933 1300 εἶδοςοὲστι
968 1237 1028 1295 δὲ
1067 1243 1094 1311 ἦ
1130 1239 1240 1314 ὕλη
1279 1250 1502 1321 πρᾶγμα
1523 1233 1837 1322 ἀσώματον,
1863 1233 2076 1316 ἄποιον,

409 1323 564 1400 λόγῳ
617 1326 767 1400 μόνῳ
845 1327 1310 1404 ἱρμηνευόμενον,
1369 1335 1620 1407 αἰσθήσει
1692 1336 1748 1393 δὲ
1811 1342 1886 1412 μή
1944 1343 2080 1397 ὑπο-

402 1415 680 1486 κείμενον.
741 1413 891 1489 Αὕτη
952 1419 1041 1473 οὖν
1103 1420 1137 1490 ἡ
1192 1419 1301 1494 ὕλη
1365 1425 1470 1479 ὑπὸ
1536 1431 1754 1504 μορφῆς
1800 1451 1949 1492 τινος
1991 1429 2079 1488 καὶ

407 1506 703 1579 σχήματος
743 1508 1082 1581 τυπουμένη,
1137 1509 1268 1588 ὅπερ
1320 1511 1430 1568 ἐστὶ
1483 1514 1544 1569 τὸ
1594 1514 1761 1586 εἶδος,
1793 1526 2084 1592 σωματοῢ-

407 1614 518 1650 ται.
579 1593 681 1650 Καὶ
726 1600 944 1672 πρῶτον
1003 1595 1098 1671 μὲν
1151 1601 1361 1675 γίνεται
1425 1611 1699 1681 στοιχεῖον
1740 1605 1777 1677 ἤ
1825 1609 2009 1685 αἰθὴρ,
2042 1609 2078 1681 ἤ

402 1687 511 1758 πῦρ
543 1680 580 1753 ἤ
614 1681 785 1761 ὕδωρ,
809 1683 845 1754 ἤ
872 1686 978 1760 ἀὴρ
1034 1687 1070 1758 ἤ
1111 1693 1207 1764 γῆ.
1251 1697 1483 1748 Ἔπειτα
1520 1695 1737 1751 τούτων
1782 1702 1894 1753 τῶν
1932 1717 2077 1754 στοι·

402 1774 573 1849 χιίων
627 1772 1060 1868 συμπλακέντων
1097 1778 1374 1852 ἀλλήλοις
1417 1783 1618 1860 γίνεται
1669 1792 1834 1860 σῶμα
1884 1790 2077 1868 (rivos:

413 1883 534 1933 τον,
562 1861 598 1933 ἥ
629 1861 882 1940 ἔμψυχον
911 1859 1218 1945 ’ξ’ἄψυχον,
1251 1870 1339 1925 καὶ
1373 1873 1406 1941 ἡ
1436 1859 1538 1946 μὲν
1576 1871 1682 1945 ὕλη
1712 1859 1800 1930 καὶ
1831 1879 1894 1933 τὸ
1937 1859 2082 1934 εἷδος

412 1950 841 2030 ἆρχοειδὲστερα
867 1961 974 2011 τῶν
1010 1960 1300 2035 στοιχείων
1334 1961 1458 2032 sici,
1489 1964 1556 2019 τὰ
1587 1963 1645 2020 δὲ
1676 1974 1924 2043 στοιχεῖα
1960 1975 2068 2024 τῶν

407 2040 597 2133 ἄλλων
641 2043 912 2116 σωμάτων
952 2047 1438 2124 στοιχειωδέστερα
1471 2071 1485 2084 ⁸
1533 2054 1711 2130 ἀρχὴν
1741 2040 1808 2111 δὲγ
1824 2040 2064 2133 λέγομεν

413 2132 506 2200 τὴν
533 2131 695 2204 ὕλην,
728 2135 838 2210 οὐχ
868 2136 953 2190 ὅτι
999 2136 1099 2192 οὐκ
1145 2134 1262 2214 ἔχει
1322 2140 1465 2197 ἄλλο
1518 2144 1808 2222 ὑπέρτερον
1849 2131 2066 2224 ἑαυτῆς,

424 2217 562 2278 ἀλλὰ
585 2223 665 2278 ὅτι
691 2227 758 2281 τὰ
789 2228 1020 2302 σώματα
1052 2229 1141 2286 ὑπ’
1171 2232 1340 2303 αύτήν
1374 2217 1957 2316 ἀνάγεταινπρνοσεχῶς.

789 2495 848 2567 ξ’.
888 2499 1024 2574 Περὶ
1053 2504 1161 2554 τῶν
1190 2501 1403 2578 ἀρχῶν,
1434 2504 1487 2560 τί
1522 2505 1674 2563 εἷ’σιν.

464 2581 643 2675 ’ᾼρχή
674 2589 784 2640 τῶν
818 2581 1016 2675 ’ὄντων
1069 2590 1261 2664 πρώτη
1336 2594 1430 2666 μὶν
1489 2597 1578 2650 καὶ
1638 2597 1973 2675 ὐπεράρχιος
2031 2601 2058 2656 6

388 2671 540 2736 Θεός.
599 2675 752 2766 μετᾶ
812 2673 885 2766 δὲ,
929 2677 1058 2733 Θεὸν
1141 2680 1347 2738 πολλαὶ
1420 2685 1586 2761 ἀρχαὶ
1655 2671 1763 2743 τῶν
1815 2671 2053 2766 φυσικῶν

388 2763 723 2856 πραγματων
785 2765 912 2856 εἶσί.
958 2769 1080 2856 ΔΚαὶ
1129 2776 1237 2826 τῶν
1297 2774 1393 2846 μὲν
1454 2777 1742 2852 στοιχείων
1803 2763 1968 2856 ἆρχαὶ
2018 2782 2051 2850 ἠ

397 2848 505 2920 ὕλη
536 2852 626 2906 καὶ
655 2855 717 2909 τὸ
741 2852 880 2920 εἶδος
911 2854 1124 2933 εἷ’ρηται
1155 2879 1166 2892 ·
1222 2867 1331 2916 τῶν
1381 2861 1437 2919 δὲ
1482 2868 1740 2922 συνθέτων
1782 2871 2050 2942 σωμάτων

396 2938 531 2994 αὐτὰ
592 2942 683 2996 καὶ
734 2945 879 3001 ἀπλᾶ
926 2955 1206 3026 στοιχεῖα.
1269 2952 1427 3010 Ἀλλ’
1482 2956 1533 3009 οἱ
1591 2957 1684 3029 μὲν
1734 2938 1898 3013 ἄλλοι
1941 2964 2049 3014 τῶν

398 3027 721 3123 φιλοσόφων
753 3031 1091 3111 διῃρέθησαν.
1145 3042 1244 3095 Καὶ
1291 3048 1409 3107 τοῖς
1457 3045 1551 3118 μὶν
1594 3027 1774 3118 ἔδοξεν
1808 3047 1956 3123 ἀρχὴ
1988 3051 2050 3104 τὸ

398 3122 532 3194 πῦρ,
585 3117 674 3176 διὰ
727 3125 828 3193 τὴν
885 3123 1112 3202 δύναμιν
1162 3131 1253 3186 καὶ
1300 3133 1362 3188 τὸ
1410 3135 1817 3192 καταναλίσκειν
1877 3138 2049 3194 πάντα

387 3206 466 3270 εἷς
507 3208 637 3265 αὐτό
673 3229 686 3244 °
718 3219 834 3276 τοῖς
865 3213 922 3270 δὲ
953 3219 981 3272 ὁ
1020 3217 1149 3294 ἀὴρ,
1175 3217 1263 3276 διὰ
1282 3223 1380 3290 τήν
1407 3228 1516 3278 τῶν
1546 3224 1696 3293 ζώων
1734 3227 2007 3299 ἀναπνοήν
2027 3247 2043 3262 ·

2190 609 2400 666 fectus.
2438 608 2900 665 Mediocritatem
2953 610 3160 666 itidem
3192 609 3334 668 colit
3386 612 3615 683 pudens
3655 612 3854 684 homo,

2191 698 2422 754 excedit
2454 699 2792 770 impudens,
2822 700 3020 755 deficit
3051 700 3300 772 pavidus
3331 705 3388 756 et
3420 702 3522 774 qui
3555 719 3857 774 nunquam

2191 805 2307 844 non
2340 789 2563 860 pudore
2596 793 3018 846 commovetur.

2190 896 2280 952 59.
2318 896 2589 965 Quomodo
2620 897 2892 968 differunt
2920 899 3266 968 principium
3299 900 3462 968 atque
3491 899 3862 955 elementum?

2263 987 2622 1058 Principium
2656 987 2803 1042 nihil
2847 987 3022 1042 habet
3054 988 3248 1059 seipso
3299 988 3483 1059 prius,
3518 993 3584 1043 ut
3613 989 3862 1044 materia

2189 1081 2248 1132 et
2278 1077 2467 1132 forma
2497 1093 2511 1132 :
2549 1081 2608 1132 at
2641 1076 3000 1134 elementum
3032 1078 3427 1149 compositum
3462 1094 3527 1133 ac
3557 1093 3863 1150 coagmen-

2190 1170 2378 1222 tatum
2412 1171 2500 1222 est
2531 1183 2596 1221 ex
2653 1167 2899 1222 materia
2948 1171 3004 1222 et
3049 1168 3256 1237 forma,
3291 1167 3687 1240 principiique
3735 1167 3860 1224 loco

2190 1256 2368 1312 habet
2398 1256 2708 1312 materiam
2737 1262 2794 1312 et
2827 1257 3101 1319 formam.
3126 1257 3227 1312 Est
3258 1262 3455 1312 autem
3490 1258 3737 1312 materia
3767 1275 3860 1314 res

2190 1346 2600 1417 incorporalis,
2627 1362 2834 1418 expers
2867 1346 3245 1418 qualitatum,
3273 1347 3398 1402 sola
3429 1347 3654 1402 ratione
3684 1346 3863 1419 expli-

2190 1435 2401 1502 canda,
2424 1435 2699 1490 sensibus
2727 1440 2921 1491 autem
2948 1435 3192 1491 minime
3215 1435 3404 1491 obvia.
3429 1436 3575 1492 Huic
3602 1437 3861 1493 materia

2191 1525 2418 1597 species
2451 1526 2719 1596 quaedam
2765 1530 2942 1596 atque
2975 1528 3163 1596 ﬁgura
3217 1529 3500 1597 tanquam
3537 1527 3726 1582 forma
3755 1544 3864 1582 sua

2192 1614 2581 1687 imprimitur,
2618 1620 2794 1687 atque
2825 1615 2910 1671 ita
2940 1616 3006 1670 fit
3037 1632 3276 1688 corpus,
3308 1620 3366 1670 et
3398 1615 3588 1688 primo
3618 1617 3858 1687 quidem

2190 1705 2573 1774 elementum,
2605 1704 2695 1760 vel
2727 1705 2927 1776 aether,
2962 1704 3051 1760 vel
3083 1705 3262 1776 ignis,
3295 1705 3380 1760 vel
3414 1721 3587 1776 aqua,
3615 1704 3704 1761 vel
3736 1723 3854 1774 aer,

2189 1795 2280 1850 vel
2313 1799 2484 1850 terra.
2510 1794 2730 1850 Deinde
2760 1793 3233 1850 coalescentibus
3265 1793 3426 1850 hisce
3453 1793 3759 1850 elementis
3791 1796 3856 1850 tit

2188 1901 2402 1957 corpus
2435 1885 2854 1957 compositum,
2889 1886 3010 1940 sive
3046 1884 3375 1940 animatum
3407 1885 3528 1941 sive
3556 1883 3848 1940 inanima-

2181 1980 2332 2030 tum.
2365 1979 2446 2031 Ac
2478 1976 2722 2031 materia
2752 1981 2809 2030 et
2841 1976 3031 2030 forma
3061 1974 3301 2045 quidem
3339 1975 3530 2046 magis
3560 1974 3847 2032 rationem

2179 2064 2453 2138 principii
2499 2064 2720 2120 habent
2768 2081 2944 2136 quam
2997 2063 3322 2132 elementa;
3365 2063 3656 2120 elementa
3702 2080 3835 2122 vero

2178 2155 2368 2227 magis
2425 2171 2602 2226 quam
2666 2153 2782 2210 alia
2839 2170 3100 2225 corpora.
3161 2155 3452 2210 Caeterum
3525 2155 3833 2210 materiam

2175 2243 2448 2316 principii
2483 2244 2720 2299 nomine
2747 2259 3186 2315 nuncupamus,
3213 2259 3328 2300 non
3358 2244 3517 2314 quod
3552 2242 3700 2300 nihil
3731 2244 3835 2299 ha-

2173 2333 2273 2389 bet
2303 2333 2576 2405 principii
2625 2350 2806 2404 supra
2837 2349 2920 2404 se,
2955 2333 3056 2388 sed
3090 2333 3245 2403 quod
3285 2348 3532 2405 corpora
3573 2333 3837 2405 proxime

2173 2423 2284 2478 sub
2316 2421 2416 2477 illa
2447 2422 2916 2478 constituuntur.

2561 2514 2651 2567 60.
2687 2515 2760 2568 De
2785 2513 3106 2585 principiis,
3141 2513 3277 2584 quid
3306 2513 3441 2568 sint.

2243 2602 2611 2674 Principium-
2639 2619 2834 2658 rerum
2869 2603 3128 2674 primum
3159 2606 3215 2658 et
3245 2619 3426 2676 super
3451 2602 3650 2658 omnia
3682 2602 3838 2674 prin-

2167 2693 2319 2765 cipia
2368 2694 2628 2766 positum
2660 2699 2750 2750 est
2791 2699 2963 2764 Deus,
3000 2699 3132 2767 post
3164 2699 3345 2750 Deum
3395 2693 3584 2749 multa
3632 2709 3831 2749 rerum

2167 2784 2527 2840 naturalium
2564 2790 2704 2840 sunt
2747 2785 3055 2856 principia.
3089 2787 3162 2841 Ac
3211 2783 3632 2840 elementorum
3664 2784 3831 2856 prin-

2165 2874 2318 2946 cipia
2350 2874 2656 2930 materiam
2707 2891 2838 2930 esse
2871 2891 2938 2930 ac
2971 2876 3219 2930 formam
3264 2875 3391 2946 jam
3443 2875 3665 2930 dictum
3719 2879 3826 2930 est.

2162 2965 2634 3036 Compositorum
2668 2982 2800 3021 vero
2846 2981 3162 3036 corporum
3196 2964 3488 3038 principia
3529 2969 3668 3020 sunt
3699 2964 3829 3036 ipsa

2161 3053 2456 3124 simplicia
2499 3054 2814 3120 elementa,
2847 3054 2916 3110 de
2950 3054 3167 3125 quibus
3223 3053 3564 3126 phiIOSOphi
3618 3053 3716 3109 alii
3765 3055 3822 3109 in

2160 3143 2388 3199 diversa
2435 3143 2726 3198 abierunt.
2761 3144 2904 3199 Nam
2957 3144 3313 3215 quibusdam
3359 3143 3511 3213 ignis
3544 3143 3709 3198 visus
3736 3148 3826 3200 est

2158 3246 2287 3287 esse
2317 3231 2692 3303 principium,
2721 3236 2956 3304 prapter
2985 3231 3330 3299 efficaciam,
3355 3237 3411 3286 et
3434 3233 3590 3303 quod
3625 3232 3823 3288 omnia

381 3303 499 3361 τοῖς
530 3297 676 3392 δὶτὸ
708 3302 856 3381 ὕδωρ
906 3303 997 3362 διὰ
1041 3311 1142 3377 τήν
1188 3310 1419 3386 γόνιμον
1471 3313 1652 3388 φύσιν.
1685 3317 1799 3371 Τισὶ
1839 3315 1896 3372 δὲ
1922 3296 2044 3372 τού-

2168 3320 2219 3376 in
2251 3320 2420 3376 illum
2453 3326 2970 3377 consummuntur.
3005 3321 3151 3377 Aliis
3183 3337 3300 3391 aer,
3336 3321 3615 3392 quoniam
3649 3321 3818 3377 illum

378 3409 490 3442 των
521 3391 675 3461 καὶ
709 3400 780 3468 γῆ
815 3394 963 3472 ἀρχῆ
1024 3393 1192 3471 ἔδοξε,
1241 3397 1330 3456 διὰ
1375 3403 1436 3456 τὸ
1495 3403 1671 3460 πλείω
1726 3411 1835 3461 τῶν
1884 3406 2035 3476 ζώων

382 3476 619 3546 ὑπὸτῆς
675 3489 779 3558 γῆς
830 3489 1135 3559 γεννᾶσθαι,
1196 3490 1285 3546 καὶ
1335 3491 1410 3554 εἰς
1457 3492 1624 3563 αὐτὴν
1669 3495 2037 3561 ἀναλύεσθαι·

379 3568 595 3644 Ἕιτεροι
627 3566 686 3626 δὲ
714 3573 853 3628 αὐτά
908 3575 972 3630 τὰ
1015 3577 1248 3655 τέσσαρα
1308 3589 1556 3659 στοιχεῖα
1603 3585 1778 3662 ἀρχὰς
1805 3590 1912 3641 τῶν
1946 3583 2036 3641 ὄν-

381 3676 492 3749 των
526 3657 887 3749 ἀπεφήναντο.
922 3664 1153 3722 Ηλάτων
1211 3665 1269 3723 δὲ
1299 3657 1474 3746 ἀρχὰς
1521 3657 1727 3749 εἴρηκε,
1761 3676 1851 3730 τὸν
1884 3677 2036 3745 Θεὸν,

385 3746 465 3840 οὓς
497 3748 700 3823 πατέρα
740 3753 832 3807 καὶ
877 3757 1138 3826 ποιητὴν,
1183 3759 1283 3828 τήν
1325 3758 1382 3814 ὕ)
1399 3783 1462 3832 ην
1495 3746 1581 3825 ὡς
1603 3761 1908 3840 δεχομένην
1936 3768 2036 3835 τήν

384 3833 910 3930 δημιουργίαν,καί
955 3847 1056 3915 τὴν
1104 3844 1246 3903 ἰδέαν
1284 3870 1296 3884 ·
1333 3848 1478 3906 ἰδέαν
1527 3850 1584 3908 δὲ
1809 3833 2034 3912 Πλάτων

378 3927 483 3996 τήν
515 3930 738 4000 πρώτην
771 3925 977 3990 ἔννοιαν
1008 3941 1107 3991 τοῦ
1154 3943 1309 4010 Θεοῦ,
1361 3941 1451 3996 καὶ
1498 3943 1597 4013 τήν
1631 3944 1868 4022 ἄρῥητον
1896 3945 2036 4002 ἐκεί-

375 4037 478 4111 νην
513 4020 808 4096 φανταφίαν
858 4025 949 4079 καὶ
994 4026 1360 4100 ἀνατύπωσιν,
1410 4033 1528 4087 καθ’
1580 4020 1786 4104 ἤνντὸν
1828 4036 2034 4111 κόσμον

374 4103 474 4177 ἐδη
485 4107 720 4186 μιούργη
729 4131 840 4170 σεν.

976 4313 1070 4385 ξεί.
1105 4314 1234 4391 Περὶ
1275 4316 1436 4390 ὕλης.

468 4393 606 4466 ’Ύλη
631 4396 737 4453 ἐστὶ
769 4404 996 4477 πρᾶγμα
1044 4405 1158 4460 οἷον
1209 4405 1378 4462 εἰπεῖν
1427 4409 1616 4484 ἄϋλον,
1650 4413 1896 4487 αἶ’σοήσει
1935 4419 2028 4491 μὲν

379 4481 717 4580 ἀθεώρητον,
762 4485 970 4563 διανοίᾳ
1017 4489 1074 4548 δὲ
1136 4495 1276 4570 μόνῃ
1324 4497 1554 4568 ληπτόν.
1591 4481 2030 4580 Χεῖροννπάντων

368 4570 724 4665 τωνῼόντων,
784 4579 1054 4660 ἄμορφον,
1120 4583 1374 4661 ἀνείδεον,
1422 4589 1819 4665 ἀδιατύπωτον,
1875 4597 2030 4653 οὐσία

2149 3411 2442 3482 respirant
2483 3410 2786 3466 animalia.
2820 3410 2966 3466 Aliis
2997 3427 3152 3481 aqua
3197 3416 3436 3481 propter
3466 3409 3814 3466 seminalem

2149 3505 2446 3556 naturam.
2477 3500 2788 3558 Nonnullis
2818 3501 3032 3556 horum
3059 3500 3237 3556 etiam
3265 3505 3423 3556 terra
3455 3500 3814 3572 principium

2146 3589 2276 3646 visa
2304 3594 2414 3656 est,
2438 3590 2718 3662 quoniam
2753 3590 2924 3662 plura
2947 3590 3230 3646 animalia
3257 3605 3324 3645 ex
3354 3589 3457 3645 illa
3487 3594 3816 3646 nascuntur

2147 3683 2205 3735 et
2234 3680 2295 3734 in
2326 3679 2490 3736 illam
2518 3680 2730 3736 iterum
2764 3680 3161 3736 resolvuntur.
3186 3680 3395 3735 Coeteri
3419 3683 3673 3752 quatuor
3701 3680 3814 3736 ista

2148 3785 2346 3825 rerum
2401 3785 2531 3824 esse
2583 3769 2872 3841 principia
2924 3773 3279 3826 statuerunt.
3313 3768 3477 3826 Plato
3525 3769 3811 3841 principia

2146 3873 2277 3914 esse
2307 3859 2543 3914 docuit:
2575 3863 2780 3925 Deum,
2805 3864 3092 3931 tanquam
3125 3863 3350 3930 patrem
3383 3863 3442 3913 et
3473 3862 3804 3928 auctorem;

2149 3949 2476 4016 materiam,
2511 3953 2577 4003 ut
2608 3965 2734 4020 quae
2763 3949 3076 4004 creationis
3108 3965 3258 4021 opus
3288 3949 3347 4003 in
3379 3965 3443 4004 se
3472 3947 3735 4020 recipiat,
3751 3951 3806 4004 et

2146 4037 2546 4094 ideam.Vocat
2568 4043 2763 4094 autem
2790 4039 2979 4094 ideam
3008 4038 3257 4110 primam
3279 4037 3720 4109 conceptionem
3741 4037 3802 4093 in

2145 4131 2278 4194 Deo,
2295 4131 2352 4183 et
2371 4127 2727 4184 ineffabilem
2755 4128 3234 4200 imaginationem
3257 4132 3432 4200 atque
3454 4127 3808 4183 etl'ormatio-

2144 4233 2300 4286 nem,
2325 4217 2651 4273 secundum
2686 4234 2861 4289 quam
2895 4218 3186 4274 mundum
3220 4218 3356 4274 fecit
3385 4233 3451 4273 ac
3481 4216 3764 4296 condidit.

2729 4326 2819 4380 61.
2855 4327 2929 4381 De
2957 4327 3217 4382 materia.

2214 4415 2456 4470 Materia
2486 4418 2574 4470 est
2607 4432 2720 4481 res,
2755 4419 2818 4470 ut
2847 4417 2928 4471 ita
2958 4415 3172 4482 dicam,
3205 4413 3639 4485 immaterialis,
3673 4431 3800 4487 qua:

2141 4520 2468 4560 sensunon
2501 4505 2940 4576 comprehendi,
2975 4507 3076 4562 sed
3116 4505 3243 4562 sola
3281 4505 3636 4578 cogitatione
3665 4521 3798 4577 per-

2141 4594 2252 4665 cipi
2315 4597 2526 4665 potest.
2584 4595 2860 4650 Omnium
2917 4597 3141 4651 entium
3209 4600 3612 4667 postremum,
3670 4595 3798 4650 sine

368 4661 626 4728 ἆνούσιος
685 4669 773 4724 καὶ
824 4668 1053 4747 ὕμαρςις
1111 4675 1466 4754 ἀνύπαρκτος.
1501 4683 1624 4739 Ἐὰν
1681 4687 1782 4762 γὰρ
1836 4686 2032 4762 ἀνέλῃς

2168 4685 2352 4753 ‘orma,
2385 4683 2512 4764 sine
2561 4685 2773 4756 specie,
2807 4686 2934 4741 sine
2984 4686 3188 4756 figura,
3222 4684 3479 4740 essentia
3523 4684 3796 4740 essentia

369 4753 548 4849 τυχξν
582 4755 687 4812 ἀπὸ
715 4762 822 4814 τῶν
853 4764 1122 4834 σωμάτων
1167 4767 1263 4830 τὰς
1293 4766 1623 4842 ποσότητας,
1661 4775 1758 4839 τὰς
1793 4777 2029 4849 σγέσεις,

365 4840 466 4936 τᾲς
499 4838 782 4936 temnes;
811 4851 1040 4924 τροπὰς,
1091 4855 1188 4918 τὰς
1235 4860 1494 4934 κινήσεις,
1544 4863 1641 4925 τὰς
1673 4861 2026 4936 ἀλλοιώσεις,

364 4931 464 4993 τὰς
493 4929 842 5028 ἐεταϐολάς,
892 4945 997 4995 πᾶν
1045 4936 1227 5020 ἕτερον
1275 4946 1454 5003 ὁτιουν
1507 4950 1570 5004 τὸ
1625 4951 2027 5028 καταλειπόμε-

365 5040 460 5074 νον
490 5017 598 5117 ὕλη
633 5022 806 5084 ἐστίν.
851 5029 974 5084 Ἐὰν
1031 5017 1142 5108 γὰρ
1186 5032 1382 5110 ἀνέλῃς
1439 5037 1545 5093 ἀπὸ
1601 5045 1698 5096 τοῦ
1729 5043 1900 5117 πυρὸς
1927 5017 2025 5112 τήν

372 5110 688 5207 θερμότητα
745 5117 836 5170 καὶ
883 5119 983 5188 τὴν
1026 5122 1323 5197 ξηρότητα,
1356 5127 1446 5181 καὶ
1479 5127 1584 5183 ἀπὸ
1612 5134 1709 5185 τοῦ
1740 5131 1896 5207 ἀέρος
1927 5135 2023 5202 τήν

377 5197 687 5272 θερμότητα
733 5205 824 5261 καὶ
869 5210 970 5278 τήν
1039 5211 1330 5287 ὑγρότητα,
1389 5216 1479 5271 καὶ
1535 5218 1642 5274 ἀπὸ
1678 5225 1776 5275 τοῦ
1835 5220 2029 5286 ὕδατος

371 5287 828 5385 τήνᾳψυχρότητα
857 5299 946 5352 καὶ
991 5301 1092 5370 τήν
1139 5301 1430 5379 ὑγρότητα,
1462 5309 1524 5362 τὸ
1555 5306 1786 5385 ἔσχατον
1817 5311 2022 5368 τούτων

369 5376 730 5459 ὑπολειφθὲν,
762 5383 868 5457 ὕλη
895 5385 1060 5446 ἐστίν.

1091 5481 1218 5556 Ηερὶ
1253 5482 1464 5543 αἰτιῶν.

437 5557 630 5654 ᾼίτίας
663 5562 691 5617 6
741 5563 840 5654 μὲν
889 5567 1279 5644 ’Δριστοτόλης
1324 5575 1585 5650 τέσσαρας
1627 5575 1961 5654 δογματίζει,
1995 5583 2024 5637 6

458 5645 694 5706 Πλάτων
738 5650 809 5743 ἔξ,
848 5656 997 5712 Ἐστι
1036 5655 1092 5714 δὲ
1123 5659 1270 5717 αἰτία
1291 5643 1606 5739 πρώτημὲν
1639 5671 1673 5739 ἡ
1705 5643 1970 5743 ποιητικός
2007 5693 2020 5706 ⁸

363 5737 554 5812 ὥσπερ
605 5743 706 5808 τῆς
750 5741 943 5816 κλίνης
997 5753 1214 5823 πρῶτον
1273 5751 1444 5810 αἴτιον
1499 5757 1527 5811 ὁ
1575 5756 1916 5834 κλινοποιὸς,
1950 5761 2024 5828 ὡς

2142 4789 2346 4845 expers
2377 4777 2435 4829 et
2467 4776 2803 4830 substantia
2833 4775 2958 4830 sine
2989 4775 3344 4830 substantia.
3376 4775 3432 4828 Si
3464 4774 3622 4830 enim
3657 4774 3793 4831 abs-

2138 4863 2340 4920 trahas
2391 4880 2424 4918 a
2471 4880 2712 4936 corpore
2769 4865 3109 4936 qualitates,
3152 4865 3488 4932 relationes,
3529 4863 3791 4932 habitus,

2140 4955 2367 5024 modos,
2436 4959 2654 5026 motus,
2724 4956 3121 5026 alterationes,
3188 4955 3566 5022 mutationes,
3634 4955 3793 5010 aliud

2139 5045 2555 5117 quodcunque,
2589 5046 2746 5116 quod
2796 5047 3148 5102 remanserit
3195 5045 3440 5102 materia
3485 5048 3594 5101 est.
3629 5045 3714 5100 Ita
3743 5045 3796 5100 si

2137 5135 2209 5190 ab
2238 5134 2375 5206 igne
2403 5151 2456 5190 v.
2487 5151 2542 5207 g.
2578 5136 2932 5192 abstraxeris
2965 5136 3217 5192 calorem
3246 5139 3305 5192 et
3334 5135 3692 5206 ariditatem,
3724 5135 3798 5190 ab

2137 5239 2270 5280 aere
2317 5225 2570 5282 calorem
2623 5231 2680 5282 et
2726 5226 3167 5296 humiditatem,
3201 5226 3272 5282 ab
3320 5243 3480 5299 aqua
3524 5226 3710 5298 frigus
3743 5229 3800 5280 et

2137 5313 2576 5385 humiditatem,
2610 5321 2975 5389 postremum
3026 5317 3186 5388 quod
3236 5319 3508 5389 superest
3551 5314 3800 5373 materia

2137 5408 2245 5461 est.

2740 5499 2830 5552 6‘2.
2867 5499 2940 5553 De
2982 5498 3184 5552 causis.

2207 5584 2425 5641 Causas
2473 5586 2822 5643 Aristoteles
2879 5591 3138 5658 quatuor
3193 5586 3394 5652 tradit,
3447 5587 3610 5644 Plato
3669 5604 3789 5646 sex.

2136 5674 2330 5730 Prima
2360 5679 2448 5731 est
2479 5692 2658 5732 causa
2689 5676 2970 5747 efﬁciens,
3007 5680 3071 5731 ut
3109 5675 3242 5732 lecti
3274 5676 3462 5748 prima
3491 5694 3671 5734 causa
3700 5680 3790 5733 est

2135 5763 2232 5837 qui
2281 5781 2416 5822 eum
2477 5767 2732 5840 conficit,
2764 5767 3014 5839 ejusque
3067 5769 3160 5824 est
3216 5771 3437 5825 auctor.
3469 5764 3784 5824 Materialis
