  <div class='ocr_page' id='page_1' title='image "/cluster/home/n/w/nwhite01/storage/ocr_20150623/122:no.2/coo.31924054870278/371.png"; bbox 0 0 4110 6408; ppageno 0'>
   <div class='ocr_carea' id='block_1_1' title="bbox 257 378 378 437">
    <p class='ocr_par' dir='ltr' id='par_1_1' title="bbox 257 378 378 437">
     <span class='ocr_line' id='line_1_1' title="bbox 257 378 378 437; baseline -0.008 -2"><span class='ocrx_word' id='word_1_1' title='bbox 257 378 378 437; x_wconf 80' lang='lat'>727</span> 
     </span>
    </p>
   </div>
   <div class='ocr_carea' id='block_1_2' title="bbox 1592 371 2339 432">
    <p class='ocr_par' dir='ltr' id='par_1_2' title="bbox 1592 371 2339 432">
     <span class='ocr_line' id='line_1_2' title="bbox 1592 371 2339 432; baseline -0.003 0"><span class='ocrx_word' id='word_1_2' title='bbox 1592 373 1642 431; x_wconf 88' lang='grc' dir='ltr'><strong>Μ</strong></span> <span class='ocrx_word' id='word_1_3' title='bbox 1656 373 1783 432; x_wconf 76' lang='lat' dir='ltr'>[Cll</span> <span class='ocrx_word' id='word_1_4' title='bbox 1797 377 1833 430; x_wconf 82' lang='grc' dir='ltr'><strong>Λ</strong></span> <span class='ocrx_word' id='word_1_5' title='bbox 1852 371 2022 431; x_wconf 81' lang='lat' dir='ltr'>ELIS</span> <span class='ocrx_word' id='word_1_6' title='bbox 2068 371 2339 431; x_wconf 84' lang='lat' dir='ltr'>PSELLI</span> 
     </span>
    </p>
   </div>
   <div class='ocr_carea' id='block_1_3' title="bbox 3565 373 3686 433">
    <p class='ocr_par' dir='ltr' id='par_1_3' title="bbox 3565 373 3686 433">
     <span class='ocr_line' id='line_1_3' title="bbox 3565 373 3686 433; baseline -0.008 0"><span class='ocrx_word' id='word_1_7' title='bbox 3565 373 3686 433; x_wconf 74' lang='lat'>728</span> 
     </span>
    </p>
   </div>
   <div class='ocr_carea' id='block_1_4' title="bbox 264 498 1930 579">
    <p class='ocr_par' dir='ltr' id='par_1_4' title="bbox 264 503 1922 579">
     <span class='ocr_line' id='line_1_4' title="bbox 264 503 1922 579; baseline -0.003 -16"><span class='ocrx_word' id='word_1_8' title='bbox 264 523 441 564; x_wconf 88' lang='lat' dir='ltr'>causa</span> <span class='ocrx_word' id='word_1_9' title='bbox 477 507 610 562; x_wconf 85' lang='lat' dir='ltr'>lecti</span> <span class='ocrx_word' id='word_1_10' title='bbox 658 509 747 562; x_wconf 86' lang='lat' dir='ltr'>est</span> <span class='ocrx_word' id='word_1_11' title='bbox 793 505 1043 579; x_wconf 83' lang='lat' dir='ltr'>lignum,</span> <span class='ocrx_word' id='word_1_12' title='bbox 1078 505 1206 561; x_wconf 83' lang='lat' dir='ltr'>sine</span> <span class='ocrx_word' id='word_1_13' title='bbox 1239 504 1482 561; x_wconf 78' lang='lat' dir='ltr'>materia</span> <span class='ocrx_word' id='word_1_14' title='bbox 1529 504 1684 560; x_wconf 89' lang='lat' dir='ltr'>enim</span> <span class='ocrx_word' id='word_1_15' title='bbox 1719 503 1922 560; x_wconf 90' lang='lat' dir='ltr'>nullus</span> 
     </span>
    </p>
   </div>
   <div class='ocr_carea' id='block_1_5' title="bbox 2044 498 3686 579">
    <p class='ocr_par' dir='ltr' id='par_1_5' title="bbox 2044 498 3686 574">
     <span class='ocr_line' id='line_1_5' title="bbox 2044 498 3686 574; baseline 0.002 -19"><span class='ocrx_word' id='word_1_16' title='bbox 2044 502 2278 571; x_wconf 74' lang='grc' dir='ltr'>ποιητὴς</span> <span class='ocrx_word' id='word_1_17' title='bbox 2309 498 2530 572; x_wconf 76' lang='grc' dir='ltr'>ταύτης.</span> <span class='ocrx_word' id='word_1_18' title='bbox 2563 498 2774 557; x_wconf 79' lang='grc' dir='ltr'>’Υλικὸν</span> <span class='ocrx_word' id='word_1_19' title='bbox 2829 498 2885 557; x_wconf 73' lang='grc' dir='ltr'>δὲ</span> <span class='ocrx_word' id='word_1_20' title='bbox 2928 499 3101 557; x_wconf 75' lang='grc' dir='ltr'>αἶ’τιον</span> <span class='ocrx_word' id='word_1_21' title='bbox 3145 509 3248 573; x_wconf 80' lang='grc' dir='ltr'>τῆς</span> <span class='ocrx_word' id='word_1_22' title='bbox 3277 500 3472 574; x_wconf 87' lang='grc' dir='ltr'>κλίνης</span> <span class='ocrx_word' id='word_1_23' title='bbox 3503 503 3566 558; x_wconf 81' lang='grc' dir='ltr'>τὸ</span> <span class='ocrx_word' id='word_1_24' title='bbox 3598 503 3686 574; x_wconf 77' lang='grc' dir='ltr'>ξύ-</span> 
     </span>
    </p>
   </div>
   <div class='ocr_carea' id='block_1_6' title="bbox 267 596 1926 668">
    <p class='ocr_par' dir='ltr' id='par_1_6' title="bbox 267 596 1926 668">
     <span class='ocr_line' id='line_1_6' title="bbox 267 596 1926 668; baseline -0.004 -15"><span class='ocrx_word' id='word_1_25' title='bbox 267 599 457 653; x_wconf 81' lang='lat' dir='ltr'>lectus</span> <span class='ocrx_word' id='word_1_26' title='bbox 515 596 713 668; x_wconf 85' lang='lat' dir='ltr'>perﬁci</span> <span class='ocrx_word' id='word_1_27' title='bbox 770 601 982 668; x_wconf 78' lang='lat' dir='ltr'>potest.</span> <span class='ocrx_word' id='word_1_28' title='bbox 1037 596 1322 652; x_wconf 79' lang='lat' dir='ltr'>Formalis</span> <span class='ocrx_word' id='word_1_29' title='bbox 1351 601 1408 651; x_wconf 88' lang='lat' dir='ltr'>et</span> <span class='ocrx_word' id='word_1_30' title='bbox 1449 596 1581 650; x_wconf 91' lang='lat' dir='ltr'>lecti</span> <span class='ocrx_word' id='word_1_31' title='bbox 1636 596 1825 666; x_wconf 83' lang='lat' dir='ltr'>ﬁgura</span> <span class='ocrx_word' id='word_1_32' title='bbox 1869 597 1926 647; x_wconf 90' lang='lat' dir='ltr'>et</span> 
     </span>
    </p>
   </div>
   <div class='ocr_carea' id='block_1_7' title="bbox 270 683 1924 757">
    <p class='ocr_par' dir='ltr' id='par_1_7' title="bbox 270 683 1924 757">
     <span class='ocr_line' id='line_1_7' title="bbox 270 683 1924 757; baseline -0.005 -15"><span class='ocrx_word' id='word_1_33' title='bbox 270 689 421 743; x_wconf 89' lang='lat' dir='ltr'>idea.</span> <span class='ocrx_word' id='word_1_34' title='bbox 458 685 675 742; x_wconf 83' lang='lat' dir='ltr'>Finalis</span> <span class='ocrx_word' id='word_1_35' title='bbox 724 687 998 757; x_wconf 86' lang='lat' dir='ltr'>denique,</span> <span class='ocrx_word' id='word_1_36' title='bbox 1034 690 1097 740; x_wconf 91' lang='lat' dir='ltr'>ut</span> <span class='ocrx_word' id='word_1_37' title='bbox 1127 686 1398 740; x_wconf 82' lang='lat' dir='ltr'>homines</span> <span class='ocrx_word' id='word_1_38' title='bbox 1447 685 1503 739; x_wconf 90' lang='lat' dir='ltr'>in</span> <span class='ocrx_word' id='word_1_39' title='bbox 1537 684 1635 738; x_wconf 91' lang='lat' dir='ltr'>illo</span> <span class='ocrx_word' id='word_1_40' title='bbox 1669 683 1924 754; x_wconf 88' lang='lat' dir='ltr'>quietem</span> 
     </span>
    </p>
   </div>
   <div class='ocr_carea' id='block_1_8' title="bbox 270 773 1923 847">
    <p class='ocr_par' dir='ltr' id='par_1_8' title="bbox 270 773 1923 847">
     <span class='ocr_line' id='line_1_8' title="bbox 270 773 1923 847; baseline -0.005 -15"><span class='ocrx_word' id='word_1_41' title='bbox 270 776 606 847; x_wconf 84' lang='lat' dir='ltr'>capiant,ob</span> <span class='ocrx_word' id='word_1_42' title='bbox 628 775 780 829; x_wconf 88' lang='lat' dir='ltr'>hanc</span> <span class='ocrx_word' id='word_1_43' title='bbox 805 776 1017 846; x_wconf 78' lang='lat' dir='ltr'>quippe</span> <span class='ocrx_word' id='word_1_44' title='bbox 1040 791 1278 829; x_wconf 79' lang='lat' dir='ltr'><strong>causam</strong></span> <span class='ocrx_word' id='word_1_45' title='bbox 1306 773 1518 828; x_wconf 83' lang='lat' dir='ltr'>lectum</span> <span class='ocrx_word' id='word_1_46' title='bbox 1546 773 1923 827; x_wconf 78' lang='lat' dir='ltr'>fabricamus.</span> 
     </span>
    </p>
   </div>
   <div class='ocr_carea' id='block_1_9' title="bbox 273 859 1926 935">
    <p class='ocr_par' dir='ltr' id='par_1_9' title="bbox 273 859 1926 935">
     <span class='ocr_line' id='line_1_9' title="bbox 273 859 1926 935; baseline -0.005 -14"><span class='ocrx_word' id='word_1_47' title='bbox 273 867 368 921; x_wconf 75' lang='lat' dir='ltr'>Hze</span> <span class='ocrx_word' id='word_1_48' title='bbox 400 869 538 920; x_wconf 86' lang='lat' dir='ltr'>sunt</span> <span class='ocrx_word' id='word_1_49' title='bbox 561 873 815 935; x_wconf 77' lang='lat' dir='ltr'>quatuor</span> <span class='ocrx_word' id='word_1_50' title='bbox 845 880 1032 918; x_wconf 69' lang='lat' dir='ltr'>causa:</span> <span class='ocrx_word' id='word_1_51' title='bbox 1057 881 1204 935; x_wconf 88' lang='lat' dir='ltr'>quas</span> <span class='ocrx_word' id='word_1_52' title='bbox 1237 865 1394 919; x_wconf 88' lang='lat' dir='ltr'>novit.</span> <span class='ocrx_word' id='word_1_53' title='bbox 1416 861 1778 917; x_wconf 81' lang='lat' dir='ltr'>Aristoteles.</span> <span class='ocrx_word' id='word_1_54' title='bbox 1804 859 1926 915; x_wconf 86' lang='lat' dir='ltr'>Illis</span> 
     </span>
    </p>
   </div>
   <div class='ocr_carea' id='block_1_10' title="bbox 267 952 1924 1020">
    <p class='ocr_par' dir='ltr' id='par_1_10' title="bbox 267 952 1924 1020">
     <span class='ocr_line' id='line_1_10' title="bbox 267 952 1924 1020; baseline -0.003 -11"><span class='ocrx_word' id='word_1_55' title='bbox 267 957 416 1010; x_wconf 83' lang='lat' dir='ltr'>duas</span> <span class='ocrx_word' id='word_1_56' title='bbox 447 953 590 1008; x_wconf 86' lang='lat' dir='ltr'>alias</span> <span class='ocrx_word' id='word_1_57' title='bbox 621 952 782 1007; x_wconf 84' lang='lat' dir='ltr'>addit</span> <span class='ocrx_word' id='word_1_58' title='bbox 814 952 1012 1007; x_wconf 82' lang='lat' dir='ltr'>Plato:</span> <span class='ocrx_word' id='word_1_59' title='bbox 1047 952 1580 1020; x_wconf 84' lang='lat' dir='ltr'>instrumentalcm,</span> <span class='ocrx_word' id='word_1_60' title='bbox 1607 956 1670 1006; x_wconf 90' lang='lat' dir='ltr'>ut</span> <span class='ocrx_word' id='word_1_61' title='bbox 1703 965 1924 1004; x_wconf 81' lang='lat' dir='ltr'>serram</span> 
     </span>
    </p>
   </div>
   <div class='ocr_carea' id='block_1_11' title="bbox 268 1041 1928 1113">
    <p class='ocr_par' dir='ltr' id='par_1_11' title="bbox 268 1041 1928 1113">
     <span class='ocr_line' id='line_1_11' title="bbox 268 1041 1928 1113; baseline -0.003 -15"><span class='ocrx_word' id='word_1_62' title='bbox 268 1048 326 1099; x_wconf 92' lang='lat' dir='ltr'>et</span> <span class='ocrx_word' id='word_1_63' title='bbox 352 1043 675 1107; x_wconf 88' lang='lat' dir='ltr'>terebrum,</span> <span class='ocrx_word' id='word_1_64' title='bbox 710 1058 957 1113; x_wconf 86' lang='lat' dir='ltr'>quorum</span> <span class='ocrx_word' id='word_1_65' title='bbox 992 1059 1098 1112; x_wconf 84' lang='lat' dir='ltr'>ope</span> <span class='ocrx_word' id='word_1_66' title='bbox 1148 1042 1360 1096; x_wconf 82' lang='lat' dir='ltr'>lectum</span> <span class='ocrx_word' id='word_1_67' title='bbox 1407 1041 1840 1112; x_wconf 84' lang='lat' dir='ltr'>componimus,</span> <span class='ocrx_word' id='word_1_68' title='bbox 1871 1043 1928 1093; x_wconf 89' lang='lat' dir='ltr'>et</span> 
     </span>
    </p>
   </div>
   <div class='ocr_carea' id='block_1_12' title="bbox 267 1131 1928 1203">
    <p class='ocr_par' dir='ltr' id='par_1_12' title="bbox 267 1131 1928 1203">
     <span class='ocr_line' id='line_1_12' title="bbox 267 1131 1928 1203; baseline -0.004 -15"><span class='ocrx_word' id='word_1_69' title='bbox 267 1131 681 1203; x_wconf 78' lang='lat' dir='ltr'>exemplarem,</span> <span class='ocrx_word' id='word_1_70' title='bbox 714 1148 840 1202; x_wconf 65' lang='lat' dir='ltr'>quae</span> <span class='ocrx_word' id='word_1_71' title='bbox 875 1131 1088 1201; x_wconf 81' lang='lat' dir='ltr'>duplex</span> <span class='ocrx_word' id='word_1_72' title='bbox 1133 1137 1241 1199; x_wconf 81' lang='lat' dir='ltr'>est,</span> <span class='ocrx_word' id='word_1_73' title='bbox 1275 1131 1361 1186; x_wconf 83' lang='lat' dir='ltr'>vel</span> <span class='ocrx_word' id='word_1_74' title='bbox 1396 1131 1760 1186; x_wconf 80' lang='lat' dir='ltr'>extrinsecus</span> <span class='ocrx_word' id='word_1_75' title='bbox 1793 1145 1928 1201; x_wconf 92' lang='lat' dir='ltr'>pro-</span> 
     </span>
    </p>
   </div>
   <div class='ocr_carea' id='block_1_13' title="bbox 268 1219 1928 1294">
    <p class='ocr_par' dir='ltr' id='par_1_13' title="bbox 268 1219 1928 1294">
     <span class='ocr_line' id='line_1_13' title="bbox 268 1219 1928 1294; baseline -0.002 -18"><span class='ocrx_word' id='word_1_76' title='bbox 268 1222 479 1294; x_wconf 86' lang='lat' dir='ltr'>posita,</span> <span class='ocrx_word' id='word_1_77' title='bbox 521 1222 590 1276; x_wconf 86' lang='lat' dir='ltr'>ad</span> <span class='ocrx_word' id='word_1_78' title='bbox 644 1237 820 1292; x_wconf 84' lang='lat' dir='ltr'>quam</span> <span class='ocrx_word' id='word_1_79' title='bbox 870 1221 1078 1275; x_wconf 69' lang='lat' dir='ltr'>artifex</span> <span class='ocrx_word' id='word_1_80' title='bbox 1131 1221 1379 1293; x_wconf 88' lang='lat' dir='ltr'>quilibet</span> <span class='ocrx_word' id='word_1_81' title='bbox 1431 1222 1567 1276; x_wconf 81' lang='lat' dir='ltr'><strong>facit</strong></span> <span class='ocrx_word' id='word_1_82' title='bbox 1616 1219 1759 1275; x_wconf 82' lang='lat' dir='ltr'>artis</span> <span class='ocrx_word' id='word_1_83' title='bbox 1810 1235 1928 1273; x_wconf 64' lang='lat' dir='ltr'>suae</span> 
     </span>
    </p>
   </div>
   <div class='ocr_carea' id='block_1_14' title="bbox 269 1310 1932 1383">
    <p class='ocr_par' dir='ltr' id='par_1_14' title="bbox 269 1310 1932 1383">
     <span class='ocr_line' id='line_1_14' title="bbox 269 1310 1932 1383; baseline -0.003 -15"><span class='ocrx_word' id='word_1_84' title='bbox 269 1329 439 1381; x_wconf 85' lang='lat' dir='ltr'>Opus,</span> <span class='ocrx_word' id='word_1_85' title='bbox 470 1310 556 1366; x_wconf 88' lang='lat' dir='ltr'>vel</span> <span class='ocrx_word' id='word_1_86' title='bbox 593 1327 720 1382; x_wconf 70' lang='lat' dir='ltr'>quae</span> <span class='ocrx_word' id='word_1_87' title='bbox 761 1327 828 1366; x_wconf 82' lang='lat' dir='ltr'>ex</span> <span class='ocrx_word' id='word_1_88' title='bbox 859 1314 1052 1366; x_wconf 81' lang='lat' dir='ltr'>mente</span> <span class='ocrx_word' id='word_1_89' title='bbox 1097 1317 1152 1366; x_wconf 88' lang='lat' dir='ltr'>et</span> <span class='ocrx_word' id='word_1_90' title='bbox 1201 1312 1550 1383; x_wconf 76' lang='lat' dir='ltr'>cogitatione</span> <span class='ocrx_word' id='word_1_91' title='bbox 1601 1310 1932 1366; x_wconf 73' lang='lat' dir='ltr'>conforma-</span> 
     </span>
    </p>
   </div>
   <div class='ocr_carea' id='block_1_15' title="bbox 271 1399 757 1472">
    <p class='ocr_par' dir='ltr' id='par_1_15' title="bbox 271 1399 757 1472">
     <span class='ocr_line' id='line_1_15' title="bbox 271 1399 757 1472; baseline -0.006 -15"><span class='ocrx_word' id='word_1_92' title='bbox 271 1401 491 1457; x_wconf 82' lang='lat' dir='ltr'>tionem</span> <span class='ocrx_word' id='word_1_93' title='bbox 524 1399 757 1472; x_wconf 86' lang='lat' dir='ltr'>accipit.</span> 
     </span>
    </p>
   </div>
   <div class='ocr_carea' id='block_1_16' title="bbox 880 1580 1324 1650">
    <p class='ocr_par' dir='ltr' id='par_1_16' title="bbox 880 1580 1324 1650">
     <span class='ocr_line' id='line_1_16' title="bbox 880 1580 1324 1650; baseline 0.005 -17"><span class='ocrx_word' id='word_1_94' title='bbox 880 1580 968 1634; x_wconf 88' lang='lat'>63.</span> <span class='ocrx_word' id='word_1_95' title='bbox 1004 1580 1076 1634; x_wconf 84' lang='lat' dir='ltr'>De</span> <span class='ocrx_word' id='word_1_96' title='bbox 1107 1580 1324 1650; x_wconf 76' lang='lat' dir='ltr'>ﬁguris.</span> 
     </span>
    </p>
   </div>
   <div class='ocr_carea' id='block_1_17' title="bbox 348 1668 1926 1742">
    <p class='ocr_par' dir='ltr' id='par_1_17' title="bbox 348 1668 1926 1742">
     <span class='ocr_line' id='line_1_17' title="bbox 348 1668 1926 1742; baseline 0.001 -18"><span class='ocrx_word' id='word_1_97' title='bbox 348 1669 557 1739; x_wconf 80' lang='lat' dir='ltr'>Figura</span> <span class='ocrx_word' id='word_1_98' title='bbox 588 1673 675 1723; x_wconf 83' lang='lat' dir='ltr'>est</span> <span class='ocrx_word' id='word_1_99' title='bbox 707 1668 964 1740; x_wconf 82' lang='lat' dir='ltr'>qualitas</span> <span class='ocrx_word' id='word_1_100' title='bbox 990 1686 1105 1740; x_wconf 86' lang='lat' dir='ltr'>qua</span> <span class='ocrx_word' id='word_1_101' title='bbox 1139 1669 1690 1724; x_wconf 87' lang='lat' dir='ltr'>mathematicorum</span> <span class='ocrx_word' id='word_1_102' title='bbox 1726 1685 1926 1742; x_wconf 88' lang='lat' dir='ltr'>corpo-</span> 
     </span>
    </p>
   </div>
   <div class='ocr_carea' id='block_1_18' title="bbox 276 1758 1930 1831">
    <p class='ocr_par' dir='ltr' id='par_1_18' title="bbox 276 1758 1930 1831">
     <span class='ocr_line' id='line_1_18' title="bbox 276 1758 1930 1831; baseline 0.001 -17"><span class='ocrx_word' id='word_1_103' title='bbox 276 1775 405 1814; x_wconf 86' lang='lat' dir='ltr'>rum</span> <span class='ocrx_word' id='word_1_104' title='bbox 440 1758 779 1828; x_wconf 90' lang='lat' dir='ltr'>superﬁcies</span> <span class='ocrx_word' id='word_1_105' title='bbox 808 1758 1182 1813; x_wconf 85' lang='lat' dir='ltr'>describitur.</span> <span class='ocrx_word' id='word_1_106' title='bbox 1211 1759 1688 1814; x_wconf 83' lang='lat' dir='ltr'>Mathematicum</span> <span class='ocrx_word' id='word_1_107' title='bbox 1719 1775 1930 1831; x_wconf 88' lang='lat' dir='ltr'>corpus</span> 
     </span>
    </p>
   </div>
   <div class='ocr_carea' id='block_1_19' title="bbox 2036 587 3688 668">
    <p class='ocr_par' dir='ltr' id='par_1_19' title="bbox 2036 587 3688 668">
     <span class='ocr_line' id='line_1_19' title="bbox 2036 587 3688 668; baseline 0.003 -24"><span class='ocrx_word' id='word_1_108' title='bbox 2036 587 2134 644; x_wconf 81' lang='grc' dir='ltr'>λον</span> <span class='ocrx_word' id='word_1_109' title='bbox 2168 613 2178 624; x_wconf 75' lang='grc' dir='ltr'><strong><em>ο</em></strong></span> <span class='ocrx_word' id='word_1_110' title='bbox 2217 590 2336 644; x_wconf 71' lang='grc' dir='ltr'>ἄνευ</span> <span class='ocrx_word' id='word_1_111' title='bbox 2365 591 2466 666; x_wconf 73' lang='grc' dir='ltr'>γὰρ</span> <span class='ocrx_word' id='word_1_112' title='bbox 2501 591 2639 661; x_wconf 78' lang='grc' dir='ltr'>ὕλης</span> <span class='ocrx_word' id='word_1_113' title='bbox 2675 591 2773 646; x_wconf 74' lang='grc' dir='ltr'>οὐκ</span> <span class='ocrx_word' id='word_1_114' title='bbox 2826 590 2884 646; x_wconf 74' lang='grc' dir='ltr'>ἂν</span> <span class='ocrx_word' id='word_1_115' title='bbox 2927 591 3139 668; x_wconf 72' lang='grc' dir='ltr'>γένοιτο</span> <span class='ocrx_word' id='word_1_116' title='bbox 3168 591 3352 664; x_wconf 82' lang='grc' dir='ltr'>κλίνη.</span> <span class='ocrx_word' id='word_1_117' title='bbox 3381 590 3600 648; x_wconf 80' lang='grc' dir='ltr'>Είδικὸν</span> <span class='ocrx_word' id='word_1_118' title='bbox 3631 590 3688 649; x_wconf 74' lang='grc' dir='ltr'>δὶ</span> 
     </span>
    </p>
   </div>
   <div class='ocr_carea' id='block_1_20' title="bbox 2034 679 3687 757">
    <p class='ocr_par' dir='ltr' id='par_1_20' title="bbox 2034 679 3687 757">
     <span class='ocr_line' id='line_1_20' title="bbox 2034 679 3687 757; baseline 0.003 -24"><span class='ocrx_word' id='word_1_119' title='bbox 2034 687 2229 754; x_wconf 76' lang='grc' dir='ltr'>σχῆμα</span> <span class='ocrx_word' id='word_1_120' title='bbox 2269 680 2469 750; x_wconf 79' lang='grc' dir='ltr'>ταύτης</span> <span class='ocrx_word' id='word_1_121' title='bbox 2519 681 2608 736; x_wconf 77' lang='grc' dir='ltr'>καὶ</span> <span class='ocrx_word' id='word_1_122' title='bbox 2648 684 2682 750; x_wconf 78' lang='grc' dir='ltr'>ἡ</span> <span class='ocrx_word' id='word_1_123' title='bbox 2744 679 2877 737; x_wconf 79' lang='grc' dir='ltr'>ἷδὲα.</span> <span class='ocrx_word' id='word_1_124' title='bbox 2924 680 3156 739; x_wconf 75' lang='grc' dir='ltr'>Τελικὸν</span> <span class='ocrx_word' id='word_1_125' title='bbox 3218 680 3274 736; x_wconf 68' lang='grc' dir='ltr'>δὲ</span> <span class='ocrx_word' id='word_1_126' title='bbox 3334 685 3364 752; x_wconf 79' lang='grc' dir='ltr'>ἡ</span> <span class='ocrx_word' id='word_1_127' title='bbox 3418 682 3469 737; x_wconf 84' lang='grc' dir='ltr'>ἐν</span> <span class='ocrx_word' id='word_1_128' title='bbox 3520 683 3687 757; x_wconf 74' lang='grc' dir='ltr'>ταύτῃ</span> 
     </span>
    </p>
   </div>
   <div class='ocr_carea' id='block_1_21' title="bbox 2032 768 3686 848">
    <p class='ocr_par' dir='ltr' id='par_1_21' title="bbox 2032 768 3686 848">
     <span class='ocr_line' id='line_1_21' title="bbox 2032 768 3686 848; baseline 0.001 -25"><span class='ocrx_word' id='word_1_129' title='bbox 2032 773 2142 823; x_wconf 80' lang='grc' dir='ltr'>τῶν</span> <span class='ocrx_word' id='word_1_130' title='bbox 2194 769 2495 844; x_wconf 83' lang='grc' dir='ltr'>ἀνθρώπων</span> <span class='ocrx_word' id='word_1_131' title='bbox 2542 769 2860 841; x_wconf 75' lang='grc' dir='ltr'>ἀνάπαυσις,</span> <span class='ocrx_word' id='word_1_132' title='bbox 2915 768 3000 825; x_wconf 79' lang='grc' dir='ltr'>διὰ</span> <span class='ocrx_word' id='word_1_133' title='bbox 3045 771 3246 841; x_wconf 71' lang='grc' dir='ltr'>ταύτην</span> <span class='ocrx_word' id='word_1_134' title='bbox 3298 773 3400 848; x_wconf 69' lang='grc' dir='ltr'>γὰρ</span> <span class='ocrx_word' id='word_1_135' title='bbox 3460 772 3558 840; x_wconf 67' lang='grc' dir='ltr'>τὴν</span> <span class='ocrx_word' id='word_1_136' title='bbox 3602 772 3686 827; x_wconf 84' lang='grc' dir='ltr'>αί-</span> 
     </span>
    </p>
   </div>
   <div class='ocr_carea' id='block_1_22' title="bbox 2033 857 3688 936">
    <p class='ocr_par' dir='ltr' id='par_1_22' title="bbox 2033 857 3688 936">
     <span class='ocr_line' id='line_1_22' title="bbox 2033 857 3688 936; baseline 0.001 -24"><span class='ocrx_word' id='word_1_137' title='bbox 2033 857 2150 912; x_wconf 88' lang='grc' dir='ltr'>τίαν</span> <span class='ocrx_word' id='word_1_138' title='bbox 2183 860 2279 927; x_wconf 71' lang='grc' dir='ltr'>τὴν</span> <span class='ocrx_word' id='word_1_139' title='bbox 2340 858 2536 927; x_wconf 81' lang='grc' dir='ltr'>κλίνην</span> <span class='ocrx_word' id='word_1_140' title='bbox 2595 858 3008 935; x_wconf 74' lang='grc' dir='ltr'>ἐξεργαζόμεθα.</span> <span class='ocrx_word' id='word_1_141' title='bbox 3059 862 3115 913; x_wconf 82' lang='grc' dir='ltr'><strong>Ὀ</strong></span> <span class='ocrx_word' id='word_1_142' title='bbox 3160 861 3260 933; x_wconf 79' lang='grc' dir='ltr'>μὶν</span> <span class='ocrx_word' id='word_1_143' title='bbox 3300 859 3688 936; x_wconf 70' lang='grc' dir='ltr'>Ἀριστοτέλης</span> 
     </span>
    </p>
   </div>
   <div class='ocr_carea' id='block_1_23' title="bbox 2033 947 3688 1024">
    <p class='ocr_par' dir='ltr' id='par_1_23' title="bbox 2033 947 3688 1024">
     <span class='ocr_line' id='line_1_23' title="bbox 2033 947 3688 1024; baseline 0.001 -22"><span class='ocrx_word' id='word_1_144' title='bbox 2033 947 2131 1008; x_wconf 82' lang='grc' dir='ltr'>τὰς</span> <span class='ocrx_word' id='word_1_145' title='bbox 2187 948 2448 1024; x_wconf 71' lang='grc' dir='ltr'>τέσσαρας</span> <span class='ocrx_word' id='word_1_146' title='bbox 2503 949 2696 1010; x_wconf 76' lang='grc' dir='ltr'>ταύτας</span> <span class='ocrx_word' id='word_1_147' title='bbox 2767 949 2945 1012; x_wconf 59' lang='grc' dir='ltr'>αἶ’τίας</span> <span class='ocrx_word' id='word_1_148' title='bbox 3020 947 3181 1005; x_wconf 72' lang='grc' dir='ltr'>οἶδεν.</span> <span class='ocrx_word' id='word_1_149' title='bbox 3239 955 3298 1007; x_wconf 90' lang='grc' dir='ltr'>Ὁ</span> <span class='ocrx_word' id='word_1_150' title='bbox 3347 948 3404 1004; x_wconf 72' lang='grc' dir='ltr'>δὲ</span> <span class='ocrx_word' id='word_1_151' title='bbox 3461 949 3688 1005; x_wconf 85' lang='grc' dir='ltr'>Ηλάτων</span> 
     </span>
    </p>
   </div>
   <div class='ocr_carea' id='block_1_24' title="bbox 2037 1035 3690 1116">
    <p class='ocr_par' dir='ltr' id='par_1_24' title="bbox 2037 1035 3690 1116">
     <span class='ocr_line' id='line_1_24' title="bbox 2037 1035 3690 1116; baseline 0.002 -26"><span class='ocrx_word' id='word_1_152' title='bbox 2037 1036 2219 1106; x_wconf 70' lang='grc' dir='ltr'>ἑτέρας</span> <span class='ocrx_word' id='word_1_153' title='bbox 2251 1035 2345 1092; x_wconf 68' lang='grc' dir='ltr'>δύο</span> <span class='ocrx_word' id='word_1_154' title='bbox 2378 1039 2729 1112; x_wconf 84' lang='grc' dir='ltr'>προστίθησι,</span> <span class='ocrx_word' id='word_1_155' title='bbox 2753 1039 2851 1108; x_wconf 82' lang='grc' dir='ltr'>τήν</span> <span class='ocrx_word' id='word_1_156' title='bbox 2899 1039 3213 1116; x_wconf 74' lang='grc' dir='ltr'>ὀργανικὴν,</span> <span class='ocrx_word' id='word_1_157' title='bbox 3257 1041 3371 1094; x_wconf 81' lang='grc' dir='ltr'>οἷον</span> <span class='ocrx_word' id='word_1_158' title='bbox 3412 1041 3503 1094; x_wconf 88' lang='grc' dir='ltr'>τὸν</span> <span class='ocrx_word' id='word_1_159' title='bbox 3536 1040 3690 1116; x_wconf 82' lang='grc' dir='ltr'>πρίο-</span> 
     </span>
    </p>
   </div>
   <div class='ocr_carea' id='block_1_25' title="bbox 2036 1123 3690 1202">
    <p class='ocr_par' dir='ltr' id='par_1_25' title="bbox 2036 1123 3690 1202">
     <span class='ocr_line' id='line_1_25' title="bbox 2036 1123 3690 1202; baseline -0.019 -22"><span class='ocrx_word' id='word_1_160' title='bbox 2036 1146 2123 1196; x_wconf 87' lang='grc' dir='ltr'>να,</span> <span class='ocrx_word' id='word_1_161' title='bbox 2154 1123 2190 1195; x_wconf 67' lang='grc' dir='ltr'>ἤ</span> <span class='ocrx_word' id='word_1_162' title='bbox 2222 1127 2284 1181; x_wconf 87' lang='grc' dir='ltr'>τὸ</span> <span class='ocrx_word' id='word_1_163' title='bbox 2315 1125 2582 1202; x_wconf 63' lang='grc' dir='ltr'>τέρετρον,</span> <span class='ocrx_word' id='word_1_164' title='bbox 2636 1125 2704 1182; x_wconf 71' lang='grc' dir='ltr'>δι’</span> <span class='ocrx_word' id='word_1_165' title='bbox 2737 1129 2810 1182; x_wconf 70' lang='grc' dir='ltr'>ὧν</span> <span class='ocrx_word' id='word_1_166' title='bbox 2859 1129 2958 1197; x_wconf 62' lang='grc' dir='ltr'>τὴν</span> <span class='ocrx_word' id='word_1_167' title='bbox 3007 1127 3196 1199; x_wconf 67' lang='grc' dir='ltr'>κλίνην</span> <span class='ocrx_word' id='word_1_168' title='bbox 3254 1133 3519 1202; x_wconf 47' lang='lat' dir='ltr'>“mo-5P“</span> <span class='ocrx_word' id='word_1_169' title='bbox 3553 1149 3564 1161; x_wconf 87' lang='grc'>,</span> <span class='ocrx_word' id='word_1_170' title='bbox 3600 1129 3690 1184; x_wconf 66' lang='grc' dir='ltr'>καὶ</span> 
     </span>
    </p>
   </div>
   <div class='ocr_carea' id='block_1_26' title="bbox 2036 1214 3688 1295">
    <p class='ocr_par' dir='ltr' id='par_1_26' title="bbox 2036 1214 3688 1295">
     <span class='ocr_line' id='line_1_26' title="bbox 2036 1214 3688 1295; baseline 0.001 -23"><span class='ocrx_word' id='word_1_171' title='bbox 2036 1218 2100 1272; x_wconf 87' lang='grc' dir='ltr'>τὸ</span> <span class='ocrx_word' id='word_1_172' title='bbox 2158 1214 2653 1292; x_wconf 81' lang='grc' dir='ltr'>παραδειγματικόν</span> <span class='ocrx_word' id='word_1_173' title='bbox 2687 1238 2698 1250; x_wconf 90' lang='grc'><strong>·</strong></span> <span class='ocrx_word' id='word_1_174' title='bbox 2759 1215 2921 1273; x_wconf 89' lang='grc' dir='ltr'>τοῦτο</span> <span class='ocrx_word' id='word_1_175' title='bbox 2981 1216 3038 1273; x_wconf 77' lang='grc' dir='ltr'>δὶ</span> <span class='ocrx_word' id='word_1_176' title='bbox 3095 1215 3272 1273; x_wconf 86' lang='grc' dir='ltr'>διττόν</span> <span class='ocrx_word' id='word_1_177' title='bbox 3307 1218 3472 1289; x_wconf 71' lang='grc' dir='ltr'>ἐστιν,</span> <span class='ocrx_word' id='word_1_178' title='bbox 3521 1220 3556 1288; x_wconf 85' lang='grc' dir='ltr'>ἠ</span> <span class='ocrx_word' id='word_1_179' title='bbox 3588 1218 3688 1295; x_wconf 80' lang='grc' dir='ltr'>γὰρ</span> 
     </span>
    </p>
   </div>
   <div class='ocr_carea' id='block_1_27' title="bbox 2040 1300 3692 1385">
    <p class='ocr_par' dir='ltr' id='par_1_27' title="bbox 2040 1300 3692 1385">
     <span class='ocr_line' id='line_1_27' title="bbox 2040 1300 3692 1385; baseline 0.002 -24"><span class='ocrx_word' id='word_1_180' title='bbox 2040 1303 2232 1377; x_wconf 77' lang='grc' dir='ltr'>ἔξωθεν</span> <span class='ocrx_word' id='word_1_181' title='bbox 2261 1300 2515 1372; x_wconf 78' lang='grc' dir='ltr'>ἔκκειται,</span> <span class='ocrx_word' id='word_1_182' title='bbox 2567 1307 2655 1362; x_wconf 80' lang='grc' dir='ltr'>καὶ</span> <span class='ocrx_word' id='word_1_183' title='bbox 2707 1308 2843 1379; x_wconf 80' lang='grc' dir='ltr'>πρὸς</span> <span class='ocrx_word' id='word_1_184' title='bbox 2901 1307 3080 1363; x_wconf 76' lang='grc' dir='ltr'>εἰκόνα</span> <span class='ocrx_word' id='word_1_185' title='bbox 3128 1315 3233 1372; x_wconf 85' lang='grc' dir='ltr'>πᾶς</span> <span class='ocrx_word' id='word_1_186' title='bbox 3259 1308 3511 1385; x_wconf 79' lang='grc' dir='ltr'>τεχνίτης</span> <span class='ocrx_word' id='word_1_187' title='bbox 3542 1315 3692 1365; x_wconf 81' lang='grc' dir='ltr'>ποιεῖ</span> 
     </span>
    </p>
   </div>
   <div class='ocr_carea' id='block_1_28' title="bbox 2037 1393 3687 1472">
    <p class='ocr_par' dir='ltr' id='par_1_28' title="bbox 2037 1393 3687 1472">
     <span class='ocr_line' id='line_1_28' title="bbox 2037 1393 3687 1472; baseline 0.002 -22"><span class='ocrx_word' id='word_1_188' title='bbox 2037 1397 2098 1451; x_wconf 90' lang='grc' dir='ltr'>τὸ</span> <span class='ocrx_word' id='word_1_189' title='bbox 2125 1397 2597 1472; x_wconf 74' lang='grc' dir='ltr'>τεχνιτευόμενον,</span> <span class='ocrx_word' id='word_1_190' title='bbox 2626 1399 2660 1467; x_wconf 76' lang='grc' dir='ltr'>ἡ</span> <span class='ocrx_word' id='word_1_191' title='bbox 2717 1395 2775 1452; x_wconf 71' lang='grc' dir='ltr'>δὲ</span> <span class='ocrx_word' id='word_1_192' title='bbox 2816 1396 2867 1452; x_wconf 69' lang='grc' dir='ltr'>ἐν</span> <span class='ocrx_word' id='word_1_193' title='bbox 2915 1401 2984 1464; x_wconf 75' lang='grc' dir='ltr'>τῇ</span> <span class='ocrx_word' id='word_1_194' title='bbox 3045 1395 3257 1470; x_wconf 76' lang='grc' dir='ltr'>διανοίᾳ</span> <span class='ocrx_word' id='word_1_195' title='bbox 3287 1393 3556 1472; x_wconf 74' lang='grc' dir='ltr'>λαμϐάνει</span> <span class='ocrx_word' id='word_1_196' title='bbox 3587 1399 3687 1468; x_wconf 83' lang='grc' dir='ltr'>τήν</span> 
     </span>
    </p>
   </div>
   <div class='ocr_carea' id='block_1_29' title="bbox 2038 1485 2400 1542">
    <p class='ocr_par' dir='ltr' id='par_1_29' title="bbox 2038 1485 2400 1542">
     <span class='ocr_line' id='line_1_29' title="bbox 2038 1485 2400 1542; baseline 0.003 -1"><span class='ocrx_word' id='word_1_197' title='bbox 2038 1485 2400 1542; x_wconf 79' lang='grc' dir='ltr'>ἀνατύπωσιν.</span> 
     </span>
    </p>
   </div>
   <div class='ocr_carea' id='block_1_30' title="bbox 2557 1576 3171 1653">
    <p class='ocr_par' dir='ltr' id='par_1_30' title="bbox 2557 1576 3171 1653">
     <span class='ocr_line' id='line_1_30' title="bbox 2557 1576 3171 1653; baseline -0.003 -18"><span class='ocrx_word' id='word_1_198' title='bbox 2557 1577 2650 1652; x_wconf 79' lang='grc' dir='ltr'>ξγ’.</span> <span class='ocrx_word' id='word_1_199' title='bbox 2678 1576 2811 1653; x_wconf 86' lang='grc' dir='ltr'>Περὶ</span> <span class='ocrx_word' id='word_1_200' title='bbox 2842 1577 3171 1653; x_wconf 84' lang='grc' dir='ltr'>σχημάτων.</span> 
     </span>
    </p>
   </div>
   <div class='ocr_carea' id='block_1_31' title="bbox 2112 1664 3686 1743">
    <p class='ocr_par' dir='ltr' id='par_1_31' title="bbox 2112 1664 3686 1743">
     <span class='ocr_line' id='line_1_31' title="bbox 2112 1664 3686 1743; baseline 0.001 -23"><span class='ocrx_word' id='word_1_201' title='bbox 2112 1667 2321 1743; x_wconf 84' lang='grc' dir='ltr'>Σχῆμά</span> <span class='ocrx_word' id='word_1_202' title='bbox 2353 1664 2464 1721; x_wconf 67' lang='grc' dir='ltr'>ἐστι</span> <span class='ocrx_word' id='word_1_203' title='bbox 2515 1667 2744 1738; x_wconf 78' lang='grc' dir='ltr'>ποιότης</span> <span class='ocrx_word' id='word_1_204' title='bbox 2791 1672 2899 1722; x_wconf 79' lang='grc' dir='ltr'>τῶν</span> <span class='ocrx_word' id='word_1_205' title='bbox 2956 1670 3355 1740; x_wconf 79' lang='grc' dir='ltr'>μαθηματικῶν</span> <span class='ocrx_word' id='word_1_206' title='bbox 3415 1667 3686 1740; x_wconf 90' lang='grc' dir='ltr'>σωμάτων</span> 
     </span>
    </p>
   </div>
   <div class='ocr_carea' id='block_1_32' title="bbox 2039 1753 3685 1830">
    <p class='ocr_par' dir='ltr' id='par_1_32' title="bbox 2039 1753 3685 1830">
     <span class='ocr_line' id='line_1_32' title="bbox 2039 1753 3685 1830; baseline 0.001 -20"><span class='ocrx_word' id='word_1_207' title='bbox 2039 1755 2475 1829; x_wconf 81' lang='grc' dir='ltr'>ἀποπεράτωσις.</span> <span class='ocrx_word' id='word_1_208' title='bbox 2546 1756 2937 1829; x_wconf 70' lang='grc' dir='ltr'>Μαθηματικὸν</span> <span class='ocrx_word' id='word_1_209' title='bbox 3013 1753 3070 1812; x_wconf 71' lang='grc' dir='ltr'>δὲ</span> <span class='ocrx_word' id='word_1_210' title='bbox 3132 1757 3293 1830; x_wconf 80' lang='grc' dir='ltr'>σῶμά</span> <span class='ocrx_word' id='word_1_211' title='bbox 3349 1754 3491 1811; x_wconf 73' lang='grc' dir='ltr'>ἔστιν</span> <span class='ocrx_word' id='word_1_212' title='bbox 3547 1753 3685 1811; x_wconf 79' lang='grc' dir='ltr'>ἅπαν</span> 
     </span>
    </p>
   </div>
   <div class='ocr_carea' id='block_1_33' title="bbox 272 1843 1930 1946">
    <p class='ocr_par' dir='ltr' id='par_1_33' title="bbox 272 1847 1923 1920">
     <span class='ocr_line' id='line_1_33' title="bbox 272 1847 1923 1920; baseline 0 -16"><span class='ocrx_word' id='word_1_213' title='bbox 272 1847 486 1904; x_wconf 88' lang='lat' dir='ltr'>dicitur</span> <span class='ocrx_word' id='word_1_214' title='bbox 514 1864 688 1903; x_wconf 88' lang='lat' dir='ltr'>omne</span> <span class='ocrx_word' id='word_1_215' title='bbox 722 1849 910 1920; x_wconf 85' lang='lat' dir='ltr'>ﬁgura</span> <span class='ocrx_word' id='word_1_216' title='bbox 941 1852 1098 1903; x_wconf 87' lang='lat' dir='ltr'>certa</span> <span class='ocrx_word' id='word_1_217' title='bbox 1131 1849 1460 1920; x_wconf 67' lang='lat' dir='ltr'>praeditum,</span> <span class='ocrx_word' id='word_1_218' title='bbox 1492 1855 1555 1904; x_wconf 87' lang='lat' dir='ltr'>ut</span> <span class='ocrx_word' id='word_1_219' title='bbox 1585 1851 1923 1917; x_wconf 89' lang='lat' dir='ltr'>rotundum,</span> 
     </span>
    </p>
   </div>
   <div class='ocr_carea' id='block_1_34' title="bbox 2044 1843 3682 1946">
    <p class='ocr_par' dir='ltr' id='par_1_34' title="bbox 2044 1843 3682 1924">
     <span class='ocr_line' id='line_1_34' title="bbox 2044 1843 3682 1924; baseline -0.002 -23"><span class='ocrx_word' id='word_1_220' title='bbox 2044 1845 2098 1901; x_wconf 84' lang='grc' dir='ltr'>τὸ</span> <span class='ocrx_word' id='word_1_221' title='bbox 2131 1843 2632 1921; x_wconf 73' lang='grc' dir='ltr'>ἐσχηματισμένον,</span> <span class='ocrx_word' id='word_1_222' title='bbox 2667 1848 2783 1901; x_wconf 80' lang='grc' dir='ltr'>οἷον</span> <span class='ocrx_word' id='word_1_223' title='bbox 2830 1847 2892 1902; x_wconf 87' lang='grc' dir='ltr'>τὸ</span> <span class='ocrx_word' id='word_1_224' title='bbox 2941 1845 3267 1924; x_wconf 75' lang='grc' dir='ltr'>στογγύλον,</span> <span class='ocrx_word' id='word_1_225' title='bbox 3309 1848 3372 1900; x_wconf 89' lang='grc' dir='ltr'>τὸ</span> <span class='ocrx_word' id='word_1_226' title='bbox 3395 1844 3682 1922; x_wconf 84' lang='grc' dir='ltr'>τρίγωνον,</span> 
     </span>
    </p>
   </div>
   <div class='ocr_carea' id='block_1_35' title="bbox 271 1937 1922 2013">
    <p class='ocr_par' dir='ltr' id='par_1_35' title="bbox 271 1937 1922 2013">
     <span class='ocr_line' id='line_1_35' title="bbox 271 1937 1922 2013; baseline 0.001 -21"><span class='ocrx_word' id='word_1_227' title='bbox 271 1937 656 2009; x_wconf 82' lang='lat' dir='ltr'>triangulare,</span> <span class='ocrx_word' id='word_1_228' title='bbox 672 1937 824 2009; x_wconf 88' lang='lat' dir='ltr'>quad</span> <span class='ocrx_word' id='word_1_229' title='bbox 837 1939 1590 2010; x_wconf 84' lang='lat' dir='ltr'>ratum,quinquangulare,</span> <span class='ocrx_word' id='word_1_230' title='bbox 1605 1939 1922 2013; x_wconf 53' lang='lat' dir='ltr'>etzsimilia.</span> 
     </span>
    </p>
   </div>
   <div class='ocr_carea' id='block_1_36' title="bbox 272 2025 1926 2101">
    <p class='ocr_par' dir='ltr' id='par_1_36' title="bbox 272 2025 1926 2101">
     <span class='ocr_line' id='line_1_36' title="bbox 272 2025 1926 2101; baseline 0.003 -21"><span class='ocrx_word' id='word_1_231' title='bbox 272 2028 534 2090; x_wconf 84' lang='lat' dir='ltr'>Quatuor</span> <span class='ocrx_word' id='word_1_232' title='bbox 563 2043 734 2097; x_wconf 88' lang='lat' dir='ltr'>porro</span> <span class='ocrx_word' id='word_1_233' title='bbox 765 2025 1054 2083; x_wconf 87' lang='lat' dir='ltr'>elementa</span> <span class='ocrx_word' id='word_1_234' title='bbox 1105 2029 1364 2083; x_wconf 71' lang='lat' dir='ltr'>rotundae</span> <span class='ocrx_word' id='word_1_235' title='bbox 1415 2030 1617 2101; x_wconf 68' lang='lat' dir='ltr'>ﬁgurae</span> <span class='ocrx_word' id='word_1_236' title='bbox 1647 2046 1773 2085; x_wconf 86' lang='lat' dir='ltr'>esse</span> <span class='ocrx_word' id='word_1_237' title='bbox 1805 2034 1926 2085; x_wconf 80' lang='lat' dir='ltr'>tra-</span> 
     </span>
    </p>
   </div>
   <div class='ocr_carea' id='block_1_37' title="bbox 270 2115 1927 2191">
    <p class='ocr_par' dir='ltr' id='par_1_37' title="bbox 270 2115 1927 2191">
     <span class='ocr_line' id='line_1_37' title="bbox 270 2115 1927 2191; baseline 0.004 -22"><span class='ocrx_word' id='word_1_238' title='bbox 270 2116 440 2170; x_wconf 89' lang='lat' dir='ltr'>dunt.</span> <span class='ocrx_word' id='word_1_239' title='bbox 468 2115 627 2171; x_wconf 86' lang='lat' dir='ltr'>Plato</span> <span class='ocrx_word' id='word_1_240' title='bbox 659 2119 716 2170; x_wconf 88' lang='lat' dir='ltr'>et</span> <span class='ocrx_word' id='word_1_241' title='bbox 746 2118 995 2171; x_wconf 89' lang='lat' dir='ltr'>rotunda</span> <span class='ocrx_word' id='word_1_242' title='bbox 1021 2117 1233 2190; x_wconf 54' lang='lat' dir='ltr'>facitget</span> <span class='ocrx_word' id='word_1_243' title='bbox 1257 2119 1515 2174; x_wconf 88' lang='lat' dir='ltr'>diversas</span> <span class='ocrx_word' id='word_1_244' title='bbox 1539 2119 1684 2174; x_wconf 89' lang='lat' dir='ltr'>alias</span> <span class='ocrx_word' id='word_1_245' title='bbox 1709 2119 1927 2191; x_wconf 83' lang='lat' dir='ltr'>ﬁguras</span> 
     </span>
    </p>
   </div>
   <div class='ocr_carea' id='block_1_38' title="bbox 271 2205 1927 2277">
    <p class='ocr_par' dir='ltr' id='par_1_38' title="bbox 271 2205 1927 2277">
     <span class='ocr_line' id='line_1_38' title="bbox 271 2205 1927 2277; baseline 0.002 -18"><span class='ocrx_word' id='word_1_246' title='bbox 271 2205 389 2260; x_wconf 86' lang='lat' dir='ltr'>illis</span> <span class='ocrx_word' id='word_1_247' title='bbox 420 2205 832 2277; x_wconf 89' lang='lat' dir='ltr'>circumponit.</span> <span class='ocrx_word' id='word_1_248' title='bbox 863 2206 1007 2260; x_wconf 87' lang='lat' dir='ltr'>Nam</span> <span class='ocrx_word' id='word_1_249' title='bbox 1043 2211 1256 2262; x_wconf 87' lang='lat' dir='ltr'>terram</span> <span class='ocrx_word' id='word_1_250' title='bbox 1291 2208 1362 2263; x_wconf 93' lang='lat' dir='ltr'>ob</span> <span class='ocrx_word' id='word_1_251' title='bbox 1396 2209 1624 2264; x_wconf 80' lang='lat' dir='ltr'>firmam</span> <span class='ocrx_word' id='word_1_252' title='bbox 1659 2213 1714 2264; x_wconf 85' lang='lat' dir='ltr'>et</span> <span class='ocrx_word' id='word_1_253' title='bbox 1745 2209 1927 2264; x_wconf 54' lang='lat' dir='ltr'>stabi-</span> 
     </span>
    </p>
   </div>
   <div class='ocr_carea' id='block_1_39' title="bbox 272 2294 1926 2371">
    <p class='ocr_par' dir='ltr' id='par_1_39' title="bbox 272 2294 1926 2371">
     <span class='ocr_line' id='line_1_39' title="bbox 272 2294 1926 2371; baseline 0.002 -23"><span class='ocrx_word' id='word_1_254' title='bbox 272 2294 385 2348; x_wconf 90' lang='lat' dir='ltr'>lem</span> <span class='ocrx_word' id='word_1_255' title='bbox 421 2310 589 2348; x_wconf 88' lang='lat' dir='ltr'>suam</span> <span class='ocrx_word' id='word_1_256' title='bbox 625 2296 1012 2367; x_wconf 51' lang='lat' dir='ltr'>naturamjait</span> <span class='ocrx_word' id='word_1_257' title='bbox 1044 2297 1256 2352; x_wconf 79' lang='lat' dir='ltr'>referre</span> <span class='ocrx_word' id='word_1_258' title='bbox 1290 2298 1532 2369; x_wconf 83' lang='lat' dir='ltr'>ﬁguram</span> <span class='ocrx_word' id='word_1_259' title='bbox 1571 2297 1724 2366; x_wconf 91' lang='lat' dir='ltr'>cubi,</span> <span class='ocrx_word' id='word_1_260' title='bbox 1750 2298 1926 2371; x_wconf 88' lang='lat' dir='ltr'>siqui-</span> 
     </span>
    </p>
   </div>
   <div class='ocr_carea' id='block_1_40' title="bbox 275 2384 1928 2458">
    <p class='ocr_par' dir='ltr' id='par_1_40' title="bbox 275 2384 1928 2458">
     <span class='ocr_line' id='line_1_40' title="bbox 275 2384 1928 2458; baseline 0.004 -21"><span class='ocrx_word' id='word_1_261' title='bbox 275 2385 408 2438; x_wconf 90' lang='lat' dir='ltr'>dem</span> <span class='ocrx_word' id='word_1_262' title='bbox 439 2387 496 2438; x_wconf 87' lang='lat' dir='ltr'>et</span> <span class='ocrx_word' id='word_1_263' title='bbox 527 2385 713 2441; x_wconf 90' lang='lat' dir='ltr'>cubus</span> <span class='ocrx_word' id='word_1_264' title='bbox 751 2384 955 2440; x_wconf 91' lang='lat' dir='ltr'>ﬁrmus</span> <span class='ocrx_word' id='word_1_265' title='bbox 1003 2401 1066 2440; x_wconf 86' lang='lat' dir='ltr'>ac</span> <span class='ocrx_word' id='word_1_266' title='bbox 1113 2387 1343 2443; x_wconf 86' lang='lat' dir='ltr'>stabilis</span> <span class='ocrx_word' id='word_1_267' title='bbox 1373 2392 1482 2443; x_wconf 86' lang='lat' dir='ltr'>est.</span> <span class='ocrx_word' id='word_1_268' title='bbox 1518 2391 1734 2458; x_wconf 77' lang='lat' dir='ltr'>Ignem,</span> <span class='ocrx_word' id='word_1_269' title='bbox 1780 2404 1928 2458; x_wconf 88' lang='lat' dir='ltr'>quo-</span> 
     </span>
    </p>
   </div>
   <div class='ocr_carea' id='block_1_41' title="bbox 277 2473 1930 2534">
    <p class='ocr_par' dir='ltr' id='par_1_41' title="bbox 277 2473 1930 2534">
     <span class='ocr_line' id='line_1_41' title="bbox 277 2473 1930 2534; baseline 0.003 -7"><span class='ocrx_word' id='word_1_270' title='bbox 277 2473 435 2528; x_wconf 82' lang='lat' dir='ltr'>niam</span> <span class='ocrx_word' id='word_1_271' title='bbox 470 2489 704 2528; x_wconf 85' lang='lat' dir='ltr'>sursum</span> <span class='ocrx_word' id='word_1_272' title='bbox 737 2474 924 2530; x_wconf 86' lang='lat' dir='ltr'>tendit</span> <span class='ocrx_word' id='word_1_273' title='bbox 945 2479 1001 2530; x_wconf 89' lang='lat' dir='ltr'>et</span> <span class='ocrx_word' id='word_1_274' title='bbox 1031 2475 1088 2530; x_wconf 89' lang='lat' dir='ltr'>in</span> <span class='ocrx_word' id='word_1_275' title='bbox 1121 2481 1356 2532; x_wconf 81' lang='lat' dir='ltr'>acutum</span> <span class='ocrx_word' id='word_1_276' title='bbox 1386 2477 1693 2534; x_wconf 86' lang='lat' dir='ltr'>desinitex</span> <span class='ocrx_word' id='word_1_277' title='bbox 1728 2476 1930 2532; x_wconf 89' lang='lat' dir='ltr'>latiore</span> 
     </span>
    </p>
   </div>
   <div class='ocr_carea' id='block_1_42' title="bbox 275 2563 1930 2639">
    <p class='ocr_par' dir='ltr' id='par_1_42' title="bbox 275 2563 1930 2639">
     <span class='ocr_line' id='line_1_42' title="bbox 275 2563 1930 2639; baseline 0.002 -21"><span class='ocrx_word' id='word_1_278' title='bbox 275 2563 426 2629; x_wconf 89' lang='lat' dir='ltr'>basi,</span> <span class='ocrx_word' id='word_1_279' title='bbox 461 2563 626 2635; x_wconf 89' lang='lat' dir='ltr'>ponit</span> <span class='ocrx_word' id='word_1_280' title='bbox 655 2580 784 2618; x_wconf 90' lang='lat' dir='ltr'>esse</span> <span class='ocrx_word' id='word_1_281' title='bbox 824 2565 1134 2636; x_wconf 68' lang='lat' dir='ltr'>praeditum</span> <span class='ocrx_word' id='word_1_282' title='bbox 1189 2567 1377 2638; x_wconf 85' lang='lat' dir='ltr'>ﬁgura</span> <span class='ocrx_word' id='word_1_283' title='bbox 1426 2567 1796 2639; x_wconf 82' lang='lat' dir='ltr'>pyramidali,</span> <span class='ocrx_word' id='word_1_284' title='bbox 1827 2584 1930 2621; x_wconf 82' lang='lat' dir='ltr'>va-</span> 
     </span>
    </p>
   </div>
   <div class='ocr_carea' id='block_1_43' title="bbox 277 2651 1933 2727">
    <p class='ocr_par' dir='ltr' id='par_1_43' title="bbox 277 2651 1933 2727">
     <span class='ocr_line' id='line_1_43' title="bbox 277 2651 1933 2727; baseline 0.004 -21"><span class='ocrx_word' id='word_1_285' title='bbox 277 2651 485 2723; x_wconf 84' lang='lat' dir='ltr'>riaque</span> <span class='ocrx_word' id='word_1_286' title='bbox 505 2652 620 2707; x_wconf 84' lang='lat' dir='ltr'>alia</span> <span class='ocrx_word' id='word_1_287' title='bbox 648 2669 777 2708; x_wconf 91' lang='lat' dir='ltr'>eum</span> <span class='ocrx_word' id='word_1_288' title='bbox 812 2653 867 2707; x_wconf 82' lang='lat' dir='ltr'>in</span> <span class='ocrx_word' id='word_1_289' title='bbox 895 2656 1134 2709; x_wconf 90' lang='lat' dir='ltr'>modum</span> <span class='ocrx_word' id='word_1_290' title='bbox 1165 2657 1427 2727; x_wconf 85' lang='lat' dir='ltr'>disputat</span> <span class='ocrx_word' id='word_1_291' title='bbox 1471 2657 1581 2714; x_wconf 91' lang='lat' dir='ltr'>Sed</span> <span class='ocrx_word' id='word_1_292' title='bbox 1605 2661 1660 2712; x_wconf 89' lang='lat' dir='ltr'>ct</span> <span class='ocrx_word' id='word_1_293' title='bbox 1683 2657 1933 2712; x_wconf 86' lang='lat' dir='ltr'>rotunda</span> 
     </span>
    </p>
   </div>
   <div class='ocr_carea' id='block_1_44' title="bbox 276 2740 1931 2817">
    <p class='ocr_par' dir='ltr' id='par_1_44' title="bbox 276 2740 1931 2817">
     <span class='ocr_line' id='line_1_44' title="bbox 276 2740 1931 2817; baseline 0.003 -21"><span class='ocrx_word' id='word_1_294' title='bbox 276 2741 481 2796; x_wconf 88' lang='lat' dir='ltr'>eadem</span> <span class='ocrx_word' id='word_1_295' title='bbox 514 2740 799 2796; x_wconf 89' lang='lat' dir='ltr'>elementa</span> <span class='ocrx_word' id='word_1_296' title='bbox 830 2759 957 2798; x_wconf 86' lang='lat' dir='ltr'>esse</span> <span class='ocrx_word' id='word_1_297' title='bbox 989 2744 1214 2812; x_wconf 86' lang='lat' dir='ltr'>statuit,</span> <span class='ocrx_word' id='word_1_298' title='bbox 1251 2746 1403 2817; x_wconf 91' lang='lat' dir='ltr'>quod</span> <span class='ocrx_word' id='word_1_299' title='bbox 1440 2745 1647 2801; x_wconf 71' lang='lat' dir='ltr'>malum</span> <span class='ocrx_word' id='word_1_300' title='bbox 1681 2745 1931 2801; x_wconf 90' lang='lat' dir='ltr'>circum-</span> 
     </span>
    </p>
   </div>
   <div class='ocr_carea' id='block_1_45' title="bbox 277 2828 1930 2904">
    <p class='ocr_par' dir='ltr' id='par_1_45' title="bbox 277 2828 1930 2904">
     <span class='ocr_line' id='line_1_45' title="bbox 277 2828 1930 2904; baseline 0.002 -19"><span class='ocrx_word' id='word_1_301' title='bbox 277 2828 566 2885; x_wconf 88' lang='lat' dir='ltr'>rotatione</span> <span class='ocrx_word' id='word_1_302' title='bbox 599 2847 706 2885; x_wconf 88' lang='lat' dir='ltr'>sua</span> <span class='ocrx_word' id='word_1_303' title='bbox 733 2833 1105 2902; x_wconf 87' lang='lat' dir='ltr'>superﬁciem</span> <span class='ocrx_word' id='word_1_304' title='bbox 1141 2832 1404 2904; x_wconf 84' lang='lat' dir='ltr'>ipsorum</span> <span class='ocrx_word' id='word_1_305' title='bbox 1435 2833 1613 2890; x_wconf 89' lang='lat' dir='ltr'>veluti</span> <span class='ocrx_word' id='word_1_306' title='bbox 1646 2835 1930 2901; x_wconf 85' lang='lat' dir='ltr'>detornat,</span> 
     </span>
    </p>
   </div>
   <div class='ocr_carea' id='block_1_46' title="bbox 280 2919 940 2991">
    <p class='ocr_par' dir='ltr' id='par_1_46' title="bbox 280 2919 940 2991">
     <span class='ocr_line' id='line_1_46' title="bbox 280 2919 940 2991; baseline 0 -17"><span class='ocrx_word' id='word_1_307' title='bbox 280 2919 716 2991; x_wconf 84' lang='lat' dir='ltr'>rotundamque</span> <span class='ocrx_word' id='word_1_308' title='bbox 745 2920 940 2975; x_wconf 87' lang='lat' dir='ltr'>efﬁcit.</span> 
     </span>
    </p>
   </div>
   <div class='ocr_carea' id='block_1_47' title="bbox 846 3029 1368 3100">
    <p class='ocr_par' dir='ltr' id='par_1_47' title="bbox 846 3029 1368 3100">
     <span class='ocr_line' id='line_1_47' title="bbox 846 3029 1368 3100; baseline 0.01 -18"><span class='ocrx_word' id='word_1_309' title='bbox 846 3029 1046 3100; x_wconf 60' lang='lat' dir='ltr'>65.,De</span> <span class='ocrx_word' id='word_1_310' title='bbox 1071 3030 1368 3087; x_wconf 76' lang='lat' dir='ltr'>coloribus.</span> 
     </span>
    </p>
   </div>
   <div class='ocr_carea' id='block_1_48' title="bbox 351 3114 1931 3198">
    <p class='ocr_par' dir='ltr' id='par_1_48' title="bbox 351 3114 1931 3198">
     <span class='ocr_line' id='line_1_48' title="bbox 351 3114 1931 3198; baseline 0.006 -26"><span class='ocrx_word' id='word_1_311' title='bbox 351 3114 521 3172; x_wconf 85' lang='lat' dir='ltr'>Color</span> <span class='ocrx_word' id='word_1_312' title='bbox 550 3122 636 3172; x_wconf 89' lang='lat' dir='ltr'>est</span> <span class='ocrx_word' id='word_1_313' title='bbox 669 3117 921 3188; x_wconf 88' lang='lat' dir='ltr'>qualitas</span> <span class='ocrx_word' id='word_1_314' title='bbox 955 3119 1200 3176; x_wconf 77' lang='lat' dir='ltr'>visibilis</span> <span class='ocrx_word' id='word_1_315' title='bbox 1244 3122 1302 3177; x_wconf 92' lang='lat' dir='ltr'>in</span> <span class='ocrx_word' id='word_1_316' title='bbox 1335 3137 1643 3196; x_wconf 88' lang='lat' dir='ltr'>corporum</span> <span class='ocrx_word' id='word_1_317' title='bbox 1679 3125 1931 3198; x_wconf 89' lang='lat' dir='ltr'>superﬁ-</span> 
     </span>
    </p>
   </div>
   <div class='ocr_carea' id='block_1_49' title="bbox 281 3205 1932 3286">
    <p class='ocr_par' dir='ltr' id='par_1_49' title="bbox 281 3205 1932 3286">
     <span class='ocr_line' id='line_1_49' title="bbox 281 3205 1932 3286; baseline 0.005 -26"><span class='ocrx_word' id='word_1_318' title='bbox 281 3205 387 3261; x_wconf 90' lang='lat' dir='ltr'>cie.</span> <span class='ocrx_word' id='word_1_319' title='bbox 421 3207 490 3260; x_wconf 84' lang='lat' dir='ltr'>At</span> <span class='ocrx_word' id='word_1_320' title='bbox 519 3205 681 3261; x_wconf 87' lang='lat' dir='ltr'>Plato</span> <span class='ocrx_word' id='word_1_321' title='bbox 714 3224 860 3263; x_wconf 94' lang='lat' dir='ltr'>novo</span> <span class='ocrx_word' id='word_1_322' title='bbox 894 3209 1066 3264; x_wconf 85' lang='lat' dir='ltr'>modo</span> <span class='ocrx_word' id='word_1_323' title='bbox 1106 3209 1364 3266; x_wconf 91' lang='lat' dir='ltr'>colorum</span> <span class='ocrx_word' id='word_1_324' title='bbox 1412 3212 1700 3268; x_wconf 87' lang='lat' dir='ltr'>rationem</span> <span class='ocrx_word' id='word_1_325' title='bbox 1746 3214 1932 3286; x_wconf 82' lang='lat' dir='ltr'>expli-</span> 
     </span>
    </p>
   </div>
   <div class='ocr_carea' id='block_1_50' title="bbox 283 3294 1934 3370">
    <p class='ocr_par' dir='ltr' id='par_1_50' title="bbox 283 3294 1934 3370">
     <span class='ocr_line' id='line_1_50' title="bbox 283 3294 1934 3370; baseline 0.006 -22"><span class='ocrx_word' id='word_1_326' title='bbox 283 3298 376 3349; x_wconf 86' lang='lat' dir='ltr'>cat</span> <span class='ocrx_word' id='word_1_327' title='bbox 410 3310 423 3348; x_wconf 86' lang='lat'>:</span> <span class='ocrx_word' id='word_1_328' title='bbox 459 3294 541 3349; x_wconf 87' lang='lat' dir='ltr'>ait</span> <span class='ocrx_word' id='word_1_329' title='bbox 568 3295 722 3350; x_wconf 92' lang='lat' dir='ltr'>enim</span> <span class='ocrx_word' id='word_1_330' title='bbox 773 3299 844 3351; x_wconf 89' lang='lat' dir='ltr'>ab</span> <span class='ocrx_word' id='word_1_331' title='bbox 895 3299 1136 3368; x_wconf 86' lang='lat' dir='ltr'>objectis</span> <span class='ocrx_word' id='word_1_332' title='bbox 1182 3302 1527 3370; x_wconf 89' lang='lat' dir='ltr'>corporibus</span> <span class='ocrx_word' id='word_1_333' title='bbox 1558 3308 1615 3358; x_wconf 89' lang='lat' dir='ltr'>et</span> <span class='ocrx_word' id='word_1_334' title='bbox 1645 3303 1715 3357; x_wconf 86' lang='lat' dir='ltr'>ab</span> <span class='ocrx_word' id='word_1_335' title='bbox 1746 3301 1934 3358; x_wconf 88' lang='lat' dir='ltr'>oculis</span> 
     </span>
    </p>
   </div>
   <div class='ocr_carea' id='block_1_51' title="bbox 283 3382 1936 3462">
    <p class='ocr_par' dir='ltr' id='par_1_51' title="bbox 283 3382 1936 3462">
     <span class='ocr_line' id='line_1_51' title="bbox 283 3382 1936 3462; baseline 0.005 -24"><span class='ocrx_word' id='word_1_336' title='bbox 283 3382 606 3438; x_wconf 83' lang='lat' dir='ltr'>videntium</span> <span class='ocrx_word' id='word_1_337' title='bbox 648 3386 882 3441; x_wconf 76' lang='lat' dir='ltr'>effluvio.</span> <span class='ocrx_word' id='word_1_338' title='bbox 931 3390 1200 3458; x_wconf 69' lang='lat' dir='ltr'>quaedam</span> <span class='ocrx_word' id='word_1_339' title='bbox 1245 3390 1454 3460; x_wconf 86' lang='lat' dir='ltr'>emitti,</span> <span class='ocrx_word' id='word_1_340' title='bbox 1490 3410 1618 3462; x_wconf 67' lang='lat' dir='ltr'>quae</span> <span class='ocrx_word' id='word_1_341' title='bbox 1649 3392 1708 3446; x_wconf 91' lang='lat' dir='ltr'>in</span> <span class='ocrx_word' id='word_1_342' title='bbox 1741 3393 1936 3446; x_wconf 89' lang='lat' dir='ltr'>medio</span> 
     </span>
    </p>
   </div>
   <div class='ocr_carea' id='block_1_52' title="bbox 205 3471 1934 3547">
    <p class='ocr_par' dir='ltr' id='par_1_52' title="bbox 205 3471 1934 3547">
     <span class='ocr_line' id='line_1_52' title="bbox 205 3471 1934 3547; baseline 0.005 -21"><span class='ocrx_word' id='word_1_343' title='bbox 205 3510 214 3513; x_wconf 89' lang='lat'><strong>-</strong></span> <span class='ocrx_word' id='word_1_344' title='bbox 285 3471 594 3527; x_wconf 88' lang='lat' dir='ltr'>intervallo</span> <span class='ocrx_word' id='word_1_345' title='bbox 661 3476 979 3530; x_wconf 87' lang='lat' dir='ltr'>constituta</span> <span class='ocrx_word' id='word_1_346' title='bbox 1045 3478 1270 3547; x_wconf 87' lang='lat' dir='ltr'>species</span> <span class='ocrx_word' id='word_1_347' title='bbox 1337 3480 1598 3535; x_wconf 88' lang='lat' dir='ltr'>colorum</span> <span class='ocrx_word' id='word_1_348' title='bbox 1658 3481 1934 3535; x_wconf 75' lang='lat' dir='ltr'>efﬁciant.</span> 
     </span>
    </p>
   </div>
   <div class='ocr_carea' id='block_1_53' title="bbox 289 3565 1942 3640">
    <p class='ocr_par' dir='ltr' id='par_1_53' title="bbox 289 3565 1942 3640">
     <span class='ocr_line' id='line_1_53' title="bbox 289 3565 1942 3640; baseline 0.005 -24"><span class='ocrx_word' id='word_1_349' title='bbox 289 3566 489 3633; x_wconf 85' lang='lat' dir='ltr'>Neque</span> <span class='ocrx_word' id='word_1_350' title='bbox 521 3579 653 3617; x_wconf 90' lang='lat' dir='ltr'>vero</span> <span class='ocrx_word' id='word_1_351' title='bbox 675 3565 950 3621; x_wconf 90' lang='lat' dir='ltr'>omnibus</span> <span class='ocrx_word' id='word_1_352' title='bbox 979 3566 1201 3622; x_wconf 89' lang='lat' dir='ltr'>colores</span> <span class='ocrx_word' id='word_1_353' title='bbox 1231 3570 1434 3622; x_wconf 89' lang='lat' dir='ltr'>eodem</span> <span class='ocrx_word' id='word_1_354' title='bbox 1461 3569 1635 3624; x_wconf 88' lang='lat' dir='ltr'>modo</span> <span class='ocrx_word' id='word_1_355' title='bbox 1659 3585 1942 3640; x_wconf 84' lang='lat' dir='ltr'>apparere</span> 
     </span>
    </p>
   </div>
   <div class='ocr_carea' id='block_1_54' title="bbox 286 3651 1938 3727">
    <p class='ocr_par' dir='ltr' id='par_1_54' title="bbox 286 3651 1938 3727">
     <span class='ocr_line' id='line_1_54' title="bbox 286 3651 1938 3727; baseline 0.004 -21"><span class='ocrx_word' id='word_1_356' title='bbox 286 3651 664 3706; x_wconf 85' lang='lat' dir='ltr'>observatum</span> <span class='ocrx_word' id='word_1_357' title='bbox 697 3659 805 3723; x_wconf 87' lang='lat' dir='ltr'>est,</span> <span class='ocrx_word' id='word_1_358' title='bbox 838 3655 939 3710; x_wconf 90' lang='lat' dir='ltr'>sed</span> <span class='ocrx_word' id='word_1_359' title='bbox 976 3673 1079 3727; x_wconf 90' lang='lat' dir='ltr'>pro</span> <span class='ocrx_word' id='word_1_360' title='bbox 1113 3655 1359 3712; x_wconf 81' lang='lat' dir='ltr'>diversis</span> <span class='ocrx_word' id='word_1_361' title='bbox 1389 3659 1753 3713; x_wconf 87' lang='lat' dir='ltr'>cernentium</span> <span class='ocrx_word' id='word_1_362' title='bbox 1787 3665 1938 3714; x_wconf 88' lang='lat' dir='ltr'>tem-</span> 
     </span>
    </p>
   </div>
   <div class='ocr_carea' id='block_1_55' title="bbox 289 3741 1940 3818">
    <p class='ocr_par' dir='ltr' id='par_1_55' title="bbox 289 3741 1940 3818">
     <span class='ocr_line' id='line_1_55' title="bbox 289 3741 1940 3818; baseline 0.007 -26"><span class='ocrx_word' id='word_1_363' title='bbox 289 3741 578 3809; x_wconf 88' lang='lat' dir='ltr'>peraturis</span> <span class='ocrx_word' id='word_1_364' title='bbox 629 3741 803 3798; x_wconf 86' lang='lat' dir='ltr'>etiam</span> <span class='ocrx_word' id='word_1_365' title='bbox 864 3743 1087 3800; x_wconf 89' lang='lat' dir='ltr'>colores</span> <span class='ocrx_word' id='word_1_366' title='bbox 1143 3762 1362 3812; x_wconf 89' lang='lat' dir='ltr'>rerum,</span> <span class='ocrx_word' id='word_1_367' title='bbox 1397 3764 1526 3818; x_wconf 65' lang='lat' dir='ltr'>quae</span> <span class='ocrx_word' id='word_1_368' title='bbox 1583 3750 1837 3803; x_wconf 78' lang='lat' dir='ltr'>oll‘erunt</span> <span class='ocrx_word' id='word_1_369' title='bbox 1877 3765 1940 3804; x_wconf 87' lang='lat' dir='ltr'>se</span> 
     </span>
    </p>
   </div>
   <div class='ocr_carea' id='block_1_56' title="bbox 283 3830 1938 3909">
    <p class='ocr_par' dir='ltr' id='par_1_56' title="bbox 283 3830 1938 3909">
     <span class='ocr_line' id='line_1_56' title="bbox 283 3830 1938 3909; baseline 0.007 -26"><span class='ocrx_word' id='word_1_370' title='bbox 283 3830 492 3898; x_wconf 88' lang='lat' dir='ltr'>oculis,</span> <span class='ocrx_word' id='word_1_371' title='bbox 525 3831 739 3886; x_wconf 80' lang='lat' dir='ltr'>diversi</span> <span class='ocrx_word' id='word_1_372' title='bbox 792 3833 1083 3902; x_wconf 88' lang='lat' dir='ltr'>videntur,</span> <span class='ocrx_word' id='word_1_373' title='bbox 1121 3835 1202 3889; x_wconf 88' lang='lat' dir='ltr'>uti</span> <span class='ocrx_word' id='word_1_374' title='bbox 1252 3834 1321 3890; x_wconf 93' lang='lat' dir='ltr'>iis</span> <span class='ocrx_word' id='word_1_375' title='bbox 1373 3836 1473 3907; x_wconf 90' lang='lat' dir='ltr'>qui</span> <span class='ocrx_word' id='word_1_376' title='bbox 1527 3837 1731 3893; x_wconf 88' lang='lat' dir='ltr'>morbo</span> <span class='ocrx_word' id='word_1_377' title='bbox 1781 3838 1938 3909; x_wconf 88' lang='lat' dir='ltr'>regio</span> 
     </span>
    </p>
   </div>
   <div class='ocr_carea' id='block_1_57' title="bbox 284 3917 1938 3998">
    <p class='ocr_par' dir='ltr' id='par_1_57' title="bbox 284 3917 1938 3998">
     <span class='ocr_line' id='line_1_57' title="bbox 284 3917 1938 3998; baseline 0.007 -26"><span class='ocrx_word' id='word_1_378' title='bbox 284 3917 574 3988; x_wconf 87' lang='lat' dir='ltr'>laborant,</span> <span class='ocrx_word' id='word_1_379' title='bbox 609 3921 754 3976; x_wconf 84' lang='lat' dir='ltr'>flava</span> <span class='ocrx_word' id='word_1_380' title='bbox 802 3939 932 3993; x_wconf 76' lang='lat' dir='ltr'>quae</span> <span class='ocrx_word' id='word_1_381' title='bbox 981 3928 1251 3992; x_wconf 87' lang='lat' dir='ltr'>cernunt,</span> <span class='ocrx_word' id='word_1_382' title='bbox 1304 3933 1610 3998; x_wconf 86' lang='lat' dir='ltr'>apparent,</span> <span class='ocrx_word' id='word_1_383' title='bbox 1663 3928 1753 3983; x_wconf 85' lang='lat' dir='ltr'>bis</span> <span class='ocrx_word' id='word_1_384' title='bbox 1803 3944 1938 3984; x_wconf 91' lang='lat' dir='ltr'>vero</span> 
     </span>
    </p>
   </div>
   <div class='ocr_carea' id='block_1_58' title="bbox 281 4009 1939 4088">
    <p class='ocr_par' dir='ltr' id='par_1_58' title="bbox 281 4009 1939 4088">
     <span class='ocr_line' id='line_1_58' title="bbox 281 4009 1939 4088; baseline 0.007 -26"><span class='ocrx_word' id='word_1_385' title='bbox 281 4009 497 4078; x_wconf 86' lang='lat' dir='ltr'>quibus</span> <span class='ocrx_word' id='word_1_386' title='bbox 548 4010 772 4082; x_wconf 89' lang='lat' dir='ltr'>pupilla</span> <span class='ocrx_word' id='word_1_387' title='bbox 822 4013 1035 4067; x_wconf 89' lang='lat' dir='ltr'>rubore</span> <span class='ocrx_word' id='word_1_388' title='bbox 1087 4014 1300 4069; x_wconf 85' lang='lat' dir='ltr'>inlecta</span> <span class='ocrx_word' id='word_1_389' title='bbox 1350 4021 1460 4079; x_wconf 88' lang='lat' dir='ltr'>est,</span> <span class='ocrx_word' id='word_1_390' title='bbox 1513 4017 1715 4086; x_wconf 88' lang='lat' dir='ltr'>rubra,</span> <span class='ocrx_word' id='word_1_391' title='bbox 1761 4023 1939 4088; x_wconf 84' lang='lat' dir='ltr'>atque</span> 
     </span>
    </p>
   </div>
   <div class='ocr_carea' id='block_1_59' title="bbox 282 4097 1935 4174">
    <p class='ocr_par' dir='ltr' id='par_1_59' title="bbox 282 4097 1935 4174">
     <span class='ocr_line' id='line_1_59' title="bbox 282 4097 1935 4174; baseline 0.007 -24"><span class='ocrx_word' id='word_1_392' title='bbox 282 4097 492 4152; x_wconf 86' lang='lat' dir='ltr'>iterum</span> <span class='ocrx_word' id='word_1_393' title='bbox 525 4099 842 4156; x_wconf 85' lang='lat' dir='ltr'>albicantia</span> <span class='ocrx_word' id='word_1_394' title='bbox 876 4102 993 4156; x_wconf 89' lang='lat' dir='ltr'>illis</span> <span class='ocrx_word' id='word_1_395' title='bbox 1025 4104 1123 4174; x_wconf 92' lang='lat' dir='ltr'>qui</span> <span class='ocrx_word' id='word_1_396' title='bbox 1159 4104 1355 4158; x_wconf 84' lang='lat' dir='ltr'>album</span> <span class='ocrx_word' id='word_1_397' title='bbox 1392 4105 1700 4160; x_wconf 87' lang='lat' dir='ltr'>humorem</span> <span class='ocrx_word' id='word_1_398' title='bbox 1751 4123 1935 4161; x_wconf 90' lang='lat' dir='ltr'>mem-</span> 
     </span>
    </p>
   </div>
   <div class='ocr_carea' id='block_1_60' title="bbox 283 4185 1937 4266">
    <p class='ocr_par' dir='ltr' id='par_1_60' title="bbox 283 4185 1937 4266">
     <span class='ocr_line' id='line_1_60' title="bbox 283 4185 1937 4266; baseline 0.007 -27"><span class='ocrx_word' id='word_1_399' title='bbox 283 4185 484 4242; x_wconf 83' lang='lat' dir='ltr'>branis</span> <span class='ocrx_word' id='word_1_400' title='bbox 530 4188 835 4244; x_wconf 85' lang='lat' dir='ltr'>oculorum</span> <span class='ocrx_word' id='word_1_401' title='bbox 895 4192 1188 4248; x_wconf 85' lang='lat' dir='ltr'>sull‘usum</span> <span class='ocrx_word' id='word_1_402' title='bbox 1247 4193 1485 4264; x_wconf 89' lang='lat' dir='ltr'>habent,</span> <span class='ocrx_word' id='word_1_403' title='bbox 1533 4193 1785 4264; x_wconf 84' lang='lat' dir='ltr'>aliisque</span> <span class='ocrx_word' id='word_1_404' title='bbox 1834 4212 1937 4266; x_wconf 90' lang='lat' dir='ltr'>pro</span> 
     </span>
    </p>
   </div>
   <div class='ocr_carea' id='block_1_61' title="bbox 283 4271 1163 4348">
    <p class='ocr_par' dir='ltr' id='par_1_61' title="bbox 283 4271 1163 4348">
     <span class='ocr_line' id='line_1_61' title="bbox 283 4271 1163 4348; baseline 0.01 -22"><span class='ocrx_word' id='word_1_405' title='bbox 283 4271 514 4329; x_wconf 81' lang='lat' dir='ltr'>diversa</span> <span class='ocrx_word' id='word_1_406' title='bbox 541 4280 943 4348; x_wconf 86' lang='lat' dir='ltr'>temperatura</span> <span class='ocrx_word' id='word_1_407' title='bbox 973 4279 1163 4336; x_wconf 89' lang='lat' dir='ltr'>aliter.</span> 
     </span>
    </p>
   </div>
   <div class='ocr_carea' id='block_1_62' title="bbox 626 4384 1591 4458">
    <p class='ocr_par' dir='ltr' id='par_1_62' title="bbox 626 4384 1591 4458">
     <span class='ocr_line' id='line_1_62' title="bbox 626 4384 1591 4458; baseline 0.006 -22"><span class='ocrx_word' id='word_1_408' title='bbox 626 4384 716 4438; x_wconf 86' lang='lat'>65.</span> <span class='ocrx_word' id='word_1_409' title='bbox 749 4385 819 4440; x_wconf 83' lang='lat' dir='ltr'>De</span> <span class='ocrx_word' id='word_1_410' title='bbox 851 4388 1107 4441; x_wconf 74' lang='lat' dir='ltr'>mz&#39;stione</span> <span class='ocrx_word' id='word_1_411' title='bbox 1133 4395 1186 4442; x_wconf 80' lang='lat' dir='ltr'>et</span> <span class='ocrx_word' id='word_1_412' title='bbox 1212 4389 1591 4458; x_wconf 72' lang='lat' dir='ltr'>permistz’one.</span> 
     </span>
    </p>
   </div>
   <div class='ocr_carea' id='block_1_63' title="bbox 351 4469 1930 4549">
    <p class='ocr_par' dir='ltr' id='par_1_63' title="bbox 351 4469 1930 4549">
     <span class='ocr_line' id='line_1_63' title="bbox 351 4469 1930 4549; baseline 0.006 -24"><span class='ocrx_word' id='word_1_413' title='bbox 351 4469 546 4525; x_wconf 90' lang='lat' dir='ltr'>Mistio</span> <span class='ocrx_word' id='word_1_414' title='bbox 591 4478 682 4527; x_wconf 89' lang='lat' dir='ltr'>est</span> <span class='ocrx_word' id='word_1_415' title='bbox 727 4474 866 4528; x_wconf 89' lang='lat' dir='ltr'>unio</span> <span class='ocrx_word' id='word_1_416' title='bbox 916 4491 1227 4546; x_wconf 86' lang='lat' dir='ltr'>corporum</span> <span class='ocrx_word' id='word_1_417' title='bbox 1288 4494 1388 4546; x_wconf 90' lang='lat' dir='ltr'>per</span> <span class='ocrx_word' id='word_1_418' title='bbox 1433 4479 1930 4549; x_wconf 84' lang='lat' dir='ltr'>conjunctionem,</span> 
     </span>
    </p>
   </div>
   <div class='ocr_carea' id='block_1_64' title="bbox 278 4559 1930 4635">
    <p class='ocr_par' dir='ltr' id='par_1_64' title="bbox 278 4559 1930 4635">
     <span class='ocr_line' id='line_1_64' title="bbox 278 4559 1930 4635; baseline 0.006 -21"><span class='ocrx_word' id='word_1_419' title='bbox 278 4559 475 4629; x_wconf 86' lang='lat' dir='ltr'>qualis</span> <span class='ocrx_word' id='word_1_420' title='bbox 503 4567 594 4617; x_wconf 88' lang='lat' dir='ltr'>est</span> <span class='ocrx_word' id='word_1_421' title='bbox 624 4563 734 4618; x_wconf 92' lang='lat' dir='ltr'>olei</span> <span class='ocrx_word' id='word_1_422' title='bbox 767 4569 824 4618; x_wconf 87' lang='lat' dir='ltr'>et</span> <span class='ocrx_word' id='word_1_423' title='bbox 853 4581 1036 4635; x_wconf 65' lang='lat' dir='ltr'>aquae.</span> <span class='ocrx_word' id='word_1_424' title='bbox 1071 4566 1266 4634; x_wconf 89' lang='lat' dir='ltr'>Neque</span> <span class='ocrx_word' id='word_1_425' title='bbox 1297 4568 1453 4622; x_wconf 91' lang='lat' dir='ltr'>enim</span> <span class='ocrx_word' id='word_1_426' title='bbox 1499 4573 1621 4622; x_wconf 86' lang='lat' dir='ltr'>tota</span> <span class='ocrx_word' id='word_1_427' title='bbox 1672 4568 1827 4623; x_wconf 85' lang='lat' dir='ltr'>inter</span> <span class='ocrx_word' id='word_1_428' title='bbox 1869 4584 1930 4624; x_wconf 88' lang='lat' dir='ltr'>se</span> 
     </span>
    </p>
   </div>
   <div class='ocr_carea' id='block_1_65' title="bbox 277 4650 1929 4728">
    <p class='ocr_par' dir='ltr' id='par_1_65' title="bbox 277 4650 1929 4728">
     <span class='ocr_line' id='line_1_65' title="bbox 277 4650 1929 4728; baseline 0.006 -25"><span class='ocrx_word' id='word_1_429' title='bbox 277 4650 450 4705; x_wconf 85' lang='lat' dir='ltr'>ambo</span> <span class='ocrx_word' id='word_1_430' title='bbox 483 4653 931 4722; x_wconf 88' lang='lat' dir='ltr'>permiscentur,</span> <span class='ocrx_word' id='word_1_431' title='bbox 966 4655 1067 4709; x_wconf 91' lang='lat' dir='ltr'>sed</span> <span class='ocrx_word' id='word_1_432' title='bbox 1101 4659 1352 4711; x_wconf 77' lang='lat' dir='ltr'>suminis</span> <span class='ocrx_word' id='word_1_433' title='bbox 1387 4657 1558 4712; x_wconf 82' lang='lat' dir='ltr'>modo</span> <span class='ocrx_word' id='word_1_434' title='bbox 1592 4657 1929 4728; x_wconf 87' lang='lat' dir='ltr'>superﬁcie-</span> 
     </span>
    </p>
   </div>
   <div class='ocr_carea' id='block_1_66' title="bbox 277 4739 1938 4818">
    <p class='ocr_par' dir='ltr' id='par_1_66' title="bbox 277 4739 1938 4818">
     <span class='ocr_line' id='line_1_66' title="bbox 277 4739 1938 4818; baseline 0.005 -26"><span class='ocrx_word' id='word_1_435' title='bbox 277 4739 769 4813; x_wconf 83' lang='lat' dir='ltr'>busjunguntur.</span> <span class='ocrx_word' id='word_1_436' title='bbox 807 4742 1055 4799; x_wconf 72' lang='lat' dir='ltr'>Inferior</span> <span class='ocrx_word' id='word_1_437' title='bbox 1085 4745 1240 4799; x_wconf 90' lang='lat' dir='ltr'>enim</span> <span class='ocrx_word' id='word_1_438' title='bbox 1294 4746 1400 4800; x_wconf 93' lang='lat' dir='ltr'>olei</span> <span class='ocrx_word' id='word_1_439' title='bbox 1451 4747 1792 4818; x_wconf 76' lang='lat' dir='ltr'>superﬁcies</span> <span class='ocrx_word' id='word_1_440' title='bbox 1825 4747 1938 4801; x_wconf 88' lang='lat' dir='ltr'>mi-</span> 
     </span>
    </p>
   </div>
   <div class='ocr_carea' id='block_1_67' title="bbox 275 4823 1939 4908">
    <p class='ocr_par' dir='ltr' id='par_1_67' title="bbox 275 4823 1939 4908">
     <span class='ocr_line' id='line_1_67' title="bbox 275 4823 1939 4908; baseline 0.006 -27"><span class='ocrx_word' id='word_1_441' title='bbox 275 4834 474 4885; x_wconf 84' lang='lat' dir='ltr'>scetur</span> <span class='ocrx_word' id='word_1_442' title='bbox 517 4831 637 4889; x_wconf 85' lang='lat' dir='ltr'>sive</span> <span class='ocrx_word' id='word_1_443' title='bbox 688 4834 893 4890; x_wconf 90' lang='lat' dir='ltr'>unitur</span> <span class='ocrx_word' id='word_1_444' title='bbox 939 4834 1225 4906; x_wconf 88' lang='lat' dir='ltr'>superiori</span> <span class='ocrx_word' id='word_1_445' title='bbox 1262 4823 1591 4908; x_wconf 82' lang='lat' dir='ltr'>superﬁciei</span> <span class='ocrx_word' id='word_1_446' title='bbox 1644 4852 1830 4906; x_wconf 82' lang='lat' dir='ltr'>aquae.</span> <span class='ocrx_word' id='word_1_447' title='bbox 1865 4829 1939 4891; x_wconf 84' lang='grc' dir='ltr'>Αῑ</span> 
     </span>
    </p>
   </div>
   <div class='ocr_carea' id='block_1_68' title="bbox 276 4921 1937 4997">
    <p class='ocr_par' dir='ltr' id='par_1_68' title="bbox 276 4921 1937 4997">
     <span class='ocr_line' id='line_1_68' title="bbox 276 4921 1937 4997; baseline 0.004 -23"><span class='ocrx_word' id='word_1_448' title='bbox 276 4921 581 4989; x_wconf 90' lang='lat' dir='ltr'>permistio</span> <span class='ocrx_word' id='word_1_449' title='bbox 613 4928 722 4991; x_wconf 87' lang='lat' dir='ltr'>est,</span> <span class='ocrx_word' id='word_1_450' title='bbox 747 4925 980 4996; x_wconf 89' lang='lat' dir='ltr'>quando</span> <span class='ocrx_word' id='word_1_451' title='bbox 1023 4925 1188 4980; x_wconf 86' lang='lat' dir='ltr'>unita</span> <span class='ocrx_word' id='word_1_452' title='bbox 1235 4942 1475 4997; x_wconf 84' lang='lat' dir='ltr'>corpora</span> <span class='ocrx_word' id='word_1_453' title='bbox 1523 4931 1643 4980; x_wconf 89' lang='lat' dir='ltr'>tota</span> <span class='ocrx_word' id='word_1_454' title='bbox 1672 4927 1756 4982; x_wconf 91' lang='lat' dir='ltr'>sic</span> <span class='ocrx_word' id='word_1_455' title='bbox 1786 4926 1937 4981; x_wconf 68' lang='lat' dir='ltr'>invi“</span> 
     </span>
    </p>
   </div>
   <div class='ocr_carea' id='block_1_69' title="bbox 270 5012 1931 5087">
    <p class='ocr_par' dir='ltr' id='par_1_69' title="bbox 270 5012 1931 5087">
     <span class='ocr_line' id='line_1_69' title="bbox 270 5012 1931 5087; baseline 0.004 -25"><span class='ocrx_word' id='word_1_456' title='bbox 270 5024 392 5063; x_wconf 89' lang='lat' dir='ltr'>cem</span> <span class='ocrx_word' id='word_1_457' title='bbox 438 5012 886 5084; x_wconf 86' lang='lat' dir='ltr'>permiscentur,</span> <span class='ocrx_word' id='word_1_458' title='bbox 914 5017 977 5068; x_wconf 92' lang='lat' dir='ltr'>ut</span> <span class='ocrx_word' id='word_1_459' title='bbox 1007 5031 1159 5086; x_wconf 87' lang='lat' dir='ltr'>aqua</span> <span class='ocrx_word' id='word_1_460' title='bbox 1189 5019 1244 5068; x_wconf 88' lang='lat' dir='ltr'>et</span> <span class='ocrx_word' id='word_1_461' title='bbox 1273 5015 1489 5070; x_wconf 75' lang='lat' dir='ltr'>vinum.</span> <span class='ocrx_word' id='word_1_462' title='bbox 1521 5018 1724 5087; x_wconf 86' lang='lat' dir='ltr'>Itaque</span> <span class='ocrx_word' id='word_1_463' title='bbox 1757 5016 1931 5071; x_wconf 85' lang='lat' dir='ltr'>mista</span> 
     </span>
    </p>
   </div>
   <div class='ocr_carea' id='block_1_70' title="bbox 272 5104 1930 5174">
    <p class='ocr_par' dir='ltr' id='par_1_70' title="bbox 272 5104 1930 5174">
     <span class='ocr_line' id='line_1_70' title="bbox 272 5104 1930 5174; baseline 0.008 -24"><span class='ocrx_word' id='word_1_464' title='bbox 272 5111 513 5169; x_wconf 90' lang='lat' dir='ltr'>corpora</span> <span class='ocrx_word' id='word_1_465' title='bbox 547 5118 612 5156; x_wconf 81' lang='lat' dir='ltr'>ex</span> <span class='ocrx_word' id='word_1_466' title='bbox 664 5109 828 5174; x_wconf 87' lang='lat' dir='ltr'>parte</span> <span class='ocrx_word' id='word_1_467' title='bbox 858 5105 1092 5174; x_wconf 84' lang='lat' dir='ltr'>quidem</span> <span class='ocrx_word' id='word_1_468' title='bbox 1147 5105 1458 5170; x_wconf 88' lang='lat' dir='ltr'>uniuntur,</span> <span class='ocrx_word' id='word_1_469' title='bbox 1492 5104 1803 5161; x_wconf 82' lang='lat' dir='ltr'>inronfusa</span> <span class='ocrx_word' id='word_1_470' title='bbox 1845 5113 1930 5164; x_wconf 87' lang='lat' dir='ltr'>ta-</span> 
     </span>
    </p>
   </div>
   <div class='ocr_carea' id='block_1_71' title="bbox 182 5193 1928 5276">
    <p class='ocr_par' dir='ltr' id='par_1_71' title="bbox 182 5193 1928 5276">
     <span class='ocr_line' id='line_1_71' title="bbox 182 5193 1928 5276; baseline 0.008 -37"><span class='ocrx_word' id='word_1_471' title='bbox 182 5257 191 5276; x_wconf 50' lang='lat'><strong><em>.</em></strong></span> <span class='ocrx_word' id='word_1_472' title='bbox 273 5201 403 5241; x_wconf 90' lang='lat' dir='ltr'>men</span> <span class='ocrx_word' id='word_1_473' title='bbox 443 5197 683 5246; x_wconf 87' lang='lat' dir='ltr'>manent</span> <span class='ocrx_word' id='word_1_474' title='bbox 717 5210 728 5247; x_wconf 92' lang='lat'><strong>:</strong></span> <span class='ocrx_word' id='word_1_475' title='bbox 763 5195 1043 5266; x_wconf 86' lang='lat' dir='ltr'>permista</span> <span class='ocrx_word' id='word_1_476' title='bbox 1076 5199 1272 5250; x_wconf 80' lang='lat' dir='ltr'>autem</span> <span class='ocrx_word' id='word_1_477' title='bbox 1318 5199 1626 5266; x_wconf 79' lang='lat' dir='ltr'>penetrant</span> <span class='ocrx_word' id='word_1_478' title='bbox 1657 5193 1928 5274; x_wconf 72' lang='lat' dir='ltr'>invicem,</span> 
     </span>
    </p>
   </div>
   <div class='ocr_carea' id='block_1_72' title="bbox 269 5277 1930 5355">
    <p class='ocr_par' dir='ltr' id='par_1_72' title="bbox 269 5277 1930 5355">
     <span class='ocr_line' id='line_1_72' title="bbox 269 5277 1930 5355; baseline 0.008 -24"><span class='ocrx_word' id='word_1_479' title='bbox 269 5277 668 5353; x_wconf 85' lang='lat' dir='ltr'>scinduntque</span> <span class='ocrx_word' id='word_1_480' title='bbox 701 5299 766 5338; x_wconf 90' lang='lat' dir='ltr'>ac</span> <span class='ocrx_word' id='word_1_481' title='bbox 797 5285 1175 5355; x_wconf 89' lang='lat' dir='ltr'>scinduntur,</span> <span class='ocrx_word' id='word_1_482' title='bbox 1201 5290 1256 5340; x_wconf 89' lang='lat' dir='ltr'>et</span> <span class='ocrx_word' id='word_1_483' title='bbox 1291 5288 1439 5342; x_wconf 88' lang='lat' dir='ltr'>inter</span> <span class='ocrx_word' id='word_1_484' title='bbox 1469 5303 1531 5341; x_wconf 88' lang='lat' dir='ltr'>se</span> <span class='ocrx_word' id='word_1_485' title='bbox 1562 5285 1930 5344; x_wconf 76' lang='lat' dir='ltr'>confundun-</span> 
     </span>
    </p>
   </div>
   <div class='ocr_carea' id='block_1_73' title="bbox 274 5369 1924 5444">
    <p class='ocr_par' dir='ltr' id='par_1_73' title="bbox 274 5369 1924 5444">
     <span class='ocr_line' id='line_1_73' title="bbox 274 5369 1924 5444; baseline 0.008 -23"><span class='ocrx_word' id='word_1_486' title='bbox 274 5373 385 5422; x_wconf 90' lang='lat' dir='ltr'>tur.</span> <span class='ocrx_word' id='word_1_487' title='bbox 421 5369 568 5424; x_wconf 89' lang='lat' dir='ltr'>Unio</span> <span class='ocrx_word' id='word_1_488' title='bbox 601 5373 937 5444; x_wconf 57' lang='lat' dir='ltr'>autemEDei</span> <span class='ocrx_word' id='word_1_489' title='bbox 972 5391 1104 5429; x_wconf 89' lang='lat' dir='ltr'>cum</span> <span class='ocrx_word' id='word_1_490' title='bbox 1155 5380 1356 5432; x_wconf 85' lang='lat' dir='ltr'>nostra</span> <span class='ocrx_word' id='word_1_491' title='bbox 1396 5382 1608 5432; x_wconf 88' lang='lat' dir='ltr'>natura</span> <span class='ocrx_word' id='word_1_492' title='bbox 1637 5382 1693 5433; x_wconf 91' lang='lat' dir='ltr'>et</span> <span class='ocrx_word' id='word_1_493' title='bbox 1727 5379 1924 5436; x_wconf 88' lang='lat' dir='ltr'>mistio</span> 
     </span>
    </p>
   </div>
   <div class='ocr_carea' id='block_1_74' title="bbox 273 5460 1920 5539">
    <p class='ocr_par' dir='ltr' id='par_1_74' title="bbox 273 5460 1920 5539">
     <span class='ocr_line' id='line_1_74' title="bbox 273 5460 1920 5539; baseline 0.007 -26"><span class='ocrx_word' id='word_1_494' title='bbox 273 5463 381 5523; x_wconf 88' lang='lat' dir='ltr'>est,</span> <span class='ocrx_word' id='word_1_495' title='bbox 415 5461 554 5530; x_wconf 87' lang='lat' dir='ltr'>quia</span> <span class='ocrx_word' id='word_1_496' title='bbox 614 5460 740 5517; x_wconf 87' lang='lat' dir='ltr'>sine</span> <span class='ocrx_word' id='word_1_497' title='bbox 795 5464 1141 5520; x_wconf 85' lang='lat' dir='ltr'>confusione</span> <span class='ocrx_word' id='word_1_498' title='bbox 1202 5466 1284 5533; x_wconf 88' lang='lat' dir='ltr'>ﬁt,</span> <span class='ocrx_word' id='word_1_499' title='bbox 1336 5470 1392 5521; x_wconf 91' lang='lat' dir='ltr'>et</span> <span class='ocrx_word' id='word_1_500' title='bbox 1450 5471 1537 5521; x_wconf 88' lang='lat' dir='ltr'>est</span> <span class='ocrx_word' id='word_1_501' title='bbox 1593 5469 1920 5539; x_wconf 77' lang='lat' dir='ltr'>permistio,</span> 
     </span>
    </p>
   </div>
   <div class='ocr_carea' id='block_1_75' title="bbox 272 5549 1919 5619">
    <p class='ocr_par' dir='ltr' id='par_1_75' title="bbox 272 5549 1919 5619">
     <span class='ocr_line' id='line_1_75' title="bbox 272 5549 1919 5619; baseline 0.007 -17"><span class='ocrx_word' id='word_1_502' title='bbox 272 5554 502 5619; x_wconf 81' lang='lat' dir='ltr'>propter</span> <span class='ocrx_word' id='word_1_503' title='bbox 559 5549 907 5606; x_wconf 86' lang='lat' dir='ltr'>idiomatum</span> <span class='ocrx_word' id='word_1_504' title='bbox 967 5555 1585 5613; x_wconf 84' lang='lat' dir='ltr'>communicationem.</span> <span class='ocrx_word' id='word_1_505' title='bbox 1638 5558 1919 5614; x_wconf 75' lang='lat' dir='ltr'>Caeterum</span> 
     </span>
    </p>
   </div>
   <div class='ocr_carea' id='block_1_76' title="bbox 269 5639 1919 5721">
    <p class='ocr_par' dir='ltr' id='par_1_76' title="bbox 269 5639 1919 5721">
     <span class='ocr_line' id='line_1_76' title="bbox 269 5639 1919 5721; baseline 0.008 -29"><span class='ocrx_word' id='word_1_506' title='bbox 269 5654 484 5693; x_wconf 79' lang='lat' dir='ltr'>novum</span> <span class='ocrx_word' id='word_1_507' title='bbox 517 5639 686 5708; x_wconf 90' lang='lat' dir='ltr'>illud,</span> <span class='ocrx_word' id='word_1_508' title='bbox 716 5657 846 5696; x_wconf 82' lang='lat' dir='ltr'>cum</span> <span class='ocrx_word' id='word_1_509' title='bbox 880 5649 1183 5717; x_wconf 83' lang='lat' dir='ltr'>assumpta</span> <span class='ocrx_word' id='word_1_510' title='bbox 1215 5649 1446 5716; x_wconf 86' lang='lat' dir='ltr'>natura,</span> <span class='ocrx_word' id='word_1_511' title='bbox 1477 5663 1665 5721; x_wconf 85' lang='lat' dir='ltr'>genus</span> <span class='ocrx_word' id='word_1_512' title='bbox 1697 5648 1919 5705; x_wconf 88' lang='lat' dir='ltr'>mistio-</span> 
     </span>
    </p>
   </div>
   <div class='ocr_carea' id='block_1_77' title="bbox 265 5728 1567 5808">
    <p class='ocr_par' dir='ltr' id='par_1_77' title="bbox 265 5728 1567 5808">
     <span class='ocr_line' id='line_1_77' title="bbox 265 5728 1567 5808; baseline 0.008 -26"><span class='ocrx_word' id='word_1_513' title='bbox 265 5728 358 5782; x_wconf 91' lang='lat' dir='ltr'>nis</span> <span class='ocrx_word' id='word_1_514' title='bbox 390 5735 497 5798; x_wconf 82' lang='lat' dir='ltr'>est,</span> <span class='ocrx_word' id='word_1_515' title='bbox 529 5736 585 5786; x_wconf 90' lang='lat' dir='ltr'>ct</span> <span class='ocrx_word' id='word_1_516' title='bbox 617 5730 764 5788; x_wconf 87' lang='lat' dir='ltr'>mira</span> <span class='ocrx_word' id='word_1_517' title='bbox 795 5747 860 5787; x_wconf 87' lang='lat' dir='ltr'>ac</span> <span class='ocrx_word' id='word_1_518' title='bbox 892 5733 1208 5805; x_wconf 83' lang='lat' dir='ltr'>singularis</span> <span class='ocrx_word' id='word_1_519' title='bbox 1240 5737 1567 5808; x_wconf 90' lang='lat' dir='ltr'>permistio.</span> 
     </span>
    </p>
   </div>
   <div class='ocr_carea' id='block_1_78' title="bbox 2033 1933 3687 2011">
    <p class='ocr_par' dir='ltr' id='par_1_78' title="bbox 2033 1933 3687 2011">
     <span class='ocr_line' id='line_1_78' title="bbox 2033 1933 3687 2011; baseline -0.001 -20"><span class='ocrx_word' id='word_1_520' title='bbox 2033 1937 2096 1991; x_wconf 88' lang='grc' dir='ltr'>τὸ</span> <span class='ocrx_word' id='word_1_521' title='bbox 2126 1935 2486 2011; x_wconf 85' lang='grc' dir='ltr'>τετράγωνον,</span> <span class='ocrx_word' id='word_1_522' title='bbox 2535 1937 2597 1991; x_wconf 84' lang='grc' dir='ltr'>τὸ</span> <span class='ocrx_word' id='word_1_523' title='bbox 2645 1937 3011 2010; x_wconf 74' lang='grc' dir='ltr'>πεντάγωνον,</span> <span class='ocrx_word' id='word_1_524' title='bbox 3061 1936 3150 1991; x_wconf 83' lang='grc' dir='ltr'>καὶ</span> <span class='ocrx_word' id='word_1_525' title='bbox 3192 1936 3290 1991; x_wconf 78' lang='grc' dir='ltr'>ὅσα</span> <span class='ocrx_word' id='word_1_526' title='bbox 3315 1938 3552 1994; x_wconf 86' lang='grc' dir='ltr'>τοιαῦτα.</span> <span class='ocrx_word' id='word_1_527' title='bbox 3611 1933 3687 1990; x_wconf 80' lang='grc' dir='ltr'><strong>Τὰ</strong></span> 
     </span>
    </p>
   </div>
   <div class='ocr_carea' id='block_1_79' title="bbox 2032 2023 3684 2104">
    <p class='ocr_par' dir='ltr' id='par_1_79' title="bbox 2032 2023 3684 2104">
     <span class='ocr_line' id='line_1_79' title="bbox 2032 2023 3684 2104; baseline 0 -23"><span class='ocrx_word' id='word_1_528' title='bbox 2032 2027 2212 2081; x_wconf 80' lang='grc' dir='ltr'>τοίνυν</span> <span class='ocrx_word' id='word_1_529' title='bbox 2284 2024 2515 2101; x_wconf 72' lang='grc' dir='ltr'>τέσσαρα</span> <span class='ocrx_word' id='word_1_530' title='bbox 2583 2031 2830 2101; x_wconf 84' lang='grc' dir='ltr'>στοιχεῖα</span> <span class='ocrx_word' id='word_1_531' title='bbox 2915 2033 3180 2104; x_wconf 73' lang='grc' dir='ltr'>περιφερῆ</span> <span class='ocrx_word' id='word_1_532' title='bbox 3273 2023 3684 2101; x_wconf 81' lang='grc' dir='ltr'>δογματίζουσι.</span> 
     </span>
    </p>
   </div>
   <div class='ocr_carea' id='block_1_80' title="bbox 2037 2112 3687 2194">
    <p class='ocr_par' dir='ltr' id='par_1_80' title="bbox 2037 2112 3687 2194">
     <span class='ocr_line' id='line_1_80' title="bbox 2037 2112 3687 2194; baseline -0.001 -24"><span class='ocrx_word' id='word_1_533' title='bbox 2037 2117 2261 2170; x_wconf 78' lang='grc' dir='ltr'>Πκάτων</span> <span class='ocrx_word' id='word_1_534' title='bbox 2293 2112 2350 2170; x_wconf 75' lang='grc' dir='ltr'>δὲ</span> <span class='ocrx_word' id='word_1_535' title='bbox 2395 2117 2481 2169; x_wconf 78' lang='grc' dir='ltr'>καὶ</span> <span class='ocrx_word' id='word_1_536' title='bbox 2543 2123 2808 2192; x_wconf 77' lang='grc' dir='ltr'>περιφερῆ</span> <span class='ocrx_word' id='word_1_537' title='bbox 2869 2115 2956 2171; x_wconf 82' lang='grc' dir='ltr'>καὶ</span> <span class='ocrx_word' id='word_1_538' title='bbox 3011 2114 3064 2171; x_wconf 84' lang='grc' dir='ltr'>ἐν</span> <span class='ocrx_word' id='word_1_539' title='bbox 3125 2113 3412 2194; x_wconf 75' lang='grc' dir='ltr'>διαφόροις</span> <span class='ocrx_word' id='word_1_540' title='bbox 3464 2113 3687 2170; x_wconf 78' lang='grc' dir='ltr'>πλάττει</span> 
     </span>
    </p>
   </div>
   <div class='ocr_carea' id='block_1_81' title="bbox 2038 2202 3690 2281">
    <p class='ocr_par' dir='ltr' id='par_1_81' title="bbox 2038 2202 3690 2281">
     <span class='ocr_line' id='line_1_81' title="bbox 2038 2202 3690 2281; baseline -0.001 -21"><span class='ocrx_word' id='word_1_541' title='bbox 2038 2207 2288 2281; x_wconf 68' lang='grc' dir='ltr'>σχήμασι</span> <span class='ocrx_word' id='word_1_542' title='bbox 2322 2225 2332 2236; x_wconf 91' lang='grc'><strong>·</strong></span> <span class='ocrx_word' id='word_1_543' title='bbox 2366 2204 2466 2271; x_wconf 71' lang='grc' dir='ltr'>τὴν</span> <span class='ocrx_word' id='word_1_544' title='bbox 2504 2205 2597 2278; x_wconf 69' lang='grc' dir='ltr'>μὲν</span> <span class='ocrx_word' id='word_1_545' title='bbox 2646 2206 2746 2280; x_wconf 72' lang='grc' dir='ltr'>γὰρ</span> <span class='ocrx_word' id='word_1_546' title='bbox 2793 2212 2895 2280; x_wconf 75' lang='grc' dir='ltr'>γῆν</span> <span class='ocrx_word' id='word_1_547' title='bbox 2927 2202 3015 2260; x_wconf 76' lang='grc' dir='ltr'>διὰ</span> <span class='ocrx_word' id='word_1_548' title='bbox 3052 2206 3113 2261; x_wconf 86' lang='grc' dir='ltr'>τὸ</span> <span class='ocrx_word' id='word_1_549' title='bbox 3164 2203 3478 2279; x_wconf 72' lang='grc' dir='ltr'>εὐέδραστον</span> <span class='ocrx_word' id='word_1_550' title='bbox 3509 2204 3596 2259; x_wconf 79' lang='grc' dir='ltr'>καὶ</span> <span class='ocrx_word' id='word_1_551' title='bbox 3627 2204 3690 2260; x_wconf 82' lang='grc' dir='ltr'>τὸ</span> 
     </span>
    </p>
   </div>
   <div class='ocr_carea' id='block_1_82' title="bbox 2042 2289 3690 2371">
    <p class='ocr_par' dir='ltr' id='par_1_82' title="bbox 2042 2289 3690 2371">
     <span class='ocr_line' id='line_1_82' title="bbox 2042 2289 3690 2371; baseline 0.001 -22"><span class='ocrx_word' id='word_1_552' title='bbox 2042 2290 2277 2371; x_wconf 72' lang='grc' dir='ltr'>βεϐηκὸς</span> <span class='ocrx_word' id='word_1_553' title='bbox 2338 2295 2528 2366; x_wconf 77' lang='grc' dir='ltr'>αὐτῆς,</span> <span class='ocrx_word' id='word_1_554' title='bbox 2577 2289 2835 2364; x_wconf 77' lang='grc' dir='ltr'>κυϐοειδῆ</span> <span class='ocrx_word' id='word_1_555' title='bbox 2899 2294 3042 2370; x_wconf 63' lang='grc' dir='ltr'>λέγει</span> <span class='ocrx_word' id='word_1_556' title='bbox 3079 2315 3090 2326; x_wconf 92' lang='grc'><strong>·</strong></span> <span class='ocrx_word' id='word_1_557' title='bbox 3148 2293 3360 2370; x_wconf 69' lang='grc' dir='ltr'>ἑδραῖος</span> <span class='ocrx_word' id='word_1_558' title='bbox 3401 2294 3500 2368; x_wconf 71' lang='grc' dir='ltr'>γὰρ</span> <span class='ocrx_word' id='word_1_559' title='bbox 3539 2294 3629 2350; x_wconf 76' lang='grc' dir='ltr'>καὶ</span> <span class='ocrx_word' id='word_1_560' title='bbox 3661 2294 3690 2350; x_wconf 77' lang='grc'>6</span> 
     </span>
    </p>
   </div>
   <div class='ocr_carea' id='block_1_83' title="bbox 2036 2379 3686 2460">
    <p class='ocr_par' dir='ltr' id='par_1_83' title="bbox 2036 2379 3686 2460">
     <span class='ocr_line' id='line_1_83' title="bbox 2036 2379 3686 2460; baseline -0.002 -20"><span class='ocrx_word' id='word_1_561' title='bbox 2036 2379 2224 2447; x_wconf 73' lang='grc' dir='ltr'>κύϐος.</span> <span class='ocrx_word' id='word_1_562' title='bbox 2249 2385 2318 2439; x_wconf 89' lang='grc' dir='ltr'>Τὸ</span> <span class='ocrx_word' id='word_1_563' title='bbox 2372 2384 2428 2440; x_wconf 75' lang='grc' dir='ltr'>δὶ</span> <span class='ocrx_word' id='word_1_564' title='bbox 2476 2389 2582 2458; x_wconf 87' lang='grc' dir='ltr'>πῦρ</span> <span class='ocrx_word' id='word_1_565' title='bbox 2639 2382 2727 2439; x_wconf 71' lang='grc' dir='ltr'>διὰ</span> <span class='ocrx_word' id='word_1_566' title='bbox 2783 2386 2846 2440; x_wconf 81' lang='grc' dir='ltr'>τὸ</span> <span class='ocrx_word' id='word_1_567' title='bbox 2892 2382 2997 2439; x_wconf 71' lang='grc' dir='ltr'>ἄνω</span> <span class='ocrx_word' id='word_1_568' title='bbox 3030 2386 3280 2460; x_wconf 74' lang='grc' dir='ltr'>φέρεσθαι</span> <span class='ocrx_word' id='word_1_569' title='bbox 3329 2384 3420 2438; x_wconf 84' lang='grc' dir='ltr'>καὶ</span> <span class='ocrx_word' id='word_1_570' title='bbox 3480 2383 3555 2446; x_wconf 82' lang='grc' dir='ltr'>εἷς</span> <span class='ocrx_word' id='word_1_571' title='bbox 3596 2383 3686 2455; x_wconf 73' lang='grc' dir='ltr'>ὀξὺ</span> 
     </span>
    </p>
   </div>
   <div class='ocr_carea' id='block_1_84' title="bbox 2039 2469 3687 2549">
    <p class='ocr_par' dir='ltr' id='par_1_84' title="bbox 2039 2469 3687 2549">
     <span class='ocr_line' id='line_1_84' title="bbox 2039 2469 3687 2549; baseline -0.001 -23"><span class='ocrx_word' id='word_1_572' title='bbox 2039 2471 2338 2549; x_wconf 63' lang='grc' dir='ltr'>ἀπολήγειν</span> <span class='ocrx_word' id='word_1_573' title='bbox 2395 2473 2500 2528; x_wconf 84' lang='grc' dir='ltr'>ἀπὸ</span> <span class='ocrx_word' id='word_1_574' title='bbox 2557 2473 2820 2536; x_wconf 73' lang='grc' dir='ltr'>πλατείας</span> <span class='ocrx_word' id='word_1_575' title='bbox 2889 2472 3113 2548; x_wconf 83' lang='grc' dir='ltr'>βάσεως,</span> <span class='ocrx_word' id='word_1_576' title='bbox 3179 2469 3543 2546; x_wconf 78' lang='grc' dir='ltr'>πυραμοειδὶς</span> <span class='ocrx_word' id='word_1_577' title='bbox 3601 2471 3687 2525; x_wconf 90' lang='grc' dir='ltr'>τί-</span> 
     </span>
    </p>
   </div>
   <div class='ocr_carea' id='block_1_85' title="bbox 2038 2558 3688 2638">
    <p class='ocr_par' dir='ltr' id='par_1_85' title="bbox 2038 2558 3688 2638">
     <span class='ocr_line' id='line_1_85' title="bbox 2038 2558 3688 2638; baseline -0.001 -23"><span class='ocrx_word' id='word_1_578' title='bbox 2038 2563 2187 2632; x_wconf 87' lang='grc' dir='ltr'>θησι,</span> <span class='ocrx_word' id='word_1_579' title='bbox 2247 2562 2432 2618; x_wconf 84' lang='grc' dir='ltr'>καὶτά</span> <span class='ocrx_word' id='word_1_580' title='bbox 2477 2562 2665 2620; x_wconf 66' lang='grc' dir='ltr'>πολλὰ</span> <span class='ocrx_word' id='word_1_581' title='bbox 2712 2563 2908 2638; x_wconf 77' lang='grc' dir='ltr'>ἑτέρως</span> <span class='ocrx_word' id='word_1_582' title='bbox 2969 2562 3322 2638; x_wconf 80' lang='grc' dir='ltr'>χρηματίζει.</span> <span class='ocrx_word' id='word_1_583' title='bbox 3360 2558 3688 2636; x_wconf 78' lang='grc' dir='ltr'>Στρογγύλα</span> 
     </span>
    </p>
   </div>
   <div class='ocr_carea' id='block_1_86' title="bbox 2041 2647 3686 2727">
    <p class='ocr_par' dir='ltr' id='par_1_86' title="bbox 2041 2647 3686 2727">
     <span class='ocr_line' id='line_1_86' title="bbox 2041 2647 3686 2727; baseline -0.002 -21"><span class='ocrx_word' id='word_1_584' title='bbox 2041 2649 2098 2706; x_wconf 75' lang='grc' dir='ltr'>δὶ</span> <span class='ocrx_word' id='word_1_585' title='bbox 2157 2650 2309 2717; x_wconf 82' lang='grc' dir='ltr'>αῦθις</span> <span class='ocrx_word' id='word_1_586' title='bbox 2334 2657 2500 2708; x_wconf 87' lang='grc' dir='ltr'>ταῦτα</span> <span class='ocrx_word' id='word_1_587' title='bbox 2529 2652 2758 2724; x_wconf 81' lang='grc' dir='ltr'>τίθεται,</span> <span class='ocrx_word' id='word_1_588' title='bbox 2786 2650 2924 2707; x_wconf 84' lang='grc' dir='ltr'>διότι</span> <span class='ocrx_word' id='word_1_589' title='bbox 2957 2653 2984 2706; x_wconf 86' lang='grc' dir='ltr'>ὁ</span> <span class='ocrx_word' id='word_1_590' title='bbox 3017 2650 3242 2726; x_wconf 75' lang='grc' dir='ltr'>οὐρανὸς</span> <span class='ocrx_word' id='word_1_591' title='bbox 3272 2647 3686 2727; x_wconf 79' lang='grc' dir='ltr'>κυκλοφερόμε-</span> 
     </span>
    </p>
   </div>
   <div class='ocr_carea' id='block_1_87' title="bbox 2039 2740 3245 2819">
    <p class='ocr_par' dir='ltr' id='par_1_87' title="bbox 2039 2740 3245 2819">
     <span class='ocr_line' id='line_1_87' title="bbox 2039 2740 3245 2819; baseline 0.001 -22"><span class='ocrx_word' id='word_1_592' title='bbox 2039 2763 2130 2804; x_wconf 89' lang='grc' dir='ltr'>νος</span> <span class='ocrx_word' id='word_1_593' title='bbox 2150 2743 2517 2819; x_wconf 79' lang='grc' dir='ltr'>περιτορνεύει</span> <span class='ocrx_word' id='word_1_594' title='bbox 2548 2744 2646 2812; x_wconf 70' lang='grc' dir='ltr'>τὴν</span> <span class='ocrx_word' id='word_1_595' title='bbox 2677 2741 2886 2798; x_wconf 71' lang='grc' dir='ltr'>τούτων</span> <span class='ocrx_word' id='word_1_596' title='bbox 2911 2740 3245 2819; x_wconf 80' lang='grc' dir='ltr'>ἐπιφάνειαν.</span> 
     </span>
    </p>
   </div>
   <div class='ocr_carea' id='block_1_88' title="bbox 2555 3030 3187 3108">
    <p class='ocr_par' dir='ltr' id='par_1_88' title="bbox 2555 3030 3187 3108">
     <span class='ocr_line' id='line_1_88' title="bbox 2555 3030 3187 3108; baseline -0.002 -20"><span class='ocrx_word' id='word_1_597' title='bbox 2555 3030 2648 3104; x_wconf 82' lang='grc' dir='ltr'>ξδ’.</span> <span class='ocrx_word' id='word_1_598' title='bbox 2682 3031 2813 3108; x_wconf 81' lang='grc' dir='ltr'>Περὶ</span> <span class='ocrx_word' id='word_1_599' title='bbox 2846 3031 3187 3108; x_wconf 80' lang='grc' dir='ltr'>χρωμάτων.</span> 
     </span>
    </p>
   </div>
   <div class='ocr_carea' id='block_1_89' title="bbox 2113 3117 3694 3197">
    <p class='ocr_par' dir='ltr' id='par_1_89' title="bbox 2113 3117 3694 3197">
     <span class='ocr_line' id='line_1_89' title="bbox 2113 3117 3694 3197; baseline -0.005 -18"><span class='ocrx_word' id='word_1_600' title='bbox 2113 3122 2322 3197; x_wconf 81' lang='grc' dir='ltr'>Χρῶμά</span> <span class='ocrx_word' id='word_1_601' title='bbox 2375 3121 2517 3179; x_wconf 74' lang='grc' dir='ltr'>ἆστιν</span> <span class='ocrx_word' id='word_1_602' title='bbox 2575 3124 2744 3197; x_wconf 78' lang='grc' dir='ltr'>ὁρατὰ</span> <span class='ocrx_word' id='word_1_603' title='bbox 2811 3121 3044 3190; x_wconf 86' lang='grc' dir='ltr'>ποιότης</span> <span class='ocrx_word' id='word_1_604' title='bbox 3093 3122 3192 3185; x_wconf 82' lang='grc' dir='ltr'>τῆς</span> <span class='ocrx_word' id='word_1_605' title='bbox 3247 3122 3355 3174; x_wconf 86' lang='grc' dir='ltr'>τῶν</span> <span class='ocrx_word' id='word_1_606' title='bbox 3425 3117 3694 3191; x_wconf 82' lang='grc' dir='ltr'>σωμάτων</span> 
     </span>
    </p>
   </div>
   <div class='ocr_carea' id='block_1_90' title="bbox 2046 3205 3695 3291">
    <p class='ocr_par' dir='ltr' id='par_1_90' title="bbox 2046 3205 3695 3291">
     <span class='ocr_line' id='line_1_90' title="bbox 2046 3205 3695 3291; baseline -0.004 -24"><span class='ocrx_word' id='word_1_607' title='bbox 2046 3210 2378 3291; x_wconf 64' lang='grc' dir='ltr'>ἐπιφανείας,</span> <span class='ocrx_word' id='word_1_608' title='bbox 2455 3213 2516 3270; x_wconf 88' lang='grc' dir='ltr'>Ὁ</span> <span class='ocrx_word' id='word_1_609' title='bbox 2563 3209 2619 3266; x_wconf 68' lang='grc' dir='ltr'>δὲ</span> <span class='ocrx_word' id='word_1_610' title='bbox 2678 3231 2740 3284; x_wconf 85' lang='grc' dir='ltr'>γε</span> <span class='ocrx_word' id='word_1_611' title='bbox 2799 3209 3028 3265; x_wconf 87' lang='grc' dir='ltr'>Πλάτων</span> <span class='ocrx_word' id='word_1_612' title='bbox 3084 3207 3272 3262; x_wconf 84' lang='grc' dir='ltr'>καινὸν</span> <span class='ocrx_word' id='word_1_613' title='bbox 3327 3227 3448 3262; x_wconf 91' lang='grc' dir='ltr'>τινα</span> <span class='ocrx_word' id='word_1_614' title='bbox 3493 3205 3695 3282; x_wconf 88' lang='grc' dir='ltr'>τρόπον</span> 
     </span>
    </p>
   </div>
   <div class='ocr_carea' id='block_1_91' title="bbox 2047 3294 3697 3377">
    <p class='ocr_par' dir='ltr' id='par_1_91' title="bbox 2047 3294 3697 3377">
     <span class='ocr_line' id='line_1_91' title="bbox 2047 3294 3697 3377; baseline -0.003 -22"><span class='ocrx_word' id='word_1_615' title='bbox 2047 3299 2392 3377; x_wconf 75' lang='grc' dir='ltr'>διερμηνεύει</span> <span class='ocrx_word' id='word_1_616' title='bbox 2437 3299 2562 3375; x_wconf 86' lang='grc' dir='ltr'>περὶ</span> <span class='ocrx_word' id='word_1_617' title='bbox 2619 3301 2957 3375; x_wconf 84' lang='grc' dir='ltr'>χρωμάτων.</span> <span class='ocrx_word' id='word_1_618' title='bbox 3019 3299 3173 3372; x_wconf 71' lang='grc' dir='ltr'>Λὲγει</span> <span class='ocrx_word' id='word_1_619' title='bbox 3225 3294 3283 3351; x_wconf 76' lang='grc' dir='ltr'>δὶ</span> <span class='ocrx_word' id='word_1_620' title='bbox 3327 3295 3410 3350; x_wconf 75' lang='grc' dir='ltr'>ὅτι</span> <span class='ocrx_word' id='word_1_621' title='bbox 3459 3298 3549 3351; x_wconf 85' lang='grc' dir='ltr'>καὶ</span> <span class='ocrx_word' id='word_1_622' title='bbox 3592 3295 3697 3350; x_wconf 82' lang='grc' dir='ltr'>ἀπὸ</span> 
     </span>
    </p>
   </div>
   <div class='ocr_carea' id='block_1_92' title="bbox 2043 3385 3694 3462">
    <p class='ocr_par' dir='ltr' id='par_1_92' title="bbox 2043 3385 3694 3462">
     <span class='ocr_line' id='line_1_92' title="bbox 2043 3385 3694 3462; baseline -0.004 -18"><span class='ocrx_word' id='word_1_623' title='bbox 2043 3394 2152 3444; x_wconf 80' lang='grc' dir='ltr'>τῶν</span> <span class='ocrx_word' id='word_1_624' title='bbox 2206 3391 2578 3462; x_wconf 70' lang='grc' dir='ltr'>ὑποκειμενων</span> <span class='ocrx_word' id='word_1_625' title='bbox 2624 3388 2892 3460; x_wconf 88' lang='grc' dir='ltr'>σωμάτων</span> <span class='ocrx_word' id='word_1_626' title='bbox 2932 3388 3020 3442; x_wconf 76' lang='grc' dir='ltr'>καὶ</span> <span class='ocrx_word' id='word_1_627' title='bbox 3067 3387 3173 3441; x_wconf 84' lang='grc' dir='ltr'>ἀπὸ</span> <span class='ocrx_word' id='word_1_628' title='bbox 3222 3386 3476 3461; x_wconf 86' lang='grc' dir='ltr'>ὁρώνυων</span> <span class='ocrx_word' id='word_1_629' title='bbox 3511 3385 3694 3459; x_wconf 83' lang='grc' dir='ltr'>ὀμμά-</span> 
     </span>
    </p>
   </div>
   <div class='ocr_carea' id='block_1_93' title="bbox 2045 3474 3695 3554">
    <p class='ocr_par' dir='ltr' id='par_1_93' title="bbox 2045 3474 3695 3554">
     <span class='ocr_line' id='line_1_93' title="bbox 2045 3474 3695 3554; baseline -0.002 -23"><span class='ocrx_word' id='word_1_630' title='bbox 2045 3498 2151 3532; x_wconf 88' lang='grc' dir='ltr'>των</span> <span class='ocrx_word' id='word_1_631' title='bbox 2185 3478 2476 3554; x_wconf 74' lang='grc' dir='ltr'>ἆπόρῥοιαί</span> <span class='ocrx_word' id='word_1_632' title='bbox 2507 3499 2644 3539; x_wconf 86' lang='grc' dir='ltr'>τινες</span> <span class='ocrx_word' id='word_1_633' title='bbox 2687 3477 3016 3550; x_wconf 75' lang='grc' dir='ltr'>πὲμπονται,</span> <span class='ocrx_word' id='word_1_634' title='bbox 3068 3475 3261 3536; x_wconf 81' lang='grc' dir='ltr'>αἶ’τινες</span> <span class='ocrx_word' id='word_1_635' title='bbox 3299 3474 3350 3529; x_wconf 66' lang='grc' dir='ltr'>ἂν</span> <span class='ocrx_word' id='word_1_636' title='bbox 3383 3476 3463 3547; x_wconf 80' lang='grc' dir='ltr'>τῷ</span> <span class='ocrx_word' id='word_1_637' title='bbox 3500 3474 3695 3549; x_wconf 77' lang='grc' dir='ltr'>μεταξὺ</span> 
     </span>
    </p>
   </div>
   <div class='ocr_carea' id='block_1_94' title="bbox 2046 3561 3698 3641">
    <p class='ocr_par' dir='ltr' id='par_1_94' title="bbox 2046 3561 3698 3641">
     <span class='ocr_line' id='line_1_94' title="bbox 2046 3561 3698 3641; baseline -0.002 -20"><span class='ocrx_word' id='word_1_638' title='bbox 2046 3571 2143 3621; x_wconf 90' lang='grc' dir='ltr'>τοῦ</span> <span class='ocrx_word' id='word_1_639' title='bbox 2175 3565 2543 3640; x_wconf 83' lang='grc' dir='ltr'>διαστήματος</span> <span class='ocrx_word' id='word_1_640' title='bbox 2588 3565 2873 3641; x_wconf 85' lang='grc' dir='ltr'>γενόμεναι</span> <span class='ocrx_word' id='word_1_641' title='bbox 2922 3565 3016 3626; x_wconf 79' lang='grc' dir='ltr'>τὰς</span> <span class='ocrx_word' id='word_1_642' title='bbox 3063 3561 3203 3626; x_wconf 73' lang='grc' dir='ltr'>ίδὲας</span> <span class='ocrx_word' id='word_1_643' title='bbox 3244 3569 3351 3619; x_wconf 81' lang='grc' dir='ltr'>τῶν</span> <span class='ocrx_word' id='word_1_644' title='bbox 3385 3563 3698 3639; x_wconf 83' lang='grc' dir='ltr'>χρωμάτων</span> 
     </span>
    </p>
   </div>
   <div class='ocr_carea' id='block_1_95' title="bbox 2048 3652 3698 3732">
    <p class='ocr_par' dir='ltr' id='par_1_95' title="bbox 2048 3652 3698 3732">
     <span class='ocr_line' id='line_1_95' title="bbox 2048 3652 3698 3732; baseline -0.003 -21"><span class='ocrx_word' id='word_1_645' title='bbox 2048 3661 2323 3713; x_wconf 85' lang='grc' dir='ltr'>ποιοῦσιν.</span> <span class='ocrx_word' id='word_1_646' title='bbox 2359 3657 2436 3713; x_wconf 73' lang='grc' dir='ltr'>Οὐ</span> <span class='ocrx_word' id='word_1_647' title='bbox 2467 3661 2597 3710; x_wconf 82' lang='grc' dir='ltr'>πᾶσι</span> <span class='ocrx_word' id='word_1_648' title='bbox 2656 3652 2712 3710; x_wconf 76' lang='grc' dir='ltr'>δὲ</span> <span class='ocrx_word' id='word_1_649' title='bbox 2760 3656 2916 3732; x_wconf 84' lang='grc' dir='ltr'>φασὶν</span> <span class='ocrx_word' id='word_1_650' title='bbox 2959 3656 3170 3727; x_wconf 89' lang='grc' dir='ltr'>ὁμοίως</span> <span class='ocrx_word' id='word_1_651' title='bbox 3227 3653 3294 3709; x_wconf 80' lang='grc' dir='ltr'>τὰ</span> <span class='ocrx_word' id='word_1_652' title='bbox 3337 3653 3470 3709; x_wconf 79' lang='grc' dir='ltr'>αὐτὰ</span> <span class='ocrx_word' id='word_1_653' title='bbox 3515 3652 3698 3728; x_wconf 80' lang='grc' dir='ltr'>φαίνι-</span> 
     </span>
    </p>
   </div>
   <div class='ocr_carea' id='block_1_96' title="bbox 2049 3741 3700 3822">
    <p class='ocr_par' dir='ltr' id='par_1_96' title="bbox 2049 3741 3700 3822">
     <span class='ocr_line' id='line_1_96' title="bbox 2049 3741 3700 3822; baseline -0.003 -22"><span class='ocrx_word' id='word_1_654' title='bbox 2049 3749 2166 3802; x_wconf 80' lang='grc' dir='ltr'>σθαι</span> <span class='ocrx_word' id='word_1_655' title='bbox 2209 3747 2503 3822; x_wconf 83' lang='grc' dir='ltr'>χρώματα,</span> <span class='ocrx_word' id='word_1_656' title='bbox 2564 3743 2709 3800; x_wconf 80' lang='grc' dir='ltr'>ἀλλὰ</span> <span class='ocrx_word' id='word_1_657' title='bbox 2775 3744 2909 3819; x_wconf 88' lang='grc' dir='ltr'>πρὸς</span> <span class='ocrx_word' id='word_1_658' title='bbox 2961 3744 3058 3808; x_wconf 71' lang='grc' dir='ltr'>τὰς</span> <span class='ocrx_word' id='word_1_659' title='bbox 3129 3741 3423 3817; x_wconf 82' lang='grc' dir='ltr'>διαφόρους</span> <span class='ocrx_word' id='word_1_660' title='bbox 3480 3742 3700 3815; x_wconf 79' lang='grc' dir='ltr'>κράσεις</span> 
     </span>
    </p>
   </div>
   <div class='ocr_carea' id='block_1_97' title="bbox 2046 3832 3695 3912">
    <p class='ocr_par' dir='ltr' id='par_1_97' title="bbox 2046 3832 3695 3912">
     <span class='ocr_line' id='line_1_97' title="bbox 2046 3832 3695 3912; baseline -0.004 -22"><span class='ocrx_word' id='word_1_661' title='bbox 2046 3841 2154 3891; x_wconf 82' lang='grc' dir='ltr'>τῶν</span> <span class='ocrx_word' id='word_1_662' title='bbox 2204 3837 2452 3912; x_wconf 85' lang='grc' dir='ltr'>ὁρώντων</span> <span class='ocrx_word' id='word_1_663' title='bbox 2501 3836 2588 3890; x_wconf 87' lang='grc' dir='ltr'>καὶ</span> <span class='ocrx_word' id='word_1_664' title='bbox 2643 3833 2938 3910; x_wconf 67' lang='grc' dir='ltr'>ὁρωμένων</span> <span class='ocrx_word' id='word_1_665' title='bbox 2969 3833 3064 3896; x_wconf 80' lang='grc' dir='ltr'>τὰς</span> <span class='ocrx_word' id='word_1_666' title='bbox 3106 3834 3291 3908; x_wconf 76' lang='grc' dir='ltr'>χρόας⁴</span> <span class='ocrx_word' id='word_1_667' title='bbox 3312 3832 3695 3906; x_wconf 76' lang='grc' dir='ltr'>μεταχρώννυο</span> 
     </span>
    </p>
   </div>
   <div class='ocr_carea' id='block_1_98' title="bbox 2049 3922 3698 4001">
    <p class='ocr_par' dir='ltr' id='par_1_98' title="bbox 2049 3922 3698 4001">
     <span class='ocr_line' id='line_1_98' title="bbox 2049 3922 3698 4001; baseline -0.002 -21"><span class='ocrx_word' id='word_1_668' title='bbox 2049 3938 2220 3990; x_wconf 87' lang='grc' dir='ltr'>σθαι·</span> <span class='ocrx_word' id='word_1_669' title='bbox 2271 3931 2388 3990; x_wconf 84' lang='grc' dir='ltr'>τοῖς</span> <span class='ocrx_word' id='word_1_670' title='bbox 2429 3926 2522 3998; x_wconf 70' lang='grc' dir='ltr'>μὲν</span> <span class='ocrx_word' id='word_1_671' title='bbox 2583 3926 2688 4001; x_wconf 79' lang='grc' dir='ltr'>γὰρ</span> <span class='ocrx_word' id='word_1_672' title='bbox 2741 3924 3070 3999; x_wconf 79' lang='grc' dir='ltr'>ἰκτεριῶσιν,</span> <span class='ocrx_word' id='word_1_673' title='bbox 3130 3922 3290 3998; x_wconf 76' lang='grc' dir='ltr'>ὠχρὰ</span> <span class='ocrx_word' id='word_1_674' title='bbox 3345 3923 3412 3978; x_wconf 80' lang='grc' dir='ltr'>τὰ</span> <span class='ocrx_word' id='word_1_675' title='bbox 3443 3922 3698 3996; x_wconf 76' lang='grc' dir='ltr'>ὁρώμενα</span> 
     </span>
    </p>
   </div>
   <div class='ocr_carea' id='block_1_99' title="bbox 2049 4009 3692 4092">
    <p class='ocr_par' dir='ltr' id='par_1_99' title="bbox 2049 4009 3692 4092">
     <span class='ocr_line' id='line_1_99' title="bbox 2049 4009 3692 4092; baseline -0.002 -22"><span class='ocrx_word' id='word_1_676' title='bbox 2049 4017 2290 4092; x_wconf 81' lang='grc' dir='ltr'>φαίνεται</span> <span class='ocrx_word' id='word_1_677' title='bbox 2327 4035 2338 4046; x_wconf 94' lang='grc'><strong>·</strong></span> <span class='ocrx_word' id='word_1_678' title='bbox 2372 4022 2490 4079; x_wconf 86' lang='grc' dir='ltr'>τοῖς</span> <span class='ocrx_word' id='word_1_679' title='bbox 2543 4013 2600 4070; x_wconf 72' lang='grc' dir='ltr'>δὲ</span> <span class='ocrx_word' id='word_1_680' title='bbox 2646 4016 2745 4084; x_wconf 75' lang='grc' dir='ltr'>τὴν</span> <span class='ocrx_word' id='word_1_681' title='bbox 2777 4015 2949 4090; x_wconf 88' lang='grc' dir='ltr'>κόρην</span> <span class='ocrx_word' id='word_1_682' title='bbox 2987 4015 3181 4085; x_wconf 76' lang='grc' dir='ltr'>ξανθὴν</span> <span class='ocrx_word' id='word_1_683' title='bbox 3215 4009 3430 4090; x_wconf 75' lang='grc' dir='ltr'>ἔχουσι,</span> <span class='ocrx_word' id='word_1_684' title='bbox 3488 4011 3648 4082; x_wconf 79' lang='grc' dir='ltr'>ξανθά</span> <span class='ocrx_word' id='word_1_685' title='bbox 3679 4030 3692 4044; x_wconf 91' lang='grc'><strong>·</strong></span> 
     </span>
    </p>
   </div>
   <div class='ocr_carea' id='block_1_100' title="bbox 2044 4096 3696 4183">
    <p class='ocr_par' dir='ltr' id='par_1_100' title="bbox 2044 4096 3696 4183">
     <span class='ocr_line' id='line_1_100' title="bbox 2044 4096 3696 4183; baseline -0.002 -23"><span class='ocrx_word' id='word_1_686' title='bbox 2044 4112 2162 4167; x_wconf 81' lang='grc' dir='ltr'>τοῖς</span> <span class='ocrx_word' id='word_1_687' title='bbox 2194 4107 2415 4183; x_wconf 67' lang='grc' dir='ltr'>φλέγμα</span> <span class='ocrx_word' id='word_1_688' title='bbox 2439 4107 2560 4180; x_wconf 84' lang='grc' dir='ltr'>περὶ</span> <span class='ocrx_word' id='word_1_689' title='bbox 2619 4105 2746 4168; x_wconf 67' lang='grc' dir='ltr'>τοὺς</span> <span class='ocrx_word' id='word_1_690' title='bbox 2790 4104 2988 4178; x_wconf 69' lang='grc' dir='ltr'>ὑμένας</span> <span class='ocrx_word' id='word_1_691' title='bbox 3030 4109 3137 4159; x_wconf 83' lang='grc' dir='ltr'>τῶν</span> <span class='ocrx_word' id='word_1_692' title='bbox 3185 4103 3488 4178; x_wconf 79' lang='grc' dir='ltr'>ὀφθαλμῶν</span> <span class='ocrx_word' id='word_1_693' title='bbox 3516 4096 3696 4177; x_wconf 68' lang='grc' dir='ltr'>ζέχου-</span> 
     </span>
    </p>
   </div>
   <div class='ocr_carea' id='block_1_101' title="bbox 2044 4188 3693 4268">
    <p class='ocr_par' dir='ltr' id='par_1_101' title="bbox 2044 4188 3693 4268">
     <span class='ocr_line' id='line_1_101' title="bbox 2044 4188 3693 4268; baseline -0.002 -20"><span class='ocrx_word' id='word_1_694' title='bbox 2044 4215 2147 4262; x_wconf 89' lang='grc' dir='ltr'>σιν,</span> <span class='ocrx_word' id='word_1_695' title='bbox 2186 4193 2464 4249; x_wconf 79' lang='grc' dir='ltr'>ὑπόλευκα</span> <span class='ocrx_word' id='word_1_696' title='bbox 2497 4217 2507 4229; x_wconf 81' lang='grc'><em>’</em></span> <span class='ocrx_word' id='word_1_697' title='bbox 2541 4196 2628 4249; x_wconf 88' lang='grc' dir='ltr'>καὶ</span> <span class='ocrx_word' id='word_1_698' title='bbox 2661 4191 2854 4256; x_wconf 76' lang='grc' dir='ltr'>ἀλλοις</span> <span class='ocrx_word' id='word_1_699' title='bbox 2900 4191 3109 4261; x_wconf 79' lang='grc' dir='ltr'>ἄλλως,</span> <span class='ocrx_word' id='word_1_700' title='bbox 3136 4193 3272 4246; x_wconf 86' lang='grc' dir='ltr'>κατὰ</span> <span class='ocrx_word' id='word_1_701' title='bbox 3308 4192 3406 4260; x_wconf 70' lang='grc' dir='ltr'>τὴν</span> <span class='ocrx_word' id='word_1_702' title='bbox 3433 4188 3693 4268; x_wconf 72' lang='grc' dir='ltr'>διαφοράν</span> 
     </span>
    </p>
   </div>
   <div class='ocr_carea' id='block_1_102' title="bbox 2041 4284 2439 4361">
    <p class='ocr_par' dir='ltr' id='par_1_102' title="bbox 2041 4284 2439 4361">
     <span class='ocr_line' id='line_1_102' title="bbox 2041 4284 2439 4361; baseline 0.008 -23"><span class='ocrx_word' id='word_1_703' title='bbox 2041 4289 2152 4338; x_wconf 80' lang='grc' dir='ltr'>τῶν</span> <span class='ocrx_word' id='word_1_704' title='bbox 2175 4284 2439 4361; x_wconf 76' lang='grc' dir='ltr'>κράσεων.</span> 
     </span>
    </p>
   </div>
   <div class='ocr_carea' id='block_1_103' title="bbox 2429 4389 3320 4468">
    <p class='ocr_par' dir='ltr' id='par_1_103' title="bbox 2429 4389 3320 4468">
     <span class='ocr_line' id='line_1_103' title="bbox 2429 4389 3320 4468; baseline -0.006 -20"><span class='ocrx_word' id='word_1_705' title='bbox 2429 4394 2514 4464; x_wconf 67' lang='grc' dir='ltr'>ξέ.</span> <span class='ocrx_word' id='word_1_706' title='bbox 2549 4395 2680 4468; x_wconf 82' lang='grc' dir='ltr'>Περὶ</span> <span class='ocrx_word' id='word_1_707' title='bbox 2717 4392 2911 4465; x_wconf 80' lang='grc' dir='ltr'>μίξεως</span> <span class='ocrx_word' id='word_1_708' title='bbox 2936 4391 3026 4446; x_wconf 81' lang='grc' dir='ltr'>καὶ</span> <span class='ocrx_word' id='word_1_709' title='bbox 3057 4389 3320 4465; x_wconf 85' lang='grc' dir='ltr'>κράσεως·</span> 
     </span>
    </p>
   </div>
   <div class='ocr_carea' id='block_1_104' title="bbox 2113 4474 3691 4556">
    <p class='ocr_par' dir='ltr' id='par_1_104' title="bbox 2113 4474 3691 4556">
     <span class='ocr_line' id='line_1_104' title="bbox 2113 4474 3691 4556; baseline -0.008 -17"><span class='ocrx_word' id='word_1_710' title='bbox 2113 4484 2171 4539; x_wconf 83' lang='grc' dir='ltr'><strong>Ἡ</strong></span> <span class='ocrx_word' id='word_1_711' title='bbox 2211 4484 2305 4556; x_wconf 67' lang='grc' dir='ltr'>μὲν</span> <span class='ocrx_word' id='word_1_712' title='bbox 2343 4484 2483 4556; x_wconf 82' lang='grc' dir='ltr'>μίξις</span> <span class='ocrx_word' id='word_1_713' title='bbox 2534 4482 2718 4544; x_wconf 81' lang='grc' dir='ltr'>ἕνωσίς</span> <span class='ocrx_word' id='word_1_714' title='bbox 2767 4481 2877 4537; x_wconf 77' lang='grc' dir='ltr'>ἐστι</span> <span class='ocrx_word' id='word_1_715' title='bbox 2917 4482 3184 4554; x_wconf 88' lang='grc' dir='ltr'>σωμάτων</span> <span class='ocrx_word' id='word_1_716' title='bbox 3211 4477 3347 4533; x_wconf 89' lang='grc' dir='ltr'>κατὰ</span> <span class='ocrx_word' id='word_1_717' title='bbox 3376 4474 3691 4550; x_wconf 85' lang='grc' dir='ltr'>παράθεσιν,</span> 
     </span>
    </p>
   </div>
   <div class='ocr_carea' id='block_1_105' title="bbox 2042 4560 3690 4644">
    <p class='ocr_par' dir='ltr' id='par_1_105' title="bbox 2042 4560 3690 4644">
     <span class='ocr_line' id='line_1_105' title="bbox 2042 4560 3690 4644; baseline -0.006 -20"><span class='ocrx_word' id='word_1_718' title='bbox 2042 4571 2116 4632; x_wconf 82' lang='grc' dir='ltr'>ὡς</span> <span class='ocrx_word' id='word_1_719' title='bbox 2167 4572 2251 4626; x_wconf 77' lang='grc' dir='ltr'>ἐπὶ</span> <span class='ocrx_word' id='word_1_720' title='bbox 2283 4571 2468 4628; x_wconf 76' lang='grc' dir='ltr'>ἐλαίου</span> <span class='ocrx_word' id='word_1_721' title='bbox 2500 4572 2591 4628; x_wconf 88' lang='grc' dir='ltr'>καὶ</span> <span class='ocrx_word' id='word_1_722' title='bbox 2624 4569 2836 4635; x_wconf 76' lang='grc' dir='ltr'>ὕδατος.</span> <span class='ocrx_word' id='word_1_723' title='bbox 2871 4569 2942 4623; x_wconf 82' lang='grc' dir='ltr'>Οὐ</span> <span class='ocrx_word' id='word_1_724' title='bbox 2973 4570 3073 4644; x_wconf 77' lang='grc' dir='ltr'>γὰρ</span> <span class='ocrx_word' id='word_1_725' title='bbox 3106 4565 3175 4620; x_wconf 88' lang='grc' dir='ltr'>δι’</span> <span class='ocrx_word' id='word_1_726' title='bbox 3206 4565 3340 4621; x_wconf 77' lang='grc' dir='ltr'>ὅλου</span> <span class='ocrx_word' id='word_1_727' title='bbox 3371 4561 3537 4618; x_wconf 86' lang='grc' dir='ltr'>ταῦτά</span> <span class='ocrx_word' id='word_1_728' title='bbox 3573 4560 3690 4634; x_wconf 82' lang='grc' dir='ltr'>κίρ-</span> 
     </span>
    </p>
   </div>
   <div class='ocr_carea' id='block_1_106' title="bbox 2039 4651 3692 4735">
    <p class='ocr_par' dir='ltr' id='par_1_106' title="bbox 2039 4651 3692 4735">
     <span class='ocr_line' id='line_1_106' title="bbox 2039 4651 3692 4735; baseline -0.007 -20"><span class='ocrx_word' id='word_1_729' title='bbox 2039 4682 2192 4717; x_wconf 88' lang='grc' dir='ltr'>ναται</span> <span class='ocrx_word' id='word_1_730' title='bbox 2225 4661 2372 4718; x_wconf 82' lang='grc' dir='ltr'>ἀλλὰ</span> <span class='ocrx_word' id='word_1_731' title='bbox 2418 4664 2555 4718; x_wconf 85' lang='grc' dir='ltr'>κατά</span> <span class='ocrx_word' id='word_1_732' title='bbox 2600 4665 2695 4724; x_wconf 84' lang='grc' dir='ltr'>τὰς</span> <span class='ocrx_word' id='word_1_733' title='bbox 2749 4663 2916 4733; x_wconf 82' lang='grc' dir='ltr'>ἄκρας</span> <span class='ocrx_word' id='word_1_734' title='bbox 2966 4655 3276 4735; x_wconf 73' lang='grc' dir='ltr'>ἐπιφανείας</span> <span class='ocrx_word' id='word_1_735' title='bbox 3327 4653 3504 4710; x_wconf 76' lang='grc' dir='ltr'>αὐτῶν</span> <span class='ocrx_word' id='word_1_736' title='bbox 3545 4651 3692 4708; x_wconf 78' lang='grc' dir='ltr'>ἐνοῦ-</span> 
     </span>
    </p>
   </div>
   <div class='ocr_carea' id='block_1_107' title="bbox 2045 4742 3690 4828">
    <p class='ocr_par' dir='ltr' id='par_1_107' title="bbox 2045 4742 3690 4828">
     <span class='ocr_line' id='line_1_107' title="bbox 2045 4742 3690 4828; baseline -0.007 -22"><span class='ocrx_word' id='word_1_737' title='bbox 2045 4773 2157 4809; x_wconf 83' lang='grc' dir='ltr'>ται.</span> <span class='ocrx_word' id='word_1_738' title='bbox 2210 4753 2270 4806; x_wconf 77' lang='grc' dir='ltr'>’Π</span> <span class='ocrx_word' id='word_1_739' title='bbox 2302 4752 2402 4828; x_wconf 77' lang='grc' dir='ltr'>γὰρ</span> <span class='ocrx_word' id='word_1_740' title='bbox 2457 4753 2604 4806; x_wconf 77' lang='grc' dir='ltr'>κάτω</span> <span class='ocrx_word' id='word_1_741' title='bbox 2652 4748 2932 4827; x_wconf 80' lang='grc' dir='ltr'>ἐπιφάνεια</span> <span class='ocrx_word' id='word_1_742' title='bbox 2978 4749 3074 4801; x_wconf 90' lang='grc' dir='ltr'>τοῦ</span> <span class='ocrx_word' id='word_1_743' title='bbox 3124 4742 3310 4799; x_wconf 81' lang='grc' dir='ltr'>ἐλαίου</span> <span class='ocrx_word' id='word_1_744' title='bbox 3345 4743 3591 4820; x_wconf 81' lang='grc' dir='ltr'>μίγνυται</span> <span class='ocrx_word' id='word_1_745' title='bbox 3622 4744 3690 4814; x_wconf 80' lang='grc' dir='ltr'>τῇ</span> 
     </span>
    </p>
   </div>
   <div class='ocr_carea' id='block_1_108' title="bbox 2046 4830 3692 4920">
    <p class='ocr_par' dir='ltr' id='par_1_108' title="bbox 2046 4830 3692 4920">
     <span class='ocr_line' id='line_1_108' title="bbox 2046 4830 3692 4920; baseline -0.005 -26"><span class='ocrx_word' id='word_1_746' title='bbox 2046 4839 2156 4895; x_wconf 78' lang='grc' dir='ltr'>ἄνω</span> <span class='ocrx_word' id='word_1_747' title='bbox 2189 4841 2469 4920; x_wconf 69' lang='grc' dir='ltr'>ἐπιφανείᾳ</span> <span class='ocrx_word' id='word_1_748' title='bbox 2523 4845 2619 4894; x_wconf 82' lang='grc' dir='ltr'>τοῦ</span> <span class='ocrx_word' id='word_1_749' title='bbox 2673 4837 2885 4900; x_wconf 68' lang='grc' dir='ltr'>ὕδατος.</span> <span class='ocrx_word' id='word_1_750' title='bbox 2947 4841 3144 4909; x_wconf 77' lang='grc' dir='ltr'>Κρᾶσις</span> <span class='ocrx_word' id='word_1_751' title='bbox 3189 4831 3246 4889; x_wconf 75' lang='grc' dir='ltr'>δὲ</span> <span class='ocrx_word' id='word_1_752' title='bbox 3293 4831 3433 4889; x_wconf 71' lang='grc' dir='ltr'>ἐστὶν</span> <span class='ocrx_word' id='word_1_753' title='bbox 3469 4831 3591 4888; x_wconf 76' lang='grc' dir='ltr'>ὅταν</span> <span class='ocrx_word' id='word_1_754' title='bbox 3623 4830 3692 4886; x_wconf 82' lang='grc' dir='ltr'>τὰ</span> 
     </span>
    </p>
   </div>
   <div class='ocr_carea' id='block_1_109' title="bbox 2045 4917 3687 5004">
    <p class='ocr_par' dir='ltr' id='par_1_109' title="bbox 2045 4917 3687 5004">
     <span class='ocr_line' id='line_1_109' title="bbox 2045 4917 3687 5004; baseline -0.005 -20"><span class='ocrx_word' id='word_1_755' title='bbox 2045 4917 2309 5004; x_wconf 64' lang='grc' dir='ltr'>ἔνο-ὖμενα</span> <span class='ocrx_word' id='word_1_756' title='bbox 2351 4932 2578 5004; x_wconf 81' lang='grc' dir='ltr'>σώματα</span> <span class='ocrx_word' id='word_1_757' title='bbox 2629 4927 2698 4983; x_wconf 84' lang='grc' dir='ltr'>δι’</span> <span class='ocrx_word' id='word_1_758' title='bbox 2751 4925 3017 4998; x_wconf 77' lang='grc' dir='ltr'>ἀλλήλων</span> <span class='ocrx_word' id='word_1_759' title='bbox 3048 4925 3344 5000; x_wconf 81' lang='grc' dir='ltr'>ἀνακραθῇ,</span> <span class='ocrx_word' id='word_1_760' title='bbox 3379 4924 3454 4986; x_wconf 86' lang='grc' dir='ltr'>ὡς</span> <span class='ocrx_word' id='word_1_761' title='bbox 3487 4921 3575 4979; x_wconf 70' lang='grc' dir='ltr'>ἐπὶ</span> <span class='ocrx_word' id='word_1_762' title='bbox 3608 4917 3687 4976; x_wconf 62' lang='grc' dir='ltr'>οἵ·</span> 
     </span>
    </p>
   </div>
   <div class='ocr_carea' id='block_1_110' title="bbox 2042 5009 3690 5091">
    <p class='ocr_par' dir='ltr' id='par_1_110' title="bbox 2042 5009 3690 5091">
     <span class='ocr_line' id='line_1_110' title="bbox 2042 5009 3690 5091; baseline -0.004 -19"><span class='ocrx_word' id='word_1_763' title='bbox 2042 5040 2134 5073; x_wconf 88' lang='grc' dir='ltr'>νου</span> <span class='ocrx_word' id='word_1_764' title='bbox 2165 5022 2249 5074; x_wconf 69' lang='grc' dir='ltr'>καὶ</span> <span class='ocrx_word' id='word_1_765' title='bbox 2303 5018 2517 5081; x_wconf 76' lang='grc' dir='ltr'>ὕδατος.</span> <span class='ocrx_word' id='word_1_766' title='bbox 2563 5019 2659 5072; x_wconf 84' lang='grc' dir='ltr'>Καὶ</span> <span class='ocrx_word' id='word_1_767' title='bbox 2709 5019 2775 5074; x_wconf 69' lang='grc' dir='ltr'>τὰ</span> <span class='ocrx_word' id='word_1_768' title='bbox 2822 5017 2916 5089; x_wconf 74' lang='grc' dir='ltr'>μὶν</span> <span class='ocrx_word' id='word_1_769' title='bbox 2987 5013 3290 5091; x_wconf 79' lang='grc' dir='ltr'>μιγνύμενα</span> <span class='ocrx_word' id='word_1_770' title='bbox 3349 5014 3576 5086; x_wconf 86' lang='grc' dir='ltr'>σώματα</span> <span class='ocrx_word' id='word_1_771' title='bbox 3631 5009 3690 5066; x_wconf 81' lang='grc' dir='ltr'>ἐκ</span> 
     </span>
    </p>
   </div>
   <div class='ocr_carea' id='block_1_111' title="bbox 2044 5101 3687 5185">
    <p class='ocr_par' dir='ltr' id='par_1_111' title="bbox 2044 5101 3687 5185">
     <span class='ocr_line' id='line_1_111' title="bbox 2044 5101 3687 5185; baseline -0.005 -21"><span class='ocrx_word' id='word_1_772' title='bbox 2044 5110 2242 5185; x_wconf 72' lang='grc' dir='ltr'>μέρους</span> <span class='ocrx_word' id='word_1_773' title='bbox 2274 5109 2366 5182; x_wconf 74' lang='grc' dir='ltr'>μὲν</span> <span class='ocrx_word' id='word_1_774' title='bbox 2403 5109 2635 5176; x_wconf 72' lang='grc' dir='ltr'>ἑνοῦται,</span> <span class='ocrx_word' id='word_1_775' title='bbox 2672 5106 2952 5181; x_wconf 65' lang='grc' dir='ltr'>άσῦγχυτα</span> <span class='ocrx_word' id='word_1_776' title='bbox 2985 5102 3042 5160; x_wconf 70' lang='grc' dir='ltr'>δὲ</span> <span class='ocrx_word' id='word_1_777' title='bbox 3080 5105 3222 5178; x_wconf 75' lang='grc' dir='ltr'>μένει</span> <span class='ocrx_word' id='word_1_778' title='bbox 3256 5124 3268 5137; x_wconf 92' lang='grc'>·</span> <span class='ocrx_word' id='word_1_779' title='bbox 3310 5104 3377 5159; x_wconf 72' lang='grc' dir='ltr'>τὰ</span> <span class='ocrx_word' id='word_1_780' title='bbox 3407 5101 3464 5157; x_wconf 77' lang='grc' dir='ltr'>δὶ</span> <span class='ocrx_word' id='word_1_781' title='bbox 3492 5123 3687 5177; x_wconf 74' lang='grc' dir='ltr'>κερανο</span> 
     </span>
    </p>
   </div>
   <div class='ocr_carea' id='block_1_112' title="bbox 2038 5189 3687 5272">
    <p class='ocr_par' dir='ltr' id='par_1_112' title="bbox 2038 5189 3687 5272">
     <span class='ocr_line' id='line_1_112' title="bbox 2038 5189 3687 5272; baseline -0.004 -19"><span class='ocrx_word' id='word_1_782' title='bbox 2038 5198 2239 5272; x_wconf 71' lang='grc' dir='ltr'>νύμενα</span> <span class='ocrx_word' id='word_1_783' title='bbox 2298 5196 2369 5252; x_wconf 79' lang='grc' dir='ltr'>δι’</span> <span class='ocrx_word' id='word_1_784' title='bbox 2425 5196 2690 5268; x_wconf 69' lang='grc' dir='ltr'>ἀλλήλων</span> <span class='ocrx_word' id='word_1_785' title='bbox 2755 5198 2846 5271; x_wconf 77' lang='grc' dir='ltr'>μὶν</span> <span class='ocrx_word' id='word_1_786' title='bbox 2908 5193 3086 5266; x_wconf 73' lang='grc' dir='ltr'>διήκει</span> <span class='ocrx_word' id='word_1_787' title='bbox 3132 5194 3222 5249; x_wconf 86' lang='grc' dir='ltr'>καὶ</span> <span class='ocrx_word' id='word_1_788' title='bbox 3252 5195 3454 5269; x_wconf 70' lang='grc' dir='ltr'>τέμνει,</span> <span class='ocrx_word' id='word_1_789' title='bbox 3487 5189 3687 5248; x_wconf 74' lang='grc' dir='ltr'>καὶτέ-</span> 
     </span>
    </p>
   </div>
   <div class='ocr_carea' id='block_1_113' title="bbox 2043 5282 3682 5363">
    <p class='ocr_par' dir='ltr' id='par_1_113' title="bbox 2043 5282 3682 5363">
     <span class='ocr_line' id='line_1_113' title="bbox 2043 5282 3682 5363; baseline -0.004 -20"><span class='ocrx_word' id='word_1_790' title='bbox 2043 5309 2229 5361; x_wconf 88' lang='grc' dir='ltr'>μνεται</span> <span class='ocrx_word' id='word_1_791' title='bbox 2290 5288 2378 5342; x_wconf 76' lang='grc' dir='ltr'>καὶ</span> <span class='ocrx_word' id='word_1_792' title='bbox 2437 5287 2779 5363; x_wconf 61' lang='grc' dir='ltr'>συγκέχυται.</span> <span class='ocrx_word' id='word_1_793' title='bbox 2814 5287 2874 5343; x_wconf 85' lang='grc' dir='ltr'><em>Ἢ</em></span> <span class='ocrx_word' id='word_1_794' title='bbox 2939 5283 2996 5340; x_wconf 71' lang='grc' dir='ltr'>δὲ</span> <span class='ocrx_word' id='word_1_795' title='bbox 3039 5289 3135 5340; x_wconf 87' lang='grc' dir='ltr'>τοῦ</span> <span class='ocrx_word' id='word_1_796' title='bbox 3190 5288 3323 5340; x_wconf 84' lang='grc' dir='ltr'>Θεοῦ</span> <span class='ocrx_word' id='word_1_797' title='bbox 3365 5282 3503 5357; x_wconf 84' lang='grc' dir='ltr'>πρὸς</span> <span class='ocrx_word' id='word_1_798' title='bbox 3535 5284 3682 5356; x_wconf 75' lang='grc' dir='ltr'>ἡμᾶς</span> 
     </span>
    </p>
   </div>
   <div class='ocr_carea' id='block_1_114' title="bbox 2036 5372 3680 5450">
    <p class='ocr_par' dir='ltr' id='par_1_114' title="bbox 2036 5372 3680 5450">
     <span class='ocr_line' id='line_1_114' title="bbox 2036 5372 3680 5450; baseline -0.005 -18"><span class='ocrx_word' id='word_1_799' title='bbox 2036 5375 2229 5439; x_wconf 76' lang='grc' dir='ltr'>ἕνωσις</span> <span class='ocrx_word' id='word_1_800' title='bbox 2253 5377 2342 5432; x_wconf 74' lang='grc' dir='ltr'>καὶ</span> <span class='ocrx_word' id='word_1_801' title='bbox 2380 5378 2523 5450; x_wconf 79' lang='grc' dir='ltr'>μίξις</span> <span class='ocrx_word' id='word_1_802' title='bbox 2575 5372 2686 5431; x_wconf 79' lang='grc' dir='ltr'>ἔστι</span> <span class='ocrx_word' id='word_1_803' title='bbox 2738 5374 2825 5431; x_wconf 82' lang='grc' dir='ltr'>διὰ</span> <span class='ocrx_word' id='word_1_804' title='bbox 2880 5377 2942 5430; x_wconf 87' lang='grc' dir='ltr'>τὸ</span> <span class='ocrx_word' id='word_1_805' title='bbox 2993 5374 3324 5450; x_wconf 76' lang='grc' dir='ltr'>ἀσύγχυτον,</span> <span class='ocrx_word' id='word_1_806' title='bbox 3373 5372 3461 5427; x_wconf 84' lang='grc' dir='ltr'>καὶ</span> <span class='ocrx_word' id='word_1_807' title='bbox 3493 5377 3680 5446; x_wconf 80' lang='grc' dir='ltr'>κρᾶσις</span> 
     </span>
    </p>
   </div>
   <div class='ocr_carea' id='block_1_115' title="bbox 2036 5458 3681 5540">
    <p class='ocr_par' dir='ltr' id='par_1_115' title="bbox 2036 5458 3681 5540">
     <span class='ocr_line' id='line_1_115' title="bbox 2036 5458 3681 5540; baseline -0.001 -19"><span class='ocrx_word' id='word_1_808' title='bbox 2036 5465 2124 5521; x_wconf 80' lang='grc' dir='ltr'>διὰ</span> <span class='ocrx_word' id='word_1_809' title='bbox 2152 5465 2243 5520; x_wconf 74' lang='grc' dir='ltr'>τὰν</span> <span class='ocrx_word' id='word_1_810' title='bbox 2278 5467 2477 5540; x_wconf 61' lang='grc' dir='ltr'>τρόπον</span> <span class='ocrx_word' id='word_1_811' title='bbox 2510 5475 2608 5536; x_wconf 73' lang='grc' dir='ltr'>τῆς</span> <span class='ocrx_word' id='word_1_812' title='bbox 2660 5463 3002 5528; x_wconf 82' lang='grc' dir='ltr'>ἀντιδόσεως.</span> <span class='ocrx_word' id='word_1_813' title='bbox 3033 5467 3216 5522; x_wconf 86' lang='grc' dir='ltr'>Ἔστιν</span> <span class='ocrx_word' id='word_1_814' title='bbox 3248 5461 3339 5517; x_wconf 81' lang='grc' dir='ltr'>οῦν</span> <span class='ocrx_word' id='word_1_815' title='bbox 3368 5463 3516 5532; x_wconf 80' lang='grc' dir='ltr'>αὗτῷ</span> <span class='ocrx_word' id='word_1_816' title='bbox 3546 5458 3681 5532; x_wconf 83' lang='grc' dir='ltr'>πρὸς</span> 
     </span>
    </p>
   </div>
   <div class='ocr_carea' id='block_1_116' title="bbox 2030 5547 3673 5632">
    <p class='ocr_par' dir='ltr' id='par_1_116' title="bbox 2030 5547 3673 5632">
     <span class='ocr_line' id='line_1_116' title="bbox 2030 5547 3673 5632; baseline -0.005 -22"><span class='ocrx_word' id='word_1_817' title='bbox 2030 5557 2090 5611; x_wconf 91' lang='grc' dir='ltr'>τὸ</span> <span class='ocrx_word' id='word_1_818' title='bbox 2122 5555 2488 5632; x_wconf 73' lang='grc' dir='ltr'>πρόσλημμα,</span> <span class='ocrx_word' id='word_1_819' title='bbox 2521 5557 2609 5612; x_wconf 82' lang='grc' dir='ltr'>καὶ</span> <span class='ocrx_word' id='word_1_820' title='bbox 2642 5559 2676 5626; x_wconf 70' lang='grc' dir='ltr'>ἡ</span> <span class='ocrx_word' id='word_1_821' title='bbox 2713 5555 2854 5630; x_wconf 78' lang='grc' dir='ltr'>μίξις</span> <span class='ocrx_word' id='word_1_822' title='bbox 2884 5555 3064 5624; x_wconf 80' lang='grc' dir='ltr'>καινὴ,</span> <span class='ocrx_word' id='word_1_823' title='bbox 3098 5553 3188 5610; x_wconf 90' lang='grc' dir='ltr'>καὶ</span> <span class='ocrx_word' id='word_1_824' title='bbox 3216 5555 3251 5624; x_wconf 77' lang='grc' dir='ltr'><strong>ἡ</strong></span> <span class='ocrx_word' id='word_1_825' title='bbox 3283 5556 3471 5628; x_wconf 76' lang='grc' dir='ltr'>κρᾶσις</span> <span class='ocrx_word' id='word_1_826' title='bbox 3501 5547 3673 5623; x_wconf 79' lang='grc' dir='ltr'>παρά-</span> 
     </span>
    </p>
   </div>
   <div class='ocr_carea' id='block_1_117' title="bbox 2029 5643 2202 5720">
    <p class='ocr_par' dir='ltr' id='par_1_117' title="bbox 2029 5643 2202 5720">
     <span class='ocr_line' id='line_1_117' title="bbox 2029 5643 2202 5720; baseline 0.012 -20"><span class='ocrx_word' id='word_1_827' title='bbox 2029 5643 2202 5720; x_wconf 75' lang='grc' dir='ltr'>δοξος,</span> 
     </span>
    </p>
   </div>
  </div>
