4110 6420
305 393 415 455 731

1636 383 2068 449 MICHAELIS
2115 384 2387 447 PSELLI

3606 387 3725 448 733

300 519 720 580 irrationabilis
750 519 958 576 animae
991 523 1204 577 nostra
1236 519 1492 578 sensatio
1523 523 1597 593 et.
1619 515 1953 594 phantasia,

2094 513 2354 572 ὀιοότιυν.
2385 513 2622 589 Τετάρτη
2643 520 2840 593 γνῶσις
2873 513 2963 571 καὶ
2994 511 3295 587 τελευταία,
3319 516 3355 586 ἡ
3385 521 3486 586 τῆς
3517 515 3722 592 ἀλόγου

301 631 394 670 res
416 610 802 686 particulares
834 611 1312 684 apprehendens.

299 832 390 886 70.
427 827 699 898 Quomodo
728 843 943 898 semper
973 836 1231 898 aperante
1254 829 1380 894 Deo,
1429 843 1539 884 non
1587 841 1800 898 semper
1843 825 1960 894 cius

809 900 1105 956 reddimur
1127 902 1449 971 participes.

376 989 654 1059 Quamvis
689 991 838 1046 Deus
871 1005 1102 1059 semper
1123 987 1584 1060 operatur,illius
1617 991 1812 1042 tamen
1845 1003 1962 1042 non

307 1097 540 1153 semper
569 1079 852 1152 paticipes
882 1079 1186 1134 reddimur
1217 1083 1453 1149 propter
1473 1081 1734 1133 nostram
1761 1077 1964 1148 inepti-

306 1173 574 1229 tudinem
609 1169 678 1225 ad
712 1186 846 1224 eum
881 1168 1304 1239 recipiendum.
1328 1167 1487 1223 sicut
1518 1166 1674 1222 enim
1709 1165 1830 1222 sole
1864 1183 1966 1238 per

309 1260 614 1317 meridiem
649 1259 777 1314 luce
808 1258 1006 1312 omnia
1037 1255 1316 1327 implente
1347 1274 1462 1313 non
1494 1273 1698 1312 omnes
1727 1257 1785 1311 in
1833 1271 1964 1312 eum

307 1349 526 1406 intueri
559 1351 828 1418 possunt,
861 1347 960 1402 sed
996 1347 1097 1417 qui
1128 1347 1301 1401 ﬁrma
1331 1345 1635 1402 oculorum
1667 1347 1788 1402 acie
1819 1362 1965 1418 gau-

310 1441 473 1504 dent,
506 1437 588 1492 ita
618 1453 721 1492 nec
753 1436 852 1491 Dei
887 1435 1198 1508 participes
1224 1436 1350 1492 ﬁeri
1380 1452 1581 1493 omnes
1612 1441 1855 1508 queunt,
1897 1435 1968 1490 li-

312 1532 403 1586 cet
422 1525 521 1582 ille
543 1526 751 1598 quovis
775 1524 897 1580 sole
921 1523 1382 1595 splendidiorem
1406 1525 1598 1581 lucem
1626 1525 1967 1598 intelligibi-

313 1619 429 1676 lem
461 1615 769 1685 exerit,sed
804 1619 1035 1670 tantum
1069 1614 1152 1669 illi
1186 1617 1287 1687 qui
1319 1615 1776 1672 intellectualem
1809 1634 1969 1674 men-

312 1711 391 1766 tis
423 1705 661 1762 oculum
695 1708 1013 1776 purgatum
1048 1705 1104 1760 in
1139 1705 1337 1762 anima
1367 1723 1476 1762 sua
1507 1712 1740 1778 gerunt.
1771 1709 1878 1764 Sed
1913 1713 1972 1764 et

315 1799 452 1872 ipsa
483 1812 629 1867 pura
660 1809 827 1849 mens
859 1795 1071 1865 saepius
1100 1795 1158 1849 in
1194 1796 1564 1868 percipiendo
1592 1796 1786 1853 divino
1817 1798 1972 1854 labo-

2067 607 2278 680 ψυχῆς,
2314 604 2561 674 αἴσθησις
2589 609 2681 661 καὶ
2709 609 2744 677 ἡ
2774 605 3058 682 φαντασία,
3095 609 3334 681 μερικῶν
3389 607 3728 682 πραγμάτων

2069 690 2626 768 ἀντιλαμϐανόμεναι.

2069 822 2134 896 ρ’.
2169 825 2292 884 ΙΙῶς
2325 822 2427 876 οὐκ
2457 821 2537 877 ἀεὶ
2568 823 2870 911 μετὲχομεγ
2896 825 2994 876 τοῦ
3050 826 3204 891 Θεοῦ,
3254 820 3334 876 ἀεὶ
3380 821 3732 898 ἀνεργοῦντος

2808 914 2993 950 αυτου.

2144 982 2215 1038 Οὐ
2261 982 2562 1058 μετέχομεν
2592 985 2671 1040 ἀεὶ
2721 987 2818 1039 τοῦ
2869 988 3026 1051 Θεοῦ,
3078 984 3244 1039 εἶκαὶ
3277 984 3357 1038 ἀεὶ
3390 982 3596 1056 ἐνεργεῖ
3647 983 3732 1038 οὗ·

2072 1095 2164 1136 τος
2229 1069 2318 1127 διά
2391 1075 2488 1142 τήν
2559 1072 2828 1148 ἡμετὲραν
2899 1071 3390 1144 ἀνεπιτηδειότητα
3443 1073 3580 1147 πρὸς
3632 1074 3732 1141 τήν

2079 1166 2327 1240 μέθεξιν.
2408 1168 2609 1241 Ὠσπερ
2687 1168 2786 1242 γὰρ
2863 1175 2960 1226 τοῦ
3013 1167 3181 1238 ἡλίου
3232 1167 3294 1220 τὸ
3355 1160 3729 1240 μεσημϐρινὸν

2077 1258 2286 1312 ἀπάντα
2332 1253 2872 1332 καταλαμϐάνοντος,
2928 1259 2990 1315 οὗ
3045 1257 3240 1318 πάιτες
3299 1256 3377 1317 εἷς
3433 1253 3593 1310 αὐτὸν
3644 1253 3731 1310 ἐν·

2078 1347 2330 1417 ατενῖζειν
2393 1345 2665 1416 δύνανται,
2701 1347 2827 1406 ἀλλ’
2859 1353 2910 1405 οἳ
2943 1347 3250 1426 ἐρῥωμὲνον
3299 1347 3390 1400 τὸν
3444 1343 3731 1422 ὀφθαλμὸν

2078 1435 2316 1514 ἔχοντες·
2353 1437 2524 1500 οὕτως
2555 1437 2680 1493 οὐδὲ
2708 1444 2805 1494 τοῦ
2835 1444 2968 1494 Θεοῦ
2999 1439 3193 1499 πάντες
3247 1436 3495 1510 μετέχειν
3539 1432 3733 1488 δύναν-

2076 1548 2185 1595 ται,
2236 1525 2330 1582 κᾶν
2391 1525 2593 1588 ἐκεῖνος
2649 1528 2781 1604 ὑπὲρ
2832 1527 2996 1600 ⁴ἥλιον
3059 1525 3242 1583 ἀεὶτό
3277 1524 3473 1595 νοητὸν
3507 1527 3621 1602 φῶς
3652 1523 3734 1595 ἰξ-

2079 1617 2270 1688 απλοῖ,
2333 1616 2479 1675 ἀλλά
2537 1620 2695 1688 μόνοι
2755 1621 2804 1676 οἱ
2831 1621 2891 1676 τὸ
2921 1621 3107 1695 νοερὸν
3142 1615 3300 1690 ὄμμα
3326 1615 3734 1692 κεκαθαρμένον

2079 1709 2131 1764 ἐν
2187 1713 2256 1784 τῇ
2307 1712 2459 1784 ψ’)χῇ
2494 1711 2767 1786 φέροντες.
2803 1708 3014 1783 Κάμνδι
3059 1706 3116 1762 δὲ
3147 1704 3418 1768 πολλάκις
3451 1705 3540 1759 καὶ
3574 1704 3733 1767 αὐτὸς

2081 1800 2372 1874 ὁκαθαρὸς
2400 1803 2523 1861 νοῦς
2558 1801 2692 1875 πρὸς
2748 1803 2847 1870 τὴν
2901 1800 3190 1872 ἀντίληψιν
3247 1801 3354 1852 τῶν
3417 1795 3572 1859 θείων
3634 1795 3733 1850 αὖ·

314 1895 409 1946 rat
443 1890 773 1962 splendore,
809 1885 1085 1960 quoniam
1120 1903 1233 1942 non
1266 1886 1506 1942 omnino
1536 1887 1722 1944 libera
1752 1892 1810 1943 et
1858 1888 1970 1945 im-

2094 1893 2212 1966 γῶν,
2274 1887 2412 1943 διότι
2473 1886 2571 1942 οὐκ
2617 1884 2759 1942 ἔστιν
2813 1886 3094 1962 ἐλεύθερος
3129 1882 3255 1940 οὐδὲ
3283 1882 3616 1939 παντάπασιν
3646 1878 3732 1936 ἄϋ-

313 1979 660 2049 materialis,
692 1979 796 2036 sed
828 1976 1086 2034 materias
1125 1980 1182 2032 et
1213 1977 1441 2048 corpori
1493 1981 1582 2034 est
1631 1979 1962 2050 conjuncta.

311 2069 436 2126 Erit
465 2073 688 2136 autem,
723 2067 957 2139 quando
988 2070 1118 2138 post
1149 2065 1503 2122 solutionem
1536 2084 1569 2122 ο.
1623 2083 1864 2139 corpore
1913 2071 1971 2124 et

314 2162 618 2230 speratam
651 2157 1106 2226 restitutionem,
1140 2155 1264 2211 sine
1295 2155 1735 2214 intermissione
1784 2156 1968 2214 aciem

313 2248 375 2304 in
409 2252 591 2305 Deum
623 2246 912 2302 intentam
943 2245 1205 2302 habebit.

607 2355 697 2410 7|.
732 2356 873 2410 Nam
904 2354 1036 2426 quid
1065 2355 1124 2409 in
1155 2354 1367 2425 angelis
1393 2355 1464 2410 sit
1489 2355 1671 2410 mali?

383 2445 697 2516 Gregorius
729 2444 1059 2516 Theologus
1091 2444 1364 2499 Oratione
1393 2443 1452 2499 in
1501 2445 1717 2501 Christi
1765 2445 1969 2501 nativi-

311 2538 494 2591 tatem
525 2533 761 2604 angelos
794 2535 863 2588 ad
896 2533 1117 2588 malum
1151 2534 1368 2589 moveri
1403 2551 1575 2606 posse
1601 2540 1792 2607 negat.
1844 2535 1970 2592 Non

315 2625 599 2698 ignorans
633 2628 828 2679 tamen
863 2623 1185 2693 diabolum,
1221 2623 1465 2696 angelus
1496 2641 1629 2680 cum
1663 2630 1971 2692 esset,ma-

329 2714 450 2770 lum
485 2715 703 2769 factum
753 2729 904 2784 esse,
957 2713 1270 2768 difﬁculter
1318 2714 1527 2769 saltem
1575 2713 1709 2770 illos
1759 2717 1972 2771 moveri

331 2819 506 2876 posse
539 2803 750 2858 innuit.
787 2807 858 2857 At
905 2802 1291 2874 sapientiores
1331 2803 1685 2871 Graecorum,
1735 2804 1976 2877 angelos

327 2894 444 2950 Deo
472 2893 776 2965 proximos
809 2908 876 2948 ac
907 2891 1088 2947 veluti
1122 2892 1178 2946 in
1211 2891 1434 2947 foribus
1465 2893 1792 2950 divinitatis
1841 2911 1976 2949 con-

319 2984 559 3040 stitutos
593 2983 972 3052 arbitrantes,
1005 2982 1144 3038 mali
1180 2982 1492 3056 participes
1525 2983 1648 3039 fieri
1681 3001 1853 3057 posse
1884 2986 1974 3040 in-

324 3072 771 3129 ﬁciantur.Cum
805 3072 960 3128 enim
996 3072 1213 3128 silentii
1246 3073 1427 3128 divini
1457 3074 1576 3128 sint
1605 3074 1974 3148 interpretes,

313 3162 713 3232 bonitatisque
745 3161 962 3231 nuntii,
996 3162 1312 3234 quomodo,
1346 3162 1652 3235 inquiunt,
1676 3164 1814 3219 mali
1848 3181 1976 3222 esse

2079 1978 2197 2050 λος,
2230 1976 2357 2034 ἀλλ’
2386 1973 2574 2040 ἔνυλος
2605 1978 2696 2033 καὶ
2751 1978 3085 2052 σωματικός.
3138 1978 3327 2031 Ἔσται
3361 1971 3418 2030 δὶ
3443 1973 3554 2044 ὅτε,
3605 1971 3738 2046 μετά

2075 2068 2174 2137 τήν
2225 2072 2322 2122 τοῦ
2390 2068 2645 2142 σώματος
2727 2067 2991 2123 ἀπόλυσιν
3065 2066 3155 2122 καὶ
3211 2066 3313 2134 τὴν
3371 2062 3735 2136 ἐλπιζομένην

2077 2155 2535 2230 ἀποκατάστασιν,
2567 2155 2831 2229 διηνεκῶς
2863 2157 3092 2213 ἀτενίσει
3123 2159 3263 2228 Θεῷ.

2401 2356 2500 2412 οα’.
2534 2354 2598 2412 Et
2629 2353 2739 2409 ἔστι
2772 2375 2822 2408 τι
2855 2353 2906 2409 ἐν
2937 2351 3192 2430 ἀγγέλοις
3223 2345 3412 2407 κακόν.

2151 2447 2208 2499 '0
2270 2443 2362 2517 μὶν
2397 2442 2664 2519 Θεολόγος
2725 2443 3028 2519 Γρηγόριος
3089 2442 3142 2495 ἐν
3186 2445 3308 2501 τοῖς
3355 2441 3453 2493 τοῦ
3503 2437 3739 2512 Χριστοῦ

2081 2534 2382 2612 γενεθλίοις
2419 2531 2675 2610 βούλεται
2729 2534 2822 2607 μὲν
2862 2533 3153 2602 ἀκινήτους
3211 2529 3338 2584 εἶναι
3397 2525 3526 2588 τοὺς
3580 2524 3740 2612 ἀγγέ-

2083 2611 2213 2687 λους
2237 2625 2381 2701 ,πρὸς
2429 2623 2490 2677 τὸ
2547 2623 2736 2678 κακόν.
2770 2621 2950 2698 Εἰδὼς
2981 2619 3038 2676 δὲ
3065 2621 3156 2675 τὸν
3191 2613 3474 2687 διάϐολον,
3505 2611 3737 2690 ἄγγελον

2089 2716 2182 2789 μὶν
2235 2710 2383 2782 ὄντα,
2442 2714 2608 2768 κακὸν
2663 2711 2720 2768 δὲ
2773 2711 3070 2789 γεγονότα,
3123 2706 3482 2777 δυσκινήτους
3542 2702 3738 2766 αὐτοὺς

2086 2805 2460 2884 ἀποφαίνεται.
2513 2803 2579 2860 Οἱ
2613 2801 2669 2858 δὲ
2700 2802 3001 2878 σοφώτεροι
3050 2803 3156 2854 τῶν
3189 2796 3476 2868 Ἑλλήνων
3505 2793 3559 2884 ,ἐν
3593 2814 3737 2869 προ-

2085 2883 2270 2966 θύροις
2323 2897 2419 2948 τοῦ
2469 2891 2602 2948 Θεοῦ
2659 2891 2785 2954 τοὺς
2845 2887 3114 2965 ἀγγέλους
3178 2887 3412 2947 ἑστῶτας
3471 2883 3738 2956 οἷ’όμενοι,

2088 2985 2397 3059 ἀμετόχους
2423 2981 2618 3044 αὐτοὺς
2647 2986 2744 3037 τοῦ
2795 2982 2964 3036 κακοῦ
3019 2999 3166 3057 φασι.
3214 2975 3356 3037 Τοὺς
3413 2975 3520 3050 γάρ
3563 2971 3740 3048 ἀπαγ-

2085 3072 2384 3152 γέλλοντας
2415 3073 2513 3141 τὴν
2567 3072 2708 3135 θείαν
2743 3071 2922 3146 σιγὴν,
2973 3068 3061 3123 καὶ
3105 3068 3168 3122 τὸ
3212 3064 3408 3141 ἀγαθὸν
3459 3063 3743 3141 ἐκφαίνον-

2085 3151 2202 3234 τας,
2261 3168 2379 3226 πῶς
2439 3162 2498 3218 ἂν
2559 3163 2719 3239 φασὶν
2779 3163 2913 3215 εἶναι
2971 3157 3205 3224 κακούςς
3250 3151 3742 3231 Ἀφομοιοῦσιγάρ

315 3252 608 3325 possunt?
640 3251 985 3324 angelorum
1017 3251 1235 3324 quippe
1266 3269 1455 3324 genus
1482 3253 1815 3309 assimilant
1836 3255 1974 3322 Deo,

2094 3254 2149 3310 τὸ
2181 3251 2466 3329 ἀγγελικὸν
2518 3249 2690 3330 φῦλον
2735 3255 2814 3322 τῷ
2840 3249 2955 3321 Θεῷ
3009 3247 3100 3324 ἀφ’
3157 3243 3220 3300 οὗ
3278 3243 3595 3318 ἐξήρτηται,
3650 3239 3743 3295 ἵνα

315 3359 345 3398 a
380 3358 493 3413 quo
527 3341 836 3413 dependet,
873 3346 936 3396 nt
968 3359 1071 3414 per
1100 3359 1308 3413 puram
1343 3341 1792 3400 similitudinem
1844 3361 1976 3416 pro-

316 3431 626 3504 prietatem
679 3431 807 3501 eius
862 3430 1048 3502 possit
1106 3430 1449 3486 hominibus
1510 3437 1710 3488 notam
1769 3435 1976 3492 facere.

315 3519 573 3592 Angelos
604 3537 775 3592 porro
809 3524 1016 3576 vocant
1044 3519 1350 3577 universas
1383 3537 1510 3594 qua
1534 3523 1645 3578 sub
1676 3523 1791 3580 Deo
1819 3526 1981 3596 {sunt

317 3613 663 3682 potestates.

600 3701 691 3752 72.
724 3700 870 3755 Num
902 3701 1277 3772 incorporalia
1307 3703 1422 3758 sint
1451 3704 1510 3758 in
1543 3704 1655 3760 loco
1677 3703 1704 3758 ?

391 3790 617 3862 Corpus
648 3796 705 3844 et
736 3790 1103 3862 incorporale
1135 3791 1246 3847 sibi
1277 3799 1678 3864 opponuntur.
1711 3795 1767 3850 Si
1802 3795 1985 3869 igitur

320 3896 534 3952 corpus
565 3879 624 3935 in
655 3879 782 3936 loco
814 3885 922 3947 est,
958 3881 1326 3953 incorporale
1357 3900 1471 3938 non
1506 3889 1596 3940 est
1623 3885 1684 3941 in
1725 3887 1872 3942 loco.
1923 3873 1983 3942 εἰ

320 3971 476 4028 enim
509 3969 612 4026 uni
644 3971 1051 4042 oppositorum
1076 3971 1186 4026 erit
1211 3989 1394 4028 unum
1420 3991 1451 4030 e
1472 3976 1985 4041 eontrariis,alteri

323 4059 574 4116 alterum
625 4059 759 4116 erit.
815 4063 1018 4132 Itaque
1069 4061 1117 4116 si
1164 4065 1392 4134 corpori
1443 4066 1597 4135 quod
1631 4065 1984 4139 incorporali

324 4149 689 4206 contrarium
737 4154 828 4204 est
876 4150 1155 4221 competit
1196 4167 1326 4208 esse
1358 4153 1416 4208 in
1449 4153 1596 4224 loco,
1631 4155 1985 4229 incorporali

325 4243 620 4311 competet
651 4255 766 4294 non
800 4255 950 4295 esse.
986 4240 1131 4296 Nam
1165 4246 1218 4296 et
1251 4259 1376 4315 quae
1428 4245 1661 4317 proprie
1712 4247 1986 4320 incorpo-

324 4327 472 4384 ralia
502 4332 659 4396 sunt,
689 4329 1096 4400 praestantiora
1126 4340 1465 4404 sunt,quam
1500 4338 1565 4390 ut
1596 4334 1715 4391 sint
1745 4337 1804 4391 in
1836 4336 1984 4407 loco,

327 4434 519 4489 neque
549 4418 814 4474 localiter
839 4420 1184 4492 corporibus
1211 4428 1351 4478 sunt
1376 4425 1709 4495 praesentia,
1745 4427 1847 4482 sed
1901 4445 1985 4485 re-

328 4507 569 4576 latione,
604 4507 688 4562 uti
721 4508 923 4564 anima
950 4515 1085 4582 post
1130 4511 1481 4568 solutionem
1534 4530 1566 4569 a
1610 4531 1872 4588 corpore,
1937 4519 1986 4576 si

2091 3343 2180 3400 διά
2234 3347 2331 3412 τῆς
2362 3343 2692 3420 ἀκραιφνοῦς
2742 3339 3076 3413 ὁμοιότητος
3107 3332 3372 3412 ἐκφαίνειν
3404 3332 3572 3387 αὐτοῦ
3626 3335 3742 3392 τοῖς

2089 3438 2397 3512 ἀνθρώποις
2444 3434 2544 3501 τήν
2598 3429 2849 3501 ΐδιότητα
2898 3426 3144 3498 δύνηται.
3190 3423 3494 3500 Ἀγγέλους
3554 3420 3612 3477 δὶ
3649 3421 3744 3483 τὰς

2094 3527 2227 3601 μετά
2259 3525 2385 3580 Θεὸν
2416 3523 2590 3583 πάσας
2621 3517 2878 3592 δυνάμεις
2906 3515 3395 3589 κατονομάζουσιν.

2473 3701 2576 3777 οβ’.
2610 3700 2669 3755 Εἰ
2704 3698 2756 3755 ἐν
2786 3697 2940 3771 τόπῳ
2967 3697 3035 3752 τά
3065 3695 3349 3769 ἀσώματα.

2165 3793 2412 3853 Ἐναντία
2442 3792 2544 3847 εἶσὶ
2583 3793 2644 3847 τὸ
2677 3795 2834 3864 σῶμα
2890 3790 2977 3844 καὶ
3040 3788 3102 3842 τὸ
3160 3785 3473 3858 ἀσώματον.
3528 3781 3596 3839 Ei’
3649 3779 3742 3836 οὖν

2091 3887 2154 3942 τὸ
2213 3890 2372 3957 σῶμα
2430 3882 2481 3938 ἐν
2539 3881 2715 3954 τόπῳ,
2771 3881 2834 3936 τὸ
2891 3879 3180 3952 ἀσώματον
3239 3875 3341 3930 οὐκ
3369 3873 3419 3929 ἐν
3450 3874 3620 3944 τόπῳ.
3681 3869 3742 3924 Εἰ

2093 3977 2198 4053 γὰρ
2265 3979 2343 4048 τῷ
2396 3973 2620 4046 ἐναντίῳ
2673 3972 2736 4027 τὸ
2794 3969 3050 4041 ἐναντίον,
3124 3967 3212 4023 καὶ
3273 3971 3352 4037 τῶ
3404 3962 3629 4036 ἔνανκίῳ
3683 3959 3746 4053 τὸ

2095 4050 2356 4122 ἔνάντιον.
2391 4065 2540 4130 Οἷον,
2573 4061 2617 4117 εἰ
2647 4065 2727 4136 τῷ
2757 4060 2968 4134 σώματι
3000 4058 3062 4113 τὸ
3091 4057 3223 4112 εἶναι
3247 4055 3299 4111 ἐν
3321 4055 3497 4127 τόπῳ,
3530 4050 3749 4124 ἐναντίῳ

2096 4153 2211 4213 ὄντι
2233 4155 2313 4229 τῷ
2343 4156 2618 4228 ἀσωμάτῳ
2647 4153 2709 4207 τὸ
2747 4152 2821 4227 μή
2855 4152 2907 4205 ἓν
2935 4149 3088 4222 τόπῳ
3121 4149 3272 4204 εἶναι.
3302 4145 3384 4203 Τὰ
3414 4145 3518 4220 γὰρ
3548 4141 3752 4218 κυρίως

2099 4247 2399 4320 ἀσώματα,
2455 4244 2739 4320 κρεῖττόνα
2796 4242 2898 4296 εἰσι
2955 4238 3188 4309 τούτου,
3249 4236 3338 4291 καὶ
3391 4238 3634 4295 τοπικῶς
3689 4229 3750 4286 οὐ

2096 4338 2310 4407 πάρεισι
2361 4339 2480 4396 τοῖς
2538 4333 2776 4405 σώμασι,
2807 4334 2876 4406 τῇ
2909 4327 2966 4384 δὲ
2997 4329 3182 4403 σχὲσει
3239 4324 3486 4400 πάρεισιν
3538 4320 3748 4380 αὐτοῖς·

2098 4425 2211 4481 οἷόν
2238 4447 2290 4480 τι
2323 4423 2489 4500 λέγων
2546 4425 2581 4493 ἡ
2639 4423 2791 4498 ψυχή
2860 4419 2992 4494 μετά
3051 4415 3313 4472 ἀπόλυσιν
3371 4413 3470 4500 τὴν
3516 4408 3750 4500 ἀπὸᾉτοῦ

2099 4517 2372 4588 σώματος,
2435 4513 2480 4568 εἰ
2541 4513 2636 4586 μὶν
2693 4514 2946 4584 καθαρῶς
3003 4504 3296 4578 ἀπαλλαγῇ
3358 4499 3447 4556 καὶ
3509 4498 3748 4588 ἀπαθῶς,

333 4614 483 4670 pura
534 4602 592 4654 et
635 4598 943 4656 affectibus
994 4600 1177 4657 libera
1209 4603 1566 4672 discesserit,
1601 4584 1978 4665 nonvhabebit

2100 4584 2198 4660 οὐκ
2247 4603 2362 4680 ἔχει
2420 4584 2604 4678 σχέσιν
2651 4601 2786 4677 πρὸς
2815 4601 2876 4654 τὸ
2931 4601 3090 4669 σῶμα
3125 4592 3154 4648 ὅ
3192 4589 3583 4692 ἀπολέλοιπενέ
3617 4585 3662 4692 εί
3694 4584 3752 4641 δὲ

332 4687 677 4744 relationem
702 4690 772 4744 ad
799 4705 1013 4763 corpus
1036 4692 1190 4762 quod
1218 4692 1534 4765 reliquit.Si
1557 4711 1691 4752 vero
1715 4698 1987 4754 affectum

333 4779 668 4846 servaverit,
695 4783 855 4835 amat
881 4779 938 4835 id
973 4781 1148 4837 etiam
1181 4781 1465 4854 solutum,
1493 4789 1558 4841 .et
1587 4789 1804 4844 amoris
1836 4789 1988 4846 rela-

332 4869 491 4925 tione
518 4886 727 4926 versus
758 4869 902 4924 illud
936 4871 1204 4939 fertur,et
1234 4873 1572 4932 substantia
1614 4877 1850 4950 quidem
1900 4885 1989 4936 at-

333 4975 449 5031 que
479 4958 737 5016 essentia
767 4960 994 5031 corpori
1027 4960 1392 5033 incorporale
1423 4981 1538 5020 non
1571 4972 1662 5023 est
1709 4985 1986 5042 praesens,

336 5048 546 5104 affectu
596 5053 796 5105 tamen
846 5050 1081 5120 quando
1122 5051 1248 5109 vult
1293 5053 1365 5109 ad
1423 5053 1567 5111 illud
1626 5057 1805 5114 veluti
1863 5077 1992 5133 pro-

340 5136 511 5209 repit.

742 5229 831 5284 73.
865 5229 1008 5286 Num
1037 5233 1274 5288 materia
1302 5235 1381 5289 sit
1411 5234 1549 5291 bona
1569 5243 1594 5291 ι’

409 5315 572 5372 Plato
595 5316 982 5391 philosophus
1011 5320 1070 5376 in
1104 5323 1301 5380 Timaeo
1332 5326 1636 5383 materiam
1666 5329 1825 5385 velut
1874 5346 1996 5386 ma-

338 5409 487 5461 trem
519 5411 575 5461 et
605 5407 892 5464 nutricem
924 5412 1318 5481 generationis
1347 5430 1542 5471 rerum
1587 5418 1992 5490 pulchrarum,

342 5511 702 5567 causamque
735 5497 950 5554 sociam
986 5502 1299 5558 oreationis
1334 5504 1540 5560 mundi
1572 5509 1868 5580 praedicat;
1894 5510 1994 5566 sed

346 5584 443 5640 ubi
477 5583 706 5642 Eleates
737 5586 948 5659 hospes
979 5589 1398 5664 loquitur,ipsa
1429 5611 1606 5652 causa
1628 5599 1998 5668 essedicitnr

347 5674 798 5733 inordinationis
829 5677 888 5733 in
923 5679 1219 5736 universo.
1251 5684 1324 5738 At
1365 5685 1420 5738 in
1474 5684 1714 5743 Philebo
1764 5688 1996 5760 dialogo

345 5781 476 5824 eam
508 5781 546 5822 a
568 5765 686 5826 Deo
716 5773 1009 5843 repetens,
1045 5771 1306 5829 divinam
1339 5778 1394 5831 et
1424 5775 1586 5848 {quia
1630 5795 1662 5835 a
1709 5778 1824 5835 Deo
1872 5794 1999 5850 pro-

2101 4679 2378 4769 ἐμπαθῶς,
2441 4693 2622 4768 ἀγαπᾷ
2674 4691 2808 4746 αὐτὸ
2859 4686 2948 4742 καὶ
3009 4682 3280 4748 διαλυθὲν,
3338 4680 3426 4734 καὶ
3478 4679 3743 4769 ἠγάγάπη

2100 4766 2288 4860 σχέσις
2345 4766 2498 4859 πρὸς.
2538 4780 2692 4850 αὐτὸ,
2742 4778 2832 4834 καὶ
2888 4773 3178 4831 ὑποστάσει
3241 4771 3334 4842 μὲν
3393 4771 3428 4840 ἡ
3487 4767 3645 4839 οὐσίᾳ
3688 4766 3749 4822 οὐ

2099 4856 2323 4948 πάρεστι
2353 4856 2416 4929 τὸ
2448 4871 2736 4945 ἀσώματον
2768 4872 2848 4939 τῷ
2879 4865 3115 4937 σώματι,
3151 4859 3298 4936 ῥέπει
3333 4857 3391 4914 δὲ
3438 4858 3574 4936 πρὸς
3619 4856 3750 4913 αὐτὸ

2099 4965 2225 5020 ’ὁταν
2258 4963 2549 5040 βούληται.

2601 5226 2702 5300 ογ’.
2753 5221 2816 5278 Εἰ
2856 5218 3022 5276 καλὸν
3055 5220 3090 5288 ἡ
3125 5215 3256 5288 ὕλη.

2173 5318 2401 5376 Πλάτων
2436 5319 2464 5372 ὀ
2496 5313 2797 5394 φιλόσοφος
2831 5312 2881 5366 ἐν
2945 5310 3038 5384 μὲν
3069 5313 3149 5381 τῷ
3177 5305 3399 5380 Τιμαίῳ
3432 5305 3644 5380 μητέρα
3664 5303 3752 5394 καὶ

2102 5410 2320 5481 τιθηνὸν
2378 5409 2478 5474 τῆς
2510 5391 2518 5394 ⁷
2551 5408 2659 5459 τῶν
2714 5391 2922 5457 καλῶν
2996 5398 3277 5474 γενέσεως,
3332 5395 3422 5451 καὶ
3479 5391 3747 5450 συναιτίαν

2104 5508 2203 5570 τῆς
2258 5501 2354 5552 τοῦ
2402 5492 2615 5569 κόσμου
2691 5490 3054 5566 δημιουργίας
3113 5485 3279 5555 αὐτὴν
3353 5483 3699 5562 ἀποφαίνεται
3733 5497 3747 5512 ⁸

2108 5569 2169 5645 ἐν
2219 5586 2277 5643 δὲ
2336 5591 2454 5647 τοῖς
2508 5583 2604 5639 τοὺ
2667 5581 2922 5639 Ἐλεάτου
2949 5582 3098 5652 ξένου
3131 5575 3343 5650 λόγοις,
3375 5575 3552 5629 αὶτίαν
3580 5569 3747 5639 αὐτὴν

2108 5679 2252 5755 λέγει
2307 5683 2406 5744 τῆς
2463 5679 2558 5730 τοῦ
2615 5674 2814 5735 παντὸς
2865 5670 3104 5741 ἀταξίας.
3160 5667 3246 5724 Ἐν
3291 5662 3348 5755 δε
3400 5667 3480 5755 τῶ
3508 5658 3751 5736 διαλόγῳ

2106 5749 2195 5842 τῷ.
2232 5765 2564 5840 καλουμένῳ
2596 5758 2854 5838 Φιλήϐῳ,
2915 5760 3020 5816 ἀπὸ
3077 5761 3211 5814 Θεοῦ
3257 5753 3346 5812 καὶ
3374 5749 3572 5822 ταύτην
3614 5771 3752 5828 παρ-
