4110 6436
298 381 428 444 733

1491 382 1593 442 DE
1640 381 2084 444 OMNIFARIA
2127 383 2550 444 DOCTllINA.

3617 383 3740 448 734

290 512 468 590 ἄγων,
517 508 695 577 ἔνθεον
757 510 925 584 αὐτὴν
974 514 1064 569 καὶ
1120 513 1318 591 ἀγαθὸν
1374 511 1463 569 διὰ
1514 515 1610 584 τὴν
1674 515 1780 568 ἀπὸ
1829 517 1961 570 Θεοῦ

2090 523 2251 588 gnata
2283 519 2374 572 est
2408 516 2624 572 bonam
2654 515 2927 574 afﬁrmat.
2959 520 3180 574 Verum
3207 514 3448 572 Proclus
3481 513 3740 588 philoso-

291 604 533 681 γίννεσιν
597 601 973 680 ἀποφαίνεται.
1025 603 1278 678 Πρόκλος
1337 601 1394 659 δὲ
1446 605 1474 659 6
1515 601 1816 682 φιλόσοφος
1845 599 1968 658 οὔτε

290 693 494 771 ἀγαθὸν
557 691 725 761 αὐτὴν
786 690 958 748 οἶέται
993 690 1114 749 οὔτε
1172 691 1358 752 κακόν.
1419 694 1508 758 Ὡς
1542 693 1635 766 μὲν
1668 693 1770 769 γὰρ
1803 688 1966 768 ἔσχα-

293 805 390 839 τον
442 785 549 837 τῶν
613 777 784 837 ὄντων
845 781 934 837 καὶ
997 782 1188 860 πὸρῤω
1217 787 1312 837 τοῦ
1371 783 1599 860 ἀγαθοῦ,
1633 782 1732 837 οὐκ
1764 781 1964 857 ἀγαθὸν

299 871 474 948 λέγει.
539 871 616 934 ὡς
676 869 734 926 δὲ
791 871 968 927 αἰτίαν
1039 869 1464 950 δημιουργικὴν,
1515 869 1567 927 ἓν
1597 877 1710 934 τοῖς
1745 873 1966 948 ἀγαθοῖς

296 960 740 1037 ἀναγκαζόμενος
787 961 1010 1028 τιθέναι,
1069 962 1237 1034 μεσην
1292 961 1458 1031 αὐτὴν
1491 965 1585 1015 τοῦ
1616 961 1818 1036 ἀγαθοῦ
1875 959 1966 1014 καὶ

299 1057 399 1108 τοῦ
431 1055 602 1108 κακοῦ
632 1051 801 1114 τιθεὶς
834 1052 1119 1126 ἀναγκαῖον
1149 1049 1498 1126 ἐπονομάζει.
1538 1050 1615 1106 Τὸ
1645 1051 1746 1125 γὰρ
1792 1047 1966 1112 ἐνδεὲς

301 1141 472 1212 αὐτῆς
500 1145 608 1196 τῶν
651 1139 888 1216 ἀγαθῶν,
941 1139 1212 1196 συντελεῖν
1249 1139 1394 1216 λέγει
1425 1139 1564 1214 πρὸς
1586 1141 1684 1208 τήν
1717 1143 1823 1194 τῶν
1854 1138 1968 1193 αἷσ-

309 1235 490 1302 θητῶν
523 1230 920 1306 δημιουργίαν,
950 1227 1083 1306 ὅπερ
1117 1227 1409 1304 ἀναγκαῖόν
1445 1229 1578 1285 ἐστι.

339 1345 436 1408 οδ’.
469 1345 602 1424 Περὶ
633 1353 734 1418 τῆς
783 1345 920 1421 πρὸς
951 1345 1014 1401 τὸ
1041 1351 1194 1401 Θεῖον
1225 1350 1334 1402 τῶν
1367 1347 1536 1401 ὄντων
1573 1343 1928 1421 ἐπιστροφῆς.

373 1449 490 1500 Τῶν
550 1445 702 1523 παρὰ
756 1448 890 1500 Θεοῦ
934 1444 1042 1500 ἀπὸ
1097 1448 1194 1500 τοῦ
1257 1445 1334 1517 μὴ
1395 1440 1551 1508 ὄντος
1599 1443 1672 1505 εἰς
1710 1444 1773 1498 τὸ
1832 1443 1964 1498 εἶναι

307 1534 728 1612 παραχθέντων,
783 1533 852 1588 τὰ
910 1535 1006 1606 μὲν
1035 1527 1148 1588 ἔστι
1209 1533 1373 1607 μόνον
1405 1529 1552 1602 ὄντα,
1585 1534 1661 1597 ὡς
1687 1532 1754 1588 τὰ
1779 1529 1967 1608 ἄψυχα

307 1626 560 1698 σώματα,
615 1623 682 1678 τὰ
713 1619 770 1678 δὲ
795 1623 884 1678 καὶ
925 1619 1054 1678 ὄντα
1081 1622 1171 1678 καὶ
1233 1627 1428 1692 ζῶντα,
1477 1622 1568 1677 καὶ
1615 1627 1859 1695 νοοῦντα,
1891 1623 1966 1684 ὡς

303 1717 360 1771 αἱ
424 1712 604 1790 ψυχαὶ
662 1712 753 1767 καὶ
802 1713 855 1767 οἱ
886 1712 1028 1774 νόες.
1078 1714 1342 1768 Ἕκαστον
1403 1710 1495 1766 οῦν
1553 1713 1688 1788 πρὸς
1714 1712 1804 1767 τὸν
1838 1712 1965 1768 Θεὸν

305 1804 396 1883 ἀφ’
452 1801 514 1860 οὗ
567 1803 833 1878 παρήχθη
867 1803 1003 1856 κατὰ
1047 1803 1146 1870 τήν
1173 1799 1310 1866 ἰδίαν
1373 1798 1596 1876 ὕπαρξιν
1633 1800 1962 1879 ἐπιστρέφει,

2079 604 2232 677 phus
2281 621 2474 678 neque
2523 605 2738 662 bonam
2788 605 2951 662 illam
3004 609 3174 678 putat
3219 621 3408 676 neque
3459 603 3677 660 malam
3725 621 3739 660 :

2077 700 2372 766 quatenus
2404 695 2560 750 enim
2593 695 2818 750 entium
2851 695 3124 750 inﬁmum
3151 694 3312 760 sit,et
3341 711 3374 750 a
3405 694 3556 748 bono
3589 694 3744 764 prin-

2079 784 2253 856 cipali
2285 784 2520 856 longius
2555 784 3033 848 remotum,haud
3052 783 3326 856 equidem
3349 783 3564 838 bcnam
3587 798 3736 839 esse:

2080 879 2374 946 quatenus
2403 890 2536 930 vero
2567 890 2806 928 causam
2840 872 3268 944 demiurgicam
3294 871 3624 926 necessario
3648 888 3738 926 ac-

2079 980 2318 1019 censere
2351 963 2519 1018 bonis
2553 963 2800 1035 cogitur,
2831 961 3086 1016 mediam
3136 977 3264 1016 eam
3314 958 3467 1015 inter
3519 961 3738 1016 bonum

2077 1053 2421 1125 malumque
2457 1052 2621 1124 ponit
2643 1057 2698 1107 et
2721 1050 2982 1124 appellat
3000 1049 3739 1106 necessitatem.Defectum

2075 1141 2232 1198 enim
2265 1142 2364 1214 qui
2397 1143 2454 1196 in
2487 1141 2588 1197 illa
2613 1146 2703 1197 est
2751 1141 3054 1208 bonitatis,
3091 1141 3354 1196 conferre
3401 1138 3485 1194 ait
3534 1140 3604 1194 ad
3640 1139 3719 1193 fa-

2077 1231 2281 1288 cienda
2311 1231 2572 1301 sensilia,
2607 1233 2762 1304 quod
2797 1231 2994 1303 ipsum
3027 1229 3400 1286 necessitatis
3429 1231 3538 1284 est.

2348 1348 2437 1402 74.
2471 1349 2545 1404 De
2568 1349 2816 1404 centium
2846 1348 3158 1404 reversione
3190 1346 3270 1403 ad
3295 1347 3488 1402 Deum.

2151 1447 2360 1502 Rerum
2392 1463 2541 1518 quas
2561 1445 2718 1502 Deus
2737 1463 2872 1502 curn
2907 1461 3022 1500 non
3047 1448 3248 1500 essent
3279 1443 3414 1499 fecit
3435 1441 3738 1510 exsistere,

2077 1536 2195 1594 alia
2211 1540 2352 1592 sunt
2371 1537 2786 1592 tantummodo
2815 1537 2994 1605 entia,
3019 1538 3086 1590 ut
3107 1549 3352 1606 corpora
3390 1531 3740 1600 inanimata,

2075 1625 2192 1682 alia
2221 1626 2380 1682 entia
2423 1630 2481 1681 et
2529 1626 2783 1682 viventia
2833 1641 3068 1698 quoque
3114 1628 3171 1680 et
3219 1621 3628 1694 intelligentia,
3675 1626 3742 1678 ut

2077 1715 2286 1772 animas
2315 1731 2382 1772 ac
2413 1719 2658 1772 mentes.
2691 1715 2777 1770 Ad
2809 1715 2994 1770 Deum
3025 1713 3212 1786 igitur
3239 1730 3273 1769 a
3315 1729 3430 1785 quo
3481 1712 3742 1784 profecta

2077 1809 2220 1860 sunt
2249 1804 2488 1877 singula
2539 1821 2644 1876 pro
2689 1820 2810 1860 suae
2861 1803 3088 1860 ratione
3133 1801 3476 1860 substantias
3523 1803 3738 1857 iterum

301 1895 365 1950 τὸ
429 1894 524 1967 μὲν
587 1895 724 1962 ζῶον
756 1891 847 1948 καὶ
879 1889 1138 1954 οὐσιῶδες
1193 1891 1282 1946 καὶ
1332 1890 1654 1968 γτωστικόν.
1705 1893 1969 1948 Ἕκαστον

2090 1894 2650 1962 εοονθτιιιιιιυξβίνο
2677 1895 2894 1951 animal
2929 1895 3008 1950 sit
3034 1893 3251 1959 vivum,
3294 1893 3413 1950 sive
3462 1893 3740 1948 substan-

305 1983 408 2061 γὰρ
461 1981 538 2044 ὡς
592 1977 894 2056 προῆλθεν⁴
953 1978 1096 2035 οὕτω
1144 1980 1233 2036 καὶ
1289 1979 1670 2056 ἐπὲστραπται.
1703 1982 1878 2038 Τοῦτο
1915 1977 1972 2034 δὲ

317 2071 380 2128 τὸ
409 2069 772 2150 φιλοσόφημα
800 2069 890 2124 καί
925 2069 954 2124 6
985 2068 1285 2148 φιλόσοφος
1329 2069 1580 2144 Πρόκλος
1613 2070 1664 2124 ἐν
1711 2075 1828 2132 τοῖς
1878 2089 1971 2124 κειρ

327 2160 574 2237 φιλαίοις
605 2159 774 2216 αὐτοῦ
803 2157 986 2230 τίθησι
1035 2158 1125 2216 καὶ
1179 2156 1490 2233 διευκρινεῖ.
1549 2158 1646 2214 Καὶ
1688 2159 1795 2234 πρὸ
1839 2157 1972 2213 τού-

323 2269 422 2310 του
487 2251 516 2306 6
577 2248 1000 2326 Ἀρειοπαγίτης
1057 2247 1338 2311 Διονύσιος
1395 2249 1720 2326 σαφεστερον
1775 2247 1971 2304 τούτου

321 2333 616 2414 διακριϐοἶ,
643 2338 730 2394 καὶ
763 2338 904 2394 ἐστὶν
935 2339 964 2393 6
997 2336 1165 2412 λόγος
1195 2341 1302 2392 τῶν
1328 2340 1467 2393 πάνυ
1491 2336 1969 2411 σπουδαζομένων,

320 2429 648 2506 σαφέστατός
676 2450 732 2485 τε
761 2427 852 2484 καὶ
885 2423 1270 2504 ἀκριϐέστατος
1303 2428 1400 2486 ὧν.

883 2605 975 2662 σε’.
1007 2606 1137 2680 Περὶ
1169 2607 1397 2684 χρόνου.

382 2699 444 2756 Ὀ
503 2699 706 2776 χρόνος
769 2694 1016 2762 ἐπινοίας
1089 2695 1432 2772 ἀνθρωπίνης
1489 2695 1598 2752 ἐστὶ
1655 2695 1838 2770 νόημα
1881 2695 1972 2752 καί

319 2782 516 2861 ὄνομα.
561 2785 784 2856 Ἐπειδή
837 2786 938 2863 γὰρ
985 2786 1082 2860 μὲν
1129 2785 1326 2841 αἰώνια
1357 2787 1438 2842 ἀεὶ
1470 2781 1598 2844 ὅντα
1623 2786 1713 2842 καὶ
1746 2785 1974 2858 ἀκίνητά

319 2876 433 2942 ἔστι
468 2921 483 2948 ,
538 2877 608 2932 τὰ
656 2873 713 2932 δὲ
774 2877 878 2932 ὑπὸ
933 2875 1143 2947 κίνησιν
1205 2875 1394 2953 ῥέοντα
1449 2877 1538 2932 καὶ
1592 2876 1968 2956 φθειρόμενα,

315 2965 450 3022 αὐτὸ
481 2963 548 3036 δὴ
569 2965 630 3020 τὸ
678 2964 868 3042 μέτρον
898 2972 997 3036 τῆς
1026 2967 1292 3036 κινήσεως
1351 2961 1552 3042 χρόνον
1602 2965 1890 3040 ὠνόμασαν
1919 2967 1972 3022 αἱ

314 3055 638 3140 φιλόσοφοι.
697 3051 838 3113 Οὐδὲ
883 3057 986 3138 γὰρ
1035 3055 1408 3132 αὐθόπαρκτον
1439 3061 1666 3134 πρᾶγμα
1698 3057 1725 3111 6
1768 3056 1971 3132 χρόνος

313 3143 488 3213 εστὶν,
552 3141 677 3200 οὐδὲ
730 3148 887 3218 σῶμα
941 3147 1295 3225 φαινόμενον,
1354 3143 1480 3200 οὐδὲ
1544 3145 1833 3220 ἀσώματός
1889 3167 1970 3212 τις

2082 1985 2164 2042 tia
2191 1987 2624 2053 tantummodo,
2659 1985 2780 2041 sive
2811 1986 3126 2058 praeditum
3174 1982 3475 2040 intellectu
3525 1999 3591 2040 ac
3640 1998 3740 2038 co-

2083 2075 2848 2148 gnitione.Unumquodque
2871 2075 3027 2132 enim
3051 2075 3130 2130 uti
3148 2073 3434 2148 processit
3461 2072 3540 2129 ita
3562 2072 3741 2128 etiam

2083 2167 2254 2224 redit.
2315 2168 2476 2224 Hanc
2530 2167 3004 2240 phi1030phicam
3063 2165 3549 2239 propositionem,
3599 2166 3738 2222 Pro-

2081 2256 2211 2313 clus
2245 2273 2476 2330 quoque
2497 2257 2790 2329 capitibus
2813 2257 2940 2313 suis
2969 2257 3226 2312 inseruit
3255 2255 3745 2326 discussitque,et

2081 2351 2220 2404 ante
2247 2363 2382 2402 eum
2421 2347 2730 2419 Dionysius
2761 2345 3106 2418 Areopagita
3137 2345 3454 2400 dilucidius
3474 2343 3653 2400 etiam
3685 2345 3746 2398 et

2083 2436 2414 2492 accuratius
2444 2435 2733 2508 exposuit,
2767 2435 3054 2508 singulari
3085 2435 3240 2490 enim
3273 2433 3742 2506 diligentia,per—

2083 2525 2394 2599 spicuitate
2424 2531 2481 2582 et
2509 2543 2652 2582 cura
2681 2525 2791 2582 hac
2823 2527 2895 2582 de
2925 2541 2986 2582 re
3017 2529 3108 2580 est
3138 2526 3595 2580 commentatus.

2593 2633 2595 2636 ·
2644 2682 2646 2684 ν
2667 2615 2758 2668 75.
2792 2617 2866 2670 De
2889 2623 3155 2685 tempore.

2156 2709 2416 2776 Tempus
2463 2721 2498 2760 a
2546 2704 2896 2774 cogitatione
2944 2703 3256 2762 hominum
3305 2702 3636 2775 concipitur
3688 2704 3746 2757 et

2084 2811 2302 2850 nomen
2335 2794 2580 2865 accepit.
2611 2797 2758 2850 Cum
2797 2793 2954 2852 enim
3005 2793 3128 2850 alia:
3179 2809 3272 2850 res
3329 2793 3448 2850 sint
3494 2797 3744 2858 internae,

2083 2901 2212 2956 qum
2234 2899 2471 2955 semper
2495 2883 2788 2940 exsistunt
2809 2887 3068 2955 suntque
3098 2882 3456 2951 immobiles,
3475 2881 3606 2938 alia:
3637 2882 3746 2938 sub

2083 2973 2342 3032 motione
2363 2972 2698 3030 constitutae
2721 2977 2780 3030 et
2801 2978 2968 3030 ﬂuxa:
2992 2972 3544 3046 corruptibilesque,
3577 2987 3746 3028 men-

2084 3064 2448 3120 surationem
2467 3063 2746 3120 motionis
2758 3063 3092 3135 philosophi
3110 3067 3336 3135 tempus
3350 3061 3747 3135 appellarunt.

2082 3153 2284 3224 Neque
2306 3151 2463 3208 enim
2483 3169 2576 3208 res
2599 3169 2702 3224 per
2725 3168 2788 3208 se
2811 3151 3145 3209 subsistens
3167 3157 3404 3224 tempus
3425 3156 3536 3219 est,
3563 3167 3754 3224 neque

313 3233 630 3304 ὐπόστασις,
689 3233 868 3312 ὥσπερ
923 3235 1150 3314 ἡφύσις
1206 3235 1298 3291 καὶ
1354 3237 1390 3306 ἡ
1449 3238 1606 3312 ψυχὴ
1637 3235 1966 3304 καὶὸνοῦς,

2090 3259 2304 3314 corpus
2331 3243 2489 3314 quod
2522 3241 2798 3298 sensibus
2832 3241 3052 3314 percipi
3101 3245 3315 3314 potest,
3367 3257 3556 3314 neque
3606 3241 3752 3297 sub-

305 3322 458 3381 ἆλλὰ
508 3329 737 3402 πρᾶγμα
791 3323 842 3380 ἐν
895 3325 1111 3396 ἐπινοίᾳ
1171 3347 1308 3404 μονῃ
1364 3325 1640 3400 κείμνεον.
1697 3327 1760 3382 Ἡ
1789 3325 1967 3380 τοίνυν

308 3415 466 3494 ψυχή
521 3412 776 3476 ἐνωθεῖσα
830 3419 910 3488 τῷ
963 3414 1260 3490 Κρείττονι.
1323 3414 1374 3470 ἐν
1423 3413 1504 3488 τῷ
1561 3414 1752 3472 ἑστῶτι
1811 3417 1966 3470 αἰῶνι

313 3503 480 3562 ὶστίν,
539 3503 834 3582 Ἀςρειμὲνη
898 3501 955 3558 δὲ
1006 3509 1104 3558 τοῦ
1162 3504 1356 3567 αἰῶνος
1387 3502 1478 3560 καῖ
1508 3504 1630 3578 περί
1660 3526 1712 3558 τι
1747 3510 1976 3579 πρᾶγμα

304 3599 410 3662 τῆς
465 3591 724 3668 γενέσεως
762 3593 1032 3664 κινηθεῖα,
1096 3593 1284 3669 χώραν
1340 3597 1421 3665 τῷ
1475 3593 1664 3666 χρόνῳ
1726 3589 1970 3647 δίδωσιν·

313 3678 476 3738 οὐδὲν
535 3682 626 3738 οὗν
685 3678 867 3752 ἕτερόν
929 3681 1068 3740 ἐστιν
1137 3683 1166 3738 ὁ
1221 3683 1423 3760 χρόνος
1481 3680 1516 3752 ἢ
1575 3683 1770 3758 μὲτρον
1814 3683 1970 3752 κινή-

311 3792 476 3835 σεως.

845 3957 947 4015 ος’.
981 3951 1110 4026 Περὶ
1144 3953 1434 4022 κινήσεως.

387 4037 828 4110 Δῡσκατανόητόν
899 4061 952 4094 τι
1023 4045 1249 4116 πρᾶγμα
1317 4043 1352 4110 ἡ
1411 4040 1645 4110 κίνησις.
1711 4043 1860 4097 Ἔστι
1916 4037 1975 4094 δὲ

308 4125 454 4191 εἶδός
511 4149 564 4184 τι
633 4128 725 4200 καὶ
784 4129 1026 4205 ἐνέργεια
1081 4129 1404 4203 κινουμένου
1463 4129 1802 4206 πράγματος,
1854 4130 1972 4183 καθ’

321 4218 382 4274 όν
415 4217 618 4294 χρόνον
676 4224 928 4275 κινεῖται.
987 4220 1120 4276 Οἷόν
1177 4241 1228 4274 τι
1289 4219 1460 4296 λέγω,
1519 4216 1630 4275 ἔστι
1659 4241 1712 4274 τι
1745 4226 1975 4297 πρᾶγμα

305 4305 696 4381 αὐξανόμενον,
726 4307 818 4364 καὶ
849 4306 990 4364 ἄλλο
1044 4305 1471 4384 ἀλλοιούμενον,
1528 4310 1616 4364 καὶ
1650 4308 1790 4366 ἄλλο
1822 4310 1976 4390 φερόν

311 4416 499 4478 μενον·
553 4396 643 4452 καὶ
699 4402 796 4452 τοῦ
829 4399 924 4472 μὲν
985 4397 1352 4473 αὐξανομένου
1399 4398 1609 4470 κίνησις
1649 4401 1683 4470 ἡ
1728 4397 1972 4474 αὔξησις,

305 4489 406 4542 τοῦ
445 4483 502 4542 δὲ
532 4489 834 4566 φερομένοο
884 4490 920 4558 ἡ
979 4488 1140 4566 φορὰ,
1171 4489 1258 4543 καὶ
1294 4487 1441 4552 ὅλως
1467 4493 1567 4544 τοῦ
1610 4491 1906 4566 γενομένου
1937 4492 1972 4560 ἡ

307 4575 544 4654 γένεσις.
600 4579 782 4634 Ἔστιν
809 4577 900 4634 οὗν
935 4580 969 4649 ἡ
1002 4577 1240 4648 κίνησις,
1275 4573 1398 4634 οὔτε
1431 4577 1578 4654 ἀρχὴ
1623 4575 1745 4634 οὔτε
1791 4578 1974 4654 τέλος,

2087 3331 2312 3390 stantia
2345 3330 2756 3403 incorporalis,
2789 3335 2856 3386 ut
2886 3337 3115 3398 natura,
3150 3331 3367 3398 anima,
3402 3347 3570 3386 mens
3599 3347 3616 3385 :
3649 3330 3750 3386 sed

2086 3421 2308 3493 aliquid
2343 3421 2400 3476 in
2434 3421 2559 3478 sola
2591 3421 2846 3492 positum
2880 3421 3255 3493 cogitatione.
3289 3421 3531 3485 Quando
3574 3420 3754 3492 igitur

2085 3512 2288 3568 anima
2346 3517 2478 3582 Deo,
2523 3511 2828 3582 jungitur,
2881 3510 2942 3566 in
2999 3527 3116 3567 aevo
3171 3509 3370 3566 stabili
3432 3509 3756 3566 constituta

2086 3606 2208 3670 est;
2251 3617 2387 3656 cum
2434 3605 2630 3656 autem
2683 3617 2804 3656 sevo
2851 3599 3034 3656 veluti
3084 3599 3323 3667 emissa,
3373 3600 3448 3656 ad
3505 3615 3753 3673 genera-

2086 3691 2269 3748 tionis
2301 3689 2700 3748 conditionem
2734 3689 3230 3760 movetur,locum
3261 3690 3321 3746 in
3353 3706 3418 3746 se
3437 3690 3576 3746 facit
3605 3693 3757 3745 tem-

2087 3781 2506 3852 pori.Tempus
2535 3779 2716 3850 igitur
2747 3779 2894 3836 nihil
2927 3779 3086 3838 aliud
3121 3785 3212 3837 est
3236 3796 3414 3852 quam
3445 3795 3756 3836 mensura-

2083 3868 2168 3926 tio
2200 3868 2504 3926 motionis.

2719 3959 2810 4014 76.
2843 3959 2920 4014 De
2945 3961 3116 4016 motu.

2159 4050 2271 4106 Res
2322 4047 2582 4106 difﬁcilis
2629 4048 2920 4120 explicata
2969 4055 3188 4104 motus.
3243 4049 3348 4106 Est
3400 4049 3555 4106 enim
3609 4048 3755 4106 ratio

2087 4140 2382 4212 quaedam,
2415 4143 2471 4194 et
2516 4139 2600 4194 rei
2649 4154 2776 4210 quae
2833 4143 3122 4208 movetur,
3178 4140 3328 4194 actio
3376 4156 3440 4194 eo
3491 4144 3756 4210 tempore

2088 4229 2242 4302 quod
2291 4231 2578 4284 movetur.
2629 4227 2721 4283 Uti
2773 4245 2826 4282 v.
2861 4243 2918 4299 g.
2947 4231 3038 4284 est
3069 4227 3296 4298 aliquid
3330 4229 3488 4299 quod
3519 4229 3752 4295 crescit,

2085 4317 2242 4390 quod
2276 4317 2734 4389 mutatur,quod
2769 4317 2956 4373 fertur
2986 4317 3106 4374 sive
3139 4317 3418 4390 agitatur;
3446 4323 3625 4392 atque
3659 4317 3755 4374 ille

2088 4407 2328 4480 quidem
2364 4411 2562 4464 motus
2593 4423 2708 4477 quo
2740 4407 2951 4463 crescit
3003 4406 3251 4479 aliquid,
3303 4409 3521 4464 dicitur
3565 4409 3754 4464 incre-

2089 4505 2376 4564 mentum,
2411 4497 2594 4554 motio
2625 4497 2707 4552 rei
2739 4497 2970 4570 agitatas.
3017 4496 3158 4552 latio
3209 4498 3332 4552 sive
3379 4498 3645 4570 agitatio,
3694 4503 3754 4554 et

2090 4587 2360 4644 universe
2392 4585 2476 4642 rei
2509 4585 2806 4642 nascentis
2840 4586 3158 4657 generatio.
3192 4587 3392 4643 Motus
3423 4587 3606 4660 igitur
3651 4604 3756 4644 nec

307 4664 469 4722 ἀλλὰ
495 4666 556 4722 τὸ
593 4666 789 4740 μεταξὺ
842 4666 1068 4724 τούτων.
1097 4671 1204 4738 Τῆς
1263 4667 1366 4742 γὰρ
1401 4666 1820 4741 οἷκοδομήσεως
1855 4665 1970 4724 οὔτε

2091 4676 2448 4748 principium
2477 4679 2569 4732 est
2599 4693 2704 4731 nec
2739 4676 2894 4742 finis,
2931 4676 3032 4732 scd
3079 4675 3338 4732 medium
3388 4676 3541 4732 inter
3592 4681 3754 4732 utra-

307 4757 348 4826 ἦ
381 4755 534 4834 ἀρ’χή
590 4755 826 4830 κίνησις,
885 4753 1038 4813 οῦπω
1086 4759 1187 4834 γὰρ
1219 4757 1520 4829 κεκίνηται·
1555 4755 1680 4813 οὕτε
1707 4759 1767 4812 τὸ
1793 4756 1975 4832 τέλος,

311 4835 589 4901 πέπαυται
626 4847 728 4924 γὰρ
758 4847 820 4901 τὸ
854 4843 1219 4920 οἰκοδομηθὲν
1246 4867 1259 4879 ’
1292 4847 1355 4902 τὸ
1389 4845 1446 4902 δὲ
1475 4847 1526 4903 ἐν
1565 4847 1713 4922 μέσῳ
1743 4846 1975 4916 τούτων,

311 4937 432 4994 οἷον
533 4933 921 5010 οἷκοδόμησις,
954 4939 1114 4992 τοῦτο
1146 4935 1356 5009 κίνησίς
1389 4936 1554 4994 ἐστιν.
1587 4939 1753 5016 Ὃπερ
1789 4935 1854 5008 δὴ
1885 4937 1976 4994 καὶ

313 5021 678 5104 ἐνδελέχειαν.
709 5023 1092 5102 ’Δριστοτὲλης
1118 5025 1402 5102 ὠνόμασεν
1414 5072 1426 5086 .

876 5211 970 5276 οζ¹.
1000 5207 1132 5280 Περὶ
1159 5205 1418 5282 ἀνάγκης.

398 5291 662 5370 Ἀνάγκην
725 5293 1084 5367 ὀνομάζουσιν
1117 5297 1168 5351 οἱ
1224 5293 1520 5374 φιλόσοφοι
1573 5293 1800 5372 δύναμίν
1859 5321 1980 5366 τινα

311 5383 716 5458 ἀναγκαστικήν
774 5389 871 5440 τοῦ
933 5385 1394 5460 ἀποτελέσματος
1467 5388 1581 5448 οἷόν
1613 5411 1666 5444 τι
1718 5387 1881 5468 λέγω·
1942 5393 1978 5460 ἡ

311 5469 654 5550 ἀστρολογία
704 5477 813 5529 τῶν
887 5470 1096 5550 ἄστρων
1155 5474 1459 5551 σχημάτων
1525 5475 1836 5554 ἐξήρτηται,
1891 5481 1980 5534 καὶ

310 5561 426 5616 τῶν
492 5563 832 5638 ὑψωμάτων,
891 5563 982 5618 καὶ
1039 5569 1147 5619 τῶν
1205 5564 1436 5642 φάσεων,
1489 5567 1578 5622 καὶ
1635 5573 1743 5623 τῶν
1777 5567 1983 5623 οἰκοδε-

313 5655 538 5708 σποτῶν
587 5653 678 5708 καὶ
728 5659 837 5709 τῶν
887 5651 944 5709 ἅ)
961 5652 1096 5711 λων.
1155 5657 1320 5712 ’Όταν
1379 5654 1469 5712 οὖν
1501 5654 1781 5733 συνδράμῃ
1810 5658 1983 5722 πάντα

315 5741 459 5817 πρὸς
517 5743 578 5798 τὸ
637 5742 902 5818 γενέσθαι,
975 5745 1064 5800 καί
1128 5741 1298 5818 μηδὲν
1357 5767 1408 5801 τι
1461 5747 1526 5816 ἦν
1562 5746 1878 5804 ἁντιπίπτον

2093 4765 2396 4838 que.Utin
2429 4765 2812 4822 aediﬁcatione
2843 4783 2950 4822 nec
3003 4765 3360 4838 principium
3413 4771 3502 4821 est
3551 4767 3753 4835 motio,

2090 4857 2360 4912 nondum
2417 4855 2570 4912 enim
2621 4860 2924 4922 movetur;
2977 4870 3165 4926 neque
3212 4855 3376 4922 finis,
3413 4857 3542 4927 jam
3593 4855 3754 4911 enim

2089 4945 2268 5002 desiit
2298 4945 2608 5016 aedificari;
2640 4946 2742 5002 sed
2776 4947 2970 5002 media
2999 4944 3058 5000 in
3091 4945 3210 5014 his,
3242 4945 3552 5002 aediﬁcatio
3593 4961 3755 5000 nem-

2089 5052 2181 5108 pe,
2218 5035 2401 5092 motio
2435 5039 2544 5108 est,
2579 5051 2758 5110 quam
2792 5035 2966 5092 etiam
3017 5035 3423 5093 endelechiam
3469 5033 3756 5092 Aristoles

2089 5124 2478 5196 nuncupavit.

2639 5215 2730 5270 77.
2764 5215 2838 5272 De
2868 5217 3203 5272 necessitate.

2159 5302 2586 5360 Necessitatem
2653 5305 2991 5377 philosophi
3053 5304 3355 5378 appellant
3429 5306 3752 5378 potentiam

2091 5397 2353 5450 coactam
2401 5395 2473 5450 ad
2525 5396 2816 5464 eﬂectum,
2871 5396 2956 5450 uti
3001 5395 3320 5468 astrologia
3349 5397 3550 5452 omnia
3579 5398 3756 5452 refert

2093 5483 2164 5540 ad
2201 5487 2494 5540 astrorum
2529 5483 3204 5556 aspectus,altitudines,
3237 5485 3754 5558 apparentias,do-

2094 5573 2319 5628 minum
2354 5573 2636 5646 geniturae
2668 5579 2724 5630 et
2755 5573 2994 5630 similia.
3031 5573 3092 5628 Si
3136 5574 3317 5646 igitur
3364 5574 3564 5630 omnia
3613 5591 3752 5631 con-

2093 5668 2333 5720 currant
2363 5667 2428 5719 ut
2457 5664 2560 5718 fiat
2588 5663 2810 5735 aliquid
2837 5662 2926 5718 vel
2957 5680 3074 5718 non
3125 5665 3248 5730 ﬁat,
3299 5678 3403 5719 nec
3452 5664 3528 5719 sit
3577 5665 3751 5736 quid-

2093 5769 2272 5827 quam
2306 5754 2627 5811 adversans
2657 5753 2744 5811 vel
2775 5753 3158 5826 contrarium,
3191 5754 3302 5818 hoc
3333 5755 3746 5822 necessitatem
