4110 6390
360 383 482 444 735
1697 383 2128 448 MICHAELIS
2175 384 2442 448 PSELLl
3669 383 3796 445 736

362 521 965 593 appellarunt,utpote
997 525 1151 593 quod
1185 525 1386 581 evitari
1422 531 1479 582 et
1511 525 1723 582 mutari
1749 525 2019 596 nequeat.

2153 520 2503 594 ἱντιιιείμενον
2565 521 2804 597 ἀνάγκην
2862 525 3023 577 τοῦτο
3075 521 3378 595 εἰρήκασιν,
3429 521 3504 586 ὡς
3559 523 3792 598 ἀπαραί-

361 609 543 681 Cujus
577 627 709 666 vero
737 611 1118 682 particularia
1150 619 1380 670 tantum
1405 616 1575 688 signa
1597 632 1658 671 se
1681 615 2025 678 olferunt,ut

2153 611 2293 680 ῖητόν
2353 632 2412 665 τε
2462 611 2550 665 καὶ
2613 612 2963 684 ἀμετάθετον.
3022 612 3093 665 Τὸ
3153 608 3210 665 δὲ
3268 610 3320 665 ἐν
3386 616 3632 685 μερικοῖς
3689 631 3795 680 ση-

364 699 489 754 ﬁeri
523 700 731 772 possit,
768 700 875 756 hoc
907 709 1194 758 vocarunt
1225 704 1591 776 contingens,
1632 702 1810 758 veluti
1865 700 2020 772 quod

2153 700 2310 762 ιείοις
2350 702 2450 769 τὴν
2503 697 2731 773 δύναμιν
2763 696 2917 777 ἕχον,
2946 705 3108 756 τοῦτο
3167 697 3528 776 ἐνδεχόμενον
3580 701 3790 778 ἀπεφή-

365 789 550 860 possit
584 788 704 841 ﬁeri
757 796 809 842 et
855 805 966 842 non
1016 791 1221 860 possit.
1276 791 1509 863 PrOprie
1558 796 1751 846 autem
1801 789 2021 844 contin-

2153 812 2310 860 ιαντο,
2373 792 2447 854 ὡς
2507 788 2803 864 δυνάμενον
2856 791 2944 846 καὶ
2993 792 3238 865 γενέσθαι
3281 791 3369 845 καὶ
3416 791 3492 864 μὴ
3524 791 3789 867 γενέσθαι.

366 892 510 948 gens
540 881 630 932 est
660 893 754 932 res
786 878 897 933 sub
931 878 1169 934 arbitrio
1201 886 1399 936 nostro
1427 883 1640 952 posita,
1690 884 1748 934 et
1798 876 2022 950 aequale

2153 878 2344 954 ἱυρίως
2402 876 2459 933 δὲ
2506 875 2868 954 ἐνδεχόμενόν
2927 878 3058 950 ἐστι,
3108 879 3170 933 τὸ
3230 879 3332 933 ὑπὸ
3388 879 3488 946 τὴν
3521 879 3792 954 ἡμετέραν

364 983 430 1022 ac
463 984 568 1037 par
599 971 966 1022 momentum
1018 969 1088 1023 ad
1143 969 1485 1025 alterutram
1539 974 1764 1042 partem
1816 983 2018 1024 secum

2153 969 2442 1045 προαίρεσιν
2499 969 2744 1042 κείμενον
2775 969 2885 1042 {xui
2933 970 3033 1039 τήν
3076 968 3158 1044 ἐφ’
3190 969 3413 1041 ἑκάτερα
3439 968 3612 1046 ῥοπὴν
3662 972 3790 1041 ’ἰσην

366 1055 612 1110 habens.

2153 1060 2216 1113 :ui
2253 1058 2442 1131 ὁμοίαν
2473 1055 2794 1134 δεχόμενον.

1009 1147 1098 1200 78.
1135 1149 1210 1202 Dc
1236 1149 1373 1218 fato.

439 1235 561 1291 Fati
593 1236 846 1292 rationes
878 1236 926 1292 si
959 1237 1092 1308 quis
1116 1241 1382 1293 accurate
1413 1235 1886 1309 intelligat,unde
1919 1237 2018 1293 de-

370 1326 640 1398 pendeat,
677 1343 921 1398 quaaque
952 1328 1079 1396 ejus
1107 1327 1184 1381 sit
1218 1331 1447 1393 natura,
1480 1325 1800 1382 maximum
1833 1325 2020 1398 philo-

369 1413 588 1488 80phiae
617 1419 838 1486 partem
873 1414 1476 1488 comprehendit;nam
1509 1431 1542 1470 a
1569 1414 1746 1487 vulgo
1786 1415 2020 1487 quidem

371 1503 782 1572 contemnitur,
808 1509 868 1559 at
895 1504 1280 1575 sapientiores
1312 1505 1420 1562 hoc
1452 1521 1665 1561 nomen
1691 1505 2024 1578 suspiciunt

371 1599 429 1652 et
460 1595 769 1651 mirantur.
804 1595 875 1650 Ut
904 1611 1036 1651 vero
1064 1595 1386 1666 generatim
1439 1595 1652 1664 dicam,
1699 1595 1885 1651 fatum
1935 1599 2026 1651 est

372 1689 586 1741 natura
616 1683 842 1752 mundi,
877 1701 1005 1756 qua
1054 1688 1246 1740 movet
1293 1701 1570 1756 corpora:
1625 1683 2024 1756 particulatim

372 1778 571 1830 autem
597 1779 685 1829 est
707 1773 954 1830 reﬂexus
979 1773 1224 1845 quidam
1257 1774 1457 1830 radius
1491 1773 1892 1846 providentia,
1921 1793 2022 1829 cu-

374 1862 645 1936 ratioque
677 1879 802 1936 qua
837 1880 953 1921 non
979 1863 1201 1920 directo
1233 1868 1396 1920 motu
1431 1864 1631 1934 utitur,
1669 1865 1752 1920 uti
1794 1863 2026 1936 proprie

372 1954 532 2011 dicta
563 1953 950 2025 providentia,
985 1953 1085 2009 sed
1121 1960 1378 2026 tempore
1411 1957 1465 2009 et
1495 1955 1618 2010 loco
1651 1955 1722 2010 ad
1756 1954 2024 2009 eﬂ‘ectum

371 2042 618 2115 indiget,
654 2044 808 2098 unde
839 2049 894 2098 et
927 2060 1140 2099 nomen
1172 2045 1327 2116 apud
1361 2045 1589 2100 Graecos
1639 2043 1834 2110 habet,
1887 2043 2030 2099 dici-

371 2135 589 2204 turque
648 2131 952 2206 εἱμαρμένη
1026 2133 1194 2204 quasi
1263 2130 1518 2206 εἰρομένη
1587 2133 1708 2189 sive
1775 2150 2032 2189 connexa

375 2221 643 2294 quaedam
679 2226 889 2277 natura
920 2227 975 2277 et
1006 2222 1354 2294 complicata
1375 2239 1443 2277 ex
1466 2222 2034 2294 pluribus.lncorpo-

372 2309 523 2366 rales
554 2309 733 2383 igitur
768 2327 859 2367 res
890 2311 1000 2366 sub
1033 2311 1157 2366 sola
1189 2316 1328 2367 sunt
1359 2311 1745 2384 providentia,
1789 2327 2033 2384 corpora

373 2404 570 2457 autem
603 2401 714 2456 sub
747 2401 1114 2473 providentia
1147 2406 1204 2457 et
1238 2402 1370 2458 fato.

840 2508 929 2562 79.
965 2509 1036 2564 De
1065 2510 1292 2579 fortuna
1322 2513 1377 2564 et
1406 2525 1556 2564 casu.

449 2597 706 2653 Fortuna
765 2599 1163 2654 accuratiores
1224 2598 1555 2670 philosophi
1613 2616 1726 2655 non
1793 2615 2031 2670 accepe-

377 2692 535 2755 runt,
572 2693 634 2742 ut
665 2687 1023 2758 quibusdam
1061 2705 1409 2759 persuasum
1443 2695 1551 2755 est,
1576 2706 1679 2760 pro
1712 2705 1771 2744 re
1803 2689 2034 2744 irratio-

377 2775 559 2832 nabili
586 2776 713 2831 sine
740 2777 944 2832 ordine
971 2781 1026 2831 et
1055 2793 1225 2846 nexu,
1247 2777 1346 2832 sed
1380 2781 1712 2834 statuerunt
1732 2795 1860 2834 esse
1892 2795 2030 2834 con-

378 2866 742 2922 secutionem
776 2866 1140 2921 indefinitam
1175 2866 1233 2922 in
1286 2867 1463 2923 rebus
1515 2885 1578 2923 ex
1632 2868 1929 2940 proposito
1979 2872 2036 2924 et

377 2961 616 3029 propter
649 2956 820 3011 finem
853 2955 1102 3028 aliquem
1137 2956 1448 3028 susceptis.
1487 2956 1648 3012 Verbi
1681 2958 1869 3030 gratia
1899 2958 2037 3013 exiit

379 3045 596 3117 aliquis
628 3046 800 3101 domo
829 3044 1062 3102 lavandi
1107 3062 1304 3112 causa,
1360 3047 1467 3101 hoc
1516 3063 1584 3103 ex
1633 3047 1931 3119 proposito
1979 3050 2038 3102 et

379 3141 620 3208 propter
649 3135 908 3208 aliquem
941 3136 1117 3191 ﬁnem
1156 3135 1309 3206 fecit,
1345 3141 1409 3191 ut
1458 3153 1669 3210 nempe
1713 3136 1772 3192 in
1827 3137 2036 3193 balneo

377 3223 693 3281 lavaretur.
749 3229 819 3282 At
867 3241 1216 3298 progressus
1266 3224 1474 3281 incidit
1527 3225 1585 3280 in
1634 3226 2026 3283 thesaurum:

377 3315 559 3387 hujus
593 3313 948 3370 inventionis
997 3331 1260 3382 causam,
1312 3316 1610 3372 fortunam
1659 3315 2032 3387 appellarunt

380 3404 698 3476 sapientes.
733 3404 903 3460 Casui
935 3422 1068 3460 vero
1099 3410 1215 3460 tam
1253 3405 1308 3460 in
1362 3403 1811 3461 rationabilibus
1855 3422 2030 3475 quam

379 3493 884 3550 irrationabilibus
906 3493 1100 3550 locum
1125 3511 1252 3550 esse
1277 3494 1577 3550 afﬁrmant
1597 3512 1608 3548 :
1627 3493 1682 3548 in
1718 3494 2034 3550 rationabi-

380 3582 539 3639 libus
572 3583 834 3654 quidem,
868 3588 933 3638 ut
966 3583 1010 3638 si
1043 3583 1217 3639 homo
1264 3582 1564 3640 cultellum
1611 3588 1818 3640 tenens
1865 3583 2034 3640 illum

385 3671 662 3729 manibus
690 3671 952 3729 excidere
982 3673 1258 3746 patiatur,
1292 3673 1504 3744 illeque
1535 3678 1728 3729 rectus
1761 3674 2040 3745 inligatur

382 3767 584 3833 terris;
615 3762 675 3818 in
708 3762 1210 3818 irrationabilibus
1241 3779 1398 3829 vero,
1436 3767 1499 3817 ut
1532 3762 1578 3818 si
1611 3780 1796 3834 equus
1847 3765 2038 3819 domi-

384 3871 526 3910 num
559 3854 904 3920 excusserit,
938 3858 993 3908 et
1025 3852 1115 3908 hic
1143 3870 1279 3908 casu
1315 3854 1566 3924 quodam
1601 3852 1820 3910 illaesus
1852 3854 2038 3910 abeat.

847 3962 935 4014 80.
973 3961 1046 4016 De
1075 3977 1182 4016 τευο
1213 3977 1277 4016 ac
1308 3966 1570 4032 tempore.

459 4053 628 4108 Entia
657 4052 918 4122 quaedam
954 4055 1013 4106 et
1037 4051 1429 4106 substantiam
1453 4056 1511 4106 et
1531 4055 1726 4106 actum
1760 4056 2043 4107 aeternum

382 4143 624 4212 habent,
655 4147 718 4196 ut
753 4157 941 4196 mens.
975 4139 1161 4211 Hujus
1193 4140 1350 4194 enim
1383 4145 1439 4194 et
1470 4139 1804 4196 substantia
1850 4141 2048 4195 nescia

385 4233 603 4289 mutari
636 4237 692 4287 et
723 4235 887 4286 actus
921 4229 1162 4284 minime
1193 4229 1576 4285 transitorius
1607 4235 1710 4285 aut
1741 4230 2047 4285 mutabilis

386 4320 682 4387 est,simul
714 4319 868 4375 enim
905 4321 960 4374 in
995 4337 1057 4374 se
1087 4319 1286 4374 omnia
1319 4335 1486 4374 mens
1517 4319 1798 4389 possidet.
1824 4322 1890 4374 At
1920 4328 2051 4375 cur'

390 4412 549 4485 poris
576 4415 631 4467 et
663 4410 995 4466 substantia
1025 4415 1081 4464 et
1111 4409 1368 4480 operatio
1393 4409 1751 4480 temporaria
1797 4413 1904 4464 est.
1960 4408 2052 4463 Sic

389 4521 445 4558 ν.
489 4518 546 4574 g.
593 4505 862 4556 nostrum
914 4516 1126 4570 corpus
1177 4499 1574 4554 substantiam
1630 4499 2052 4570 temporariam

1523 4592 1580 4642 et
1627 4568 2035 4659 operationem

2159 4585 2246 4638 xui
2290 4583 2425 4638 κατὰ.
2486 4581 2678 4658 μικρὸν
2741 4579 3040 4650 αὐξάνεται,
3101 4574 3189 4629 καὶ
3250 4573 3349 4640 τήν
3407 4571 3696 4644 ἐνέργειαν,
3756 4568 3819 4622 οὐ

395 4593 590 4650 habet.
621 4589 907 4662 paulatim
953 4589 1108 4644 enim
1157 4591 1407 4658 augetur
1457 4605 1469 4642 :

396 4700 509 4739 non
533 4681 688 4737 enim
712 4679 1108 4734 simulomnia
1129 4678 1266 4749 agit.
1303 4684 1377 4731 At
1418 4677 1619 4732 anima
1649 4678 2046 4733 substantiam

392 4773 630 4845 quidem
665 4771 842 4825 habet
870 4774 1170 4833 aeternam,
1205 4783 1393 4838 neque
1426 4766 1583 4821 enim
1632 4766 1851 4822 sensim
1908 4771 2043 4822 nata

390 4866 500 4930 ost,
535 4860 935 4932 operationem
970 4861 1165 4912 autem
1198 4855 1444 4927 tempori
1479 4855 1829 4926 subjectam,
1853 4873 2043 4928 neque

390 4951 547 5006 enim
581 4948 757 5006 simul
792 4947 990 5002 omnia
1021 4945 1257 5014 cogitat,
1293 4945 1392 4999 sed
1429 4961 1496 4998 ex
1533 4961 1651 4999 una
1695 4943 2044 5017 cogitatione

390 5040 697 5096 descendit
725 5039 798 5093 ad
831 5036 1026 5092 aliam.
1073 5033 1210 5088 Tale
1259 5033 1431 5088 etiam
1481 5040 1571 5088 est
1618 5031 1852 5102 coelum,
1905 5037 2044 5090 sub-

393 5127 611 5182 stantia
659 5125 942 5181 nimirum
992 5127 1298 5190 mternum,
1349 5121 1449 5177 sed
1501 5121 1726 5178 ratione
1771 5123 2045 5181 motionis

395 5232 511 5270 suae
542 5215 794 5285 tempori
825 5219 882 5269 et
913 5216 1108 5285 ipsum
1141 5212 1500 5282 subjectum.

829 5393 918 5446 81.
957 5397 1032 5447 De
1060 5392 1304 5463 quinque
1332 5391 1604 5446 sensibus.

468 5481 627 5538 Visio
657 5482 980 5553 fit,quando
1007 5499 1075 5536 ex
1096 5480 1283 5536 oculis
1316 5480 1635 5552 procedens
1665 5480 1762 5536 lux
1797 5483 2050 5538 occurrit

398 5570 610 5627 lumini
657 5589 690 5627 a
727 5570 1080 5644 corporibus
1107 5570 1251 5625 visis
1283 5571 1683 5642 promananti,
1707 5572 1864 5644 quod
1889 5572 2046 5628 Plato

2621 1150 2723 1217 οη’.
2767 1147 2896 1222 Περῖ
2939 1147 3242 1224 εἱμαρμένη
3255 1170 3302 1210 ς.

2203 1239 2310 1307 Τὴν
2357 1238 2696 1314 εἶμαρμένην
2753 1237 2804 1292 εἶ’
2861 1260 2944 1300 τις
3001 1239 3160 1314 γνοίη
3232 1238 3324 1293 σὺν
3377 1237 3648 1312 ἀκριϐείᾳ,
3703 1241 3796 1296 καὶ

2133 1327 2251 1382 ὅθεν
2310 1327 2398 1382 καὶ
2458 1328 2620 1383 ὁποία
2670 1330 2766 1396 τὴν
2826 1328 3005 1406 φύσιν,
3057 1327 3248 1403 μερίδα
3306 1329 3441 1405 πρὸς
3471 1329 3797 1406 φιλοσοφίαν

2137 1417 2391 1493 μεγίστην
2452 1415 2784 1495 παρείληφε,
2844 1419 2989 1494 παρᾶ
3050 1420 3144 1491 μὶν
3192 1420 3292 1494 γὰρ
3349 1425 3466 1481 τοῖς
3531 1417 3796 1488 πολλοῖς,

2133 1509 2450 1581 ἁτιμάζεται
2508 1506 2774 1581 τοῦνομα,
2834 1509 2979 1582 παρᾶ
3037 1506 3094 1564 δὶ
3146 1515 3262 1570 τοῖς
3298 1508 3633 1586 σοφωτέροις
3667 1521 3795 1574 Θαυ-

2138 1599 2380 1672 μάζεται.
2436 1599 2591 1655 Ἔστι
2625 1595 2682 1652 δὲ
2711 1603 2940 1672 γενικῶς
2976 1597 3166 1663 εἰπεῖν,
3200 1601 3234 1666 ἡ
3270 1599 3427 1672 φύσις
3456 1603 3552 1653 τοῦ
3582 1598 3796 1672 κόσμου

2133 1689 2169 1756 ἡ
2223 1691 2446 1742 κινοῧσα
2503 1689 2568 1741 τὰ
2627 1686 2874 1759 σώματα·
2938 1689 3072 1741 κατίι
3127 1689 3290 1762 μέρος
3322 1684 3379 1742 δὲ
3430 1684 3651 1762 δευτέρα
3709 1707 3794 1750 τις

2134 1776 2393 1850 προνοίας
2463 1772 2744 1849 ἕλλαμψις
2791 1777 2880 1832 καὶ
2942 1775 3247 1847 ἐπιστασία,
3307 1775 3373 1830 οὐ
3422 1777 3538 1832 καθ’
3586 1776 3793 1841 εὐθεῖαν

2061 1893 2108 1959 Β
2135 1867 2234 1935 τήν
2286 1868 2498 1936 κίνησιν
2528 1863 2755 1940 ἔχουσα,
2815 1865 2995 1939 ὥσπερ
3055 1869 3088 1935 ἡ
3149 1864 3354 1942 κυρίως
3385 1864 3495 1920 ἐστὶ
3535 1865 3785 1939 πρόνοια,

2139 1953 2286 2011 ἄλλὰ
2350 1953 2582 2029 δεομένη
2665 1959 2861 2030 καιροῦ
2918 1955 3008 2010 καὶ
3065 1955 3235 2010 τόπου
3290 1955 3365 2018 εἷς
3422 1951 3792 2027 ἀποτέλεσμα,

2141 2045 2258 2102 ὅθεν
2314 2045 2404 2100 καὶ
2446 2046 2750 2120 εἱμαρμένη
2805 2043 3020 2120 λέγεται
3084 2047 3158 2108 ὡς
3218 2044 3472 2119 εἰρομένή
3517 2065 3598 2107 τις
3633 2042 3794 2118 φύσις

2140 2135 2229 2190 καὶ
2268 2131 2743 2208 συμπεπλεγμένη
2779 2131 2868 2188 διὰ
2899 2132 3147 2189 πολλῶν.
3172 2132 3250 2190 Τὰ
3285 2133 3378 2206 μὲν
3410 2129 3500 2187 οὖν
3533 2131 3799 2205 ἀσώματα

2142 2226 2246 2282 ὑπὸ
2277 2220 2530 2302 πρὸνοιαν
2561 2223 2671 2280 έστὶ
2703 2224 2896 2298 μόνην·
2929 2225 2995 2280 τὰ
3026 2221 3083 2279 δὲ
3114 2224 3344 2297 σώματα
3378 2224 3480 2278 ὑπὸ
3532 2221 3793 2294 πρόνοιαν

2139 2316 2229 2371 καὶ
2264 2315 2627 2389 εἱμαρμένην.

2499 2513 2593 2569 οϐ’.
2632 2511 2758 2586 Περὶ
2787 2510 2964 2587 τύχης
2993 2511 3082 2566 καὶ
3115 2511 3448 2583 αὐτομάτου.

2212 2603 2322 2670 Τήν
2349 2600 2527 2677 τύχην
2561 2599 2688 2675 οὐχ,
2742 2600 2816 2663 ὡς
2871 2600 3158 2672 νομίζουσί
3213 2619 3371 2666 τινες,
3403 2599 3455 2652 οἳ
3486 2591 3800 2669 ἀκριϐέστε-

2144 2712 2230 2767 ροι
2286 2695 2392 2744 τῶν
2450 2687 2766 2767 φιλοσόφων
2820 2687 3064 2760 ἐδέξαντο
3097 2691 3211 2743 οἷον
3269 2685 3464 2762 ἄλογόν
3497 2706 3616 2740 τινα
3639 2684 3796 2763 φύσιν

2142 2780 2229 2835 καὶ
2295 2781 2368 2852 μὴ
2428 2777 2657 2854 ἔχουσαν
2709 2779 2879 2850 τάξιν,
2937 2775 3076 2852 μηδὲ
3109 2777 3321 2849 εἱρμὸν,
3379 2773 3526 2830 ἁλλά
3555 2795 3796 2849 παρακο-

2144 2868 2403 2942 λούθημα
2460 2868 2662 2939 ταύτην
2723 2867 2974 2942 ἀόριστον
3036 2865 3087 2920 έν
3145 2871 3259 2927 τοῖς
3297 2864 3434 2920 κατὰ
3461 2863 3799 2939 προαίρεσιν,

2143 2959 2233 3014 καὶ
2289 2955 2444 3014 ἕνεκά
2495 2979 2643 3020 τινος
2700 2958 2996 3033 γενομένην
3029 2953 3323 3031 ὡρίσαντο.
3385 2955 3516 3011 Οἴον
3550 2952 3801 3026 προελή-

2144 3046 2274 3104 λυΘέ
2297 3069 2380 3110 τις
2435 3046 2495 3102 ἐκ
2535 3055 2634 3117 τῆς
2684 3046 2857 3109 οἰκέας
2888 3045 3245 3120 λουσόμενος·
3288 3043 3423 3114 αῧτη
3481 3045 3516 3112 ἡ
3566 3039 3804 3118 πρόοδος

2145 3137 2204 3193 έκ
2254 3138 2622 3212 προαιρέσεως
2679 3137 2769 3191 καὶ
2834 3132 2990 3192 ἕνεκά
3056 3155 3205 3196 τινος
3263 3134 3604 3207 πράγματος,
3657 3132 3805 3186 τοῦτ’

2146 3225 2287 3282 ἔστιν
2342 3231 2440 3281 τοῦ
2491 3225 2807 3282 λούσασθαι.
2860 3226 2990 3280 Εἶτα
3049 3222 3456 3299 προερχόμενος
3487 3217 3648 3297 ἔτυχε
3703 3231 3801 3291 θη-

2144 3321 2343 3392 σαυρῷ-
2404 3316 2503 3384 τήν
2564 3313 2654 3370 οὖν
2693 3313 2865 3369 αἰτίαν
2918 3321 3017 3382 τῆς
3078 3311 3340 3388 εὑρέσεως
3396 3315 3498 3366 τοῦ
3531 3312 3804 3383 θησαυροῦ

2139 3407 2320 3481 τύχην
2380 3403 2668 3478 ὠνόμασαν
2733 3405 2784 3458 οἱ
2842 3403 3021 3478 σοφοί.
3078 3402 3148 3456 Τὸ
3209 3402 3467 3476 μέντοιγε
3496 3399 3802 3472 αὐτόματον

2142 3494 2316 3550 καὶέν
2375 3500 2492 3558 τοῖς
2552 3492 2804 3568 λογικοῖς
2857 3493 2944 3547 καὶ
3007 3491 3060 3546 έν
3121 3496 3232 3553 τοῖς
3293 3489 3518 3566 ἀλόγοις
3547 3487 3802 3545 τιθέασιν.

2146 3584 2232 3639 Ἐν
2300 3584 2393 3656 μὶν
2447 3583 2565 3644 τοῖς
2617 3580 2890 3655 λογικοῖς,
2950 3578 3074 3635 ὅταν
3134 3576 3484 3655 μαχαιρίδων
3520 3575 3624 3632 ἀπό
3653 3595 3802 3638 τινος

2143 3676 2469 3748 κρατοῦντος
2501 3669 2849 3730 έκπεπτωκὸς
2907 3669 3022 3723 κατ’
3083 3667 3250 3744 ὀρθὸν
3316 3664 3586 3742 ἐμπαγιίη
3618 3667 3687 3729 τῆ

2150 3762 2201 3816 ἐν
2238 3759 2296 3816 δὶ
2324 3767 2439 3822 τοῖς
2470 3759 2716 3834 ἀλόγοις,
2752 3760 2876 3814 ὅταν
2909 3779 2989 3820 τις
3015 3757 3186 3819 ’ἱππος
3216 3758 3307 3812 τὸν
3359 3755 3623 3824 δεσπότην
3677 3754 3816 3807 ἁπο-

2153 3846 2365 3923 ὅαλὼν,
2399 3850 2502 3903 ἀπὸ
2527 3849 2871 3921 ταυτομάτου
2904 3845 3217 3916 διασωθείη.

2563 3957 2637 4010 π’.
2674 3956 2802 4032 Περὶ
2835 3955 3031 4017 αἰῶνος
3062 3953 3151 4008 καὶ
3185 3952 3415 4028 χρόνου.

2225 4051 2340 4100 Τῶν
2393 4042 2556 4099 ὄντων
2607 4047 2674 4100 τὰ
2728 4045 2821 4118 μὲν
2873 4045 2962 4098 καὶ
2988 4044 3087 4111 τὴν
3117 4041 3323 4112 οὐσίαν,
3385 4039 3476 4095 καὶ
3534 4039 3633 4108 τὴν
3666 4035 3812 4111 ἐνέρ-

2154 4157 2300 4212 γειαν
2355 4132 2471 4210 ἔχει
2533 4133 2776 4204 αἶ’ώνιον,
2839 4137 2955 4189 οἷον
3008 4133 3036 4186 ὁ
3095 4135 3240 4192 νοῦς.
3283 4129 3488 4185 Τούτου
3519 4129 3622 4203 γὰρ
3655 4125 3744 4181 καὶ
3779 4126 3814 4194 ἡ

2159 4222 2315 4281 οὐσία
2391 4223 2664 4296 ἀκίνητος,
2734 4223 2821 4278 καὶ
2897 4225 2932 4291 ἡ
2993 4219 3234 4295 ἐνέργεια
3302 4213 3642 4292 ἁμετάϐατος
3691 4216 3814 4289 (7').

2155 4317 2330 4388 Ὁμοῦ
2377 4315 2478 4390 γὰρ
2535 4312 2651 4390 ἔχει
2712 4312 2764 4368 ἐν
2829 4311 2974 4383 αὖτῷ
3024 4309 3216 4364 πάντα.
3273 4309 3344 4362 Τὸ
3401 4304 3459 4362 δὲ
3512 4311 3671 4376 σῶμα
3727 4304 3819 4358 καὶ

2160 4405 2259 4473 τὴν
2322 4403 2510 4458 οόσίαν
2581 4401 2847 4479 ἔγχρονον
2899 4398 3015 4476 ἔχει
3064 4397 3153 4453 καὶ
3208 4397 3307 4464 τήν
3367 4393 3652 4469 ἐνέργειαν.
3687 4393 3818 4446 Οἷον

2162 4495 2249 4549 καὶ
2311 4493 2373 4548 τὸ
2425 4494 2695 4568 ἡμέτερον
2722 4495 2882 4563 σῶμα
2909 4489 2995 4544 καὶ
3020 4488 3119 4555 τὴν
3153 4483 3337 4540 οὗσίατ
3383 4481 3646 4556 ἔγχρονον
3681 4476 3821 4554 ἔχειν

2159 4676 2264 4750 γὰρ
2296 4673 2436 4745 ὁμοῦ
2467 4669 2676 4746 ἐνεργεῖ
2705 4668 2899 4725 πάντα.
2952 4666 3015 4721 Ἡ
3072 4660 3129 4717 δὲ
3183 4661 3337 4737 ψυχὴ
3381 4660 3516 4714 κατὰ
3567 4658 3661 4731 μὶν
3720 4659 3822 4727 τὴν

2159 4747 2342 4818 οὐσίαν
2398 4759 2616 4821 αἰώνιός
2669 4756 2838 4826 ἐστιν,
2897 4751 3022 4808 οὐδὲ
3051 4751 3152 4827 γὰρ
3181 4749 3318 4805 κατᾶ
3353 4748 3547 4824 μικρὸν
3594 4747 3821 4824 γεγένη-

2151 4874 2260 4908 ται·
2313 4850 2449 4906 κατᾶ
2507 4847 2565 4904 δὲ
2619 4849 2720 4917 τὴν
2769 4845 3033 4921 ἐνέργειαν
3081 4841 3288 4917 χρόνου
3342 4839 3582 4915 μετέχειο
3624 4836 3684 4893 οὗ
3717 4837 3822 4914 γὰρ

2154 4944 2296 5016 ὁμοῦ
2357 4938 2475 5015 ἔχει
2531 4937 2705 4993 πάντα
2753 4934 2821 4989 τὰ
2867 4933 3120 5004 νοήματα
3178 4929 3229 4985 έν
3293 4930 3486 5002 ἑαυτῷ,
3541 4926 3667 4984 ἀλλ’
3727 4928 3799 5016 at?

2155 5013 2338 5108 ἑτέρου
2389 5013 2725 5102 θήμεταϐαίνει
2805 5022 2881 5086 εἷς
2951 5018 3158 5097 ἕτερον.
3221 5018 3319 5074 Καὶ
3370 5020 3407 5108 ,ὁ
3467 5016 3721 5108 οὐρανόςΔ
3759 5013 3818 5071 δέ

2152 5105 2400 5181 τοιοῦτός
2461 5116 2626 5184 ἐστιν,
2684 5113 2771 5170 καὶ
2832 5111 3053 5172 αἰώνιος
3111 5110 3205 5182 μὶν
3255 5107 3392 5164 κατᾶ
3442 5109 3543 5178 τήν
3602 5105 3814 5174 οὐσίαν,

2153 5210 2290 5265 κατά
2367 5204 2426 5262 δὶ
2491 5208 2590 5274 τὴν
2663 5202 2872 5273 κίνησιν
2936 5200 3037 5256 ὑπὸ
3085 5199 3281 5276 χρόνον
3339 5197 3429 5254 καὶ
3489 5197 3651 5259 αὐτὸς
3701 5195 3817 5250 κεί-

2160 5320 2342 5374 μενος.

2503 5391 2610 5440 πα’.
2644 5381 2773 5458 Ηερὶ
2803 5386 2911 5437 τῶν
2945 5381 3104 5436 πέντε
3135 5378 3462 5451 αἰσθήσεων.

2225 5480 2286 5535 ’11
2317 5478 2506 5551 ὅρασις
2534 5475 2744 5551 γίνεται
2774 5471 2897 5526 ὅταν
2929 5472 2992 5526 τὸ
3045 5469 3149 5524 ἀπὸ
3195 5472 3302 5523 τῶν
3351 5460 3651 5542 ὀφθαλμῶν
3692 5463 3816 5551 -φῶς

2159 5563 2522 5647 έκφερόμενον
2603 5564 2908 5637 συναντήσῃ
3003 5563 3082 5631 τῷ
3164 5556 3269 5612 ἀπὸ
3351 5558 3457 5610 τῶν
3548 5549 3817 5622 σωμάτων

1996 5679 2226 5736 ΝΟΤΛΕ.

471 5751 572 5826 (7‘)
603 5751 694 5809 Al.
724 5743 1126 5825 ἀμετάϐλητος.
