4110 6420
292 423 408 483 737

287 550 600 629 συρῥὲοντι,

291 640 600 713 Ἀκούομεν
651 639 730 710 τῷ
780 635 920 709 κενῷ
965 640 1046 708 τῷ
1105 634 1254 697 ἐντὸς
1311 639 1408 690 τοῦ
1431 634 1592 707 ὠτὸς,
1641 640 1802 690 τοῦτο
1849 634 1953 710 γὰρ

291 732 429 788 εἶναι
464 729 528 784 τὸ
561 725 799 802 διηχοῦν
847 726 985 780 κατὰ
1025 725 1125 792 τήν
1169 728 1265 779 τοῦ
1315 722 1620 796 πνεύματος
1677 719 1956 796 ἐμϐολήν.

292 817 700 897 Ὀσφραίνομεν
733 813 790 869 δὲ
819 819 899 887 τῷ
948 815 1266 889 ἡγεμονικῷ
1311 817 1390 884 τῶ
1437 809 1552 868 ὄντι
1601 812 1652 868 ἐν
1699 817 1779 884 τῷ
1810 812 1959 886 ἐγκε-

295 911 484 984 φάλῳ,
547 905 765 961 ἕλκοντι
824 901 883 958 δὲ
956 901 1045 956 διὰ
1107 906 1216 956 τῶν
1265 903 1548 956 ἀναπνοῶν
1603 902 1698 965 τὰς
1763 901 1958 973 ὀσμάς.

298 997 540 1070 Γεύομεν
577 993 635 1050 δὶ
662 998 730 1067 τῇ
785 993 1071 1067 ἀραιοτητι
1119 994 1221 1056 τῆς
1277 989 1534 1066 γλώττης
1563 991 1652 1046 καὶ
1681 994 1750 1064 τῇ
1785 989 1958 1063 μαλαο

299 1087 516 1158 κότητι,
557 1085 648 1140 καὶ
693 1081 783 1138 διὰ
822 1083 884 1137 τὸ
925 1081 1210 1136 συνάπτειν
1258 1080 1354 1142 τὰς
1410 1080 1515 1135 ἀπὸ
1567 1085 1663 1135 τοῦ
1708 1080 1962 1152 σώματος

300 1177 378 1239 εἷς
413 1175 584 1243 αὐτὴν
641 1166 848 1250 φλέϐας
900 1172 1001 1240 τὴν
1059 1170 1240 1248 φύσιν.
1299 1171 1360 1225 Ἠ
1419 1166 1476 1224 δὲ
1536 1171 1689 1248 φωνή
1749 1169 1968 1242 πνεῦμά

305 1264 414 1321 ἐστὶ
448 1261 539 1319 διὰ
567 1267 664 1318 τοῦ
696 1262 988 1334 στόματος,
1040 1260 1145 1314 ἀπὸ
1197 1257 1436 1321 διανοίας
1461 1260 1723 1334 ἠγμένον.
1754 1261 1968 1314 "Anto-

308 1374 402 1430 μεν
441 1351 500 1408 δὲ
549 1350 669 1425 ὅλῳ
719 1354 798 1422 τῷ
851 1349 1087 1422 σώματι,
1149 1346 1288 1404 διότι
1343 1349 1786 1425 ἀποπερατώσεις
1839 1347 1966 1420 εἷ’σὶ,

306 1442 375 1500 δι’
406 1445 479 1498 ὧν
514 1441 840 1514 αἰσθάνομεν
869 1441 944 1493 ὧν
975 1439 1276 1512 ἁπτόμεθα.

434 1559 546 1635 πβ’.
681 1553 881 1627 ἀληθὲς
910 1549 1519 1635 τὸῌκαταϐασκαίνεσθαί
1553 1579 1706 1620 τινας
1741 1557 1842 1613 ὑπὸ

935 1631 1040 1682 τῶν
1079 1627 1356 1703 ὁρώντων.

383 1725 461 1785 Ού
520 1723 719 1800 ψεῦδος
778 1725 888 1780 ἔστι
975 1726 1038 1779 τὸ
1122 1725 1614 1802 καταμαραίνεσθαί
1679 1748 1822 1790 τινας
1881 1727 1969 1783 καὶ

309 1810 830 1876 καταϐασκαίνεσθαι
910 1814 1014 1869 ὑπὸ
1087 1821 1188 1882 τῆς
1266 1818 1374 1868 τῶν
1456 1815 1710 1892 ὁρώντων
1771 1815 1970 1889 ὅψεως.

1477 415 1581 476 DE
1626 412 2068 476 OMNIFARIA
2113 411 2506 472 DOCTBlNA
2524 455 2538 470 .
3601 408 3718 470 733

683 547 816 624 ὅπερ
871 547 899 602 ὁ
982 542 1215 603 Πλάτων
1304 543 1558 618 ὀνομάζει
1618 543 1995 619 συναύγειανη

2113 543 2387 617 ύναύγειαν
2419 542 2696 616 appellat,
2732 561 2836 598 nos
2870 543 3359 598 corradiationem
3410 543 3531 598 sive
3579 559 3717 598 cen-

2065 651 2304 689 cursum
2339 632 2639 688 radiorum
2673 633 2864 687 dicere
2919 648 3249 704 possumus.
3301 632 3587 688 Audimus
3617 645 3723 703 per

2068 726 2374 779 cavitatem
2427 739 2691 791 vacuam,
2747 739 2873 794 qua:
2907 723 2965 776 in
3007 739 3146 777 aure
3177 725 3285 784 est,
3317 722 3577 777 irruente
3599 721 3721 793 spi-

2070 816 2185 869 ritu
2221 813 2989 887 personantem.0lfacimus
3017 818 3216 869 mente
3237 830 3363 884 qua:
3394 813 3448 867 in
3485 814 3724 869 cerebro

2072 903 2288 959 residet
2318 908 2374 958 et
2406 920 2508 976 per
2538 901 2836 975 spiracula
2869 903 3076 957 odores
3108 902 3371 958 attrahit.
3405 905 3726 957 Gustamus

2073 991 2221 1048 raris
2253 997 2307 1047 et
2341 993 2620 1048 mollibus
2641 992 2854 1063 linguae
2876 991 3651 1063 partibus,quandoquidem
3671 996 3731 1046 et

2071 1099 2252 1138 venas
2277 1083 2536 1154 corporis
2565 1085 2772 1136 natura
2806 1081 2874 1136 ad
2912 1079 3071 1136 illam
3125 1079 3419 1135 adnexuit.
3478 1079 3603 1134 Vox
3642 1083 3733 1135 est

2076 1169 2324 1242 spiritus
2357 1187 2460 1242 per
2483 1188 2547 1226 os
2595 1175 2789 1226 mente
2820 1173 3057 1225 auctore
3087 1171 3364 1226 emissus.
3399 1169 3730 1241 Tangimus

2076 1263 2198 1315 toto
2257 1277 2518 1332 corpore,
2569 1260 2788 1332 quippe
2845 1259 2938 1314 cui
2999 1259 3338 1330 superﬁcies
3378 1270 3433 1315 et
3471 1263 3734 1314 extrema

2078 1353 2234 1418 sunt,
2264 1366 2368 1422 per
2397 1366 2524 1422 quas
2559 1351 2849 1405 sentimus
2891 1365 3024 1405 cum
3059 1347 3478 1421 contingimur.

2079 1559 2167 1615 82.
2195 1559 2336 1615 Nam
2353 1573 2546 1614 verum
2573 1558 2649 1613 sit
2703 1556 2919 1628 aliquos
2974 1571 3014 1612 α
3042 1555 3362 1612 videntibus
3407 1553 3736 1628 fascinari?

2153 1730 2276 1786 Non
2312 1733 2400 1786 est
2447 1727 2769 1785 mendaciis
2828 1727 3245 1784 ascribendum
3288 1728 3578 1799 quosdam
3612 1725 3739 1784 acie

2083 1821 2408 1875 videntium
2471 1825 2772 1874 contactos
2819 1833 3080 1872 marcere
3144 1823 3201 1872 et
3254 1817 3550 1873 fascinari.
3574 1815 3736 1873 Visio

320 1905 700 1970 Πολυκίνητος
732 1904 836 1978 γὰρ
865 1905 898 1972 ἡ
951 1899 1073 1976 ὄψις
1134 1900 1266 1958 οῦσα
1313 1905 1448 1976 μετά
1476 1904 1783 1977 πνεύματος
1812 1904 1979 1975 αὐτὴν

2113 1910 2243 1968 ιηὶιη
2277 1926 2409 1963 cum
2445 1909 2652 1979 spiritu
2684 1924 2810 1962 eam
2837 1908 3140 1962 emittente
3171 1907 3407 1962 mobilis
3439 1907 3606 1962 valde
3625 1911 3735 1975 est,

323 1993 594 2072 ἀφιέντος.
645 1989 880 2064 Πυρώδη
939 1992 1030 2046 καὶ
1093 1995 1429 2064 θαυματικήν
1505 2015 1625 2048 τινα
1682 1992 1979 2069 διασπείρει

318 2080 566 2156 δύναμιν,
601 2081 740 2137 ὥστε
798 2078 986 2136 πολλά
1032 2082 1119 2136 καὶ
1169 2083 1397 2158 πάσχειν
1442 2083 1532 2136 γαὶ
1577 2089 1753 2138 ποιεῖν
1788 2081 1983 2138 διἀύ-

327 2179 422 2240 τῆς
446 2174 533 2227 τὸν
566 2169 876 2245 ἄνθρωπον.
930 2170 1036 2225 Καὶ
1089 2175 1193 2225 τῶν
1248 2171 1547 2247 ἐρωτικῶν,
1591 2171 1622 2227 ἃ
1654 2170 1720 2242 δὴ
1758 2175 1983 2249 μέγιστα

329 2260 418 2314 καὶ
472 2258 806 2338 σφοδρότατα
854 2262 1153 2332 παθήματα
1199 2264 1300 2332 τῆς
1355 2265 1544 2336 ψυχῆς
1596 2260 1763 2332 ἔστιν,
1797 2264 1977 2339 ἀρχὴν

321 2351 356 2418 ἡ
392 2348 516 2423 aqu;
547 2347 839 2418 ὶνδίδωσιν,
891 2349 1030 2404 ὥστε
1080 2347 1191 2426 ῥεῖν
1234 2350 1324 2404 καὶ
1353 2346 1628 2415 λείϐεσθαι
1658 2353 1752 2406 τὸν
1785 2353 1980 2426 ἐρωτι-

311 2437 432 2508 κὸν,
465 2438 588 2494 ὅταν
634 2434 886 2514 ἐμϐλέπῃ
933 2444 1052 2502 τοῖς
1098 2439 1320 2514 ἀγαθοῖς
1367 2441 1458 2494 καὶ
1504 2441 1720 2503 καλοῖς.
1759 2443 1829 2496 Τὸ
1857 2445 1980 2519 γὰρ,

321 2525 411 2582 διά
466 2533 574 2583 τῶν
629 2528 896 2602 ὀμμάτων
957 2525 1237 2597 ἐκπίπτον,
1301 2527 1407 2584 εἷ’τε
1459 2534 1573 2604 φῶς
1623 2531 1729 2586 εἴτε
1779 2531 1983 2607 ῥεῦμαὸ

316 2616 444 2680 τοὺς
477 2617 712 2684 ἐρῶντας
765 2617 981 2688 ἐκτήκει
1029 2617 1120 2672 καὶ
1169 2616 1468 2685 ἀπόλλυσι,
1511 2621 1736 2690 τοιαύτη
1771 2620 1978 2694 γίνεται

323 2704 567 2771 διάδοσις
609 2707 699 2761 καὶ
748 2705 1053 2777 ἀνάπληξις
1107 2708 1211 2762 ὑπὸ
1259 2715 1358 2778 τῆς
1407 2705 1608 2782 ὅψεως.
1641 2710 1710 2765 Αἱ
1739 2711 1840 2785 γὰρ
1873 2716 1982 2765 τῶν

337 2793 525 2850 καλῶν
557 2791 730 2869 ὄψεις,
766 2795 863 2850 κᾶν
914 2795 1060 2870 πάγο
1119 2796 1401 2872 πορῥωθεν
1457 2793 1852 2868 ἀντιϐλέπωσι,
1880 2805 1985 2876 πῦρ

331 2883 387 2938 ἒν
439 2891 559 2947 ταῖς
611 2889 716 2940 τῶν
777 2883 1053 2961 ἐρωτικῶν
1112 2889 1318 2960 ψυχαῖς
1376 2887 1692 2945 ἀνάπτουσι.
1766 2889 1867 2946 Καὶ
1925 2890 1988 2944 τὸ

335 2978 499 3046 σῶμα
529 2971 586 3028 δὲ
624 2979 731 3029 τῶν
777 2973 1062 3048 ἐρωμένων
1113 2974 1203 3029 καὶ
1254 2975 1546 3051 ὁρωμένων
1593 2975 1891 3053 βλάπτεται
1934 2977 1986 3033 ἐν

335 3067 462 3126 ταῖς
491 3061 764 3126 τοιαύταις
805 3065 1129 3144 ἀποφοραῖς.

678 3153 782 3229 πγ’.
814 3155 936 3227 ΙΙῷς
971 3155 1026 3210 αἱ
1057 3151 1361 3229 συλλήψεις
1392 3153 1655 3233 γίνονται.

419 3243 483 3300 Ἡ
508 3240 783 3317 σύλληψις
829 3248 936 3298 τῶν
991 3243 1141 3314 ζώων
1183 3244 1412 3320 γίνεται,
1467 3248 1556 3301 καὶ
1608 3245 1845 3320 μάλιστα
1891 3251 1970 3303 τῶ

327 3330 651 3407 ἀνθρώπων,
701 3332 826 3388 ὅταν
911 3331 1246 3404 ἐπιτήδειος,
1293 3334 1383 3390 καὶ
1461 3335 1726 3412 ξηροτέρα
1786 3336 1996 3411 συμμὲ’

332 3441 477 3496 τρως
530 3423 566 3492 ἡ
629 3423 812 3498 μήτρα
854 3443 1078 3499 γενηται
1157 3424 1293 3498 πρὸς
1361 3424 1461 3492 τὴν
1519 3423 1844 3501 παραδοχὴν
1901 3430 2000 3481 τοῦ

335 3511 646 3586 σπέρματος
725 3512 834 3566 τῶν
931 3513 1288 3585 καταμηνίων
1356 3514 1868 3586 συνεπισπωμένων
1911 3516 1987 3570 ἀπ

345 3600 546 3664 παντὸς
593 3596 762 3675 ὄγκου
815 3601 980 3678 μέρος
1025 3622 1078 3655 τι
1124 3605 1222 3656 τοῦ
1278 3607 1516 3678 καθαροῦ
1563 3601 1820 3676 αἶ’ματος.
1855 3612 2003 3678 Συμ-

334 3685 596 3744 ϐάλλεται
631 3687 688 3744 δὲ
734 3689 824 3744 καὶ
866 3691 930 3745 τὸ
980 3689 1120 3759 θῆλυ
1180 3691 1316 3766 πρὸς
1363 3693 1463 3761 τὴν
1521 3691 1716 3763 κύησιν
1762 3694 2008 3770 ἐξυγραι-

333 3779 541 3851 νομένη
599 3781 698 3850 τήν
754 3781 963 3856 μήτραν
1022 3778 1074 3834 ἐν
1133 3786 1251 3842 ταῖς
1302 3780 1533 3854 μίξεσιν,
1567 3785 1601 3851 ἠ
1666 3781 1724 3837 δὲ
1776 3784 2005 3859 ὑγρασία

342 3867 481 3939 αὕτη
552 3867 861 3945 σπέρματος
923 3870 1017 3942 μὲν
1079 3868 1179 3925 οὐκ
1230 3865 1346 3946 ἔχει
1407 3869 1592 3947 λόγον,
1657 3874 1766 3926 οἷον
1811 3871 1868 3928 δὲ
1898 3872 2003 3945 ὕλη

337 3956 546 4032 γίνεται
614 3961 683 4032 τῇ
756 3953 1040 4032 καταϐολῇ
1089 3966 1190 4028 τῆς
1238 3959 1487 4035 ἀνδρείας
1543 3968 1731 4036 γονῆς.
1792 3964 1890 4017 Καὶ
1945 3964 2008 4018 τὸ

347 4045 445 4118 μὲν
516 4050 616 4100 τοῦ
675 4044 894 4123 ἄρρενος
943 4049 1161 4121 σπέρμα
1229 4048 1304 4110 είς
1360 4049 1427 4104 τά
1483 4052 1816 4127 στερεώτερα
1870 4052 2007 4125 μέρη

338 4139 440 4190 τοῦ
493 4135 746 4210 σώματος
825 4135 1056 4212 ἐξαρκεῖ,
1135 4138 1246 4193 οἷον
1327 4138 1478 4207 ὀστᾶ,
1558 4139 1649 4194 καὶ
1709 4147 1871 4214 νεῦρα
1922 4140 2013 4196 καὶ

344 4218 555 4302 φλέϐας
598 4230 688 4280 καί
745 4225 1032 4302 ἀρτηρίας,
1083 4226 1174 4281 καὶ
1224 4227 1292 4282 τὰ
1336 4232 1581 4284 τοιαῦτα.
1629 4231 1770 4286 Ἀπὸ
1825 4229 1884 4285 at
1918 4233 2016 4286 τοῦ

313 4307 572 4384 ,θήλεοῃ
624 4312 700 4376 εἷς
757 4314 826 4370 τὰ
882 4315 1148 4391 ὑγρότερα
1215 4316 1353 4392 μέρη
1408 4322 1504 4372 τοῦ
1559 4319 1848 4391 σώματος,
1880 4323 2020 4393 αἷμα

345 4401 495 4480 φημί
553 4405 641 4458 καὶ
695 4403 1009 4483 ἀμφοτέρας
1061 4406 1156 4468 τὰς
1207 4403 1410 4480 χολάς.
1466 4408 1538 4462 ’Ἡ
1590 4407 1808 4480 μᾶλλον
1840 4410 2020 4464 πάντα

348 4490 402 4562 ἐξ
438 4491 790 4567 ἀμφοτέρων,
827 4491 975 4548 ἀλλά
1017 4493 1084 4548 τὰ
1141 4494 1237 4567 μὲν
1290 4499 1387 4550 τοῦ
1435 4493 1656 4571 ἄρρενος
1689 4495 1853 4553 πλέον
1882 4495 2022 4574 ἔχειν

343 4580 415 4637 τὰ
446 4577 503 4636 δὲ
532 4584 628 4636 τοῦ
661 4581 860 4652 Θήλεος
894 4580 975 4638 ἐπ’
1001 4581 1253 4639 ἔλλατον.

500 4693 614 4755 τπδ’.
643 4696 1088 4776 Πόθενχίνονται
1119 4703 1228 4776 τῶν
1260 4699 1466 4776 γονέων
1493 4700 1547 4776 αἱ
1579 4701 1870 4776 ὁμοιώσεις

665 4771 757 4824 καὶ
788 4769 1015 4848 αἶ’πρὺς
1047 4769 1284 4835 τούτους
1297 4769 1717 4847 ἀνομοιότητες.

403 4866 980 4944 ,Τὸάποκρινόμενον
1043 4870 1284 4944 σπέρμα,
1343 4870 1379 4940 ἤ
1438 4872 1544 4926 ἀπὸ
1595 4877 1694 4928 τοῦ
1725 4870 1942 4950 ἀνδρὸς,
1988 4869 2025 4943 ἤ

363 4955 473 5011 ἀπὸ
503 4957 603 5025 τῆς
631 4958 890 5031 γυναικός
921 4977 934 4989 ·
989 4958 1052 5013 τὸ
1107 4959 1203 5032 μὶν
1265 4959 1372 5015 ἀπὸ
1428 4965 1525 5015 τοῦ
1569 4959 1786 5038 ἀνδρὸς,
1828 4961 2027 5038 λόγους

362 5043 480 5120 ἔχει
511 5049 618 5098 τῶν
666 5045 718 5100 ἐν
777 5045 924 5117 αύτῷ
973 5047 1121 5117 ἠθῶν
1177 5047 1270 5102 καὶ
1327 5050 1546 5126 τρόπων
1603 5051 1691 5107 καὶ
1740 5058 1840 5121 τῆς
1895 5072 2028 5128 μορ-

373 5136 497 5210 φῆς,
527 5134 618 5189 καὶ
649 5134 756 5189 ἀπὸ
792 5136 1004 5211 μητρὸς
1053 5133 1110 5192 δὲ
1161 5137 1422 5203 ὡσαύτως
1451 5160 1462 5173 ’
1497 5145 1660 5198 Ὅταν
1712 5139 1802 5195 οὗν
1862 5143 2030 5220 ἄμφω

377 5221 447 5274 τὰ
491 5225 773 5300 σπέρματα
849 5229 1153 5301 συγκραθῇ,
1211 5226 1260 5280 εἴ
1326 5229 1420 5300 μὲν
1479 5228 1565 5284 ἐπ’
1608 5227 1756 5304 iam,
1803 5226 1918 5306 ἔχει
1970 5232 2032 5286 τὸ

370 5312 702 5385 γεννώμενον
761 5311 883 5385 ἴσην
944 5315 1034 5369 καὶ
1093 5315 1230 5390 πρὸς
1294 5317 1356 5372 τὸ
1415 5316 1573 5396 ἄρῥεν
1628 5321 1717 5374 καὶ
1776 5322 1913 5396 πρὸς
1970 5322 2032 5376 τὸ

368 5399 514 5475 Θῇλυ
541 5403 641 5470 τήν
677 5404 1006 5477 ὁμοιότητα.
1055 5407 1218 5463 ’Ὸταν
1271 5404 1328 5461 δὲ
1373 5409 1436 5462 τὸ
1482 5409 1639 5486 ἅρῥεν
1691 5412 2034 5485 κατακρατή-

370 5512 447 5566 σῃ
476 5497 572 5546 τοῦ
622 5491 843 5578 Θήλεος,
904 5498 984 5565 τῷ
1045 5493 1222 5571 ἄρρενι
1281 5497 1560 5573 παρόμοια
1615 5501 1683 5554 τὰ
1741 5499 2038 5575 τικτόμενα

369 5579 769 5637 ἀποτελεῖται’
832 5582 956 5638 ὅταν
1012 5581 1070 5638 δὲ
1123 5585 1186 5640 τὸ
1247 5585 1390 5656 θῆλυ
1446 5592 1542 5642 τοῦ
1584 5587 1831 5664 ἄρῥενος,
1885 5589 2038 5645 ἀπει-

369 5669 628 5744 κασμένα
672 5671 809 5746 πρός
863 5673 963 5740 τήν
1014 5674 1243 5748 μητέρα.
1292 5677 1455 5733 Ὀταν
1507 5674 1565 5731 δὲ
1617 5679 1650 5746 ἡ
1684 5677 1736 5732 ἐν
1766 5683 1847 5752 τῷ
1878 5680 2040 5756 σπέρ-

375 5781 518 5838 ματι
551 5759 820 5837 θερμασία
866 5760 1182 5838 ἐξατμισθῇ,
1233 5761 1410 5821 οὐδενὶ
1465 5769 1570 5822 τῶι
1619 5765 1824 5825 τοκέων
1864 5766 2039 5828 πλατ-

2045 4652 2092 4717 D

2090 2004 2147 2055 et
2179 2000 2372 2069 ignem
2407 1998 2834 2068 miriﬁcamque
2866 1997 3052 2066 spirat
3072 1997 3211 2065 vim,
3255 2002 3320 2050 ut
3351 1995 3538 2050 multa
3566 1996 3741 2050 homo

2093 2106 2195 2160 per
2219 2089 2380 2142 illam
2409 2088 2638 2142 efficere
2670 2102 2774 2140 nec
2807 2087 3004 2140 minus
3027 2087 3177 2140 afﬁci
3212 2103 3276 2140 ac
3309 2085 3426 2156 pati
3463 2083 3746 2155 possitEt

2092 2194 2257 2232 amor
2287 2176 2388 2248 qui
2420 2177 2663 2231 allectus
2695 2175 2879 2230 animi
2907 2180 2994 2229 est
3016 2175 3306 2230 maximus
3338 2192 3404 2228 ac
3430 2176 3743 2229 vehemen-

2093 2265 2624 2330 tissimus,initium
2655 2265 2811 2335 capit
2840 2281 2873 2318 a
2901 2269 3232 2334 conspectu,
3253 2264 3454 2334 itaque
3474 2266 3745 2318 amantes

2094 2356 2286 2410 ﬂuunt
2315 2353 2474 2409 velut
2503 2370 2568 2407 ac
2589 2352 2921 2422 liquefiunt,
2958 2354 3193 2423 quando
3220 2352 3494 2424 pulchros
3526 2367 3592 2406 ac
3623 2353 3743 2407 for-

2096 2460 2294 2499 mosos
2325 2443 2542 2506 vident,
2581 2457 2714 2495 nam
2748 2457 2870 2512 quas
2930 2457 3030 2512 per
3085 2440 3285 2495 oculos
3324 2440 3529 2495 incidit
3554 2440 3611 2493 in
3645 2456 3746 2496 eos

2097 2533 2196 2588 lux
2228 2533 2348 2587 sive
2381 2531 2586 2586 effusio
2619 2531 2916 2585 radiorum
2951 2523 3216 2585 amantes
3268 2531 3456 2600 perdit
3488 2528 3746 2599 facitque

2096 2622 2528 2684 contabescere,
2562 2624 2726 2674 tanta
2755 2624 2844 2673 est
2873 2635 2942 2672 ex
2969 2619 3095 2672 visu
3130 2617 3395 2673 alteratio
3425 2624 3484 2672 et
3514 2617 3751 2688 percul-

2098 2711 2366 2766 sio.Nam
2401 2710 2792 2764 formosorum
2826 2715 3177 2778 conspectus
3207 2706 3439 2762 etiamsi
3471 2708 3752 2776 elongin-

2099 2817 2215 2871 quo
2247 2800 2589 2870 respiciunt,
2623 2799 2818 2868 ignem
2854 2797 2911 2850 in
2945 2796 3275 2852 amantium
3308 2796 3523 2851 animis
3546 2813 3752 2851 accen-

2099 2891 2267 2944 dunt.
2317 2889 2422 2942 Sed
2457 2895 2510 2943 et
2563 2903 2775 2957 corpus
2824 2890 3154 2941 amatorum
3187 2892 3756 2956 conspectorumque

2103 2995 2200 3050 per
2231 2977 2523 3049 ejusmodi
2557 2977 2855 3030 radiorum
2901 2974 3249 3031 emissiones
3271 2975 3547 3031 afﬁcitur.

2459 3155 2549 3210 83.
2585 3154 2808 3223 Quando
2834 3155 2980 3225 fetus
3007 3155 3351 3224 concipiatur
3370 3155 3398 3208 ?

2183 3245 2493 3316 Conceptio
2528 3244 2897 3314 animalium,
2930 3249 2986 3300 et
3006 3244 3315 3300 hominum
3368 3243 3618 3300 maxime
3669 3245 3758 3315 ﬁt,

2114 3337 2346 3408 quando
2379 3339 2580 3391 uterus
2610 3333 2962 3390 estidoneus
2992 3339 3049 3389 et
3103 3337 3425 3405 temperate
3462 3334 3656 3390 siccus
3686 3333 3760 3389 ad

2111 3425 2513 3497 recipiendum
2547 3439 2784 3480 semen:
2820 3423 3141 3479 menstruis
3178 3440 3246 3479 ex
3278 3423 3549 3478 universa
3565 3438 3764 3478 massa

2113 3520 2335 3588 partem
2372 3514 2501 3586 puri
2523 3512 2830 3583 sanguinis
2851 3512 3306 3568 attrahentibus.
3338 3512 3762 3567 Confertetiam

2113 3605 2334 3660 femina
2363 3605 2434 3659 ad
2467 3601 3243 3673 conceptionem,uterumin
3279 3617 3632 3672 congressus
3656 3600 3766 3654 hu-

2115 3694 2446 3760 mectando,
2473 3693 2568 3762 qui
2603 3698 2800 3746 tamen
2825 3691 3038 3745 humor
3063 3707 3178 3744 non
3211 3691 3386 3744 habet
3411 3690 3656 3745 seminis
3680 3705 3770 3743 ra-

2115 3784 2359 3852 tionem,
2384 3783 2484 3838 sed
2518 3780 3002 3836 velutmatsriam
3064 3781 3282 3851 prabet
3331 3780 3559 3847 dejecto
3619 3777 3775 3832 virili

2117 3872 2348 3929 semini.
2381 3877 2574 3942 Atque
2605 3887 2796 3926 semen
2825 3871 2931 3924 viri
2963 3869 3325 3924 firmioribus
3348 3870 3610 3939 corporis
3641 3885 3774 3939 par-

2118 3963 2278 4017 tibus
2311 3959 2734 4031 componendis
2766 3959 3110 4027 insumitur,
3145 3964 3208 4012 ut
3250 3957 3508 4022 ossibus,
3561 3958 3776 4025 nervis,

2121 4051 2306 4119 venis,
2341 4049 2596 4118 arteriis,
2629 4055 2685 4104 et
2743 4049 3076 4103 similibus:
3115 4047 3341 4102 femina
3383 4052 3578 4102 autem
3609 4046 3778 4101 debi-

2125 4141 2394 4205 lioribus,
2429 4139 2708 4209 sanguini
2743 4139 3022 4193 nimirum
3055 4142 3112 4191 et
3139 4137 3374 4208 utrique
3402 4136 3538 4191 bilis
3557 4135 3779 4207 generi.

2128 4235 2239 4286 Aut
2273 4231 2468 4302 potius
2500 4230 2699 4285 omnia
2740 4229 2860 4283 haec
2899 4245 2968 4284 ex
2996 4229 3261 4298 utrisque
3285 4227 3613 4283 seminibus
3643 4242 3787 4282 con-

2131 4327 2316 4385 stant,
2341 4319 2452 4375 nisi
2485 4321 2638 4390 quod
2675 4317 3007 4374 masculum
3054 4316 3374 4389 praepollet,
3431 4315 3786 4372 femininum

2135 4411 2337 4465 minus
2368 4409 2548 4465 habet
2569 4410 2820 4464 virtutis.

2122 4707 2212 4761 84.
2251 4707 2399 4764 Unde
2427 4706 2712 4776 contingat
2737 4703 2954 4776 similes,
2998 4703 3078 4759 vel
3119 4703 3421 4759 dissimiles
3463 4701 3790 4774 parentibus

2739 4780 2897 4831 nasci
2934 4775 3137 4830 liberos
3163 4776 3192 4830 ?
3248 4830 3250 4832 ,

2205 4881 2512 4932 Excretum
2544 4890 2746 4932 semen
2776 4873 2866 4929 vel
2916 4890 2949 4928 a
3006 4873 3128 4928 viro
3177 4877 3288 4943 est,
3344 4872 3434 4928 vel
3489 4889 3522 4928 a
3551 4870 3792 4926 femina.

2139 4966 2286 5022 Illud
2329 4966 2435 5021 viri
2469 4964 2526 5020 in
2561 4982 2624 5020 se
2656 4964 2827 5019 habet
2858 4962 3112 5018 rationes
3147 4979 3378 5019 morum
3413 4966 3470 5017 et
3493 4961 3709 5016 indolis
3730 4976 3796 5016 ac

2139 5057 2339 5112 formae
2371 5056 2504 5124 viri,
2535 5061 2596 5110 et
2626 5055 2733 5110 hoc
2767 5052 2994 5108 femina:
3022 5052 3311 5108 similiter.
3343 5053 3587 5118 Quando
3619 5050 3800 5124 igitur

2140 5152 2393 5218 utraque
2416 5145 2870 5218 permiscentur,
2899 5143 2947 5198 si
2973 5142 3204 5214 quidem
3247 5141 3571 5214 aequaliter,
3602 5140 3799 5196 infans

2143 5237 2243 5309 qui
2302 5237 2566 5291 nascitur
2612 5251 2681 5290 ex
2733 5233 3039 5304 utriusque
3091 5232 3348 5303 parentis
3405 5229 3800 5287 similitudine

2143 5326 2445 5399 aequaliter
2477 5323 2869 5398 participabit.
2903 5323 2959 5377 Si
3015 5327 3210 5378 autem
3264 5321 3541 5378 feminino
3585 5319 3798 5378 semini

2146 5416 2513 5490 pravaluerit
2556 5413 2910 5484 masculum,
2936 5413 3085 5486 patri
3116 5411 3336 5469 similia
3363 5418 3715 5468 nascentur:
3749 5407 3801 5465 si

2147 5510 2351 5563 contra
2381 5504 2644 5561 masculo
2679 5503 3054 5572 femininum,
3106 5508 3354 5558 matrem
3407 5499 3802 5556 similitudine

2151 5597 2418 5652 referent.
2456 5594 2614 5660 Quod
2644 5593 2691 5648 si
2738 5590 2896 5646 calor
2946 5590 3044 5663 qui
3102 5597 3193 5648 est
3245 5591 3304 5645 in
3365 5590 3590 5647 semine
3619 5585 3805 5659 exspi-

2151 5685 2381 5754 raverit,
2419 5682 2610 5740 neutri
2661 5684 2972 5756 parentum
3008 5681 3473 5737 conformabitur
3511 5679 3665 5752 quod
3700 5693 3805 5732 na-

2151 5777 2354 5834 scitur.
2407 5773 2633 5849 Saepius
2680 5771 2859 5829 etiam
2915 5769 3133 5827 femina
3163 5771 3315 5827 inter
3352 5766 3801 5842 concipiendum
