4110 6426
328 433 449 494 739
1672 426 2092 489 MICHAELIS
2136 424 2412 493 PSELLI
3630 434 3753 502 740

326 572 486 628 hunc
511 569 601 627 vel
626 567 792 625 illam
849 567 1228 639 imaginante,
1277 566 1475 624 int‘ans
1516 564 1566 622 ei
1598 565 1754 638 quod
1789 566 1965 620 mater

2087 559 2317 635 τόμενον
2380 565 2690 640 ὁμοιοῦται.
2754 564 3038 634 Ηολλάκις
3097 566 3156 624 δὶ
3209 567 3301 625 καὶ
3358 576 3459 642 τῆς
3496 574 3754 647 γυναικὸς

325 661 651 734 imaginata
680 662 768 716 est
799 657 1192 715 assimilatur.

2090 650 2381 728 φάντασίας
2440 654 2492 710 ἐν
2549 661 2631 730 τῷ
2675 657 2874 713 τίκτειν
2923 652 3205 731 λαϐούσης
3263 657 3426 716 τοῦδε
3472 663 3506 734 ἢ
3556 661 3749 734 τῆσδε,

2089 742 2229 818 πρὸς
2255 745 2318 800 τὸ
2352 746 2647 825 φαντασθὲν
2683 746 3031 817 ἀπεικάζεται
3061 751 3123 804 τὸ
3143 751 3508 826 γεννώμενον.

716 840 806 895 85.
838 838 1116 909 Quomodo
1160 838 1299 909 ﬁant
1326 835 1585 893 somnia?

2479 838 2579 894 πε’.
2613 841 2737 901 Ηῶς
2770 837 2821 893 οἱ
2854 832 3056 912 ὄνειροι
3087 838 3349 915 γίνονται.

394 929 587 987 Multas
620 933 761 986 sunt
788 946 982 985 causa:
1011 929 1402 984 somniorum.
1438 925 1565 981 Alia
1594 924 1751 981 enim
1802 924 1965 979 ratio-

2160 922 2374 979 Πολλαὶ
2428 930 2535 980 τῶν
2597 927 2821 1000 ὀνείρων
2878 926 3011 982 εἶ’σὶν
3068 927 3238 984 αῗτίαι
3301 949 3312 962 ·
3377 931 3428 987 ὁὶ
3492 930 3586 1005 μὲν
3642 933 3748 1008 γάρ

326 1020 514 1078 nabili
542 1020 754 1076 animae
782 1022 1219 1087 nostras,inente
1252 1014 1965 1083 mediante,immiltuntu1

2087 1013 2265 1067 αὐτῶν
2299 1012 2401 1069 εῗσὶ
2437 1016 2783 1071 θεόπνευστοι
2836 1014 3036 1072 ἀνωθεν
3086 1014 3177 1073 διὰ
3231 1019 3398 1092 μὲσου
3426 1024 3525 1076 τοῦ
3554 1026 3650 1077 νοῦ
3677 1026 3749 1096 τῇ

327 1110 651 1177 divinitus;
702 1108 819 1165 alia
841 1112 983 1165 sunt
1026 1105 1205 1162 veluti
1246 1105 1389 1162 echo
1420 1104 1688 1178 quadam
1720 1120 1787 1158 ac
1818 1118 1965 1158 reso-

2088 1099 2287 1178 λογικῆ
2318 1105 2476 1179 ψυχῇ
2521 1107 2681 1177 ἡμῶν
2734 1104 3103 1182 ἐγγινόμενοι,
3162 1108 3214 1162 οἱ
3272 1104 3330 1164 δὲ
3375 1112 3491 1165 οἷον
3524 1109 3751 1187 ἀπηχή.

324 1200 530 1257 nantia
549 1199 895 1254 diurnarum
921 1197 1217 1253 actionum
1243 1216 1257 1264 ;
1283 1193 1398 1251 alia
1429 1211 1462 1250 a
1484 1192 1795 1266 phantasia
1816 1191 1965 1247 effort

2090 1213 2234 1264 ματα
2263 1191 2366 1247 εἶσὶ
2395 1197 2503 1248 τῶν
2549 1195 2824 1269 ἠμερινῶν
2881 1195 3148 1272 πρᾶξεων.
3199 1198 3266 1255 Οἱ
3315 1195 3373 1254 δὲ
3410 1199 3517 1255 ἀπὸ
3548 1222 3744 1279 φαντα-

324 1295 585 1359 mantur,
647 1289 1012 1360 imaginante
1068 1292 1127 1343 et
1175 1286 1455 1342 offerente
1512 1283 1681 1339 nobis
1730 1281 1965 1337 diurnos

2085 1288 2275 1352 στικῆς
2349 1281 2699 1339 ἐντυποῦνται
2784 1280 3088 1359 δυνάμεως,
3177 1288 3553 1365 φανταζούσης
3607 1292 3745 1363 ἡμῖν

322 1395 575 1450 amores,
600 1377 693 1434 vel
724 1376 904 1433 alium
939 1376 1212 1433 affectum
1254 1374 1463 1431 animae
1505 1379 1740 1429 nostra.
1791 1372 1921 1427 Alia
1943 1388 1965 1426 a

2084 1373 2209 1436 τοὸς
2269 1375 2569 1451 ἠμερινοὺς
2626 1373 2852 1451 ἔρωτας,
2914 1374 2950 1446 ἤ
3009 1375 3151 1434 ἄλλο
3198 1400 3250 1433 τι
3309 1381 3479 1445 πάθος
3534 1383 3744 1458 ψυχῆς.

323 1475 578 1542 quatuor
598 1466 950 1523 humoribus
970 1466 1091 1522 sive
1121 1464 1606 1538 temperamentis
1628 1463 1965 1528 excitantur,

2084 1464 2301 1538 Ἐτεροι
2336 1461 2395 1519 δὲ
2442 1465 2549 1519 άπὸ
2596 1470 2703 1520 τῶν
2770 1465 3043 1541 τεσσάρων
3103 1472 3304 1543 χυμῶν
3352 1468 3748 1546 ἀνεγείρονται,

323 1560 482 1616 unde
511 1563 571 1615 et
608 1558 832 1614 colores
890 1556 1243 1612 humoribus
1301 1553 1421 1610 illis
1479 1551 1704 1610 similes
1736 1551 1965 1619 habent,

2085 1548 2205 1616 ὅθεν
2263 1553 2357 1608 καὶ
2411 1554 2478 1609 τὰ
2527 1554 2802 1629 χρώματα
2874 1559 2981 1610 τῶν
3025 1554 3340 1633 ὁρωμένων,
3400 1557 3571 1632 ὅμοια
3626 1566 3747 1624 τοῖς

323 1666 450 1721 quae
472 1649 533 1704 in
562 1646 756 1720 quiete
785 1646 1081 1703 videntur.
1118 1643 1239 1699 Alia
1271 1644 1530 1716 produnt
1558 1658 1771 1699 causas
1802 1640 1965 1696 habe-

2084 1646 2189 1696 τῶν
2223 1648 2424 1718 χυμῶν
2454 1641 2666 1719 ἔχουσι.
2696 1643 2765 1701 Οἱ
2820 1641 2879 1700 δὲ
2918 1645 3013 1708 τὰς
3057 1644 3232 1708 αἰτίας
3264 1648 3401 1721 ἡμῖν
3431 1646 3744 1728 ἐκφαίνουσι

320 1754 384 1795 re
403 1738 465 1794 in
498 1737 666 1794 nobis
704 1740 862 1793 artes
891 1752 1040 1809 quas
1069 1733 1410 1804 didicimus,
1441 1733 1531 1790 vel
1582 1731 1817 1805 negotia
1847 1747 1965 1803 quae

2084 1736 2191 1787 τῶν
2250 1737 2461 1808 τεχνῶν
2522 1732 2613 1789 καὶ
2655 1738 2764 1789 τῶν
2836 1731 3312 1810 ἐπιτηδευμάτων,
3368 1738 3494 1814 περὶ
3552 1736 3586 1793 ἄ
3638 1741 3742 1811 τήν

320 1834 667 1899 tractamus,
700 1829 857 1885 unde
913 1826 1264 1900 philosopho
1297 1824 1723 1899 philosophica,
1756 1823 1965 1879 rhetori

2084 1822 2457 1898 πραγματείαν
2508 1822 2734 1899 ἔχομεν.
2783 1825 3130 1903 Φιλοσοφικά
3182 1826 3275 1881 οὗν
3322 1830 3399 1899 τῷ
3448 1826 3737 1906 φιλοσόφῳ

319 1918 632 1986 rhetorica,
657 1921 967 1990 geometrae
999 1915 1354 1989 geometrica
1374 1931 1438 1971 se
1468 1914 1721 1971 oil‘erunt
1751 1914 1965 1968 insom-

2084 1912 2149 1967 τὰ
2208 1912 2476 1987 ὀνείρατα,
2528 1914 2616 1969 καὶ
2675 1917 2754 1986 τῷ
2807 1912 3002 1991 ῥήτορι
3049 1913 3115 1969 τά
3173 1913 3460 1991 ῥητορικά,
3517 1916 3607 1972 καὶ
3662 1923 3744 1993 τῷ

320 2009 439 2065 nia.
470 2008 598 2064 Non
631 2023 752 2062 una
774 2005 952 2077 igitur
981 2005 1347 2061 somniorum
1396 2019 1576 2060 causa
1623 2005 1735 2069 est,
1777 2000 1879 2057 sed
1912 2003 1965 2055 ut

2084 2007 2373 2077 γεωμέτρῃ
2422 2002 2490 2057 τὰ
2533 2006 2893 2078 γεωμετρικά.
2972 2004 3053 2061 Οὔ
3125 2004 3226 2079 μία
3282 2005 3375 2059 οὗν
3431 2005 3579 2062 αἰτία
3632 2012 3740 2063 τῶν

322 2096 442 2153 dixi
471 2096 634 2153 varia
663 2111 731 2152 ac
754 2093 1082 2167 multiplex.

2084 2088 2395 2166 ὀνειράτων,
2431 2089 2576 2145 ἀλλά
2604 2089 2835 2159 πολλαὶ,
2870 2092 2944 2154 ὡς
2970 2090 3205 2167 εἴρηται.

460 2229 476 2243 .
530 2188 620 2241 86.
654 2187 728 2241 De
756 2186 1015 2253 sanitate,
1045 2184 1236 2240 morbo
1265 2183 1342 2256 (8)
1374 2188 1425 2240 et
1456 2190 1754 2239 senectute.

385 2275 668 2332 Sauitatis
698 2291 880 2330 causa
906 2277 964 2329 et
992 2273 1388 2329 conservatrix
1418 2277 1508 2328 est
1550 2271 1793 2344 aequalis
1823 2274 1974 2326 tem-

316 2371 599 2437 peratura
625 2363 858 2434 caloris,
890 2363 1145 2438 frigoris,
1178 2361 1552 2418 humiditatis
1582 2366 1640 2418 et
1668 2360 1972 2430 siccitatis,

318 2471 570 2526 quorum
603 2454 655 2509 si
682 2469 865 2509 unum
901 2453 1128 2508 caeteris
1156 2450 1739 2524 pravaleat,morbus
1765 2449 1971 2505 oritur.

312 2543 561 2600 Plurimi
592 2548 748 2600 certe
772 2541 961 2597 morbi
995 2558 1095 2613 per
1117 2539 1474 2596 anomaliam
1519 2539 1640 2595 sive
1694 2536 1977 2611 irregula-

312 2633 551 2689 ritatem
582 2630 875 2687 horumin
909 2646 1151 2702 corpore
1208 2628 1633 2685 elementorum
1685 2642 1974 2699 generan-

315 2725 435 2778 tur.
467 2723 815 2777 Inferuntur
845 2719 1037 2775 morbi
1071 2720 1244 2775 etiam
1305 2717 1493 2772 nimia
1532 2716 1853 2789 repletione
1887 2715 1973 2772 vel

316 2811 607 2866 cruditate
665 2814 769 2866 aut
817 2807 1193 2881 corruptione
1245 2807 1533 2862 ciborum.
1576 2808 1647 2862 At
1703 2804 1975 2863 sanitatis

314 2899 676 2956 conciliatrix
705 2903 795 2954 est
819 2898 1092 2953 ordinata
1117 2896 1287 2953 diaeta
1317 2902 1374 2952 et
1403 2895 1759 2968 tranquillus
1787 2899 1977 2952 sorte-

315 3004 429 3062 que
455 3006 565 3046 sua
591 2991 904 3044 contentus
933 2986 1189 3043 animus.
1234 2985 1505 3041 Foctusin
1556 2990 1722 3041 utero
1755 2986 1973 3041 forma-

313 3085 413 3134 tur
441 3095 474 3134 a
495 3079 589 3134 die
620 3078 921 3133 tricesima
941 3080 1189 3145 sexta,et
1220 3076 1502 3132 membris
1530 3077 1821 3147 perfectus
1844 3092 1973 3132 esse

313 3168 521 3241 incipit
550 3186 582 3224 a
606 3167 1472 3242 quinquagesimaﬂuanquam
1505 3165 1888 3237 Hippocrates
1913 3165 1972 3221 in

315 3256 617 3326 masculis,
701 3258 855 3330 quod
941 3256 1255 3313 calidiores
1299 3254 1439 3324 sint,
1493 3254 1963 3311 articulationem

2324 2180 2429 2242 πς’.
2464 2180 2594 2255 Περὶ
2630 2180 2826 2254 ὑγείας,
2854 2182 2945 2236 καὶ
2974 2180 3137 2237 νόσου
3166 2182 3256 2239 καὶ
3286 2186 3498 2261 γήρως,

2153 2263 2361 2339 Ὑγείας
2411 2263 2583 2320 αἶ’τιον
2643 2265 2734 2321 καὶ
2813 2269 3119 2323 συνεκτικὸν
3198 2270 3233 2340 ἠ
3291 2276 3399 2326 τῶν
3461 2268 3740 2347 δυνάμεων

2084 2351 2359 2428 ἰσονομία,
2416 2354 2779 2431 θερμότητος,
2838 2357 3200 2434 ψυςρότητος,
3264 2358 3584 2436 ὑγρότητος,
3644 2360 3743 2435 ξη-

2084 2444 2337 2518 ρότητος.
2407 2445 2568 2499 Ὀταν
2614 2442 2673 2500 δὲ
2728 2445 2936 2501 τούτων
3003 2442 3055 2502 ἕν
3111 2445 3576 2523 καταδυναστεόσῃ
3629 2454 3739 2506 τῶν

2083 2530 2295 2602 ἄλλων,
2329 2536 2363 2604 ἡ
2407 2534 2570 2597 νόσος
2613 2540 2842 2610 γίνεται.
2900 2536 2968 2594 Αἱ
3028 2533 3085 2592 δὲ
3140 2537 3395 2593 πλεῖσται
3420 2543 3530 2593 τῶν
3560 2538 3740 2595 νόσων

2084 2619 2154 2676 δι’
2183 2622 2505 2696 ἀνωμαλίαν
2526 2628 2636 2679 τῶν
2668 2624 2719 2679 ἐν
2756 2630 2837 2697 τῷ
2886 2627 3100 2700 σώματι
3151 2627 3441 2703 στοιχείων
3470 2649 3733 2702 γινονται.

2084 2712 2489 2788 Ἐπειτάγονται
2536 2710 2594 2768 δὲ
2639 2715 2691 2769 αἱ
2733 2714 2886 2771 νόσοι
2934 2720 3015 2789 τῷ
3062 2717 3296 2790 σώματι,
3329 2717 3417 2771 καὶ
3465 2714 3555 2772 διὰ
3585 2717 3736 2789 πλήο

2085 2815 2208 2867 οους
2262 2807 2502 2881 τροφῶν,
2558 2804 2649 2859 καὶ
2708 2802 2779 2860 δι’
2837 2806 3068 2881 ἀπεψίας
3124 2807 3213 2861 καὶ
3272 2808 3495 2886 φθορᾶς.
3554 2809 3617 2863 Ἡ
3675 2804 3733 2863 δὲ

2084 2891 2298 2965 εὐταξία
2327 2894 2414 2948 καὶ
2466 2895 2501 2964 ἡ
2554 2893 2845 2969 αὐτάρκεια
2895 2895 3071 2969 ὑγείας
3122 2897 3532 2972 περιποιητικά.
3581 2898 3739 2973 Μορ-

2085 2986 2277 3060 φοῦται
2326 2979 2384 3037 δὲ
2430 2984 2501 3037 τά
2556 2987 2668 3052 ζῶα
2725 2983 2778 3038 ἐν
2834 2984 3028 3060 γαστρὶ
3086 2981 3236 3060 ὄντα,
3296 2986 3400 3041 ἀπὸ
3456 2983 3621 3055 ἕκτης
3648 2987 3738 3043 καὶ

2080 3079 2407 3148 τριακοστῆς
2447 3072 2679 3149 ἡμέρας,
2738 3071 3043 3130 τελειοῦται
3103 3072 3160 3130 δὲ
3201 3080 3321 3140 τοῖς
3371 3076 3585 3150 μορίοις
3634 3078 3742 3133 ἀπὸ

2080 3168 2180 3231 τῆς
2239 3169 2635 3232 πεντηκοστῆς,
2699 3164 3066 3239 Ἰπποκρατης
3123 3162 3180 3220 δὲ
3224 3164 3310 3221 ἐπὶ
3367 3166 3461 3237 μὲν
3502 3171 3610 3222 τῶν
3643 3166 3742 3243 ἆῤ-

2084 3249 2270 3328 ῥὲνων,
2323 3249 2412 3306 διὰ
2466 3253 2529 3308 τὸ
2577 3253 2881 3327 θερμότατα
2926 3257 3082 3325 εἶναι,
3136 3256 3237 3325 τὴν
3290 3252 3618 3332 διάρθρωσιν
3651 3255 3742 3332 γί-

314 3348 714 3404 membrorum
770 3363 804 3402 a
857 3346 1136 3402 vicesima
1195 3348 1357 3400 sexta
1388 3343 1482 3399 die
1530 3343 1654 3399 ﬁeri
1683 3344 1963 3415 afﬁrmat,

2084 3352 2254 3405 νεσθαι
2311 3340 2418 3396 ἀπὸ
2463 3344 2563 3407 τῆς
2615 3317 2779 3413 iam:
2857 3341 2946 3398 καὶ
3018 3343 3291 3415 εἷκοστῆς,
3352 3317 3463 3399 εὲτί
3510 3341 3567 3399 δὲ
3621 3317 3732 3400 τῶν

310 3435 565 3492 feminas
586 3440 783 3491 autem
815 3436 971 3491 intra
1000 3434 1328 3491 secundum
1347 3447 1609 3489 mensem
1641 3432 1964 3504 articulari,

311 3523 468 3580 intra
489 3529 768 3598 quartum
804 3523 1025 3597 perfici.

311 3633 400 3687 87.
436 3632 625 3699 Quare
653 3632 1375 3758 quijejunarzmt,t.;itiunt
1430 3631 1609 3701 magis
1640 3646 1808 3702 quam
1837 3646 1962 3686 esu-

999 3720 1131 3758 νιιιη

999 3720 1131 3758 rmn

386 3793 634 3850 Sitimus
683 3792 872 3865 magis
895 3794 1132 3864 quando
1156 3792 1525 3864 jejunamus,
1563 3807 1741 3864 quam
1782 3791 1964 3847 esuri-

309 3883 753 3956 mus,quoniam
771 3881 1027 3940 calidum
1055 3883 1212 3954 quod
1244 3880 1302 3936 in
1318 3880 1489 3937 nobis
1517 3880 1964 3953 cst,primoloco

308 3974 552 4046 quidem
604 3972 905 4030 consumit
936 3973 1091 4044 quod
1123 3987 1156 4026 a
1178 3970 1326 4026 cibis
1355 3975 1447 4027 est
1475 3970 1711 4042 reliqui,
1753 3972 1964 4027 deinde

305 4063 394 4119 vis
422 4061 525 4119 illa
542 4062 715 4135 ignea
740 4062 799 4117 in
853 4060 1024 4116 nobis
1052 4060 1337 4116 convertit
1368 4075 1430 4115 se
1460 4060 1531 4115 ad
1565 4059 1754 4132 ipsam
1787 4064 1961 4117 natu-

306 4151 489 4208 ralem
521 4151 787 4223 corporis
817 4149 1257 4219 humiditatem,
1279 4165 1530 4229 eamque
1551 4149 1759 4221 quwrit
1780 4166 1845 4205 ac
1863 4150 1961 4206 de-

308 4240 521 4312 pascit.
539 4239 686 4295 Hinc
710 4238 889 4295 veluti
922 4238 979 4294 in
1008 4237 1134 4295 luto
1162 4238 1433 4309 sequitur
1463 4239 1719 4309 siccitas,
1741 4243 1799 4295 et
1820 4243 1959 4311 potu

310 4328 497 4400 magis
524 4328 791 4400 indigere
820 4343 1034 4400 corpus
1063 4327 1372 4399 contingit,
1406 4328 1592 4383 donec
1621 4328 1678 4383 in
1708 4328 1961 4383 bibenti-

306 4418 419 4473 bus
448 4417 829 4474 cnnfirmatus
862 4421 1035 4490 atque
1067 4416 1277 4473 iterum
1309 4417 1463 4473 vires
1493 4417 1783 4488 recipiens
1804 4417 1963 4473 calor

303 4507 635 4581 appetitum
664 4506 923 4564 validum
957 4506 1072 4562 cibi
1106 4506 1353 4578 injiciat.
1384 4506 1652 4578 Namque
1700 4506 1959 4564 calidum

2071 3429 2323 3501 θηλυκῶν
2354 3429 2406 3485 ἐν
2458 3430 2681 3504 διμήνῳ
2715 3432 2809 3504 μὲν
2865 3429 3271 3508 διαρθροῦσθαι,
3300 3431 3351 3489 ἐν
3401 3435 3732 3510 τετραμήνῳ

2073 3517 2131 3575 δὲ
2158 3519 2495 3576 τελειοῦσθαι
2529 3518 2699 3597 λέγει.

2222 3633 2326 3698 πζκ
2362 3628 2460 3683 Διά
2487 3627 2539 3683 τί
2568 3628 2621 3683 οἱ
2650 3627 3003 3700 νηστεύοντες
3035 3627 3236 3707 διψῶσι
3273 3628 3512 3705 μᾶλλον,
3535 3637 3569 3702 ἧ

2758 3706 3013 3757 πεινῶσιν
3046 3721 3059 3774 ;

2143 3793 2396 3864 Διψῶμεν
2435 3790 2668 3865 μᾶλλον,
2727 3790 2852 3847 ὅταν
2906 3790 3311 3867 νηστεύσωμεν,
3359 3788 3397 3862 ἤ
3427 3794 3729 3865 πεινῶμεν,

2075 3878 2214 3935 διότι
2248 3881 2310 3935 τὸ
2350 3880 2403 3935 ἐν
2456 3883 2595 3953 ἡμῖν
2653 3880 2854 3958 θερμὸν
2916 3878 3131 3957 πρῶτον
3190 3882 3285 3955 μὲν
3343 3874 3733 3936 καταϐόσκεται

2071 3970 2133 4025 τὸ
2178 3968 2231 4024 ἐν
2263 3971 2477 4043 σώματι
2525 3971 2829 4043 περισσεύει
2882 3978 3115 4048 τροφῆς,
3151 3973 3265 4027 εἶτα
3314 3971 3397 4027 ἐπ’
3430 3970 3596 4042 αὐτὴν
3635 3970 3733 4047 βα-

2074 4057 2206 4129 δίζει
2237 4061 2335 4129 τὴν
2388 4058 2666 4137 σύμφυτον
2728 4054 2931 4116 λιϐάδα
2984 4068 3085 4131 τῆς
3149 4061 3346 4137 σαρκὸς
3403 4063 3439 4131 ἡ
3496 4060 3549 4117 ἓν
3600 4060 3738 4135 ἡμῖν

2071 4148 2333 4217 πύρωσις,
2390 4150 2453 4204 τὸ
2509 4150 2726 4227 νοτερὸν
2796 4147 3091 4218 διώκουσα,
3178 4150 3269 4206 καὶ
3353 4149 3417 4204 τὸ
3490 4147 3734 4225 δίυγρον.

2072 4238 2372 4309 Γενομένης
2427 4239 2518 4293 οὗν
2566 4233 2747 4314 ὥσπερ
2827 4236 2879 4294 ἐν
2938 4237 3108 4311 πηλῷ
3184 4237 3509 4315 ξηρότητος,
3563 4241 3737 4292 ποτοῦ

2074 4324 2288 4400 μᾶλλον
2309 4327 2372 4383 τὸ
2412 4332 2573 4402 σῶμα
2619 4325 2824 4394 δεῖσθαι
2867 4326 3123 4405 πέφυκεν,
3173 4325 3337 4404 ἄχρις
3389 4326 3452 4382 οὗ
3495 4326 3734 4381 πιόντων

2072 4416 2410 4493 ἀναρρωσθὲν
2466 4417 2557 4473 καὶ
2606 4417 2833 4496 ἲσχύσαν
2882 4419 2945 4473 τὸ
2995 4419 3198 4492 θερμὸν
3255 4410 3552 4490 ἐμϐριθοῦς
3600 4430 3734 4488 τρο-

2071 4512 2176 4585 φῆς
2202 4503 2373 4581 ὄρεξιν
2427 4505 2743 4584 ἐργάσηται.
2793 4508 2867 4564 Τὸ
2910 4506 3012 4583 γὰρ
3065 4506 3115 4562 ἓν
3166 4508 3303 4579 ἡμῖν
3354 4500 3591 4578 μάλιστα
3622 4496 3734 4585 δεῖ·

303 4598 363 4653 in
396 4596 565 4653 nobis
596 4597 724 4655 cibo
750 4597 1001 4654 maxime
1022 4596 1270 4669 indiget,
1296 4600 1360 4651 ut
1390 4595 1559 4653 facile
1589 4596 1766 4652 etiam
1798 4601 1960 4653 extra

2084 4584 2154 4651 ὲαι
2206 4603 2419 4672 τροφῆς
2477 4597 2701 4674 θερμὸν,
2778 4596 2959 4671 ὥσπερ
3034 4593 3227 4668 ἀμέλει
3294 4591 3575 4668 βλέπομεν
3631 4584 3733 4663 ἔξω

302 4706 411 4747 nos
440 4688 750 4746 Observare
772 4704 1094 4760 possumus
1117 4703 1222 4743 nec
1245 4702 1577 4755 aerem,nec
1600 4702 1837 4759 aquam,
1855 4702 1960 4744 D66

2084 4686 2209 4756 ιήτε
2254 4686 2402 4762 ἀὲρα,
2438 4687 2578 4759 μήτε
2609 4683 2782 4760 ὕδωρ,
2818 4686 2957 4759 μήτε
2986 4690 3091 4760 γῆν
3124 4681 3380 4761 ἐφιέμενα
3420 4683 3732 4756 τρέφεσθαι,

304 4786 518 4836 terram
582 4777 859 4835 alimento
895 4776 1150 4845 inhiare,
1207 4792 1315 4833 nec
1372 4776 1705 4848 propinqua
1761 4794 1965 4833 consu-

305 4885 487 4937 mere,
519 4868 624 4925 sed
651 4869 843 4925 solum
875 4867 1094 4941 ignem,
1155 4882 1340 4938 quare
1395 4870 1455 4921 et
1484 4882 1656 4921 senes
1690 4864 1967 4924 facillime

306 4960 501 5014 ferunt
523 4955 1154 5029 jejunium,siquidem
1188 4953 1371 5010 hebes
1392 4955 1521 5025 jam
1552 4959 1609 5009 et
1637 4953 1884 5026 exiguus
1906 4956 1965 5011 in

305 5048 426 5102 illis
455 5046 618 5103 calor
646 5051 753 5101 est.
782 5045 973 5103 Etiam
1004 5043 1361 5100 animalibus
1392 5043 1683 5115 sanguine
1712 5043 1964 5100 destitu-

302 5137 401 5202 tis,
426 5135 567 5206 quia
597 5134 790 5193 calore
813 5151 930 5191 non
959 5149 1131 5206 teque
1163 5133 1624 5199 abundant,cibo
1656 5133 1855 5189 minus
1876 5138 1965 5190 est

304 5240 478 5298 opus.

789 5314 880 5369 88.
916 5314 990 5369 De
1008 5314 1134 5370 ειειί
1159 5314 1489 5370 substantia.

380 5401 546 5457 Plato
574 5401 967 5475 philosophus
990 5418 1059 5458 ex
1115 5406 1371 5474 quatuor
1427 5399 1735 5457 elementis
1766 5402 1963 5460 omnia

2080 4776 2219 4848 μήτε
2249 4774 2608 4831 ἀναλίσκοντα
2634 4776 2698 4830 τὸ
2730 4773 3053 4845 πλησιάζον,
3087 4771 3233 4828 ἀλλὰ
3277 4773 3441 4845 μόνον
3473 4771 3537 4827 τὸ
3578 4776 3683 4848 πῦρ
3717 4820 3733 4837 ,

2076 4863 2174 4918 Διὰ
2198 4868 2366 4919 ταῦτα
2394 4863 2485 4919 καὶ
2516 4862 2567 4918 οἱ
2609 4861 2858 4940 γέροντες
2907 4860 3073 4937 ῥᾷστα
3109 4861 3363 4931 νηστείαν
3423 4861 3677 4937 φέρουσιν
3714 4879 3727 4895 ο

2076 4947 2264 5026 ἀμϐλὺ
2312 4954 2416 5029 γὰρ
2474 4951 2525 5009 ἐν
2585 4952 2773 5008 αὐτοῖς
2830 4950 2919 5006 καὶ
2984 4950 3177 5026 μικρὸν
3239 4948 3347 5022 ἤδη
3414 4951 3483 5006 τὸ
3531 4948 3730 5025 θερμόν

2074 5041 2205 5099 ἐστι.
2256 5043 2360 5099 Καὶ
2422 5043 2486 5097 τὰ
2540 5038 2745 5114 ἄναιμά
2785 5037 2843 5095 δὲ
2892 5043 3002 5095 τῶν
3063 5039 3214 5110 ζώων
3264 5046 3480 5120 τρρφῆς
3536 5038 3735 5110 ἥκιστα

2071 5129 2410 5208 προσδεῖται,
2444 5128 2511 5186 δι’
2540 5128 2746 5186 ἔνδειαν
2779 5130 3140 5206 θερμὸτητος.

2379 5311 2492 5381 πη’.
2529 5308 2661 5386 Περὶ
2689 5317 2792 5381 τῆς
2819 5314 2919 5366 τοῦ
2951 5310 3184 5386 οὐρανοῦ
3217 5309 3421 5374 οὐσίας.

2143 5398 2373 5457 Πλάτων
2408 5399 2505 5474 μὲν
2534 5401 2564 5455 ὁ
2623 5398 2926 5479 φιλόσοφος
2981 5400 3087 5456 ἀπὸ
3116 5404 3222 5455 τῶν
3273 5401 3545 5476 τεσσάρων
3578 5413 3728 5451 στοι-

1891 5537 2126 5596 NOTAE.

374 5650 451 5722 (8)
478 5651 602 5708 Imo
632 5652 703 5708 de
735 5656 997 5725 tempore
1028 5652 1394 5709 formationis
1445 5652 1598 5725 fetus
1653 5650 1714 5708 in
1763 5658 1953 5712 utero.

305 5720 449 5797 Nam
481 5720 882 5797 desenectuté
913 5725 1148 5793 quidem
1182 5724 1330 5781 nihil
1366 5726 1423 5779 in
1456 5723 1565 5780 hoc
1623 5726 1813 5797 capite
1841 5731 1954 5782 tra-

304 5793 486 5867 ditur,
515 5795 630 5854 nisi
687 5813 753 5853 eo
808 5796 1043 5868 referas,
1104 5798 1262 5871 quod
1317 5796 1473 5852 bona
1501 5797 1674 5852 diaeta
1696 5793 1761 5853 et
1793 5802 1955 5855 tran-

2067 5652 2355 5727 quillitate
2384 5652 2565 5709 animi
2598 5656 2930 5711 conservari
2981 5654 3274 5727 integram
3305 5647 3726 5727 valetudinem,

2066 5725 2244 5798 atque
2269 5725 2414 5798 adeo
2445 5732 2807 5785 senectutem
2842 5726 3090 5785 feliciter
3117 5725 3329 5796 attingi
3374 5735 3563 5794 posse,
3594 5735 3729 5776 vere

2067 5815 2133 5855 ac
2154 5797 2485 5867 prudenter
2514 5804 2735 5856 monet.
