4110 6454
335 421 450 482 ’141

1533 419 1634 480 DE
1679 417 2122 480 OMNIFABIA
2168 419 2584 482 DOCTRINA.

3643 429 3766 490 ⁸742

331 550 506 626 ’χιὶων
564 551 740 604 πάντα
791 548 1045 604 πλάττων
1099 549 1167 604 τὰ
1219 547 1460 620 σύνθετα,
1495 550 1722 622 σώματα
1753 549 1858 604 ἀπὸ
1887 551 1983 604 τῶι

2109 553 2378 608 efformat
2426 555 2752 626 composita
2811 571 3072 629 corpora,
3115 563 3293 632 atque
3350 559 3492 617 adeo
3551 561 3766 620 cmlum

335 641 522 696 αὐτῶν
599 641 906 718 συγκεῖσθαι
981 638 1072 694 καὶ
1154 638 1248 695 τὸν
1331 638 1558 714 οὐρανὸν
1619 640 1996 718 ἀποφαίνεται.

329 735 602 786 Τοσοῦτον
657 727 756 800 δὲ,
811 727 987 806 φησὶ,
1044 727 1184 804 πρὸς
1241 728 1308 782 τὰ
1379 725 1524 783 ἄλλα
1577 730 1676 798 τὴν
1736 725 1996 805 διαφορὰν

331 819 503 898 ἔχειν,
557 819 642 876 ὅτι
697 819 770 878 τὰ
831 819 926 892 μὲν
984 816 1071 872 ἐπὶ
1102 824 1206 896 γῆς
1237 817 1465 892 σώματα
1496 819 1600 873 ἀπὸ
1631 823 1729 888 τῆς
1763 817 1998 894 έσχάτης

334 909 560 990 μερίδος
617 913 725 965 τῶν
783 909 1078 985 στοιχείων
1143 909 1299 978 εἶναι,
1354 913 1454 978 τῆς
1513 910 1628 962 οἷον
1688 907 2000 984 παχυτέρας

401 1001 416 1024 ε
985 997 1000 1016 ς
1257 998 1272 1016 ,
1389 997 1404 1016 ς
1505 997 1518 1016 ,
1578 997 1593 1018 κ
1692 1003 1718 1016 ..

327 1023 418 1058 και
482 997 888 1074 ὑλωδεστέρας,
945 1019 1038 1053 τον
1099 995 1158 1051 δὲ
1215 1017 1442 1072 οηυρανον
1494 1019 1602 1052 απο
1653 1019 1754 1067 της
1784 997 1996 1072 αὒγοει-

330 1091 584 1165 δεστέρας
634 1089 810 1145 αὐτῶν
877 1088 1074 1165 μοίρας
1135 1087 1460 1151 οὐσιῶσθαι.
1518 1087 1905 1162 Ἀριστοτέλης
1939 1085 1996 1143 δὲ

325 1183 394 1238 τά
447 1181 546 1256 μὲν
591 1180 822 1248 τέσσαρα
853 1183 1102 1254 στοιχεῖα
1147 1177 1267 1232 κατ’
1319 1176 1522 1232 εὐθεῖαν
1575 1179 1835 1232 κινεῖσῦαι
1894 1175 1994 1232 λα-

331 1265 462 1338 ϐὼν,
491 1270 585 1325 τὸν
621 1266 678 1324 δὲ
701 1267 930 1344 οὐρανὸν
990 1264 1180 1339 κύκλῳ
1232 1265 1504 1344 φέρεσθαι,
1565 1265 1669 1322 ἀπὸ
1719 1274 1820 1336 τῆς
1871 1265 1994 1321 δια-

329 1360 502 1438 φόρου
551 1360 822 1429 κινήσεως
855 1355 1112 1434 διάφορον
1149 1356 1294 1428 αὐτῷ
1343 1355 1434 1410 καὶ
1465 1357 1566 1426 τήν
1625 1357 1814 1411 οὐσίαν
1855 1357 1994 1433 πρὸς

325 1450 392 1506 τὰ
421 1453 676 1526 στοιχεῖα
705 1445 917 1503 δίδωσι.
971 1445 1068 1500 Καὶ
1126 1445 1218 1501 τόν
1246 1466 1304 1500 τε
1333 1444 1560 1522 οὐρανὸν
1601 1446 1690 1500 καὶ
1744 1447 1870 1508 τοὺς
1901 1445 1990 1501 ὑπ’

327 1539 488 1596 αὑτὸν
536 1536 762 1614 ἀστέρας
815 1536 906 1591 καὶ
962 1537 1134 1610 μέχρι
1183 1534 1424 1606 σελήνης
1453 1533 1638 1610 αἰθέρα
1661 1533 1841 1608 καλεῖ,
1899 1535 1988 1592 καί

325 1629 578 1704 πέμπτον
610 1631 770 1701 σῶμα
793 1626 1176 1698 κατονομάζει.

457 1751 564 1811 πῖθ’.
598 1743 693 1808 Εἷς
722 1745 926 1807 πόσους
950 1741 1185 1805 κύκλους
1219 1739 1510 1820 διαιρεῖται
1543 1742 1571 1796 6
1605 1741 1852 1819 οὐρανός.

394 1845 495 1902 Τὸν
560 1843 788 1921 οὐρανὸν
842 1841 918 1908 εἷς
969 1837 1218 1904 πολλοὺς
1287 1837 1524 1903 κύγλους
1584 1841 1636 1894 οἱ
1694 1839 1988 1919 φιλόσοφοι

333 1935 685 2012 ὃιῃρήκασιν,
747 1937 820 1988 ὧν
887 1933 1102 2007 πρῶτός
1156 1931 1296 1986 ἐστιν
1331 1933 1358 1986 6
1391 1931 1729 2005 ἱσημερινὸς,
1765 1931 1791 1986 ὁ
1827 1931 1988 2004 μέσον
2021 1931 2067 1997 Β

331 2023 484 2080 αὑτὸν
545 2023 758 2097 τέμνων
815 2021 905 2076 καὶ
957 2017 1180 2096 διαιρῶν
1240 2021 1308 2074 τά
1353 2019 1508 2074 νότια
1557 2018 1646 2074 καὶ
1677 2021 1744 2074 τὰ
1777 2019 1986 2094 βόρεια.

337 2113 554 2189 Ἐφεξῆς
613 2109 670 2168 δὲ
725 2107 923 2166 τούτου
979 2111 1098 2164 κατ’
1157 2108 1324 2187 ἄμφω
1381 2109 1446 2163 τά
1502 2107 1666 2183 μέρη,
1721 2109 1857 2164 κατᾶ
1891 2110 1984 2182 μὲν

341 2203 400 2256 τὸ
445 2199 608 2272 δεξιὸν
639 2245 654 2272 ,
709 2200 916 2273 θερινὸν
991 2197 1196 2254 κύκλον
1267 2197 1357 2254 καὶ
1441 2199 1530 2254 τὸν
1594 2199 1844 2274 ἀρκτικὸν
1901 2221 1988 2254 τι-

347 2289 532 2356 θέασιν·
589 2291 722 2348 κατά
770 2288 826 2346 δὲ
872 2289 936 2346 τὸ
996 2289 1297 2367 ἀριστερόν,
1366 2289 1459 2344 τὸν
1512 2289 1692 2344 νότιον
1751 2289 1842 2344 καὶ
1893 2292 1984 2346 τὸν

337 2379 717 2456 ἀνταρκτικόν.
775 2383 1000 2456 Ἕτερον
1063 2377 1217 2441 αὖθις
1277 2376 1480 2434 κύκλον
1541 2377 1840 2434 πλάττουσι
1893 2381 1982 2436 τὸν

333 2464 703 2548 μεσημϐρινὸν
765 2469 856 2525 τὸν
920 2469 1025 2526 ἀπὸ
1081 2473 1188 2524 τῶν
1248 2467 1527 2524 ἀνατολῶν
1589 2467 1662 2530 εἷς
1693 2465 1842 2524 δύσιν
1874 2469 1984 2524 κεί-

329 2581 488 2632 μενον
524 2604 540 2630 ,
595 2559 686 2616 καὶ
757 2558 1026 2634 τέμνοντα
1106 2560 1200 2633 μὶν
1259 2557 1388 2622 τοὺς
1447 2559 1770 2634 εἰρημένους
1829 2559 1988 2615 πέντε

323 2647 584 2724 κύκλους,
649 2647 842 2721 ἐπίσης
889 2647 1204 2726 διαιροῦντα
1235 2645 1294 2704 δὲ
1322 2649 1382 2704 τὸ
1442 2648 1574 2722 ἑῷον
1613 2648 1776 2725 μέρος
1803 2649 1892 2704 καὶ
1923 2651 1984 2705 τὸ

324 2737 602 2813 ἑσπέριον.
637 2741 830 2796 Ἕκτον
865 2739 1342 2815 προσονομάζουσι
1374 2738 1464 2793 τὸν
1492 2739 1767 2814 ὁρίζοντα,
1795 2738 1863 2793 τὰ
1889 2735 1984 2794 δύο

325 2827 666 2906 ἡμισφαίρια
697 2825 1108 2885 διαστέλλοντα.
1136 2823 1442 2902 Ἕϐδομον,
1473 2828 1565 2882 τὸν
1591 2825 1985 2904 ζωδιακὸν,ἀρ-

331 2917 570 2992 χόμενον
605 2917 708 2972 ἀπὸ
738 2922 830 2973 τοῦ
861 2919 1096 2992 θερινοῦ,
1130 2915 1220 2972 καὶ
1249 2915 1518 2991 τέμνοντα
1543 2917 1634 2972 τὸν
1669 2915 1983 2994 ἰσημερινὸν

330 3005 422 3060 καὶ
457 3005 697 3084 λήγοντα
725 3007 796 3070 εἲς
825 3009 914 3063 τὸν
943 3009 1147 3065 νότιον.

325 3213 390 3289 ρ’.
426 3211 558 3290 Περὶ
591 3215 687 3268 τοῦ
713 3211 1040 3290 ’φαινομένου
1073 3211 1123 3268 ἐν
1171 3215 1251 3290 τῷ
1296 3211 1512 3290 ούρανῷ
1539 3211 1982 3290 ,γαλακτοειδοῦς

661 3282 984 3341 κύκλουκοιὶ
1015 3282 1317 3360 λεγομένου
1349 3282 1636 3358 Γαλαξίου.

389 3380 558 3452 Ὀπερ
621 3373 762 3431 ἐστὶν
823 3377 850 3431 6
904 3377 1161 3450 κομήτης
1219 3375 1344 3450 περὶ
1401 3369 1492 3429 ἕνα
1540 3374 1766 3451 ἀστέρα,
1813 3377 1976 3432 τοῦτό

317 3463 458 3520 ἐστιν
515 3465 543 3519 6
579 3463 843 3540 Γαλαξίας
873 3465 998 3542 περὶ
1029 3463 1158 3521 ὅλον
1217 3462 1438 3522 κύκλον.
1473 3465 1535 3522 Ἡ
1566 3465 1666 3541 γὰρ
1701 3464 1834 3534 αύτή
1867 3465 1972 3538 ὕλη

313 3553 576 3630 γαλαξίου
635 3555 724 3610 καὶ
782 3555 1056 3628 κομήτου,
1112 3555 1202 3610 καὶ
1262 3553 1376 3610 ἐπεὶ
1430 3555 1682 3630 μέγιστος
1713 3553 1916 3618 κύκλος
1949 3556 1976 3610 ὁ

311 3641 578 3716 γαλαξίας
636 3643 860 3719 γίνεται,
923 3643 1112 3712 πολλὴ
1175 3643 1226 3715 ἐξ
1278 3644 1514 3720 ἀνάγκης
1557 3645 1592 3714 ἡ
1625 3640 1806 3718 ἔξαψις
1841 3665 1978 3717 συμ-

317 3727 517 3789 ϐαίνει.
556 3733 618 3790 Ὀ
677 3729 736 3789 δὲ
793 3733 998 3798 κύκλος
1023 3731 1186 3788 αὑτοῦ
1231 3728 1544 3806 συμϐάλλει
1602 3731 1738 3788 κατά
1781 3754 1840 3788 τε
1886 3734 1976 3788 τὸν

307 3821 548 3892 Τοξότην
605 3823 696 3878 καὶ
743 3823 872 3886 τοὺς
928 3819 1214 3896 διδύμους,
1277 3823 1411 3896 ἅπερ
1445 3821 1504 3876 ἐκ
1535 3819 1830 3898 διαμέτρου
1853 3821 1976 3878 εἷ’σί.

313 3912 417 3965 Καὶ
471 3909 564 3966 ’ἱνα
619 3912 682 3967 τὸ
715 3913 875 3990 σαφὲς
905 3907 1010 3988 ἔχῃ
1062 3915 1090 3967 6
1131 3912 1521 3988 ἀναγινώσκων
1555 3911 1678 3986 περί
1707 3933 1766 3967 τε
1795 3913 1978 3986 κομή-

313 4021 414 4056 του
471 4001 560 4056 καὶ
621 4001 908 4072 Γαλαξίου,
965 3999 1304 4078 γινωσκέτω,
1350 4002 1433 4056 ὅτι
1489 3999 1644 4065 εὐθὺς
1709 4003 1842 4074 μετὰ
1879 4003 1978 4070 τὴν

313 4089 556 4162 σελήνην
617 4095 780 4166 σῶμα
805 4089 974 4159 ἐστὶν,
1025 4089 1084 4146 οὐ
1117 4093 1366 4166 καθαρῶς
1421 4091 1513 4164 μὲν
1545 4095 1674 4164 πῦρ,
1706 4088 1832 4146 ἀλλ’
1863 4093 1978 4146 οἷον

313 4177 600 4244 καπνῶδες
661 4181 751 4236 καὶ
812 4178 1107 4256 δυνάμενον
1171 4181 1278 4236 ὑπὸ
1335 4181 1606 4252 κινήσεως
1667 4179 1982 4258 ἐξαφθῆναι,

311 4271 442 4325 ὅταν
477 4271 572 4344 μὲν
613 4272 888 4342 κινηθέντι
943 4271 1108 4344 μέρος
1153 4273 1252 4326 τοῦ
1283 4269 1700 4344 ὑπεκκαύματος
1756 4270 1980 4346 ἐξαφθῇ,

308 4359 404 4414 καὶ
466 4359 694 4434 ἐμπέσοι
745 4361 823 4425 εἰς
859 4361 1088 4436 μερικὴν
1119 4365 1352 4436 παχεῖαν
1409 4357 1546 4430 ὕλην
1579 4360 1670 4414 καὶ
1702 4357 1984 4442 ἐπισταίη,

308 4453 464 4504 ποιεῖ
517 4451 792 4523 κομήτην·
857 4451 982 4506 ὅταν
1040 4447 1098 4506 δὲ
1153 4449 1229 4512 εἷς
1289 4447 1418 4504 ὅλον
1450 4447 1656 4504 κύκλον
1705 4445 1984 4526 διενεχθῇ,

309 4543 467 4594 ποιεῖ
519 4540 610 4594 τὸν
669 4539 956 4613 Γαλαξίαν.
1017 4537 1273 4595 Φαίνεται
1333 4535 1390 4592 δὲ
1442 4537 1660 4605 λευκὸς,
1693 4535 1832 4594 διότι
1868 4541 1984 4594 οἷον

311 4627 661 4706 ὲξαφρίζεται
718 4629 820 4683 ὑπὸ
895 4635 998 4700 τῆς
1053 4631 1316 4701 κινήσεως
1379 4629 1440 4683 τὸ
1511 4627 1833 4702 ὑπέκκαυμα
1892 4625 1984 4683 καὶ

313 4717 791 4774 ὑπολευκαίνεται.

313 4826 418 4902 ρα’.
453 4826 584 4902 Περὶ
613 4830 720 4882 τῶν
754 4823 1094 4905 φαινομένων
1135 4823 1188 4880 ἐν
1219 4828 1298 4905 τῷ
1329 4823 1538 4899 οὖρανῷ
1569 4821 1844 4904 διαφόρων
1878 4843 1978 4880 πυ-

891 4897 970 4973 ρίν
979 4919 1051 4954 ων
1085 4897 1405 4976 φασμάτωνζ

385 4987 888 5063 Ἐκφὶ-ργούμενον,
921 4987 996 5051 ὡς
1037 4985 1354 5064 εἰρήκαμεν,
1413 4985 1478 5041 τὸ
1531 4985 1870 5060 ὑπέκκαυμα,
1931 4985 1980 5042 εἴ

314 5075 408 5130 καὶ
462 5078 596 5133 κατὰ
660 5084 838 5152 μῆκος
901 5075 1068 5152 μόνον
1139 5075 1365 5154 ἐξαφθῇ,
1423 5075 1512 5130 καὶ
1571 5077 1778 5150 ποιήσῃ
1839 5076 1980 5130 ἀπο-

324 5165 791 5242 σπινθηρισμοὺς,
852 5167 906 5221 αἱ
965 5161 1262 5241 λεγόμεναι
1323 5165 1466 5242 αἶγες
1521 5165 1780 5240 γίνονται,
1835 5163 1978 5238 μαλ-

327 5245 449 5312 λοῖς
513 5254 612 5332 γὰρ
695 5253 1014 5332 ἐκκρεμέσιν
1095 5255 1148 5310 οἱ
1227 5254 1730 5331 ἀποσπινθηρισμοὶ
1806 5253 1982 5310 ἐοίκα-

320 5359 424 5398 σιν.
465 5341 530 5398 Ei‘
584 5341 642 5400 δὲ
698 5345 764 5401 οὗ
821 5346 1030 5420 ποιήσῃ
1059 5341 1567 5420 ἀποσπινοηρισμὸν
1607 5344 1670 5400 τὸ
1701 5343 1838 5400 κατᾶ
1869 5351 1978 5418 μῆ-

313 5451 416 5496 κος
477 5431 720 5510 ἰξαφθὶν,
757 5433 924 5498 δαλὸς
957 5433 1047 5490 διὰ
1075 5435 1138 5490 τὸ
1195 5440 1392 5510 σχῆμα
1419 5437 1876 5508 κατονομάζεται.
1910 5434 1977 5492 Οἱ

311 5517 370 5576 δὲ
433 5521 754 5598 φαινόμενοι
810 5525 1100 5588 πίπτοντες
1159 5521 1376 5596 ἀστέρες
1410 5568 1424 5592 ,
1482 5521 1578 5586 οὕς
1663 5519 1976 5586 ὃιάττοντας

309 5611 338 5668 ὁ
395 5611 788 5688 Ἀριστοτέλης
838 5613 1018 5685 καλεῖ,
1079 5611 1295 5688 σπέρμα
1345 5609 1456 5665 ἐστὶ
1515 5612 1710 5688 πυρὸς,
1738 5611 1977 5692 ἐξαφθεί-

307 5721 414 5774 σης
469 5701 610 5758 κατά
665 5723 718 5758 τι
781 5703 948 5780 μέρος
991 5694 1102 5774 ’τῆς
1154 5697 1477 5763 καπνώδους
1542 5701 1976 5776 ἀναθυμιάσεως,

299 5789 398 5848 καὶ
457 5791 604 5847 κατᾶ
655 5789 898 5848 διάδοσιν
929 5835 945 5868 ,
1003 5789 1240 5870 πλαγίαν
1295 5790 1677 5866 ποιησαμένης
1724 5790 1976 5863 κίνησιν·

2108 659 2338 714 quoque
2369 659 2436 698 ex
2469 642 2680 699 iisdem
2731 650 2998 702 constare
3027 648 3232 704 docet:
3283 655 3510 708 tantum
3535 652 3767 710 diﬂ'erre

2107 729 2169 786 in
2218 748 2306 798 eo,
2341 733 2495 803 quod
2529 749 2773 806 corpora
2803 735 3103 792 terrestria.
3152 755 3218 796 ex
3253 739 3645 798 deterioribus
3699 759 3767 798 ac

2105 819 2286 874 veluti
2309 820 2698 877 crassioribus
2723 824 2980 896 etmagis
3011 827 3412 882 materialibus
3444 827 3764 886 elemento-

2110 925 2240 964 rum
2273 909 2542 981 partibus
2573 911 2900 983 composita
2933 913 3072 982 sint,
3126 914 3336 971 coelum
3377 934 3510 973 vero
3533 935 3598 974 cx
3631 920 3770 975 sub-

2106 1007 2405 1064 tilioribus
2463 1015 2520 1065 et
2577 1009 2964 1067 lucidioribus
3022 1013 3418 1070 substantiam
3453 1016 3760 1088 acceperit.

2104 1095 2448 1154 Aristoteles
2505 1099 2646 1155 dum
2689 1099 2896 1165 sumit,
2957 1101 3241 1158 elementa
3298 1107 3550 1174 quatuor
3607 1109 3762 1160 recto

2105 1190 2269 1240 motu
2307 1187 2800 1260 ferri,cmlumque
2833 1189 3212 1258 circulari,ex
3243 1193 3474 1248 diversa
3503 1194 3761 1250 motione

2104 1275 2281 1331 etiam
2323 1277 2614 1334 diversam
2657 1295 2689 1334 a
2729 1283 2986 1352 quatuor
3034 1279 3333 1338 elementis
3364 1282 3760 1340 substantiam

2103 1371 2232 1443 ejus
2262 1373 2918 1448 concludit,coelumque
2941 1381 2997 1432 et
3027 1377 3221 1434 sidera
3243 1380 3314 1435 ad
3347 1377 3545 1436 lunam
3571 1396 3762 1452 usque

2101 1463 2376 1520 aetherem
2407 1468 2466 1521 et
2497 1465 2770 1538 quintum
2803 1483 3014 1539 corpus
3047 1467 3329 1542 appellat.

2329 1765 2418 1820 89.
2451 1767 2516 1822 In
2543 1770 2672 1838 quot
2701 1767 2934 1823 circulos
2958 1767 3156 1823 caelum
3183 1767 3466 1826 dividatur
3493 1769 3522 1824 ?

2171 1862 2602 1936 Ccelum‘variis
2639 1865 2877 1922 circulis
2933 1867 3334 1924 distinxerunt
3391 1868 3754 1941 philosophi,

2101 1969 2352 2025 quorum
2387 1955 2614 2026 primus
2647 1961 2738 2011 est
2766 1961 3045 2027 zequator,
3081 1957 3179 2029 qui
3211 1957 3473 2014 medium
3505 1957 3654 2014 illud
3693 1960 3758 2016 in-

2100 2043 2419 2099 australem
2449 2047 2510 2100 et
2563 2045 3076 2117 septentrionalem
3137 2052 3363 2118 partem
3407 2047 3636 2104 dividit.
3671 2048 3756 2104 Ab

2099 2131 2210 2188 hoc
2229 2133 2506 2205 deinceps
2537 2149 2606 2188 ex
2636 2139 2886 2206 utraque
2915 2139 3079 2206 parte
3109 2137 3182 2191 ad
3215 2135 3480 2192 dextram
3513 2137 3756 2210 quidem

2099 2221 2388 2291 tropicum
2421 2223 2688 2280 aestivum
2719 2228 2778 2279 et
2807 2223 3096 2280 circulum
3127 2227 3410 2282 arcticum
3445 2227 3756 2296 collocant,

2099 2311 2169 2365 ad
2194 2311 2436 2366 sinistra
2455 2313 2750 2384 tropicum
2799 2313 3142 2380 australem,
3171 2314 3578 2388 circulumque
3627 2320 3758 2372 ant-

2098 2400 2402 2456 arcticum.
2437 2401 2631 2458 Alium
2667 2403 2882 2458 iterum
2914 2404 3205 2476 efﬁngunt
3257 2405 3543 2462 circulum
3577 2405 3756 2462 meri-

2098 2489 2363 2559 dianum,
2387 2491 2462 2548 ab
2493 2492 2714 2548 oriente
2745 2493 2820 2548 ad
2867 2493 3230 2550 occidentem
3285 2511 3474 2566 usque
3534 2495 3755 2567 pertin-

2095 2584 2328 2653 gentem
2361 2586 2568 2654 ;atque
2591 2591 2816 2638 sexlum
2841 2582 3126 2640 circulum
3148 2585 3542 2656 quinquejam
3567 2585 3754 2642 dictos

2095 2675 2418 2738 secantem,
2477 2673 2950 2744 matutinamque
3000 2689 3064 2728 ac
3093 2673 3489 2746 vespertinam
3527 2678 3756 2747 partem

2095 2759 2396 2832 aequaliter
2434 2761 2792 2818 dividentem
2852 2761 3219 2820 horizontem
3281 2764 3404 2820 sive
3461 2763 3756 2820 finitoer

2095 2849 2414 2922 appellant,
2470 2868 2588 2924 quo
2622 2852 2738 2908 duo
2797 2851 3214 2925 hemisphaeria
3245 2853 3706 2926 distinguuntur
3738 2872 3754 2922 ;

2094 2941 2410 3010 septimum
2439 2941 2692 3013 denique
2723 2942 3026 3000 zodiacum
3059 2943 3434 3015 incipientem
3469 2960 3502 2999 θ.
3531 2942 3758 3014 trepico

2093 3030 2312 3097 mstivo,
2345 3035 2761 3103 secantemque
2791 3037 3165 3104 aaquatorem,
3197 3037 3376 3105 atque
3423 3033 3480 3090 in
3531 3033 3756 3105 tropico

2093 3119 2338 3174 australi
2371 3120 2764 3176 desinentem.

2243 3226 2334 3281 90.
2359 3228 2433 3283 De
2453 3226 2666 3284 circulo
2699 3225 2874 3283 lacteo
2905 3229 2966 3284 in
2996 3227 3150 3298 caelo,
3173 3229 3289 3283 sive
3313 3226 3574 3284 Galazia.

2162 3389 2316 3455 Quod
2347 3395 2575 3446 cometa
2599 3393 2690 3446 est
2718 3389 2778 3445 in
2811 3407 2928 3446 una
2953 3389 3260 3460 stella,hoc
3291 3389 3530 3446 Galaxia
3559 3393 3650 3446 est
3681 3391 3744 3447 in

2087 3483 2206 3536 toto
2227 3480 2464 3536 circulo.
2499 3481 2714 3536 Eadem
2773 3481 2931 3536 enim
2964 3485 3203 3536 cometae
3237 3485 3294 3537 et
3341 3480 3514 3538 lactei
3544 3480 3751 3538 circuli

2088 3569 2444 3636 substantia,
2465 3587 2529 3626 ac
2560 3571 2700 3642 quia
2723 3571 3018 3626 maximus
3045 3577 3134 3626 est
3165 3570 3428 3627 circulus
3458 3570 3746 3641 Galaxias,

2089 3675 2328 3716 necesse
2345 3663 2722 3732 estmagnam
2739 3661 2818 3716 ibi
2843 3659 3746 3732 contingereinflammationem.

2090 3749 2486 3822 Attingitvero
2500 3749 2756 3807 circulus
2789 3751 2900 3806 iste
2923 3750 3752 3823 Sagittarium,Geminosque,

2091 3839 2191 3911 qui
2224 3856 2254 3894 e
2284 3839 2572 3896 diametro
2607 3840 2718 3896 sibi
2751 3845 3150 3912 opponuntur.
3203 3843 3392 3912 Atque
3433 3843 3495 3896 ut
3525 3839 3748 3908 lectori,

2092 3928 2248 4000 quod
2271 3929 2342 3983 de
2373 3933 2600 3984 cometa
2628 3933 2686 3983 et
2741 3928 2980 3986 Galaxia
3039 3928 3178 3994 dixi,
3213 3929 3588 4001 perspicuum
3647 3930 3746 4001 sit,

2093 4017 2248 4072 norit
2278 4017 2388 4073 sub
2421 4017 2562 4074 luna
2591 4034 2720 4074 esse
2779 4035 3018 4090 corpus,
3059 4035 3174 4074 non
3233 4035 3447 4090 purum
3508 4018 3748 4090 quidem

2091 4106 2310 4178 ignem,
2361 4108 2460 4162 sed
2508 4107 2686 4164 veluti
2721 4107 3020 4179 fumigans
3070 4107 3306 4179 aliquod
3367 4112 3752 4180 aptumquea

2095 4197 2351 4253 motione
2385 4197 2686 4253 ﬂammam
2719 4197 3048 4269 concipere.
3101 4197 3344 4261 Quando
3374 4196 3555 4270 igitur
3613 4213 3754 4270 pars

2094 4287 2318 4358 agitata
2366 4287 2585 4343 fomitis
2607 4287 2769 4342 illius
2784 4286 3514 4360 succenditur,inciditque
3539 4288 3598 4344 in
3623 4305 3748 4360 par-

2093 4375 2402 4432 ticularem
2437 4376 2742 4432 materiam
2777 4393 3039 4433 crassam
3071 4391 3322 4447 eamque
3351 4377 3750 4448 accendit,fco-

2097 4469 2316 4522 metam
2343 4465 2480 4522 facit
2514 4490 2529 4534 ;
2560 4466 2796 4537 quando
2816 4470 3010 4522 autem
3037 4481 3137 4537 per
3167 4469 3346 4520 totum
3371 4465 3622 4522 infertur
3642 4466 3754 4522 cir-

2097 4554 2320 4621 culum,
2383 4555 2520 4612 facit
2577 4555 2902 4624 Galaxiam,
2954 4555 3056 4627 qui
3113 4555 3406 4611 candidus
3457 4559 3748 4628 apparet;

2099 4645 2380 4717 quoniam
2413 4662 2448 4702 a
2478 4645 2738 4702 motione
2770 4645 2952 4702 fomes
2975 4643 3072 4700 ille
3103 4644 3282 4702 veluti
3313 4649 3574 4717 spumat,
3607 4643 3752 4700 albi-

2091 4739 2318 4806 eatque.

2284 4825 2374 4880 91.
2410 4823 2486 4880 De
2517 4823 2648 4880 visis
2669 4825 2836 4880 variis
2877 4825 2936 4878 in
2964 4823 3097 4878 calo
3127 4823 3546 4895 apparentibus.

2159 4989 2492 5042 Succensus
2523 4988 2586 5041 ut
2613 4985 2730 5040 dixi
2754 4985 3205 5056 fomes,quando
3235 4985 3292 5039 in
3317 4984 3557 5058 longum
3573 4987 3746 5044 modo

2091 5075 2392 5131 ﬂammam
2418 5073 3364 5147 concipit,emittitqueigniculos,
3401 5075 3746 5149 ﬁuntcapraa

2091 5180 2239 5235 quas
2273 5167 2504 5234 vocant,
2536 5163 2694 5220 villis
2719 5163 2875 5220 enim
2893 5163 3364 5234 dependentibus
3397 5163 3480 5218 illi
3503 5164 3748 5237 igniculi

2093 5269 2207 5308 non
2226 5253 2544 5309 dissimiles
2558 5254 2784 5310 sunt.Si
2803 5269 2932 5309 vero
2949 5253 3006 5308 in
3023 5253 3262 5325 longum
3277 5254 3746 5311 succensnsnul-

2089 5343 2178 5398 las
2193 5342 2646 5399 scintillationes
2659 5343 2909 5414 emittat,
2927 5361 2959 5400 a
2974 5343 3161 5416 ﬁgura
3176 5341 3473 5414 appellant
3493 5344 3744 5401 trabem.

2087 5435 2160 5488 At
2181 5449 2308 5504 quae
2341 5433 2550 5488 cadere
2617 5433 2893 5488 videntur
2949 5433 3157 5500 stellae,
3190 5433 3592 5490 discurrentes
3623 5433 3744 5490 Ari-

2090 5521 2327 5578 stoteles
2352 5525 2536 5590 vocat,
2573 5539 2774 5579 semen
2807 5521 2868 5577 in
2899 5539 2960 5578 se
2995 5521 3149 5596 ignis
3191 5521 3432 5594 habent,
3460 5539 3745 5583 succenso

2089 5628 2158 5668 ex
2187 5617 2350 5683 parte
2385 5611 2666 5684 fuligineo
2697 5627 2934 5683 vapore,
2969 5617 3025 5666 et
3057 5613 3193 5667 dum
3253 5617 3522 5684 augetur,
3555 5617 3746 5670 trans-

2087 5719 2317 5759 versam
2352 5701 2600 5757 facientc
2626 5701 2968 5756 motionem.
2993 5699 3281 5774 Obliquus
3313 5705 3512 5757 autem
3545 5708 3744 5760 motus

2087 5791 2153 5846 ﬁt
2184 5794 2424 5862 propter
2455 5789 2629 5844 aliam
2663 5789 3172 5860 causam,quando
3193 5787 3474 5844 nimirum
3509 5791 3742 5862 refrige-
