4110 6396
353 381 473 442 ⁸743

1701 366 2120 428 MICHAELIS
2164 369 2436 434 PSELLI

3613 376 3783 448 _7M

357 511 575 568 ratione
605 505 1149 577 trndente,ohliqua
1171 503 1360 576 ﬁgura
1389 501 1828 558 redditur.Cum
1853 500 2010 555 enim

2129 502 2266 573 Δοξὴ
2327 500 2384 558 δὲ
2433 505 2640 580 γίνεται
2697 509 2732 576 ἡ
2800 505 3016 577 κίνησις
3069 503 3139 562 δι’
3183 503 3359 561 αίτίαν
3388 505 3596 580 δτέραν,
3656 508 3781 563 ὅταν

354 617 527 655 omne
552 600 804 669 desuper
831 595 1117 650 emissum
1151 590 1430 647 inferiora
1461 595 1640 661 petat,
1664 588 1819 660 ignis
1876 604 2010 643 vero

349 696 564 746 natura
585 687 799 743 habeat
818 692 880 740 ut
909 683 1112 738 tendat
1147 697 1403 747 sursum,
1431 679 1735 751 pressione
1769 680 2010 749 cogente

351 780 422 835 ad
455 778 735 834 inferiora
759 774 1018 838 tendere,
1075 776 1133 827 et
1186 775 1398 825 natura
1451 767 1715 824 vicissim
1769 770 2012 839 cogente

351 885 587 925 sursum
614 864 1053 932 eniti,nascitur
1077 860 1252 916 mista
1272 860 1537 930 quaedam
1569 857 1743 912 veluti
1778 860 1835 910 et
1865 853 2012 910 obli-

355 975 474 1031 qua
505 957 712 1012 motio.

353 1153 444 1209 92.
481 1157 558 1209 De
586 1149 988 1224 apparentibus
1020 1148 1077 1273 itu
1090 1143 1712 1273 hewfobsanguinolentis
1740 1140 2010 1196 coloribus

1009 1235 1038 1273 ε
1128 1235 1183 1273 ια
1210 1235 1228 1272 ι
1267 1233 1350 1271 us.

1009 1233 1058 1275 σε
1090 1233 1350 1273 mancus.

425 1312 876 1386 Sanguinolenti
937 1308 1162 1365 colores
1217 1308 1275 1361 in
1334 1304 1478 1360 ccelo
1539 1301 2010 1375 conspiciuntur,

354 1405 589 1474 quando
622 1403 810 1458 nubes
843 1401 1010 1472 nigra
1039 1399 1110 1452 ad
1162 1397 1314 1451 latus
1345 1395 1666 1466 splendidis
1706 1392 1880 1447 nubis
1910 1408 2012 1446 ex-

354 1492 706 1560 stiterit,nec
737 1490 934 1546 minus
967 1485 1371 1560 quandoinfra
1387 1483 1758 1556 splendidam
1793 1481 2009 1536 nubem

354 1583 543 1638 nubes
575 1581 869 1654 nigricans
900 1578 1298 1648 colligitur.Ac
1322 1590 1456 1630 cum
1490 1573 1728 1644 quidem
1753 1572 1821 1626 ad
1855 1570 2011 1625 latus

353 1674 646 1737 consistit,
678 1678 819 1727 tunc
849 1670 1044 1725 visum
1075 1667 1215 1722 illud
1248 1665 1536 1738 contingit
1587 1680 1691 1736 per
1719 1662 2013 1718 refractio-

353 1779 487 1819 nem
521 1759 1059 1818 radiorum.Hiatus
1084 1773 1214 1812 vero
1238 1755 1357 1810 sive
1379 1754 1682 1810 chasmata
1706 1755 2012 1823 apparent,

352 1853 588 1924 quando
621 1851 783 1919 nigra
806 1848 1235 1921 splendidaque
1257 1846 1446 1900 nubes
1466 1844 1667 1898 eadem
1701 1859 1767 1897 su
1780 1840 2011 1912 perticis

351 1941 476 1998 οωιὶ
508 1939 952 2002 consistunt,ita
984 1942 1047 1992 ut
1078 1936 1245 2006 nigra
1276 1933 1526 1988 interius
1557 1929 2010 2002 stet,splandida

353 2031 628 2086 exterius.
662 2031 827 2084 Tunc
859 2027 1075 2100 quippe
1118 2026 1284 2080 visus
1317 2027 1513 2078 noster
1544 2020 1855 2093 splendida
1880 2035 2007 2073 ma-

352 2119 442 2191 gis
473 2123 794 2190 occupatus
823 2117 1168 2188 nigramque
1200 2113 1428 2168 tardius
1479 2109 2007 2181 comprehendens,

350 2208 582 2264 videtur
614 2206 725 2262 sibi
761 2205 981 2260 hiatum
1014 2202 1388 2272 videre,quod
1411 2198 2007 2272 perimaginationem

351 2315 383 2351 a
415 2297 582 2368 nigro
615 2294 806 2351 colore
840 2294 1133 2364 objectam
1163 2292 1399 2347 accidit.

517 2402 606 2457 93.
649 2407 726 2457 De
753 2400 1142 2469 magnitudine
1189 2399 1344 2466 solis,
1381 2397 1533 2454 lunae
1562 2399 1614 2451 et
1645 2400 1826 2451 terrae.

420 2491 516 2548 Sol
550 2493 621 2547 ad
650 2495 865 2547 terram
899 2507 969 2545 ex
1000 2487 1324 2544 Aristarchi
1359 2487 1437 2541 rei
1490 2485 1896 2542 astronomicas
1917 2500 2010 2557 pe-

351 2581 620 2637 ritissimi
656 2580 948 2636 sententia
981 2580 1258 2650 majorem
1288 2576 1567 2632 rationem
1603 2575 1804 2637 habet,
1829 2590 2006 2645 quam

352 2671 542 2726 sexies
567 2669 1098 2741 mille,octingenta
1129 2665 1665 2737 etundesexaginta
1689 2663 1758 2718 ad
1781 2667 2007 2734 septem

357 2765 414 2816 et
444 2759 672 2830 viginti.
711 2759 1117 2829 Diametrrque
1175 2755 1318 2812 solis
1351 2755 1419 2810 ad
1455 2759 1621 2809 terra:
1655 2752 2008 2808 diametrum

354 2849 638 2920 majorem
674 2847 849 2902 habet
878 2847 1162 2902 rationem
1190 2861 1364 2918 quam
1400 2842 1760 2914 undeviginti
1787 2842 1853 2896 ad
1876 2840 2006 2898 tria.

357 2941 642 2992 Praeterea
673 2937 959 2991 diameter
983 2935 1121 2990 solis
1143 2935 1429 2989 diametro
1462 2932 1614 2987 lunas
1647 2931 1832 3002 major
1855 2929 2010 3002 plus-

355 3043 534 3099 quam
578 3025 979 3098 duodeviginti
1009 3025 1258 3079 vicibus.
1288 3025 1353 3078 Et
1376 3023 1458 3078 sol
1503 3023 1570 3078 ad
1606 3020 1805 3076 lunam
1833 3020 2010 3090 majo-

354 3132 478 3171 rem
511 3115 691 3171 habet
722 3113 1004 3170 rationem
1061 3130 1236 3185 quam
1263 3111 1579 3184 quinquies
1607 3110 1787 3181 mille,
1821 3110 2006 3164 octin-

355 3209 530 3279 genta
559 3209 618 3261 et
647 3204 883 3276 triginta
909 3205 1025 3259 duo
1050 3205 1119 3258 ad
1147 3202 1492 3258 unumHaec
1518 3218 1630 3257 non
1661 3198 2009 3272 simpliciter

354 3296 434 3350 ita
465 3301 517 3350 et
549 3296 675 3349 sine
705 3293 1203 3350 demonstratione
1225 3292 1381 3365 apud
1432 3291 1755 3362 astrologos
1803 3305 2006 3362 propo-

356 3389 604 3449 nuntur,
638 3385 737 3439 sed
791 3383 1159 3456 geometricis
1190 3386 1246 3436 et
1265 3379 1611 3436 certissimis
1642 3381 2011 3434 demo-nstra-

356 3473 621 3530 tionibus
643 3473 1013 3541 confirmata,
1037 3473 1108 3527 de
1139 3472 1356 3542 quibus
1377 3471 1568 3526 dicere
1600 3486 1712 3524 non
1746 3468 1909 3524 locus
1927 3472 2016 3524 est

358 3564 418 3619 in
461 3566 731 3635 prmeenti
769 3590 782 3632 ;
820 3565 1018 3634 itaque
1067 3563 1194 3628 tibi,
1257 3563 1578 3634 imperator
1623 3559 2012 3630 divinissime,

357 3655 788 3726 propositiones
828 3654 1146 3724 hascejam
1173 3651 1300 3707 sine
1331 3649 1832 3707 demonstratione
1863 3649 2015 3704 acci-

357 3759 492 3815 pere
525 3745 669 3798 satis
698 3744 895 3814 fuerit,
929 3741 1462 3799 demonstrationes
1495 3745 1688 3796 autem
1723 3739 1834 3795 alio
1862 3745 2014 3795 tem-

358 3849 496 3905 pore
527 3850 560 3888 a
590 3850 683 3888 me
716 3834 1002 3906 requires.

874 3924 965 3977 94.
995 3924 1068 3979 De
1097 3922 1296 3994 eclipsi
1315 3920 1474 3978 solis.

439 4013 677 4085 Proprie
709 4012 873 4068 nulla
893 4018 983 4067 est
1014 4012 1154 4068 solis
1184 4010 1446 4083 eclipsis,
1480 4025 1666 4082 neque
1705 4011 1861 4066 enim
1897 4027 2013 4065 un-

358 4122 530 4181 quam
563 4103 706 4160 solis
739 4103 936 4157 lumen
971 4102 1343 4170 obscuratur,
1378 4101 1476 4156 sed
1504 4100 1676 4156 modo
1708 4099 1878 4155 nobis
1921 4115 2013 4154 oc-

358 4192 710 4252 cultatur.ld
742 4208 874 4246 vero
903 4190 1134 4256 accidit,
1159 4190 1395 4258 quando
1429 4190 1486 4244 in
1524 4189 1693 4244 nodis
1725 4187 2013 4259 eclipticis

359 4285 501 4341 luna
532 4279 1095 4356 perpendiculariter
1125 4280 1277 4336 inl'ra
1313 4279 1492 4335 solem
1547 4284 1830 4335 versatur.
1867 4282 2010 4333 Cum

358 4375 516 4432 enim
548 4373 689 4428 luna
719 4371 871 4426 infra
912 4387 1019 4426 nos
1051 4370 1259 4439 simus,
1292 4369 1394 4424 illa
1437 4369 1625 4426 oculis
1658 4367 1877 4424 nostris
1917 4368 2012 4423 lu-

358 4481 492 4520 men
517 4461 654 4519 solis
685 4460 936 4518 occultat
969 4477 1032 4515 ac
1051 4459 1326 4516 subducit
1351 4459 1633 4514 Caeterum
1667 4457 2010 4528 astronomi,

356 4571 571 4626 corpus
602 4551 757 4608 lunae
780 4549 1087 4607 duodecim
1123 4550 1325 4622 digitis
1359 4553 1793 4618 mensurantes,
1828 4547 2010 4602 inter-

2127 589 2438 664 ὑποψύξεως
2470 595 2723 666 ὠθούσης
2751 596 2813 650 τὸ
2871 602 3066 670 σχῆμα
3122 597 3368 670 γένηται.
3405 593 3628 663 Ἐπειδὴ
3679 597 3784 672 γὰρ

2120 682 2345 763 πᾶνντὸ
2402 681 2598 740 ἄνωθεν
2660 686 3082 757 άκοντιζόμενον
3142 687 3290 739 κάτω
3325 685 3568 763 φέρεται,
3628 683 3782 760 φύσει

2123 764 2180 821 δὲ
2228 762 2343 844 ἔχει
2400 773 2463 827 τὸ
2508 771 2613 849 πῦρ
2645 775 2742 842 τήν
2775 773 2887 828 ἄνω
2919 775 3088 849 φορὰν
3123 762 3362 843 διώκειν,
3392 781 3492 844 τῆς
3527 774 3620 846 μὶν
3659 771 3784 838 θλί-

2123 859 2268 930 ψεως
2328 859 2415 915 ἐπὶ
2479 863 2547 917 τὰ
2619 863 2766 918 κάτω
2847 862 3182 938 βιαζομένης
3239 864 3510 940 φέρεσθαι,
3566 869 3666 932 τῆς
3728 859 3786 918 δὲ

2123 946 2334 1023 φύσεως
2390 949 2477 1005 ἐπὶ
2535 952 2602 1006 τὰ
2660 950 2771 1006 ἄνω
2827 952 3278 1027 ἀναγκαζούσης,
3339 953 3454 1006 οἷον
3504 951 3649 1025 μίξις
3701 973 3785 1015 τις

2123 1036 2327 1111 γίνεται
2359 1039 2449 1094 καὶ
2481 1039 2615 1112 λοξή
2649 1044 2684 1112 ἡ
2717 1041 2950 1113 κίνησις.

2123 1129 2209 1202 ρβ¹
2237 1130 2368 1203 Περὶ
2399 1136 2504 1186 τῶν
2540 1133 2884 1209 φαινομένων
2915 1130 2968 1186 ἐν
2999 1137 3080 1204 τῷ
3111 1131 3324 1208 οὐρανῷ
3348 1130 3664 1208 χρωμάτων
3700 1133 3786 1187 αἱ·

2583 1220 2850 1294 ματωδῶν
2883 1223 2971 1278 καὶ
3009 1222 3331 1297 χασμάτων.

2196 1310 2488 1366 Φαίνονται
2538 1309 2828 1384 αἱματώδη
2863 1312 3138 1387 χρώματα
3168 1309 3327 1380 δῆθεν
3359 1310 3410 1366 ἐν
3438 1316 3521 1384 τῷ
3543 1310 3784 1386 οὐρανῷ,

2121 1397 2248 1454 ὅταν
2285 1397 2448 1474 μέγαν
2498 1399 2658 1478 νέφος
2709 1400 2786 1462 εἷς
2837 1400 2904 1454 τὰ
2955 1398 3161 1474 πλάγια
3211 1405 3310 1456 τοῦ
3352 1399 3612 1476 λαμπροῦ
3655 1422 3786 1478 τυγ-

2122 1489 2285 1564 χάνῃο
2340 1489 2428 1544 καὶ
2464 1487 2628 1544 πάλιν
2677 1487 2802 1544 ὅταν
2834 1487 2990 1566 νέφος
3021 1488 3369 1565 μελάγχρουν
3398 1491 3653 1544 ὑποκάτω
3685 1495 3784 1545 τοῦ

2124 1578 2382 1651 λαμπροῦ
2415 1577 2734 1654 συναχθείη.
2770 1577 2924 1634 Ἀλλ’
2958 1577 3002 1632 εί
3041 1579 3136 1652 μὶν
3167 1578 3240 1640 εἰς
3269 1579 3334 1633 τὰ
3363 1577 3570 1654 πλάγια
3601 1575 3686 1649 εἴη
3719 1581 3785 1636 τὸ

2119 1668 2304 1744 νέφος,
2334 1665 2544 1737 τότεδὴ
2586 1666 2722 1722 κατᾶ
2754 1663 3038 1722 διάκλεισιν
3098 1666 3278 1742 αὐγῶν
3311 1666 3514 1744 γίνεται
3575 1670 3610 1738 ἡ
3643 1667 3779 1744 ὅρα-

2121 1777 2223 1818 σις.
2267 1757 2528 1830 Χάσματα
2561 1753 2619 1810 δὲ
2650 1755 2914 1834 φαίνεται,
2950 1755 3075 1811 ὅταν
3107 1756 3168 1811 τὸ
3204 1755 3371 1828 μέλαν
3403 1759 3566 1834 νέφος
3595 1757 3685 1812 καὶ
3711 1757 3776 1813 τὸ

2041 1877 2090 1945 Β
2123 1845 2375 1920 λαμπρὸν
2437 1844 2487 1900 ἐν
2547 1849 2626 1916 τῷ
2656 1844 2802 1918 αὐτῷ
2860 1847 2990 1899 ὦσιν
3021 1843 3281 1918 ἐπιπέδῳ,
3324 1845 3414 1900 καὶ
3439 1847 3502 1901 τὸ
3537 1848 3632 1920 μὶν
3687 1846 3779 1920 μέ-

2121 1935 2218 1990 λαν
2269 1930 2372 1988 ἔσω
2405 1936 2763 2004 συνειστήκει,
2813 1935 2876 1988 τὸ
2928 1933 2984 1989 δὲ
3019 1931 3274 2010 λαμπρὸν
3319 1933 3439 2006 ἔξω.
3473 1940 3780 2006 Τηνικαῦτα

2120 2021 2240 2093 δὶὴ
2301 2020 2424 2097 ὄψις
2480 2027 2576 2077 τοῦ
2638 2024 2732 2095 μὲν
2793 2022 3055 2098 λαμπροῦ
3098 2022 3312 2096 μᾶλλον
3372 2019 3778 2098 ἀντιλαμϐανο-

2122 2111 2280 2186 μένη,
2339 2117 2438 2166 τοῦ
2471 2109 2527 2166 δὲ
2570 2109 2807 2184 μέλανος
2843 2109 3192 2188 βραδύτερον,
3224 2114 3414 2188 χάσμα
3446 2109 3598 2168 δοκεῖ
3626 2113 3776 2189 ὁρᾷν,

2117 2202 2249 2277 ὅπερ
2282 2202 2427 2277 παρὰ
2453 2202 2551 2271 τήν
2603 2201 2892 2280 φαντασίαν
2941 2206 3038 2256 τοῦ
3091 2201 3322 2275 μέλανος
3351 2201 3650 2278 χρώματος
3683 2201 3776 2278 γί-

2118 2312 2284 2348 νεται.

2244 2400 2340 2473 ργ’.
2371 2398 2499 2473 Περὶ
2531 2398 2788 2474 μεγέθους
2829 2397 2992 2469 ἡλίου
3023 2397 3112 2452 καὶ
3145 2396 3384 2470 σελήνης
3407 2399 3495 2454 καὶ
3528 2406 3650 2474 γῆς.

2189 2489 2245 2542 Ὀ
2298 2487 2459 2557 ἥλιος
2491 2487 2625 2564 πρὸς
2680 2489 2778 2558 τήν
2836 2490 2935 2564 γῆν
2967 2482 3122 2542 ’κατὰ
3171 2488 3264 2542 τὸν
3296 2487 3775 2562 ἀστρονομικὼτα-

2116 2599 2208 2632 τον
2269 2577 2655 2652 Ἀρίσταρχον,
2691 2575 2910 2649 μείζονα
2942 2573 3106 2650 λόγον
3162 2573 3280 2652 ἔχει
3310 2575 3343 2644 ἢ
3379 2574 3438 2630 δν
3466 2575 3532 2629 τὰ
3565 2573 3772 2644 ἐξακο-

2118 2667 2279 2744 χίλια
2337 2666 2626 2720 ὀκτακόσια
2683 2667 3020 2735 πεντήκοντα
3079 2663 3265 2733 ἐννέα,
3327 2664 3465 2739 πρὸς
3518 2663 3583 2718 τὰ
3641 2661 3777 2718 ἐπτὰ

2118 2757 2206 2812 καὶ
2255 2753 2446 2812 εἶ’κοσι.
2498 2756 2561 2810 Ἢ
2591 2752 2646 2809 δί
2679 2751 2970 2831 διάμετρος
3002 2754 3165 2809 αὐτοῦ
3216 2755 3352 2827 πρὸς
3382 2761 3482 2823 τῆς
3510 2759 3612 2830 γῆς
3657 2749 3775 2806 διά-

2124 2868 2343 2921 μετρον,
2392 2846 2611 2919 μείζονα
2659 2844 2820 2921 λόγον
2875 2845 3013 2921 ἔχει,
3076 2845 3110 2914 ἢ
3145 2845 3202 2899 δν
3233 2845 3298 2900 τὰ
3331 2841 3611 2899 δεκαεννέα
3641 2842 3776 2919 πρὸς

2117 2936 2182 2989 τὰ
2228 2935 2371 3010 τρία.
2418 2934 2514 2988 Καὶ
2566 2933 2716 2998 αὖθις
2763 2937 2798 3004 ἡ
2858 2939 2955 2989 τοῦ
3008 2933 3172 3004 ἡλίου
3205 2931 3496 3008 διάμετρος
3525 2935 3622 3002 τῆς
3657 2929 3773 2986 δια-

2124 3024 2322 3100 μέτρου
2371 3031 2468 3092 τῆς
2511 3022 2772 3095 σελήνης,
2823 3025 3023 3096 μείζων
3082 3022 3222 3078 ἐστὶν
3280 3022 3314 3091 ἢ
3380 3019 3780 3078 ὀκτωκαιδεκα-

2119 3113 2390 3171 πλασίων.
2452 3115 2556 3169 Καὶ
2615 3113 2780 3168 πάλιν
2816 3114 2843 3168 ὁ
2875 3112 3035 3182 ἥλιος
3084 3114 3221 3188 πρὸς
3253 3113 3351 3180 τὴν
3385 3111 3624 3183 σελήνην
3660 3109 3780 3183 μεί-

2125 3210 2250 3275 ζονα
2310 3203 2476 3280 λόγον
2527 3198 2665 3280 ἔχει,
2728 3205 2762 3274 ἢ
2796 3204 2853 3258 ὂν
2886 3203 2953 3258 τὰ
3011 3201 3189 3278 ,εωλβ
3239 3203 3376 3278 πρὸς
3402 3198 3482 3257 ἐν.
3513 3203 3694 3258 Ταῦτα
3725 3196 3783 3254 δε

2123 3293 2228 3369 οὐχ
2311 3292 2500 3355 ἁπλῶς
2579 3289 2750 3354 οὕτως
2820 3292 2909 3346 καὶ
2983 3289 3388 3352 ἀναποδείκτως
3461 3290 3610 3364 παρὰ
3663 3293 3780 3350 τοῖς

2124 3379 2483 3458 ἀστρολόγοις
2541 3380 2918 3457 προτείνεται,
2999 3379 3144 3436 ἀλλὰ
3206 3381 3339 3453 μετᾶ
3396 3383 3778 3455 γεωμετρικῶν

2122 3472 2212 3527 καὶ
2269 3470 2728 3548 ἆναντιρῤητικῶν
2779 3467 3128 3540 ἀποδείξεων,
3193 3471 3322 3544 Περὶ
3374 3470 3448 3524 ὧν
3483 3469 3546 3524 οὐ
3591 3467 3778 3542 καιρὸς

2123 3566 2209 3616 νῦν
2270 3559 2468 3637 λέγειν,
2521 3558 2667 3615 ἀλλᾶ
2729 3558 2810 3630 τὺ,
2870 3559 3109 3614 Θειότατε
3145 3557 3392 3633 βασιλεῦ,
3436 3559 3503 3613 τὰ
3532 3551 3751 3633 προϐλή

2128 3672 2270 3723 ματα
2326 3647 2728 3712 ἀναποδείκτως
2777 3670 2836 3704 τε
2890 3649 2964 3712 ὡς
3015 3647 3325 3722 δεξάμενος,
3356 3648 3451 3711 τὰς
3483 3643 3781 3720 ἀποδείξεις

2124 3740 2342 3817 ὕστερον
2370 3738 2613 3810 ἐπιζήτει
2649 3759 2735 3810 με.

2540 3915 2636 3994 ρδ’.
2671 3919 2801 3995 Περὶ
2831 3915 3126 3992 ἐκλείψεως
3157 3917 3345 3988 ἡλίου.

2195 4009 2272 4068 Οὐ
2303 4011 2509 4084 κυρίως
2543 4001 2785 4082 ἔκλειψις
2835 4005 2923 4062 ἐπὶ
2951 4012 3049 4062 τοῦ
3105 4005 3266 4076 ἡλίου
3290 4004 3514 4082 γίνεται.
3548 4004 3626 4063 Οὐ
3680 4003 3782 4080 γὰρ

2124 4097 2364 4154 ἐκλείπει
2419 4097 2551 4152 ποτε
2601 4098 2662 4151 τὸ
2720 4095 2954 4166 ἡλιακὸν
3007 4100 3164 4166 φῶς,
3229 4094 3361 4152 ἀλλ’
3408 4095 3781 4166 ἐπισκότησις.

2121 4189 2520 4243 Ἐπισκοτεῖται
2602 4184 2679 4260 δὲ,
2754 4187 2878 4242 ὅταν
2953 4185 3008 4242 ἐν
3064 4193 3181 4250 τοῖς
3239 4184 3612 4250 ἐκλειπτικοῖς
3666 4206 3781 4240 συνο

2125 4275 2348 4350 δέσμοις
2395 4275 2530 4331 κατὰ
2581 4277 2805 4340 κάθετον
2853 4275 3001 4348 αὐτῴ
3139 4273 3344 4346 σελήνη
3375 4275 3622 4350 γένηται.
3654 4273 3785 4328 Ὑπὸ

2121 4366 2324 4436 ταύτην
2373 4364 2473 4442 γὰρ
2527 4364 2823 4421 οἷ’κούντων
2868 4367 3050 4438 ἡμῶν,
3114 4363 3409 4432 ἐπισκιάζει
3449 4368 3564 4425 τοῖς
3596 4359 3783 4433 δμμας

2124 4477 2203 4510 σιν
2264 4458 2423 4528 ἡμῶν
2455 4455 2516 4510 τὸ
2549 4450 2779 4525 ἡλιακὸν
2804 4459 2940 4531 φῶς.
2975 4453 3126 4524 Πλὴν
3161 4450 3371 4508 δώδεκα
3396 4447 3688 4509 δακτύλοις
3720 4447 3783 4502 τὸ

2124 4552 2282 4619 σῶμα
2354 4552 2453 4614 τῆς
2520 4543 2758 4616 σελήνης
2825 4541 3252 4619 διαμετροῦντος
3312 4541 3362 4594 οἱ
3423 4536 3782 4615 ἀστρονόμοι,

359 4624 498 4700 dum
535 4643 638 4698 toti
663 4641 824 4697 illius
847 4639 1095 4711 corpori,
1130 4639 1427 4695 interdum
1461 4637 1838 4710 paucioribus
1875 4635 2011 4708 digi-

2128 4633 2234 4689 ἔστι
2296 4634 2389 4708 μὶν
2447 4632 2534 4689 ὅτε
2563 4632 2643 4706 τῷ
2692 4633 2809 4706 ὅλῳ
2861 4639 2958 4703 τῆς
2989 4630 3226 4701 σελήνης
3257 4629 3469 4703 σώματι
3502 4628 3594 4689 τὰς
3625 4625 3786 4696 ἡλια-

355 4734 434 4790 tis
467 4733 663 4789 radios
686 4731 831 4787 solis
890 4729 1164 4800 intercipi
1207 4729 1542 4783 observant.
1589 4727 1833 4794 Quando
1860 4727 2015 4782 enim

356 4841 458 4897 per
487 4821 849 4894 superiorem
911 4819 1177 4890 apsidem
1239 4817 1361 4873 sive
1421 4821 1643 4889 partem
1676 4815 1876 4872 circuli
1925 4815 2018 4871 sui

357 4913 465 4970 soli
500 4912 825 4985 prOpiorem
861 4908 997 4963 luna
1029 4908 1234 4976 fertur,
1269 4907 1480 4979 exigua
1539 4912 1703 4979 parte
1745 4923 1876 4962 eum
1912 4906 2015 4961 ob-

360 5004 635 5059 umbrare
659 5000 890 5054 videtur
922 5016 935 5064 ;
970 5013 1104 5052 cum
1144 5003 1343 5050 autem
1408 4995 1742 5051 inferiorem
1778 4995 2012 5067 transit,

359 5091 646 5160 siquidem
673 5094 816 5144 tunc
847 5087 1101 5142 maxima
1133 5085 1350 5141 nostris
1368 5084 1555 5142 oculis
1579 5089 1820 5158 apparet
1850 5085 2014 5157 luna,

359 5184 548 5236 totum
581 5177 837 5234 obstruit
868 5175 1075 5232 solem.

877 5284 966 5338 9:3.
1003 5283 1075 5337 De
1106 5282 1302 5354 cclz‘psz’
1332 5283 1495 5338 lunae.

431 5373 635 5431 Deficit
663 5373 803 5430 luna
837 5373 1072 5445 quando
1103 5371 1161 5427 in
1224 5373 1494 5428 umbram
1555 5377 1720 5428 terra:
1782 5371 2010 5428 incidit.

360 5465 538 5520 Terra
568 5463 724 5518 enim
757 5481 786 5517 a
819 5462 944 5518 sole
1002 5461 1341 5516 illuminata
1389 5462 1657 5517 umbram
1709 5463 1849 5518 facit
1896 5480 2010 5518 non

359 5551 1011 5625 cylindriformem,sive
1040 5551 1234 5621 qualis
1266 5556 1355 5606 est
1378 5551 1568 5623 ﬁgura
1590 5551 2013 5622 columnae,sed

358 5659 486 5714 quae
519 5658 731 5696 conum
775 5641 967 5696 refert.
1001 5645 1194 5695 Conus
1245 5658 1415 5712 porro
1467 5642 1588 5696 sive
1654 5643 1892 5697 trochus
1947 5660 2017 5699 ex

358 5731 563 5788 latiore
584 5730 710 5785 basi
735 5730 794 5786 in
817 5734 1054 5784 acutum
1077 5728 1318 5798 desinit,
1345 5729 1779 5802 talisqueterra:
1806 5731 2016 5788 umbra

2125 4723 2222 4785 κάς
2277 4721 2440 4799 αὐγὰς
2491 4723 2982 4798 ἀντιφράττουσιν,
3047 4715 3159 4773 ἔστι
3240 4715 3298 4773 δέ
3372 4716 3462 4772 ὅτε
3528 4714 3784 4772 ἐλάττοσι

2125 4811 2392 4870 κτούτων.
2450 4813 2578 4870 Ὃτε
2610 4812 2705 4885 μὶν
2765 4810 2869 4885 γὰρ
2896 4810 2993 4876 τὴν
3051 4804 3400 4882 ὑψηλοτέραν
3435 4803 3603 4881 ἁψῖδα
3632 4807 3666 4876 ἡ
3693 4825 3784 4860 σε·

2127 4900 2270 4972 λήνη
2328 4900 2540 4977 φέρεται
2597 4899 2687 4953 καὶ
2745 4898 2846 4966 τὴν
2897 4895 3206 4973 ἐγγίζουσαν
3261 4901 3340 4970 τῷ
3384 4894 3556 4969 ﬁlim,
3616 4894 3788 4972 ὀλίγῳ

2128 4990 2282 5067 ὣέρει
2336 4989 2487 5046 δοκεῖ
2541 4993 2731 5044 τοῦτον
2785 4986 3138 5056 ἐπισκιάζειν·
3203 4987 3326 5041 ὅταν
3381 4984 3439 5041 δὲ
3482 4986 3788 5060 κατιῦτερον

2127 5076 2537 5150 δίεισιτ,ἐπειδὴ
2573 5077 2869 5152 εὐμεγέθης
2898 5080 3195 5148 τηνικαῦτα
3214 5082 3332 5138 τοῖς
3361 5073 3601 5150 ὄμμασιν
3624 5077 3784 5149 ἡμῶν

2127 5169 2411 5244 ἐμπίπτει,
2445 5165 2652 5223 ἅπαντα
2679 5166 2771 5222 τὸν
2799 5165 2961 5236 ἥλιον
2995 5166 3395 5243 ἀντιφράττειν.

2514 5277 2613 5349 με’.
2653 5275 2782 5351 Περὶ
2811 5272 3104 5350 ἐκλείψεως
3140 5274 3400 5346 σελήνης.

2196 5364 2469 5423 Ἐκλείπει
2528 5368 2562 5434 ἡ
2623 5361 2827 5435 σελήνη
2891 5363 2966 5427 εἷς
3027 5365 3088 5419 τὸ
3151 5372 3252 5434 τῆς
3302 5372 3403 5438 γῆς
3445 5363 3788 5437 ἐμπίπτουσα

2124 5455 2376 5528 σκίασμα·
2430 5454 2776 5532 φωτιζομένη
2828 5455 2929 5530 γὰρ
2964 5455 3070 5509 οπὸ
3101 5459 3196 5508 τοῦ
3230 5451 3398 5524 ἡλίου
3446 5457 3480 5523 ἡ
3513 5459 3607 5526 γῆ,
3635 5447 3786 5504 σκιὰν

2123 5550 2293 5616 ποιεῖ,
2324 5531 2450 5600 ἆλλ⁴
2493 5543 2560 5598 οὐ
2606 5541 2986 5620 κυλινδρικήν,
3051 5545 3171 5598 οἷον
3227 5545 3287 5598 τὸ
3318 5546 3414 5598 τοῦ
3446 5541 3626 5602 κίονος
3679 5531 3791 5591 ἐστὶ

2126 5642 2340 5710 σχῆμα,
2369 5631 2518 5689 ἀλλὰ
2545 5633 3033 5702 κωνοειδῆ.Κώνος
3069 5630 3128 5687 δὲ
3159 5634 3187 5687 ὁ
3220 5627 3512 5704 στρόϐιλος
3549 5627 3790 5703 λέγεται,

2126 5735 2273 5798 ὅστις
2335 5733 2440 5788 ἀπὸ
2464 5732 2726 5797 πλατείας
2778 5734 2988 5812 βάσεως
3040 5732 3119 5795 εἷς
3179 5731 3272 5802 ὀξὺ
3331 5728 3629 5804 ἀπολήγει.
3662 5733 3788 5784 Τοι-
