2055 3203
184 192 245 222 ’145

779 191 830 222 DE
852 189 1071 222 OMNIFARIA
1094 191 1305 224 DOCTBINA.

1838 197 1900 228 ’146

186 256 255 293 αὕτη
284 254 314 285 δὶ
337 257 355 293 ἡ
384 259 435 292 τῆς
463 259 515 295 γῆς
540 256 596 284 ἐστι
625 256 697 285 σκιά.
728 255 879 285 Διότιὸταλ
893 266 918 284 τι
936 257 1006 293 σῶμι

1073 259 1129 285 est.
1145 257 1217 286 Nam
1235 259 1352 295 quando
1364 260 1399 288 ab
1415 260 1537 297 aqualis
1548 261 1762 299 magnitudinis
1778 271 1899 300 corpore

188 302 241 331 ὑπὸ
270 302 445 341 ἱσομεγέθους
481 301 632 341 φωτίζηται
670 301 816 339 σώματος,
851 300 1014 339 κυλινδρικὴ

184 347 286 385 γίνεται
312 348 331 383 ἡ
362 347 434 376 σκιά·
465 346 527 375 ὅταν
558 346 588 375 δὲ
613 346 664 375 ὑπὸ
692 346 827 384 μείζονος,
850 345 1013 382 κωνοειδής.

183 392 291 427 Μείζων
316 391 363 420 οῦν
379 392 393 420 ὁ
408 390 491 427 ἥλιος
513 395 563 427 τῆς
578 391 628 429 γῆς
643 390 693 426 ὢν,
716 391 760 420 καὶ
775 391 901 431 φωτίζων
919 391 1012 426 αὐτὴν,

182 438 306 472 κωνικὴν
333 439 409 465 ποιεῖ
431 437 481 471 τὴν
496 437 584 465 σκιάν.
609 437 689 465 Ὅταν
716 435 761 464 οῦν
776 436 815 468 εἲς
842 436 874 464 τὸ
899 440 950 472 τῆς
961 439 1013 474 γῆς

184 482 305 519 σκίασμα
333 482 350 517 ἠ
381 481 483 517 σελήνη
513 480 630 519 ἐμπέσῃ,
660 481 770 520 ἀμαυρὰ
795 482 864 518 ἡμῖν
892 480 1013 520 φαίιεται

182 527 229 556 καὶ
254 529 312 555 οἷον
341 525 514 555 ἐκλείπουσα.
545 526 597 555 Καὶ
626 527 688 554 ὅταν
721 527 767 564 μὲν
797 526 835 559 εἷς
856 526 906 561 τήν
937 526 1012 565 ῥίζαν

182 572 290 610 ἐμπέσῃ
319 575 369 607 τῆς
395 574 483 604 σκιᾶς,
511 571 624 602 τελείως
651 571 798 600 ἑκλείπτει.
815 573 894 598 Ὅταν
919 570 947 598 δὲ
975 570 1013 602 εἷ’(

179 618 232 653 τὴν
269 617 404 657 κορυφὴν,
438 615 619 654 ἆμυδροτέρα,
660 615 729 644 διότι
769 620 820 651 τῆς
848 615 1011 647 κωνοειδοῦς

181 664 260 695 σκιᾶς
287 662 305 698 ἠ
333 661 380 699 μὶν
413 661 490 700 βάσις
519 659 685 699 πλατυτέρα,
713 662 730 696 ἡ
761 660 790 688 δὲ
805 661 912 700 κορυφή
946 661 1011 699 βρα-

180 708 295 747 χυτὲρα.

415 751 466 790 ιιςἏ
488 750 520 780 El.
541 751 639 789 θερμὸς
657 751 670 778 ὁ
686 750 778 786 ἥλιος.

216 796 334 826 Πλάτων
354 796 400 834 μὲν
425 797 495 824 ἅπαν
521 797 551 824 τὸ
571 796 691 833 αἰθέριον
720 798 800 833 σῶμα
815 795 846 823 ἐκ
857 796 942 833 πυρὸς
966 795 1010 823 καὶ

177 846 232 882 γῆς
255 843 301 871 καὶ
327 843 380 870 τῶν
412 840 509 878 ἐτέρων
540 840 587 868 δύο
620 840 763 878 στοιχείων
791 841 1009 875 κατασκευάζων,

178 887 295 919 εἰκότως
322 886 353 914 ἃν
382 885 445 924 εἴπῃ
462 886 560 924 θερμὸν
580 886 627 913 τὸν
655 885 747 920 ἥλιον·
772 885 966 922 Ἀριστοτέλης
983 884 1011 912 δὶ

178 931 272 971 ἵτερον
301 931 375 971 παρὰ
397 931 431 959 τὰ
459 934 583 969 στοιχεῖα
610 930 641 958 τὸ
665 932 788 958 τοιοῦτον
820 933 899 966 σῶμα
913 930 1008 966 τιθεὶς,
1025 945 1048 977 Β

181 976 244 1006 οὔτε
271 977 370 1015 θερμὸν
401 975 472 1014 λέγει
497 976 542 1003 τὸν
571 975 662 1011 ἥλιον,
680 974 736 1002 οὔτ’
765 974 854 1011 ἄλλην
875 975 1009 1010 ποιότητα

182 1021 292 1061 ἔχοντα.
322 1019 404 1050 Εἴποι
419 1019 442 1048 δ’
458 1019 487 1048 ἂν
503 1020 691 1059 ἐρωτώμενος,
720 1022 782 1051 Πῶς
801 1021 838 1057 μὴ
854 1019 953 1057 Θερμὸς
971 1018 1006 1047 ὢν

184 1065 340 1106 θερμαίνεις
369 1066 429 1094 Ὂτι
454 1065 616 1102 κινούμενος
645 1065 675 1092 τὸ
702 1064 862 1102 ὑπέκκαυμα
877 1067 951 1092 ποιεῖ
964 1065 1008 1092 καὶ

186 1111 231 1139 τὸν
254 1110 387 1150 περίγειον
402 1109 477 1148 ἀέρα,
508 1110 648 1137 κάντεῦθεν
676 1109 845 1147 θερμότητος
873 1112 923 1144 τῆς
941 1110 1007 1137 ὑπο-

188 1155 310 1193 κειμένης
340 1155 500 1188 καθίσταται
525 1154 612 1187 αἵτιος
628 1176 635 1183 .
663 1157 715 1182 Τοῦ
742 1153 770 1182 δὲ
801 1153 1008 1191 ὑπεκκαύματος

184 1200 230 1228 καὶ
257 1200 306 1236 τὴν
326 1201 405 1240 φύσιν
430 1200 475 1227 καὶ
504 1200 535 1227 τὸ
567 1197 664 1236 ὄνομα.
694 1200 774 1230 αὐτὸς
790 1202 897 1237 πρῶτος
915 1199 1008 1238 ἐφεῦρε

180 1244 226 1273 καὶ
249 1244 400 1283 ὠνόμασεν.
431 1244 604 1281 Ὑπέκκαυμα
634 1244 680 1271 οὗν
712 1243 786 1281 λέγει
811 1245 859 1279 τὴν
887 1244 1007 1280 ἀναπεμ-

179 1289 303 1328 πομένην
329 1290 383 1317 ἀπὸ
396 1293 446 1325 τῆς
462 1291 511 1328 γῆς
529 1289 706 1325 ἀναθυμίασιν
724 1290 827 1327 Θερμήν
842 1289 886 1316 καὶ
912 1289 1006 1327 ξηρὰν,

179 1335 226 1362 καὶ
254 1336 311 1363 οἷον
330 1333 473 1370 καπνώδη.
503 1334 577 1369 Αὕτη
608 1333 653 1361 οὖν
670 1335 687 1369 ἠ
706 1333 848 1369 κεπνώδης
862 1334 1007 1370 ἀναθυμία-

181 1390 222 1410 σις
246 1381 329 1419 μέχρι
356 1383 410 1415 τῆς
433 1379 553 1414 σελήνης
580 1378 735 1416 ἀναγομένη
766 1378 811 1406 διὰ
839 1379 1005 1417 κουφότητα,

182 1424 240 1452 εἶτα
261 1425 408 1462 κινουμένη
434 1424 502 1452 κατὰ
528 1423 609 1462 μέρος
626 1423 730 1459 ἐξάπτει
746 1424 791 1451 καὶ
817 1424 854 1455 ὡς
878 1426 929 1460 πῦρ
946 1423 1003 1462 φαί-

184 1479 267 1506 νεται,
292 1469 337 1497 κσῖ
353 1470 490 1507 θερμαίνει
519 1469 568 1504 τὴν
602 1469 784 1505 ὑποκειμένην
816 1468 916 1496 οὐσίαν.
947 1469 1006 1495 Ὅτι

183 1512 211 1541 δὲ
225 1514 244 1549 ἦ
260 1513 366 1550 κίνησις
380 1513 533 1553 θερμότητα
548 1517 631 1548 ποιεῖ,
649 1512 781 1549 δηλοῦσιν
797 1514 823 1541 αἱ
840 1512 929 1544 ἀκίδες
950 1515 1004 1541 τῶν

179 1558 282 1596 βελῶν
298 1559 332 1596 τῇ
347 1558 398 1598 γᾶρ
413 1559 516 1595 κινήσει
531 1558 626 1586 λύουσι
642 1559 687 1586 τὸν
714 1558 884 1596 ἐπικείμενον
913 1558 1005 1589 αὐτοῖς

179 1600 328 1640 μόλιϐδον.

360 1647 409 1688 [ιζ’.
426 1648 476 1680 Τίς
489 1649 507 1684 ἠ
524 1648 600 1676 οὐσία
615 1650 667 1676 τῶν
684 1649 814 1686 ἀστέρων.

213 1693 326 1722 Ηάντων
358 1695 412 1721 τῶν
451 1694 571 1731 ἀστέρων
606 1696 660 1721 τῶν
690 1694 719 1721 τὲ
747 1704 776 1731 γε
804 1693 930 1721 ἀπλανῶν
960 1693 1004 1721 καὶ

175 1737 322 1774 πλανητῶν
350 1738 420 1766 κατὰ
448 1738 494 1775 μὶν
524 1738 658 1766 Πλάτωνα
686 1738 735 1775 μία
761 1738 848 1772 οὐσία,
866 1739 882 1773 ἠ
900 1737 1005 1776 διαυγε-

177 1782 257 1820 στέρα
279 1785 334 1811 τῶν
359 1783 505 1821 στοιχείων
530 1784 617 1820 μερὶς,
640 1783 686 1810 καὶ
712 1784 743 1810 τὸ
768 1784 825 1810 οἷον
856 1783 1005 1822 ἐξάφριτμα

174 1826 291 1862 τούτων,
321 1827 389 1856 κατὰ
418 1826 447 1856 δὲ
474 1827 670 1866 Ἀριστοτέλην
701 1829 718 1863 ἡ
749 1828 853 1856 ἐπίνοια
872 1830 919 1856 τοῦ
934 1829 1003 1865 πέμ-

175 1883 248 1900 πτου
263 1873 399 1910 σώματος.
429 1872 468 1902 Οὐ
496 1873 547 1911 γὰρ
577 1872 733 1910 ἐξονομάζιι
759 1874 807 1908 τήν
838 1872 930 1901 οὐσίαν
958 1874 1003 1901 αὐ-

172 1919 250 1952 τῶν,
280 1916 353 1946 ἀλλὰ
380 1918 427 1946 τὸν
457 1918 544 1946 πάντα
569 1918 699 1956 οὐρανὸν,
729 1918 773 1945 καὶ
802 1918 864 1949 τοὺς
892 1918 1004 1956 ἀστέρας

174 1962 294 1994 ἅπαντας
319 1961 363 1990 διὰ
377 1963 428 1997 τὴν
452 1962 583 2002 διάφορον
606 1963 712 1999 κίνησιν
738 1964 806 2001 πρὸς
822 1963 854 1990 τὰ
880 1966 1004 2001 στοιχεῖα

172 2007 208 2034 τὶ
230 2007 356 2046 τέσσαρα,
385 2008 512 2045 πέμπτον
540 2010 620 2045 σῶμα
639 2008 728 2036 καλεῖ.
746 2009 806 2037 Τῶν
825 2007 852 2035 δὲ
878 2009 1005 2045 συμπάν-

171 2062 228 2080 των
253 2052 385 2091 ἀστέρων,
410 2052 478 2080 ἐτετὰ
495 2053 576 2090 μόνον
595 2053 659 2081 εἰσὶν
685 2054 711 2080 οἱ
731 2052 880 2088 πλανῆται,
903 2054 1004 2091 κυρίως

173 2095 204 2124 δὲ
232 2096 320 2132 πέντε,
337 2098 352 2125 ὁ
366 2097 419 2136 γὰρ
434 2097 515 2132 ἥλιος
538 2098 583 2125 καὶ
598 2099 615 2133 ἡ
632 2098 734 2133 σελήνη
752 2098 783 2125 οὐ
805 2098 1003 2134 πεπλάνηνται,

172 2139 240 2169 ἀλλ’
254 2142 280 2169 οἱ
295 2142 383 2178 πέντε,
400 2141 446 2170 διὰ
459 2143 491 2170 τὸ
503 2141 591 2171 δοκεῖν
608 2143 741 2178 ίστᾶσθαι,
758 2143 803 2171 καὶ
816 2143 1003 2179 ὑποποδίζειν,

173 2189 312 2221 πλανῆται
327 2186 536 2225 ὠνομάσθησαν.

228 2284 283 2325 ι,η’.
296 2285 364 2324 Περὶ
378 2287 429 2320 τῆς
440 2288 494 2315 τῶν
511 2287 630 2325 ἀστέρων
647 2288 732 2326 φορᾶς
748 2287 792 2314 καὶ
807 2287 950 2323 κινήσεως.

1070 301 1197 331 alterum
1211 303 1410 340 illuminatur,
1425 305 1527 334 umbra
1538 306 1634 343 prodit
1646 307 1816 344 cylindrica,
1833 310 1863 337 at
1874 300 1911 339 si.

1069 355 1087 376 ο.
1102 348 1221 383 majore,
1252 349 1435 378 coniformis.
1459 350 1525 379 Jam
1554 352 1650 388 major
1672 352 1775 389 utique
1790 354 1835 381 est
1854 353 1898 382 sol

1068 392 1184 429 tellure,
1195 393 1286 430 igitur
1296 395 1366 422 dum
1377 402 1443 423 eam
1454 395 1749 432 illuminat,conicam
1760 398 1896 427 umbram

1069 438 1293 471 efﬁcit.Quando
1305 438 1396 475 igitur
1409 439 1440 467 in
1455 441 1538 468 terrae
1549 441 1684 469 umbram
1699 441 1803 471 incidit
1813 442 1895 477 luna,

1068 482 1195 510 obscura
1209 483 1282 511 ﬁtao
1298 483 1387 512 veluti
1398 484 1586 513 deﬁciensEt
1598 486 1715 521 quando
1725 486 1754 514 in
1764 487 1894 516 radicem

1068 525 1130 555 sive
1145 527 1312 556 inferiorem
1330 529 1441 557 umbra:
1456 529 1560 557 incidit
1574 532 1699 566 partem,
1711 531 1809 559 deﬁcit
1820 534 1892 560 tota.

1067 573 1102 598 At
1118 573 1235 608 quando
1265 573 1293 600 in
1319 576 1431 609 partem
1456 583 1634 610 supremam,
1666 577 1736 603 tunc
1760 585 1817 603 non
1834 579 1894 605 tota

1067 617 1242 644 obscuratur
1259 640 1266 652 ,
1291 618 1531 654 quandoquidem
1556 620 1586 647 in
1611 619 1763 647 coniformi
1789 621 1894 649 umbra

1067 661 1147 689 basis
1163 661 1259 697 latior,
1276 662 1427 699 fastigium
1443 664 1599 700 angustius
1615 664 1790 702 breviusque
1806 668 1861 694 est.

1288 752 1333 780 96.
1350 754 1422 781 Num
1436 753 1476 780 sol
1491 753 1528 780 sit
1542 752 1671 781 calidus?

1102 796 1184 825 Plato
1199 796 1249 832 qui
1265 805 1352 825 omne
1368 797 1483 825 cmleste
1500 806 1605 834 corpus
1627 806 1662 826 ex
1674 798 1753 834 igne,
1774 801 1851 828 terra
1865 801 1894 828 et

1066 842 1182 870 duobus
1198 842 1311 870 creteris
1327 842 1480 871 elementis
1504 844 1664 879 componit,
1682 844 1784 872 merito
1800 845 1892 873 solem

1066 887 1194 915 calidum
1222 888 1390 915 affirmavit.
1420 890 1456 915 At
1485 888 1654 916 Aristoteles
1679 889 1757 917 aliud
1787 893 1894 926 praeter

1065 932 1113 959 illa
1129 932 1273 959 elementa
1296 940 1402 969 corpus
1427 933 1498 960 coelo
1522 933 1668 966 tribuens,
1693 942 1745 961 nec
1760 935 1890 963 calidum

1063 985 1128 1005 esse
1144 985 1195 1004 nec
1210 977 1267 1004 alia
1282 977 1333 1004 tali
1350 977 1489 1013 qualitate
1500 977 1653 1013 praedilum
1667 978 1890 1012 afﬁrmat.Quod

1064 1022 1087 1050 si
1107 1021 1213 1050 dixerit
1227 1021 1345 1057 aliquis.
1371 1022 1520 1053 Quomodo
1536 1021 1636 1058 igitur,
1653 1022 1678 1050 si
1703 1022 1816 1051 calidus
1832 1032 1889 1051 non

1063 1069 1116 1101 est,
1134 1066 1291 1094 calefacit?
1314 1067 1483 1103 respondet,
1509 1067 1587 1102 quod
1604 1067 1674 1095 dum
1700 1070 1832 1096 movetur
1847 1068 1891 1097 sol

1064 1111 1170 1140 excitat
1185 1110 1354 1147 ὑπέκκαυμα,
1370 1111 1429 1139 sive
1441 1111 1615 1147 fuliginosos
1630 1120 1763 1149 vapores,
1779 1121 1891 1142 aerem-

1063 1166 1120 1193 que
1136 1156 1263 1184 vicinum
1281 1158 1374 1191 terrae,
1388 1159 1476 1192 atque
1501 1156 1569 1184 inde
1585 1156 1691 1185 caloris
1707 1157 1831 1193 subjecti
1847 1160 1892 1186 est

1063 1204 1173 1229 auctor.
1200 1200 1372 1237 Ὑπὲκκαυμα
1396 1201 1486 1229 veluti
1511 1202 1642 1229 fomitem
1668 1203 1792 1230 ﬂamma;
1821 1211 1891 1231 con-

1063 1246 1203 1282 cipienda:
1219 1246 1333 1282 primus
1350 1246 1422 1273 dixit
1435 1249 1462 1273 et
1485 1249 1622 1274 naturam
1645 1247 1709 1282 ejus
1736 1246 1893 1283 explicavit

1063 1292 1242 1325 Aristoteles,
1262 1291 1430 1327 intelligens
1450 1299 1501 1327 per
1517 1291 1597 1319 illam
1623 1300 1745 1327 vapores
1764 1300 1799 1320 ex
1814 1294 1892 1321 terra

1062 1337 1241 1372 prodeuntes
1257 1336 1367 1363 calidos
1383 1336 1533 1372 siccasque
1549 1345 1581 1364 ac
1598 1336 1685 1364 veluti
1703 1337 1890 1374 fuliginosos,

1063 1381 1113 1417 qui
1130 1382 1164 1409 ad
1181 1381 1281 1408 lunam
1299 1389 1392 1416 usque
1405 1384 1522 1416 propter
1533 1381 1678 1408 levitatem
1691 1390 1776 1409 suam
1792 1382 1891 1410 ferun-

1061 1428 1120 1460 tur,
1133 1429 1220 1462 atque
1234 1425 1303 1453 moti
1315 1428 1343 1453 et
1354 1426 1454 1462 agitati
1472 1434 1504 1453 ex
1522 1428 1605 1461 parte
1621 1427 1850 1460 succenduntur,
1863 1430 1892 1455 et

1061 1471 1138 1506 ignis
1159 1471 1253 1498 instar
1277 1472 1420 1506 apparent
1446 1478 1479 1497 ac
1503 1471 1667 1505 subjectum
1692 1471 1890 1500 substantiam

1061 1515 1246 1544 calefeciunt.
1261 1515 1340 1548 Quod
1357 1523 1424 1542 vero
1440 1517 1539 1542 motus
1550 1515 1676 1543 calorem
1691 1517 1823 1551 generet,
1841 1516 1890 1544 do-

1060 1563 1126 1589 cent
1137 1560 1179 1587 vel
1196 1559 1370 1595 sagittarum
1388 1559 1685 1595 cuspides,siquidem
1703 1563 1801 1589 motus
1814 1561 1889 1589 cele-

1061 1606 1146 1633 ritate
1162 1605 1318 1640 plumbum
1334 1603 1393 1631 illis
1410 1603 1582 1639 impositum
1599 1604 1722 1639 liquefit.

1198 1650 1245 1677 97.
1266 1649 1360 1683 Qualis
1376 1649 1412 1676 sit
1426 1652 1562 1677 astrorum
1576 1649 1731 1677 substantia
1742 1649 1756 1677 ‘I

1097 1695 1235 1723 Omnium
1253 1694 1382 1722 siderum
1399 1694 1832 1730 inerrantium,crrantiumque
1842 1703 1887 1724 se-

1061 1741 1188 1769 cundum
1207 1739 1354 1767 Platonem
1372 1747 1430 1766 una
1447 1739 1613 1766 substantia
1627 1741 1682 1774 est,
1700 1748 1767 1775 pars
1784 1748 1889 1776 nempe

1060 1785 1198 1813 subtilior
1213 1784 1452 1820 splendidiorque
1468 1786 1596 1820 quatuor
1619 1784 1843 1819 elementorum,
1859 1787 1890 1814 et

1060 1830 1178 1858 illorum
1189 1829 1278 1857 veluti
1290 1829 1659 1865 despumatio.Aristoteles
1670 1838 1736 1858 vero
1749 1830 1886 1866 quintum

1060 1876 1207 1912 quoddam
1224 1883 1330 1910 corpus
1346 1875 1381 1902 de
1397 1874 1455 1901 illis
1471 1874 1661 1909 cogitandum
1678 1874 1886 1910 relinquit,ne-

1059 1930 1116 1957 que
1131 1921 1209 1948 enim
1226 1920 1358 1947 nominat
1369 1927 1431 1954 quae
1443 1919 1481 1946 sit
1491 1918 1641 1946 stellarum
1653 1919 1886 1955 substantia,sed

1059 1965 1164 1993 oculum
1181 1973 1268 1992 omne
1279 1964 1473 1998 univeranue
1486 1963 1666 1998 sidera,quia
1676 1964 1790 1992 diverso
1802 1966 1885 1992 motu

1059 2019 1146 2046 quam
1174 2009 1320 2037 elementa
1345 2010 1471 2043 quatuor
1495 2008 1617 2043 praedita
1641 2010 1720 2042 sunt,
1749 2009 1887 2045 quintum

1059 2063 1165 2090 corpus
1181 2054 1320 2090 appellat.
1336 2053 1375 2080 Ex
1399 2052 1537 2079 omnibus
1554 2061 1638 2088 porro
1664 2053 1757 2081 stellis
1774 2056 1887 2090 septem

1059 2099 1265 2128 tantummodo
1283 2099 1351 2125 sunt
1376 2096 1501 2133 planetae
1517 2097 1576 2125 sive
1601 2100 1743 2131 errantes,
1760 2099 1803 2126 vel
1819 2107 1889 2134 pro-

1060 2144 1122 2181 prie
1139 2143 1270 2179 quinque
1294 2142 1511 2175 tantummodo,
1529 2141 1572 2169 sol
1597 2142 1674 2169 enim
1691 2144 1719 2170 et
1744 2142 1814 2171 luna
1829 2151 1888 2171 non

1060 2191 1169 2223 errant,
1186 2190 1215 2216 at
1228 2187 1270 2215 illi
1283 2187 1414 2223 quinque
1429 2186 1499 2222 quia
1511 2186 1717 2221 videnturjam
1733 2189 1812 2216 stare
1824 2188 1888 2223 jam

1061 2233 1233 2270 retrogredi,
1249 2234 1381 2260 errantes
1397 2231 1469 2259 dicti
1485 2233 1566 2259 sunt.

1193 2285 1238 2313 98.
1256 2287 1296 2313 De
1309 2284 1460 2313 stellarum
1476 2285 1615 2313 rotatione
1630 2293 1664 2313 ac
1678 2289 1752 2313 motu

210 2321 246 2368 Ol:
275 2339 322 2377 μὶν
337 2321 343 2324 -
359 2339 490 2372 ἀπλανεῖς
526 2321 634 2378 ἀστέρες
653 2321 785 2372 ,ὁίπαντες
813 2321 1003 2378 ἐστηριγμένοι

1095 2340 1191 2368 Stellae
1207 2340 1371 2367 inerrantes
1389 2338 1527 2366 universa:
1543 2338 1605 2366 {ira
1621 2341 1703 2375 sunt,
1721 2342 1752 2367 ut
1769 2339 1810 2367 ait
1824 2338 1889 2366 Ari-

172 2381 261 2419 ὄντας,
290 2384 328 2416 ὡς
358 2385 552 2423 Ἀριστοτέλης
568 2385 647 2425 φησὶ,
663 2385 708 2413 καὶ
724 2388 763 2422 τῷ
784 2385 890 2423 οὐρανῷ
906 2387 1006 2423 ἀμετα-

172 2427 259 2460 θέτως
303 2429 526 2467 συγκινούμενοι,
568 2428 717 2468 ἐπειδήπερ
760 2430 838 2461 οὗτος
876 2430 901 2465 ἐξ
940 2431 1006 2457 ἁνα-

172 2471 264 2501 τολῶν
288 2472 327 2505 εἷς
357 2472 461 2511 δυσμὰς
486 2474 606 2512 φέρεται,
621 2475 671 2509 τήν
700 2474 785 2510 αὐτὴν
815 2475 859 2502 καὶ
878 2474 952 2502 οὗτοι
966 2477 1005 2511 τῷ

173 2517 282 2556 οὖρανῷ
296 2520 434 2546 κινοῦνται
459 2519 577 2554 κίνησιν.
608 2519 642 2548 Οἱ
672 2518 700 2546 δὲ
723 2519 860 2555 πλανῆται
887 2518 932 2547 διὰ
955 2519 1004 2554 τήν

175 2562 309 2591 ἀντίθετον
339 2563 486 2601 ἀντέρεισιν
503 2564 548 2592 καὶ
582 2563 746 2602 ἰσόσταθμον
764 2564 814 2592 ὑπὸ
839 2566 910 2604 σοφῇ
940 2575 1006 2602 προ-

176 2606 364 2645 “lminis-1‘;
382 2607 511 2647 σύῤῥηξις
542 2609 593 2636 ὑπὸ
622 2611 675 2637 τῶν
706 2609 794 2637 αὐτῶν
824 2608 1003 2647 καταδρόμων

176 2651 220 2680 καὶ
241 2651 420 2691 κυλισμάτων
446 2654 568 2692 γένηται,
591 2654 659 2682 κατᾶ
687 2655 737 2689 τήν
769 2654 839 2682 ἰδίαν
863 2655 908 2682 καὶ
925 2666 1006 2693 φυσι-

174 2697 225 2733 κήν
255 2697 358 2734 κίνησιν
393 2698 424 2726 ἐκ
445 2697 548 2731 δύσεως
564 2699 603 2731 εἲς
627 2699 763 2735 ἀνατολὴν
794 2700 931 2739 φέρονται,
960 2703 1005 2727 Κι-

171 2744 283 2771 νοῦνται
297 2741 326 2771 δὲ
349 2743 395 2772 καὶ
420 2744 446 2781 ἐξ
473 2743 613 2772 ἀνατολῶν
638 2744 675 2776 εἷς
704 2743 790 2779 δόσιν,
807 2743 880 2772 ἀλλὰ
902 2747 941 2781 τῷ
956 2745 1007 2772 οὐ-

173 2786 264 2827 ρανιῖί
280 2789 561 2829 συμπεριφερόμενοι·
593 2788 653 2822 ὅθεν
683 2790 697 2817 ὁ
711 2789 793 2824 ἥλιος
808 2791 877 2818 κατὰ
894 2790 941 2826 μὶν
955 2790 1005 2825 τήν

172 2831 244 2861 ἰδίαν
269 2832 389 2869 κίνησιν,
412 2833 544 2873 τέσσαρας
567 2833 639 2870 ὥρας
667 2833 772 2872 πλῆροι
797 2836 846 2862 τοῦ
870 2833 1007 2871 ἐνιαυτοῦ,

169 2877 222 2908 νῦν
237 2877 287 2916 μὲν
305 2877 471 2918 βόρειος,νῦν
486 2877 516 2908 δὲ
529 2877 621 2911 νότιος
632 2879 805 2918 κινούμενος·
821 2879 888 2913 καθὸ
901 2877 931 2908 ὃὶ
947 2890 1007 2921 συγ-

338 2945 472 2990 ΡΑτιιοι..
497 2946 554 2977 Gn.
577 2944 700 2978 CXXII.

1060 2386 1190 2418 stoteles,
1207 2387 1236 2413 et
1250 2385 1313 2412 sine
1328 2384 1390 2411 ulla
1404 2384 1637 2419 transpositioue
1652 2393 1711 2412 una
1733 2393 1800 2412 cum
1817 2383 1889 2412 coelo

1060 2432 1226 2463 moventur,
1241 2429 1319 2464 quod
1337 2437 1404 2456 cum
1420 2428 1456 2456 ab
1473 2428 1585 2456 oriente
1602 2428 1711 2456 feratur
1726 2436 1829 2456 versus
1841 2436 1888 2456 oc-

1060 2476 1219 2508 cidentem,
1244 2474 1345 2501 eadem
1363 2478 1390 2500 et
1414 2473 1469 2500 illm
1494 2481 1560 2500 cum
1589 2472 1660 2500 coelo
1685 2472 1815 2500 motione
1832 2473 1890 2500 cir-

1061 2521 1276 2549 cumferuntur.
1294 2517 1419 2545 Planctee
1442 2526 1508 2544 vero
1524 2520 1643 2553 propter
1667 2517 1847 2545 contrarium
1863 2519 1892 2545 et

1061 2564 1204 2601 aaqualem
1228 2563 1372 2596 renixum,
1390 2571 1406 2590 a
1433 2562 1558 2598 sapienti
1583 2561 1776 2597 providentia,
1805 2569 1841 2591 ne
1857 2569 1892 2590 ex

1061 2609 1208 2638 consimili
1225 2617 1314 2636 cursu
1331 2609 1358 2635 et
1373 2607 1520 2635 volutione
1543 2607 1696 2634 conﬂictus
1720 2610 1808 2642 esset,
1824 2616 1892 2643 pro-

1061 2655 1125 2692 prio
1141 2656 1168 2682 et
1197 2653 1325 2693 naturali
1354 2655 1435 2680 motu
1465 2652 1599 2679 feruntur
1629 2653 1664 2679 ab
1694 2652 1846 2680 occidente
1861 2651 1892 2680 in

1062 2700 1215 2728 orientem.
1232 2699 1417 2733 Quamquam
1433 2699 1461 2725 et
1481 2696 1536 2732 ipsi
1553 2705 1587 2724 ex
1610 2697 1724 2726 oriente
1740 2698 1894 2725 moventur

1062 2745 1092 2773 in
1107 2744 1300 2778 occidentem,
1326 2743 1375 2770 sed
1392 2750 1452 2769 una
1476 2750 1544 2769 cum
1560 2741 1632 2769 coelo
1652 2741 1891 2778 circumagitati:

1062 2791 1140 2819 unde
1156 2788 1198 2817 sol
1223 2787 1342 2824 propria
1358 2786 1487 2814 motione
1513 2789 1642 2822 quatuor
1664 2787 1735 2815 anni
1759 2789 1893 2823 tempora

1061 2834 1174 2871 implet,
1198 2834 1260 2869 jam
1283 2832 1314 2860 in
1338 2830 1539 2868 septentrione
1561 2831 1626 2868 jam
1652 2831 1682 2860 in
1708 2831 1895 2861 meridionali

1061 2882 1144 2919 parte
1158 2878 1338 2908 constitutus
1354 2890 1360 2913 ;
1372 2877 1459 2914 prout
1471 2884 1539 2905 vero
1550 2878 1687 2906 movetur
1697 2877 1800 2906 eodem
1811 2877 1893 2905 motu

1694 2942 1735 2974 24
