4110 6422
346 353 474 439 747

1734 345 2155 410 MICHAELIS
2201 346 2469 408 PSELLI

3660 350 3781 413 768

351 501 489 542 cum
522 484 665 543 coalo
696 499 767 541 ex
814 484 1042 542 oriente
1071 483 1131 541 in
1180 484 1569 553 occidentem,
1602 481 1729 540 dies
1786 481 1923 540 facit
1952 487 2002 539 et

2118 484 2343 536 κινεῖται
2385 484 2465 552 τῷ
2492 478 2707 559 οὐρανῷ
2736 479 2789 553 ἐξ
2820 477 3098 553 ἀνατολῆς
3124 480 3199 545 εἰς
3239 480 3408 552 δύσιν,
3442 482 3655 563 ἡμέρας
3684 481 3777 539 καὶ

322 586 331 595 '
352 577 574 632 noctes.

721 681 813 737 99.
848 682 1047 751 Quale:
1073 681 1274 753 ﬁguras
1303 682 1594 739 stellarum
1615 685 1640 736 .9

420 775 567 827 Cum
615 770 978 844 multiplices
1029 772 1233 844 ﬁgura
1282 772 1424 843 sint,
1476 777 1543 828 ut
1594 769 2007 844 triangulares,

351 859 879 932 quadrangulares,
897 861 1136 928 cubicts,
1155 877 1292 933 pyra
1302 860 1548 917 midales
1568 859 1811 932 aliaeque
1826 859 2010 932 plani'

352 950 591 1019 formes,
616 949 1013 1021 pulcherrima
1034 955 1125 1006 est
1146 950 1453 1022 sphzerica.
1490 951 1691 1021 Itaque
1711 948 1924 1005 coelum
1951 953 2010 1005 et

348 1037 535 1095 stellae
565 1054 771 1093 omnes
802 1037 1092 1110 sphaerica
1140 1040 1329 1111 ﬁgura
1359 1039 1612 1111 praeditas
1664 1043 1827 1109 sunt,
1860 1039 2008 1111 quod

351 1133 408 1184 et
439 1143 509 1182 ex
536 1126 692 1182 lunas
721 1127 1261 1184 illuminationibus
1291 1128 1672 1200 perspicuum
1705 1126 2007 1197 est.Siqui-

353 1218 487 1273 dem
513 1215 615 1272 illa
667 1216 740 1272 ob
770 1217 1190 1288 gibbositatem
1240 1234 1410 1273 suam
1445 1233 1558 1272 non
1592 1217 1772 1272 simul
1813 1222 1930 1272 tota
1975 1233 2010 1272 a

352 1304 497 1377 sole,
529 1306 631 1361 sed
666 1306 946 1378 paulatim
969 1307 1252 1362 crescenti
1284 1306 1509 1362 lumine
1537 1305 2008 1362 illustratur.Fas

353 1399 511 1452 certe
538 1400 663 1451 erat
694 1410 934 1467 corpore
974 1395 1212 1452 aetheria
1257 1395 1317 1451 in
1365 1394 1824 1468 pulcherrimam
1855 1396 2007 1468 ﬁgu-

355 1500 484 1540 ram
515 1483 725 1557 aptari,
752 1484 967 1540 mentis
990 1484 1190 1557 ﬁgura)
1215 1486 1444 1541 aemula.
1470 1485 1633 1541 Sicut
1660 1485 1817 1540 enim
1841 1501 2009 1541 mens

354 1574 415 1629 in
446 1589 511 1629 se
539 1572 881 1643 reﬂectitur,
931 1575 1017 1631 sic
1048 1578 1108 1631 et
1155 1576 1417 1631 teterium
1477 1590 1691 1646 corpus
1736 1591 1771 1631 a
1814 1579 2010 1632 mente

352 1663 643 1720 directum
701 1668 759 1719 et
831 1663 905 1719 ad
962 1667 1219 1719 mentem
1300 1679 1650 1720 conversum
1706 1662 1768 1720 in
1823 1666 2013 1721 semet

349 1751 564 1825 vergit.

781 1951 905 2008 100.
938 1951 1020 2008 De
1047 1951 1240 2009 ordine
1264 1951 1586 2012 stellarum.

420 2044 564 2097 Cum
596 2041 658 2097 in
692 2040 809 2098 duo
840 2057 1055 2113 genera
1104 2040 1285 2098 stella;
1332 2042 1693 2112 dividantur,
1743 2039 2011 2096 inerran-

348 2129 501 2186 tium
550 2130 1017 2202 errantiumque,
1077 2131 1405 2186 inerrantes
1464 2130 1718 2203 planetis
1770 2128 2010 2194 altiores

346 2223 507 2286 sunt,
543 2236 659 2275 non
690 2224 890 2275 tamen
924 2220 1064 2291 ipsae
1095 2236 1304 2277 omnes
1334 2221 1393 2275 in
1424 2221 1629 2277 eadem
1681 2219 1809 2275 coeli
1840 2235 1977 2275 sum

343 2309 550 2365 mitate
601 2309 958 2376 constitutas,
1007 2311 1110 2365 sed
1162 2310 1290 2365 aliae
1347 2309 1479 2365 aliis
1511 2309 1908 2365 sublimiores.
1941 2311 2010 2365 At

339 2403 567 2470 septem
627 2399 877 2471 planetis
925 2400 1038 2455 sub
1085 2400 1489 2456 inerrantibus
1546 2400 1741 2456 locum
1789 2400 2008 2456 sortita

344 2492 505 2557 sunt,
535 2489 764 2560 primus
796 2488 1036 2560 quidem
1087 2489 1543 2562 Saturnus,post
1575 2489 1729 2545 hunc
1759 2490 2007 2560 Jupiter,

340 2576 480 2632 inde
514 2577 832 2646 Mars,binc
854 2576 977 2646 Sol,
1011 2578 1290 2650 deinceps
1314 2582 1539 2644 Venus,
1562 2596 1627 2634 ac
1648 2579 1759 2634 sub
1784 2578 2009 2634 Venere

344 2665 691 2734 Mercurius,
723 2672 781 2722 et
811 2671 1113 2738 postrema
1136 2668 1465 2724 Luna.Post
1486 2666 1649 2723 illam
1677 2671 2008 2738 sequuntur

346 2759 603 2825 quatuor
631 2756 925 2811 elementa
972 2757 1043 2812 de
1089 2757 1307 2828 quibus
1354 2757 1495 2811 dixi.
1558 2756 1806 2811 Definita
1838 2770 2007 2828 porro

344 2843 603 2916 singulis
636 2844 888 2915 planetis
917 2850 1183 2917 tempora
1215 2862 1334 2901 suae
1387 2846 1677 2917 cujusque
1708 2844 2007 2916 motionis,

343 2932 761 2990 admirandum
785 2933 940 2989 inter
963 2950 1026 2991 se
1054 2940 1403 2991 concentum
1438 2935 1559 2991 sive
1592 2935 2006 3008 symphoniam

349 3022 594 3079 habent.

665 3203 788 3262 101.
825 3205 975 3262 Unde
1005 3207 1193 3262 lumen
1224 3205 1426 3263 habent
1466 3205 1644 3263 stellae
1664 3208 1689 3260 .9

410 3292 613 3367 Neque
642 3293 1034 3351 inerrantium
1065 3294 1187 3351 ulla
1207 3293 1737 3367 stellarum,neque
1758 3294 2009 3367 planetas

337 3398 566 3454 omnes,
603 3383 706 3440 sed
739 3382 865 3439 sola
894 3383 1038 3440 luna
1067 3401 1101 3440 a
1131 3384 1253 3440 sole
1310 3384 1701 3441 illuminatur.
1738 3386 1922 3457 Igitur
1952 3391 2011 3442 et

338 3490 475 3547 pars
504 3475 633 3545 ejus
661 3473 860 3530 lucida
890 3491 1124 3548 semper
1152 3475 1264 3531 soli
1290 3476 1536 3531 obversa
1566 3479 1872 3547 est,neque
1903 3493 2007 3533 un-

340 3579 520 3635 quam
554 3566 678 3619 tota
710 3569 868 3620 caret
897 3564 1041 3620 luna
1069 3564 1313 3633 lumine,
1349 3565 1450 3621 sed
1475 3580 1904 3637 usquequaque
1926 3566 2010 3621 di-

342 3652 525 3709 midia
555 3669 690 3724 pars
724 3653 852 3722 ejus
905 3652 1127 3708 lumine
1158 3654 1392 3725 gaudet.
1443 3653 1592 3710 Nam
1644 3653 1703 3709 in
1755 3656 2006 3727 conjun-

339 3741 531 3797 ctione
561 3741 683 3795 sive
715 3740 1015 3797 novilunio
1046 3743 1261 3813 gibbus
1312 3742 1483 3798 nobis
1531 3744 1816 3798 obversus
1847 3742 2003 3801 lucis

340 3834 431 3886 est
458 3845 688 3902 expers,
720 3834 779 3885 at
810 3830 1081 3903 superior
1101 3836 1167 3885 ut
1194 3830 1278 3886 ita
1299 3832 1493 3887 dicam
1516 3830 1767 3887 calvaria
1790 3831 2007 3888 illumi-

341 3926 482 3976 nata
510 3923 619 3976 est.
663 3921 726 3975 In
762 3919 1088 3991 plenilunio
1120 3920 1381 3975 vicissim
1416 3921 1901 3993 hemisphmrium
1930 3923 2001 3978 ad

342 4024 450 4064 nos
480 4023 727 4081 vergens
773 4014 962 4064 totum
1011 4014 1101 4064 est
1150 4008 1435 4075 lucidum,
1477 4010 1753 4082 superius
1802 4015 2002 4067 autem

338 4097 485 4152 illud
518 4113 723 4169 expers
782 4097 1045 4153 luminis.
1112 4099 1271 4154 Inter
1328 4098 1701 4154 novilunium
1756 4115 1892 4155 vero
1936 4116 2003 4155 ac

336 4185 730 4257 plenilunium
763 4203 867 4259 pro
894 4188 1121 4243 ratione
1151 4204 1267 4259 qua
1298 4205 1331 4243 a
1360 4187 1481 4243 sole
1513 4187 1713 4251 distat,
1739 4189 1803 4242 ﬁt
1831 4188 2003 4246 nobis

335 4272 425 4329 vel
457 4275 837 4341 corniculata,
873 4276 961 4331 vel
1013 4277 1320 4333 dimidiata
1376 4275 1463 4333 vel
1497 4277 1863 4346 decrescens,
1898 4282 2005 4334 aut

334 4362 495 4419 enim
530 4365 732 4420 minus
764 4380 943 4436 quam
978 4365 1293 4421 dimidium
1328 4366 1457 4438 ejus
1489 4364 1882 4434 illuminatur,
1900 4369 2004 4423 aut

335 4451 673 4521 dimidium,
709 4458 812 4510 aut
841 4454 976 4527 plus
1006 4454 1273 4511 dimidio.

333 4652 456 4708 102.
490 4653 566 4709 De
590 4652 878 4709 stellarum
931 4654 1362 4726 signiﬁcatione,
1395 4658 1451 4710 et
1495 4654 1767 4727 quomodo
1820 4655 1995 4719 hiems

951 4732 1005 4782 et
1042 4731 1209 4784 aestas
1236 4727 1336 4798 ﬁat
1356 4731 1382 4781 ἵ

402 4814 768 4889 Signiﬁcatio
802 4815 982 4872 stella:
1027 4820 1136 4883 est,
1190 4809 1455 4888 quando.
1484 4816 1680 4872 oriens
1728 4816 1817 4873 vel
1853 4834 1990 4875 cum

327 4904 452 4961 sole
481 4910 681 4962 exorta
711 4909 776 4960 ut
804 4904 989 4973 canis,
1034 4907 1123 4961 vel
1175 4905 1364 4975 orion,
1414 4910 1516 4961 aut
1568 4910 1836 4975 acturus,
1890 4911 1993 4963 aut

325 4994 441 5049 alia
469 4996 735 5066 quaedam
770 4996 1042 5064 ﬁxarum,
1076 5011 1267 5050 aerem
1300 4999 1555 5066 quatuor
1585 4995 1722 5050 anni
1757 5000 1992 5069 tempo-

324 5082 491 5137 ribus
522 5083 745 5140 alterat.
796 5084 944 5139 Nam
976 5089 1034 5140 et
1082 5084 1310 5157 Moyses
1350 5083 1460 5139 hoc
1510 5083 1822 5141 subinnuit
1852 5102 1988 5142 cum

324 5170 444 5228 ait:
478 5171 655 5227 Erunt
686 5174 748 5228 in
804 5175 986 5245 signa,
1044 5178 1097 5230 et
1152 5174 1214 5228 in
1271 5182 1542 5244 tempora,
1590 5181 1645 5228 et
1698 5174 1754 5229 in
1789 5191 1987 5231 annos.

324 5258 505 5316 Stella
534 5260 826 5333 siquidem
872 5264 1165 5319 matutino
1207 5262 1294 5319 vel
1327 5262 1665 5335 vespertino
1715 5268 1843 5320 ortu
1880 5281 1987 5321 suo

322 5347 585 5420 aliquam
616 5367 685 5406 ex
718 5351 873 5409 aeris
903 5353 1311 5410 affectionibus
1343 5352 1753 5425 signiﬁcat.De
1785 5356 1988 5409 aestate

324 5451 460 5493 vero
517 5443 575 5494 et
630 5439 825 5496 hieme
889 5447 1068 5514 atque
1123 5442 1344 5499 caeteris
1404 5441 1545 5497 anni
1619 5441 1987 5513 temporibus

328 5525 639 5584 sciendum
670 5531 940 5602 est,quod
973 5533 1208 5603 quando
1239 5530 1328 5588 sol
1360 5530 1532 5586 nobis
1563 5535 1652 5587 est
1684 5531 1985 5598 australis,

328 5620 387 5672 et
418 5630 596 5685 super
651 5618 841 5689 capite
904 5624 1101 5676 nostro
1157 5620 1363 5686 fertur,
1398 5620 1537 5676 facit
1592 5624 1852 5676 aestatem
1881 5638 1895 5689 ;
1928 5623 1987 5676 et

331 5701 572 5787 quando
603 5705 663 5762 in
694 5711 963 5764 austrum
994 5709 1138 5781 abit,
1168 5709 1400 5767 hiemen
1432 5710 1605 5782 facit;
1630 5711 1864 5786 quando
1886 5726 1985 5766 au-

2118 568 2315 633 νύκτας
2343 575 2511 627 ποιεῖ.

2352 676 2454 755 θ’θ’.
2488 678 2716 733 Ποταπὰ
2743 682 2852 734 τῶν
2880 677 3119 757 ἀστάρων
3149 680 3214 737 τὰ
3245 681 3533 756 σχήματα.

2191 765 2427 823 Πολλῶν
2487 762 2658 823 ὅντων
2720 767 3048 844 σχημάτων,
3110 771 3414 847 τριγώνων,
3446 791 3779 849 τετραγωνι-

2117 861 2251 927 κῶν,
2299 852 2562 928 κυϐικῶν,
2621 856 3003 935 πυραμοειδῶν
3054 860 3144 915 καὶ
3191 864 3299 915 τῶν
3351 860 3564 917 λοιπῶν
3618 863 3778 919 εὐθυ-

2118 951 2472 1022 γραμμικῶν,
2527 946 2823 1003 κάλλιστόν
2884 948 2996 1004 ἐστι
3051 949 3115 1004 τὸ
3173 948 3533 1028 σφαιροειδὲς.
3566 953 3622 1006 Ὀ
3659 951 3779 1008 τοί-

2117 1059 2207 1091 νυν
2243 1035 2468 1111 οὐρανὸς
2509 1037 2599 1092 καὶ
2647 1039 2957 1111 σύμπαντες
3005 1040 3057 1093 οἱ
3088 1039 3307 1115 ἀστέρες
3338 1045 3435 1097 τοῦ
3490 1046 3781 1119 σφαιρικοῦ

2117 1129 2406 1201 σχήματος
2437 1122 2566 1180 ὄντα
2596 1126 2951 1202 τυγχάνουσι.
2988 1128 3092 1183 Καὶ
3124 1124 3296 1197 δῆλον
3354 1129 3461 1185 ἀπὸ
3518 1134 3627 1185 τῶν
3675 1138 3778 1202 τῆς

2118 1215 2354 1286 σελήνης
2411 1220 2732 1294 φωτισμῶν.
2793 1218 2891 1271 Διά
2918 1218 3019 1293 γὰρ
3058 1217 3121 1272 τὸ
3152 1216 3414 1293 κύρτωμα
3443 1218 3645 1291 ταύτης
3678 1218 3780 1276 οὐκ

2118 1304 2273 1370 εὐθὺς
2327 1303 2431 1376 ὅλη
2485 1305 2633 1380 παρὰ
2680 1309 2783 1387 ,τοῦ
2813 1303 2980 1376 ἡλίου
3011 1306 3322 1384 φωτίζεται,
3371 1305 3519 1364 ἀλλά
3544 1308 3684 1364 κατά
3709 1311 3774 1366 τὸ

2122 1393 2300 1470 βραχὺ
2357 1396 2457 1463 τήν
2517 1394 2738 1466 αὔξησιν
2772 1392 2989 1470 δέχεται
3046 1400 3144 1451 τοῦ
3170 1394 3372 1474 φωτός.
3402 1395 3553 1453 Ἔδει
3580 1399 3683 1476 γὰρ
3715 1399 3780 1455 16

2118 1482 2361 1558 αἰθέριον
2420 1487 2578 1557 σῶμα
2632 1488 2711 1556 τῷ
2737 1481 3024 1560 καλλίστῳ
3052 1491 3162 1542 τῶν
3195 1486 3499 1562 σχημάτων
3540 1486 3779 1562 ἀποτορ-

2119 1573 2382 1636 νεύεσθαι.
2416 1574 2529 1629 Νοῦ
2553 1573 2654 1649 γὰρ
2690 1579 2937 1648 μιμεῖται
2964 1574 3029 1630 τὸ
3060 1582 3275 1651 σχῆμα.
3323 1577 3525 1653 Ὠσπερ
3575 1579 3604 1633 6
3650 1583 3778 1643 νοῦς

2121 1660 2425 1741 ἐπιστρέφει
2450 1663 2588 1736 πρὸς
2617 1663 2827 1737 δαυτὸν,
2860 1662 3004 1720 οὕτω
3037 1661 3104 1734 δὴ
3135 1664 3225 1720 καί
3253 1665 3315 1721 16
3346 1666 3584 1743 αἰθέριον
3615 1672 3776 1742 σῶμα

2120 1750 2358 1807 συννεύει
2388 1751 2524 1828 πρὸς
2555 1749 2735 1826 ἐαυτὸ,
2768 1753 2872 1809 ὑπὸ
2919 1757 3012 1809 νοῦ
3050 1748 3487 1830 κυϐερνώμενον,
3519 1757 3608 1813 καὶ
3639 1758 3778 1834 πρὸς

2042 1860 2091 1926 Β
2117 1845 2242 1897 νοῦν
2277 1840 2755 1921 ἐπιστρεφόμενον.

2577 1951 2621 2026 ρ’
2660 1950 2791 2025 Περὶ
2820 1951 3023 2022 τάξεως
3054 1951 3315 2028 ἀστέρων.

2195 2038 2285 2101 Εἰς
2337 2036 2432 2094 δύο
2482 2038 2617 2116 μέρη
2664 2044 2773 2095 τῶν
2810 2041 3047 2115 ἀστέρων
3105 2039 3528 2117 διαιρουμένων,
3589 2043 3666 2107 εἰς
3713 2044 3776 2100 τὸ

2120 2125 2356 2191 ἀπλανὲς
2411 2125 2501 2184 καί
2556 2130 2619 2183 τὸ
2678 2128 3066 2203 πλανώμενον,
3125 2132 3178 2186 οἱ
3233 2132 3328 2205 μὶν
3381 2132 3643 2197 ἀπλανεῖς
3680 2134 3781 2203 τὴν

2123 2216 2463 2293 ὑψηλοτέραν
2521 2218 2667 2289 τάξιν
2723 2224 2831 2274 τῶν
2889 2218 3186 2292 πλανητῶν
3243 2219 3460 2297 ἵχουσι,
3494 2223 3597 2279 οὐκ
3626 2222 3678 2278 ἐν
3708 2227 3781 2298 τῇ

2117 2306 2253 2381 αὐτῇ
2311 2306 2596 2386 ἐπιφανείᾳ
2648 2312 2747 2364 τοῦ
2790 2307 3029 2385 αἰθερίου
3080 2311 3336 2384 σώματος
3392 2311 3639 2385 κείμενοι
3691 2312 3782 2369 καὶ

2117 2397 2432 2474 φερόμενοι,
2493 2395 2622 2453 ἀλλ’
2654 2397 2706 2451 οἱ
2745 2397 2838 2470 μὶν
2874 2395 3207 2475 ὑψηλότεροι
3239 2398 3416 2455 αὐτῶν
3450 2400 3605 2471 εἰσιν,
3640 2402 3692 2456 οἰ
3724 2398 3783 2458 δὶ

2115 2486 2512 2561 ταπεινότεροι.
2574 2487 2642 2544 Ol
2700 2484 2758 2541 δὲ
2813 2487 2948 2542 ἐπτά
2998 2486 3273 2559 πλανῆται
3336 2490 3474 2563 μετά
3519 2488 3782 2554 ἀπλανεῖς

2115 2576 2431 2651 τετάχαται,
2494 2577 2568 2630 ὧν
2627 2577 2843 2652 πρῶτός
2900 2576 3039 2632 ἐστιν
3102 2579 3130 2633 6
3177 2583 3276 2634 τοῦ
3308 2578 3514 2654 Κρόνου
3547 2578 3780 2654 λεγόμε-

2117 2685 2209 2726 νος
2241 2666 2434 2736 ἀστὴρ,
2464 2666 2555 2720 καὶ
2592 2666 2727 2738 μετά
2752 2666 2944 2721 τοῦτον
2978 2668 3006 2721 6
3038 2671 3134 2722 τοῦ
3167 2668 3310 2738 Διὸς,
3341 2668 3430 2723 καὶ
3476 2668 3563 2723 ὑπ’
3613 2668 3775 2724 αὐτὸν

2117 2755 2146 2808 6
2171 2758 2267 2807 τοῦ
2296 2755 2632 2829 “Αρεος,εἶτοι
2663 2756 2692 2810 6
2722 2753 3080 2829 ’Ἡλιος,μεθ’
3108 2757 3165 2812 ὃν
3199 2755 3479 2835 Αφροδίτη
3513 2757 3599 2812 καὶ
3640 2755 3774 2831 μετά

2115 2842 2316 2915 ταύτην
2349 2845 2575 2919 Ἑρμῆς,
2606 2845 2694 2899 καὶ
2728 2842 3040 2900 τελευταῖον
3072 2848 3108 2915 ἡ
3164 2842 3403 2917 Σελήνη.
3439 2848 3573 2910 Μεθ’
3600 2848 3667 2916 ἣν
3706 2846 3775 2902 τὰ

2113 2933 2345 3007 τέσσαρα
2373 2938 2643 3009 στοιχεῖα,
2667 2933 2849 3009 ὥσπερ
2880 2933 3194 3011 εἰρήκαμεν.
3226 2936 3533 3011 Ὠρισμένοι
3563 2932 3621 2991 δὲ
3648 2934 3775 2991 τού-

2114 3042 2231 3084 τοις
2265 3020 2368 3077 εἰσί
2396 3023 2483 3077 καὶ
2516 3023 2567 3077 οἱ
2602 3022 2797 3099 χρόνοι
2828 3028 2936 3078 τῶν
2988 3027 3278 3097 κινήσεων,
3328 3024 3626 3099 θαυμασίαν
3675 3025 3775 3095 τὴν

2117 3111 2437 3186 συμφωνίαν
2471 3109 2718 3187 ἔχοντες.

2425 3202 2525 3274 pa’.
2561 3200 2727 3256 Πόθεν
2760 3200 3086 3281 φωτίζονται
3121 3203 3173 3259 οἰ
3205 3201 3421 3281 ἀστέρες
3448 3224 3461 3273 ;

2190 3286 2323 3344 Οὔτε
2363 3294 2471 3345 τῶν
2525 3287 2783 3346 ἀπλανῶν
2840 3291 3079 3367 ἀστέρων
3128 3289 3338 3362 οὐδεὶς,
3398 3290 3524 3349 οὐδὲ
3584 3294 3779 3357 πάντες

2118 3378 2169 3431 οἰ
2198 3375 2629 3449 πλανῆται,ἀλλ’
2660 3380 2695 3449 ἡ
2730 3377 2936 3450 σελήνη
2974 3380 3114 3454 μόνη
3147 3381 3295 3457 παρᾶ
3329 3386 3430 3438 τοῦ
3457 3381 3626 3452 ἡλίου
3659 3404 3778 3461 φωο

2114 3467 2335 3536 τίζεται.
2384 3468 2483 3522 Διά
2528 3472 2691 3523 τοῦτο
2734 3469 2824 3524 καὶ
2872 3468 3283 3546 πεφωτισμένον
3339 3470 3421 3526 ἀεὶ
3459 3472 3624 3546 μέρος
3676 3471 3777 3528 αύ-

2115 3559 2216 3620 τῆς
2250 3556 2383 3623 πρὸς
2414 3557 2507 3611 τὸν
2539 3554 2701 3625 ἥλιον
2762 3555 3023 3625 νένευκεν,
3085 3558 3184 3614 οὐκ
3214 3555 3325 3615 ἔστι
3360 3556 3418 3616 δὲ
3449 3560 3532 3616 ὅτι
3563 3560 3771 3637 ἀφώτι-

2116 3665 2239 3706 στος
2298 3644 2628 3700 παντάπασίν
2681 3644 2823 3701 ἐστιν
2851 3649 2885 3716 ἡ
2917 3644 3149 3721 σελήνη,
3207 3646 3336 3704 ἀλλ’
3384 3649 3466 3705 ἀεὶ
3498 3645 3773 3705 ἐνδέδυται

2116 3738 2231 3811 φῶς
2277 3733 2636 3807 ἡμισέληνον.
2700 3737 2789 3793 Ἐν
2853 3736 2947 3810 μὶν
3004 3735 3094 3792 οὖν
3125 3743 3245 3801 ταῖς
3291 3737 3537 3803 συνόδοις
3568 3738 3775 3819 ἀφώτιο

2113 3844 2239 3879 στον
2302 3824 2395 3897 μὲν
2453 3823 2564 3880 ἐστι
2592 3824 2657 3880 τὸ
2682 3826 2820 3901 πρὸς
2877 3828 3027 3898 ἡμᾶς
3064 3825 3231 3897 αὐτῆς
3260 3826 3549 3904 κύρτωμα,
3578 3848 3775 3907 πεφω-

2111 3913 2365 3986 τισμὲνον
2423 3910 2481 3969 δὲ
2530 3916 2593 3969 τὸ
2649 3910 2762 3969 ἀνω
2793 3911 3157 3992 φαλάκρωμα.
3192 3918 3277 3972 Ἐν
3339 3914 3396 3971 δὲ
3425 3922 3543 3980 ταῖς
3571 3939 3773 3974 πανσε-

2114 3999 2307 4072 λήνοις
2333 4003 2396 4057 τὸ
2456 4003 2549 4076 μὲν
2610 4006 2763 4058 νεῦον
2825 4004 2961 4079 πρὸς
3020 4004 3169 4077 ἡμᾶς
3202 4006 3564 4083 ἡμισφαίριον
3599 4008 3772 4078 αὐτῆς

2115 4089 2347 4166 ὀλοφαές
2377 4090 2511 4162 ἐστι,
2566 4092 2629 4147 τὸ
2680 4088 2727 4147 δ’
2784 4090 2895 4148 ἄνω
2944 4093 3247 4168 ἡμίτομον,
3306 4096 3486 4173 φωτὸς
3513 4093 3770 4173 ἄμοιρον.

2114 4180 2327 4251 Μεταξὺ
2359 4178 2416 4235 δὲ
2438 4188 2539 4251 τῆς
2572 4177 2800 4238 συνόδου
2831 4183 2922 4238 καί
2971 4190 3071 4253 τῆς
3131 4183 3466 4255 σανσελήνου
3517 4187 3654 4241 κατὰ
3708 4188 3772 4242 τὸ

2117 4268 2310 4342 μέτρον
2362 4270 2465 4339 τῆς
2520 4270 2656 4346 πρὸς
2714 4272 2805 4327 τὸν
2864 4271 3028 4342 ἡλιον
3079 4270 3433 4342 διαστάσεως,
3467 4271 3770 4345 μηνοειδὴς

2109 4358 2332 4432 γίνεται,
2410 4359 2499 4414 καὶ
2537 4350 2901 4437 ’διχότομος,
2976 4360 3067 4421 καὶ
3141 4361 3501 4441 ἀμφίκυρτος,
3570 4361 3607 4430 ἢ
3664 4363 3768 4437 γὰρ

2111 4442 2336 4504 ἔλαττον
2391 4453 2489 4504 τοῦ
2528 4451 2776 4525 ἡμίσεως
2808 4449 3123 4529 φωτίζεται,
3155 4452 3191 4523 ἢ
3242 4448 3381 4506 κατὰ
3406 4449 3469 4504 τὸ
3495 4447 3695 4522 ἥμισυ,
3729 4448 3766 4519 ἢ

2108 4537 2335 4593 κατὰτὸ
2365 4537 2558 4599 πλέον.
2984 4572 2987 4573 ν
3078 4570 3083 4575 -
3401 4566 3406 4573 ε
3574 4568 3579 4571 -
3650 4566 3657 4570 -

2110 4645 2214 4720 ρβ’.
2244 4645 2376 4720 Περί
2407 4644 2774 4722 ἐπισημασίας
2808 4645 3067 4722 ἀστέρων,
3097 4643 3188 4700 καὶ
3232 4647 3349 4707 πῶς
3393 4642 3597 4720 γίνεται
3644 4661 3765 4719 χιι-

2700 4719 2815 4792 μὼν
2848 4718 2946 4773 καῖ
2973 4719 3131 4792 θέρος
3154 4736 3169 4787 ς

2170 4809 2545 4881 Ἐπισημασία
2602 4806 2743 4863 ἐστὶν
2782 4850 2797 4877 ,
2870 4804 2995 4861 ὅταν
3062 4802 3369 4862 ἐπιτὲλλων
3445 4804 3617 4881 ἀστὴρ
3669 4803 3761 4861 καὶ

2100 4895 2513 4953 συνανατὲλλων
2572 4901 2652 4969 τῷ
2707 4894 2859 4968 ἡλίῳ
2906 4894 3087 4972 ὥσπερ
3142 4897 3171 4951 6
3219 4894 3562 4970 γαλούμενος
3591 4894 3761 4969 κύων,

2098 4986 2188 5041 καὶ
2247 4985 2453 5061 ὡρίων,
2511 4987 2601 5040 καὶ
2634 4986 2662 5039 6
2696 4986 3019 5059 ἀρκτοῦρος,
3052 4987 3087 5056 ἢ
3114 4982 3298 5062 ἕτερός
3328 5007 3414 5049 τις
3441 4989 3552 5041 τῶν
3584 4982 3763 5040 ἀπλα-

2099 5080 2229 5146 νῶν,
2290 5072 2577 5148 ἀλλοιώσῃ
2635 5073 2727 5128 τὸν
2778 5074 2931 5146 ἀέρα,
2979 5076 3118 5129 κατά
3174 5074 3304 5139 τοὺς
3329 5075 3595 5148 τέσσαρας
3635 5094 3766 5129 και-

2099 5164 2227 5238 ροὺς
2283 5168 2380 5218 τοῦ
2447 5161 2625 5225 ἔτους.
2687 5165 2864 5220 Τοῦτο
2922 5163 3026 5240 γὰρ
3087 5166 3332 5235 Μωϋσῆς
3389 5164 3760 5220 ὐπαινίττεται

2099 5251 2297 5328 λέγων,
2352 5253 2603 5307 Ἔσονται
2660 5251 2738 5315 εἷς
2798 5259 3023 5327 σημεῖα,
3082 5253 3173 5309 καὶ
3231 5253 3308 5317 εἷς
3366 5252 3614 5330 καιροὺς,
3670 5250 3761 5308 καί

2097 5340 2174 5404 εἰς
2232 5340 2528 5403 ἐνιαυτούς.
2573 5341 3025 5415 Ἐπισημαίνεται
3059 5342 3162 5421 γάρ
3220 5365 3274 5400 τι
3333 5344 3362 5399 6
3419 5343 3592 5420 ἀστὴρ
3647 5343 3756 5398 τῶν

2095 5432 2219 5508 περὶ
2274 5435 2383 5488 τῶν
2437 5430 2568 5507 ἀέρα
2624 5433 2835 5506 παθῲν,
2897 5433 3035 5491 ἐώαν
3095 5434 3359 5505 ἐπιτολὴν
3406 5435 3442 5506 ἢ
3501 5430 3752 5507 ἐσπερίαν

2095 5521 2453 5596 ποιούμενος.
2494 5521 2625 5599 Περὶ
2681 5522 2864 5597 μέντοι
2920 5545 2983 5600 γε
3037 5526 3293 5601 θέρουςῆ
3325 5526 3606 5601 χειμῶνος
3658 5519 3750 5575 καί

2092 5616 2201 5668 τῶν
2262 5609 2471 5668 λοιπῶν
2530 5612 2688 5689 ὡρῶν
2746 5613 2950 5684 ἰστέον,
2976 5615 3051 5677 ὡς
3079 5614 3204 5670 ὅταν
3239 5615 3333 5688 μὲν
3367 5614 3395 5668 ὁ
3427 5610 3593 5679 ῆλιος
3652 5608 3751 5687 βό-

2097 5722 2242 5782 ρειος
2289 5703 2427 5776 ἡμῖν
2455 5703 2696 5782 γένηται,
2744 5703 2835 5761 καὶ
2867 5704 2998 5784 ὑπὲρ
3048 5702 3292 5784 κεφαλῆς
3327 5704 3559 5779 κινοῖτο,
3593 5699 3749 5778 θέρος
