  <div class='ocr_page' id='page_1' title='image "/cluster/home/n/w/nwhite01/storage/ocr_20150623/122:no.2/coo.31924054870278/382.png"; bbox 0 0 4110 6458; ppageno 0'>
   <div class='ocr_carea' id='block_1_1' title="bbox 352 465 476 524">
    <p class='ocr_par' dir='ltr' id='par_1_1' title="bbox 352 465 476 524">
     <span class='ocr_line' id='line_1_1' title="bbox 352 465 476 524; baseline 0.008 -1"><span class='ocrx_word' id='word_1_1' title='bbox 352 465 476 524; x_wconf 83' lang='grc'>749</span> 
     </span>
    </p>
   </div>
   <div class='ocr_carea' id='block_1_2' title="bbox 1548 455 2602 520">
    <p class='ocr_par' dir='ltr' id='par_1_2' title="bbox 1548 455 2602 520">
     <span class='ocr_line' id='line_1_2' title="bbox 1548 455 2602 520; baseline -0.005 0"><span class='ocrx_word' id='word_1_2' title='bbox 1548 458 1651 520; x_wconf 86' lang='lat' dir='ltr'>DE</span> <span class='ocrx_word' id='word_1_3' title='bbox 1695 455 2140 520; x_wconf 81' lang='lat' dir='ltr'>OMNIFARIA</span> <span class='ocrx_word' id='word_1_4' title='bbox 2183 455 2602 517; x_wconf 82' lang='lat' dir='ltr'>DOCTRINA.</span> 
     </span>
    </p>
   </div>
   <div class='ocr_carea' id='block_1_3' title="bbox 3669 455 3790 520">
    <p class='ocr_par' dir='ltr' id='par_1_3' title="bbox 3669 455 3790 520">
     <span class='ocr_line' id='line_1_3' title="bbox 3669 455 3790 520; baseline 0.017 -4"><span class='ocrx_word' id='word_1_5' title='bbox 3669 455 3790 520; x_wconf 83' lang='lat'>750</span> 
     </span>
    </p>
   </div>
   <div class='ocr_carea' id='block_1_4' title="bbox 356 560 2045 665">
    <p class='ocr_par' dir='ltr' id='par_1_4' title="bbox 356 560 2045 665">
     <span class='ocr_line' id='line_1_4' title="bbox 356 560 2045 665; baseline -0.005 -15"><span class='ocrx_word' id='word_1_6' title='bbox 356 597 506 650; x_wconf 86' lang='grc' dir='ltr'>ποιεῖ</span> <span class='ocrx_word' id='word_1_7' title='bbox 538 610 552 624; x_wconf 86' lang='lat'><strong><em>°</em></strong></span> <span class='ocrx_word' id='word_1_8' title='bbox 615 591 741 647; x_wconf 78' lang='grc' dir='ltr'>ὅταν</span> <span class='ocrx_word' id='word_1_9' title='bbox 809 562 867 644; x_wconf 63' lang='lat'>86</span> <span class='ocrx_word' id='word_1_10' title='bbox 913 587 1054 664; x_wconf 84' lang='grc' dir='ltr'>πρὸς</span> <span class='ocrx_word' id='word_1_11' title='bbox 1105 588 1261 644; x_wconf 83' lang='grc' dir='ltr'>νότον</span> <span class='ocrx_word' id='word_1_12' title='bbox 1317 560 1550 664; x_wconf 66' lang='grc' dir='ltr'>ἀπέλθῃ,</span> <span class='ocrx_word' id='word_1_13' title='bbox 1611 592 1865 665; x_wconf 79' lang='grc' dir='ltr'>χειμῶνα</span> <span class='ocrx_word' id='word_1_14' title='bbox 1922 587 2045 664; x_wconf 69' lang='grc' dir='ltr'>ἑρ-¹</span> 
     </span>
    </p>
   </div>
   <div class='ocr_carea' id='block_1_5' title="bbox 2165 560 3785 665">
    <p class='ocr_par' dir='ltr' id='par_1_5' title="bbox 2165 586 3785 658">
     <span class='ocr_line' id='line_1_5' title="bbox 2165 586 3785 658; baseline 0.004 -15"><span class='ocrx_word' id='word_1_15' title='bbox 2165 603 2245 643; x_wconf 80' lang='lat' dir='ltr'>3m</span> <span class='ocrx_word' id='word_1_16' title='bbox 2306 590 2575 644; x_wconf 80' lang='lat' dir='ltr'>versatur</span> <span class='ocrx_word' id='word_1_17' title='bbox 2641 586 2701 642; x_wconf 90' lang='lat' dir='ltr'>in</span> <span class='ocrx_word' id='word_1_18' title='bbox 2776 587 2996 658; x_wconf 83' lang='lat' dir='ltr'>ariete,</span> <span class='ocrx_word' id='word_1_19' title='bbox 3073 588 3488 658; x_wconf 79' lang='lat' dir='ltr'>aequinoctium</span> <span class='ocrx_word' id='word_1_20' title='bbox 3567 590 3785 652; x_wconf 75' lang='lat' dir='ltr'>efﬁcit:</span> 
     </span>
    </p>
   </div>
   <div class='ocr_carea' id='block_1_6' title="bbox 359 675 2013 761">
    <p class='ocr_par' dir='ltr' id='par_1_6' title="bbox 359 675 2013 761">
     <span class='ocr_line' id='line_1_6' title="bbox 359 675 2013 761; baseline -0.005 -20"><span class='ocrx_word' id='word_1_21' title='bbox 359 686 603 761; x_wconf 81' lang='grc' dir='ltr'>γάζεται,</span> <span class='ocrx_word' id='word_1_22' title='bbox 661 682 752 737; x_wconf 89' lang='grc' dir='ltr'>καὶ</span> <span class='ocrx_word' id='word_1_23' title='bbox 815 677 939 735; x_wconf 73' lang='grc' dir='ltr'>ὅταν</span> <span class='ocrx_word' id='word_1_24' title='bbox 1003 679 1096 753; x_wconf 73' lang='grc' dir='ltr'>μὲν</span> <span class='ocrx_word' id='word_1_25' title='bbox 1147 678 1284 734; x_wconf 83' lang='grc' dir='ltr'>κατᾶ</span> <span class='ocrx_word' id='word_1_26' title='bbox 1328 678 1421 735; x_wconf 84' lang='grc' dir='ltr'>τὸν</span> <span class='ocrx_word' id='word_1_27' title='bbox 1474 680 1626 756; x_wconf 88' lang='grc' dir='ltr'>κριὸν</span> <span class='ocrx_word' id='word_1_28' title='bbox 1684 680 1748 734; x_wconf 84' lang='grc' dir='ltr'>τὸ</span> <span class='ocrx_word' id='word_1_29' title='bbox 1819 675 2013 748; x_wconf 86' lang='grc' dir='ltr'>ζώδιον</span> 
     </span>
    </p>
   </div>
   <div class='ocr_carea' id='block_1_7' title="bbox 358 768 1229 850">
    <p class='ocr_par' dir='ltr' id='par_1_7' title="bbox 358 768 1229 850">
     <span class='ocr_line' id='line_1_7' title="bbox 358 768 1229 850; baseline -0.01 -19"><span class='ocrx_word' id='word_1_30' title='bbox 358 775 606 850; x_wconf 70' lang='grc' dir='ltr'>γένηται,</span> <span class='ocrx_word' id='word_1_31' title='bbox 665 768 956 847; x_wconf 69' lang='grc' dir='ltr'>ἴσημερίαν</span> <span class='ocrx_word' id='word_1_32' title='bbox 1026 771 1229 824; x_wconf 86' lang='grc' dir='ltr'>ποιεῖ·</span> 
     </span>
    </p>
   </div>
   <div class='ocr_carea' id='block_1_8' title="bbox 358 857 2018 939">
    <p class='ocr_par' dir='ltr' id='par_1_8' title="bbox 358 857 2018 939">
     <span class='ocr_line' id='line_1_8' title="bbox 358 857 2018 939; baseline -0.006 -17"><span class='ocrx_word' id='word_1_33' title='bbox 358 860 754 939; x_wconf 75' lang='grc' dir='ltr'>διαπορεύηται</span> <span class='ocrx_word' id='word_1_34' title='bbox 797 863 905 915; x_wconf 78' lang='grc' dir='ltr'>τῶν</span> <span class='ocrx_word' id='word_1_35' title='bbox 955 857 1180 934; x_wconf 81' lang='grc' dir='ltr'>χηλῶν,</span> <span class='ocrx_word' id='word_1_36' title='bbox 1234 857 1555 936; x_wconf 89' lang='grc' dir='ltr'>μετοπώραν</span> <span class='ocrx_word' id='word_1_37' title='bbox 1604 859 1696 914; x_wconf 87' lang='grc' dir='ltr'>καὶ</span> <span class='ocrx_word' id='word_1_38' title='bbox 1724 857 2018 934; x_wconf 79' lang='grc' dir='ltr'>ἲσημερίαν</span> 
     </span>
    </p>
   </div>
   <div class='ocr_carea' id='block_1_9' title="bbox 362 952 540 1015">
    <p class='ocr_par' dir='ltr' id='par_1_9' title="bbox 362 952 540 1015">
     <span class='ocr_line' id='line_1_9' title="bbox 362 952 540 1015; baseline -0.006 -4"><span class='ocrx_word' id='word_1_39' title='bbox 362 952 540 1015; x_wconf 78' lang='grc' dir='ltr'>αὗθις.</span> 
     </span>
    </p>
   </div>
   <div class='ocr_carea' id='block_1_10' title="bbox 364 1070 2022 1157">
    <p class='ocr_par' dir='ltr' id='par_1_10' title="bbox 364 1070 2022 1157">
     <span class='ocr_line' id='line_1_10' title="bbox 364 1070 2022 1157; baseline 0.005 -31"><span class='ocrx_word' id='word_1_40' title='bbox 364 1080 465 1157; x_wconf 83' lang='grc' dir='ltr'>ργ’,</span> <span class='ocrx_word' id='word_1_41' title='bbox 514 1076 692 1140; x_wconf 82' lang='grc' dir='ltr'>Πόσος</span> <span class='ocrx_word' id='word_1_42' title='bbox 751 1073 963 1147; x_wconf 70' lang='grc' dir='ltr'>ἑκάστῳ</span> <span class='ocrx_word' id='word_1_43' title='bbox 1032 1077 1142 1129; x_wconf 81' lang='grc' dir='ltr'>τῶν</span> <span class='ocrx_word' id='word_1_44' title='bbox 1211 1070 1508 1157; x_wconf 67' lang='grc' dir='ltr'>πλανητῶν</span> <span class='ocrx_word' id='word_1_45' title='bbox 1588 1074 1616 1128; x_wconf 99' lang='lat'>6</span> <span class='ocrx_word' id='word_1_46' title='bbox 1664 1072 1866 1150; x_wconf 81' lang='grc' dir='ltr'>χρόνος</span> <span class='ocrx_word' id='word_1_47' title='bbox 1921 1076 2022 1141; x_wconf 81' lang='grc' dir='ltr'>τῆς</span> 
     </span>
    </p>
   </div>
   <div class='ocr_carea' id='block_1_11' title="bbox 1049 1143 1356 1223">
    <p class='ocr_par' dir='ltr' id='par_1_11' title="bbox 1049 1143 1356 1223">
     <span class='ocr_line' id='line_1_11' title="bbox 1049 1143 1356 1223; baseline -0.003 -22"><span class='ocrx_word' id='word_1_48' title='bbox 1049 1143 1308 1223; x_wconf 86' lang='grc' dir='ltr'>περιοδου</span> <span class='ocrx_word' id='word_1_49' title='bbox 1342 1164 1356 1215; x_wconf 89' lang='grc'><strong>;</strong></span> 
     </span>
    </p>
   </div>
   <div class='ocr_carea' id='block_1_12' title="bbox 437 1251 2028 1326">
    <p class='ocr_par' dir='ltr' id='par_1_12' title="bbox 437 1251 2028 1326">
     <span class='ocr_line' id='line_1_12' title="bbox 437 1251 2028 1326; baseline -0.004 -15"><span class='ocrx_word' id='word_1_50' title='bbox 437 1261 567 1320; x_wconf 85' lang='grc' dir='ltr'>Τοῖς</span> <span class='ocrx_word' id='word_1_51' title='bbox 638 1253 941 1326; x_wconf 85' lang='grc' dir='ltr'>πλανηταις</span> <span class='ocrx_word' id='word_1_52' title='bbox 995 1258 1126 1307; x_wconf 81' lang='grc' dir='ltr'>πᾶσι</span> <span class='ocrx_word' id='word_1_53' title='bbox 1202 1252 1338 1307; x_wconf 76' lang='grc' dir='ltr'>κατὰ</span> <span class='ocrx_word' id='word_1_54' title='bbox 1414 1253 1514 1321; x_wconf 77' lang='grc' dir='ltr'>τὴν</span> <span class='ocrx_word' id='word_1_55' title='bbox 1584 1251 1874 1326; x_wconf 81' lang='grc' dir='ltr'>ἀναλογίαν</span> <span class='ocrx_word' id='word_1_56' title='bbox 1929 1254 2028 1306; x_wconf 75' lang='grc' dir='ltr'>τοῦ</span> 
     </span>
    </p>
   </div>
   <div class='ocr_carea' id='block_1_13' title="bbox 367 1340 2029 1423">
    <p class='ocr_par' dir='ltr' id='par_1_13' title="bbox 367 1340 2029 1423">
     <span class='ocr_line' id='line_1_13' title="bbox 367 1340 2029 1423; baseline -0.005 -20"><span class='ocrx_word' id='word_1_57' title='bbox 367 1345 628 1423; x_wconf 66' lang='grc' dir='ltr'>μεγέθους</span> <span class='ocrx_word' id='word_1_58' title='bbox 675 1349 780 1399; x_wconf 78' lang='grc' dir='ltr'>τῶν</span> <span class='ocrx_word' id='word_1_59' title='bbox 835 1345 1076 1418; x_wconf 80' lang='grc' dir='ltr'>σφαιρῶν</span> <span class='ocrx_word' id='word_1_60' title='bbox 1122 1341 1211 1396; x_wconf 88' lang='grc' dir='ltr'>καὶ</span> <span class='ocrx_word' id='word_1_61' title='bbox 1254 1345 1353 1396; x_wconf 76' lang='grc' dir='ltr'>τοῦ</span> <span class='ocrx_word' id='word_1_62' title='bbox 1409 1341 1610 1416; x_wconf 78' lang='grc' dir='ltr'>μέτρου</span> <span class='ocrx_word' id='word_1_63' title='bbox 1652 1345 1762 1395; x_wconf 80' lang='grc' dir='ltr'>τῶν</span> <span class='ocrx_word' id='word_1_64' title='bbox 1790 1340 2029 1396; x_wconf 85' lang='grc' dir='ltr'>ἀποστά-</span> 
     </span>
    </p>
   </div>
   <div class='ocr_carea' id='block_1_14' title="bbox 366 1429 2032 1510">
    <p class='ocr_par' dir='ltr' id='par_1_14' title="bbox 366 1429 2032 1510">
     <span class='ocr_line' id='line_1_14' title="bbox 366 1429 2032 1510; baseline -0.006 -18"><span class='ocrx_word' id='word_1_65' title='bbox 366 1435 503 1492; x_wconf 77' lang='grc' dir='ltr'>σέων</span> <span class='ocrx_word' id='word_1_66' title='bbox 537 1434 777 1510; x_wconf 87' lang='grc' dir='ltr'>χρόνους</span> <span class='ocrx_word' id='word_1_67' title='bbox 829 1431 1171 1508; x_wconf 73' lang='grc' dir='ltr'>ὡρισμένους</span> <span class='ocrx_word' id='word_1_68' title='bbox 1221 1429 1490 1509; x_wconf 78' lang='grc' dir='ltr'>ἀφώρισεν</span> <span class='ocrx_word' id='word_1_69' title='bbox 1540 1432 1568 1484; x_wconf 91' lang='lat'>6</span> <span class='ocrx_word' id='word_1_70' title='bbox 1613 1431 1766 1498; x_wconf 87' lang='grc' dir='ltr'>Θεὸς,</span> <span class='ocrx_word' id='word_1_71' title='bbox 1796 1434 1906 1484; x_wconf 80' lang='grc' dir='ltr'>τῶν</span> <span class='ocrx_word' id='word_1_72' title='bbox 1943 1450 2032 1484; x_wconf 90' lang='grc' dir='ltr'>κι-</span> 
     </span>
    </p>
   </div>
   <div class='ocr_carea' id='block_1_15' title="bbox 365 1517 2032 1597">
    <p class='ocr_par' dir='ltr' id='par_1_15' title="bbox 365 1517 2032 1597">
     <span class='ocr_line' id='line_1_15' title="bbox 365 1517 2032 1597; baseline -0.005 -15"><span class='ocrx_word' id='word_1_73' title='bbox 365 1529 601 1597; x_wconf 82' lang='grc' dir='ltr'>νήσεων.</span> <span class='ocrx_word' id='word_1_74' title='bbox 647 1521 748 1578; x_wconf 83' lang='grc' dir='ltr'>Καὶ</span> <span class='ocrx_word' id='word_1_75' title='bbox 781 1521 809 1576; x_wconf 89' lang='lat'>6</span> <span class='ocrx_word' id='word_1_76' title='bbox 867 1521 960 1594; x_wconf 76' lang='grc' dir='ltr'>μὲν</span> <span class='ocrx_word' id='word_1_77' title='bbox 1013 1519 1220 1596; x_wconf 85' lang='grc' dir='ltr'>Κρόνος</span> <span class='ocrx_word' id='word_1_78' title='bbox 1277 1517 1368 1574; x_wconf 78' lang='grc' dir='ltr'>ἅτε</span> <span class='ocrx_word' id='word_1_79' title='bbox 1417 1517 1758 1594; x_wconf 78' lang='grc' dir='ltr'>ὑψηλότερος</span> <span class='ocrx_word' id='word_1_80' title='bbox 1787 1523 1894 1573; x_wconf 79' lang='grc' dir='ltr'>τῶν</span> <span class='ocrx_word' id='word_1_81' title='bbox 1929 1519 2032 1573; x_wconf 82' lang='grc' dir='ltr'>ἅλ-</span> 
     </span>
    </p>
   </div>
   <div class='ocr_carea' id='block_1_16' title="bbox 368 1605 2033 1686">
    <p class='ocr_par' dir='ltr' id='par_1_16' title="bbox 368 1605 2033 1686">
     <span class='ocr_line' id='line_1_16' title="bbox 368 1605 2033 1686; baseline -0.007 -15"><span class='ocrx_word' id='word_1_82' title='bbox 368 1615 508 1684; x_wconf 90' lang='grc' dir='ltr'>λων,</span> <span class='ocrx_word' id='word_1_83' title='bbox 539 1613 629 1668; x_wconf 84' lang='grc' dir='ltr'>καὶ</span> <span class='ocrx_word' id='word_1_84' title='bbox 666 1611 886 1686; x_wconf 87' lang='grc' dir='ltr'>μείζονα</span> <span class='ocrx_word' id='word_1_85' title='bbox 914 1609 1117 1665; x_wconf 79' lang='grc' dir='ltr'>κύκλον</span> <span class='ocrx_word' id='word_1_86' title='bbox 1168 1609 1600 1684; x_wconf 81' lang='grc' dir='ltr'>περιερχόμενος</span> <span class='ocrx_word' id='word_1_87' title='bbox 1652 1605 1743 1663; x_wconf 80' lang='grc' dir='ltr'>διὰ</span> <span class='ocrx_word' id='word_1_88' title='bbox 1770 1628 2033 1684; x_wconf 86' lang='grc' dir='ltr'>τριακον-</span> 
     </span>
    </p>
   </div>
   <div class='ocr_carea' id='block_1_17' title="bbox 367 1695 2031 1773">
    <p class='ocr_par' dir='ltr' id='par_1_17' title="bbox 367 1695 2031 1773">
     <span class='ocr_line' id='line_1_17' title="bbox 367 1695 2031 1773; baseline -0.007 -12"><span class='ocrx_word' id='word_1_89' title='bbox 367 1704 585 1765; x_wconf 82' lang='grc' dir='ltr'>ταετίας</span> <span class='ocrx_word' id='word_1_90' title='bbox 631 1702 731 1770; x_wconf 72' lang='grc' dir='ltr'>τὴν</span> <span class='ocrx_word' id='word_1_91' title='bbox 793 1701 958 1755; x_wconf 78' lang='grc' dir='ltr'>αὑτοῦ</span> <span class='ocrx_word' id='word_1_92' title='bbox 1012 1696 1267 1773; x_wconf 82' lang='grc' dir='ltr'>περίοδον</span> <span class='ocrx_word' id='word_1_93' title='bbox 1328 1695 1622 1771; x_wconf 71' lang='grc' dir='ltr'>ἐκπληροῖ.</span> <span class='ocrx_word' id='word_1_94' title='bbox 1675 1699 1736 1755; x_wconf 82' lang='grc' dir='ltr'>Ὀ</span> <span class='ocrx_word' id='word_1_95' title='bbox 1788 1695 1846 1752; x_wconf 65' lang='grc' dir='ltr'>δὲ</span> <span class='ocrx_word' id='word_1_96' title='bbox 1902 1695 2031 1759; x_wconf 83' lang='grc' dir='ltr'>Ζεὺς</span> 
     </span>
    </p>
   </div>
   <div class='ocr_carea' id='block_1_18' title="bbox 371 1782 2032 1864">
    <p class='ocr_par' dir='ltr' id='par_1_18' title="bbox 371 1782 2032 1864">
     <span class='ocr_line' id='line_1_18' title="bbox 371 1782 2032 1864; baseline -0.005 -16"><span class='ocrx_word' id='word_1_97' title='bbox 371 1791 530 1857; x_wconf 77' lang='grc' dir='ltr'>εύθὺς</span> <span class='ocrx_word' id='word_1_98' title='bbox 566 1791 684 1864; x_wconf 80' lang='grc' dir='ltr'>μετ’</span> <span class='ocrx_word' id='word_1_99' title='bbox 712 1787 874 1843; x_wconf 79' lang='grc' dir='ltr'>αὑτὸν</span> <span class='ocrx_word' id='word_1_100' title='bbox 920 1784 993 1841; x_wconf 77' lang='grc' dir='ltr'>ὣν</span> <span class='ocrx_word' id='word_1_101' title='bbox 1049 1783 1138 1840; x_wconf 78' lang='grc' dir='ltr'>διὰ</span> <span class='ocrx_word' id='word_1_102' title='bbox 1188 1782 1568 1847; x_wconf 78' lang='grc' dir='ltr'>δωδεκαετίας.</span> <span class='ocrx_word' id='word_1_103' title='bbox 1627 1787 1698 1842; x_wconf 83' lang='lat' dir='ltr'>&quot;O</span> <span class='ocrx_word' id='word_1_104' title='bbox 1747 1805 1810 1858; x_wconf 89' lang='grc' dir='ltr'>γε</span> <span class='ocrx_word' id='word_1_105' title='bbox 1857 1786 2032 1859; x_wconf 77' lang='grc' dir='ltr'>’Ἄρης</span> 
     </span>
    </p>
   </div>
   <div class='ocr_carea' id='block_1_19' title="bbox 374 1872 2034 1951">
    <p class='ocr_par' dir='ltr' id='par_1_19' title="bbox 374 1872 2034 1951">
     <span class='ocr_line' id='line_1_19' title="bbox 374 1872 2034 1951; baseline -0.007 -13"><span class='ocrx_word' id='word_1_106' title='bbox 374 1880 466 1938; x_wconf 69' lang='grc' dir='ltr'>διὰ</span> <span class='ocrx_word' id='word_1_107' title='bbox 497 1879 594 1936; x_wconf 83' lang='grc' dir='ltr'>δύο</span> <span class='ocrx_word' id='word_1_108' title='bbox 625 1877 714 1934; x_wconf 83' lang='grc' dir='ltr'>καὶ</span> <span class='ocrx_word' id='word_1_109' title='bbox 768 1875 1016 1951; x_wconf 80' lang='grc' dir='ltr'>ἡμίσεως</span> <span class='ocrx_word' id='word_1_110' title='bbox 1067 1874 1347 1931; x_wconf 68' lang='grc' dir='ltr'>ἐνιαυτῶν.</span> <span class='ocrx_word' id='word_1_111' title='bbox 1380 1879 1469 1947; x_wconf 79' lang='grc' dir='ltr'>Τῷ</span> <span class='ocrx_word' id='word_1_112' title='bbox 1527 1872 1585 1929; x_wconf 75' lang='grc' dir='ltr'>δὲ</span> <span class='ocrx_word' id='word_1_113' title='bbox 1634 1873 1806 1946; x_wconf 85' lang='grc' dir='ltr'>Ἡλίῳ</span> <span class='ocrx_word' id='word_1_114' title='bbox 1844 1873 1933 1928; x_wconf 85' lang='grc' dir='ltr'>καὶ</span> <span class='ocrx_word' id='word_1_115' title='bbox 1963 1876 2034 1947; x_wconf 77' lang='grc' dir='ltr'>τῇ</span> 
     </span>
    </p>
   </div>
   <div class='ocr_carea' id='block_1_20' title="bbox 2127 677 3790 750">
    <p class='ocr_par' dir='ltr' id='par_1_20' title="bbox 2127 677 3790 750">
     <span class='ocr_line' id='line_1_20' title="bbox 2127 677 3790 750; baseline 0.004 -18"><span class='ocrx_word' id='word_1_116' title='bbox 2127 678 2363 749; x_wconf 82' lang='lat' dir='ltr'>quando</span> <span class='ocrx_word' id='word_1_117' title='bbox 2395 681 2593 733; x_wconf 88' lang='lat' dir='ltr'>autem</span> <span class='ocrx_word' id='word_1_118' title='bbox 2643 693 2713 732; x_wconf 85' lang='lat' dir='ltr'>ex</span> <span class='ocrx_word' id='word_1_119' title='bbox 2765 678 3008 733; x_wconf 86' lang='lat' dir='ltr'>adverso</span> <span class='ocrx_word' id='word_1_120' title='bbox 3061 677 3290 750; x_wconf 87' lang='lat' dir='ltr'>positus</span> <span class='ocrx_word' id='word_1_121' title='bbox 3337 681 3532 736; x_wconf 88' lang='lat' dir='ltr'>cancri</span> <span class='ocrx_word' id='word_1_122' title='bbox 3589 681 3790 739; x_wconf 79' lang='lat' dir='ltr'>chelas</span> 
     </span>
    </p>
   </div>
   <div class='ocr_carea' id='block_1_21' title="bbox 1315 765 2045 843">
    <p class='ocr_par' dir='ltr' id='par_1_21' title="bbox 1315 765 2019 842">
     <span class='ocr_line' id='line_1_21' title="bbox 1315 765 2019 842; baseline -0.003 -19"><span class='ocrx_word' id='word_1_123' title='bbox 1315 769 1441 823; x_wconf 82' lang='grc' dir='ltr'>ὅταν</span> <span class='ocrx_word' id='word_1_124' title='bbox 1505 766 1563 824; x_wconf 64' lang='grc' dir='ltr'>δὲ</span> <span class='ocrx_word' id='word_1_125' title='bbox 1618 769 1736 823; x_wconf 86' lang='grc' dir='ltr'>κατ’</span> <span class='ocrx_word' id='word_1_126' title='bbox 1796 765 2019 842; x_wconf 73' lang='grc' dir='ltr'>ἅντικρυ</span> 
     </span>
    </p>
   </div>
   <div class='ocr_carea' id='block_1_22' title="bbox 2165 765 3790 843">
    <p class='ocr_par' dir='ltr' id='par_1_22' title="bbox 2169 766 3790 843">
     <span class='ocr_line' id='line_1_22' title="bbox 2169 766 3790 843; baseline 0.004 -21"><span class='ocrx_word' id='word_1_127' title='bbox 2169 766 2412 839; x_wconf 88' lang='lat' dir='ltr'>ttigerit,</span> <span class='ocrx_word' id='word_1_128' title='bbox 2466 771 2846 838; x_wconf 82' lang='lat' dir='ltr'>autumnum,</span> <span class='ocrx_word' id='word_1_129' title='bbox 2897 766 3265 840; x_wconf 82' lang='lat' dir='ltr'>alterumque</span> <span class='ocrx_word' id='word_1_130' title='bbox 3321 769 3488 826; x_wconf 74' lang='lat' dir='ltr'>affert</span> <span class='ocrx_word' id='word_1_131' title='bbox 3524 771 3790 843; x_wconf 70' lang='lat' dir='ltr'>aequino-</span> 
     </span>
    </p>
   </div>
   <div class='ocr_carea' id='block_1_23' title="bbox 2130 854 2339 912">
    <p class='ocr_par' dir='ltr' id='par_1_23' title="bbox 2130 854 2339 912">
     <span class='ocr_line' id='line_1_23' title="bbox 2130 854 2339 912; baseline -0.01 0"><span class='ocrx_word' id='word_1_132' title='bbox 2130 854 2339 912; x_wconf 91' lang='lat' dir='ltr'>ctium.</span> 
     </span>
    </p>
   </div>
   <div class='ocr_carea' id='block_1_24' title="bbox 2135 1071 3796 1146">
    <p class='ocr_par' dir='ltr' id='par_1_24' title="bbox 2135 1071 3796 1146">
     <span class='ocr_line' id='line_1_24' title="bbox 2135 1071 3796 1146; baseline 0.002 -19"><span class='ocrx_word' id='word_1_133' title='bbox 2135 1072 2258 1127; x_wconf 90' lang='grc'>103.</span> <span class='ocrx_word' id='word_1_134' title='bbox 2290 1072 2498 1140; x_wconf 79' lang='lat' dir='ltr'>Quanti</span> <span class='ocrx_word' id='word_1_135' title='bbox 2546 1072 2808 1144; x_wconf 80' lang='lat' dir='ltr'>temporis</span> <span class='ocrx_word' id='word_1_136' title='bbox 2852 1071 3112 1142; x_wconf 74' lang='lat' dir='ltr'>periodus</span> <span class='ocrx_word' id='word_1_137' title='bbox 3157 1074 3399 1145; x_wconf 77' lang='lat' dir='ltr'>singulis</span> <span class='ocrx_word' id='word_1_138' title='bbox 3453 1074 3695 1146; x_wconf 77' lang='lat' dir='ltr'>planetis</span> <span class='ocrx_word' id='word_1_139' title='bbox 3722 1077 3796 1132; x_wconf 76' lang='lat' dir='ltr'>sit</span> 
     </span>
    </p>
   </div>
   <div class='ocr_carea' id='block_1_25' title="bbox 2841 1146 3100 1200">
    <p class='ocr_par' dir='ltr' id='par_1_25' title="bbox 2841 1146 3100 1200">
     <span class='ocr_line' id='line_1_25' title="bbox 2841 1146 3100 1200; baseline -0.004 -2"><span class='ocrx_word' id='word_1_140' title='bbox 2841 1146 3056 1200; x_wconf 80' lang='lat' dir='ltr'>tributa</span> <span class='ocrx_word' id='word_1_141' title='bbox 3075 1147 3100 1197; x_wconf 71' lang='lat'>.9</span> 
     </span>
    </p>
   </div>
   <div class='ocr_carea' id='block_1_26' title="bbox 2208 1250 3800 1324">
    <p class='ocr_par' dir='ltr' id='par_1_26' title="bbox 2208 1250 3800 1324">
     <span class='ocr_line' id='line_1_26' title="bbox 2208 1250 3800 1324; baseline 0.001 -17"><span class='ocrx_word' id='word_1_142' title='bbox 2208 1251 2472 1323; x_wconf 83' lang='lat' dir='ltr'>Singulis</span> <span class='ocrx_word' id='word_1_143' title='bbox 2505 1250 2757 1324; x_wconf 82' lang='lat' dir='ltr'>planetis</span> <span class='ocrx_word' id='word_1_144' title='bbox 2807 1255 2960 1307; x_wconf 89' lang='lat' dir='ltr'>Deus</span> <span class='ocrx_word' id='word_1_145' title='bbox 3000 1255 3268 1324; x_wconf 89' lang='lat' dir='ltr'>tempora</span> <span class='ocrx_word' id='word_1_146' title='bbox 3319 1252 3561 1309; x_wconf 86' lang='lat' dir='ltr'>definita</span> <span class='ocrx_word' id='word_1_147' title='bbox 3590 1256 3800 1310; x_wconf 82' lang='lat' dir='ltr'>statuit</span> 
     </span>
    </p>
   </div>
   <div class='ocr_carea' id='block_1_27' title="bbox 2141 1341 3799 1412">
    <p class='ocr_par' dir='ltr' id='par_1_27' title="bbox 2141 1341 3799 1412">
     <span class='ocr_line' id='line_1_27' title="bbox 2141 1341 3799 1412; baseline 0.002 -17"><span class='ocrx_word' id='word_1_148' title='bbox 2141 1342 2489 1410; x_wconf 83' lang='lat' dir='ltr'>motionum,</span> <span class='ocrx_word' id='word_1_149' title='bbox 2525 1341 2852 1396; x_wconf 86' lang='lat' dir='ltr'>secundum</span> <span class='ocrx_word' id='word_1_150' title='bbox 2887 1341 3325 1412; x_wconf 85' lang='lat' dir='ltr'>proportionem</span> <span class='ocrx_word' id='word_1_151' title='bbox 3367 1343 3799 1412; x_wconf 81' lang='lat' dir='ltr'>magnitudinis</span> 
     </span>
    </p>
   </div>
   <div class='ocr_carea' id='block_1_28' title="bbox 2141 1433 3801 1505">
    <p class='ocr_par' dir='ltr' id='par_1_28' title="bbox 2141 1433 3801 1505">
     <span class='ocr_line' id='line_1_28' title="bbox 2141 1433 3801 1505; baseline 0.002 -19"><span class='ocrx_word' id='word_1_152' title='bbox 2141 1433 2530 1503; x_wconf 66' lang='lat' dir='ltr'>spbeerarum,</span> <span class='ocrx_word' id='word_1_153' title='bbox 2587 1437 2644 1487; x_wconf 88' lang='lat' dir='ltr'>et</span> <span class='ocrx_word' id='word_1_154' title='bbox 2692 1448 2983 1488; x_wconf 72' lang='lat' dir='ltr'>mensurae</span> <span class='ocrx_word' id='word_1_155' title='bbox 3045 1449 3162 1505; x_wconf 89' lang='lat' dir='ltr'>qua</span> <span class='ocrx_word' id='word_1_156' title='bbox 3207 1434 3451 1489; x_wconf 83' lang='lat' dir='ltr'>distant.</span> <span class='ocrx_word' id='word_1_157' title='bbox 3510 1434 3801 1491; x_wconf 78' lang='lat' dir='ltr'>Saturnus</span> 
     </span>
    </p>
   </div>
   <div class='ocr_carea' id='block_1_29' title="bbox 2139 1520 3802 1594">
    <p class='ocr_par' dir='ltr' id='par_1_29' title="bbox 2139 1520 3802 1594">
     <span class='ocr_line' id='line_1_29' title="bbox 2139 1520 3802 1594; baseline 0.002 -19"><span class='ocrx_word' id='word_1_158' title='bbox 2139 1520 2325 1592; x_wconf 86' lang='lat' dir='ltr'>igitur</span> <span class='ocrx_word' id='word_1_159' title='bbox 2353 1525 2637 1592; x_wconf 84' lang='lat' dir='ltr'>tanquam</span> <span class='ocrx_word' id='word_1_160' title='bbox 2671 1521 2898 1577; x_wconf 70' lang='lat' dir='ltr'>cseteris</span> <span class='ocrx_word' id='word_1_161' title='bbox 2933 1521 3248 1577; x_wconf 89' lang='lat' dir='ltr'>sublimior</span> <span class='ocrx_word' id='word_1_162' title='bbox 3286 1525 3344 1578; x_wconf 90' lang='lat' dir='ltr'>et</span> <span class='ocrx_word' id='word_1_163' title='bbox 3369 1525 3652 1594; x_wconf 87' lang='lat' dir='ltr'><strong>majorem</strong></span> <span class='ocrx_word' id='word_1_164' title='bbox 3701 1525 3802 1579; x_wconf 92' lang='lat' dir='ltr'>de-</span> 
     </span>
    </p>
   </div>
   <div class='ocr_carea' id='block_1_30' title="bbox 2143 1609 3803 1686">
    <p class='ocr_par' dir='ltr' id='par_1_30' title="bbox 2143 1609 3803 1686">
     <span class='ocr_line' id='line_1_30' title="bbox 2143 1609 3803 1686; baseline 0.002 -21"><span class='ocrx_word' id='word_1_165' title='bbox 2143 1610 2411 1666; x_wconf 86' lang='lat' dir='ltr'>scribens</span> <span class='ocrx_word' id='word_1_166' title='bbox 2442 1609 2756 1680; x_wconf 89' lang='lat' dir='ltr'>circulum,</span> <span class='ocrx_word' id='word_1_167' title='bbox 2789 1610 3030 1684; x_wconf 86' lang='lat' dir='ltr'>triginta</span> <span class='ocrx_word' id='word_1_168' title='bbox 3065 1628 3354 1668; x_wconf 90' lang='lat' dir='ltr'>annorum</span> <span class='ocrx_word' id='word_1_169' title='bbox 3389 1612 3583 1684; x_wconf 87' lang='lat' dir='ltr'>spatio</span> <span class='ocrx_word' id='word_1_170' title='bbox 3613 1613 3803 1686; x_wconf 85' lang='lat' dir='ltr'>perio-</span> 
     </span>
    </p>
   </div>
   <div class='ocr_carea' id='block_1_31' title="bbox 2143 1699 3805 1774">
    <p class='ocr_par' dir='ltr' id='par_1_31' title="bbox 2143 1699 3805 1774">
     <span class='ocr_line' id='line_1_31' title="bbox 2143 1699 3805 1774; baseline 0.003 -21"><span class='ocrx_word' id='word_1_171' title='bbox 2143 1700 2284 1754; x_wconf 87' lang='lat' dir='ltr'>dum</span> <span class='ocrx_word' id='word_1_172' title='bbox 2317 1716 2485 1755; x_wconf 90' lang='lat' dir='ltr'>suam</span> <span class='ocrx_word' id='word_1_173' title='bbox 2518 1699 2712 1772; x_wconf 85' lang='lat' dir='ltr'><strong>explet</strong></span> <span class='ocrx_word' id='word_1_174' title='bbox 2733 1704 2789 1755; x_wconf 92' lang='lat' dir='ltr'>et</span> <span class='ocrx_word' id='word_1_175' title='bbox 2811 1699 3082 1756; x_wconf 89' lang='lat' dir='ltr'>absolvit.</span> <span class='ocrx_word' id='word_1_176' title='bbox 3110 1700 3342 1772; x_wconf 86' lang='lat' dir='ltr'>Jupiter</span> <span class='ocrx_word' id='word_1_177' title='bbox 3362 1701 3475 1774; x_wconf 89' lang='lat' dir='ltr'>ipsi</span> <span class='ocrx_word' id='word_1_178' title='bbox 3499 1702 3805 1774; x_wconf 84' lang='lat' dir='ltr'>proximus</span> 
     </span>
    </p>
   </div>
   <div class='ocr_carea' id='block_1_32' title="bbox 2144 1788 3803 1860">
    <p class='ocr_par' dir='ltr' id='par_1_32' title="bbox 2144 1788 3803 1860">
     <span class='ocr_line' id='line_1_32' title="bbox 2144 1788 3803 1860; baseline 0.002 -17"><span class='ocrx_word' id='word_1_179' title='bbox 2144 1788 2316 1844; x_wconf 93' lang='lat' dir='ltr'>annis</span> <span class='ocrx_word' id='word_1_180' title='bbox 2348 1789 2682 1845; x_wconf 87' lang='lat' dir='ltr'>duodecim.</span> <span class='ocrx_word' id='word_1_181' title='bbox 2744 1790 2900 1845; x_wconf 91' lang='lat' dir='ltr'>Mars</span> <span class='ocrx_word' id='word_1_182' title='bbox 2955 1790 3189 1846; x_wconf 88' lang='lat' dir='ltr'>duobus</span> <span class='ocrx_word' id='word_1_183' title='bbox 3242 1795 3301 1847; x_wconf 90' lang='lat' dir='ltr'>et</span> <span class='ocrx_word' id='word_1_184' title='bbox 3355 1791 3622 1848; x_wconf 92' lang='lat' dir='ltr'>dimidio.</span> <span class='ocrx_word' id='word_1_185' title='bbox 3657 1791 3803 1860; x_wconf 85' lang='lat' dir='ltr'>Soli,</span> 
     </span>
    </p>
   </div>
   <div class='ocr_carea' id='block_1_33' title="bbox 2142 1877 3804 1951">
    <p class='ocr_par' dir='ltr' id='par_1_33' title="bbox 2142 1877 3804 1951">
     <span class='ocr_line' id='line_1_33' title="bbox 2142 1877 3804 1951; baseline 0.004 -20"><span class='ocrx_word' id='word_1_186' title='bbox 2142 1877 2472 1949; x_wconf 87' lang='lat' dir='ltr'>Venerique</span> <span class='ocrx_word' id='word_1_187' title='bbox 2531 1894 2595 1933; x_wconf 88' lang='lat' dir='ltr'>ac</span> <span class='ocrx_word' id='word_1_188' title='bbox 2649 1877 2938 1934; x_wconf 82' lang='lat' dir='ltr'>Mercurio</span> <span class='ocrx_word' id='word_1_189' title='bbox 2999 1879 3241 1949; x_wconf 70' lang='lat' dir='ltr'>aequalis</span> <span class='ocrx_word' id='word_1_190' title='bbox 3301 1880 3578 1951; x_wconf 87' lang='lat' dir='ltr'>periodus</span> <span class='ocrx_word' id='word_1_191' title='bbox 3626 1880 3804 1937; x_wconf 80' lang='lat' dir='ltr'>unius</span> 
     </span>
    </p>
   </div>
   <div class='ocr_carea' id='block_1_34' title="bbox 374 1961 2045 2050">
    <p class='ocr_par' dir='ltr' id='par_1_34' title="bbox 374 1961 2035 2050">
     <span class='ocr_line' id='line_1_34' title="bbox 374 1961 2035 2050; baseline -0.007 -22"><span class='ocrx_word' id='word_1_192' title='bbox 374 1967 672 2050; x_wconf 78' lang='grc' dir='ltr'>Ἀφροδίτῃ</span> <span class='ocrx_word' id='word_1_193' title='bbox 699 1968 787 2023; x_wconf 85' lang='grc' dir='ltr'>καὶ</span> <span class='ocrx_word' id='word_1_194' title='bbox 840 1970 921 2039; x_wconf 76' lang='grc' dir='ltr'>τῷ</span> <span class='ocrx_word' id='word_1_195' title='bbox 969 1969 1151 2041; x_wconf 83' lang='grc' dir='ltr'>Ἐρμῇ</span> <span class='ocrx_word' id='word_1_196' title='bbox 1214 1962 1514 2041; x_wconf 75' lang='grc' dir='ltr'>ἲσόδρομος</span> <span class='ocrx_word' id='word_1_197' title='bbox 1566 1965 1600 2034; x_wconf 80' lang='grc' dir='ltr'>ἡ</span> <span class='ocrx_word' id='word_1_198' title='bbox 1652 1961 1906 2038; x_wconf 84' lang='grc' dir='ltr'>περίοδος</span> <span class='ocrx_word' id='word_1_199' title='bbox 1944 1963 2035 2018; x_wconf 80' lang='grc' dir='ltr'>καὶ</span> 
     </span>
    </p>
   </div>
   <div class='ocr_carea' id='block_1_35' title="bbox 2165 1961 3808 2050">
    <p class='ocr_par' dir='ltr' id='par_1_35' title="bbox 2165 1967 3808 2041">
     <span class='ocr_line' id='line_1_35' title="bbox 2165 1967 3808 2041; baseline 0.002 -20"><span class='ocrx_word' id='word_1_200' title='bbox 2165 1967 2282 2022; x_wconf 84' lang='lat' dir='ltr'>mni</span> <span class='ocrx_word' id='word_1_201' title='bbox 2313 1972 2403 2022; x_wconf 89' lang='lat' dir='ltr'>est</span> <span class='ocrx_word' id='word_1_202' title='bbox 2452 1967 2795 2024; x_wconf 87' lang='lat' dir='ltr'>constituta.</span> <span class='ocrx_word' id='word_1_203' title='bbox 2831 1969 2996 2024; x_wconf 90' lang='lat' dir='ltr'>Luna</span> <span class='ocrx_word' id='word_1_204' title='bbox 3046 1969 3458 2041; x_wconf 88' lang='lat' dir='ltr'>undetrigenta</span> <span class='ocrx_word' id='word_1_205' title='bbox 3501 1970 3712 2026; x_wconf 89' lang='lat' dir='ltr'>diebus</span> <span class='ocrx_word' id='word_1_206' title='bbox 3749 1974 3808 2025; x_wconf 90' lang='lat' dir='ltr'>et</span> 
     </span>
    </p>
   </div>
   <div class='ocr_carea' id='block_1_36' title="bbox 375 2051 2034 2127">
    <p class='ocr_par' dir='ltr' id='par_1_36' title="bbox 375 2051 2034 2127">
     <span class='ocr_line' id='line_1_36' title="bbox 375 2051 2034 2127; baseline 0.005 -12"><span class='ocrx_word' id='word_1_207' title='bbox 375 2059 668 2120; x_wconf 79' lang='grc' dir='ltr'>ἐνιαύσιος.</span> <span class='ocrx_word' id='word_1_208' title='bbox 713 2058 775 2112; x_wconf 87' lang='grc' dir='ltr'><strong>Ἦ</strong></span> <span class='ocrx_word' id='word_1_209' title='bbox 838 2052 896 2111; x_wconf 69' lang='grc' dir='ltr'>δὲ</span> <span class='ocrx_word' id='word_1_210' title='bbox 954 2053 1173 2125; x_wconf 68' lang='grc' dir='ltr'>Σέλήνη</span> <span class='ocrx_word' id='word_1_211' title='bbox 1236 2051 1326 2108; x_wconf 69' lang='grc' dir='ltr'>διὰ</span> <span class='ocrx_word' id='word_1_212' title='bbox 1379 2054 1459 2116; x_wconf 63' lang='grc' dir='ltr'>κθ’</span> <span class='ocrx_word' id='word_1_213' title='bbox 1515 2055 1740 2127; x_wconf 72' lang='grc' dir='ltr'>ἡμερῶν</span> <span class='ocrx_word' id='word_1_214' title='bbox 1789 2052 1926 2126; x_wconf 68' lang='grc' dir='ltr'>πρὸ(</span> <span class='ocrx_word' id='word_1_215' title='bbox 1964 2053 2034 2124; x_wconf 63' lang='grc' dir='ltr'>τῇ</span> 
     </span>
    </p>
   </div>
   <div class='ocr_carea' id='block_1_37' title="bbox 378 2140 2034 2224">
    <p class='ocr_par' dir='ltr' id='par_1_37' title="bbox 378 2140 2034 2224">
     <span class='ocr_line' id='line_1_37' title="bbox 378 2140 2034 2224; baseline -0.006 -19"><span class='ocrx_word' id='word_1_216' title='bbox 378 2147 604 2224; x_wconf 73' lang='grc' dir='ltr'>ἡμισείᾳ</span> <span class='ocrx_word' id='word_1_217' title='bbox 671 2145 1116 2201; x_wconf 82' lang='grc' dir='ltr'>ἀποκαθίσταται.</span> <span class='ocrx_word' id='word_1_218' title='bbox 1198 2143 1266 2200; x_wconf 77' lang='lat' dir='ltr'>Ei</span> <span class='ocrx_word' id='word_1_219' title='bbox 1350 2140 1408 2197; x_wconf 74' lang='grc' dir='ltr'><strong>δέ</strong></span> <span class='ocrx_word' id='word_1_220' title='bbox 1487 2163 1570 2205; x_wconf 88' lang='grc' dir='ltr'>τις</span> <span class='ocrx_word' id='word_1_221' title='bbox 1633 2141 2034 2215; x_wconf 85' lang='grc' dir='ltr'>μουσικώτερον</span> 
     </span>
    </p>
   </div>
   <div class='ocr_carea' id='block_1_38' title="bbox 388 2231 2041 2308">
    <p class='ocr_par' dir='ltr' id='par_1_38' title="bbox 388 2231 2041 2308">
     <span class='ocr_line' id='line_1_38' title="bbox 388 2231 2041 2308; baseline -0.008 -13"><span class='ocrx_word' id='word_1_222' title='bbox 388 2242 538 2294; x_wconf 75' lang='grc' dir='ltr'>ἃπτοι</span> <span class='ocrx_word' id='word_1_223' title='bbox 567 2239 659 2292; x_wconf 90' lang='grc' dir='ltr'>τὸν</span> <span class='ocrx_word' id='word_1_224' title='bbox 707 2240 814 2290; x_wconf 82' lang='grc' dir='ltr'>τῶν</span> <span class='ocrx_word' id='word_1_225' title='bbox 866 2234 1129 2289; x_wconf 84' lang='grc' dir='ltr'>τοιούτων</span> <span class='ocrx_word' id='word_1_226' title='bbox 1177 2231 1433 2308; x_wconf 86' lang='grc' dir='ltr'>ἀριθμὸν,</span> <span class='ocrx_word' id='word_1_227' title='bbox 1480 2233 1580 2300; x_wconf 78' lang='grc' dir='ltr'>τὴν</span> <span class='ocrx_word' id='word_1_228' title='bbox 1627 2235 1725 2286; x_wconf 77' lang='grc' dir='ltr'>τοῦ</span> <span class='ocrx_word' id='word_1_229' title='bbox 1764 2238 2041 2304; x_wconf 87' lang='grc' dir='ltr'>Δημιουρ-</span> 
     </span>
    </p>
   </div>
   <div class='ocr_carea' id='block_1_39' title="bbox 390 2320 2040 2405">
    <p class='ocr_par' dir='ltr' id='par_1_39' title="bbox 390 2320 2040 2405">
     <span class='ocr_line' id='line_1_39' title="bbox 390 2320 2040 2405; baseline -0.005 -25"><span class='ocrx_word' id='word_1_230' title='bbox 390 2331 484 2402; x_wconf 76' lang='grc' dir='ltr'><strong>γοῦ</strong></span> <span class='ocrx_word' id='word_1_231' title='bbox 537 2326 726 2405; x_wconf 78' lang='grc' dir='ltr'>σοφίαν</span> <span class='ocrx_word' id='word_1_232' title='bbox 774 2321 1107 2397; x_wconf 79' lang='grc' dir='ltr'>θαυμάσεται</span> <span class='ocrx_word' id='word_1_233' title='bbox 1178 2326 1296 2383; x_wconf 79' lang='grc' dir='ltr'>πῶς</span> <span class='ocrx_word' id='word_1_234' title='bbox 1364 2321 1591 2382; x_wconf 82' lang='grc' dir='ltr'>ἅπαντες</span> <span class='ocrx_word' id='word_1_235' title='bbox 1649 2320 1701 2374; x_wconf 78' lang='grc' dir='ltr'>οἱ</span> <span class='ocrx_word' id='word_1_236' title='bbox 1751 2323 1858 2374; x_wconf 78' lang='grc' dir='ltr'>τῶν</span> <span class='ocrx_word' id='word_1_237' title='bbox 1902 2339 2040 2405; x_wconf 88' lang='grc' dir='ltr'>συμ-</span> 
     </span>
    </p>
   </div>
   <div class='ocr_carea' id='block_1_40' title="bbox 393 2404 2044 2492">
    <p class='ocr_par' dir='ltr' id='par_1_40' title="bbox 393 2404 2044 2492">
     <span class='ocr_line' id='line_1_40' title="bbox 393 2404 2044 2492; baseline -0.005 -21"><span class='ocrx_word' id='word_1_238' title='bbox 393 2404 619 2492; x_wconf 77' lang='grc' dir='ltr'>φωνιῶν</span> <span class='ocrx_word' id='word_1_239' title='bbox 660 2414 817 2491; x_wconf 83' lang='grc' dir='ltr'>λόγοι</span> <span class='ocrx_word' id='word_1_240' title='bbox 873 2412 927 2468; x_wconf 66' lang='grc' dir='ltr'>ἂν</span> <span class='ocrx_word' id='word_1_241' title='bbox 974 2416 1091 2474; x_wconf 86' lang='grc' dir='ltr'>τοῖς</span> <span class='ocrx_word' id='word_1_242' title='bbox 1136 2411 1411 2474; x_wconf 82' lang='grc' dir='ltr'>τοιούτοις</span> <span class='ocrx_word' id='word_1_243' title='bbox 1453 2407 1829 2488; x_wconf 68' lang='grc' dir='ltr'>δμιραίνονται,</span> <span class='ocrx_word' id='word_1_244' title='bbox 1873 2409 1900 2462; x_wconf 96' lang='lat'>6</span> <span class='ocrx_word' id='word_1_245' title='bbox 1952 2404 2044 2462; x_wconf 78' lang='grc' dir='ltr'>διὰ</span> 
     </span>
    </p>
   </div>
   <div class='ocr_carea' id='block_1_41' title="bbox 382 2497 1551 2578">
    <p class='ocr_par' dir='ltr' id='par_1_41' title="bbox 382 2497 1551 2578">
     <span class='ocr_line' id='line_1_41' title="bbox 382 2497 1551 2578; baseline -0.005 -16"><span class='ocrx_word' id='word_1_246' title='bbox 382 2509 590 2578; x_wconf 87' lang='grc' dir='ltr'>πασῶν,</span> <span class='ocrx_word' id='word_1_247' title='bbox 623 2505 652 2560; x_wconf 85' lang='lat'>6</span> <span class='ocrx_word' id='word_1_248' title='bbox 683 2501 773 2560; x_wconf 81' lang='grc' dir='ltr'>διὰ</span> <span class='ocrx_word' id='word_1_249' title='bbox 800 2501 981 2569; x_wconf 73' lang='grc' dir='ltr'>πέντε,</span> <span class='ocrx_word' id='word_1_250' title='bbox 1012 2499 1104 2556; x_wconf 86' lang='grc' dir='ltr'>καὶ</span> <span class='ocrx_word' id='word_1_251' title='bbox 1138 2497 1228 2555; x_wconf 78' lang='grc' dir='ltr'>διὰ</span> <span class='ocrx_word' id='word_1_252' title='bbox 1253 2500 1551 2576; x_wconf 84' lang='grc' dir='ltr'>τεσσάρων.</span> 
     </span>
    </p>
   </div>
   <div class='ocr_carea' id='block_1_42' title="bbox 925 2588 1498 2665">
    <p class='ocr_par' dir='ltr' id='par_1_42' title="bbox 925 2588 1498 2665">
     <span class='ocr_line' id='line_1_42' title="bbox 925 2588 1498 2665; baseline -0.002 -18"><span class='ocrx_word' id='word_1_253' title='bbox 925 2588 1028 2664; x_wconf 86' lang='grc' dir='ltr'>ρδ’.</span> <span class='ocrx_word' id='word_1_254' title='bbox 1065 2590 1193 2665; x_wconf 83' lang='grc' dir='ltr'>Περὶ</span> <span class='ocrx_word' id='word_1_255' title='bbox 1225 2609 1290 2645; x_wconf 91' lang='grc' dir='ltr'>κο</span> <span class='ocrx_word' id='word_1_256' title='bbox 1300 2589 1498 2663; x_wconf 69' lang='grc' dir='ltr'>μήτου.</span> 
     </span>
    </p>
   </div>
   <div class='ocr_carea' id='block_1_43' title="bbox 454 2673 2044 2758">
    <p class='ocr_par' dir='ltr' id='par_1_43' title="bbox 454 2673 2044 2758">
     <span class='ocr_line' id='line_1_43' title="bbox 454 2673 2044 2758; baseline -0.006 -19"><span class='ocrx_word' id='word_1_257' title='bbox 454 2686 511 2738; x_wconf 84' lang='lat'>&#39;0</span> <span class='ocrx_word' id='word_1_258' title='bbox 541 2684 796 2758; x_wconf 77' lang='grc' dir='ltr'>κομήτης</span> <span class='ocrx_word' id='word_1_259' title='bbox 829 2680 880 2736; x_wconf 77' lang='grc' dir='ltr'>ἐν</span> <span class='ocrx_word' id='word_1_260' title='bbox 925 2683 1007 2752; x_wconf 75' lang='grc' dir='ltr'>τῷ</span> <span class='ocrx_word' id='word_1_261' title='bbox 1056 2677 1430 2752; x_wconf 74' lang='grc' dir='ltr'>ὑπεκκαύματι</span> <span class='ocrx_word' id='word_1_262' title='bbox 1467 2677 1670 2754; x_wconf 88' lang='grc' dir='ltr'>γίνεται</span> <span class='ocrx_word' id='word_1_263' title='bbox 1701 2695 1714 2709; x_wconf 76' lang='grc'><strong>⁸</strong></span> <span class='ocrx_word' id='word_1_264' title='bbox 1767 2673 1892 2732; x_wconf 75' lang='grc' dir='ltr'>ὅταν</span> <span class='ocrx_word' id='word_1_265' title='bbox 1941 2676 2044 2753; x_wconf 74' lang='grc' dir='ltr'>γὰρ</span> 
     </span>
    </p>
   </div>
   <div class='ocr_carea' id='block_1_44' title="bbox 388 2764 2045 2852">
    <p class='ocr_par' dir='ltr' id='par_1_44' title="bbox 388 2764 2045 2852">
     <span class='ocr_line' id='line_1_44' title="bbox 388 2764 2045 2852; baseline -0.006 -23"><span class='ocrx_word' id='word_1_266' title='bbox 388 2773 592 2852; x_wconf 74' lang='grc' dir='ltr'>ἐξαφθῇ</span> <span class='ocrx_word' id='word_1_267' title='bbox 623 2795 676 2828; x_wconf 92' lang='grc' dir='ltr'>τι</span> <span class='ocrx_word' id='word_1_268' title='bbox 721 2773 884 2848; x_wconf 70' lang='grc' dir='ltr'>μέρος</span> <span class='ocrx_word' id='word_1_269' title='bbox 915 2773 1016 2825; x_wconf 77' lang='grc' dir='ltr'>τοῦ</span> <span class='ocrx_word' id='word_1_270' title='bbox 1066 2766 1480 2842; x_wconf 77' lang='grc' dir='ltr'>ὑπεκκαύματος</span> <span class='ocrx_word' id='word_1_271' title='bbox 1532 2765 1621 2822; x_wconf 83' lang='grc' dir='ltr'>διὰ</span> <span class='ocrx_word' id='word_1_272' title='bbox 1662 2767 1758 2836; x_wconf 78' lang='grc' dir='ltr'>τὴν</span> <span class='ocrx_word' id='word_1_273' title='bbox 1809 2764 2045 2836; x_wconf 88' lang='grc' dir='ltr'>κίνησιν,</span> 
     </span>
    </p>
   </div>
   <div class='ocr_carea' id='block_1_45' title="bbox 388 2853 2047 2938">
    <p class='ocr_par' dir='ltr' id='par_1_45' title="bbox 388 2853 2047 2938">
     <span class='ocr_line' id='line_1_45' title="bbox 388 2853 2047 2938; baseline -0.006 -19"><span class='ocrx_word' id='word_1_274' title='bbox 388 2865 462 2926; x_wconf 86' lang='grc' dir='ltr'>ὡς</span> <span class='ocrx_word' id='word_1_275' title='bbox 514 2863 831 2938; x_wconf 71' lang='grc' dir='ltr'>εἰρήκαμεν,</span> <span class='ocrx_word' id='word_1_276' title='bbox 892 2859 983 2915; x_wconf 80' lang='grc' dir='ltr'>καὶ</span> <span class='ocrx_word' id='word_1_277' title='bbox 1033 2861 1068 2928; x_wconf 74' lang='grc' dir='ltr'>ἡ</span> <span class='ocrx_word' id='word_1_278' title='bbox 1107 2858 1200 2932; x_wconf 73' lang='grc' dir='ltr'>μὶν</span> <span class='ocrx_word' id='word_1_279' title='bbox 1251 2858 1426 2928; x_wconf 85' lang='grc' dir='ltr'>λεπτὴ</span> <span class='ocrx_word' id='word_1_280' title='bbox 1472 2857 1722 2913; x_wconf 74' lang='grc' dir='ltr'>σύστασις</span> <span class='ocrx_word' id='word_1_281' title='bbox 1774 2853 1880 2927; x_wconf 74' lang='grc' dir='ltr'>ε’ίη,</span> <span class='ocrx_word' id='word_1_282' title='bbox 1925 2854 2047 2910; x_wconf 87' lang='grc' dir='ltr'>δια-</span> 
     </span>
    </p>
   </div>
   <div class='ocr_carea' id='block_1_46' title="bbox 393 2943 2044 3028">
    <p class='ocr_par' dir='ltr' id='par_1_46' title="bbox 393 2943 2044 3028">
     <span class='ocr_line' id='line_1_46' title="bbox 393 2943 2044 3028; baseline -0.005 -21"><span class='ocrx_word' id='word_1_283' title='bbox 393 2953 576 3028; x_wconf 75' lang='grc' dir='ltr'>τρὲχει</span> <span class='ocrx_word' id='word_1_284' title='bbox 623 2950 776 3014; x_wconf 71' lang='grc' dir='ltr'>εὐθὺς</span> <span class='ocrx_word' id='word_1_285' title='bbox 823 2949 885 3004; x_wconf 83' lang='grc' dir='ltr'>τὸ</span> <span class='ocrx_word' id='word_1_286' title='bbox 943 2948 1161 3025; x_wconf 72' lang='grc' dir='ltr'>ἐξαφθὲν</span> <span class='ocrx_word' id='word_1_287' title='bbox 1206 2947 1344 3002; x_wconf 86' lang='grc' dir='ltr'>κατά</span> <span class='ocrx_word' id='word_1_288' title='bbox 1411 2943 1680 3014; x_wconf 82' lang='grc' dir='ltr'>διάδοσιν,</span> <span class='ocrx_word' id='word_1_289' title='bbox 1722 2945 1811 2999; x_wconf 88' lang='grc' dir='ltr'>καὶ</span> <span class='ocrx_word' id='word_1_290' title='bbox 1841 2945 2044 3019; x_wconf 86' lang='grc' dir='ltr'>γίνεται</span> 
     </span>
    </p>
   </div>
   <div class='ocr_carea' id='block_1_47' title="bbox 396 3033 2049 3113">
    <p class='ocr_par' dir='ltr' id='par_1_47' title="bbox 396 3033 2049 3113">
     <span class='ocr_line' id='line_1_47' title="bbox 396 3033 2049 3113; baseline -0.006 -17"><span class='ocrx_word' id='word_1_291' title='bbox 396 3042 425 3096; x_wconf 88' lang='grc' dir='ltr'><strong>ὁ</strong></span> <span class='ocrx_word' id='word_1_292' title='bbox 455 3039 788 3112; x_wconf 82' lang='grc' dir='ltr'>καλούμενοι,</span> <span class='ocrx_word' id='word_1_293' title='bbox 843 3037 1074 3110; x_wconf 84' lang='grc' dir='ltr'>διᾴττων</span> <span class='ocrx_word' id='word_1_294' title='bbox 1125 3037 1321 3113; x_wconf 75' lang='grc' dir='ltr'>ἀστήρ.</span> <span class='ocrx_word' id='word_1_295' title='bbox 1355 3036 1419 3091; x_wconf 79' lang='grc' dir='ltr'>Εἰ</span> <span class='ocrx_word' id='word_1_296' title='bbox 1459 3033 1516 3091; x_wconf 63' lang='grc' dir='ltr'>δὲ</span> <span class='ocrx_word' id='word_1_297' title='bbox 1545 3033 1828 3111; x_wconf 70' lang='grc' dir='ltr'>παχυτέρα</span> <span class='ocrx_word' id='word_1_298' title='bbox 1859 3033 2049 3108; x_wconf 74' lang='grc' dir='ltr'>εὑρεθῇ</span> 
     </span>
    </p>
   </div>
   <div class='ocr_carea' id='block_1_48' title="bbox 391 3122 2049 3203">
    <p class='ocr_par' dir='ltr' id='par_1_48' title="bbox 391 3122 2049 3203">
     <span class='ocr_line' id='line_1_48' title="bbox 391 3122 2049 3203; baseline -0.007 -17"><span class='ocrx_word' id='word_1_299' title='bbox 391 3133 427 3200; x_wconf 79' lang='grc' dir='ltr'><strong>ἡ</strong></span> <span class='ocrx_word' id='word_1_300' title='bbox 482 3127 615 3199; x_wconf 74' lang='grc' dir='ltr'>ὕλη,</span> <span class='ocrx_word' id='word_1_301' title='bbox 663 3128 942 3203; x_wconf 79' lang='grc' dir='ltr'>κατὲχεται</span> <span class='ocrx_word' id='word_1_302' title='bbox 993 3127 1164 3182; x_wconf 72' lang='grc' dir='ltr'>ἐκεῖσε</span> <span class='ocrx_word' id='word_1_303' title='bbox 1215 3127 1278 3181; x_wconf 85' lang='grc' dir='ltr'>τὸ</span> <span class='ocrx_word' id='word_1_304' title='bbox 1329 3124 1546 3200; x_wconf 75' lang='grc' dir='ltr'>σπέρμα</span> <span class='ocrx_word' id='word_1_305' title='bbox 1592 3128 1688 3178; x_wconf 81' lang='grc' dir='ltr'>τοῦ</span> <span class='ocrx_word' id='word_1_306' title='bbox 1735 3122 2049 3199; x_wconf 78' lang='grc' dir='ltr'>ὲξαφθὲντος</span> 
     </span>
    </p>
   </div>
   <div class='ocr_carea' id='block_1_49' title="bbox 386 3211 2047 3294">
    <p class='ocr_par' dir='ltr' id='par_1_49' title="bbox 386 3211 2047 3294">
     <span class='ocr_line' id='line_1_49' title="bbox 386 3211 2047 3294; baseline -0.007 -18"><span class='ocrx_word' id='word_1_307' title='bbox 386 3219 582 3294; x_wconf 82' lang='grc' dir='ltr'>πυρὸς,</span> <span class='ocrx_word' id='word_1_308' title='bbox 619 3217 706 3273; x_wconf 77' lang='grc' dir='ltr'>καὶ</span> <span class='ocrx_word' id='word_1_309' title='bbox 739 3223 884 3272; x_wconf 86' lang='grc' dir='ltr'>ποιεῖ</span> <span class='ocrx_word' id='word_1_310' title='bbox 925 3218 1018 3272; x_wconf 88' lang='grc' dir='ltr'>τὸν</span> <span class='ocrx_word' id='word_1_311' title='bbox 1072 3217 1350 3288; x_wconf 77' lang='grc' dir='ltr'>γομήτην.</span> <span class='ocrx_word' id='word_1_312' title='bbox 1401 3214 1521 3269; x_wconf 75' lang='grc' dir='ltr'>Εῗσὶ</span> <span class='ocrx_word' id='word_1_313' title='bbox 1561 3211 1619 3268; x_wconf 70' lang='grc' dir='ltr'>δὲ</span> <span class='ocrx_word' id='word_1_314' title='bbox 1647 3217 1754 3268; x_wconf 80' lang='grc' dir='ltr'>τῶν</span> <span class='ocrx_word' id='word_1_315' title='bbox 1788 3213 2047 3284; x_wconf 80' lang='grc' dir='ltr'>κομητῶν</span> 
     </span>
    </p>
   </div>
   <div class='ocr_carea' id='block_1_50' title="bbox 382 3298 2051 3384">
    <p class='ocr_par' dir='ltr' id='par_1_50' title="bbox 382 3298 2051 3384">
     <span class='ocr_line' id='line_1_50' title="bbox 382 3298 2051 3384; baseline -0.007 -20"><span class='ocrx_word' id='word_1_316' title='bbox 382 3311 452 3366; x_wconf 77' lang='grc' dir='ltr'>τά</span> <span class='ocrx_word' id='word_1_317' title='bbox 500 3309 763 3383; x_wconf 75' lang='grc' dir='ltr'>σχήματα</span> <span class='ocrx_word' id='word_1_318' title='bbox 828 3304 1084 3384; x_wconf 75' lang='grc' dir='ltr'>διάφορα,</span> <span class='ocrx_word' id='word_1_319' title='bbox 1147 3303 1236 3359; x_wconf 80' lang='grc' dir='ltr'>διὰ</span> <span class='ocrx_word' id='word_1_320' title='bbox 1282 3305 1382 3373; x_wconf 82' lang='grc' dir='ltr'>τήν</span> <span class='ocrx_word' id='word_1_321' title='bbox 1445 3301 1704 3381; x_wconf 74' lang='grc' dir='ltr'>διάφορον</span> <span class='ocrx_word' id='word_1_322' title='bbox 1754 3307 1853 3370; x_wconf 83' lang='grc' dir='ltr'>τῆς</span> <span class='ocrx_word' id='word_1_323' title='bbox 1912 3298 2051 3370; x_wconf 78' lang='grc' dir='ltr'>ὕλης</span> 
     </span>
    </p>
   </div>
   <div class='ocr_carea' id='block_1_51' title="bbox 387 3388 2042 3472">
    <p class='ocr_par' dir='ltr' id='par_1_51' title="bbox 387 3388 2042 3472">
     <span class='ocr_line' id='line_1_51' title="bbox 387 3388 2042 3472; baseline -0.007 -18"><span class='ocrx_word' id='word_1_324' title='bbox 387 3395 594 3472; x_wconf 75' lang='grc' dir='ltr'>ἔξαψιν,</span> <span class='ocrx_word' id='word_1_325' title='bbox 651 3399 722 3454; x_wconf 75' lang='lat' dir='ltr'>&quot;H</span> <span class='ocrx_word' id='word_1_326' title='bbox 775 3397 875 3471; x_wconf 75' lang='grc' dir='ltr'>γὰρ</span> <span class='ocrx_word' id='word_1_327' title='bbox 927 3397 1064 3450; x_wconf 81' lang='grc' dir='ltr'>κατᾶ</span> <span class='ocrx_word' id='word_1_328' title='bbox 1115 3400 1290 3468; x_wconf 83' lang='grc' dir='ltr'>μῆκος</span> <span class='ocrx_word' id='word_1_329' title='bbox 1353 3393 1519 3467; x_wconf 89' lang='grc' dir='ltr'>μόνον</span> <span class='ocrx_word' id='word_1_330' title='bbox 1578 3391 1721 3446; x_wconf 83' lang='grc' dir='ltr'>ἐστὶν</span> <span class='ocrx_word' id='word_1_331' title='bbox 1770 3393 1804 3460; x_wconf 82' lang='grc' dir='ltr'>ἠ</span> <span class='ocrx_word' id='word_1_332' title='bbox 1838 3388 2042 3463; x_wconf 77' lang='grc' dir='ltr'>ἔξαψις,</span> 
     </span>
    </p>
   </div>
   <div class='ocr_carea' id='block_1_52' title="bbox 388 3478 2051 3564">
    <p class='ocr_par' dir='ltr' id='par_1_52' title="bbox 388 3478 2051 3564">
     <span class='ocr_line' id='line_1_52' title="bbox 388 3478 2051 3564; baseline -0.007 -21"><span class='ocrx_word' id='word_1_333' title='bbox 388 3487 712 3564; x_wconf 72' lang='grc' dir='ltr'>καὶγίνεται</span> <span class='ocrx_word' id='word_1_334' title='bbox 745 3487 772 3540; x_wconf 87' lang='grc' dir='ltr'>ὁ</span> <span class='ocrx_word' id='word_1_335' title='bbox 803 3484 1145 3558; x_wconf 87' lang='grc' dir='ltr'>καλούμενος</span> <span class='ocrx_word' id='word_1_336' title='bbox 1201 3481 1360 3545; x_wconf 85' lang='grc' dir='ltr'>δοκός</span> <span class='ocrx_word' id='word_1_337' title='bbox 1403 3501 1416 3514; x_wconf 90' lang='grc'><strong>·</strong></span> <span class='ocrx_word' id='word_1_338' title='bbox 1485 3481 1521 3551; x_wconf 77' lang='grc' dir='ltr'><strong>ἤ</strong></span> <span class='ocrx_word' id='word_1_339' title='bbox 1571 3481 1707 3536; x_wconf 80' lang='grc' dir='ltr'>κατᾶ</span> <span class='ocrx_word' id='word_1_340' title='bbox 1752 3485 1928 3552; x_wconf 82' lang='grc' dir='ltr'>μῆκος</span> <span class='ocrx_word' id='word_1_341' title='bbox 1959 3478 2051 3533; x_wconf 85' lang='grc' dir='ltr'>καὶ</span> 
     </span>
    </p>
   </div>
   <div class='ocr_carea' id='block_1_53' title="bbox 389 3568 2052 3649">
    <p class='ocr_par' dir='ltr' id='par_1_53' title="bbox 389 3568 2052 3649">
     <span class='ocr_line' id='line_1_53' title="bbox 389 3568 2052 3649; baseline -0.007 -17"><span class='ocrx_word' id='word_1_342' title='bbox 389 3575 620 3649; x_wconf 80' lang='grc' dir='ltr'>πλάτος,</span> <span class='ocrx_word' id='word_1_343' title='bbox 677 3576 765 3630; x_wconf 85' lang='grc' dir='ltr'>καὶ</span> <span class='ocrx_word' id='word_1_344' title='bbox 816 3572 1161 3630; x_wconf 81' lang='grc' dir='ltr'>ἀποτελεῖται</span> <span class='ocrx_word' id='word_1_345' title='bbox 1214 3575 1242 3628; x_wconf 87' lang='lat'>6</span> <span class='ocrx_word' id='word_1_346' title='bbox 1291 3569 1492 3647; x_wconf 89' lang='grc' dir='ltr'>κυρίως</span> <span class='ocrx_word' id='word_1_347' title='bbox 1548 3568 1891 3642; x_wconf 83' lang='grc' dir='ltr'>καλούμενος</span> <span class='ocrx_word' id='word_1_348' title='bbox 1958 3589 2052 3623; x_wconf 91' lang='grc' dir='ltr'>κο-</span> 
     </span>
    </p>
   </div>
   <div class='ocr_carea' id='block_1_54' title="bbox 399 3657 2050 3741">
    <p class='ocr_par' dir='ltr' id='par_1_54' title="bbox 399 3657 2050 3741">
     <span class='ocr_line' id='line_1_54' title="bbox 399 3657 2050 3741; baseline -0.005 -19"><span class='ocrx_word' id='word_1_349' title='bbox 399 3669 601 3741; x_wconf 78' lang='grc' dir='ltr'>μήτης,</span> <span class='ocrx_word' id='word_1_350' title='bbox 659 3663 696 3735; x_wconf 66' lang='grc' dir='ltr'>ἤ</span> <span class='ocrx_word' id='word_1_351' title='bbox 766 3664 818 3720; x_wconf 70' lang='grc' dir='ltr'>ἰν</span> <span class='ocrx_word' id='word_1_352' title='bbox 865 3665 1038 3741; x_wconf 70' lang='grc' dir='ltr'>⁸βάθει</span> <span class='ocrx_word' id='word_1_353' title='bbox 1115 3662 1230 3739; x_wconf 67' lang='grc' dir='ltr'>ἔχει</span> <span class='ocrx_word' id='word_1_354' title='bbox 1311 3663 1422 3717; x_wconf 77' lang='grc' dir='ltr'>οἶον</span> <span class='ocrx_word' id='word_1_355' title='bbox 1501 3657 2050 3736; x_wconf 81' lang='grc' dir='ltr'>ἀποσπινθηρισμούς</span> 
     </span>
    </p>
   </div>
   <div class='ocr_carea' id='block_1_55' title="bbox 386 3744 2050 3830">
    <p class='ocr_par' dir='ltr' id='par_1_55' title="bbox 386 3744 2050 3830">
     <span class='ocr_line' id='line_1_55' title="bbox 386 3744 2050 3830; baseline -0.006 -18"><span class='ocrx_word' id='word_1_356' title='bbox 386 3777 564 3828; x_wconf 89' lang='grc' dir='ltr'>τινας,</span> <span class='ocrx_word' id='word_1_357' title='bbox 590 3755 682 3811; x_wconf 82' lang='grc' dir='ltr'>καὶ</span> <span class='ocrx_word' id='word_1_358' title='bbox 739 3752 993 3810; x_wconf 82' lang='grc' dir='ltr'>καλεῖται</span> <span class='ocrx_word' id='word_1_359' title='bbox 1042 3751 1353 3830; x_wconf 87' lang='grc' dir='ltr'>πωγωνίας.</span> <span class='ocrx_word' id='word_1_360' title='bbox 1405 3753 1556 3807; x_wconf 85' lang='grc' dir='ltr'>Ἐστι</span> <span class='ocrx_word' id='word_1_361' title='bbox 1626 3748 1684 3805; x_wconf 74' lang='grc' dir='ltr'>δὲ</span> <span class='ocrx_word' id='word_1_362' title='bbox 1730 3744 1885 3826; x_wconf 78' lang='grc' dir='ltr'>ἕτερα</span> <span class='ocrx_word' id='word_1_363' title='bbox 1928 3748 2050 3803; x_wconf 86' lang='grc' dir='ltr'>ὀνό-</span> 
     </span>
    </p>
   </div>
   <div class='ocr_carea' id='block_1_56' title="bbox 393 3838 1832 3921">
    <p class='ocr_par' dir='ltr' id='par_1_56' title="bbox 393 3838 1832 3921">
     <span class='ocr_line' id='line_1_56' title="bbox 393 3838 1832 3921; baseline -0.005 -20"><span class='ocrx_word' id='word_1_364' title='bbox 393 3866 538 3921; x_wconf 87' lang='grc' dir='ltr'>ματα</span> <span class='ocrx_word' id='word_1_365' title='bbox 565 3849 674 3900; x_wconf 78' lang='grc' dir='ltr'>τῶν</span> <span class='ocrx_word' id='word_1_366' title='bbox 705 3848 968 3918; x_wconf 78' lang='grc' dir='ltr'>κομητῶν</span> <span class='ocrx_word' id='word_1_367' title='bbox 1002 3842 1127 3918; x_wconf 83' lang='grc' dir='ltr'>περὶ</span> <span class='ocrx_word' id='word_1_368' title='bbox 1158 3839 1232 3896; x_wconf 83' lang='grc' dir='ltr'>ὧν</span> <span class='ocrx_word' id='word_1_369' title='bbox 1264 3839 1490 3916; x_wconf 79' lang='grc' dir='ltr'>ἐροῦμεν</span> <span class='ocrx_word' id='word_1_370' title='bbox 1522 3838 1832 3916; x_wconf 85' lang='grc' dir='ltr'>προϊόντες.</span> 
     </span>
    </p>
   </div>
   <div class='ocr_carea' id='block_1_57' title="bbox 571 3947 2054 4028">
    <p class='ocr_par' dir='ltr' id='par_1_57' title="bbox 571 3947 2054 4028">
     <span class='ocr_line' id='line_1_57' title="bbox 571 3947 2054 4028; baseline -0.005 -20"><span class='ocrx_word' id='word_1_371' title='bbox 571 3951 703 4028; x_wconf 81' lang='grc' dir='ltr'>Περὶ</span> <span class='ocrx_word' id='word_1_372' title='bbox 786 3952 966 4024; x_wconf 80' lang='grc' dir='ltr'>ὑετοῦ,</span> <span class='ocrx_word' id='word_1_373' title='bbox 1041 3949 1139 4028; x_wconf 75' lang='grc' dir='ltr'>καὶ⁵</span> <span class='ocrx_word' id='word_1_374' title='bbox 1182 3947 1497 4028; x_wconf 35' lang='grc' dir='ltr'>Αχᾳλάζης,</span> <span class='ocrx_word' id='word_1_375' title='bbox 1557 3967 1774 4025; x_wconf 83' lang='grc' dir='ltr'>χιονος,</span> <span class='ocrx_word' id='word_1_376' title='bbox 1831 3947 2054 4022; x_wconf 85' lang='grc' dir='ltr'>πάχνης</span> 
     </span>
    </p>
   </div>
   <div class='ocr_carea' id='block_1_58' title="bbox 1053 4017 1394 4097">
    <p class='ocr_par' dir='ltr' id='par_1_58' title="bbox 1053 4017 1394 4097">
     <span class='ocr_line' id='line_1_58' title="bbox 1053 4017 1394 4097; baseline -0.003 -20"><span class='ocrx_word' id='word_1_377' title='bbox 1053 4022 1145 4077; x_wconf 88' lang='grc' dir='ltr'>καὶ</span> <span class='ocrx_word' id='word_1_378' title='bbox 1178 4017 1394 4097; x_wconf 74' lang='grc' dir='ltr'>δρόσου.</span> 
     </span>
    </p>
   </div>
   <div class='ocr_carea' id='block_1_59' title="bbox 466 4104 2054 4188">
    <p class='ocr_par' dir='ltr' id='par_1_59' title="bbox 466 4104 2054 4188">
     <span class='ocr_line' id='line_1_59' title="bbox 466 4104 2054 4188; baseline -0.006 -18"><span class='ocrx_word' id='word_1_379' title='bbox 466 4114 715 4188; x_wconf 79' lang='grc' dir='ltr'>Κομῆται</span> <span class='ocrx_word' id='word_1_380' title='bbox 779 4113 876 4186; x_wconf 75' lang='grc' dir='ltr'>μὲν</span> <span class='ocrx_word' id='word_1_381' title='bbox 930 4112 1021 4168; x_wconf 87' lang='grc' dir='ltr'>καὶ</span> <span class='ocrx_word' id='word_1_382' title='bbox 1094 4109 1374 4187; x_wconf 80' lang='grc' dir='ltr'>γαλαξίας,</span> <span class='ocrx_word' id='word_1_383' title='bbox 1441 4109 1518 4164; x_wconf 78' lang='grc' dir='ltr'>ἔτι</span> <span class='ocrx_word' id='word_1_384' title='bbox 1577 4107 1635 4164; x_wconf 71' lang='grc' dir='ltr'>δὶ</span> <span class='ocrx_word' id='word_1_385' title='bbox 1692 4104 1902 4170; x_wconf 84' lang='grc' dir='ltr'>δοκίδες</span> <span class='ocrx_word' id='word_1_386' title='bbox 1963 4107 2054 4162; x_wconf 83' lang='grc' dir='ltr'>καὶ</span> 
     </span>
    </p>
   </div>
   <div class='ocr_carea' id='block_1_60' title="bbox 395 4193 2055 4276">
    <p class='ocr_par' dir='ltr' id='par_1_60' title="bbox 395 4193 2055 4276">
     <span class='ocr_line' id='line_1_60' title="bbox 395 4193 2055 4276; baseline -0.007 -16"><span class='ocrx_word' id='word_1_387' title='bbox 395 4203 725 4276; x_wconf 72' lang='grc' dir='ltr'>διᾴττοντες,</span> <span class='ocrx_word' id='word_1_388' title='bbox 755 4203 846 4258; x_wconf 80' lang='grc' dir='ltr'>καὶ</span> <span class='ocrx_word' id='word_1_389' title='bbox 875 4203 922 4256; x_wconf 78' lang='grc' dir='ltr'>τ’</span> <span class='ocrx_word' id='word_1_390' title='bbox 972 4198 1118 4256; x_wconf 80' lang='grc' dir='ltr'>ἄλλα</span> <span class='ocrx_word' id='word_1_391' title='bbox 1163 4201 1230 4255; x_wconf 73' lang='grc' dir='ltr'>τά</span> <span class='ocrx_word' id='word_1_392' title='bbox 1282 4198 1566 4274; x_wconf 73' lang='grc' dir='ltr'>εἰρημένα,</span> <span class='ocrx_word' id='word_1_393' title='bbox 1599 4198 1650 4254; x_wconf 80' lang='grc' dir='ltr'>ἐν</span> <span class='ocrx_word' id='word_1_394' title='bbox 1679 4201 1749 4273; x_wconf 76' lang='grc' dir='ltr'>τῇ</span> <span class='ocrx_word' id='word_1_395' title='bbox 1779 4193 2055 4253; x_wconf 86' lang='grc' dir='ltr'>καπνώδει</span> 
     </span>
    </p>
   </div>
   <div class='ocr_carea' id='block_1_61' title="bbox 394 4283 2054 4372">
    <p class='ocr_par' dir='ltr' id='par_1_61' title="bbox 394 4283 2054 4372">
     <span class='ocr_line' id='line_1_61' title="bbox 394 4283 2054 4372; baseline -0.005 -23"><span class='ocrx_word' id='word_1_396' title='bbox 394 4293 640 4372; x_wconf 84' lang='grc' dir='ltr'>γίνονται</span> <span class='ocrx_word' id='word_1_397' title='bbox 695 4290 1048 4366; x_wconf 70' lang='grc' dir='ltr'>ἀναθυμιάσει</span> <span class='ocrx_word' id='word_1_398' title='bbox 1083 4310 1097 4323; x_wconf 76' lang='grc' dir='ltr'>ο</span> <span class='ocrx_word' id='word_1_399' title='bbox 1172 4290 1323 4350; x_wconf 87' lang='grc' dir='ltr'>ὑετὸς</span> <span class='ocrx_word' id='word_1_400' title='bbox 1396 4285 1454 4343; x_wconf 75' lang='grc' dir='ltr'>δὲ</span> <span class='ocrx_word' id='word_1_401' title='bbox 1531 4287 1621 4342; x_wconf 83' lang='grc' dir='ltr'>καὶ</span> <span class='ocrx_word' id='word_1_402' title='bbox 1688 4289 1907 4363; x_wconf 75' lang='grc' dir='ltr'>χάλαζα</span> <span class='ocrx_word' id='word_1_403' title='bbox 1963 4283 2054 4340; x_wconf 85' lang='grc' dir='ltr'>καὶ</span> 
     </span>
    </p>
   </div>
   <div class='ocr_carea' id='block_1_62' title="bbox 389 4374 2053 4461">
    <p class='ocr_par' dir='ltr' id='par_1_62' title="bbox 389 4374 2053 4461">
     <span class='ocr_line' id='line_1_62' title="bbox 389 4374 2053 4461; baseline -0.005 -23"><span class='ocrx_word' id='word_1_404' title='bbox 389 4383 535 4461; x_wconf 82' lang='grc' dir='ltr'>χιὼν</span> <span class='ocrx_word' id='word_1_405' title='bbox 566 4384 656 4437; x_wconf 90' lang='grc' dir='ltr'>καὶ</span> <span class='ocrx_word' id='word_1_406' title='bbox 704 4382 890 4458; x_wconf 87' lang='grc' dir='ltr'>πάχνη</span> <span class='ocrx_word' id='word_1_407' title='bbox 937 4381 1028 4435; x_wconf 86' lang='grc' dir='ltr'>καὶ</span> <span class='ocrx_word' id='word_1_408' title='bbox 1075 4377 1270 4456; x_wconf 89' lang='grc' dir='ltr'>δρόσος</span> <span class='ocrx_word' id='word_1_409' title='bbox 1320 4379 1372 4434; x_wconf 72' lang='grc' dir='ltr'>ἰν</span> <span class='ocrx_word' id='word_1_410' title='bbox 1412 4381 1482 4452; x_wconf 79' lang='grc' dir='ltr'>τῇ</span> <span class='ocrx_word' id='word_1_411' title='bbox 1515 4374 1755 4451; x_wconf 88' lang='grc' dir='ltr'>ἀτμώδει</span> <span class='ocrx_word' id='word_1_412' title='bbox 1790 4377 2053 4455; x_wconf 78' lang='grc' dir='ltr'>ἀναφορᾷ,</span> 
     </span>
    </p>
   </div>
   <div class='ocr_carea' id='block_1_63' title="bbox 397 4464 2051 4546">
    <p class='ocr_par' dir='ltr' id='par_1_63' title="bbox 397 4464 2051 4546">
     <span class='ocr_line' id='line_1_63' title="bbox 397 4464 2051 4546; baseline -0.005 -18"><span class='ocrx_word' id='word_1_413' title='bbox 397 4473 522 4544; x_wconf 76' lang='grc' dir='ltr'>ἥτις</span> <span class='ocrx_word' id='word_1_414' title='bbox 557 4471 691 4546; x_wconf 86' lang='grc' dir='ltr'>μετὰ</span> <span class='ocrx_word' id='word_1_415' title='bbox 734 4473 836 4541; x_wconf 82' lang='grc' dir='ltr'>τήν</span> <span class='ocrx_word' id='word_1_416' title='bbox 885 4466 1148 4541; x_wconf 83' lang='grc' dir='ltr'>καπνώδη</span> <span class='ocrx_word' id='word_1_417' title='bbox 1202 4466 1521 4545; x_wconf 78' lang='grc' dir='ltr'>διακὲχυται</span> <span class='ocrx_word' id='word_1_418' title='bbox 1582 4468 1717 4542; x_wconf 78' lang='grc' dir='ltr'>ὑγρὰ</span> <span class='ocrx_word' id='word_1_419' title='bbox 1763 4467 1862 4536; x_wconf 80' lang='grc' dir='ltr'>τήν</span> <span class='ocrx_word' id='word_1_420' title='bbox 1897 4464 2051 4544; x_wconf 79' lang='grc' dir='ltr'>φύσιν</span> 
     </span>
    </p>
   </div>
   <div class='ocr_carea' id='block_1_64' title="bbox 394 4553 2053 4637">
    <p class='ocr_par' dir='ltr' id='par_1_64' title="bbox 394 4553 2053 4637">
     <span class='ocr_line' id='line_1_64' title="bbox 394 4553 2053 4637; baseline -0.004 -21"><span class='ocrx_word' id='word_1_421' title='bbox 394 4561 458 4618; x_wconf 76' lang='grc' dir='ltr'>ἐκ</span> <span class='ocrx_word' id='word_1_422' title='bbox 509 4568 611 4631; x_wconf 80' lang='grc' dir='ltr'>τῆς</span> <span class='ocrx_word' id='word_1_423' title='bbox 666 4567 800 4637; x_wconf 79' lang='grc' dir='ltr'>γῆς,</span> <span class='ocrx_word' id='word_1_424' title='bbox 855 4559 946 4614; x_wconf 86' lang='grc' dir='ltr'>καὶ</span> <span class='ocrx_word' id='word_1_425' title='bbox 1004 4559 1142 4628; x_wconf 85' lang='grc' dir='ltr'>αύτή</span> <span class='ocrx_word' id='word_1_426' title='bbox 1205 4556 1608 4634; x_wconf 68' lang='grc' dir='ltr'>ἀναφερομένη.</span> <span class='ocrx_word' id='word_1_427' title='bbox 1657 4553 1806 4626; x_wconf 68' lang='grc' dir='ltr'>Αὕτη</span> <span class='ocrx_word' id='word_1_428' title='bbox 1859 4556 1958 4631; x_wconf 69' lang='grc' dir='ltr'>γὰρ</span> <span class='ocrx_word' id='word_1_429' title='bbox 2017 4555 2053 4624; x_wconf 80' lang='grc' dir='ltr'>ὴ</span> 
     </span>
    </p>
   </div>
   <div class='ocr_carea' id='block_1_65' title="bbox 396 4641 2056 4724">
    <p class='ocr_par' dir='ltr' id='par_1_65' title="bbox 396 4641 2056 4724">
     <span class='ocr_line' id='line_1_65' title="bbox 396 4641 2056 4724; baseline -0.007 -16"><span class='ocrx_word' id='word_1_430' title='bbox 396 4649 663 4724; x_wconf 84' lang='grc' dir='ltr'>ἆτμώδης</span> <span class='ocrx_word' id='word_1_431' title='bbox 715 4647 1071 4722; x_wconf 80' lang='grc' dir='ltr'>ἀναθυμίασις</span> <span class='ocrx_word' id='word_1_432' title='bbox 1120 4649 1156 4718; x_wconf 78' lang='grc' dir='ltr'><strong>ἡ</strong></span> <span class='ocrx_word' id='word_1_433' title='bbox 1209 4648 1347 4723; x_wconf 81' lang='grc' dir='ltr'>ὑγρὰ</span> <span class='ocrx_word' id='word_1_434' title='bbox 1393 4646 1483 4701; x_wconf 81' lang='grc' dir='ltr'>καὶ</span> <span class='ocrx_word' id='word_1_435' title='bbox 1524 4645 1724 4720; x_wconf 78' lang='grc' dir='ltr'>θερμὴ,</span> <span class='ocrx_word' id='word_1_436' title='bbox 1774 4642 1809 4714; x_wconf 74' lang='grc' dir='ltr'>ἤ</span> <span class='ocrx_word' id='word_1_437' title='bbox 1856 4641 2056 4699; x_wconf 81' lang='grc' dir='ltr'>ἄλλοι·</span> 
     </span>
    </p>
   </div>
   <div class='ocr_carea' id='block_1_66' title="bbox 387 3954 480 4030">
    <p class='ocr_par' dir='ltr' id='par_1_66' title="bbox 387 3954 480 4030">
     <span class='ocr_line' id='line_1_66' title="bbox 387 3954 480 4030; baseline 0.032 -22"><span class='ocrx_word' id='word_1_438' title='bbox 387 3954 480 4030; x_wconf 80' lang='grc' dir='ltr'>ρι’.</span> 
     </span>
    </p>
   </div>
   <div class='ocr_carea' id='block_1_67' title="bbox 2149 2057 3806 2129">
    <p class='ocr_par' dir='ltr' id='par_1_67' title="bbox 2149 2057 3806 2129">
     <span class='ocr_line' id='line_1_67' title="bbox 2149 2057 3806 2129; baseline 0.003 -19"><span class='ocrx_word' id='word_1_439' title='bbox 2149 2057 2417 2113; x_wconf 88' lang='lat' dir='ltr'>dimidia.</span> <span class='ocrx_word' id='word_1_440' title='bbox 2452 2059 2615 2124; x_wconf 87' lang='lat' dir='ltr'>Quod</span> <span class='ocrx_word' id='word_1_441' title='bbox 2647 2058 2696 2113; x_wconf 87' lang='lat' dir='ltr'>si</span> <span class='ocrx_word' id='word_1_442' title='bbox 2728 2059 2859 2129; x_wconf 89' lang='lat' dir='ltr'>quis</span> <span class='ocrx_word' id='word_1_443' title='bbox 2890 2059 3118 2114; x_wconf 89' lang='lat' dir='ltr'>musice</span> <span class='ocrx_word' id='word_1_444' title='bbox 3149 2076 3428 2115; x_wconf 89' lang='lat' dir='ltr'>numeros</span> <span class='ocrx_word' id='word_1_445' title='bbox 3461 2060 3636 2116; x_wconf 89' lang='lat' dir='ltr'>hosce</span> <span class='ocrx_word' id='word_1_446' title='bbox 3666 2077 3806 2115; x_wconf 89' lang='lat' dir='ltr'>oon-</span> 
     </span>
    </p>
   </div>
   <div class='ocr_carea' id='block_1_68' title="bbox 2149 2146 3810 2222">
    <p class='ocr_par' dir='ltr' id='par_1_68' title="bbox 2149 2146 3810 2222">
     <span class='ocr_line' id='line_1_68' title="bbox 2149 2146 3810 2222; baseline 0.002 -20"><span class='ocrx_word' id='word_1_447' title='bbox 2149 2146 2514 2213; x_wconf 88' lang='lat' dir='ltr'>sideraverit,</span> <span class='ocrx_word' id='word_1_448' title='bbox 2547 2148 2900 2218; x_wconf 83' lang='lat' dir='ltr'>sapientiam</span> <span class='ocrx_word' id='word_1_449' title='bbox 2925 2148 3254 2204; x_wconf 89' lang='lat' dir='ltr'>Conditoris</span> <span class='ocrx_word' id='word_1_450' title='bbox 3285 2149 3810 2222; x_wconf 87' lang='lat' dir='ltr'>mirabitur,siqui-</span> 
     </span>
    </p>
   </div>
   <div class='ocr_carea' id='block_1_69' title="bbox 2151 2237 3814 2296">
    <p class='ocr_par' dir='ltr' id='par_1_69' title="bbox 2151 2237 3814 2296">
     <span class='ocr_line' id='line_1_69' title="bbox 2151 2237 3814 2296; baseline 0.002 -5"><span class='ocrx_word' id='word_1_451' title='bbox 2151 2237 2282 2292; x_wconf 90' lang='lat' dir='ltr'>dem</span> <span class='ocrx_word' id='word_1_452' title='bbox 2315 2253 2522 2292; x_wconf 90' lang='lat' dir='ltr'>omnes</span> <span class='ocrx_word' id='word_1_453' title='bbox 2552 2237 2810 2293; x_wconf 89' lang='lat' dir='ltr'>rationes</span> <span class='ocrx_word' id='word_1_454' title='bbox 2840 2238 3212 2294; x_wconf 88' lang='lat' dir='ltr'>harmonicas</span> <span class='ocrx_word' id='word_1_455' title='bbox 3243 2238 3301 2293; x_wconf 92' lang='lat' dir='ltr'>in</span> <span class='ocrx_word' id='word_1_456' title='bbox 3335 2237 3452 2294; x_wconf 89' lang='lat' dir='ltr'>illis</span> <span class='ocrx_word' id='word_1_457' title='bbox 3501 2241 3814 2296; x_wconf 79' lang='lat' dir='ltr'>observare</span> 
     </span>
    </p>
   </div>
   <div class='ocr_carea' id='block_1_70' title="bbox 2151 2325 3366 2399">
    <p class='ocr_par' dir='ltr' id='par_1_70' title="bbox 2151 2325 3366 2399">
     <span class='ocr_line' id='line_1_70' title="bbox 2151 2325 3366 2399; baseline 0.002 -19"><span class='ocrx_word' id='word_1_458' title='bbox 2151 2325 2305 2394; x_wconf 89' lang='lat' dir='ltr'>licet,</span> <span class='ocrx_word' id='word_1_459' title='bbox 2340 2330 2626 2398; x_wconf 89' lang='lat' dir='ltr'>octavam,</span> <span class='ocrx_word' id='word_1_460' title='bbox 2660 2326 2929 2399; x_wconf 88' lang='lat' dir='ltr'>quintam</span> <span class='ocrx_word' id='word_1_461' title='bbox 2953 2331 3366 2399; x_wconf 87' lang='lat' dir='ltr'>quartamque.</span> 
     </span>
    </p>
   </div>
   <div class='ocr_carea' id='block_1_71' title="bbox 2570 2593 3222 2657">
    <p class='ocr_par' dir='ltr' id='par_1_71' title="bbox 2570 2593 3222 2657">
     <span class='ocr_line' id='line_1_71' title="bbox 2570 2593 3222 2657; baseline 0.002 -9"><span class='ocrx_word' id='word_1_462' title='bbox 2570 2655 2573 2657; x_wconf 9' lang='grc' dir='ltr'>ς</span> <span class='ocrx_word' id='word_1_463' title='bbox 2739 2593 2863 2649; x_wconf 78' lang='grc'>104.</span> <span class='ocrx_word' id='word_1_464' title='bbox 2897 2594 2970 2649; x_wconf 81' lang='lat' dir='ltr'>De</span> <span class='ocrx_word' id='word_1_465' title='bbox 2997 2596 3222 2649; x_wconf 76' lang='lat' dir='ltr'>cometa.</span> 
     </span>
    </p>
   </div>
   <div class='ocr_carea' id='block_1_72' title="bbox 2225 2682 3818 2756">
    <p class='ocr_par' dir='ltr' id='par_1_72' title="bbox 2225 2682 3818 2756">
     <span class='ocr_line' id='line_1_72' title="bbox 2225 2682 3818 2756; baseline 0.001 -18"><span class='ocrx_word' id='word_1_466' title='bbox 2225 2686 2462 2740; x_wconf 88' lang='lat' dir='ltr'>Cometa</span> <span class='ocrx_word' id='word_1_467' title='bbox 2491 2687 2808 2755; x_wconf 87' lang='lat' dir='ltr'>generatur</span> <span class='ocrx_word' id='word_1_468' title='bbox 2839 2698 2908 2738; x_wconf 85' lang='lat' dir='ltr'><strong>ex</strong></span> <span class='ocrx_word' id='word_1_469' title='bbox 2938 2682 3254 2754; x_wconf 86' lang='lat' dir='ltr'>fuliginosa</span> <span class='ocrx_word' id='word_1_470' title='bbox 3283 2683 3533 2740; x_wconf 88' lang='lat' dir='ltr'>materia</span> <span class='ocrx_word' id='word_1_471' title='bbox 3557 2702 3574 2755; x_wconf 86' lang='lat'><strong>;</strong></span> <span class='ocrx_word' id='word_1_472' title='bbox 3597 2687 3818 2756; x_wconf 89' lang='lat' dir='ltr'>quanto</span> 
     </span>
    </p>
   </div>
   <div class='ocr_carea' id='block_1_73' title="bbox 2156 2771 3818 2845">
    <p class='ocr_par' dir='ltr' id='par_1_73' title="bbox 2156 2771 3818 2845">
     <span class='ocr_line' id='line_1_73' title="bbox 2156 2771 3818 2845; baseline 0.001 -17"><span class='ocrx_word' id='word_1_473' title='bbox 2156 2772 2314 2828; x_wconf 91' lang='lat' dir='ltr'>enim</span> <span class='ocrx_word' id='word_1_474' title='bbox 2345 2790 2482 2845; x_wconf 75' lang='lat' dir='ltr'>pars</span> <span class='ocrx_word' id='word_1_475' title='bbox 2514 2771 2694 2843; x_wconf 85' lang='lat' dir='ltr'>hujus</span> <span class='ocrx_word' id='word_1_476' title='bbox 2726 2790 2830 2845; x_wconf 83' lang='lat' dir='ltr'>per</span> <span class='ocrx_word' id='word_1_477' title='bbox 2860 2778 3111 2841; x_wconf 90' lang='lat' dir='ltr'>motum,</span> <span class='ocrx_word' id='word_1_478' title='bbox 3146 2777 3210 2828; x_wconf 90' lang='lat' dir='ltr'>ut</span> <span class='ocrx_word' id='word_1_479' title='bbox 3239 2772 3520 2842; x_wconf 85' lang='lat' dir='ltr'>diximus,</span> <span class='ocrx_word' id='word_1_480' title='bbox 3573 2788 3818 2829; x_wconf 90' lang='lat' dir='ltr'>succen-</span> 
     </span>
    </p>
   </div>
   <div class='ocr_carea' id='block_1_74' title="bbox 2157 2861 3819 2934">
    <p class='ocr_par' dir='ltr' id='par_1_74' title="bbox 2157 2861 3819 2934">
     <span class='ocr_line' id='line_1_74' title="bbox 2157 2861 3819 2934; baseline 0.001 -18"><span class='ocrx_word' id='word_1_481' title='bbox 2157 2862 2336 2930; x_wconf 89' lang='lat' dir='ltr'>ditur,</span> <span class='ocrx_word' id='word_1_482' title='bbox 2371 2867 2428 2918; x_wconf 91' lang='lat' dir='ltr'>et</span> <span class='ocrx_word' id='word_1_483' title='bbox 2457 2861 2692 2918; x_wconf 86' lang='lat' dir='ltr'>tenuior</span> <span class='ocrx_word' id='word_1_484' title='bbox 2724 2862 2825 2917; x_wconf 90' lang='lat' dir='ltr'>illa</span> <span class='ocrx_word' id='word_1_485' title='bbox 2855 2879 3168 2934; x_wconf 84' lang='lat' dir='ltr'>compages</span> <span class='ocrx_word' id='word_1_486' title='bbox 3199 2863 3379 2918; x_wconf 82' lang='lat' dir='ltr'>fuerit</span> <span class='ocrx_word' id='word_1_487' title='bbox 3409 2879 3679 2933; x_wconf 87' lang='lat' dir='ltr'>accensa,</span> <span class='ocrx_word' id='word_1_488' title='bbox 3698 2867 3819 2918; x_wconf 85' lang='lat' dir='ltr'>sta-</span> 
     </span>
    </p>
   </div>
   <div class='ocr_carea' id='block_1_75' title="bbox 2157 2951 3821 3024">
    <p class='ocr_par' dir='ltr' id='par_1_75' title="bbox 2157 2951 3821 3024">
     <span class='ocr_line' id='line_1_75' title="bbox 2157 2951 3821 3024; baseline 0 -18"><span class='ocrx_word' id='word_1_489' title='bbox 2157 2952 2263 3007; x_wconf 90' lang='lat' dir='ltr'>tim</span> <span class='ocrx_word' id='word_1_490' title='bbox 2297 2951 2589 3024; x_wconf 84' lang='lat' dir='ltr'>procurrit</span> <span class='ocrx_word' id='word_1_491' title='bbox 2644 2951 2918 3019; x_wconf 87' lang='lat' dir='ltr'>ulterius,</span> <span class='ocrx_word' id='word_1_492' title='bbox 2975 2951 3161 3023; x_wconf 80' lang='lat' dir='ltr'>fitque</span> <span class='ocrx_word' id='word_1_493' title='bbox 3211 2951 3381 3007; x_wconf 89' lang='lat' dir='ltr'>stella</span> <span class='ocrx_word' id='word_1_494' title='bbox 3439 2953 3655 3008; x_wconf 88' lang='lat' dir='ltr'>cadens</span> <span class='ocrx_word' id='word_1_495' title='bbox 3700 2951 3821 3008; x_wconf 83' lang='lat' dir='ltr'>sive</span> 
     </span>
    </p>
   </div>
   <div class='ocr_carea' id='block_1_76' title="bbox 2160 3041 3820 3113">
    <p class='ocr_par' dir='ltr' id='par_1_76' title="bbox 2160 3041 3820 3113">
     <span class='ocr_line' id='line_1_76' title="bbox 2160 3041 3820 3113; baseline 0 -17"><span class='ocrx_word' id='word_1_496' title='bbox 2160 3058 2338 3113; x_wconf 89' lang='lat' dir='ltr'>quam</span> <span class='ocrx_word' id='word_1_497' title='bbox 2397 3042 2825 3097; x_wconf 79' lang='lat' dir='ltr'>discurrentem</span> <span class='ocrx_word' id='word_1_498' title='bbox 2885 3041 3206 3113; x_wconf 88' lang='lat' dir='ltr'>appellant.</span> <span class='ocrx_word' id='word_1_499' title='bbox 3263 3042 3319 3097; x_wconf 88' lang='lat' dir='ltr'>Si</span> <span class='ocrx_word' id='word_1_500' title='bbox 3378 3058 3512 3097; x_wconf 91' lang='lat' dir='ltr'>vero</span> <span class='ocrx_word' id='word_1_501' title='bbox 3570 3041 3820 3097; x_wconf 79' lang='lat' dir='ltr'>materia</span> 
     </span>
    </p>
   </div>
   <div class='ocr_carea' id='block_1_77' title="bbox 2159 3129 3818 3202">
    <p class='ocr_par' dir='ltr' id='par_1_77' title="bbox 2159 3129 3818 3202">
     <span class='ocr_line' id='line_1_77' title="bbox 2159 3129 3818 3202; baseline -0.001 -17"><span class='ocrx_word' id='word_1_502' title='bbox 2159 3131 2338 3186; x_wconf 83' lang='lat' dir='ltr'>fuerit</span> <span class='ocrx_word' id='word_1_503' title='bbox 2366 3131 2846 3195; x_wconf 86' lang='lat' dir='ltr'>crassior,semen</span> <span class='ocrx_word' id='word_1_504' title='bbox 2875 3129 3030 3202; x_wconf 89' lang='lat' dir='ltr'>ignis</span> <span class='ocrx_word' id='word_1_505' title='bbox 3061 3131 3329 3186; x_wconf 88' lang='lat' dir='ltr'>succensi</span> <span class='ocrx_word' id='word_1_506' title='bbox 3350 3130 3428 3185; x_wconf 90' lang='lat' dir='ltr'>ibi</span> <span class='ocrx_word' id='word_1_507' title='bbox 3460 3131 3818 3200; x_wconf 88' lang='lat' dir='ltr'>continetur,</span> 
     </span>
    </p>
   </div>
   <div class='ocr_carea' id='block_1_78' title="bbox 2159 3218 3819 3275">
    <p class='ocr_par' dir='ltr' id='par_1_78' title="bbox 2159 3218 3819 3275">
     <span class='ocr_line' id='line_1_78' title="bbox 2159 3218 3819 3275; baseline -0.001 -1"><span class='ocrx_word' id='word_1_508' title='bbox 2159 3224 2217 3275; x_wconf 90' lang='lat' dir='ltr'>et</span> <span class='ocrx_word' id='word_1_509' title='bbox 2245 3224 2534 3274; x_wconf 89' lang='lat' dir='ltr'>cometam</span> <span class='ocrx_word' id='word_1_510' title='bbox 2559 3218 2759 3274; x_wconf 81' lang='lat' dir='ltr'>efﬁcit.</span> <span class='ocrx_word' id='word_1_511' title='bbox 2808 3221 2957 3272; x_wconf 87' lang='lat' dir='ltr'>Sunt</span> <span class='ocrx_word' id='word_1_512' title='bbox 2989 3223 3046 3272; x_wconf 90' lang='lat' dir='ltr'>et</span> <span class='ocrx_word' id='word_1_513' title='bbox 3095 3218 3271 3272; x_wconf 68' lang='lat' dir='ltr'>varia:</span> <span class='ocrx_word' id='word_1_514' title='bbox 3303 3219 3501 3273; x_wconf 70' lang='lat' dir='ltr'>formae</span> <span class='ocrx_word' id='word_1_515' title='bbox 3559 3222 3819 3273; x_wconf 86' lang='lat' dir='ltr'>cometa-</span> 
     </span>
    </p>
   </div>
   <div class='ocr_carea' id='block_1_79' title="bbox 2159 3302 3820 3380">
    <p class='ocr_par' dir='ltr' id='par_1_79' title="bbox 2159 3302 3820 3380">
     <span class='ocr_line' id='line_1_79' title="bbox 2159 3302 3820 3380; baseline -0.002 -16"><span class='ocrx_word' id='word_1_516' title='bbox 2159 3325 2292 3364; x_wconf 92' lang='lat' dir='ltr'>rum</span> <span class='ocrx_word' id='word_1_517' title='bbox 2324 3312 2562 3380; x_wconf 91' lang='lat' dir='ltr'>propter</span> <span class='ocrx_word' id='word_1_518' title='bbox 2599 3307 3057 3363; x_wconf 89' lang='lat' dir='ltr'>diversimodam</span> <span class='ocrx_word' id='word_1_519' title='bbox 3090 3306 3348 3362; x_wconf 69' lang='lat' dir='ltr'>materias</span> <span class='ocrx_word' id='word_1_520' title='bbox 3381 3305 3541 3363; x_wconf 86' lang='lat' dir='ltr'>illius</span> <span class='ocrx_word' id='word_1_521' title='bbox 3571 3302 3820 3363; x_wconf 86' lang='lat' dir='ltr'>succen-</span> 
     </span>
    </p>
   </div>
   <div class='ocr_carea' id='block_1_80' title="bbox 2162 3395 3824 3467">
    <p class='ocr_par' dir='ltr' id='par_1_80' title="bbox 2162 3395 3824 3467">
     <span class='ocr_line' id='line_1_80' title="bbox 2162 3395 3824 3467; baseline -0.002 -13"><span class='ocrx_word' id='word_1_522' title='bbox 2162 3400 2407 3454; x_wconf 89' lang='lat' dir='ltr'>sionem.</span> <span class='ocrx_word' id='word_1_523' title='bbox 2441 3398 2588 3452; x_wconf 85' lang='lat' dir='ltr'>Nam</span> <span class='ocrx_word' id='word_1_524' title='bbox 2620 3397 2890 3467; x_wconf 83' lang='lat' dir='ltr'>quaedam</span> <span class='ocrx_word' id='word_1_525' title='bbox 2922 3397 2981 3451; x_wconf 92' lang='lat' dir='ltr'>in</span> <span class='ocrx_word' id='word_1_526' title='bbox 3014 3395 3256 3467; x_wconf 88' lang='lat' dir='ltr'>longum</span> <span class='ocrx_word' id='word_1_527' title='bbox 3308 3396 3483 3450; x_wconf 92' lang='lat' dir='ltr'>modo</span> <span class='ocrx_word' id='word_1_528' title='bbox 3514 3396 3599 3462; x_wconf 82' lang='lat' dir='ltr'>ﬁt,</span> <span class='ocrx_word' id='word_1_529' title='bbox 3631 3399 3690 3451; x_wconf 90' lang='lat' dir='ltr'>et</span> <span class='ocrx_word' id='word_1_530' title='bbox 3717 3411 3824 3450; x_wconf 90' lang='lat' dir='ltr'>vo-</span> 
     </span>
    </p>
   </div>
   <div class='ocr_carea' id='block_1_81' title="bbox 2164 3486 3823 3558">
    <p class='ocr_par' dir='ltr' id='par_1_81' title="bbox 2164 3486 3823 3558">
     <span class='ocr_line' id='line_1_81' title="bbox 2164 3486 3823 3558; baseline -0.005 -10"><span class='ocrx_word' id='word_1_531' title='bbox 2164 3497 2299 3548; x_wconf 89' lang='lat' dir='ltr'>cant</span> <span class='ocrx_word' id='word_1_532' title='bbox 2328 3491 2688 3558; x_wconf 87' lang='lat' dir='ltr'>trabem,aut</span> <span class='ocrx_word' id='word_1_533' title='bbox 2716 3488 2777 3542; x_wconf 91' lang='lat' dir='ltr'>in</span> <span class='ocrx_word' id='word_1_534' title='bbox 2808 3486 3048 3556; x_wconf 85' lang='lat' dir='ltr'>longum</span> <span class='ocrx_word' id='word_1_535' title='bbox 3080 3491 3138 3541; x_wconf 83' lang='lat' dir='ltr'>et</span> <span class='ocrx_word' id='word_1_536' title='bbox 3168 3486 3376 3553; x_wconf 88' lang='lat' dir='ltr'>latum,</span> <span class='ocrx_word' id='word_1_537' title='bbox 3402 3487 3559 3542; x_wconf 93' lang='lat' dir='ltr'>unde</span> <span class='ocrx_word' id='word_1_538' title='bbox 3589 3487 3823 3558; x_wconf 88' lang='lat' dir='ltr'>proprie</span> 
     </span>
    </p>
   </div>
   <div class='ocr_carea' id='block_1_82' title="bbox 2163 3576 3825 3646">
    <p class='ocr_par' dir='ltr' id='par_1_82' title="bbox 2163 3576 3825 3646">
     <span class='ocr_line' id='line_1_82' title="bbox 2163 3576 3825 3646; baseline -0.002 -10"><span class='ocrx_word' id='word_1_539' title='bbox 2163 3582 2356 3636; x_wconf 89' lang='lat' dir='ltr'>dictus</span> <span class='ocrx_word' id='word_1_540' title='bbox 2386 3583 2618 3634; x_wconf 86' lang='lat' dir='ltr'>cometa</span> <span class='ocrx_word' id='word_1_541' title='bbox 2674 3577 2961 3645; x_wconf 87' lang='lat' dir='ltr'>nascitur,</span> <span class='ocrx_word' id='word_1_542' title='bbox 2994 3579 3098 3630; x_wconf 88' lang='lat' dir='ltr'>aut</span> <span class='ocrx_word' id='word_1_543' title='bbox 3150 3576 3208 3631; x_wconf 89' lang='lat' dir='ltr'>iu</span> <span class='ocrx_word' id='word_1_544' title='bbox 3242 3576 3602 3646; x_wconf 81' lang='lat' dir='ltr'>profundum</span> <span class='ocrx_word' id='word_1_545' title='bbox 3645 3576 3825 3632; x_wconf 84' lang='lat' dir='ltr'>habet</span> 
     </span>
    </p>
   </div>
   <div class='ocr_carea' id='block_1_83' title="bbox 2163 3665 3822 3743">
    <p class='ocr_par' dir='ltr' id='par_1_83' title="bbox 2163 3665 3822 3743">
     <span class='ocr_line' id='line_1_83' title="bbox 2163 3665 3822 3743; baseline -0.003 -16"><span class='ocrx_word' id='word_1_546' title='bbox 2163 3671 2450 3743; x_wconf 85' lang='lat' dir='ltr'>quaedam</span> <span class='ocrx_word' id='word_1_547' title='bbox 2481 3667 2660 3723; x_wconf 87' lang='lat' dir='ltr'>veluti</span> <span class='ocrx_word' id='word_1_548' title='bbox 2691 3665 3244 3734; x_wconf 82' lang='lat' dir='ltr'>descintillationes,</span> <span class='ocrx_word' id='word_1_549' title='bbox 3275 3670 3333 3721; x_wconf 87' lang='lat' dir='ltr'>et</span> <span class='ocrx_word' id='word_1_550' title='bbox 3374 3672 3611 3723; x_wconf 85' lang='lat' dir='ltr'>vocatur</span> <span class='ocrx_word' id='word_1_551' title='bbox 3641 3683 3822 3740; x_wconf 89' lang='lat' dir='ltr'>pogo-</span> 
     </span>
    </p>
   </div>
   <div class='ocr_carea' id='block_1_84' title="bbox 2161 3754 3823 3828">
    <p class='ocr_par' dir='ltr' id='par_1_84' title="bbox 2161 3754 3823 3828">
     <span class='ocr_line' id='line_1_84' title="bbox 2161 3754 3823 3828; baseline -0.004 -13"><span class='ocrx_word' id='word_1_552' title='bbox 2161 3761 2292 3815; x_wconf 89' lang='lat' dir='ltr'>nias</span> <span class='ocrx_word' id='word_1_553' title='bbox 2324 3758 2443 3813; x_wconf 88' lang='lat' dir='ltr'>sive</span> <span class='ocrx_word' id='word_1_554' title='bbox 2474 3757 2773 3812; x_wconf 82' lang='lat' dir='ltr'>barbatus.</span> <span class='ocrx_word' id='word_1_555' title='bbox 2810 3755 2961 3810; x_wconf 91' lang='lat' dir='ltr'>Sunt</span> <span class='ocrx_word' id='word_1_556' title='bbox 2984 3759 3039 3809; x_wconf 92' lang='lat' dir='ltr'>et</span> <span class='ocrx_word' id='word_1_557' title='bbox 3070 3754 3194 3809; x_wconf 68' lang='lat' dir='ltr'>aliae</span> <span class='ocrx_word' id='word_1_558' title='bbox 3219 3759 3579 3811; x_wconf 89' lang='lat' dir='ltr'>cometarum</span> <span class='ocrx_word' id='word_1_559' title='bbox 3613 3755 3823 3828; x_wconf 84' lang='lat' dir='ltr'>appel-</span> 
     </span>
    </p>
   </div>
   <div class='ocr_carea' id='block_1_85' title="bbox 2161 3844 3622 3917">
    <p class='ocr_par' dir='ltr' id='par_1_85' title="bbox 2161 3844 3622 3917">
     <span class='ocr_line' id='line_1_85' title="bbox 2161 3844 3622 3917; baseline -0.003 -13"><span class='ocrx_word' id='word_1_560' title='bbox 2161 3847 2434 3917; x_wconf 88' lang='lat' dir='ltr'>lationes,</span> <span class='ocrx_word' id='word_1_561' title='bbox 2469 3861 2618 3917; x_wconf 89' lang='lat' dir='ltr'>quas</span> <span class='ocrx_word' id='word_1_562' title='bbox 2653 3860 2924 3900; x_wconf 90' lang='lat' dir='ltr'>sermone</span> <span class='ocrx_word' id='word_1_563' title='bbox 2956 3844 3303 3915; x_wconf 88' lang='lat' dir='ltr'>procedente</span> <span class='ocrx_word' id='word_1_564' title='bbox 3333 3844 3622 3899; x_wconf 86' lang='lat' dir='ltr'>dicemus.</span> 
     </span>
    </p>
   </div>
   <div class='ocr_carea' id='block_1_86' title="bbox 2253 3951 3722 4027">
    <p class='ocr_par' dir='ltr' id='par_1_86' title="bbox 2253 3951 3722 4027">
     <span class='ocr_line' id='line_1_86' title="bbox 2253 3951 3722 4027; baseline -0.002 -17"><span class='ocrx_word' id='word_1_565' title='bbox 2253 3955 2376 4010; x_wconf 88' lang='grc'>105.</span> <span class='ocrx_word' id='word_1_566' title='bbox 2409 3955 2484 4010; x_wconf 81' lang='lat' dir='ltr'>De</span> <span class='ocrx_word' id='word_1_567' title='bbox 2505 3953 2720 4027; x_wconf 81' lang='lat' dir='ltr'>pluvia,</span> <span class='ocrx_word' id='word_1_568' title='bbox 2751 3951 3047 4023; x_wconf 76' lang='lat' dir='ltr'>grandine,</span> <span class='ocrx_word' id='word_1_569' title='bbox 3078 3952 3228 4023; x_wconf 79' lang='lat' dir='ltr'>nive,</span> <span class='ocrx_word' id='word_1_570' title='bbox 3257 3953 3468 4024; x_wconf 79' lang='lat' dir='ltr'>pruina</span> <span class='ocrx_word' id='word_1_571' title='bbox 3497 3960 3550 4008; x_wconf 77' lang='lat' dir='ltr'>et</span> <span class='ocrx_word' id='word_1_572' title='bbox 3577 3968 3722 4009; x_wconf 79' lang='lat' dir='ltr'>rore.</span> 
     </span>
    </p>
   </div>
   <div class='ocr_carea' id='block_1_87' title="bbox 2233 4111 3824 4187">
    <p class='ocr_par' dir='ltr' id='par_1_87' title="bbox 2233 4111 3824 4187">
     <span class='ocr_line' id='line_1_87' title="bbox 2233 4111 3824 4187; baseline -0.002 -15"><span class='ocrx_word' id='word_1_573' title='bbox 2233 4117 2480 4172; x_wconf 77' lang='lat' dir='ltr'>Cometes</span> <span class='ocrx_word' id='word_1_574' title='bbox 2513 4113 2751 4186; x_wconf 90' lang='lat' dir='ltr'>quidem</span> <span class='ocrx_word' id='word_1_575' title='bbox 2799 4113 2852 4167; x_wconf 84' lang='lat' dir='ltr'>ef</span> <span class='ocrx_word' id='word_1_576' title='bbox 2901 4111 3160 4168; x_wconf 87' lang='lat' dir='ltr'>circulus</span> <span class='ocrx_word' id='word_1_577' title='bbox 3208 4111 3456 4178; x_wconf 86' lang='lat' dir='ltr'>lacteus,</span> <span class='ocrx_word' id='word_1_578' title='bbox 3505 4113 3824 4187; x_wconf 85' lang='lat' dir='ltr'>trabesque</span> 
     </span>
    </p>
   </div>
   <div class='ocr_carea' id='block_1_88' title="bbox 2163 4201 3826 4275">
    <p class='ocr_par' dir='ltr' id='par_1_88' title="bbox 2163 4201 3826 4275">
     <span class='ocr_line' id='line_1_88' title="bbox 2163 4201 3826 4275; baseline -0.002 -13"><span class='ocrx_word' id='word_1_579' title='bbox 2163 4211 2220 4262; x_wconf 89' lang='lat' dir='ltr'>et</span> <span class='ocrx_word' id='word_1_580' title='bbox 2245 4205 2426 4262; x_wconf 84' lang='lat' dir='ltr'>stellae</span> <span class='ocrx_word' id='word_1_581' title='bbox 2458 4205 2732 4260; x_wconf 85' lang='lat' dir='ltr'>cadentes</span> <span class='ocrx_word' id='word_1_582' title='bbox 2783 4201 3018 4273; x_wconf 86' lang='lat' dir='ltr'>aliaque</span> <span class='ocrx_word' id='word_1_583' title='bbox 3063 4203 3133 4257; x_wconf 91' lang='lat' dir='ltr'>de</span> <span class='ocrx_word' id='word_1_584' title='bbox 3164 4202 3380 4274; x_wconf 91' lang='lat' dir='ltr'>quibus</span> <span class='ocrx_word' id='word_1_585' title='bbox 3421 4204 3547 4275; x_wconf 89' lang='lat' dir='ltr'>jam</span> <span class='ocrx_word' id='word_1_586' title='bbox 3582 4204 3722 4270; x_wconf 85' lang='lat' dir='ltr'>dixi,</span> <span class='ocrx_word' id='word_1_587' title='bbox 3755 4219 3826 4259; x_wconf 83' lang='lat' dir='ltr'>ex</span> 
     </span>
    </p>
   </div>
   <div class='ocr_carea' id='block_1_89' title="bbox 2165 4292 3825 4369">
    <p class='ocr_par' dir='ltr' id='par_1_89' title="bbox 2165 4292 3825 4369">
     <span class='ocr_line' id='line_1_89' title="bbox 2165 4292 3825 4369; baseline -0.001 -18"><span class='ocrx_word' id='word_1_588' title='bbox 2165 4296 2502 4369; x_wconf 86' lang='lat' dir='ltr'>fuliginosis</span> <span class='ocrx_word' id='word_1_589' title='bbox 2559 4292 2874 4365; x_wconf 89' lang='lat' dir='ltr'>vaporibus</span> <span class='ocrx_word' id='word_1_590' title='bbox 2933 4298 3299 4349; x_wconf 88' lang='lat' dir='ltr'>nascuntur.</span> <span class='ocrx_word' id='word_1_591' title='bbox 3355 4293 3559 4351; x_wconf 90' lang='lat' dir='ltr'>Pluvia</span> <span class='ocrx_word' id='word_1_592' title='bbox 3625 4299 3825 4350; x_wconf 89' lang='lat' dir='ltr'>autem</span> 
     </span>
    </p>
   </div>
   <div class='ocr_carea' id='block_1_90' title="bbox 2165 4382 3829 4459">
    <p class='ocr_par' dir='ltr' id='par_1_90' title="bbox 2165 4382 3829 4459">
     <span class='ocr_line' id='line_1_90' title="bbox 2165 4382 3829 4459; baseline -0.001 -19"><span class='ocrx_word' id='word_1_593' title='bbox 2165 4386 2532 4459; x_wconf 82' lang='lat' dir='ltr'>grandoque,</span> <span class='ocrx_word' id='word_1_594' title='bbox 2581 4389 2638 4439; x_wconf 90' lang='lat' dir='ltr'>et</span> <span class='ocrx_word' id='word_1_595' title='bbox 2670 4382 2769 4438; x_wconf 83' lang='lat' dir='ltr'>nix</span> <span class='ocrx_word' id='word_1_596' title='bbox 2799 4399 2865 4438; x_wconf 92' lang='lat' dir='ltr'>ac</span> <span class='ocrx_word' id='word_1_597' title='bbox 2917 4382 3131 4454; x_wconf 89' lang='lat' dir='ltr'>pruina</span> <span class='ocrx_word' id='word_1_598' title='bbox 3169 4387 3228 4437; x_wconf 88' lang='lat' dir='ltr'>et</span> <span class='ocrx_word' id='word_1_599' title='bbox 3269 4387 3366 4438; x_wconf 60' lang='lat' dir='ltr'>ro’s</span> <span class='ocrx_word' id='word_1_600' title='bbox 3396 4399 3465 4439; x_wconf 86' lang='lat' dir='ltr'>ex</span> <span class='ocrx_word' id='word_1_601' title='bbox 3510 4384 3829 4456; x_wconf 83' lang='lat' dir='ltr'>vaporibus</span> 
     </span>
    </p>
   </div>
   <div class='ocr_carea' id='block_1_91' title="bbox 2164 4470 3830 4541">
    <p class='ocr_par' dir='ltr' id='par_1_91' title="bbox 2164 4470 3830 4541">
     <span class='ocr_line' id='line_1_91' title="bbox 2164 4470 3830 4541; baseline -0.001 -10"><span class='ocrx_word' id='word_1_602' title='bbox 2164 4473 2578 4531; x_wconf 84' lang='lat' dir='ltr'>exhalantibus</span> <span class='ocrx_word' id='word_1_603' title='bbox 2613 4473 2676 4526; x_wconf 81' lang='lat' dir='ltr'>fit</span> <span class='ocrx_word' id='word_1_604' title='bbox 2700 4475 2912 4526; x_wconf 90' lang='lat' dir='ltr'>natura</span> <span class='ocrx_word' id='word_1_605' title='bbox 2941 4470 3680 4541; x_wconf 77' lang='lat' dir='ltr'>humidis,eﬁ‘undentibus</span> <span class='ocrx_word' id='word_1_606' title='bbox 3701 4489 3830 4529; x_wconf 85' lang='lat' dir='ltr'>sese</span> 
     </span>
    </p>
   </div>
   <div class='ocr_carea' id='block_1_92' title="bbox 2165 4561 3833 4637">
    <p class='ocr_par' dir='ltr' id='par_1_92' title="bbox 2165 4561 3833 4637">
     <span class='ocr_line' id='line_1_92' title="bbox 2165 4561 3833 4637; baseline -0.002 -16"><span class='ocrx_word' id='word_1_607' title='bbox 2165 4570 2300 4637; x_wconf 89' lang='lat' dir='ltr'>post</span> <span class='ocrx_word' id='word_1_608' title='bbox 2331 4563 2683 4635; x_wconf 83' lang='lat' dir='ltr'>fuliginosos</span> <span class='ocrx_word' id='word_1_609' title='bbox 2716 4561 2869 4628; x_wconf 88' lang='lat' dir='ltr'>illos,</span> <span class='ocrx_word' id='word_1_610' title='bbox 2903 4566 2961 4617; x_wconf 89' lang='lat' dir='ltr'>et</span> <span class='ocrx_word' id='word_1_611' title='bbox 3013 4577 3081 4617; x_wconf 84' lang='lat' dir='ltr'><strong>ex</strong></span> <span class='ocrx_word' id='word_1_612' title='bbox 3112 4566 3266 4618; x_wconf 88' lang='lat' dir='ltr'>terra</span> <span class='ocrx_word' id='word_1_613' title='bbox 3294 4562 3444 4634; x_wconf 88' lang='lat' dir='ltr'>ipsis</span> <span class='ocrx_word' id='word_1_614' title='bbox 3490 4563 3668 4618; x_wconf 90' lang='lat' dir='ltr'>etiam</span> <span class='ocrx_word' id='word_1_615' title='bbox 3699 4579 3833 4618; x_wconf 88' lang='lat' dir='ltr'>sur-</span> 
     </span>
    </p>
   </div>
   <div class='ocr_carea' id='block_1_93' title="bbox 2166 4650 3833 4723">
    <p class='ocr_par' dir='ltr' id='par_1_93' title="bbox 2166 4650 3833 4723">
     <span class='ocr_line' id='line_1_93' title="bbox 2166 4650 3833 4723; baseline -0.002 -12"><span class='ocrx_word' id='word_1_616' title='bbox 2166 4671 2298 4711; x_wconf 89' lang='lat' dir='ltr'>sum</span> <span class='ocrx_word' id='word_1_617' title='bbox 2331 4652 2809 4710; x_wconf 89' lang='lat' dir='ltr'>ascendentibus.</span> <span class='ocrx_word' id='word_1_618' title='bbox 2834 4650 2930 4706; x_wconf 75' lang='lat' dir='ltr'>Haa</span> <span class='ocrx_word' id='word_1_619' title='bbox 2956 4651 3108 4706; x_wconf 89' lang='lat' dir='ltr'>enim</span> <span class='ocrx_word' id='word_1_620' title='bbox 3136 4650 3540 4707; x_wconf 81' lang='lat' dir='ltr'>exhalationes</span> <span class='ocrx_word' id='word_1_621' title='bbox 3562 4667 3833 4723; x_wconf 87' lang='lat' dir='ltr'>vapores-</span> 
     </span>
    </p>
   </div>
   <div class='ocr_carea' id='block_1_94' title="bbox 400 4725 2045 4815">
    <p class='ocr_par' dir='ltr' id='par_1_94' title="bbox 400 4731 2045 4813">
     <span class='ocr_line' id='line_1_94' title="bbox 400 4731 2045 4813; baseline -0.004 -19"><span class='ocrx_word' id='word_1_622' title='bbox 400 4743 556 4794; x_wconf 76' lang='grc' dir='ltr'>οὖται</span> <span class='ocrx_word' id='word_1_623' title='bbox 585 4739 674 4796; x_wconf 85' lang='grc' dir='ltr'>καὶ</span> <span class='ocrx_word' id='word_1_624' title='bbox 739 4733 1140 4813; x_wconf 80' lang='grc' dir='ltr'>μεταϐάλλεται</span> <span class='ocrx_word' id='word_1_625' title='bbox 1195 4736 1273 4800; x_wconf 70' lang='grc' dir='ltr'>εἷς</span> <span class='ocrx_word' id='word_1_626' title='bbox 1333 4733 1502 4811; x_wconf 73' lang='grc' dir='ltr'>ὕδωρ,</span> <span class='ocrx_word' id='word_1_627' title='bbox 1549 4735 1641 4790; x_wconf 86' lang='grc' dir='ltr'>καὶ</span> <span class='ocrx_word' id='word_1_628' title='bbox 1696 4731 1743 4789; x_wconf 71' lang='grc' dir='ltr'>εἷ</span> <span class='ocrx_word' id='word_1_629' title='bbox 1795 4733 1887 4806; x_wconf 74' lang='grc' dir='ltr'>μὲν</span> <span class='ocrx_word' id='word_1_630' title='bbox 1912 4731 2045 4806; x_wconf 87' lang='grc' dir='ltr'>λαμ-</span> 
     </span>
    </p>
   </div>
   <div class='ocr_carea' id='block_1_95' title="bbox 2165 4725 3835 4815">
    <p class='ocr_par' dir='ltr' id='par_1_95' title="bbox 2168 4739 3835 4815">
     <span class='ocr_line' id='line_1_95' title="bbox 2168 4739 3835 4815; baseline -0.001 -17"><span class='ocrx_word' id='word_1_631' title='bbox 2168 4758 2282 4815; x_wconf 90' lang='lat' dir='ltr'>que</span> <span class='ocrx_word' id='word_1_632' title='bbox 2314 4741 2542 4797; x_wconf 87' lang='lat' dir='ltr'>humidi</span> <span class='ocrx_word' id='word_1_633' title='bbox 2576 4757 2642 4797; x_wconf 89' lang='lat' dir='ltr'>ac</span> <span class='ocrx_word' id='word_1_634' title='bbox 2693 4739 2865 4796; x_wconf 89' lang='lat' dir='ltr'>calidi</span> <span class='ocrx_word' id='word_1_635' title='bbox 2909 4743 3013 4795; x_wconf 88' lang='lat' dir='ltr'>aut</span> <span class='ocrx_word' id='word_1_636' title='bbox 3057 4740 3114 4794; x_wconf 92' lang='lat' dir='ltr'>in</span> <span class='ocrx_word' id='word_1_637' title='bbox 3150 4757 3366 4812; x_wconf 89' lang='lat' dir='ltr'>aquam</span> <span class='ocrx_word' id='word_1_638' title='bbox 3422 4745 3732 4796; x_wconf 85' lang='lat' dir='ltr'>vertuntur</span> <span class='ocrx_word' id='word_1_639' title='bbox 3773 4751 3835 4802; x_wconf 85' lang='lat' dir='ltr'>et</span> 
     </span>
    </p>
   </div>
   <div class='ocr_carea' id='block_1_96' title="bbox 400 4821 2058 4906">
    <p class='ocr_par' dir='ltr' id='par_1_96' title="bbox 400 4821 2058 4906">
     <span class='ocr_line' id='line_1_96' title="bbox 400 4821 2058 4906; baseline -0.005 -22"><span class='ocrx_word' id='word_1_640' title='bbox 400 4829 666 4906; x_wconf 87' lang='grc' dir='ltr'>πρότερον</span> <span class='ocrx_word' id='word_1_641' title='bbox 718 4825 999 4896; x_wconf 69' lang='grc' dir='ltr'>κατέλθοι,</span> <span class='ocrx_word' id='word_1_642' title='bbox 1060 4827 1210 4883; x_wconf 84' lang='grc' dir='ltr'>ὑετὸν</span> <span class='ocrx_word' id='word_1_643' title='bbox 1260 4830 1432 4897; x_wconf 81' lang='grc' dir='ltr'>ποιεῖ,</span> <span class='ocrx_word' id='word_1_644' title='bbox 1477 4823 1527 4880; x_wconf 67' lang='lat' dir='ltr'>e’t’</span> <span class='ocrx_word' id='word_1_645' title='bbox 1584 4821 1642 4879; x_wconf 77' lang='grc' dir='ltr'>δὲ</span> <span class='ocrx_word' id='word_1_646' title='bbox 1698 4823 1835 4878; x_wconf 80' lang='grc' dir='ltr'>κατὰ</span> <span class='ocrx_word' id='word_1_647' title='bbox 1894 4821 2058 4898; x_wconf 70' lang='grc' dir='ltr'>μέρος</span> 
     </span>
    </p>
   </div>
   <div class='ocr_carea' id='block_1_97' title="bbox 399 4913 2056 4994">
    <p class='ocr_par' dir='ltr' id='par_1_97' title="bbox 399 4913 2056 4994">
     <span class='ocr_line' id='line_1_97' title="bbox 399 4913 2056 4994; baseline -0.005 -21"><span class='ocrx_word' id='word_1_648' title='bbox 399 4918 627 4994; x_wconf 78' lang='grc' dir='ltr'>ἐνεχθῇ,</span> <span class='ocrx_word' id='word_1_649' title='bbox 651 4915 858 4992; x_wconf 80' lang='grc' dir='ltr'>ψεκάδα</span> <span class='ocrx_word' id='word_1_650' title='bbox 889 4934 902 4949; x_wconf 87' lang='lat'><strong><em>°</em></strong></span> <span class='ocrx_word' id='word_1_651' title='bbox 931 4913 967 4986; x_wconf 71' lang='grc' dir='ltr'><strong>ἤ</strong></span> <span class='ocrx_word' id='word_1_652' title='bbox 1016 4918 1285 4991; x_wconf 73' lang='grc' dir='ltr'>πήγνυται</span> <span class='ocrx_word' id='word_1_653' title='bbox 1349 4915 1531 4989; x_wconf 84' lang='grc' dir='ltr'>μόνως</span> <span class='ocrx_word' id='word_1_654' title='bbox 1571 4915 1658 4970; x_wconf 83' lang='grc' dir='ltr'>καὶ</span> <span class='ocrx_word' id='word_1_655' title='bbox 1692 4917 1842 4968; x_wconf 84' lang='grc' dir='ltr'>ποιεῖ</span> <span class='ocrx_word' id='word_1_656' title='bbox 1872 4913 2056 4988; x_wconf 89' lang='grc' dir='ltr'>χιόνα,</span> 
     </span>
    </p>
   </div>
   <div class='ocr_carea' id='block_1_98' title="bbox 401 5002 2061 5083">
    <p class='ocr_par' dir='ltr' id='par_1_98' title="bbox 401 5002 2061 5083">
     <span class='ocr_line' id='line_1_98' title="bbox 401 5002 2061 5083; baseline -0.005 -19"><span class='ocrx_word' id='word_1_657' title='bbox 401 5006 441 5077; x_wconf 67' lang='grc' dir='ltr'><strong>ἢ</strong></span> <span class='ocrx_word' id='word_1_658' title='bbox 473 5002 876 5082; x_wconf 72' lang='grc' dir='ltr'>μεταϐάλλεται</span> <span class='ocrx_word' id='word_1_659' title='bbox 923 5005 1214 5083; x_wconf 87' lang='grc' dir='ltr'>πρότερον,</span> <span class='ocrx_word' id='word_1_660' title='bbox 1274 5007 1371 5070; x_wconf 82' lang='grc' dir='ltr'>εἴθ’</span> <span class='ocrx_word' id='word_1_661' title='bbox 1431 5002 1602 5067; x_wconf 74' lang='grc' dir='ltr'>οὕτως</span> <span class='ocrx_word' id='word_1_662' title='bbox 1656 5005 1922 5078; x_wconf 73' lang='grc' dir='ltr'>πήγνυται</span> <span class='ocrx_word' id='word_1_663' title='bbox 1969 5002 2061 5057; x_wconf 84' lang='grc' dir='ltr'>καὶ</span> 
     </span>
    </p>
   </div>
   <div class='ocr_carea' id='block_1_99' title="bbox 402 5090 2064 5174">
    <p class='ocr_par' dir='ltr' id='par_1_99' title="bbox 402 5090 2064 5174">
     <span class='ocr_line' id='line_1_99' title="bbox 402 5090 2064 5174; baseline -0.005 -22"><span class='ocrx_word' id='word_1_664' title='bbox 402 5097 606 5174; x_wconf 84' lang='grc' dir='ltr'>γίνεται</span> <span class='ocrx_word' id='word_1_665' title='bbox 638 5097 878 5173; x_wconf 80' lang='grc' dir='ltr'>χάλαζα.</span> <span class='ocrx_word' id='word_1_666' title='bbox 921 5093 993 5152; x_wconf 68' lang='lat' dir='ltr'>Ei</span> <span class='ocrx_word' id='word_1_667' title='bbox 1036 5097 1132 5170; x_wconf 73' lang='grc' dir='ltr'>μὲν</span> <span class='ocrx_word' id='word_1_668' title='bbox 1191 5093 1282 5150; x_wconf 75' lang='grc' dir='ltr'>οὖν</span> <span class='ocrx_word' id='word_1_669' title='bbox 1333 5091 1441 5149; x_wconf 80' lang='grc' dir='ltr'>ἄνω</span> <span class='ocrx_word' id='word_1_670' title='bbox 1489 5096 1760 5170; x_wconf 76' lang='grc' dir='ltr'>κουφισθῇ</span> <span class='ocrx_word' id='word_1_671' title='bbox 1809 5093 1843 5161; x_wconf 77' lang='grc' dir='ltr'><strong>ἡ</strong></span> <span class='ocrx_word' id='word_1_672' title='bbox 1878 5090 2064 5164; x_wconf 85' lang='grc' dir='ltr'>ἀτμὶς,</span> 
     </span>
    </p>
   </div>
   <div class='ocr_carea' id='block_1_100' title="bbox 407 5175 2063 5261">
    <p class='ocr_par' dir='ltr' id='par_1_100' title="bbox 407 5175 2063 5261">
     <span class='ocr_line' id='line_1_100' title="bbox 407 5175 2063 5261; baseline -0.004 -19"><span class='ocrx_word' id='word_1_673' title='bbox 407 5191 573 5242; x_wconf 75' lang='grc' dir='ltr'>ταῦτα</span> <span class='ocrx_word' id='word_1_674' title='bbox 628 5190 799 5242; x_wconf 84' lang='grc' dir='ltr'>ποιεῖ.</span> <span class='ocrx_word' id='word_1_675' title='bbox 858 5184 924 5242; x_wconf 77' lang='grc' dir='ltr'>Εἴ</span> <span class='ocrx_word' id='word_1_676' title='bbox 979 5182 1036 5240; x_wconf 67' lang='grc' dir='ltr'>δὲ</span> <span class='ocrx_word' id='word_1_677' title='bbox 1084 5185 1135 5240; x_wconf 82' lang='grc' dir='ltr'>ὲν</span> <span class='ocrx_word' id='word_1_678' title='bbox 1184 5189 1264 5257; x_wconf 79' lang='grc' dir='ltr'>τῷ</span> <span class='ocrx_word' id='word_1_679' title='bbox 1320 5183 1582 5261; x_wconf 86' lang='grc' dir='ltr'>περιγείῳ</span> <span class='ocrx_word' id='word_1_680' title='bbox 1641 5180 1797 5253; x_wconf 89' lang='grc' dir='ltr'>σταίη</span> <span class='ocrx_word' id='word_1_681' title='bbox 1853 5179 1972 5255; x_wconf 73' lang='grc' dir='ltr'>ἀέρι</span> <span class='ocrx_word' id='word_1_682' title='bbox 2026 5175 2063 5250; x_wconf 76' lang='grc' dir='ltr'>ἤ</span> 
     </span>
    </p>
   </div>
   <div class='ocr_carea' id='block_1_101' title="bbox 415 5267 2068 5350">
    <p class='ocr_par' dir='ltr' id='par_1_101' title="bbox 415 5267 2068 5350">
     <span class='ocr_line' id='line_1_101' title="bbox 415 5267 2068 5350; baseline -0.004 -21"><span class='ocrx_word' id='word_1_683' title='bbox 415 5275 702 5349; x_wconf 71' lang='grc' dir='ltr'>πήγνυται,</span> <span class='ocrx_word' id='word_1_684' title='bbox 759 5271 849 5328; x_wconf 73' lang='grc' dir='ltr'>καὶ</span> <span class='ocrx_word' id='word_1_685' title='bbox 894 5274 1102 5349; x_wconf 84' lang='grc' dir='ltr'>γίνεται</span> <span class='ocrx_word' id='word_1_686' title='bbox 1153 5274 1180 5328; x_wconf 87' lang='lat'>6</span> <span class='ocrx_word' id='word_1_687' title='bbox 1233 5271 1495 5350; x_wconf 80' lang='grc' dir='ltr'>παγετός.</span> <span class='ocrx_word' id='word_1_688' title='bbox 1544 5273 1605 5330; x_wconf 91' lang='grc' dir='ltr'>Ὁ</span> <span class='ocrx_word' id='word_1_689' title='bbox 1658 5268 1716 5326; x_wconf 72' lang='grc' dir='ltr'>δὲ</span> <span class='ocrx_word' id='word_1_690' title='bbox 1765 5267 2068 5347; x_wconf 78' lang='grc' dir='ltr'>Ἀριστοτέ-</span> 
     </span>
    </p>
   </div>
   <div class='ocr_carea' id='block_1_102' title="bbox 413 5359 1763 5438">
    <p class='ocr_par' dir='ltr' id='par_1_102' title="bbox 413 5359 1763 5438">
     <span class='ocr_line' id='line_1_102' title="bbox 413 5359 1763 5438; baseline 0 -19"><span class='ocrx_word' id='word_1_691' title='bbox 413 5359 515 5436; x_wconf 86' lang='grc' dir='ltr'>λης</span> <span class='ocrx_word' id='word_1_692' title='bbox 545 5360 719 5419; x_wconf 51' lang='grc' dir='ltr'>αἴτιον</span> <span class='ocrx_word' id='word_1_693' title='bbox 751 5362 959 5419; x_wconf 89' lang='grc' dir='ltr'>τούτων</span> <span class='ocrx_word' id='word_1_694' title='bbox 993 5364 1244 5420; x_wconf 78' lang='grc' dir='ltr'>ἁπάντων</span> <span class='ocrx_word' id='word_1_695' title='bbox 1273 5363 1371 5433; x_wconf 79' lang='grc' dir='ltr'>τήν</span> <span class='ocrx_word' id='word_1_696' title='bbox 1405 5364 1558 5438; x_wconf 77' lang='grc' dir='ltr'>ψύξιν</span> <span class='ocrx_word' id='word_1_697' title='bbox 1592 5360 1763 5437; x_wconf 74' lang='grc' dir='ltr'>λέγει.</span> 
     </span>
    </p>
   </div>
   <div class='ocr_carea' id='block_1_103' title="bbox 991 5628 1502 5712">
    <p class='ocr_par' dir='ltr' id='par_1_103' title="bbox 991 5628 1502 5712">
     <span class='ocr_line' id='line_1_103' title="bbox 991 5628 1502 5712; baseline -0.008 -19"><span class='ocrx_word' id='word_1_698' title='bbox 991 5636 1090 5711; x_wconf 87' lang='grc' dir='ltr'>ρς’.</span> <span class='ocrx_word' id='word_1_699' title='bbox 1131 5637 1268 5712; x_wconf 83' lang='grc' dir='ltr'>Περῖ</span> <span class='ocrx_word' id='word_1_700' title='bbox 1304 5628 1502 5708; x_wconf 60' lang='grc' dir='ltr'>ἴριδος.</span> 
     </span>
    </p>
   </div>
   <div class='ocr_carea' id='block_1_104' title="bbox 480 5717 2072 5801">
    <p class='ocr_par' dir='ltr' id='par_1_104' title="bbox 480 5717 2072 5801">
     <span class='ocr_line' id='line_1_104' title="bbox 480 5717 2072 5801; baseline -0.007 -17"><span class='ocrx_word' id='word_1_701' title='bbox 480 5725 552 5784; x_wconf 86' lang='grc' dir='ltr'><strong><em>Ἥ</em></strong></span> <span class='ocrx_word' id='word_1_702' title='bbox 578 5725 689 5801; x_wconf 76' lang='grc' dir='ltr'>ῒρις</span> <span class='ocrx_word' id='word_1_703' title='bbox 738 5727 800 5782; x_wconf 81' lang='grc' dir='ltr'>τὸ</span> <span class='ocrx_word' id='word_1_704' title='bbox 845 5723 1188 5800; x_wconf 89' lang='grc' dir='ltr'>καλούμενον</span> <span class='ocrx_word' id='word_1_705' title='bbox 1239 5723 1394 5794; x_wconf 85' lang='grc' dir='ltr'>τόξον</span> <span class='ocrx_word' id='word_1_706' title='bbox 1453 5719 1601 5799; x_wconf 77' lang='grc' dir='ltr'>παρὰ</span> <span class='ocrx_word' id='word_1_707' title='bbox 1649 5725 1765 5784; x_wconf 82' lang='grc' dir='ltr'>τοῖς</span> <span class='ocrx_word' id='word_1_708' title='bbox 1813 5717 2072 5792; x_wconf 83' lang='grc' dir='ltr'>πολλοῖς,</span> 
     </span>
    </p>
   </div>
   <div class='ocr_carea' id='block_1_105' title="bbox 403 5807 2075 5896">
    <p class='ocr_par' dir='ltr' id='par_1_105' title="bbox 403 5807 2075 5896">
     <span class='ocr_line' id='line_1_105' title="bbox 403 5807 2075 5896; baseline -0.005 -24"><span class='ocrx_word' id='word_1_709' title='bbox 403 5813 483 5894; x_wconf 67' lang='grc' dir='ltr'>τῇ</span> <span class='ocrx_word' id='word_1_710' title='bbox 536 5813 693 5896; x_wconf 75' lang='grc' dir='ltr'>φύσει</span> <span class='ocrx_word' id='word_1_711' title='bbox 753 5815 850 5892; x_wconf 77' lang='grc' dir='ltr'>μὶν</span> <span class='ocrx_word' id='word_1_712' title='bbox 906 5812 1270 5871; x_wconf 79' lang='grc' dir='ltr'>ἀνυπόστατόν</span> <span class='ocrx_word' id='word_1_713' title='bbox 1319 5810 1454 5886; x_wconf 75' lang='grc' dir='ltr'>ἐστι,</span> <span class='ocrx_word' id='word_1_714' title='bbox 1505 5811 1594 5869; x_wconf 85' lang='grc' dir='ltr'>καὶ</span> <span class='ocrx_word' id='word_1_715' title='bbox 1643 5807 1927 5894; x_wconf 70' lang='grc' dir='ltr'>φάντασμα</span> <span class='ocrx_word' id='word_1_716' title='bbox 1975 5810 2075 5881; x_wconf 79' lang='grc' dir='ltr'>τῆς</span> 
     </span>
    </p>
   </div>
   <div class='ocr_carea' id='block_1_106' title="bbox 2168 4829 3832 4902">
    <p class='ocr_par' dir='ltr' id='par_1_106' title="bbox 2168 4829 3832 4902">
     <span class='ocr_line' id='line_1_106' title="bbox 2168 4829 3832 4902; baseline -0.002 -15"><span class='ocrx_word' id='word_1_717' title='bbox 2168 4835 2497 4902; x_wconf 88' lang='lat' dir='ltr'>mutantur,</span> <span class='ocrx_word' id='word_1_718' title='bbox 2532 4848 2655 4899; x_wconf 80' lang='lat' dir='ltr'>quae</span> <span class='ocrx_word' id='word_1_719' title='bbox 2688 4830 2738 4886; x_wconf 90' lang='lat' dir='ltr'>si</span> <span class='ocrx_word' id='word_1_720' title='bbox 2770 4829 3140 4899; x_wconf 87' lang='lat' dir='ltr'>conspectior</span> <span class='ocrx_word' id='word_1_721' title='bbox 3170 4830 3510 4897; x_wconf 84' lang='lat' dir='ltr'>descendat,</span> <span class='ocrx_word' id='word_1_722' title='bbox 3536 4829 3675 4885; x_wconf 83' lang='lat' dir='ltr'>facit</span> <span class='ocrx_word' id='word_1_723' title='bbox 3695 4829 3832 4902; x_wconf 88' lang='lat' dir='ltr'>plu-</span> 
     </span>
    </p>
   </div>
   <div class='ocr_carea' id='block_1_107' title="bbox 2167 4917 3831 4989">
    <p class='ocr_par' dir='ltr' id='par_1_107' title="bbox 2167 4917 3831 4989">
     <span class='ocr_line' id='line_1_107' title="bbox 2167 4917 3831 4989; baseline -0.001 -13"><span class='ocrx_word' id='word_1_724' title='bbox 2167 4922 2346 4989; x_wconf 90' lang='lat' dir='ltr'>viam,</span> <span class='ocrx_word' id='word_1_725' title='bbox 2381 4920 2431 4976; x_wconf 89' lang='lat' dir='ltr'>si</span> <span class='ocrx_word' id='word_1_726' title='bbox 2466 4919 2804 4975; x_wconf 89' lang='lat' dir='ltr'>minutatim</span> <span class='ocrx_word' id='word_1_727' title='bbox 2854 4917 3221 4986; x_wconf 89' lang='lat' dir='ltr'>demittatur,</span> <span class='ocrx_word' id='word_1_728' title='bbox 3273 4933 3491 4988; x_wconf 91' lang='lat' dir='ltr'>rorem,</span> <span class='ocrx_word' id='word_1_729' title='bbox 3524 4923 3627 4973; x_wconf 88' lang='lat' dir='ltr'>aut</span> <span class='ocrx_word' id='word_1_730' title='bbox 3654 4919 3831 4974; x_wconf 89' lang='lat' dir='ltr'>modo</span> 
     </span>
    </p>
   </div>
   <div class='ocr_carea' id='block_1_108' title="bbox 2172 5006 3833 5078">
    <p class='ocr_par' dir='ltr' id='par_1_108' title="bbox 2172 5006 3833 5078">
     <span class='ocr_line' id='line_1_108' title="bbox 2172 5006 3833 5078; baseline -0.002 -12"><span class='ocrx_word' id='word_1_731' title='bbox 2172 5007 2928 5078; x_wconf 83' lang='lat' dir='ltr'>concrescunt,faciuntque</span> <span class='ocrx_word' id='word_1_732' title='bbox 2960 5006 3170 5074; x_wconf 90' lang='lat' dir='ltr'>nivem,</span> <span class='ocrx_word' id='word_1_733' title='bbox 3204 5012 3308 5061; x_wconf 91' lang='lat' dir='ltr'>aut</span> <span class='ocrx_word' id='word_1_734' title='bbox 3337 5007 3396 5062; x_wconf 91' lang='lat' dir='ltr'>in</span> <span class='ocrx_word' id='word_1_735' title='bbox 3429 5022 3643 5078; x_wconf 89' lang='lat' dir='ltr'>aquam</span> <span class='ocrx_word' id='word_1_736' title='bbox 3669 5007 3833 5078; x_wconf 89' lang='lat' dir='ltr'>prius</span> 
     </span>
    </p>
   </div>
   <div class='ocr_carea' id='block_1_109' title="bbox 2177 5095 3834 5169">
    <p class='ocr_par' dir='ltr' id='par_1_109' title="bbox 2177 5095 3834 5169">
     <span class='ocr_line' id='line_1_109' title="bbox 2177 5095 3834 5169; baseline -0.002 -15"><span class='ocrx_word' id='word_1_737' title='bbox 2177 5102 2487 5154; x_wconf 84' lang='lat' dir='ltr'>mutantur</span> <span class='ocrx_word' id='word_1_738' title='bbox 2536 5114 2602 5152; x_wconf 85' lang='lat' dir='ltr'>ac</span> <span class='ocrx_word' id='word_1_739' title='bbox 2651 5095 2861 5152; x_wconf 91' lang='lat' dir='ltr'>deinde</span> <span class='ocrx_word' id='word_1_740' title='bbox 2915 5095 3361 5169; x_wconf 90' lang='lat' dir='ltr'>congelascunt,</span> <span class='ocrx_word' id='word_1_741' title='bbox 3413 5097 3571 5152; x_wconf 89' lang='lat' dir='ltr'>unde</span> <span class='ocrx_word' id='word_1_742' title='bbox 3609 5096 3834 5168; x_wconf 84' lang='lat' dir='ltr'>grando</span> 
     </span>
    </p>
   </div>
   <div class='ocr_carea' id='block_1_110' title="bbox 2179 5185 3839 5258">
    <p class='ocr_par' dir='ltr' id='par_1_110' title="bbox 2179 5185 3839 5258">
     <span class='ocr_line' id='line_1_110' title="bbox 2179 5185 3839 5258; baseline -0.001 -14"><span class='ocrx_word' id='word_1_743' title='bbox 2179 5187 2468 5244; x_wconf 88' lang='lat' dir='ltr'>nascitur.</span> <span class='ocrx_word' id='word_1_744' title='bbox 2505 5187 2632 5242; x_wconf 68' lang='lat' dir='ltr'>Hiec</span> <span class='ocrx_word' id='word_1_745' title='bbox 2663 5185 2814 5241; x_wconf 82' lang='lat' dir='ltr'>ﬁunt</span> <span class='ocrx_word' id='word_1_746' title='bbox 2859 5187 3093 5257; x_wconf 89' lang='lat' dir='ltr'>quando</span> <span class='ocrx_word' id='word_1_747' title='bbox 3141 5185 3376 5242; x_wconf 83' lang='lat' dir='ltr'>levitate</span> <span class='ocrx_word' id='word_1_748' title='bbox 3406 5185 3546 5242; x_wconf 89' lang='lat' dir='ltr'>elati</span> <span class='ocrx_word' id='word_1_749' title='bbox 3593 5202 3839 5258; x_wconf 83' lang='lat' dir='ltr'>vapores</span> 
     </span>
    </p>
   </div>
   <div class='ocr_carea' id='block_1_111' title="bbox 2180 5276 3842 5348">
    <p class='ocr_par' dir='ltr' id='par_1_111' title="bbox 2180 5276 3842 5348">
     <span class='ocr_line' id='line_1_111' title="bbox 2180 5276 3842 5348; baseline 0 -15"><span class='ocrx_word' id='word_1_750' title='bbox 2180 5277 2357 5334; x_wconf 85' lang='lat' dir='ltr'>altius</span> <span class='ocrx_word' id='word_1_751' title='bbox 2391 5277 2786 5332; x_wconf 88' lang='lat' dir='ltr'>ascenderunt</span> <span class='ocrx_word' id='word_1_752' title='bbox 2814 5293 2827 5343; x_wconf 89' lang='lat'>;</span> <span class='ocrx_word' id='word_1_753' title='bbox 2860 5276 2910 5332; x_wconf 92' lang='lat' dir='ltr'>si</span> <span class='ocrx_word' id='word_1_754' title='bbox 2943 5292 3075 5332; x_wconf 89' lang='lat' dir='ltr'>vero</span> <span class='ocrx_word' id='word_1_755' title='bbox 3108 5277 3166 5331; x_wconf 90' lang='lat' dir='ltr'>in</span> <span class='ocrx_word' id='word_1_756' title='bbox 3212 5277 3477 5348; x_wconf 82' lang='lat' dir='ltr'>proximo</span> <span class='ocrx_word' id='word_1_757' title='bbox 3509 5281 3679 5332; x_wconf 67' lang='lat' dir='ltr'>terra:</span> <span class='ocrx_word' id='word_1_758' title='bbox 3709 5291 3842 5333; x_wconf 87' lang='lat' dir='ltr'>aere</span> 
     </span>
    </p>
   </div>
   <div class='ocr_carea' id='block_1_112' title="bbox 2180 5364 3845 5438">
    <p class='ocr_par' dir='ltr' id='par_1_112' title="bbox 2180 5364 3845 5438">
     <span class='ocr_line' id='line_1_112' title="bbox 2180 5364 3845 5438; baseline -0.002 -15"><span class='ocrx_word' id='word_1_759' title='bbox 2180 5366 2534 5434; x_wconf 86' lang='lat' dir='ltr'>subsistant,</span> <span class='ocrx_word' id='word_1_760' title='bbox 2592 5365 2790 5437; x_wconf 88' lang='lat' dir='ltr'>ibique</span> <span class='ocrx_word' id='word_1_761' title='bbox 2849 5364 3198 5438; x_wconf 88' lang='lat' dir='ltr'>congelent,</span> <span class='ocrx_word' id='word_1_762' title='bbox 3254 5370 3574 5438; x_wconf 90' lang='lat' dir='ltr'>generatur</span> <span class='ocrx_word' id='word_1_763' title='bbox 3629 5365 3845 5438; x_wconf 87' lang='lat' dir='ltr'>pruina</span> 
     </span>
    </p>
   </div>
   <div class='ocr_carea' id='block_1_113' title="bbox 2181 5453 3844 5514">
    <p class='ocr_par' dir='ltr' id='par_1_113' title="bbox 2181 5453 3844 5514">
     <span class='ocr_line' id='line_1_113' title="bbox 2181 5453 3844 5514; baseline 0 -2"><span class='ocrx_word' id='word_1_764' title='bbox 2181 5460 2469 5513; x_wconf 76' lang='lat' dir='ltr'>Caeterum</span> <span class='ocrx_word' id='word_1_765' title='bbox 2500 5454 2847 5512; x_wconf 83' lang='lat' dir='ltr'>Aristoteles</span> <span class='ocrx_word' id='word_1_766' title='bbox 2875 5453 3088 5512; x_wconf 89' lang='lat' dir='ltr'>horum</span> <span class='ocrx_word' id='word_1_767' title='bbox 3139 5455 3406 5514; x_wconf 91' lang='lat' dir='ltr'>omnium</span> <span class='ocrx_word' id='word_1_768' title='bbox 3446 5472 3689 5514; x_wconf 90' lang='lat' dir='ltr'>causam</span> <span class='ocrx_word' id='word_1_769' title='bbox 3722 5459 3844 5513; x_wconf 84' lang='lat' dir='ltr'>sta-</span> 
     </span>
    </p>
   </div>
   <div class='ocr_carea' id='block_1_114' title="bbox 2183 5544 2692 5618">
    <p class='ocr_par' dir='ltr' id='par_1_114' title="bbox 2183 5544 2692 5618">
     <span class='ocr_line' id='line_1_114' title="bbox 2183 5544 2692 5618; baseline -0.006 -15"><span class='ocrx_word' id='word_1_770' title='bbox 2183 5544 2297 5603; x_wconf 86' lang='lat' dir='ltr'>tuit</span> <span class='ocrx_word' id='word_1_771' title='bbox 2324 5562 2455 5603; x_wconf 86' lang='lat' dir='ltr'>esse</span> <span class='ocrx_word' id='word_1_772' title='bbox 2481 5545 2692 5618; x_wconf 82' lang='lat' dir='ltr'>frigus.</span> 
     </span>
    </p>
   </div>
   <div class='ocr_carea' id='block_1_115' title="bbox 2243 5634 3228 5692">
    <p class='ocr_par' dir='ltr' id='par_1_115' title="bbox 2243 5634 3228 5692">
     <span class='ocr_line' id='line_1_115' title="bbox 2243 5634 3228 5692; baseline 0.007 -8"><span class='ocrx_word' id='word_1_773' title='bbox 2243 5645 2248 5648; x_wconf 85' lang='lat'>&#39;</span> <span class='ocrx_word' id='word_1_774' title='bbox 2805 5634 2928 5689; x_wconf 86' lang='grc'>106.</span> <span class='ocrx_word' id='word_1_775' title='bbox 2961 5635 3035 5691; x_wconf 86' lang='lat' dir='ltr'>De</span> <span class='ocrx_word' id='word_1_776' title='bbox 3066 5634 3228 5692; x_wconf 71' lang='lat' dir='ltr'>iride.</span> 
     </span>
    </p>
   </div>
   <div class='ocr_carea' id='block_1_116' title="bbox 2256 5723 3846 5798">
    <p class='ocr_par' dir='ltr' id='par_1_116' title="bbox 2256 5723 3846 5798">
     <span class='ocr_line' id='line_1_116' title="bbox 2256 5723 3846 5798; baseline -0.001 -17"><span class='ocrx_word' id='word_1_777' title='bbox 2256 5725 2366 5784; x_wconf 91' lang='lat' dir='ltr'>Iris</span> <span class='ocrx_word' id='word_1_778' title='bbox 2396 5741 2570 5798; x_wconf 90' lang='lat' dir='ltr'>quem</span> <span class='ocrx_word' id='word_1_779' title='bbox 2601 5723 2814 5797; x_wconf 88' lang='lat' dir='ltr'>vulgus</span> <span class='ocrx_word' id='word_1_780' title='bbox 2844 5739 3046 5779; x_wconf 87' lang='lat' dir='ltr'>arcum</span> <span class='ocrx_word' id='word_1_781' title='bbox 3076 5732 3264 5792; x_wconf 78' lang='lat' dir='ltr'>vocat,</span> <span class='ocrx_word' id='word_1_782' title='bbox 3297 5729 3512 5783; x_wconf 89' lang='lat' dir='ltr'>natura</span> <span class='ocrx_word' id='word_1_783' title='bbox 3540 5743 3659 5783; x_wconf 90' lang='lat' dir='ltr'>non</span> <span class='ocrx_word' id='word_1_784' title='bbox 3700 5723 3846 5782; x_wconf 90' lang='lat' dir='ltr'>sub-</span> 
     </span>
    </p>
   </div>
   <div class='ocr_carea' id='block_1_117' title="bbox 2186 5811 3853 5890">
    <p class='ocr_par' dir='ltr' id='par_1_117' title="bbox 2186 5811 3853 5890">
     <span class='ocr_line' id='line_1_117' title="bbox 2186 5811 3853 5890; baseline -0.005 -13"><span class='ocrx_word' id='word_1_785' title='bbox 2186 5817 2365 5890; x_wconf 82' lang='lat' dir='ltr'>sistit,</span> <span class='ocrx_word' id='word_1_786' title='bbox 2397 5816 2500 5874; x_wconf 88' lang='lat' dir='ltr'>sed</span> <span class='ocrx_word' id='word_1_787' title='bbox 2531 5813 2877 5888; x_wconf 85' lang='lat' dir='ltr'>imaginatio</span> <span class='ocrx_word' id='word_1_788' title='bbox 2908 5818 2999 5872; x_wconf 87' lang='lat' dir='ltr'>est</span> <span class='ocrx_word' id='word_1_789' title='bbox 3029 5811 3383 5888; x_wconf 89' lang='lat' dir='ltr'>videntium,</span> <span class='ocrx_word' id='word_1_790' title='bbox 3415 5815 3558 5871; x_wconf 89' lang='lat' dir='ltr'>dum</span> <span class='ocrx_word' id='word_1_791' title='bbox 3587 5813 3739 5871; x_wconf 89' lang='lat' dir='ltr'>radii</span> <span class='ocrx_word' id='word_1_792' title='bbox 3769 5811 3853 5870; x_wconf 83' lang='lat' dir='ltr'>ab</span> 
     </span>
    </p>
   </div>
  </div>
