4110 6432
422 4 1791 33 W

294 417 409 476 751

1678 407 2102 473 MICHAELIS
2149 410 2242 473 PS
2252 412 2425 474 ELLI

3607 416 3731 477 752

296 546 482 623 oculis
515 546 572 602 in
622 545 784 603 illam
833 544 1105 601 incidunt
1151 560 1217 600 ac
1277 543 1491 599 deinde
1550 541 1942 615 refringuntur

2072 541 2289 617 ὁρώσης
2347 537 2544 619 ὅψεως,
2603 544 2835 601 ἀκτίνων
2895 544 3001 601 ἀπὸ
3056 548 3165 602 τῶν
3215 542 3516 625 ὀφθαλμῶν
3558 566 3730 623 προσ-

293 642 468 710 atque
498 636 577 693 ita
607 652 781 693 arcus
810 637 1061 707 figuram
1119 634 1402 691 referunt.
1433 631 1583 689 Vere
1634 636 1830 687 autem
1863 647 1955 687 ar-

295 744 427 782 cum
456 730 837 800 repraesentat
866 725 1309 797 iris,nunquam
1335 722 1495 780 enim
1517 721 1828 790 circulum,
1853 721 1957 777 sed

297 833 527 890 semper
555 814 926 873 semicirculo
958 816 1246 870 minorem
1267 814 1642 885 majoremve.
1667 809 1741 867 Ut
1767 810 1957 883 pluri-

297 926 464 965 mum
495 925 530 964 a
558 906 701 977 sole,
730 907 924 962 rarius
944 906 1122 961 etiam
1149 923 1183 961 a
1210 906 1353 961 luna
1381 907 1646 976 apparet,
1676 908 1733 959 et
1762 903 1834 958 de
1864 901 1957 958 die

295 997 684 1069 frequentius,
719 996 911 1051 rarius
960 1001 1176 1050 noctu:
1214 994 1429 1064 sapius
1480 1009 1657 1064 prOpe
1684 992 1954 1048 horizon-

296 1097 430 1157 tem,
465 1085 665 1142 minus
694 1085 1031 1155 frequenter
1059 1083 1216 1138 circa
1237 1081 1792 1138 meridianum.Non
1825 1097 1954 1137 raro

293 1176 476 1234 simul
494 1176 610 1231 duo
628 1173 1075 1244 conspiciuntur
1092 1171 1502 1242 irides,estque
1527 1169 1779 1242 singulis
1797 1168 1958 1225 color

294 1264 528 1338 triplex.
580 1261 827 1319 Interior
872 1277 1019 1316 zona
1066 1259 1382 1332 puniceum
1431 1258 1624 1329 habet,
1658 1260 1843 1314 altera
1872 1257 1954 1312 vi-

295 1355 504 1423 ridem,
538 1351 711 1408 tertia
740 1350 989 1406 colorem
1041 1364 1314 1405 croceum
1365 1364 1432 1405 ac
1486 1347 1661 1404 veluti
1695 1348 1954 1421 subpur-

294 1458 566 1517 pureum,
597 1443 948 1511 constatque
978 1438 1083 1495 iris
1115 1436 1510 1510 inaequalibus
1536 1441 1594 1494 et
1649 1436 1955 1494 dissimili-

293 1536 406 1590 bus
438 1530 720 1589 nubibus.

862 1816 986 1872 107.
1020 1815 1094 1871 De
1132 1813 1351 1870 halone.

2066 637 2405 705 πιπτουσῶν,
2457 637 2574 690 εἶτα
2629 631 2695 704 δὴ
2751 635 3180 709 ἀνακλωμὺων,
3221 636 3311 691 καὶ
3344 637 3406 692 τὸ
3440 639 3537 691 τοῦ
3568 634 3729 710 τόξου

2067 727 2264 797 σχῆμα
2294 721 2698 802 ἐμφαινουσῶν·
2735 725 2888 780 Ἔστι
2940 721 2999 780 δὶ
3050 724 3127 787 ὡς
3179 723 3401 797 ἀληθῶς
3426 723 3580 798 τόξον
3635 725 3729 782 ἄν·

2063 830 2251 887 τικρυς
2301 813 2435 869 κατά
2514 814 2579 869 τὸ
2657 822 2872 891 σχῆμα,
2959 811 3228 871 οὐδέποτε
3311 815 3417 892 γὰρ
3484 814 3726 895 φαίνεται

2064 898 2410 977 κυκλοτερὲς,
2445 901 2575 958 ἀλλ’
2606 900 2640 973 ἤ
2681 900 2906 959 ἔλαττον
2949 902 2985 974 ἤ
3018 903 3184 960 πλέον
3212 904 3548 976 ἡμικύκλου.
3585 905 3727 962 Φαί-

2064 1011 2213 1045 νεται
2272 988 2331 1047 δὲ
2386 992 2460 1057 ὡς
2517 991 2605 1047 ἐπὶ
2647 994 2711 1048 τὸ
2759 992 3018 1048 πλεῖστον
3080 994 3175 1066 μὶν
3240 992 3348 1048 ἀπὸ
3393 997 3490 1049 τοῦ
3532 993 3727 1066 ἡλίου,

2066 1081 2307 1142 σπανίως
2338 1078 2396 1136 ὁὶ
2442 1082 2547 1136 ἀπὸ
2594 1086 2697 1147 τῆς
2747 1081 3004 1155 σελήνης,
3062 1082 3152 1138 καὶ
3188 1081 3424 1157 μάλιστα
3458 1084 3553 1157 μὶν
3584 1083 3727 1159 ἡμέ-

2067 1188 2185 1244 ρας,
2244 1172 2488 1233 σπανίως
2547 1168 2605 1226 δὲ
2660 1171 2874 1246 νυκτὸς,
2907 1173 2996 1227 καὶ
3045 1170 3301 1228 πλεῖστον
3356 1174 3451 1246 μὲν
3500 1172 3588 1228 ἰπὶ
3633 1174 3730 1231 τὸν

2068 1258 2341 1334 ὁρίζοντα,
2394 1260 2636 1324 σπανίως
2685 1259 2744 1317 δὶ
2791 1262 2915 1336 περὶ
2960 1260 3052 1316 τὸν
3090 1256 3466 1338 μεσημϐρινὸν
3498 1261 3726 1323 κύκλον.

2066 1346 2351 1412 Πολλάκις
2384 1345 2441 1405 δὲ
2470 1348 2522 1405 ἐν
2554 1355 2735 1424 ταυτῷ
2781 1351 2870 1406 καὶ
2909 1348 3005 1406 δύο
3038 1350 3318 1429 φαίνονται
3346 1348 3538 1428 ἴριδες.
3571 1354 3728 1412 Ἔστι

2067 1432 2125 1491 δὲ
2178 1442 2323 1492 πᾶσα
2378 1439 2488 1515 ὶρις
2536 1438 2822 1516 τρίχροος.
2896 1441 2963 1497 Ἦ
3040 1440 3134 1515 μὶν
3204 1440 3309 1517 γὰρ
3364 1439 3514 1506 ἐντὸς
3561 1442 3729 1514 αὐτῆς

2067 1525 2212 1596 ζώνη
2248 1528 2471 1604 φοινική
2506 1536 2521 1561 ⁸
2550 1531 2585 1599 ἡ
2638 1526 2695 1583 δὲ
2752 1525 2974 1602 δευτίρα
3019 1527 3305 1605 πράσινος,
3363 1531 3399 1601 ἡ
3463 1527 3521 1586 δὶ
3560 1530 3721 1605 τρίτη

2066 1615 2359 1694 ἀλουργὸς,
2391 1618 2481 1672 καὶ
2536 1619 2653 1674 οἷον
2709 1617 3120 1696 ὑποπόρφυρος.
3174 1620 3498 1676 Συνίσταται
3547 1617 3605 1677 δὲ
3634 1619 3725 1678 ἐπὶ

2064 1705 2384 1781 ἀνωμάλοις
2414 1706 2505 1763 καὶ
2538 1708 2963 1784 ἀνομοιομερὲσι
2992 1709 3193 1788 νέφεσι.

2616 1820 2715 1891 ρζ.
2749 1816 2881 1891 Περὶ
2909 1822 3011 1887 τῆς
3041 1813 3182 1875 ἅλω.

363 1910 553 1967 Etiam
586 1908 743 1981 quod
775 1907 836 1962 in
868 1902 1180 1962 sublunari
1227 1901 1467 1974 regione
1499 1904 1741 1973 apparet
1782 1899 1936 1957 velut

2143 1905 2241 1958 Kal
2272 1905 2335 1960 τὸ
2364 1903 2468 1959 ὐπὸ
2509 1906 2609 1976 τὴν
2661 1908 2900 1977 σελήνην
2930 1903 2987 1961 δὲ
3036 1907 3361 1984 φαινόμενον
3412 1909 3527 1963 οἷον
3557 1907 3710 1966 ἀλώ-

290 2003 625 2071 halonium,
656 2003 884 2057 tantum
914 1998 999 2052 ita
1040 1996 1290 2062 videtur,
1338 2009 1526 2063 neque
1556 1993 1942 2049 substantiam

2068 2014 2208 2067 νιον,
2261 1995 2379 2049 κατ’
2432 1989 2661 2069 ἔμφασίν
2723 1993 2889 2065 ἰστιν,
2921 1994 3048 2051 ἀλλ’
3106 1997 3170 2051 ού
3227 1996 3347 2060 καθ’
3406 1997 3721 2067 ὑπόστασιν,

291 2092 469 2149 habet
500 2088 821 2162 propriam,
854 2089 1126 2141 caterum
1158 2084 1346 2137 multa
1375 2081 1461 2137 illi
1483 2087 1625 2137 sunt
1652 2080 1820 2137 iridis
1850 2098 1952 2138 na-

288 2186 435 2236 turae
475 2175 788 2234 contraria.
839 2173 1222 2245 Frequentius
1276 2170 1433 2227 enim
1493 2169 1857 2243 conspicitur
1888 2175 1955 2227 ut

288 2267 545 2325 circulus
598 2266 911 2338 perfectus,
944 2262 1100 2317 haud
1149 2259 1235 2315 ita
1281 2276 1435 2331 sape
1475 2259 1670 2315 minor
1709 2259 1948 2327 circulo,

288 2358 673 2427 crebriusque
704 2355 861 2410 circa
906 2352 1109 2407 lunam
1143 2366 1322 2421 quam
1365 2349 1521 2405 circa
1552 2348 1758 2417 solem,
1789 2355 1849 2405 et
1878 2352 1950 2405 de

285 2449 381 2504 die
402 2447 601 2503 minus
629 2445 966 2515 frequenter
986 2456 1163 2513 quam
1189 2441 1260 2495 de
1283 2442 1471 2508 nocte,
1502 2438 1949 2511 saepissimeque

285 2539 440 2594 circa
473 2535 892 2599 meridianum,
925 2536 985 2587 at
1015 2545 1195 2603 prope
1246 2528 1613 2584 horizontem
1645 2535 1945 2586 rarenter:

285 2632 344 2683 et
371 2627 548 2683 unica
578 2639 812 2696 semper
867 2622 1168 2693 uniusque
1220 2617 1455 2687 coloris,
1486 2618 1766 2674 nimirum
1799 2618 1947 2674 albi-

285 2717 498 2785 cantis,
533 2732 599 2772 ac
625 2710 896 2771 consistit
916 2726 985 2767 ex
1004 2709 1264 2765 nubibus
1283 2708 1611 2781 equalibus
1630 2716 1684 2765 et
1724 2707 1946 2764 simila-

287 2806 472 2863 ribus.
496 2805 698 2861 Oritur
723 2809 781 2859 et
807 2801 937 2857 halo
959 2817 1029 2855 ex
1052 2798 1291 2855 visionis
1312 2797 1678 2854 refractione.
1706 2797 1948 2870 Oportet

289 2912 422 2952 vero
453 2895 511 2951 id
544 2892 699 2966 quod
730 2891 924 2947 visum
957 2887 1227 2960 refringit
1272 2902 1401 2943 esse
1431 2885 1570 2942 laeve
1601 2902 1667 2941 ac
1699 2886 1946 2957 pelluci-

286 2987 449 3051 dum,
481 2989 549 3040 ut
598 2983 680 3038 ibi
738 2979 964 3051 species
1011 2978 1265 3034 visibilis
1323 2982 1623 3049 appareat.
1657 2975 1943 3033 Caeterum

286 3073 520 3129 halonis
552 3085 788 3143 quoque
819 3067 1078 3125 circulus
1112 3072 1168 3122 et
1197 3065 1366 3121 iridis
1398 3065 1586 3135 ﬁgura
1615 3065 1944 3121 rationibus

283 3166 769 3220 demonstrantur
814 3156 1209 3232 geometricis,
1242 3171 1391 3228 quas
1439 3170 1591 3228 aagre
1621 3156 1944 3211 admittunt

281 3253 453 3327 regiae
485 3267 679 3309 aures.

872 3426 1004 3483 408.
1046 3428 1124 3481 De
1148 3424 1343 3495 virgis.

358 3524 497 3590 Quae
526 3520 584 3576 in
613 3534 747 3576 aere
781 3518 1068 3588 apparent
1094 3517 1379 3584 tanquam
1408 3510 1804 3585 virgameque
1825 3509 1945 3567 luci

284 3613 548 3669 adversm
578 3607 914 3665 consistunt
935 3605 1123 3659 instar
1150 3601 1539 3672 iridis,neque
1564 3601 1946 3671 perpendicu-

282 3698 486 3757 lariter
514 3704 746 3755 exstant
766 3696 877 3751 sub
908 3693 1028 3761 illa,
1064 3698 1129 3747 ut
1160 3690 1316 3760 halo,
1338 3694 1689 3763 tantumque
1709 3691 1945 3765 conspi-

285 3792 525 3848 ciuntur
553 3789 626 3844 de
657 3786 772 3855 die,
805 3791 863 3841 et
893 3783 1047 3839 circa
1074 3781 1259 3837 solem
1293 3781 1487 3847 modo,
1520 3785 1579 3835 et
1607 3781 1763 3836 circa
1792 3781 1944 3837 hori.

285 3874 802 3936 zontem'maxime
832 3869 1279 3936 occidentalem,
1304 3869 1495 3923 rarius
1525 3868 1700 3924 etiam
1733 3871 1792 3925 in
1828 3886 1944 3924 me-

280 3970 531 4035 ridiano,
566 3968 833 4037 ﬁuntque
864 3979 933 4018 ex
963 3959 1359 4031 inaequalibus
1388 3964 1447 4014 et
1477 3960 1944 4017 dissimilaribus

280 4059 540 4115 nubibus
574 4055 815 4128 perinde
849 4054 915 4107 ut
944 4050 1067 4105 iris.
1104 4048 1332 4103 Habent
1361 4052 1419 4102 et
1456 4046 1594 4116 ipsis
1643 4046 1938 4120 triplicem

276 4142 751 4216 colorem,multa
779 4141 935 4199 enim
962 4138 1145 4210 virgis
1177 4142 1235 4193 et
1256 4136 1391 4192 iridi
1416 4138 1756 4193 communia
1776 4143 1938 4209 sunt,

274 4240 514 4307 excepta
546 4233 887 4305 ﬂgura,qnse
930 4227 1064 4282 iridi
1116 4230 1205 4282 est
1246 4225 1625 4298 imperfectus
1655 4225 1935 4295 circulus,

274 4341 410 4382 cum
446 4324 617 4396 virga
640 4322 760 4376 sint
781 4320 840 4375 in
863 4321 1083 4373 rectam
1118 4315 1333 4371 lineam
1357 4315 1939 4372 conformataﬂinnt

274 4430 408 4471 vero
442 4429 545 4486 per
591 4409 1027 4474 refractionem,
1060 4406 1285 4461 visione
1312 4421 1381 4461 ex
1427 4421 1547 4460 una
1589 4404 1743 4460 nube
1775 4403 1935 4461 dela-

274 4505 445 4559 bente
474 4501 535 4556 in
567 4498 837 4567 alteram,
869 4500 1046 4567 atque
1076 4494 1213 4551 inde
1245 4494 1492 4549 refracta
1522 4493 1595 4549 ad
1627 4492 1801 4549 aliam
1826 4510 1933 4549 nu-

2062 2084 2129 2138 τά
2187 2082 2397 2138 ἰναντία
2450 2082 2509 2138 δὲ
2561 2080 2680 2160 ἔχει
2729 2091 2831 2153 τῆς
2910 2082 3108 2161 ἴριδος.
3169 2085 3292 2143 Ἐπὶ
3345 2087 3440 2160 μὲν
3499 2088 3599 2165 γὰρ
3654 2088 3720 2145 τὸ

2061 2170 2320 2228 πλεῖστον
2371 2171 2576 2236 κύκλος
2643 2172 2886 2251 φαίνεται
2942 2175 3176 2244 τᾶΛειος,
3236 2178 3602 2253 σπανιώτερον
3663 2174 3723 2234 δὶ

2060 2258 2299 2317 ἐλάττων
2339 2261 2565 2319 κύκλου.
2612 2262 2711 2317 Καὶ
2754 2265 2878 2338 περὶ
2932 2263 3028 2336 μὶν
3060 2266 3158 2333 τὴν
3193 2262 3429 2335 σελήνην
3463 2265 3721 2341 μάλιστα,

2060 2344 2285 2407 ἔλαττον
2318 2348 2376 2406 δὲ
2401 2353 2491 2406 καὶ
2540 2351 2665 2427 περὶ
2707 2353 2800 2408 τὸν
2851 2351 3012 2423 ἤλιον
3068 2353 3339 2429 φαίνεται,
3385 2355 3478 2409 καὶ
3528 2355 3723 2420 νυκτὸς

2065 2440 2158 2514 μὲν
2211 2439 2404 2508 πλέον,
2451 2436 2677 2497 ἔλαττον
2748 2439 2805 2497 δὲ
2847 2441 3079 2516 ἡμέρας.
3138 2445 3241 2500 Καὶ
3300 2443 3423 2519 περὶ
3487 2445 3584 2518 μὲν
3626 2446 3718 2501 τὸν

2063 2525 2439 2605 μεσημϐρινὸν
2466 2528 2669 2586 κύκλον
2703 2530 2777 2594 ὡς
2811 2529 2896 2586 ἐπὶ
2947 2531 3010 2587 τὸ
3058 2536 3342 2601 πλεῖσσον,
3375 2534 3617 2596 σπανίως
3660 2531 3719 2589 δὶ

2057 2619 2182 2694 περὶ
2210 2619 2301 2675 τὸν
2354 2620 2626 2695 ὁρίζοντα.
2670 2619 2774 2678 Καὶ
2828 2618 2926 2692 μία
2965 2620 3045 2676 ἀεὶ
3093 2620 3184 2676 καὶ
3219 2641 3549 2697 μονοχροος,
3581 2619 3714 2692 ἤτοι

2059 2703 2250 2779 λευκὴ,
2304 2708 2392 2764 καὶ
2438 2710 2748 2765 συνίσταται
2802 2708 2887 2765 ἰπὶ
2941 2708 3176 2784 ὁμαλοῖς
3214 2712 3303 2766 καὶ
3356 2710 3711 2787 ὁμοιομερὲσι

2055 2798 2256 2875 νέφεσι.
2315 2797 2525 2853 Γίνεται
2585 2796 2644 2853 δὶ
2716 2799 2807 2854 καὶ
2882 2795 3019 2870 αὕτη
3097 2798 3149 2871 ἐξ
3207 2797 3549 2864 ἀνακλάσεως
3605 2805 3707 2871 τῆς

2056 2881 2254 2960 ὄψεως.
2298 2892 2391 2942 Δεῖ
2445 2884 2502 2942 δὶ
2551 2887 2614 2943 τὸ
2668 2883 2917 2959 ἕνοπτον,
2976 2888 3065 2964 ἀφ’
3117 2888 3179 2943 οὗ
3226 2886 3543 2959 ἀνακλᾶται,
3574 2889 3709 2945 εἶναι

2052 2975 2142 3031 καὶ
2198 2975 2346 3032 λεῖον
2403 2977 2492 3032 καὶ
2542 2975 2813 3055 διαφανὲς,
2866 2977 2961 3033 ’ίνα
3037 2976 3209 3033 ἐκεῖσε
3266 2977 3592 3058 ἃμφαίνηται
3649 2978 3714 3035 τὸ

2054 3063 2282 3122 ε’ίδωλον
2339 3070 2437 3122 τοῦ
2486 3066 2703 3143 ὁρατοῦ.
2759 3070 2910 3123 Ἔστι
2957 3064 3015 3123 δὶ
3067 3069 3102 3137 ἡ
3154 3063 3426 3139 ἀπόδειξις
3474 3068 3564 3124 καὶ
3611 3074 3711 3124 τοῦ

2048 3161 2149 3225 τῆς
2183 3153 2301 3211 ἅλω
2331 3155 2559 3228 κύκλου,
2605 3156 2695 3212 καὶ
2742 3161 2845 3212 τοῦ
2889 3164 2992 3228 τῆς
3034 3153 3218 3233 ’ίριδος
3258 3160 3548 3233 σχήματος
3574 3178 3707 3233 γεω-

1966 3286 2011 3356 C
2053 3246 2306 3356 μετρικὴ,
2366 3245 2456 3302 καὶ
2518 3243 2607 3301 διὰ
2657 3250 2821 3302 τοῦτο
2878 3246 2970 3303 καὶ
3027 3243 3387 3322 δυσπόριστος
3448 3245 3707 3324 βασιλικῇ

2054 3335 2218 3410 ἀκοῇ.

2623 3426 2730 3501 ρη’.
2757 3425 2888 3500 Περὶ
2920 3419 3159 3503 ῥάϐδων.

2122 3514 2188 3571 Al
2249 3512 2571 3588 φαινόμεναι
2628 3516 2745 3570 οἷον
2794 3509 2988 3592 ῥάϐδοι
3037 3514 3175 3570 κατά
3226 3515 3317 3571 τὸν
3381 3514 3531 3591 ἀέρα,
3583 3513 3711 3572 οὕτε

2051 3601 2375 3677 κατάντικρυ
2407 3603 2748 3658 συνίστανται
2796 3607 2891 3659 τοῦ
2942 3601 3224 3680 λαμπροῦ,
3270 3602 3452 3681 ὥσπερ
3482 3606 3517 3675 ἠ
3565 3603 3703 3680 Ἶρις,

2053 3689 2176 3745 οὕτε
2230 3692 2369 3746 κατὰ
2416 3693 2661 3762 κάθετον,
2722 3691 2905 3768 ὥσπερ
2960 3694 2996 3762 ἠ
3057 3690 3226 3756 ἄλως.
3287 3691 3586 3750 Φαίνονται
3647 3690 3707 3749 δὶ

2050 3781 2263 3856 ἡμέρας
2298 3780 2487 3855 μόνον,
2545 3782 2633 3836 καὶ
2683 3780 2807 3855 περὶ
2862 3781 2955 3836 τὸν
3004 3778 3168 3852 ἥλιον
3229 3781 3418 3856 μόνον,
3450 3781 3540 3837 καὶ
3583 3780 3707 3858 περὶ

2048 3868 2140 3924 τὸν
2174 3870 2427 3945 ὁρίζοντα
2480 3868 2717 3944 μάλιστα
2764 3871 2859 3927 τὸν
2905 3868 3150 3943 δυτικὸν,
3192 3867 3415 3928 ἔλαττον
3445 3869 3622 3928 δὲκαὶ
3654 3871 3709 3927 ἐν

2046 3963 2127 4031 τῷ
2159 3955 2540 4037 μεσημϐρινῷ,
2598 3958 2687 4014 καὶ
2737 3959 2828 4015 ἰπῖ
2878 3959 3214 4035 ἀνωμάλων,
3253 3960 3345 4017 καὶ
3377 3960 3707 4035 ἀνομοιομε-

2050 4051 2156 4124 ρῶν
2212 4053 2384 4127 νεφῶν
2441 4049 2621 4123 ὥσπερ
2678 4048 2767 4104 καὶ
2818 4051 2854 4119 ἡ
2915 4052 3044 4126 ἶρις.
3109 4050 3235 4108 Εἷ¹σῖ
3290 4047 3348 4106 δὶ
3386 4051 3645 4129 τρίχροοι
3683 4068 3698 4085 ο

2048 4138 2239 4206 πολλή
2268 4138 2369 4213 γὰρ
2402 4139 2719 4213 συγγὲννεια
2747 4145 2869 4203 ταῖς
2907 4135 3130 4216 ῥάϐδοις
3167 4143 3258 4197 καὶ
3286 4145 3356 4216 τῇ
3389 4137 3521 4216 ἴριδι
3556 4138 3704 4210 πλὴν

2044 4230 2142 4282 τοῦ
2190 4230 2505 4302 σχήματος,
2531 4227 2613 4282 ὅτι
2646 4229 2681 4299 ἡ
2729 4228 2822 4300 μὶν
2872 4234 2983 4304 ἶρις
3024 4230 3472 4304 ἀποτετμημένος
3499 4227 3704 4292 κύκλος

2047 4315 2213 4385 ἐστὶν,
2274 4317 2327 4371 αἱ
2388 4312 2446 4371 δὲ
2498 4311 2690 4395 ῥάϐδοι
2721 4319 2841 4381 καθ’
2897 4318 3195 4395 εὐθυωρίαν
3224 4318 3491 4375 τέτανται.
3527 4305 3707 4373 Γίνον-

2042 4425 2133 4461 ται
2190 4402 2248 4461 δὲ
2303 4406 2459 4462 αὗται
2512 4407 2650 4463 κατὰ
2714 4405 3007 4465 ἀνάκλασιν
3085 4406 3543 4486 προσπιπτούσης
3599 4412 3701 4474 τῆς

2043 4495 2242 4571 ὅψεωςο
2297 4499 2402 4554 ἀπὸ
2462 4496 2655 4578 νέφους
2710 4498 2789 4566 εἷς
2842 4501 3031 4579 νέφος,
3089 4500 3336 4562 κάκεῖθεν
3370 4493 3701 4568 ἀνακλωμέ-

268 4594 400 4649 bem
457 4589 889 4646 candicantem.
950 4584 1190 4649 Quando
1236 4582 1436 4654 itaque
1471 4582 1819 4639 Aristoteles
1861 4583 1932 4639 de

2054 4608 2140 4657 mc;
2168 4588 2304 4661 πρὸς
2347 4584 2529 4663 ἕτερον
2579 4589 2738 4666 νέφος
2785 4588 3004 4647 λευκόν.
3050 4590 3213 4646 Ὅταν
3266 4584 3323 4641 δὲ
3380 4583 3517 4661 λέγῃ
3550 4587 3702 4656 Ἀρι-

266 4683 447 4756 virgis
478 4681 748 4754 loquens,
782 4678 865 4733 ait
895 4674 1134 4745 refringi
1166 4673 1453 4729 visionem
1486 4673 1542 4727 in
1594 4673 1738 4738 sole,
1771 4674 1934 4731 noris

2054 4656 2309 4748 πτοτίλης
2337 4656 2463 4754 περὶ
2502 4682 2609 4733 τῶν
2651 4656 2901 4755 ῥάϐδων,
2933 4679 3015 4732 ὅτι
3049 4675 3132 4731 ἔπ’
3162 4673 3339 4729 αὐτῶν
3398 4656 3699 4729 ἀνακλᾶται

265 4773 674 4829 candicantem
702 4769 919 4824 nubem
961 4766 1076 4820 isto
1105 4763 1167 4819 in
1217 4762 1343 4819 loco
1375 4762 1614 4839 nomine
1663 4762 1807 4819 solis
1836 4763 1928 4821 in-

267 4862 474 4937 telligi.

821 4963 943 5020 109.
984 4962 1059 5017 De
1083 4959 1381 5032 parheliis.

338 5058 525 5115 Multa
556 5060 696 5114 sunt
727 5051 1009 5129 parheliis
1043 5049 1383 5106 communia
1414 5064 1549 5104 cum
1581 5048 1924 5122 virgis,nam

262 5152 322 5204 et
350 5148 410 5203 hi
442 5165 546 5220 per
586 5152 992 5203 transversum
1055 5158 1087 5196 a
1119 5140 1248 5196 luce
1297 5138 1593 5205 oriuntur,
1626 5143 1683 5194 et
1730 5140 1802 5196 de
1833 5140 1926 5198 die

260 5235 657 5303 solummodo,
691 5251 795 5292 nec
828 5233 941 5289 nisi
976 5230 1131 5287 circa
1160 5227 1365 5296 solem,
1400 5230 1458 5282 et
1489 5228 1742 5285 maxime
1773 5228 1925 5287 circa

261 5323 684 5383 occidentalem
733 5323 1105 5380 horizontem
1160 5318 1248 5376 vel
1291 5316 1707 5375 meridianum.
1742 5318 1923 5376 Caete-

260 5430 391 5470 rum
414 5413 584 5486 virgae
608 5414 666 5468 in
689 5413 951 5469 nubibus
969 5407 1359 5482 inaequalibus
1378 5422 1442 5461 ac
1460 5405 1922 5467 dissimilari'ous

260 5507 613 5576 generantur
645 5503 886 5574 perinde
916 5506 983 5557 ut
1014 5499 1215 5568 irides,
1249 5495 1497 5570 parhelii
1527 5502 1720 5552 autem
1754 5497 1922 5555 halo-

258 5589 353 5648 nis
400 5594 461 5646 in
522 5591 766 5647 modum
817 5591 875 5645 in
928 5588 1258 5661 aequalibus
1305 5604 1372 5643 ac
1415 5584 1802 5644 similaribus.
1842 5590 1921 5645 Ac

257 5684 433 5755 virgas
464 5681 703 5754 quidem
734 5679 951 5752 triplici
983 5677 1174 5735 colore
1216 5681 1359 5734 sunt
1408 5679 1473 5732 ut
1500 5674 1657 5731 halo.
1693 5676 1773 5733 De
1801 5676 1920 5735 illis

254 5786 392 5860 vero
424 5769 730 5835 sciendum
779 5768 1055 5857 est,quod
1087 5770 1229 5825 tunc
1275 5765 1549 5827 refractio
1580 5782 1612 5824 ιι
1667 5767 1823 5826 nube
1896 5772 1921 5828 t

2035 4769 2071 4838 ὴ
2129 4765 2254 4840 ὄψις
2280 4767 2416 4842 πρὸς
2440 4767 2533 4823 τὸν
2565 4764 2748 4837 ¹ἥλιον,
2780 4770 2952 4841 γνῶθι
2983 4764 3067 4820 ὅτι
3098 4762 3261 4834 ἥλιον
3292 4768 3383 4819 νῦν
3415 4763 3476 4821 τὸ
3501 4761 3695 4820 λευκὸν

2034 4853 2195 4934 νέφος
2226 4853 2497 4913 ἐκάλεσεν.

2566 4964 2663 5038 ρθ’.
2700 4958 2830 5035 Περὶ
2860 4957 3173 5034 παρηλίων.

2106 5051 2334 5125 Πολλὴν
2390 5055 2675 5108 κοινωνίαν
2736 5046 2956 5124 ἔχουσιν
3018 5050 3069 5105 οὶ
3121 5048 3390 5124 παρήλιοι
3420 5051 3558 5127 πρὸς
3596 5050 3697 5117 τὰς

2035 5137 2269 5220 ῥάϐδους
2301 5162 2314 5174 ·
2362 5140 2453 5197 καὶ
2500 5141 2601 5216 γὰρ
2644 5139 2736 5196 καὶ
2786 5138 2935 5195 οὗτοι
2987 5138 3048 5195 ἐκ
3093 5139 3345 5217 πλαγίων
3390 5144 3489 5196 τοῦ
3541 5141 3694 5213 λαμ-

2032 5235 2173 5308 προῦ
2213 5229 2476 5308 γίνονται,
2528 5230 2617 5283 καὶ
2681 5228 2893 5305 ἡμέρας
2965 5230 3158 5304 μόνον,
3204 5230 3331 5307 περὶ
3385 5230 3476 5285 τὸν
3526 5227 3690 5300 *ἥλιον

2036 5321 2223 5395 μόνον,
2256 5319 2347 5375 καὶ
2382 5317 2622 5392 μάλιστα
2668 5318 2793 5395 περὶ
2841 5319 2932 5375 τὸν
2984 5320 3236 5396 ὀριζοντα
3273 5320 3363 5375 τὸν
3399 5316 3625 5393 δυτιμὸν
3654 5316 3691 5389 ἤ

2028 5410 2121 5465 τὸν
2154 5402 2527 5482 μεσημϐρινὸν
2553 5426 2566 5441 ·
2614 5406 2763 5478 πλὴν
2795 5409 2849 5464 αὶ
2885 5410 2979 5483 μὶν
3028 5404 3225 5485 ῥάϐδοι
3256 5408 3342 5465 ἐπὶ
3376 5408 3687 5483 ἀνωμάλων

2028 5499 2267 5575 γίνονται
2314 5500 2512 5570 νεφῶν,
2572 5499 2677 5554 καὶ
2717 5499 3158 5573 άνομοιομερῶν,
3216 5497 3396 5574 ὥσπερ
3428 5500 3463 5568 ἡ
3518 5498 3629 5573 ἶρις
3665 5515 3680 5531 ο

2031 5590 2083 5644 οἱ
2142 5585 2199 5643 ὁὶ
2253 5585 2519 5662 παρήλιοι
2579 5585 2669 5644 ἰπὶ
2726 5587 2956 5664 ὁμαλῶν
3013 5588 3105 5667 καὶ
3151 5587 3528 5662 ὁμοιομερῶν,
3578 5584 3686 5639 ὥσ.

2029 5699 2131 5756 περ
2182 5679 2218 5748 ἡ
2268 5674 2436 5740 ἅλως.
2489 5677 2595 5735 Καὶ
2672 5678 2728 5734 αἱ
2808 5680 2903 5754 μὲν
2975 5670 3167 5756 ῥάϐδοι
3232 5676 3487 5754 τρίχροοι
3543 5671 3684 5731 κατᾶ

2026 5770 2096 5829 τὰ
2146 5774 2248 5843 τῆς
2292 5764 2474 5850 ιίριδος
2554 5768 2852 5850 χρώματα,
2926 5768 2979 5829 οἱ
3061 5765 3121 5828 Bt
3187 5763 3458 5847 παρήλιοι
3511 5758 3689 5845 μονότ
