4110 6410
399 455 524 516 7B7

1597 456 1700 517 DE
1744 453 2186 518 OMNIFARIA
2227 457 2648 519 DOCTRINA.

3715 461 3838 523 ’758

399 553 671 666 ἰκνιφίσας,
725 551 843 642 δ’δὲ
900 585 1143 665 ἐκνεφίας
1204 586 1488 660 ἀνειμένος
1543 591 1750 666 τυφῶν.
1784 585 2064 652 Ηολλάκις

2190 589 2390 646 :alidis
2423 590 2632 646 ﬂantes
2661 589 2722 646 in
2753 589 2946 647 medio
2978 590 3204 664 frigida;
3225 590 3498 665 permisti
3530 608 3684 649 aurae
3727 591 3838 650 fri-

407 678 528 752 μὶν,
586 677 640 731 οἱ
701 676 795 750 μὶν
851 677 958 732 ἀπὸ
1015 679 1246 752 ψυχρῶν
1311 675 1487 731 τόππν
1547 676 1794 740 πνέοντες
1852 677 2065 750 ἄνεμοι,

2179 679 2302 753 gidi
2325 680 2599 736 affluunt.

399 765 752 839 νοθευόμενοι
785 763 874 820 διά
905 766 1070 840 μέσου
1104 768 1322 843 θερμῶν
1355 766 1537 822 τόπων
1573 766 1766 844 θερμοὶ
1800 765 2207 824 καταπνέουσιν·
2243 769 2296 823 οἱ
2327 766 2384 823 δὲ
2415 769 2521 824 ἀπὸ
2555 767 2772 844 θερμῶν
2803 767 3190 845 κεραννύμενοι
3249 767 3448 846 ψυχρῷ
3508 767 3599 826 διὰ
3664 770 3834 846 μὲσου

399 855 540 931 ἁέρι,
574 856 782 931 ψυχροὶ
819 852 1187 932 διαρῥὲουσιν.

919 963 1048 1038 ριγ’.
1086 963 1218 1038 Περῖ
1247 967 1548 1037 κεραυνῶν.

472 1055 534 1112 Ὁ
592 1053 844 1127 κεραυνὸς
897 1053 999 1107 οὐκ
1051 1050 1171 1126 ἔχει
1221 1053 1283 1108 τὸ
1317 1051 1542 1129 φλὲγον,
1590 1052 1937 1128 λεπτομερὴς
1966 1055 2066 1128 γάρ

400 1141 544 1199 ἐστιν
597 1145 632 1212 ἡ
691 1141 845 1197 οὐσία
901 1143 1092 1214 αὐτοῦ,
1155 1141 1274 1196 ὅθεν
1334 1141 1549 1218 ταχέως
1587 1140 1945 1216 διερχόμενος
2001 1143 2068 1197 τὰ

403 1235 634 1306 σώματα
692 1229 781 1286 διὰ
835 1233 934 1302 τήν
996 1230 1305 1301 λεπτότητα
1372 1231 1432 1285 οὐ
1511 1231 1832 1309 καταφλεγει
1909 1231 2064 1289 αὐτά.

397 1325 589 1387 ’Ἔνθεν
631 1342 717 1377 τοι
765 1321 858 1376 καὶ
904 1321 1163 1395 κεραυνὸς
1197 1317 1510 1395 ὡνὸμασται
1542 1322 1647 1376 ἀπὸ
1678 1325 1772 1375 τοῦ
1809 1321 2065 1395 εὐκραὴς,

401 1413 538 1468 εἶναι
596 1411 688 1466 καὶ
743 1413 818 1484 μή
852 1408 1088 1486 φλέγειν.
1166 1409 1310 1466 Πάνυ
1384 1411 1484 1486 γὰρ
1566 1407 2064 1487 λεπτομερέστερος

401 1500 502 1570 ὢν,
555 1502 629 1563 ὡς
691 1499 928 1571 ε’ίρηται,
979 1499 1208 1570 ὀξύτατα
1231 1500 1294 1555 τὸ
1325 1503 1487 1572 σῶμα
1518 1496 1726 1572 δίεισιν,
1753 1499 1890 1555 ὥστε
1924 1502 2066 1572 μήτε

400 1591 596 1659 καίειν,
679 1591 820 1662 μήτε
901 1588 1200 1661 μελαίνειν.
1272 1591 1431 1652 ’Ὀθεν
1509 1588 1598 1644 καί
1666 1609 1804 1650 τινες
1858 1591 2068 1664 ἀργῆτα

397 1685 590 1736 τοῦτον
653 1680 1001 1752 ὠνομάκασιν
1029 1677 1154 1748 ἤτοι
1188 1677 1469 1752 λαμπρόν.
1524 1679 1721 1753 ’Δργὸν
1752 1679 1814 1732 τὸ
1847 1677 2064 1734 λευκόν.

401 1771 464 1826 Εἴ
521 1769 622 1844 γὰρ
679 1773 786 1844 πῦρ
847 1768 959 1822 ἐστι
1015 1767 1106 1822 καὶ
1165 1768 1320 1844 φύσει
1367 1764 1484 1842 ἔχει
1541 1768 1603 1821 τὸ
1629 1766 1824 1824 καίειν.
1857 1765 1982 1822 ἀλλ’

404 1859 684 1928 λεπτότης
732 1857 822 1912 καὶ
870 1859 906 1926 ἡ
936 1856 1182 1931 ταχύτης
1207 1863 1310 1926 τῆς
1342 1853 1528 1910 διόδου
1565 1857 1640 1929 μή
1673 1855 2062 1931 ἰγχρονίζουσα

2687 968 2810 1021 113.
2844 967 2918 1022 De
2944 965 3302 1036 fulminibus.

2248 1055 2488 1110 Fulmen
2523 1073 2638 1111 non
2665 1055 2812 1112 solet
2870 1055 3203 1123 incendere,
3237 1055 3627 1112 substantiam
3679 1056 3838 1112 enim

2176 1145 2355 1201 habet
2386 1145 2864 1214 subtilissimum,
2884 1145 3038 1200 unde
3071 1162 3316 1216 corpora
3347 1144 3612 1200 celeriter
3641 1149 3835 1200 trans-

2177 1236 2368 1290 eundo
2403 1239 2642 1307 propter
2673 1235 3061 1290 subtilitatem
3093 1251 3162 1290 ea
3191 1251 3306 1290 non
3338 1235 3860 1290 inﬂammatJnde.

2177 1329 2236 1380 et
2266 1324 2482 1380 Graecis
2539 1323 2731 1381 dictus
2791 1323 3049 1395 κεραυνὸς
3097 1325 3266 1396 quasi
3299 1321 3530 1395 εὐκραὴς
3565 1325 3719 1396 quod
3753 1326 3835 1380 lu-

2175 1413 2284 1469 cile
2318 1418 2596 1485 permcet,
2623 1430 2814 1486 neque
2846 1416 2988 1470 adeo
3023 1415 3343 1484 accendat;
3377 1414 3836 1470 subtilissimum

2175 1503 2332 1559 enim
2365 1521 2500 1558 cum
2533 1503 2712 1570 sit,nt
2743 1504 2884 1570 dixi,
2909 1504 3211 1560 celerrime
3240 1521 3456 1576 corpus
3485 1505 3752 1576 pervadit
3779 1519 3840 1568 ut,

2174 1609 2282 1648 nec
2317 1592 2646 1648 inﬂammet
2679 1609 2868 1664 neque
2891 1593 3125 1664 nigrum
3159 1592 3356 1663 faciat,
3390 1593 3547 1649 unde
3605 1597 3662 1648 et
3687 1610 3836 1648 non-

2175 1681 2324 1736 nulli
2352 1687 2562 1738 vocant
2590 1679 2800 1756 ἀργῆτα
2815 1671 2948 1737 ἐίνο
2977 1683 3258 1751 candens,
3293 1679 3455 1756 ἀργὸν
3489 1681 3647 1738 enim
3707 1699 3838 1738 can-

2173 1769 2381 1825 didum
2438 1771 2754 1843 significat.
2807 1773 3156 1842 Quanquam
3207 1771 3366 1827 enim
3424 1770 3648 1826 fulmen
3681 1771 3835 1843 ignis

2174 1863 2284 1928 est,
2338 1860 2495 1930 quod
2556 1863 2768 1915 natura
2801 1859 2918 1914 urit
2973 1867 3034 1915 at
3091 1859 3394 1916 subtilitas
3438 1859 3834 1931 velocitasque

401 1953 482 2021 τῷ
527 1949 740 2020 σώματι
791 1943 1054 2002 ἅκαυστον
1104 1943 1266 2001 τοῦτο
1317 1945 1396 2016 ἐᾷ.
1431 1951 1540 2000 Πᾶν
1609 1945 1712 2022 γὰρ
1772 1947 1835 2000 τὸ
1890 1951 2062 2017 καῖον,

2190 1949 2460 2004 mansitus
2496 1965 2613 2003 non
2663 1965 2766 2020 per
2826 1953 3192 2004 momentum
3223 1950 3548 2005 immorans
3579 1949 3830 2020 corpori,

409 2039 471 2094 οὑ
506 2037 667 2112 μόνον
724 2037 982 2111 μεγέθους
1012 2034 1218 2090 οἷ’κείου
1259 2033 1432 2090 δεῖται
1483 2037 1656 2109 πυρὸς
1700 2039 1796 2088 τοῦ
1849 2039 2065 2104 καῦσαι,

419 2125 554 2182 ἁκλά
582 2125 672 2182 καὶ
696 2129 792 2180 τοῦ
823 2124 914 2180 καὶ
945 2119 1274 2198 ἐμϐραδῦναι
1306 2129 1384 2196 τῷ
1403 2129 1620 2196 καυστῷ
1653 2123 1888 2196 σώματι.
1911 2126 2068 2200 Ηαρά

419 2217 606 2288 ταύτην
632 2214 724 2271 οῦν
764 2215 864 2286 τὴν
897 2213 1072 2270 αἰτίαν
1110 2215 1174 2269 οὐ
1207 2213 1395 2292 φλέγει
1429 2216 1456 2268 ὁ
1489 2214 1766 2289 κεραυνός.

899 2481 1021 2557 ριδ’,
1055 2482 1190 2556 Περὶ
1229 2488 1565 2558 πρηστῆρος.

473 2575 534 2632 Ὁ
603 2575 858 2650 πρηστὴρ
927 2571 1290 2651 καταφλεγει,
1365 2572 1440 2635 ὡς
1524 2573 1614 2626 καὶ
1696 2571 1828 2627 αὐτὸ
1896 2569 2062 2642 δηλοῖ

401 2660 670 2738 τοῦνομα.
731 2663 994 2738 Πρηστὴρ
1024 2662 1126 2738 γὰρ
1159 2662 1263 2716 ἀπὸ
1293 2665 1390 2716 τοῦ
1447 2663 1674 2736 πρήθειν
1707 2660 1742 2730 ἢ
1786 2660 2062 2738 ἰμπιπρᾷν

405 2752 715 2826 ὠνόμασται
749 2795 762 2809 .
822 2751 1024 2826 Φλὲγει
1080 2749 1138 2806 δὶ
1195 2749 1285 2806 διὰ
1337 2751 1400 2806 τὸ
1451 2751 1878 2806 συνεπισπᾶσθαι
1945 2755 2066 2825 μεθ’

410 2842 600 2896 ὶαυτοῦ
675 2839 1154 2918 παχυμερεστὲραν
1215 2839 1400 2895 οὐσίαν
1461 2839 1519 2894 ἐκ
1574 2845 1672 2894 τοῦ
1725 2841 1915 2918 νέφους
1975 2841 2067 2894 καὶ

412 2929 610 2999 ταΰτην
683 2929 975 3008 ἐμφυροῦν.
1056 2929 1260 2984 Τούτου
1307 2927 1366 2983 δὲ
1421 2931 1739 3004 πρηστῆρος
1797 2929 1886 2984 καὶ
1931 2948 2068 3005 προ-

416 3023 629 3093 ηγεῖται
670 3023 898 3093 πνεῦμα,
929 3018 1020 3075 καὶ
1051 3023 1213 3074 τοῦτο
1257 3017 1428 3088 δῆλον
1463 3018 1521 3073 ἐκ
1548 3022 1666 3091 τοῦ,
1692 3018 1759 3072 τᾶι
1793 3017 2069 3092 μέλλοντα

416 3105 804 3181 ἕμπίπρκσθαι,
863 3113 1077 3184 πρῶτον
1128 3111 1342 3180 πνεῦμα
1371 3111 1468 3162 τοῦ
1497 3110 1816 3184 πρηστῆρος
1848 3105 2070 3170 θειῶδες

413 3196 470 3250 ὃν
532 3191 764 3267 πλήττει
821 3197 908 3252 καὶ
965 3197 1219 3274 ῥήγνυσι,
1281 3197 1400 3260 ὅθεν
1455 3196 1640 3252 καὶτὰ
1668 3196 2074 3272 κιραυνωθέντα

2175 2036 2324 2092 illud
2357 2036 2638 2108 relinquit
2693 2037 2820 2093 sine
2869 2037 3119 2092 ustione.
3147 2037 3442 2108 Quidquid
3503 2037 3659 2092 enim
3695 2038 3832 2106 urit,

2176 2143 2292 2184 non
2327 2127 2500 2182 modo
2521 2127 2929 2198 magnitudine
2959 2127 3155 2182 debita
3181 2127 3404 2198 indiget
3427 2128 3498 2182 ad
3523 2128 3835 2198 urendum,

2176 2217 2279 2272 sed
2311 2215 2488 2270 etiam
2523 2223 2584 2270 ut
2633 2217 2862 2288 corpori
2919 2217 3142 2272 urendo
3201 2233 3305 2288 per
3334 2215 3572 2288 aliquod
3605 2223 3839 2290 tempus

2173 2305 2644 2360 immoretur.0b
2680 2305 2829 2360 hanc
2860 2304 3059 2378 itaque
3090 2322 3332 2362 causam
3367 2323 3480 2360 non
3506 2305 3840 2364 inﬂammat

2175 2411 2280 2450 nec
2307 2393 2424 2450 urit
2448 2393 2688 2449 fulmen.

2427 2485 2548 2538 114.
2585 2487 2668 2539 De
2707 2485 2948 2555 prestera
2984 2485 3106 2539 sine
3141 2485 3295 2556 igneo
3344 2487 3585 2542 turbine.

2247 2573 2478 2628 Prester
2508 2572 2770 2647 incendit
2818 2577 2874 2628 et
2905 2573 3257 2642 inﬂammat,
3293 2579 3356 2630 ut
3396 2575 3633 2631 nomine
3663 2575 3840 2632 etiam

2176 2664 2304 2735 ipso
2339 2663 2658 2718 indicatur.
2691 2662 2895 2719 Dictus
2953 2665 3107 2719 enim
3140 2668 3368 2735 prester
3421 2666 3639 2721 Graecis
3662 2669 3752 2721 est
3809 2684 3838 2722 a

2175 2751 2458 2808 vocabulo
2517 2752 2741 2826 πρήθειν
2804 2753 2959 2824 quod
2993 2754 3308 2810 accendere
3370 2755 3687 2827 signiﬁcat.
3731 2745 3836 2812 Aci

2177 2842 2376 2898 cendit
2408 2842 2775 2914 autem,quia
2804 2859 2874 2898 ex
2890 2843 3045 2898 nube
3068 2859 3268 2898 secum
3302 2843 3459 2899 vehit
3490 2844 3836 2900 crassiorem

2179 2930 2488 2986 maleriam
2515 2947 2762 3002 eamque
2793 2930 3143 2987 inﬂammat.
3180 2932 3460 2988 Praecedit
3515 2938 3836 3005 prcsterem

2180 3028 2408 3090 ventus,
2446 3021 2601 3092 quod
2659 3019 2796 3076 inde
2827 3023 3080 3088 constat,
3107 3020 3404 3092 siquidem
3439 3038 3568 3094 quae
3601 3021 3836 3078 inﬂam-

2183 3109 2332 3166 mari
2364 3110 2770 3182 debent,prius
2802 3127 2835 3165 a
2857 3109 3072 3182 spiritu
3107 3111 3385 3182 presteris
3416 3111 3673 3168 sulfureo
3705 3130 3836 3184 per-

2185 3199 2480 3256 celluntur
2519 3204 3014 3272 rumpunturque,
3069 3201 3224 3255 unde
3267 3205 3325 3256 et
3381 3200 3628 3257 fulmine
3681 3207 3839 3257 tacta

421 3284 568 3358 μένει
603 3282 919 3358 διεστηκότα
948 3287 1036 3342 ἐπὶ
1069 3286 1266 3362 χρόνον
1293 3285 1433 3344 τινά.
1468 3289 1645 3344 Τοῦτο
1680 3283 1737 3340 δὲ
1765 3287 1826 3342 τὸ
1857 3291 2072 3360 πνεῦμα

2190 3308 2286 3363 per
2317 3289 2554 3360 aliquod
2620 3295 2852 3361 tempus
2911 3287 3096 3344 hiant.
3129 3293 3244 3344 Nec
3303 3293 3534 3345 tantum
3567 3291 3844 3364 praecedit

417 3374 481 3429 οὐ
511 3381 838 3452 προηγεῖται
883 3375 1071 3450 μόνον,
1105 3374 1250 3431 ἀλλὰ
1277 3376 1368 3430 καὶ
1420 3375 1626 3430 σύνεστι
1657 3380 1736 3448 τῷ
1793 3379 2070 3450 πρηστῆρι

413 3463 505 3520 καὶ
538 3462 920 3522 ἐπακολουθεῖ.
958 3461 1250 3540 Σποράδην
1284 3461 1341 3519 δὲ
1371 3461 1728 3541 διαχεόμενον
1754 3466 1842 3520 καὶ
1875 3465 2072 3521 λεπτο-

418 3555 737 3630 μερέστερον
779 3555 861 3622 ὃν,
901 3556 1132 3630 βροντὰς
1163 3558 1313 3609 ποιεῖ
1341 3555 1432 3608 καὶ
1464 3555 1762 3628 ἀστραπὰς,
1794 3553 1883 3609 καὶ
1915 3554 2073 3633 ἐξαφ-

415 3645 501 3698 θὲν
535 3645 628 3718 μὶν
657 3650 806 3699 ποιεῖ
825 3645 1076 3721 κεραυνὸν
1109 3644 1200 3699 καὶ
1231 3645 1510 3720 ἀστραπὴν
1543 3645 1632 3700 καὶ
1663 3646 2072 3719 πρηστῆρα,μή

419 3733 634 3812 ἐξαφθὶν
672 3733 754 3804 δν,
787 3735 1028 3814 ἐκνεφίαν
1061 3733 1152 3789 καὶ
1183 3738 1421 3812 τυφῶνα.
1445 3738 1621 3790 Ταῦτα
1653 3731 1710 3789 δὲ
1739 3733 1912 3790 πάντα
1942 3735 2080 3789 κατὰ

419 3823 824 3902 ἐκπυρηνισμὸν
853 3825 1116 3902 γίνονται.

771 3933 884 4008 ριί.
919 3935 1044 3994 Πῶς
1073 3931 1391 4001 συνέστηκεν
1426 3933 1454 3986 6
1488 3932 1736 4003 κόσμοςς

492 4022 600 4091 Τὴν
657 4021 908 4076 σύστασιν
961 4022 990 4076 6
1037 4019 1246 4094 κόσμος
1303 4013 1496 4075 ἔλαϐεν
1557 4017 1662 4075 ἀπὸ
1711 4027 1813 4089 τῆς
1869 4019 2081 4098 φύσεως

421 4111 511 4166 καὶ
540 4112 806 4182 κινήσεως
839 4113 946 4164 τῶν
981 4107 1296 4184 στοιχείων,
1349 4105 1574 4179 Ἐπειδὴ
1621 4109 1726 4184 γὰρ
1755 4108 1960 4164 τούτων
2015 4111 2082 4162 τὰ

426 4201 520 4274 μέν
576 4199 678 4254 εἶσι
731 4201 1065 4274 κουφότατα,
1124 4199 1236 4253 οἷον
1264 4197 1325 4252 τὸ
1382 4202 1488 4270 πῦρ
1545 4199 1636 4252 καὶ
1681 4199 1708 4253 ὁ
1769 4199 1894 4274 ἁήρ,
1926 4198 1994 4253 τὰ
2024 4196 2082 4262 δὲ

426 4289 719 4366 βαρύτατα,
778 4291 894 4344 οἷον
954 4283 1100 4362 ὕδωρ
1155 4286 1246 4342 καὶ
1294 4293 1391 4363 γῆ,
1447 4287 1515 4342 τὰ
1549 4287 1642 4359 μὲν
1677 4288 1774 4342 ὅσα
1809 4287 2084 4363 βαρύτατα

421 4379 569 4434 κάτω
597 4383 694 4434 τοῦ
725 4377 921 4439 παντὸς
959 4376 1286 4447 ὑπεκάθητο,
1330 4377 1396 4431 τὰ
1426 4373 1469 4430 δ’
1522 4375 1621 4431 ὅσα
1677 4379 1944 4454 μετὲωρα,
2004 4377 2080 4440 εἷς

419 4470 483 4525 τὸ
540 4473 646 4544 πῦρ
704 4465 998 4546 ἐξεφέρετο.
1058 4469 1165 4520 Πᾶν
1227 4463 1285 4520 δὲ
1338 4467 1443 4521 ἀπὸ
1492 4473 1596 4541 γῆς
1626 4467 1925 4544 φερόμενον
1974 4464 2082 4522 ἅνω

419 4557 553 4614 ἐστί.
606 4558 703 4614 Διὰ
729 4558 932 4628 ταύτην
969 4553 1058 4610 οῦν
1105 4555 1206 4624 τήν
1259 4554 1432 4610 αἰτίαν
1481 4557 1595 4609 οἷον
1648 4553 2080 4631 περικεκλασμέ-

420 4671 512 4712 νος
570 4649 660 4703 καὶ
716 4647 912 4721 κυρτὸς
972 4647 1000 4700 6
1055 4645 1266 4718 κόσμος
1324 4643 1456 4701 ἐστι.
1521 4639 1972 4716 Συνθλιϐομένων
2027 4643 2084 4701 δὲ

420 4743 528 4795 τῶν
563 4736 834 4811 σωμάτων
865 4732 1164 4806 ἀλλήλοις,
1197 4737 1232 4804 ἡ
1260 4737 1358 4789 τοῦ
1408 4732 1607 4798 ὕδατος
1639 4735 1868 4810 ἐγενήθη
1903 4735 2084 4814 φύσις,

425 4827 720 4904 ῥευστικῶς
810 4823 868 4882 δὲ
923 4824 1013 4880 καὶ
1060 4827 1224 4879 τοῦτο
1300 4822 1599 4900 φερόμενον
1658 4821 1905 4879 ἐκοίλανε
1959 4825 2085 4886 τοὺς

425 4915 818 4990 ὑποκειμένους
865 4915 1094 4982 τόπους,
1143 4913 1230 4967 καὶ
1291 4910 1419 4974 τοὺς
1451 4909 1848 4984 κοιλουμένους
1879 4913 2082 4976 τόπους

424 5004 750 5071 θαλαττίους
775 5001 1028 5074 ἐποίησεν
1049 5046 1060 5060 .
1090 5003 1186 5059 Ἐκ
1215 5001 1310 5074 μὶν
1345 5001 1435 5055 οὖν
1483 5005 1591 5056 τῶν
1645 5001 2081 5071 ὑποκαθιζόντων

425 5094 692 5169 σωμάτων
725 5092 952 5169 ἐγενήθη
985 5093 1020 5162 ἡ
1052 5097 1148 5167 γῆο
1183 5089 1244 5145 ἐκ
1274 5085 1332 5144 δὲ
1357 5093 1466 5144 τῶν
1522 5091 2002 5165 μετεωριζομένων
2056 5093 2084 5147 6

424 5185 672 5260 οὐρανὸς,
699 5186 829 5256 πῦρ,
862 5182 990 5256 ἀὴρ.

963 5271 1086 5346 ρις’.
1120 5267 1184 5326 Εἰ
1213 5265 1268 5324 ἓν
1301 5269 1362 5324 τὸ
1409 5273 1548 5339 xiv;

495 5365 575 5422 Οὐ
632 5361 838 5418 πολλοὶ
868 5360 1068 5434 κόσμοι
1101 5357 1432 5432 σωματικοὶ,
1489 5361 1609 5414 κατ’
1657 5357 1832 5422 ἐνίους
1860 5365 1968 5415 τῶν
2003 5381 2087 5438 φι-

422 5452 703 5531 λοσόφων,
750 5451 902 5506 εἰσίν·
968 5448 1094 5505 ἀλλ’
1153 5451 1232 5512 εἷς
1279 5447 1513 5519 τέλειος,
1568 5450 1660 5504 καὶ
1713 5447 1839 5504 οὐδὲ
1885 5450 2088 5527 κυρίως

420 5543 479 5600 ’ἐν
543 5541 868 5615 ὀνομάζεται
921 5541 1058 5612 (πῶς
1107 5537 1210 5614 γὰρ
1251 5533 1306 5591 ἓν
1357 5537 1386 5591 ὁ
1439 5536 1646 5610 κόσμος
1715 5536 1962 5602 σύνθετος
2015 5537 2088 5594 ὢν

422 5632 516 5690 καὶ
541 5630 950 5706 πολυμερής;),
984 5625 1129 5684 ἀλλὰ
1160 5624 1250 5681 διὰ
1277 5627 1375 5695 τὴν
1425 5628 1562 5701 πρὸς
1594 5625 1818 5698 ἄλληλα
1846 5635 1952 5684 τῶν
1989 5650 2088 5701 με-

425 5726 535 5797 ρῶν
588 5720 753 5775 αὐτοῦ
808 5716 1019 5787 ἕνωσιν,
1077 5717 1178 5786 τὴν
1227 5719 1326 5770 τοῦ
1357 5715 1475 5778 ἑνὸς
1526 5711 1641 5790 ἔχει
1689 5717 2086 5794 προσηγορίαν.

425 5809 652 5888 Κυρίως
695 5809 798 5888 γὰρ
845 5807 904 5866 ἓν
951 5809 980 5864 ὁ
1025 5808 1176 5881 Θεὸς,
1238 5807 1312 5871 ὡς
1369 5805 1530 5882 ὑπὲρ,
1557 5811 1728 5864 πᾶσαν
1781 5805 2086 5882 ἁπλότητα.

937 6069 962 6092 ο

2183 3384 2502 3452 presterem
2527 3383 2756 3448 ventus,
2785 3379 2886 3434 sed
2915 3378 3231 3434 comitatur
3253 3379 3454 3450 etiam,
3475 3383 3528 3435 et
3551 3381 3838 3452 sequitur.

2185 3471 2384 3526 Latius
2408 3486 2474 3524 ac
2507 3469 2722 3540 passim
2775 3468 3028 3524 diffusus
3059 3473 3118 3524 et
3149 3469 3420 3525 subtilior
3451 3470 3497 3525 si
3536 3471 3729 3533 fuerit,
3761 3475 3846 3525 to-

2185 3558 2344 3616 nitru
2381 3558 2519 3612 facit
2548 3563 2604 3612 et
2627 3557 2824 3630 fulgur
2849 3557 3360 3625 :siinflammetur,
3393 3557 3573 3614 efﬁcit
3599 3558 3841 3626 fulmen,

2187 3655 2242 3705 et
2271 3647 2488 3719 fulgur,
2525 3651 2986 3718 presteremque.
3039 3651 3118 3702 Ex
3152 3664 3268 3702 non
3299 3647 3667 3704 inflammato
3699 3648 3847 3704 fiunt

2186 3738 2501 3809 ecnephias
2535 3753 2597 3792 ac
2630 3737 2828 3808 typho.
2879 3741 3161 3792 Caeterum
3216 3737 3412 3793 omnia
3459 3737 3582 3794 haec
3614 3738 3846 3795 contin-

2189 3831 2339 3899 gunt
2359 3843 2463 3899 per
2491 3825 2804 3881 violentam
2838 3826 3269 3884 excussionem.

2511 3934 2639 3990 115.
2684 3935 2964 4002 Quomodo
2993 3936 3220 4006 cxperit
3240 3934 3478 3990 mundus
3499 3935 3526 3990 ?

2261 4023 2520 4078 Mundus
2569 4023 2893 4078 subsistere
2945 4026 3121 4095 cespit
3147 4041 3180 4079 a
3213 4031 3427 4080 natura
3458 4029 3514 4080 et
3541 4029 3700 4080 motu
3727 4023 3852 4081 ele-

2191 4118 2550 4169 mentorum.
2583 4114 2798 4167 Horum
2849 4112 3004 4168 enim
3039 4129 3169 4168 cum
3227 4114 3495 4184 quaedam
3537 4113 3686 4170 levia
3726 4115 3851 4170 sint

2193 4208 2257 4258 ut
2277 4202 2434 4273 ignis
2465 4205 2522 4257 et
2551 4218 2670 4266 aer,
2703 4199 2819 4256 alia
2849 4201 3070 4273 gravia,
3097 4208 3159 4257 ut
3187 4218 3342 4273 aqua
3397 4208 3454 4258 et
3500 4206 3676 4270 terra,
3721 4221 3846 4276 gra-

2189 4293 2351 4348 viora
2411 4291 2484 4346 ad
2531 4290 2840 4346 inferiores
2899 4296 3096 4362 partes
3154 4290 3413 4347 universi
3444 4291 3848 4358 subsiderunt,

2193 4381 2342 4436 levia
2364 4385 2428 4436 ut
2455 4379 2608 4452 ignis
2657 4397 2896 4436 sursum
2957 4396 3084 4435 sese
3140 4379 3494 4436 extulerunt.
3553 4380 3850 4452 Quidquid

2192 4487 2326 4526 vero
2353 4477 2520 4525 terrae
2544 4468 2833 4537 imminet,
2855 4486 3094 4525 sursum
3129 4475 3236 4526 est.
3271 4469 3512 4540 Propter
3531 4469 3685 4526 hanc
3712 4487 3850 4527 cau-

2193 4577 2321 4615 sam
2355 4559 2615 4614 mundus
2637 4558 3099 4630 circumquaque
3132 4559 3316 4614 ﬂexus
3339 4563 3429 4614 est
3446 4575 3513 4614 ac
3543 4559 3850 4632 gibbosus.

2193 4649 2421 4704 Attritis
2469 4665 2604 4718 vero
2661 4647 2910 4703 invicem
2964 4647 3356 4719 corpusculis,
3417 4665 3580 4719 aquae
3633 4649 3851 4720 prodiit

2192 4743 2425 4806 natura,
2460 4753 2590 4809 quae
2645 4735 2804 4790 fluxu
2833 4753 2942 4792 suo
3001 4737 3268 4807 suliijecta
3295 4736 3424 4792 loca
3453 4737 3766 4806 excavavit,
3797 4738 3846 4793 ei

2191 4827 2385 4900 spatia
2417 4827 2562 4882 mari
2599 4825 2931 4897 recipiendo
2965 4825 3116 4880 fecit.
3151 4826 3232 4881 Ex
3265 4825 3710 4881 subsidentibus
3741 4827 3846 4898 igi-

2189 4920 2289 4972 tur
2317 4916 2660 4987 corporibus
2683 4920 2840 4970 terra
2863 4915 3011 4969 facta
3034 4917 3142 4984 est,
3175 4931 3244 4972 ex
3293 4914 3518 4970 levibus
3558 4919 3616 4970 et
3663 4915 3847 4971 subli-

2192 5006 2389 5061 mibus
2421 5003 2655 5073 ccelum,
2685 5001 2862 5076 ignis,
2905 5019 3021 5059 aer.

2441 5270 2566 5326 H6.
2601 5271 2743 5327 Num
2783 5287 2958 5328 unum
2986 5273 3058 5327 sit
3097 5272 3196 5328 hoc
3229 5271 3600 5329 universum?

2266 5360 2392 5416 Non
2418 5360 2586 5416 multi
2607 5364 2748 5417 sunt
2779 5362 2984 5418 mundi
3013 5362 3365 5434 corporales,
3399 5365 3463 5418 ut
3493 5361 3848 5434 quibusdam

2194 5448 2562 5522 philosophis
2583 5451 3068 5524 persuasum(sed
3087 5469 3238 5508 unus
3260 5451 3718 5523 perfectus,licet
3735 5469 3852 5510 non

2197 5540 2427 5611 preprie
2459 5555 2644 5596 unum
2670 5541 2906 5608 dicitur,
2932 5541 3227 5612 quomodo
3285 5541 3443 5598 enim
3475 5559 3656 5598 unum
3679 5541 3858 5598 fuerit

2197 5630 2456 5684 mundus
2476 5645 2545 5684 ex
2566 5635 2650 5685 tot
2679 5634 2737 5686 et
2769 5635 2885 5684 tam
2912 5631 3160 5686 diversis
3193 5631 3554 5701 compositus
3577 5631 3852 5702 P),verum

2197 5723 2434 5790 propter
2479 5718 2736 5788 partium
2763 5720 2890 5790 ejus
2939 5708 3190 5774 invicem
3225 5719 3505 5776 unionem
3533 5737 3716 5776 unum
3749 5737 3851 5792 ap-

2195 5808 2464 5883 pellatur.
2502 5811 2784 5867 Caeterum
2839 5809 3075 5883 proprie
3127 5825 3310 5867 unum
3357 5809 3516 5869 Deus
3563 5811 3653 5866 est
3689 5810 3854 5866 omni
