4100 6400
207 17 210 20 ~
265 8 364 23 -ῖ-.-..
395 0 752 23 *πως-Ἀειιυιάε

275 408 399 470 759

1616 411 2044 478 MICHAELIS
2088 412 2366 476 PSELLI

3587 411 3710 473 760

279 541 660 616 simplicitate
684 542 1388 622 sublimior,quaacunque
1410 565 1539 606 vero
1571 547 1725 605 infra
1746 548 1930 605 Deum

2047 548 2184 604 ’Όσα
2242 543 2299 600 δὶ
2354 547 2487 618 μετὰ
2539 544 2704 618 Θεὸν,
2766 544 2827 600 οὖ
2877 541 3076 622 κυρίως
3130 539 3208 615 ῐν,
3269 540 3416 599 ἀλλὰ
3469 540 3559 600 διὰ
3604 545 3707 615 τὴν

279 637 561 698 sunt,non
588 635 820 706 proprie
852 642 992 692 sunt
1024 655 1230 708 unum,
1266 640 1366 695 sed
1397 642 1634 710 propter
1655 638 1934 694 unionem

278 725 334 778 et
357 723 870 796 participationem
903 743 971 781 ex
1005 744 1140 794 uno,
1204 728 1286 784 ita
1339 729 1639 784 dicuntur.
1697 728 1844 786 Nam
1879 731 1935 783 et

278 826 447 865 mens
482 827 667 866 unum
685 819 776 868 est
798 817 854 869 et
884 816 1093 870 multa.
1127 817 1422 888 Quotquot
1450 817 1602 873 enim
1640 822 1779 872 sunt
1820 833 1933 887 res,

277 901 364 955 tot
392 899 570 956 etiam
596 917 764 959 mens
794 908 904 972 est,
951 921 1086 960 nam
1121 909 1180 961 et
1227 907 1494 978 exempla
1527 907 1762 962 illorum
1786 906 1844 960 in
1873 923 1936 961 se

279 988 557 1045 continet.
594 991 776 1047 Etiam
808 993 1038 1062 animae,
1077 1012 1204 1067 qua:
1253 1000 1309 1051 et
1356 996 1542 1052 multo
1569 995 1759 1067 magis
1789 995 1934 1051 divi-

277 1077 395 1134 dua
425 1083 533 1150 est,
567 1082 854 1154 contingit
888 1084 1070 1140 multa
1107 1102 1368 1156 esse,nec
1400 1086 1598 1141 minus
1630 1085 1936 1143 elementis

281 1183 348 1224 ac
424 1170 791 1242 corporibus.
880 1176 1365 1248 Quandoquidem
1416 1177 1597 1249 igitur
1649 1181 1933 1231 accuratae

278 1257 514 1315 unionis
529 1260 702 1317 etiam
724 1264 983 1319 mundus
1009 1269 1096 1321 est
1114 1266 1732 1338 particeps,propterea
1749 1282 1933 1322 unum

277 1347 629 1420 appellatur,
663 1353 720 1405 et
778 1355 1055 1424 quoniam
1104 1355 1395 1427 perfectus
1433 1361 1522 1412 est
1553 1372 1709 1412 unus
1741 1360 1797 1411 et
1845 1372 1934 1412 so-

275 1435 392 1505 lus,
418 1455 524 1495 nec
554 1441 725 1497 multi
756 1447 896 1498 sunt
918 1445 1146 1500 mundi.

880 1535 1003 1589 117.
1040 1535 1111 1591 De
1139 1552 1327 1592 vacuo.

345 1615 612 1674 Vacuum
644 1636 760 1676 non
785 1625 1119 1693 omnes,sed
1141 1624 1323 1695 aliqui
1347 1625 1406 1680 in
1432 1625 1670 1696 scriptis
1696 1625 1931 1680 suisin-

273 1706 490 1762 duxere
514 1713 690 1780 atque
713 1711 1090 1768 nominavere
1114 1713 1759 1786 pbi1030pbi,aiuntque
1784 1714 1930 1770 illud

272 1813 404 1854 esse
434 1800 596 1854 omni
627 1800 945 1871 spoliatum
981 1805 1928 1875 corpore,velutiinvisibilequod-

273 1886 409 1942 dam
442 1887 707 1958 chaos,et
736 1894 870 1946 ante
892 1893 1182 1947 mundum
1210 1893 1389 1949 fuisse
1421 1894 1930 1962 statuunt,deinde

273 1975 578 2032 elementis
603 1979 1034 2050 prodeuntibus
1049 1986 1104 2036 et
1118 1981 1258 2037 coelo
1285 1983 1801 2038 circumrotatione
1824 2000 1932 2038 sua

280 2078 526 2135 corpora
559 2065 759 2122 omnia
789 2067 1101 2141 colligente
1132 2087 1196 2126 ac
1219 2071 1930 2144 constringente,vacuum

280 2153 514 2224 quidem
548 2153 708 2210 intus
758 2157 1025 2214 relictum
1077 2158 1306 2216 nullum
1354 2161 1558 2230 fuisse,
1619 2166 1780 2217 extra
1807 2160 1936 2217 coeli

277 2257 414 2298 vero
447 2244 736 2301 ambitum
768 2263 940 2303 omne
972 2265 1224 2306 vacuum
1250 2267 1400 2320 esse,
1437 2253 1590 2324 quod
1633 2252 1932 2308 inﬁnitum

277 2330 338 2386 in
371 2332 603 2391 infinito
635 2336 826 2408 spatio
856 2336 991 2394 licet
1039 2340 1318 2412 cogitare.
1370 2341 1532 2398 Hanc
1579 2343 1934 2399 sententiam

277 2423 516 2480 omnino
549 2426 739 2496 rejicit
763 2427 1195 2499 Aristoteles,et
1227 2449 1522 2504 nusquam
1547 2432 1808 2488 admittit
1838 2449 1934 2486 va-

276 2528 477 2584 cuum,
513 2531 702 2586 neque
732 2515 889 2574 intra
916 2520 1203 2576 mundum
1241 2538 1430 2594 neque
1462 2527 1644 2578 extra.
1678 2525 1746 2577 At
1774 2521 1936 2578 Cleo-

273 2603 476 2658 medes
507 2603 900 2677 philosophus
933 2607 1086 2664 intra
1147 2611 1436 2666 mundum
1467 2611 1708 2682 reperiri
1740 2614 1935 2683 negat,

274 2695 436 2748 extra
456 2709 590 2751 vero
605 2693 773 2752 illum
789 2697 916 2753 dari
941 2714 1190 2754 vacuum
1199 2700 1595 2771 ,vebementer
1615 2700 1936 2770 contendit,

915 2877 1036 2932 148.
1073 2878 1146 2933 De
1179 2879 1309 2936 loco.

351 2967 540 3023 Locus
571 2967 900 3023 secundum
931 2967 1201 3026 vocabuli
1223 2971 1339 3027 vim
1391 2974 1479 3028 est
1507 2971 1752 3046 aliquid,
1777 2974 1934 3046 quod

277 3071 492 3128 corpus
519 3053 604 3110 vel
628 3071 749 3110 rem
774 3055 1198 3130 incorporalem
1223 3064 1416 3133 potest
1444 3061 1932 3135 complecti.Quo-

277 3145 440 3204 niam
472 3143 656 3217 igitur
685 3146 932 3203 materia
963 3149 1374 3221 complectitur
1404 3151 1936 3221 formam,materia

272 3234 476 3292 formae
503 3251 633 3307 quae
666 3252 757 3292 res
781 3237 1170 3310 incorporalis
1195 3245 1303 3311 est,
1340 3241 1527 3313 possit
1574 3242 1686 3296 dici
1743 3241 1929 3298 locus.

2044 631 2235 691 ἕνωσιν
2287 636 2374 690 καὶ
2405 637 2649 712 μετοχὴν
2681 639 2778 690 τοῦ
2830 633 2969 704 ἑνὸς,
3023 633 3168 689 οὓτω
3226 633 3706 710 πρασαγορεύεται.

2046 728 2150 782 Καὶ
2209 729 2312 802 γὰρ
2370 729 2456 781 καὶ
2520 729 2548 782 6
2579 731 2703 788 νοῦς
2754 723 2806 781 ἓν
2840 725 2949 780 ἐστι
2980 726 3067 779 καὶ
3101 723 3308 782 πολλά.
3340 726 3480 782 ’Ὀσα
3509 726 3612 800 γὰρ
3645 724 3710 779 τεὶ

2046 812 2196 886 ὄντα,
2256 821 2492 870 τοσαῦτα
2547 815 2638 870 καὶ
2698 817 2726 869 ὁ
2779 819 2922 887 νοῦς,
2983 814 3097 868 ἐπεὶ
3145 812 3235 868 καί
3293 811 3711 889 παραδείγματα

2042 905 2249 960 τούτων
2310 905 2360 959 ἐν
2395 906 2567 977 ἑαυτῷ
2619 906 2885 981 περιᾶχει.
2919 903 3112 959 Πολλὰ
3153 902 3242 958 καὶ
3274 905 3308 972 ἡ
3359 905 3512 979 ψυχὴ
3547 901 3709 977 (διαι-

2047 995 2171 1070 ρετή
2223 995 2325 1070 γὰρ
2380 994 2582 1068 πολλῷ
2629 993 2843 1068 πλέον),
2875 995 2943 1049 τὰ
2975 995 3225 1068 στοιχεῖά
3254 1013 3312 1048 τε
3359 993 3448 1048 καὶ
3501 994 3569 1048 τὰ
3596 995 3704 1047 σώ-

2048 1106 2208 1158 ματα.
2263 1083 2418 1142 Ἀλλ’
2452 1082 2640 1153 ἐπειδή
2674 1083 2921 1148 ἐνώσεως
2968 1079 3229 1160 ἀκριϐοῦς
3289 1082 3378 1137 καὶ
3413 1084 3440 1138 6
3498 1083 3707 1156 κόσμος

2043 1175 2463 1246 κεκοινώνηκεν,
2496 1171 2546 1229 ἕν
2579 1171 2667 1229 διὰ
2694 1175 2794 1243 τὴν
2834 1172 3025 1229 ἕνωσιν
3077 1172 3425 1247 ὀνομάζεται,
3475 1171 3565 1228 καὶ
3620 1170 3709 1227 διὰ

2042 1265 2142 1334 τὴν
2173 1263 2494 1336 τελειότητα
2522 1268 2631 1319 τῶν
2659 1262 2950 1341 στοιχείων
2977 1263 3142 1318 αὐτοῦ
3173 1265 3248 1326 εἷς
3273 1263 3383 1319 ἐστι
3415 1261 3504 1318 καὶ
3541 1260 3708 1336 μόνος

2043 1353 2172 1412 ἀλλ’
2201 1353 2261 1410 οὐ
2294 1353 2490 1430 κόσμοι
2519 1351 2748 1411 πολλοί.

2620 1534 2743 1609 ριζ’.
2777 1533 2904 1608 Περὶ
2938 1535 3115 1590 κενοῦ.

2110 1625 2181 1679 Τὸ
2237 1624 2390 1679 κενὸν
2452 1622 2513 1679 οὗ
2572 1625 2788 1693 πάντες,
2846 1621 2973 1678 ἀλλ’
3031 1620 3162 1677 ἔνιοι
3215 1625 3324 1676 τῶν
3381 1620 3701 1700 φιλοσόφων

2040 1712 2350 1790 εἷ’σήνεγκάν
2407 1735 2466 1768 τε
2511 1717 2591 1786 τῷ
2648 1708 2796 1790 λόγῳ
2853 1711 2944 1767 καὶ
3000 1712 3369 1784 ὠνομάκασιν.
3429 1712 3697 1791 Ἀποφαί-

2036 1822 2219 1858 νονται
2275 1800 2333 1858 δὲ
2379 1807 2544 1858 τοῦτο
2601 1803 2798 1865 παντὸς
2851 1803 3106 1876 σώματος
3160 1798 3366 1873 ἔρημον
3405 1845 3418 1870 ,
3481 1802 3596 1856 οἷον
3653 1823 3705 1857 τι

2037 1893 2176 1966 χάος
2237 1892 2491 1968 ἀόρατον.
2553 1892 2659 1948 Καὶ
2711 1893 2837 1969 φασὶ
2898 1895 3060 1946 τοῦτο
3117 1891 3547 1965 προϋποκεῖσθαι
3605 1895 3704 1946 τοῦ

2039 1983 2271 2055 κόσμου.
2327 1982 2457 2039 Εἶτα
2520 1986 2627 2036 τῶν
2680 1979 2969 2056 στοιχείων
3003 1979 3306 2057 γεγονότων
3335 1979 3428 2034 καὶ
3473 1983 3572 2034 τοῦ
3605 1981 3705 2035 οὐ·

2043 2074 2203 2145 ρανοῦ
2259 2075 2328 2144 τῇ
2388 2069 2728 2148 κυκλοφορίᾳ
2769 2070 2836 2125 τὰ
2879 2069 3108 2143 σώματα
3157 2068 3330 2124 πάντα
3380 2067 3700 2146 συσφίγξαν-

2041 2181 2153 2234 τος,
2207 2161 2361 2215 κενὸν
2424 2161 2516 2234 μὲν
2577 2159 2728 2222 ἐντὸς
2797 2157 2967 2232 μηδὲν
3025 2157 3463 2235 ἀπολελεῖφθαι,
3521 2159 3582 2213 τὸ
3645 2156 3703 2214 δὶ

2043 2250 2196 2314 ἐκτὸς
2248 2252 2346 2319 τῆς
2408 2245 2509 2320 ἔξω
2565 2250 2910 2326 περιφερείας
2965 2247 3130 2304 αὐτοῦ
3162 2247 3294 2302 ὅλον
3351 2247 3506 2302 κενὸν
3541 2247 3701 2321 εἶναι,

2045 2338 2265 2413 ἄπειρον
2321 2339 2372 2394 ἰν
2436 2337 2645 2413 ἀπείρῳ
2701 2339 2858 2410 τόπῳ
2918 2335 3395 2415 ἐμφανταζόμενον
3431 2380 3445 2395 ,

2046 2427 2104 2485 δὲ
2156 2431 2246 2484 τὸν
2308 2427 2473 2502 λόγον
2536 2425 2923 2504 Ἀριστοτέλης
2979 2427 3076 2500 μὲν
3110 2427 3474 2500 ἀπογινώσκει
3507 2428 3704 2481 παντά-

2044 2540 2198 2586 πασι,
2258 2519 2347 2573 καὶ
2409 2516 2667 2590 οὐδαμῶς
2723 2517 2927 2582 τίθεται
2980 2513 3105 2572 οὕτε
3134 2515 3286 2578 ἒντὸς
3343 2518 3441 2570 τοῦ
3471 2514 3703 2586 κόσμου,

2045 2607 2169 2664 οὔτε
2227 2606 2398 2671 ἐκτός·
2462 2605 2795 2680 Κλεομήδης
2858 2604 2915 2661 δὶ
2973 2607 3001 2660 6
3055 2603 3380 2683 φιλόσοφος,
3431 2603 3575 2666 ἐντὸς
3609 2603 3704 2676 μὲν

2042 2702 2141 2755 τοῦ
2191 2696 2403 2771 κόσμου
2438 2694 2499 2752 οὔ
2533 2717 2697 2774 φησιν
2729 2696 2860 2751 εἶναι
2899 2694 3074 2761 κενὸν,
3119 2692 3274 2758 ἐκτὸς
3335 2691 3392 2748 δὶ
3446 2694 3536 2748 καὶ
3567 2693 3708 2747 πάνυ

2050 2787 2318 2866 βιάζεται.

3503 2341 3704 2391 Τοῦτον

2619 2875 2747 2951 ριη’.
2776 2873 2907 2950 Περὶ
2935 2875 3130 2932 τόπου.

2114 2969 2171 3021 '0
2222 2967 2390 3028 τόπος
2440 2965 2515 3030 ὡς
2569 2965 2617 3020 τ’
2669 2961 2882 3040 οίίνομα
2914 2960 3103 3037 δηλοῖ,
3135 2964 3367 3040 πρᾶγμά
3397 2961 3509 3019 ἔστι
3536 2960 3712 3018 δεκτι-

2041 3059 2134 3114 κὸν
2169 3057 2443 3131 σώματος,
2501 3057 2537 3126 ἢ
2600 3054 2895 3130 ἀσωμάτου
2954 3052 3188 3132 φύσεως.
3220 3052 3373 3108 Ἐπεὶ
3407 3053 3496 3107 οὗν
3529 3053 3565 3122 ἡ
3597 3049 3704 3124 ίῖλη

2039 3148 2101 3204 τὸ
2160 3145 2300 3209 εἶδος
2354 3144 2591 3222 δέχεται,
2623 3145 2791 3207 τόπος
2817 3142 3040 3220 λέγοιτο
3071 3141 3132 3198 ἂν
3162 3143 3197 3212 ἡ
3232 3140 3338 3212 ὕλη
3371 3145 3469 3197 τοῦ
3502 3139 3704 3202 εἴδους·

2041 3236 2328 3307 ἀσώματον
2385 3234 2443 3291 δὲ
2490 3237 2552 3290 τὸ
2609 3233 2790 3298 εἶδος.
2854 3231 3027 3290 Ηάλιν
3064 3275 3080 3303 ,
3141 3231 3256 3288 ἐπεὶ
3309 3233 3371 3286 τὸ
3432 3229 3710 3304 διάστημα

279 3324 374 3382 Sic
407 3325 664 3395 spatium
698 3325 997 3383 desertum
1049 3345 1113 3384 ac
1141 3346 1414 3401 vacuum,
1447 3331 1928 3404 quandoquidem

2047 3324 2254 3404 ἔρημον
2317 3324 2374 3382 ὅν
2409 3325 2498 3382 καὶ
2531 3325 2704 3397 κενὸν,
2748 3325 2977 3398 σώματα
3035 3319 3252 3377 δύναται
3295 3318 3567 3392 δέξασθαι,
3613 3322 3709 3376 τό-

275 3430 520 3484 corpora
548 3414 803 3484 recipere
835 3422 1048 3488 potest,
1083 3435 1196 3474 non
1228 3418 1378 3474 male
1423 3419 1588 3476 locus
1620 3438 1928 3493 corporum

275 3503 524 3558 dicetur.
583 3504 822 3576 PrOprie
859 3523 994 3562 vero
1055 3507 1219 3564 locus
1277 3513 1369 3565 est
1414 3516 1744 3566 extremum
1777 3514 1931 3584 quod

274 3591 457 3647 ambit
487 3607 770 3663 corpora;
797 3593 876 3647 ita
903 3610 1002 3649 aer
1024 3596 1208 3650 ambit
1235 3613 1481 3668 corpora
1512 3599 1931 3665 naturalia,sed

275 3696 390 3736 non
420 3682 898 3753 aerquicunque,
961 3700 1074 3739 non
1128 3687 1286 3740 enim
1341 3686 1438 3742 ille
1469 3689 1567 3758 qui
1628 3691 1932 3746 montibus

275 3769 581 3826 sublimior
635 3775 693 3825 et
751 3772 1054 3842 proximus
1103 3774 1245 3831 cmlo
1272 3778 1490 3844 est,sed
1523 3777 1765 3833 inferior
1802 3781 1932 3849 eius

276 3874 413 3930 pars
444 3875 552 3914 nos
576 3858 783 3916 ambit.
821 3861 950 3916 Hiec
978 3861 1161 3932 igitur
1181 3863 1332 3920 aeris
1358 3867 1699 3937 superficies
1729 3885 1929 3940 corpo-

274 3963 407 4002 rum
439 3952 776 4004 nostrorum
802 3954 890 4005 est
921 3950 1104 4006 locus.

348 4053 470 4110 149.
505 4054 580 4112 De
599 4065 797 4128 spatzo,
823 4057 965 4130 quod
993 4059 1312 4132 philosophi
1341 4060 1528 4136 χώραν
1556 4065 1856 4137 appellant.
1912 4132 1922 4142 ν

346 4143 711 4199 Aritbmetici
727 4145 913 4218 χώραν
936 4153 1143 4204 vocant
1161 4149 1534 4207 intervallum
1565 4142 1931 4226 intelligibile

273 4231 427 4286 inter
451 4235 912 4302 numeros,inter
945 4253 1125 4293 unum
1168 4239 1536 4308 etduo,inter
1566 4243 1680 4298 duo
1715 4247 1771 4299 et
1794 4244 1927 4313 tria,

275 4325 531 4392 quatuor
560 4327 735 4393 atque
754 4323 836 4379 ita
859 4325 1452 4398 deinceps.0uoniam
1470 4331 1626 4387 enim
1651 4350 1764 4389 non
1791 4350 1928 4389 con-

271 4409 474 4465 tinuus
505 4415 593 4466 est
625 4428 1005 4470 numerorum
1030 4417 1193 4487 ordo,
1242 4421 1343 4474 sed
1377 4419 1693 4488 discretus,
1746 4423 1926 4478 inter-

271 4496 424 4554 valla
471 4499 624 4554 inter
681 4518 961 4559 numeros
1009 4505 1198 4579 χώρας
1256 4508 1653 4580 appellarunt.
1707 4512 1815 4567 Sed
1875 4515 1932 4567 et

273 4587 460 4662 χώραν
495 4594 706 4646 vocant
737 4591 1220 4665 philosophorum
1258 4597 1438 4670 aliqui
1498 4605 1718 4672 partem
1755 4619 1819 4656 ac
1843 4618 1926 4658 ve-

2043 3439 2144 3480 πος
2205 3411 2474 3491 σωμάτων
2538 3413 2620 3486 ε’ίη
2683 3413 2742 3469 ἂν
2773 3413 2835 3469 τὸ
2870 3411 3166 3486 διάστημα.
3202 3410 3413 3487 Κυρίως
3448 3408 3505 3466 δὶ
3534 3410 3706 3473 τόπος

2042 3505 2152 3562 ἐστὶ
2211 3507 2273 3562 τὸ
2335 3504 2567 3581 ἔσχατον
2624 3507 2721 3558 τοῦ
2767 3503 3125 3578 περιέχοντος
3162 3501 3327 3577 μέρος
3358 3499 3425 3556 τὰ
3456 3501 3702 3573 σώματα.

2043 3597 2190 3669 Οῒον,
2225 3597 2251 3652 6
2283 3595 2388 3669 ἀήρ
2421 3593 2667 3670 περιέχει
2701 3595 2766 3647 τὰ
2796 3591 2994 3670 φυσικὰ
3020 3591 3268 3666 σώματα,
3303 3588 3430 3645 ἀλλ’
3462 3589 3525 3645 οὐ
3551 3595 3653 3653 πᾶς
3680 3590 3708 3644 6

2040 3685 2167 3762 ἀήρ·
2203 3685 2264 3741 οὗ
2293 3686 2394 3762 γὰρ
2425 3684 2513 3740 καὶ
2549 3684 2575 3738 6
2607 3681 2658 3737 ἐν
2693 3687 2810 3745 τοῖς
2840 3678 3047 3757 ὄρεσιν,
3079 3681 3114 3751 ἢ
3150 3682 3178 3736 6
3223 3678 3459 3750 πλησίον
3491 3684 3588 3736 τοῦ
3617 3679 3708 3734 οὐ·

2041 3780 2222 3849 ρανοῢ,
2259 3771 2404 3830 ἀλλὰ
2427 3774 2489 3828 τὸ
2531 3769 2760 3848 ἔσχατον
2816 3771 2980 3848 μέρος
3020 3769 3186 3826 αὐτοῦ
3235 3770 3482 3846 περιέχει
3531 3768 3704 3842 ἥμᾶςο

2041 3863 2174 3934 αὕτη
2211 3862 2301 3918 οὖν
2329 3865 2364 3933 ἡ
2395 3867 2492 3918 τοῦ
2522 3863 2683 3939 ἀὲρος
2716 3861 3020 3939 ἐπιφάνεια,
3049 3862 3220 3924 τόπος
3259 3859 3369 3915 ἐστὶ
3403 3863 3508 3914 τῶν
3565 3861 3704 3931 ἡμε-

2038 3953 2207 4030 τὲρων
2235 3975 2312 4008 σω
2324 3953 2530 4027 μάτων.

2607 4059 2727 4136 ριθ’.
2767 4057 2899 4133 Περὶ
2930 4058 3138 4133 χώρας.

2111 4150 2276 4224 Χώρα
2311 4147 2422 4204 ἐστὶ
2473 4149 2610 4203 κατᾶ
2637 4145 2767 4210 τοὺς
2798 4145 3219 4223 ἀριθμητικοὺς,
3275 4145 3339 4203 τὸ
3369 4148 3564 4219 νοητὸν
3595 4149 3704 4202 τῶν

2039 4238 2289 4316 ἀριθμῶν
2345 4235 2641 4312 διάστημα,
2693 4239 2810 4292 οἷον
2862 4235 2926 4290 τὸ
2956 4235 3154 4309 μεταξὺ
3185 4240 3280 4292 τοῦ
3315 4237 3426 4299 ἑνὸς
3470 4237 3558 4292 καὶ
3596 4240 3703 4289 τῶν

2044 4327 2164 4398 δύο,
2214 4327 2303 4384 καὶ
2333 4331 2431 4382 τοῦ
2488 4327 2632 4404 τρία,
2663 4324 2755 4381 καί
2809 4329 2906 4380 τοῦ
2936 4326 3189 4402 τέσσαρα,
3237 4325 3325 4380 καὶ
3356 4330 3454 4381 τοῦ
3488 4325 3700 4402 ἰφεξῆς.

2039 4418 2191 4475 Ἐπεὶ
2250 4417 2354 4493 γὰρ
2416 4418 2480 4472 οὗ
2537 4417 2774 4492 συνεχής
2835 4413 2976 4471 ἐστιν
3030 4418 3064 4485 ἡ
3121 4415 3268 4487 τάξις
3298 4418 3404 4468 τῶν
3430 4413 3700 4488 ἀριθμῶν,

2040 4505 2383 4581 διαστήματα
2416 4505 2606 4584 χώρας
2653 4504 3062 4580 ἔπωνομάκασι.
3110 4505 3309 4580 Χώραν
3340 4500 3506 4557 πάλιν
3561 4499 3703 4562 τινὲς

2037 4601 2142 4652 τῶν
2189 4595 2504 4676 φιλοσόφων
2540 4595 2788 4673 εἰρήκασι
2822 4596 2922 4664 τὴν
2958 4593 3187 4669 μερικὴν
3220 4594 3316 4646 τοῦ
3346 4587 3700 4664 περιέχοντος

273 4677 381 4733 luti
414 4677 711 4752 regionem
746 4683 1097 4753 receptaculi
1127 4703 1342 4758 corpus
1365 4679 1763 4760 capientis,uti
1791 4692 1929 4746 dolii

2047 4687 2103 4741 τὸ
2163 4691 2324 4760 σῶμα
2379 4686 2676 4762 περιοχῆν,
2735 4686 2854 4738 οἷον
2885 4683 2912 4736 6
2939 4681 3096 4742 πίθος
3123 4678 3367 4755 περιέχει
3397 4678 3489 4733 τὸν
3532 4677 3694 4734 οἶνον,

274 4769 427 4840 quod
460 4769 615 4840 capit
644 4770 868 4826 vinum.
905 4772 965 4828 Si
989 4773 1144 4828 enim
1209 4782 1464 4846 ponatur
1491 4785 1752 4836 ventrem
1789 4781 1930 4836 dolii

273 4860 686 4916 tantummodo
715 4860 850 4915 vino
884 4861 1269 4933 plenum,non
1299 4867 1538 4938 quidem
1570 4874 1754 4924 totum
1791 4869 1930 4925 dolii

272 4963 510 5020 corpus,
544 4950 647 5006 sed
671 4954 901 5005 tantum
932 4956 1134 5008 venter
1157 4954 1286 5024 ejus
1318 4956 1791 5014 circumferentia
1823 4976 1931 5015 sua

268 5037 474 5093 vinum
507 5039 972 5110 comprehendit,
992 5047 1164 5112 atque
1186 5043 1528 5115 bujusmodi
1552 5053 1776 5119 partem
1802 5049 1929 5121 phi-

269 5125 500 5196 losophi
535 5127 772 5197 quidam
807 5128 995 5202 χώραν
1030 5132 1328 5204 regionem
1353 5139 1584 5205 vocant,
1611 5152 1786 5208 quam
1812 5154 1928 5193 non

269 5213 525 5270 absurde
554 5215 770 5288 aliquis
800 5219 976 5274 etiam
1011 5219 1201 5276 locum
1238 5222 1640 5294 appellaverit.

591 5323 614 5379 Ι
626 5324 716 5378 20.
759 5326 901 5382 Num
929 5328 1168 5384 mundus
1189 5330 1264 5386 sit
1294 5333 1602 5387 animatus.

329 5409 542 5466 Nostra
555 5411 1012 5472 cbristianorum
1029 5419 1324 5475 sententia
1339 5437 1409 5475 ne
1426 5422 1675 5479 summis
1691 5423 1926 5497 quidem

265 5499 512 5558 auribus
539 5502 796 5558 admittit
827 5505 1158 5564 animatum
1208 5525 1338 5566 esse
1389 5512 1698 5582 mundum,
1752 5531 1924 5585 quem

266 5589 634 5663 providentia
663 5594 977 5664 gubernari
1005 5599 1295 5656 novimus.
1329 5601 1408 5656 Ac
1449 5604 1925 5673 praestantissimi

268 5677 603 5752 philosophi
637 5682 797 5741 Plato
827 5691 886 5742 et
919 5688 1509 5763 Aristoteles,quique
1541 5691 1648 5749 bos
1663 5710 1925 5766 sequun-

268 5771 387 5840 tur,
419 5775 476 5827 et
525 5771 724 5831 anima
775 5778 832 5833 et
863 5779 1057 5835 mente
1116 5779 1426 5851 praditum
1472 5799 1602 5840 esse
1633 5784 1923 5842 mundum

2038 4774 2370 4839 Ὑποκείσθω
2403 4773 2460 4830 δὲ
2491 4776 2518 4830 6
2553 4776 2699 4836 οἶνος
2728 4772 2850 4848 περῖ
2884 4767 3106 4839 κοίλης,
3141 4767 3269 4825 ἀλλ’
3300 4767 3409 4843 οὐχ
3447 4765 3576 4823 ὅλον
3637 4769 3696 4824 τὸ

2039 4870 2198 4939 σῶμα
2227 4868 2322 4919 τοῦ
2353 4864 2513 4929 πίθου
2543 4864 2634 4919 τὸν
2667 4863 2805 4917 οἶνον
2841 4855 3078 4930 ἐδέξατο,
3107 4856 3253 4914 ἀλλὰ
3287 4858 3426 4933 μόνη
3461 4859 3494 4928 ἦ
3527 4855 3693 4928 κοίλη

2038 4955 2202 5010 αὐτοῦ
2231 4954 2564 5034 περιφέρεια.
2615 4954 2793 5009 Τοῦτο
2843 4951 2971 5024 γοῦν
3017 4948 3078 5004 τὸ
3133 4949 3296 5025 μέρος
3347 4949 3536 5025 χώραν
3569 4947 3696 5026 φασὶ

2036 5050 2144 5100 τῶν
2178 5043 2495 5124 φιλοσόφων
2523 5041 2685 5103 τινες.
2719 5037 2833 5098 Οὐκ
2861 5036 3167 5102 ἀπεικότως
3210 5036 3266 5095 δὲ
3294 5042 3455 5094 τοῦτο
3485 5038 3574 5094 καὶ
3606 5040 3695 5093 τό-

2038 5156 2138 5191 πον
2169 5156 2254 5198 τις
2288 5133 2628 5208 ὀνομάσειεν.

2455 5329 2556 5403 ρκ’.
2589 5326 2654 5385 Εἰ
2690 5325 2943 5404 ἔμψυχος
2973 5327 3000 5382 ὁ
3031 5327 3266 5402 κόσμος.

2107 5425 2168 5482 Ὀ
2234 5422 2326 5496 μὶν
2383 5421 2499 5475 καθ’
2545 5421 2693 5493 ἡμᾶς
2745 5416 2933 5493 λόγος,
2967 5416 3092 5475 οὑδὲ
3122 5421 3428 5495 ἀκροθιγῶς
3457 5419 3518 5473 τὸ
3568 5418 3698 5472 ὡσὶν

2038 5513 2289 5589 ἔμψυχον
2353 5511 2488 5566 εἶναι
2533 5510 2624 5565 τὸν
2676 5509 2881 5583 κόσμον
2933 5509 3240 5585 προσίεται,
3299 5507 3529 5585 προνοίᾳ
3563 5508 3690 5580 μέν..

2035 5625 2188 5680 τοιγε
2237 5599 2638 5675 διοικούμενον.
2671 5601 2738 5658 Οἱ
2771 5597 2828 5654 δὶ
2856 5600 3182 5674 τελεώτεροι
3206 5603 3315 5654 τῶν
3347 5595 3688 5676 φιλοσόφων,

2036 5692 2262 5749 Πλάτων
2312 5692 2400 5746 καὶ
2460 5687 2868 5767 Ἀριστοτέλης,
2925 5689 3016 5744 καὶ
3073 5688 3191 5744 ὅσοι
3229 5688 3444 5749 τούτοις
3479 5685 3687 5757 ἐπηκο-

2036 5782 2334 5855 λούθησαν,
2388 5781 2478 5838 καὶ
2535 5777 2809 5856 ἔμψυχον,
2859 5777 2950 5834 καὶ
2990 5775 3171 5834 ἔννουν
3231 5779 3416 5856 σαφῶς
3474 5773 3686 5853 ἀπειρή-
