2050 3202
146 212 208 245 ’161

747 218 798 250 DE
819 219 1042 252 OMNIFARIA
1063 220 1276 253 DOCTBINA.

1807 221 1869 253 ’162

146 290 244 326 ναντο.
261 279 433 320 Ἐγκλεῖσθαι
449 280 479 311 δὶ
501 282 533 312 οὗ
555 283 603 317 τὰς
623 285 714 323 ψυχὰς
730 283 756 314 ἵν
772 296 801 314 τε
815 288 855 323 τῷ
871 286 979 324 οὐρανῷ

1036 290 1134 325 aperte
1154 290 1301 317 statuunt.
1311 288 1411 326 Neque
1422 288 1536 318 animas
1551 288 1648 318 inesse
1661 288 1732 318 ccelo
1747 290 1776 317 et
1790 289 1868 318 infra

145 325 199 354 καὶ
227 328 288 358 ταῖς
325 327 519 365 ὑποκέιμὶναις
550 328 686 368 σφαίραις,
717 329 781 358 ἀλλ’
807 330 941 359 ἀνάπαλιν
954 331 988 360 τὰ

149 371 269 408 σώματα
283 374 338 400 τῶν
364 372 510 410 θειοτὲρων
536 375 673 412 ἠρτῆσθαι
701 373 854 412 διωρίκασι.
881 379 987 404 Διακεῖ-

148 422 215 449 σθαι
252 416 345 451 μέντοι
369 418 415 445 καὶ
441 417 494 446 ὑπὸ
523 419 601 458 φύσιν
633 420 701 448 αὐτὰ
723 420 908 458 νενομίκασιν,
939 421 988 449 οὐκ

147 460 322 489 ἀντικεῖσθαι
354 461 482 501 μέντοιγε
519 464 568 499 τὴν
599 464 678 503 φύσιν
708 463 770 493 οὔτε
796 468 857 497 ταῖς
885 468 988 504 ψυχαῖς

151 505 283 546 τούτωνφ
300 505 363 535 οὔτε
386 510 444 539 ταῖς
468 511 574 547 νοεραῖς
598 508 758 545 διατάξεσιν,
780 509 844 539 ἀλλ’
866 511 909 538 ὑπ’
938 511 985 539 αὐ-

145 553 205 579 τῶν
237 551 357 588 μάλιστα
381 553 601 582 καθευοῦτεσθαι.
630 554 708 583 Ἀλλ’
738 554 800 583 οὐδὲ
829 555 985 592 δεσμιῖσθαι

144 595 198 628 τὰς
210 595 313 633 ψυχὰς,
338 595 357 631 ἤ
383 596 447 628 τοὺς
472 600 535 628 νοῦς
559 601 618 630 τοῖς
644 600 748 626 τούτων
772 600 900 636 ᾠήθησαν
932 600 985 628 σώ-

147 650 244 677 μασιν,
285 640 350 670 ἀλλ’
377 641 422 669 ὐπ’
466 642 574 670 ἐκείνων
620 643 775 679 ἐξάπτεσθαι
817 646 861 672 καὶ
902 656 985 673 κατα-

145 682 319 722 λάμπεσθαι.

240 739 310 777 ρκα¹⁸
325 739 357 768 El.
373 739 520 777 ἀγὲννητος
536 740 549 768 ὀ
565 741 670 778 κόσμος
685 742 730 770 καὶ
748 742 893 782 ἄφθαρτος.

184 781 255 812 Οὔτε
283 783 429 822 ἀγέννητος
456 786 520 823 παρ’
558 787 626 822 ἡμῖν
660 788 673 814 ὁ
706 787 808 823 κόσμος
834 787 983 823 δοξάζεται,

147 825 212 856 οὗτε
224 828 373 867 ἄφθαρτος,
404 831 581 867 γεγεννῆσθαί
610 842 640 858 τε
667 833 720 869 γὰρ
745 832 824 859 αὐτὸν
847 833 920 871 παρὰ
933 837 983 868 τῆς

148 874 258 910 Γρασῆς
292 873 338 901 καὶ
379 875 563 913 φθαρήσεσθαι
606 878 814 912 μεμαθήκαμεν.
857 878 982 914 Ἀριστο-

147 915 233 953 τιλης
247 915 278 945 δί
301 919 346 946 καὶ
372 919 520 957 ἀγέννητον
545 920 624 948 αὑτὸν
648 922 693 948 καὶ
719 921 853 960 ἄφθαρτον
869 923 981 954 τίθεται,

148 960 265 990 Πλάτων
284 961 314 990 δὲ
327 966 407 1001 γεννᾷ
433 964 482 1000 μὶν
508 965 588 992 αὐτὸν
615 965 641 992 ἐν
666 966 784 1002 Τιμαίῳ,
807 966 981 1005 ἀποφαίνεται

149 1005 178 1034 ὂὶ
207 1005 281 1044 μηδὲ
295 1009 479 1046 φθαρήσεσθαι
501 1010 546 1036 τὸν
572 1008 676 1037 ἅπαντα
697 1011 809 1048 χρόνον.
823 1012 871 1038 Καὶ
889 1011 982 1046 ἐπειδὴ

152 1050 298 1079 ἀντίκειται
324 1052 409 1088 αὐτῷ,
436 1051 477 1081 ὅτι
501 1054 625 1086 σύνθετος
655 1055 691 1082 ὣν
722 1056 766 1082 καὶ
792 1058 959 1093 φθαρήσεται
976 1059 982 1065 ’

154 1098 202 1123 πᾶν
229 1097 281 1135 γὰρ
316 1097 347 1125 τὸ
394 1097 519 1130 σύνθετον
562 1100 608 1126 καὶ
638 1098 766 1127 διαλυτὸν
795 1099 982 1128 διαστέλλεται

159 1138 253 1177 λίγων,
277 1139 318 1169 ὅτι
342 1141 404 1169 ὅσον
432 1142 479 1179 μὶν
509 1142 554 1170 ἰπὶ
581 1144 629 1178 τήν
662 1145 750 1181 φύσιν,
782 1146 898 1183 φθαρτός
915 1147 981 1180 ἐστι,

153 1185 232 1229 σῶμα
259 1185 307 1224 γὰρ
337 1186 368 1214 οὐ
399 1190 489 1226 χωρεῖ
516 1187 670 1224 ἆϊδιότητα,
702 1189 775 1217 ἀλλὰ
802 1192 831 1217 ob
848 1189 982 1229 ἄφθαρτον

147 1227 311 1274 ὶπεισιέκτως
335 1233 408 1268 παρὰ
445 1234 492 1259 τοῦ
530 1236 597 1260 Θεοῦ
634 1234 785 1270 κομίζεται.
824 1227 922 1263 ὈΠδὲ
950 1247 981 1274 γι

146 1273 272 1311 Πρόκλος
288 1274 314 1302 ἰν
330 1278 390 1307 τοῖς
420 1275 594 1314 ἐξηγητικοῖς
619 1281 679 1309 τοῖς
703 1280 772 1317 πρὸς
801 1280 915 1316 Τίμαιον
929 1273 979 1308 λό-

147 1328 219 1356 γοις,
246 1323 363 1358 πειρᾶτα
387 1320 521 1349 δεικνύναι
559 1323 724 1361 βιαιότερον,
749 1322 789 1351 ὅτι
821 1324 891 1361 μηδὲ
920 1336 979 1363 γεν-

149 1363 233 1398 νητὸν
254 1364 269 1391 ὁ
295 1364 409 1394 Πλάτων
425 1365 471 1394 τὸν
493 1366 596 1403 κόσμον
621 1367 716 1404 οἶέται,
740 1368 757 1404 ἤ
776 1369 882 1405 μᾶλλον
898 1371 981 1398 εἰπεῖν

152 1406 340 1453 ἀποφαίνεται,
377 1411 446 1439 κατὰ
481 1410 510 1439 δὲ
547 1412 578 1440 τὸ
618 1412 754 1449 σύνθετον,
785 1414 892 1451 ἐπινοίᾳ
919 1426 979 1453 γεν-

151 1451 234 1487 νητόν
239 1473 247 1482 .

352 1591 421 1628 ρκβ’.
437 1591 469 1620 Εἰ
485 1592 609 1631 τριφεται
627 1593 640 1619 ὁ
656 1592 770 1629 κόσμος.

184 1632 222 1660 οὐ
233 1632 329 1678 τιόῤῥω
356 1645 403 1671 μοι
433 1636 557 1672 εὐηθείας
586 1638 654 1664 εἶναι
685 1636 809 1665 δοκοῦσιν
833 1639 859 1666 οἱ
884 1638 977 1678 τρέφε-

146 1677 208 1704 σθαι
223 1677 269 1706 τὸν
295 1679 398 1716 κὸσμον
427 1679 678 1718 ὑπολαμϐάνοντες,
709 1682 762 1710 εἴτε
788 1683 901 1720 οὐρανὸν
931 1685 977 1711 κό-
994 1671 1015 1704 C

147 1731 216 1765 σμον
241 1725 475 1760 κατονομάζουσιν
498 1726 535 1758 ὡς
562 1727 575 1754 ὁ
603 1726 717 1755 Πλάτων
743 1727 769 1754 ἐν
792 1731 831 1763 τῷ
856 1729 979 1765 Τιμαίῳ,

147 1764 202 1810 εἴτε
218 1770 286 1802 μετὰ
308 1771 357 1796 τοῦ
381 1769 488 1808 αἰθέρος
512 1771 557 1798 καί
579 1772 613 1798 τὰ
638 1775 774 1809 στοιχεῖα.
802 1772 834 1800 El
859 1773 910 1810 γὰρ
939 1764 980 1800 τε-

146 1809 285 1844 λιώτατος
301 1814 315 1840 ὁ
338 1814 443 1851 κόσμος
467 1819 524 1842 κατ’
552 1816 662 1851 αὐτοὺς,
693 1816 811 1853 μάλιστα
835 1816 864 1844 δὶ
879 1819 921 1845 καὶ
940 1817 979 1845 ἀί-

147 1853 219 1899 ξιος,
235 1859 294 1890 πῶς
307 1857 339 1885 ἃν
355 1857 465 1895 δεηθείη
490 1864 596 1899 τροφῆς
612 1870 618 1895 ;
636 1862 675 1889 Τὸ
702 1862 753 1899 γὰρ
770 1862 862 1893 ἀτελὲς
878 1862 921 1889 καὶ
938 1863 979 1890 ὲν-

147 1897 206 1932 δεὶς
220 1902 356 1939 τρέωιται.
385 1902 467 1932 ἈΛλ³
493 1905 560 1943 οὐχί
585 1906 630 1933 καὶ
659 1906 690 1933 τὸ
719 1905 825 1944 πλῆρες
844 1908 888 1934 καὶ
906 1907 978 1934 ἀνεν-

147 1943 218 1976 διές.
246 1947 277 1975 Εἰ
307 1946 336 1975 δὲ
358 1948 390 1976 τὸ
429 1949 527 1988 τρέφον
560 1951 720 1987 προσθήκην
750 1953 789 1986 τῷ
817 1952 977 1990 τρεφομένῳ

145 1993 223 2018 ποιεῖ
247 1991 292 2019 καὶ
321 1991 444 2030 αὔξησιν.
474 1994 604 2030 αὐξηθείη
634 1996 663 2022 ἂν
692 1997 737 2023 καὶ
762 1996 865 2032 κόσμος
880 1997 977 2036 τρεφό-

148 2045 243 2072 μενος,
267 2035 342 2065 ἀλλά
366 2038 411 2066 καὶ
442 2038 530 2076 φθίνοι
558 2040 722 2077 κινούμενος
751 2040 819 2068 ὥστε
846 2041 945 2077 μείζων
963 2042 977 2069 6

145 2079 250 2116 κόσμος
267 2081 362 2109 ὶαυτοῦ
391 2082 436 2110 καὶ
464 2082 584 2111 ἐλάττων
611 2085 743 2122 γενέσθαι.
761 2087 849 2113 Τοῦτο
866 2084 894 2112 δὲ
909 2086 978 2123 πρὸς

143 2126 186 2161 τῷ
200 2125 296 2163 ἀτόπῳ
311 2127 356 2154 καὶ
383 2127 494 2165 γελοῖον
522 2127 659 2166 ἄντικρυς,
681 2129 713 2156 Εἰ
739 2130 783 2157 οὖν
810 2128 871 2157 οὔτε
895 2130 976 2166 αὐξή-

143 2179 213 2201 σεως
239 2169 281 2198 δεῖ
306 2174 346 2208 τῷ
372 2170 470 2210 κόσμῳ
496 2172 558 2201 οὔτε
583 2175 735 2210 κενώσεως,
762 2175 794 2203 οὐ
822 2178 925 2214 τροφῆς
946 2174 974 2203 ἃν

145 2214 221 2252 αὐτῷ
235 2213 327 2251 δεήσοι
343 2216 420 2245 ποτὲ.

362 2317 428 2354 ρκγ’.
446 2317 509 2355 Ιῐερῖ
526 2316 627 2354 τάξεως
641 2319 758 2354 κόσμου.

1041 334 1145 369 positis
1160 334 1350 369 sphaeris,sed
1363 342 1377 362 ο
1390 334 1536 362 contrario
1552 343 1674 370 corpora
1685 335 1721 362 ab
1736 334 1795 362 illis
1803 337 1868 362 tan-

1041 385 1130 414 quam
1155 378 1349 406 divinioribus
1375 379 1540 415 dependere
1564 379 1755 407 arbitrantur.
1771 380 1869 415 Atque

1041 425 1152 450 naturae
1165 424 1284 459 quidem
1301 423 1390 451 etiam
1406 423 1539 459 subjecta
1554 423 1606 451 illa
1620 425 1736 460 putant,
1748 424 1798 451 sed
1816 432 1868 452 na-

1039 468 1137 495 turam
1152 477 1210 496 non
1227 468 1374 496 adversari
1389 468 1508 496 illorum
1525 468 1680 496 animabus
1696 470 1867 496 autmenta-

1040 510 1118 539 libus
1134 511 1260 548 legibus,
1291 513 1342 540 sed
1372 512 1407 540 ab
1436 512 1495 540 illis
1524 512 1651 539 maxime
1670 511 1757 547 dirigi
1773 520 1868 547 neque

1040 556 1155 584 animas
1169 560 1218 584 aut
1232 560 1344 584 mentes
1373 557 1409 584 ab
1425 557 1597 592 corporibus
1612 556 1671 584 illis
1692 557 1754 584 suis
1773 557 1869 584 existi-

1040 605 1161 629 marunt
1177 602 1355 638 alligarised
1370 603 1405 630 ab
1418 602 1475 630 illis
1490 602 1587 638 potius
1603 610 1749 638 suspensa
1765 610 1830 630 esse
1841 604 1870 630 et

1039 645 1181 675 illustrari
1198 655 1330 683 corpora.

1059 746 1119 773 121.
1137 747 1208 774 Num
1222 747 1342 774 mundus
1361 748 1501 782 ingenitus
1516 748 1554 774 sit
1571 750 1598 774 et
1615 747 1845 782 incarruptibih‘s.

1075 791 1174 826 Neque
1190 791 1339 826 ingenitus
1356 800 1450 827 neque
1468 792 1701 827 incorruptibilis
1719 792 1795 827 apud
1813 800 1866 819 nos

1039 837 1216 864 christianos
1232 838 1360 864 mundus
1373 846 1437 865 esse
1453 838 1584 870 docetur,
1601 845 1689 873 quem
1715 840 1744 865 et
1754 838 1865 865 factum

1039 889 1103 909 esse
1118 885 1147 909 et
1157 884 1321 917 periturum
1338 891 1353 910 θ
1374 884 1524 918 Scriptura
1540 882 1708 909 didicimus.
1724 882 1865 910 Aristote-

1037 925 1080 952 les
1095 935 1161 953 vero
1177 930 1206 954 et
1220 927 1384 961 ingenitum
1401 927 1485 954 illum
1501 930 1529 955 et
1545 926 1799 961 incorruptibilem
1815 935 1865 962 po-

1039 971 1178 998 nit.Plat0
1196 971 1224 998 in
1243 972 1342 1000 Timaro
1358 973 1449 999 tradit
1464 980 1530 999 eum
1549 971 1680 1007 genitum
1697 971 1864 1004 esse,nullo

1040 1018 1137 1042 autem
1150 1019 1279 1051 tempore
1295 1016 1607 1051 corrumpendum.Cui
1621 1016 1759 1051 quoniam
1777 1016 1864 1050 obiici

1039 1062 1144 1095 potest,
1157 1061 1233 1096 quod
1251 1069 1316 1088 cum
1334 1061 1372 1088 sit
1396 1061 1579 1096 compositus
1595 1061 1682 1088 etiam
1697 1069 1865 1096 corrumpe-

1038 1107 1098 1136 tur,
1111 1105 1254 1140 quidquid
1272 1105 1350 1132 enim
1367 1106 1569 1140 compositum
1579 1108 1624 1133 est
1640 1106 1726 1132 etiam
1745 1105 1865 1133 dissolvi

1037 1152 1141 1184 potest,
1159 1150 1324 1185 excipitille
1340 1158 1373 1177 ac
1388 1150 1555 1186 respondet,
1573 1150 1652 1185 quod
1669 1152 1780 1177 naturas
1805 1158 1863 1177 sum

1037 1194 1149 1221 ratione
1165 1195 1267 1229 utique
1292 1195 1329 1221 sit
1358 1194 1558 1230 corruptibilis
1588 1195 1728 1229 mundus,
1757 1202 1863 1230 corpus

1035 1239 1112 1266 enim
1131 1239 1244 1266 nullum
1262 1239 1290 1266 in
1307 1247 1336 1266 se
1354 1239 1458 1266 habere
1478 1239 1753 1275 sempiternitatem,
1766 1239 1816 1266 sed
1847 1247 1864 1266 a

1035 1283 1092 1311 Deo
1110 1284 1257 1319 accepisse
1272 1292 1393 1319 esseque
1405 1283 1445 1310 illi
1474 1284 1696 1319 superudditum
1711 1285 1742 1311 ut
1764 1283 1801 1310 sit
1817 1283 1862 1311 in-

1035 1329 1243 1364 corruptibilis.
1259 1329 1378 1357 Proelus
1394 1330 1423 1356 in
1440 1329 1660 1357 commentariis
1690 1329 1749 1357 sive
1764 1329 1862 1364 expla-

1034 1375 1205 1402 nationibus
1221 1374 1284 1402 suis
1299 1375 1328 1402 in
1346 1375 1489 1402 Timaeum
1505 1374 1585 1402 omni
1600 1375 1786 1402 contentione
1798 1377 1860 1401 stu-

1033 1420 1307 1453 detdemonstrare,
1324 1420 1399 1455 quod
1418 1428 1470 1447 nec
1481 1420 1611 1455 genitum
1628 1419 1710 1446 Plato
1719 1419 1863 1446 mundum

1034 1463 1222 1498 senserit,sed
1240 1466 1371 1500 tempore
1383 1464 1501 1500 quidem
1514 1464 1677 1500 ingenitum
1694 1471 1758 1491 esse
1766 1465 1860 1499 putat,

1032 1508 1075 1536 vel
1094 1510 1125 1535 ut
1144 1509 1253 1536 rectius
1270 1508 1365 1536 dicam
1382 1509 1557 1536 conﬁrmare
1569 1508 1776 1542 annititur,sed
1789 1516 1862 1544 qua-

1032 1557 1119 1581 tenus
1136 1553 1316 1589 compositus
1332 1554 1528 1589 est,genitum
1548 1553 1616 1581 licet
1632 1554 1770 1589 cogitare.

1212 1600 1273 1625 122.
1302 1599 1375 1626 Num
1393 1598 1513 1625 mundus
1527 1599 1681 1626 nutriatur.

1069 1643 1131 1670 Non
1149 1643 1234 1678 longe
1250 1643 1322 1670 mihi
1353 1643 1389 1670 ab
1408 1643 1524 1670 insania
1540 1643 1677 1670 videntur
1692 1642 1795 1670 abesse
1811 1641 1862 1677 qui

1036 1688 1180 1715 mundum
1195 1688 1301 1715 nutriri
1317 1688 1498 1722 existimant,
1519 1688 1579 1715 sive
1605 1687 1709 1715 coelum
1735 1688 1864 1714 tantum-

1035 1732 1121 1759 modo
1137 1733 1239 1759 mundi
1259 1732 1376 1759 nomine
1388 1732 1547 1767 appellunt,
1558 1735 1589 1759 ut
1606 1732 1634 1758 in
1652 1733 1757 1760 Timavo
1769 1731 1861 1765 Plato,

1034 1777 1094 1804 sive
1112 1785 1169 1804 una
1195 1785 1258 1804 cum
1287 1776 1358 1804 ccelo
1386 1777 1474 1804 etiam
1503 1779 1630 1812 quatuor
1651 1776 1806 1803 elementa.
1833 1776 1860 1802 Si

1034 1821 1124 1854 enim,
1142 1824 1174 1848 ut
1186 1821 1241 1856 ipsi
1257 1822 1398 1854 sentiunt,
1412 1821 1647 1856 perfectissimus
1664 1824 1708 1849 est
1721 1820 1862 1855 mundus,

1035 1866 1162 1894 maxime
1178 1870 1268 1902 atque
1283 1870 1421 1899 mternus,
1438 1866 1486 1901 qui
1512 1866 1571 1893 lieri
1589 1869 1683 1901 potest
1699 1868 1731 1893 ut
1741 1865 1805 1892 cibo
1817 1865 1861 1892 in-

1033 1911 1131 1946 digeat
1147 1913 1157 1938 Ρ
1173 1911 1306 1938 Nutritur
1319 1911 1428 1946 quippe
1442 1911 1519 1946 quod
1542 1911 1743 1945 imperfectum
1761 1912 1805 1937 est
1833 1912 1862 1937 et

1032 1956 1180 1990 indigens,
1192 1964 1249 1983 non
1265 1963 1332 1983 vero
1349 1955 1467 1991 plenum
1481 1956 1557 1990 quod
1575 1957 1660 1987 est,et
1675 1955 1720 1981 cui
1738 1954 1818 1981 nulla
1832 1963 1861 1982 re

1032 2002 1076 2028 cst
1092 2008 1175 2035 opus.
1189 2000 1261 2027 Nam
1280 2000 1303 2027 si
1331 2009 1381 2035 per
1410 2000 1627 2028 nutrimentum
1657 1999 1681 2027 ei
1696 1999 1746 2034 qui
1772 1998 1861 2026 alitur

1033 2045 1151 2072 additur
1166 2045 1277 2080 aliquid
1312 2047 1339 2072 et
1355 2045 1569 2072 incrementum
1596 2044 1717 2078 accedit,
1748 2046 1861 2071 crescet

1032 2089 1118 2117 etiam
1137 2090 1266 2116 mundus
1280 2090 1303 2116 si
1316 2089 1500 2124 alitur,autsi
1517 2089 1656 2116 alimento
1673 2088 1859 2121 dostituatur,

1033 2135 1275 2162 marcescet.Erit
1305 2134 1404 2169 itaque
1431 2134 1526 2168 major
1552 2134 1659 2168 seipse
1689 2135 1739 2160 aut
1766 2132 1861 2159 minor

1033 2180 1173 2212 mundus,
1190 2179 1266 2214 quod
1284 2179 1438 2214 perspicue
1455 2179 1618 2206 absurdum
1644 2186 1676 2205 ac
1690 2177 1858 2205 ridiculum.

1031 2224 1125 2256 Quare
1137 2224 1162 2251 si
1178 2232 1229 2251 nec
1255 2223 1428 2250 incrementi
1460 2231 1512 2250 nec
1542 2222 1741 2250 evacuationis
1770 2230 1860 2256 capax

1031 2270 1162 2296 mundus
1178 2271 1231 2302 est,
1244 2276 1338 2303 neque
1355 2268 1536 2295 nutrimento
1554 2275 1686 2302 unquam
1704 2265 1858 2302 indigebit.

1270 2321 1332 2348 123.
1352 2323 1389 2348 De
1404 2320 1614 2347 mimdinrdinc.

183 2360 317 2389 Ἐναντίοι
337 2362 406 2400 πρὸς
431 2361 574 2397 ἀλλήλους
601 2363 628 2390 οἷ’
650 2365 705 2390 τῶν
721 2363 872 2398 Ἐλλήνων
895 2365 973 2402 σοφοὶ

1066 2366 1228 2394 Graecorum
1248 2365 1415 2401 philosophi
1426 2366 1452 2391 in
1464 2365 1642 2392 collocandis
1655 2363 1755 2391 mundi
1769 2363 1859 2399 parti-

146 2405 181 2434 1a
206 2406 276 2444 μέρη
302 2408 351 2434 τοῦ
381 2407 487 2443 κόσμου
508 2407 620 2436 τιθέασι.
646 2409 684 2436 Τὸ
714 2407 742 2435 δὲ
767 2408 877 2443 ἀληθὲς,
896 2410 909 2436 ὁ
927 2410 973 2445 μὶν

147 2448 271 2487 οὐρανὸς,
301 2450 339 2482 ὡς
369 2450 496 2488 μὲγιςτον
524 2453 604 2488 σῶμα
630 2453 674 2479 καὶ
700 2451 844 2486 κυκλικὸν,
872 2453 917 2480 καὶ
941 2454 975 2480 τὰ

147 2496 271 2532 στοιχεῖα
286 2497 388 2533 χωρεῖν
404 2495 449 2522 καί
471 2495 593 2534 συνέχειν
615 2495 762 2533 δυνάμενον
780 2497 854 2528 ἐκτὸς
869 2497 973 2525 τούτων

145 2537 353 2576 ἆξῳκοδόμηται
371 2548 378 2556 ⁸
410 2540 462 2568 ὑπὸ
492 2539 521 2568 δὲ
549 2542 598 2576 τήν
636 2541 734 2577 κοίλην
763 2542 845 2569 αὐτοῦ
875 2542 973 2580 ἐπιφά-

144 2585 342 2622 νειαν,πρῶτα
372 2585 421 2621 μὶν
448 2585 481 2612 τὰ
501 2585 611 2621 ἀπλανῆ
640 2588 695 2614 τῶν
725 2585 829 2624 ἄστρων
857 2588 972 2625 τετάχα-

143 2638 199 2665 τιι,
214 2629 291 2657 καὶὸ
318 2628 450 2665 ζωδιακὸς
475 2629 589 2665 κύκλος,
615 2631 670 2659 εἶτα
699 2633 726 2659 αἱ
754 2634 808 2660 τῶν
825 2631 972 2669 πλανωμι-

143 2684 196 2702 νων
211 2673 317 2712 ἄστρων
347 2674 459 2713 σφαῖραί
487 2685 517 2703 τι
542 2676 587 2703 καὶ
617 2677 709 2714 φοραὶ,
727 2677 765 2704 ὧν
791 2678 808 2712 ἡ
825 2677 927 2713 σελήνη
942 2678 973 2705 τὸ

142 2718 300 2747 τελευταῖον
318 2729 325 2736 ·
359 2719 412 2747 ὑπὸ
441 2718 470 2747 δὲ
507 2720 607 2756 ταύτην
647 2720 724 2753 εὐθὺς
753 2722 784 2749 τὸ
815 2721 973 2758 ὑπέκκαυμα

144 2764 234 2799 οἴονὴ
262 2766 312 2792 τοῦ
339 2764 424 2802 πυρὸς
451 2763 578 2802 δύναμις,
605 2766 662 2793 ιῖτα
694 2766 708 2793 ὁ
739 2766 803 2804 ἀὴρ,
832 2767 878 2794 καὶ
907 2778 972 2805 ira-rp

142 2809 248 2837 τούτων
269 2809 301 2837 τὸ
330 2809 468 2848 στοιχεὶον
497 2812 546 2838 τοῦ
580 2808 687 2845 ὕδατος,
703 2809 859 2839 τιλευταῖον
887 2810 915 2839 δὲ
942 2812 973 2839 τὸ

144 2857 195 2891 τῆς
219 2857 272 2893 γῆς
308 2856 389 2892 σῶμα
429 2854 652 2892 τεθεμελίωται·
682 2855 726 2884 καὶ
755 2857 842 2884 πάντα
873 2857 919 2894 μὶν
946 2856 973 2884 ἓν

145 2901 227 2931 πᾶσιν
242 2899 327 2937 inim,
345 2897 457 2930 ἕκαστον
481 2899 510 2930 δὶ
532 2902 598 2930 τῶν·
612 2900 759 2940 στοιχείων
775 2901 895 2938 ὀλότητά
910 2913 971 2931 τινα

1030 2411 1085 2439 bus
1102 2411 1157 2438 sibi
1174 2411 1246 2446 ipsis
1263 2410 1386 2437 invicem
1401 2410 1605 2437 adversantur.
1623 2409 1699 2436 Vera
1713 2408 1859 2436 sententia

1030 2456 1166 2491 estquod
1182 2456 1287 2484 malum
1303 2457 1443 2490 tanquam
1462 2455 1624 2481 maximum
1642 2461 1749 2488 corpus
1760 2455 1789 2480 et
1801 2453 1858 2480 cir-

1029 2501 1137 2533 culare,
1155 2503 1242 2536 atque
1259 2500 1405 2527 elementa
1420 2499 1575 2535 complecti
1594 2507 1626 2526 ac
1643 2497 1792 2526 continere
1808 2506 1858 2533 ap-

1028 2548 1105 2578 tum,
1133 2548 1215 2572 extra
1238 2545 1288 2571 illa
1318 2547 1462 2572 structum
1480 2547 1534 2572 est.
1551 2544 1610 2571 Sub
1626 2544 1716 2578 hujus
1732 2550 1860 2570 concava

1028 2591 1181 2625 superﬁcie
1189 2590 1312 2625 primum
1322 2588 1440 2624 quidem
1450 2590 1610 2616 inerrantes
1617 2587 1709 2615 stella:
1716 2587 1859 2614 ordinatae

1028 2637 1110 2669 sunt,
1126 2637 1154 2662 et
1169 2635 1306 2662 zodiacus
1331 2634 1479 2661 circulus:
1509 2634 1649 2669 deinceps
1672 2632 1857 2668 planetarum

1029 2680 1114 2707 orbes
1125 2687 1157 2706 ac
1181 2678 1294 2710 circuli,
1325 2687 1452 2714 quorum
1483 2679 1585 2705 inﬁma
1608 2680 1652 2705 est
1671 2677 1742 2704 luna
1759 2685 1765 2704 :
1782 2676 1859 2704 intra

1029 2724 1104 2752 hanc
1120 2724 1220 2751 statim
1240 2722 1400 2758 ὑπέκκαυμα
1412 2723 1483 2751 iilud
1501 2723 1562 2750 sive
1577 2721 1858 2758 iuliginosaexbala-

1027 2769 1067 2797 tio
1084 2769 1233 2796 ﬂammam
1246 2767 1398 2803 concipere
1415 2770 1492 2804 apta,
1505 2767 1574 2795 hinc
1590 2776 1650 2800 aer,
1676 2769 1705 2794 et
1720 2765 1859 2801 deinceps

1029 2822 1108 2850 aquae
1125 2813 1316 2847 elementum,
1335 2820 1368 2840 ac
1385 2815 1534 2848 postremo
1551 2812 1613 2839 loco
1643 2814 1721 2840 terra
1737 2811 1858 2838 fundata

1029 2861 1083 2887 est.
1101 2859 1147 2887 Sic
1157 2857 1256 2886 omnia
1265 2857 1403 2886 omnibus
1412 2856 1524 2892 insunt,
1536 2859 1565 2885 et
1573 2856 1752 2885 elementum
1762 2855 1856 2891 quod-

1029 2913 1086 2942 que
1095 2904 1316 2934 universitatem
1334 2904 1495 2940 quamdam
1511 2903 1572 2933 sive
1596 2903 1756 2938 totitatem,
1770 2903 1801 2931 ut
1815 2901 1857 2930 ita
