  <div class='ocr_page' id='page_1' title='image "/cluster/home/n/w/nwhite01/storage/ocr_20150623/122:no.2/coo.31924054870278/389.png"; bbox 0 0 4100 6402; ppageno 0'>
   <div class='ocr_carea' id='block_1_1' title="bbox 341 458 461 521">
    <p class='ocr_par' dir='ltr' id='par_1_1' title="bbox 341 458 461 521">
     <span class='ocr_line' id='line_1_1' title="bbox 341 458 461 521; baseline -0.017 0"><span class='ocrx_word' id='word_1_1' title='bbox 341 458 461 521; x_wconf 78' lang='grc'><strong>’163</strong></span> 
     </span>
    </p>
   </div>
   <div class='ocr_carea' id='block_1_2' title="bbox 1686 456 2430 521">
    <p class='ocr_par' dir='ltr' id='par_1_2' title="bbox 1686 456 2430 521">
     <span class='ocr_line' id='line_1_2' title="bbox 1686 456 2430 521; baseline -0.004 0"><span class='ocrx_word' id='word_1_2' title='bbox 1686 457 2111 521; x_wconf 83' lang='lat' dir='ltr'><strong>MICHAELIS</strong></span> <span class='ocrx_word' id='word_1_3' title='bbox 2152 456 2430 520; x_wconf 82' lang='lat' dir='ltr'>PSELLI</span> 
     </span>
    </p>
   </div>
   <div class='ocr_carea' id='block_1_3' title="bbox 3643 452 3769 519">
    <p class='ocr_par' dir='ltr' id='par_1_3' title="bbox 3643 452 3769 519">
     <span class='ocr_line' id='line_1_3' title="bbox 3643 452 3769 519; baseline 0 -1"><span class='ocrx_word' id='word_1_4' title='bbox 3643 452 3769 519; x_wconf 64' lang='lat'><strong>764</strong></span> 
     </span>
    </p>
   </div>
   <div class='ocr_carea' id='block_1_4' title="bbox 337 552 2004 665">
    <p class='ocr_par' dir='ltr' id='par_1_4' title="bbox 337 588 1999 663">
     <span class='ocr_line' id='line_1_4' title="bbox 337 588 1999 663; baseline -0.002 -15"><span class='ocrx_word' id='word_1_5' title='bbox 337 590 556 662; x_wconf 89' lang='lat' dir='ltr'><strong>dicam,</strong></span> <span class='ocrx_word' id='word_1_6' title='bbox 585 589 763 647; x_wconf 90' lang='lat' dir='ltr'><strong>habet</strong></span> <span class='ocrx_word' id='word_1_7' title='bbox 800 588 1341 663; x_wconf 78' lang='lat' dir='ltr'><strong>circumscriptam,</strong></span> <span class='ocrx_word' id='word_1_8' title='bbox 1403 595 1456 648; x_wconf 85' lang='lat' dir='ltr'><strong>et</strong></span> <span class='ocrx_word' id='word_1_9' title='bbox 1506 590 1705 648; x_wconf 81' lang='lat' dir='ltr'>omnia</span> <span class='ocrx_word' id='word_1_10' title='bbox 1751 589 1999 646; x_wconf 83' lang='lat' dir='ltr'><strong>invicem</strong></span> 
     </span>
    </p>
   </div>
   <div class='ocr_carea' id='block_1_5' title="bbox 2120 552 3764 665">
    <p class='ocr_par' dir='ltr' id='par_1_5' title="bbox 2120 552 3764 665">
     <span class='ocr_line' id='line_1_5' title="bbox 2120 552 3764 665; baseline -0.001 -22"><span class='ocrx_word' id='word_1_11' title='bbox 2120 585 2632 665; x_wconf 68' lang='grc' dir='ltr'>περιγεγραμμένην</span> <span class='ocrx_word' id='word_1_12' title='bbox 2686 583 2826 663; x_wconf 77' lang='grc' dir='ltr'>ἔχει,</span> <span class='ocrx_word' id='word_1_13' title='bbox 2881 584 2971 641; x_wconf 85' lang='grc' dir='ltr'><strong>καὶ</strong></span> <span class='ocrx_word' id='word_1_14' title='bbox 3029 585 3204 640; x_wconf 85' lang='grc' dir='ltr'>πάντα</span> <span class='ocrx_word' id='word_1_15' title='bbox 3252 552 3553 656; x_wconf 27' lang='grc' dir='ltr'>ἀλλήλοις.</span> <span class='ocrx_word' id='word_1_16' title='bbox 3587 583 3764 664; x_wconf 68' lang='grc' dir='ltr'>ἔγκει-</span> 
     </span>
    </p>
   </div>
   <div class='ocr_carea' id='block_1_6' title="bbox 336 679 990 753">
    <p class='ocr_par' dir='ltr' id='par_1_6' title="bbox 336 679 990 753">
     <span class='ocr_line' id='line_1_6' title="bbox 336 679 990 753; baseline -0.006 -16"><span class='ocrx_word' id='word_1_17' title='bbox 336 686 480 737; x_wconf 89' lang='lat' dir='ltr'><strong>sunt</strong></span> <span class='ocrx_word' id='word_1_18' title='bbox 511 679 990 753; x_wconf 89' lang='lat' dir='ltr'><strong>superimposita.</strong></span> 
     </span>
    </p>
   </div>
   <div class='ocr_carea' id='block_1_7' title="bbox 370 788 1958 857">
    <p class='ocr_par' dir='ltr' id='par_1_7' title="bbox 370 788 1958 857">
     <span class='ocr_line' id='line_1_7' title="bbox 370 788 1958 857; baseline -0.001 -13"><span class='ocrx_word' id='word_1_19' title='bbox 370 788 494 845; x_wconf 82' lang='grc'><strong>124.</strong></span> <span class='ocrx_word' id='word_1_20' title='bbox 530 789 644 857; x_wconf 85' lang='lat' dir='ltr'><strong>Qua</strong></span> <span class='ocrx_word' id='word_1_21' title='bbox 675 804 841 844; x_wconf 78' lang='lat' dir='ltr'><strong>causa</strong></span> <span class='ocrx_word' id='word_1_22' title='bbox 860 790 933 845; x_wconf 79' lang='lat' dir='ltr'><strong>sit</strong></span> <span class='ocrx_word' id='word_1_23' title='bbox 981 789 1258 846; x_wconf 85' lang='lat' dir='ltr'><strong>mundum</strong></span> <span class='ocrx_word' id='word_1_24' title='bbox 1284 790 1434 847; x_wconf 85' lang='lat' dir='ltr'><strong>hunc</strong></span> <span class='ocrx_word' id='word_1_25' title='bbox 1461 792 1638 846; x_wconf 76' lang='lat' dir='ltr'><strong>totum</strong></span> <span class='ocrx_word' id='word_1_26' title='bbox 1672 788 1958 844; x_wconf 77' lang='lat' dir='ltr'><strong>inclinari.</strong></span> 
     </span>
    </p>
   </div>
   <div class='ocr_carea' id='block_1_8' title="bbox 403 950 1995 1024">
    <p class='ocr_par' dir='ltr' id='par_1_8' title="bbox 403 950 1995 1024">
     <span class='ocr_line' id='line_1_8' title="bbox 403 950 1995 1024; baseline -0.001 -16"><span class='ocrx_word' id='word_1_27' title='bbox 403 953 582 1008; x_wconf 84' lang='lat' dir='ltr'><strong>Miror</strong></span> <span class='ocrx_word' id='word_1_28' title='bbox 598 950 981 1024; x_wconf 80' lang='lat' dir='ltr'><strong>pbi1030pbos</strong></span> <span class='ocrx_word' id='word_1_29' title='bbox 1021 953 1308 1024; x_wconf 89' lang='lat' dir='ltr'><strong>quosdam</strong></span> <span class='ocrx_word' id='word_1_30' title='bbox 1369 951 1775 1007; x_wconf 77' lang='lat' dir='ltr'><strong>existimantes</strong></span> <span class='ocrx_word' id='word_1_31' title='bbox 1812 967 1995 1006; x_wconf 86' lang='lat' dir='ltr'><strong>mun-</strong></span> 
     </span>
    </p>
   </div>
   <div class='ocr_carea' id='block_1_9' title="bbox 335 1039 1997 1113">
    <p class='ocr_par' dir='ltr' id='par_1_9' title="bbox 335 1039 1997 1113">
     <span class='ocr_line' id='line_1_9' title="bbox 335 1039 1997 1113; baseline -0.001 -17"><span class='ocrx_word' id='word_1_32' title='bbox 335 1040 479 1097; x_wconf 90' lang='lat' dir='ltr'><strong>dum</strong></span> <span class='ocrx_word' id='word_1_33' title='bbox 512 1040 636 1096; x_wconf 90' lang='lat' dir='ltr'><strong>loco</strong></span> <span class='ocrx_word' id='word_1_34' title='bbox 661 1056 768 1096; x_wconf 82' lang='lat' dir='ltr'><strong>suo</strong></span> <span class='ocrx_word' id='word_1_35' title='bbox 800 1041 1110 1108; x_wconf 79' lang='lat' dir='ltr'><strong>excidisse,</strong></span> <span class='ocrx_word' id='word_1_36' title='bbox 1144 1042 1442 1112; x_wconf 84' lang='lat' dir='ltr'><strong>situmque</strong></span> <span class='ocrx_word' id='word_1_37' title='bbox 1465 1055 1641 1113; x_wconf 87' lang='lat' dir='ltr'><strong>quem</strong></span> <span class='ocrx_word' id='word_1_38' title='bbox 1673 1039 1928 1112; x_wconf 86' lang='lat' dir='ltr'><strong>primum</strong></span> <span class='ocrx_word' id='word_1_39' title='bbox 1964 1057 1997 1095; x_wconf 92' lang='lat' dir='ltr'><strong>a</strong></span> 
     </span>
    </p>
   </div>
   <div class='ocr_carea' id='block_1_10' title="bbox 337 1128 1994 1202">
    <p class='ocr_par' dir='ltr' id='par_1_10' title="bbox 337 1128 1994 1202">
     <span class='ocr_line' id='line_1_10' title="bbox 337 1128 1994 1202; baseline -0.003 -14"><span class='ocrx_word' id='word_1_40' title='bbox 337 1128 649 1188; x_wconf 87' lang='lat' dir='ltr'><strong>Conditore</strong></span> <span class='ocrx_word' id='word_1_41' title='bbox 683 1134 987 1201; x_wconf 84' lang='lat' dir='ltr'><strong>acceperat</strong></span> <span class='ocrx_word' id='word_1_42' title='bbox 1019 1128 1697 1202; x_wconf 83' lang='lat' dir='ltr'><strong>perdidisse,polumque</strong></span> <span class='ocrx_word' id='word_1_43' title='bbox 1719 1130 1862 1184; x_wconf 90' lang='lat' dir='ltr'><strong>adeo</strong></span> <span class='ocrx_word' id='word_1_44' title='bbox 1894 1129 1994 1183; x_wconf 90' lang='lat' dir='ltr'><strong>bo-</strong></span> 
     </span>
    </p>
   </div>
   <div class='ocr_carea' id='block_1_11' title="bbox 337 1217 1994 1291">
    <p class='ocr_par' dir='ltr' id='par_1_11' title="bbox 337 1217 1994 1291">
     <span class='ocr_line' id='line_1_11' title="bbox 337 1217 1994 1291; baseline -0.002 -15"><span class='ocrx_word' id='word_1_45' title='bbox 337 1218 550 1276; x_wconf 87' lang='lat' dir='ltr'><strong>realem</strong></span> <span class='ocrx_word' id='word_1_46' title='bbox 586 1219 645 1274; x_wconf 91' lang='lat' dir='ltr'><strong>in</strong></span> <span class='ocrx_word' id='word_1_47' title='bbox 678 1217 942 1274; x_wconf 80' lang='lat' dir='ltr'><strong>altiorem</strong></span> <span class='ocrx_word' id='word_1_48' title='bbox 968 1224 1190 1291; x_wconf 88' lang='lat' dir='ltr'><strong>partem</strong></span> <span class='ocrx_word' id='word_1_49' title='bbox 1225 1220 1471 1289; x_wconf 87' lang='lat' dir='ltr'><strong>elatum,</strong></span> <span class='ocrx_word' id='word_1_50' title='bbox 1501 1219 1818 1274; x_wconf 82' lang='lat' dir='ltr'><strong>australem</strong></span> <span class='ocrx_word' id='word_1_51' title='bbox 1865 1236 1994 1274; x_wconf 89' lang='lat' dir='ltr'><strong>vero</strong></span> 
     </span>
    </p>
   </div>
   <div class='ocr_carea' id='block_1_12' title="bbox 334 1306 1991 1381">
    <p class='ocr_par' dir='ltr' id='par_1_12' title="bbox 334 1306 1991 1381">
     <span class='ocr_line' id='line_1_12' title="bbox 334 1306 1991 1381; baseline -0.002 -16"><span class='ocrx_word' id='word_1_52' title='bbox 334 1310 681 1381; x_wconf 87' lang='lat' dir='ltr'><strong>depressum</strong></span> <span class='ocrx_word' id='word_1_53' title='bbox 740 1308 891 1362; x_wconf 82' lang='lat' dir='ltr'><strong>infra</strong></span> <span class='ocrx_word' id='word_1_54' title='bbox 941 1312 1259 1377; x_wconf 86' lang='lat' dir='ltr'><strong>terram,et</strong></span> <span class='ocrx_word' id='word_1_55' title='bbox 1287 1306 1751 1380; x_wconf 82' lang='lat' dir='ltr'><strong>aequinoctialem</strong></span> <span class='ocrx_word' id='word_1_56' title='bbox 1785 1325 1991 1362; x_wconf 84' lang='lat' dir='ltr'><strong>zonam</strong></span> 
     </span>
    </p>
   </div>
   <div class='ocr_carea' id='block_1_13' title="bbox 326 1396 1995 1469">
    <p class='ocr_par' dir='ltr' id='par_1_13' title="bbox 326 1396 1995 1469">
     <span class='ocr_line' id='line_1_13' title="bbox 326 1396 1995 1469; baseline -0.001 -15"><span class='ocrx_word' id='word_1_57' title='bbox 326 1415 535 1454; x_wconf 87' lang='lat' dir='ltr'><strong>versus</strong></span> <span class='ocrx_word' id='word_1_58' title='bbox 552 1397 854 1453; x_wconf 76' lang='lat' dir='ltr'><strong>meridiem</strong></span> <span class='ocrx_word' id='word_1_59' title='bbox 872 1396 1215 1453; x_wconf 89' lang='lat' dir='ltr'><strong>inclinatam</strong></span> <span class='ocrx_word' id='word_1_60' title='bbox 1232 1397 1585 1468; x_wconf 83' lang='lat' dir='ltr'><strong>esse.Usque</strong></span> <span class='ocrx_word' id='word_1_61' title='bbox 1600 1398 1819 1451; x_wconf 83' lang='lat' dir='ltr'><strong>adeone</strong></span> <span class='ocrx_word' id='word_1_62' title='bbox 1833 1396 1995 1469; x_wconf 86' lang='lat' dir='ltr'><strong>igno-</strong></span> 
     </span>
    </p>
   </div>
   <div class='ocr_carea' id='block_1_14' title="bbox 328 1486 1990 1559">
    <p class='ocr_par' dir='ltr' id='par_1_14' title="bbox 328 1486 1990 1559">
     <span class='ocr_line' id='line_1_14' title="bbox 328 1486 1990 1559; baseline -0.002 -15"><span class='ocrx_word' id='word_1_63' title='bbox 328 1490 465 1544; x_wconf 86' lang='lat' dir='ltr'><strong>rant</strong></span> <span class='ocrx_word' id='word_1_64' title='bbox 495 1487 648 1559; x_wconf 91' lang='lat' dir='ltr'><strong>quod</strong></span> <span class='ocrx_word' id='word_1_65' title='bbox 676 1504 779 1558; x_wconf 87' lang='lat' dir='ltr'><strong>pro</strong></span> <span class='ocrx_word' id='word_1_66' title='bbox 811 1487 1036 1541; x_wconf 84' lang='lat' dir='ltr'><strong>diverso</strong></span> <span class='ocrx_word' id='word_1_67' title='bbox 1059 1486 1367 1542; x_wconf 85' lang='lat' dir='ltr'><strong>climatum</strong></span> <span class='ocrx_word' id='word_1_68' title='bbox 1420 1487 1558 1551; x_wconf 90' lang='lat' dir='ltr'><strong>situ,</strong></span> <span class='ocrx_word' id='word_1_69' title='bbox 1590 1486 1706 1558; x_wconf 92' lang='lat' dir='ltr'><strong>poli</strong></span> <span class='ocrx_word' id='word_1_70' title='bbox 1733 1488 1854 1557; x_wconf 86' lang='lat' dir='ltr'><strong>jam</strong></span> <span class='ocrx_word' id='word_1_71' title='bbox 1891 1504 1990 1541; x_wconf 89' lang='lat' dir='ltr'><strong>su-</strong></span> 
     </span>
    </p>
   </div>
   <div class='ocr_carea' id='block_1_15' title="bbox 327 1574 1990 1650">
    <p class='ocr_par' dir='ltr' id='par_1_15' title="bbox 327 1574 1990 1650">
     <span class='ocr_line' id='line_1_15' title="bbox 327 1574 1990 1650; baseline -0.001 -19"><span class='ocrx_word' id='word_1_72' title='bbox 327 1593 435 1650; x_wconf 88' lang='lat' dir='ltr'><strong>pra</strong></span> <span class='ocrx_word' id='word_1_73' title='bbox 464 1575 825 1631; x_wconf 87' lang='lat' dir='ltr'><strong>horizontem</strong></span> <span class='ocrx_word' id='word_1_74' title='bbox 857 1581 1302 1643; x_wconf 88' lang='lat' dir='ltr'><strong>versantur,nec</strong></span> <span class='ocrx_word' id='word_1_75' title='bbox 1333 1574 1630 1632; x_wconf 88' lang='lat' dir='ltr'><strong>inmundo</strong></span> <span class='ocrx_word' id='word_1_76' title='bbox 1661 1576 1990 1647; x_wconf 86' lang='lat' dir='ltr'><strong>quidquam</strong></span> 
     </span>
    </p>
   </div>
   <div class='ocr_carea' id='block_1_16' title="bbox 324 1665 1994 1737">
    <p class='ocr_par' dir='ltr' id='par_1_16' title="bbox 324 1665 1994 1737">
     <span class='ocr_line' id='line_1_16' title="bbox 324 1665 1994 1737; baseline -0.001 -16"><span class='ocrx_word' id='word_1_77' title='bbox 324 1666 457 1722; x_wconf 89' lang='lat' dir='ltr'><strong>ideo</strong></span> <span class='ocrx_word' id='word_1_78' title='bbox 492 1668 759 1720; x_wconf 84' lang='lat' dir='ltr'><strong>mutatur</strong></span> <span class='ocrx_word' id='word_1_79' title='bbox 792 1668 897 1721; x_wconf 85' lang='lat' dir='ltr'><strong>aut</strong></span> <span class='ocrx_word' id='word_1_80' title='bbox 949 1665 1378 1736; x_wconf 85' lang='lat' dir='ltr'><strong>transponitur,</strong></span> <span class='ocrx_word' id='word_1_81' title='bbox 1411 1666 1687 1737; x_wconf 89' lang='lat' dir='ltr'><strong>quodque</strong></span> <span class='ocrx_word' id='word_1_82' title='bbox 1734 1665 1994 1721; x_wconf 83' lang='lat' dir='ltr'><strong>australe</strong></span> 
     </span>
    </p>
   </div>
   <div class='ocr_carea' id='block_1_17' title="bbox 334 1752 1994 1824">
    <p class='ocr_par' dir='ltr' id='par_1_17' title="bbox 334 1752 1994 1824">
     <span class='ocr_line' id='line_1_17' title="bbox 334 1752 1994 1824; baseline -0.001 -15"><span class='ocrx_word' id='word_1_83' title='bbox 334 1753 510 1810; x_wconf 84' lang='lat' dir='ltr'><strong>clima</strong></span> <span class='ocrx_word' id='word_1_84' title='bbox 540 1752 922 1809; x_wconf 87' lang='lat' dir='ltr'><strong>habitandum</strong></span> <span class='ocrx_word' id='word_1_85' title='bbox 978 1752 1207 1809; x_wconf 78' lang='lat' dir='ltr'><strong>sortitis</strong></span> <span class='ocrx_word' id='word_1_86' title='bbox 1246 1752 1417 1824; x_wconf 90' lang='lat' dir='ltr'><strong>polus</strong></span> <span class='ocrx_word' id='word_1_87' title='bbox 1478 1753 1729 1809; x_wconf 90' lang='lat' dir='ltr'><strong>borealis</strong></span> <span class='ocrx_word' id='word_1_88' title='bbox 1760 1770 1994 1819; x_wconf 78' lang='lat' dir='ltr'><strong>semper</strong></span> 
     </span>
    </p>
   </div>
   <div class='ocr_carea' id='block_1_18' title="bbox 336 1844 1991 1916">
    <p class='ocr_par' dir='ltr' id='par_1_18' title="bbox 336 1844 1991 1916">
     <span class='ocr_line' id='line_1_18' title="bbox 336 1844 1991 1916; baseline -0.001 -14"><span class='ocrx_word' id='word_1_89' title='bbox 336 1844 700 1915; x_wconf 85' lang='lat' dir='ltr'><strong>conspicitur</strong></span> <span class='ocrx_word' id='word_1_90' title='bbox 728 1848 787 1899; x_wconf 90' lang='lat' dir='ltr'><strong>et</strong></span> <span class='ocrx_word' id='word_1_91' title='bbox 807 1844 1102 1916; x_wconf 85' lang='lat' dir='ltr'><strong>capitibus</strong></span> <span class='ocrx_word' id='word_1_92' title='bbox 1139 1860 1342 1900; x_wconf 92' lang='lat' dir='ltr'><strong>eorum</strong></span> <span class='ocrx_word' id='word_1_93' title='bbox 1382 1844 1667 1914; x_wconf 89' lang='lat' dir='ltr'><strong>imminet,</strong></span> <span class='ocrx_word' id='word_1_94' title='bbox 1714 1845 1991 1900; x_wconf 85' lang='lat' dir='ltr'><strong>australis</strong></span> 
     </span>
    </p>
   </div>
   <div class='ocr_carea' id='block_1_19' title="bbox 2104 696 2215 734">
    <p class='ocr_par' dir='ltr' id='par_1_19' title="bbox 2104 696 2215 734">
     <span class='ocr_line' id='line_1_19' title="bbox 2104 696 2215 734; baseline 0 0"><span class='ocrx_word' id='word_1_95' title='bbox 2104 696 2215 734; x_wconf 87' lang='grc' dir='ltr'>ται.</span> 
     </span>
    </p>
   </div>
   <div class='ocr_carea' id='block_1_20' title="bbox 2108 780 3769 911">
    <p class='ocr_par' dir='ltr' id='par_1_20' title="bbox 2108 780 3769 911">
     <span class='ocr_line' id='line_1_20' title="bbox 2108 780 3769 911; baseline -0.001 -70"><span class='ocrx_word' id='word_1_96' title='bbox 2108 783 2240 861; x_wconf 70' lang='grc' dir='ltr'><strong>ρκδί</strong></span> <span class='ocrx_word' id='word_1_97' title='bbox 2300 784 2392 849; x_wconf 89' lang='grc' dir='ltr'><strong>Τίς</strong></span> <span class='ocrx_word' id='word_1_98' title='bbox 2449 786 2484 855; x_wconf 77' lang='grc' dir='ltr'>ἡ</span> <span class='ocrx_word' id='word_1_99' title='bbox 2545 782 2693 840; x_wconf 81' lang='grc' dir='ltr'>αἰτία</span> <span class='ocrx_word' id='word_1_100' title='bbox 2736 788 2929 911; x_wconf 57' lang='grc' dir='ltr'>τοῦεὸόν</span> <span class='ocrx_word' id='word_1_101' title='bbox 2983 784 3075 839; x_wconf 85' lang='grc' dir='ltr'>τὸν</span> <span class='ocrx_word' id='word_1_102' title='bbox 3133 784 3343 858; x_wconf 83' lang='grc' dir='ltr'><strong>κόσμον</strong></span> <span class='ocrx_word' id='word_1_103' title='bbox 3398 781 3528 840; x_wconf 79' lang='grc' dir='ltr'>ὅλον</span> <span class='ocrx_word' id='word_1_104' title='bbox 3588 780 3769 860; x_wconf 75' lang='grc' dir='ltr'>ἐγκλι-</span> 
     </span>
     <span class='ocr_line' id='line_1_21' title="bbox 2875 877 3022 911; baseline 0 0"><span class='ocrx_word' id='word_1_105' title='bbox 2875 877 3022 911; x_wconf 76' lang='grc' dir='ltr'>ηναι.</span> 
     </span>
    </p>
   </div>
   <div class='ocr_carea' id='block_1_21' title="bbox 2875 877 3022 926">
    <p class='ocr_par' dir='ltr' id='par_1_21' title="bbox 2875 877 3022 926">
     <span class='ocr_line' id='line_1_22' title="bbox 2875 877 3022 926; baseline 0.014 -15"><span class='ocrx_word' id='word_1_106' title='bbox 2875 877 3022 926; x_wconf 86' lang='grc' dir='ltr'>ηναι.</span> 
     </span>
    </p>
   </div>
   <div class='ocr_carea' id='block_1_22' title="bbox 2179 944 3765 1025">
    <p class='ocr_par' dir='ltr' id='par_1_22' title="bbox 2179 944 3765 1025">
     <span class='ocr_line' id='line_1_23' title="bbox 2179 944 3765 1025; baseline 0 -24"><span class='ocrx_word' id='word_1_107' title='bbox 2179 947 2450 1020; x_wconf 82' lang='grc' dir='ltr'>Θᾶυμάζω</span> <span class='ocrx_word' id='word_1_108' title='bbox 2493 950 2601 1002; x_wconf 81' lang='grc' dir='ltr'><strong>τῶν</strong></span> <span class='ocrx_word' id='word_1_109' title='bbox 2649 945 2965 1025; x_wconf 75' lang='grc' dir='ltr'>φιλοσόφων</span> <span class='ocrx_word' id='word_1_110' title='bbox 3017 944 3173 999; x_wconf 73' lang='grc' dir='ltr'>ὶνίων</span> <span class='ocrx_word' id='word_1_111' title='bbox 3231 946 3323 1001; x_wconf 85' lang='grc' dir='ltr'>τὸν</span> <span class='ocrx_word' id='word_1_112' title='bbox 3352 946 3558 1018; x_wconf 83' lang='grc' dir='ltr'><strong>κόσμον</strong></span> <span class='ocrx_word' id='word_1_113' title='bbox 3605 966 3765 1019; x_wconf 85' lang='grc' dir='ltr'>μετα-</span> 
     </span>
    </p>
   </div>
   <div class='ocr_carea' id='block_1_23' title="bbox 2104 1031 3768 1110">
    <p class='ocr_par' dir='ltr' id='par_1_23' title="bbox 2104 1031 3768 1110">
     <span class='ocr_line' id='line_1_24' title="bbox 2104 1031 3768 1110; baseline -0.001 -20"><span class='ocrx_word' id='word_1_114' title='bbox 2104 1040 2309 1107; x_wconf 74' lang='grc' dir='ltr'>πεσεῖν,</span> <span class='ocrx_word' id='word_1_115' title='bbox 2366 1033 2456 1090; x_wconf 79' lang='grc' dir='ltr'><strong>καὶ</strong></span> <span class='ocrx_word' id='word_1_116' title='bbox 2487 1036 2585 1103; x_wconf 77' lang='grc' dir='ltr'><strong>τήν</strong></span> <span class='ocrx_word' id='word_1_117' title='bbox 2618 1035 2843 1109; x_wconf 88' lang='grc' dir='ltr'>πρώτην</span> <span class='ocrx_word' id='word_1_118' title='bbox 2882 1031 3153 1108; x_wconf 77' lang='grc' dir='ltr'>οὶομένων</span> <span class='ocrx_word' id='word_1_119' title='bbox 3188 1031 3548 1109; x_wconf 72' lang='grc' dir='ltr'><strong>δημιουργίαν</strong></span> <span class='ocrx_word' id='word_1_120' title='bbox 3584 1031 3768 1110; x_wconf 80' lang='grc' dir='ltr'>ὥσπερ</span> 
     </span>
    </p>
   </div>
   <div class='ocr_carea' id='block_1_24' title="bbox 2106 1122 3763 1199">
    <p class='ocr_par' dir='ltr' id='par_1_24' title="bbox 2106 1122 3763 1199">
     <span class='ocr_line' id='line_1_25' title="bbox 2106 1122 3763 1199; baseline -0.001 -19"><span class='ocrx_word' id='word_1_121' title='bbox 2106 1124 2464 1198; x_wconf 71' lang='grc' dir='ltr'>ἰξοτισθεῖσαν</span> <span class='ocrx_word' id='word_1_122' title='bbox 2519 1128 2621 1191; x_wconf 79' lang='grc' dir='ltr'><strong>τῆς</strong></span> <span class='ocrx_word' id='word_1_123' title='bbox 2669 1123 2874 1186; x_wconf 81' lang='grc' dir='ltr'>οἰκείας</span> <span class='ocrx_word' id='word_1_124' title='bbox 2938 1122 3160 1194; x_wconf 74' lang='grc' dir='ltr'>τάξεως,</span> <span class='ocrx_word' id='word_1_125' title='bbox 3219 1123 3308 1178; x_wconf 79' lang='grc' dir='ltr'><strong>καὶ</strong></span> <span class='ocrx_word' id='word_1_126' title='bbox 3363 1124 3454 1178; x_wconf 84' lang='grc' dir='ltr'><strong>τὸν</strong></span> <span class='ocrx_word' id='word_1_127' title='bbox 3517 1123 3609 1196; x_wconf 73' lang='grc' dir='ltr'>μὲν</span> <span class='ocrx_word' id='word_1_128' title='bbox 3666 1123 3763 1199; x_wconf 85' lang='grc' dir='ltr'><strong>βό-</strong></span> 
     </span>
    </p>
   </div>
   <div class='ocr_carea' id='block_1_25' title="bbox 2106 1209 3770 1291">
    <p class='ocr_par' dir='ltr' id='par_1_25' title="bbox 2106 1209 3770 1291">
     <span class='ocr_line' id='line_1_26' title="bbox 2106 1209 3770 1291; baseline -0.001 -22"><span class='ocrx_word' id='word_1_129' title='bbox 2106 1235 2249 1291; x_wconf 87' lang='grc' dir='ltr'>ρειον</span> <span class='ocrx_word' id='word_1_130' title='bbox 2299 1213 2472 1270; x_wconf 83' lang='grc' dir='ltr'>πόλον</span> <span class='ocrx_word' id='word_1_131' title='bbox 2566 1215 3017 1289; x_wconf 80' lang='grc' dir='ltr'>μετεωρισθῆναι,</span> <span class='ocrx_word' id='word_1_132' title='bbox 3077 1209 3335 1287; x_wconf 76' lang='grc' dir='ltr'>ὕπόγειον</span> <span class='ocrx_word' id='word_1_133' title='bbox 3406 1209 3465 1267; x_wconf 72' lang='grc' dir='ltr'>δὶ</span> <span class='ocrx_word' id='word_1_134' title='bbox 3520 1213 3770 1286; x_wconf 68' lang='grc' dir='ltr'>γενέσθαι</span> 
     </span>
    </p>
   </div>
   <div class='ocr_carea' id='block_1_26' title="bbox 2101 1299 3773 1377">
    <p class='ocr_par' dir='ltr' id='par_1_26' title="bbox 2101 1299 3773 1377">
     <span class='ocr_line' id='line_1_27' title="bbox 2101 1299 3773 1377; baseline -0.002 -18"><span class='ocrx_word' id='word_1_135' title='bbox 2101 1304 2194 1359; x_wconf 87' lang='grc' dir='ltr'>τὸν</span> <span class='ocrx_word' id='word_1_136' title='bbox 2249 1303 2453 1373; x_wconf 85' lang='grc' dir='ltr'>νότιον,</span> <span class='ocrx_word' id='word_1_137' title='bbox 2506 1303 2596 1358; x_wconf 86' lang='grc' dir='ltr'><strong>καὶ</strong></span> <span class='ocrx_word' id='word_1_138' title='bbox 2643 1303 2742 1371; x_wconf 81' lang='grc' dir='ltr'>τήν</span> <span class='ocrx_word' id='word_1_139' title='bbox 2798 1301 3121 1377; x_wconf 73' lang='grc' dir='ltr'>ίσημερινὴν</span> <span class='ocrx_word' id='word_1_140' title='bbox 3158 1302 3334 1371; x_wconf 80' lang='grc' dir='ltr'>ζώνην</span> <span class='ocrx_word' id='word_1_141' title='bbox 3385 1299 3471 1355; x_wconf 70' lang='grc' dir='ltr'><strong>ἰπὶ</strong></span> <span class='ocrx_word' id='word_1_142' title='bbox 3522 1300 3621 1368; x_wconf 83' lang='grc' dir='ltr'>τὴν</span> <span class='ocrx_word' id='word_1_143' title='bbox 3669 1320 3773 1374; x_wconf 57' lang='grc' dir='ltr'><strong>μεε</strong></span> 
     </span>
    </p>
   </div>
   <div class='ocr_carea' id='block_1_27' title="bbox 2104 1387 3766 1466">
    <p class='ocr_par' dir='ltr' id='par_1_27' title="bbox 2104 1387 3766 1466">
     <span class='ocr_line' id='line_1_28' title="bbox 2104 1387 3766 1466; baseline -0.002 -20"><span class='ocrx_word' id='word_1_144' title='bbox 2104 1387 2377 1466; x_wconf 76' lang='grc' dir='ltr'>σημϐρίαν</span> <span class='ocrx_word' id='word_1_145' title='bbox 2423 1389 2863 1466; x_wconf 82' lang='grc' dir='ltr'>μετεγκλιθῆναι.</span> <span class='ocrx_word' id='word_1_146' title='bbox 2922 1393 3189 1444; x_wconf 77' lang='grc' dir='ltr'>Τοσοῦτον</span> <span class='ocrx_word' id='word_1_147' title='bbox 3242 1390 3346 1465; x_wconf 71' lang='grc' dir='ltr'>γὰρ</span> <span class='ocrx_word' id='word_1_148' title='bbox 3400 1389 3766 1464; x_wconf 72' lang='grc' dir='ltr'><strong>ἠγνοήκασιν,</strong></span> 
     </span>
    </p>
   </div>
   <div class='ocr_carea' id='block_1_28' title="bbox 2102 1474 3770 1556">
    <p class='ocr_par' dir='ltr' id='par_1_28' title="bbox 2102 1474 3770 1556">
     <span class='ocr_line' id='line_1_29' title="bbox 2102 1474 3770 1556; baseline -0.002 -21"><span class='ocrx_word' id='word_1_149' title='bbox 2102 1480 2185 1536; x_wconf 76' lang='grc' dir='ltr'>ὅτι</span> <span class='ocrx_word' id='word_1_150' title='bbox 2242 1480 2390 1556; x_wconf 77' lang='grc' dir='ltr'>παρὰ</span> <span class='ocrx_word' id='word_1_151' title='bbox 2416 1483 2516 1549; x_wconf 76' lang='grc' dir='ltr'>τὴν</span> <span class='ocrx_word' id='word_1_152' title='bbox 2568 1477 2829 1555; x_wconf 76' lang='grc' dir='ltr'>διάφορον</span> <span class='ocrx_word' id='word_1_153' title='bbox 2871 1483 2982 1534; x_wconf 83' lang='grc' dir='ltr'><strong>τῶν</strong></span> <span class='ocrx_word' id='word_1_154' title='bbox 3026 1476 3312 1550; x_wconf 84' lang='grc' dir='ltr'>κΑιμάτων</span> <span class='ocrx_word' id='word_1_155' title='bbox 3346 1478 3490 1541; x_wconf 69' lang='grc' dir='ltr'>θὲσιν</span> <span class='ocrx_word' id='word_1_156' title='bbox 3517 1478 3570 1531; x_wconf 73' lang='grc' dir='ltr'><strong>οῖ</strong></span> <span class='ocrx_word' id='word_1_157' title='bbox 3599 1474 3770 1532; x_wconf 84' lang='grc' dir='ltr'>πόλοι</span> 
     </span>
    </p>
   </div>
   <div class='ocr_carea' id='block_1_29' title="bbox 2100 1564 3768 1644">
    <p class='ocr_par' dir='ltr' id='par_1_29' title="bbox 2100 1564 3768 1644">
     <span class='ocr_line' id='line_1_30' title="bbox 2100 1564 3768 1644; baseline -0.002 -20"><span class='ocrx_word' id='word_1_158' title='bbox 2100 1573 2193 1624; x_wconf 91' lang='grc' dir='ltr'><strong>νῦν</strong></span> <span class='ocrx_word' id='word_1_159' title='bbox 2258 1570 2353 1643; x_wconf 75' lang='grc' dir='ltr'>μὲν</span> <span class='ocrx_word' id='word_1_160' title='bbox 2405 1568 2494 1624; x_wconf 76' lang='grc' dir='ltr'>ἐπὶ</span> <span class='ocrx_word' id='word_1_161' title='bbox 2553 1573 2648 1623; x_wconf 92' lang='grc' dir='ltr'><strong>τοῦ</strong></span> <span class='ocrx_word' id='word_1_162' title='bbox 2729 1567 3003 1644; x_wconf 79' lang='grc' dir='ltr'>ὁρίζοντος</span> <span class='ocrx_word' id='word_1_163' title='bbox 3066 1566 3273 1622; x_wconf 78' lang='grc' dir='ltr'>κύκλου</span> <span class='ocrx_word' id='word_1_164' title='bbox 3334 1567 3613 1636; x_wconf 70' lang='grc' dir='ltr'>ἑστήκασι,</span> <span class='ocrx_word' id='word_1_165' title='bbox 3674 1564 3768 1620; x_wconf 87' lang='grc' dir='ltr'><strong>καὶ</strong></span> 
     </span>
    </p>
   </div>
   <div class='ocr_carea' id='block_1_30' title="bbox 2102 1653 3769 1733">
    <p class='ocr_par' dir='ltr' id='par_1_30' title="bbox 2102 1653 3769 1733">
     <span class='ocr_line' id='line_1_31' title="bbox 2102 1653 3769 1733; baseline -0.003 -19"><span class='ocrx_word' id='word_1_166' title='bbox 2102 1659 2433 1732; x_wconf 76' lang='grc' dir='ltr'><strong>ἀμετάθετον</strong></span> <span class='ocrx_word' id='word_1_167' title='bbox 2492 1659 2556 1715; x_wconf 81' lang='grc' dir='ltr'>τὸ</span> <span class='ocrx_word' id='word_1_168' title='bbox 2611 1663 2714 1713; x_wconf 81' lang='grc' dir='ltr'><strong>πᾶν</strong></span> <span class='ocrx_word' id='word_1_169' title='bbox 2776 1655 3269 1733; x_wconf 83' lang='grc' dir='ltr'>διατηροῦτι,τοῖς</span> <span class='ocrx_word' id='word_1_170' title='bbox 3330 1653 3389 1711; x_wconf 76' lang='grc' dir='ltr'>δὶ</span> <span class='ocrx_word' id='word_1_171' title='bbox 3445 1656 3509 1711; x_wconf 86' lang='grc' dir='ltr'>τὸ</span> <span class='ocrx_word' id='word_1_172' title='bbox 3553 1655 3769 1731; x_wconf 86' lang='grc' dir='ltr'>βόρειον</span> 
     </span>
    </p>
   </div>
   <div class='ocr_carea' id='block_1_31' title="bbox 2101 1742 3768 1823">
    <p class='ocr_par' dir='ltr' id='par_1_31' title="bbox 2101 1742 3768 1823">
     <span class='ocr_line' id='line_1_32' title="bbox 2101 1742 3768 1823; baseline -0.002 -21"><span class='ocrx_word' id='word_1_173' title='bbox 2101 1745 2274 1820; x_wconf 85' lang='grc' dir='ltr'>κλίμα</span> <span class='ocrx_word' id='word_1_174' title='bbox 2308 1746 2577 1823; x_wconf 77' lang='grc' dir='ltr'>λαχοῦσιν</span> <span class='ocrx_word' id='word_1_175' title='bbox 2626 1746 2817 1813; x_wconf 71' lang='grc' dir='ltr'>οἰκεῖν,</span> <span class='ocrx_word' id='word_1_176' title='bbox 2870 1747 2898 1800; x_wconf 90' lang='grc' dir='ltr'>ὁ</span> <span class='ocrx_word' id='word_1_177' title='bbox 2958 1748 3051 1818; x_wconf 76' lang='grc' dir='ltr'>μὲν</span> <span class='ocrx_word' id='word_1_178' title='bbox 3085 1743 3258 1799; x_wconf 78' lang='grc' dir='ltr'><strong>ἐκεῖσε</strong></span> <span class='ocrx_word' id='word_1_179' title='bbox 3287 1742 3463 1807; x_wconf 81' lang='grc' dir='ltr'>πόλος</span> <span class='ocrx_word' id='word_1_180' title='bbox 3493 1742 3768 1817; x_wconf 70' lang='grc' dir='ltr'>μετᾶωρος</span> 
     </span>
    </p>
   </div>
   <div class='ocr_carea' id='block_1_32' title="bbox 2102 1832 3765 1914">
    <p class='ocr_par' dir='ltr' id='par_1_32' title="bbox 2102 1832 3765 1914">
     <span class='ocr_line' id='line_1_33' title="bbox 2102 1832 3765 1914; baseline -0.004 -22"><span class='ocrx_word' id='word_1_181' title='bbox 2102 1838 2371 1913; x_wconf 79' lang='grc' dir='ltr'>φαίνεται,</span> <span class='ocrx_word' id='word_1_182' title='bbox 2423 1837 2510 1892; x_wconf 75' lang='grc' dir='ltr'><strong>καὶ</strong></span> <span class='ocrx_word' id='word_1_183' title='bbox 2571 1836 2857 1914; x_wconf 74' lang='grc' dir='ltr'>ἀειφανὴς,</span> <span class='ocrx_word' id='word_1_184' title='bbox 2911 1835 2940 1889; x_wconf 84' lang='grc' dir='ltr'>ὁ</span> <span class='ocrx_word' id='word_1_185' title='bbox 2999 1832 3057 1889; x_wconf 77' lang='grc' dir='ltr'>δὲ</span> <span class='ocrx_word' id='word_1_186' title='bbox 3113 1835 3295 1895; x_wconf 87' lang='grc' dir='ltr'>νότιος</span> <span class='ocrx_word' id='word_1_187' title='bbox 3348 1832 3453 1888; x_wconf 87' lang='grc' dir='ltr'>ὑπὸ</span> <span class='ocrx_word' id='word_1_188' title='bbox 3509 1833 3611 1901; x_wconf 83' lang='grc' dir='ltr'>τὴν</span> <span class='ocrx_word' id='word_1_189' title='bbox 3657 1838 3765 1907; x_wconf 82' lang='grc' dir='ltr'>γῆν</span> 
     </span>
    </p>
   </div>
   <div class='ocr_carea' id='block_1_33' title="bbox 331 1919 2004 2035">
    <p class='ocr_par' dir='ltr' id='par_1_33' title="bbox 331 1932 1988 2007">
     <span class='ocr_line' id='line_1_34' title="bbox 331 1932 1988 2007; baseline -0.001 -16"><span class='ocrx_word' id='word_1_190' title='bbox 331 1934 633 1991; x_wconf 81' lang='lat' dir='ltr'><strong>veroinfra</strong></span> <span class='ocrx_word' id='word_1_191' title='bbox 656 1937 872 1988; x_wconf 85' lang='lat' dir='ltr'><strong>terram</strong></span> <span class='ocrx_word' id='word_1_192' title='bbox 895 1932 1599 2005; x_wconf 86' lang='lat' dir='ltr'><strong>occultatur.Neutiquam</strong></span> <span class='ocrx_word' id='word_1_193' title='bbox 1620 1934 1801 2007; x_wconf 84' lang='lat' dir='ltr'><strong>igitur</strong></span> <span class='ocrx_word' id='word_1_194' title='bbox 1817 1951 1988 1989; x_wconf 87' lang='lat' dir='ltr'><strong>mun-</strong></span> 
     </span>
    </p>
   </div>
   <div class='ocr_carea' id='block_1_34' title="bbox 2120 1919 3764 2035">
    <p class='ocr_par' dir='ltr' id='par_1_34' title="bbox 2120 1919 3764 2003">
     <span class='ocr_line' id='line_1_35' title="bbox 2120 1919 3764 2003; baseline -0.004 -19"><span class='ocrx_word' id='word_1_195' title='bbox 2120 1928 2422 2003; x_wconf 80' lang='grc' dir='ltr'>ιρόπτεται²</span> <span class='ocrx_word' id='word_1_196' title='bbox 2453 1927 2530 1985; x_wconf 75' lang='grc' dir='ltr'><strong>Οὐ</strong></span> <span class='ocrx_word' id='word_1_197' title='bbox 2594 1925 2885 2000; x_wconf 84' lang='grc' dir='ltr'>μετεκλίθη</span> <span class='ocrx_word' id='word_1_198' title='bbox 2941 1929 3071 2001; x_wconf 84' lang='grc' dir='ltr'>γοῦν</span> <span class='ocrx_word' id='word_1_199' title='bbox 3129 1925 3158 1979; x_wconf 84' lang='grc' dir='ltr'>ὁ</span> <span class='ocrx_word' id='word_1_200' title='bbox 3215 1924 3425 1997; x_wconf 87' lang='grc' dir='ltr'>κόσμος</span> <span class='ocrx_word' id='word_1_201' title='bbox 3485 1919 3764 1978; x_wconf 71' lang='grc' dir='ltr'>ἆπ⁹οὐδὶν</span> 
     </span>
    </p>
   </div>
   <div class='ocr_carea' id='block_1_35' title="bbox 335 2022 1991 2095">
    <p class='ocr_par' dir='ltr' id='par_1_35' title="bbox 335 2022 1991 2095">
     <span class='ocr_line' id='line_1_36' title="bbox 335 2022 1991 2095; baseline 0.001 -16"><span class='ocrx_word' id='word_1_202' title='bbox 335 2025 448 2080; x_wconf 89' lang='lat' dir='ltr'><strong>dus</strong></span> <span class='ocrx_word' id='word_1_203' title='bbox 479 2024 535 2079; x_wconf 92' lang='lat' dir='ltr'><strong>in</strong></span> <span class='ocrx_word' id='word_1_204' title='bbox 565 2022 809 2079; x_wconf 85' lang='lat' dir='ltr'><strong>alteram</strong></span> <span class='ocrx_word' id='word_1_205' title='bbox 835 2026 1060 2095; x_wconf 86' lang='lat' dir='ltr'><strong>partem</strong></span> <span class='ocrx_word' id='word_1_206' title='bbox 1085 2022 1400 2079; x_wconf 90' lang='lat' dir='ltr'><strong>inclinatus</strong></span> <span class='ocrx_word' id='word_1_207' title='bbox 1422 2024 1640 2088; x_wconf 89' lang='lat' dir='ltr'><strong>est,sed</strong></span> <span class='ocrx_word' id='word_1_208' title='bbox 1672 2022 1991 2080; x_wconf 83' lang='lat' dir='ltr'><strong>habitatio-</strong></span> 
     </span>
    </p>
   </div>
   <div class='ocr_carea' id='block_1_36' title="bbox 335 2113 1705 2187">
    <p class='ocr_par' dir='ltr' id='par_1_36' title="bbox 335 2113 1705 2187">
     <span class='ocr_line' id='line_1_37' title="bbox 335 2113 1705 2187; baseline 0 -17"><span class='ocrx_word' id='word_1_209' title='bbox 335 2131 479 2171; x_wconf 89' lang='lat' dir='ltr'><strong>num</strong></span> <span class='ocrx_word' id='word_1_210' title='bbox 515 2114 687 2187; x_wconf 89' lang='lat' dir='ltr'><strong>situs,</strong></span> <span class='ocrx_word' id='word_1_211' title='bbox 720 2113 1163 2170; x_wconf 88' lang='lat' dir='ltr'><strong>inclinationem</strong></span> <span class='ocrx_word' id='word_1_212' title='bbox 1191 2113 1304 2169; x_wconf 85' lang='lat' dir='ltr'><strong>sibi</strong></span> <span class='ocrx_word' id='word_1_213' title='bbox 1329 2113 1705 2186; x_wconf 78' lang='lat' dir='ltr'><strong>imaginatur.</strong></span> 
     </span>
    </p>
   </div>
   <div class='ocr_carea' id='block_1_37' title="bbox 343 2220 1995 2293">
    <p class='ocr_par' dir='ltr' id='par_1_37' title="bbox 343 2220 1995 2293">
     <span class='ocr_line' id='line_1_38' title="bbox 343 2220 1995 2293; baseline 0.001 -16"><span class='ocrx_word' id='word_1_214' title='bbox 343 2222 464 2278; x_wconf 83' lang='grc'><strong>125.</strong></span> <span class='ocrx_word' id='word_1_215' title='bbox 499 2221 771 2291; x_wconf 85' lang='lat' dir='ltr'><strong>Quomodo</strong></span> <span class='ocrx_word' id='word_1_216' title='bbox 821 2223 944 2293; x_wconf 62' lang='lat' dir='ltr'><strong>quis</strong></span> <span class='ocrx_word' id='word_1_217' title='bbox 970 2237 1069 2293; x_wconf 89' lang='lat' dir='ltr'><strong>per</strong></span> <span class='ocrx_word' id='word_1_218' title='bbox 1117 2220 1429 2277; x_wconf 71' lang='lat' dir='ltr'><strong>Graecorum</strong></span> <span class='ocrx_word' id='word_1_219' title='bbox 1469 2221 1995 2278; x_wconf 74' lang='lat' dir='ltr'><strong>demonstrationem</strong></span> 
     </span>
    </p>
   </div>
   <div class='ocr_carea' id='block_1_38' title="bbox 539 2292 1782 2367">
    <p class='ocr_par' dir='ltr' id='par_1_38' title="bbox 539 2292 1782 2367">
     <span class='ocr_line' id='line_1_39' title="bbox 539 2292 1782 2367; baseline 0 -19"><span class='ocrx_word' id='word_1_220' title='bbox 539 2297 883 2366; x_wconf 74' lang='lat' dir='ltr'><strong>perspectum</strong></span> <span class='ocrx_word' id='word_1_221' title='bbox 914 2292 1117 2349; x_wconf 75' lang='lat' dir='ltr'><strong>habere</strong></span> <span class='ocrx_word' id='word_1_222' title='bbox 1158 2296 1339 2367; x_wconf 73' lang='lat' dir='ltr'><strong>possit</strong></span> <span class='ocrx_word' id='word_1_223' title='bbox 1368 2293 1567 2348; x_wconf 81' lang='lat' dir='ltr'><strong>mundi</strong></span> <span class='ocrx_word' id='word_1_224' title='bbox 1594 2294 1782 2364; x_wconf 62' lang='lat' dir='ltr'><strong>ﬁnem.</strong></span> 
     </span>
    </p>
   </div>
   <div class='ocr_carea' id='block_1_39' title="bbox 410 2382 1996 2450">
    <p class='ocr_par' dir='ltr' id='par_1_39' title="bbox 410 2382 1996 2450">
     <span class='ocr_line' id='line_1_40' title="bbox 410 2382 1996 2450; baseline 0 -12"><span class='ocrx_word' id='word_1_225' title='bbox 410 2387 488 2439; x_wconf 90' lang='lat' dir='ltr'><strong>De</strong></span> <span class='ocrx_word' id='word_1_226' title='bbox 510 2382 716 2439; x_wconf 89' lang='lat' dir='ltr'><strong>ultima</strong></span> <span class='ocrx_word' id='word_1_227' title='bbox 748 2383 843 2439; x_wconf 90' lang='lat' dir='ltr'><strong>die</strong></span> <span class='ocrx_word' id='word_1_228' title='bbox 874 2387 930 2438; x_wconf 90' lang='lat' dir='ltr'><strong>et</strong></span> <span class='ocrx_word' id='word_1_229' title='bbox 957 2382 1122 2450; x_wconf 89' lang='lat' dir='ltr'><strong>hora,</strong></span> <span class='ocrx_word' id='word_1_230' title='bbox 1158 2383 1483 2439; x_wconf 89' lang='lat' dir='ltr'><strong>secundum</strong></span> <span class='ocrx_word' id='word_1_231' title='bbox 1544 2383 1767 2439; x_wconf 91' lang='lat' dir='ltr'><strong>dictum</strong></span> <span class='ocrx_word' id='word_1_232' title='bbox 1807 2383 1996 2438; x_wconf 88' lang='lat' dir='ltr'><strong>Evan-</strong></span> 
     </span>
    </p>
   </div>
   <div class='ocr_carea' id='block_1_40' title="bbox 340 2472 1998 2546">
    <p class='ocr_par' dir='ltr' id='par_1_40' title="bbox 340 2472 1998 2546">
     <span class='ocr_line' id='line_1_41' title="bbox 340 2472 1998 2546; baseline -0.001 -17"><span class='ocrx_word' id='word_1_233' title='bbox 340 2472 500 2546; x_wconf 88' lang='lat' dir='ltr'><strong>gelii,</strong></span> <span class='ocrx_word' id='word_1_234' title='bbox 562 2488 735 2528; x_wconf 89' lang='lat' dir='ltr'><strong>nemo</strong></span> <span class='ocrx_word' id='word_1_235' title='bbox 785 2473 947 2528; x_wconf 86' lang='lat' dir='ltr'><strong>novit</strong></span> <span class='ocrx_word' id='word_1_236' title='bbox 1003 2472 1117 2529; x_wconf 87' lang='lat' dir='ltr'><strong>nisi</strong></span> <span class='ocrx_word' id='word_1_237' title='bbox 1170 2473 1359 2539; x_wconf 86' lang='lat' dir='ltr'><strong>Pater,</strong></span> <span class='ocrx_word' id='word_1_238' title='bbox 1401 2477 1458 2528; x_wconf 88' lang='lat' dir='ltr'><strong>et</strong></span> <span class='ocrx_word' id='word_1_239' title='bbox 1505 2477 1826 2529; x_wconf 68' lang='lat' dir='ltr'><strong>coaeternus</strong></span> <span class='ocrx_word' id='word_1_240' title='bbox 1882 2472 1998 2545; x_wconf 87' lang='lat' dir='ltr'><strong>ipsi</strong></span> 
     </span>
    </p>
   </div>
   <div class='ocr_carea' id='block_1_41' title="bbox 338 2561 1998 2634">
    <p class='ocr_par' dir='ltr' id='par_1_41' title="bbox 338 2561 1998 2634">
     <span class='ocr_line' id='line_1_42' title="bbox 338 2561 1998 2634; baseline -0.001 -16"><span class='ocrx_word' id='word_1_241' title='bbox 338 2561 547 2628; x_wconf 87' lang='lat' dir='ltr'><strong>Filius,</strong></span> <span class='ocrx_word' id='word_1_242' title='bbox 578 2565 635 2617; x_wconf 89' lang='lat' dir='ltr'><strong>et</strong></span> <span class='ocrx_word' id='word_1_243' title='bbox 673 2561 931 2633; x_wconf 86' lang='lat' dir='ltr'><strong>Spiritus</strong></span> <span class='ocrx_word' id='word_1_244' title='bbox 989 2578 1020 2617; x_wconf 92' lang='lat' dir='ltr'><strong>e</strong></span> <span class='ocrx_word' id='word_1_245' title='bbox 1082 2562 1249 2617; x_wconf 87' lang='lat' dir='ltr'><strong>Patre</strong></span> <span class='ocrx_word' id='word_1_246' title='bbox 1300 2564 1644 2634; x_wconf 85' lang='lat' dir='ltr'><strong>procedens.</strong></span> <span class='ocrx_word' id='word_1_247' title='bbox 1691 2564 1763 2617; x_wconf 85' lang='lat' dir='ltr'><strong>At</strong></span> <span class='ocrx_word' id='word_1_248' title='bbox 1815 2561 1998 2618; x_wconf 77' lang='lat' dir='ltr'><strong>Graeci</strong></span> 
     </span>
    </p>
   </div>
   <div class='ocr_carea' id='block_1_42' title="bbox 339 2650 1999 2707">
    <p class='ocr_par' dir='ltr' id='par_1_42' title="bbox 339 2650 1999 2707">
     <span class='ocr_line' id='line_1_43' title="bbox 339 2650 1999 2707; baseline -0.001 0"><span class='ocrx_word' id='word_1_249' title='bbox 339 2651 520 2707; x_wconf 89' lang='lat' dir='ltr'><strong>etiam</strong></span> <span class='ocrx_word' id='word_1_250' title='bbox 550 2650 702 2705; x_wconf 88' lang='lat' dir='ltr'><strong>hanc</strong></span> <span class='ocrx_word' id='word_1_251' title='bbox 725 2651 874 2706; x_wconf 89' lang='lat' dir='ltr'><strong>scire</strong></span> <span class='ocrx_word' id='word_1_252' title='bbox 903 2650 1068 2705; x_wconf 89' lang='lat' dir='ltr'><strong>vanis</strong></span> <span class='ocrx_word' id='word_1_253' title='bbox 1091 2652 1459 2706; x_wconf 83' lang='lat' dir='ltr'><strong>contendunt</strong></span> <span class='ocrx_word' id='word_1_254' title='bbox 1481 2651 1999 2707; x_wconf 82' lang='lat' dir='ltr'><strong>demonstrationi-</strong></span> 
     </span>
    </p>
   </div>
   <div class='ocr_carea' id='block_1_43' title="bbox 338 2737 2001 2809">
    <p class='ocr_par' dir='ltr' id='par_1_43' title="bbox 338 2737 2001 2809">
     <span class='ocr_line' id='line_1_44' title="bbox 338 2737 2001 2809; baseline -0.001 -15"><span class='ocrx_word' id='word_1_255' title='bbox 338 2737 716 2794; x_wconf 87' lang='lat' dir='ltr'><strong>bus.Saturni</strong></span> <span class='ocrx_word' id='word_1_256' title='bbox 752 2740 1008 2793; x_wconf 85' lang='lat' dir='ltr'><strong>maxima</strong></span> <span class='ocrx_word' id='word_1_257' title='bbox 1039 2738 1317 2809; x_wconf 84' lang='lat' dir='ltr'><strong>periodus</strong></span> <span class='ocrx_word' id='word_1_258' title='bbox 1344 2742 1432 2793; x_wconf 87' lang='lat' dir='ltr'><strong>est</strong></span> <span class='ocrx_word' id='word_1_259' title='bbox 1462 2755 1753 2794; x_wconf 87' lang='lat' dir='ltr'><strong>annorum</strong></span> <span class='ocrx_word' id='word_1_260' title='bbox 1776 2739 2001 2793; x_wconf 86' lang='lat' dir='ltr'><strong>ducen-</strong></span> 
     </span>
    </p>
   </div>
   <div class='ocr_carea' id='block_1_44' title="bbox 340 2826 2004 2899">
    <p class='ocr_par' dir='ltr' id='par_1_44' title="bbox 340 2826 2004 2899">
     <span class='ocr_line' id='line_1_45' title="bbox 340 2826 2004 2899; baseline 0.001 -18"><span class='ocrx_word' id='word_1_261' title='bbox 340 2830 537 2882; x_wconf 83' lang='lat' dir='ltr'><strong>torum</strong></span> <span class='ocrx_word' id='word_1_262' title='bbox 571 2827 876 2897; x_wconf 82' lang='lat' dir='ltr'><strong>sexaginta</strong></span> <span class='ocrx_word' id='word_1_263' title='bbox 905 2826 1189 2898; x_wconf 80' lang='lat' dir='ltr'><strong>quinque.</strong></span> <span class='ocrx_word' id='word_1_264' title='bbox 1247 2828 1409 2882; x_wconf 86' lang='lat' dir='ltr'><strong>Jovis</strong></span> <span class='ocrx_word' id='word_1_265' title='bbox 1468 2827 1638 2882; x_wconf 87' lang='lat' dir='ltr'><strong>annis</strong></span> <span class='ocrx_word' id='word_1_266' title='bbox 1681 2826 1886 2899; x_wconf 79' lang='lat' dir='ltr'><strong>viginti</strong></span> <span class='ocrx_word' id='word_1_267' title='bbox 1946 2832 2004 2883; x_wconf 86' lang='lat' dir='ltr'><strong>et</strong></span> 
     </span>
    </p>
   </div>
   <div class='ocr_carea' id='block_1_45' title="bbox 346 2914 2004 2988">
    <p class='ocr_par' dir='ltr' id='par_1_45' title="bbox 346 2914 2004 2988">
     <span class='ocr_line' id='line_1_46' title="bbox 346 2914 2004 2988; baseline 0 -18"><span class='ocrx_word' id='word_1_268' title='bbox 346 2920 598 2985; x_wconf 79' lang='lat' dir='ltr'><strong>septem,</strong></span> <span class='ocrx_word' id='word_1_269' title='bbox 631 2914 832 2970; x_wconf 84' lang='lat' dir='ltr'><strong>Martis</strong></span> <span class='ocrx_word' id='word_1_270' title='bbox 882 2916 1149 2970; x_wconf 87' lang='lat' dir='ltr'><strong>ducentis</strong></span> <span class='ocrx_word' id='word_1_271' title='bbox 1206 2917 1504 2988; x_wconf 81' lang='lat' dir='ltr'><strong>octoginta</strong></span> <span class='ocrx_word' id='word_1_272' title='bbox 1547 2923 1823 2987; x_wconf 88' lang='lat' dir='ltr'><strong>quatuor,</strong></span> <span class='ocrx_word' id='word_1_273' title='bbox 1853 2916 2004 2973; x_wconf 85' lang='lat' dir='ltr'><strong>Solis</strong></span> 
     </span>
    </p>
   </div>
   <div class='ocr_carea' id='block_1_46' title="bbox 348 3002 2005 3077">
    <p class='ocr_par' dir='ltr' id='par_1_46' title="bbox 348 3002 2005 3077">
     <span class='ocr_line' id='line_1_47' title="bbox 348 3002 2005 3077; baseline 0.002 -19"><span class='ocrx_word' id='word_1_274' title='bbox 348 3002 510 3059; x_wconf 90' lang='lat' dir='ltr'><strong>mille</strong></span> <span class='ocrx_word' id='word_1_275' title='bbox 540 3003 988 3077; x_wconf 83' lang='lat' dir='ltr'><strong>quadringentis</strong></span> <span class='ocrx_word' id='word_1_276' title='bbox 1016 3021 1130 3059; x_wconf 90' lang='lat' dir='ltr'><strong>uno</strong></span> <span class='ocrx_word' id='word_1_277' title='bbox 1163 3008 1219 3059; x_wconf 88' lang='lat' dir='ltr'><strong>et</strong></span> <span class='ocrx_word' id='word_1_278' title='bbox 1249 3005 1822 3077; x_wconf 86' lang='lat' dir='ltr'><strong>sexaginta,Veneris</strong></span> <span class='ocrx_word' id='word_1_279' title='bbox 1845 3005 2005 3062; x_wconf 89' lang='lat' dir='ltr'><strong>mille</strong></span> 
     </span>
    </p>
   </div>
   <div class='ocr_carea' id='block_1_47' title="bbox 358 3092 2004 3167">
    <p class='ocr_par' dir='ltr' id='par_1_47' title="bbox 358 3092 2004 3167">
     <span class='ocr_line' id='line_1_48' title="bbox 358 3092 2004 3167; baseline 0.002 -19"><span class='ocrx_word' id='word_1_280' title='bbox 358 3092 809 3165; x_wconf 81' lang='lat' dir='ltr'><strong>quadringentis</strong></span> <span class='ocrx_word' id='word_1_281' title='bbox 838 3110 953 3148; x_wconf 91' lang='lat' dir='ltr'><strong>uno</strong></span> <span class='ocrx_word' id='word_1_282' title='bbox 983 3098 1042 3150; x_wconf 89' lang='lat' dir='ltr'><strong>et</strong></span> <span class='ocrx_word' id='word_1_283' title='bbox 1072 3093 1529 3167; x_wconf 82' lang='lat' dir='ltr'><strong>quinquaginta,</strong></span> <span class='ocrx_word' id='word_1_284' title='bbox 1564 3095 1833 3151; x_wconf 88' lang='lat' dir='ltr'><strong>Mercurii</strong></span> <span class='ocrx_word' id='word_1_285' title='bbox 1864 3112 2004 3167; x_wconf 85' lang='lat' dir='ltr'><strong>qua-</strong></span> 
     </span>
    </p>
   </div>
   <div class='ocr_carea' id='block_1_48' title="bbox 357 3182 2005 3257">
    <p class='ocr_par' dir='ltr' id='par_1_48' title="bbox 357 3182 2005 3257">
     <span class='ocr_line' id='line_1_49' title="bbox 357 3182 2005 3257; baseline 0 -18"><span class='ocrx_word' id='word_1_286' title='bbox 357 3182 689 3256; x_wconf 87' lang='lat' dir='ltr'><strong>dringentis</strong></span> <span class='ocrx_word' id='word_1_287' title='bbox 721 3183 1023 3256; x_wconf 82' lang='lat' dir='ltr'><strong>octoginta</strong></span> <span class='ocrx_word' id='word_1_288' title='bbox 1051 3188 1109 3239; x_wconf 89' lang='lat' dir='ltr'><strong>et</strong></span> <span class='ocrx_word' id='word_1_289' title='bbox 1139 3187 1289 3255; x_wconf 87' lang='lat' dir='ltr'><strong>octo,</strong></span> <span class='ocrx_word' id='word_1_290' title='bbox 1314 3183 1488 3239; x_wconf 64' lang='lat' dir='ltr'><strong>Luna:</strong></span> <span class='ocrx_word' id='word_1_291' title='bbox 1518 3184 1770 3257; x_wconf 90' lang='lat' dir='ltr'><strong>denique</strong></span> <span class='ocrx_word' id='word_1_292' title='bbox 1801 3184 2005 3257; x_wconf 79' lang='lat' dir='ltr'><strong>viginti</strong></span> 
     </span>
    </p>
   </div>
   <div class='ocr_carea' id='block_1_49' title="bbox 355 3272 2006 3346">
    <p class='ocr_par' dir='ltr' id='par_1_49' title="bbox 355 3272 2006 3346">
     <span class='ocr_line' id='line_1_50' title="bbox 355 3272 2006 3346; baseline 0.001 -18"><span class='ocrx_word' id='word_1_293' title='bbox 355 3272 617 3346; x_wconf 88' lang='lat' dir='ltr'><strong>quinque</strong></span> <span class='ocrx_word' id='word_1_294' title='bbox 648 3273 956 3329; x_wconf 80' lang='lat' dir='ltr'><strong>annis.b’ed</strong></span> <span class='ocrx_word' id='word_1_295' title='bbox 981 3288 1198 3346; x_wconf 89' lang='lat' dir='ltr'><strong>magna</strong></span> <span class='ocrx_word' id='word_1_296' title='bbox 1230 3274 1433 3329; x_wconf 90' lang='lat' dir='ltr'><strong>mundi</strong></span> <span class='ocrx_word' id='word_1_297' title='bbox 1467 3275 1744 3346; x_wconf 87' lang='lat' dir='ltr'><strong>periodus</strong></span> <span class='ocrx_word' id='word_1_298' title='bbox 1765 3273 2006 3330; x_wconf 87' lang='lat' dir='ltr'><strong>obsolvi-</strong></span> 
     </span>
    </p>
   </div>
   <div class='ocr_carea' id='block_1_50' title="bbox 350 3361 2005 3436">
    <p class='ocr_par' dir='ltr' id='par_1_50' title="bbox 350 3361 2005 3436">
     <span class='ocr_line' id='line_1_51' title="bbox 350 3361 2005 3436; baseline 0.002 -20"><span class='ocrx_word' id='word_1_299' title='bbox 350 3363 450 3417; x_wconf 88' lang='lat' dir='ltr'><strong>tur</strong></span> <span class='ocrx_word' id='word_1_300' title='bbox 480 3362 652 3418; x_wconf 87' lang='lat' dir='ltr'><strong>annis</strong></span> <span class='ocrx_word' id='word_1_301' title='bbox 670 3361 885 3418; x_wconf 89' lang='lat' dir='ltr'><strong>millies</strong></span> <span class='ocrx_word' id='word_1_302' title='bbox 914 3362 1331 3434; x_wconf 85' lang='lat' dir='ltr'><strong>septingenties</strong></span> <span class='ocrx_word' id='word_1_303' title='bbox 1352 3378 1418 3418; x_wconf 88' lang='lat' dir='ltr'><strong>ac</strong></span> <span class='ocrx_word' id='word_1_304' title='bbox 1441 3362 2005 3436; x_wconf 86' lang='lat' dir='ltr'><strong>quinquagicsmille</strong></span> 
     </span>
    </p>
   </div>
   <div class='ocr_carea' id='block_1_51' title="bbox 352 3450 2006 3524">
    <p class='ocr_par' dir='ltr' id='par_1_51' title="bbox 352 3450 2006 3524">
     <span class='ocr_line' id='line_1_52' title="bbox 352 3450 2006 3524; baseline 0.001 -19"><span class='ocrx_word' id='word_1_305' title='bbox 352 3454 413 3505; x_wconf 85' lang='lat' dir='ltr'><strong>et</strong></span> <span class='ocrx_word' id='word_1_306' title='bbox 441 3454 530 3506; x_wconf 92' lang='lat' dir='ltr'><strong>ter</strong></span> <span class='ocrx_word' id='word_1_307' title='bbox 557 3450 719 3507; x_wconf 91' lang='lat' dir='ltr'><strong>mille</strong></span> <span class='ocrx_word' id='word_1_308' title='bbox 749 3465 818 3506; x_wconf 87' lang='lat' dir='ltr'><strong>ac</strong></span> <span class='ocrx_word' id='word_1_309' title='bbox 850 3451 1158 3521; x_wconf 76' lang='lat' dir='ltr'><strong>ducentis;</strong></span> <span class='ocrx_word' id='word_1_310' title='bbox 1190 3450 1291 3506; x_wconf 92' lang='lat' dir='ltr'><strong>illo</strong></span> <span class='ocrx_word' id='word_1_311' title='bbox 1313 3455 1577 3523; x_wconf 86' lang='lat' dir='ltr'><strong>tempore</strong></span> <span class='ocrx_word' id='word_1_312' title='bbox 1596 3453 1863 3507; x_wconf 88' lang='lat' dir='ltr'><strong>omnium</strong></span> <span class='ocrx_word' id='word_1_313' title='bbox 1886 3451 2006 3524; x_wconf 89' lang='lat' dir='ltr'><strong>pla-</strong></span> 
     </span>
    </p>
   </div>
   <div class='ocr_carea' id='block_1_52' title="bbox 352 3540 2008 3613">
    <p class='ocr_par' dir='ltr' id='par_1_52' title="bbox 352 3540 2008 3613">
     <span class='ocr_line' id='line_1_53' title="bbox 352 3540 2008 3613; baseline 0.001 -18"><span class='ocrx_word' id='word_1_314' title='bbox 352 3544 627 3596; x_wconf 87' lang='lat' dir='ltr'><strong>netarum</strong></span> <span class='ocrx_word' id='word_1_315' title='bbox 672 3540 1010 3612; x_wconf 85' lang='lat' dir='ltr'><strong>conjunctio</strong></span> <span class='ocrx_word' id='word_1_316' title='bbox 1041 3541 1139 3596; x_wconf 80' lang='lat' dir='ltr'><strong>ﬁet</strong></span> <span class='ocrx_word' id='word_1_317' title='bbox 1194 3542 1252 3596; x_wconf 93' lang='lat' dir='ltr'><strong>in</strong></span> <span class='ocrx_word' id='word_1_318' title='bbox 1284 3540 1571 3596; x_wconf 90' lang='lat' dir='ltr'><strong>tricesimo</strong></span> <span class='ocrx_word' id='word_1_319' title='bbox 1593 3542 1778 3613; x_wconf 87' lang='lat' dir='ltr'><strong>gradu</strong></span> <span class='ocrx_word' id='word_1_320' title='bbox 1812 3541 2008 3597; x_wconf 88' lang='lat' dir='ltr'><strong>cancri</strong></span> 
     </span>
    </p>
   </div>
   <div class='ocr_carea' id='block_1_53' title="bbox 352 3627 2009 3700">
    <p class='ocr_par' dir='ltr' id='par_1_53' title="bbox 352 3627 2009 3700">
     <span class='ocr_line' id='line_1_54' title="bbox 352 3627 2009 3700; baseline 0.001 -15"><span class='ocrx_word' id='word_1_321' title='bbox 352 3627 442 3685; x_wconf 86' lang='lat' dir='ltr'><strong>vel</strong></span> <span class='ocrx_word' id='word_1_322' title='bbox 466 3630 655 3700; x_wconf 91' lang='lat' dir='ltr'><strong>primo</strong></span> <span class='ocrx_word' id='word_1_323' title='bbox 688 3628 900 3699; x_wconf 91' lang='lat' dir='ltr'><strong>leonis,</strong></span> <span class='ocrx_word' id='word_1_324' title='bbox 959 3633 1135 3700; x_wconf 88' lang='lat' dir='ltr'><strong>atque</strong></span> <span class='ocrx_word' id='word_1_325' title='bbox 1185 3635 1326 3685; x_wconf 88' lang='lat' dir='ltr'><strong>tunc</strong></span> <span class='ocrx_word' id='word_1_326' title='bbox 1384 3630 1698 3687; x_wconf 88' lang='lat' dir='ltr'><strong>universali</strong></span> <span class='ocrx_word' id='word_1_327' title='bbox 1749 3631 2009 3687; x_wconf 89' lang='lat' dir='ltr'><strong>mundus</strong></span> 
     </span>
    </p>
   </div>
   <div class='ocr_carea' id='block_1_54' title="bbox 353 3717 2009 3792">
    <p class='ocr_par' dir='ltr' id='par_1_54' title="bbox 353 3717 2009 3792">
     <span class='ocr_line' id='line_1_55' title="bbox 353 3717 2009 3792; baseline 0.001 -18"><span class='ocrx_word' id='word_1_328' title='bbox 353 3717 636 3774; x_wconf 86' lang='lat' dir='ltr'><strong>obruetur</strong></span> <span class='ocrx_word' id='word_1_329' title='bbox 656 3718 1046 3775; x_wconf 87' lang='lat' dir='ltr'><strong>diluvio.Post</strong></span> <span class='ocrx_word' id='word_1_330' title='bbox 1077 3720 1381 3774; x_wconf 89' lang='lat' dir='ltr'><strong>absolutas</strong></span> <span class='ocrx_word' id='word_1_331' title='bbox 1416 3719 1687 3792; x_wconf 90' lang='lat' dir='ltr'><strong>periodos</strong></span> <span class='ocrx_word' id='word_1_332' title='bbox 1710 3721 2009 3776; x_wconf 88' lang='lat' dir='ltr'><strong>minorum</strong></span> 
     </span>
    </p>
   </div>
   <div class='ocr_carea' id='block_1_55' title="bbox 353 3807 2010 3880">
    <p class='ocr_par' dir='ltr' id='par_1_55' title="bbox 353 3807 2010 3880">
     <span class='ocr_line' id='line_1_56' title="bbox 353 3807 2010 3880; baseline 0.001 -16"><span class='ocrx_word' id='word_1_333' title='bbox 353 3808 414 3864; x_wconf 88' lang='lat' dir='ltr'><strong>in</strong></span> <span class='ocrx_word' id='word_1_334' title='bbox 438 3808 688 3880; x_wconf 87' lang='lat' dir='ltr'><strong>planetis</strong></span> <span class='ocrx_word' id='word_1_335' title='bbox 710 3825 1025 3877; x_wconf 89' lang='lat' dir='ltr'><strong>annorum,</strong></span> <span class='ocrx_word' id='word_1_336' title='bbox 1061 3807 1445 3879; x_wconf 88' lang='lat' dir='ltr'><strong>particulares</strong></span> <span class='ocrx_word' id='word_1_337' title='bbox 1482 3809 1757 3864; x_wconf 89' lang='lat' dir='ltr'><strong>accidunt</strong></span> <span class='ocrx_word' id='word_1_338' title='bbox 1786 3808 2010 3865; x_wconf 88' lang='lat' dir='ltr'><strong>eluvio-</strong></span> 
     </span>
    </p>
   </div>
   <div class='ocr_carea' id='block_1_56' title="bbox 353 3896 2014 3969">
    <p class='ocr_par' dir='ltr' id='par_1_56' title="bbox 353 3896 2014 3969">
     <span class='ocr_line' id='line_1_57' title="bbox 353 3896 2014 3969; baseline 0 -16"><span class='ocrx_word' id='word_1_339' title='bbox 353 3912 460 3953; x_wconf 86' lang='lat' dir='ltr'><strong>nes</strong></span> <span class='ocrx_word' id='word_1_340' title='bbox 491 3897 849 3969; x_wconf 87' lang='lat' dir='ltr'><strong>;unicuique</strong></span> <span class='ocrx_word' id='word_1_341' title='bbox 878 3896 1034 3953; x_wconf 89' lang='lat' dir='ltr'><strong>enim</strong></span> <span class='ocrx_word' id='word_1_342' title='bbox 1055 3897 1360 3954; x_wconf 86' lang='lat' dir='ltr'><strong>stellarum</strong></span> <span class='ocrx_word' id='word_1_343' title='bbox 1392 3902 1715 3955; x_wconf 85' lang='lat' dir='ltr'><strong>errantium</strong></span> <span class='ocrx_word' id='word_1_344' title='bbox 1748 3898 2014 3969; x_wconf 82' lang='lat' dir='ltr'><strong>maximi,</strong></span> 
     </span>
    </p>
   </div>
   <div class='ocr_carea' id='block_1_57' title="bbox 355 3986 1513 4043">
    <p class='ocr_par' dir='ltr' id='par_1_57' title="bbox 355 3986 1513 4043">
     <span class='ocr_line' id='line_1_58' title="bbox 355 3986 1513 4043; baseline -0.002 0"><span class='ocrx_word' id='word_1_345' title='bbox 355 3986 533 4043; x_wconf 88' lang='lat' dir='ltr'><strong>medii</strong></span> <span class='ocrx_word' id='word_1_346' title='bbox 564 3992 624 4041; x_wconf 90' lang='lat' dir='ltr'><strong>et</strong></span> <span class='ocrx_word' id='word_1_347' title='bbox 652 3987 915 4042; x_wconf 88' lang='lat' dir='ltr'><strong>minores</strong></span> <span class='ocrx_word' id='word_1_348' title='bbox 946 3986 1085 4042; x_wconf 89' lang='lat' dir='ltr'><strong>anni</strong></span> <span class='ocrx_word' id='word_1_349' title='bbox 1114 3987 1320 4042; x_wconf 85' lang='lat' dir='ltr'><strong>tributi</strong></span> <span class='ocrx_word' id='word_1_350' title='bbox 1353 3991 1513 4043; x_wconf 88' lang='lat' dir='ltr'><strong>sunt.</strong></span> 
     </span>
    </p>
   </div>
   <div class='ocr_carea' id='block_1_58' title="bbox 353 4073 2010 4152">
    <p class='ocr_par' dir='ltr' id='par_1_58' title="bbox 353 4073 2010 4152">
     <span class='ocr_line' id='line_1_59' title="bbox 353 4073 2010 4152; baseline 0.002 -23"><span class='ocrx_word' id='word_1_351' title='bbox 353 4077 462 4129; x_wconf 79' lang='grc' dir='ltr'><strong>τῶν</strong></span> <span class='ocrx_word' id='word_1_352' title='bbox 522 4073 786 4151; x_wconf 69' lang='grc' dir='ltr'>ἀστέρων,</span> <span class='ocrx_word' id='word_1_353' title='bbox 874 4075 926 4129; x_wconf 77' lang='grc' dir='ltr'>οἱ</span> <span class='ocrx_word' id='word_1_354' title='bbox 997 4074 1212 4149; x_wconf 80' lang='grc' dir='ltr'>μερικοὶ</span> <span class='ocrx_word' id='word_1_355' title='bbox 1288 4074 1668 4149; x_wconf 84' lang='grc' dir='ltr'>κατακλυσμοὶ</span> <span class='ocrx_word' id='word_1_356' title='bbox 1751 4075 2010 4152; x_wconf 86' lang='grc' dir='ltr'>γίνονται.</span> 
     </span>
    </p>
   </div>
   <div class='ocr_carea' id='block_1_59' title="bbox 355 4159 1237 4239">
    <p class='ocr_par' dir='ltr' id='par_1_59' title="bbox 355 4159 1237 4239">
     <span class='ocr_line' id='line_1_60' title="bbox 355 4159 1237 4239; baseline 0.003 -21"><span class='ocrx_word' id='word_1_357' title='bbox 355 4162 447 4218; x_wconf 81' lang='grc' dir='ltr'>καὶ</span> <span class='ocrx_word' id='word_1_358' title='bbox 479 4161 743 4220; x_wconf 69' lang='grc' dir='ltr'>ἐλάττονα</span> <span class='ocrx_word' id='word_1_359' title='bbox 768 4159 860 4234; x_wconf 77' lang='grc' dir='ltr'>ἔτη</span> <span class='ocrx_word' id='word_1_360' title='bbox 896 4164 1237 4239; x_wconf 87' lang='grc' dir='ltr'>παράκειται.</span> 
     </span>
    </p>
   </div>
   <div class='ocr_carea' id='block_1_60' title="bbox 360 4272 2017 4347">
    <p class='ocr_par' dir='ltr' id='par_1_60' title="bbox 360 4272 2017 4347">
     <span class='ocr_line' id='line_1_61' title="bbox 360 4272 2017 4347; baseline 0.002 -21"><span class='ocrx_word' id='word_1_361' title='bbox 360 4272 483 4327; x_wconf 80' lang='grc'><strong>126.</strong></span> <span class='ocrx_word' id='word_1_362' title='bbox 514 4272 784 4341; x_wconf 60' lang='lat' dir='ltr'><strong>Quaenam</strong></span> <span class='ocrx_word' id='word_1_363' title='bbox 802 4273 1005 4328; x_wconf 83' lang='lat' dir='ltr'><strong>mundi</strong></span> <span class='ocrx_word' id='word_1_364' title='bbox 1056 4272 1253 4329; x_wconf 75' lang='lat' dir='ltr'><strong>dextra</strong></span> <span class='ocrx_word' id='word_1_365' title='bbox 1281 4274 1413 4340; x_wconf 74' lang='lat' dir='ltr'><strong>sint,</strong></span> <span class='ocrx_word' id='word_1_366' title='bbox 1447 4288 1709 4347; x_wconf 67' lang='lat' dir='ltr'><strong>quaenam</strong></span> <span class='ocrx_word' id='word_1_367' title='bbox 1764 4275 2017 4330; x_wconf 73' lang='lat' dir='ltr'><strong>sinistra.</strong></span> 
     </span>
    </p>
   </div>
   <div class='ocr_carea' id='block_1_61' title="bbox 430 4379 2020 4454">
    <p class='ocr_par' dir='ltr' id='par_1_61' title="bbox 430 4379 2020 4454">
     <span class='ocr_line' id='line_1_62' title="bbox 430 4379 2020 4454; baseline 0.002 -20"><span class='ocrx_word' id='word_1_368' title='bbox 430 4379 520 4434; x_wconf 82' lang='lat' dir='ltr'><strong>Ab</strong></span> <span class='ocrx_word' id='word_1_369' title='bbox 544 4379 765 4436; x_wconf 90' lang='lat' dir='ltr'><strong>oriente</strong></span> <span class='ocrx_word' id='word_1_370' title='bbox 795 4396 1070 4437; x_wconf 87' lang='lat' dir='ltr'><strong>occasum</strong></span> <span class='ocrx_word' id='word_1_371' title='bbox 1112 4398 1317 4437; x_wconf 89' lang='lat' dir='ltr'><strong>versus</strong></span> <span class='ocrx_word' id='word_1_372' title='bbox 1367 4381 1775 4454; x_wconf 85' lang='lat' dir='ltr'><strong>spectantibus</strong></span> <span class='ocrx_word' id='word_1_373' title='bbox 1815 4381 2020 4438; x_wconf 84' lang='lat' dir='ltr'><strong>dextra</strong></span> 
     </span>
    </p>
   </div>
   <div class='ocr_carea' id='block_1_62' title="bbox 363 4469 2016 4541">
    <p class='ocr_par' dir='ltr' id='par_1_62' title="bbox 363 4469 2016 4541">
     <span class='ocr_line' id='line_1_63' title="bbox 363 4469 2016 4541; baseline 0.001 -17"><span class='ocrx_word' id='word_1_374' title='bbox 363 4469 571 4524; x_wconf 88' lang='lat' dir='ltr'><strong>mundi</strong></span> <span class='ocrx_word' id='word_1_375' title='bbox 604 4475 747 4525; x_wconf 89' lang='lat' dir='ltr'><strong>sunt</strong></span> <span class='ocrx_word' id='word_1_376' title='bbox 768 4470 1272 4541; x_wconf 86' lang='lat' dir='ltr'><strong>septentrionalia,</strong></span> <span class='ocrx_word' id='word_1_377' title='bbox 1295 4470 1585 4527; x_wconf 85' lang='lat' dir='ltr'><strong>australia</strong></span> <span class='ocrx_word' id='word_1_378' title='bbox 1614 4470 1872 4528; x_wconf 87' lang='lat' dir='ltr'><strong>sinistra.</strong></span> <span class='ocrx_word' id='word_1_379' title='bbox 1908 4470 2016 4526; x_wconf 86' lang='lat' dir='ltr'><strong>Sed</strong></span> 
     </span>
    </p>
   </div>
   <div class='ocr_carea' id='block_1_63' title="bbox 2103 2012 3765 2093">
    <p class='ocr_par' dir='ltr' id='par_1_63' title="bbox 2103 2012 3765 2093">
     <span class='ocr_line' id='line_1_64' title="bbox 2103 2012 3765 2093; baseline -0.004 -21"><span class='ocrx_word' id='word_1_380' title='bbox 2103 2018 2289 2093; x_wconf 76' lang='grc' dir='ltr'>μὲρος,</span> <span class='ocrx_word' id='word_1_381' title='bbox 2370 2014 2497 2072; x_wconf 83' lang='grc' dir='ltr'>ἀλλ’</span> <span class='ocrx_word' id='word_1_382' title='bbox 2560 2019 2596 2086; x_wconf 81' lang='grc' dir='ltr'>ἠ</span> <span class='ocrx_word' id='word_1_383' title='bbox 2652 2016 2761 2071; x_wconf 80' lang='grc' dir='ltr'>τῶν</span> <span class='ocrx_word' id='word_1_384' title='bbox 2814 2015 3085 2086; x_wconf 75' lang='grc' dir='ltr'>οἰκήσεων</span> <span class='ocrx_word' id='word_1_385' title='bbox 3147 2015 3293 2078; x_wconf 63' lang='grc' dir='ltr'>θέσις</span> <span class='ocrx_word' id='word_1_386' title='bbox 3353 2014 3609 2092; x_wconf 76' lang='grc' dir='ltr'>φαντάζει</span> <span class='ocrx_word' id='word_1_387' title='bbox 3664 2012 3765 2082; x_wconf 79' lang='grc' dir='ltr'><strong>τήν</strong></span> 
     </span>
    </p>
   </div>
   <div class='ocr_carea' id='block_1_64' title="bbox 2102 2105 2372 2184">
    <p class='ocr_par' dir='ltr' id='par_1_64' title="bbox 2102 2105 2372 2184">
     <span class='ocr_line' id='line_1_65' title="bbox 2102 2105 2372 2184; baseline 0 -20"><span class='ocrx_word' id='word_1_388' title='bbox 2102 2105 2346 2184; x_wconf 71' lang='grc' dir='ltr'>ἔγκλισιν</span> <span class='ocrx_word' id='word_1_389' title='bbox 2359 2150 2372 2164; x_wconf 94' lang='grc'><strong>.</strong></span> 
     </span>
    </p>
   </div>
   <div class='ocr_carea' id='block_1_65' title="bbox 2106 2206 3770 2290">
    <p class='ocr_par' dir='ltr' id='par_1_65' title="bbox 2106 2206 3770 2290">
     <span class='ocr_line' id='line_1_66' title="bbox 2106 2206 3770 2290; baseline -0.004 -21"><span class='ocrx_word' id='word_1_390' title='bbox 2106 2215 2229 2290; x_wconf 69' lang='grc' dir='ltr'>ρκέ.</span> <span class='ocrx_word' id='word_1_391' title='bbox 2265 2214 2437 2271; x_wconf 86' lang='grc' dir='ltr'>Ηόθεν</span> <span class='ocrx_word' id='word_1_392' title='bbox 2470 2211 2529 2268; x_wconf 77' lang='grc' dir='ltr'>ἄν</span> <span class='ocrx_word' id='word_1_393' title='bbox 2573 2233 2657 2271; x_wconf 92' lang='grc' dir='ltr'><strong>τις</strong></span> <span class='ocrx_word' id='word_1_394' title='bbox 2690 2211 2864 2290; x_wconf 38' lang='grc' dir='ltr'>,γνοίη</span> <span class='ocrx_word' id='word_1_395' title='bbox 2920 2207 3277 2290; x_wconf 69' lang='grc' dir='ltr'>Ἑλληνικαῖς</span> <span class='ocrx_word' id='word_1_396' title='bbox 3334 2206 3639 2279; x_wconf 80' lang='grc' dir='ltr'>ἀποδεῖξεσι</span> <span class='ocrx_word' id='word_1_397' title='bbox 3668 2208 3770 2277; x_wconf 75' lang='grc' dir='ltr'>τὴν</span> 
     </span>
    </p>
   </div>
   <div class='ocr_carea' id='block_1_66' title="bbox 2638 2281 3217 2356">
    <p class='ocr_par' dir='ltr' id='par_1_66' title="bbox 2638 2281 3217 2356">
     <span class='ocr_line' id='line_1_67' title="bbox 2638 2281 3217 2356; baseline -0.002 -16"><span class='ocrx_word' id='word_1_398' title='bbox 2638 2281 2849 2356; x_wconf 82' lang='grc' dir='ltr'>κόσμου</span> <span class='ocrx_word' id='word_1_399' title='bbox 2880 2281 3192 2339; x_wconf 74' lang='grc' dir='ltr'>συντέλειαν</span> <span class='ocrx_word' id='word_1_400' title='bbox 3204 2325 3217 2339; x_wconf 90' lang='grc'><strong>.</strong></span> 
     </span>
    </p>
   </div>
   <div class='ocr_carea' id='block_1_67' title="bbox 2177 2366 3771 2450">
    <p class='ocr_par' dir='ltr' id='par_1_67' title="bbox 2177 2366 3771 2450">
     <span class='ocr_line' id='line_1_68' title="bbox 2177 2366 3771 2450; baseline -0.003 -19"><span class='ocrx_word' id='word_1_401' title='bbox 2177 2377 2308 2450; x_wconf 82' lang='grc' dir='ltr'>Περὶ</span> <span class='ocrx_word' id='word_1_402' title='bbox 2341 2382 2443 2445; x_wconf 81' lang='grc' dir='ltr'><strong>τῆς</strong></span> <span class='ocrx_word' id='word_1_403' title='bbox 2492 2373 2808 2436; x_wconf 81' lang='grc' dir='ltr'>τελευταίας</span> <span class='ocrx_word' id='word_1_404' title='bbox 2854 2374 3069 2447; x_wconf 63' lang='grc' dir='ltr'>ἡμέρας</span> <span class='ocrx_word' id='word_1_405' title='bbox 3100 2371 3190 2427; x_wconf 84' lang='grc' dir='ltr'><strong>καὶ</strong></span> <span class='ocrx_word' id='word_1_406' title='bbox 3224 2370 3393 2447; x_wconf 80' lang='grc' dir='ltr'>ὥρας⁶</span> <span class='ocrx_word' id='word_1_407' title='bbox 3423 2367 3604 2434; x_wconf 78' lang='grc' dir='ltr'>οὐδεὶς</span> <span class='ocrx_word' id='word_1_408' title='bbox 3634 2366 3771 2438; x_wconf 78' lang='grc' dir='ltr'>οἶδε,</span> 
     </span>
    </p>
   </div>
   <div class='ocr_carea' id='block_1_68' title="bbox 2106 2459 3770 2539">
    <p class='ocr_par' dir='ltr' id='par_1_68' title="bbox 2106 2459 3770 2539">
     <span class='ocr_line' id='line_1_69' title="bbox 2106 2459 3770 2539; baseline -0.005 -18"><span class='ocrx_word' id='word_1_409' title='bbox 2106 2466 2243 2521; x_wconf 75' lang='grc' dir='ltr'>κατὰ</span> <span class='ocrx_word' id='word_1_410' title='bbox 2281 2466 2383 2534; x_wconf 79' lang='grc' dir='ltr'><strong>τὴν</strong></span> <span class='ocrx_word' id='word_1_411' title='bbox 2434 2467 2531 2518; x_wconf 88' lang='grc' dir='ltr'><strong>τοῦ</strong></span> <span class='ocrx_word' id='word_1_412' title='bbox 2590 2460 2933 2537; x_wconf 83' lang='grc' dir='ltr'>Εὐαγγελίου</span> <span class='ocrx_word' id='word_1_413' title='bbox 2992 2461 3203 2539; x_wconf 77' lang='grc' dir='ltr'>φωνὴν,</span> <span class='ocrx_word' id='word_1_414' title='bbox 3264 2459 3309 2515; x_wconf 81' lang='grc' dir='ltr'><strong>εί</strong></span> <span class='ocrx_word' id='word_1_415' title='bbox 3368 2461 3445 2534; x_wconf 81' lang='grc' dir='ltr'>μὴ</span> <span class='ocrx_word' id='word_1_416' title='bbox 3501 2460 3529 2514; x_wconf 78' lang='grc' dir='ltr'><strong>ὁ</strong></span> <span class='ocrx_word' id='word_1_417' title='bbox 3577 2459 3770 2532; x_wconf 79' lang='grc' dir='ltr'>Πατὴρ</span> 
     </span>
    </p>
   </div>
   <div class='ocr_carea' id='block_1_69' title="bbox 2107 2547 3768 2624">
    <p class='ocr_par' dir='ltr' id='par_1_69' title="bbox 2107 2547 3768 2624">
     <span class='ocr_line' id='line_1_70' title="bbox 2107 2547 3768 2624; baseline -0.005 -14"><span class='ocrx_word' id='word_1_418' title='bbox 2107 2555 2197 2611; x_wconf 88' lang='grc' dir='ltr'><strong>καὶ</strong></span> <span class='ocrx_word' id='word_1_419' title='bbox 2253 2555 2281 2609; x_wconf 85' lang='grc' dir='ltr'>ὁ</span> <span class='ocrx_word' id='word_1_420' title='bbox 2313 2550 2589 2616; x_wconf 72' lang='grc' dir='ltr'>συναῖδιος</span> <span class='ocrx_word' id='word_1_421' title='bbox 2651 2551 2843 2624; x_wconf 73' lang='grc' dir='ltr'>ἐκείνῳ</span> <span class='ocrx_word' id='word_1_422' title='bbox 2899 2551 3047 2619; x_wconf 77' lang='grc' dir='ltr'>Υἱὸς,</span> <span class='ocrx_word' id='word_1_423' title='bbox 3100 2550 3190 2605; x_wconf 88' lang='grc' dir='ltr'><strong>καὶ</strong></span> <span class='ocrx_word' id='word_1_424' title='bbox 3236 2550 3300 2605; x_wconf 90' lang='grc' dir='ltr'>τὸ</span> <span class='ocrx_word' id='word_1_425' title='bbox 3352 2552 3572 2622; x_wconf 77' lang='grc' dir='ltr'><strong>Πνεῦμα</strong></span> <span class='ocrx_word' id='word_1_426' title='bbox 3611 2548 3674 2603; x_wconf 88' lang='grc' dir='ltr'>τὸ</span> <span class='ocrx_word' id='word_1_427' title='bbox 3706 2547 3768 2602; x_wconf 72' lang='grc' dir='ltr'>ἐκ</span> 
     </span>
    </p>
   </div>
   <div class='ocr_carea' id='block_1_70' title="bbox 2112 2633 3769 2719">
    <p class='ocr_par' dir='ltr' id='par_1_70' title="bbox 2112 2633 3769 2719">
     <span class='ocr_line' id='line_1_71' title="bbox 2112 2633 3769 2719; baseline -0.005 -20"><span class='ocrx_word' id='word_1_428' title='bbox 2112 2650 2210 2700; x_wconf 90' lang='grc' dir='ltr'><strong>τοῦ</strong></span> <span class='ocrx_word' id='word_1_429' title='bbox 2269 2643 2478 2719; x_wconf 84' lang='grc' dir='ltr'>Πατρὸς</span> <span class='ocrx_word' id='word_1_430' title='bbox 2537 2640 2991 2718; x_wconf 76' lang='grc' dir='ltr'>ἐκπορευόμενον.</span> <span class='ocrx_word' id='word_1_431' title='bbox 3039 2637 3311 2709; x_wconf 80' lang='grc' dir='ltr'>’Έλληνες</span> <span class='ocrx_word' id='word_1_432' title='bbox 3368 2635 3426 2693; x_wconf 68' lang='grc' dir='ltr'>δὲ</span> <span class='ocrx_word' id='word_1_433' title='bbox 3485 2633 3769 2713; x_wconf 70' lang='grc' dir='ltr'>βιάζονται</span> 
     </span>
    </p>
   </div>
   <div class='ocr_carea' id='block_1_71' title="bbox 2119 2724 3767 2802">
    <p class='ocr_par' dir='ltr' id='par_1_71' title="bbox 2119 2724 3767 2802">
     <span class='ocr_line' id='line_1_72' title="bbox 2119 2724 3767 2802; baseline -0.007 -13"><span class='ocrx_word' id='word_1_434' title='bbox 2119 2735 2211 2789; x_wconf 83' lang='grc' dir='ltr'>καὶ</span> <span class='ocrx_word' id='word_1_435' title='bbox 2239 2732 2444 2802; x_wconf 78' lang='grc' dir='ltr'>ταύτην</span> <span class='ocrx_word' id='word_1_436' title='bbox 2491 2730 2689 2787; x_wconf 68' lang='grc' dir='ltr'>εἰδέναι</span> <span class='ocrx_word' id='word_1_437' title='bbox 2733 2728 2824 2785; x_wconf 78' lang='grc' dir='ltr'><strong>διὰ</strong></span> <span class='ocrx_word' id='word_1_438' title='bbox 2874 2735 3037 2786; x_wconf 82' lang='grc' dir='ltr'>κενῶν</span> <span class='ocrx_word' id='word_1_439' title='bbox 3092 2725 3437 2799; x_wconf 79' lang='grc' dir='ltr'>ἀποδείξεων.</span> <span class='ocrx_word' id='word_1_440' title='bbox 3469 2727 3532 2783; x_wconf 80' lang='grc' dir='ltr'><strong>Ὀ</strong></span> <span class='ocrx_word' id='word_1_441' title='bbox 3562 2724 3767 2801; x_wconf 80' lang='grc' dir='ltr'>Κρόνος</span> 
     </span>
    </p>
   </div>
   <div class='ocr_carea' id='block_1_72' title="bbox 2111 2811 3770 2896">
    <p class='ocr_par' dir='ltr' id='par_1_72' title="bbox 2111 2811 3770 2896">
     <span class='ocr_line' id='line_1_73' title="bbox 2111 2811 3770 2896; baseline -0.006 -18"><span class='ocrx_word' id='word_1_442' title='bbox 2111 2827 2261 2878; x_wconf 88' lang='grc' dir='ltr'>ποιεῖ</span> <span class='ocrx_word' id='word_1_443' title='bbox 2314 2821 2414 2889; x_wconf 77' lang='grc' dir='ltr'>τὴν</span> <span class='ocrx_word' id='word_1_444' title='bbox 2460 2821 2718 2896; x_wconf 81' lang='grc' dir='ltr'>μεγίστην</span> <span class='ocrx_word' id='word_1_445' title='bbox 2777 2818 3210 2875; x_wconf 83' lang='grc' dir='ltr'>ἀποκατάστασιν</span> <span class='ocrx_word' id='word_1_446' title='bbox 3268 2814 3339 2871; x_wconf 88' lang='grc' dir='ltr'>δι’</span> <span class='ocrx_word' id='word_1_447' title='bbox 3396 2814 3528 2871; x_wconf 70' lang='grc' dir='ltr'><strong>ἇτῶν</strong></span> <span class='ocrx_word' id='word_1_448' title='bbox 3587 2811 3770 2870; x_wconf 82' lang='grc' dir='ltr'>διακο-</span> 
     </span>
    </p>
   </div>
   <div class='ocr_carea' id='block_1_73' title="bbox 2112 2903 3767 2983">
    <p class='ocr_par' dir='ltr' id='par_1_73' title="bbox 2112 2903 3767 2983">
     <span class='ocr_line' id='line_1_74' title="bbox 2112 2903 3767 2983; baseline -0.006 -16"><span class='ocrx_word' id='word_1_449' title='bbox 2112 2911 2240 2967; x_wconf 84' lang='grc' dir='ltr'>σίων</span> <span class='ocrx_word' id='word_1_450' title='bbox 2275 2909 2534 2983; x_wconf 73' lang='grc' dir='ltr'>ἐξήκοντα</span> <span class='ocrx_word' id='word_1_451' title='bbox 2564 2909 2651 2965; x_wconf 81' lang='grc' dir='ltr'><strong>καὶ</strong></span> <span class='ocrx_word' id='word_1_452' title='bbox 2684 2910 2843 2964; x_wconf 72' lang='grc' dir='ltr'>πέντε</span> <span class='ocrx_word' id='word_1_453' title='bbox 2876 2927 2888 2941; x_wconf 77' lang='grc'><strong><em>⁸</em></strong></span> <span class='ocrx_word' id='word_1_454' title='bbox 2924 2909 2952 2963; x_wconf 88' lang='grc' dir='ltr'><strong>ὁ</strong></span> <span class='ocrx_word' id='word_1_455' title='bbox 2982 2907 3109 2970; x_wconf 82' lang='grc' dir='ltr'>Ζεὺς</span> <span class='ocrx_word' id='word_1_456' title='bbox 3141 2905 3233 2962; x_wconf 82' lang='grc' dir='ltr'><strong>διὰ</strong></span> <span class='ocrx_word' id='word_1_457' title='bbox 3260 2903 3430 2962; x_wconf 55' lang='grc' dir='ltr'>εἰκοσι</span> <span class='ocrx_word' id='word_1_458' title='bbox 3458 2903 3551 2959; x_wconf 83' lang='grc' dir='ltr'>καὶ</span> <span class='ocrx_word' id='word_1_459' title='bbox 3581 2903 3718 2959; x_wconf 74' lang='grc' dir='ltr'>ὶπτά</span> <span class='ocrx_word' id='word_1_460' title='bbox 3750 2922 3767 2939; x_wconf 82' lang='grc'><strong>·</strong></span> 
     </span>
    </p>
   </div>
   <div class='ocr_carea' id='block_1_74' title="bbox 2112 2990 3770 3076">
    <p class='ocr_par' dir='ltr' id='par_1_74' title="bbox 2112 2990 3770 3076">
     <span class='ocr_line' id='line_1_75' title="bbox 2112 2990 3770 3076; baseline -0.007 -18"><span class='ocrx_word' id='word_1_461' title='bbox 2112 3003 2285 3076; x_wconf 83' lang='grc' dir='ltr'>’Άρης</span> <span class='ocrx_word' id='word_1_462' title='bbox 2318 2997 2375 3055; x_wconf 71' lang='grc' dir='ltr'>δὲ</span> <span class='ocrx_word' id='word_1_463' title='bbox 2425 2996 2515 3053; x_wconf 76' lang='grc' dir='ltr'><strong>διὰ</strong></span> <span class='ocrx_word' id='word_1_464' title='bbox 2562 2995 2852 3053; x_wconf 84' lang='grc' dir='ltr'>διακοσίων</span> <span class='ocrx_word' id='word_1_465' title='bbox 2907 2993 3253 3071; x_wconf 82' lang='grc' dir='ltr'>ὀγδοήκοντα</span> <span class='ocrx_word' id='word_1_466' title='bbox 3307 2994 3445 3070; x_wconf 88' lang='grc' dir='ltr'>πρὸς</span> <span class='ocrx_word' id='word_1_467' title='bbox 3498 2998 3615 3056; x_wconf 86' lang='grc' dir='ltr'>τοῖς</span> <span class='ocrx_word' id='word_1_468' title='bbox 3646 2990 3770 3049; x_wconf 71' lang='grc' dir='ltr'>τίσ·</span> 
     </span>
    </p>
   </div>
   <div class='ocr_carea' id='block_1_75' title="bbox 2116 3081 3771 3165">
    <p class='ocr_par' dir='ltr' id='par_1_75' title="bbox 2116 3081 3771 3165">
     <span class='ocr_line' id='line_1_76' title="bbox 2116 3081 3771 3165; baseline -0.007 -18"><span class='ocrx_word' id='word_1_469' title='bbox 2116 3110 2301 3165; x_wconf 89' lang='grc' dir='ltr'>σαρσιν</span> <span class='ocrx_word' id='word_1_470' title='bbox 2340 3108 2351 3121; x_wconf 91' lang='grc'><strong>·</strong></span> <span class='ocrx_word' id='word_1_471' title='bbox 2399 3089 2427 3143; x_wconf 86' lang='grc' dir='ltr'>ὁ</span> <span class='ocrx_word' id='word_1_472' title='bbox 2476 3085 2674 3149; x_wconf 76' lang='grc' dir='ltr'>’Ἥλιος</span> <span class='ocrx_word' id='word_1_473' title='bbox 2718 3084 2810 3142; x_wconf 75' lang='grc' dir='ltr'><strong>διὰ</strong></span> <span class='ocrx_word' id='word_1_474' title='bbox 2857 3083 3061 3163; x_wconf 87' lang='grc' dir='ltr'>χιλίων</span> <span class='ocrx_word' id='word_1_475' title='bbox 3107 3083 3468 3161; x_wconf 84' lang='grc' dir='ltr'>τετρακοσίων</span> <span class='ocrx_word' id='word_1_476' title='bbox 3513 3081 3771 3154; x_wconf 75' lang='grc' dir='ltr'>ἰξήκοντα</span> 
     </span>
    </p>
   </div>
   <div class='ocr_carea' id='block_1_76' title="bbox 2114 3171 3772 3256">
    <p class='ocr_par' dir='ltr' id='par_1_76' title="bbox 2114 3171 3772 3256">
     <span class='ocr_line' id='line_1_77' title="bbox 2114 3171 3772 3256; baseline -0.005 -21"><span class='ocrx_word' id='word_1_477' title='bbox 2114 3179 2252 3256; x_wconf 85' lang='grc' dir='ltr'>πρὸς</span> <span class='ocrx_word' id='word_1_478' title='bbox 2314 3181 2394 3249; x_wconf 82' lang='grc' dir='ltr'>τῷ</span> <span class='ocrx_word' id='word_1_479' title='bbox 2432 3175 2509 3231; x_wconf 79' lang='grc' dir='ltr'>ἐνί</span> <span class='ocrx_word' id='word_1_480' title='bbox 2542 3196 2556 3209; x_wconf 84' lang='grc'><strong>”</strong></span> <span class='ocrx_word' id='word_1_481' title='bbox 2610 3173 2904 3254; x_wconf 78' lang='grc' dir='ltr'>’Δφροδίτη</span> <span class='ocrx_word' id='word_1_482' title='bbox 2950 3173 3040 3229; x_wconf 79' lang='grc' dir='ltr'><strong>διὰ</strong></span> <span class='ocrx_word' id='word_1_483' title='bbox 3090 3173 3294 3249; x_wconf 85' lang='grc' dir='ltr'>χιλίων</span> <span class='ocrx_word' id='word_1_484' title='bbox 3342 3171 3530 3228; x_wconf 71' lang='grc' dir='ltr'>ἑκατὸν</span> <span class='ocrx_word' id='word_1_485' title='bbox 3577 3172 3772 3240; x_wconf 77' lang='grc' dir='ltr'>πεντή-</span> 
     </span>
    </p>
   </div>
   <div class='ocr_carea' id='block_1_77' title="bbox 2116 3257 3775 3343">
    <p class='ocr_par' dir='ltr' id='par_1_77' title="bbox 2116 3257 3775 3343">
     <span class='ocr_line' id='line_1_78' title="bbox 2116 3257 3775 3343; baseline -0.007 -18"><span class='ocrx_word' id='word_1_486' title='bbox 2116 3289 2280 3325; x_wconf 89' lang='grc' dir='ltr'>κοντα</span> <span class='ocrx_word' id='word_1_487' title='bbox 2308 3266 2445 3343; x_wconf 86' lang='grc' dir='ltr'>πρὸς</span> <span class='ocrx_word' id='word_1_488' title='bbox 2480 3271 2560 3338; x_wconf 80' lang='grc' dir='ltr'><strong>τῷ</strong></span> <span class='ocrx_word' id='word_1_489' title='bbox 2607 3265 2685 3321; x_wconf 77' lang='grc' dir='ltr'>ὲνί</span> <span class='ocrx_word' id='word_1_490' title='bbox 2712 3285 2723 3297; x_wconf 89' lang='grc'>·</span> <span class='ocrx_word' id='word_1_491' title='bbox 2774 3266 2985 3340; x_wconf 82' lang='grc' dir='ltr'>Ἑρμῆς</span> <span class='ocrx_word' id='word_1_492' title='bbox 3034 3261 3125 3320; x_wconf 78' lang='grc' dir='ltr'>διὰ</span> <span class='ocrx_word' id='word_1_493' title='bbox 3173 3261 3537 3338; x_wconf 87' lang='grc' dir='ltr'>τετρακοσίων</span> <span class='ocrx_word' id='word_1_494' title='bbox 3569 3257 3775 3336; x_wconf 78' lang='grc' dir='ltr'>ὀγδοή-</span> 
     </span>
    </p>
   </div>
   <div class='ocr_carea' id='block_1_78' title="bbox 2116 3348 3776 3423">
    <p class='ocr_par' dir='ltr' id='par_1_78' title="bbox 2116 3348 3776 3423">
     <span class='ocr_line' id='line_1_79' title="bbox 2116 3348 3776 3423; baseline -0.005 -10"><span class='ocrx_word' id='word_1_495' title='bbox 2116 3378 2283 3413; x_wconf 90' lang='grc' dir='ltr'>κοντα</span> <span class='ocrx_word' id='word_1_496' title='bbox 2332 3355 2423 3410; x_wconf 84' lang='grc' dir='ltr'><strong>καὶ</strong></span> <span class='ocrx_word' id='word_1_497' title='bbox 2483 3353 2627 3409; x_wconf 87' lang='grc' dir='ltr'>ὀκτώ</span> <span class='ocrx_word' id='word_1_498' title='bbox 2655 3373 2668 3389; x_wconf 76' lang='grc' dir='ltr'><strong>ο</strong></span> <span class='ocrx_word' id='word_1_499' title='bbox 2723 3356 2759 3423; x_wconf 79' lang='grc' dir='ltr'>ἡ</span> <span class='ocrx_word' id='word_1_500' title='bbox 2811 3350 3025 3423; x_wconf 76' lang='grc' dir='ltr'>Σελήνη</span> <span class='ocrx_word' id='word_1_501' title='bbox 3072 3349 3143 3407; x_wconf 86' lang='grc' dir='ltr'>δι’</span> <span class='ocrx_word' id='word_1_502' title='bbox 3187 3351 3320 3407; x_wconf 81' lang='grc' dir='ltr'>ἐτῶν</span> <span class='ocrx_word' id='word_1_503' title='bbox 3369 3349 3540 3407; x_wconf 70' lang='grc' dir='ltr'>εἴκοσι</span> <span class='ocrx_word' id='word_1_504' title='bbox 3571 3348 3731 3406; x_wconf 69' lang='grc' dir='ltr'>πέντε</span> <span class='ocrx_word' id='word_1_505' title='bbox 3760 3366 3776 3382; x_wconf 74' lang='grc' dir='ltr'><strong>ο</strong></span> 
     </span>
    </p>
   </div>
   <div class='ocr_carea' id='block_1_79' title="bbox 2114 3432 3783 3517">
    <p class='ocr_par' dir='ltr' id='par_1_79' title="bbox 2114 3432 3783 3517">
     <span class='ocr_line' id='line_1_80' title="bbox 2114 3432 3783 3517; baseline -0.006 -14"><span class='ocrx_word' id='word_1_506' title='bbox 2114 3432 2177 3503; x_wconf 63' lang='grc'><strong>’11</strong></span> <span class='ocrx_word' id='word_1_507' title='bbox 2237 3443 2295 3501; x_wconf 79' lang='grc' dir='ltr'>δὶ</span> <span class='ocrx_word' id='word_1_508' title='bbox 2341 3444 2584 3517; x_wconf 80' lang='grc' dir='ltr'>κοσμικὴ</span> <span class='ocrx_word' id='word_1_509' title='bbox 2635 3442 3067 3505; x_wconf 81' lang='grc' dir='ltr'>ἀποκατάστασις</span> <span class='ocrx_word' id='word_1_510' title='bbox 3116 3442 3320 3517; x_wconf 88' lang='grc' dir='ltr'>γίνεται</span> <span class='ocrx_word' id='word_1_511' title='bbox 3393 3437 3464 3496; x_wconf 85' lang='grc' dir='ltr'>δι’</span> <span class='ocrx_word' id='word_1_512' title='bbox 3495 3438 3626 3496; x_wconf 66' lang='grc' dir='ltr'>ἐτῶν</span> <span class='ocrx_word' id='word_1_513' title='bbox 3684 3460 3783 3513; x_wconf 83' lang='grc' dir='ltr'>μυ·</span> 
     </span>
    </p>
   </div>
   <div class='ocr_carea' id='block_1_80' title="bbox 2120 3528 3778 3613">
    <p class='ocr_par' dir='ltr' id='par_1_80' title="bbox 2120 3528 3778 3613">
     <span class='ocr_line' id='line_1_81' title="bbox 2120 3528 3778 3613; baseline -0.006 -21"><span class='ocrx_word' id='word_1_514' title='bbox 2120 3535 2323 3613; x_wconf 84' lang='grc' dir='ltr'>ριάδων</span> <span class='ocrx_word' id='word_1_515' title='bbox 2353 3535 2539 3590; x_wconf 71' lang='grc' dir='ltr'>ἑκατὸν</span> <span class='ocrx_word' id='word_1_516' title='bbox 2591 3528 2977 3606; x_wconf 75' lang='grc' dir='ltr'>ἐϐδομήκοντα</span> <span class='ocrx_word' id='word_1_517' title='bbox 3025 3530 3117 3587; x_wconf 80' lang='grc' dir='ltr'><strong>καὶ</strong></span> <span class='ocrx_word' id='word_1_518' title='bbox 3166 3532 3326 3588; x_wconf 65' lang='grc' dir='ltr'>πέντε</span> <span class='ocrx_word' id='word_1_519' title='bbox 3373 3530 3512 3605; x_wconf 83' lang='grc' dir='ltr'>πρὸς</span> <span class='ocrx_word' id='word_1_520' title='bbox 3560 3548 3778 3607; x_wconf 84' lang='grc' dir='ltr'>τρισχι-</span> 
     </span>
    </p>
   </div>
   <div class='ocr_carea' id='block_1_81' title="bbox 2120 3617 3773 3696">
    <p class='ocr_par' dir='ltr' id='par_1_81' title="bbox 2120 3617 3773 3696">
     <span class='ocr_line' id='line_1_82' title="bbox 2120 3617 3773 3696; baseline -0.006 -14"><span class='ocrx_word' id='word_1_521' title='bbox 2120 3625 2263 3688; x_wconf 89' lang='grc' dir='ltr'>λίοις</span> <span class='ocrx_word' id='word_1_522' title='bbox 2323 3622 2642 3690; x_wconf 84' lang='grc' dir='ltr'>διακοσίοις,</span> <span class='ocrx_word' id='word_1_523' title='bbox 2692 3622 2783 3677; x_wconf 84' lang='grc' dir='ltr'><strong>καὶ</strong></span> <span class='ocrx_word' id='word_1_524' title='bbox 2838 3625 2963 3677; x_wconf 90' lang='grc' dir='ltr'>τότε</span> <span class='ocrx_word' id='word_1_525' title='bbox 3019 3620 3230 3696; x_wconf 89' lang='grc' dir='ltr'>γίνεται</span> <span class='ocrx_word' id='word_1_526' title='bbox 3288 3617 3514 3683; x_wconf 74' lang='grc' dir='ltr'>σύνοδος</span> <span class='ocrx_word' id='word_1_527' title='bbox 3556 3620 3773 3675; x_wconf 88' lang='grc' dir='ltr'>πάντων</span> 
     </span>
    </p>
   </div>
   <div class='ocr_carea' id='block_1_82' title="bbox 2118 3711 3776 3786">
    <p class='ocr_par' dir='ltr' id='par_1_82' title="bbox 2118 3711 3776 3786">
     <span class='ocr_line' id='line_1_83' title="bbox 2118 3711 3776 3786; baseline -0.004 -16"><span class='ocrx_word' id='word_1_528' title='bbox 2118 3720 2227 3770; x_wconf 83' lang='grc' dir='ltr'><strong>τῶν</strong></span> <span class='ocrx_word' id='word_1_529' title='bbox 2258 3711 2495 3785; x_wconf 68' lang='grc' dir='ltr'>ἀστέρων</span> <span class='ocrx_word' id='word_1_530' title='bbox 2526 3711 2662 3767; x_wconf 80' lang='grc' dir='ltr'>κατὰ</span> <span class='ocrx_word' id='word_1_531' title='bbox 2708 3712 2808 3781; x_wconf 79' lang='grc' dir='ltr'>τὴν</span> <span class='ocrx_word' id='word_1_532' title='bbox 2858 3712 3190 3784; x_wconf 77' lang='grc' dir='ltr'>τριακοστὴν</span> <span class='ocrx_word' id='word_1_533' title='bbox 3246 3715 3442 3786; x_wconf 89' lang='grc' dir='ltr'>μοῖραν</span> <span class='ocrx_word' id='word_1_534' title='bbox 3483 3713 3582 3764; x_wconf 85' lang='grc' dir='ltr'><strong>τοῦ</strong></span> <span class='ocrx_word' id='word_1_535' title='bbox 3639 3728 3776 3783; x_wconf 76' lang='grc' dir='ltr'>καρο</span> 
     </span>
    </p>
   </div>
   <div class='ocr_carea' id='block_1_83' title="bbox 2120 3796 3780 3877">
    <p class='ocr_par' dir='ltr' id='par_1_83' title="bbox 2120 3796 3780 3877">
     <span class='ocr_line' id='line_1_84' title="bbox 2120 3796 3780 3877; baseline -0.004 -18"><span class='ocrx_word' id='word_1_536' title='bbox 2120 3804 2293 3874; x_wconf 87' lang='grc' dir='ltr'>κίνου,</span> <span class='ocrx_word' id='word_1_537' title='bbox 2325 3803 2360 3872; x_wconf 75' lang='grc' dir='ltr'><strong>ἥ</strong></span> <span class='ocrx_word' id='word_1_538' title='bbox 2391 3802 2491 3870; x_wconf 84' lang='grc' dir='ltr'>τὴν</span> <span class='ocrx_word' id='word_1_539' title='bbox 2541 3802 2766 3875; x_wconf 87' lang='grc' dir='ltr'>πρώτην</span> <span class='ocrx_word' id='word_1_540' title='bbox 2825 3800 3019 3877; x_wconf 86' lang='grc' dir='ltr'>μοίραν</span> <span class='ocrx_word' id='word_1_541' title='bbox 3077 3803 3173 3855; x_wconf 89' lang='grc' dir='ltr'><strong>τοῦ</strong></span> <span class='ocrx_word' id='word_1_542' title='bbox 3225 3796 3464 3867; x_wconf 70' lang='grc' dir='ltr'>λέοντος,</span> <span class='ocrx_word' id='word_1_543' title='bbox 3510 3798 3602 3854; x_wconf 86' lang='grc' dir='ltr'><strong>καὶ</strong></span> <span class='ocrx_word' id='word_1_544' title='bbox 3630 3817 3780 3869; x_wconf 88' lang='grc' dir='ltr'>τηνι-</span> 
     </span>
    </p>
   </div>
   <div class='ocr_carea' id='block_1_84' title="bbox 2121 3882 3773 3967">
    <p class='ocr_par' dir='ltr' id='par_1_84' title="bbox 2121 3882 3773 3967">
     <span class='ocr_line' id='line_1_85' title="bbox 2121 3882 3773 3967; baseline -0.002 -18"><span class='ocrx_word' id='word_1_545' title='bbox 2121 3898 2292 3950; x_wconf 85' lang='grc' dir='ltr'>καῦτα</span> <span class='ocrx_word' id='word_1_546' title='bbox 2319 3890 2583 3967; x_wconf 84' lang='grc' dir='ltr'>γίνεταιὸ</span> <span class='ocrx_word' id='word_1_547' title='bbox 2631 3892 2906 3960; x_wconf 79' lang='grc' dir='ltr'>παντελὴς</span> <span class='ocrx_word' id='word_1_548' title='bbox 2955 3894 3056 3946; x_wconf 79' lang='grc' dir='ltr'><strong>τοῦ</strong></span> <span class='ocrx_word' id='word_1_549' title='bbox 3107 3890 3319 3964; x_wconf 87' lang='grc' dir='ltr'>κὸσμου</span> <span class='ocrx_word' id='word_1_550' title='bbox 3364 3882 3773 3961; x_wconf 84' lang='grc' dir='ltr'>κατακλυσμός.</span> 
     </span>
    </p>
   </div>
   <div class='ocr_carea' id='block_1_85' title="bbox 2125 3977 3778 4055">
    <p class='ocr_par' dir='ltr' id='par_1_85' title="bbox 2125 3977 3778 4055">
     <span class='ocr_line' id='line_1_86' title="bbox 2125 3977 3778 4055; baseline -0.005 -16"><span class='ocrx_word' id='word_1_551' title='bbox 2125 3985 2270 4039; x_wconf 79' lang='grc' dir='ltr'><strong>Κατὰ</strong></span> <span class='ocrx_word' id='word_1_552' title='bbox 2325 3981 2384 4037; x_wconf 68' lang='grc' dir='ltr'>δὲ</span> <span class='ocrx_word' id='word_1_553' title='bbox 2437 3981 2537 4049; x_wconf 81' lang='grc' dir='ltr'>τὴν</span> <span class='ocrx_word' id='word_1_554' title='bbox 2602 3979 3031 4035; x_wconf 79' lang='grc' dir='ltr'>ἀποκατάστασιν</span> <span class='ocrx_word' id='word_1_555' title='bbox 3107 3983 3217 4035; x_wconf 83' lang='grc' dir='ltr'><strong>τῶν</strong></span> <span class='ocrx_word' id='word_1_556' title='bbox 3276 3977 3586 4055; x_wconf 72' lang='grc' dir='ltr'>ἰλαχίστων</span> <span class='ocrx_word' id='word_1_557' title='bbox 3645 3978 3778 4033; x_wconf 64' lang='grc' dir='ltr'>ἑτῶν</span> 
     </span>
    </p>
   </div>
   <div class='ocr_carea' id='block_1_86' title="bbox 2094 4067 3783 4147">
    <p class='ocr_par' dir='ltr' id='par_1_86' title="bbox 2094 4067 3783 4147">
     <span class='ocr_line' id='line_1_87' title="bbox 2094 4067 3783 4147; baseline -0.006 -16"><span class='ocrx_word' id='word_1_558' title='bbox 2094 4074 2341 4145; x_wconf 77' lang='grc' dir='ltr'>Ἑκάστῳ</span> <span class='ocrx_word' id='word_1_559' title='bbox 2422 4070 2527 4147; x_wconf 82' lang='grc' dir='ltr'><strong>γὰρ</strong></span> <span class='ocrx_word' id='word_1_560' title='bbox 2601 4070 2783 4144; x_wconf 70' lang='grc' dir='ltr'>ἀστὲρι</span> <span class='ocrx_word' id='word_1_561' title='bbox 2871 4069 3126 4145; x_wconf 78' lang='grc' dir='ltr'>πλανήτῃ</span> <span class='ocrx_word' id='word_1_562' title='bbox 3213 4070 3441 4145; x_wconf 74' lang='grc' dir='ltr'>μὲγιστα</span> <span class='ocrx_word' id='word_1_563' title='bbox 3495 4067 3586 4124; x_wconf 86' lang='grc' dir='ltr'><strong>καὶ</strong></span> <span class='ocrx_word' id='word_1_564' title='bbox 3646 4067 3783 4142; x_wconf 81' lang='grc' dir='ltr'>μὲσα</span> 
     </span>
    </p>
   </div>
   <div class='ocr_carea' id='block_1_87' title="bbox 2128 4261 3781 4345">
    <p class='ocr_par' dir='ltr' id='par_1_87' title="bbox 2128 4261 3781 4345">
     <span class='ocr_line' id='line_1_88' title="bbox 2128 4261 3781 4345; baseline -0.005 -20"><span class='ocrx_word' id='word_1_565' title='bbox 2128 4269 2263 4345; x_wconf 82' lang='grc' dir='ltr'>ρκς’.</span> <span class='ocrx_word' id='word_1_566' title='bbox 2316 4266 2445 4323; x_wconf 86' lang='grc' dir='ltr'>Τίνα</span> <span class='ocrx_word' id='word_1_567' title='bbox 2503 4263 2650 4338; x_wconf 78' lang='grc' dir='ltr'>δεξιὰ</span> <span class='ocrx_word' id='word_1_568' title='bbox 2713 4269 2810 4322; x_wconf 89' lang='grc' dir='ltr'><strong>τοῦ</strong></span> <span class='ocrx_word' id='word_1_569' title='bbox 2870 4265 3106 4339; x_wconf 84' lang='grc' dir='ltr'>κόσμου,</span> <span class='ocrx_word' id='word_1_570' title='bbox 3162 4267 3254 4321; x_wconf 81' lang='grc' dir='ltr'><strong>καὶ</strong></span> <span class='ocrx_word' id='word_1_571' title='bbox 3325 4285 3447 4321; x_wconf 91' lang='grc' dir='ltr'>τινα</span> <span class='ocrx_word' id='word_1_572' title='bbox 3505 4261 3781 4339; x_wconf 81' lang='grc' dir='ltr'>ἀριστερά.</span> 
     </span>
    </p>
   </div>
   <div class='ocr_carea' id='block_1_88' title="bbox 2197 4365 3784 4450">
    <p class='ocr_par' dir='ltr' id='par_1_88' title="bbox 2197 4365 3784 4450">
     <span class='ocr_line' id='line_1_89' title="bbox 2197 4365 3784 4450; baseline -0.008 -19"><span class='ocrx_word' id='word_1_573' title='bbox 2197 4381 2324 4438; x_wconf 87' lang='grc' dir='ltr'>Τοῖς</span> <span class='ocrx_word' id='word_1_574' title='bbox 2384 4373 2476 4448; x_wconf 71' lang='grc' dir='ltr'>μὲν</span> <span class='ocrx_word' id='word_1_575' title='bbox 2524 4372 2575 4445; x_wconf 66' lang='grc' dir='ltr'><strong>ἒξ</strong></span> <span class='ocrx_word' id='word_1_576' title='bbox 2623 4371 2903 4430; x_wconf 82' lang='grc' dir='ltr'>ἀνατολῶν</span> <span class='ocrx_word' id='word_1_577' title='bbox 2956 4373 3093 4450; x_wconf 87' lang='grc' dir='ltr'>πρὸς</span> <span class='ocrx_word' id='word_1_578' title='bbox 3144 4370 3293 4428; x_wconf 85' lang='grc' dir='ltr'>δόσιν</span> <span class='ocrx_word' id='word_1_579' title='bbox 3361 4372 3579 4446; x_wconf 77' lang='grc' dir='ltr'>ὁρῶσιν,</span> <span class='ocrx_word' id='word_1_580' title='bbox 3637 4365 3784 4436; x_wconf 71' lang='grc' dir='ltr'>δεξιὰ</span> 
     </span>
    </p>
   </div>
   <div class='ocr_carea' id='block_1_89' title="bbox 2125 4453 3779 4541">
    <p class='ocr_par' dir='ltr' id='par_1_89' title="bbox 2125 4453 3779 4541">
     <span class='ocr_line' id='line_1_90' title="bbox 2125 4453 3779 4541; baseline -0.008 -20"><span class='ocrx_word' id='word_1_581' title='bbox 2125 4470 2223 4521; x_wconf 84' lang='grc' dir='ltr'><strong>τοῦ</strong></span> <span class='ocrx_word' id='word_1_582' title='bbox 2252 4465 2464 4539; x_wconf 87' lang='grc' dir='ltr'>κόσμου</span> <span class='ocrx_word' id='word_1_583' title='bbox 2528 4465 2664 4541; x_wconf 68' lang='grc' dir='ltr'>μέρη</span> <span class='ocrx_word' id='word_1_584' title='bbox 2720 4464 2786 4519; x_wconf 81' lang='grc' dir='ltr'>τὰ</span> <span class='ocrx_word' id='word_1_585' title='bbox 2847 4461 3054 4538; x_wconf 86' lang='grc' dir='ltr'>βόρεια,</span> <span class='ocrx_word' id='word_1_586' title='bbox 3110 4459 3366 4536; x_wconf 80' lang='grc' dir='ltr'>ἀριστερὰ</span> <span class='ocrx_word' id='word_1_587' title='bbox 3406 4456 3464 4512; x_wconf 75' lang='grc' dir='ltr'>δὲ</span> <span class='ocrx_word' id='word_1_588' title='bbox 3516 4454 3584 4510; x_wconf 80' lang='grc' dir='ltr'>τὰ</span> <span class='ocrx_word' id='word_1_589' title='bbox 3609 4453 3779 4507; x_wconf 91' lang='grc' dir='ltr'>νότια.</span> 
     </span>
    </p>
   </div>
   <div class='ocr_carea' id='block_1_90' title="bbox 362 4543 2004 4631">
    <p class='ocr_par' dir='ltr' id='par_1_90' title="bbox 362 4558 2004 4631">
     <span class='ocr_line' id='line_1_91' title="bbox 362 4558 2004 4631; baseline 0 -17"><span class='ocrx_word' id='word_1_590' title='bbox 362 4559 435 4614; x_wconf 91' lang='lat' dir='ltr'><strong>ab</strong></span> <span class='ocrx_word' id='word_1_591' title='bbox 467 4558 767 4615; x_wconf 86' lang='lat' dir='ltr'><strong>occidente</strong></span> <span class='ocrx_word' id='word_1_592' title='bbox 798 4560 1200 4631; x_wconf 86' lang='lat' dir='ltr'><strong>spectantibus</strong></span> <span class='ocrx_word' id='word_1_593' title='bbox 1257 4561 1328 4618; x_wconf 89' lang='lat' dir='ltr'><strong>ad</strong></span> <span class='ocrx_word' id='word_1_594' title='bbox 1378 4561 1689 4627; x_wconf 88' lang='lat' dir='ltr'><strong>orientem,</strong></span> <span class='ocrx_word' id='word_1_595' title='bbox 1740 4560 2004 4617; x_wconf 64' lang='lat' dir='ltr'><strong>australi:</strong></span> 
     </span>
    </p>
   </div>
   <div class='ocr_carea' id='block_1_91' title="bbox 2120 4543 3778 4631">
    <p class='ocr_par' dir='ltr' id='par_1_91' title="bbox 2125 4543 3778 4627">
     <span class='ocr_line' id='line_1_92' title="bbox 2125 4543 3778 4627; baseline -0.01 -16"><span class='ocrx_word' id='word_1_596' title='bbox 2125 4560 2253 4619; x_wconf 87' lang='grc' dir='ltr'>Τοῖς</span> <span class='ocrx_word' id='word_1_597' title='bbox 2273 4552 2317 4611; x_wconf 89' lang='grc' dir='ltr'>δ’</span> <span class='ocrx_word' id='word_1_598' title='bbox 2350 4555 2455 4609; x_wconf 82' lang='grc' dir='ltr'><strong>ἀπὸ</strong></span> <span class='ocrx_word' id='word_1_599' title='bbox 2485 4559 2584 4623; x_wconf 77' lang='grc' dir='ltr'><strong>τῆς</strong></span> <span class='ocrx_word' id='word_1_600' title='bbox 2629 4551 2832 4615; x_wconf 80' lang='grc' dir='ltr'>δύσεως</span> <span class='ocrx_word' id='word_1_601' title='bbox 2875 4552 3010 4627; x_wconf 83' lang='grc' dir='ltr'>πρὸς</span> <span class='ocrx_word' id='word_1_602' title='bbox 3057 4550 3156 4617; x_wconf 83' lang='grc' dir='ltr'>τὴν</span> <span class='ocrx_word' id='word_1_603' title='bbox 3186 4545 3454 4615; x_wconf 80' lang='grc' dir='ltr'>ἀνατολὴν</span> <span class='ocrx_word' id='word_1_604' title='bbox 3493 4543 3778 4619; x_wconf 75' lang='grc' dir='ltr'>βλέπουσι,</span> 
     </span>
    </p>
   </div>
   <div class='ocr_carea' id='block_1_92' title="bbox 361 4649 2017 4723">
    <p class='ocr_par' dir='ltr' id='par_1_92' title="bbox 361 4649 2017 4723">
     <span class='ocr_line' id='line_1_93' title="bbox 361 4649 2017 4723; baseline 0.001 -19"><span class='ocrx_word' id='word_1_605' title='bbox 361 4649 565 4706; x_wconf 87' lang='lat' dir='ltr'><strong>dextra</strong></span> <span class='ocrx_word' id='word_1_606' title='bbox 587 4653 747 4716; x_wconf 89' lang='lat' dir='ltr'><strong>sunt,</strong></span> <span class='ocrx_word' id='word_1_607' title='bbox 773 4649 1016 4706; x_wconf 87' lang='lat' dir='ltr'><strong>sinistra</strong></span> <span class='ocrx_word' id='word_1_608' title='bbox 1047 4650 1529 4723; x_wconf 84' lang='lat' dir='ltr'><strong>septentrionalia</strong></span> <span class='ocrx_word' id='word_1_609' title='bbox 1562 4667 1576 4707; x_wconf 88' lang='lat'><strong>:</strong></span> <span class='ocrx_word' id='word_1_610' title='bbox 1604 4650 1891 4723; x_wconf 84' lang='lat' dir='ltr'><strong>facieique</strong></span> <span class='ocrx_word' id='word_1_611' title='bbox 1912 4651 2017 4707; x_wconf 90' lang='lat' dir='ltr'><strong>ob-</strong></span> 
     </span>
    </p>
   </div>
   <div class='ocr_carea' id='block_1_93' title="bbox 2128 4631 3782 4718">
    <p class='ocr_par' dir='ltr' id='par_1_93' title="bbox 2128 4631 3782 4718">
     <span class='ocr_line' id='line_1_94' title="bbox 2128 4631 3782 4718; baseline -0.01 -17"><span class='ocrx_word' id='word_1_612' title='bbox 2128 4642 2275 4716; x_wconf 78' lang='grc' dir='ltr'>δεξιιὶ</span> <span class='ocrx_word' id='word_1_613' title='bbox 2342 4645 2435 4718; x_wconf 75' lang='grc' dir='ltr'><strong>μὶν</strong></span> <span class='ocrx_word' id='word_1_614' title='bbox 2493 4643 2562 4699; x_wconf 73' lang='grc' dir='ltr'><strong>τὰ</strong></span> <span class='ocrx_word' id='word_1_615' title='bbox 2607 4644 2760 4698; x_wconf 88' lang='grc' dir='ltr'>νότια</span> <span class='ocrx_word' id='word_1_616' title='bbox 2835 4639 3089 4714; x_wconf 80' lang='grc' dir='ltr'>ἀριστερὰ</span> <span class='ocrx_word' id='word_1_617' title='bbox 3176 4634 3235 4690; x_wconf 76' lang='grc' dir='ltr'>δὶ</span> <span class='ocrx_word' id='word_1_618' title='bbox 3289 4634 3356 4689; x_wconf 80' lang='grc' dir='ltr'>τὰ</span> <span class='ocrx_word' id='word_1_619' title='bbox 3416 4632 3624 4709; x_wconf 89' lang='grc' dir='ltr'>βόρεια.</span> <span class='ocrx_word' id='word_1_620' title='bbox 3681 4631 3782 4687; x_wconf 81' lang='grc' dir='ltr'><strong>Καὶ</strong></span> 
     </span>
    </p>
   </div>
   <div class='ocr_carea' id='block_1_94' title="bbox 360 4720 2004 4814">
    <p class='ocr_par' dir='ltr' id='par_1_94' title="bbox 360 4738 2004 4814">
     <span class='ocr_line' id='line_1_95' title="bbox 360 4738 2004 4814; baseline 0.001 -20"><span class='ocrx_word' id='word_1_621' title='bbox 360 4755 541 4795; x_wconf 72' lang='lat' dir='ltr'><strong>versae</strong></span> <span class='ocrx_word' id='word_1_622' title='bbox 570 4743 710 4795; x_wconf 90' lang='lat' dir='ltr'><strong>sunt</strong></span> <span class='ocrx_word' id='word_1_623' title='bbox 738 4739 1132 4797; x_wconf 88' lang='lat' dir='ltr'><strong>occidentales</strong></span> <span class='ocrx_word' id='word_1_624' title='bbox 1183 4740 1311 4797; x_wconf 78' lang='lat' dir='ltr'><strong>cceli</strong></span> <span class='ocrx_word' id='word_1_625' title='bbox 1344 4745 1560 4814; x_wconf 87' lang='lat' dir='ltr'><strong>partes,</strong></span> <span class='ocrx_word' id='word_1_626' title='bbox 1595 4742 1667 4798; x_wconf 89' lang='lat' dir='ltr'><strong>ad</strong></span> <span class='ocrx_word' id='word_1_627' title='bbox 1700 4740 1831 4797; x_wconf 92' lang='lat' dir='ltr'><strong>iilas</strong></span> <span class='ocrx_word' id='word_1_628' title='bbox 1860 4738 2004 4797; x_wconf 76' lang='lat' dir='ltr'><strong>enitr</strong></span> 
     </span>
    </p>
   </div>
   <div class='ocr_carea' id='block_1_95' title="bbox 2120 4720 3781 4814">
    <p class='ocr_par' dir='ltr' id='par_1_95' title="bbox 2129 4720 3781 4814">
     <span class='ocr_line' id='line_1_96' title="bbox 2129 4720 3781 4814; baseline -0.009 -24"><span class='ocrx_word' id='word_1_629' title='bbox 2129 4733 2435 4810; x_wconf 70' lang='grc' dir='ltr'>ἔμπρόσθια</span> <span class='ocrx_word' id='word_1_630' title='bbox 2499 4733 2593 4806; x_wconf 72' lang='grc' dir='ltr'>μὲν</span> <span class='ocrx_word' id='word_1_631' title='bbox 2649 4736 2745 4787; x_wconf 87' lang='grc' dir='ltr'><strong>τοῦ</strong></span> <span class='ocrx_word' id='word_1_632' title='bbox 2801 4728 3037 4802; x_wconf 74' lang='grc' dir='ltr'>οὐρανοῦ</span> <span class='ocrx_word' id='word_1_633' title='bbox 3090 4725 3156 4779; x_wconf 77' lang='grc' dir='ltr'>τὰ</span> <span class='ocrx_word' id='word_1_634' title='bbox 3214 4723 3651 4814; x_wconf 29' lang='grc' dir='ltr'>ἑσπέριαᾼμὲρηῗ</span> <span class='ocrx_word' id='word_1_635' title='bbox 3698 4720 3781 4776; x_wconf 75' lang='grc' dir='ltr'><strong>ὅτι</strong></span> 
     </span>
    </p>
   </div>
   <div class='ocr_carea' id='block_1_96' title="bbox 360 4827 2018 4907">
    <p class='ocr_par' dir='ltr' id='par_1_96' title="bbox 360 4827 2018 4907">
     <span class='ocr_line' id='line_1_97' title="bbox 360 4827 2018 4907; baseline 0.001 -23"><span class='ocrx_word' id='word_1_636' title='bbox 360 4828 547 4884; x_wconf 84' lang='lat' dir='ltr'><strong>fertur</strong></span> <span class='ocrx_word' id='word_1_637' title='bbox 603 4828 652 4884; x_wconf 91' lang='lat' dir='ltr'><strong>si</strong></span> <span class='ocrx_word' id='word_1_638' title='bbox 704 4827 836 4900; x_wconf 91' lang='lat' dir='ltr'><strong>quis</strong></span> <span class='ocrx_word' id='word_1_639' title='bbox 862 4830 1162 4907; x_wconf 89' lang='lat' dir='ltr'><strong>procedat,</strong></span> <span class='ocrx_word' id='word_1_640' title='bbox 1223 4835 1355 4901; x_wconf 86' lang='lat' dir='ltr'><strong>post</strong></span> <span class='ocrx_word' id='word_1_641' title='bbox 1406 4834 1635 4903; x_wconf 87' lang='lat' dir='ltr'><strong>tergum</strong></span> <span class='ocrx_word' id='word_1_642' title='bbox 1686 4847 1817 4887; x_wconf 90' lang='lat' dir='ltr'><strong>vero</strong></span> <span class='ocrx_word' id='word_1_643' title='bbox 1876 4833 2018 4886; x_wconf 87' lang='lat' dir='ltr'><strong>sunt</strong></span> 
     </span>
    </p>
   </div>
   <div class='ocr_carea' id='block_1_97' title="bbox 361 4917 2015 4991">
    <p class='ocr_par' dir='ltr' id='par_1_97' title="bbox 361 4917 2015 4991">
     <span class='ocr_line' id='line_1_98' title="bbox 361 4917 2015 4991; baseline -0.001 -16"><span class='ocrx_word' id='word_1_644' title='bbox 361 4917 699 4985; x_wconf 87' lang='lat' dir='ltr'><strong>orientales,</strong></span> <span class='ocrx_word' id='word_1_645' title='bbox 732 4918 804 4973; x_wconf 92' lang='lat' dir='ltr'><strong>ab</strong></span> <span class='ocrx_word' id='word_1_646' title='bbox 856 4917 951 4974; x_wconf 87' lang='lat' dir='ltr'><strong>his</strong></span> <span class='ocrx_word' id='word_1_647' title='bbox 1008 4920 1164 4974; x_wconf 87' lang='lat' dir='ltr'><strong>enim</strong></span> <span class='ocrx_word' id='word_1_648' title='bbox 1214 4919 1450 4975; x_wconf 88' lang='lat' dir='ltr'><strong>recedit.</strong></span> <span class='ocrx_word' id='word_1_649' title='bbox 1478 4920 1639 4984; x_wconf 88' lang='lat' dir='ltr'><strong>Quod</strong></span> <span class='ocrx_word' id='word_1_650' title='bbox 1674 4920 1723 4976; x_wconf 91' lang='lat' dir='ltr'><strong>si</strong></span> <span class='ocrx_word' id='word_1_651' title='bbox 1747 4919 2015 4991; x_wconf 90' lang='lat' dir='ltr'><strong>requiras</strong></span> 
     </span>
    </p>
   </div>
   <div class='ocr_carea' id='block_1_98' title="bbox 359 5006 2014 5080">
    <p class='ocr_par' dir='ltr' id='par_1_98' title="bbox 359 5006 2014 5080">
     <span class='ocr_line' id='line_1_99' title="bbox 359 5006 2014 5080; baseline 0 -18"><span class='ocrx_word' id='word_1_652' title='bbox 359 5023 628 5077; x_wconf 58' lang='lat' dir='ltr'><strong>quanam</strong></span> <span class='ocrx_word' id='word_1_653' title='bbox 657 5006 963 5078; x_wconf 91' lang='lat' dir='ltr'><strong>superiora</strong></span> <span class='ocrx_word' id='word_1_654' title='bbox 991 5011 1133 5063; x_wconf 88' lang='lat' dir='ltr'><strong>sunt</strong></span> <span class='ocrx_word' id='word_1_655' title='bbox 1160 5006 1218 5062; x_wconf 91' lang='lat' dir='ltr'><strong>in</strong></span> <span class='ocrx_word' id='word_1_656' title='bbox 1251 5007 1415 5074; x_wconf 74' lang='lat' dir='ltr'><strong>cmlo,</strong></span> <span class='ocrx_word' id='word_1_657' title='bbox 1436 5025 1563 5080; x_wconf 76' lang='lat' dir='ltr'><strong>quae</strong></span> <span class='ocrx_word' id='word_1_658' title='bbox 1597 5009 1892 5079; x_wconf 84' lang='lat' dir='ltr'><strong>inferiora,</strong></span> <span class='ocrx_word' id='word_1_659' title='bbox 1914 5008 2014 5064; x_wconf 88' lang='lat' dir='ltr'><strong>alii</strong></span> 
     </span>
    </p>
   </div>
   <div class='ocr_carea' id='block_1_99' title="bbox 362 5095 2018 5170">
    <p class='ocr_par' dir='ltr' id='par_1_99' title="bbox 362 5095 2018 5170">
     <span class='ocr_line' id='line_1_100' title="bbox 362 5095 2018 5170; baseline 0.002 -19"><span class='ocrx_word' id='word_1_660' title='bbox 362 5096 599 5168; x_wconf 91' lang='lat' dir='ltr'><strong>quidem</strong></span> <span class='ocrx_word' id='word_1_661' title='bbox 636 5095 969 5168; x_wconf 88' lang='lat' dir='ltr'><strong>philosophi</strong></span> <span class='ocrx_word' id='word_1_662' title='bbox 1001 5114 1128 5169; x_wconf 78' lang='lat' dir='ltr'><strong>quae</strong></span> <span class='ocrx_word' id='word_1_663' title='bbox 1158 5113 1339 5169; x_wconf 88' lang='lat' dir='ltr'><strong>supra</strong></span> <span class='ocrx_word' id='word_1_664' title='bbox 1367 5103 1544 5170; x_wconf 88' lang='lat' dir='ltr'><strong>caput</strong></span> <span class='ocrx_word' id='word_1_665' title='bbox 1575 5103 1843 5154; x_wconf 92' lang='lat' dir='ltr'><strong>nostrum</strong></span> <span class='ocrx_word' id='word_1_666' title='bbox 1878 5103 2018 5154; x_wconf 88' lang='lat' dir='ltr'><strong>sunt</strong></span> 
     </span>
    </p>
   </div>
   <div class='ocr_carea' id='block_1_100' title="bbox 361 5183 2018 5259">
    <p class='ocr_par' dir='ltr' id='par_1_100' title="bbox 361 5183 2018 5259">
     <span class='ocr_line' id='line_1_101' title="bbox 361 5183 2018 5259; baseline 0.002 -20"><span class='ocrx_word' id='word_1_667' title='bbox 361 5183 667 5255; x_wconf 89' lang='lat' dir='ltr'><strong>superiora</strong></span> <span class='ocrx_word' id='word_1_668' title='bbox 698 5189 985 5255; x_wconf 87' lang='lat' dir='ltr'><strong>statuunt,</strong></span> <span class='ocrx_word' id='word_1_669' title='bbox 1021 5203 1152 5258; x_wconf 76' lang='lat' dir='ltr'><strong>quae</strong></span> <span class='ocrx_word' id='word_1_670' title='bbox 1180 5186 1274 5241; x_wconf 90' lang='lat' dir='ltr'><strong>his</strong></span> <span class='ocrx_word' id='word_1_671' title='bbox 1304 5192 1446 5242; x_wconf 88' lang='lat' dir='ltr'><strong>sunt</strong></span> <span class='ocrx_word' id='word_1_672' title='bbox 1500 5188 1771 5259; x_wconf 88' lang='lat' dir='ltr'><strong>opposita</strong></span> <span class='ocrx_word' id='word_1_673' title='bbox 1800 5187 2018 5243; x_wconf 88' lang='lat' dir='ltr'><strong>habent</strong></span> 
     </span>
    </p>
   </div>
   <div class='ocr_carea' id='block_1_101' title="bbox 362 5272 2018 5347">
    <p class='ocr_par' dir='ltr' id='par_1_101' title="bbox 362 5272 2018 5347">
     <span class='ocr_line' id='line_1_102' title="bbox 362 5272 2018 5347; baseline 0.004 -20"><span class='ocrx_word' id='word_1_674' title='bbox 362 5288 468 5343; x_wconf 91' lang='lat' dir='ltr'><strong>pro</strong></span> <span class='ocrx_word' id='word_1_675' title='bbox 495 5272 973 5330; x_wconf 82' lang='lat' dir='ltr'><strong>inlerioribus.At</strong></span> <span class='ocrx_word' id='word_1_676' title='bbox 991 5275 1472 5347; x_wconf 87' lang='lat' dir='ltr'><strong>Aristotelesjam</strong></span> <span class='ocrx_word' id='word_1_677' title='bbox 1495 5281 1685 5332; x_wconf 90' lang='lat' dir='ltr'><strong>totum</strong></span> <span class='ocrx_word' id='word_1_678' title='bbox 1717 5276 1928 5332; x_wconf 79' lang='lat' dir='ltr'><strong>coelum</strong></span> <span class='ocrx_word' id='word_1_679' title='bbox 1951 5282 2018 5333; x_wconf 87' lang='lat' dir='ltr'><strong>ut</strong></span> 
     </span>
    </p>
   </div>
   <div class='ocr_carea' id='block_1_102' title="bbox 363 5362 2017 5438">
    <p class='ocr_par' dir='ltr' id='par_1_102' title="bbox 363 5362 2017 5438">
     <span class='ocr_line' id='line_1_103' title="bbox 363 5362 2017 5438; baseline 0.004 -22"><span class='ocrx_word' id='word_1_680' title='bbox 363 5362 637 5431; x_wconf 89' lang='lat' dir='ltr'><strong>superius</strong></span> <span class='ocrx_word' id='word_1_681' title='bbox 667 5370 933 5434; x_wconf 88' lang='lat' dir='ltr'><strong>respectu</strong></span> <span class='ocrx_word' id='word_1_682' title='bbox 966 5369 1131 5419; x_wconf 64' lang='lat' dir='ltr'><strong>terrae</strong></span> <span class='ocrx_word' id='word_1_683' title='bbox 1154 5366 1629 5435; x_wconf 87' lang='lat' dir='ltr'><strong>eonsiderat,jam</strong></span> <span class='ocrx_word' id='word_1_684' title='bbox 1653 5367 1809 5438; x_wconf 92' lang='lat' dir='ltr'><strong>quod</strong></span> <span class='ocrx_word' id='word_1_685' title='bbox 1841 5384 2017 5438; x_wconf 84' lang='lat' dir='ltr'><strong>supe-</strong></span> 
     </span>
    </p>
   </div>
   <div class='ocr_carea' id='block_1_103' title="bbox 360 5450 2017 5526">
    <p class='ocr_par' dir='ltr' id='par_1_103' title="bbox 360 5450 2017 5526">
     <span class='ocr_line' id='line_1_104' title="bbox 360 5450 2017 5526; baseline 0.005 -23"><span class='ocrx_word' id='word_1_686' title='bbox 360 5450 488 5506; x_wconf 90' lang='lat' dir='ltr'><strong>rius</strong></span> <span class='ocrx_word' id='word_1_687' title='bbox 517 5451 743 5507; x_wconf 88' lang='lat' dir='ltr'><strong>vocavit</strong></span> <span class='ocrx_word' id='word_1_688' title='bbox 771 5452 1025 5523; x_wconf 90' lang='lat' dir='ltr'><strong>appellat</strong></span> <span class='ocrx_word' id='word_1_689' title='bbox 1050 5453 1318 5523; x_wconf 87' lang='lat' dir='ltr'><strong>inferius,</strong></span> <span class='ocrx_word' id='word_1_690' title='bbox 1355 5471 1418 5510; x_wconf 87' lang='lat' dir='ltr'><strong>ac</strong></span> <span class='ocrx_word' id='word_1_691' title='bbox 1438 5454 1722 5526; x_wconf 86' lang='lat' dir='ltr'><strong>vicissim,</strong></span> <span class='ocrx_word' id='word_1_692' title='bbox 1755 5473 1860 5512; x_wconf 86' lang='lat' dir='ltr'><strong>nec</strong></span> <span class='ocrx_word' id='word_1_693' title='bbox 1891 5456 2017 5513; x_wconf 89' lang='lat' dir='ltr'><strong>sine</strong></span> 
     </span>
    </p>
   </div>
   <div class='ocr_carea' id='block_1_104' title="bbox 361 5538 1546 5611">
    <p class='ocr_par' dir='ltr' id='par_1_104' title="bbox 361 5538 1546 5611">
     <span class='ocr_line' id='line_1_105' title="bbox 361 5538 1546 5611; baseline 0.003 -16"><span class='ocrx_word' id='word_1_694' title='bbox 361 5538 645 5611; x_wconf 77' lang='lat' dir='ltr'><strong>praeclara</strong></span> <span class='ocrx_word' id='word_1_695' title='bbox 674 5543 731 5594; x_wconf 88' lang='lat' dir='ltr'><strong>et</strong></span> <span class='ocrx_word' id='word_1_696' title='bbox 760 5541 995 5597; x_wconf 86' lang='lat' dir='ltr'><strong>erudita</strong></span> <span class='ocrx_word' id='word_1_697' title='bbox 1025 5543 1546 5600; x_wconf 89' lang='lat' dir='ltr'><strong>demonstratione.</strong></span> 
     </span>
    </p>
   </div>
   <div class='ocr_carea' id='block_1_105' title="bbox 649 5629 1727 5703">
    <p class='ocr_par' dir='ltr' id='par_1_105' title="bbox 649 5629 1727 5703">
     <span class='ocr_line' id='line_1_106' title="bbox 649 5629 1727 5703; baseline 0.004 -20"><span class='ocrx_word' id='word_1_698' title='bbox 649 5629 769 5684; x_wconf 85' lang='grc'><strong>127.</strong></span> <span class='ocrx_word' id='word_1_699' title='bbox 817 5631 892 5686; x_wconf 80' lang='lat' dir='ltr'><strong>De</strong></span> <span class='ocrx_word' id='word_1_700' title='bbox 918 5633 1167 5703; x_wconf 79' lang='lat' dir='ltr'><strong>partium</strong></span> <span class='ocrx_word' id='word_1_701' title='bbox 1212 5636 1382 5690; x_wconf 69' lang='lat' dir='ltr'><strong>terra:</strong></span> <span class='ocrx_word' id='word_1_702' title='bbox 1403 5634 1727 5689; x_wconf 77' lang='lat' dir='ltr'><strong>mutatione.</strong></span> 
     </span>
    </p>
   </div>
   <div class='ocr_carea' id='block_1_106' title="bbox 433 5719 2014 5780">
    <p class='ocr_par' dir='ltr' id='par_1_106' title="bbox 433 5719 2014 5780">
     <span class='ocr_line' id='line_1_107' title="bbox 433 5719 2014 5780; baseline 0.005 -8"><span class='ocrx_word' id='word_1_703' title='bbox 433 5720 635 5774; x_wconf 88' lang='lat' dir='ltr'><strong>Partes</strong></span> <span class='ocrx_word' id='word_1_704' title='bbox 662 5721 828 5773; x_wconf 62' lang='lat' dir='ltr'><strong>terra;</strong></span> <span class='ocrx_word' id='word_1_705' title='bbox 843 5719 1170 5777; x_wconf 76' lang='lat' dir='ltr'><strong>alterantur</strong></span> <span class='ocrx_word' id='word_1_706' title='bbox 1181 5722 1406 5778; x_wconf 87' lang='lat' dir='ltr'><strong>ratione</strong></span> <span class='ocrx_word' id='word_1_707' title='bbox 1428 5721 1714 5779; x_wconf 87' lang='lat' dir='ltr'><strong>siccitatis</strong></span> <span class='ocrx_word' id='word_1_708' title='bbox 1746 5728 1804 5780; x_wconf 89' lang='lat' dir='ltr'><strong>et</strong></span> <span class='ocrx_word' id='word_1_709' title='bbox 1823 5724 1901 5780; x_wconf 93' lang='lat' dir='ltr'><strong>hu</strong></span> <span class='ocrx_word' id='word_1_710' title='bbox 1913 5724 2014 5780; x_wconf 84' lang='lat' dir='ltr'><strong>mi-</strong></span> 
     </span>
    </p>
   </div>
   <div class='ocr_carea' id='block_1_107' title="bbox 361 5806 2016 5882">
    <p class='ocr_par' dir='ltr' id='par_1_107' title="bbox 361 5806 2016 5882">
     <span class='ocr_line' id='line_1_108' title="bbox 361 5806 2016 5882; baseline 0.004 -16"><span class='ocrx_word' id='word_1_711' title='bbox 361 5806 587 5882; x_wconf 82' lang='lat' dir='ltr'><strong>ditatis,</strong></span> <span class='ocrx_word' id='word_1_712' title='bbox 622 5823 754 5866; x_wconf 88' lang='lat' dir='ltr'><strong>cum</strong></span> <span class='ocrx_word' id='word_1_713' title='bbox 785 5824 855 5868; x_wconf 83' lang='lat' dir='ltr'><strong>ex</strong></span> <span class='ocrx_word' id='word_1_714' title='bbox 901 5809 1166 5870; x_wconf 84' lang='lat' dir='ltr'><strong>humidis</strong></span> <span class='ocrx_word' id='word_1_715' title='bbox 1217 5810 1371 5870; x_wconf 81' lang='lat' dir='ltr'><strong>ﬁunt</strong></span> <span class='ocrx_word' id='word_1_716' title='bbox 1418 5812 1585 5871; x_wconf 78' lang='lat' dir='ltr'><strong>siccae</strong></span> <span class='ocrx_word' id='word_1_717' title='bbox 1622 5811 1712 5872; x_wconf 86' lang='lat' dir='ltr'><strong>vel</strong></span> <span class='ocrx_word' id='word_1_718' title='bbox 1734 5829 1803 5872; x_wconf 84' lang='lat' dir='ltr'><strong>ex</strong></span> <span class='ocrx_word' id='word_1_719' title='bbox 1843 5814 2016 5873; x_wconf 84' lang='lat' dir='ltr'><strong>siccis</strong></span> 
     </span>
    </p>
   </div>
   <div class='ocr_carea' id='block_1_108' title="bbox 2124 4810 3777 4902">
    <p class='ocr_par' dir='ltr' id='par_1_108' title="bbox 2124 4810 3777 4902">
     <span class='ocr_line' id='line_1_109' title="bbox 2124 4810 3777 4902; baseline -0.01 -21"><span class='ocrx_word' id='word_1_720' title='bbox 2124 4823 2264 4902; x_wconf 76' lang='grc' dir='ltr'>πρὸς</span> <span class='ocrx_word' id='word_1_721' title='bbox 2295 4827 2467 4879; x_wconf 89' lang='grc' dir='ltr'>ταῦτα</span> <span class='ocrx_word' id='word_1_722' title='bbox 2510 4822 2726 4901; x_wconf 75' lang='grc' dir='ltr'>φέρεται</span> <span class='ocrx_word' id='word_1_723' title='bbox 2782 4815 3124 4889; x_wconf 73' lang='grc' dir='ltr'>κινούμενος,</span> <span class='ocrx_word' id='word_1_724' title='bbox 3164 4812 3395 4902; x_wconf 16' lang='grc' dir='ltr'>ᾲόπίσθια</span> <span class='ocrx_word' id='word_1_725' title='bbox 3449 4810 3509 4868; x_wconf 70' lang='grc' dir='ltr'>δὲ</span> <span class='ocrx_word' id='word_1_726' title='bbox 3535 4810 3603 4868; x_wconf 81' lang='grc' dir='ltr'>τὰ</span> <span class='ocrx_word' id='word_1_727' title='bbox 3631 4811 3741 4884; x_wconf 70' lang='grc' dir='ltr'><strong>ὶῷα</strong></span> <span class='ocrx_word' id='word_1_728' title='bbox 3764 4830 3777 4844; x_wconf 86' lang='grc'><strong>·</strong></span> 
     </span>
    </p>
   </div>
   <div class='ocr_carea' id='block_1_109' title="bbox 2124 4900 3783 4987">
    <p class='ocr_par' dir='ltr' id='par_1_109' title="bbox 2124 4900 3783 4987">
     <span class='ocr_line' id='line_1_110' title="bbox 2124 4900 3783 4987; baseline -0.009 -17"><span class='ocrx_word' id='word_1_729' title='bbox 2124 4900 2216 4970; x_wconf 83' lang='grc' dir='ltr'>ἀπ’</span> <span class='ocrx_word' id='word_1_730' title='bbox 2247 4914 2464 4971; x_wconf 72' lang='grc' dir='ltr'>ἔκεινων</span> <span class='ocrx_word' id='word_1_731' title='bbox 2491 4912 2596 4987; x_wconf 75' lang='grc' dir='ltr'><strong>γὰρ</strong></span> <span class='ocrx_word' id='word_1_732' title='bbox 2648 4910 2905 4985; x_wconf 80' lang='grc' dir='ltr'>ὁρμᾶται.</span> <span class='ocrx_word' id='word_1_733' title='bbox 2959 4902 3099 4962; x_wconf 87' lang='grc' dir='ltr'>Τίνα</span> <span class='ocrx_word' id='word_1_734' title='bbox 3159 4900 3217 4959; x_wconf 73' lang='grc' dir='ltr'>δὲ</span> <span class='ocrx_word' id='word_1_735' title='bbox 3246 4903 3397 4959; x_wconf 81' lang='grc' dir='ltr'>κάτῶ</span> <span class='ocrx_word' id='word_1_736' title='bbox 3424 4907 3523 4959; x_wconf 88' lang='grc' dir='ltr'><strong>τοῦ</strong></span> <span class='ocrx_word' id='word_1_737' title='bbox 3555 4902 3783 4977; x_wconf 78' lang='grc' dir='ltr'>οὐρανοῦ</span> 
     </span>
    </p>
   </div>
   <div class='ocr_carea' id='block_1_110' title="bbox 2123 4988 3781 5073">
    <p class='ocr_par' dir='ltr' id='par_1_110' title="bbox 2123 4988 3781 5073">
     <span class='ocr_line' id='line_1_111' title="bbox 2123 4988 3781 5073; baseline -0.009 -12"><span class='ocrx_word' id='word_1_738' title='bbox 2123 5006 2215 5061; x_wconf 83' lang='grc' dir='ltr'>καὶ</span> <span class='ocrx_word' id='word_1_739' title='bbox 2244 5026 2367 5061; x_wconf 88' lang='grc' dir='ltr'>τινα</span> <span class='ocrx_word' id='word_1_740' title='bbox 2403 5001 2534 5071; x_wconf 75' lang='grc' dir='ltr'>ἄνω,</span> <span class='ocrx_word' id='word_1_741' title='bbox 2587 5001 2639 5056; x_wconf 74' lang='grc' dir='ltr'>οὶ</span> <span class='ocrx_word' id='word_1_742' title='bbox 2692 4999 2788 5073; x_wconf 77' lang='grc' dir='ltr'><strong>μὶν</strong></span> <span class='ocrx_word' id='word_1_743' title='bbox 2841 4994 3006 5053; x_wconf 76' lang='grc' dir='ltr'>ἄλλοι</span> <span class='ocrx_word' id='word_1_744' title='bbox 3056 4998 3163 5051; x_wconf 81' lang='grc' dir='ltr'><strong>τῶν</strong></span> <span class='ocrx_word' id='word_1_745' title='bbox 3216 4988 3529 5073; x_wconf 74' lang='grc' dir='ltr'>φιλοςοφων</span> <span class='ocrx_word' id='word_1_746' title='bbox 3560 4992 3624 5049; x_wconf 81' lang='grc' dir='ltr'><strong>τὸ</strong></span> <span class='ocrx_word' id='word_1_747' title='bbox 3685 4991 3781 5067; x_wconf 72' lang='grc' dir='ltr'><strong>μὶν</strong></span> 
     </span>
    </p>
   </div>
   <div class='ocr_carea' id='block_1_111' title="bbox 2129 5080 3785 5171">
    <p class='ocr_par' dir='ltr' id='par_1_111' title="bbox 2129 5080 3785 5171">
     <span class='ocr_line' id='line_1_112' title="bbox 2129 5080 3785 5171; baseline -0.008 -20"><span class='ocrx_word' id='word_1_748' title='bbox 2129 5096 2263 5170; x_wconf 74' lang='grc' dir='ltr'>ὑπὲρ</span> <span class='ocrx_word' id='word_1_749' title='bbox 2293 5093 2537 5171; x_wconf 77' lang='grc' dir='ltr'>κεφαλὴν</span> <span class='ocrx_word' id='word_1_750' title='bbox 2586 5092 2748 5163; x_wconf 77' lang='grc' dir='ltr'>ἡμῶν</span> <span class='ocrx_word' id='word_1_751' title='bbox 2798 5084 3156 5165; x_wconf 79' lang='grc' dir='ltr'>ἡμισφαίριον</span> <span class='ocrx_word' id='word_1_752' title='bbox 3217 5083 3325 5141; x_wconf 77' lang='grc' dir='ltr'><strong>ἅνω</strong></span> <span class='ocrx_word' id='word_1_753' title='bbox 3370 5085 3601 5171; x_wconf 67' lang='grc' dir='ltr'>τιθὲασι,</span> <span class='ocrx_word' id='word_1_754' title='bbox 3630 5082 3694 5139; x_wconf 84' lang='grc' dir='ltr'>τὸ</span> <span class='ocrx_word' id='word_1_755' title='bbox 3725 5080 3785 5171; x_wconf 75' lang='grc' dir='ltr'>δὶ</span> 
     </span>
    </p>
   </div>
   <div class='ocr_carea' id='block_1_112' title="bbox 2125 5169 3783 5253">
    <p class='ocr_par' dir='ltr' id='par_1_112' title="bbox 2125 5169 3783 5253">
     <span class='ocr_line' id='line_1_113' title="bbox 2125 5169 3783 5253; baseline -0.008 -13"><span class='ocrx_word' id='word_1_756' title='bbox 2125 5169 2399 5248; x_wconf 82' lang='grc' dir='ltr'>ἀντίθετον</span> <span class='ocrx_word' id='word_1_757' title='bbox 2438 5180 2610 5247; x_wconf 82' lang='grc' dir='ltr'>κάτω,</span> <span class='ocrx_word' id='word_1_758' title='bbox 2672 5174 3059 5253; x_wconf 74' lang='grc' dir='ltr'>Ἀριστοτέλης</span> <span class='ocrx_word' id='word_1_759' title='bbox 3112 5173 3170 5231; x_wconf 73' lang='grc' dir='ltr'>δὲ</span> <span class='ocrx_word' id='word_1_760' title='bbox 3216 5178 3304 5230; x_wconf 88' lang='grc' dir='ltr'><strong>νῦν</strong></span> <span class='ocrx_word' id='word_1_761' title='bbox 3364 5175 3461 5248; x_wconf 61' lang='grc' dir='ltr'>μὲν</span> <span class='ocrx_word' id='word_1_762' title='bbox 3512 5169 3644 5229; x_wconf 73' lang='grc' dir='ltr'>ὅλον</span> <span class='ocrx_word' id='word_1_763' title='bbox 3692 5170 3783 5226; x_wconf 80' lang='grc' dir='ltr'><strong>τὸν</strong></span> 
     </span>
    </p>
   </div>
   <div class='ocr_carea' id='block_1_113' title="bbox 2128 5258 3786 5350">
    <p class='ocr_par' dir='ltr' id='par_1_113' title="bbox 2128 5258 3786 5350">
     <span class='ocr_line' id='line_1_114' title="bbox 2128 5258 3786 5350; baseline -0.008 -20"><span class='ocrx_word' id='word_1_764' title='bbox 2128 5272 2354 5350; x_wconf 79' lang='grc' dir='ltr'>οὐρανὸν</span> <span class='ocrx_word' id='word_1_765' title='bbox 2385 5269 2496 5326; x_wconf 77' lang='grc' dir='ltr'><strong>ἅνω</strong></span> <span class='ocrx_word' id='word_1_766' title='bbox 2527 5276 2629 5339; x_wconf 84' lang='grc' dir='ltr'><strong>τῆς</strong></span> <span class='ocrx_word' id='word_1_767' title='bbox 2674 5271 2776 5347; x_wconf 76' lang='grc' dir='ltr'>γῆς</span> <span class='ocrx_word' id='word_1_768' title='bbox 2815 5266 3194 5347; x_wconf 72' lang='grc' dir='ltr'>ἀποφαίνεται,</span> <span class='ocrx_word' id='word_1_769' title='bbox 3244 5266 3336 5321; x_wconf 87' lang='grc' dir='ltr'><strong>νῦν</strong></span> <span class='ocrx_word' id='word_1_770' title='bbox 3376 5262 3434 5320; x_wconf 72' lang='grc' dir='ltr'>δὲ</span> <span class='ocrx_word' id='word_1_771' title='bbox 3475 5267 3625 5320; x_wconf 83' lang='grc' dir='ltr'>κάτω</span> <span class='ocrx_word' id='word_1_772' title='bbox 3652 5258 3786 5331; x_wconf 69' lang='grc' dir='ltr'>ἅνω,</span> 
     </span>
    </p>
   </div>
   <div class='ocr_carea' id='block_1_114' title="bbox 2127 5351 3651 5435">
    <p class='ocr_par' dir='ltr' id='par_1_114' title="bbox 2127 5351 3651 5435">
     <span class='ocr_line' id='line_1_115' title="bbox 2127 5351 3651 5435; baseline -0.007 -16"><span class='ocrx_word' id='word_1_773' title='bbox 2127 5364 2274 5433; x_wconf 73' lang='grc' dir='ltr'>πλὴν</span> <span class='ocrx_word' id='word_1_774' title='bbox 2311 5360 2447 5435; x_wconf 77' lang='grc' dir='ltr'>μετὰ</span> <span class='ocrx_word' id='word_1_775' title='bbox 2476 5360 2778 5434; x_wconf 90' lang='grc' dir='ltr'>θαυμασίας</span> <span class='ocrx_word' id='word_1_776' title='bbox 2806 5357 2897 5415; x_wconf 78' lang='grc' dir='ltr'><strong>καὶ</strong></span> <span class='ocrx_word' id='word_1_777' title='bbox 2930 5356 3278 5435; x_wconf 83' lang='grc' dir='ltr'>λογιωτάτης</span> <span class='ocrx_word' id='word_1_778' title='bbox 3304 5351 3651 5429; x_wconf 77' lang='grc' dir='ltr'>ἀποδείξεως.</span> 
     </span>
    </p>
   </div>
   <div class='ocr_carea' id='block_1_115' title="bbox 2311 5623 3606 5708">
    <p class='ocr_par' dir='ltr' id='par_1_115' title="bbox 2311 5623 3606 5708">
     <span class='ocr_line' id='line_1_116' title="bbox 2311 5623 3606 5708; baseline -0.008 -22"><span class='ocrx_word' id='word_1_779' title='bbox 2311 5632 2443 5708; x_wconf 69' lang='grc' dir='ltr'>ρκζῖ</span> <span class='ocrx_word' id='word_1_780' title='bbox 2493 5629 2626 5707; x_wconf 85' lang='grc' dir='ltr'>Ηερὶ</span> <span class='ocrx_word' id='word_1_781' title='bbox 2662 5623 2973 5704; x_wconf 76' lang='grc' dir='ltr'>μεταϐολῆς</span> <span class='ocrx_word' id='word_1_782' title='bbox 3009 5629 3119 5681; x_wconf 81' lang='grc' dir='ltr'><strong>τῶν</strong></span> <span class='ocrx_word' id='word_1_783' title='bbox 3148 5628 3253 5694; x_wconf 79' lang='grc' dir='ltr'><strong>τῆσ</strong></span> <span class='ocrx_word' id='word_1_784' title='bbox 3271 5629 3373 5699; x_wconf 83' lang='grc' dir='ltr'>γῆς</span> <span class='ocrx_word' id='word_1_785' title='bbox 3404 5624 3606 5696; x_wconf 81' lang='grc' dir='ltr'>μερῶν.</span> 
     </span>
    </p>
   </div>
   <div class='ocr_carea' id='block_1_116' title="bbox 2203 5707 3789 5793">
    <p class='ocr_par' dir='ltr' id='par_1_116' title="bbox 2203 5707 3789 5793">
     <span class='ocr_line' id='line_1_117' title="bbox 2203 5707 3789 5793; baseline -0.01 -12"><span class='ocrx_word' id='word_1_786' title='bbox 2203 5707 2554 5781; x_wconf 77' lang='grc' dir='ltr'>Μεταϐάλλει</span> <span class='ocrx_word' id='word_1_787' title='bbox 2602 5720 2671 5775; x_wconf 83' lang='grc' dir='ltr'><strong>τὰ</strong></span> <span class='ocrx_word' id='word_1_788' title='bbox 2731 5720 2869 5793; x_wconf 69' lang='grc' dir='ltr'>μέρη</span> <span class='ocrx_word' id='word_1_789' title='bbox 2902 5723 3004 5786; x_wconf 81' lang='grc' dir='ltr'><strong>τῆς</strong></span> <span class='ocrx_word' id='word_1_790' title='bbox 3053 5718 3156 5792; x_wconf 80' lang='grc' dir='ltr'>γῆς</span> <span class='ocrx_word' id='word_1_791' title='bbox 3197 5714 3337 5769; x_wconf 82' lang='grc' dir='ltr'>κατὰ</span> <span class='ocrx_word' id='word_1_792' title='bbox 3376 5711 3439 5766; x_wconf 84' lang='grc' dir='ltr'>τὸ</span> <span class='ocrx_word' id='word_1_793' title='bbox 3496 5707 3789 5785; x_wconf 76' lang='grc' dir='ltr'>ξηρότερον</span> 
     </span>
    </p>
   </div>
   <div class='ocr_carea' id='block_1_117' title="bbox 2128 5795 3789 5893">
    <p class='ocr_par' dir='ltr' id='par_1_117' title="bbox 2128 5795 3789 5893">
     <span class='ocr_line' id='line_1_118' title="bbox 2128 5795 3789 5893; baseline -0.011 -20"><span class='ocrx_word' id='word_1_794' title='bbox 2128 5813 2221 5873; x_wconf 78' lang='grc' dir='ltr'>καὶ</span> <span class='ocrx_word' id='word_1_795' title='bbox 2282 5812 2599 5893; x_wconf 81' lang='grc' dir='ltr'>ὑγρότερον,</span> <span class='ocrx_word' id='word_1_796' title='bbox 2664 5808 2773 5865; x_wconf 82' lang='grc' dir='ltr'>ἀπὸ</span> <span class='ocrx_word' id='word_1_797' title='bbox 2830 5806 2924 5883; x_wconf 76' lang='grc' dir='ltr'>μὲν</span> <span class='ocrx_word' id='word_1_798' title='bbox 2984 5805 3156 5882; x_wconf 81' lang='grc' dir='ltr'>ὑγροῦ</span> <span class='ocrx_word' id='word_1_799' title='bbox 3213 5795 3477 5879; x_wconf 75' lang='grc' dir='ltr'>ξηρότερα</span> <span class='ocrx_word' id='word_1_800' title='bbox 3530 5798 3789 5880; x_wconf 80' lang='grc' dir='ltr'>γινόμενα</span> 
     </span>
    </p>
   </div>
  </div>
