  <div class='ocr_page' id='page_1' title='image "/cluster/home/n/w/nwhite01/storage/ocr_20150623/122:no.2/coo.31924054870278/390.png"; bbox 0 0 4100 6430; ppageno 0'>
   <div class='ocr_carea' id='block_1_1' title="bbox 299 434 418 495">
    <p class='ocr_par' dir='ltr' id='par_1_1' title="bbox 299 434 418 495">
     <span class='ocr_line' id='line_1_1' title="bbox 299 434 418 495; baseline 0.008 -1"><span class='ocrx_word' id='word_1_1' title='bbox 299 434 418 495; x_wconf 78' lang='lat'>765</span> 
     </span>
    </p>
   </div>
   <div class='ocr_carea' id='block_1_2' title="bbox 1489 431 2537 498">
    <p class='ocr_par' dir='ltr' id='par_1_2' title="bbox 1489 431 2537 498">
     <span class='ocr_line' id='line_1_2' title="bbox 1489 431 2537 498; baseline 0.005 -6"><span class='ocrx_word' id='word_1_2' title='bbox 1489 431 1593 492; x_wconf 88' lang='lat' dir='ltr'><strong>DE</strong></span> <span class='ocrx_word' id='word_1_3' title='bbox 1635 431 2076 497; x_wconf 78' lang='lat' dir='ltr'>OMNIFARIA</span> <span class='ocrx_word' id='word_1_4' title='bbox 2117 435 2537 498; x_wconf 81' lang='lat' dir='ltr'>DOCTRINA.</span> 
     </span>
    </p>
   </div>
   <div class='ocr_carea' id='block_1_3' title="bbox 3608 432 3730 494">
    <p class='ocr_par' dir='ltr' id='par_1_3' title="bbox 3608 432 3730 494">
     <span class='ocr_line' id='line_1_3' title="bbox 3608 432 3730 494; baseline 0 -1"><span class='ocrx_word' id='word_1_5' title='bbox 3608 432 3730 494; x_wconf 77' lang='lat'>768</span> 
     </span>
    </p>
   </div>
   <div class='ocr_carea' id='block_1_4' title="bbox 299 555 1990 642">
    <p class='ocr_par' dir='ltr' id='par_1_4' title="bbox 299 555 1968 638">
     <span class='ocr_line' id='line_1_4' title="bbox 299 555 1968 638; baseline -0.001 -17"><span class='ocrx_word' id='word_1_6' title='bbox 299 560 391 621; x_wconf 72' lang='grc' dir='ltr'>καῖ</span> <span class='ocrx_word' id='word_1_7' title='bbox 449 559 556 617; x_wconf 80' lang='grc' dir='ltr'>ἀπὸ</span> <span class='ocrx_word' id='word_1_8' title='bbox 610 559 807 637; x_wconf 74' lang='grc' dir='ltr'>ξηροῦ·</span> <span class='ocrx_word' id='word_1_9' title='bbox 844 556 1224 638; x_wconf 80' lang='grc' dir='ltr'>ὑγραινόμενα·</span> <span class='ocrx_word' id='word_1_10' title='bbox 1289 555 1590 636; x_wconf 76' lang='grc' dir='ltr'>Συμϐαίνει</span> <span class='ocrx_word' id='word_1_11' title='bbox 1624 560 1682 618; x_wconf 74' lang='grc' dir='ltr'>δὶ</span> <span class='ocrx_word' id='word_1_12' title='bbox 1728 560 1820 618; x_wconf 73' lang='grc' dir='ltr'>καί</span> <span class='ocrx_word' id='word_1_13' title='bbox 1869 565 1968 634; x_wconf 72' lang='grc' dir='ltr'>τὴν</span> 
     </span>
    </p>
   </div>
   <div class='ocr_carea' id='block_1_5' title="bbox 2105 555 3728 642">
    <p class='ocr_par' dir='ltr' id='par_1_5' title="bbox 2105 565 3728 642">
     <span class='ocr_line' id='line_1_5' title="bbox 2105 565 3728 642; baseline -0.001 -19"><span class='ocrx_word' id='word_1_14' title='bbox 2105 568 2366 625; x_wconf 67' lang='lat' dir='ltr'>iumidaa.</span> <span class='ocrx_word' id='word_1_15' title='bbox 2400 569 2701 642; x_wconf 86' lang='lat' dir='ltr'>Contingit</span> <span class='ocrx_word' id='word_1_16' title='bbox 2729 573 2786 627; x_wconf 88' lang='lat' dir='ltr'>et</span> <span class='ocrx_word' id='word_1_17' title='bbox 2809 587 2878 627; x_wconf 85' lang='lat' dir='ltr'>ex</span> <span class='ocrx_word' id='word_1_18' title='bbox 2907 569 3056 628; x_wconf 90' lang='lat' dir='ltr'>mari</span> <span class='ocrx_word' id='word_1_19' title='bbox 3102 569 3225 627; x_wconf 86' lang='lat' dir='ltr'>fieri</span> <span class='ocrx_word' id='word_1_20' title='bbox 3273 573 3491 626; x_wconf 84' lang='lat' dir='ltr'>terram</span> <span class='ocrx_word' id='word_1_21' title='bbox 3541 565 3728 624; x_wconf 89' lang='lat' dir='ltr'>conti-</span> 
     </span>
    </p>
   </div>
   <div class='ocr_carea' id='block_1_6' title="bbox 300 646 1964 726">
    <p class='ocr_par' dir='ltr' id='par_1_6' title="bbox 300 646 1964 726">
     <span class='ocr_line' id='line_1_6' title="bbox 300 646 1964 726; baseline -0.001 -17"><span class='ocrx_word' id='word_1_22' title='bbox 300 651 572 719; x_wconf 82' lang='grc' dir='ltr'>θάλατταν</span> <span class='ocrx_word' id='word_1_23' title='bbox 619 646 998 725; x_wconf 74' lang='grc' dir='ltr'>ἠπειροῦσθαι,</span> <span class='ocrx_word' id='word_1_24' title='bbox 1058 651 1148 704; x_wconf 84' lang='grc' dir='ltr'>καὶ</span> <span class='ocrx_word' id='word_1_25' title='bbox 1204 651 1304 719; x_wconf 80' lang='grc' dir='ltr'>τὴν</span> <span class='ocrx_word' id='word_1_26' title='bbox 1364 647 1594 726; x_wconf 75' lang='grc' dir='ltr'>ἤπειρον</span> <span class='ocrx_word' id='word_1_27' title='bbox 1654 649 1964 707; x_wconf 83' lang='grc' dir='ltr'>θαλαττοῦ-</span> 
     </span>
    </p>
   </div>
   <div class='ocr_carea' id='block_1_7' title="bbox 301 737 1966 816">
    <p class='ocr_par' dir='ltr' id='par_1_7' title="bbox 301 737 1966 816">
     <span class='ocr_line' id='line_1_7' title="bbox 301 737 1966 816; baseline -0.003 -15"><span class='ocrx_word' id='word_1_28' title='bbox 301 755 448 808; x_wconf 85' lang='grc' dir='ltr'>σθαι.</span> <span class='ocrx_word' id='word_1_29' title='bbox 491 741 590 796; x_wconf 84' lang='grc' dir='ltr'>Καὶ</span> <span class='ocrx_word' id='word_1_30' title='bbox 649 738 703 794; x_wconf 83' lang='grc' dir='ltr'>ἐν</span> <span class='ocrx_word' id='word_1_31' title='bbox 769 740 863 813; x_wconf 74' lang='grc' dir='ltr'>μὲν</span> <span class='ocrx_word' id='word_1_32' title='bbox 896 744 975 811; x_wconf 83' lang='grc' dir='ltr'>τῷ</span> <span class='ocrx_word' id='word_1_33' title='bbox 1009 737 1237 814; x_wconf 82' lang='grc' dir='ltr'>μεγάλῳ</span> <span class='ocrx_word' id='word_1_34' title='bbox 1282 745 1516 815; x_wconf 77' lang='grc' dir='ltr'>χειμῶνι</span> <span class='ocrx_word' id='word_1_35' title='bbox 1549 743 1583 810; x_wconf 78' lang='grc' dir='ltr'>ἡ</span> <span class='ocrx_word' id='word_1_36' title='bbox 1617 737 1850 816; x_wconf 77' lang='grc' dir='ltr'>ἤπεερος</span> <span class='ocrx_word' id='word_1_37' title='bbox 1874 744 1966 797; x_wconf 89' lang='grc' dir='ltr'>θα-</span> 
     </span>
    </p>
   </div>
   <div class='ocr_carea' id='block_1_8' title="bbox 303 826 1966 904">
    <p class='ocr_par' dir='ltr' id='par_1_8' title="bbox 303 826 1966 904">
     <span class='ocr_line' id='line_1_8' title="bbox 303 826 1966 904; baseline -0.001 -16"><span class='ocrx_word' id='word_1_38' title='bbox 303 830 620 898; x_wconf 80' lang='grc' dir='ltr'>λαττοῦται,</span> <span class='ocrx_word' id='word_1_39' title='bbox 682 827 733 884; x_wconf 86' lang='grc' dir='ltr'>ἐν</span> <span class='ocrx_word' id='word_1_40' title='bbox 795 826 853 884; x_wconf 77' lang='grc' dir='ltr'>δὲ</span> <span class='ocrx_word' id='word_1_41' title='bbox 880 833 959 902; x_wconf 79' lang='grc' dir='ltr'>τῷ</span> <span class='ocrx_word' id='word_1_42' title='bbox 1016 827 1238 904; x_wconf 82' lang='grc' dir='ltr'>μεγάλῳ</span> <span class='ocrx_word' id='word_1_43' title='bbox 1293 829 1501 904; x_wconf 86' lang='grc' dir='ltr'>θέρειή</span> <span class='ocrx_word' id='word_1_44' title='bbox 1531 828 1774 885; x_wconf 79' lang='grc' dir='ltr'>Θάλασσα</span> <span class='ocrx_word' id='word_1_45' title='bbox 1803 833 1966 902; x_wconf 75' lang='grc' dir='ltr'>ἠπει-</span> 
     </span>
    </p>
   </div>
   <div class='ocr_carea' id='block_1_9' title="bbox 306 918 1969 1000">
    <p class='ocr_par' dir='ltr' id='par_1_9' title="bbox 306 918 1969 1000">
     <span class='ocr_line' id='line_1_9' title="bbox 306 918 1969 1000; baseline -0.002 -22"><span class='ocrx_word' id='word_1_46' title='bbox 306 925 514 1000; x_wconf 77' lang='grc' dir='ltr'>ροῦται·</span> <span class='ocrx_word' id='word_1_47' title='bbox 570 921 638 978; x_wconf 75' lang='grc' dir='ltr'>Οἱ</span> <span class='ocrx_word' id='word_1_48' title='bbox 687 919 750 974; x_wconf 80' lang='grc' dir='ltr'>αὗ</span> <span class='ocrx_word' id='word_1_49' title='bbox 783 919 1026 991; x_wconf 81' lang='grc' dir='ltr'>ποταμοὶ</span> <span class='ocrx_word' id='word_1_50' title='bbox 1078 918 1130 974; x_wconf 79' lang='grc' dir='ltr'>έν</span> <span class='ocrx_word' id='word_1_51' title='bbox 1167 918 1316 990; x_wconf 72' lang='grc' dir='ltr'>αἰτίᾳ</span> <span class='ocrx_word' id='word_1_52' title='bbox 1347 918 1450 973; x_wconf 81' lang='grc' dir='ltr'>εἶσὶ</span> <span class='ocrx_word' id='word_1_53' title='bbox 1480 923 1577 973; x_wconf 78' lang='grc' dir='ltr'>τοῦ</span> <span class='ocrx_word' id='word_1_54' title='bbox 1608 926 1706 989; x_wconf 74' lang='grc' dir='ltr'>τῆν</span> <span class='ocrx_word' id='word_1_55' title='bbox 1739 927 1838 996; x_wconf 80' lang='grc' dir='ltr'>γῆν</span> <span class='ocrx_word' id='word_1_56' title='bbox 1869 927 1969 990; x_wconf 79' lang='grc' dir='ltr'>τῆς</span> 
     </span>
    </p>
   </div>
   <div class='ocr_carea' id='block_1_10' title="bbox 306 1005 1965 1086">
    <p class='ocr_par' dir='ltr' id='par_1_10' title="bbox 306 1005 1965 1086">
     <span class='ocr_line' id='line_1_10' title="bbox 306 1005 1965 1086; baseline -0.004 -17"><span class='ocrx_word' id='word_1_57' title='bbox 306 1011 586 1082; x_wconf 78' lang='grc' dir='ltr'>θαλάσσης</span> <span class='ocrx_word' id='word_1_58' title='bbox 641 1011 996 1086; x_wconf 73' lang='grc' dir='ltr'>γῦμνοῦσθαι.</span> <span class='ocrx_word' id='word_1_59' title='bbox 1063 1005 1476 1082; x_wconf 76' lang='grc' dir='ltr'>Ἐμϐάλλοντες</span> <span class='ocrx_word' id='word_1_60' title='bbox 1533 1011 1633 1085; x_wconf 79' lang='grc' dir='ltr'>γὰρ</span> <span class='ocrx_word' id='word_1_61' title='bbox 1666 1011 1741 1073; x_wconf 79' lang='grc' dir='ltr'>εἷς</span> <span class='ocrx_word' id='word_1_62' title='bbox 1799 1011 1965 1079; x_wconf 65' lang='grc' dir='ltr'>αὐτὴν</span> 
     </span>
    </p>
   </div>
   <div class='ocr_carea' id='block_1_11' title="bbox 304 1097 1971 1178">
    <p class='ocr_par' dir='ltr' id='par_1_11' title="bbox 304 1097 1971 1178">
     <span class='ocr_line' id='line_1_11' title="bbox 304 1097 1971 1178; baseline -0.002 -19"><span class='ocrx_word' id='word_1_63' title='bbox 304 1107 384 1176; x_wconf 80' lang='grc' dir='ltr'>τῷ</span> <span class='ocrx_word' id='word_1_64' title='bbox 440 1099 716 1178; x_wconf 70' lang='grc' dir='ltr'>ἐπιφέρειν</span> <span class='ocrx_word' id='word_1_65' title='bbox 775 1100 876 1168; x_wconf 78' lang='grc' dir='ltr'>τὴν</span> <span class='ocrx_word' id='word_1_66' title='bbox 917 1097 1038 1154; x_wconf 77' lang='grc' dir='ltr'>ἰλὺν</span> <span class='ocrx_word' id='word_1_67' title='bbox 1095 1099 1286 1168; x_wconf 79' lang='grc' dir='ltr'>ἥϊόνας</span> <span class='ocrx_word' id='word_1_68' title='bbox 1354 1103 1594 1171; x_wconf 80' lang='grc' dir='ltr'>ποιοῦσι,</span> <span class='ocrx_word' id='word_1_69' title='bbox 1648 1101 1739 1154; x_wconf 83' lang='grc' dir='ltr'>καὶ</span> <span class='ocrx_word' id='word_1_70' title='bbox 1797 1100 1971 1164; x_wconf 73' lang='grc' dir='ltr'>οὕτως</span> 
     </span>
    </p>
   </div>
   <div class='ocr_carea' id='block_1_12' title="bbox 308 1184 1972 1266">
    <p class='ocr_par' dir='ltr' id='par_1_12' title="bbox 308 1184 1972 1266">
     <span class='ocr_line' id='line_1_12' title="bbox 308 1184 1972 1266; baseline -0.002 -19"><span class='ocrx_word' id='word_1_71' title='bbox 308 1189 667 1266; x_wconf 82' lang='grc' dir='ltr'>ἀπογαιοῦται</span> <span class='ocrx_word' id='word_1_72' title='bbox 729 1190 757 1243; x_wconf 88' lang='grc' dir='ltr'>ὁ</span> <span class='ocrx_word' id='word_1_73' title='bbox 789 1190 1038 1262; x_wconf 81' lang='grc' dir='ltr'>ποταμὸς</span> <span class='ocrx_word' id='word_1_74' title='bbox 1070 1188 1294 1250; x_wconf 72' lang='grc' dir='ltr'>έκεῖνος.</span> <span class='ocrx_word' id='word_1_75' title='bbox 1331 1189 1422 1258; x_wconf 81' lang='grc' dir='ltr'>Μὴ</span> <span class='ocrx_word' id='word_1_76' title='bbox 1481 1184 1866 1252; x_wconf 75' lang='grc' dir='ltr'>εἷσϐἀλλοντες</span> <span class='ocrx_word' id='word_1_77' title='bbox 1916 1187 1972 1244; x_wconf 70' lang='grc' dir='ltr'>δὲ</span> 
     </span>
    </p>
   </div>
   <div class='ocr_carea' id='block_1_13' title="bbox 305 1275 1968 1355">
    <p class='ocr_par' dir='ltr' id='par_1_13' title="bbox 305 1275 1968 1355">
     <span class='ocr_line' id='line_1_13' title="bbox 305 1275 1968 1355; baseline -0.01 -17"><span class='ocrx_word' id='word_1_78' title='bbox 305 1285 524 1338; x_wconf 80' lang='grc' dir='ltr'>ποιοῦσι</span> <span class='ocrx_word' id='word_1_79' title='bbox 555 1281 655 1348; x_wconf 77' lang='grc' dir='ltr'>τὴν</span> <span class='ocrx_word' id='word_1_80' title='bbox 685 1285 786 1355; x_wconf 82' lang='grc' dir='ltr'>γῆν</span> <span class='ocrx_word' id='word_1_81' title='bbox 823 1276 1244 1343; x_wconf 69' lang='grc' dir='ltr'>θαλειττοῦσθαι⁸</span> <span class='ocrx_word' id='word_1_82' title='bbox 1284 1275 1410 1332; x_wconf 88' lang='grc' dir='ltr'>ἀλλ’</span> <span class='ocrx_word' id='word_1_83' title='bbox 1447 1275 1670 1341; x_wconf 71' lang='grc' dir='ltr'>ἐνταῦθα</span> <span class='ocrx_word' id='word_1_84' title='bbox 1709 1278 1968 1353; x_wconf 64' lang='grc' dir='ltr'>ἤπειροι)-</span> 
     </span>
    </p>
   </div>
   <div class='ocr_carea' id='block_1_14' title="bbox 311 1365 1969 1446">
    <p class='ocr_par' dir='ltr' id='par_1_14' title="bbox 311 1365 1969 1446">
     <span class='ocr_line' id='line_1_14' title="bbox 311 1365 1969 1446; baseline -0.004 -19"><span class='ocrx_word' id='word_1_85' title='bbox 311 1370 440 1446; x_wconf 85' lang='grc' dir='ltr'>μένη</span> <span class='ocrx_word' id='word_1_86' title='bbox 472 1371 508 1440; x_wconf 77' lang='grc' dir='ltr'>ἡ</span> <span class='ocrx_word' id='word_1_87' title='bbox 563 1367 824 1437; x_wconf 79' lang='grc' dir='ltr'>θάλασσα,</span> <span class='ocrx_word' id='word_1_88' title='bbox 879 1365 1098 1421; x_wconf 82' lang='grc' dir='ltr'>ὠθεῖται</span> <span class='ocrx_word' id='word_1_89' title='bbox 1150 1365 1227 1429; x_wconf 80' lang='grc' dir='ltr'>εἷς</span> <span class='ocrx_word' id='word_1_90' title='bbox 1256 1369 1356 1436; x_wconf 78' lang='grc' dir='ltr'>τὴν</span> <span class='ocrx_word' id='word_1_91' title='bbox 1400 1368 1686 1441; x_wconf 85' lang='grc' dir='ltr'>ἀντιπέραν</span> <span class='ocrx_word' id='word_1_92' title='bbox 1719 1365 1969 1442; x_wconf 73' lang='grc' dir='ltr'>ἤπειρον,</span> 
     </span>
    </p>
   </div>
   <div class='ocr_carea' id='block_1_15' title="bbox 306 1453 1971 1533">
    <p class='ocr_par' dir='ltr' id='par_1_15' title="bbox 306 1453 1971 1533">
     <span class='ocr_line' id='line_1_15' title="bbox 306 1453 1971 1533; baseline -0.004 -15"><span class='ocrx_word' id='word_1_93' title='bbox 306 1459 397 1518; x_wconf 82' lang='grc' dir='ltr'>καὶ</span> <span class='ocrx_word' id='word_1_94' title='bbox 430 1457 695 1514; x_wconf 81' lang='grc' dir='ltr'>θαλαττοῖ</span> <span class='ocrx_word' id='word_1_95' title='bbox 723 1456 946 1527; x_wconf 78' lang='grc' dir='ltr'>ταύτην·</span> <span class='ocrx_word' id='word_1_96' title='bbox 985 1458 1032 1512; x_wconf 65' lang='grc' dir='ltr'>εἴ</span> <span class='ocrx_word' id='word_1_97' title='bbox 1064 1453 1122 1511; x_wconf 73' lang='grc' dir='ltr'>δὲ</span> <span class='ocrx_word' id='word_1_98' title='bbox 1177 1456 1276 1530; x_wconf 74' lang='grc' dir='ltr'>μὴ,</span> <span class='ocrx_word' id='word_1_99' title='bbox 1334 1455 1656 1511; x_wconf 88' lang='grc' dir='ltr'>παλινοστεῖ</span> <span class='ocrx_word' id='word_1_100' title='bbox 1705 1456 1767 1510; x_wconf 85' lang='grc' dir='ltr'>τὸ</span> <span class='ocrx_word' id='word_1_101' title='bbox 1824 1454 1971 1533; x_wconf 76' lang='grc' dir='ltr'>ὕδωρ</span> 
     </span>
    </p>
   </div>
   <div class='ocr_carea' id='block_1_16' title="bbox 309 1544 1973 1618">
    <p class='ocr_par' dir='ltr' id='par_1_16' title="bbox 309 1544 1973 1618">
     <span class='ocr_line' id='line_1_16' title="bbox 309 1544 1973 1618; baseline -0.002 -13"><span class='ocrx_word' id='word_1_102' title='bbox 309 1551 458 1614; x_wconf 73' lang='grc' dir='ltr'>αὖθις</span> <span class='ocrx_word' id='word_1_103' title='bbox 492 1547 582 1604; x_wconf 68' lang='grc' dir='ltr'>ἐπὶ</span> <span class='ocrx_word' id='word_1_104' title='bbox 613 1547 706 1602; x_wconf 87' lang='grc' dir='ltr'>τὸν</span> <span class='ocrx_word' id='word_1_105' title='bbox 741 1545 940 1602; x_wconf 76' lang='grc' dir='ltr'>οἰκεῖον</span> <span class='ocrx_word' id='word_1_106' title='bbox 972 1545 1166 1618; x_wconf 85' lang='grc' dir='ltr'>τόπον,</span> <span class='ocrx_word' id='word_1_107' title='bbox 1196 1546 1285 1600; x_wconf 78' lang='grc' dir='ltr'>καὶ</span> <span class='ocrx_word' id='word_1_108' title='bbox 1319 1544 1682 1601; x_wconf 81' lang='grc' dir='ltr'>θαλαττοῦται</span> <span class='ocrx_word' id='word_1_109' title='bbox 1714 1545 1879 1601; x_wconf 82' lang='grc' dir='ltr'>πάλιν</span> <span class='ocrx_word' id='word_1_110' title='bbox 1912 1547 1973 1601; x_wconf 88' lang='grc' dir='ltr'>τὸ</span> 
     </span>
    </p>
   </div>
   <div class='ocr_carea' id='block_1_17' title="bbox 312 1636 741 1715">
    <p class='ocr_par' dir='ltr' id='par_1_17' title="bbox 312 1636 741 1715">
     <span class='ocr_line' id='line_1_17' title="bbox 312 1636 741 1715; baseline 0 -19"><span class='ocrx_word' id='word_1_111' title='bbox 312 1636 741 1715; x_wconf 79' lang='grc' dir='ltr'>ἠπειροόμενον.</span> 
     </span>
    </p>
   </div>
   <div class='ocr_carea' id='block_1_18' title="bbox 834 1723 1436 1803">
    <p class='ocr_par' dir='ltr' id='par_1_18' title="bbox 834 1723 1436 1803">
     <span class='ocr_line' id='line_1_18' title="bbox 834 1723 1436 1803; baseline 0.002 -23"><span class='ocrx_word' id='word_1_112' title='bbox 834 1726 974 1803; x_wconf 83' lang='grc' dir='ltr'>ρκη¹.</span> <span class='ocrx_word' id='word_1_113' title='bbox 1009 1723 1143 1801; x_wconf 81' lang='grc' dir='ltr'>Περὶ</span> <span class='ocrx_word' id='word_1_114' title='bbox 1177 1728 1436 1799; x_wconf 83' lang='grc' dir='ltr'>σεισμῶν.</span> 
     </span>
    </p>
   </div>
   <div class='ocr_carea' id='block_1_19' title="bbox 379 1809 1976 1891">
    <p class='ocr_par' dir='ltr' id='par_1_19' title="bbox 379 1809 1976 1891">
     <span class='ocr_line' id='line_1_19' title="bbox 379 1809 1976 1891; baseline -0.005 -16"><span class='ocrx_word' id='word_1_115' title='bbox 379 1819 484 1875; x_wconf 86' lang='grc' dir='ltr'>Ἰὸν</span> <span class='ocrx_word' id='word_1_116' title='bbox 541 1816 763 1890; x_wconf 86' lang='grc' dir='ltr'>σεισμὸν</span> <span class='ocrx_word' id='word_1_117' title='bbox 820 1819 969 1870; x_wconf 83' lang='grc' dir='ltr'>ποιεῖ</span> <span class='ocrx_word' id='word_1_118' title='bbox 1031 1814 1126 1888; x_wconf 80' lang='grc' dir='ltr'>μὶν</span> <span class='ocrx_word' id='word_1_119' title='bbox 1179 1816 1206 1869; x_wconf 77' lang='grc' dir='ltr'>ὁ</span> <span class='ocrx_word' id='word_1_120' title='bbox 1266 1814 1419 1883; x_wconf 86' lang='grc' dir='ltr'>Θεὸς,</span> <span class='ocrx_word' id='word_1_121' title='bbox 1473 1809 1653 1891; x_wconf 81' lang='grc' dir='ltr'>ὥσπερ</span> <span class='ocrx_word' id='word_1_122' title='bbox 1709 1811 1776 1883; x_wconf 80' lang='grc' dir='ltr'>δὴ</span> <span class='ocrx_word' id='word_1_123' title='bbox 1809 1813 1900 1869; x_wconf 87' lang='grc' dir='ltr'>καὶ</span> <span class='ocrx_word' id='word_1_124' title='bbox 1929 1813 1976 1868; x_wconf 88' lang='grc' dir='ltr'>τ’</span> 
     </span>
    </p>
   </div>
   <div class='ocr_carea' id='block_1_20' title="bbox 315 1898 1975 1980">
    <p class='ocr_par' dir='ltr' id='par_1_20' title="bbox 315 1898 1975 1980">
     <span class='ocr_line' id='line_1_20' title="bbox 315 1898 1975 1980; baseline -0.004 -16"><span class='ocrx_word' id='word_1_125' title='bbox 315 1906 458 1964; x_wconf 74' lang='grc' dir='ltr'>ἄλλα</span> <span class='ocrx_word' id='word_1_126' title='bbox 518 1904 842 1980; x_wconf 85' lang='grc' dir='ltr'>σύμπαντα,</span> <span class='ocrx_word' id='word_1_127' title='bbox 901 1903 1038 1958; x_wconf 83' lang='grc' dir='ltr'>κατά</span> <span class='ocrx_word' id='word_1_128' title='bbox 1094 1904 1156 1958; x_wconf 82' lang='grc' dir='ltr'>τὸ</span> <span class='ocrx_word' id='word_1_129' title='bbox 1188 1949 1204 1976; x_wconf 86' lang='grc'>,</span> <span class='ocrx_word' id='word_1_130' title='bbox 1264 1903 1320 1956; x_wconf 72' lang='grc' dir='ltr'>Ὀ</span> <span class='ocrx_word' id='word_1_131' title='bbox 1375 1898 1688 1958; x_wconf 64' lang='grc' dir='ltr'>ἐπιϐλέπων</span> <span class='ocrx_word' id='word_1_132' title='bbox 1740 1901 1828 1958; x_wconf 80' lang='grc' dir='ltr'>ἐπὶ</span> <span class='ocrx_word' id='word_1_133' title='bbox 1875 1903 1975 1971; x_wconf 75' lang='grc' dir='ltr'>τὴν</span> 
     </span>
    </p>
   </div>
   <div class='ocr_carea' id='block_1_21' title="bbox 319 1989 1985 2074">
    <p class='ocr_par' dir='ltr' id='par_1_21' title="bbox 319 1989 1985 2074">
     <span class='ocr_line' id='line_1_21' title="bbox 319 1989 1985 2074; baseline -0.004 -23"><span class='ocrx_word' id='word_1_134' title='bbox 319 2004 444 2074; x_wconf 82' lang='grc' dir='ltr'>γῆν,</span> <span class='ocrx_word' id='word_1_135' title='bbox 501 1995 592 2053; x_wconf 84' lang='grc' dir='ltr'>καὶ</span> <span class='ocrx_word' id='word_1_136' title='bbox 656 1998 828 2051; x_wconf 82' lang='grc' dir='ltr'>ποιῶν</span> <span class='ocrx_word' id='word_1_137' title='bbox 863 1994 1032 2063; x_wconf 77' lang='grc' dir='ltr'>αὐτὴν</span> <span class='ocrx_word' id='word_1_138' title='bbox 1075 1993 1317 2068; x_wconf 76' lang='grc' dir='ltr'>τρέμειν.</span> <span class='ocrx_word' id='word_1_139' title='bbox 1387 1994 1661 2068; x_wconf 77' lang='grc' dir='ltr'>ΙΙροσεχὶς</span> <span class='ocrx_word' id='word_1_140' title='bbox 1704 1989 1762 2047; x_wconf 81' lang='grc' dir='ltr'>δὶ</span> <span class='ocrx_word' id='word_1_141' title='bbox 1789 1991 1985 2046; x_wconf 81' lang='grc' dir='ltr'>τούτου</span> 
     </span>
    </p>
   </div>
   <div class='ocr_carea' id='block_1_22' title="bbox 335 2081 1983 2157">
    <p class='ocr_par' dir='ltr' id='par_1_22' title="bbox 335 2081 1983 2157">
     <span class='ocr_line' id='line_1_22' title="bbox 335 2081 1983 2157; baseline -0.002 -16"><span class='ocrx_word' id='word_1_142' title='bbox 335 2083 502 2141; x_wconf 72' lang='grc' dir='ltr'>α’ίτιον</span> <span class='ocrx_word' id='word_1_143' title='bbox 539 2129 554 2155; x_wconf 90' lang='grc'>,</span> <span class='ocrx_word' id='word_1_144' title='bbox 611 2084 676 2140; x_wconf 87' lang='grc' dir='ltr'>τὸ</span> <span class='ocrx_word' id='word_1_145' title='bbox 737 2081 1192 2157; x_wconf 82' lang='grc' dir='ltr'>ἆναπεμπόμενον</span> <span class='ocrx_word' id='word_1_146' title='bbox 1253 2081 1360 2137; x_wconf 87' lang='grc' dir='ltr'>ἀπὸ</span> <span class='ocrx_word' id='word_1_147' title='bbox 1411 2086 1512 2148; x_wconf 80' lang='grc' dir='ltr'>τῆς</span> <span class='ocrx_word' id='word_1_148' title='bbox 1565 2089 1670 2156; x_wconf 88' lang='grc' dir='ltr'>γῆς</span> <span class='ocrx_word' id='word_1_149' title='bbox 1723 2085 1936 2154; x_wconf 80' lang='grc' dir='ltr'>πνεῦμα</span> <span class='ocrx_word' id='word_1_150' title='bbox 1969 2126 1983 2151; x_wconf 88' lang='grc'>,</span> 
     </span>
    </p>
   </div>
   <div class='ocr_carea' id='block_1_23' title="bbox 337 2169 1987 2250">
    <p class='ocr_par' dir='ltr' id='par_1_23' title="bbox 337 2169 1987 2250">
     <span class='ocr_line' id='line_1_23' title="bbox 337 2169 1987 2250; baseline -0.004 -20"><span class='ocrx_word' id='word_1_151' title='bbox 337 2174 454 2231; x_wconf 75' lang='grc' dir='ltr'>ὅταν</span> <span class='ocrx_word' id='word_1_152' title='bbox 510 2172 642 2230; x_wconf 84' lang='grc' dir='ltr'>εἷ’σω</span> <span class='ocrx_word' id='word_1_153' title='bbox 698 2171 861 2249; x_wconf 81' lang='grc' dir='ltr'>τύχοι</span> <span class='ocrx_word' id='word_1_154' title='bbox 920 2171 1041 2250; x_wconf 65' lang='grc' dir='ltr'>ῥυὲν</span> <span class='ocrx_word' id='word_1_155' title='bbox 1091 2172 1154 2227; x_wconf 86' lang='grc' dir='ltr'>τὸ</span> <span class='ocrx_word' id='word_1_156' title='bbox 1213 2170 1315 2242; x_wconf 78' lang='grc' dir='ltr'>ἔξω</span> <span class='ocrx_word' id='word_1_157' title='bbox 1371 2171 1864 2245; x_wconf 84' lang='grc' dir='ltr'>ἀναθυμιούμενον·</span> <span class='ocrx_word' id='word_1_158' title='bbox 1898 2169 1987 2226; x_wconf 76' lang='grc' dir='ltr'>διὰ</span> 
     </span>
    </p>
   </div>
   <div class='ocr_carea' id='block_1_24' title="bbox 338 2257 1986 2336">
    <p class='ocr_par' dir='ltr' id='par_1_24' title="bbox 338 2257 1986 2336">
     <span class='ocr_line' id='line_1_24' title="bbox 338 2257 1986 2336; baseline -0.003 -17"><span class='ocrx_word' id='word_1_159' title='bbox 338 2267 496 2319; x_wconf 62' lang='lat' dir='ltr'>nam</span> <span class='ocrx_word' id='word_1_160' title='bbox 523 2262 613 2318; x_wconf 80' lang='grc' dir='ltr'>καὶ</span> <span class='ocrx_word' id='word_1_161' title='bbox 644 2261 905 2336; x_wconf 80' lang='grc' dir='ltr'>νηνεμίας</span> <span class='ocrx_word' id='word_1_162' title='bbox 930 2261 1173 2336; x_wconf 88' lang='grc' dir='ltr'>γίνονται</span> <span class='ocrx_word' id='word_1_163' title='bbox 1207 2261 1258 2315; x_wconf 72' lang='grc' dir='ltr'>οἱ</span> <span class='ocrx_word' id='word_1_164' title='bbox 1307 2257 1552 2315; x_wconf 66' lang='grc' dir='ltr'>’πλεῖστοι</span> <span class='ocrx_word' id='word_1_165' title='bbox 1599 2260 1690 2315; x_wconf 82' lang='grc' dir='ltr'>καὶ</span> <span class='ocrx_word' id='word_1_166' title='bbox 1745 2259 1986 2335; x_wconf 88' lang='grc' dir='ltr'>μέγιστοι</span> 
     </span>
    </p>
   </div>
   <div class='ocr_carea' id='block_1_25' title="bbox 335 2349 1983 2427">
    <p class='ocr_par' dir='ltr' id='par_1_25' title="bbox 335 2349 1983 2427">
     <span class='ocr_line' id='line_1_25' title="bbox 335 2349 1983 2427; baseline -0.003 -18"><span class='ocrx_word' id='word_1_167' title='bbox 335 2357 442 2409; x_wconf 78' lang='grc' dir='ltr'>τῶν</span> <span class='ocrx_word' id='word_1_168' title='bbox 470 2357 725 2427; x_wconf 77' lang='grc' dir='ltr'>σεισμῶν,</span> <span class='ocrx_word' id='word_1_169' title='bbox 783 2349 1163 2406; x_wconf 77' lang='grc' dir='ltr'>κατακλείεται</span> <span class='ocrx_word' id='word_1_170' title='bbox 1219 2350 1320 2426; x_wconf 76' lang='grc' dir='ltr'>γὰρ</span> <span class='ocrx_word' id='word_1_171' title='bbox 1375 2353 1674 2415; x_wconf 80' lang='grc' dir='ltr'>τηνικαῦτα</span> <span class='ocrx_word' id='word_1_172' title='bbox 1725 2349 1828 2404; x_wconf 86' lang='grc' dir='ltr'>ὑπὸ</span> <span class='ocrx_word' id='word_1_173' title='bbox 1882 2356 1983 2424; x_wconf 83' lang='grc' dir='ltr'>γῆν</span> 
     </span>
    </p>
   </div>
   <div class='ocr_carea' id='block_1_26' title="bbox 330 2436 1984 2515">
    <p class='ocr_par' dir='ltr' id='par_1_26' title="bbox 330 2436 1984 2515">
     <span class='ocr_line' id='line_1_26' title="bbox 330 2436 1984 2515; baseline -0.002 -17"><span class='ocrx_word' id='word_1_174' title='bbox 330 2443 392 2498; x_wconf 86' lang='grc' dir='ltr'>τὸ</span> <span class='ocrx_word' id='word_1_175' title='bbox 443 2440 611 2498; x_wconf 82' lang='grc' dir='ltr'>α’ίτιον</span> <span class='ocrx_word' id='word_1_176' title='bbox 667 2445 776 2497; x_wconf 82' lang='grc' dir='ltr'>τῶν</span> <span class='ocrx_word' id='word_1_177' title='bbox 827 2444 1088 2512; x_wconf 79' lang='grc' dir='ltr'>σεισμῶν.</span> <span class='ocrx_word' id='word_1_178' title='bbox 1139 2439 1384 2494; x_wconf 88' lang='grc' dir='ltr'>Γίνονται</span> <span class='ocrx_word' id='word_1_179' title='bbox 1417 2436 1473 2494; x_wconf 64' lang='grc' dir='ltr'>δέ</span> <span class='ocrx_word' id='word_1_180' title='bbox 1497 2438 1984 2515; x_wconf 77' lang='grc' dir='ltr'>ἲσχυρότεροιτῶν</span> 
     </span>
    </p>
   </div>
   <div class='ocr_carea' id='block_1_27' title="bbox 327 2526 1983 2606">
    <p class='ocr_par' dir='ltr' id='par_1_27' title="bbox 327 2526 1983 2606">
     <span class='ocr_line' id='line_1_27' title="bbox 327 2526 1983 2606; baseline -0.002 -18"><span class='ocrx_word' id='word_1_181' title='bbox 327 2536 581 2606; x_wconf 79' lang='grc' dir='ltr'>σεισμῶν,</span> <span class='ocrx_word' id='word_1_182' title='bbox 638 2529 776 2587; x_wconf 76' lang='grc' dir='ltr'>ὅπου</span> <span class='ocrx_word' id='word_1_183' title='bbox 825 2532 860 2601; x_wconf 82' lang='grc' dir='ltr'><strong>ἡ</strong></span> <span class='ocrx_word' id='word_1_184' title='bbox 897 2527 1140 2594; x_wconf 81' lang='grc' dir='ltr'>θάλασσα</span> <span class='ocrx_word' id='word_1_185' title='bbox 1171 2526 1388 2604; x_wconf 79' lang='grc' dir='ltr'>ῥοώδης</span> <span class='ocrx_word' id='word_1_186' title='bbox 1417 2529 1510 2584; x_wconf 69' lang='grc' dir='ltr'>καὶ</span> <span class='ocrx_word' id='word_1_187' title='bbox 1541 2531 1575 2598; x_wconf 82' lang='grc' dir='ltr'>ἠ</span> <span class='ocrx_word' id='word_1_188' title='bbox 1609 2530 1768 2604; x_wconf 82' lang='grc' dir='ltr'>χώρα</span> <span class='ocrx_word' id='word_1_189' title='bbox 1799 2531 1983 2606; x_wconf 80' lang='grc' dir='ltr'>σου.φὴ</span> 
     </span>
    </p>
   </div>
   <div class='ocr_carea' id='block_1_28' title="bbox 323 2617 1990 2697">
    <p class='ocr_par' dir='ltr' id='par_1_28' title="bbox 323 2617 1990 2697">
     <span class='ocr_line' id='line_1_28' title="bbox 323 2617 1990 2697; baseline -0.003 -18"><span class='ocrx_word' id='word_1_190' title='bbox 323 2623 412 2679; x_wconf 77' lang='grc' dir='ltr'>καὶ</span> <span class='ocrx_word' id='word_1_191' title='bbox 463 2621 775 2697; x_wconf 80' lang='grc' dir='ltr'>ὕπαντρος.</span> <span class='ocrx_word' id='word_1_192' title='bbox 825 2619 926 2674; x_wconf 86' lang='grc' dir='ltr'>Διά</span> <span class='ocrx_word' id='word_1_193' title='bbox 979 2619 1080 2695; x_wconf 82' lang='grc' dir='ltr'>γὰρ</span> <span class='ocrx_word' id='word_1_194' title='bbox 1137 2619 1238 2687; x_wconf 73' lang='grc' dir='ltr'>τὴν</span> <span class='ocrx_word' id='word_1_195' title='bbox 1288 2617 1614 2693; x_wconf 81' lang='grc' dir='ltr'>στερεότητα</span> <span class='ocrx_word' id='word_1_196' title='bbox 1664 2619 1726 2673; x_wconf 90' lang='grc' dir='ltr'>τὸ</span> <span class='ocrx_word' id='word_1_197' title='bbox 1778 2623 1990 2692; x_wconf 78' lang='grc' dir='ltr'>πνεῦμα</span> 
     </span>
    </p>
   </div>
   <div class='ocr_carea' id='block_1_29' title="bbox 321 2704 1985 2788">
    <p class='ocr_par' dir='ltr' id='par_1_29' title="bbox 321 2704 1985 2788">
     <span class='ocr_line' id='line_1_29' title="bbox 321 2704 1985 2788; baseline -0.003 -22"><span class='ocrx_word' id='word_1_198' title='bbox 321 2710 608 2788; x_wconf 86' lang='grc' dir='ltr'>γινόμενον</span> <span class='ocrx_word' id='word_1_199' title='bbox 633 2706 894 2788; x_wconf 75' lang='grc' dir='ltr'>σφοδρὸν,</span> <span class='ocrx_word' id='word_1_200' title='bbox 929 2706 1142 2781; x_wconf 76' lang='grc' dir='ltr'>μᾶλλον</span> <span class='ocrx_word' id='word_1_201' title='bbox 1173 2705 1304 2762; x_wconf 90' lang='grc' dir='ltr'>σείει</span> <span class='ocrx_word' id='word_1_202' title='bbox 1333 2707 1432 2776; x_wconf 79' lang='grc' dir='ltr'>τὴν</span> <span class='ocrx_word' id='word_1_203' title='bbox 1460 2713 1587 2782; x_wconf 83' lang='grc' dir='ltr'>γῆν.</span> <span class='ocrx_word' id='word_1_204' title='bbox 1622 2704 1690 2764; x_wconf 74' lang='grc' dir='ltr'>Α⁹ί</span> <span class='ocrx_word' id='word_1_205' title='bbox 1717 2728 1776 2762; x_wconf 90' lang='grc' dir='ltr'>τε</span> <span class='ocrx_word' id='word_1_206' title='bbox 1807 2711 1985 2784; x_wconf 82' lang='grc' dir='ltr'>χῶραι</span> 
     </span>
    </p>
   </div>
   <div class='ocr_carea' id='block_1_30' title="bbox 326 2794 1987 2878">
    <p class='ocr_par' dir='ltr' id='par_1_30' title="bbox 326 2794 1987 2878">
     <span class='ocr_line' id='line_1_30' title="bbox 326 2794 1987 2878; baseline -0.004 -20"><span class='ocrx_word' id='word_1_207' title='bbox 326 2800 450 2859; x_wconf 69' lang='grc' dir='ltr'>ὅσαι</span> <span class='ocrx_word' id='word_1_208' title='bbox 491 2798 741 2878; x_wconf 71' lang='grc' dir='ltr'>σομφοὺς</span> <span class='ocrx_word' id='word_1_209' title='bbox 769 2795 960 2875; x_wconf 62' lang='grc' dir='ltr'>ἔχουσι</span> <span class='ocrx_word' id='word_1_210' title='bbox 991 2797 1116 2860; x_wconf 80' lang='grc' dir='ltr'>τοὺς</span> <span class='ocrx_word' id='word_1_211' title='bbox 1137 2796 1284 2852; x_wconf 78' lang='grc' dir='ltr'>κάτω</span> <span class='ocrx_word' id='word_1_212' title='bbox 1314 2795 1544 2868; x_wconf 80' lang='grc' dir='ltr'>τόπους,</span> <span class='ocrx_word' id='word_1_213' title='bbox 1573 2795 1719 2852; x_wconf 77' lang='grc' dir='ltr'>πολὺ</span> <span class='ocrx_word' id='word_1_214' title='bbox 1753 2794 1987 2872; x_wconf 84' lang='grc' dir='ltr'>δεχόμε-</span> 
     </span>
    </p>
   </div>
   <div class='ocr_carea' id='block_1_31' title="bbox 330 2884 1989 2964">
    <p class='ocr_par' dir='ltr' id='par_1_31' title="bbox 330 2884 1989 2964">
     <span class='ocr_line' id='line_1_31' title="bbox 330 2884 1989 2964; baseline -0.002 -18"><span class='ocrx_word' id='word_1_215' title='bbox 330 2913 413 2946; x_wconf 89' lang='grc' dir='ltr'>νοι</span> <span class='ocrx_word' id='word_1_216' title='bbox 444 2894 656 2964; x_wconf 71' lang='grc' dir='ltr'>πνεῦμα</span> <span class='ocrx_word' id='word_1_217' title='bbox 695 2889 922 2945; x_wconf 80' lang='grc' dir='ltr'>σείονται</span> <span class='ocrx_word' id='word_1_218' title='bbox 961 2885 1198 2962; x_wconf 74' lang='grc' dir='ltr'>μᾶλλον,</span> <span class='ocrx_word' id='word_1_219' title='bbox 1235 2888 1317 2943; x_wconf 82' lang='grc' dir='ltr'>ὅτι</span> <span class='ocrx_word' id='word_1_220' title='bbox 1349 2884 1512 2956; x_wconf 78' lang='grc' dir='ltr'>ἥλιος</span> <span class='ocrx_word' id='word_1_221' title='bbox 1555 2884 1855 2963; x_wconf 79' lang='grc' dir='ltr'>ἀχλυώδης</span> <span class='ocrx_word' id='word_1_222' title='bbox 1898 2888 1989 2943; x_wconf 87' lang='grc' dir='ltr'>καὶ</span> 
     </span>
    </p>
   </div>
   <div class='ocr_carea' id='block_1_32' title="bbox 336 2978 1988 3060">
    <p class='ocr_par' dir='ltr' id='par_1_32' title="bbox 336 2978 1988 3060">
     <span class='ocr_line' id='line_1_32' title="bbox 336 2978 1988 3060; baseline -0.001 -22"><span class='ocrx_word' id='word_1_223' title='bbox 336 2982 584 3058; x_wconf 83' lang='grc' dir='ltr'>ἀμαυρὸς</span> <span class='ocrx_word' id='word_1_224' title='bbox 612 2983 733 3038; x_wconf 83' lang='grc' dir='ltr'>τότε</span> <span class='ocrx_word' id='word_1_225' title='bbox 776 2982 1044 3060; x_wconf 77' lang='grc' dir='ltr'>φαίνεται,</span> <span class='ocrx_word' id='word_1_226' title='bbox 1098 2978 1458 3052; x_wconf 74' lang='grc' dir='ltr'>ὑπονόστησιν</span> <span class='ocrx_word' id='word_1_227' title='bbox 1514 2980 1834 3057; x_wconf 70' lang='grc' dir='ltr'>ἀρχομένου</span> <span class='ocrx_word' id='word_1_228' title='bbox 1891 2985 1988 3036; x_wconf 73' lang='grc' dir='ltr'>τοῦ</span> 
     </span>
    </p>
   </div>
   <div class='ocr_carea' id='block_1_33' title="bbox 332 3067 1989 3147">
    <p class='ocr_par' dir='ltr' id='par_1_33' title="bbox 332 3067 1989 3147">
     <span class='ocr_line' id='line_1_33' title="bbox 332 3067 1989 3147; baseline -0.004 -17"><span class='ocrx_word' id='word_1_229' title='bbox 332 3071 649 3146; x_wconf 77' lang='grc' dir='ltr'>πνεύματος</span> <span class='ocrx_word' id='word_1_230' title='bbox 672 3069 745 3134; x_wconf 79' lang='grc' dir='ltr'>εἷς</span> <span class='ocrx_word' id='word_1_231' title='bbox 775 3073 870 3142; x_wconf 73' lang='grc' dir='ltr'>τήν</span> <span class='ocrx_word' id='word_1_232' title='bbox 901 3077 1004 3147; x_wconf 86' lang='grc' dir='ltr'>γῆν</span> <span class='ocrx_word' id='word_1_233' title='bbox 1053 3074 1153 3126; x_wconf 73' lang='grc' dir='ltr'>τοῦ</span> <span class='ocrx_word' id='word_1_234' title='bbox 1203 3067 1524 3134; x_wconf 74' lang='grc' dir='ltr'>διαλύοντος</span> <span class='ocrx_word' id='word_1_235' title='bbox 1570 3070 1663 3125; x_wconf 88' lang='grc' dir='ltr'>τὸν</span> <span class='ocrx_word' id='word_1_236' title='bbox 1721 3070 1851 3146; x_wconf 78' lang='grc' dir='ltr'>ἀέρα</span> <span class='ocrx_word' id='word_1_237' title='bbox 1900 3068 1989 3125; x_wconf 83' lang='grc' dir='ltr'>καὶ</span> 
     </span>
    </p>
   </div>
   <div class='ocr_carea' id='block_1_34' title="bbox 334 3160 732 3240">
    <p class='ocr_par' dir='ltr' id='par_1_34' title="bbox 334 3160 732 3240">
     <span class='ocr_line' id='line_1_34' title="bbox 334 3160 732 3240; baseline -0.01 -21"><span class='ocrx_word' id='word_1_238' title='bbox 334 3160 732 3240; x_wconf 84' lang='grc' dir='ltr'>διακρίνοντος.</span> 
     </span>
    </p>
   </div>
   <div class='ocr_carea' id='block_1_35' title="bbox 645 3264 1679 3345">
    <p class='ocr_par' dir='ltr' id='par_1_35' title="bbox 645 3264 1679 3345">
     <span class='ocr_line' id='line_1_35' title="bbox 645 3264 1679 3345; baseline 0.002 -23"><span class='ocrx_word' id='word_1_239' title='bbox 645 3268 775 3344; x_wconf 88' lang='grc' dir='ltr'>ρκθ’.</span> <span class='ocrx_word' id='word_1_240' title='bbox 803 3268 935 3345; x_wconf 86' lang='grc' dir='ltr'>Περὶ</span> <span class='ocrx_word' id='word_1_241' title='bbox 965 3271 1062 3323; x_wconf 79' lang='grc' dir='ltr'>τοῦ</span> <span class='ocrx_word' id='word_1_242' title='bbox 1090 3264 1338 3342; x_wconf 86' lang='grc' dir='ltr'>μεγάλου</span> <span class='ocrx_word' id='word_1_243' title='bbox 1376 3271 1679 3342; x_wconf 75' lang='grc' dir='ltr'>χειμῶνος.</span> 
     </span>
    </p>
   </div>
   <div class='ocr_carea' id='block_1_36' title="bbox 2078 655 3731 728">
    <p class='ocr_par' dir='ltr' id='par_1_36' title="bbox 2078 655 3731 728">
     <span class='ocr_line' id='line_1_36' title="bbox 2078 655 3731 728; baseline -0.002 -14"><span class='ocrx_word' id='word_1_244' title='bbox 2078 662 2338 728; x_wconf 89' lang='lat' dir='ltr'>nentem,</span> <span class='ocrx_word' id='word_1_245' title='bbox 2393 663 2451 713; x_wconf 85' lang='lat' dir='ltr'>et</span> <span class='ocrx_word' id='word_1_246' title='bbox 2502 663 2718 714; x_wconf 89' lang='lat' dir='ltr'>terram</span> <span class='ocrx_word' id='word_1_247' title='bbox 2769 660 2985 716; x_wconf 87' lang='lat' dir='ltr'>mutari</span> <span class='ocrx_word' id='word_1_248' title='bbox 3034 661 3092 714; x_wconf 92' lang='lat' dir='ltr'>in</span> <span class='ocrx_word' id='word_1_249' title='bbox 3143 676 3325 715; x_wconf 90' lang='lat' dir='ltr'>mare.</span> <span class='ocrx_word' id='word_1_250' title='bbox 3374 659 3520 712; x_wconf 90' lang='lat' dir='ltr'>Nam</span> <span class='ocrx_word' id='word_1_251' title='bbox 3570 661 3626 712; x_wconf 92' lang='lat' dir='ltr'>et</span> <span class='ocrx_word' id='word_1_252' title='bbox 3669 655 3731 710; x_wconf 90' lang='lat' dir='ltr'>in</span> 
     </span>
    </p>
   </div>
   <div class='ocr_carea' id='block_1_37' title="bbox 2079 747 3732 819">
    <p class='ocr_par' dir='ltr' id='par_1_37' title="bbox 2079 747 3732 819">
     <span class='ocr_line' id='line_1_37' title="bbox 2079 747 3732 819; baseline -0.002 -16"><span class='ocrx_word' id='word_1_253' title='bbox 2079 764 2296 819; x_wconf 87' lang='lat' dir='ltr'>magna</span> <span class='ocrx_word' id='word_1_254' title='bbox 2325 748 2519 803; x_wconf 90' lang='lat' dir='ltr'>hieme</span> <span class='ocrx_word' id='word_1_255' title='bbox 2552 749 2699 802; x_wconf 88' lang='lat' dir='ltr'>mari</span> <span class='ocrx_word' id='word_1_256' title='bbox 2751 756 2908 804; x_wconf 89' lang='lat' dir='ltr'>terra</span> <span class='ocrx_word' id='word_1_257' title='bbox 2957 751 3249 815; x_wconf 83' lang='lat' dir='ltr'>obruitur,</span> <span class='ocrx_word' id='word_1_258' title='bbox 3301 753 3357 803; x_wconf 85' lang='lat' dir='ltr'>et</span> <span class='ocrx_word' id='word_1_259' title='bbox 3402 747 3462 801; x_wconf 91' lang='lat' dir='ltr'>in</span> <span class='ocrx_word' id='word_1_260' title='bbox 3513 762 3732 818; x_wconf 86' lang='lat' dir='ltr'>magna</span> 
     </span>
    </p>
   </div>
   <div class='ocr_carea' id='block_1_38' title="bbox 2079 836 3732 909">
    <p class='ocr_par' dir='ltr' id='par_1_38' title="bbox 2079 836 3732 909">
     <span class='ocr_line' id='line_1_38' title="bbox 2079 836 3732 909; baseline -0.003 -16"><span class='ocrx_word' id='word_1_261' title='bbox 2079 842 2279 893; x_wconf 68' lang='lat' dir='ltr'>aestate</span> <span class='ocrx_word' id='word_1_262' title='bbox 2330 854 2491 891; x_wconf 89' lang='lat' dir='ltr'>mare</span> <span class='ocrx_word' id='word_1_263' title='bbox 2541 837 2888 894; x_wconf 86' lang='lat' dir='ltr'>exsiccatur.</span> <span class='ocrx_word' id='word_1_264' title='bbox 2943 837 3128 894; x_wconf 82' lang='lat' dir='ltr'>Fluvii</span> <span class='ocrx_word' id='word_1_265' title='bbox 3175 853 3404 909; x_wconf 90' lang='lat' dir='ltr'>quoque</span> <span class='ocrx_word' id='word_1_266' title='bbox 3453 836 3512 889; x_wconf 92' lang='lat' dir='ltr'>in</span> <span class='ocrx_word' id='word_1_267' title='bbox 3553 850 3732 889; x_wconf 89' lang='lat' dir='ltr'>causa</span> 
     </span>
    </p>
   </div>
   <div class='ocr_carea' id='block_1_39' title="bbox 2080 923 3728 982">
    <p class='ocr_par' dir='ltr' id='par_1_39' title="bbox 2080 923 3728 982">
     <span class='ocr_line' id='line_1_39' title="bbox 2080 923 3728 982; baseline -0.004 0"><span class='ocrx_word' id='word_1_268' title='bbox 2080 931 2220 982; x_wconf 87' lang='lat' dir='ltr'>sunt</span> <span class='ocrx_word' id='word_1_269' title='bbox 2253 932 2314 981; x_wconf 91' lang='lat' dir='ltr'>ut</span> <span class='ocrx_word' id='word_1_270' title='bbox 2349 927 2490 982; x_wconf 79' lang='lat' dir='ltr'>mari</span> <span class='ocrx_word' id='word_1_271' title='bbox 2535 929 2792 982; x_wconf 89' lang='lat' dir='ltr'>nudetur</span> <span class='ocrx_word' id='word_1_272' title='bbox 2840 933 3040 982; x_wconf 85' lang='lat' dir='ltr'>terra:</span> <span class='ocrx_word' id='word_1_273' title='bbox 3075 928 3217 982; x_wconf 90' lang='lat' dir='ltr'>dum</span> <span class='ocrx_word' id='word_1_274' title='bbox 3263 925 3418 980; x_wconf 87' lang='lat' dir='ltr'>enim</span> <span class='ocrx_word' id='word_1_275' title='bbox 3475 924 3534 978; x_wconf 92' lang='lat' dir='ltr'>in</span> <span class='ocrx_word' id='word_1_276' title='bbox 3584 923 3728 978; x_wconf 92' lang='lat' dir='ltr'>illud</span> 
     </span>
    </p>
   </div>
   <div class='ocr_carea' id='block_1_40' title="bbox 2079 1014 3733 1088">
    <p class='ocr_par' dir='ltr' id='par_1_40' title="bbox 2079 1014 3733 1088">
     <span class='ocr_line' id='line_1_40' title="bbox 2079 1014 3733 1088; baseline -0.004 -17"><span class='ocrx_word' id='word_1_277' title='bbox 2079 1017 2336 1072; x_wconf 83' lang='lat' dir='ltr'>inﬂuunt</span> <span class='ocrx_word' id='word_1_278' title='bbox 2368 1034 2688 1088; x_wconf 77' lang='lat' dir='ltr'>secumque</span> <span class='ocrx_word' id='word_1_279' title='bbox 2719 1018 3025 1073; x_wconf 88' lang='lat' dir='ltr'>adducunt</span> <span class='ocrx_word' id='word_1_280' title='bbox 3055 1015 3466 1079; x_wconf 88' lang='lat' dir='ltr'>limum,littus</span> <span class='ocrx_word' id='word_1_281' title='bbox 3498 1014 3733 1080; x_wconf 82' lang='lat' dir='ltr'>augent,</span> 
     </span>
    </p>
   </div>
   <div class='ocr_carea' id='block_1_41' title="bbox 2079 1099 3727 1178">
    <p class='ocr_par' dir='ltr' id='par_1_41' title="bbox 2079 1099 3727 1178">
     <span class='ocr_line' id='line_1_41' title="bbox 2079 1099 3727 1178; baseline -0.006 -15"><span class='ocrx_word' id='word_1_282' title='bbox 2079 1125 2193 1177; x_wconf 87' lang='lat' dir='ltr'>qua</span> <span class='ocrx_word' id='word_1_283' title='bbox 2225 1107 2446 1161; x_wconf 78' lang='lat' dir='ltr'>ratione</span> <span class='ocrx_word' id='word_1_284' title='bbox 2477 1107 2649 1161; x_wconf 88' lang='lat' dir='ltr'>etiam</span> <span class='ocrx_word' id='word_1_285' title='bbox 2683 1107 2896 1163; x_wconf 85' lang='lat' dir='ltr'>ﬂuvius</span> <span class='ocrx_word' id='word_1_286' title='bbox 2926 1105 3218 1178; x_wconf 83' lang='lat' dir='ltr'>ejusmodi</span> <span class='ocrx_word' id='word_1_287' title='bbox 3249 1105 3309 1159; x_wconf 88' lang='lat' dir='ltr'>in</span> <span class='ocrx_word' id='word_1_288' title='bbox 3339 1109 3553 1158; x_wconf 87' lang='lat' dir='ltr'>terram</span> <span class='ocrx_word' id='word_1_289' title='bbox 3584 1099 3727 1167; x_wconf 90' lang='lat' dir='ltr'>abit;</span> 
     </span>
    </p>
   </div>
   <div class='ocr_carea' id='block_1_42' title="bbox 2081 1188 3727 1266">
    <p class='ocr_par' dir='ltr' id='par_1_42' title="bbox 2081 1188 3727 1266">
     <span class='ocr_line' id='line_1_42' title="bbox 2081 1188 3727 1266; baseline -0.005 -14"><span class='ocrx_word' id='word_1_290' title='bbox 2081 1198 2171 1252; x_wconf 90' lang='lat' dir='ltr'>sin</span> <span class='ocrx_word' id='word_1_291' title='bbox 2204 1213 2336 1250; x_wconf 86' lang='lat' dir='ltr'>vero</span> <span class='ocrx_word' id='word_1_292' title='bbox 2370 1213 2483 1250; x_wconf 90' lang='lat' dir='ltr'>non</span> <span class='ocrx_word' id='word_1_293' title='bbox 2516 1196 3015 1266; x_wconf 77' lang='lat' dir='ltr'>inﬂuant,t‘aciunt</span> <span class='ocrx_word' id='word_1_294' title='bbox 3045 1201 3284 1264; x_wconf 88' lang='lat' dir='ltr'>terram,</span> <span class='ocrx_word' id='word_1_295' title='bbox 3316 1193 3463 1249; x_wconf 84' lang='lat' dir='ltr'>mari</span> <span class='ocrx_word' id='word_1_296' title='bbox 3494 1188 3727 1247; x_wconf 89' lang='lat' dir='ltr'>obduci.</span> 
     </span>
    </p>
   </div>
   <div class='ocr_carea' id='block_1_43' title="bbox 2082 1279 3729 1343">
    <p class='ocr_par' dir='ltr' id='par_1_43' title="bbox 2082 1279 3729 1343">
     <span class='ocr_line' id='line_1_43' title="bbox 2082 1279 3729 1343; baseline -0.006 0"><span class='ocrx_word' id='word_1_297' title='bbox 2082 1287 2192 1343; x_wconf 89' lang='lat' dir='ltr'>Sed</span> <span class='ocrx_word' id='word_1_298' title='bbox 2229 1292 2349 1342; x_wconf 88' lang='lat' dir='ltr'>tum</span> <span class='ocrx_word' id='word_1_299' title='bbox 2401 1303 2562 1342; x_wconf 85' lang='lat' dir='ltr'>mare</span> <span class='ocrx_word' id='word_1_300' title='bbox 2610 1286 2934 1342; x_wconf 84' lang='lat' dir='ltr'>continenti</span> <span class='ocrx_word' id='word_1_301' title='bbox 2983 1287 3195 1342; x_wconf 83' lang='lat' dir='ltr'>cedens</span> <span class='ocrx_word' id='word_1_302' title='bbox 3244 1285 3317 1340; x_wconf 88' lang='lat' dir='ltr'>ad</span> <span class='ocrx_word' id='word_1_303' title='bbox 3367 1279 3729 1339; x_wconf 89' lang='lat' dir='ltr'>contrarium</span> 
     </span>
    </p>
   </div>
   <div class='ocr_carea' id='block_1_44' title="bbox 2082 1367 3731 1447">
    <p class='ocr_par' dir='ltr' id='par_1_44' title="bbox 2082 1367 3731 1447">
     <span class='ocr_line' id='line_1_44' title="bbox 2082 1367 3731 1447; baseline -0.005 -16"><span class='ocrx_word' id='word_1_304' title='bbox 2082 1376 2249 1431; x_wconf 79' lang='lat' dir='ltr'>littus</span> <span class='ocrx_word' id='word_1_305' title='bbox 2282 1375 2513 1447; x_wconf 84' lang='lat' dir='ltr'>pellitur</span> <span class='ocrx_word' id='word_1_306' title='bbox 2544 1375 2722 1447; x_wconf 86' lang='lat' dir='ltr'>idque</span> <span class='ocrx_word' id='word_1_307' title='bbox 2771 1376 2968 1431; x_wconf 79' lang='lat' dir='ltr'>obruit</span> <span class='ocrx_word' id='word_1_308' title='bbox 3002 1394 3014 1431; x_wconf 94' lang='lat'>:</span> <span class='ocrx_word' id='word_1_309' title='bbox 3049 1376 3201 1447; x_wconf 90' lang='lat' dir='ltr'>quod</span> <span class='ocrx_word' id='word_1_310' title='bbox 3256 1374 3305 1430; x_wconf 90' lang='lat' dir='ltr'>si</span> <span class='ocrx_word' id='word_1_311' title='bbox 3355 1390 3469 1428; x_wconf 92' lang='lat' dir='ltr'>non</span> <span class='ocrx_word' id='word_1_312' title='bbox 3521 1367 3731 1442; x_wconf 82' lang='lat' dir='ltr'>possit,</span> 
     </span>
    </p>
   </div>
   <div class='ocr_carea' id='block_1_45' title="bbox 2085 1463 3736 1535">
    <p class='ocr_par' dir='ltr' id='par_1_45' title="bbox 2085 1463 3736 1535">
     <span class='ocr_line' id='line_1_45' title="bbox 2085 1463 3736 1535; baseline -0.007 -13"><span class='ocrx_word' id='word_1_313' title='bbox 2085 1467 2335 1522; x_wconf 80' lang='lat' dir='ltr'>recurrit</span> <span class='ocrx_word' id='word_1_314' title='bbox 2365 1465 2579 1521; x_wconf 83' lang='lat' dir='ltr'>iterum</span> <span class='ocrx_word' id='word_1_315' title='bbox 2615 1466 2683 1520; x_wconf 89' lang='lat' dir='ltr'>ad</span> <span class='ocrx_word' id='word_1_316' title='bbox 2715 1482 2890 1521; x_wconf 90' lang='lat' dir='ltr'>suum</span> <span class='ocrx_word' id='word_1_317' title='bbox 2922 1465 3138 1533; x_wconf 89' lang='lat' dir='ltr'>locum,</span> <span class='ocrx_word' id='word_1_318' title='bbox 3174 1469 3230 1519; x_wconf 86' lang='lat' dir='ltr'>et</span> <span class='ocrx_word' id='word_1_319' title='bbox 3261 1480 3387 1535; x_wconf 76' lang='lat' dir='ltr'>quae</span> <span class='ocrx_word' id='word_1_320' title='bbox 3411 1463 3537 1532; x_wconf 89' lang='lat' dir='ltr'>jam</span> <span class='ocrx_word' id='word_1_321' title='bbox 3581 1464 3736 1514; x_wconf 89' lang='lat' dir='ltr'>terra</span> 
     </span>
    </p>
   </div>
   <div class='ocr_carea' id='block_1_46' title="bbox 2086 1552 3734 1627">
    <p class='ocr_par' dir='ltr' id='par_1_46' title="bbox 2086 1552 3734 1627">
     <span class='ocr_line' id='line_1_46' title="bbox 2086 1552 3734 1627; baseline -0.005 -16"><span class='ocrx_word' id='word_1_322' title='bbox 2086 1557 2393 1612; x_wconf 84' lang='lat' dir='ltr'>continens</span> <span class='ocrx_word' id='word_1_323' title='bbox 2425 1556 2578 1610; x_wconf 82' lang='lat' dir='ltr'>facta</span> <span class='ocrx_word' id='word_1_324' title='bbox 2607 1560 2751 1627; x_wconf 88' lang='lat' dir='ltr'>erat,</span> <span class='ocrx_word' id='word_1_325' title='bbox 2785 1554 2949 1610; x_wconf 88' lang='lat' dir='ltr'>illam</span> <span class='ocrx_word' id='word_1_326' title='bbox 2981 1557 3192 1610; x_wconf 85' lang='lat' dir='ltr'>iterum</span> <span class='ocrx_word' id='word_1_327' title='bbox 3226 1552 3424 1625; x_wconf 83' lang='lat' dir='ltr'>opplet</span> <span class='ocrx_word' id='word_1_328' title='bbox 3453 1555 3511 1606; x_wconf 90' lang='lat' dir='ltr'>et</span> <span class='ocrx_word' id='word_1_329' title='bbox 3559 1563 3734 1604; x_wconf 86' lang='lat' dir='ltr'>occu-</span> 
     </span>
    </p>
   </div>
   <div class='ocr_carea' id='block_1_47' title="bbox 2087 1651 2207 1719">
    <p class='ocr_par' dir='ltr' id='par_1_47' title="bbox 2087 1651 2207 1719">
     <span class='ocr_line' id='line_1_47' title="bbox 2087 1651 2207 1719; baseline -0.008 -18"><span class='ocrx_word' id='word_1_330' title='bbox 2087 1651 2207 1719; x_wconf 88' lang='lat' dir='ltr'>pat.</span> 
     </span>
    </p>
   </div>
   <div class='ocr_carea' id='block_1_48' title="bbox 2553 1735 3260 1792">
    <p class='ocr_par' dir='ltr' id='par_1_48' title="bbox 2553 1735 3260 1792">
     <span class='ocr_line' id='line_1_48' title="bbox 2553 1735 3260 1792; baseline -0.004 -3"><span class='ocrx_word' id='word_1_331' title='bbox 2553 1736 2674 1790; x_wconf 84' lang='grc'>128.</span> <span class='ocrx_word' id='word_1_332' title='bbox 2710 1736 2780 1791; x_wconf 83' lang='lat' dir='ltr'>De</span> <span class='ocrx_word' id='word_1_333' title='bbox 2807 1738 2974 1792; x_wconf 69' lang='lat' dir='ltr'>terra:</span> <span class='ocrx_word' id='word_1_334' title='bbox 3001 1735 3260 1791; x_wconf 80' lang='lat' dir='ltr'>molibus.</span> 
     </span>
    </p>
   </div>
   <div class='ocr_carea' id='block_1_49' title="bbox 2158 1823 3742 1894">
    <p class='ocr_par' dir='ltr' id='par_1_49' title="bbox 2158 1823 3742 1894">
     <span class='ocr_line' id='line_1_49' title="bbox 2158 1823 3742 1894; baseline -0.004 -13"><span class='ocrx_word' id='word_1_335' title='bbox 2158 1830 2566 1894; x_wconf 85' lang='lat' dir='ltr'>Terraemotus,</span> <span class='ocrx_word' id='word_1_336' title='bbox 2597 1832 2662 1881; x_wconf 92' lang='lat' dir='ltr'>ut</span> <span class='ocrx_word' id='word_1_337' title='bbox 2708 1827 2972 1881; x_wconf 87' lang='lat' dir='ltr'>omnium</span> <span class='ocrx_word' id='word_1_338' title='bbox 3020 1824 3079 1879; x_wconf 92' lang='lat' dir='ltr'>in</span> <span class='ocrx_word' id='word_1_339' title='bbox 3129 1829 3364 1892; x_wconf 89' lang='lat' dir='ltr'>natura,</span> <span class='ocrx_word' id='word_1_340' title='bbox 3405 1829 3608 1877; x_wconf 81' lang='lat' dir='ltr'>auctor</span> <span class='ocrx_word' id='word_1_341' title='bbox 3653 1823 3742 1876; x_wconf 89' lang='lat' dir='ltr'>est</span> 
     </span>
    </p>
   </div>
   <div class='ocr_carea' id='block_1_50' title="bbox 2016 1913 3737 2016">
    <p class='ocr_par' dir='ltr' id='par_1_50' title="bbox 2016 1913 3737 2016">
     <span class='ocr_line' id='line_1_50' title="bbox 2016 1913 3737 2016; baseline -0.004 -45"><span class='ocrx_word' id='word_1_342' title='bbox 2016 1951 2062 2016; x_wconf 79' lang='grc' dir='ltr'><strong>Β</strong></span> <span class='ocrx_word' id='word_1_343' title='bbox 2090 1915 2262 1979; x_wconf 89' lang='lat' dir='ltr'>Deus,</span> <span class='ocrx_word' id='word_1_344' title='bbox 2296 1916 2620 1970; x_wconf 86' lang='lat' dir='ltr'>secundum</span> <span class='ocrx_word' id='word_1_345' title='bbox 2656 1913 2798 1969; x_wconf 90' lang='lat' dir='ltr'>illud</span> <span class='ocrx_word' id='word_1_346' title='bbox 2833 1916 2911 1986; x_wconf 88' lang='lat'>(9)</span> <span class='ocrx_word' id='word_1_347' title='bbox 2947 1931 2959 1968; x_wconf 93' lang='lat'><strong>:</strong></span> <span class='ocrx_word' id='word_1_348' title='bbox 2995 1915 3105 1982; x_wconf 79' lang='lat' dir='ltr'>Qui</span> <span class='ocrx_word' id='word_1_349' title='bbox 3142 1914 3361 1984; x_wconf 74' lang='lat' dir='ltr'>respicit</span> <span class='ocrx_word' id='word_1_350' title='bbox 3401 1913 3460 1966; x_wconf 78' lang='lat' dir='ltr'>in</span> <span class='ocrx_word' id='word_1_351' title='bbox 3506 1919 3737 1976; x_wconf 80' lang='lat' dir='ltr'>terram,</span> 
     </span>
    </p>
   </div>
   <div class='ocr_carea' id='block_1_51' title="bbox 2094 1999 3742 2076">
    <p class='ocr_par' dir='ltr' id='par_1_51' title="bbox 2094 1999 3742 2076">
     <span class='ocr_line' id='line_1_51' title="bbox 2094 1999 3742 2076; baseline -0.005 -15"><span class='ocrx_word' id='word_1_352' title='bbox 2094 2007 2339 2076; x_wconf 77' lang='lat' dir='ltr'>facitque</span> <span class='ocrx_word' id='word_1_353' title='bbox 2357 2021 2480 2059; x_wconf 81' lang='lat' dir='ltr'>eam</span> <span class='ocrx_word' id='word_1_354' title='bbox 2500 2004 2866 2060; x_wconf 79' lang='lat' dir='ltr'>tremere.Sed</span> <span class='ocrx_word' id='word_1_355' title='bbox 2895 2006 3159 2075; x_wconf 83' lang='lat' dir='ltr'>proxima</span> <span class='ocrx_word' id='word_1_356' title='bbox 3179 2019 3356 2058; x_wconf 87' lang='lat' dir='ltr'>causa</span> <span class='ocrx_word' id='word_1_357' title='bbox 3376 2005 3465 2057; x_wconf 90' lang='lat' dir='ltr'>est</span> <span class='ocrx_word' id='word_1_358' title='bbox 3486 1999 3742 2054; x_wconf 89' lang='lat' dir='ltr'>emissus</span> 
     </span>
    </p>
   </div>
   <div class='ocr_carea' id='block_1_52' title="bbox 2097 2088 3748 2164">
    <p class='ocr_par' dir='ltr' id='par_1_52' title="bbox 2097 2088 3748 2164">
     <span class='ocr_line' id='line_1_52' title="bbox 2097 2088 3748 2164; baseline -0.004 -15"><span class='ocrx_word' id='word_1_359' title='bbox 2097 2109 2163 2149; x_wconf 83' lang='lat' dir='ltr'>ex</span> <span class='ocrx_word' id='word_1_360' title='bbox 2195 2098 2349 2148; x_wconf 87' lang='lat' dir='ltr'>terra</span> <span class='ocrx_word' id='word_1_361' title='bbox 2378 2098 2611 2162; x_wconf 84' lang='lat' dir='ltr'>ventus,</span> <span class='ocrx_word' id='word_1_362' title='bbox 2645 2093 2881 2163; x_wconf 79' lang='lat' dir='ltr'>quando</span> <span class='ocrx_word' id='word_1_363' title='bbox 2911 2093 3072 2147; x_wconf 90' lang='lat' dir='ltr'>intus</span> <span class='ocrx_word' id='word_1_364' title='bbox 3103 2091 3307 2164; x_wconf 81' lang='lat' dir='ltr'>agitari</span> <span class='ocrx_word' id='word_1_365' title='bbox 3339 2088 3625 2161; x_wconf 86' lang='lat' dir='ltr'>contingit</span> <span class='ocrx_word' id='word_1_366' title='bbox 3654 2105 3748 2143; x_wconf 89' lang='lat' dir='ltr'>va-</span> 
     </span>
    </p>
   </div>
   <div class='ocr_carea' id='block_1_53' title="bbox 2097 2178 3746 2255">
    <p class='ocr_par' dir='ltr' id='par_1_53' title="bbox 2097 2178 3746 2255">
     <span class='ocr_line' id='line_1_53' title="bbox 2097 2178 3746 2255; baseline -0.004 -17"><span class='ocrx_word' id='word_1_367' title='bbox 2097 2199 2268 2255; x_wconf 90' lang='lat' dir='ltr'>pores</span> <span class='ocrx_word' id='word_1_368' title='bbox 2295 2182 2551 2238; x_wconf 75' lang='lat' dir='ltr'>exhalari</span> <span class='ocrx_word' id='word_1_369' title='bbox 2584 2183 2810 2252; x_wconf 84' lang='lat' dir='ltr'>solitos,</span> <span class='ocrx_word' id='word_1_370' title='bbox 2844 2182 3228 2252; x_wconf 81' lang='lat' dir='ltr'>quamobrem</span> <span class='ocrx_word' id='word_1_371' title='bbox 3262 2185 3320 2236; x_wconf 88' lang='lat' dir='ltr'>et</span> <span class='ocrx_word' id='word_1_372' title='bbox 3348 2178 3746 2236; x_wconf 85' lang='lat' dir='ltr'>vehementis-</span> 
     </span>
    </p>
   </div>
   <div class='ocr_carea' id='block_1_54' title="bbox 2098 2268 3746 2339">
    <p class='ocr_par' dir='ltr' id='par_1_54' title="bbox 2098 2268 3746 2339">
     <span class='ocr_line' id='line_1_54' title="bbox 2098 2268 3746 2339; baseline -0.005 -10"><span class='ocrx_word' id='word_1_373' title='bbox 2098 2273 2233 2329; x_wconf 87' lang='lat' dir='ltr'>simi</span> <span class='ocrx_word' id='word_1_374' title='bbox 2265 2277 2324 2328; x_wconf 91' lang='lat' dir='ltr'>et</span> <span class='ocrx_word' id='word_1_375' title='bbox 2355 2273 2596 2328; x_wconf 85' lang='lat' dir='ltr'>maximi</span> <span class='ocrx_word' id='word_1_376' title='bbox 2627 2277 2992 2327; x_wconf 72' lang='lat' dir='ltr'>terrmmotns</span> <span class='ocrx_word' id='word_1_377' title='bbox 3022 2275 3163 2326; x_wconf 90' lang='lat' dir='ltr'>sunt</span> <span class='ocrx_word' id='word_1_378' title='bbox 3193 2269 3350 2325; x_wconf 91' lang='lat' dir='ltr'>nullo</span> <span class='ocrx_word' id='word_1_379' title='bbox 3399 2274 3571 2324; x_wconf 90' lang='lat' dir='ltr'>vento</span> <span class='ocrx_word' id='word_1_380' title='bbox 3621 2268 3746 2339; x_wconf 91' lang='lat' dir='ltr'>spi-</span> 
     </span>
    </p>
   </div>
   <div class='ocr_carea' id='block_1_55' title="bbox 2097 2357 3743 2431">
    <p class='ocr_par' dir='ltr' id='par_1_55' title="bbox 2097 2357 3743 2431">
     <span class='ocr_line' id='line_1_55' title="bbox 2097 2357 3743 2431; baseline -0.005 -14"><span class='ocrx_word' id='word_1_381' title='bbox 2097 2367 2283 2431; x_wconf 86' lang='lat' dir='ltr'>rante,</span> <span class='ocrx_word' id='word_1_382' title='bbox 2315 2361 2438 2416; x_wconf 45' lang='lat' dir='ltr'>haec</span> <span class='ocrx_word' id='word_1_383' title='bbox 2468 2361 2624 2417; x_wconf 89' lang='lat' dir='ltr'>enim</span> <span class='ocrx_word' id='word_1_384' title='bbox 2658 2377 2835 2415; x_wconf 87' lang='lat' dir='ltr'>causa</span> <span class='ocrx_word' id='word_1_385' title='bbox 2867 2366 3063 2416; x_wconf 90' lang='lat' dir='ltr'>motus</span> <span class='ocrx_word' id='word_1_386' title='bbox 3114 2377 3146 2414; x_wconf 89' lang='lat' dir='ltr'>a</span> <span class='ocrx_word' id='word_1_387' title='bbox 3195 2364 3351 2414; x_wconf 84' lang='lat' dir='ltr'>terra</span> <span class='ocrx_word' id='word_1_388' title='bbox 3399 2357 3743 2413; x_wconf 91' lang='lat' dir='ltr'>includitur.</span> 
     </span>
    </p>
   </div>
   <div class='ocr_carea' id='block_1_56' title="bbox 2097 2446 3748 2523">
    <p class='ocr_par' dir='ltr' id='par_1_56' title="bbox 2097 2446 3748 2523">
     <span class='ocr_line' id='line_1_56' title="bbox 2097 2446 3748 2523; baseline -0.004 -17"><span class='ocrx_word' id='word_1_389' title='bbox 2097 2451 2388 2523; x_wconf 89' lang='lat' dir='ltr'>Fiuntque</span> <span class='ocrx_word' id='word_1_390' title='bbox 2417 2450 2496 2506; x_wconf 86' lang='lat' dir='ltr'>ibi</span> <span class='ocrx_word' id='word_1_391' title='bbox 2529 2450 2946 2506; x_wconf 80' lang='lat' dir='ltr'>concussiones</span> <span class='ocrx_word' id='word_1_392' title='bbox 2978 2448 3409 2520; x_wconf 85' lang='lat' dir='ltr'>graviores,uhi</span> <span class='ocrx_word' id='word_1_393' title='bbox 3443 2463 3602 2502; x_wconf 87' lang='lat' dir='ltr'>mare</span> <span class='ocrx_word' id='word_1_394' title='bbox 3632 2446 3748 2500; x_wconf 85' lang='lat' dir='ltr'>ﬂu-</span> 
     </span>
    </p>
   </div>
   <div class='ocr_carea' id='block_1_57' title="bbox 2097 2537 3744 2611">
    <p class='ocr_par' dir='ltr' id='par_1_57' title="bbox 2097 2537 3744 2611">
     <span class='ocr_line' id='line_1_57' title="bbox 2097 2537 3744 2611; baseline -0.004 -15"><span class='ocrx_word' id='word_1_395' title='bbox 2097 2546 2368 2597; x_wconf 85' lang='lat' dir='ltr'>otuosum</span> <span class='ocrx_word' id='word_1_396' title='bbox 2402 2545 2460 2596; x_wconf 90' lang='lat' dir='ltr'>et</span> <span class='ocrx_word' id='word_1_397' title='bbox 2489 2545 2644 2596; x_wconf 87' lang='lat' dir='ltr'>terra</span> <span class='ocrx_word' id='word_1_398' title='bbox 2675 2539 2846 2611; x_wconf 87' lang='lat' dir='ltr'>plena</span> <span class='ocrx_word' id='word_1_399' title='bbox 2877 2540 3142 2595; x_wconf 86' lang='lat' dir='ltr'>cavernis</span> <span class='ocrx_word' id='word_1_400' title='bbox 3174 2544 3264 2594; x_wconf 86' lang='lat' dir='ltr'>est</span> <span class='ocrx_word' id='word_1_401' title='bbox 3301 2554 3366 2592; x_wconf 89' lang='lat' dir='ltr'>ac</span> <span class='ocrx_word' id='word_1_402' title='bbox 3399 2537 3696 2592; x_wconf 86' lang='lat' dir='ltr'>meatibus</span> <span class='ocrx_word' id='word_1_403' title='bbox 3732 2553 3744 2591; x_wconf 86' lang='lat'><strong>:</strong></span> 
     </span>
    </p>
   </div>
   <div class='ocr_carea' id='block_1_58' title="bbox 2099 2625 3751 2703">
    <p class='ocr_par' dir='ltr' id='par_1_58' title="bbox 2099 2625 3751 2703">
     <span class='ocr_line' id='line_1_58' title="bbox 2099 2625 3751 2703; baseline -0.006 -15"><span class='ocrx_word' id='word_1_404' title='bbox 2099 2631 2344 2703; x_wconf 85' lang='lat' dir='ltr'>spiritus</span> <span class='ocrx_word' id='word_1_405' title='bbox 2377 2630 2532 2686; x_wconf 90' lang='lat' dir='ltr'>enim</span> <span class='ocrx_word' id='word_1_406' title='bbox 2555 2631 2731 2685; x_wconf 83' lang='lat' dir='ltr'>ﬁrmo</span> <span class='ocrx_word' id='word_1_407' title='bbox 2766 2630 2890 2685; x_wconf 89' lang='lat' dir='ltr'>loco</span> <span class='ocrx_word' id='word_1_408' title='bbox 2921 2628 3192 2684; x_wconf 87' lang='lat' dir='ltr'>inclusus</span> <span class='ocrx_word' id='word_1_409' title='bbox 3236 2627 3304 2683; x_wconf 85' lang='lat' dir='ltr'>ﬁt</span> <span class='ocrx_word' id='word_1_410' title='bbox 3349 2625 3751 2682; x_wconf 87' lang='lat' dir='ltr'>vehementior</span> 
     </span>
    </p>
   </div>
   <div class='ocr_carea' id='block_1_59' title="bbox 2102 2715 3754 2794">
    <p class='ocr_par' dir='ltr' id='par_1_59' title="bbox 2102 2715 3754 2794">
     <span class='ocr_line' id='line_1_59' title="bbox 2102 2715 3754 2794; baseline -0.005 -18"><span class='ocrx_word' id='word_1_411' title='bbox 2102 2721 2408 2794; x_wconf 84' lang='lat' dir='ltr'>magisque</span> <span class='ocrx_word' id='word_1_412' title='bbox 2438 2725 2654 2776; x_wconf 86' lang='lat' dir='ltr'>terram</span> <span class='ocrx_word' id='word_1_413' title='bbox 2688 2719 2896 2791; x_wconf 87' lang='lat' dir='ltr'>quatit,</span> <span class='ocrx_word' id='word_1_414' title='bbox 2946 2724 3003 2774; x_wconf 87' lang='lat' dir='ltr'>et</span> <span class='ocrx_word' id='word_1_415' title='bbox 3049 2717 3315 2790; x_wconf 85' lang='lat' dir='ltr'>regiones</span> <span class='ocrx_word' id='word_1_416' title='bbox 3365 2717 3580 2788; x_wconf 87' lang='lat' dir='ltr'>quibus</span> <span class='ocrx_word' id='word_1_417' title='bbox 3624 2715 3754 2770; x_wconf 88' lang='lat' dir='ltr'>loca</span> 
     </span>
    </p>
   </div>
   <div class='ocr_carea' id='block_1_60' title="bbox 2098 2803 3749 2873">
    <p class='ocr_par' dir='ltr' id='par_1_60' title="bbox 2098 2803 3749 2873">
     <span class='ocr_line' id='line_1_60' title="bbox 2098 2803 3749 2873; baseline -0.004 -8"><span class='ocrx_word' id='word_1_418' title='bbox 2098 2809 2251 2866; x_wconf 85' lang='lat' dir='ltr'>infra</span> <span class='ocrx_word' id='word_1_419' title='bbox 2283 2816 2497 2866; x_wconf 86' lang='lat' dir='ltr'>terram</span> <span class='ocrx_word' id='word_1_420' title='bbox 2546 2809 2629 2864; x_wconf 90' lang='lat' dir='ltr'>ita</span> <span class='ocrx_word' id='word_1_421' title='bbox 2685 2809 2976 2864; x_wconf 88' lang='lat' dir='ltr'>meatibus</span> <span class='ocrx_word' id='word_1_422' title='bbox 3025 2808 3238 2863; x_wconf 85' lang='lat' dir='ltr'>referta</span> <span class='ocrx_word' id='word_1_423' title='bbox 3285 2811 3444 2873; x_wconf 90' lang='lat' dir='ltr'>sunt,</span> <span class='ocrx_word' id='word_1_424' title='bbox 3497 2803 3749 2859; x_wconf 88' lang='lat' dir='ltr'>multum</span> 
     </span>
    </p>
   </div>
   <div class='ocr_carea' id='block_1_61' title="bbox 2098 2893 3753 2971">
    <p class='ocr_par' dir='ltr' id='par_1_61' title="bbox 2098 2893 3753 2971">
     <span class='ocr_line' id='line_1_61' title="bbox 2098 2893 3753 2971; baseline -0.005 -17"><span class='ocrx_word' id='word_1_425' title='bbox 2098 2904 2338 2956; x_wconf 91' lang='lat' dir='ltr'>ventum</span> <span class='ocrx_word' id='word_1_426' title='bbox 2355 2898 2926 2971; x_wconf 84' lang='lat' dir='ltr'>capiunt,magisque</span> <span class='ocrx_word' id='word_1_427' title='bbox 2939 2899 3500 2952; x_wconf 87' lang='lat' dir='ltr'>concutiuntterram</span> <span class='ocrx_word' id='word_1_428' title='bbox 3517 2893 3753 2966; x_wconf 84' lang='lat' dir='ltr'>quando</span> 
     </span>
    </p>
   </div>
   <div class='ocr_carea' id='block_1_62' title="bbox 2099 2981 3755 3059">
    <p class='ocr_par' dir='ltr' id='par_1_62' title="bbox 2099 2981 3755 3059">
     <span class='ocr_line' id='line_1_62' title="bbox 2099 2981 3755 3059; baseline -0.005 -15"><span class='ocrx_word' id='word_1_429' title='bbox 2099 2993 2186 3046; x_wconf 87' lang='lat' dir='ltr'>sol</span> <span class='ocrx_word' id='word_1_430' title='bbox 2223 2989 2481 3044; x_wconf 91' lang='lat' dir='ltr'>nubibus</span> <span class='ocrx_word' id='word_1_431' title='bbox 2506 2988 2787 3059; x_wconf 87' lang='lat' dir='ltr'>obseptus</span> <span class='ocrx_word' id='word_1_432' title='bbox 2819 2993 2873 3043; x_wconf 93' lang='lat' dir='ltr'>et</span> <span class='ocrx_word' id='word_1_433' title='bbox 2903 2989 3191 3042; x_wconf 89' lang='lat' dir='ltr'>obscurus</span> <span class='ocrx_word' id='word_1_434' title='bbox 3222 2989 3474 3052; x_wconf 86' lang='lat' dir='ltr'>est,nam</span> <span class='ocrx_word' id='word_1_435' title='bbox 3509 2981 3755 3054; x_wconf 83' lang='lat' dir='ltr'>spiritus</span> 
     </span>
    </p>
   </div>
   <div class='ocr_carea' id='block_1_63' title="bbox 2101 3070 3754 3145">
    <p class='ocr_par' dir='ltr' id='par_1_63' title="bbox 2101 3070 3754 3145">
     <span class='ocr_line' id='line_1_63' title="bbox 2101 3070 3754 3145; baseline -0.006 -11"><span class='ocrx_word' id='word_1_436' title='bbox 2101 3078 2200 3134; x_wconf 91' lang='lat' dir='ltr'>ille</span> <span class='ocrx_word' id='word_1_437' title='bbox 2232 3079 2432 3133; x_wconf 90' lang='lat' dir='ltr'>subire</span> <span class='ocrx_word' id='word_1_438' title='bbox 2464 3077 2826 3133; x_wconf 84' lang='lat' dir='ltr'>extrinsecus</span> <span class='ocrx_word' id='word_1_439' title='bbox 2856 3081 3072 3131; x_wconf 89' lang='lat' dir='ltr'>terram</span> <span class='ocrx_word' id='word_1_440' title='bbox 3109 3075 3321 3130; x_wconf 86' lang='lat' dir='ltr'>iterum</span> <span class='ocrx_word' id='word_1_441' title='bbox 3372 3072 3602 3145; x_wconf 90' lang='lat' dir='ltr'>incipit,</span> <span class='ocrx_word' id='word_1_442' title='bbox 3654 3070 3754 3143; x_wconf 90' lang='lat' dir='ltr'>qui</span> 
     </span>
    </p>
   </div>
   <div class='ocr_carea' id='block_1_64' title="bbox 2103 3165 3240 3224">
    <p class='ocr_par' dir='ltr' id='par_1_64' title="bbox 2103 3165 3240 3224">
     <span class='ocr_line' id='line_1_64' title="bbox 2103 3165 3240 3224; baseline -0.004 -1"><span class='ocrx_word' id='word_1_443' title='bbox 2103 3183 2298 3224; x_wconf 87' lang='lat' dir='ltr'>aerem</span> <span class='ocrx_word' id='word_1_444' title='bbox 2329 3166 2596 3223; x_wconf 88' lang='lat' dir='ltr'>dissolvit</span> <span class='ocrx_word' id='word_1_445' title='bbox 2625 3183 2689 3222; x_wconf 91' lang='lat' dir='ltr'>ac</span> <span class='ocrx_word' id='word_1_446' title='bbox 2722 3182 2998 3221; x_wconf 90' lang='lat' dir='ltr'>serenum</span> <span class='ocrx_word' id='word_1_447' title='bbox 3030 3165 3240 3220; x_wconf 87' lang='lat' dir='ltr'>reddit.</span> 
     </span>
    </p>
   </div>
   <div class='ocr_carea' id='block_1_65' title="bbox 2584 3273 3267 3344">
    <p class='ocr_par' dir='ltr' id='par_1_65' title="bbox 2584 3273 3267 3344">
     <span class='ocr_line' id='line_1_65' title="bbox 2584 3273 3267 3344; baseline -0.003 -16"><span class='ocrx_word' id='word_1_448' title='bbox 2584 3275 2701 3328; x_wconf 83' lang='grc'>129.</span> <span class='ocrx_word' id='word_1_449' title='bbox 2735 3274 2808 3328; x_wconf 83' lang='lat' dir='ltr'>De</span> <span class='ocrx_word' id='word_1_450' title='bbox 2837 3289 3046 3344; x_wconf 87' lang='lat' dir='ltr'>magna</span> <span class='ocrx_word' id='word_1_451' title='bbox 3079 3273 3267 3327; x_wconf 70' lang='lat' dir='ltr'>hieme.</span> 
     </span>
    </p>
   </div>
   <div class='ocr_carea' id='block_1_66' title="bbox 398 3325 1990 3435">
    <p class='ocr_par' dir='ltr' id='par_1_66' title="bbox 398 3325 1987 3434">
     <span class='ocr_line' id='line_1_66' title="bbox 398 3325 1987 3434; baseline -0.001 -20"><span class='ocrx_word' id='word_1_452' title='bbox 398 3357 583 3434; x_wconf 82' lang='grc' dir='ltr'>Μέγας</span> <span class='ocrx_word' id='word_1_453' title='bbox 639 3325 749 3412; x_wconf 80' lang='grc' dir='ltr'>έστὶ</span> <span class='ocrx_word' id='word_1_454' title='bbox 802 3325 1017 3434; x_wconf 80' lang='grc' dir='ltr'>χείμὼν</span> <span class='ocrx_word' id='word_1_455' title='bbox 1062 3325 1226 3426; x_wconf 56' lang='grc' dir='ltr'>ηνίκα</span> <span class='ocrx_word' id='word_1_456' title='bbox 1271 3325 1486 3418; x_wconf 42' lang='grc' dir='ltr'>πάντες.</span> <span class='ocrx_word' id='word_1_457' title='bbox 1521 3358 1572 3411; x_wconf 77' lang='grc' dir='ltr'>οἱ</span> <span class='ocrx_word' id='word_1_458' title='bbox 1602 3325 1879 3429; x_wconf 72' lang='grc' dir='ltr'>πλανῆται</span> <span class='ocrx_word' id='word_1_459' title='bbox 1936 3358 1987 3413; x_wconf 79' lang='grc' dir='ltr'>ὲν</span> 
     </span>
    </p>
   </div>
   <div class='ocr_carea' id='block_1_67' title="bbox 2105 3325 3755 3435">
    <p class='ocr_par' dir='ltr' id='par_1_67' title="bbox 2175 3325 3755 3435">
     <span class='ocr_line' id='line_1_67' title="bbox 2175 3325 3755 3435; baseline -0.004 -15"><span class='ocrx_word' id='word_1_460' title='bbox 2175 3365 2389 3435; x_wconf 86' lang='lat' dir='ltr'>Magna</span> <span class='ocrx_word' id='word_1_461' title='bbox 2417 3325 2999 3434; x_wconf 16' lang='lat' dir='ltr'>hiems—est—quvan&#39;do</span> <span class='ocrx_word' id='word_1_462' title='bbox 3018 3325 3236 3418; x_wconf 43' lang='lat' dir='ltr'>ista.</span> <span class='ocrx_word' id='word_1_463' title='bbox 3266 3360 3514 3433; x_wconf 66' lang='lat' dir='ltr'>planetae</span> <span class='ocrx_word' id='word_1_464' title='bbox 3553 3362 3610 3414; x_wconf 92' lang='lat' dir='ltr'>in</span> <span class='ocrx_word' id='word_1_465' title='bbox 3665 3359 3755 3414; x_wconf 89' lang='lat' dir='ltr'>hi-</span> 
     </span>
    </p>
   </div>
   <div class='ocr_carea' id='block_1_68' title="bbox 327 3442 1986 3524">
    <p class='ocr_par' dir='ltr' id='par_1_68' title="bbox 327 3442 1986 3524">
     <span class='ocr_line' id='line_1_68' title="bbox 327 3442 1986 3524; baseline -0.001 -21"><span class='ocrx_word' id='word_1_466' title='bbox 327 3451 629 3524; x_wconf 76' lang='grc' dir='ltr'>χειμερινῷ</span> <span class='ocrx_word' id='word_1_467' title='bbox 675 3444 856 3520; x_wconf 79' lang='grc' dir='ltr'>ζωδίῳ</span> <span class='ocrx_word' id='word_1_468' title='bbox 905 3447 1180 3521; x_wconf 82' lang='grc' dir='ltr'>γίνονται,</span> <span class='ocrx_word' id='word_1_469' title='bbox 1240 3444 1292 3500; x_wconf 73' lang='grc' dir='ltr'>έν</span> <span class='ocrx_word' id='word_1_470' title='bbox 1351 3442 1609 3522; x_wconf 81' lang='grc' dir='ltr'>ὑδροχόῳ</span> <span class='ocrx_word' id='word_1_471' title='bbox 1665 3445 1716 3501; x_wconf 79' lang='grc' dir='ltr'>ἐν</span> <span class='ocrx_word' id='word_1_472' title='bbox 1780 3446 1986 3522; x_wconf 79' lang='grc' dir='ltr'>ἰχθύσι’</span> 
     </span>
    </p>
   </div>
   <div class='ocr_carea' id='block_1_69' title="bbox 332 3533 1995 3612">
    <p class='ocr_par' dir='ltr' id='par_1_69' title="bbox 332 3533 1995 3612">
     <span class='ocr_line' id='line_1_69' title="bbox 332 3533 1995 3612; baseline -0.008 -20"><span class='ocrx_word' id='word_1_473' title='bbox 332 3538 471 3612; x_wconf 84' lang='grc' dir='ltr'>μέγα</span> <span class='ocrx_word' id='word_1_474' title='bbox 527 3533 587 3591; x_wconf 75' lang='grc' dir='ltr'>δὲ</span> <span class='ocrx_word' id='word_1_475' title='bbox 638 3537 820 3608; x_wconf 81' lang='grc' dir='ltr'>θέρος,</span> <span class='ocrx_word' id='word_1_476' title='bbox 883 3534 1008 3590; x_wconf 77' lang='grc' dir='ltr'>ὅταν</span> <span class='ocrx_word' id='word_1_477' title='bbox 1068 3536 1263 3593; x_wconf 80' lang='grc' dir='ltr'>πάντες</span> <span class='ocrx_word' id='word_1_478' title='bbox 1317 3533 1369 3589; x_wconf 76' lang='grc' dir='ltr'>έν</span> <span class='ocrx_word' id='word_1_479' title='bbox 1431 3540 1630 3611; x_wconf 84' lang='grc' dir='ltr'>θερινῷ</span> <span class='ocrx_word' id='word_1_480' title='bbox 1663 3533 1844 3608; x_wconf 82' lang='grc' dir='ltr'>ζωδίῳ</span> <span class='ocrx_word' id='word_1_481' title='bbox 1901 3536 1995 3611; x_wconf 74' lang='grc' dir='ltr'>γέ-</span> 
     </span>
    </p>
   </div>
   <div class='ocr_carea' id='block_1_70' title="bbox 327 3623 1992 3701">
    <p class='ocr_par' dir='ltr' id='par_1_70' title="bbox 327 3623 1992 3701">
     <span class='ocr_line' id='line_1_70' title="bbox 327 3623 1992 3701; baseline -0.001 -19"><span class='ocrx_word' id='word_1_482' title='bbox 327 3643 528 3683; x_wconf 88' lang='grc' dir='ltr'>νοιντο·</span> <span class='ocrx_word' id='word_1_483' title='bbox 591 3625 642 3680; x_wconf 79' lang='grc' dir='ltr'>ἐν</span> <span class='ocrx_word' id='word_1_484' title='bbox 703 3623 884 3680; x_wconf 90' lang='grc' dir='ltr'>λέοντι</span> <span class='ocrx_word' id='word_1_485' title='bbox 941 3625 1035 3698; x_wconf 74' lang='grc' dir='ltr'>μὲν</span> <span class='ocrx_word' id='word_1_486' title='bbox 1068 3623 1376 3700; x_wconf 86' lang='grc' dir='ltr'>γινόμενος,</span> <span class='ocrx_word' id='word_1_487' title='bbox 1435 3630 1586 3679; x_wconf 86' lang='grc' dir='ltr'>ποιεῖ</span> <span class='ocrx_word' id='word_1_488' title='bbox 1616 3625 1792 3701; x_wconf 85' lang='grc' dir='ltr'>θέρος,</span> <span class='ocrx_word' id='word_1_489' title='bbox 1825 3625 1877 3681; x_wconf 70' lang='grc' dir='ltr'>ἐν</span> <span class='ocrx_word' id='word_1_490' title='bbox 1910 3627 1992 3680; x_wconf 76' lang='grc' dir='ltr'>αἰ-</span> 
     </span>
    </p>
   </div>
   <div class='ocr_carea' id='block_1_71' title="bbox 330 3711 1994 3792">
    <p class='ocr_par' dir='ltr' id='par_1_71' title="bbox 330 3711 1994 3792">
     <span class='ocr_line' id='line_1_71' title="bbox 330 3711 1994 3792; baseline -0.001 -22"><span class='ocrx_word' id='word_1_491' title='bbox 330 3716 550 3792; x_wconf 78' lang='grc' dir='ltr'>γοκέρῳ</span> <span class='ocrx_word' id='word_1_492' title='bbox 581 3711 639 3770; x_wconf 74' lang='grc' dir='ltr'><strong>δὶ</strong></span> <span class='ocrx_word' id='word_1_493' title='bbox 667 3718 940 3790; x_wconf 82' lang='grc' dir='ltr'>χειμῶνα.</span> <span class='ocrx_word' id='word_1_494' title='bbox 974 3714 1164 3771; x_wconf 85' lang='grc' dir='ltr'>Ἓνθεν</span> <span class='ocrx_word' id='word_1_495' title='bbox 1219 3713 1310 3768; x_wconf 87' lang='grc' dir='ltr'>καὶ</span> <span class='ocrx_word' id='word_1_496' title='bbox 1365 3712 1606 3775; x_wconf 73' lang='grc' dir='ltr'>ἐνιαυτὸς</span> <span class='ocrx_word' id='word_1_497' title='bbox 1661 3713 1994 3788; x_wconf 86' lang='grc' dir='ltr'>ὠνόμασται,</span> 
     </span>
    </p>
   </div>
   <div class='ocr_carea' id='block_1_72' title="bbox 334 3801 2000 3879">
    <p class='ocr_par' dir='ltr' id='par_1_72' title="bbox 334 3801 2000 3879">
     <span class='ocr_line' id='line_1_72' title="bbox 334 3801 2000 3879; baseline -0.001 -18"><span class='ocrx_word' id='word_1_498' title='bbox 334 3803 429 3862; x_wconf 76' lang='grc' dir='ltr'>διὰ</span> <span class='ocrx_word' id='word_1_499' title='bbox 457 3806 516 3860; x_wconf 88' lang='grc' dir='ltr'>τὸ</span> <span class='ocrx_word' id='word_1_500' title='bbox 543 3804 617 3867; x_wconf 81' lang='grc' dir='ltr'>εἰς</span> <span class='ocrx_word' id='word_1_501' title='bbox 663 3804 726 3859; x_wconf 86' lang='grc' dir='ltr'>τὸ</span> <span class='ocrx_word' id='word_1_502' title='bbox 786 3803 917 3859; x_wconf 81' lang='grc' dir='ltr'>αὐτὸ</span> <span class='ocrx_word' id='word_1_503' title='bbox 950 3804 1130 3879; x_wconf 76' lang='grc' dir='ltr'>φέρειν</span> <span class='ocrx_word' id='word_1_504' title='bbox 1162 3804 1255 3859; x_wconf 86' lang='grc' dir='ltr'>τὸν</span> <span class='ocrx_word' id='word_1_505' title='bbox 1285 3801 1468 3876; x_wconf 86' lang='grc' dir='ltr'>ἣλιον,</span> <span class='ocrx_word' id='word_1_506' title='bbox 1517 3802 1622 3859; x_wconf 76' lang='grc' dir='ltr'>ἀπό</span> <span class='ocrx_word' id='word_1_507' title='bbox 1651 3804 1751 3878; x_wconf 83' lang='grc' dir='ltr'>γὰρ</span> <span class='ocrx_word' id='word_1_508' title='bbox 1783 3806 1879 3859; x_wconf 77' lang='grc' dir='ltr'>τοῦ</span> <span class='ocrx_word' id='word_1_509' title='bbox 1909 3805 2000 3860; x_wconf 84' lang='grc' dir='ltr'>αὐ-</span> 
     </span>
    </p>
   </div>
   <div class='ocr_carea' id='block_1_73' title="bbox 333 3893 1999 3972">
    <p class='ocr_par' dir='ltr' id='par_1_73' title="bbox 333 3893 1999 3972">
     <span class='ocr_line' id='line_1_73' title="bbox 333 3893 1999 3972; baseline -0.002 -19"><span class='ocrx_word' id='word_1_510' title='bbox 333 3900 434 3954; x_wconf 76' lang='grc' dir='ltr'>τοῦ</span> <span class='ocrx_word' id='word_1_511' title='bbox 460 3896 538 3960; x_wconf 78' lang='grc' dir='ltr'>εἷς</span> <span class='ocrx_word' id='word_1_512' title='bbox 563 3896 626 3952; x_wconf 86' lang='grc' dir='ltr'>τὸ</span> <span class='ocrx_word' id='word_1_513' title='bbox 669 3894 802 3950; x_wconf 80' lang='grc' dir='ltr'>αὐτὸ</span> <span class='ocrx_word' id='word_1_514' title='bbox 833 3893 1254 3950; x_wconf 80' lang='grc' dir='ltr'>ἀποκαθίσταται</span> <span class='ocrx_word' id='word_1_515' title='bbox 1315 3895 1344 3949; x_wconf 87' lang='grc' dir='ltr'>ὁ</span> <span class='ocrx_word' id='word_1_516' title='bbox 1398 3896 1644 3972; x_wconf 78' lang='grc' dir='ltr'>φωστήρ.</span> <span class='ocrx_word' id='word_1_517' title='bbox 1706 3896 1801 3950; x_wconf 86' lang='grc' dir='ltr'>Καὶ</span> <span class='ocrx_word' id='word_1_518' title='bbox 1863 3895 1999 3950; x_wconf 87' lang='grc' dir='ltr'>πάν-</span> 
     </span>
    </p>
   </div>
   <div class='ocr_carea' id='block_1_74' title="bbox 338 3982 1996 4058">
    <p class='ocr_par' dir='ltr' id='par_1_74' title="bbox 338 3982 1996 4058">
     <span class='ocr_line' id='line_1_74' title="bbox 338 3982 1996 4058; baseline -0.002 -17"><span class='ocrx_word' id='word_1_519' title='bbox 338 4006 429 4047; x_wconf 81' lang='grc' dir='ltr'>τες</span> <span class='ocrx_word' id='word_1_520' title='bbox 464 3985 556 4058; x_wconf 79' lang='grc' dir='ltr'>μὶν</span> <span class='ocrx_word' id='word_1_521' title='bbox 594 3982 686 4039; x_wconf 75' lang='grc' dir='ltr'>οὖν</span> <span class='ocrx_word' id='word_1_522' title='bbox 714 3984 854 4038; x_wconf 84' lang='grc' dir='ltr'>κατά</span> <span class='ocrx_word' id='word_1_523' title='bbox 901 3985 1145 4058; x_wconf 79' lang='grc' dir='ltr'>κορυφὴν</span> <span class='ocrx_word' id='word_1_524' title='bbox 1178 3983 1338 4054; x_wconf 79' lang='grc' dir='ltr'>ἡμῶν</span> <span class='ocrx_word' id='word_1_525' title='bbox 1399 3982 1685 4058; x_wconf 88' lang='grc' dir='ltr'>γενόμενοι</span> <span class='ocrx_word' id='word_1_526' title='bbox 1745 3983 1797 4038; x_wconf 72' lang='grc' dir='ltr'>οἱ</span> <span class='ocrx_word' id='word_1_527' title='bbox 1855 3982 1996 4039; x_wconf 87' lang='grc' dir='ltr'>πλα-</span> 
     </span>
    </p>
   </div>
   <div class='ocr_carea' id='block_1_75' title="bbox 337 4072 2001 4152">
    <p class='ocr_par' dir='ltr' id='par_1_75' title="bbox 337 4072 2001 4152">
     <span class='ocr_line' id='line_1_75' title="bbox 337 4072 2001 4152; baseline 0 -22"><span class='ocrx_word' id='word_1_528' title='bbox 337 4082 498 4146; x_wconf 85' lang='grc' dir='ltr'>νῆται</span> <span class='ocrx_word' id='word_1_529' title='bbox 527 4078 748 4129; x_wconf 78' lang='grc' dir='ltr'>ποιοῦσι</span> <span class='ocrx_word' id='word_1_530' title='bbox 785 4074 921 4150; x_wconf 84' lang='grc' dir='ltr'>μέγα</span> <span class='ocrx_word' id='word_1_531' title='bbox 945 4074 1118 4148; x_wconf 86' lang='grc' dir='ltr'>θέρος,</span> <span class='ocrx_word' id='word_1_532' title='bbox 1138 4073 1496 4149; x_wconf 77' lang='grc' dir='ltr'>ἀφιστάμενοι</span> <span class='ocrx_word' id='word_1_533' title='bbox 1529 4072 1586 4129; x_wconf 75' lang='grc' dir='ltr'>δὲ</span> <span class='ocrx_word' id='word_1_534' title='bbox 1615 4074 1675 4130; x_wconf 67' lang='lat' dir='ltr'>lx</span> <span class='ocrx_word' id='word_1_535' title='bbox 1705 4074 2001 4152; x_wconf 81' lang='grc' dir='ltr'>διαμέτρου</span> 
     </span>
    </p>
   </div>
   <div class='ocr_carea' id='block_1_76' title="bbox 340 4162 2002 4242">
    <p class='ocr_par' dir='ltr' id='par_1_76' title="bbox 340 4162 2002 4242">
     <span class='ocr_line' id='line_1_76' title="bbox 340 4162 2002 4242; baseline -0.001 -21"><span class='ocrx_word' id='word_1_536' title='bbox 340 4171 566 4222; x_wconf 77' lang='grc' dir='ltr'>ποιοῦσι</span> <span class='ocrx_word' id='word_1_537' title='bbox 604 4165 769 4240; x_wconf 74' lang='grc' dir='ltr'>μέγαν</span> <span class='ocrx_word' id='word_1_538' title='bbox 800 4168 1075 4239; x_wconf 78' lang='grc' dir='ltr'>χειμῶνα.</span> <span class='ocrx_word' id='word_1_539' title='bbox 1111 4165 1208 4218; x_wconf 83' lang='grc' dir='ltr'>Καὶ</span> <span class='ocrx_word' id='word_1_540' title='bbox 1241 4162 1292 4218; x_wconf 82' lang='grc' dir='ltr'>ἐν</span> <span class='ocrx_word' id='word_1_541' title='bbox 1331 4163 1424 4236; x_wconf 71' lang='grc' dir='ltr'>μὲν</span> <span class='ocrx_word' id='word_1_542' title='bbox 1464 4170 1543 4238; x_wconf 84' lang='grc' dir='ltr'>τῷ</span> <span class='ocrx_word' id='word_1_543' title='bbox 1603 4164 1825 4242; x_wconf 86' lang='grc' dir='ltr'>μεγάλῳ</span> <span class='ocrx_word' id='word_1_544' title='bbox 1883 4185 2002 4241; x_wconf 87' lang='grc' dir='ltr'>χει-</span> 
     </span>
    </p>
   </div>
   <div class='ocr_carea' id='block_1_77' title="bbox 344 4250 2004 4331">
    <p class='ocr_par' dir='ltr' id='par_1_77' title="bbox 344 4250 2004 4331">
     <span class='ocr_line' id='line_1_77' title="bbox 344 4250 2004 4331; baseline -0.001 -22"><span class='ocrx_word' id='word_1_545' title='bbox 344 4260 487 4330; x_wconf 74' lang='grc' dir='ltr'>μῶνι</span> <span class='ocrx_word' id='word_1_546' title='bbox 518 4256 881 4310; x_wconf 76' lang='grc' dir='ltr'>θαλαττοῦται</span> <span class='ocrx_word' id='word_1_547' title='bbox 917 4255 950 4323; x_wconf 77' lang='grc' dir='ltr'>ἡ</span> <span class='ocrx_word' id='word_1_548' title='bbox 982 4250 1238 4327; x_wconf 76' lang='grc' dir='ltr'>ἤπειρος,</span> <span class='ocrx_word' id='word_1_549' title='bbox 1269 4252 1322 4307; x_wconf 84' lang='grc' dir='ltr'>ἐν</span> <span class='ocrx_word' id='word_1_550' title='bbox 1353 4251 1410 4308; x_wconf 76' lang='grc' dir='ltr'>δὲ</span> <span class='ocrx_word' id='word_1_551' title='bbox 1452 4259 1532 4327; x_wconf 75' lang='grc' dir='ltr'>τῷ</span> <span class='ocrx_word' id='word_1_552' title='bbox 1579 4255 1802 4330; x_wconf 85' lang='grc' dir='ltr'>μεγάλῳ</span> <span class='ocrx_word' id='word_1_553' title='bbox 1863 4255 2004 4331; x_wconf 89' lang='grc' dir='ltr'>θέρει</span> 
     </span>
    </p>
   </div>
   <div class='ocr_carea' id='block_1_78' title="bbox 339 4342 1026 4422">
    <p class='ocr_par' dir='ltr' id='par_1_78' title="bbox 339 4342 1026 4422">
     <span class='ocr_line' id='line_1_78' title="bbox 339 4342 1026 4422; baseline -0.001 -22"><span class='ocrx_word' id='word_1_554' title='bbox 339 4347 667 4422; x_wconf 77' lang='grc' dir='ltr'>ἡπειροῦται</span> <span class='ocrx_word' id='word_1_555' title='bbox 695 4345 730 4413; x_wconf 81' lang='grc' dir='ltr'>ἡ</span> <span class='ocrx_word' id='word_1_556' title='bbox 761 4342 1026 4399; x_wconf 76' lang='grc' dir='ltr'>θάλασσα.</span> 
     </span>
    </p>
   </div>
   <div class='ocr_carea' id='block_1_79' title="bbox 416 4448 1932 4528">
    <p class='ocr_par' dir='ltr' id='par_1_79' title="bbox 416 4448 1932 4528">
     <span class='ocr_line' id='line_1_79' title="bbox 416 4448 1932 4528; baseline 0 -20"><span class='ocrx_word' id='word_1_557' title='bbox 416 4452 521 4528; x_wconf 86' lang='grc' dir='ltr'>ρλ’.</span> <span class='ocrx_word' id='word_1_558' title='bbox 576 4451 674 4506; x_wconf 85' lang='grc' dir='ltr'>Διά</span> <span class='ocrx_word' id='word_1_559' title='bbox 703 4450 755 4506; x_wconf 89' lang='grc' dir='ltr'>τί</span> <span class='ocrx_word' id='word_1_560' title='bbox 790 4449 1038 4522; x_wconf 72' lang='grc' dir='ltr'>ἁλμυρὸν</span> <span class='ocrx_word' id='word_1_561' title='bbox 1069 4449 1131 4504; x_wconf 85' lang='grc' dir='ltr'>τὸ</span> <span class='ocrx_word' id='word_1_562' title='bbox 1158 4455 1259 4519; x_wconf 76' lang='grc' dir='ltr'>τῆς</span> <span class='ocrx_word' id='word_1_563' title='bbox 1289 4448 1562 4520; x_wconf 77' lang='grc' dir='ltr'>θαλάττης</span> <span class='ocrx_word' id='word_1_564' title='bbox 1594 4448 1742 4528; x_wconf 70' lang='grc' dir='ltr'>ὕδωρ</span> <span class='ocrx_word' id='word_1_565' title='bbox 1775 4451 1932 4509; x_wconf 62' lang='grc' dir='ltr'>ἐστιν.</span> 
     </span>
    </p>
   </div>
   <div class='ocr_carea' id='block_1_80' title="bbox 420 4537 2007 4618">
    <p class='ocr_par' dir='ltr' id='par_1_80' title="bbox 420 4537 2007 4618">
     <span class='ocr_line' id='line_1_80' title="bbox 420 4537 2007 4618; baseline -0.002 -19"><span class='ocrx_word' id='word_1_566' title='bbox 420 4539 699 4618; x_wconf 83' lang='grc' dir='ltr'>Ἀλμυρόν</span> <span class='ocrx_word' id='word_1_567' title='bbox 755 4538 865 4595; x_wconf 81' lang='grc' dir='ltr'>ἐστι</span> <span class='ocrx_word' id='word_1_568' title='bbox 913 4540 975 4595; x_wconf 83' lang='grc' dir='ltr'>τὸ</span> <span class='ocrx_word' id='word_1_569' title='bbox 1008 4538 1296 4604; x_wconf 83' lang='grc' dir='ltr'>θαλάττιον</span> <span class='ocrx_word' id='word_1_570' title='bbox 1345 4538 1514 4616; x_wconf 78' lang='grc' dir='ltr'>ὕδωρ,</span> <span class='ocrx_word' id='word_1_571' title='bbox 1551 4537 1688 4596; x_wconf 83' lang='grc' dir='ltr'>διότι</span> <span class='ocrx_word' id='word_1_572' title='bbox 1721 4543 1756 4611; x_wconf 76' lang='grc' dir='ltr'>ἠ</span> <span class='ocrx_word' id='word_1_573' title='bbox 1787 4543 2007 4596; x_wconf 78' lang='grc' dir='ltr'>καπνώ-</span> 
     </span>
    </p>
   </div>
   <div class='ocr_carea' id='block_1_81' title="bbox 342 4624 2009 4704">
    <p class='ocr_par' dir='ltr' id='par_1_81' title="bbox 342 4624 2009 4704">
     <span class='ocr_line' id='line_1_81' title="bbox 342 4624 2009 4704; baseline 0 -19"><span class='ocrx_word' id='word_1_574' title='bbox 342 4631 445 4702; x_wconf 71' lang='grc' dir='ltr'>δης</span> <span class='ocrx_word' id='word_1_575' title='bbox 477 4628 836 4702; x_wconf 80' lang='grc' dir='ltr'>ἀναθυμίασις</span> <span class='ocrx_word' id='word_1_576' title='bbox 867 4624 1104 4690; x_wconf 74' lang='grc' dir='ltr'>ἄπεπτος</span> <span class='ocrx_word' id='word_1_577' title='bbox 1151 4626 1282 4683; x_wconf 76' lang='grc' dir='ltr'>οὖσα</span> <span class='ocrx_word' id='word_1_578' title='bbox 1341 4628 1497 4684; x_wconf 81' lang='grc' dir='ltr'>οὐσία</span> <span class='ocrx_word' id='word_1_579' title='bbox 1549 4632 2009 4704; x_wconf 82' lang='grc' dir='ltr'>παρεμπίπτουσα</span> 
     </span>
    </p>
   </div>
   <div class='ocr_carea' id='block_1_82' title="bbox 2103 3450 3754 3525">
    <p class='ocr_par' dir='ltr' id='par_1_82' title="bbox 2103 3450 3754 3525">
     <span class='ocr_line' id='line_1_82' title="bbox 2103 3450 3754 3525; baseline -0.004 -17"><span class='ocrx_word' id='word_1_580' title='bbox 2103 3454 2284 3509; x_wconf 85' lang='lat' dir='ltr'>berno</span> <span class='ocrx_word' id='word_1_581' title='bbox 2315 3458 2487 3508; x_wconf 88' lang='lat' dir='ltr'>erunt</span> <span class='ocrx_word' id='word_1_582' title='bbox 2517 3453 2684 3525; x_wconf 86' lang='lat' dir='ltr'>signo</span> <span class='ocrx_word' id='word_1_583' title='bbox 2707 3454 2948 3520; x_wconf 89' lang='lat' dir='ltr'>zodiaci,</span> <span class='ocrx_word' id='word_1_584' title='bbox 2984 3453 3043 3508; x_wconf 91' lang='lat' dir='ltr'>in</span> <span class='ocrx_word' id='word_1_585' title='bbox 3075 3453 3320 3524; x_wconf 87' lang='lat' dir='ltr'>aquario</span> <span class='ocrx_word' id='word_1_586' title='bbox 3349 3450 3436 3505; x_wconf 89' lang='lat' dir='ltr'>vel</span> <span class='ocrx_word' id='word_1_587' title='bbox 3471 3450 3754 3520; x_wconf 87' lang='lat' dir='ltr'>piscibus.</span> 
     </span>
    </p>
   </div>
   <div class='ocr_carea' id='block_1_83' title="bbox 2105 3541 3759 3616">
    <p class='ocr_par' dir='ltr' id='par_1_83' title="bbox 2105 3541 3759 3616">
     <span class='ocr_line' id='line_1_83' title="bbox 2105 3541 3759 3616; baseline -0.003 -18"><span class='ocrx_word' id='word_1_588' title='bbox 2105 3543 2318 3616; x_wconf 85' lang='lat' dir='ltr'>Magna</span> <span class='ocrx_word' id='word_1_589' title='bbox 2348 3544 2472 3599; x_wconf 85' lang='lat' dir='ltr'>sive</span> <span class='ocrx_word' id='word_1_590' title='bbox 2505 3543 2702 3614; x_wconf 83' lang='lat' dir='ltr'>magni</span> <span class='ocrx_word' id='word_1_591' title='bbox 2736 3543 2876 3598; x_wconf 89' lang='lat' dir='ltr'>anni</span> <span class='ocrx_word' id='word_1_592' title='bbox 2907 3548 3080 3597; x_wconf 76' lang='lat' dir='ltr'>aestas</span> <span class='ocrx_word' id='word_1_593' title='bbox 3111 3546 3220 3609; x_wconf 86' lang='lat' dir='ltr'>est,</span> <span class='ocrx_word' id='word_1_594' title='bbox 3267 3541 3502 3611; x_wconf 86' lang='lat' dir='ltr'>quando</span> <span class='ocrx_word' id='word_1_595' title='bbox 3552 3555 3759 3594; x_wconf 89' lang='lat' dir='ltr'>omnes</span> 
     </span>
    </p>
   </div>
   <div class='ocr_carea' id='block_1_84' title="bbox 2106 3629 3756 3702">
    <p class='ocr_par' dir='ltr' id='par_1_84' title="bbox 2106 3629 3756 3702">
     <span class='ocr_line' id='line_1_84' title="bbox 2106 3629 3756 3702; baseline -0.004 -13"><span class='ocrx_word' id='word_1_596' title='bbox 2106 3632 2453 3689; x_wconf 87' lang='lat' dir='ltr'>convenient</span> <span class='ocrx_word' id='word_1_597' title='bbox 2503 3633 2746 3702; x_wconf 73' lang='lat' dir='ltr'>planetae</span> <span class='ocrx_word' id='word_1_598' title='bbox 2793 3631 2851 3686; x_wconf 90' lang='lat' dir='ltr'>in</span> <span class='ocrx_word' id='word_1_599' title='bbox 2900 3632 3068 3701; x_wconf 82' lang='lat' dir='ltr'>signo</span> <span class='ocrx_word' id='word_1_600' title='bbox 3117 3631 3333 3685; x_wconf 76' lang='lat' dir='ltr'>aestivo.</span> <span class='ocrx_word' id='word_1_601' title='bbox 3378 3631 3487 3684; x_wconf 91' lang='lat' dir='ltr'>Sed</span> <span class='ocrx_word' id='word_1_602' title='bbox 3520 3629 3756 3700; x_wconf 89' lang='lat' dir='ltr'>quidem</span> 
     </span>
    </p>
   </div>
   <div class='ocr_carea' id='block_1_85' title="bbox 2107 3717 3760 3790">
    <p class='ocr_par' dir='ltr' id='par_1_85' title="bbox 2107 3717 3760 3790">
     <span class='ocr_line' id='line_1_85' title="bbox 2107 3717 3760 3790; baseline -0.005 -12"><span class='ocrx_word' id='word_1_603' title='bbox 2107 3723 2167 3778; x_wconf 93' lang='lat' dir='ltr'>in</span> <span class='ocrx_word' id='word_1_604' title='bbox 2202 3724 2365 3778; x_wconf 89' lang='lat' dir='ltr'>leone</span> <span class='ocrx_word' id='word_1_605' title='bbox 2395 3721 2754 3777; x_wconf 89' lang='lat' dir='ltr'>constitutus</span> <span class='ocrx_word' id='word_1_606' title='bbox 2785 3720 3146 3784; x_wconf 50' lang='lat' dir='ltr'>aestatemdn</span> <span class='ocrx_word' id='word_1_607' title='bbox 3170 3720 3476 3790; x_wconf 84' lang='lat' dir='ltr'>sagittario</span> <span class='ocrx_word' id='word_1_608' title='bbox 3506 3717 3760 3772; x_wconf 89' lang='lat' dir='ltr'>hiemem</span> 
     </span>
    </p>
   </div>
   <div class='ocr_carea' id='block_1_86' title="bbox 2109 3805 3758 3879">
    <p class='ocr_par' dir='ltr' id='par_1_86' title="bbox 2109 3805 3758 3879">
     <span class='ocr_line' id='line_1_86' title="bbox 2109 3805 3758 3879; baseline -0.002 -13"><span class='ocrx_word' id='word_1_609' title='bbox 2109 3811 2421 3866; x_wconf 79' lang='lat' dir='ltr'>tacit.Hinc</span> <span class='ocrx_word' id='word_1_610' title='bbox 2452 3815 2508 3865; x_wconf 90' lang='lat' dir='ltr'>et</span> <span class='ocrx_word' id='word_1_611' title='bbox 2559 3827 2750 3865; x_wconf 86' lang='lat' dir='ltr'>annus</span> <span class='ocrx_word' id='word_1_612' title='bbox 2799 3807 3036 3869; x_wconf 81' lang='grc' dir='ltr'>ἐνιαυτὸς</span> <span class='ocrx_word' id='word_1_613' title='bbox 3086 3809 3320 3874; x_wconf 70' lang='lat' dir='ltr'>Graecis,</span> <span class='ocrx_word' id='word_1_614' title='bbox 3369 3807 3522 3879; x_wconf 91' lang='lat' dir='ltr'>quod</span> <span class='ocrx_word' id='word_1_615' title='bbox 3574 3805 3758 3862; x_wconf 90' lang='lat' dir='ltr'>solem</span> 
     </span>
    </p>
   </div>
   <div class='ocr_carea' id='block_1_87' title="bbox 2109 3893 3758 3966">
    <p class='ocr_par' dir='ltr' id='par_1_87' title="bbox 2109 3893 3758 3966">
     <span class='ocr_line' id='line_1_87' title="bbox 2109 3893 3758 3966; baseline -0.001 -13"><span class='ocrx_word' id='word_1_616' title='bbox 2109 3899 2186 3963; x_wconf 80' lang='grc' dir='ltr'>είς</span> <span class='ocrx_word' id='word_1_617' title='bbox 2213 3899 2274 3953; x_wconf 85' lang='grc' dir='ltr'>τὸ</span> <span class='ocrx_word' id='word_1_618' title='bbox 2306 3897 2434 3952; x_wconf 84' lang='grc' dir='ltr'>αὐτό</span> <span class='ocrx_word' id='word_1_619' title='bbox 2461 3899 2518 3954; x_wconf 91' lang='lat' dir='ltr'>in</span> <span class='ocrx_word' id='word_1_620' title='bbox 2551 3900 2824 3954; x_wconf 88' lang='lat' dir='ltr'>eumdem</span> <span class='ocrx_word' id='word_1_621' title='bbox 2857 3898 3048 3953; x_wconf 90' lang='lat' dir='ltr'>locum</span> <span class='ocrx_word' id='word_1_622' title='bbox 3084 3898 3316 3966; x_wconf 83' lang='lat' dir='ltr'>referat,</span> <span class='ocrx_word' id='word_1_623' title='bbox 3351 3897 3424 3953; x_wconf 88' lang='lat' dir='ltr'>ab</span> <span class='ocrx_word' id='word_1_624' title='bbox 3453 3913 3567 3951; x_wconf 91' lang='lat' dir='ltr'>uno</span> <span class='ocrx_word' id='word_1_625' title='bbox 3601 3893 3758 3952; x_wconf 85' lang='lat' dir='ltr'>enim</span> 
     </span>
    </p>
   </div>
   <div class='ocr_carea' id='block_1_88' title="bbox 2109 3985 3762 4063">
    <p class='ocr_par' dir='ltr' id='par_1_88' title="bbox 2109 3985 3762 4063">
     <span class='ocr_line' id='line_1_88' title="bbox 2109 3985 3762 4063; baseline -0.004 -17"><span class='ocrx_word' id='word_1_626' title='bbox 2109 3995 2328 4063; x_wconf 90' lang='lat' dir='ltr'>puncto</span> <span class='ocrx_word' id='word_1_627' title='bbox 2360 3989 2419 4043; x_wconf 90' lang='lat' dir='ltr'>in</span> <span class='ocrx_word' id='word_1_628' title='bbox 2451 3989 2606 4043; x_wconf 87' lang='lat' dir='ltr'>idem</span> <span class='ocrx_word' id='word_1_629' title='bbox 2640 3993 2923 4058; x_wconf 88' lang='lat' dir='ltr'>punctum</span> <span class='ocrx_word' id='word_1_630' title='bbox 2959 3987 3042 4042; x_wconf 89' lang='lat' dir='ltr'>sol</span> <span class='ocrx_word' id='word_1_631' title='bbox 3099 3988 3266 4043; x_wconf 87' lang='lat' dir='ltr'>redit.</span> <span class='ocrx_word' id='word_1_632' title='bbox 3325 3986 3541 4042; x_wconf 89' lang='lat' dir='ltr'>Omnes</span> <span class='ocrx_word' id='word_1_633' title='bbox 3578 3985 3762 4057; x_wconf 83' lang='lat' dir='ltr'>igitur</span> 
     </span>
    </p>
   </div>
   <div class='ocr_carea' id='block_1_89' title="bbox 2109 4077 3761 4153">
    <p class='ocr_par' dir='ltr' id='par_1_89' title="bbox 2109 4077 3761 4153">
     <span class='ocr_line' id='line_1_89' title="bbox 2109 4077 3761 4153; baseline -0.003 -18"><span class='ocrx_word' id='word_1_634' title='bbox 2109 4080 2354 4153; x_wconf 62' lang='lat' dir='ltr'>planetae</span> <span class='ocrx_word' id='word_1_635' title='bbox 2377 4095 2558 4150; x_wconf 88' lang='lat' dir='ltr'>supra</span> <span class='ocrx_word' id='word_1_636' title='bbox 2581 4082 2845 4133; x_wconf 86' lang='lat' dir='ltr'>nostrum</span> <span class='ocrx_word' id='word_1_637' title='bbox 2873 4077 3139 4133; x_wconf 82' lang='lat' dir='ltr'>verticem</span> <span class='ocrx_word' id='word_1_638' title='bbox 3165 4077 3466 4132; x_wconf 86' lang='lat' dir='ltr'>constituti</span> <span class='ocrx_word' id='word_1_639' title='bbox 3492 4092 3761 4147; x_wconf 84' lang='lat' dir='ltr'>magnam</span> 
     </span>
    </p>
   </div>
   <div class='ocr_carea' id='block_1_90' title="bbox 2113 4167 3764 4235">
    <p class='ocr_par' dir='ltr' id='par_1_90' title="bbox 2113 4167 3764 4235">
     <span class='ocr_line' id='line_1_90' title="bbox 2113 4167 3764 4235; baseline -0.004 -8"><span class='ocrx_word' id='word_1_640' title='bbox 2113 4169 2328 4227; x_wconf 83' lang='lat' dir='ltr'>facient</span> <span class='ocrx_word' id='word_1_641' title='bbox 2357 4173 2644 4235; x_wconf 65' lang='lat' dir='ltr'>aestatem,</span> <span class='ocrx_word' id='word_1_642' title='bbox 2677 4185 2706 4223; x_wconf 92' lang='lat' dir='ltr'>e</span> <span class='ocrx_word' id='word_1_643' title='bbox 2739 4169 3023 4223; x_wconf 87' lang='lat' dir='ltr'>diametro</span> <span class='ocrx_word' id='word_1_644' title='bbox 3056 4173 3248 4222; x_wconf 91' lang='lat' dir='ltr'>autem</span> <span class='ocrx_word' id='word_1_645' title='bbox 3280 4185 3313 4223; x_wconf 88' lang='lat' dir='ltr'>a</span> <span class='ocrx_word' id='word_1_646' title='bbox 3341 4167 3510 4222; x_wconf 86' lang='lat' dir='ltr'>nobis</span> <span class='ocrx_word' id='word_1_647' title='bbox 3559 4167 3764 4221; x_wconf 79' lang='lat' dir='ltr'>remoti</span> 
     </span>
    </p>
   </div>
   <div class='ocr_carea' id='block_1_91' title="bbox 2114 4256 3769 4329">
    <p class='ocr_par' dir='ltr' id='par_1_91' title="bbox 2114 4256 3769 4329">
     <span class='ocr_line' id='line_1_91' title="bbox 2114 4256 3769 4329; baseline -0.002 -16"><span class='ocrx_word' id='word_1_648' title='bbox 2114 4274 2320 4314; x_wconf 89' lang='lat' dir='ltr'>omnes</span> <span class='ocrx_word' id='word_1_649' title='bbox 2355 4273 2629 4329; x_wconf 85' lang='lat' dir='ltr'>magnam</span> <span class='ocrx_word' id='word_1_650' title='bbox 2662 4256 3023 4312; x_wconf 85' lang='lat' dir='ltr'>hiemem.Et</span> <span class='ocrx_word' id='word_1_651' title='bbox 3051 4257 3109 4311; x_wconf 91' lang='lat' dir='ltr'>in</span> <span class='ocrx_word' id='word_1_652' title='bbox 3142 4273 3357 4328; x_wconf 86' lang='lat' dir='ltr'>magna</span> <span class='ocrx_word' id='word_1_653' title='bbox 3386 4257 3579 4313; x_wconf 91' lang='lat' dir='ltr'>hieme</span> <span class='ocrx_word' id='word_1_654' title='bbox 3609 4261 3769 4311; x_wconf 88' lang='lat' dir='ltr'>terra</span> 
     </span>
    </p>
   </div>
   <div class='ocr_carea' id='block_1_92' title="bbox 2117 4346 3768 4417">
    <p class='ocr_par' dir='ltr' id='par_1_92' title="bbox 2117 4346 3768 4417">
     <span class='ocr_line' id='line_1_92' title="bbox 2117 4346 3768 4417; baseline -0.002 -14"><span class='ocrx_word' id='word_1_655' title='bbox 2117 4347 2266 4403; x_wconf 90' lang='lat' dir='ltr'>mari</span> <span class='ocrx_word' id='word_1_656' title='bbox 2289 4347 2660 4413; x_wconf 87' lang='lat' dir='ltr'>obruetur,ut</span> <span class='ocrx_word' id='word_1_657' title='bbox 2677 4346 2734 4400; x_wconf 91' lang='lat' dir='ltr'>in</span> <span class='ocrx_word' id='word_1_658' title='bbox 2762 4362 2976 4417; x_wconf 88' lang='lat' dir='ltr'>magna</span> <span class='ocrx_word' id='word_1_659' title='bbox 2992 4351 3160 4402; x_wconf 79' lang='lat' dir='ltr'>aetate</span> <span class='ocrx_word' id='word_1_660' title='bbox 3176 4347 3569 4403; x_wconf 84' lang='lat' dir='ltr'>exsiccabitur</span> <span class='ocrx_word' id='word_1_661' title='bbox 3587 4363 3768 4401; x_wconf 90' lang='lat' dir='ltr'>mare.</span> 
     </span>
    </p>
   </div>
   <div class='ocr_carea' id='block_1_93' title="bbox 2402 4454 3481 4525">
    <p class='ocr_par' dir='ltr' id='par_1_93' title="bbox 2402 4454 3481 4525">
     <span class='ocr_line' id='line_1_93' title="bbox 2402 4454 3481 4525; baseline 0 -17"><span class='ocrx_word' id='word_1_662' title='bbox 2402 4454 2526 4508; x_wconf 67' lang='lat'>430.</span> <span class='ocrx_word' id='word_1_663' title='bbox 2563 4455 2743 4522; x_wconf 79' lang='lat' dir='ltr'>Quare</span> <span class='ocrx_word' id='word_1_664' title='bbox 2767 4455 2944 4509; x_wconf 80' lang='lat' dir='ltr'>maris</span> <span class='ocrx_word' id='word_1_665' title='bbox 2973 4469 3136 4525; x_wconf 73' lang='lat' dir='ltr'>aquae</span> <span class='ocrx_word' id='word_1_666' title='bbox 3163 4455 3320 4510; x_wconf 55' lang='lat' dir='ltr'>salsa</span> <span class='ocrx_word' id='word_1_667' title='bbox 3348 4456 3481 4510; x_wconf 82' lang='lat' dir='ltr'>sint.</span> 
     </span>
    </p>
   </div>
   <div class='ocr_carea' id='block_1_94' title="bbox 2193 4543 3772 4616">
    <p class='ocr_par' dir='ltr' id='par_1_94' title="bbox 2193 4543 3772 4616">
     <span class='ocr_line' id='line_1_94' title="bbox 2193 4543 3772 4616; baseline 0.002 -20"><span class='ocrx_word' id='word_1_668' title='bbox 2193 4549 2360 4614; x_wconf 81' lang='lat' dir='ltr'>Aqua</span> <span class='ocrx_word' id='word_1_669' title='bbox 2406 4543 2632 4597; x_wconf 84' lang='lat' dir='ltr'>marina</span> <span class='ocrx_word' id='word_1_670' title='bbox 2684 4543 2840 4599; x_wconf 87' lang='lat' dir='ltr'>salsa</span> <span class='ocrx_word' id='word_1_671' title='bbox 2887 4549 2999 4613; x_wconf 87' lang='lat' dir='ltr'>est,</span> <span class='ocrx_word' id='word_1_672' title='bbox 3051 4543 3324 4613; x_wconf 88' lang='lat' dir='ltr'>quoniam</span> <span class='ocrx_word' id='word_1_673' title='bbox 3384 4559 3631 4616; x_wconf 85' lang='lat' dir='ltr'>vapores</span> <span class='ocrx_word' id='word_1_674' title='bbox 3685 4545 3772 4599; x_wconf 83' lang='lat' dir='ltr'>fu-</span> 
     </span>
    </p>
   </div>
   <div class='ocr_carea' id='block_1_95' title="bbox 2118 4633 3776 4706">
    <p class='ocr_par' dir='ltr' id='par_1_95' title="bbox 2118 4633 3776 4706">
     <span class='ocr_line' id='line_1_95' title="bbox 2118 4633 3776 4706; baseline 0 -18"><span class='ocrx_word' id='word_1_675' title='bbox 2118 4634 2264 4688; x_wconf 88' lang='lat' dir='ltr'>mosi</span> <span class='ocrx_word' id='word_1_676' title='bbox 2301 4637 2586 4703; x_wconf 87' lang='lat' dir='ltr'>tanquam</span> <span class='ocrx_word' id='word_1_677' title='bbox 2616 4633 2861 4688; x_wconf 86' lang='lat' dir='ltr'>materia</span> <span class='ocrx_word' id='word_1_678' title='bbox 2893 4649 3008 4688; x_wconf 90' lang='lat' dir='ltr'>non</span> <span class='ocrx_word' id='word_1_679' title='bbox 3040 4634 3184 4688; x_wconf 83' lang='lat' dir='ltr'>satis</span> <span class='ocrx_word' id='word_1_680' title='bbox 3217 4637 3383 4689; x_wconf 85' lang='lat' dir='ltr'>cocta</span> <span class='ocrx_word' id='word_1_681' title='bbox 3429 4651 3496 4689; x_wconf 90' lang='lat' dir='ltr'>ac</span> <span class='ocrx_word' id='word_1_682' title='bbox 3549 4634 3776 4706; x_wconf 88' lang='lat' dir='ltr'>digesta</span> 
     </span>
    </p>
   </div>
   <div class='ocr_carea' id='block_1_96' title="bbox 338 4693 1990 4795">
    <p class='ocr_par' dir='ltr' id='par_1_96' title="bbox 338 4715 1990 4795">
     <span class='ocr_line' id='line_1_96' title="bbox 338 4715 1990 4795; baseline 0.001 -23"><span class='ocrx_word' id='word_1_683' title='bbox 338 4723 412 4792; x_wconf 75' lang='grc' dir='ltr'>τῇ</span> <span class='ocrx_word' id='word_1_684' title='bbox 471 4717 711 4791; x_wconf 77' lang='grc' dir='ltr'>θαλάσσῃ</span> <span class='ocrx_word' id='word_1_685' title='bbox 777 4721 928 4770; x_wconf 89' lang='grc' dir='ltr'>ποιεῖ</span> <span class='ocrx_word' id='word_1_686' title='bbox 982 4715 1147 4785; x_wconf 77' lang='grc' dir='ltr'>αὐτὴν</span> <span class='ocrx_word' id='word_1_687' title='bbox 1210 4715 1460 4793; x_wconf 73' lang='grc' dir='ltr'>ἁλμυρὰν</span> <span class='ocrx_word' id='word_1_688' title='bbox 1519 4717 1607 4773; x_wconf 85' lang='grc' dir='ltr'>καὶ</span> <span class='ocrx_word' id='word_1_689' title='bbox 1644 4721 1884 4795; x_wconf 85' lang='grc' dir='ltr'>βαρεῖαν.</span> <span class='ocrx_word' id='word_1_690' title='bbox 1945 4720 1990 4774; x_wconf 76' lang='lat' dir='ltr'>&#39;E</span> 
     </span>
    </p>
   </div>
   <div class='ocr_carea' id='block_1_97' title="bbox 2105 4693 3773 4795">
    <p class='ocr_par' dir='ltr' id='par_1_97' title="bbox 2125 4722 3773 4795">
     <span class='ocr_line' id='line_1_97' title="bbox 2125 4722 3773 4795; baseline -0.001 -19"><span class='ocrx_word' id='word_1_691' title='bbox 2125 4723 2271 4777; x_wconf 88' lang='lat' dir='ltr'>mari</span> <span class='ocrx_word' id='word_1_692' title='bbox 2304 4722 2630 4777; x_wconf 57' lang='lat' dir='ltr'>inciduntes</span> <span class='ocrx_word' id='word_1_693' title='bbox 2661 4739 2789 4778; x_wconf 77' lang='lat' dir='ltr'>eam</span> <span class='ocrx_word' id='word_1_694' title='bbox 2832 4723 3047 4778; x_wconf 79' lang='lat' dir='ltr'>salsam</span> <span class='ocrx_word' id='word_1_695' title='bbox 3099 4739 3451 4795; x_wconf 83' lang='lat' dir='ltr'>gravemque</span> <span class='ocrx_word' id='word_1_696' title='bbox 3501 4725 3773 4779; x_wconf 88' lang='lat' dir='ltr'>reddunt.</span> 
     </span>
    </p>
   </div>
   <div class='ocr_carea' id='block_1_98' title="bbox 345 4803 2005 4883">
    <p class='ocr_par' dir='ltr' id='par_1_98' title="bbox 345 4803 2005 4883">
     <span class='ocr_line' id='line_1_98' title="bbox 345 4803 2005 4883; baseline 0 -21"><span class='ocrx_word' id='word_1_697' title='bbox 345 4807 486 4876; x_wconf 74' lang='grc' dir='ltr'>αὐτὴ</span> <span class='ocrx_word' id='word_1_698' title='bbox 520 4803 576 4861; x_wconf 73' lang='grc' dir='ltr'>δὲ</span> <span class='ocrx_word' id='word_1_699' title='bbox 607 4804 965 4879; x_wconf 81' lang='grc' dir='ltr'>ἀναθυμίασις</span> <span class='ocrx_word' id='word_1_700' title='bbox 998 4805 1256 4879; x_wconf 86' lang='grc' dir='ltr'>ἀπόγειος</span> <span class='ocrx_word' id='word_1_701' title='bbox 1287 4808 1551 4882; x_wconf 79' lang='grc' dir='ltr'>γινομένη</span> <span class='ocrx_word' id='word_1_702' title='bbox 1580 4808 1670 4862; x_wconf 81' lang='grc' dir='ltr'>καὶ</span> <span class='ocrx_word' id='word_1_703' title='bbox 1705 4806 2005 4883; x_wconf 82' lang='grc' dir='ltr'>μιγνυμένη</span> 
     </span>
    </p>
   </div>
   <div class='ocr_carea' id='block_1_99' title="bbox 344 4895 2008 4972">
    <p class='ocr_par' dir='ltr' id='par_1_99' title="bbox 344 4895 2008 4972">
     <span class='ocr_line' id='line_1_99' title="bbox 344 4895 2008 4972; baseline 0.001 -20"><span class='ocrx_word' id='word_1_704' title='bbox 344 4901 462 4959; x_wconf 85' lang='grc' dir='ltr'>τοῖς</span> <span class='ocrx_word' id='word_1_705' title='bbox 522 4900 753 4972; x_wconf 82' lang='grc' dir='ltr'>θερινοῖς</span> <span class='ocrx_word' id='word_1_706' title='bbox 800 4895 892 4949; x_wconf 78' lang='grc' dir='ltr'>καὶ</span> <span class='ocrx_word' id='word_1_707' title='bbox 963 4901 1364 4971; x_wconf 83' lang='grc' dir='ltr'>μετοπωρινοῖς</span> <span class='ocrx_word' id='word_1_708' title='bbox 1426 4897 1601 4960; x_wconf 78' lang='grc' dir='ltr'>ὑετοῖς</span> <span class='ocrx_word' id='word_1_709' title='bbox 1632 4903 1783 4952; x_wconf 89' lang='grc' dir='ltr'>ποιεῖ</span> <span class='ocrx_word' id='word_1_710' title='bbox 1808 4897 2008 4960; x_wconf 82' lang='grc' dir='ltr'>αὐτοὺς</span> 
     </span>
    </p>
   </div>
   <div class='ocr_carea' id='block_1_100' title="bbox 352 4981 2012 5062">
    <p class='ocr_par' dir='ltr' id='par_1_100' title="bbox 352 4981 2012 5062">
     <span class='ocr_line' id='line_1_100' title="bbox 352 4981 2012 5062; baseline 0.001 -21"><span class='ocrx_word' id='word_1_711' title='bbox 352 4985 730 5062; x_wconf 74' lang='grc' dir='ltr'>ἀλμυροός.0ἰ</span> <span class='ocrx_word' id='word_1_712' title='bbox 763 4981 820 5038; x_wconf 70' lang='grc' dir='ltr'>δὲ</span> <span class='ocrx_word' id='word_1_713' title='bbox 845 4983 1086 5056; x_wconf 86' lang='grc' dir='ltr'>ποταμοὶ</span> <span class='ocrx_word' id='word_1_714' title='bbox 1121 4982 1182 5038; x_wconf 80' lang='grc' dir='ltr'>οὗ</span> <span class='ocrx_word' id='word_1_715' title='bbox 1213 4985 1488 5061; x_wconf 81' lang='grc' dir='ltr'>πάσχουσι</span> <span class='ocrx_word' id='word_1_716' title='bbox 1518 4988 1617 5056; x_wconf 76' lang='grc' dir='ltr'>τήν</span> <span class='ocrx_word' id='word_1_717' title='bbox 1650 4985 2012 5062; x_wconf 81' lang='grc' dir='ltr'>ἀλμυρότητα</span> 
     </span>
    </p>
   </div>
   <div class='ocr_carea' id='block_1_101' title="bbox 354 5070 2011 5152">
    <p class='ocr_par' dir='ltr' id='par_1_101' title="bbox 354 5070 2011 5152">
     <span class='ocr_line' id='line_1_101' title="bbox 354 5070 2011 5152; baseline 0.002 -24"><span class='ocrx_word' id='word_1_718' title='bbox 354 5070 439 5128; x_wconf 76' lang='grc' dir='ltr'>διὰ</span> <span class='ocrx_word' id='word_1_719' title='bbox 492 5074 594 5144; x_wconf 76' lang='grc' dir='ltr'>τὴν</span> <span class='ocrx_word' id='word_1_720' title='bbox 656 5073 931 5128; x_wconf 82' lang='grc' dir='ltr'>ἄπαυστον</span> <span class='ocrx_word' id='word_1_721' title='bbox 993 5071 1173 5126; x_wconf 78' lang='grc' dir='ltr'>αὐτῶν</span> <span class='ocrx_word' id='word_1_722' title='bbox 1230 5071 1430 5148; x_wconf 73' lang='grc' dir='ltr'>ῥεῦσιν.</span> <span class='ocrx_word' id='word_1_723' title='bbox 1466 5076 1582 5150; x_wconf 84' lang='grc' dir='ltr'>Χρή</span> <span class='ocrx_word' id='word_1_724' title='bbox 1613 5077 1716 5152; x_wconf 81' lang='grc' dir='ltr'>γὰρ</span> <span class='ocrx_word' id='word_1_725' title='bbox 1751 5077 2011 5141; x_wconf 87' lang='grc' dir='ltr'>στάσεως,</span> 
     </span>
    </p>
   </div>
   <div class='ocr_carea' id='block_1_102' title="bbox 352 5161 2012 5238">
    <p class='ocr_par' dir='ltr' id='par_1_102' title="bbox 352 5161 2012 5238">
     <span class='ocr_line' id='line_1_102' title="bbox 352 5161 2012 5238; baseline 0.002 -21"><span class='ocrx_word' id='word_1_726' title='bbox 352 5163 442 5217; x_wconf 73' lang='grc' dir='ltr'>ἱνα</span> <span class='ocrx_word' id='word_1_727' title='bbox 495 5163 717 5238; x_wconf 80' lang='grc' dir='ltr'>γένηται</span> <span class='ocrx_word' id='word_1_728' title='bbox 773 5163 808 5230; x_wconf 75' lang='grc' dir='ltr'><strong>ἡ</strong></span> <span class='ocrx_word' id='word_1_729' title='bbox 866 5165 1055 5235; x_wconf 77' lang='grc' dir='ltr'>κρᾶσις</span> <span class='ocrx_word' id='word_1_730' title='bbox 1083 5166 1186 5232; x_wconf 81' lang='grc' dir='ltr'>τῆς</span> <span class='ocrx_word' id='word_1_731' title='bbox 1225 5161 1545 5227; x_wconf 81' lang='grc' dir='ltr'>καπνώδους</span> <span class='ocrx_word' id='word_1_732' title='bbox 1600 5164 2012 5238; x_wconf 85' lang='grc' dir='ltr'>ἀναθυμιάσεως</span> 
     </span>
    </p>
   </div>
   <div class='ocr_carea' id='block_1_103' title="bbox 346 5244 2015 5328">
    <p class='ocr_par' dir='ltr' id='par_1_103' title="bbox 346 5244 2015 5328">
     <span class='ocr_line' id='line_1_103' title="bbox 346 5244 2015 5328; baseline 0.004 -25"><span class='ocrx_word' id='word_1_733' title='bbox 346 5255 467 5312; x_wconf 84' lang='grc' dir='ltr'>τοῖς</span> <span class='ocrx_word' id='word_1_734' title='bbox 518 5247 900 5322; x_wconf 75' lang='grc' dir='ltr'>ὑποκειμένοις</span> <span class='ocrx_word' id='word_1_735' title='bbox 931 5244 1138 5304; x_wconf 75' lang='grc' dir='ltr'>ὕδασιν.</span> <span class='ocrx_word' id='word_1_736' title='bbox 1183 5247 1370 5306; x_wconf 69' lang='grc' dir='ltr'>Α’ίτιον</span> <span class='ocrx_word' id='word_1_737' title='bbox 1401 5249 1458 5306; x_wconf 73' lang='grc' dir='ltr'>δὲ</span> <span class='ocrx_word' id='word_1_738' title='bbox 1496 5256 1598 5318; x_wconf 80' lang='grc' dir='ltr'>τῆς</span> <span class='ocrx_word' id='word_1_739' title='bbox 1629 5251 2015 5328; x_wconf 79' lang='grc' dir='ltr'>ἀλμυρότητος</span> 
     </span>
    </p>
   </div>
   <div class='ocr_carea' id='block_1_104' title="bbox 343 5336 2014 5417">
    <p class='ocr_par' dir='ltr' id='par_1_104' title="bbox 343 5336 2014 5417">
     <span class='ocr_line' id='line_1_104' title="bbox 343 5336 2014 5417; baseline 0.002 -23"><span class='ocrx_word' id='word_1_740' title='bbox 343 5340 436 5395; x_wconf 80' lang='grc' dir='ltr'>καὶ</span> <span class='ocrx_word' id='word_1_741' title='bbox 494 5341 522 5394; x_wconf 84' lang='grc' dir='ltr'>ὁ</span> <span class='ocrx_word' id='word_1_742' title='bbox 574 5337 761 5410; x_wconf 79' lang='grc' dir='ltr'>ἠλιος.</span> <span class='ocrx_word' id='word_1_743' title='bbox 794 5339 878 5412; x_wconf 53' lang='grc' dir='ltr'>Ἰλῇ</span> <span class='ocrx_word' id='word_1_744' title='bbox 903 5337 1008 5413; x_wconf 74' lang='grc' dir='ltr'>γὰρ</span> <span class='ocrx_word' id='word_1_745' title='bbox 1048 5336 1222 5410; x_wconf 76' lang='grc' dir='ltr'>οἶκείᾳ</span> <span class='ocrx_word' id='word_1_746' title='bbox 1254 5339 1552 5417; x_wconf 87' lang='grc' dir='ltr'>θερμότητι</span> <span class='ocrx_word' id='word_1_747' title='bbox 1584 5341 1883 5415; x_wconf 80' lang='grc' dir='ltr'>ἐξατμίζων</span> <span class='ocrx_word' id='word_1_748' title='bbox 1914 5345 2014 5413; x_wconf 77' lang='grc' dir='ltr'>τήν</span> 
     </span>
    </p>
   </div>
   <div class='ocr_carea' id='block_1_105' title="bbox 343 5424 2014 5510">
    <p class='ocr_par' dir='ltr' id='par_1_105' title="bbox 343 5424 2014 5510">
     <span class='ocr_line' id='line_1_105' title="bbox 343 5424 2014 5510; baseline 0.003 -28"><span class='ocrx_word' id='word_1_749' title='bbox 343 5424 648 5495; x_wconf 78' lang='grc' dir='ltr'>Θάλασσαν,</span> <span class='ocrx_word' id='word_1_750' title='bbox 707 5425 799 5481; x_wconf 90' lang='grc' dir='ltr'>καὶ</span> <span class='ocrx_word' id='word_1_751' title='bbox 855 5425 918 5480; x_wconf 87' lang='grc' dir='ltr'>τὸ</span> <span class='ocrx_word' id='word_1_752' title='bbox 975 5424 1308 5502; x_wconf 71' lang='grc' dir='ltr'>γλυκύτερον</span> <span class='ocrx_word' id='word_1_753' title='bbox 1371 5428 1537 5505; x_wconf 72' lang='grc' dir='ltr'>α’ίρων</span> <span class='ocrx_word' id='word_1_754' title='bbox 1589 5432 1679 5487; x_wconf 82' lang='grc' dir='ltr'>καὶ</span> <span class='ocrx_word' id='word_1_755' title='bbox 1737 5432 2014 5510; x_wconf 70' lang='grc' dir='ltr'>κουφίζων</span> 
     </span>
    </p>
   </div>
   <div class='ocr_carea' id='block_1_106' title="bbox 346 5512 2015 5600">
    <p class='ocr_par' dir='ltr' id='par_1_106' title="bbox 346 5512 2015 5600">
     <span class='ocr_line' id='line_1_106' title="bbox 346 5512 2015 5600; baseline 0.005 -30"><span class='ocrx_word' id='word_1_756' title='bbox 346 5516 486 5590; x_wconf 83' lang='grc' dir='ltr'>πρὸς</span> <span class='ocrx_word' id='word_1_757' title='bbox 527 5517 621 5571; x_wconf 83' lang='grc' dir='ltr'>τὸν</span> <span class='ocrx_word' id='word_1_758' title='bbox 645 5516 797 5590; x_wconf 83' lang='grc' dir='ltr'>ἀέρα,</span> <span class='ocrx_word' id='word_1_759' title='bbox 828 5512 978 5570; x_wconf 84' lang='grc' dir='ltr'>κάτω</span> <span class='ocrx_word' id='word_1_760' title='bbox 1008 5514 1386 5594; x_wconf 87' lang='grc' dir='ltr'>ἀλμυρότερον</span> <span class='ocrx_word' id='word_1_761' title='bbox 1444 5518 1504 5590; x_wconf 77' lang='grc' dir='ltr'>ἐᾷ</span> <span class='ocrx_word' id='word_1_762' title='bbox 1553 5521 1646 5576; x_wconf 79' lang='grc' dir='ltr'>καὶ</span> <span class='ocrx_word' id='word_1_763' title='bbox 1699 5523 2015 5600; x_wconf 72' lang='grc' dir='ltr'>βαρύτερον.</span> 
     </span>
    </p>
   </div>
   <div class='ocr_carea' id='block_1_107' title="bbox 350 5601 2015 5689">
    <p class='ocr_par' dir='ltr' id='par_1_107' title="bbox 350 5601 2015 5689">
     <span class='ocr_line' id='line_1_107' title="bbox 350 5601 2015 5689; baseline 0.004 -29"><span class='ocrx_word' id='word_1_764' title='bbox 350 5605 475 5661; x_wconf 86' lang='grc' dir='ltr'>Ὅτι</span> <span class='ocrx_word' id='word_1_765' title='bbox 536 5602 596 5660; x_wconf 70' lang='grc' dir='ltr'>δὲ</span> <span class='ocrx_word' id='word_1_766' title='bbox 623 5601 934 5680; x_wconf 78' lang='grc' dir='ltr'>παχύτερόν</span> <span class='ocrx_word' id='word_1_767' title='bbox 984 5602 1094 5659; x_wconf 80' lang='grc' dir='ltr'>ἐστι</span> <span class='ocrx_word' id='word_1_768' title='bbox 1143 5605 1205 5660; x_wconf 87' lang='grc' dir='ltr'>τὸ</span> <span class='ocrx_word' id='word_1_769' title='bbox 1249 5606 1538 5671; x_wconf 82' lang='grc' dir='ltr'>θαλάττιον</span> <span class='ocrx_word' id='word_1_770' title='bbox 1599 5608 1746 5689; x_wconf 81' lang='grc' dir='ltr'>ὕδωρ</span> <span class='ocrx_word' id='word_1_771' title='bbox 1777 5616 1884 5667; x_wconf 78' lang='grc' dir='ltr'>τῶν</span> <span class='ocrx_word' id='word_1_772' title='bbox 1919 5633 2015 5668; x_wconf 86' lang='grc' dir='ltr'>πο-</span> 
     </span>
    </p>
   </div>
   <div class='ocr_carea' id='block_1_108' title="bbox 429 5785 970 5862">
    <p class='ocr_par' dir='ltr' id='par_1_108' title="bbox 429 5785 970 5862">
     <span class='ocr_line' id='line_1_108' title="bbox 429 5785 970 5862; baseline 0.002 -21"><span class='ocrx_word' id='word_1_773' title='bbox 429 5785 510 5862; x_wconf 83' lang='grc'>(9)</span> <span class='ocrx_word' id='word_1_774' title='bbox 539 5785 691 5844; x_wconf 87' lang='lat' dir='ltr'>Psal.</span> <span class='ocrx_word' id='word_1_775' title='bbox 727 5803 850 5858; x_wconf 81' lang='lat' dir='ltr'>cut,</span> <span class='ocrx_word' id='word_1_776' title='bbox 881 5785 970 5842; x_wconf 88' lang='lat'>32.</span> 
     </span>
    </p>
   </div>
   <div class='ocr_carea' id='block_1_109' title="bbox 2117 4811 3780 4883">
    <p class='ocr_par' dir='ltr' id='par_1_109' title="bbox 2117 4811 3780 4883">
     <span class='ocr_line' id='line_1_109' title="bbox 2117 4811 3780 4883; baseline 0.001 -17"><span class='ocrx_word' id='word_1_777' title='bbox 2117 4811 2351 4867; x_wconf 82' lang='lat' dir='ltr'>Similes</span> <span class='ocrx_word' id='word_1_778' title='bbox 2375 4811 2778 4868; x_wconf 77' lang='lat' dir='ltr'>exhalationes</span> <span class='ocrx_word' id='word_1_779' title='bbox 2809 4831 2838 4869; x_wconf 91' lang='lat' dir='ltr'>e</span> <span class='ocrx_word' id='word_1_780' title='bbox 2872 4816 3023 4868; x_wconf 86' lang='lat' dir='ltr'>terra</span> <span class='ocrx_word' id='word_1_781' title='bbox 3049 4814 3207 4868; x_wconf 55' lang='lat' dir='ltr'>facta</span> <span class='ocrx_word' id='word_1_782' title='bbox 3233 4814 3541 4883; x_wconf 72' lang='lat' dir='ltr'>mistaeque</span> <span class='ocrx_word' id='word_1_783' title='bbox 3563 4813 3780 4868; x_wconf 72' lang='lat' dir='ltr'>aestivis</span> 
     </span>
    </p>
   </div>
   <div class='ocr_carea' id='block_1_110' title="bbox 2121 4900 3786 4974">
    <p class='ocr_par' dir='ltr' id='par_1_110' title="bbox 2121 4900 3786 4974">
     <span class='ocr_line' id='line_1_110' title="bbox 2121 4900 3786 4974; baseline 0 -18"><span class='ocrx_word' id='word_1_784' title='bbox 2121 4904 2177 4956; x_wconf 89' lang='lat' dir='ltr'>et</span> <span class='ocrx_word' id='word_1_785' title='bbox 2211 4900 2660 4957; x_wconf 85' lang='lat' dir='ltr'>autumnalibus</span> <span class='ocrx_word' id='word_1_786' title='bbox 2693 4901 2932 4974; x_wconf 84' lang='lat' dir='ltr'>pluviis,</span> <span class='ocrx_word' id='word_1_787' title='bbox 2966 4903 3152 4957; x_wconf 85' lang='lat' dir='ltr'>salsas</span> <span class='ocrx_word' id='word_1_788' title='bbox 3184 4919 3283 4958; x_wconf 84' lang='lat' dir='ltr'>eas</span> <span class='ocrx_word' id='word_1_789' title='bbox 3317 4902 3786 4957; x_wconf 83' lang='lat' dir='ltr'>reddunt.Fluvii</span> 
     </span>
    </p>
   </div>
   <div class='ocr_carea' id='block_1_111' title="bbox 2123 4991 3783 5064">
    <p class='ocr_par' dir='ltr' id='par_1_111' title="bbox 2123 4991 3783 5064">
     <span class='ocr_line' id='line_1_111' title="bbox 2123 4991 3783 5064; baseline 0.001 -20"><span class='ocrx_word' id='word_1_790' title='bbox 2123 4994 2320 5045; x_wconf 89' lang='lat' dir='ltr'>autem</span> <span class='ocrx_word' id='word_1_791' title='bbox 2367 4991 2663 5047; x_wconf 88' lang='lat' dir='ltr'>salsedine</span> <span class='ocrx_word' id='word_1_792' title='bbox 2713 5009 2828 5046; x_wconf 89' lang='lat' dir='ltr'>non</span> <span class='ocrx_word' id='word_1_793' title='bbox 2887 4992 3228 5046; x_wconf 70' lang='lat' dir='ltr'>afﬁciuntur</span> <span class='ocrx_word' id='word_1_794' title='bbox 3275 4997 3514 5064; x_wconf 80' lang='lat' dir='ltr'>propter</span> <span class='ocrx_word' id='word_1_795' title='bbox 3560 4995 3783 5046; x_wconf 84' lang='lat' dir='ltr'>ﬂuxum</span> 
     </span>
    </p>
   </div>
   <div class='ocr_carea' id='block_1_112' title="bbox 2124 5081 3786 5153">
    <p class='ocr_par' dir='ltr' id='par_1_112' title="bbox 2124 5081 3786 5153">
     <span class='ocr_line' id='line_1_112' title="bbox 2124 5081 3786 5153; baseline 0.001 -19"><span class='ocrx_word' id='word_1_796' title='bbox 2124 5096 2298 5134; x_wconf 89' lang='lat' dir='ltr'>suum</span> <span class='ocrx_word' id='word_1_797' title='bbox 2323 5081 2691 5135; x_wconf 89' lang='lat' dir='ltr'>continuum.</span> <span class='ocrx_word' id='word_1_798' title='bbox 2724 5081 3050 5136; x_wconf 86' lang='lat' dir='ltr'>Stabilitate</span> <span class='ocrx_word' id='word_1_799' title='bbox 3080 5081 3240 5136; x_wconf 90' lang='lat' dir='ltr'>enim</span> <span class='ocrx_word' id='word_1_800' title='bbox 3273 5098 3422 5153; x_wconf 90' lang='lat' dir='ltr'>opus</span> <span class='ocrx_word' id='word_1_801' title='bbox 3453 5085 3633 5151; x_wconf 87' lang='lat' dir='ltr'>est,ut</span> <span class='ocrx_word' id='word_1_802' title='bbox 3665 5082 3786 5136; x_wconf 87' lang='lat' dir='ltr'>fu--</span> 
     </span>
    </p>
   </div>
   <div class='ocr_carea' id='block_1_113' title="bbox 2127 5169 3783 5242">
    <p class='ocr_par' dir='ltr' id='par_1_113' title="bbox 2127 5169 3783 5242">
     <span class='ocr_line' id='line_1_113' title="bbox 2127 5169 3783 5242; baseline 0.002 -19"><span class='ocrx_word' id='word_1_803' title='bbox 2127 5185 2301 5224; x_wconf 69' lang='lat' dir='ltr'>mosaa</span> <span class='ocrx_word' id='word_1_804' title='bbox 2331 5172 2442 5224; x_wconf 74' lang='lat' dir='ltr'>illa:</span> <span class='ocrx_word' id='word_1_805' title='bbox 2474 5169 2871 5227; x_wconf 84' lang='lat' dir='ltr'>exhalationes</span> <span class='ocrx_word' id='word_1_806' title='bbox 2902 5171 3182 5241; x_wconf 81' lang='lat' dir='ltr'>subjectis</span> <span class='ocrx_word' id='word_1_807' title='bbox 3206 5171 3376 5242; x_wconf 89' lang='lat' dir='ltr'>aquis</span> <span class='ocrx_word' id='word_1_808' title='bbox 3401 5171 3783 5228; x_wconf 88' lang='lat' dir='ltr'>misceantur.</span> 
     </span>
    </p>
   </div>
   <div class='ocr_carea' id='block_1_114' title="bbox 2126 5258 3780 5316">
    <p class='ocr_par' dir='ltr' id='par_1_114' title="bbox 2126 5258 3780 5316">
     <span class='ocr_line' id='line_1_114' title="bbox 2126 5258 3780 5316; baseline 0.002 -3"><span class='ocrx_word' id='word_1_809' title='bbox 2126 5258 2456 5314; x_wconf 85' lang='lat' dir='ltr'>Salsedinis</span> <span class='ocrx_word' id='word_1_810' title='bbox 2478 5259 2654 5314; x_wconf 83' lang='lat' dir='ltr'>etiam</span> <span class='ocrx_word' id='word_1_811' title='bbox 2680 5277 2860 5316; x_wconf 89' lang='lat' dir='ltr'>causa</span> <span class='ocrx_word' id='word_1_812' title='bbox 2882 5267 2971 5316; x_wconf 90' lang='lat' dir='ltr'>est</span> <span class='ocrx_word' id='word_1_813' title='bbox 2994 5261 3101 5315; x_wconf 90' lang='lat' dir='ltr'>sol.</span> <span class='ocrx_word' id='word_1_814' title='bbox 3135 5259 3338 5315; x_wconf 78' lang='lat' dir='ltr'>Calore</span> <span class='ocrx_word' id='word_1_815' title='bbox 3359 5261 3513 5316; x_wconf 89' lang='lat' dir='ltr'>enim</span> <span class='ocrx_word' id='word_1_816' title='bbox 3545 5279 3652 5316; x_wconf 91' lang='lat' dir='ltr'>suo</span> <span class='ocrx_word' id='word_1_817' title='bbox 3684 5279 3780 5316; x_wconf 86' lang='lat' dir='ltr'>va-</span> 
     </span>
    </p>
   </div>
   <div class='ocr_carea' id='block_1_115' title="bbox 2128 5349 3787 5422">
    <p class='ocr_par' dir='ltr' id='par_1_115' title="bbox 2128 5349 3787 5422">
     <span class='ocr_line' id='line_1_115' title="bbox 2128 5349 3787 5422; baseline 0.001 -18"><span class='ocrx_word' id='word_1_818' title='bbox 2128 5364 2298 5420; x_wconf 88' lang='lat' dir='ltr'>pores</span> <span class='ocrx_word' id='word_1_819' title='bbox 2326 5365 2354 5403; x_wconf 94' lang='lat' dir='ltr'>e</span> <span class='ocrx_word' id='word_1_820' title='bbox 2378 5349 2521 5404; x_wconf 92' lang='lat' dir='ltr'>mari</span> <span class='ocrx_word' id='word_1_821' title='bbox 2544 5349 2783 5405; x_wconf 80' lang='lat' dir='ltr'>eiiciens</span> <span class='ocrx_word' id='word_1_822' title='bbox 2807 5349 3217 5422; x_wconf 87' lang='lat' dir='ltr'>dulcioresque</span> <span class='ocrx_word' id='word_1_823' title='bbox 3241 5355 3435 5422; x_wconf 86' lang='lat' dir='ltr'>partes</span> <span class='ocrx_word' id='word_1_824' title='bbox 3467 5350 3699 5407; x_wconf 88' lang='lat' dir='ltr'>elevans</span> <span class='ocrx_word' id='word_1_825' title='bbox 3729 5357 3787 5406; x_wconf 89' lang='lat' dir='ltr'>et</span> 
     </span>
    </p>
   </div>
   <div class='ocr_carea' id='block_1_116' title="bbox 2125 5437 3785 5513">
    <p class='ocr_par' dir='ltr' id='par_1_116' title="bbox 2125 5437 3785 5513">
     <span class='ocr_line' id='line_1_116' title="bbox 2125 5437 3785 5513; baseline 0.003 -21"><span class='ocrx_word' id='word_1_826' title='bbox 2125 5437 2400 5493; x_wconf 84' lang='lat' dir='ltr'>attollens</span> <span class='ocrx_word' id='word_1_827' title='bbox 2434 5438 2489 5493; x_wconf 92' lang='lat' dir='ltr'>in</span> <span class='ocrx_word' id='word_1_828' title='bbox 2525 5455 2751 5509; x_wconf 85' lang='lat' dir='ltr'>auram,</span> <span class='ocrx_word' id='word_1_829' title='bbox 2785 5439 3060 5496; x_wconf 87' lang='lat' dir='ltr'>salsiores</span> <span class='ocrx_word' id='word_1_830' title='bbox 3089 5445 3145 5495; x_wconf 81' lang='lat' dir='ltr'>et</span> <span class='ocrx_word' id='word_1_831' title='bbox 3191 5441 3489 5513; x_wconf 82' lang='lat' dir='ltr'>graviores</span> <span class='ocrx_word' id='word_1_832' title='bbox 3536 5441 3785 5498; x_wconf 79' lang='lat' dir='ltr'>inferius</span> 
     </span>
    </p>
   </div>
   <div class='ocr_carea' id='block_1_117' title="bbox 2127 5526 3785 5602">
    <p class='ocr_par' dir='ltr' id='par_1_117' title="bbox 2127 5526 3785 5602">
     <span class='ocr_line' id='line_1_117' title="bbox 2127 5526 3785 5602; baseline 0.004 -21"><span class='ocrx_word' id='word_1_833' title='bbox 2127 5526 2435 5599; x_wconf 87' lang='lat' dir='ltr'>relinquit.</span> <span class='ocrx_word' id='word_1_834' title='bbox 2485 5528 2645 5591; x_wconf 88' lang='lat' dir='ltr'>Quod</span> <span class='ocrx_word' id='word_1_835' title='bbox 2706 5546 2840 5584; x_wconf 86' lang='lat' dir='ltr'>vero</span> <span class='ocrx_word' id='word_1_836' title='bbox 2891 5530 3134 5585; x_wconf 66' lang='lat' dir='ltr'>marina</span> <span class='ocrx_word' id='word_1_837' title='bbox 3183 5547 3348 5602; x_wconf 85' lang='lat' dir='ltr'>aquae</span> <span class='ocrx_word' id='word_1_838' title='bbox 3399 5530 3785 5587; x_wconf 88' lang='lat' dir='ltr'>ﬂuviatilibus</span> 
     </span>
    </p>
   </div>
   <div class='ocr_carea' id='block_1_118' title="bbox 2131 5618 3784 5691">
    <p class='ocr_par' dir='ltr' id='par_1_118' title="bbox 2131 5618 3784 5691">
     <span class='ocr_line' id='line_1_118' title="bbox 2131 5618 3784 5691; baseline 0.003 -20"><span class='ocrx_word' id='word_1_839' title='bbox 2131 5619 2450 5674; x_wconf 86' lang='lat' dir='ltr'>crassiores</span> <span class='ocrx_word' id='word_1_840' title='bbox 2482 5621 2643 5685; x_wconf 88' lang='lat' dir='ltr'>sunt,</span> <span class='ocrx_word' id='word_1_841' title='bbox 2676 5619 2746 5673; x_wconf 91' lang='lat' dir='ltr'>ad</span> <span class='ocrx_word' id='word_1_842' title='bbox 2781 5635 3023 5675; x_wconf 87' lang='lat' dir='ltr'>sensum</span> <span class='ocrx_word' id='word_1_843' title='bbox 3054 5618 3248 5691; x_wconf 88' lang='lat' dir='ltr'>ipsum</span> <span class='ocrx_word' id='word_1_844' title='bbox 3281 5624 3434 5691; x_wconf 83' lang='lat' dir='ltr'>pate;</span> <span class='ocrx_word' id='word_1_845' title='bbox 3470 5635 3596 5691; x_wconf 71' lang='lat' dir='ltr'>quae</span> <span class='ocrx_word' id='word_1_846' title='bbox 3627 5620 3784 5676; x_wconf 88' lang='lat' dir='ltr'>enim</span> 
     </span>
    </p>
   </div>
  </div>
