  <div class='ocr_page' id='page_1' title='image "/cluster/home/n/w/nwhite01/storage/ocr_20150623/122:no.2/coo.31924054870278/391.png"; bbox 0 0 4100 6402; ppageno 0'>
   <div class='ocr_carea' id='block_1_1' title="bbox 357 411 479 474">
    <p class='ocr_par' dir='ltr' id='par_1_1' title="bbox 357 411 479 474">
     <span class='ocr_line' id='line_1_1' title="bbox 357 411 479 474; baseline -0.016 0"><span class='ocrx_word' id='word_1_1' title='bbox 357 411 479 474; x_wconf 84' lang='lat'><strong>767</strong></span> 
     </span>
    </p>
   </div>
   <div class='ocr_carea' id='block_1_2' title="bbox 1706 412 2459 485">
    <p class='ocr_par' dir='ltr' id='par_1_2' title="bbox 1706 412 2459 485">
     <span class='ocr_line' id='line_1_2' title="bbox 1706 412 2459 485; baseline 0.013 -10"><span class='ocrx_word' id='word_1_2' title='bbox 1706 412 2138 481; x_wconf 83' lang='lat' dir='ltr'>MIGHAELIS</span> <span class='ocrx_word' id='word_1_3' title='bbox 2183 418 2459 485; x_wconf 84' lang='lat' dir='ltr'>PSELLl</span> 
     </span>
    </p>
   </div>
   <div class='ocr_carea' id='block_1_3' title="bbox 3667 419 3792 483">
    <p class='ocr_par' dir='ltr' id='par_1_3' title="bbox 3667 419 3792 483">
     <span class='ocr_line' id='line_1_3' title="bbox 3667 419 3792 483; baseline 0 -1"><span class='ocrx_word' id='word_1_4' title='bbox 3667 419 3792 483; x_wconf 82' lang='lat'>788</span> 
     </span>
    </p>
   </div>
   <div class='ocr_carea' id='block_1_4' title="bbox 356 526 2020 631">
    <p class='ocr_par' dir='ltr' id='par_1_4' title="bbox 356 541 2016 619">
     <span class='ocr_line' id='line_1_4' title="bbox 356 541 2016 619; baseline 0 -15"><span class='ocrx_word' id='word_1_5' title='bbox 356 545 432 604; x_wconf 93' lang='lat' dir='ltr'>ob</span> <span class='ocrx_word' id='word_1_6' title='bbox 460 558 635 619; x_wconf 87' lang='lat' dir='ltr'>grave</span> <span class='ocrx_word' id='word_1_7' title='bbox 666 559 817 601; x_wconf 89' lang='lat' dir='ltr'>onus</span> <span class='ocrx_word' id='word_1_8' title='bbox 850 541 1045 601; x_wconf 90' lang='lat' dir='ltr'>ﬂuviis</span> <span class='ocrx_word' id='word_1_9' title='bbox 1082 542 1213 601; x_wconf 88' lang='lat' dir='ltr'>vehi</span> <span class='ocrx_word' id='word_1_10' title='bbox 1265 560 1383 601; x_wconf 90' lang='lat' dir='ltr'>non</span> <span class='ocrx_word' id='word_1_11' title='bbox 1432 549 1684 618; x_wconf 90' lang='lat' dir='ltr'>possunt</span> <span class='ocrx_word' id='word_1_12' title='bbox 1734 562 1931 617; x_wconf 88' lang='lat' dir='ltr'>naves,</span> <span class='ocrx_word' id='word_1_13' title='bbox 1980 563 2016 604; x_wconf 79' lang='grc' dir='ltr'>ε</span> 
     </span>
    </p>
   </div>
   <div class='ocr_carea' id='block_1_5' title="bbox 2138 526 3791 631">
    <p class='ocr_par' dir='ltr' id='par_1_5' title="bbox 2138 526 3791 631">
     <span class='ocr_line' id='line_1_5' title="bbox 2138 526 3791 631; baseline 0.001 -25"><span class='ocrx_word' id='word_1_14' title='bbox 2138 550 2342 625; x_wconf 82' lang='grc' dir='ltr'>εαμίων</span> <span class='ocrx_word' id='word_1_15' title='bbox 2374 550 2605 626; x_wconf 78' lang='grc' dir='ltr'>ὑδάτων,</span> <span class='ocrx_word' id='word_1_16' title='bbox 2640 549 2809 627; x_wconf 82' lang='grc' dir='ltr'>δῆλον</span> <span class='ocrx_word' id='word_1_17' title='bbox 2842 555 3110 627; x_wconf 74' lang='grc' dir='ltr'>αίσθήσει.</span> <span class='ocrx_word' id='word_1_18' title='bbox 3140 551 3213 612; x_wconf 66' lang='lat' dir='ltr'>Ei</span> <span class='ocrx_word' id='word_1_19' title='bbox 3240 553 3335 629; x_wconf 74' lang='grc' dir='ltr'>μὶν</span> <span class='ocrx_word' id='word_1_20' title='bbox 3382 552 3485 631; x_wconf 77' lang='grc' dir='ltr'>γάρ</span> <span class='ocrx_word' id='word_1_21' title='bbox 3528 526 3645 616; x_wconf 86' lang='grc' dir='ltr'>τοῖς</span> <span class='ocrx_word' id='word_1_22' title='bbox 3687 572 3791 609; x_wconf 87' lang='grc' dir='ltr'>πο-</span> 
     </span>
    </p>
   </div>
   <div class='ocr_carea' id='block_1_6' title="bbox 357 633 1908 708">
    <p class='ocr_par' dir='ltr' id='par_1_6' title="bbox 357 633 1908 708">
     <span class='ocr_line' id='line_1_6' title="bbox 357 633 1908 708; baseline 0.001 -16"><span class='ocrx_word' id='word_1_23' title='bbox 357 635 507 692; x_wconf 77' lang='lat' dir='ltr'>mari</span> <span class='ocrx_word' id='word_1_24' title='bbox 537 637 775 708; x_wconf 78' lang='lat' dir='ltr'>propter</span> <span class='ocrx_word' id='word_1_25' title='bbox 805 633 965 690; x_wconf 89' lang='lat' dir='ltr'>illius</span> <span class='ocrx_word' id='word_1_26' title='bbox 997 633 1349 690; x_wconf 80' lang='lat' dir='ltr'>densitatem</span> <span class='ocrx_word' id='word_1_27' title='bbox 1377 634 1545 691; x_wconf 78' lang='lat' dir='ltr'>facile</span> <span class='ocrx_word' id='word_1_28' title='bbox 1576 640 1908 708; x_wconf 85' lang='lat' dir='ltr'>portantur.</span> 
     </span>
    </p>
   </div>
   <div class='ocr_carea' id='block_1_7' title="bbox 365 922 2021 1007">
    <p class='ocr_par' dir='ltr' id='par_1_7' title="bbox 365 922 2021 1007">
     <span class='ocr_line' id='line_1_7' title="bbox 365 922 2021 1007; baseline 0.001 -28"><span class='ocrx_word' id='word_1_29' title='bbox 365 922 488 981; x_wconf 86' lang='grc'>131.</span> <span class='ocrx_word' id='word_1_30' title='bbox 525 925 665 993; x_wconf 71' lang='lat' dir='ltr'>Quae</span> <span class='ocrx_word' id='word_1_31' title='bbox 715 938 883 978; x_wconf 72' lang='lat' dir='ltr'>causa</span> <span class='ocrx_word' id='word_1_32' title='bbox 923 922 1000 977; x_wconf 77' lang='lat' dir='ltr'>sit</span> <span class='ocrx_word' id='word_1_33' title='bbox 1046 937 1217 993; x_wconf 77' lang='lat' dir='ltr'>quare</span> <span class='ocrx_word' id='word_1_34' title='bbox 1263 924 1327 1007; x_wconf 68' lang='lat' dir='ltr'>in</span> <span class='ocrx_word' id='word_1_35' title='bbox 1367 924 1528 1007; x_wconf 78' lang='lat' dir='ltr'>mari</span> <span class='ocrx_word' id='word_1_36' title='bbox 1578 938 1790 996; x_wconf 78' lang='lat' dir='ltr'>quoque</span> <span class='ocrx_word' id='word_1_37' title='bbox 1835 922 2021 982; x_wconf 77' lang='lat' dir='ltr'>dulces</span> 
     </span>
    </p>
   </div>
   <div class='ocr_carea' id='block_1_8' title="bbox 896 1003 1471 1066">
    <p class='ocr_par' dir='ltr' id='par_1_8' title="bbox 896 1003 1471 1066">
     <span class='ocr_line' id='line_1_8' title="bbox 896 1003 1471 1066; baseline 0.002 -17"><span class='ocrx_word' id='word_1_38' title='bbox 896 1008 1058 1066; x_wconf 64' lang='lat' dir='ltr'>aqua?</span> <span class='ocrx_word' id='word_1_39' title='bbox 1086 1003 1471 1065; x_wconf 78' lang='lat' dir='ltr'>reperiantur.</span> 
     </span>
    </p>
   </div>
   <div class='ocr_carea' id='block_1_9' title="bbox 432 1081 2018 1158">
    <p class='ocr_par' dir='ltr' id='par_1_9' title="bbox 432 1081 2018 1158">
     <span class='ocr_line' id='line_1_9' title="bbox 432 1081 2018 1158; baseline 0.002 -19"><span class='ocrx_word' id='word_1_40' title='bbox 432 1087 622 1140; x_wconf 88' lang='lat' dir='ltr'>Causa</span> <span class='ocrx_word' id='word_1_41' title='bbox 650 1083 724 1138; x_wconf 87' lang='lat' dir='ltr'>ob</span> <span class='ocrx_word' id='word_1_42' title='bbox 758 1098 934 1155; x_wconf 81' lang='lat' dir='ltr'>quam</span> <span class='ocrx_word' id='word_1_43' title='bbox 966 1081 1170 1139; x_wconf 87' lang='lat' dir='ltr'>dulces</span> <span class='ocrx_word' id='word_1_44' title='bbox 1201 1083 1372 1139; x_wconf 89' lang='lat' dir='ltr'>etiam</span> <span class='ocrx_word' id='word_1_45' title='bbox 1398 1083 1458 1139; x_wconf 90' lang='lat' dir='ltr'>in</span> <span class='ocrx_word' id='word_1_46' title='bbox 1482 1083 1627 1140; x_wconf 87' lang='lat' dir='ltr'>mari</span> <span class='ocrx_word' id='word_1_47' title='bbox 1658 1102 1825 1157; x_wconf 62' lang='lat' dir='ltr'>aquae</span> <span class='ocrx_word' id='word_1_48' title='bbox 1856 1100 2018 1158; x_wconf 86' lang='lat' dir='ltr'>repe-</span> 
     </span>
    </p>
   </div>
   <div class='ocr_carea' id='block_1_10' title="bbox 359 1171 2021 1244">
    <p class='ocr_par' dir='ltr' id='par_1_10' title="bbox 359 1171 2021 1244">
     <span class='ocr_line' id='line_1_10' title="bbox 359 1171 2021 1244; baseline 0.001 -14"><span class='ocrx_word' id='word_1_49' title='bbox 359 1173 623 1244; x_wconf 89' lang='lat' dir='ltr'>riuntur,</span> <span class='ocrx_word' id='word_1_50' title='bbox 652 1176 793 1229; x_wconf 87' lang='lat' dir='ltr'>sunt</span> <span class='ocrx_word' id='word_1_51' title='bbox 823 1172 981 1227; x_wconf 90' lang='lat' dir='ltr'>ﬂuvii</span> <span class='ocrx_word' id='word_1_52' title='bbox 1014 1171 1075 1227; x_wconf 90' lang='lat' dir='ltr'>in</span> <span class='ocrx_word' id='word_1_53' title='bbox 1110 1172 1253 1227; x_wconf 89' lang='lat' dir='ltr'>illud</span> <span class='ocrx_word' id='word_1_54' title='bbox 1286 1172 1630 1230; x_wconf 89' lang='lat' dir='ltr'>deﬂuentes.</span> <span class='ocrx_word' id='word_1_55' title='bbox 1664 1174 1759 1230; x_wconf 89' lang='lat' dir='ltr'>Sic</span> <span class='ocrx_word' id='word_1_56' title='bbox 1805 1175 1863 1229; x_wconf 91' lang='lat' dir='ltr'>in</span> <span class='ocrx_word' id='word_1_57' title='bbox 1918 1193 2021 1232; x_wconf 82' lang='lat' dir='ltr'>ora</span> 
     </span>
    </p>
   </div>
   <div class='ocr_carea' id='block_1_11' title="bbox 361 1262 2020 1336">
    <p class='ocr_par' dir='ltr' id='par_1_11' title="bbox 361 1262 2020 1336">
     <span class='ocr_line' id='line_1_11' title="bbox 361 1262 2020 1336; baseline -0.001 -16"><span class='ocrx_word' id='word_1_58' title='bbox 361 1264 527 1321; x_wconf 66' lang='lat' dir='ltr'>Gaza;</span> <span class='ocrx_word' id='word_1_59' title='bbox 582 1262 777 1318; x_wconf 89' lang='lat' dir='ltr'>vicina</span> <span class='ocrx_word' id='word_1_60' title='bbox 827 1278 989 1319; x_wconf 89' lang='lat' dir='ltr'>mare</span> <span class='ocrx_word' id='word_1_61' title='bbox 1037 1279 1222 1334; x_wconf 83' lang='lat' dir='ltr'>aquas</span> <span class='ocrx_word' id='word_1_62' title='bbox 1254 1262 1456 1320; x_wconf 89' lang='lat' dir='ltr'>dulces</span> <span class='ocrx_word' id='word_1_63' title='bbox 1487 1262 1685 1331; x_wconf 88' lang='lat' dir='ltr'>habet,</span> <span class='ocrx_word' id='word_1_64' title='bbox 1720 1264 1872 1336; x_wconf 90' lang='lat' dir='ltr'>quod</span> <span class='ocrx_word' id='word_1_65' title='bbox 1904 1263 2020 1320; x_wconf 87' lang='lat' dir='ltr'>Nili</span> 
     </span>
    </p>
   </div>
   <div class='ocr_carea' id='block_1_12' title="bbox 361 1350 2016 1426">
    <p class='ocr_par' dir='ltr' id='par_1_12' title="bbox 361 1350 2016 1426">
     <span class='ocr_line' id='line_1_12' title="bbox 361 1350 2016 1426; baseline 0 -17"><span class='ocrx_word' id='word_1_66' title='bbox 361 1353 630 1426; x_wconf 64' lang='lat' dir='ltr'>quaedam</span> <span class='ocrx_word' id='word_1_67' title='bbox 650 1353 800 1408; x_wconf 87' lang='lat' dir='ltr'>ostia</span> <span class='ocrx_word' id='word_1_68' title='bbox 820 1368 935 1407; x_wconf 89' lang='lat' dir='ltr'>non</span> <span class='ocrx_word' id='word_1_69' title='bbox 961 1350 1161 1424; x_wconf 83' lang='lat' dir='ltr'>procul</span> <span class='ocrx_word' id='word_1_70' title='bbox 1189 1351 1323 1407; x_wconf 90' lang='lat' dir='ltr'>inde</span> <span class='ocrx_word' id='word_1_71' title='bbox 1347 1351 1405 1406; x_wconf 93' lang='lat' dir='ltr'>in</span> <span class='ocrx_word' id='word_1_72' title='bbox 1426 1351 1569 1407; x_wconf 90' lang='lat' dir='ltr'>illud</span> <span class='ocrx_word' id='word_1_73' title='bbox 1594 1369 1656 1409; x_wconf 89' lang='lat' dir='ltr'>se</span> <span class='ocrx_word' id='word_1_74' title='bbox 1678 1357 2016 1411; x_wconf 79' lang='lat' dir='ltr'>exonerant.</span> 
     </span>
    </p>
   </div>
   <div class='ocr_carea' id='block_1_13' title="bbox 360 1440 2023 1512">
    <p class='ocr_par' dir='ltr' id='par_1_13' title="bbox 360 1440 2023 1512">
     <span class='ocr_line' id='line_1_13' title="bbox 360 1440 2023 1512; baseline -0.001 -12"><span class='ocrx_word' id='word_1_75' title='bbox 360 1443 513 1500; x_wconf 86' lang='lat' dir='ltr'>Dum</span> <span class='ocrx_word' id='word_1_76' title='bbox 540 1441 698 1498; x_wconf 90' lang='lat' dir='ltr'>enim</span> <span class='ocrx_word' id='word_1_77' title='bbox 721 1440 1093 1497; x_wconf 80' lang='lat' dir='ltr'>vehementia</span> <span class='ocrx_word' id='word_1_78' title='bbox 1114 1445 1173 1497; x_wconf 84' lang='lat' dir='ltr'>et</span> <span class='ocrx_word' id='word_1_79' title='bbox 1194 1440 1413 1512; x_wconf 89' lang='lat' dir='ltr'>impetu</span> <span class='ocrx_word' id='word_1_80' title='bbox 1452 1441 1666 1497; x_wconf 87' lang='lat' dir='ltr'>ﬂuvius</span> <span class='ocrx_word' id='word_1_81' title='bbox 1697 1441 2023 1499; x_wconf 89' lang='lat' dir='ltr'>devolvitur</span> 
     </span>
    </p>
   </div>
   <div class='ocr_carea' id='block_1_14' title="bbox 363 1529 2022 1603">
    <p class='ocr_par' dir='ltr' id='par_1_14' title="bbox 363 1529 2022 1603">
     <span class='ocr_line' id='line_1_14' title="bbox 363 1529 2022 1603; baseline 0.001 -16"><span class='ocrx_word' id='word_1_82' title='bbox 363 1531 425 1588; x_wconf 91' lang='lat' dir='ltr'>in</span> <span class='ocrx_word' id='word_1_83' title='bbox 476 1548 661 1602; x_wconf 91' lang='lat' dir='ltr'>mare,</span> <span class='ocrx_word' id='word_1_84' title='bbox 713 1529 1129 1587; x_wconf 85' lang='lat' dir='ltr'>scaturitiones</span> <span class='ocrx_word' id='word_1_85' title='bbox 1175 1529 1355 1585; x_wconf 86' lang='lat' dir='ltr'>voluti</span> <span class='ocrx_word' id='word_1_86' title='bbox 1415 1532 1703 1603; x_wconf 88' lang='lat' dir='ltr'>quasdam</span> <span class='ocrx_word' id='word_1_87' title='bbox 1754 1531 1911 1600; x_wconf 82' lang='lat' dir='ltr'>facit,</span> <span class='ocrx_word' id='word_1_88' title='bbox 1965 1536 2022 1588; x_wconf 91' lang='lat' dir='ltr'>et</span> 
     </span>
    </p>
   </div>
   <div class='ocr_carea' id='block_1_15' title="bbox 361 1618 2020 1694">
    <p class='ocr_par' dir='ltr' id='par_1_15' title="bbox 361 1618 2020 1694">
     <span class='ocr_line' id='line_1_15' title="bbox 361 1618 2020 1694; baseline -0.002 -14"><span class='ocrx_word' id='word_1_89' title='bbox 361 1637 577 1694; x_wconf 79' lang='lat' dir='ltr'>squam</span> <span class='ocrx_word' id='word_1_90' title='bbox 615 1619 807 1676; x_wconf 83' lang='lat' dir='ltr'>reddit</span> <span class='ocrx_word' id='word_1_91' title='bbox 836 1618 1091 1675; x_wconf 88' lang='lat' dir='ltr'>dulcem.</span> <span class='ocrx_word' id='word_1_92' title='bbox 1125 1618 1463 1674; x_wconf 89' lang='lat' dir='ltr'>Memineris</span> <span class='ocrx_word' id='word_1_93' title='bbox 1494 1620 1667 1676; x_wconf 79' lang='lat' dir='ltr'>etiam</span> <span class='ocrx_word' id='word_1_94' title='bbox 1701 1619 1831 1688; x_wconf 88' lang='lat' dir='ltr'>hoc,</span> <span class='ocrx_word' id='word_1_95' title='bbox 1862 1622 2020 1692; x_wconf 89' lang='lat' dir='ltr'>quod</span> 
     </span>
    </p>
   </div>
   <div class='ocr_carea' id='block_1_16' title="bbox 361 1707 2021 1783">
    <p class='ocr_par' dir='ltr' id='par_1_16' title="bbox 361 1707 2021 1783">
     <span class='ocr_line' id='line_1_16' title="bbox 361 1707 2021 1783; baseline 0.001 -17"><span class='ocrx_word' id='word_1_96' title='bbox 361 1710 435 1767; x_wconf 90' lang='lat' dir='ltr'>ab</span> <span class='ocrx_word' id='word_1_97' title='bbox 452 1710 612 1765; x_wconf 89' lang='lat' dir='ltr'>omni</span> <span class='ocrx_word' id='word_1_98' title='bbox 634 1724 848 1782; x_wconf 87' lang='lat' dir='ltr'>magno</span> <span class='ocrx_word' id='word_1_99' title='bbox 875 1708 1031 1763; x_wconf 89' lang='lat' dir='ltr'>fonte</span> <span class='ocrx_word' id='word_1_100' title='bbox 1049 1712 1251 1763; x_wconf 85' lang='lat' dir='ltr'>manat</span> <span class='ocrx_word' id='word_1_101' title='bbox 1268 1707 1502 1779; x_wconf 90' lang='lat' dir='ltr'>ﬂuvius,</span> <span class='ocrx_word' id='word_1_102' title='bbox 1534 1713 1593 1764; x_wconf 88' lang='lat' dir='ltr'>et</span> <span class='ocrx_word' id='word_1_103' title='bbox 1610 1710 1768 1781; x_wconf 88' lang='lat' dir='ltr'>putei</span> <span class='ocrx_word' id='word_1_104' title='bbox 1787 1726 2021 1783; x_wconf 90' lang='lat' dir='ltr'>quoque</span> 
     </span>
    </p>
   </div>
   <div class='ocr_carea' id='block_1_17' title="bbox 361 1798 2019 1871">
    <p class='ocr_par' dir='ltr' id='par_1_17' title="bbox 361 1798 2019 1871">
     <span class='ocr_line' id='line_1_17' title="bbox 361 1798 2019 1871; baseline 0 -15"><span class='ocrx_word' id='word_1_105' title='bbox 361 1798 622 1857; x_wconf 86' lang='lat' dir='ltr'>fontibus</span> <span class='ocrx_word' id='word_1_106' title='bbox 654 1803 846 1855; x_wconf 91' lang='lat' dir='ltr'>ortum</span> <span class='ocrx_word' id='word_1_107' title='bbox 883 1798 1095 1853; x_wconf 88' lang='lat' dir='ltr'>debent</span> <span class='ocrx_word' id='word_1_108' title='bbox 1127 1813 1141 1853; x_wconf 89' lang='lat'><strong>:</strong></span> <span class='ocrx_word' id='word_1_109' title='bbox 1176 1801 1351 1869; x_wconf 90' lang='lat' dir='ltr'>atque</span> <span class='ocrx_word' id='word_1_110' title='bbox 1382 1798 1594 1854; x_wconf 88' lang='lat' dir='ltr'>alicubi</span> <span class='ocrx_word' id='word_1_111' title='bbox 1630 1814 1698 1854; x_wconf 80' lang='lat' dir='ltr'>ex</span> <span class='ocrx_word' id='word_1_112' title='bbox 1729 1800 2019 1871; x_wconf 79' lang='lat' dir='ltr'>profurdo</span> 
     </span>
    </p>
   </div>
   <div class='ocr_carea' id='block_1_18' title="bbox 2123 639 3789 723">
    <p class='ocr_par' dir='ltr' id='par_1_18' title="bbox 2123 639 3789 723">
     <span class='ocr_line' id='line_1_18' title="bbox 2123 639 3789 723; baseline 0.001 -26"><span class='ocrx_word' id='word_1_113' title='bbox 2123 648 2322 717; x_wconf 86' lang='grc' dir='ltr'>ταμοῖς</span> <span class='ocrx_word' id='word_1_114' title='bbox 2352 645 2415 701; x_wconf 77' lang='grc' dir='ltr'>οὐ</span> <span class='ocrx_word' id='word_1_115' title='bbox 2449 642 2669 702; x_wconf 78' lang='grc' dir='ltr'>δὺναται</span> <span class='ocrx_word' id='word_1_116' title='bbox 2702 646 2861 703; x_wconf 85' lang='grc' dir='ltr'>πλεῖν</span> <span class='ocrx_word' id='word_1_117' title='bbox 2899 645 3067 723; x_wconf 72' lang='grc' dir='ltr'>βαρὺν</span> <span class='ocrx_word' id='word_1_118' title='bbox 3092 640 3290 722; x_wconf 76' lang='grc' dir='ltr'>ἔχοντα</span> <span class='ocrx_word' id='word_1_119' title='bbox 3334 643 3535 721; x_wconf 82' lang='grc' dir='ltr'>φόρτον</span> <span class='ocrx_word' id='word_1_120' title='bbox 3594 639 3789 710; x_wconf 90' lang='grc' dir='ltr'>πλοῖα,</span> 
     </span>
    </p>
   </div>
   <div class='ocr_carea' id='block_1_19' title="bbox 2127 730 3789 815">
    <p class='ocr_par' dir='ltr' id='par_1_19' title="bbox 2127 730 3789 815">
     <span class='ocr_line' id='line_1_19' title="bbox 2127 730 3789 815; baseline 0 -27"><span class='ocrx_word' id='word_1_121' title='bbox 2127 730 2179 788; x_wconf 73' lang='grc' dir='ltr'>ἰν</span> <span class='ocrx_word' id='word_1_122' title='bbox 2214 730 2272 789; x_wconf 79' lang='grc' dir='ltr'>δὶ</span> <span class='ocrx_word' id='word_1_123' title='bbox 2299 739 2368 810; x_wconf 81' lang='grc' dir='ltr'>τῇ</span> <span class='ocrx_word' id='word_1_124' title='bbox 2402 736 2647 810; x_wconf 82' lang='grc' dir='ltr'>θαλάσση</span> <span class='ocrx_word' id='word_1_125' title='bbox 2694 738 3054 815; x_wconf 78' lang='grc' dir='ltr'>βαστάζονται</span> <span class='ocrx_word' id='word_1_126' title='bbox 3084 735 3364 815; x_wconf 74' lang='grc' dir='ltr'>ἐλαφρῶς,</span> <span class='ocrx_word' id='word_1_127' title='bbox 3406 731 3497 792; x_wconf 76' lang='grc' dir='ltr'>διὰ</span> <span class='ocrx_word' id='word_1_128' title='bbox 3522 735 3622 805; x_wconf 81' lang='grc' dir='ltr'>τὴν</span> <span class='ocrx_word' id='word_1_129' title='bbox 3651 732 3789 808; x_wconf 77' lang='grc' dir='ltr'>αὐτῇ</span> 
     </span>
    </p>
   </div>
   <div class='ocr_carea' id='block_1_20' title="bbox 2130 823 2834 903">
    <p class='ocr_par' dir='ltr' id='par_1_20' title="bbox 2130 823 2834 903">
     <span class='ocr_line' id='line_1_20' title="bbox 2130 823 2834 903; baseline 0.01 -24"><span class='ocrx_word' id='word_1_130' title='bbox 2130 823 2492 898; x_wconf 70' lang='grc' dir='ltr'>ὑποκειμένην</span> <span class='ocrx_word' id='word_1_131' title='bbox 2518 828 2834 903; x_wconf 78' lang='grc' dir='ltr'>παχύτητα.</span> 
     </span>
    </p>
   </div>
   <div class='ocr_carea' id='block_1_21' title="bbox 2130 927 3790 1009">
    <p class='ocr_par' dir='ltr' id='par_1_21' title="bbox 2130 927 3790 1009">
     <span class='ocr_line' id='line_1_21' title="bbox 2130 927 3790 1009; baseline -0.002 -22"><span class='ocrx_word' id='word_1_132' title='bbox 2130 929 2267 1007; x_wconf 89' lang='grc' dir='ltr'>ρλα’.</span> <span class='ocrx_word' id='word_1_133' title='bbox 2302 933 2403 998; x_wconf 85' lang='grc' dir='ltr'>Τίς</span> <span class='ocrx_word' id='word_1_134' title='bbox 2434 936 2470 1004; x_wconf 80' lang='grc' dir='ltr'>ἡ</span> <span class='ocrx_word' id='word_1_135' title='bbox 2504 935 2651 990; x_wconf 73' lang='grc' dir='ltr'>αῖτία</span> <span class='ocrx_word' id='word_1_136' title='bbox 2677 938 2776 990; x_wconf 76' lang='grc' dir='ltr'>τοῦ</span> <span class='ocrx_word' id='word_1_137' title='bbox 2805 932 2862 1009; x_wconf 76' lang='grc' dir='ltr'>ἐν</span> <span class='ocrx_word' id='word_1_138' title='bbox 2888 936 2957 999; x_wconf 81' lang='grc' dir='ltr'>τῆ</span> <span class='ocrx_word' id='word_1_139' title='bbox 2990 933 3235 1007; x_wconf 75' lang='grc' dir='ltr'>θαλάσσῃ</span> <span class='ocrx_word' id='word_1_140' title='bbox 3262 929 3435 1009; x_wconf 75' lang='grc' dir='ltr'>γλυκὺ</span> <span class='ocrx_word' id='word_1_141' title='bbox 3493 927 3641 1007; x_wconf 74' lang='grc' dir='ltr'>ὕδωρ</span> <span class='ocrx_word' id='word_1_142' title='bbox 3701 929 3790 987; x_wconf 82' lang='grc' dir='ltr'>εὑ-</span> 
     </span>
    </p>
   </div>
   <div class='ocr_carea' id='block_1_22' title="bbox 2809 1005 3107 1083">
    <p class='ocr_par' dir='ltr' id='par_1_22' title="bbox 2809 1005 3107 1083">
     <span class='ocr_line' id='line_1_22' title="bbox 2809 1005 3107 1083; baseline 0.007 -23"><span class='ocrx_word' id='word_1_143' title='bbox 2809 1005 3107 1083; x_wconf 87' lang='grc' dir='ltr'>ρίσκεσθαι.</span> 
     </span>
    </p>
   </div>
   <div class='ocr_carea' id='block_1_23' title="bbox 2204 1090 3790 1172">
    <p class='ocr_par' dir='ltr' id='par_1_23' title="bbox 2204 1090 3790 1172">
     <span class='ocr_line' id='line_1_23' title="bbox 2204 1090 3790 1172; baseline -0.001 -23"><span class='ocrx_word' id='word_1_144' title='bbox 2204 1091 2388 1151; x_wconf 71' lang='grc' dir='ltr'>Δῖτιον</span> <span class='ocrx_word' id='word_1_145' title='bbox 2415 1095 2512 1151; x_wconf 79' lang='grc' dir='ltr'><strong>τοῦ</strong></span> <span class='ocrx_word' id='word_1_146' title='bbox 2544 1097 2679 1152; x_wconf 86' lang='grc' dir='ltr'>είναι</span> <span class='ocrx_word' id='word_1_147' title='bbox 2726 1094 2904 1172; x_wconf 83' lang='grc' dir='ltr'>γλυκὺ</span> <span class='ocrx_word' id='word_1_148' title='bbox 2962 1094 3109 1170; x_wconf 76' lang='grc' dir='ltr'>ὕδωρ</span> <span class='ocrx_word' id='word_1_149' title='bbox 3140 1092 3191 1148; x_wconf 73' lang='grc' dir='ltr'>ἐν</span> <span class='ocrx_word' id='word_1_150' title='bbox 3219 1096 3289 1168; x_wconf 79' lang='grc' dir='ltr'>τῇ</span> <span class='ocrx_word' id='word_1_151' title='bbox 3321 1090 3565 1168; x_wconf 76' lang='grc' dir='ltr'>θαλάσσῃ</span> <span class='ocrx_word' id='word_1_152' title='bbox 3595 1091 3658 1147; x_wconf 86' lang='grc' dir='ltr'>τὸ</span> <span class='ocrx_word' id='word_1_153' title='bbox 3687 1112 3790 1147; x_wconf 87' lang='grc' dir='ltr'>πο-</span> 
     </span>
    </p>
   </div>
   <div class='ocr_carea' id='block_1_24' title="bbox 2126 1180 3789 1262">
    <p class='ocr_par' dir='ltr' id='par_1_24' title="bbox 2126 1180 3789 1262">
     <span class='ocr_line' id='line_1_24' title="bbox 2126 1180 3789 1262; baseline -0.002 -24"><span class='ocrx_word' id='word_1_154' title='bbox 2126 1182 2337 1258; x_wconf 78' lang='grc' dir='ltr'>ταμοὺς</span> <span class='ocrx_word' id='word_1_155' title='bbox 2393 1184 2503 1261; x_wconf 75' lang='grc' dir='ltr'>ῥεῖν</span> <span class='ocrx_word' id='word_1_156' title='bbox 2556 1185 2681 1262; x_wconf 84' lang='grc' dir='ltr'>περὶ</span> <span class='ocrx_word' id='word_1_157' title='bbox 2734 1186 2929 1256; x_wconf 84' lang='grc' dir='ltr'>αὑτήν.</span> <span class='ocrx_word' id='word_1_158' title='bbox 2982 1184 3045 1242; x_wconf 71' lang='grc' dir='ltr'>Ὀ</span> <span class='ocrx_word' id='word_1_159' title='bbox 3100 1185 3228 1261; x_wconf 81' lang='grc' dir='ltr'>γοῦν</span> <span class='ocrx_word' id='word_1_160' title='bbox 3288 1180 3376 1237; x_wconf 72' lang='grc' dir='ltr'>ἰπὶ</span> <span class='ocrx_word' id='word_1_161' title='bbox 3407 1180 3577 1253; x_wconf 83' lang='grc' dir='ltr'>Γάζαν</span> <span class='ocrx_word' id='word_1_162' title='bbox 3612 1180 3789 1244; x_wconf 73' lang='grc' dir='ltr'>πλοῦς</span> 
     </span>
    </p>
   </div>
   <div class='ocr_carea' id='block_1_25' title="bbox 2129 1267 3792 1351">
    <p class='ocr_par' dir='ltr' id='par_1_25' title="bbox 2129 1267 3792 1351">
     <span class='ocr_line' id='line_1_25' title="bbox 2129 1267 3792 1351; baseline -0.002 -22"><span class='ocrx_word' id='word_1_163' title='bbox 2129 1271 2276 1349; x_wconf 74' lang='grc' dir='ltr'>ὕδωρ</span> <span class='ocrx_word' id='word_1_164' title='bbox 2329 1270 2447 1351; x_wconf 80' lang='grc' dir='ltr'>ἔχει</span> <span class='ocrx_word' id='word_1_165' title='bbox 2501 1274 2700 1351; x_wconf 82' lang='grc' dir='ltr'>γλυκὺ,</span> <span class='ocrx_word' id='word_1_166' title='bbox 2755 1272 2844 1330; x_wconf 78' lang='grc' dir='ltr'>διὰ</span> <span class='ocrx_word' id='word_1_167' title='bbox 2891 1274 2955 1330; x_wconf 83' lang='grc' dir='ltr'>τὸ</span> <span class='ocrx_word' id='word_1_168' title='bbox 3010 1271 3131 1328; x_wconf 78' lang='grc' dir='ltr'>τινὰ</span> <span class='ocrx_word' id='word_1_169' title='bbox 3176 1272 3376 1347; x_wconf 80' lang='grc' dir='ltr'>στόμια</span> <span class='ocrx_word' id='word_1_170' title='bbox 3429 1274 3528 1327; x_wconf 77' lang='grc' dir='ltr'>τοῦ</span> <span class='ocrx_word' id='word_1_171' title='bbox 3584 1267 3792 1329; x_wconf 87' lang='grc' dir='ltr'>Νείλου</span> 
     </span>
    </p>
   </div>
   <div class='ocr_carea' id='block_1_26' title="bbox 2130 1359 3792 1440">
    <p class='ocr_par' dir='ltr' id='par_1_26' title="bbox 2130 1359 3792 1440">
     <span class='ocr_line' id='line_1_26' title="bbox 2130 1359 3792 1440; baseline -0.003 -20"><span class='ocrx_word' id='word_1_172' title='bbox 2130 1362 2302 1420; x_wconf 74' lang='grc' dir='ltr'>ἰκεῖσε</span> <span class='ocrx_word' id='word_1_173' title='bbox 2360 1360 2801 1438; x_wconf 67' lang='grc' dir='ltr'>ἐμϐάλλειν.Τῷ</span> <span class='ocrx_word' id='word_1_174' title='bbox 2857 1363 2958 1440; x_wconf 79' lang='grc' dir='ltr'>γὰρ</span> <span class='ocrx_word' id='word_1_175' title='bbox 3015 1360 3162 1439; x_wconf 74' lang='grc' dir='ltr'>ῥύμῃ</span> <span class='ocrx_word' id='word_1_176' title='bbox 3217 1359 3307 1417; x_wconf 81' lang='grc' dir='ltr'>καὶ</span> <span class='ocrx_word' id='word_1_177' title='bbox 3364 1364 3434 1436; x_wconf 79' lang='grc' dir='ltr'>τῇ</span> <span class='ocrx_word' id='word_1_178' title='bbox 3482 1361 3630 1437; x_wconf 77' lang='grc' dir='ltr'>ὁρμῇ</span> <span class='ocrx_word' id='word_1_179' title='bbox 3692 1359 3792 1433; x_wconf 71' lang='grc' dir='ltr'>ἒμ-</span> 
     </span>
    </p>
   </div>
   <div class='ocr_carea' id='block_1_27' title="bbox 2131 1447 3791 1527">
    <p class='ocr_par' dir='ltr' id='par_1_27' title="bbox 2131 1447 3791 1527">
     <span class='ocr_line' id='line_1_27' title="bbox 2131 1447 3791 1527; baseline -0.002 -20"><span class='ocrx_word' id='word_1_180' title='bbox 2131 1447 2357 1509; x_wconf 80' lang='grc' dir='ltr'>6άλλειν</span> <span class='ocrx_word' id='word_1_181' title='bbox 2416 1455 2445 1510; x_wconf 82' lang='grc' dir='ltr'>ὁ</span> <span class='ocrx_word' id='word_1_182' title='bbox 2501 1454 2753 1521; x_wconf 83' lang='grc' dir='ltr'>ποταμὸς</span> <span class='ocrx_word' id='word_1_183' title='bbox 2811 1452 2890 1516; x_wconf 77' lang='grc' dir='ltr'>εἷς</span> <span class='ocrx_word' id='word_1_184' title='bbox 2960 1453 3060 1522; x_wconf 78' lang='grc' dir='ltr'>τὴν</span> <span class='ocrx_word' id='word_1_185' title='bbox 3119 1448 3418 1523; x_wconf 79' lang='grc' dir='ltr'>θάλασσαν,</span> <span class='ocrx_word' id='word_1_186' title='bbox 3468 1450 3584 1506; x_wconf 80' lang='grc' dir='ltr'>οἷον</span> <span class='ocrx_word' id='word_1_187' title='bbox 3650 1449 3791 1527; x_wconf 76' lang='grc' dir='ltr'>βρύα</span> 
     </span>
    </p>
   </div>
   <div class='ocr_carea' id='block_1_28' title="bbox 2128 1537 3793 1620">
    <p class='ocr_par' dir='ltr' id='par_1_28' title="bbox 2128 1537 3793 1620">
     <span class='ocr_line' id='line_1_28' title="bbox 2128 1537 3793 1620; baseline -0.001 -23"><span class='ocrx_word' id='word_1_188' title='bbox 2128 1544 2250 1598; x_wconf 75' lang='grc' dir='ltr'>τινὰ</span> <span class='ocrx_word' id='word_1_189' title='bbox 2305 1549 2472 1616; x_wconf 87' lang='grc' dir='ltr'>ποιεῖ,</span> <span class='ocrx_word' id='word_1_190' title='bbox 2531 1544 2623 1599; x_wconf 81' lang='grc' dir='ltr'>καὶ</span> <span class='ocrx_word' id='word_1_191' title='bbox 2681 1544 2911 1620; x_wconf 70' lang='grc' dir='ltr'>παρᾶχει</span> <span class='ocrx_word' id='word_1_192' title='bbox 2971 1540 3118 1619; x_wconf 73' lang='grc' dir='ltr'>ὕδωρ</span> <span class='ocrx_word' id='word_1_193' title='bbox 3175 1538 3374 1617; x_wconf 76' lang='grc' dir='ltr'>γλυκύ.</span> <span class='ocrx_word' id='word_1_194' title='bbox 3406 1541 3513 1598; x_wconf 87' lang='grc' dir='ltr'>Καὶ</span> <span class='ocrx_word' id='word_1_195' title='bbox 3541 1543 3703 1596; x_wconf 74' lang='grc' dir='ltr'>τοῦτο</span> <span class='ocrx_word' id='word_1_196' title='bbox 3732 1537 3793 1596; x_wconf 67' lang='grc' dir='ltr'>δέ</span> 
     </span>
    </p>
   </div>
   <div class='ocr_carea' id='block_1_29' title="bbox 2132 1627 3789 1708">
    <p class='ocr_par' dir='ltr' id='par_1_29' title="bbox 2132 1627 3789 1708">
     <span class='ocr_line' id='line_1_29' title="bbox 2132 1627 3789 1708; baseline -0.003 -19"><span class='ocrx_word' id='word_1_197' title='bbox 2132 1654 2217 1689; x_wconf 90' lang='grc' dir='ltr'>σοι</span> <span class='ocrx_word' id='word_1_198' title='bbox 2271 1635 2468 1703; x_wconf 78' lang='grc' dir='ltr'>ἱστὲον,</span> <span class='ocrx_word' id='word_1_199' title='bbox 2531 1634 2615 1689; x_wconf 80' lang='grc' dir='ltr'>ὅτι</span> <span class='ocrx_word' id='word_1_200' title='bbox 2668 1634 2696 1689; x_wconf 84' lang='grc' dir='ltr'>ὑ</span> <span class='ocrx_word' id='word_1_201' title='bbox 2759 1634 2853 1707; x_wconf 78' lang='grc' dir='ltr'>μὶν</span> <span class='ocrx_word' id='word_1_202' title='bbox 2899 1632 3148 1706; x_wconf 87' lang='grc' dir='ltr'>ποταμὸς</span> <span class='ocrx_word' id='word_1_203' title='bbox 3186 1631 3295 1687; x_wconf 82' lang='grc' dir='ltr'>ἀπὸ</span> <span class='ocrx_word' id='word_1_204' title='bbox 3325 1630 3504 1702; x_wconf 90' lang='grc' dir='ltr'>πάσης</span> <span class='ocrx_word' id='word_1_205' title='bbox 3540 1627 3789 1708; x_wconf 75' lang='grc' dir='ltr'>μεγάλης</span> 
     </span>
    </p>
   </div>
   <div class='ocr_carea' id='block_1_30' title="bbox 2130 1715 3787 1799">
    <p class='ocr_par' dir='ltr' id='par_1_30' title="bbox 2130 1715 3787 1799">
     <span class='ocr_line' id='line_1_30' title="bbox 2130 1715 3787 1799; baseline -0.003 -20"><span class='ocrx_word' id='word_1_206' title='bbox 2130 1730 2313 1799; x_wconf 76' lang='grc' dir='ltr'>πηγῆς</span> <span class='ocrx_word' id='word_1_207' title='bbox 2376 1723 2480 1799; x_wconf 71' lang='grc' dir='ltr'>ῥεῖ,</span> <span class='ocrx_word' id='word_1_208' title='bbox 2532 1722 2622 1779; x_wconf 79' lang='grc' dir='ltr'>καὶ</span> <span class='ocrx_word' id='word_1_209' title='bbox 2653 1723 2720 1778; x_wconf 68' lang='grc' dir='ltr'>τά</span> <span class='ocrx_word' id='word_1_210' title='bbox 2768 1724 2968 1799; x_wconf 70' lang='grc' dir='ltr'>φρέατα</span> <span class='ocrx_word' id='word_1_211' title='bbox 3017 1718 3075 1776; x_wconf 76' lang='grc' dir='ltr'>δὶ</span> <span class='ocrx_word' id='word_1_212' title='bbox 3106 1721 3212 1776; x_wconf 85' lang='grc' dir='ltr'>ἀπὸ</span> <span class='ocrx_word' id='word_1_213' title='bbox 3243 1724 3438 1796; x_wconf 80' lang='grc' dir='ltr'>πηγῶν</span> <span class='ocrx_word' id='word_1_214' title='bbox 3468 1715 3659 1797; x_wconf 75' lang='grc' dir='ltr'>ἔχουσι</span> <span class='ocrx_word' id='word_1_215' title='bbox 3686 1721 3787 1788; x_wconf 70' lang='grc' dir='ltr'>τὴν</span> 
     </span>
    </p>
   </div>
   <div class='ocr_carea' id='block_1_31' title="bbox 2131 1805 3789 1889">
    <p class='ocr_par' dir='ltr' id='par_1_31' title="bbox 2131 1805 3789 1889">
     <span class='ocr_line' id='line_1_31' title="bbox 2131 1805 3789 1889; baseline -0.003 -20"><span class='ocrx_word' id='word_1_216' title='bbox 2131 1813 2334 1889; x_wconf 72' lang='grc' dir='ltr'>ἀρχὴν,</span> <span class='ocrx_word' id='word_1_217' title='bbox 2376 1814 2464 1868; x_wconf 84' lang='grc' dir='ltr'>καὶ</span> <span class='ocrx_word' id='word_1_218' title='bbox 2497 1812 2633 1867; x_wconf 78' lang='grc' dir='ltr'>ὅπου</span> <span class='ocrx_word' id='word_1_219' title='bbox 2668 1814 2761 1886; x_wconf 78' lang='grc' dir='ltr'>μὶν</span> <span class='ocrx_word' id='word_1_220' title='bbox 2794 1812 2901 1867; x_wconf 86' lang='grc' dir='ltr'>άπὸ</span> <span class='ocrx_word' id='word_1_221' title='bbox 2958 1816 3055 1867; x_wconf 76' lang='grc' dir='ltr'>τοῦ</span> <span class='ocrx_word' id='word_1_222' title='bbox 3117 1811 3316 1886; x_wconf 85' lang='grc' dir='ltr'>βάθους</span> <span class='ocrx_word' id='word_1_223' title='bbox 3367 1816 3467 1879; x_wconf 86' lang='grc' dir='ltr'>τῆς</span> <span class='ocrx_word' id='word_1_224' title='bbox 3510 1816 3617 1884; x_wconf 83' lang='grc' dir='ltr'>γῆς</span> <span class='ocrx_word' id='word_1_225' title='bbox 3646 1805 3789 1865; x_wconf 65' lang='grc' dir='ltr'>ἐκδί-</span> 
     </span>
    </p>
   </div>
   <div class='ocr_carea' id='block_1_32' title="bbox 361 1886 2020 2004">
    <p class='ocr_par' dir='ltr' id='par_1_32' title="bbox 361 1886 2020 2004">
     <span class='ocr_line' id='line_1_32' title="bbox 361 1886 2020 1960; baseline 0.001 -15"><span class='ocrx_word' id='word_1_226' title='bbox 361 1893 528 1947; x_wconf 70' lang='lat' dir='ltr'>terree</span> <span class='ocrx_word' id='word_1_227' title='bbox 558 1888 686 1944; x_wconf 90' lang='lat' dir='ltr'>loco</span> <span class='ocrx_word' id='word_1_228' title='bbox 719 1904 887 1960; x_wconf 64' lang='lat' dir='ltr'>aqua:</span> <span class='ocrx_word' id='word_1_229' title='bbox 916 1887 1248 1943; x_wconf 88' lang='lat' dir='ltr'>scaturiunt</span> <span class='ocrx_word' id='word_1_230' title='bbox 1279 1903 1293 1945; x_wconf 91' lang='lat'><strong>:</strong></span> <span class='ocrx_word' id='word_1_231' title='bbox 1331 1886 1468 1943; x_wconf 86' lang='lat' dir='ltr'>alibi</span> <span class='ocrx_word' id='word_1_232' title='bbox 1501 1904 1633 1945; x_wconf 90' lang='lat' dir='ltr'>vero</span> <span class='ocrx_word' id='word_1_233' title='bbox 1681 1906 1712 1946; x_wconf 91' lang='lat' dir='ltr'>e</span> <span class='ocrx_word' id='word_1_234' title='bbox 1763 1890 2020 1947; x_wconf 88' lang='lat' dir='ltr'>fontibus</span> 
     </span>
     <span class='ocr_line' id='line_1_33' title="bbox 363 1976 2017 2004; baseline 0 0"><span class='ocrx_word' id='word_1_235' title='bbox 363 1982 416 2004; x_wconf 62' lang='grc' dir='ltr'>ΑΙ.</span> <span class='ocrx_word' id='word_1_236' title='bbox 451 1977 735 2004; x_wconf 62' lang='grc' dir='ltr'>,ΔιιιΑιι-εη</span> <span class='ocrx_word' id='word_1_237' title='bbox 773 1978 825 2004; x_wconf 73' lang='grc' dir='ltr'>ε...</span> <span class='ocrx_word' id='word_1_238' title='bbox 863 1981 1030 2004; x_wconf 64' lang='grc' dir='ltr'>ιιι-...η</span> <span class='ocrx_word' id='word_1_239' title='bbox 1065 1976 1404 2004; x_wconf 59' lang='grc' dir='ltr'>-..κηςζιιιιιι</span> <span class='ocrx_word' id='word_1_240' title='bbox 1470 1979 1529 2004; x_wconf 81' lang='grc' dir='ltr'>Αι</span> <span class='ocrx_word' id='word_1_241' title='bbox 1569 1977 1725 2004; x_wconf 72' lang='grc' dir='ltr'>η....εε</span> <span class='ocrx_word' id='word_1_242' title='bbox 1785 1979 2017 2004; x_wconf 52' lang='grc' dir='ltr'>-.-ΣΔΑῌ</span> 
     </span>
    </p>
   </div>
   <div class='ocr_carea' id='block_1_33' title="bbox 2138 1886 3790 2004">
    <p class='ocr_par' dir='ltr' id='par_1_33' title="bbox 2138 1899 3790 2004">
     <span class='ocr_line' id='line_1_34' title="bbox 2138 1899 3790 1976; baseline -0.004 -17"><span class='ocrx_word' id='word_1_243' title='bbox 2138 1901 2284 1960; x_wconf 81' lang='grc' dir='ltr'>δοται</span> <span class='ocrx_word' id='word_1_244' title='bbox 2339 1905 2405 1959; x_wconf 72' lang='grc' dir='ltr'>τὰ</span> <span class='ocrx_word' id='word_1_245' title='bbox 2452 1901 2642 1972; x_wconf 81' lang='grc' dir='ltr'>ὕδατα,</span> <span class='ocrx_word' id='word_1_246' title='bbox 2693 1901 2831 1957; x_wconf 78' lang='grc' dir='ltr'>ὅπου</span> <span class='ocrx_word' id='word_1_247' title='bbox 2863 1899 2921 1957; x_wconf 78' lang='grc' dir='ltr'>δὶ</span> <span class='ocrx_word' id='word_1_248' title='bbox 2945 1900 3052 1957; x_wconf 80' lang='grc' dir='ltr'>ἀπὸ</span> <span class='ocrx_word' id='word_1_249' title='bbox 3080 1906 3272 1976; x_wconf 80' lang='grc' dir='ltr'>πηγῶν</span> <span class='ocrx_word' id='word_1_250' title='bbox 3298 1900 3390 1956; x_wconf 75' lang='grc' dir='ltr'>καὶ</span> <span class='ocrx_word' id='word_1_251' title='bbox 3421 1903 3634 1976; x_wconf 79' lang='grc' dir='ltr'>κρηνῶν</span> <span class='ocrx_word' id='word_1_252' title='bbox 3669 1899 3790 1956; x_wconf 68' lang='grc' dir='ltr'>ἐπι-</span> 
     </span>
     <span class='ocr_line' id='line_1_35' title="bbox 2255 1983 3597 2004; baseline 0 0"><span class='ocrx_word' id='word_1_253' title='bbox 2255 2000 2281 2004; x_wconf 71' lang='grc'>..</span> <span class='ocrx_word' id='word_1_254' title='bbox 2374 2000 2408 2004; x_wconf 80' lang='lat'>__</span> <span class='ocrx_word' id='word_1_255' title='bbox 2452 1992 2465 2004; x_wconf 68' lang='grc' dir='ltr'>ι</span> <span class='ocrx_word' id='word_1_256' title='bbox 2749 1992 2761 2004; x_wconf 75' lang='grc' dir='ltr'>ι</span> <span class='ocrx_word' id='word_1_257' title='bbox 2867 1992 2881 2004; x_wconf 69' lang='grc' dir='ltr'>ι</span> <span class='ocrx_word' id='word_1_258' title='bbox 3054 1990 3068 2004; x_wconf 68' lang='grc' dir='ltr'>ι</span> <span class='ocrx_word' id='word_1_259' title='bbox 3180 1993 3207 2004; x_wconf 56' lang='grc' dir='ltr'>-δ</span> <span class='ocrx_word' id='word_1_260' title='bbox 3370 1989 3382 2004; x_wconf 71' lang='grc' dir='ltr'>ο</span> <span class='ocrx_word' id='word_1_261' title='bbox 3526 1991 3540 2004; x_wconf 83' lang='lat'><strong><em>\</em></strong></span> <span class='ocrx_word' id='word_1_262' title='bbox 3572 1983 3597 2004; x_wconf 69' lang='grc' dir='ltr'><strong>ν</strong></span> 
     </span>
    </p>
   </div>
   <div class='ocr_carea' id='block_1_34' title="bbox 362 1976 2022 2051">
    <p class='ocr_par' dir='ltr' id='par_1_34' title="bbox 362 1976 2022 2051">
     <span class='ocr_line' id='line_1_36' title="bbox 362 1976 2022 2051; baseline 0 -14"><span class='ocrx_word' id='word_1_263' title='bbox 362 1982 420 2037; x_wconf 88' lang='lat' dir='ltr'>et</span> <span class='ocrx_word' id='word_1_264' title='bbox 451 1977 736 2036; x_wconf 87' lang='lat' dir='ltr'>scatebris</span> <span class='ocrx_word' id='word_1_265' title='bbox 772 1978 831 2032; x_wconf 90' lang='lat' dir='ltr'>in</span> <span class='ocrx_word' id='word_1_266' title='bbox 863 1981 1032 2033; x_wconf 70' lang='lat' dir='ltr'>terrae</span> <span class='ocrx_word' id='word_1_267' title='bbox 1064 1976 1426 2033; x_wconf 85' lang='lat' dir='ltr'>summitate.</span> <span class='ocrx_word' id='word_1_268' title='bbox 1458 1979 1532 2034; x_wconf 89' lang='lat' dir='ltr'>At</span> <span class='ocrx_word' id='word_1_269' title='bbox 1569 1977 1729 2035; x_wconf 90' lang='lat' dir='ltr'>ﬂuvii</span> <span class='ocrx_word' id='word_1_270' title='bbox 1782 1979 2022 2051; x_wconf 87' lang='lat' dir='ltr'>quidem</span> 
     </span>
    </p>
   </div>
   <div class='ocr_carea' id='block_1_35' title="bbox 361 2065 2023 2140">
    <p class='ocr_par' dir='ltr' id='par_1_35' title="bbox 361 2065 2023 2140">
     <span class='ocr_line' id='line_1_37' title="bbox 361 2065 2023 2140; baseline 0.001 -15"><span class='ocrx_word' id='word_1_271' title='bbox 361 2071 419 2125; x_wconf 90' lang='lat' dir='ltr'>et</span> <span class='ocrx_word' id='word_1_272' title='bbox 468 2069 747 2123; x_wconf 66' lang='lat' dir='ltr'>scatebras</span> <span class='ocrx_word' id='word_1_273' title='bbox 791 2083 978 2139; x_wconf 85' lang='lat' dir='ltr'>aquas</span> <span class='ocrx_word' id='word_1_274' title='bbox 1005 2065 1220 2121; x_wconf 85' lang='lat' dir='ltr'>habent</span> <span class='ocrx_word' id='word_1_275' title='bbox 1258 2066 1617 2140; x_wconf 87' lang='lat' dir='ltr'>proﬂuentes</span> <span class='ocrx_word' id='word_1_276' title='bbox 1651 2085 1664 2123; x_wconf 91' lang='lat'>:</span> <span class='ocrx_word' id='word_1_277' title='bbox 1699 2068 1857 2140; x_wconf 89' lang='lat' dir='ltr'>putei</span> <span class='ocrx_word' id='word_1_278' title='bbox 1890 2086 2023 2127; x_wconf 88' lang='lat' dir='ltr'>vero</span> 
     </span>
    </p>
   </div>
   <div class='ocr_carea' id='block_1_36' title="bbox 365 2156 2023 2229">
    <p class='ocr_par' dir='ltr' id='par_1_36' title="bbox 365 2156 2023 2229">
     <span class='ocr_line' id='line_1_38' title="bbox 365 2156 2023 2229; baseline 0.002 -16"><span class='ocrx_word' id='word_1_279' title='bbox 365 2161 617 2228; x_wconf 86' lang='lat' dir='ltr'>stantes,</span> <span class='ocrx_word' id='word_1_280' title='bbox 654 2173 842 2228; x_wconf 88' lang='lat' dir='ltr'>neque</span> <span class='ocrx_word' id='word_1_281' title='bbox 874 2157 1030 2212; x_wconf 85' lang='lat' dir='ltr'>enim</span> <span class='ocrx_word' id='word_1_282' title='bbox 1059 2161 1433 2229; x_wconf 88' lang='lat' dir='ltr'>promanant.</span> <span class='ocrx_word' id='word_1_283' title='bbox 1463 2156 1748 2214; x_wconf 63' lang='lat' dir='ltr'>Caeterum</span> <span class='ocrx_word' id='word_1_284' title='bbox 1793 2158 2023 2216; x_wconf 85' lang='lat' dir='ltr'>Aristo-</span> 
     </span>
    </p>
   </div>
   <div class='ocr_carea' id='block_1_37' title="bbox 362 2246 2024 2323">
    <p class='ocr_par' dir='ltr' id='par_1_37' title="bbox 362 2246 2024 2323">
     <span class='ocr_line' id='line_1_39' title="bbox 362 2246 2024 2323; baseline 0.001 -20"><span class='ocrx_word' id='word_1_285' title='bbox 362 2247 509 2303; x_wconf 81' lang='lat' dir='ltr'>teles</span> <span class='ocrx_word' id='word_1_286' title='bbox 541 2263 700 2303; x_wconf 87' lang='lat' dir='ltr'>mare</span> <span class='ocrx_word' id='word_1_287' title='bbox 730 2246 1096 2320; x_wconf 71' lang='lat' dir='ltr'>Erythraeum</span> <span class='ocrx_word' id='word_1_288' title='bbox 1127 2252 1291 2302; x_wconf 83' lang='lat' dir='ltr'>extra</span> <span class='ocrx_word' id='word_1_289' title='bbox 1321 2247 1614 2304; x_wconf 89' lang='lat' dir='ltr'>Oceanum</span> <span class='ocrx_word' id='word_1_290' title='bbox 1644 2248 1831 2321; x_wconf 86' lang='lat' dir='ltr'>ponit,</span> <span class='ocrx_word' id='word_1_291' title='bbox 1880 2265 2024 2323; x_wconf 90' lang='lat' dir='ltr'>quo-</span> 
     </span>
    </p>
   </div>
   <div class='ocr_carea' id='block_1_38' title="bbox 366 2336 2024 2410">
    <p class='ocr_par' dir='ltr' id='par_1_38' title="bbox 366 2336 2024 2410">
     <span class='ocr_line' id='line_1_40' title="bbox 366 2336 2024 2410; baseline 0.002 -17"><span class='ocrx_word' id='word_1_292' title='bbox 366 2337 524 2393; x_wconf 86' lang='lat' dir='ltr'>niam</span> <span class='ocrx_word' id='word_1_293' title='bbox 560 2336 777 2392; x_wconf 85' lang='lat' dir='ltr'>finibus</span> <span class='ocrx_word' id='word_1_294' title='bbox 808 2336 919 2409; x_wconf 89' lang='lat' dir='ltr'>ipsi</span> <span class='ocrx_word' id='word_1_295' title='bbox 954 2352 1071 2392; x_wconf 92' lang='lat' dir='ltr'>non</span> <span class='ocrx_word' id='word_1_296' title='bbox 1097 2336 1390 2410; x_wconf 84' lang='lat' dir='ltr'>jungitur.</span> <span class='ocrx_word' id='word_1_297' title='bbox 1425 2338 1526 2394; x_wconf 83' lang='lat' dir='ltr'>Est</span> <span class='ocrx_word' id='word_1_298' title='bbox 1555 2342 1614 2394; x_wconf 89' lang='lat' dir='ltr'>et</span> <span class='ocrx_word' id='word_1_299' title='bbox 1645 2340 1792 2396; x_wconf 72' lang='lat' dir='ltr'>locus</span> <span class='ocrx_word' id='word_1_300' title='bbox 1833 2338 2024 2396; x_wconf 91' lang='lat' dir='ltr'>eidem</span> 
     </span>
    </p>
   </div>
   <div class='ocr_carea' id='block_1_39' title="bbox 363 2426 2022 2501">
    <p class='ocr_par' dir='ltr' id='par_1_39' title="bbox 363 2426 2022 2501">
     <span class='ocr_line' id='line_1_41' title="bbox 363 2426 2022 2501; baseline 0.001 -18"><span class='ocrx_word' id='word_1_301' title='bbox 363 2426 556 2483; x_wconf 84' lang='lat' dir='ltr'>dictus</span> <span class='ocrx_word' id='word_1_302' title='bbox 582 2427 900 2500; x_wconf 76' lang='lat' dir='ltr'>pro/undas</span> <span class='ocrx_word' id='word_1_303' title='bbox 932 2427 1249 2499; x_wconf 83' lang='lat' dir='ltr'>supra(tO)</span> <span class='ocrx_word' id='word_1_304' title='bbox 1296 2427 1527 2483; x_wconf 75' lang='lat' dir='ltr'>Maeotin</span> <span class='ocrx_word' id='word_1_305' title='bbox 1579 2427 1873 2501; x_wconf 86' lang='lat' dir='ltr'>paludem,</span> <span class='ocrx_word' id='word_1_306' title='bbox 1925 2430 2022 2485; x_wconf 92' lang='lat' dir='ltr'>ubi</span> 
     </span>
    </p>
   </div>
   <div class='ocr_carea' id='block_1_40' title="bbox 365 2517 1950 2591">
    <p class='ocr_par' dir='ltr' id='par_1_40' title="bbox 365 2517 1950 2591">
     <span class='ocr_line' id='line_1_42' title="bbox 365 2517 1950 2591; baseline 0.001 -18"><span class='ocrx_word' id='word_1_307' title='bbox 365 2533 501 2573; x_wconf 90' lang='lat' dir='ltr'>cum</span> <span class='ocrx_word' id='word_1_308' title='bbox 534 2517 722 2573; x_wconf 91' lang='lat' dir='ltr'>multo</span> <span class='ocrx_word' id='word_1_309' title='bbox 753 2517 966 2591; x_wconf 90' lang='lat' dir='ltr'>spiritu</span> <span class='ocrx_word' id='word_1_310' title='bbox 1004 2535 1159 2589; x_wconf 87' lang='lat' dir='ltr'>aqua</span> <span class='ocrx_word' id='word_1_311' title='bbox 1189 2517 1536 2574; x_wconf 88' lang='lat' dir='ltr'>dulcissima</span> <span class='ocrx_word' id='word_1_312' title='bbox 1568 2518 1950 2591; x_wconf 88' lang='lat' dir='ltr'>propullulat.</span> 
     </span>
    </p>
   </div>
   <div class='ocr_carea' id='block_1_41' title="bbox 477 2625 1916 2698">
    <p class='ocr_par' dir='ltr' id='par_1_41' title="bbox 477 2625 1916 2698">
     <span class='ocr_line' id='line_1_43' title="bbox 477 2625 1916 2698; baseline 0.001 -18"><span class='ocrx_word' id='word_1_313' title='bbox 477 2626 599 2681; x_wconf 85' lang='lat'>132.</span> <span class='ocrx_word' id='word_1_314' title='bbox 633 2628 825 2698; x_wconf 81' lang='lat' dir='ltr'>Quare</span> <span class='ocrx_word' id='word_1_315' title='bbox 851 2640 994 2697; x_wconf 87' lang='lat' dir='ltr'>aqua</span> <span class='ocrx_word' id='word_1_316' title='bbox 1023 2625 1249 2679; x_wconf 86' lang='lat' dir='ltr'>marina</span> <span class='ocrx_word' id='word_1_317' title='bbox 1279 2625 1500 2681; x_wconf 77' lang='lat' dir='ltr'>arbores</span> <span class='ocrx_word' id='word_1_318' title='bbox 1527 2641 1636 2680; x_wconf 82' lang='lat' dir='ltr'>non</span> <span class='ocrx_word' id='word_1_319' title='bbox 1666 2626 1916 2682; x_wconf 80' lang='lat' dir='ltr'>alantur.</span> 
     </span>
    </p>
   </div>
   <div class='ocr_carea' id='block_1_42' title="bbox 436 2784 2025 2859">
    <p class='ocr_par' dir='ltr' id='par_1_42' title="bbox 436 2784 2025 2859">
     <span class='ocr_line' id='line_1_44' title="bbox 436 2784 2025 2859; baseline 0.003 -18"><span class='ocrx_word' id='word_1_320' title='bbox 436 2786 565 2842; x_wconf 85' lang='lat' dir='ltr'>Non</span> <span class='ocrx_word' id='word_1_321' title='bbox 599 2784 701 2840; x_wconf 86' lang='lat' dir='ltr'>alit</span> <span class='ocrx_word' id='word_1_322' title='bbox 732 2802 887 2859; x_wconf 83' lang='lat' dir='ltr'>aqua</span> <span class='ocrx_word' id='word_1_323' title='bbox 918 2784 1149 2840; x_wconf 88' lang='lat' dir='ltr'>marina</span> <span class='ocrx_word' id='word_1_324' title='bbox 1178 2784 1589 2857; x_wconf 85' lang='lat' dir='ltr'>arbores,quia</span> <span class='ocrx_word' id='word_1_325' title='bbox 1618 2800 1679 2843; x_wconf 89' lang='lat' dir='ltr'>se</span> <span class='ocrx_word' id='word_1_326' title='bbox 1709 2803 1822 2844; x_wconf 92' lang='lat' dir='ltr'>non</span> <span class='ocrx_word' id='word_1_327' title='bbox 1857 2786 2025 2845; x_wconf 82' lang='lat' dir='ltr'>facile</span> 
     </span>
    </p>
   </div>
   <div class='ocr_carea' id='block_1_43' title="bbox 367 2874 2029 2946">
    <p class='ocr_par' dir='ltr' id='par_1_43' title="bbox 367 2874 2029 2946">
     <span class='ocr_line' id='line_1_45' title="bbox 367 2874 2029 2946; baseline 0.001 -14"><span class='ocrx_word' id='word_1_328' title='bbox 367 2874 637 2932; x_wconf 85' lang='lat' dir='ltr'>insinuat</span> <span class='ocrx_word' id='word_1_329' title='bbox 667 2874 987 2946; x_wconf 84' lang='lat' dir='ltr'>radicibus,</span> <span class='ocrx_word' id='word_1_330' title='bbox 1025 2889 1131 2931; x_wconf 90' lang='lat' dir='ltr'>nec</span> <span class='ocrx_word' id='word_1_331' title='bbox 1182 2874 1449 2932; x_wconf 85' lang='lat' dir='ltr'>celeriter</span> <span class='ocrx_word' id='word_1_332' title='bbox 1498 2876 1559 2932; x_wconf 93' lang='lat' dir='ltr'>in</span> <span class='ocrx_word' id='word_1_333' title='bbox 1607 2881 1884 2934; x_wconf 84' lang='lat' dir='ltr'>truncum</span> <span class='ocrx_word' id='word_1_334' title='bbox 1940 2896 2029 2934; x_wconf 86' lang='lat' dir='ltr'>ra-</span> 
     </span>
    </p>
   </div>
   <div class='ocr_carea' id='block_1_44' title="bbox 370 2965 2027 3042">
    <p class='ocr_par' dir='ltr' id='par_1_44' title="bbox 370 2965 2027 3042">
     <span class='ocr_line' id='line_1_46' title="bbox 370 2965 2027 3042; baseline 0.002 -20"><span class='ocrx_word' id='word_1_335' title='bbox 370 2980 620 3038; x_wconf 89' lang='lat' dir='ltr'>mosque</span> <span class='ocrx_word' id='word_1_336' title='bbox 651 2965 1140 3039; x_wconf 84' lang='lat' dir='ltr'>assurgit,utpote</span> <span class='ocrx_word' id='word_1_337' title='bbox 1167 2966 1422 3021; x_wconf 82' lang='lat' dir='ltr'>crassior</span> <span class='ocrx_word' id='word_1_338' title='bbox 1450 2966 1799 3042; x_wconf 82' lang='lat' dir='ltr'>graviorque</span> <span class='ocrx_word' id='word_1_339' title='bbox 1821 2986 1888 3026; x_wconf 90' lang='lat' dir='ltr'>ac</span> <span class='ocrx_word' id='word_1_340' title='bbox 1917 2973 2027 3027; x_wconf 89' lang='lat' dir='ltr'>ter-</span> 
     </span>
    </p>
   </div>
   <div class='ocr_carea' id='block_1_45' title="bbox 368 3055 2025 3132">
    <p class='ocr_par' dir='ltr' id='par_1_45' title="bbox 368 3055 2025 3132">
     <span class='ocr_line' id='line_1_47' title="bbox 368 3055 2025 3132; baseline 0.002 -19"><span class='ocrx_word' id='word_1_341' title='bbox 368 3056 538 3113; x_wconf 88' lang='lat' dir='ltr'>restri</span> <span class='ocrx_word' id='word_1_342' title='bbox 568 3059 782 3112; x_wconf 88' lang='lat' dir='ltr'>natura</span> <span class='ocrx_word' id='word_1_343' title='bbox 814 3073 827 3112; x_wconf 87' lang='lat'><strong>:</strong></span> <span class='ocrx_word' id='word_1_344' title='bbox 862 3055 971 3112; x_wconf 88' lang='lat' dir='ltr'>hoc</span> <span class='ocrx_word' id='word_1_345' title='bbox 1004 3055 1160 3112; x_wconf 90' lang='lat' dir='ltr'>enim</span> <span class='ocrx_word' id='word_1_346' title='bbox 1194 3055 1330 3113; x_wconf 88' lang='lat' dir='ltr'>inde</span> <span class='ocrx_word' id='word_1_347' title='bbox 1360 3058 1814 3127; x_wconf 87' lang='lat' dir='ltr'>demonstratur,</span> <span class='ocrx_word' id='word_1_348' title='bbox 1848 3061 2025 3132; x_wconf 89' lang='lat' dir='ltr'>&#39;quod</span> 
     </span>
    </p>
   </div>
   <div class='ocr_carea' id='block_1_46' title="bbox 367 3145 2028 3227">
    <p class='ocr_par' dir='ltr' id='par_1_46' title="bbox 367 3145 2028 3227">
     <span class='ocr_line' id='line_1_48' title="bbox 367 3145 2028 3227; baseline 0.004 -25"><span class='ocrx_word' id='word_1_349' title='bbox 367 3145 602 3203; x_wconf 82' lang='lat' dir='ltr'>facilius</span> <span class='ocrx_word' id='word_1_350' title='bbox 634 3162 813 3227; x_wconf 69' lang='lat' dir='ltr'>quam</span> <span class='ocrx_word' id='word_1_351' title='bbox 845 3145 960 3203; x_wconf 89' lang='lat' dir='ltr'>alia</span> <span class='ocrx_word' id='word_1_352' title='bbox 988 3163 1141 3219; x_wconf 88' lang='lat' dir='ltr'>aqua</span> <span class='ocrx_word' id='word_1_353' title='bbox 1170 3148 1283 3203; x_wconf 83' lang='lat' dir='ltr'>fert</span> <span class='ocrx_word' id='word_1_354' title='bbox 1326 3148 1699 3222; x_wconf 87' lang='lat' dir='ltr'>sustinetque</span> <span class='ocrx_word' id='word_1_355' title='bbox 1748 3167 1922 3208; x_wconf 85' lang='lat' dir='ltr'>naves</span> <span class='ocrx_word' id='word_1_356' title='bbox 1970 3154 2028 3209; x_wconf 86' lang='lat' dir='ltr'>et</span> 
     </span>
    </p>
   </div>
   <div class='ocr_carea' id='block_1_47' title="bbox 370 3235 2024 3314">
    <p class='ocr_par' dir='ltr' id='par_1_47' title="bbox 370 3235 2024 3314">
     <span class='ocr_line' id='line_1_49' title="bbox 370 3235 2024 3314; baseline 0.004 -21"><span class='ocrx_word' id='word_1_357' title='bbox 370 3236 723 3293; x_wconf 87' lang='lat' dir='ltr'>urinatores.</span> <span class='ocrx_word' id='word_1_358' title='bbox 759 3235 925 3294; x_wconf 85' lang='lat' dir='ltr'>Dices</span> <span class='ocrx_word' id='word_1_359' title='bbox 948 3240 1005 3293; x_wconf 90' lang='lat' dir='ltr'>et</span> <span class='ocrx_word' id='word_1_360' title='bbox 1025 3236 1196 3293; x_wconf 87' lang='lat' dir='ltr'>aliam</span> <span class='ocrx_word' id='word_1_361' title='bbox 1223 3254 1486 3310; x_wconf 80' lang='lat' dir='ltr'>causam,</span> <span class='ocrx_word' id='word_1_362' title='bbox 1521 3241 1675 3311; x_wconf 92' lang='lat' dir='ltr'>quod</span> <span class='ocrx_word' id='word_1_363' title='bbox 1711 3257 1866 3314; x_wconf 86' lang='lat' dir='ltr'>aqua</span> <span class='ocrx_word' id='word_1_364' title='bbox 1899 3259 2024 3298; x_wconf 86' lang='lat' dir='ltr'>ma-</span> 
     </span>
    </p>
   </div>
   <div class='ocr_carea' id='block_1_48' title="bbox 367 3312 2100 3394">
    <p class='ocr_par' dir='ltr' id='par_1_48' title="bbox 367 3312 2100 3394">
     <span class='ocr_line' id='line_1_50' title="bbox 367 3312 2100 3394; baseline 0.003 -11"><span class='ocrx_word' id='word_1_365' title='bbox 367 3327 499 3383; x_wconf 87' lang='lat' dir='ltr'>rina</span> <span class='ocrx_word' id='word_1_366' title='bbox 528 3326 803 3394; x_wconf 84' lang='lat' dir='ltr'>cxsiccat,</span> <span class='ocrx_word' id='word_1_367' title='bbox 828 3343 961 3383; x_wconf 91' lang='lat' dir='ltr'>cum</span> <span class='ocrx_word' id='word_1_368' title='bbox 991 3327 1303 3384; x_wconf 86' lang='lat' dir='ltr'>arboribus</span> <span class='ocrx_word' id='word_1_369' title='bbox 1334 3345 1450 3385; x_wconf 91' lang='lat' dir='ltr'>non</span> <span class='ocrx_word' id='word_1_370' title='bbox 1482 3329 1756 3387; x_wconf 88' lang='lat' dir='ltr'>ariditate</span> <span class='ocrx_word' id='word_1_371' title='bbox 1770 3312 1886 3387; x_wconf 74' lang='lat' dir='ltr'>sed</span> <span class='ocrx_word' id='word_1_372' title='bbox 1920 3331 2027 3388; x_wconf 84' lang='lat' dir='ltr'>hu-</span> <span class='ocrx_word' id='word_1_373' title='bbox 2056 3312 2100 3379; x_wconf 72' lang='grc' dir='ltr'>Ο</span> 
     </span>
    </p>
   </div>
   <div class='ocr_carea' id='block_1_49' title="bbox 370 3416 2025 3494">
    <p class='ocr_par' dir='ltr' id='par_1_49' title="bbox 370 3416 2025 3494">
     <span class='ocr_line' id='line_1_51' title="bbox 370 3416 2025 3494; baseline 0.004 -22"><span class='ocrx_word' id='word_1_374' title='bbox 370 3432 531 3474; x_wconf 93' lang='lat' dir='ltr'>more</span> <span class='ocrx_word' id='word_1_375' title='bbox 557 3434 705 3490; x_wconf 85' lang='lat' dir='ltr'>Opus</span> <span class='ocrx_word' id='word_1_376' title='bbox 738 3417 835 3473; x_wconf 90' lang='lat' dir='ltr'>sit.</span> <span class='ocrx_word' id='word_1_377' title='bbox 867 3416 1031 3482; x_wconf 89' lang='lat' dir='ltr'>Quod</span> <span class='ocrx_word' id='word_1_378' title='bbox 1064 3434 1195 3474; x_wconf 89' lang='lat' dir='ltr'>vero</span> <span class='ocrx_word' id='word_1_379' title='bbox 1227 3418 1486 3474; x_wconf 90' lang='lat' dir='ltr'>siccandi</span> <span class='ocrx_word' id='word_1_380' title='bbox 1520 3419 1633 3475; x_wconf 91' lang='lat' dir='ltr'>vim</span> <span class='ocrx_word' id='word_1_381' title='bbox 1667 3420 1841 3477; x_wconf 90' lang='lat' dir='ltr'>habet</span> <span class='ocrx_word' id='word_1_382' title='bbox 1873 3439 2025 3494; x_wconf 87' lang='lat' dir='ltr'>aqua</span> 
     </span>
    </p>
   </div>
   <div class='ocr_carea' id='block_1_50' title="bbox 368 3505 2023 3583">
    <p class='ocr_par' dir='ltr' id='par_1_50' title="bbox 368 3505 2023 3583">
     <span class='ocr_line' id='line_1_52' title="bbox 368 3505 2023 3583; baseline 0.004 -21"><span class='ocrx_word' id='word_1_383' title='bbox 368 3505 621 3571; x_wconf 85' lang='lat' dir='ltr'>marina,</span> <span class='ocrx_word' id='word_1_384' title='bbox 655 3508 1032 3562; x_wconf 87' lang='lat' dir='ltr'>manifestum</span> <span class='ocrx_word' id='word_1_385' title='bbox 1068 3511 1157 3562; x_wconf 88' lang='lat' dir='ltr'>est</span> <span class='ocrx_word' id='word_1_386' title='bbox 1187 3507 1327 3580; x_wconf 88' lang='lat' dir='ltr'>quia</span> <span class='ocrx_word' id='word_1_387' title='bbox 1367 3508 1533 3579; x_wconf 88' lang='lat' dir='ltr'>juvat</span> <span class='ocrx_word' id='word_1_388' title='bbox 1578 3516 1779 3566; x_wconf 91' lang='lat' dir='ltr'>contra</span> <span class='ocrx_word' id='word_1_389' title='bbox 1827 3515 2023 3583; x_wconf 88' lang='lat' dir='ltr'>putre-</span> 
     </span>
    </p>
   </div>
   <div class='ocr_carea' id='block_1_51' title="bbox 370 3594 2023 3672">
    <p class='ocr_par' dir='ltr' id='par_1_51' title="bbox 370 3594 2023 3672">
     <span class='ocr_line' id='line_1_53' title="bbox 370 3594 2023 3672; baseline 0.005 -22"><span class='ocrx_word' id='word_1_390' title='bbox 370 3594 710 3664; x_wconf 87' lang='lat' dir='ltr'>factionem,</span> <span class='ocrx_word' id='word_1_391' title='bbox 745 3595 1024 3666; x_wconf 89' lang='lat' dir='ltr'>quoniam</span> <span class='ocrx_word' id='word_1_392' title='bbox 1060 3596 1257 3652; x_wconf 89' lang='lat' dir='ltr'>aridas</span> <span class='ocrx_word' id='word_1_393' title='bbox 1289 3614 1381 3653; x_wconf 90' lang='lat' dir='ltr'>res</span> <span class='ocrx_word' id='word_1_394' title='bbox 1413 3597 1605 3654; x_wconf 85' lang='lat' dir='ltr'>reddit</span> <span class='ocrx_word' id='word_1_395' title='bbox 1652 3597 1958 3672; x_wconf 87' lang='lat' dir='ltr'>siccasque</span> <span class='ocrx_word' id='word_1_396' title='bbox 2008 3621 2023 3670; x_wconf 87' lang='lat'><strong>;</strong></span> 
     </span>
    </p>
   </div>
   <div class='ocr_carea' id='block_1_52' title="bbox 374 3684 2024 3756">
    <p class='ocr_par' dir='ltr' id='par_1_52' title="bbox 374 3684 2024 3756">
     <span class='ocr_line' id='line_1_54' title="bbox 374 3684 2024 3756; baseline 0.002 -14"><span class='ocrx_word' id='word_1_397' title='bbox 374 3684 476 3742; x_wconf 90' lang='lat' dir='ltr'>sed</span> <span class='ocrx_word' id='word_1_398' title='bbox 509 3689 569 3740; x_wconf 91' lang='lat' dir='ltr'>et</span> <span class='ocrx_word' id='word_1_399' title='bbox 596 3700 841 3755; x_wconf 89' lang='lat' dir='ltr'>corpora</span> <span class='ocrx_word' id='word_1_400' title='bbox 871 3700 1069 3740; x_wconf 89' lang='lat' dir='ltr'>eorum</span> <span class='ocrx_word' id='word_1_401' title='bbox 1106 3685 1207 3756; x_wconf 88' lang='lat' dir='ltr'>qui</span> <span class='ocrx_word' id='word_1_402' title='bbox 1241 3686 1299 3741; x_wconf 92' lang='lat' dir='ltr'>in</span> <span class='ocrx_word' id='word_1_403' title='bbox 1332 3686 1481 3741; x_wconf 88' lang='lat' dir='ltr'>mari</span> <span class='ocrx_word' id='word_1_404' title='bbox 1510 3686 1777 3744; x_wconf 88' lang='lat' dir='ltr'>laverunt</span> <span class='ocrx_word' id='word_1_405' title='bbox 1805 3689 2024 3746; x_wconf 89' lang='lat' dir='ltr'>siccam</span> 
     </span>
    </p>
   </div>
   <div class='ocr_carea' id='block_1_53' title="bbox 372 3772 2023 3846">
    <p class='ocr_par' dir='ltr' id='par_1_53' title="bbox 372 3772 2023 3846">
     <span class='ocr_line' id='line_1_55' title="bbox 372 3772 2023 3846; baseline 0.003 -16"><span class='ocrx_word' id='word_1_406' title='bbox 372 3776 429 3830; x_wconf 87' lang='lat' dir='ltr'>et</span> <span class='ocrx_word' id='word_1_407' title='bbox 459 3789 728 3846; x_wconf 88' lang='lat' dir='ltr'>asperam</span> <span class='ocrx_word' id='word_1_408' title='bbox 761 3772 1130 3846; x_wconf 88' lang='lat' dir='ltr'>superﬁciem</span> <span class='ocrx_word' id='word_1_409' title='bbox 1165 3772 1401 3831; x_wconf 86' lang='lat' dir='ltr'>habent.</span> <span class='ocrx_word' id='word_1_410' title='bbox 1452 3776 1645 3834; x_wconf 86' lang='lat' dir='ltr'>Addes</span> <span class='ocrx_word' id='word_1_411' title='bbox 1692 3782 1749 3833; x_wconf 87' lang='lat' dir='ltr'>et</span> <span class='ocrx_word' id='word_1_412' title='bbox 1791 3779 2023 3836; x_wconf 85' lang='lat' dir='ltr'>tertiam</span> 
     </span>
    </p>
   </div>
   <div class='ocr_carea' id='block_1_54' title="bbox 372 3863 2029 3939">
    <p class='ocr_par' dir='ltr' id='par_1_54' title="bbox 372 3863 2029 3939">
     <span class='ocr_line' id='line_1_56' title="bbox 372 3863 2029 3939; baseline 0.004 -20"><span class='ocrx_word' id='word_1_413' title='bbox 372 3863 803 3934; x_wconf 83' lang='lat' dir='ltr'>causam,quod</span> <span class='ocrx_word' id='word_1_414' title='bbox 839 3879 991 3934; x_wconf 84' lang='lat' dir='ltr'>aqua</span> <span class='ocrx_word' id='word_1_415' title='bbox 1024 3863 1254 3921; x_wconf 85' lang='lat' dir='ltr'>marina</span> <span class='ocrx_word' id='word_1_416' title='bbox 1285 3863 1545 3921; x_wconf 86' lang='lat' dir='ltr'>abundat</span> <span class='ocrx_word' id='word_1_417' title='bbox 1575 3865 2029 3939; x_wconf 84' lang='lat' dir='ltr'>pinguedine,at</span> 
     </span>
    </p>
   </div>
   <div class='ocr_carea' id='block_1_55' title="bbox 370 3955 2028 4030">
    <p class='ocr_par' dir='ltr' id='par_1_55' title="bbox 370 3955 2028 4030">
     <span class='ocr_line' id='line_1_57' title="bbox 370 3955 2028 4030; baseline 0.007 -21"><span class='ocrx_word' id='word_1_418' title='bbox 370 3955 669 4030; x_wconf 88' lang='lat' dir='ltr'>pinguedo</span> <span class='ocrx_word' id='word_1_419' title='bbox 719 3955 875 4027; x_wconf 88' lang='lat' dir='ltr'>poris</span> <span class='ocrx_word' id='word_1_420' title='bbox 924 3955 1201 4012; x_wconf 91' lang='lat' dir='ltr'>arborum</span> <span class='ocrx_word' id='word_1_421' title='bbox 1252 3973 1315 4013; x_wconf 91' lang='lat' dir='ltr'>se</span> <span class='ocrx_word' id='word_1_422' title='bbox 1364 3956 1678 4017; x_wconf 88' lang='lat' dir='ltr'>insinuans</span> <span class='ocrx_word' id='word_1_423' title='bbox 1724 3960 2028 4021; x_wconf 72' lang='lat' dir='ltr'>fascundas</span> 
     </span>
    </p>
   </div>
   <div class='ocr_carea' id='block_1_56' title="bbox 374 4044 993 4118">
    <p class='ocr_par' dir='ltr' id='par_1_56' title="bbox 374 4044 993 4118">
     <span class='ocr_line' id='line_1_58' title="bbox 374 4044 993 4118; baseline -0.002 -16"><span class='ocrx_word' id='word_1_424' title='bbox 374 4060 506 4102; x_wconf 88' lang='lat' dir='ltr'>esse</span> <span class='ocrx_word' id='word_1_425' title='bbox 537 4061 655 4100; x_wconf 90' lang='lat' dir='ltr'>non</span> <span class='ocrx_word' id='word_1_426' title='bbox 687 4044 993 4118; x_wconf 88' lang='lat' dir='ltr'>permittit.</span> 
     </span>
    </p>
   </div>
   <div class='ocr_carea' id='block_1_57' title="bbox 374 4224 2029 4353">
    <p class='ocr_par' dir='ltr' id='par_1_57' title="bbox 374 4224 2029 4353">
     <span class='ocr_line' id='line_1_59' title="bbox 374 4224 2029 4353; baseline 0.005 -72"><span class='ocrx_word' id='word_1_427' title='bbox 374 4224 498 4281; x_wconf 79' lang='lat'>133.</span> <span class='ocrx_word' id='word_1_428' title='bbox 534 4224 713 4293; x_wconf 76' lang='lat' dir='ltr'>Quare</span> <span class='ocrx_word' id='word_1_429' title='bbox 742 4225 861 4281; x_wconf 82' lang='lat' dir='ltr'>oleo</span> <span class='ocrx_word' id='word_1_430' title='bbox 887 4226 945 4281; x_wconf 81' lang='lat' dir='ltr'>in</span> <span class='ocrx_word' id='word_1_431' title='bbox 976 4241 1130 4282; x_wconf 85' lang='lat' dir='ltr'>mare</span> <span class='ocrx_word' id='word_1_432' title='bbox 1157 4226 1326 4298; x_wconf 76' lang='lat' dir='ltr'>effuso</span> <span class='ocrx_word' id='word_1_433' title='bbox 1361 4229 1669 4353; x_wconf 49' lang='lat' dir='ltr'>perspicua</span> <span class='ocrx_word' id='word_1_434' title='bbox 1714 4229 1836 4298; x_wconf 73' lang='lat' dir='ltr'>eius</span> <span class='ocrx_word' id='word_1_435' title='bbox 1883 4247 2029 4303; x_wconf 85' lang='lat' dir='ltr'>aqua</span> 
     </span>
     <span class='ocr_line' id='line_1_60' title="bbox 927 4298 1471 4353; baseline 0.002 -1"><span class='ocrx_word' id='word_1_436' title='bbox 927 4298 1032 4353; x_wconf 78' lang='lat' dir='ltr'>ﬁat</span> <span class='ocrx_word' id='word_1_437' title='bbox 1059 4302 1111 4353; x_wconf 84' lang='lat' dir='ltr'>et</span> <span class='ocrx_word' id='word_1_438' title='bbox 1141 4306 1367 4353; x_wconf 76' lang='lat' dir='ltr'>(ranam</span> <span class='ocrx_word' id='word_1_439' title='bbox 1396 4299 1471 4353; x_wconf 86' lang='lat' dir='ltr'>la.</span> 
     </span>
    </p>
   </div>
   <div class='ocr_carea' id='block_1_58' title="bbox 926 4298 1471 4372">
    <p class='ocr_par' dir='ltr' id='par_1_58' title="bbox 926 4298 1471 4372">
     <span class='ocr_line' id='line_1_61' title="bbox 926 4298 1471 4372; baseline 0.004 -20"><span class='ocrx_word' id='word_1_440' title='bbox 926 4298 1032 4367; x_wconf 77' lang='lat' dir='ltr'>ﬁat</span> <span class='ocrx_word' id='word_1_441' title='bbox 1059 4302 1111 4353; x_wconf 84' lang='lat' dir='ltr'>et</span> <span class='ocrx_word' id='word_1_442' title='bbox 1141 4298 1471 4372; x_wconf 77' lang='lat' dir='ltr'>tranquilla.</span> 
     </span>
    </p>
   </div>
   <div class='ocr_carea' id='block_1_59' title="bbox 444 4384 2029 4461">
    <p class='ocr_par' dir='ltr' id='par_1_59' title="bbox 444 4384 2029 4461">
     <span class='ocr_line' id='line_1_62' title="bbox 444 4384 2029 4461; baseline 0.007 -23"><span class='ocrx_word' id='word_1_443' title='bbox 444 4384 589 4449; x_wconf 88' lang='lat' dir='ltr'>Quia</span> <span class='ocrx_word' id='word_1_444' title='bbox 609 4386 838 4442; x_wconf 83' lang='lat' dir='ltr'>marina</span> <span class='ocrx_word' id='word_1_445' title='bbox 859 4403 1012 4459; x_wconf 90' lang='lat' dir='ltr'>aqua</span> <span class='ocrx_word' id='word_1_446' title='bbox 1030 4387 1239 4444; x_wconf 88' lang='lat' dir='ltr'>terreis</span> <span class='ocrx_word' id='word_1_447' title='bbox 1262 4392 1320 4443; x_wconf 90' lang='lat' dir='ltr'>et</span> <span class='ocrx_word' id='word_1_448' title='bbox 1340 4387 1730 4461; x_wconf 66' lang='lat' dir='ltr'>inaequalibus</span> <span class='ocrx_word' id='word_1_449' title='bbox 1750 4397 2029 4449; x_wconf 87' lang='lat' dir='ltr'>constans</span> 
     </span>
    </p>
   </div>
   <div class='ocr_carea' id='block_1_60' title="bbox 372 4474 2031 4551">
    <p class='ocr_par' dir='ltr' id='par_1_60' title="bbox 372 4474 2031 4551">
     <span class='ocr_line' id='line_1_63' title="bbox 372 4474 2031 4551; baseline 0.006 -20"><span class='ocrx_word' id='word_1_450' title='bbox 372 4474 679 4548; x_wconf 85' lang='lat' dir='ltr'>particulis</span> <span class='ocrx_word' id='word_1_451' title='bbox 712 4475 1342 4551; x_wconf 87' lang='lat' dir='ltr'>traditur,laxaturque</span> <span class='ocrx_word' id='word_1_452' title='bbox 1370 4477 1479 4534; x_wconf 90' lang='lat' dir='ltr'>olei</span> <span class='ocrx_word' id='word_1_453' title='bbox 1504 4479 2031 4551; x_wconf 84' lang='lat' dir='ltr'>densitate,deinde</span> 
     </span>
    </p>
   </div>
   <div class='ocr_carea' id='block_1_61' title="bbox 378 4565 2027 4646">
    <p class='ocr_par' dir='ltr' id='par_1_61' title="bbox 378 4565 2027 4646">
     <span class='ocr_line' id='line_1_64' title="bbox 378 4565 2027 4646; baseline 0.005 -25"><span class='ocrx_word' id='word_1_454' title='bbox 378 4568 720 4622; x_wconf 86' lang='lat' dir='ltr'>recurrente</span> <span class='ocrx_word' id='word_1_455' title='bbox 747 4565 848 4621; x_wconf 90' lang='lat' dir='ltr'>illa</span> <span class='ocrx_word' id='word_1_456' title='bbox 878 4567 948 4622; x_wconf 89' lang='lat' dir='ltr'>ad</span> <span class='ocrx_word' id='word_1_457' title='bbox 985 4584 1153 4623; x_wconf 90' lang='lat' dir='ltr'>suam</span> <span class='ocrx_word' id='word_1_458' title='bbox 1192 4572 1469 4625; x_wconf 87' lang='lat' dir='ltr'>naturam</span> <span class='ocrx_word' id='word_1_459' title='bbox 1497 4585 1745 4643; x_wconf 89' lang='lat' dir='ltr'>seseque</span> <span class='ocrx_word' id='word_1_460' title='bbox 1791 4588 2027 4646; x_wconf 89' lang='lat' dir='ltr'>compo-</span> 
     </span>
    </p>
   </div>
   <div class='ocr_carea' id='block_1_62' title="bbox 2131 1983 3793 2066">
    <p class='ocr_par' dir='ltr' id='par_1_62' title="bbox 2131 1983 3793 2066">
     <span class='ocr_line' id='line_1_65' title="bbox 2131 1983 3793 2066; baseline -0.003 -17"><span class='ocrx_word' id='word_1_461' title='bbox 2131 2000 2335 2064; x_wconf 81' lang='grc' dir='ltr'>πολῆς.</span> <span class='ocrx_word' id='word_1_462' title='bbox 2373 1992 2470 2049; x_wconf 84' lang='grc' dir='ltr'>Καὶ</span> <span class='ocrx_word' id='word_1_463' title='bbox 2524 1992 2765 2066; x_wconf 88' lang='grc' dir='ltr'>ποταμοὶ</span> <span class='ocrx_word' id='word_1_464' title='bbox 2827 1992 2925 2065; x_wconf 75' lang='grc' dir='ltr'>μὶν</span> <span class='ocrx_word' id='word_1_465' title='bbox 2981 1990 3069 2046; x_wconf 74' lang='grc' dir='ltr'>καὶ</span> <span class='ocrx_word' id='word_1_466' title='bbox 3101 1993 3296 2066; x_wconf 74' lang='grc' dir='ltr'>κρῆναι</span> <span class='ocrx_word' id='word_1_467' title='bbox 3358 1989 3550 2066; x_wconf 77' lang='grc' dir='ltr'>ῥευστὰ</span> <span class='ocrx_word' id='word_1_468' title='bbox 3570 1983 3793 2065; x_wconf 78' lang='grc' dir='ltr'>ἔχουσιν</span> 
     </span>
    </p>
   </div>
   <div class='ocr_carea' id='block_1_63' title="bbox 2132 2077 3789 2160">
    <p class='ocr_par' dir='ltr' id='par_1_63' title="bbox 2132 2077 3789 2160">
     <span class='ocr_line' id='line_1_66' title="bbox 2132 2077 3789 2160; baseline -0.001 -21"><span class='ocrx_word' id='word_1_469' title='bbox 2132 2082 2322 2155; x_wconf 70' lang='grc' dir='ltr'>ὕδατα,</span> <span class='ocrx_word' id='word_1_470' title='bbox 2376 2083 2445 2138; x_wconf 76' lang='grc' dir='ltr'>τὰ</span> <span class='ocrx_word' id='word_1_471' title='bbox 2503 2079 2561 2137; x_wconf 67' lang='grc' dir='ltr'>δὲ</span> <span class='ocrx_word' id='word_1_472' title='bbox 2619 2083 2842 2160; x_wconf 69' lang='grc' dir='ltr'>φρέατα,</span> <span class='ocrx_word' id='word_1_473' title='bbox 2904 2082 3162 2154; x_wconf 79' lang='grc' dir='ltr'>στάσιμα,</span> <span class='ocrx_word' id='word_1_474' title='bbox 3218 2079 3280 2135; x_wconf 79' lang='grc' dir='ltr'>οὑ</span> <span class='ocrx_word' id='word_1_475' title='bbox 3331 2080 3435 2156; x_wconf 81' lang='grc' dir='ltr'>γὰρ</span> <span class='ocrx_word' id='word_1_476' title='bbox 3489 2077 3789 2156; x_wconf 75' lang='grc' dir='ltr'>ὲκρέουσιν.</span> 
     </span>
    </p>
   </div>
   <div class='ocr_carea' id='block_1_64' title="bbox 2133 2167 3797 2247">
    <p class='ocr_par' dir='ltr' id='par_1_64' title="bbox 2133 2167 3797 2247">
     <span class='ocr_line' id='line_1_67' title="bbox 2133 2167 3797 2247; baseline -0.004 -17"><span class='ocrx_word' id='word_1_477' title='bbox 2133 2174 2366 2245; x_wconf 79' lang='grc' dir='ltr'>Ἔξωθεν</span> <span class='ocrx_word' id='word_1_478' title='bbox 2427 2169 2486 2227; x_wconf 70' lang='grc' dir='ltr'>δὲ</span> <span class='ocrx_word' id='word_1_479' title='bbox 2539 2170 2818 2242; x_wconf 76' lang='grc' dir='ltr'>θαλάσσης</span> <span class='ocrx_word' id='word_1_480' title='bbox 2877 2170 2905 2226; x_wconf 82' lang='grc' dir='ltr'>ὀ</span> <span class='ocrx_word' id='word_1_481' title='bbox 2963 2167 3351 2247; x_wconf 65' lang='grc' dir='ltr'>Ἀριστοτέλης</span> <span class='ocrx_word' id='word_1_482' title='bbox 3381 2170 3482 2239; x_wconf 74' lang='grc' dir='ltr'>τήν</span> <span class='ocrx_word' id='word_1_483' title='bbox 3534 2170 3797 2245; x_wconf 76' lang='grc' dir='ltr'>Ἐρυθρὰν</span> 
     </span>
    </p>
   </div>
   <div class='ocr_carea' id='block_1_65' title="bbox 2133 2256 3796 2341">
    <p class='ocr_par' dir='ltr' id='par_1_65' title="bbox 2133 2256 3796 2341">
     <span class='ocr_line' id='line_1_68' title="bbox 2133 2256 3796 2341; baseline -0.004 -22"><span class='ocrx_word' id='word_1_484' title='bbox 2133 2262 2301 2341; x_wconf 73' lang='grc' dir='ltr'>λέγει,</span> <span class='ocrx_word' id='word_1_485' title='bbox 2359 2259 2447 2318; x_wconf 80' lang='grc' dir='ltr'>διὰ</span> <span class='ocrx_word' id='word_1_486' title='bbox 2502 2262 2564 2317; x_wconf 83' lang='grc' dir='ltr'>τὺ</span> <span class='ocrx_word' id='word_1_487' title='bbox 2600 2262 2675 2335; x_wconf 78' lang='grc' dir='ltr'>μὴ</span> <span class='ocrx_word' id='word_1_488' title='bbox 2710 2258 2857 2338; x_wconf 78' lang='grc' dir='ltr'>ἔχειν</span> <span class='ocrx_word' id='word_1_489' title='bbox 2886 2259 3070 2338; x_wconf 65' lang='grc' dir='ltr'>πέρας.</span> <span class='ocrx_word' id='word_1_490' title='bbox 3103 2257 3282 2322; x_wconf 83' lang='grc' dir='ltr'>Τόπος</span> <span class='ocrx_word' id='word_1_491' title='bbox 3318 2256 3375 2314; x_wconf 73' lang='grc' dir='ltr'>δι</span> <span class='ocrx_word' id='word_1_492' title='bbox 3407 2256 3519 2314; x_wconf 65' lang='lat' dir='ltr'>lem</span> <span class='ocrx_word' id='word_1_493' title='bbox 3550 2257 3675 2335; x_wconf 85' lang='grc' dir='ltr'>περῖ</span> <span class='ocrx_word' id='word_1_494' title='bbox 3704 2258 3796 2314; x_wconf 85' lang='grc' dir='ltr'>τὸν</span> 
     </span>
    </p>
   </div>
   <div class='ocr_carea' id='block_1_66' title="bbox 2133 2344 3796 2428">
    <p class='ocr_par' dir='ltr' id='par_1_66' title="bbox 2133 2344 3796 2428">
     <span class='ocr_line' id='line_1_69' title="bbox 2133 2344 3796 2428; baseline -0.004 -19"><span class='ocrx_word' id='word_1_495' title='bbox 2133 2352 2380 2427; x_wconf 78' lang='grc' dir='ltr'>ποταμὸν</span> <span class='ocrx_word' id='word_1_496' title='bbox 2438 2352 2530 2408; x_wconf 89' lang='grc' dir='ltr'>τὸν</span> <span class='ocrx_word' id='word_1_497' title='bbox 2595 2349 2893 2428; x_wconf 73' lang='grc' dir='ltr'>βαθὺτατον</span> <span class='ocrx_word' id='word_1_498' title='bbox 2927 2397 2944 2424; x_wconf 84' lang='grc'>,</span> <span class='ocrx_word' id='word_1_499' title='bbox 3007 2347 3171 2426; x_wconf 72' lang='grc' dir='ltr'>βαθὺς</span> <span class='ocrx_word' id='word_1_500' title='bbox 3229 2345 3572 2423; x_wconf 71' lang='grc' dir='ltr'>καλούμενος</span> <span class='ocrx_word' id='word_1_501' title='bbox 3603 2392 3618 2422; x_wconf 92' lang='grc'>,</span> <span class='ocrx_word' id='word_1_502' title='bbox 3672 2344 3796 2403; x_wconf 80' lang='grc' dir='ltr'>ἔνθα</span> 
     </span>
    </p>
   </div>
   <div class='ocr_carea' id='block_1_67' title="bbox 2134 2435 3792 2519">
    <p class='ocr_par' dir='ltr' id='par_1_67' title="bbox 2134 2435 3792 2519">
     <span class='ocr_line' id='line_1_70' title="bbox 2134 2435 3792 2519; baseline -0.003 -21"><span class='ocrx_word' id='word_1_503' title='bbox 2134 2440 2445 2499; x_wconf 80' lang='grc' dir='ltr'>ἀναδίδοται</span> <span class='ocrx_word' id='word_1_504' title='bbox 2503 2439 2649 2519; x_wconf 72' lang='grc' dir='ltr'>ὕδωρ</span> <span class='ocrx_word' id='word_1_505' title='bbox 2733 2439 3068 2518; x_wconf 67' lang='grc' dir='ltr'>γλυκύτατον</span> <span class='ocrx_word' id='word_1_506' title='bbox 3148 2439 3283 2514; x_wconf 79' lang='grc' dir='ltr'>μετὰ</span> <span class='ocrx_word' id='word_1_507' title='bbox 3346 2435 3565 2495; x_wconf 76' lang='grc' dir='ltr'>πολλοῦ</span> <span class='ocrx_word' id='word_1_508' title='bbox 3632 2436 3792 2494; x_wconf 66' lang='grc' dir='ltr'>πνεπό-</span> 
     </span>
    </p>
   </div>
   <div class='ocr_carea' id='block_1_68' title="bbox 2139 2553 2330 2608">
    <p class='ocr_par' dir='ltr' id='par_1_68' title="bbox 2139 2553 2330 2608">
     <span class='ocr_line' id='line_1_71' title="bbox 2139 2553 2330 2608; baseline 0.016 -21"><span class='ocrx_word' id='word_1_509' title='bbox 2139 2553 2330 2608; x_wconf 83' lang='grc' dir='ltr'>ματος.</span> 
     </span>
    </p>
   </div>
   <div class='ocr_carea' id='block_1_69' title="bbox 2136 2633 3792 2766">
    <p class='ocr_par' dir='ltr' id='par_1_69' title="bbox 2136 2633 3792 2766">
     <span class='ocr_line' id='line_1_72' title="bbox 2136 2633 3792 2766; baseline -0.006 -68"><span class='ocrx_word' id='word_1_510' title='bbox 2136 2639 2280 2718; x_wconf 85' lang='grc' dir='ltr'>ρλβ’.</span> <span class='ocrx_word' id='word_1_511' title='bbox 2337 2638 2436 2696; x_wconf 87' lang='grc' dir='ltr'>Διᾶ</span> <span class='ocrx_word' id='word_1_512' title='bbox 2500 2638 2554 2694; x_wconf 90' lang='grc' dir='ltr'>τί</span> <span class='ocrx_word' id='word_1_513' title='bbox 2627 2639 2690 2696; x_wconf 82' lang='grc' dir='ltr'>τὸ</span> <span class='ocrx_word' id='word_1_514' title='bbox 2756 2636 3051 2766; x_wconf 54' lang='grc' dir='ltr'>θαλὲἱὲξέἓέ</span> <span class='ocrx_word' id='word_1_515' title='bbox 3116 2635 3264 2716; x_wconf 70' lang='grc' dir='ltr'>ὕδωρ</span> <span class='ocrx_word' id='word_1_516' title='bbox 3339 2637 3403 2693; x_wconf 83' lang='grc' dir='ltr'>οὑ</span> <span class='ocrx_word' id='word_1_517' title='bbox 3476 2635 3656 2714; x_wconf 68' lang='grc' dir='ltr'>τρέφει</span> <span class='ocrx_word' id='word_1_518' title='bbox 3724 2633 3792 2689; x_wconf 74' lang='grc' dir='ltr'>τὰ</span> 
     </span>
    </p>
   </div>
   <div class='ocr_carea' id='block_1_70' title="bbox 2918 2731 3072 2787">
    <p class='ocr_par' dir='ltr' id='par_1_70' title="bbox 2918 2731 3072 2787">
     <span class='ocr_line' id='line_1_73' title="bbox 2918 2731 3072 2787; baseline 0.013 -22"><span class='ocrx_word' id='word_1_519' title='bbox 2918 2731 3072 2787; x_wconf 87' lang='grc' dir='ltr'>νορα.</span> 
     </span>
    </p>
   </div>
   <div class='ocr_carea' id='block_1_71' title="bbox 2206 2793 3792 2883">
    <p class='ocr_par' dir='ltr' id='par_1_71' title="bbox 2206 2793 3792 2883">
     <span class='ocr_line' id='line_1_74' title="bbox 2206 2793 3792 2883; baseline -0.005 -24"><span class='ocrx_word' id='word_1_520' title='bbox 2206 2802 2279 2859; x_wconf 80' lang='grc' dir='ltr'>Οὐ</span> <span class='ocrx_word' id='word_1_521' title='bbox 2334 2803 2517 2883; x_wconf 74' lang='grc' dir='ltr'>τρέφει</span> <span class='ocrx_word' id='word_1_522' title='bbox 2546 2800 2614 2857; x_wconf 76' lang='grc' dir='ltr'>τὰ</span> <span class='ocrx_word' id='word_1_523' title='bbox 2664 2798 2860 2876; x_wconf 68' lang='grc' dir='ltr'>δένδρα</span> <span class='ocrx_word' id='word_1_524' title='bbox 2886 2799 2951 2857; x_wconf 82' lang='grc' dir='ltr'>τὸ</span> <span class='ocrx_word' id='word_1_525' title='bbox 2983 2797 3275 2867; x_wconf 85' lang='grc' dir='ltr'>θαλάττιον</span> <span class='ocrx_word' id='word_1_526' title='bbox 3305 2795 3475 2874; x_wconf 71' lang='grc' dir='ltr'>ὕδωρ,</span> <span class='ocrx_word' id='word_1_527' title='bbox 3517 2793 3658 2852; x_wconf 84' lang='grc' dir='ltr'>διὺτι</span> <span class='ocrx_word' id='word_1_528' title='bbox 3689 2795 3792 2852; x_wconf 83' lang='grc' dir='ltr'>οὑκ</span> 
     </span>
    </p>
   </div>
   <div class='ocr_carea' id='block_1_72' title="bbox 2136 2883 3793 2968">
    <p class='ocr_par' dir='ltr' id='par_1_72' title="bbox 2136 2883 3793 2968">
     <span class='ocr_line' id='line_1_75' title="bbox 2136 2883 3793 2968; baseline -0.006 -18"><span class='ocrx_word' id='word_1_529' title='bbox 2136 2890 2376 2950; x_wconf 70' lang='grc' dir='ltr'>ἰνδὺεται</span> <span class='ocrx_word' id='word_1_530' title='bbox 2433 2896 2554 2957; x_wconf 87' lang='grc' dir='ltr'>ταῖς</span> <span class='ocrx_word' id='word_1_531' title='bbox 2589 2889 2761 2968; x_wconf 77' lang='grc' dir='ltr'>ῥίζαις</span> <span class='ocrx_word' id='word_1_532' title='bbox 2820 2888 3019 2961; x_wconf 81' lang='grc' dir='ltr'>αὑτῶν,</span> <span class='ocrx_word' id='word_1_533' title='bbox 3080 2886 3209 2945; x_wconf 74' lang='grc' dir='ltr'>οὑδὶ</span> <span class='ocrx_word' id='word_1_534' title='bbox 3240 2883 3793 2967; x_wconf 73' lang='grc' dir='ltr'>ἀναφὲρεταιταγιως</span> 
     </span>
    </p>
   </div>
   <div class='ocr_carea' id='block_1_73' title="bbox 2135 2975 3791 3059">
    <p class='ocr_par' dir='ltr' id='par_1_73' title="bbox 2135 2975 3791 3059">
     <span class='ocr_line' id='line_1_76' title="bbox 2135 2975 3791 3059; baseline -0.006 -19"><span class='ocrx_word' id='word_1_535' title='bbox 2135 2984 2212 3047; x_wconf 75' lang='grc' dir='ltr'>εἷς</span> <span class='ocrx_word' id='word_1_536' title='bbox 2238 2983 2301 3040; x_wconf 80' lang='grc' dir='ltr'>τὸ</span> <span class='ocrx_word' id='word_1_537' title='bbox 2354 2982 2617 3059; x_wconf 70' lang='grc' dir='ltr'>στίλεχος</span> <span class='ocrx_word' id='word_1_538' title='bbox 2644 2982 2734 3038; x_wconf 82' lang='grc' dir='ltr'>καὶ</span> <span class='ocrx_word' id='word_1_539' title='bbox 2763 2979 2892 3046; x_wconf 70' lang='grc' dir='ltr'>τοὺς</span> <span class='ocrx_word' id='word_1_540' title='bbox 2941 2979 3243 3057; x_wconf 70' lang='grc' dir='ltr'>ἆκρὲμονας</span> <span class='ocrx_word' id='word_1_541' title='bbox 3276 2976 3366 3034; x_wconf 76' lang='grc' dir='ltr'>διὰ</span> <span class='ocrx_word' id='word_1_542' title='bbox 3420 2977 3484 3034; x_wconf 83' lang='grc' dir='ltr'>τὸ</span> <span class='ocrx_word' id='word_1_543' title='bbox 3513 2975 3666 3053; x_wconf 69' lang='grc' dir='ltr'>παχὺ</span> <span class='ocrx_word' id='word_1_544' title='bbox 3718 2976 3791 3031; x_wconf 75' lang='grc' dir='ltr'>εἶ-</span> 
     </span>
    </p>
   </div>
   <div class='ocr_carea' id='block_1_74' title="bbox 2133 3063 3793 3149">
    <p class='ocr_par' dir='ltr' id='par_1_74' title="bbox 2133 3063 3793 3149">
     <span class='ocr_line' id='line_1_77' title="bbox 2133 3063 3793 3149; baseline -0.005 -19"><span class='ocrx_word' id='word_1_545' title='bbox 2133 3094 2243 3145; x_wconf 89' lang='grc' dir='ltr'>ναι,</span> <span class='ocrx_word' id='word_1_546' title='bbox 2298 3071 2390 3128; x_wconf 85' lang='grc' dir='ltr'>καὶ</span> <span class='ocrx_word' id='word_1_547' title='bbox 2446 3071 2529 3128; x_wconf 74' lang='grc' dir='ltr'>ὅτι</span> <span class='ocrx_word' id='word_1_548' title='bbox 2588 3065 2844 3149; x_wconf 72' lang='grc' dir='ltr'>ἰμϐριθίς</span> <span class='ocrx_word' id='word_1_549' title='bbox 2890 3067 3001 3125; x_wconf 69' lang='grc' dir='ltr'>ἑστι</span> <span class='ocrx_word' id='word_1_550' title='bbox 3063 3067 3153 3124; x_wconf 85' lang='grc' dir='ltr'>καὶ</span> <span class='ocrx_word' id='word_1_551' title='bbox 3211 3063 3436 3143; x_wconf 80' lang='grc' dir='ltr'>γεῶδες.</span> <span class='ocrx_word' id='word_1_552' title='bbox 3495 3069 3676 3125; x_wconf 73' lang='grc' dir='ltr'>Τοῦτο</span> <span class='ocrx_word' id='word_1_553' title='bbox 3734 3063 3793 3121; x_wconf 71' lang='grc' dir='ltr'>δὲ</span> 
     </span>
    </p>
   </div>
   <div class='ocr_carea' id='block_1_75' title="bbox 2136 3154 3789 3234">
    <p class='ocr_par' dir='ltr' id='par_1_75' title="bbox 2136 3154 3789 3234">
     <span class='ocr_line' id='line_1_78' title="bbox 2136 3154 3789 3234; baseline -0.005 -15"><span class='ocrx_word' id='word_1_554' title='bbox 2136 3159 2517 3219; x_wconf 83' lang='grc' dir='ltr'>ἀποδείκνυται</span> <span class='ocrx_word' id='word_1_555' title='bbox 2592 3161 2700 3217; x_wconf 80' lang='grc' dir='ltr'>ἀπὸ</span> <span class='ocrx_word' id='word_1_556' title='bbox 2749 3181 2847 3216; x_wconf 86' lang='grc' dir='ltr'>του</span> <span class='ocrx_word' id='word_1_557' title='bbox 2898 3157 3113 3234; x_wconf 81' lang='grc' dir='ltr'>μᾶλλον</span> <span class='ocrx_word' id='word_1_558' title='bbox 3168 3157 3383 3233; x_wconf 70' lang='grc' dir='ltr'>άνᾶχειν</span> <span class='ocrx_word' id='word_1_559' title='bbox 3427 3154 3521 3213; x_wconf 79' lang='grc' dir='ltr'>καὶ</span> <span class='ocrx_word' id='word_1_560' title='bbox 3577 3155 3789 3231; x_wconf 73' lang='grc' dir='ltr'>ὑπερείο</span> 
     </span>
    </p>
   </div>
   <div class='ocr_carea' id='block_1_76' title="bbox 2137 3243 3792 3321">
    <p class='ocr_par' dir='ltr' id='par_1_76' title="bbox 2137 3243 3792 3321">
     <span class='ocr_line' id='line_1_79' title="bbox 2137 3243 3792 3321; baseline -0.005 -13"><span class='ocrx_word' id='word_1_561' title='bbox 2137 3250 2246 3310; x_wconf 84' lang='grc' dir='ltr'>δειν</span> <span class='ocrx_word' id='word_1_562' title='bbox 2305 3253 2371 3307; x_wconf 80' lang='grc' dir='ltr'>τὰ</span> <span class='ocrx_word' id='word_1_563' title='bbox 2426 3250 2637 3319; x_wconf 86' lang='grc' dir='ltr'>πλοῖα,</span> <span class='ocrx_word' id='word_1_564' title='bbox 2703 3249 2794 3306; x_wconf 80' lang='grc' dir='ltr'>καὶ</span> <span class='ocrx_word' id='word_1_565' title='bbox 2847 3249 2975 3314; x_wconf 77' lang='grc' dir='ltr'>τοὺς</span> <span class='ocrx_word' id='word_1_566' title='bbox 3023 3243 3460 3321; x_wconf 79' lang='grc' dir='ltr'>κολυμϐῶντας.</span> <span class='ocrx_word' id='word_1_567' title='bbox 3516 3245 3653 3304; x_wconf 55' lang='lat' dir='ltr'>Elui</span> <span class='ocrx_word' id='word_1_568' title='bbox 3699 3244 3792 3301; x_wconf 84' lang='grc' dir='ltr'>καὶ</span> 
     </span>
    </p>
   </div>
   <div class='ocr_carea' id='block_1_77' title="bbox 2140 3332 3790 3417">
    <p class='ocr_par' dir='ltr' id='par_1_77' title="bbox 2140 3332 3790 3417">
     <span class='ocr_line' id='line_1_80' title="bbox 2140 3332 3790 3417; baseline -0.006 -18"><span class='ocrx_word' id='word_1_569' title='bbox 2140 3340 2318 3413; x_wconf 72' lang='grc' dir='ltr'>ἄλλην</span> <span class='ocrx_word' id='word_1_570' title='bbox 2377 3342 2575 3410; x_wconf 77' lang='grc' dir='ltr'>αἰτίαν,</span> <span class='ocrx_word' id='word_1_571' title='bbox 2636 3340 2720 3396; x_wconf 77' lang='grc' dir='ltr'>ὅτι</span> <span class='ocrx_word' id='word_1_572' title='bbox 2775 3338 3096 3417; x_wconf 81' lang='grc' dir='ltr'>ξηραντικόν</span> <span class='ocrx_word' id='word_1_573' title='bbox 3135 3336 3245 3394; x_wconf 74' lang='grc' dir='ltr'>ἐστι</span> <span class='ocrx_word' id='word_1_574' title='bbox 3290 3341 3455 3394; x_wconf 82' lang='grc' dir='ltr'>τοῦτο</span> <span class='ocrx_word' id='word_1_575' title='bbox 3498 3336 3562 3392; x_wconf 77' lang='grc' dir='ltr'>τὸ</span> <span class='ocrx_word' id='word_1_576' title='bbox 3620 3332 3790 3409; x_wconf 75' lang='grc' dir='ltr'>ὕδωρ·</span> 
     </span>
    </p>
   </div>
   <div class='ocr_carea' id='block_1_78' title="bbox 2133 3423 3791 3506">
    <p class='ocr_par' dir='ltr' id='par_1_78' title="bbox 2133 3423 3791 3506">
     <span class='ocr_line' id='line_1_81' title="bbox 2133 3423 3791 3506; baseline -0.005 -18"><span class='ocrx_word' id='word_1_577' title='bbox 2133 3430 2215 3488; x_wconf 86' lang='grc' dir='ltr'>δεῖ</span> <span class='ocrx_word' id='word_1_578' title='bbox 2269 3430 2328 3488; x_wconf 76' lang='grc' dir='ltr'>δὲ</span> <span class='ocrx_word' id='word_1_579' title='bbox 2378 3437 2496 3493; x_wconf 85' lang='grc' dir='ltr'>τοῖς</span> <span class='ocrx_word' id='word_1_580' title='bbox 2554 3428 2799 3506; x_wconf 76' lang='grc' dir='ltr'>δένδροις</span> <span class='ocrx_word' id='word_1_581' title='bbox 2856 3429 2919 3485; x_wconf 83' lang='grc' dir='ltr'>οὐ</span> <span class='ocrx_word' id='word_1_582' title='bbox 2949 3423 3276 3505; x_wconf 84' lang='grc' dir='ltr'>ξηρότητος,</span> <span class='ocrx_word' id='word_1_583' title='bbox 3307 3424 3436 3482; x_wconf 76' lang='grc' dir='ltr'>ἀλλ’</span> <span class='ocrx_word' id='word_1_584' title='bbox 3470 3424 3791 3502; x_wconf 85' lang='grc' dir='ltr'>ὑγρότητος.</span> 
     </span>
    </p>
   </div>
   <div class='ocr_carea' id='block_1_79' title="bbox 2132 3514 3792 3594">
    <p class='ocr_par' dir='ltr' id='par_1_79' title="bbox 2132 3514 3792 3594">
     <span class='ocr_line' id='line_1_82' title="bbox 2132 3514 3792 3594; baseline -0.006 -16"><span class='ocrx_word' id='word_1_585' title='bbox 2132 3524 2249 3577; x_wconf 76' lang='grc' dir='ltr'>Ὀτι</span> <span class='ocrx_word' id='word_1_586' title='bbox 2291 3519 2348 3578; x_wconf 75' lang='grc' dir='ltr'>δὶ</span> <span class='ocrx_word' id='word_1_587' title='bbox 2404 3520 2643 3594; x_wconf 79' lang='grc' dir='ltr'>ξηραίνει</span> <span class='ocrx_word' id='word_1_588' title='bbox 2697 3520 2761 3575; x_wconf 86' lang='grc' dir='ltr'>τὸ</span> <span class='ocrx_word' id='word_1_589' title='bbox 2821 3517 3111 3583; x_wconf 83' lang='grc' dir='ltr'>θαλάττιον</span> <span class='ocrx_word' id='word_1_590' title='bbox 3157 3514 3327 3590; x_wconf 70' lang='grc' dir='ltr'>δδωρ,</span> <span class='ocrx_word' id='word_1_591' title='bbox 3378 3515 3603 3592; x_wconf 77' lang='grc' dir='ltr'>φανερὸν</span> <span class='ocrx_word' id='word_1_592' title='bbox 3662 3515 3792 3569; x_wconf 83' lang='grc' dir='ltr'>καθ-</span> 
     </span>
    </p>
   </div>
   <div class='ocr_carea' id='block_1_80' title="bbox 2133 3601 3790 3683">
    <p class='ocr_par' dir='ltr' id='par_1_80' title="bbox 2133 3601 3790 3683">
     <span class='ocr_line' id='line_1_83' title="bbox 2133 3601 3790 3683; baseline -0.005 -19"><span class='ocrx_word' id='word_1_593' title='bbox 2133 3607 2352 3677; x_wconf 68' lang='grc' dir='ltr'>έστηκεν</span> <span class='ocrx_word' id='word_1_594' title='bbox 2410 3607 2517 3663; x_wconf 84' lang='grc' dir='ltr'>ἀπὸ</span> <span class='ocrx_word' id='word_1_595' title='bbox 2573 3610 2669 3663; x_wconf 82' lang='grc' dir='ltr'>τοῦ</span> <span class='ocrx_word' id='word_1_596' title='bbox 2704 3607 2926 3683; x_wconf 87' lang='grc' dir='ltr'>βοηθεῖν</span> <span class='ocrx_word' id='word_1_597' title='bbox 2960 3605 3096 3681; x_wconf 86' lang='grc' dir='ltr'>πρὸς</span> <span class='ocrx_word' id='word_1_598' title='bbox 3125 3604 3221 3671; x_wconf 79' lang='grc' dir='ltr'>τὰς</span> <span class='ocrx_word' id='word_1_599' title='bbox 3250 3605 3469 3678; x_wconf 80' lang='grc' dir='ltr'>σήψεις,</span> <span class='ocrx_word' id='word_1_600' title='bbox 3503 3601 3790 3677; x_wconf 74' lang='grc' dir='ltr'>ἐξικμάζον</span> 
     </span>
    </p>
   </div>
   <div class='ocr_carea' id='block_1_81' title="bbox 2131 3689 3788 3771">
    <p class='ocr_par' dir='ltr' id='par_1_81' title="bbox 2131 3689 3788 3771">
     <span class='ocr_line' id='line_1_84' title="bbox 2131 3689 3788 3771; baseline -0.005 -17"><span class='ocrx_word' id='word_1_601' title='bbox 2131 3703 2299 3754; x_wconf 79' lang='grc' dir='ltr'>ταῦτα</span> <span class='ocrx_word' id='word_1_602' title='bbox 2373 3697 2464 3753; x_wconf 87' lang='grc' dir='ltr'>καὶ</span> <span class='ocrx_word' id='word_1_603' title='bbox 2541 3695 2915 3771; x_wconf 80' lang='grc' dir='ltr'>ἆναξηραῖνον,</span> <span class='ocrx_word' id='word_1_604' title='bbox 2993 3695 3084 3750; x_wconf 83' lang='grc' dir='ltr'>καὶ</span> <span class='ocrx_word' id='word_1_605' title='bbox 3164 3693 3229 3750; x_wconf 69' lang='grc' dir='ltr'>ιὰ</span> <span class='ocrx_word' id='word_1_606' title='bbox 3286 3693 3517 3767; x_wconf 83' lang='grc' dir='ltr'>σώματα</span> <span class='ocrx_word' id='word_1_607' title='bbox 3570 3689 3628 3747; x_wconf 72' lang='grc' dir='ltr'>δὶ</span> <span class='ocrx_word' id='word_1_608' title='bbox 3680 3695 3788 3748; x_wconf 84' lang='grc' dir='ltr'>τῶν</span> 
     </span>
    </p>
   </div>
   <div class='ocr_carea' id='block_1_82' title="bbox 2135 3779 3791 3861">
    <p class='ocr_par' dir='ltr' id='par_1_82' title="bbox 2135 3779 3791 3861">
     <span class='ocr_line' id='line_1_85' title="bbox 2135 3779 3791 3861; baseline -0.005 -18"><span class='ocrx_word' id='word_1_609' title='bbox 2135 3788 2487 3861; x_wconf 72' lang='grc' dir='ltr'>Λουσαμὲνων</span> <span class='ocrx_word' id='word_1_610' title='bbox 2521 3784 2573 3841; x_wconf 67' lang='grc' dir='ltr'>ἐν</span> <span class='ocrx_word' id='word_1_611' title='bbox 2632 3788 2701 3860; x_wconf 76' lang='grc' dir='ltr'>τῇ</span> <span class='ocrx_word' id='word_1_612' title='bbox 2733 3784 2979 3860; x_wconf 77' lang='grc' dir='ltr'>θαλάσσῃ</span> <span class='ocrx_word' id='word_1_613' title='bbox 3040 3784 3203 3859; x_wconf 65' lang='grc' dir='ltr'>ξηρὰν</span> <span class='ocrx_word' id='word_1_614' title='bbox 3255 3779 3376 3859; x_wconf 65' lang='grc' dir='ltr'>ἔχει</span> <span class='ocrx_word' id='word_1_615' title='bbox 3406 3779 3501 3838; x_wconf 83' lang='grc' dir='ltr'>καὶ</span> <span class='ocrx_word' id='word_1_616' title='bbox 3529 3786 3791 3858; x_wconf 84' lang='grc' dir='ltr'>τραχεῖαν</span> 
     </span>
    </p>
   </div>
   <div class='ocr_carea' id='block_1_83' title="bbox 2133 3868 3795 3952">
    <p class='ocr_par' dir='ltr' id='par_1_83' title="bbox 2133 3868 3795 3952">
     <span class='ocr_line' id='line_1_86' title="bbox 2133 3868 3795 3952; baseline -0.004 -18"><span class='ocrx_word' id='word_1_617' title='bbox 2133 3879 2233 3948; x_wconf 80' lang='grc' dir='ltr'>τήν</span> <span class='ocrx_word' id='word_1_618' title='bbox 2291 3875 2622 3952; x_wconf 70' lang='grc' dir='ltr'>ἐπιφάνειαν.</span> <span class='ocrx_word' id='word_1_619' title='bbox 2680 3875 2817 3933; x_wconf 68' lang='grc' dir='ltr'>Εἰπὲ</span> <span class='ocrx_word' id='word_1_620' title='bbox 2872 3874 2962 3929; x_wconf 82' lang='grc' dir='ltr'>καὶ</span> <span class='ocrx_word' id='word_1_621' title='bbox 3022 3870 3200 3944; x_wconf 70' lang='grc' dir='ltr'>ἄλλην</span> <span class='ocrx_word' id='word_1_622' title='bbox 3252 3870 3425 3928; x_wconf 75' lang='grc' dir='ltr'>αἶ’τίαν</span> <span class='ocrx_word' id='word_1_623' title='bbox 3458 3869 3542 3928; x_wconf 79' lang='grc' dir='ltr'>δτι</span> <span class='ocrx_word' id='word_1_624' title='bbox 3572 3868 3795 3941; x_wconf 83' lang='grc' dir='ltr'>πολλῆς</span> 
     </span>
    </p>
   </div>
   <div class='ocr_carea' id='block_1_84' title="bbox 2134 3958 3792 4041">
    <p class='ocr_par' dir='ltr' id='par_1_84' title="bbox 2134 3958 3792 4041">
     <span class='ocr_line' id='line_1_87' title="bbox 2134 3958 3792 4041; baseline -0.005 -18"><span class='ocrx_word' id='word_1_625' title='bbox 2134 3970 2170 4039; x_wconf 75' lang='grc' dir='ltr'><strong>ἡ</strong></span> <span class='ocrx_word' id='word_1_626' title='bbox 2230 3965 2473 4032; x_wconf 73' lang='grc' dir='ltr'>θάλασσα</span> <span class='ocrx_word' id='word_1_627' title='bbox 2523 3963 2740 4038; x_wconf 67' lang='grc' dir='ltr'>μετέχει</span> <span class='ocrx_word' id='word_1_628' title='bbox 2792 3970 2894 4035; x_wconf 88' lang='grc' dir='ltr'>τῆς</span> <span class='ocrx_word' id='word_1_629' title='bbox 2927 3961 3324 4041; x_wconf 86' lang='grc' dir='ltr'>λιπαρότητος,</span> <span class='ocrx_word' id='word_1_630' title='bbox 3354 3962 3418 4018; x_wconf 82' lang='grc' dir='ltr'>τὸ</span> <span class='ocrx_word' id='word_1_631' title='bbox 3451 3958 3509 4017; x_wconf 74' lang='grc' dir='ltr'>δὶ</span> <span class='ocrx_word' id='word_1_632' title='bbox 3536 3960 3792 4037; x_wconf 83' lang='grc' dir='ltr'>λιπαρὸν,</span> 
     </span>
    </p>
   </div>
   <div class='ocr_carea' id='block_1_85' title="bbox 2135 4049 3795 4132">
    <p class='ocr_par' dir='ltr' id='par_1_85' title="bbox 2135 4049 3795 4132">
     <span class='ocr_line' id='line_1_88' title="bbox 2135 4049 3795 4132; baseline -0.005 -18"><span class='ocrx_word' id='word_1_633' title='bbox 2135 4055 2406 4132; x_wconf 69' lang='grc' dir='ltr'>ἐμπίπτον</span> <span class='ocrx_word' id='word_1_634' title='bbox 2454 4060 2571 4119; x_wconf 87' lang='grc' dir='ltr'>τοῖς</span> <span class='ocrx_word' id='word_1_635' title='bbox 2627 4049 2821 4129; x_wconf 83' lang='grc' dir='ltr'>πόροις</span> <span class='ocrx_word' id='word_1_636' title='bbox 2874 4057 2982 4110; x_wconf 91' lang='grc' dir='ltr'>τῶν</span> <span class='ocrx_word' id='word_1_637' title='bbox 3039 4050 3298 4130; x_wconf 68' lang='grc' dir='ltr'>δένδρων,</span> <span class='ocrx_word' id='word_1_638' title='bbox 3358 4051 3457 4108; x_wconf 85' lang='grc' dir='ltr'>οὑκ</span> <span class='ocrx_word' id='word_1_639' title='bbox 3512 4050 3575 4125; x_wconf 75' lang='grc' dir='ltr'>ἰᾷ</span> <span class='ocrx_word' id='word_1_640' title='bbox 3626 4052 3795 4108; x_wconf 76' lang='grc' dir='ltr'>ταῦτα</span> 
     </span>
    </p>
   </div>
   <div class='ocr_carea' id='block_1_86' title="bbox 2135 4150 2521 4223">
    <p class='ocr_par' dir='ltr' id='par_1_86' title="bbox 2135 4150 2521 4223">
     <span class='ocr_line' id='line_1_89' title="bbox 2135 4150 2521 4223; baseline -0.003 -20"><span class='ocrx_word' id='word_1_641' title='bbox 2135 4150 2521 4223; x_wconf 85' lang='grc' dir='ltr'>καρπογονεῖν.</span> 
     </span>
    </p>
   </div>
   <div class='ocr_carea' id='block_1_87' title="bbox 2139 4226 3794 4325">
    <p class='ocr_par' dir='ltr' id='par_1_87' title="bbox 2139 4226 3794 4325">
     <span class='ocr_line' id='line_1_90' title="bbox 2139 4226 3794 4325; baseline -0.005 -34"><span class='ocrx_word' id='word_1_642' title='bbox 2139 4233 2276 4313; x_wconf 89' lang='grc' dir='ltr'>ρλγ’.</span> <span class='ocrx_word' id='word_1_643' title='bbox 2310 4234 2408 4291; x_wconf 79' lang='grc' dir='ltr'>Διὰ</span> <span class='ocrx_word' id='word_1_644' title='bbox 2429 4233 2483 4290; x_wconf 89' lang='grc' dir='ltr'>τί</span> <span class='ocrx_word' id='word_1_645' title='bbox 2511 4239 2613 4304; x_wconf 78' lang='grc' dir='ltr'>τῆς</span> <span class='ocrx_word' id='word_1_646' title='bbox 2646 4232 2922 4325; x_wconf 87' lang='grc' dir='ltr'>θαλάττης</span> <span class='ocrx_word' id='word_1_647' title='bbox 2953 4230 3130 4325; x_wconf 55' lang='grc' dir='ltr'>ἔλαίιη</span> <span class='ocrx_word' id='word_1_648' title='bbox 3174 4230 3672 4325; x_wconf 56' lang='grc' dir='ltr'>καταῤῥαινομὲνης</span> <span class='ocrx_word' id='word_1_649' title='bbox 3713 4226 3794 4305; x_wconf 89' lang='grc' dir='ltr'>γί-</span> 
     </span>
    </p>
   </div>
   <div class='ocr_carea' id='block_1_88' title="bbox 2503 4304 3401 4383">
    <p class='ocr_par' dir='ltr' id='par_1_88' title="bbox 2503 4304 3401 4383">
     <span class='ocr_line' id='line_1_91' title="bbox 2503 4304 3401 4383; baseline 0.001 -21"><span class='ocrx_word' id='word_1_650' title='bbox 2503 4327 2649 4362; x_wconf 86' lang='grc' dir='ltr'>νεται</span> <span class='ocrx_word' id='word_1_651' title='bbox 2682 4304 3011 4383; x_wconf 74' lang='grc' dir='ltr'>καταφάνεια</span> <span class='ocrx_word' id='word_1_652' title='bbox 3040 4304 3132 4362; x_wconf 82' lang='grc' dir='ltr'>καὶ</span> <span class='ocrx_word' id='word_1_653' title='bbox 3161 4304 3401 4383; x_wconf 77' lang='grc' dir='ltr'>γαλήνη.</span> 
     </span>
    </p>
   </div>
   <div class='ocr_carea' id='block_1_89' title="bbox 2207 4384 3793 4471">
    <p class='ocr_par' dir='ltr' id='par_1_89' title="bbox 2207 4384 3793 4471">
     <span class='ocr_line' id='line_1_92' title="bbox 2207 4384 3793 4471; baseline -0.009 -19"><span class='ocrx_word' id='word_1_654' title='bbox 2207 4398 2328 4452; x_wconf 86' lang='grc' dir='ltr'>Ὅτι</span> <span class='ocrx_word' id='word_1_655' title='bbox 2383 4397 2483 4466; x_wconf 80' lang='grc' dir='ltr'>τήν</span> <span class='ocrx_word' id='word_1_656' title='bbox 2538 4395 2808 4452; x_wconf 81' lang='grc' dir='ltr'>θάλασσαν</span> <span class='ocrx_word' id='word_1_657' title='bbox 2882 4392 3066 4471; x_wconf 84' lang='grc' dir='ltr'>γεώδη</span> <span class='ocrx_word' id='word_1_658' title='bbox 3137 4394 3227 4452; x_wconf 83' lang='grc' dir='ltr'>καὶ</span> <span class='ocrx_word' id='word_1_659' title='bbox 3283 4387 3577 4463; x_wconf 78' lang='grc' dir='ltr'>ἀνώμαλον</span> <span class='ocrx_word' id='word_1_660' title='bbox 3633 4384 3793 4441; x_wconf 83' lang='grc' dir='ltr'>οὖσαν</span> 
     </span>
    </p>
   </div>
   <div class='ocr_carea' id='block_1_90' title="bbox 2138 4475 3795 4557">
    <p class='ocr_par' dir='ltr' id='par_1_90' title="bbox 2138 4475 3795 4557">
     <span class='ocr_line' id='line_1_93' title="bbox 2138 4475 3795 4557; baseline -0.008 -16"><span class='ocrx_word' id='word_1_661' title='bbox 2138 4483 2324 4557; x_wconf 70' lang='grc' dir='ltr'>ἐξωθεῖ</span> <span class='ocrx_word' id='word_1_662' title='bbox 2380 4486 2472 4541; x_wconf 74' lang='grc' dir='ltr'>καὶ</span> <span class='ocrx_word' id='word_1_663' title='bbox 2530 4482 2840 4542; x_wconf 69' lang='grc' dir='ltr'>διαστέλλει</span> <span class='ocrx_word' id='word_1_664' title='bbox 2865 4486 2927 4541; x_wconf 84' lang='grc' dir='ltr'>τὸ</span> <span class='ocrx_word' id='word_1_665' title='bbox 2982 4482 3169 4542; x_wconf 66' lang='grc' dir='ltr'>ἵλαιον</span> <span class='ocrx_word' id='word_1_666' title='bbox 3226 4487 3294 4550; x_wconf 84' lang='grc' dir='ltr'>τῆ</span> <span class='ocrx_word' id='word_1_667' title='bbox 3327 4477 3649 4548; x_wconf 87' lang='grc' dir='ltr'>πυκνότητι,</span> <span class='ocrx_word' id='word_1_668' title='bbox 3681 4475 3795 4529; x_wconf 78' lang='grc' dir='ltr'>εἶτα</span> 
     </span>
    </p>
   </div>
   <div class='ocr_carea' id='block_1_91' title="bbox 2137 4564 3793 4652">
    <p class='ocr_par' dir='ltr' id='par_1_91' title="bbox 2137 4564 3793 4652">
     <span class='ocr_line' id='line_1_94' title="bbox 2137 4564 3793 4652; baseline -0.008 -22"><span class='ocrx_word' id='word_1_669' title='bbox 2137 4575 2541 4652; x_wconf 81' lang='grc' dir='ltr'>ἀνατρεχούσης</span> <span class='ocrx_word' id='word_1_670' title='bbox 2599 4574 2676 4639; x_wconf 77' lang='grc' dir='ltr'>εἷς</span> <span class='ocrx_word' id='word_1_671' title='bbox 2728 4577 2922 4646; x_wconf 60' lang='grc' dir='ltr'>ἑαυτὴν</span> <span class='ocrx_word' id='word_1_672' title='bbox 2975 4574 3064 4628; x_wconf 87' lang='grc' dir='ltr'>καὶ</span> <span class='ocrx_word' id='word_1_673' title='bbox 3115 4566 3558 4640; x_wconf 70' lang='grc' dir='ltr'>συστελλομένης</span> <span class='ocrx_word' id='word_1_674' title='bbox 3608 4564 3793 4652; x_wconf 58' lang='grc' dir='ltr'>γίνονέ</span> 
     </span>
    </p>
   </div>
   <div class='ocr_carea' id='block_1_92' title="bbox 372 4651 2020 4758">
    <p class='ocr_par' dir='ltr' id='par_1_92' title="bbox 372 4656 2020 4735">
     <span class='ocr_line' id='line_1_95' title="bbox 372 4656 2020 4735; baseline 0.005 -24"><span class='ocrx_word' id='word_1_675' title='bbox 372 4658 549 4712; x_wconf 88' lang='lat' dir='ltr'>nente</span> <span class='ocrx_word' id='word_1_676' title='bbox 570 4656 720 4711; x_wconf 82' lang='lat' dir='ltr'>fiunt.</span> <span class='ocrx_word' id='word_1_677' title='bbox 736 4656 860 4728; x_wconf 87' lang='lat' dir='ltr'>pori</span> <span class='ocrx_word' id='word_1_678' title='bbox 881 4656 1122 4729; x_wconf 89' lang='lat' dir='ltr'>quidam</span> <span class='ocrx_word' id='word_1_679' title='bbox 1143 4663 1199 4713; x_wconf 85' lang='lat' dir='ltr'>et</span> <span class='ocrx_word' id='word_1_680' title='bbox 1216 4675 1397 4715; x_wconf 86' lang='lat' dir='ltr'>vacua</span> <span class='ocrx_word' id='word_1_681' title='bbox 1415 4659 1875 4735; x_wconf 69' lang='lat' dir='ltr'>intervalla,quaa</span> <span class='ocrx_word' id='word_1_682' title='bbox 1898 4679 2020 4719; x_wconf 88' lang='lat' dir='ltr'>ocu-</span> 
     </span>
    </p>
   </div>
   <div class='ocr_carea' id='block_1_93' title="bbox 2138 4651 3792 4758">
    <p class='ocr_par' dir='ltr' id='par_1_93' title="bbox 2138 4651 3792 4758">
     <span class='ocr_line' id='line_1_96' title="bbox 2138 4651 3792 4758; baseline -0.008 -37"><span class='ocrx_word' id='word_1_683' title='bbox 2138 4685 2222 4721; x_wconf 85' lang='grc' dir='ltr'>ται</span> <span class='ocrx_word' id='word_1_684' title='bbox 2272 4651 2455 4740; x_wconf 84' lang='grc' dir='ltr'>πόροι</span> <span class='ocrx_word' id='word_1_685' title='bbox 2517 4663 2681 4730; x_wconf 70' lang='grc' dir='ltr'>τινὲς,</span> <span class='ocrx_word' id='word_1_686' title='bbox 2755 4664 2845 4719; x_wconf 87' lang='grc' dir='ltr'>καὶ</span> <span class='ocrx_word' id='word_1_687' title='bbox 2931 4660 3059 4716; x_wconf 77' lang='grc' dir='ltr'>κενὰ</span> <span class='ocrx_word' id='word_1_688' title='bbox 3130 4655 3519 4758; x_wconf 65' lang='grc' dir='ltr'>διαλείμματα,</span> <span class='ocrx_word' id='word_1_689' title='bbox 3597 4651 3792 4758; x_wconf 69' lang='grc' dir='ltr'>μεταξὺ</span> 
     </span>
    </p>
   </div>
   <div class='ocr_carea' id='block_1_94' title="bbox 377 4742 2020 4829">
    <p class='ocr_par' dir='ltr' id='par_1_94' title="bbox 377 4742 2020 4826">
     <span class='ocr_line' id='line_1_97' title="bbox 377 4742 2020 4826; baseline 0.007 -27"><span class='ocrx_word' id='word_1_690' title='bbox 377 4742 453 4801; x_wconf 90' lang='lat' dir='ltr'>lis</span> <span class='ocrx_word' id='word_1_691' title='bbox 474 4743 762 4817; x_wconf 88' lang='lat' dir='ltr'>liquidam</span> <span class='ocrx_word' id='word_1_692' title='bbox 782 4744 945 4803; x_wconf 88' lang='lat' dir='ltr'>illam</span> <span class='ocrx_word' id='word_1_693' title='bbox 974 4747 1197 4803; x_wconf 87' lang='lat' dir='ltr'>faciunt</span> <span class='ocrx_word' id='word_1_694' title='bbox 1218 4765 1283 4804; x_wconf 84' lang='lat' dir='ltr'>ac</span> <span class='ocrx_word' id='word_1_695' title='bbox 1310 4750 1761 4823; x_wconf 87' lang='lat' dir='ltr'>perspicuam,et</span> <span class='ocrx_word' id='word_1_696' title='bbox 1783 4753 2020 4826; x_wconf 71' lang='lat' dir='ltr'>spiritui</span> 
     </span>
    </p>
   </div>
   <div class='ocr_carea' id='block_1_95' title="bbox 2138 4742 3795 4829">
    <p class='ocr_par' dir='ltr' id='par_1_95' title="bbox 2140 4742 3795 4829">
     <span class='ocr_line' id='line_1_98' title="bbox 2140 4742 3795 4829; baseline -0.007 -20"><span class='ocrx_word' id='word_1_697' title='bbox 2140 4750 2412 4829; x_wconf 78' lang='grc' dir='ltr'>διαύγειαν</span> <span class='ocrx_word' id='word_1_698' title='bbox 2454 4759 2577 4815; x_wconf 89' lang='grc' dir='ltr'>ταῖς</span> <span class='ocrx_word' id='word_1_699' title='bbox 2617 4749 2772 4827; x_wconf 74' lang='grc' dir='ltr'>ὄψεσι</span> <span class='ocrx_word' id='word_1_700' title='bbox 2832 4747 3071 4811; x_wconf 87' lang='grc' dir='ltr'>διδόντες</span> <span class='ocrx_word' id='word_1_701' title='bbox 3117 4746 3209 4803; x_wconf 84' lang='grc' dir='ltr'>καὶ</span> <span class='ocrx_word' id='word_1_702' title='bbox 3265 4745 3644 4823; x_wconf 60' lang='grc' dir='ltr'>καταφάνειαν</span> <span class='ocrx_word' id='word_1_703' title='bbox 3704 4742 3795 4798; x_wconf 86' lang='grc' dir='ltr'>καὶ</span> 
     </span>
    </p>
   </div>
   <div class='ocr_carea' id='block_1_96' title="bbox 371 4830 2030 4914">
    <p class='ocr_par' dir='ltr' id='par_1_96' title="bbox 371 4830 2030 4914">
     <span class='ocr_line' id='line_1_99' title="bbox 371 4830 2030 4914; baseline 0.007 -24"><span class='ocrx_word' id='word_1_704' title='bbox 371 4833 499 4891; x_wconf 59' lang='lat' dir='ltr'>laevi</span> <span class='ocrx_word' id='word_1_705' title='bbox 527 4836 755 4909; x_wconf 88' lang='lat' dir='ltr'>corpori</span> <span class='ocrx_word' id='word_1_706' title='bbox 779 4835 1045 4893; x_wconf 86' lang='lat' dir='ltr'>allabens</span> <span class='ocrx_word' id='word_1_707' title='bbox 1070 4853 1185 4893; x_wconf 92' lang='lat' dir='ltr'>non</span> <span class='ocrx_word' id='word_1_708' title='bbox 1208 4838 1410 4895; x_wconf 91' lang='lat' dir='ltr'>turbat</span> <span class='ocrx_word' id='word_1_709' title='bbox 1426 4857 1633 4913; x_wconf 85' lang='lat' dir='ltr'>aquam</span> <span class='ocrx_word' id='word_1_710' title='bbox 1651 4841 1899 4914; x_wconf 86' lang='lat' dir='ltr'>jactare.</span> <span class='ocrx_word' id='word_1_711' title='bbox 1926 4830 2030 4901; x_wconf 83' lang='lat' dir='ltr'>Ve1</span> 
     </span>
    </p>
   </div>
   <div class='ocr_carea' id='block_1_97' title="bbox 371 4924 2030 5005">
    <p class='ocr_par' dir='ltr' id='par_1_97' title="bbox 371 4924 2030 5005">
     <span class='ocr_line' id='line_1_100' title="bbox 371 4924 2030 5005; baseline 0.007 -25"><span class='ocrx_word' id='word_1_712' title='bbox 371 4926 528 4996; x_wconf 89' lang='lat' dir='ltr'>quod</span> <span class='ocrx_word' id='word_1_713' title='bbox 565 4924 759 4981; x_wconf 89' lang='lat' dir='ltr'>oleum</span> <span class='ocrx_word' id='word_1_714' title='bbox 789 4926 1078 4998; x_wconf 70' lang='lat' dir='ltr'>aequabile</span> <span class='ocrx_word' id='word_1_715' title='bbox 1109 4927 1360 4984; x_wconf 81' lang='lat' dir='ltr'>maxime</span> <span class='ocrx_word' id='word_1_716' title='bbox 1409 4934 1466 4985; x_wconf 88' lang='lat' dir='ltr'>et</span> <span class='ocrx_word' id='word_1_717' title='bbox 1507 4930 1722 5002; x_wconf 76' lang='lat' dir='ltr'>pingue</span> <span class='ocrx_word' id='word_1_718' title='bbox 1767 4933 1815 4987; x_wconf 91' lang='lat' dir='ltr'>si</span> <span class='ocrx_word' id='word_1_719' title='bbox 1862 4951 2030 5005; x_wconf 75' lang='lat' dir='ltr'>aquas</span> 
     </span>
    </p>
   </div>
   <div class='ocr_carea' id='block_1_98' title="bbox 373 5012 2029 5087">
    <p class='ocr_par' dir='ltr' id='par_1_98' title="bbox 373 5012 2029 5087">
     <span class='ocr_line' id='line_1_101' title="bbox 373 5012 2029 5087; baseline 0.007 -18"><span class='ocrx_word' id='word_1_720' title='bbox 373 5012 613 5069; x_wconf 83' lang='lat' dir='ltr'>marinae</span> <span class='ocrx_word' id='word_1_721' title='bbox 644 5016 1006 5086; x_wconf 72' lang='lat' dir='ltr'>effundatur,</span> <span class='ocrx_word' id='word_1_722' title='bbox 1040 5015 1428 5087; x_wconf 70' lang='lat' dir='ltr'>caliginosum</span> <span class='ocrx_word' id='word_1_723' title='bbox 1460 5019 1521 5074; x_wconf 89' lang='lat' dir='ltr'>in</span> <span class='ocrx_word' id='word_1_724' title='bbox 1549 5020 1653 5075; x_wconf 88' lang='lat' dir='ltr'>illa</span> <span class='ocrx_word' id='word_1_725' title='bbox 1682 5037 1875 5078; x_wconf 90' lang='lat' dir='ltr'>aerem</span> <span class='ocrx_word' id='word_1_726' title='bbox 1908 5024 2029 5080; x_wconf 92' lang='lat' dir='ltr'>dis-</span> 
     </span>
    </p>
   </div>
   <div class='ocr_carea' id='block_1_99' title="bbox 372 5101 2030 5179">
    <p class='ocr_par' dir='ltr' id='par_1_99' title="bbox 372 5101 2030 5179">
     <span class='ocr_line' id='line_1_102' title="bbox 372 5101 2030 5179; baseline 0.007 -21"><span class='ocrx_word' id='word_1_727' title='bbox 372 5101 559 5173; x_wconf 88' lang='lat' dir='ltr'>pellit,</span> <span class='ocrx_word' id='word_1_728' title='bbox 588 5106 647 5159; x_wconf 88' lang='lat' dir='ltr'>et</span> <span class='ocrx_word' id='word_1_729' title='bbox 676 5103 1023 5161; x_wconf 89' lang='lat' dir='ltr'>lucidiorem</span> <span class='ocrx_word' id='word_1_730' title='bbox 1056 5106 1225 5173; x_wconf 83' lang='lat' dir='ltr'>facit;</span> <span class='ocrx_word' id='word_1_731' title='bbox 1258 5106 1754 5179; x_wconf 88' lang='lat' dir='ltr'>tranquillitatem</span> <span class='ocrx_word' id='word_1_732' title='bbox 1783 5129 1919 5169; x_wconf 91' lang='lat' dir='ltr'>vero</span> <span class='ocrx_word' id='word_1_733' title='bbox 1950 5113 2030 5169; x_wconf 87' lang='lat' dir='ltr'>fa-</span> 
     </span>
    </p>
   </div>
   <div class='ocr_carea' id='block_1_100' title="bbox 373 5190 2027 5273">
    <p class='ocr_par' dir='ltr' id='par_1_100' title="bbox 373 5190 2027 5273">
     <span class='ocr_line' id='line_1_103' title="bbox 373 5190 2027 5273; baseline 0.008 -28"><span class='ocrx_word' id='word_1_734' title='bbox 373 5190 453 5245; x_wconf 90' lang='lat' dir='ltr'>cit</span> <span class='ocrx_word' id='word_1_735' title='bbox 480 5190 699 5261; x_wconf 90' lang='lat' dir='ltr'>oleum,</span> <span class='ocrx_word' id='word_1_736' title='bbox 722 5194 865 5249; x_wconf 92' lang='lat' dir='ltr'>dum</span> <span class='ocrx_word' id='word_1_737' title='bbox 898 5210 1060 5262; x_wconf 63' lang='lat' dir='ltr'>aqua</span> <span class='ocrx_word' id='word_1_738' title='bbox 1093 5195 1334 5251; x_wconf 65' lang='lat' dir='ltr'>marine</span> <span class='ocrx_word' id='word_1_739' title='bbox 1366 5204 1737 5270; x_wconf 88' lang='lat' dir='ltr'>supernatat,</span> <span class='ocrx_word' id='word_1_740' title='bbox 1762 5218 1866 5257; x_wconf 90' lang='lat' dir='ltr'>nec</span> <span class='ocrx_word' id='word_1_741' title='bbox 1899 5218 2027 5273; x_wconf 88' lang='lat' dir='ltr'>per-</span> 
     </span>
    </p>
   </div>
   <div class='ocr_carea' id='block_1_101' title="bbox 373 5278 2030 5347">
    <p class='ocr_par' dir='ltr' id='par_1_101' title="bbox 373 5278 2030 5347">
     <span class='ocr_line' id='line_1_104' title="bbox 373 5278 2030 5347; baseline 0.008 -14"><span class='ocrx_word' id='word_1_742' title='bbox 373 5278 561 5334; x_wconf 87' lang='lat' dir='ltr'>mittit</span> <span class='ocrx_word' id='word_1_743' title='bbox 589 5296 659 5335; x_wconf 84' lang='lat' dir='ltr'>ex</span> <span class='ocrx_word' id='word_1_744' title='bbox 688 5282 964 5339; x_wconf 81' lang='lat' dir='ltr'>inferiore</span> <span class='ocrx_word' id='word_1_745' title='bbox 991 5284 1118 5340; x_wconf 89' lang='lat' dir='ltr'>loco</span> <span class='ocrx_word' id='word_1_746' title='bbox 1167 5283 1332 5340; x_wconf 92' lang='lat' dir='ltr'>illam</span> <span class='ocrx_word' id='word_1_747' title='bbox 1381 5292 1721 5345; x_wconf 68' lang='lat' dir='ltr'>exaestuare.</span> <span class='ocrx_word' id='word_1_748' title='bbox 1770 5295 1921 5346; x_wconf 80' lang='lat' dir='ltr'>Sunt</span> <span class='ocrx_word' id='word_1_749' title='bbox 1972 5295 2030 5347; x_wconf 92' lang='lat' dir='ltr'>et</span> 
     </span>
    </p>
   </div>
   <div class='ocr_carea' id='block_1_102' title="bbox 373 5367 2028 5446">
    <p class='ocr_par' dir='ltr' id='par_1_102' title="bbox 373 5367 2028 5446">
     <span class='ocr_line' id='line_1_105' title="bbox 373 5367 2028 5446; baseline 0.009 -25"><span class='ocrx_word' id='word_1_750' title='bbox 373 5367 504 5423; x_wconf 66' lang='lat' dir='ltr'>alia</span> <span class='ocrx_word' id='word_1_751' title='bbox 533 5368 734 5425; x_wconf 64' lang='lat' dir='ltr'>multis</span> <span class='ocrx_word' id='word_1_752' title='bbox 769 5371 976 5428; x_wconf 88' lang='lat' dir='ltr'>harum</span> <span class='ocrx_word' id='word_1_753' title='bbox 1010 5389 1207 5429; x_wconf 82' lang='lat' dir='ltr'>rerum</span> <span class='ocrx_word' id='word_1_754' title='bbox 1234 5389 1450 5446; x_wconf 73' lang='lat' dir='ltr'>causas,</span> <span class='ocrx_word' id='word_1_755' title='bbox 1483 5378 1587 5432; x_wconf 90' lang='lat' dir='ltr'>sed</span> <span class='ocrx_word' id='word_1_756' title='bbox 1617 5377 1752 5433; x_wconf 89' lang='lat' dir='ltr'>aliis</span> <span class='ocrx_word' id='word_1_757' title='bbox 1782 5396 2028 5436; x_wconf 87' lang='lat' dir='ltr'>accura-</span> 
     </span>
    </p>
   </div>
   <div class='ocr_carea' id='block_1_103' title="bbox 371 5457 1122 5531">
    <p class='ocr_par' dir='ltr' id='par_1_103' title="bbox 371 5457 1122 5531">
     <span class='ocr_line' id='line_1_106' title="bbox 371 5457 1122 5531; baseline 0.008 -19"><span class='ocrx_word' id='word_1_758' title='bbox 371 5457 551 5514; x_wconf 82' lang='lat' dir='ltr'>tiores</span> <span class='ocrx_word' id='word_1_759' title='bbox 582 5464 721 5514; x_wconf 89' lang='lat' dir='ltr'>sunt</span> <span class='ocrx_word' id='word_1_760' title='bbox 751 5476 898 5531; x_wconf 87' lang='lat' dir='ltr'>quas</span> <span class='ocrx_word' id='word_1_761' title='bbox 927 5462 1122 5518; x_wconf 89' lang='lat' dir='ltr'>attuli.</span> 
     </span>
    </p>
   </div>
   <div class='ocr_carea' id='block_1_104' title="bbox 2136 4833 3798 4918">
    <p class='ocr_par' dir='ltr' id='par_1_104' title="bbox 2136 4833 3798 4918">
     <span class='ocr_line' id='line_1_107' title="bbox 2136 4833 3798 4918; baseline -0.007 -19"><span class='ocrx_word' id='word_1_762' title='bbox 2136 4843 2200 4900; x_wconf 81' lang='grc' dir='ltr'>τὸ</span> <span class='ocrx_word' id='word_1_763' title='bbox 2256 4847 2470 4918; x_wconf 77' lang='grc' dir='ltr'>πνεῦμα</span> <span class='ocrx_word' id='word_1_764' title='bbox 2542 4849 2643 4912; x_wconf 80' lang='grc' dir='ltr'>τῆς</span> <span class='ocrx_word' id='word_1_765' title='bbox 2718 4839 3006 4909; x_wconf 84' lang='grc' dir='ltr'>λειότητος</span> <span class='ocrx_word' id='word_1_766' title='bbox 3072 4834 3465 4893; x_wconf 80' lang='grc' dir='ltr'>ἀπολισθαῖνον</span> <span class='ocrx_word' id='word_1_767' title='bbox 3535 4833 3597 4891; x_wconf 85' lang='grc' dir='ltr'>οὑ</span> <span class='ocrx_word' id='word_1_768' title='bbox 3648 4837 3798 4889; x_wconf 86' lang='grc' dir='ltr'>ποιεῖ</span> 
     </span>
    </p>
   </div>
   <div class='ocr_carea' id='block_1_105' title="bbox 2138 4923 3797 5008">
    <p class='ocr_par' dir='ltr' id='par_1_105' title="bbox 2138 4923 3797 5008">
     <span class='ocr_line' id='line_1_108' title="bbox 2138 4923 3797 5008; baseline -0.006 -20"><span class='ocrx_word' id='word_1_769' title='bbox 2138 4930 2386 5008; x_wconf 82' lang='grc' dir='ltr'>πληγὴν,</span> <span class='ocrx_word' id='word_1_770' title='bbox 2445 4929 2573 4988; x_wconf 75' lang='grc' dir='ltr'>οὑδὶ</span> <span class='ocrx_word' id='word_1_771' title='bbox 2624 4928 2813 4987; x_wconf 90' lang='grc' dir='ltr'>σάλον.</span> <span class='ocrx_word' id='word_1_772' title='bbox 2873 4930 2944 4986; x_wconf 82' lang='grc' dir='ltr'>’Ἠ</span> <span class='ocrx_word' id='word_1_773' title='bbox 2999 4927 3082 4984; x_wconf 83' lang='grc' dir='ltr'>δτι</span> <span class='ocrx_word' id='word_1_774' title='bbox 3126 4926 3191 4984; x_wconf 82' lang='grc' dir='ltr'>τὸ</span> <span class='ocrx_word' id='word_1_775' title='bbox 3222 4925 3407 4986; x_wconf 78' lang='grc' dir='ltr'>ἔλαιον</span> <span class='ocrx_word' id='word_1_776' title='bbox 3437 4923 3797 5000; x_wconf 71' lang='grc' dir='ltr'>ὀμαλώτατοι</span> 
     </span>
    </p>
   </div>
   <div class='ocr_carea' id='block_1_106' title="bbox 2137 5010 3797 5098">
    <p class='ocr_par' dir='ltr' id='par_1_106' title="bbox 2137 5010 3797 5098">
     <span class='ocr_line' id='line_1_109' title="bbox 2137 5010 3797 5098; baseline -0.006 -21"><span class='ocrx_word' id='word_1_777' title='bbox 2137 5021 2228 5078; x_wconf 76' lang='grc' dir='ltr'>καῖ</span> <span class='ocrx_word' id='word_1_778' title='bbox 2282 5021 2667 5098; x_wconf 86' lang='grc' dir='ltr'>λιπαρώτατον</span> <span class='ocrx_word' id='word_1_779' title='bbox 2727 5020 2809 5088; x_wconf 82' lang='grc' dir='ltr'>ὅν,</span> <span class='ocrx_word' id='word_1_780' title='bbox 2865 5016 3222 5094; x_wconf 73' lang='grc' dir='ltr'>ἐπιχεόμενον</span> <span class='ocrx_word' id='word_1_781' title='bbox 3279 5020 3349 5091; x_wconf 79' lang='grc' dir='ltr'>τῇ</span> <span class='ocrx_word' id='word_1_782' title='bbox 3379 5013 3649 5090; x_wconf 74' lang='grc' dir='ltr'>θαλάσσῃ,</span> <span class='ocrx_word' id='word_1_783' title='bbox 3681 5010 3797 5068; x_wconf 81' lang='grc' dir='ltr'>διαο</span> 
     </span>
    </p>
   </div>
   <div class='ocr_carea' id='block_1_107' title="bbox 2139 5102 3798 5185">
    <p class='ocr_par' dir='ltr' id='par_1_107' title="bbox 2139 5102 3798 5185">
     <span class='ocr_line' id='line_1_110' title="bbox 2139 5102 3798 5185; baseline -0.005 -19"><span class='ocrx_word' id='word_1_784' title='bbox 2139 5109 2386 5184; x_wconf 87' lang='grc' dir='ltr'>σκίδνησι</span> <span class='ocrx_word' id='word_1_785' title='bbox 2440 5110 2533 5165; x_wconf 88' lang='grc' dir='ltr'>τὸν</span> <span class='ocrx_word' id='word_1_786' title='bbox 2568 5107 2621 5165; x_wconf 76' lang='grc' dir='ltr'>ἰν</span> <span class='ocrx_word' id='word_1_787' title='bbox 2654 5106 2793 5180; x_wconf 82' lang='grc' dir='ltr'>αὑτῇ</span> <span class='ocrx_word' id='word_1_788' title='bbox 2826 5108 3049 5185; x_wconf 77' lang='grc' dir='ltr'>ζοφερὸν</span> <span class='ocrx_word' id='word_1_789' title='bbox 3097 5107 3229 5183; x_wconf 70' lang='grc' dir='ltr'>ἀέρα</span> <span class='ocrx_word' id='word_1_790' title='bbox 3274 5105 3364 5162; x_wconf 78' lang='grc' dir='ltr'>καὶ</span> <span class='ocrx_word' id='word_1_791' title='bbox 3414 5102 3798 5181; x_wconf 89' lang='grc' dir='ltr'>λαμπρότερον</span> 
     </span>
    </p>
   </div>
   <div class='ocr_carea' id='block_1_108' title="bbox 2138 5192 3798 5277">
    <p class='ocr_par' dir='ltr' id='par_1_108' title="bbox 2138 5192 3798 5277">
     <span class='ocr_line' id='line_1_111' title="bbox 2138 5192 3798 5277; baseline -0.007 -20"><span class='ocrx_word' id='word_1_792' title='bbox 2138 5202 2523 5277; x_wconf 83' lang='grc' dir='ltr'>ἀπεργάζεται,</span> <span class='ocrx_word' id='word_1_793' title='bbox 2548 5196 2797 5273; x_wconf 80' lang='grc' dir='ltr'>γαλήνην</span> <span class='ocrx_word' id='word_1_794' title='bbox 2833 5194 2892 5254; x_wconf 77' lang='grc' dir='ltr'>δὶ</span> <span class='ocrx_word' id='word_1_795' title='bbox 2921 5199 3144 5272; x_wconf 75' lang='grc' dir='ltr'>ἐμποιεῖ</span> <span class='ocrx_word' id='word_1_796' title='bbox 3166 5195 3426 5253; x_wconf 73' lang='grc' dir='ltr'>ἐπιπλέον</span> <span class='ocrx_word' id='word_1_797' title='bbox 3462 5195 3685 5262; x_wconf 76' lang='grc' dir='ltr'>ἄνωθεν,</span> <span class='ocrx_word' id='word_1_798' title='bbox 3710 5192 3798 5247; x_wconf 84' lang='grc' dir='ltr'>καὶ</span> 
     </span>
    </p>
   </div>
   <div class='ocr_carea' id='block_1_109' title="bbox 2139 5280 3799 5365">
    <p class='ocr_par' dir='ltr' id='par_1_109' title="bbox 2139 5280 3799 5365">
     <span class='ocr_line' id='line_1_112' title="bbox 2139 5280 3799 5365; baseline -0.005 -20"><span class='ocrx_word' id='word_1_799' title='bbox 2139 5290 2238 5346; x_wconf 85' lang='grc' dir='ltr'>οὑκ</span> <span class='ocrx_word' id='word_1_800' title='bbox 2295 5289 2397 5345; x_wconf 74' lang='grc' dir='ltr'>ἐῶν</span> <span class='ocrx_word' id='word_1_801' title='bbox 2443 5289 2684 5352; x_wconf 84' lang='grc' dir='ltr'>κάτωθεν</span> <span class='ocrx_word' id='word_1_802' title='bbox 2734 5286 2900 5357; x_wconf 82' lang='grc' dir='ltr'>αὑτὴν</span> <span class='ocrx_word' id='word_1_803' title='bbox 2950 5283 3396 5365; x_wconf 75' lang='grc' dir='ltr'>ἀναϐράττεσθαι.</span> <span class='ocrx_word' id='word_1_804' title='bbox 3448 5283 3572 5341; x_wconf 75' lang='grc' dir='ltr'>Εἰσὶ</span> <span class='ocrx_word' id='word_1_805' title='bbox 3622 5280 3681 5338; x_wconf 74' lang='grc' dir='ltr'>δὶ</span> <span class='ocrx_word' id='word_1_806' title='bbox 3709 5282 3799 5338; x_wconf 82' lang='grc' dir='ltr'>καὶ</span> 
     </span>
    </p>
   </div>
   <div class='ocr_carea' id='block_1_110' title="bbox 2137 5372 3802 5454">
    <p class='ocr_par' dir='ltr' id='par_1_110' title="bbox 2137 5372 3802 5454">
     <span class='ocr_line' id='line_1_113' title="bbox 2137 5372 3802 5454; baseline -0.005 -19"><span class='ocrx_word' id='word_1_807' title='bbox 2137 5379 2307 5435; x_wconf 75' lang='grc' dir='ltr'>ἄλλαι</span> <span class='ocrx_word' id='word_1_808' title='bbox 2337 5375 2547 5435; x_wconf 82' lang='grc' dir='ltr'>πολλαὶ</span> <span class='ocrx_word' id='word_1_809' title='bbox 2577 5376 2702 5454; x_wconf 84' lang='grc' dir='ltr'>περὶ</span> <span class='ocrx_word' id='word_1_810' title='bbox 2729 5378 2939 5434; x_wconf 83' lang='grc' dir='ltr'>τούτων</span> <span class='ocrx_word' id='word_1_811' title='bbox 2971 5376 3165 5447; x_wconf 84' lang='grc' dir='ltr'>αίτίαι,</span> <span class='ocrx_word' id='word_1_812' title='bbox 3196 5375 3324 5434; x_wconf 81' lang='grc' dir='ltr'>ἀλλ’</span> <span class='ocrx_word' id='word_1_813' title='bbox 3356 5373 3480 5452; x_wconf 70' lang='grc' dir='ltr'>α’ίγε</span> <span class='ocrx_word' id='word_1_814' title='bbox 3516 5372 3802 5450; x_wconf 70' lang='grc' dir='ltr'>εἰρημᾶναι</span> 
     </span>
    </p>
   </div>
   <div class='ocr_carea' id='block_1_111' title="bbox 2135 5463 3029 5546">
    <p class='ocr_par' dir='ltr' id='par_1_111' title="bbox 2135 5463 3029 5546">
     <span class='ocr_line' id='line_1_114' title="bbox 2135 5463 3029 5546; baseline 0.001 -21"><span class='ocrx_word' id='word_1_815' title='bbox 2135 5473 2246 5525; x_wconf 87' lang='grc' dir='ltr'>τῶν</span> <span class='ocrx_word' id='word_1_816' title='bbox 2278 5468 2465 5526; x_wconf 82' lang='grc' dir='ltr'>ἄλλων</span> <span class='ocrx_word' id='word_1_817' title='bbox 2497 5467 2600 5525; x_wconf 80' lang='grc' dir='ltr'>είσῖ</span> <span class='ocrx_word' id='word_1_818' title='bbox 2629 5463 3029 5546; x_wconf 72' lang='grc' dir='ltr'>ἀκριϐέστεραι.</span> 
     </span>
    </p>
   </div>
   <div class='ocr_carea' id='block_1_112' title="bbox 1966 5571 2197 5630">
    <p class='ocr_par' dir='ltr' id='par_1_112' title="bbox 1966 5571 2197 5630">
     <span class='ocr_line' id='line_1_115' title="bbox 1966 5571 2197 5630; baseline 0.004 -2"><span class='ocrx_word' id='word_1_819' title='bbox 1966 5571 2197 5630; x_wconf 77' lang='lat' dir='ltr'>NOT/E.</span> 
     </span>
    </p>
   </div>
   <div class='ocr_carea' id='block_1_113' title="bbox 444 5648 2027 5727">
    <p class='ocr_par' dir='ltr' id='par_1_113' title="bbox 444 5648 2027 5727">
     <span class='ocr_line' id='line_1_116' title="bbox 444 5648 2027 5727; baseline 0.009 -25"><span class='ocrx_word' id='word_1_820' title='bbox 444 5648 554 5727; x_wconf 68' lang='lat' dir='ltr'>(t0)</span> <span class='ocrx_word' id='word_1_821' title='bbox 587 5649 650 5705; x_wconf 92' lang='lat' dir='ltr'>In</span> <span class='ocrx_word' id='word_1_822' title='bbox 681 5649 1202 5727; x_wconf 7' lang='lat' dir='ltr'>Grmco_est,q_c_irca</span> <span class='ocrx_word' id='word_1_823' title='bbox 1230 5656 1468 5725; x_wconf 84' lang='lat' dir='ltr'>ﬂuvium</span> <span class='ocrx_word' id='word_1_824' title='bbox 1508 5658 2027 5727; x_wconf 74' lang='lat' dir='ltr'>profundissimam.</span> 
     </span>
    </p>
   </div>
   <div class='ocr_carea' id='block_1_114' title="bbox 372 5719 2034 5803">
    <p class='ocr_par' dir='ltr' id='par_1_114' title="bbox 372 5719 2034 5803">
     <span class='ocr_line' id='line_1_117' title="bbox 372 5719 2034 5803; baseline 0.01 -29"><span class='ocrx_word' id='word_1_825' title='bbox 372 5719 484 5803; x_wconf 68' lang='lat' dir='ltr'>Sed</span> <span class='ocrx_word' id='word_1_826' title='bbox 517 5719 1015 5803; x_wconf 45' lang='lat' dir='ltr'>prae-obscuriore</span> <span class='ocrx_word' id='word_1_827' title='bbox 1030 5724 1133 5803; x_wconf 77' lang='lat' dir='ltr'>illa</span> <span class='ocrx_word' id='word_1_828' title='bbox 1158 5719 1644 5803; x_wconf 57' lang='lat' dir='ltr'>interpretatipn&#39;e</span> <span class='ocrx_word' id='word_1_829' title='bbox 1674 5732 1843 5803; x_wconf 91' lang='lat' dir='ltr'>posui</span> <span class='ocrx_word' id='word_1_830' title='bbox 1873 5735 2034 5791; x_wconf 57' lang='grc' dir='ltr'>Μωσ-</span> 
     </span>
    </p>
   </div>
   <div class='ocr_carea' id='block_1_115' title="bbox 372 5793 2032 5870">
    <p class='ocr_par' dir='ltr' id='par_1_115' title="bbox 372 5793 2032 5870">
     <span class='ocr_line' id='line_1_118' title="bbox 372 5793 2032 5870; baseline 0.007 -20"><span class='ocrx_word' id='word_1_831' title='bbox 372 5793 456 5850; x_wconf 74' lang='lat' dir='ltr'>tin</span> <span class='ocrx_word' id='word_1_832' title='bbox 479 5794 764 5869; x_wconf 78' lang='lat' dir='ltr'>paludem,</span> <span class='ocrx_word' id='word_1_833' title='bbox 797 5797 1048 5870; x_wconf 88' lang='lat' dir='ltr'>respecit</span> <span class='ocrx_word' id='word_1_834' title='bbox 1077 5798 1236 5856; x_wconf 90' lang='lat' dir='ltr'>enim</span> <span class='ocrx_word' id='word_1_835' title='bbox 1266 5793 1496 5859; x_wconf 81' lang='lat' dir='ltr'>Psellus</span> <span class='ocrx_word' id='word_1_836' title='bbox 1527 5799 1650 5860; x_wconf 79' lang='lat' dir='ltr'>haec</span> <span class='ocrx_word' id='word_1_837' title='bbox 1675 5793 2032 5864; x_wconf 56' lang='lat' dir='ltr'>&#39;Aristotelis</span> 
     </span>
    </p>
   </div>
   <div class='ocr_carea' id='block_1_116' title="bbox 2140 5646 3797 5736">
    <p class='ocr_par' dir='ltr' id='par_1_116' title="bbox 2140 5646 3797 5736">
     <span class='ocr_line' id='line_1_119' title="bbox 2140 5646 3797 5736; baseline -0.008 -19"><span class='ocrx_word' id='word_1_838' title='bbox 2140 5663 2245 5736; x_wconf 62' lang='lat' dir='ltr'>lib.</span> <span class='ocrx_word' id='word_1_839' title='bbox 2280 5663 2351 5736; x_wconf 73' lang='lat' dir='ltr'>de</span> <span class='ocrx_word' id='word_1_840' title='bbox 2381 5662 2600 5736; x_wconf 86' lang='lat' dir='ltr'>Mundo</span> <span class='ocrx_word' id='word_1_841' title='bbox 2640 5680 2767 5736; x_wconf 81' lang='lat' dir='ltr'>cap.</span> <span class='ocrx_word' id='word_1_842' title='bbox 2820 5663 2853 5717; x_wconf 86' lang='grc'>4</span> <span class='ocrx_word' id='word_1_843' title='bbox 2889 5658 3004 5736; x_wconf 41' lang='grc' dir='ltr'>ετὸ.</span> <span class='ocrx_word' id='word_1_844' title='bbox 3035 5654 3098 5736; x_wconf 70' lang='grc' dir='ltr'>⁸δὶ</span> <span class='ocrx_word' id='word_1_845' title='bbox 3155 5656 3288 5736; x_wconf 76' lang='grc' dir='ltr'>ὑπὶρ</span> <span class='ocrx_word' id='word_1_846' title='bbox 3339 5652 3584 5712; x_wconf 80' lang='grc' dir='ltr'>Κασπίαν</span> <span class='ocrx_word' id='word_1_847' title='bbox 3631 5646 3797 5727; x_wconf 71' lang='grc' dir='ltr'>βαθὺν</span> 
     </span>
    </p>
   </div>
   <div class='ocr_carea' id='block_1_117' title="bbox 2142 5728 3415 5813">
    <p class='ocr_par' dir='ltr' id='par_1_117' title="bbox 2142 5728 3415 5813">
     <span class='ocr_line' id='line_1_120' title="bbox 2142 5728 3415 5813; baseline -0.003 -24"><span class='ocrx_word' id='word_1_848' title='bbox 2142 5730 2259 5809; x_wconf 75' lang='grc' dir='ltr'>ἔχει</span> <span class='ocrx_word' id='word_1_849' title='bbox 2288 5734 2381 5791; x_wconf 86' lang='grc' dir='ltr'>τὸν</span> <span class='ocrx_word' id='word_1_850' title='bbox 2410 5735 2544 5813; x_wconf 79' lang='grc' dir='ltr'>ὑπὶρ</span> <span class='ocrx_word' id='word_1_851' title='bbox 2572 5736 2674 5807; x_wconf 81' lang='grc' dir='ltr'>τήν</span> <span class='ocrx_word' id='word_1_852' title='bbox 2708 5728 2956 5791; x_wconf 72' lang='grc' dir='ltr'>Μαιῶτιν</span> <span class='ocrx_word' id='word_1_853' title='bbox 2988 5728 3190 5804; x_wconf 84' lang='grc' dir='ltr'>λίμνην</span> <span class='ocrx_word' id='word_1_854' title='bbox 3219 5728 3415 5785; x_wconf 79' lang='grc' dir='ltr'>τόπον.</span> 
     </span>
    </p>
   </div>
  </div>
