4100 6410
298 392 420 456 769

1484 388 1585 448 DE
1627 386 1928 450 OMNIFA
1941 385 2075 447 RIA
2120 387 2546 451 DOCTRINA.

3611 394 3733 458 ’ΠΟ

302 523 442 603 ρλδ’.
477 525 578 590 Τίς
607 523 642 596 ἦ
675 521 822 579 αἲτία
848 519 917 578 δι’
947 520 1013 605 ᾒν
1047 523 1174 605 όταν
1207 519 1283 605 εἷς
1314 523 1415 605 τὴν
1444 519 1714 585 θάλασσαν
1746 519 1956 597 ἐμπέσῃ

2093 522 2200 580 134.
2259 525 2398 594 Quid
2453 527 2525 582 sit
2580 543 2781 595 causae,
2836 544 3005 605 quare
3059 530 3108 584 si
3179 530 3424 600 fulmine
3467 535 3734 605 tangatur

745 597 1024 672 κεραυνὸς,
1059 595 1187 658 ἅλες
1220 593 1531 668 ἐξωθοῦσιν.

374 699 732 779 Πηγνύμενον
781 701 844 756 τὸ
895 699 1186 766 θαλάσσιον
1243 696 1390 773 ὕδωρ
1448 698 1542 761 τὰς
1601 699 1739 760 ἅλας
1792 702 1963 754 ποιεῖ.

308 795 582 867 Πήγνυται
641 787 700 844 δὲ
754 794 852 844 τοῦ
919 793 1179 864 κεραυνοῦ
1237 787 1570 862 ἐμπεσόντος
1630 787 1684 842 ἐν
1741 790 1809 861 τῇ
1872 797 1966 850 θα-

309 882 504 956 λάσσῃ,
552 880 641 936 καὶ
689 880 752 935 τὸ
799 878 974 955 γλυκὺ
1023 877 1114 934 καὶ
1173 877 1407 951 πότιμον
1460 875 1604 950 ὕδωρ
1664 875 1963 951 ἐξάγοντος.

307 974 463 1027 Ὅθεν
520 971 584 1026 τὸ
637 970 733 1043 μὲν
782 967 979 1024 λεπτὸν
1025 969 1116 1024 καὶ
1162 967 1400 1040 πότιμον
1453 963 1641 1041 ὕδωρ,
1693 964 1810 1030 οὔθ’
1862 963 1965 1020 ὑπὸ

309 1059 474 1132 ἡλίου
503 1059 794 1130 καιόμενον
838 1058 1133 1132 πήγνυται,
1188 1055 1302 1119 οὔθ’
1354 1055 1458 1110 ὑπὸ
1501 1057 1783 1126 κεραυνοῦ,
1815 1052 1878 1108 τὸ
1911 1049 1968 1107 δὶ

311 1150 556 1226 ἆλμυρὸν
601 1149 691 1223 γπ¹
739 1146 1063 1226 ἀμφοτέρων
1117 1149 1280 1200 τοῦτο
1328 1143 1552 1219 πάσχει,
1598 1143 1688 1198 καὶ
1731 1142 1970 1217 μάλιστα

313 1242 415 1297 ὑπὸ
460 1240 726 1315 κεραυνοῦ
761 1279 774 1294 .
834 1233 1066 1298 Θειῶδες
1134 1235 1233 1310 γὰρ
1294 1234 1351 1289 ’ὀν
1409 1234 1474 1288 τὸ
1525 1232 1806 1306 κεραύνιον
1859 1236 1968 1308 πῦρ

311 1330 434 1386 ὅταν
496 1327 576 1391 εἲς
631 1330 731 1397 τὴν
783 1325 1053 1390 θάλασσαν
1115 1323 1343 1398 ἐμπέσῃ,
1406 1322 1675 1396 ἐξατμίζει
1732 1322 1826 1395 μὶν
1877 1320 1967 1376 καὶ

313 1417 654 1494 ἀναξηραίνει
711 1416 773 1472 τὸ
831 1414 1090 1489 πότιμον,
1141 1415 1376 1489 πήγνυσι
1428 1410 1486 1467 δὲ
1531 1412 1592 1468 τὸ
1639 1408 1837 1488 γεῶδες
1877 1410 1970 1466 καὶ

312 1507 583 1586 ἁλμυρὸν,
643 1505 762 1571 ὅθεν
819 1506 1034 1576 ἄσηπτα
1097 1503 1191 1578 μὲν
1254 1503 1306 1558 οἱ
1351 1501 1604 1578 κεραυνοί
1654 1505 1874 1556 ποιοῦσι
1904 1500 1972 1556 τὰ

312 1601 561 1672 σώματα,
613 1597 830 1668 ἄσηπτα
879 1592 938 1650 δὶ
986 1595 1038 1650 οἱ
1092 1593 1220 1657 ἅλες
1252 1591 1626 1666 ἰκτηκομὲνης
1673 1592 1760 1646 ὑπ’
1792 1589 1968 1647 αὐτῶν

309 1689 409 1760 τῆς
440 1687 764 1765 ὑγρότητος.
813 1683 1020 1755 Ταύτην
1069 1685 1169 1755 τὴν
1222 1682 1393 1738 αἰτίαν
1443 1682 1534 1738 καὶ
1586 1679 1969 1758 Ἀριστοτέλης

314 1781 342 1834 6
373 1775 679 1858 φιλόσοφος
699 1775 884 1847 τίθησί
931 1795 990 1830 τι
1018 1773 1104 1830 καὶ
1148 1769 1500 1848 ἀποδέχεται,
1529 1771 1621 1827 καὶ
1649 1772 1701 1827 οὶ
1731 1771 1972 1847 κρείττο-

314 1890 399 1932 νες
429 1871 539 1923 τῶν
575 1869 850 1922 Φυσικῶν.

576 1970 707 2049 ρλέ.
743 1969 873 2046 Περὶ
902 1975 1004 2038 τῆς
1035 1967 1087 2022 ἐν
1123 1963 1329 2041 Εὐϐοίᾳ
1358 1966 1706 2045 παλιρροίας.

385 2083 460 2140 Τὸ
489 2079 734 2156 πέλαγος
765 2079 828 2133 τὸ
878 2077 1116 2135 Ἰωνικὸν
1165 2077 1224 2132 ἐκ
1267 2075 1488 2147 πολλῆς
1535 2073 1878 2151 εὐρυχωρίας
1917 2073 1969 2128 ἐν

322 2175 390 2245 τῇ
437 2165 644 2240 Εὐϐοίᾳ
693 2165 1046 2240 στενούμενον
1083 2208 1097 2234 ,
1149 2166 1241 2220 καὶ
1295 2165 1537 2237 καθάπερ
1597 2162 1687 2218 διὰ
1744 2161 1972 2235 στομίου

327 2261 468 2324 τινὸς
497 2261 571 2323 εἷς
600 2260 691 2315 τὸν
735 2262 998 2334 Κρισαῖον
1044 2257 1253 2312 κόλπον
1309 2255 1637 2330 ἐκχεόμενον
1690 2253 1971 2328 ἐμμίξεται

327 2354 463 2429 πρὸς
489 2353 581 2422 τήν
629 2349 860 2428 Αίγαίαν
913 2347 1183 2403 Θάλατταν
1231 2347 1580 2423 ἐπειγόμενον
1624 2347 1726 2401 ὑπὸ
1751 2349 1848 2401 τοῦ
1876 2347 1975 2414 τῆς

320 2443 744 2516 Πελοποννήσου
793 2441 991 2516 ἰσθμοῦ
1037 2447 1140 2511 τῆς
1171 2440 1360 2516 πρόσω
1391 2445 1558 2519 φορᾶς
1590 2438 1972 2509 ἀνακόπτεται,

316 2535 634 2613 προμηθείᾳ
672 2534 970 2609 κρείττονι,
1003 2533 1080 2594 ὡς
1128 2528 1324 2602 ἔοικεν,
1357 2528 1643 2586 ἐπικλῦσαι
1687 2531 1786 2600 τὴν
1827 2527 1994 2590 ἀντί-,

319 2629 474 2684 Θετον
529 2620 785 2701 προϐολῇ
841 2626 944 2679 τοῦ
997 2620 1230 2698 αὐχένος
1284 2619 1822 2696 ἀποτειχιζόμενον,
1883 2617 1972 2673 κάὶ

316 2716 516 2776 τούτου
566 2713 624 2771 δὶ
665 2711 1016 2791 παλιρροίας,
1064 2712 1138 2775 ὡς
1187 2712 1250 2767 τὸ
1295 2711 1458 2781 εἰκὸς,
1510 2711 1822 2786 γινομένης.
1874 2708 1969 2765 Καὶ

320 2805 445 2882 περὶ
497 2802 654 2861 τόνδε
703 2805 794 2860 τὸν
853 2802 1100 2878 πορθμὸν
1152 2799 1320 2858 πλέον
1372 2803 1409 2874 ἢ
1465 2801 1602 2856 κατὰ
1653 2801 1744 2856 τὸν
1805 2797 1976 2854 ἄλλον

324 2893 534 2949 κόλπον
586 2889 916 2968 θλιϐομένου
962 2897 1061 2948 τοῦ
1113 2890 1457 2969 ἐπιρρέοντος
1508 2889 1595 2946 ἐπὶ
1635 2895 1713 2963 τῷ
1751 2889 1972 2966 ἀνατρέ-

331 3003 494 3059 χοντι
526 2980 792 3048 πολλάκις
819 2979 1088 3056 ἐμπίπτον
1119 2982 1211 3037 τὸν
1245 2981 1489 3058 βρασμὸν
1522 2985 1671 3035 ποιεῖ
1698 2979 1760 3034 τὸ
1805 2976 1973 3055 ὕδωρ,

325 3072 420 3128 καὶ
452 3075 604 3146 κῦμα
649 3069 974 3148 φλεγμαῖνον
1026 3069 1220 3148 ἐγείρει
1264 3071 1403 3148 πρὸς
1434 3077 1533 3141 τῆς
1562 3067 1872 3132 ἀντιτυπίας
1898 3067 1974 3132 εἷς

323 3159 591 3218 κλύδωνα
619 3161 1045 3240 κορυφούμενον.

326 3268 468 3347 ρλς.
642 3268 696 3323 τί
746 3268 850 3347 ὑπὸ
895 3273 1010 3347 τῶν
1056 3266 1245 3347 ὗετίων
1299 3264 1525 3347 ὑδάνων.
1558 3265 1768 3342 μᾶλλον
1863 3269 1972 3324 τῶν

398 3340 704 3419 έπιρῤὐτων
759 3341 828 3397 τὰ
894 3337 1090 3418 δένδρα
1145 3340 1235 3396 καὶ
1307 3342 1376 3396 τα
1434 3337 1715 3416 σπέρματα
1770 3339 1975 3419 πέφυκε

395 3414 679 3494 τρέφεσθαι
690 3457 702 3472 .

398 3503 544 3559 Διότι
600 3507 670 3578 τῇ
724 3502 920 3578 πληγῇ
978 3499 1226 3559 διεστῶσι
1294 3503 1393 3572 τήν
1449 3504 1549 3579 γῆν
1626 3503 1714 3557 καὶ
1773 3521 1980 3576 πορους

325 3597 543 3649 ποιοῦσι
593 3593 684 3649 καὶ
730 3589 1041 3648 διαδύονται
1093 3591 1170 3656 εὶς
1220 3592 1320 3661 τὴν
1372 3590 1542 3668 ῥίζαν.
1571 3593 1641 3648 Ἠ
1671 3590 1804 3666 ὅπερ
1835 3589 1980 3662 ἀλη-

326 3682 596 3757 Θέστερον,
643 3681 953 3759 πρόσφατόν
1007 3681 1116 3737 ἐστι
1162 3683 1252 3736 καὶ
1282 3680 1399 3736 νέον
1443 3678 1589 3756 ὕδωρ
1631 3682 1694 3736 τὸ
1725 3681 1978 3754 ὗόμενον,

325 3769 505 3837 ἕωλον
552 3768 609 3826 δὲ
656 3770 744 3826 καὶ
799 3769 1035 3828 παλαιὸν
1061 3770 1124 3826 τὸ
1156 3769 1438 3845 λιμναῖον,
1468 3770 1503 3839 ἢ
1538 3771 1620 3825 ὅτι
1649 3771 1712 3826 τὸ
1744 3767 1981 3844 ἀερῶδες

329 3857 475 3937 ὕδωρ
523 3860 787 3933 πνεύματι
844 3861 1175 3937 μεγιγμένον
1236 3861 1318 3930 ὃν,
1379 3857 1658 3936 ὁδηγεῖται
1715 3860 1804 3913 καὶ
1850 3859 1981 3913 ἀνα-

328 3951 599 4022 πέμπεται
628 3951 846 4026 ταχέως
895 3948 972 4014 εἷς
1015 3951 1078 4006 τὸ
1131 3949 1293 4028 φυτὸν
1347 3949 1451 4004 ὑπὸ
1505 3947 1865 4020 λεπτότητος,
1897 3945 1981 4002 διὸ

326 4040 417 4096 καὶ
444 4040 811 4117 πομφόλυγας
853 4045 1020 4108 ποιεῖ,
1076 4036 1162 4094 διὰ
1208 4040 1308 4107 τήν
1360 4043 1458 4095 τοῦ
1503 4038 1658 4113 ἀέρος
1707 4037 1982 4111 ἀνάμιξιν,

327 4129 363 4199 ἢ
398 4129 480 4185 ὅτι
507 4130 571 4185 τὸ
622 4125 856 4207 ὄμϐριον
912 4127 1059 4204 ὕδωρ
1108 4127 1401 4206 γενόμενον
1443 4126 1496 4183 ἐν
1546 4128 1660 4204 ἀέρι
1693 4129 1781 4183 καὶ
1816 4126 1983 4182 πνεύ-

332 4240 462 4293 ματι
520 4220 755 4294 καθαρὸν
806 4218 895 4275 καὶ
953 4218 1148 4294 ἀμιγὲς
1220 4218 1451 4276 κάτεισι.
1509 4219 1590 4275 Τὰ
1657 4216 1714 4273 δὲ
1770 4223 1984 4294 πηγαῖα

327 4308 417 4363 καὶ
445 4311 516 4382 τῇ
545 4312 681 4383 γονῇ
714 4307 803 4364 καὶ
832 4313 950 4372 τοῖς
980 4309 1175 4372 τόποις
1217 4308 1559 4382 ὁμοιούμενα
1591 4305 1661 4362 δι’
1689 4309 1765 4362 ὦν
1795 4305 1980 4379 ἔξεισι,

327 4393 557 4453 πολλῶν
645 4395 1087 4472 ἀναπίμπλανται
1166 4399 1504 4468 ποιοτήτων.
1578 4397 1819 4472 Ηρόσθες
1891 4397 1982 4453 καὶ

327 4484 508 4558 ἄλλην
562 4485 759 4542 αἷτίανο
823 4485 1089 4559 εῦσηπτόν
1147 4487 1257 4544 ἐστι
1310 4487 1371 4542 τὸ
1432 4487 1602 4542 ὑέτιον
1663 4483 1834 4563 ὕδωρ,
1891 4488 1980 4543 καὶ

329 4573 422 4632 διὰ
447 4579 608 4633 τοῦτο
639 4577 727 4632 καὶ
755 4573 1068 4652 εῦθρεπτον.
1098 4581 1206 4633 Πᾶν
1253 4575 1312 4632 δὲ
1351 4574 1498 4652 ὕδωρ
1531 4577 1591 4632 τὸ
1624 4574 1796 4640 οὕτως
1828 4573 1984 4652 ἔχον,

325 4662 508 4742 τρέφει
537 4666 602 4721 τὸ
635 4665 1015 4740 ὑποκείμενον.

331 4859 626 4940 plcxum}
662 4863 756 4940 ⁸τί
839 4867 966 4940 τῶν-
1026 4858 1274 4940 ὀμϐρίων
1349 4860 1560 4919 ὑδάτων
1624 4859 1985 4940 εὐαρδέστερα

405 4939 520 5025 τοῖς
579 4936 854 5010 σπέρμασι
911 4936 979 4992 τὰ
1057 4936 1190 5012 μετὰ
1246 4937 1487 5013 βροντῶν
1550 4937 1640 4992 καὶ
1699 4936 1986 5010 ἀστραπῶν

406 5019 594 5065 ὺδατα.

404 5093 772 5170 Ηνευματώδη
826 5095 928 5152 εἶσι
975 5093 1066 5151 διὰ
1104 5097 1204 5167 τήν
1254 5100 1352 5152 τοῦ
1402 5096 1558 5171 ἀέρος
1603 5097 1852 5172 ταραχὴν
1898 5095 1988 5150 καὶ

332 5181 599 5259 ἀνάμιξιν.
649 5185 719 5239 Τὸ
766 5182 824 5240 δὶ
871 5189 1083 5260 πνεῦμα
1130 5186 1230 5255 τὴν
1285 5186 1557 5263 ὑγρότητα
1605 5189 1788 5240 κινοῦν
1843 5183 1993 5260 μᾶλα

331 5268 430 5331 λον
488 5273 795 5349 ἀναπέμπει
846 5275 938 5330 καὶ
978 5272 1322 5332 ἀναδίδωσιν.
1375 5277 1440 5333 Ἠ
1491 5273 1573 5330 ὅτι
1628 5273 1858 5352 βροντὰς
1893 5276 1986 5348 μὶν

329 5360 419 5415 καὶ
479 5363 754 5440 ἀστραπὰς
809 5368 958 5419 ποιεῖ
1013 5365 1076 5420 τὸ
1134 5364 1332 5441 Θερμὸν
1391 5363 1442 5418 ἐν
1491 5369 1572 5438 τῷ
1614 5363 1730 5439 ἀέρι
1761 5365 1897 5439 πρὸς
1925 5364 1988 5420 τὸ

327 5451 543 5526 ψυχρὸν
581 5453 922 5528 μαχόμενοψ
959 5451 1046 5509 διὸ
1088 5453 1179 5509 καὶ
1210 5458 1491 5530 χειμῶνος
1536 5450 1793 5526 οὐδαμῶς
1828 5454 1986 5530 βρον-

325 5539 436 5599 ταί.
487 5536 648 5619 ἔαρος
697 5539 756 5598 δὶ
825 5540 1064 5616 μάλιστα
1106 5543 1196 5598 καὶ
1246 5543 1620 5619 φθινοπώρου·
1670 5543 1706 5614 ἠ
1754 5539 1813 5597 δὲ
1866 5554 1988 5617 θερ-

330 5630 506 5704 μότης
536 5633 814 5688 πίπτουσα
857 5633 921 5688 τὸ
968 5633 1128 5710 ὐγρὸν
1169 5631 1471 5710 προσφιλὲς
1520 5637 1670 5688 ποιεῖ
1713 5637 1828 5696 τοῖς
1858 5632 1990 5709 βλα-

326 5719 579 5780 στάνουσι
639 5723 728 5781 καὶ
790 5719 1097 5804 ὠφέλιμον.
1160 5722 1246 5780 Τὰ
1324 5721 1578 5801 μέντοιγε
1635 5721 1823 5802 ἐαρινὰ
1876 5726 1986 5781 τῶν

2003 1929 2051 1995 Β

2603 616 2778 668 mare,
2809 600 2892 656 sal
2939 611 3202 672 emergat.

2146 704 2228 759 Ex
2258 722 2412 777 aqua
2443 706 2674 761 marina
2702 707 3009 778 coagulata
3038 708 3104 762 ﬁt
3133 708 3603 783 sal.Goagulatur
3623 729 3731 769 au-

2072 796 2192 850 tem
2225 795 2274 850 si
2297 793 2548 852 fulmine
2574 800 2729 852 tacta
2751 797 3131 868 fuerit,idque
3160 799 3394 854 dulcem
3417 807 3592 873 atque
3632 818 3734 874 po-

2074 887 2316 940 tabllem
2350 904 2561 956 aquam
2595 886 2964 942 subduxerit.
2998 887 3146 942 Nam
3177 895 3374 945 tenera
3406 891 3644 961 quidem
3667 910 3734 948 ac

2076 976 2353 1047 potabilis
2393 993 2548 1047 aqua
2585 993 2692 1032 nec
2722 977 2843 1032 sole
2887 983 3116 1047 urente,
3151 995 3257 1033 nec
3306 979 3552 1036 fulmine
3581 982 3734 1037 inci-

2077 1066 2253 1120 dente
2283 1065 2631 1137 coagulatur
2662 1086 2675 1134 ;
2710 1066 2941 1121 marina
2981 1071 3176 1122 autem
3228 1073 3478 1139 utroque
3537 1071 3736 1140 modo,

2078 1155 2448 1226 maximeque
2479 1171 2511 1209 a
2533 1155 2799 1210 fulmine.
2836 1155 2993 1226 Ignis
3025 1156 3181 1211 enim
3203 1158 3332 1227 ejus
3356 1158 3654 1216 sulfureus
3676 1159 3736 1216 in

2079 1260 2240 1299 mare
2263 1243 2491 1299 delatus
2510 1244 2823 1313 potabilem
2851 1262 3061 1315 aquam
3082 1246 3532 1319 absumitatque
3553 1248 3613 1304 in
3635 1266 3740 1305 va-

2079 1349 2251 1405 pores
2283 1333 2488 1404 abigit,
2521 1339 2738 1389 terram
2786 1341 2983 1389 autem
3015 1352 3082 1390 ac
3130 1335 3382 1392 saliuam
3442 1338 3735 1411 coagulat,

2080 1422 2237 1477 unde
2268 1427 2324 1476 et
2353 1438 2599 1493 corpora
2631 1422 2854 1477 fumine
2882 1427 3039 1478 tacta
3071 1424 3546 1497 incorruptibilia
3574 1433 3737 1497 sunt,

2078 1516 2137 1567 et
2165 1510 2306 1567 salis
2335 1527 2443 1582 ope
2475 1528 2509 1566 a
2539 1512 2845 1583 putredine
2877 1518 3325 1581 conservantur,
3362 1515 3610 1573 humore
3632 1535 3736 1589 per

2078 1600 2249 1656 illum
2309 1601 2617 1658 exsiccato.
2667 1601 2826 1656 Hanc
2878 1602 3030 1657 169
3087 1620 3328 1660 causam
3395 1606 3736 1664 Aristoteles

2081 1691 2470 1764 philosophus
2497 1690 2663 1762 ponit
2695 1693 3098 1764 prohatque,et
3133 1695 3575 1764 praestantiores
3599 1697 3734 1768 qui-

2082 1797 2194 1852 que
2225 1779 2626 1851 physicorum.

2367 1977 2491 2033 135.
2526 1979 2596 2034 De
2626 1979 2829 2050 Euripo
2858 1980 2972 2035 sive
2999 1984 3143 2037 aestu
3175 1982 3440 2039 Euboico.

2155 2087 2362 2141 Ionum
2379 2101 2540 2140 mare
2558 2101 2627 2140 ex
2644 2085 3015 2157 amplissima
3048 2087 3359 2146 latitudine
3374 2091 3440 2145 ad
3463 2092 3739 2150 Euboeam

2082 2174 2340 2230 insulam
2367 2179 2619 2246 angusto
2669 2179 2957 2231 arctatum
2992 2177 3136 2233 freto
3186 2195 3252 2235 ac
3281 2179 3460 2236 veluti
3511 2198 3614 2254 per
3646 2200 3740 2240 os-

2087 2265 2230 2319 tium
2265 2264 2558 2335 quoddam
2594 2264 2650 2318 in
2694 2264 3004 2320 Crissaeum
3063 2267 3259 2324 sinum
3311 2285 3372 2323 se
3429 2271 3740 2329 effundens

2084 2353 2361 2411 miscetur
2390 2354 2536 2408 mari
2569 2355 2778 2426 Egezo,
2811 2355 3218 2430 isthmumque
3266 2360 3428 2415 subit
3461 2361 3740 2434 Pelopon-

2082 2444 2591 2516 nesiacum,atque
2615 2446 2756 2499 adeo
2777 2444 3067 2512 divina,ut
3091 2447 3738 2524 videtur,providentia,

2081 2533 2426 2606 prohibetur
2451 2549 2522 2588 ne
2551 2537 2682 2589 ante
2713 2550 2774 2590 se
2798 2539 3040 2606 proruat
3065 2540 3120 2590 et
3151 2537 3426 2595 adversas
3459 2544 3646 2597 terras
3668 2561 3738 2600 ex

2084 2628 2332 2695 angusto
2362 2622 2509 2691 loco,
2542 2622 2657 2696 quo
2677 2623 2835 2679 velut
2858 2625 3045 2681 muris
3076 2625 3373 2683 inclusum
3408 2633 3465 2685 et
3499 2647 3736 2706 exagge-

2084 2717 2274 2768 ratum
2307 2716 2416 2777 est,
2449 2712 2659 2767 obruat
2690 2712 2988 2768 ﬂuctibus.
3027 2716 3206 2787 Atque
3239 2716 3359 2772 haec
3390 2720 3734 2780 verisimilis

2084 2806 2174 2857 est
2203 2807 2382 2856 aestus
2414 2801 2536 2857 sive
2585 2801 2842 2858 reﬂuxus
2894 2801 3054 2858 illius
3104 2821 3301 2862 causa.
3349 2807 3441 2864 Uti
3497 2814 3554 2866 et
3580 2814 3736 2885 apud

2083 2891 2239 2947 istud
2278 2893 2485 2946 fretum
2522 2890 2658 2964 plus
2689 2894 2863 2964 quam
2897 2892 2952 2947 in
2991 2893 3216 2966 reliquo
3245 2895 3379 2952 sinu
3413 2914 3577 2970 aquae
3610 2920 3736 2958 arc-

2082 2981 2508 3053 tantur,itaque
2540 2981 2976 3038 recurrentibus
3004 2982 3331 3042 incidentes
3361 2987 3538 3044 veluti
3573 2992 3737 3048 effer-

2082 3075 2328 3127 vescunt
2359 3087 2424 3126 ac
2457 3070 2748 3126 ebulliunt
2781 3070 3115 3144 ﬂuctusque
3145 3074 3389 3148 faciunt,
3449 3079 3549 3149 qui
3584 3081 3737 3137 reni-

2085 3160 2348 3218 tentibus
2376 3161 2550 3216 undis
2584 3160 2736 3216 allisi
2770 3161 2826 3216 in
2860 3166 3067 3218 aestum
3100 3171 3547 3237 exaggerantur.

2090 3269 2211 3325 136.
2249 3269 2432 3336 Quare
2476 3267 2702 3324 arbores
2749 3277 2800 3324 et
2844 3271 3065 3325 semina
3108 3271 3290 3328 laetius
3337 3275 3742 3335 incrementum

2229 3342 2451 3413 capiant
2481 3358 2517 3396 a
2540 3341 2880 3413 pluvialibus
2901 3359 3065 3414 quam
3091 3344 3387 3415 ﬂuentibus
3416 3350 3594 3419 aquis.

2161 3503 2448 3568 Quoniam
2476 3503 2759 3575 pluviales
2787 3520 2972 3575 aquae,
2999 3506 3141 3561 dum
3175 3508 3746 3580 cadunt,difﬁndunt

2089 3600 2299 3649 terram
2334 3609 2627 3664 porosque
2657 3596 2714 3648 et
2738 3593 2861 3649 vias
2885 3593 3180 3665 aperiunt,
3215 3600 3272 3652 et
3302 3597 3360 3653 in
3393 3599 3647 3658 radicem
3683 3618 3747 3660 se

2088 3684 2423 3750 insinuant;
2454 3686 2555 3737 aut
2576 3684 2729 3754 quod
2751 3683 3114 3755 verius,quia
3137 3692 3411 3744 recenset
3433 3706 3580 3745 nova
3595 3709 3748 3764 aqua

2091 3771 2341 3828 ﬂuvialis
2364 3775 2609 3838 est,cum
2643 3770 2746 3826 illa
2777 3789 2845 3826 ex
2875 3771 3122 3828 lacubus
3147 3774 3222 3829 sit
3242 3780 3412 3832 vetus
3434 3782 3490 3833 et
3519 3796 3552 3835 a
3571 3779 3748 3852 longo

2089 3860 2483 3933 tempore.Vel
2509 3861 2658 3931 quod
2685 3859 2960 3932 pluvialis
2990 3879 3145 3934 aqua
3167 3864 3353 3920 aereis
3383 3866 3592 3924 referta
3616 3886 3748 3940 par-

2089 3951 2289 4009 ticulis
2321 3954 2376 4006 et
2407 3950 2680 4022 spiritum
2703 3951 3026 4007 admistum
3047 3952 3266 4008 habens
3290 3971 3394 4026 pro
3416 3957 3750 4014 subtilitate

2092 4059 2200 4100 sua
2230 4039 2496 4096 celeriter
2528 4041 2586 4094 in
2619 4039 2878 4112 plantam
2910 4058 2972 4097 se
2994 4042 3282 4112 immittit,
3307 4046 3462 4102 unde
3493 4051 3549 4103 et
3572 4064 3750 4122 prop-

2091 4135 2180 4189 ter
2211 4146 2405 4187 aerem
2435 4130 2836 4186 intermistum
2870 4129 3064 4187 bullas
3083 4134 3434 4192 excitat.Aut
3468 4138 3742 4209 quoniam

2092 4219 2290 4294 pluvia
2319 4236 2470 4290 aqua
2519 4218 2578 4273 in
2630 4234 2760 4274 aere
2810 4224 2866 4275 et
2910 4221 3122 4292 spiritu
3175 4232 3481 4296 prognata,
3513 4244 3663 4300 pura
3693 4232 3753 4283 et

2093 4311 2324 4367 sincera
2353 4307 2678 4378 descendit,
2731 4308 2971 4366 fontana
3017 4317 3212 4368 autem
3246 4315 3422 4370 refert
3472 4333 3611 4372 suas
3635 4317 3752 4372 ori-

2093 4400 2261 4473 gines
2292 4396 2782 4469 assimilaturque
2811 4397 2957 4455 locis
2989 4417 3091 4472 per
3130 4417 3258 4472 quae
3288 4404 3527 4472 transit,
3575 4409 3756 4478 atque

2093 4490 2177 4545 ita
2205 4487 2380 4544 variis
2410 4486 2795 4556 qualitatibus
2826 4487 3106 4559 repletur.
3137 4491 3330 4548 Addes
3359 4497 3417 4548 et
3447 4493 3624 4550 aliam
3655 4511 3754 4552 ra-

2093 4579 2334 4635 tionem.
2366 4576 2573 4632 Pluvia
2593 4593 2748 4648 aqua
2777 4576 2946 4633 facile
2970 4581 3254 4650 putrescit
3275 4587 3452 4654 atque
3481 4583 3565 4640 ita
3586 4583 3756 4641 facile

2013 4684 2061 4750 D
2093 4667 2398 4723 alteratur.
2442 4664 2651 4721 Omnis
2708 4670 2904 4722 autem
2966 4684 3121 4739 aqua
3149 4670 3230 4725 ita
3279 4677 3619 4743 comparata
3641 4690 3752 4730 nu-

2091 4759 2198 4814 trit
2225 4757 2559 4828 subjectum
2592 4755 2650 4812 in
2675 4758 2828 4827 quod
2862 4757 3091 4814 incidit.

2098 4865 2221 4920 137.
2256 4865 2438 4933 Quare
2466 4879 2537 4918 ex
2563 4863 2961 4944 aquishpluviia
2992 4865 3110 4923 illm
3158 4868 3360 4944 melius
3411 4871 3599 4942 rigant
3628 4886 3754 4944 qua?

2438 4951 2566 4990 cum
2607 4937 2823 4992 tonitru
2851 4937 3058 4992 cadunt
3095 4947 3146 4994 et
3169 4940 3413 5012 fulgure.

2173 5100 2395 5172 Nempe
2425 5100 2637 5172 spiritu
2663 5099 2847 5170 plena:
2879 5107 3038 5170 sunt,
3089 5120 3378 5161 concussu
3412 5110 3470 5162 et
3500 5108 3756 5165 admisto

2102 5187 2515 5260 aere.Spiritus
2547 5191 2743 5243 autem
2779 5187 3088 5245 humorem
3118 5193 3306 5265 magis
3331 5199 3524 5250 movet
3546 5196 3758 5269 impel-

2098 5278 2282 5348 litque
2315 5294 2381 5333 nc
2413 5276 2853 5333 distribuit.Aut
2873 5281 3150 5350 quoniam
3175 5281 3334 5338 calor
3356 5284 3554 5358 frigori
3579 5302 3756 5358 repu-

2099 5383 2286 5439 gnans
2338 5366 2599 5422 tonitrua
2649 5365 2788 5422 facit
2835 5373 2893 5424 et
2944 5369 3196 5443 fulgura,
3248 5388 3430 5444 quare
3461 5379 3517 5431 et
3566 5374 3759 5431 hieme

2100 5455 2264 5512 nulla
2292 5455 2578 5524 tonitrua,
2613 5457 2713 5511 sed
2746 5473 2878 5514 vere
2914 5461 3169 5518 maxime
3198 5467 3255 5518 et
3313 5469 3620 5522 autumno.
3651 5469 3758 5524 Ca-

2099 5545 2188 5602 lor
2216 5551 2411 5601 autem
2445 5545 2730 5601 accedens
2762 5546 3069 5605 humorem
3106 5550 3326 5624 plantis
3357 5558 3756 5627 opportunum

2100 5636 2292 5694 reddit
2321 5639 2496 5708 atque
2528 5633 2691 5691 utile.
2749 5639 2940 5708 Atque
2979 5655 3166 5696 vernae
3217 5658 3381 5713 aquas
3426 5644 3757 5702 seminibus

2098 5730 2234 5788 ante
2264 5730 2528 5785 aetatem
2564 5725 2814 5785 maxime
2837 5729 3182 5790 necessariae
3213 5735 3539 5806 sunt,unde
3568 5735 3755 5812 regio-
