4100 6404
347 401 464 460 771

1695 391 2114 454 MICHAELIS
2156 390 2430 454 PSELLI

3649 398 3769 458 772

347 550 450 589 nes
481 532 538 586 in
575 529 792 602 quibus
824 529 977 586 veris
1008 532 1270 600 tempore
1303 527 1626 600 plurimum
1661 527 1906 600 pluit,ut
1937 526 1995 582 in

2130 522 2321 578 Βδάτων
2352 523 2747 602 ἀναγκαιότερα
2794 530 2909 589 τοῖς
2966 525 3236 603 σπέρμασι
3267 527 3372 604 πρὸ
3421 531 3518 584 τοῦ
3551 528 3767 604 θέρους.

344 622 564 688 Sicilia,
598 619 819 676 multos
849 623 908 675 et
932 619 1118 675 bonos
1150 619 1347 674 ferunt
1369 619 1618 674 fructus.

731 891 853 947 138.
893 893 968 948 De
1004 889 1236 946 lacubus
1266 889 1617 962 quibusdam.

419 984 577 1040 Mare
609 982 763 1054 quod
795 980 972 1053 vulgo
1003 985 1244 1036 vocatur
1273 980 1568 1035 Mortuum
1599 978 1656 1033 in
1691 976 2002 1033 Palaestina

350 1071 787 1128 crassissimam
819 1071 1084 1126 omnium
1119 1086 1404 1140 aquarum
1441 1067 1597 1123 vehit
1653 1071 1709 1122 et
1741 1065 2003 1122 salsissi-

351 1162 619 1230 mam,ita
654 1170 713 1215 ut
736 1159 1022 1232 quidquid
1054 1159 1112 1214 in
1146 1159 1300 1217 illam
1328 1157 1628 1227 injiciatur
1659 1159 2003 1228 supernatet

352 1268 458 1307 nec
489 1251 920 1320 submergatur.
955 1253 1170 1304 Omnes
1203 1265 1374 1319 porro
1398 1264 1560 1319 aqua:
1592 1247 1761 1303 salsas
1795 1244 1879 1302 vel
1913 1263 2006 1301 ac-

353 1347 413 1396 tu
450 1341 537 1396 vel
568 1343 851 1412 potestate
882 1338 1082 1394 calidae
1114 1342 1248 1393 sunt
1283 1355 1295 1393 :
1334 1342 1619 1409 potestate
1665 1337 1906 1409 quidem
1942 1339 2006 1391 ut

355 1431 563 1504 Tyriae,
597 1434 728 1484 actu
778 1446 910 1483 vero
966 1433 1029 1482 ut
1077 1443 1203 1498 qua:
1252 1433 1391 1482 sunt
1436 1426 1702 1482 Gabaris.
1738 1427 1805 1481 Et
1846 1424 2002 1498 apud

352 1519 658 1575 Ombricos
691 1517 846 1590 regio
869 1516 1269 1587 estlimosa,in
1299 1533 1414 1588 qua
1439 1515 1728 1588 plurimus
1743 1515 2006 1571 nascitur

347 1612 563 1682 juncus
586 1614 639 1663 et
670 1608 1132 1678 calamus,quem
1160 1612 1394 1662 urentes
1416 1606 1684 1678 regionss
1711 1604 1915 1661 incola:
1938 1620 2004 1660 ac

355 1699 684 1771 redigentes
714 1697 769 1752 in
802 1696 1356 1768 cinerem,eumque
1386 1711 1519 1750 cum
1554 1695 1725 1766 aquis
1757 1711 2008 1766 coquen-

351 1793 460 1856 tes,
495 1787 675 1844 salem
709 1791 1045 1842 concretum
1083 1785 1520 1856 reperiunt.Sed
1545 1789 1602 1840 et
1629 1783 1895 1840 Sirbonis
1922 1783 2008 1840 la-

355 1893 459 1932 cus
491 1875 686 1931 salsus
714 1878 826 1939 est,
858 1878 914 1929 et
946 1877 1231 1946 quantum
1290 1873 1462 1945 aquis
1510 1873 1662 1928 inest
1693 1870 1980 1928 crassitiei

352 1969 584 2021 tantum
621 1965 796 2020 etiam
830 1963 1143 2018 salsedinis
1163 1963 1367 2019 adesse
1399 1963 1655 2031 solot,ita
1683 1961 2006 2018 utcrassis.

357 2055 519 2111 simae
551 2069 795 2125 quasque
827 2052 1170 2108 salsissimaa
1203 2054 1340 2108 sint.
1379 2057 1580 2124 Itaque
1610 2060 1663 2108 et
1697 2068 1856 2108 mare
1881 2051 2004 2106 sal-

359 2161 493 2199 sum
528 2148 638 2211 est,
665 2149 862 2214 utpote
894 2160 1180 2210 crassum,
1217 2143 1496 2215 quoniam
1529 2142 1641 2215 ipsi
1675 2141 2009 2197 admiscen-

359 2238 458 2288 tur
484 2231 783 2305 fuliginosi
817 2238 872 2289 ct
903 2231 1263 2289 crassissimi
1293 2248 1560 2305 vapores.

955 2430 1077 2485 139.
1111 2430 1184 2485 De
1212 2430 1420 2500 ﬂuviis.

434 2525 478 2578 A
494 2525 690 2578 monte
713 2521 1018 2591 Pannaryo
1037 2518 1093 2573 in
1121 2519 1260 2573 Asia
1279 2521 1552 2574 oriuntur
1573 2516 2015 2586 ﬂuviiBactrus,

363 2612 660 2684 Choaspes
681 2614 738 2665 et
761 2611 990 2664 Araxes.
1028 2608 1107 2662 Ex
1124 2607 1382 2662 Caucaso
1405 2612 1602 2662 monte
1627 2606 1832 2662 Phasis
1857 2605 2016 2661 mul-

364 2702 520 2773 tique
552 2706 608 2755 et
642 2699 834 2769 magni
867 2697 1022 2752 ﬂuvii
1055 2695 1173 2752 alii.
1212 2701 1312 2751 Est
1338 2713 1508 2768 porro
1539 2696 1838 2751 Caucasus
1894 2713 2016 2751 om-

368 2791 528 2844 nium
564 2787 852 2843 montium
876 2802 1080 2841 versus
1111 2785 1405 2840 Orientem
1465 2785 1730 2840 aestivum
1767 2791 1822 2840 et
1846 2785 2015 2856 jugo-

368 2895 498 2934 rum
533 2876 914 2932 multitudine
944 2879 1000 2929 et
1027 2873 1338 2929 altitudine
1371 2875 1686 2930 maximus.
1739 2874 1820 2929 Ex
1850 2873 2016 2946 Pyre-

369 2981 515 3033 naeo,
547 2963 660 3034 (Η)
691 2968 780 3017 est
813 2963 860 3017 is
913 2978 1081 3016 mons
1116 2961 1172 3016 in
1204 2961 1420 3016 Celtica
1472 2963 1707 3034 regione
1757 2963 1828 3017 ad
1863 2962 2014 3017 occi-

368 3058 604 3111 dentem
637 3052 1130 3125 aequinoctialem)
1166 3055 1429 3109 nascitur
1459 3057 1620 3121 Ister,
1655 3056 1755 3126 qui
1789 3071 1890 3124 per
1933 3060 2016 3109 to-

366 3149 487 3199 tam
521 3146 808 3214 Europam
847 3143 1082 3214 profluit
1111 3144 1169 3197 in
1202 3143 1490 3198 Euxinum
1515 3150 1774 3215 pontum.
1804 3145 1862 3197 In
1890 3144 2017 3214 ipso

367 3233 766 3306 septentrione
798 3231 952 3286 ultra
969 3236 1288 3286 extremam
1317 3233 1610 3304 Scythiam
1631 3238 1859 3286 montes
1878 3237 2018 3287 sunt

365 3302 856 3395 Riphaei,maximi
896 3321 1308 3392 altissimique.
1332 3302 1610 3376 ln—At'rica
1640 3338 1707 3377 ex
1739 3321 2014 3394 lEthiopi-
2045 3302 2090 3368 C

365 3411 449 3466 cis
481 3411 777 3466 montibus
809 3411 1081 3464 oriuntur
1113 3409 1271 3463 fluvii
1306 3410 1717 3480 EgomNeosis
1750 3415 1808 3464 et
1836 3410 2015 3464 Chre-

369 3503 571 3555 metes.
605 3498 773 3553 Nilus
803 3515 869 3553 ex
902 3504 1097 3553 monte
1129 3504 1372 3570 Argyro,
1405 3497 1642 3554 Acheloi
1695 3498 1953 3570 origines
1985 3514 2019 3552 a

369 3589 571 3655 Pindo,
606 3587 932 3658 Strymonis
983 3591 1039 3641 et
1089 3587 1260 3642 Hebri
1319 3604 1352 3642 a
1396 3587 1677 3643 Scombro
1726 3591 1884 3655 sunt,
1917 3586 2017 3659 qui

372 3681 598 3733 montes
631 3680 768 3732 sunt
799 3677 857 3730 in
891 3675 1128 3731 Graecia.

1991 1915 2086 1984 ’B

2107 615 2267 671 ’Όθεν
2314 616 2348 684 ἡ
2403 611 2661 670 πλεῖστον
2711 614 2914 689 ὗομένη
2955 620 3052 671 τοῦ
3108 614 3266 693 ἔαρος
3309 618 3490 694 χώρα,
3527 619 3768 693 καθάπερ

2111 703 2160 758 ἐν
2225 702 2472 776 Σικελίᾳ,
2529 701 2777 770 πολλοὺς
2833 707 2923 761 καὶ
2982 706 3217 782 ἀγαθοὺς
3279 707 3521 783 καρποὺς
3581 705 3769 764 ἀναδί-

2113 790 2300 850 δωσιν.

2556 883 2697 960 ρλη’.
2729 887 2862 962 ῙῙερί
2894 907 3050 941 τινων
3089 887 3319 961 λιμνὼν.

2184 973 2245 1027 Ἠ
2294 974 2388 1046 μὶν
2435 974 2753 1048 καλουμένη
2804 978 2951 1052 παρά
2995 983 3112 1039 τοῖς
3156 975 3393 1040 πολλοῖς
3442 979 3626 1054 Νεκρᾶ
3668 980 3770 1034 Θά-

2114 1059 2288 1116 λασσα
2333 1065 2368 1132 ἡ
2422 1063 2473 1118 ἐν
2539 1064 2894 1142 Παλαιστίνῃ,
2938 1066 3225 1142 παχυτάτη
3288 1065 3418 1122 οὖσα
3452 1115 3468 1140 ,
3526 1069 3776 1146 ἁλμυρο-

2111 1152 2245 1221 τάτη
2283 1151 2392 1207 ἐστὶ
2442 1155 2656 1209 πάντων
2706 1152 2934 1229 ὑδάτων,
2975 1156 3063 1211 καὶ
3113 1162 3216 1211 πᾶν
3253 1156 3316 1211 τὸ
3347 1152 3772 1232 ἐμϐαλλόμενον

2116 1239 2167 1296 ἐν
2225 1241 2360 1316 αὐτῇ
2417 1248 2576 1316 σῶμα
2623 1245 2910 1310 ἀνωθεῖται
2964 1245 3068 1301 ὐπὸ
3124 1251 3221 1301 τοῦ
3275 1244 3488 1319 ὕδατος,
3547 1250 3640 1303 καὶ
3701 1249 3768 1304 οὗ

2114 1331 2319 1406 γίνεται
2372 1329 2733 1410 ὑποϐρύχιον.
2788 1341 2896 1390 Πᾶν
2956 1333 3013 1390 δὲ
3071 1333 3216 1411 ὕδωρ
3269 1335 3514 1412 ἁλμυρὸν
3569 1339 3774 1414 θερμὸν

2120 1420 2213 1493 μὲν
2248 1421 2388 1476 ἐστιν
2422 1421 2456 1490 ἢ
2503 1419 2724 1495 δυνάμει
2777 1423 2812 1491 ἢ
2863 1422 3120 1499 ἐνεργείᾳο
3170 1423 3396 1499 δυνάμει
3450 1427 3544 1499 μὲν
3593 1428 3670 1490 ὡς
3708 1428 3780 1482 τὰ

2116 1511 2169 1564 ἓν
2202 1509 2388 1586 Τύρῳ,
2435 1510 2675 1588 ἐνεργείᾳ
2719 1510 2775 1567 δὲ
2825 1512 2901 1574 ὠς
2951 1513 3004 1569 ἐν
3058 1510 3344 1591 Γαϐάροις.
3381 1515 3483 1572 Καὶ
3534 1515 3588 1571 ἐν
3631 1517 3779 1589 Ὀμ-

2117 1594 2331 1673 ϐρικοῖς
2362 1601 2522 1676 χώρα
2571 1600 2710 1656 ἐστὶν
2747 1601 3016 1674 ἰλυώδης,
3061 1602 3114 1658 ἐν
3211 1604 3453 1678 κάλαμοι
3485 1605 3575 1660 καὶ
3609 1611 3775 1681 σχοῖ-

2116 1709 2201 1744 νοι
2229 1689 2466 1765 γίνονται
2509 1690 2780 1746 πλεῖστοι·
2813 1692 3038 1754 τούτους
3090 1695 3334 1756 καίοντες
3374 1695 3426 1749 οἱ
3455 1697 3554 1763 τῆς
3586 1695 3778 1771 χώρας

2117 1778 2208 1832 καὶ
2267 1778 2719 1856 ὰποτεφροῦντες,
2773 1781 2864 1834 καὶ
2921 1783 3023 1850 τὴν
3076 1780 3273 1859 τέφραν
3332 1782 3408 1845 εἷς
3464 1781 3612 1859 ὕδωρ
3673 1783 3775 1863 ἀφ-

2119 1869 2306 1941 ἐψοτες
2357 1869 2417 1922 τὸ
2468 1868 2726 1943 ἐπιπαγὲν
2775 1868 2909 1932 ἅλάς
2955 1869 3282 1944 εὑρίσκουσι.
3330 1871 3434 1927 Καὶ
3466 1873 3501 1941 ἡ
3555 1867 3778 1947 Σερϐω-

2117 1957 2267 2028 νίτης
2303 1955 2361 2012 δὲ
2391 1956 2592 2031 λίμνην
2625 1957 2846 2032 ἁλμυρά
2875 1958 3004 2014 ἐστι·
3039 1961 3130 2014 καὶ
3180 1961 3306 2016 ὅσον
3358 1959 3418 2015 ἂν
3453 1961 3776 2037 ἐπιγείνεται

2119 2050 2154 2116 ἡ
2185 2051 2282 2102 τοῦ
2332 2045 2526 2110 ὕδατος
2575 2048 2849 2122 παχύτης,
2900 2054 3156 2104 τοσοῦτον
3207 2051 3297 2104 καὶ
3353 2051 3386 2119 ἡ
3432 2051 3780 2124 άλμυρότης,

2121 2139 2196 2199 ὡς
2228 2137 2452 2192 εἶναιτὸ
2501 2137 2814 2213 παχύτατον
2865 2139 3268 2213 ἁλμυρότατον.
3322 2139 3423 2197 Καὶ
3456 2143 3490 2210 ἡ
3533 2141 3778 2196 θάλασσα

2123 2226 2211 2281 οὖν
2264 2226 2483 2304 ἁλμυρά
2513 2227 2644 2296 ἐστι,
2677 2225 2815 2282 διότι
2860 2235 3088 2305 παχεῖα,
3141 2227 3229 2284 διὰ
3278 2230 3342 2286 τὸ
3391 2232 3780 2308 συμμεμῖχθαι

2121 2317 2260 2391 αὐτῇ
2292 2317 2391 2386 τήν
2419 2314 2679 2388 καπνώδη
2710 2318 3063 2391 ἀναθυμίασιν
3097 2318 3415 2395 παχυτάτην
3445 2317 3632 2378 οὖσαν.

2641 2423 2776 2499 ρλϐ’.
2812 2424 2943 2500 Περὶ
2973 2430 3260 2500 ποταμῶν,

2197 2515 2330 2570 Ἀπὸ
2378 2517 2472 2568 τοῦ
2521 2512 2836 2589 Πανναρύου
2884 2512 3230 2588 καλουμένου
3278 2512 3440 2592 ὅρους
3490 2520 3591 2573 τοῦ
3621 2513 3782 2580 ὄντος

2124 2601 2175 2658 ἐν
2207 2607 2274 2676 τῇ
2309 2603 2467 2674 Ἀσίᾳ
2497 2601 2676 2678 ῥέουσι
2708 2603 2948 2677 ποταμοὶ
2981 2605 3008 2659 ὁ
3051 2604 3292 2680 Βάκτρος
3336 2607 3424 2661 καὶ
3458 2607 3486 2660 6
3517 2605 3780 2676 Χοάσπης

2124 2693 2215 2748 καῖ
2247 2693 2274 2746 6
2326 2692 2579 2766 Ἀράξης.
2615 2693 2710 2749 Ἐκ
2753 2691 2810 2747 δὲ
2855 2697 2953 2748 τοῦ
2995 2696 3276 2750 Καυκάσου
3327 2692 3485 2771 ὅρους
3515 2696 3542 2750 6
3578 2694 3774 2764 Φάσις,

2126 2780 2290 2837 ἄλλοι
2319 2803 2377 2836 τε
2405 2780 2610 2837 πολλοὶ
2645 2781 2825 2858 ῥέουσι
2852 2781 3000 2838 πολὺ
3022 2785 3158 2848 καθὰ
3179 2784 3391 2855 πλῆθος
3422 2784 3511 2839 καὶ
3548 2782 3777 2858 μέγεθος

2131 2866 2590 2946 ὑπερϐάλλοντες.
2635 2872 2696 2928 Ὁ
2740 2869 2798 2926 δέ
2841 2872 3121 2938 Καύκασος
3172 2876 3420 2951 μέγιστον
3479 2869 3605 2947 ὅρος
3663 2876 3776 2928 τῶν

2125 2961 2262 3036 πρὸς
2289 2963 2388 3030 τήν
2438 2964 2552 3015 Ἕω
2596 2961 2694 3030 τὴν
2742 2963 2959 3034 θερινὴν
2991 2965 3078 3018 καὶ
3116 2962 3318 3034 πλήθει
3367 2963 3457 3018 καὶ
3505 2961 3650 3037 ὕψει.
3683 2963 3783 3020 Ἐκ

2127 3049 2184 3105 δὶ
2241 3058 2337 3120 τῆς
2400 3051 2634 3126 [Ιυρίνης
2691 3053 2872 3125 (τοῦτο
2925 3050 2981 3108 δέ
3037 3051 3178 3108 ἐστιν
3227 3049 3355 3128 ὅρρς
3399 3053 3533 3127 πρὸς
3569 3051 3783 3125 ουσμὴν

2124 3142 2222 3208 τὴν
2257 3139 2606 3217 ίσημερινήν,
2639 3139 2692 3195 ἐν
2741 3145 2810 3215 τῇ
2863 3139 3129 3217 Κελτικῇ)
3163 3141 3373 3219 ῥέουσιν
3407 3142 3437 3197 6'
3467 3163 3526 3198 τε
3567 3145 3784 3217 Ἴστρος

2128 3227 2196 3284 δι’
2256 3229 2392 3300 ὅλης
2451 3230 2545 3299 νῆς
2597 3231 2870 3306 Εὐρώπης
2930 3231 3006 3293 είς
3063 3232 3154 3286 τὸν
3212 3229 3460 3302 Εὔξεινον
3521 3229 3726 3287 Πόντον
3761 3274 3777 3289 .

2128 3320 2243 3373 Ὑπ’
2273 3318 2440 3388 αὐτὴν
2475 3317 2532 3374 δὲ
2561 3320 2660 3386 τήν
2712 3320 2905 3395 ἄρκτον
2959 3320 3092 3395 ὑπὲρ
3141 3324 3239 3385 τῆς
3271 3319 3510 3396 ἐσχάτης
3551 3317 3784 3383 Σκυθίας

2128 3409 2182 3462 αἱ
2225 3408 2560 3480 καλούμεναι
2608 3409 2817 3464 Ῥίπται
2868 3408 3023 3464 εἷσίνο
3071 3410 3125 3464 αἱ
3181 3407 3238 3464 δὲ
3283 3411 3493 3465 Ῥίπται
3549 3411 3783 3484 ὑπερμε-

2127 3499 2260 3572 γέθη
2320 3497 2408 3552 καὶ
2450 3495 2792 3571 ὑψηλότατα.
2855 3499 2982 3572 Περὶ
3043 3495 3101 3553 δὶ
3156 3499 3255 3567 τὴν
3318 3494 3526 3568 Λιϐύην
3577 3498 3637 3554 ἐκ
3671 3502 3780 3552 τῶν

2129 3586 2464 3644 Αἰθιοπικῶν
2519 3586 2684 3661 ὀρῶν,
2717 3589 2744 3642 6
2778 3586 2980 3662 Αῗγὼν,
3028 3589 3115 3642 καὶ
3166 3589 3194 3642 6
3229 3589 3434 3657 Νήοσις
3472 3587 3561 3644 καὶ
3594 3589 3621 3642 ὁ
3650 3589 3783 3664 Χρε-

2135 3677 2318 3749 μέτης.
2352 3680 2456 3730 Τοῦ
2488 3673 2544 3730 δὶ
2585 3675 2780 3731 Νείλου
2825 3677 2888 3731 τὸ
2939 3675 3113 3753 ῥεῦμα
3143 3676 3201 3732 ἐκ
3239 3682 3340 3733 τοῦ
3387 3679 3659 3754 Ἀργυροῦ
3689 3677 3791 3732 κά-

367 3787 534 3821 τεισιν
568 3761 750 3840 ὅρους.
786 3765 884 3819 Καὶ
919 3767 946 3819 ὁ
982 3767 1075 3837 μὲν
1101 3763 1385 3844 Ἀχελῷος
1415 3766 1474 3821 ἐκ
1503 3763 1718 3821 Πίνδού.
1750 3767 1778 3821 6
1820 3763 1876 3821 δὲ
1908 3767 2173 3843 Στρυμὼν
2205 3769 2294 3822 καὶ
2329 3768 2356 3822 6
2387 3761 2590 3842 Ἕϐρος
2624 3765 2684 3821 ἐκ
2711 3772 2810 3822 τοῦ
2847 3763 3160 3842 Σκόμϐρου.
3195 3769 3336 3844 Ὀρη
3371 3765 3429 3824 δὲ
3457 3772 3623 3824 ταῦτα
3665 3764 3793 3845 περὶ

366 3855 456 3910 τὸν
490 3854 816 3926 Ἑλληνικὸν
847 3857 1038 3925 τόπον,

819 3967 940 4020 140.
968 3970 1045 4021 De
1075 3967 1406 4023 incremento
1437 3967 1568 4023 Nili.

435 4054 604 4110 Nilus
633 4054 920 4127 originem
957 4055 1131 4110 habet
1161 4073 1228 4111 ex
1251 4057 1503 4113 summis
1528 4057 1828 4128 .Ethiopia:
1852 4062 1908 4112 ot
1930 4056 2020 4112 ul-

366 4144 531 4200 timis
561 4145 769 4199 Africae
805 4144 1089 4215 partibus,
1123 4146 1218 4200 ubi
1244 4146 1419 4200 clima
1450 4147 1740 4202 ()rientale
1782 4146 2020 4215 desinit,

367 4232 688 4304 incipitque
724 4233 1019 4288 meridies.
1055 4233 1409 4290 Intumescit
1445 4235 1610 4291 Nilus
1643 4235 1838 4290 aestivo
1873 4240 2022 4290 tem-

372 4338 528 4392 pore,
566 4338 678 4376 non
714 4327 779 4376 ut
817 4321 1173 4393 quibusdam
1229 4339 1576 4393 persuasum
1619 4330 1710 4380 est
1759 4325 1912 4396 quod
1948 4322 2021 4378 ab

369 4410 578 4465 Etesiis
610 4415 813 4466 contra
844 4411 1213 4482 spirantibus
1244 4429 1406 4482 aqua:
1438 4413 1598 4469 illius
1631 4413 2019 4485 repellantur,

367 4513 501 4554 cum
538 4498 594 4554 hi
628 4498 741 4571 ipsi
771 4500 930 4554 venti
965 4499 1162 4571 potius
1192 4502 1346 4557 circa
1377 4502 1665 4573 tropicum
1693 4501 1960 4556 aestivum
1990 4517 2024 4554 a

366 4587 808 4659 septentrionali
845 4595 1007 4661 parte
1035 4591 1341 4646 meridiem
1373 4608 1576 4648 versus
1602 4609 1809 4647 omnes
1835 4591 2022 4646 nubes

366 4677 718 4734 contrahant
747 4683 806 4734 et
839 4678 1376 4750 propellant,donec
1406 4682 1462 4736 in
1495 4683 1650 4738 Zona
1683 4681 1899 4736 torrida
1921 4697 2022 4736 cu-

371 4766 602 4823 mulatae
633 4785 767 4822 cum
801 4767 1051 4824 ulterius
1083 4769 1351 4842 progredi
1377 4770 1740 4840 inhibentur,
1769 4768 2022 4840 copiosis

2402 3972 2510 4039 ρμ’.
2545 3965 2672 4040 Περὶ
2706 3970 2808 4034 τῆς
2837 3968 2933 4020 τοῦ
2965 3965 3166 4021 Νείλου
3197 3961 3531 4029 ἀναϐάσεως.

2203 4055 2264 4110 Ὁ
2316 4052 2515 4115 Νεῖλος
2570 4054 2666 4115 τὰς
2729 4055 2826 4127 μὲν
2882 4055 3056 4131 ἀρχὰς
3115 4063 3214 4126 τῆς
3273 4056 3501 4132 ῥύσεως,
3563 4054 3623 4110 ἐκ
3678 4057 3786 4110 τῶν

2135 4140 2314 4218 ἄκρων
2350 4144 2442 4214 μὲν
2496 4147 2596 4208 τῆς
2651 4142 2967 4212 Αίθιοπίας,
3030 4143 3277 4221 ἐσχάτων
3328 4143 3385 4201 δὲ
3433 4147 3530 4214 τῆς
3580 4139 3792 4216 Λιϐύης

2135 4227 2426 4305 λαμϐάνει,
2458 4233 2591 4296 καθὸ
2629 4234 2790 4308 μέρος
2817 4235 2880 4288 τὸ
2911 4232 3088 4307 κλίμα
3124 4234 3186 4290 τὸ
3217 4233 3538 4290 ἀνατολικὸν
3572 4232 3794 4302 ἀπολῆ-

2131 4342 2224 4396 γον
2287 4322 2466 4396 ἀρχὴν
2510 4320 2578 4396 τῇ
2640 4317 2956 4397 μεσημϐρίᾳ
3008 4320 3250 4378 δίδωσιν.
3302 4320 3527 4392 Αἷῖξεται
3570 4319 3628 4375 δὶ
3656 4320 3794 4375 κατὰ

2132 4409 2232 4477 τὴν
2266 4410 2481 4486 θερινὴν
2517 4411 2682 4483 ὥραν,
2718 4411 2844 4486 οὐχ,
2882 4412 2956 4474 ὥς
3004 4433 3146 4474 τινες
3199 4412 3482 4484 ᾠήθησαν,
3514 4408 3649 4481 πρὸς
3679 4410 3787 4460 τῶν

2135 4495 2362 4567 ἐτησίων
2423 4498 2635 4571 ἀνέμων
2699 4496 2918 4574 ἄντικρυ
2979 4500 3245 4555 πνεόντων
3304 4493 3790 4567 ἀνακοπτόμενος,

2134 4585 2260 4642 ἀλλ’
2292 4588 2471 4642 αὐτῶν
2506 4585 2565 4643 δὶ
2609 4590 2816 4644 τούτων
2865 4593 2973 4643 τῶν
3020 4589 3232 4660 ἀνέμων
3282 4585 3419 4640 κατὰ
3456 4584 3666 4659 τροπὴν
3694 4584 3794 4652 την

2135 4678 2350 4752 θερινὴν
2404 4677 2509 4732 ἀπὸ
2549 4682 2657 4733 τῶν
2707 4677 2967 4752 ἀρκτῲωι
3021 4675 3107 4730 ἐπὶ
3155 4675 3255 4744 τήν
3307 4668 3652 4748 μεσημϐρίαν
3685 4674 3789 4729 πᾶν

2133 4765 2284 4844 νίφος
2336 4764 2676 4822 ἐλαυνόντων
2719 4768 2804 4820 καὶ
2856 4763 3167 4830 ὠθούντων,
3210 4760 3311 4826 ἔως
3347 4763 3431 4818 ἐπὶ
3465 4765 3565 4834 τήν
3597 4785 3796 4819 κεκαυ-

370 4857 580 4929 pluviis
611 4857 1060 4928 erumpentibus
1093 4839 1258 4915 Nilus
1311 4863 1504 4932 turget
1553 4839 2013 4930 concitaturque,

2138 4839 2306 4929 μένην
2354 4855 2528 4926 ζώνην
2582 4854 2900 4924 συναύξωσι,
2950 4854 3069 4916 καθ’
3117 4854 3177 4922 ἢν
3226 4861 3329 4923 τῆς
3379 4853 3568 4928 πρόσω
3622 4858 3794 4929 φορᾶς

373 4963 477 5002 nec
508 4948 669 5002 alveo
700 4964 806 5002 suo
841 4949 1126 5003 contineri
1160 4967 1223 5004 se
1257 4950 1496 5020 patitur.
1549 4954 1705 5004 Tunc
1755 4948 2030 5004 dulcissi-

375 5052 478 5089 mae
513 5037 579 5090 ad
615 5042 815 5106 potum
853 5041 992 5090 sunt
1042 5036 1154 5090 Nili
1207 5053 1392 5108 aquae,
1437 5041 1637 5106 utpote
1687 5035 2026 5090 cmlestibus

374 5125 542 5193 aquis
565 5131 746 5179 auctas
779 5130 836 5179 et
864 5125 1118 5180 maxime
1148 5126 1455 5194 salubres;
1492 5143 1604 5180 non
1642 5124 1897 5195 amplius
1931 5141 2023 5180 ca-

375 5210 500 5264 lidae
535 5213 772 5281 quidem
806 5215 889 5268 uti
922 5214 1110 5284 initio,
1145 5215 1248 5270 sed
1281 5219 1474 5270 tamen
1500 5215 1690 5269 adhuc
1724 5220 1788 5269 ut
1818 5214 1891 5268 ab
1923 5213 2025 5269 tali

377 5298 566 5366 initio,
603 5302 830 5371 tepidae.

2137 4945 2548 5014 ἀνακόπτονται,
2596 4944 2686 4998 καὶ
2738 4943 2860 4997 τότε
2917 4937 3136 5018 λάϐρων
3196 4943 3362 4998 ὑετῶν
3413 4943 3795 5020 ῥηγνυμένων,

2138 5035 2362 5108 όργᾶται
2425 5034 2452 5088 ὑ
2512 5032 2711 5095 Νεῖλος
2768 5031 2858 5086 καὶ
2916 5033 3166 5105 ποταμὸς
3203 5035 3334 5088 εἶναι
3386 5034 3488 5089 οὐκ
3520 5035 3794 5108 ἀνέχεται.

2138 5124 2230 5177 Διὸ
2280 5129 2422 5178 πιεῖν
2467 5125 2525 5177 τὲ
2575 5122 2685 5177 ἐστι
2733 5119 3096 5196 γλυκύτατος,
3154 5125 3244 5178 ἅτε
3277 5122 3326 5194 ἐξ
3377 5119 3602 5198 ὄμϐρων
3635 5122 3795 5198 οὐρα-

2135 5213 2262 5267 νίων
2317 5211 2758 5288 χορηγούμενος,
2805 5212 2896 5266 καὶ
2954 5213 3126 5287 θιγεῖν
3187 5213 3646 5289 προσηνέστατος,
3700 5211 3800 5267 οὐκ

2139 5300 2213 5357 ἔτι
2274 5309 2366 5375 μὲν
2427 5301 2626 5374 θερμὸς
2681 5303 2756 5367 ὡς
2804 5298 2923 5357 ὅθεν
2976 5300 3199 5378 ἤρξατο,
3235 5299 3314 5358 ἔτι
3365 5300 3422 5358 δὲ
3454 5300 3691 5379 χλιαρὸς
3723 5301 3800 5365 ὡς

2137 5391 2340 5456 ἐκεῖθεν
2368 5391 2686 5467 ἀρξάμενος.

1953 5546 2195 5610 NOTAE.

456 5660 574 5746 (ll)_
601 5662 900 5723 Abnobam
935 5669 1180 5730 dixisset
1209 5689 1340 5730 cum
1375 5672 1601 5745 Tacito,
1633 5671 1868 5744 Avieno,
1922 5671 2113 5732 Plinio
2161 5675 2220 5732 et
2267 5671 2422 5730 aliis.
2467 5673 2575 5731 Sed
2627 5675 2859 5734 videtur
2897 5674 2989 5733 hic
3038 5673 3097 5731 in
3127 5677 3324 5734 Graeco
3373 5670 3596 5746 aliquid
3648 5671 3804 5730 desi-

383 5732 596 5791 derari.
