4100 6386
314 339 435 401 7'13

1502 335 1605 397 DE
1649 332 2088 399 OMNIFARIA
2132 332 2556 396 DOCTRINA.

3628 341 3752 401 ’774

321 471 468 551 ρμα’.
524 464 624 525 Διά
652 466 709 525 τί
767 464 935 543 μόνος
983 469 1255 551 ποταμῶν
1317 465 1345 521 δ
1394 465 1593 530 Νεῖλος
1651 464 1819 545 αὔρας
1878 464 1978 522 οὑκ

2128 467 2247 522 141.
2284 466 2470 535 Quare
2497 466 2647 523 salu:
2674 483 2707 522 ε
2733 469 2920 540 ﬂuviis
2947 469 3108 526 Nilus
3134 485 3302 530 auras
3328 488 3440 530 non
3470 474 3705 532 emittat.

973 538 1320 596 ἀναδίδωσιν.

394 648 577 714 Μόνος
632 651 897 723 ποταμῶν
955 648 983 703 ὁ
1040 646 1247 710 Νεῖλος
1303 644 1470 723 αὔρας
1523 645 1623 701 οὑκ
1660 643 1976 716 ἀναδίδωσι,

321 738 463 797 διότι
495 742 605 795 τῶν
658 741 831 815 νεφῶν
886 737 992 793 ἀπὸ
1039 744 1142 809 τῆς
1190 736 1485 801 Δί’θιοπίας
1537 737 1684 812 παρὰ
1711 739 1819 792 τῶν
1853 734 1980 807 ἐτη·-

320 828 450 887 σίων
507 827 722 903 ἀνέμων
782 825 913 904 ἄχρι
980 821 1325 903 μεσημϐρίαν
1389 824 1788 901 ἐλαυνομένων,
1820 828 1855 896 ἡ
1889 824 1982 898 έμ-

320 918 696 997 περιεχομένη
737 916 933 973 τούτου
984 916 1148 990 ἀτμὶς
1199 916 1303 971 ὑπὸ
1352 920 1452 971 τοῦ
1500 915 1635 970 κατᾶ
1668 915 1761 971 τὸν
1811 915 1977 970 τόπον

320 1006 634 1083 πυρώδους,
721 1007 900 1062 ἅπασα
975 1004 1360 1079 έξικμάζεται,
1445 1005 1729 1060 κάντεῦθεν
1826 1004 1981 1059 ὑετοῦ

322 1096 541 1154 πολλοῦ
597 1093 1049 1175 καταφερομένου
1107 1096 1135 1151 ὁ
1188 1092 1391 1157 Νεῖλος
1439 1101 1538 1165 τῆς
1570 1093 1775 1156 οῗκείας
1807 1087 1982 1169 ὄχθης

324 1185 734 1262 ἐξανιστάμενος
817 1189 1051 1262 γεωργεῖ
1127 1184 1223 1248 τὰς
1300 1182 1556 1261 ἀρούρας,
1612 1184 1703 1239 καὶ
1759 1182 1985 1247 εἰκότως

323 1274 492 1351 αὔρας
547 1275 650 1333 οὑκ
705 1271 1044 1345 ἀναδίδοται,
1071 1280 1172 1345 τῆς
1202 1271 1431 1348 ἀτμίδος
1461 1274 1637 1344 πάσης
1668 1272 1983 1344 ἐκτακείσης

324 1363 415 1422 διὰ
474 1363 809 1442 θερμότητα.
874 1361 1017 1422 Οὑδὶ
1070 1364 1138 1433 ἦν
1195 1364 1224 1419 ὑ
1272 1362 1470 1427 Νεῖλος
1528 1363 1822 1438 αὐξόμενος
1877 1361 1984 1418 ἀπὸ

322 1454 516 1532 χιόνος
572 1452 909 1527 τηκομένης,
971 1453 1047 1517 ὥς
1072 1473 1212 1515 τινες
1240 1457 1349 1508 τῶν
1379 1457 1617 1533 φυσικῶν
1664 1452 1983 1531 φιλοσόφων

322 1545 605 1619 ᾠήθησαν.
635 1543 794 1601 ’Ὀθεν
824 1539 943 1597 οὐδ’
995 1537 1106 1598 ἔστι
1167 1541 1316 1598 αίτία
1370 1541 1711 1617 ἀληθεστέρα
1738 1548 1839 1612 τῆς
1886 1544 1985 1597 τοῦ

322 1636 577 1708 ποταμοῦ
630 1626 977 1701 ἀναϐάσεως,
1035 1630 1126 1686 καὶ
1181 1635 1280 1687 τοῦ
1341 1632 1416 1707 μή
1477 1630 1645 1707 αὕρας
1702 1629 1752 1705 ἐξ
1816 1629 1984 1686 αὑτοῦ

325 1718 693 1787 ἀναδίδοσθαι.

607 1810 756 1888 ρμβ’.
790 1810 920 1883 Περὶ
950 1813 1059 1865 τῶν
1092 1807 1363 1886 μεγίστων
1400 1809 1715 1887 βασιλειῶν.

401 1900 605 1977 Πρώτη
670 1904 779 1955 τῶν
832 1896 1286 1974 διωνομασμένων
1325 1898 1619 1976 βασιλειῶν
1652 1900 1687 1969 ἡ
1718 1902 1826 1954 τῶν
1861 1898 1989 1955 Ἀσ-

335 1990 557 2068 συρίων,
612 1991 728 2064 μεθ’
785 1990 847 2060 ἣν
906 1990 940 2060 ἡ
1001 1987 1246 2060 Μηδικὴ,
1301 1988 1510 2060 ἐκείνην
1568 2010 1627 2044 τε
1680 1986 1989 2044 καθελοῦσα

332 2081 422 2137 καὶ
483 2080 706 2154 μείζονα
764 2076 1075 2135 δυναστείαν
1133 2074 1626 2156 περιϐαλλομένη.
1678 2080 1876 2155 Πέρσαι
1930 2075 1989 2134 δὲ

339 2169 561 2242 Μήδους
613 2171 1170 2245 καταγωνισάμενοι,
1225 2176 1327 2238 τῆς
1390 2169 1484 2243 μὲν
1549 2167 1730 2231 Ἀσίας
1793 2167 1988 2244 ὀλίγου

339 2256 444 2315 δεῖν
498 2259 677 2331 πάσης
722 2258 1084 2323 τελευτῶντες
1134 2257 1432 2334 ἐκράτησαν
1470 2275 1484 2291 ⁸
1537 2258 1986 2333 ἐπιχειρήσαντες

341 2346 398 2404 δὶ
425 2348 512 2404 καὶ
537 2354 650 2412 τοῖς
683 2348 1031 2425 Εὐρωπαίοις
1061 2341 1264 2403 ἔθνεσιν
1307 2346 1370 2403 οὐ
1399 2344 1587 2404 πολλᾶ
1617 2348 1983 2425 ὑπηγάγοντο.

328 2438 526 2517 Χρόνῳ
556 2436 615 2494 δὲ
669 2436 732 2493 ού
793 2434 994 2511 πολλῷ
1034 2435 1253 2493 πλείονι
1286 2434 1574 2493 διακοσίων
1601 2435 1735 2493 ἐτῶν
1768 2434 1984 2511 ἔμειναν

248 2530 261 2535 ’
328 2527 416 2584 ἰπὶ
474 2534 575 2599 τῆς
636 2528 861 2603 ἀρχῆς.
917 2527 982 2585 Ἠ
1042 2523 1099 2582 δὲ
1159 2524 1487 2602 μακεδονικὴ
1549 2524 1829 2582 δυναστεία
1884 2525 1984 2597 τῆν

322 2622 540 2693 Περσῶν
604 2618 785 2695 ἀρχὴν
841 2612 1148 2673 καθελοῦσα
1210 2613 1345 2692 ἄχρι
1401 2613 1650 2693 δευτέρας
1706 2615 1742 2687 ἢ
1794 2616 1984 2692 τρίτης

324 2707 521 2786 ἴσχυσε
576 2706 866 2784 προελθεῖν
926 2711 1145 2784 γενεᾶς.
1225 2708 1290 2764 Ἡ
1363 2703 1421 2762 δέ
1476 2705 1762 2780 Ῥωμαίων
1822 2706 1989 2771 πόλις

323 2798 538 2870 ἀπάσης
593 2799 686 2873 μὶν
739 2800 904 2875 ἀρχεῖ
958 2804 1102 2875 γῆς,
1163 2795 1263 2868 ὅση
1328 2799 1404 2872 μὴ
1460 2794 1764 2873 ἀνέμϐατός
1819 2797 1985 2872 ἐστιν,

332 2885 457 2943 ἀλλ’
514 2889 618 2943 ὑπὸ
674 2888 975 2964 ἀνθρώπων
1036 2887 1287 2945 οἰκεῖται.
1349 2886 1533 2960 Πάσης
1593 2884 1651 2942 δὲ
1679 2893 1867 2965 κρατεῖ
1893 2890 1985 2943 θα-

337 2974 566 3051 λάττης,
603 2978 692 3033 καὶ
721 2978 889 3050 αὐτῆς
919 2985 1021 3049 τῆς
1054 2973 1424 3052 ὠκεανίτιδος,
1470 2978 1560 3034 καὶ
1592 2979 1691 3051 ὅση
1732 2975 1988 3035 πλεῖσθαι

332 3062 621 3136 ἀδύνατος,

358 3222 365 3233 ,
865 3158 1014 3234 ρμγ’.
1057 3157 1190 3236 Περὶ
1232 3161 1447 3235 χυμῶν.

398 3247 486 3303 Ἐν
544 3250 626 3321 τῷ
679 3244 823 3325 γένει
884 3244 1054 3305 ὄντων
1114 3253 1223 3305 τῶν
1286 3251 1476 3324 κυμῶν
1529 3244 1619 3304 ἕνα
1670 3248 1835 3324 μόνον
1898 3250 1989 3306 τὸν

325 3334 572 3413 ἀλμυρὸν
623 3333 709 3390 ἐπ’
751 3333 968 3400 οὐδενὸς
1017 3341 1230 3414 καρποῦ
1281 3338 1496 3415 ὁρῶμεν
1528 3338 1841 3415 γινόμενον·
1892 3339 1987 3397 τὸν

329 3425 424 3500 μὶν
496 3425 602 3501 γὰρ
676 3427 869 3503 πικρὸν
946 3426 1127 3503 χυμὸν
1191 3429 1227 3499 ἡ
1302 3424 1462 3483 ἐλαία
1518 3426 1689 3507 φέρει,
1749 3428 1840 3484 καί
1897 3429 1988 3485 τὸν

326 3516 585 3594 στρυφνὸν
636 3516 692 3571 αἱ
750 3511 1198 3595 φοινικοϐάλανοι
1229 3564 1245 3590 ,
1306 3516 1397 3572 καὶ
1458 3517 1553 3573 τὸν
1607 3517 1875 3596 αὐστηρὸν
1934 3519 1990 3575 αἱ

332 3601 479 3681 ῥοαὶ,
531 3604 623 3660 καὶ
678 3606 772 3661 τὸν
826 3604 1029 3683 γλυκὺν
1083 3606 1146 3662 τὸ
1176 3605 1326 3680 μέλι,
1358 3607 1448 3662 καὶ
1476 3607 1569 3663 τὸν
1598 3606 1720 3679 ὀξὺν
1742 3612 1849 3664 τῶν
1882 3609 1990 3682 μή·

332 3690 450 3748 λωι
505 3692 658 3766 ἔνια,
709 3696 803 3751 καὶ
856 3696 950 3752 τὸν
1009 3694 1206 3773 δριμὺν
1255 3694 1443 3752 πολλᾶ
1496 3701 1601 3751 τῶν
1662 3698 1989 3774 σπερμάτων

331 3782 425 3837 καὶ
469 3787 577 3839 τῶν
629 3783 818 3860 ῥιζῶν
879 3785 908 3840 ὁ
967 3782 1025 3840 δὲ
1056 3783 1303 3860 ἁλμυρὸς
1333 3786 1513 3862 χυμὸς
1543 3785 1633 3841 ἀπ’
1663 3784 1882 3851 οὑδενός
1909 3787 1995 3863 γί-

331 3891 500 3930 νεται.
565 3872 714 3928 Διότι
774 3875 809 3944 ἡ
866 3873 1107 3939 θάλασσα
1176 3871 1514 3947 διηθουμένη
1571 3873 1662 3930 διὰ
1713 3880 1883 3952 φυτοῦ
1926 3876 1991 3933 τὸ

329 3958 581 4037 ἀλμυρὸν
640 3957 971 4019 ἀποϐάλλει·
1031 3961 1230 4041 γεῶδες
1255 3964 1355 4041 γὰρ
1386 3964 1477 4019 καὶ
1510 3966 1826 4042 παχυμερὲς
1855 3965 1992 4038 ἐστι,

329 4049 420 4105 καὶ
446 4048 499 4105 ἐν
534 4050 740 4127 ἑκάστῳ
767 4056 878 4108 τῶν
910 4057 1090 4125 φυτῶν
1118 4054 1182 4109 τὸ
1213 4051 1460 4131 ἁλμυρὸν
1492 4052 1640 4133 ὕδωρ
1670 4056 1760 4111 καὶ
1792 4055 1992 4122 θαλάτ-

327 4159 446 4195 τιον
496 4138 922 4215 ἀλλοιούμενον,
969 4143 1073 4213 τήν
1130 4144 1225 4218 μὲν
1269 4141 1627 4220 ἀλμυρότητα
1657 4144 1990 4217 ἀποτίθεται,

326 4227 511 4306 ἑτέραν
605 4227 663 4286 δὲ
756 4226 1166 4307 μεταλαμϐάνει
1262 4231 1551 4305 ποιότητα.
1653 4240 1785 4292 "Ara
1886 4237 1991 4315 γὰρ

328 4320 647 4396 παχύτατον
677 4321 737 4376 ’όν
763 4320 827 4377 τὸ
860 4320 1106 4399 ἁλμυρὸν
1139 4325 1206 4379 οὐ
1252 4320 1472 4379 δύναται
1511 4323 1617 4380 ἀπὸ
1665 4330 1772 4382 τῶν
1829 4326 1995 4405 ῥιζῶν

330 4409 413 4474 εἷς
440 4409 570 4474 τοὺς
597 4409 838 4495 κλάδους
872 4412 1312 4487 μετεωρίζεσθαι,
1345 4412 1391 4469 εί
1424 4414 1501 4489 μὴ
1534 4413 1625 4471 σὺν
1657 4419 1726 4491 τῇ
1745 4416 1992 4495 ἁλμυρό-

329 4521 459 4571 τητι
490 4497 750 4579 ἁποϐαλῇ
779 4494 872 4559 καὶ
901 4504 1002 4574 τὴν
1040 4503 1339 4579 βαρύτητα.

336 4605 482 4685 ρμδ’.
556 4608 708 4665 Διατί
781 4604 1236 4688 παραϐάλλουσιν
1312 4606 1450 4677 ἅλας
1524 4613 1577 4667 οἱ
1636 4617 1826 4688 νομεῖς
1882 4598 2077 4679 τοῖςΠ

1009 4682 1337 4758 θρέμμασιν.

408 4764 679 4838 Διότιτήν
725 4763 901 4844 ὄρεξιν
932 4770 967 4839 ἡ
1003 4765 1276 4847 δριμύτης
1335 4768 1666 4843 ἕκκαλεῖται,
1725 4772 1815 4829 καὶ
1874 4772 2005 4838 τοὺς

334 4853 542 4930 πόρους
623 4856 1043 4932 ἀναστομοῦσα,
1126 4856 1235 4914 ὧδε
1309 4866 1460 4916 ποιεῖ
1503 4865 1572 4936 τῇ
1626 4866 1805 4942 τροφῇ
1864 4863 2002 4941 πρὸς

334 4942 609 5003 ἀνάδοσιν.
665 4948 737 5005 Ἦ
792 4944 1010 5023 μᾶλλον
1064 4948 1269 5026 ὑγιείας
1318 4946 1476 5006 ἕνεκα
1526 4950 1619 5008 τὸν
1654 4951 1762 5008 ἅλα
1792 4950 2004 5009 διδόασι

332 5040 451 5098 τοῖς
507 5036 845 5112 βοσκήμασι.
904 5043 1069 5093 Νοσεῖ
1106 5038 1210 5115 γὰρ
1238 5038 1307 5095 τὰ
1334 5040 1625 5117 θρέμματα
1655 5043 2002 5118 πιαινόμενα,

333 5124 433 5193 τήν
469 5121 527 5182 δὲ
555 5125 799 5200 πιμελὴν
844 5128 1104 5199 τήκουσιν
1156 5129 1214 5184 οἱ
1263 5127 1391 5193 ἅλες
1421 5131 1512 5186 καὶ
1566 5128 1915 5208 διαχέουσιν·
1966 5135 2002 5204 ἡ

332 5212 440 5288 γὰρ
468 5213 733 5271 κολλῶσα
760 5216 850 5271 καὶ
886 5213 1179 5272 συνδέουσα
1231 5216 1291 5273 τὰ
1326 5216 1503 5296 δέρμα
1530 5219 1769 5295 πιμελὴ,
1826 5221 2002 5294 λεπτὴ

332 5300 426 5355 καὶ
465 5302 694 5375 ἀσθενής
757 5306 863 5364 ὑπὸ
923 5302 1261 5382 δριμύτητος
1307 5309 1539 5385 γίνεται,
1597 5310 1689 5366 καὶ
1744 5312 1809 5367 τὸ
1868 5313 2007 5385 αἴμα

338 5386 401 5445 δὲ
452 5395 562 5447 τῶν
600 5392 666 5449 τὸ
724 5391 860 5458 ἅλας
888 5391 1328 5472 διαλειχόντων,
1386 5395 1729 5457 λεπτύνεται.
1786 5400 1884 5456 Καὶ
1939 5401 2007 5457 τὰ

2017 1844 2066 1911 Β

2158 643 2331 701 Solus
2356 658 2387 700 e
2418 642 2612 701 ﬂuviis
2642 644 2813 702 Nilus
2843 663 3017 704 auras
3049 665 3167 705 non
3199 650 3436 723 emittit,
3462 653 3743 726 quoniam

2089 733 2149 789 in
2183 732 2441 790 nubibus
2468 734 2542 790 ab
2572 734 2862 808 Ethiopia
2913 755 3101 811 usque
3150 756 3253 811 per
3298 742 3510 799 etesias
3563 743 3746 799 meri-

2090 822 2248 878 diem
2278 839 2485 880 versus
2515 824 2819 897 propulsis
2858 844 3107 899 vapores
3137 845 3341 886 omnes
3371 847 3405 887 ο.
3452 832 3747 889 caloribus

2089 910 2251 967 illius
2280 911 2391 967 loci
2421 913 2883 983 abusumuntur,
2906 920 3081 988 atque
3110 918 3317 974 exinde
3349 918 3563 991 pluviis
3594 921 3746 977 mul-

2091 1000 2168 1056 tis
2214 1001 2565 1058 cadeutibus
2621 1002 2789 1059 Nilus
2846 1006 3006 1077 ripas
3064 1022 3203 1063 suas
3250 1024 3525 1081 egressus
3574 1027 3747 1083 agros

2092 1089 2388 1160 fecundat,
2421 1107 2527 1146 nec
2556 1091 2776 1148 mirum
2808 1100 2897 1149 est
2926 1095 3077 1166 quod
3127 1113 3300 1152 auras
3348 1098 3564 1156 emittit
3612 1100 3749 1155 nul-

2091 1177 2200 1249 las,
2233 1180 2549 1253 vaporibus
2583 1181 2860 1239 omnibus
2892 1200 2923 1238 a
2957 1183 3149 1241 calore
3178 1186 3303 1256 jam
3355 1190 3745 1262 consumptis.

2091 1268 2291 1341 Neque
2322 1285 2478 1340 vero,
2514 1272 2668 1341 quod
2705 1270 3074 1345 philosophis
3106 1275 3467 1346 quibusdam
3504 1294 3751 1351 persua-

2094 1374 2227 1415 sum
2259 1362 2369 1430 est,
2416 1376 2450 1414 a
2499 1359 2735 1415 nivibus
2782 1359 3117 1434 liquefactis
3163 1369 3413 1438 augetur
3456 1372 3514 1423 et
3562 1374 3746 1425 incre-

2096 1450 2362 1503 mentum
2395 1448 2552 1520 capit
2578 1448 2765 1520 Nilus,
2796 1450 3008 1523 {neque
3055 1452 3243 1509 verior
3288 1453 3390 1511 illa
3436 1471 3616 1512 causa
3660 1461 3750 1513 est

2095 1554 2372 1595 aurarum
2406 1537 2701 1595 nullarum
2736 1556 2769 1595 a
2797 1539 2928 1596 Nilo
2959 1541 3148 1597 emitti
3182 1542 3510 1618 solitarum,
3541 1547 3745 1619 :quam

2092 1625 2464 1684 incrementi.

3580 1812 3585 1819 υ
3645 1811 3665 1820 α»
3679 1811 3743 1823 ..θ’

2546 1811 2665 1866 142.
2698 1812 2772 1868 De
2800 1811 2984 1883 regnis
3014 1815 3298 1871 maximis.

2172 1897 2429 1954 Primum
2488 1899 2802 1957 celebrium
2866 1918 3180 1975 regnorum
3253 1905 3362 1962 fuit
3418 1908 3748 1984 Assyrium,

2099 1988 2235 2044 inde
2260 1989 2543 2044 Medicum
2580 1991 2733 2062 quod
2768 1992 3042 2063 superius
3066 1992 3213 2048 illud
3240 1995 3529 2062 evertit,et
3558 1999 3751 2071 majus

2098 2077 2412 2150 imperium
2446 2079 2560 2134 sibi
2593 2081 2969 2151 comparavii.
3006 2081 3191 2138 Persae
3223 2084 3358 2139 inde
3399 2085 3599 2143 Medos
3649 2089 3751 2144 de-

2099 2167 2413 2239 bellarunt,
2439 2173 2497 2224 et
2552 2168 2693 2225 Asia
2746 2174 3175 2243 prepemodum
3234 2178 3357 2231 tota
3407 2176 3747 2249 subjugata,

2098 2257 2287 2313 conati
2321 2262 2461 2314 sunt
2493 2258 2804 2332 Europa‘as
2835 2259 3011 2317 etiam
3064 2262 3333 2319 nationes
3384 2280 3750 2340 oppugnare,

2096 2363 2314 2420 paucas
2344 2352 2540 2404 tamen
2573 2348 2957 2421 subegerunt,
2989 2350 3505 2426 principatumque
3543 2360 3753 2412 tenue-

2094 2442 2233 2492 runt
2262 2453 2375 2492 non
2409 2436 2595 2493 multo
2629 2439 2850 2509 majore
2900 2454 3077 2511 quam
3127 2441 3516 2498 ducentorum
3564 2460 3748 2502 anno-

2096 2542 2228 2581 rum
2264 2526 2475 2598 spatio.
2511 2526 2895 2582 Macedonum
2930 2528 3245 2601 imperium
3278 2530 3483 2587 Persas
3532 2534 3751 2604 princi-

2096 2619 2233 2689 patu
2270 2616 2501 2688 dejccit,
2535 2610 2595 2671 et
2621 2617 2690 2671 ad
2727 2618 3046 2673 secundam
3074 2620 3163 2675 vel
3194 2621 3427 2676 tertiam
3471 2621 3565 2677 vix
3613 2639 3750 2696 pro-

2094 2706 2337 2761 ductum
2366 2710 2457 2761 est
2486 2705 2944 2777 generationem.
2977 2707 3129 2763 Urbs
3162 2708 3345 2765 Roma
3374 2710 3530 2766 omni
3566 2715 3750 2780 terrae,

2096 2810 2215 2867 qua
2249 2812 2359 2851 non
2394 2796 2663 2852 inacessa
2694 2799 2803 2862 est,
2836 2801 2893 2852 et
2941 2797 3014 2852 ab
3061 2796 3406 2856 hominibus
3452 2799 3752 2872 incolitur,

2096 2885 2373 2957 imperat,
2407 2890 2462 2941 et
2492 2886 2599 2941 toti
2630 2884 2779 2941 mari
2814 2889 2987 2958 atque
3018 2902 3259 2957 oceano,
3292 2888 3465 2945 etiam
3501 2905 3619 2962 qua
3649 2907 3752 2945 na-

2095 2973 2371 3047 vigabilis
2396 2989 2526 3032 esse
2554 2974 2788 3031 desinit.

2637 3155 2759 3210 143.
2793 3154 2868 3210 De
2899 3155 3217 3226 saporibus.

2019 3223 2062 3291 (ἶ
2179 3245 2258 3301 Ex
2295 3262 2572 3319 saporum
2606 3244 2784 3301 variis
2815 3245 3130 3317 generibus
3178 3244 3370 3302 solum
3422 3245 3644 3305 salsum
3696 3249 3756 3305 in

2100 3340 2262 3399 nullo
2304 3340 2495 3395 lructu
2547 3333 2812 3408 generari
2863 3335 3269 3402 observamus,
3302 3352 3572 3393 amarum
3597 3337 3756 3395 enim

2099 3431 2253 3490 oliva
2296 3428 2427 3498 fert,
2479 3424 2907 3497 astringentem
2962 3422 3133 3497 glans
3182 3426 3575 3498 unguentaria
3621 3426 3757 3500 (12),

2101 3520 2377 3579 acerbum
2422 3514 2643 3572 malum
2694 3513 2999 3587 punicum,
3048 3512 3279 3571 dulcem
3335 3514 3466 3583 mel,
3522 3515 3758 3572 acidum

2101 3628 2276 3686 poma
2312 3608 2602 3681 quaedam,
2636 3602 3060 3660 mordicantem
3095 3602 3283 3661 multa
3313 3604 3562 3679 semina,
3604 3605 3760 3661 mul-

2099 3706 2291 3774 taeque
2314 3697 2564 3753 radices.
2596 3693 2803 3751 Salsus
2836 3710 2967 3749 vero
2997 3693 3213 3750 humor
3242 3694 3299 3750 in
3333 3694 3494 3751 nullo
3542 3695 3760 3768 reperi-

2100 3796 2220 3848 tur.
2254 3792 2441 3858 Quare
2478 3789 2533 3843 et
2555 3802 2710 3857 aqua
2742 3784 2972 3839 marina
3003 3783 3238 3856 quando
3287 3783 3550 3856 plantam
3600 3784 3764 3842 subit

2103 3881 2345 3951 alitque,
2379 3874 2732 3933 salsedinem
2766 3872 3053 3945 relinquit
3077 3890 3204 3945 quae
3236 3878 3433 3929 terrea:
3464 3878 3521 3930 et
3550 3891 3762 3931 crassae

2104 3973 2325 4025 naturae
2355 3970 2467 4035 est,
2498 3968 2555 4020 et
2603 3963 2662 4018 in
2712 3960 2976 4034 qualibet
3024 3962 3226 4034 planta
3273 3979 3438 4035 aquae
3490 3961 3657 4019 salsa:
3705 3966 3765 4019 et

2103 4057 2343 4114 marinae
2379 4061 2650 4110 naturam
2684 4051 3428 4124 mutant,salsedinemque
3458 4053 3764 4124 deponunt

2103 4153 2158 4205 et
2190 4145 2363 4203 aliam
2396 4142 2656 4199 indolem
2690 4140 2964 4196 induunt.
3000 4142 3300 4207 Quatenus
3343 4142 3499 4197 enim
3538 4141 3764 4199 salsum

2103 4236 2317 4294 crassis
2366 4234 2533 4290 valde
2582 4235 2816 4288 constat
2867 4229 3199 4304 particulis,
3255 4248 3371 4287 non
3421 4235 3617 4305 potest
3662 4247 3767 4304 per

2104 4327 2329 4384 radices
2359 4325 2420 4381 in
2451 4338 2649 4379 ramos
2696 4319 2904 4392 attolli,
2938 4320 3053 4376 nisi
3101 4320 3459 4378 salsedinem
3510 4321 3764 4405 gravita-

2104 4423 2340 4488 temque
2372 4412 2636 4487 abjiciat.

2208 4611 2329 4669 144.
2365 4614 2553 4682 Quare
2581 4610 2833 4680 pastores
2849 4606 3143 4678 pecoribus
3172 4606 3344 4662 salem
3369 4607 3681 4679 praebeant.

2185 4772 2471 4839 Quoniam
2503 4787 2638 4826 acor
2668 4765 2996 4840 appetitum
3029 4766 3264 4835 excitat,
3296 4781 3593 4838 porosque
3636 4783 3774 4838 ape-

2115 4862 2373 4935 rit,quod
2408 4860 2548 4916 facit
2578 4858 2649 4914 ad
2683 4856 2984 4912 meliorem
3020 4854 3541 4925 digestionem.Vel
3572 4856 3772 4927 potius

2114 4950 2474 5009 valetudinis
2505 4964 2686 5004 causa
2716 4947 2859 5002 dant
2884 4945 3066 5000 salem
3102 4943 3432 5016 pecoribus,
3468 4960 3595 5016 quae
3645 4945 3773 5018 pin-

2116 5042 2368 5116 guedine
2397 5039 2755 5112 quandoque
2784 5032 3165 5102 laborant,sal
3198 5036 3395 5090 autem
3427 5034 3688 5091 absumit
3715 5038 3773 5092 et

2116 5131 2347 5206 digerit.
2381 5127 2679 5202 Pinguedo
2709 5124 2867 5182 enim
2901 5140 3031 5196 quae
3081 5116 3287 5196 pellem
3339 5125 3773 5197 constipaverat

2117 5225 2175 5279 et
2203 5221 2547 5284 adduxerat,
2582 5218 2654 5272 ab
2684 5230 2851 5272 acore
2884 5213 2984 5269 illo
3015 5215 3315 5284 tenuatur,
3358 5221 3413 5269 et
3458 5213 3771 5282 minuitur,

2117 5316 2174 5369 et
2203 5310 2449 5384 sanguis
2478 5306 2771 5381 pecudum
2805 5303 2989 5361 salem
3016 5303 3277 5360 lambere
3295 5303 3603 5375 jussarum
3642 5305 3773 5363 red-

2118 5402 2280 5459 ditur
2310 5397 2604 5458 subtilior.
2636 5396 2827 5454 Etiam
2859 5394 2931 5452 ad
2966 5393 3371 5467 generandum
3415 5393 3672 5467 aptiores
3717 5397 3777 5454 et

1940 5527 2176 5586 ΝΟΤιΕ.

418 5622 533 5701 (12)
564 5617 1131 5709 thnicobalanum
1152 5631 1335 5690 (ἔνωοί
1378 5635 1736 5709 recentiores
1771 5640 1999 5709 ponunt

345 5714 454 5773 pro
486 5700 893 5778 myrobalano,
953 5703 1047 5759 cui
1104 5704 1331 5763 fructus
1388 5705 1621 5787 στυφοὺς
1676 5700 1799 5767 sive
1846 5727 1999 5787 στρυο

2152 5634 2247 5697 οὺς
2277 5652 2406 5693 esse
2438 5636 2690 5692 testatur
2718 5625 3062 5698 Aristoteles
3094 5624 3249 5693 lib.r,
3271 5624 3351 5683 De
3381 5625 3774 5698 plantis.Vide

2152 5657 2247 5697 ους
2277 5657 2406 5693 esse
2439 5657 2690 5692 Laetatur
2718 5657 3062 5686 :u-wwwwa
3094 5657 3249 5693 ιιυοι,
3276 5657 3351 5683 uo
3381 5657 3612 5698 μιαυιιο.

2107 5657 2194 5769 Ϊο.
2227 5710 2500 5766 Βοάεευω
2532 5723 2566 5762 a
2593 5702 2792 5778 Stapel
2822 5699 2895 5757 ad
2925 5697 3401 5772 Theophrastum
3433 5716 3490 5773 p.
3521 5699 3612 5755 97.
