  <div class='ocr_page' id='page_1' title='image "/cluster/home/n/w/nwhite01/storage/ocr_20150623/122:no.2/coo.31924054870278/395.png"; bbox 0 0 4100 6398; ppageno 0'>
   <div class='ocr_carea' id='block_1_1' title="bbox 333 382 455 445">
    <p class='ocr_par' dir='ltr' id='par_1_1' title="bbox 333 382 455 445">
     <span class='ocr_line' id='line_1_1' title="bbox 333 382 455 445; baseline -0.016 0"><span class='ocrx_word' id='word_1_1' title='bbox 333 382 455 445; x_wconf 80' lang='grc'>’175</span> 
     </span>
    </p>
   </div>
   <div class='ocr_carea' id='block_1_2' title="bbox 1670 364 2417 433">
    <p class='ocr_par' dir='ltr' id='par_1_2' title="bbox 1670 364 2417 433">
     <span class='ocr_line' id='line_1_2' title="bbox 1670 364 2417 433; baseline -0.005 -2"><span class='ocrx_word' id='word_1_2' title='bbox 1670 364 2098 433; x_wconf 80' lang='lat' dir='ltr'>MIGHAELIS</span> <span class='ocrx_word' id='word_1_3' title='bbox 2143 364 2417 428; x_wconf 85' lang='lat' dir='ltr'>PSELLI</span> 
     </span>
    </p>
   </div>
   <div class='ocr_carea' id='block_1_3' title="bbox 3635 363 3757 426">
    <p class='ocr_par' dir='ltr' id='par_1_3' title="bbox 3635 363 3757 426">
     <span class='ocr_line' id='line_1_3' title="bbox 3635 363 3757 426; baseline 0.016 -2"><span class='ocrx_word' id='word_1_4' title='bbox 3635 363 3757 426; x_wconf 79' lang='lat'><strong>776</strong></span> 
     </span>
    </p>
   </div>
   <div class='ocr_carea' id='block_1_4' title="bbox 334 494 1985 587">
    <p class='ocr_par' dir='ltr' id='par_1_4' title="bbox 334 501 1983 587">
     <span class='ocr_line' id='line_1_4' title="bbox 334 501 1983 587; baseline -0.009 -15"><span class='ocrx_word' id='word_1_5' title='bbox 334 529 689 587; x_wconf 87' lang='lat' dir='ltr'>congressus</span> <span class='ocrx_word' id='word_1_6' title='bbox 720 508 1155 584; x_wconf 90' lang='lat' dir='ltr'>appotentiores</span> <span class='ocrx_word' id='word_1_7' title='bbox 1186 506 1395 563; x_wconf 82' lang='lat' dir='ltr'>exinde</span> <span class='ocrx_word' id='word_1_8' title='bbox 1426 503 1579 561; x_wconf 81' lang='lat' dir='ltr'>ﬁunt</span> <span class='ocrx_word' id='word_1_9' title='bbox 1609 504 1876 577; x_wconf 83' lang='lat' dir='ltr'>pecudes,</span> <span class='ocrx_word' id='word_1_10' title='bbox 1898 501 1983 557; x_wconf 98' lang='lat' dir='ltr'>uti</span> 
     </span>
    </p>
   </div>
   <div class='ocr_carea' id='block_1_5' title="bbox 2099 494 3756 587">
    <p class='ocr_par' dir='ltr' id='par_1_5' title="bbox 2105 494 3756 587">
     <span class='ocr_line' id='line_1_5' title="bbox 2105 494 3756 587; baseline -0.002 -32"><span class='ocrx_word' id='word_1_11' title='bbox 2105 499 2429 574; x_wconf 70' lang='grc' dir='ltr'>βοσκήματα</span> <span class='ocrx_word' id='word_1_12' title='bbox 2458 494 2516 553; x_wconf 62' lang='grc' dir='ltr'>δέ</span> <span class='ocrx_word' id='word_1_13' title='bbox 2545 496 2896 574; x_wconf 84' lang='grc' dir='ltr'>γονιμώτερα</span> <span class='ocrx_word' id='word_1_14' title='bbox 2922 496 3013 552; x_wconf 80' lang='grc' dir='ltr'>καὶ</span> <span class='ocrx_word' id='word_1_15' title='bbox 3043 496 3303 573; x_wconf 89' lang='grc' dir='ltr'>πρόθυμα</span> <span class='ocrx_word' id='word_1_16' title='bbox 3331 495 3466 587; x_wconf 72' lang='grc' dir='ltr'>πρὸς</span> <span class='ocrx_word' id='word_1_17' title='bbox 3512 496 3610 559; x_wconf 79' lang='grc' dir='ltr'>τὰς</span> <span class='ocrx_word' id='word_1_18' title='bbox 3658 516 3756 551; x_wconf 86' lang='grc' dir='ltr'>συ-</span> 
     </span>
    </p>
   </div>
   <div class='ocr_carea' id='block_1_6' title="bbox 335 595 1985 668">
    <p class='ocr_par' dir='ltr' id='par_1_6' title="bbox 335 595 1985 668">
     <span class='ocr_line' id='line_1_6' title="bbox 335 595 1985 668; baseline -0.008 -7"><span class='ocrx_word' id='word_1_19' title='bbox 335 620 508 661; x_wconf 88' lang='lat' dir='ltr'>canes</span> <span class='ocrx_word' id='word_1_20' title='bbox 558 602 914 660; x_wconf 88' lang='lat' dir='ltr'>salsamento</span> <span class='ocrx_word' id='word_1_21' title='bbox 965 602 1165 655; x_wconf 90' lang='lat' dir='ltr'>vorato</span> <span class='ocrx_word' id='word_1_22' title='bbox 1205 596 1456 654; x_wconf 79' lang='lat' dir='ltr'>libenter</span> <span class='ocrx_word' id='word_1_23' title='bbox 1499 595 1985 668; x_wconf 67' lang='lat' dir='ltr'>impregnantur.</span> 
     </span>
    </p>
   </div>
   <div class='ocr_carea' id='block_1_7' title="bbox 330 684 1878 767">
    <p class='ocr_par' dir='ltr' id='par_1_7' title="bbox 330 684 1878 767">
     <span class='ocr_line' id='line_1_7' title="bbox 330 684 1878 767; baseline -0.008 -14"><span class='ocrx_word' id='word_1_24' title='bbox 330 696 441 753; x_wconf 81' lang='lat' dir='ltr'>Sed</span> <span class='ocrx_word' id='word_1_25' title='bbox 469 699 526 751; x_wconf 89' lang='lat' dir='ltr'>et</span> <span class='ocrx_word' id='word_1_26' title='bbox 554 697 727 767; x_wconf 89' lang='lat' dir='ltr'>poeta</span> <span class='ocrx_word' id='word_1_27' title='bbox 757 690 1022 748; x_wconf 88' lang='lat' dir='ltr'>divinum</span> <span class='ocrx_word' id='word_1_28' title='bbox 1078 688 1266 746; x_wconf 88' lang='lat' dir='ltr'>salem</span> <span class='ocrx_word' id='word_1_29' title='bbox 1298 684 1556 761; x_wconf 78' lang='lat' dir='ltr'>appellat</span> <span class='ocrx_word' id='word_1_30' title='bbox 1585 700 1719 742; x_wconf 92' lang='lat' dir='ltr'>cum</span> <span class='ocrx_word' id='word_1_31' title='bbox 1749 684 1831 741; x_wconf 92' lang='lat' dir='ltr'>ait</span> <span class='ocrx_word' id='word_1_32' title='bbox 1863 699 1878 740; x_wconf 89' lang='lat'><strong>:</strong></span> 
     </span>
    </p>
   </div>
   <div class='ocr_carea' id='block_1_8' title="bbox 708 885 1606 963">
    <p class='ocr_par' dir='ltr' id='par_1_8' title="bbox 708 885 1606 963">
     <span class='ocr_line' id='line_1_8' title="bbox 708 885 1606 963; baseline -0.006 -18"><span class='ocrx_word' id='word_1_33' title='bbox 708 890 1058 963; x_wconf 56' lang='lat' dir='ltr'>Aspar-sitque</span> <span class='ocrx_word' id='word_1_34' title='bbox 1082 885 1261 944; x_wconf 75' lang='lat' dir='ltr'>salem</span> <span class='ocrx_word' id='word_1_35' title='bbox 1287 885 1606 942; x_wconf 77' lang='lat' dir='ltr'>divinum...</span> 
     </span>
    </p>
   </div>
   <div class='ocr_carea' id='block_1_9' title="bbox 336 972 1991 1047">
    <p class='ocr_par' dir='ltr' id='par_1_9' title="bbox 336 972 1991 1047">
     <span class='ocr_line' id='line_1_9' title="bbox 336 972 1991 1047; baseline -0.008 -8"><span class='ocrx_word' id='word_1_36' title='bbox 336 982 605 1039; x_wconf 78' lang='lat' dir='ltr'>Divinam</span> <span class='ocrx_word' id='word_1_37' title='bbox 631 979 787 1035; x_wconf 90' lang='lat' dir='ltr'>enim</span> <span class='ocrx_word' id='word_1_38' title='bbox 814 978 1088 1034; x_wconf 79' lang='lat' dir='ltr'>virtutem</span> <span class='ocrx_word' id='word_1_39' title='bbox 1118 975 1363 1033; x_wconf 90' lang='lat' dir='ltr'>sortitus</span> <span class='ocrx_word' id='word_1_40' title='bbox 1392 974 1676 1047; x_wconf 88' lang='lat' dir='ltr'>est,quod</span> <span class='ocrx_word' id='word_1_41' title='bbox 1706 972 1991 1028; x_wconf 79' lang='lat' dir='ltr'>cadavera</span> 
     </span>
    </p>
   </div>
   <div class='ocr_carea' id='block_1_10' title="bbox 338 1060 1987 1141">
    <p class='ocr_par' dir='ltr' id='par_1_10' title="bbox 338 1060 1987 1141">
     <span class='ocr_line' id='line_1_10' title="bbox 338 1060 1987 1141; baseline -0.007 -15"><span class='ocrx_word' id='word_1_42' title='bbox 338 1075 705 1126; x_wconf 87' lang='lat' dir='ltr'>mortuorum</span> <span class='ocrx_word' id='word_1_43' title='bbox 738 1085 769 1123; x_wconf 88' lang='lat' dir='ltr'>a</span> <span class='ocrx_word' id='word_1_44' title='bbox 801 1066 1134 1141; x_wconf 84' lang='lat' dir='ltr'>putredine,</span> <span class='ocrx_word' id='word_1_45' title='bbox 1168 1082 1346 1137; x_wconf 89' lang='lat' dir='ltr'>quam</span> <span class='ocrx_word' id='word_1_46' title='bbox 1380 1080 1641 1136; x_wconf 75' lang='lat' dir='ltr'>passurae</span> <span class='ocrx_word' id='word_1_47' title='bbox 1671 1060 1987 1127; x_wconf 86' lang='lat' dir='ltr'>erant,im-</span> 
     </span>
    </p>
   </div>
   <div class='ocr_carea' id='block_1_11' title="bbox 338 1160 890 1215">
    <p class='ocr_par' dir='ltr' id='par_1_11' title="bbox 338 1160 890 1215">
     <span class='ocr_line' id='line_1_11' title="bbox 338 1160 890 1215; baseline 0 0"><span class='ocrx_word' id='word_1_48' title='bbox 338 1160 542 1215; x_wconf 86' lang='lat' dir='ltr'>munia</span> <span class='ocrx_word' id='word_1_49' title='bbox 562 1161 890 1215; x_wconf 80' lang='lat' dir='ltr'>conservat.</span> 
     </span>
    </p>
   </div>
   <div class='ocr_carea' id='block_1_12' title="bbox 339 1261 1989 1340">
    <p class='ocr_par' dir='ltr' id='par_1_12' title="bbox 339 1261 1989 1340">
     <span class='ocr_line' id='line_1_12' title="bbox 339 1261 1989 1340; baseline -0.005 -15"><span class='ocrx_word' id='word_1_50' title='bbox 339 1269 461 1325; x_wconf 78' lang='grc'>145.</span> <span class='ocrx_word' id='word_1_51' title='bbox 521 1269 699 1338; x_wconf 80' lang='lat' dir='ltr'>Quare</span> <span class='ocrx_word' id='word_1_52' title='bbox 751 1268 987 1340; x_wconf 71' lang='lat' dir='ltr'>polypus</span> <span class='ocrx_word' id='word_1_53' title='bbox 1054 1268 1232 1340; x_wconf 65' lang='lat' dir='ltr'>mutat</span> <span class='ocrx_word' id='word_1_54' title='bbox 1266 1263 1548 1340; x_wconf 85' lang='lat' dir='ltr'>_colorem,</span> <span class='ocrx_word' id='word_1_55' title='bbox 1603 1265 1771 1335; x_wconf 82' lang='lat' dir='ltr'>prout</span> <span class='ocrx_word' id='word_1_56' title='bbox 1837 1261 1989 1316; x_wconf 70' lang='lat' dir='ltr'>saxi:</span> 
     </span>
    </p>
   </div>
   <div class='ocr_carea' id='block_1_13' title="bbox 1006 1336 1317 1393">
    <p class='ocr_par' dir='ltr' id='par_1_13' title="bbox 1006 1336 1317 1393">
     <span class='ocr_line' id='line_1_13' title="bbox 1006 1336 1317 1393; baseline -0.006 0"><span class='ocrx_word' id='word_1_57' title='bbox 1006 1336 1317 1393; x_wconf 68' lang='lat' dir='ltr'>adlimam.</span> 
     </span>
    </p>
   </div>
   <div class='ocr_carea' id='block_1_14' title="bbox 408 1422 1990 1497">
    <p class='ocr_par' dir='ltr' id='par_1_14' title="bbox 408 1422 1990 1497">
     <span class='ocr_line' id='line_1_14' title="bbox 408 1422 1990 1497; baseline -0.004 -11"><span class='ocrx_word' id='word_1_58' title='bbox 408 1429 650 1486; x_wconf 86' lang='lat' dir='ltr'>Constat</span> <span class='ocrx_word' id='word_1_59' title='bbox 678 1426 788 1484; x_wconf 89' lang='lat' dir='ltr'>hoc</span> <span class='ocrx_word' id='word_1_60' title='bbox 817 1426 1031 1483; x_wconf 83' lang='lat' dir='ltr'><strong>animal</strong></span> <span class='ocrx_word' id='word_1_61' title='bbox 1060 1426 1112 1482; x_wconf 92' lang='lat' dir='ltr'>si</span> <span class='ocrx_word' id='word_1_62' title='bbox 1141 1423 1453 1497; x_wconf 87' lang='lat' dir='ltr'>strepitum</span> <span class='ocrx_word' id='word_1_63' title='bbox 1484 1422 1745 1496; x_wconf 86' lang='lat' dir='ltr'>aliquem</span> <span class='ocrx_word' id='word_1_64' title='bbox 1785 1437 1990 1479; x_wconf 80' lang='lat' dir='ltr'>sense-</span> 
     </span>
    </p>
   </div>
   <div class='ocr_carea' id='block_1_15' title="bbox 341 1512 1991 1591">
    <p class='ocr_par' dir='ltr' id='par_1_15' title="bbox 341 1512 1991 1591">
     <span class='ocr_line' id='line_1_15' title="bbox 341 1512 1991 1591; baseline -0.004 -17"><span class='ocrx_word' id='word_1_65' title='bbox 341 1519 441 1589; x_wconf 89' lang='lat' dir='ltr'>rit,</span> <span class='ocrx_word' id='word_1_66' title='bbox 473 1522 574 1574; x_wconf 87' lang='lat' dir='ltr'>aut</span> <span class='ocrx_word' id='word_1_67' title='bbox 605 1517 720 1591; x_wconf 88' lang='lat' dir='ltr'>peti</span> <span class='ocrx_word' id='word_1_68' title='bbox 751 1534 814 1573; x_wconf 89' lang='lat' dir='ltr'>se</span> <span class='ocrx_word' id='word_1_69' title='bbox 860 1515 1195 1587; x_wconf 90' lang='lat' dir='ltr'>conjecerit,</span> <span class='ocrx_word' id='word_1_70' title='bbox 1240 1513 1459 1571; x_wconf 91' lang='lat' dir='ltr'>mutari</span> <span class='ocrx_word' id='word_1_71' title='bbox 1508 1530 1621 1586; x_wconf 60' lang='lat' dir='ltr'>pra:</span> <span class='ocrx_word' id='word_1_72' title='bbox 1668 1512 1883 1568; x_wconf 89' lang='lat' dir='ltr'>timore</span> <span class='ocrx_word' id='word_1_73' title='bbox 1932 1516 1991 1568; x_wconf 91' lang='lat' dir='ltr'>et</span> 
     </span>
    </p>
   </div>
   <div class='ocr_carea' id='block_1_16' title="bbox 338 1602 1990 1665">
    <p class='ocr_par' dir='ltr' id='par_1_16' title="bbox 338 1602 1990 1665">
     <span class='ocr_line' id='line_1_16' title="bbox 338 1602 1990 1665; baseline -0.005 0"><span class='ocrx_word' id='word_1_74' title='bbox 338 1607 590 1665; x_wconf 91' lang='lat' dir='ltr'>colorem</span> <span class='ocrx_word' id='word_1_75' title='bbox 620 1607 803 1664; x_wconf 90' lang='lat' dir='ltr'>alium</span> <span class='ocrx_word' id='word_1_76' title='bbox 835 1607 1099 1663; x_wconf 87' lang='lat' dir='ltr'>induere.</span> <span class='ocrx_word' id='word_1_77' title='bbox 1130 1602 1437 1660; x_wconf 89' lang='lat' dir='ltr'>Assimilat</span> <span class='ocrx_word' id='word_1_78' title='bbox 1466 1607 1664 1659; x_wconf 89' lang='lat' dir='ltr'>autem</span> <span class='ocrx_word' id='word_1_79' title='bbox 1716 1618 1780 1659; x_wconf 88' lang='lat' dir='ltr'>se</span> <span class='ocrx_word' id='word_1_80' title='bbox 1827 1618 1990 1659; x_wconf 82' lang='lat' dir='ltr'>saxo-</span> 
     </span>
    </p>
   </div>
   <div class='ocr_carea' id='block_1_17' title="bbox 338 1690 1988 1767">
    <p class='ocr_par' dir='ltr' id='par_1_17' title="bbox 338 1690 1988 1767">
     <span class='ocr_line' id='line_1_17' title="bbox 338 1690 1988 1767; baseline -0.005 -14"><span class='ocrx_word' id='word_1_81' title='bbox 338 1691 471 1754; x_wconf 86' lang='lat' dir='ltr'>rum</span> <span class='ocrx_word' id='word_1_82' title='bbox 499 1697 814 1766; x_wconf 89' lang='lat' dir='ltr'>coloribus,</span> <span class='ocrx_word' id='word_1_83' title='bbox 838 1695 1057 1767; x_wconf 78' lang='lat' dir='ltr'>quibus</span> <span class='ocrx_word' id='word_1_84' title='bbox 1085 1693 1360 1749; x_wconf 82' lang='lat' dir='ltr'>adhaeret.</span> <span class='ocrx_word' id='word_1_85' title='bbox 1393 1691 1684 1748; x_wconf 82' lang='lat' dir='ltr'>Nimirum</span> <span class='ocrx_word' id='word_1_86' title='bbox 1708 1691 1780 1747; x_wconf 90' lang='lat' dir='ltr'>ab</span> <span class='ocrx_word' id='word_1_87' title='bbox 1802 1690 1988 1747; x_wconf 89' lang='lat' dir='ltr'>omni-</span> 
     </span>
    </p>
   </div>
   <div class='ocr_carea' id='block_1_18' title="bbox 337 1780 1988 1860">
    <p class='ocr_par' dir='ltr' id='par_1_18' title="bbox 337 1780 1988 1860">
     <span class='ocr_line' id='line_1_18' title="bbox 337 1780 1988 1860; baseline -0.004 -17"><span class='ocrx_word' id='word_1_88' title='bbox 337 1788 447 1844; x_wconf 84' lang='lat' dir='ltr'>bus</span> <span class='ocrx_word' id='word_1_89' title='bbox 501 1787 847 1860; x_wconf 84' lang='lat' dir='ltr'>corporibus</span> <span class='ocrx_word' id='word_1_90' title='bbox 897 1791 961 1841; x_wconf 87' lang='lat' dir='ltr'>ut</span> <span class='ocrx_word' id='word_1_91' title='bbox 1008 1800 1142 1854; x_wconf 65' lang='lat' dir='ltr'>aere,</span> <span class='ocrx_word' id='word_1_92' title='bbox 1192 1784 1366 1850; x_wconf 81' lang='lat' dir='ltr'>ferro,</span> <span class='ocrx_word' id='word_1_93' title='bbox 1398 1781 1718 1854; x_wconf 91' lang='lat' dir='ltr'>lapidibus,</span> <span class='ocrx_word' id='word_1_94' title='bbox 1752 1780 1988 1837; x_wconf 84' lang='lat' dir='ltr'>elﬂuvia</span> 
     </span>
    </p>
   </div>
   <div class='ocr_carea' id='block_1_19' title="bbox 2098 582 3753 664">
    <p class='ocr_par' dir='ltr' id='par_1_19' title="bbox 2098 582 3753 664">
     <span class='ocr_line' id='line_1_19' title="bbox 2098 582 3753 664; baseline -0.001 -20"><span class='ocrx_word' id='word_1_95' title='bbox 2098 586 2315 651; x_wconf 82' lang='grc' dir='ltr'>νουσίας</span> <span class='ocrx_word' id='word_1_96' title='bbox 2348 587 2587 644; x_wconf 70' lang='grc' dir='ltr'>έντεῦθεν</span> <span class='ocrx_word' id='word_1_97' title='bbox 2619 587 2988 658; x_wconf 77' lang='grc' dir='ltr'>καθίστανται,</span> <span class='ocrx_word' id='word_1_98' title='bbox 3019 585 3110 643; x_wconf 82' lang='grc' dir='ltr'>καὶ</span> <span class='ocrx_word' id='word_1_99' title='bbox 3142 586 3196 641; x_wconf 76' lang='grc' dir='ltr'>αἱ</span> <span class='ocrx_word' id='word_1_100' title='bbox 3227 584 3382 649; x_wconf 89' lang='grc' dir='ltr'>κύνες</span> <span class='ocrx_word' id='word_1_101' title='bbox 3432 582 3491 641; x_wconf 74' lang='grc' dir='ltr'>δὶ</span> <span class='ocrx_word' id='word_1_102' title='bbox 3536 585 3753 664; x_wconf 70' lang='grc' dir='ltr'>ταχέως</span> 
     </span>
    </p>
   </div>
   <div class='ocr_carea' id='block_1_20' title="bbox 2097 672 3755 755">
    <p class='ocr_par' dir='ltr' id='par_1_20' title="bbox 2097 672 3755 755">
     <span class='ocr_line' id='line_1_20' title="bbox 2097 672 3755 755; baseline -0.001 -21"><span class='ocrx_word' id='word_1_103' title='bbox 2097 677 2309 749; x_wconf 86' lang='grc' dir='ltr'>κύουσι,</span> <span class='ocrx_word' id='word_1_104' title='bbox 2338 678 2569 755; x_wconf 81' lang='grc' dir='ltr'>τάριχον</span> <span class='ocrx_word' id='word_1_105' title='bbox 2593 676 2959 742; x_wconf 80' lang='grc' dir='ltr'>έπεσθίουσαι.</span> <span class='ocrx_word' id='word_1_106' title='bbox 2994 677 3073 734; x_wconf 85' lang='grc' dir='ltr'>Τὸ</span> <span class='ocrx_word' id='word_1_107' title='bbox 3105 672 3163 732; x_wconf 71' lang='grc' dir='ltr'>δὶ</span> <span class='ocrx_word' id='word_1_108' title='bbox 3189 675 3324 743; x_wconf 69' lang='grc' dir='ltr'>ἅλας</span> <span class='ocrx_word' id='word_1_109' title='bbox 3353 679 3495 742; x_wconf 91' lang='grc' dir='ltr'>θεῖον</span> <span class='ocrx_word' id='word_1_110' title='bbox 3528 676 3558 733; x_wconf 81' lang='grc' dir='ltr'><strong>ὁ</strong></span> <span class='ocrx_word' id='word_1_111' title='bbox 3586 697 3755 749; x_wconf 84' lang='grc' dir='ltr'>ποιη-</span> 
     </span>
    </p>
   </div>
   <div class='ocr_carea' id='block_1_21' title="bbox 2096 764 2820 844">
    <p class='ocr_par' dir='ltr' id='par_1_21' title="bbox 2096 764 2820 844">
     <span class='ocr_line' id='line_1_21' title="bbox 2096 764 2820 844; baseline -0.001 -21"><span class='ocrx_word' id='word_1_112' title='bbox 2096 768 2198 838; x_wconf 74' lang='grc' dir='ltr'>τὴς</span> <span class='ocrx_word' id='word_1_113' title='bbox 2224 766 2438 844; x_wconf 76' lang='grc' dir='ltr'>εἴρηκεν</span> <span class='ocrx_word' id='word_1_114' title='bbox 2471 764 2524 822; x_wconf 78' lang='grc' dir='ltr'>ἐν</span> <span class='ocrx_word' id='word_1_115' title='bbox 2559 768 2642 830; x_wconf 80' lang='grc' dir='ltr'>οἷς</span> <span class='ocrx_word' id='word_1_116' title='bbox 2676 764 2820 842; x_wconf 84' lang='grc' dir='ltr'>λέγε·</span> 
     </span>
    </p>
   </div>
   <div class='ocr_carea' id='block_1_22' title="bbox 2616 872 3223 937">
    <p class='ocr_par' dir='ltr' id='par_1_22' title="bbox 2616 872 3223 937">
     <span class='ocr_line' id='line_1_22' title="bbox 2616 872 3223 937; baseline 0.002 -7"><span class='ocrx_word' id='word_1_117' title='bbox 2616 876 2787 930; x_wconf 83' lang='grc' dir='ltr'>πάσσε</span> <span class='ocrx_word' id='word_1_118' title='bbox 2817 873 2864 930; x_wconf 86' lang='grc' dir='ltr'>δ’</span> <span class='ocrx_word' id='word_1_119' title='bbox 2890 872 3023 937; x_wconf 80' lang='grc' dir='ltr'>ἁλὸς</span> <span class='ocrx_word' id='word_1_120' title='bbox 3053 874 3223 931; x_wconf 89' lang='grc' dir='ltr'>θείου.</span> 
     </span>
    </p>
   </div>
   <div class='ocr_carea' id='block_1_23' title="bbox 2098 961 3750 1040">
    <p class='ocr_par' dir='ltr' id='par_1_23' title="bbox 2098 961 3750 1040">
     <span class='ocr_line' id='line_1_23' title="bbox 2098 961 3750 1040; baseline 0.001 -20"><span class='ocrx_word' id='word_1_121' title='bbox 2098 964 2246 1020; x_wconf 84' lang='grc' dir='ltr'>Διότι</span> <span class='ocrx_word' id='word_1_122' title='bbox 2280 961 2422 1030; x_wconf 84' lang='grc' dir='ltr'>θείαν</span> <span class='ocrx_word' id='word_1_123' title='bbox 2457 965 2712 1038; x_wconf 68' lang='grc' dir='ltr'>κέκτηται</span> <span class='ocrx_word' id='word_1_124' title='bbox 2745 961 2997 1040; x_wconf 84' lang='grc' dir='ltr'>δύναμιν,</span> <span class='ocrx_word' id='word_1_125' title='bbox 3018 963 3086 1020; x_wconf 78' lang='grc' dir='ltr'>τὰ</span> <span class='ocrx_word' id='word_1_126' title='bbox 3113 963 3277 1038; x_wconf 75' lang='grc' dir='ltr'>νεκρᾶ</span> <span class='ocrx_word' id='word_1_127' title='bbox 3322 967 3430 1020; x_wconf 81' lang='grc' dir='ltr'>τῶν</span> <span class='ocrx_word' id='word_1_128' title='bbox 3480 968 3750 1040; x_wconf 82' lang='grc' dir='ltr'>σωμάτῶν</span> 
     </span>
    </p>
   </div>
   <div class='ocr_carea' id='block_1_24' title="bbox 2098 1051 3026 1132">
    <p class='ocr_par' dir='ltr' id='par_1_24' title="bbox 2098 1051 3026 1132">
     <span class='ocr_line' id='line_1_24' title="bbox 2098 1051 3026 1132; baseline 0 -21"><span class='ocrx_word' id='word_1_129' title='bbox 2098 1052 2360 1129; x_wconf 68' lang='grc' dir='ltr'>εὔσηπτα,</span> <span class='ocrx_word' id='word_1_130' title='bbox 2396 1051 2609 1129; x_wconf 70' lang='grc' dir='ltr'>ἄσηπτα</span> <span class='ocrx_word' id='word_1_131' title='bbox 2639 1053 3026 1132; x_wconf 72' lang='grc' dir='ltr'>ἐργαζόμενον.</span> 
     </span>
    </p>
   </div>
   <div class='ocr_carea' id='block_1_25' title="bbox 2099 1249 3752 1381">
    <p class='ocr_par' dir='ltr' id='par_1_25' title="bbox 2099 1249 3752 1381">
     <span class='ocr_line' id='line_1_25' title="bbox 2099 1249 3752 1381; baseline -0.002 -70"><span class='ocrx_word' id='word_1_132' title='bbox 2099 1258 2237 1332; x_wconf 86' lang='grc' dir='ltr'>ρμε’.</span> <span class='ocrx_word' id='word_1_133' title='bbox 2290 1251 2441 1310; x_wconf 88' lang='grc' dir='ltr'>Διατί</span> <span class='ocrx_word' id='word_1_134' title='bbox 2486 1256 2587 1325; x_wconf 70' lang='grc' dir='ltr'>τὴν</span> <span class='ocrx_word' id='word_1_135' title='bbox 2631 1250 2811 1381; x_wconf 54' lang='grc' dir='ltr'>χρόαν</span> <span class='ocrx_word' id='word_1_136' title='bbox 2859 1253 2887 1308; x_wconf 84' lang='grc' dir='ltr'>ὁ</span> <span class='ocrx_word' id='word_1_137' title='bbox 2918 1250 3202 1335; x_wconf 71' lang='grc' dir='ltr'>πολύπους</span> <span class='ocrx_word' id='word_1_138' title='bbox 3227 1249 3540 1326; x_wconf 74' lang='grc' dir='ltr'>ἰξαλλάττει</span> <span class='ocrx_word' id='word_1_139' title='bbox 3571 1254 3658 1317; x_wconf 76' lang='grc' dir='ltr'>αῖς</span> <span class='ocrx_word' id='word_1_140' title='bbox 3688 1250 3752 1309; x_wconf 68' lang='grc' dir='ltr'>ἂν</span> 
     </span>
     <span class='ocr_line' id='line_1_26' title="bbox 2586 1327 3255 1381; baseline 0.001 -1"><span class='ocrx_word' id='word_1_141' title='bbox 2586 1346 2627 1381; x_wconf 90' lang='grc' dir='ltr'>π</span> <span class='ocrx_word' id='word_1_142' title='bbox 2657 1346 2810 1381; x_wconf 81' lang='grc' dir='ltr'>τοαις</span> <span class='ocrx_word' id='word_1_143' title='bbox 2841 1327 3255 1381; x_wconf 72' lang='grc' dir='ltr'>προσομιλήσῃ.</span> 
     </span>
    </p>
   </div>
   <div class='ocr_carea' id='block_1_26' title="bbox 2586 1327 3255 1402">
    <p class='ocr_par' dir='ltr' id='par_1_26' title="bbox 2586 1327 3255 1402">
     <span class='ocr_line' id='line_1_27' title="bbox 2586 1327 3255 1402; baseline -0.001 -21"><span class='ocrx_word' id='word_1_144' title='bbox 2586 1327 2810 1402; x_wconf 77' lang='grc' dir='ltr'>πέτραις</span> <span class='ocrx_word' id='word_1_145' title='bbox 2841 1327 3255 1401; x_wconf 79' lang='grc' dir='ltr'>προσομιλήσῃ.</span> 
     </span>
    </p>
   </div>
   <div class='ocr_carea' id='block_1_27' title="bbox 2170 1412 3757 1491">
    <p class='ocr_par' dir='ltr' id='par_1_27' title="bbox 2170 1412 3757 1491">
     <span class='ocr_line' id='line_1_28' title="bbox 2170 1412 3757 1491; baseline -0.001 -20"><span class='ocrx_word' id='word_1_146' title='bbox 2170 1412 2349 1486; x_wconf 84' lang='grc' dir='ltr'>Δῆλόν</span> <span class='ocrx_word' id='word_1_147' title='bbox 2411 1415 2521 1472; x_wconf 76' lang='grc' dir='ltr'>ὶστι</span> <span class='ocrx_word' id='word_1_148' title='bbox 2550 1412 2614 1471; x_wconf 79' lang='grc' dir='ltr'>τθ</span> <span class='ocrx_word' id='word_1_149' title='bbox 2648 1418 2787 1486; x_wconf 83' lang='grc' dir='ltr'>ζῶον</span> <span class='ocrx_word' id='word_1_150' title='bbox 2817 1415 2908 1471; x_wconf 75' lang='grc' dir='ltr'>καὶ</span> <span class='ocrx_word' id='word_1_151' title='bbox 2940 1416 3064 1471; x_wconf 75' lang='grc' dir='ltr'>ὅταν</span> <span class='ocrx_word' id='word_1_152' title='bbox 3124 1413 3161 1484; x_wconf 74' lang='grc' dir='ltr'><strong>ἢ</strong></span> <span class='ocrx_word' id='word_1_153' title='bbox 3192 1414 3368 1491; x_wconf 77' lang='grc' dir='ltr'>ψόφον</span> <span class='ocrx_word' id='word_1_154' title='bbox 3398 1413 3521 1471; x_wconf 75' lang='grc' dir='ltr'>τινὰ</span> <span class='ocrx_word' id='word_1_155' title='bbox 3550 1414 3757 1487; x_wconf 83' lang='grc' dir='ltr'>αἳσθη-</span> 
     </span>
    </p>
   </div>
   <div class='ocr_carea' id='block_1_28' title="bbox 2096 1501 3757 1581">
    <p class='ocr_par' dir='ltr' id='par_1_28' title="bbox 2096 1501 3757 1581">
     <span class='ocr_line' id='line_1_29' title="bbox 2096 1501 3757 1581; baseline 0 -21"><span class='ocrx_word' id='word_1_156' title='bbox 2096 1526 2206 1579; x_wconf 85' lang='grc' dir='ltr'>ται,</span> <span class='ocrx_word' id='word_1_157' title='bbox 2257 1506 2293 1575; x_wconf 75' lang='grc' dir='ltr'><strong>ἢ</strong></span> <span class='ocrx_word' id='word_1_158' title='bbox 2354 1512 2658 1581; x_wconf 80' lang='grc' dir='ltr'>θηραθῆναι</span> <span class='ocrx_word' id='word_1_159' title='bbox 2703 1503 3034 1580; x_wconf 75' lang='grc' dir='ltr'>ὑποπτεύσῃ,</span> <span class='ocrx_word' id='word_1_160' title='bbox 3086 1503 3335 1580; x_wconf 75' lang='grc' dir='ltr'>τρέπεται</span> <span class='ocrx_word' id='word_1_161' title='bbox 3369 1503 3474 1561; x_wconf 84' lang='grc' dir='ltr'>ὑπὸ</span> <span class='ocrx_word' id='word_1_162' title='bbox 3522 1501 3757 1567; x_wconf 86' lang='grc' dir='ltr'>δειλείας</span> 
     </span>
    </p>
   </div>
   <div class='ocr_carea' id='block_1_29' title="bbox 2096 1590 3752 1672">
    <p class='ocr_par' dir='ltr' id='par_1_29' title="bbox 2096 1590 3752 1672">
     <span class='ocr_line' id='line_1_30' title="bbox 2096 1590 3752 1672; baseline -0.001 -21"><span class='ocrx_word' id='word_1_163' title='bbox 2096 1593 2187 1651; x_wconf 78' lang='grc' dir='ltr'>καὶ</span> <span class='ocrx_word' id='word_1_164' title='bbox 2243 1590 2667 1670; x_wconf 76' lang='grc' dir='ltr'>μεταϐάλλεται.</span> <span class='ocrx_word' id='word_1_165' title='bbox 2722 1595 3044 1669; x_wconf 77' lang='grc' dir='ltr'>Ὀμοιοῦται</span> <span class='ocrx_word' id='word_1_166' title='bbox 3099 1591 3158 1650; x_wconf 72' lang='grc' dir='ltr'>δὲ</span> <span class='ocrx_word' id='word_1_167' title='bbox 3210 1598 3332 1659; x_wconf 87' lang='grc' dir='ltr'>ταῖς</span> <span class='ocrx_word' id='word_1_168' title='bbox 3388 1598 3609 1672; x_wconf 82' lang='grc' dir='ltr'>χροιαῖς</span> <span class='ocrx_word' id='word_1_169' title='bbox 3641 1597 3752 1651; x_wconf 83' lang='grc' dir='ltr'>τῶν</span> 
     </span>
    </p>
   </div>
   <div class='ocr_carea' id='block_1_30' title="bbox 2095 1683 3753 1763">
    <p class='ocr_par' dir='ltr' id='par_1_30' title="bbox 2095 1683 3753 1763">
     <span class='ocr_line' id='line_1_31' title="bbox 2095 1683 3753 1763; baseline 0.001 -20"><span class='ocrx_word' id='word_1_170' title='bbox 2095 1690 2332 1763; x_wconf 83' lang='grc' dir='ltr'>πετρῶν,</span> <span class='ocrx_word' id='word_1_171' title='bbox 2393 1689 2479 1749; x_wconf 81' lang='grc' dir='ltr'>αῖς</span> <span class='ocrx_word' id='word_1_172' title='bbox 2510 1684 2824 1763; x_wconf 76' lang='grc' dir='ltr'>ἐγκάθηται·</span> <span class='ocrx_word' id='word_1_173' title='bbox 2876 1683 3018 1742; x_wconf 81' lang='grc' dir='ltr'>διότι</span> <span class='ocrx_word' id='word_1_174' title='bbox 3055 1684 3162 1742; x_wconf 81' lang='grc' dir='ltr'>ἆπὸ</span> <span class='ocrx_word' id='word_1_175' title='bbox 3209 1687 3425 1742; x_wconf 86' lang='grc' dir='ltr'>πάντων</span> <span class='ocrx_word' id='word_1_176' title='bbox 3481 1684 3753 1761; x_wconf 79' lang='grc' dir='ltr'>σωμάτων</span> 
     </span>
    </p>
   </div>
   <div class='ocr_carea' id='block_1_31' title="bbox 2095 1774 3754 1854">
    <p class='ocr_par' dir='ltr' id='par_1_31' title="bbox 2095 1774 3754 1854">
     <span class='ocr_line' id='line_1_32' title="bbox 2095 1774 3754 1854; baseline -0.001 -21"><span class='ocrx_word' id='word_1_177' title='bbox 2095 1776 2185 1833; x_wconf 86' lang='grc' dir='ltr'>καὶ</span> <span class='ocrx_word' id='word_1_178' title='bbox 2239 1777 2456 1854; x_wconf 80' lang='grc' dir='ltr'>χαλκοῦ</span> <span class='ocrx_word' id='word_1_179' title='bbox 2501 1776 2592 1832; x_wconf 84' lang='grc' dir='ltr'>καὶ</span> <span class='ocrx_word' id='word_1_180' title='bbox 2651 1774 2880 1854; x_wconf 71' lang='grc' dir='ltr'>σιδήρου</span> <span class='ocrx_word' id='word_1_181' title='bbox 2925 1777 3016 1832; x_wconf 84' lang='grc' dir='ltr'>καὶ</span> <span class='ocrx_word' id='word_1_182' title='bbox 3068 1776 3222 1832; x_wconf 89' lang='grc' dir='ltr'>λίθου</span> <span class='ocrx_word' id='word_1_183' title='bbox 3269 1774 3562 1854; x_wconf 75' lang='grc' dir='ltr'>ἀπόῤῥοιαί</span> <span class='ocrx_word' id='word_1_184' title='bbox 3607 1795 3754 1841; x_wconf 85' lang='grc' dir='ltr'>τινες</span> 
     </span>
    </p>
   </div>
   <div class='ocr_carea' id='block_1_32' title="bbox 335 1863 1985 1953">
    <p class='ocr_par' dir='ltr' id='par_1_32' title="bbox 335 1868 1985 1949">
     <span class='ocr_line' id='line_1_33' title="bbox 335 1868 1985 1949; baseline -0.004 -18"><span class='ocrx_word' id='word_1_185' title='bbox 335 1876 603 1949; x_wconf 73' lang='lat' dir='ltr'>quaedam</span> <span class='ocrx_word' id='word_1_186' title='bbox 637 1874 1043 1948; x_wconf 92' lang='lat' dir='ltr'>egrediuntur.</span> <span class='ocrx_word' id='word_1_187' title='bbox 1085 1872 1229 1927; x_wconf 90' lang='lat' dir='ltr'>Cum</span> <span class='ocrx_word' id='word_1_188' title='bbox 1277 1870 1476 1943; x_wconf 85' lang='lat' dir='ltr'>itaque</span> <span class='ocrx_word' id='word_1_189' title='bbox 1528 1868 1723 1943; x_wconf 79' lang='lat' dir='ltr'>polypi</span> <span class='ocrx_word' id='word_1_190' title='bbox 1772 1886 1985 1942; x_wconf 89' lang='lat' dir='ltr'>corpus</span> 
     </span>
    </p>
   </div>
   <div class='ocr_carea' id='block_1_33' title="bbox 2099 1863 3751 1953">
    <p class='ocr_par' dir='ltr' id='par_1_33' title="bbox 2099 1863 3751 1946">
     <span class='ocr_line' id='line_1_34' title="bbox 2099 1863 3751 1946; baseline -0.002 -23"><span class='ocrx_word' id='word_1_191' title='bbox 2099 1868 2369 1946; x_wconf 67' lang='grc' dir='ltr'>φέρονται.</span> <span class='ocrx_word' id='word_1_192' title='bbox 2427 1864 2767 1942; x_wconf 79' lang='grc' dir='ltr'>Συμμὲτρως</span> <span class='ocrx_word' id='word_1_193' title='bbox 2817 1864 2908 1921; x_wconf 77' lang='grc' dir='ltr'>οὖν</span> <span class='ocrx_word' id='word_1_194' title='bbox 2952 1866 3005 1922; x_wconf 79' lang='grc' dir='ltr'>οἱ</span> <span class='ocrx_word' id='word_1_195' title='bbox 3036 1865 3198 1941; x_wconf 86' lang='grc' dir='ltr'>πόροι</span> <span class='ocrx_word' id='word_1_196' title='bbox 3227 1863 3324 1921; x_wconf 76' lang='grc' dir='ltr'>τοῖ’)</span> <span class='ocrx_word' id='word_1_197' title='bbox 3355 1866 3610 1939; x_wconf 88' lang='grc' dir='ltr'>σώματος</span> <span class='ocrx_word' id='word_1_198' title='bbox 3640 1870 3751 1922; x_wconf 80' lang='grc' dir='ltr'>τῶν</span> 
     </span>
    </p>
   </div>
   <div class='ocr_carea' id='block_1_34' title="bbox 334 1959 1987 2039">
    <p class='ocr_par' dir='ltr' id='par_1_34' title="bbox 334 1959 1987 2039">
     <span class='ocr_line' id='line_1_35' title="bbox 334 1959 1987 2039; baseline -0.004 -17"><span class='ocrx_word' id='word_1_199' title='bbox 334 1981 510 2039; x_wconf 91' lang='lat' dir='ltr'>poros</span> <span class='ocrx_word' id='word_1_200' title='bbox 541 1964 793 2023; x_wconf 80' lang='lat' dir='ltr'>efﬂuviis</span> <span class='ocrx_word' id='word_1_201' title='bbox 826 1981 860 2021; x_wconf 91' lang='lat' dir='ltr'>a</span> <span class='ocrx_word' id='word_1_202' title='bbox 883 1964 1062 2020; x_wconf 87' lang='lat' dir='ltr'>rebus</span> <span class='ocrx_word' id='word_1_203' title='bbox 1085 1961 1203 2018; x_wconf 88' lang='lat' dir='ltr'>illis</span> <span class='ocrx_word' id='word_1_204' title='bbox 1226 1959 1641 2018; x_wconf 84' lang='lat' dir='ltr'>emanantibus</span> <span class='ocrx_word' id='word_1_205' title='bbox 1666 1975 1987 2032; x_wconf 87' lang='lat' dir='ltr'>congruen-</span> 
     </span>
    </p>
   </div>
   <div class='ocr_carea' id='block_1_35' title="bbox 332 2050 1975 2124">
    <p class='ocr_par' dir='ltr' id='par_1_35' title="bbox 332 2050 1975 2124">
     <span class='ocr_line' id='line_1_36' title="bbox 332 2050 1975 2124; baseline -0.004 -13"><span class='ocrx_word' id='word_1_206' title='bbox 332 2058 422 2112; x_wconf 83' lang='lat' dir='ltr'>tes</span> <span class='ocrx_word' id='word_1_207' title='bbox 455 2054 915 2124; x_wconf 86' lang='lat' dir='ltr'>habeat,colores</span> <span class='ocrx_word' id='word_1_208' title='bbox 945 2070 1146 2110; x_wconf 91' lang='lat' dir='ltr'>earum</span> <span class='ocrx_word' id='word_1_209' title='bbox 1175 2051 1734 2123; x_wconf 88' lang='lat' dir='ltr'>asciscit,suumque</span> <span class='ocrx_word' id='word_1_210' title='bbox 1766 2050 1975 2105; x_wconf 87' lang='lat' dir='ltr'>iisdem</span> 
     </span>
    </p>
   </div>
   <div class='ocr_carea' id='block_1_36' title="bbox 336 2139 1988 2217">
    <p class='ocr_par' dir='ltr' id='par_1_36' title="bbox 336 2139 1988 2217">
     <span class='ocr_line' id='line_1_37' title="bbox 336 2139 1988 2217; baseline -0.003 -16"><span class='ocrx_word' id='word_1_211' title='bbox 336 2150 651 2217; x_wconf 88' lang='lat' dir='ltr'>permutat.</span> <span class='ocrx_word' id='word_1_212' title='bbox 686 2144 928 2211; x_wconf 85' lang='lat' dir='ltr'>Quando</span> <span class='ocrx_word' id='word_1_213' title='bbox 960 2142 1141 2216; x_wconf 86' lang='lat' dir='ltr'>igitur</span> <span class='ocrx_word' id='word_1_214' title='bbox 1173 2143 1338 2197; x_wconf 86' lang='lat' dir='ltr'>timet</span> <span class='ocrx_word' id='word_1_215' title='bbox 1368 2139 1640 2212; x_wconf 82' lang='lat' dir='ltr'>polypus,</span> <span class='ocrx_word' id='word_1_216' title='bbox 1693 2143 1887 2195; x_wconf 86' lang='lat' dir='ltr'>movet</span> <span class='ocrx_word' id='word_1_217' title='bbox 1929 2142 1988 2196; x_wconf 91' lang='lat' dir='ltr'>et</span> 
     </span>
    </p>
   </div>
   <div class='ocr_carea' id='block_1_37' title="bbox 331 2228 1984 2306">
    <p class='ocr_par' dir='ltr' id='par_1_37' title="bbox 331 2228 1984 2306">
     <span class='ocr_line' id='line_1_38' title="bbox 331 2228 1984 2306; baseline -0.002 -17"><span class='ocrx_word' id='word_1_218' title='bbox 331 2234 619 2291; x_wconf 86' lang='lat' dir='ltr'>convertit</span> <span class='ocrx_word' id='word_1_219' title='bbox 647 2249 731 2304; x_wconf 90' lang='lat' dir='ltr'>se,</span> <span class='ocrx_word' id='word_1_220' title='bbox 764 2249 1097 2306; x_wconf 89' lang='lat' dir='ltr'>corpusque</span> <span class='ocrx_word' id='word_1_221' title='bbox 1126 2230 1306 2288; x_wconf 88' lang='lat' dir='ltr'>veluti</span> <span class='ocrx_word' id='word_1_222' title='bbox 1338 2228 1561 2301; x_wconf 87' lang='lat' dir='ltr'>colligit</span> <span class='ocrx_word' id='word_1_223' title='bbox 1592 2245 1658 2285; x_wconf 88' lang='lat' dir='ltr'>ac</span> <span class='ocrx_word' id='word_1_224' title='bbox 1688 2230 1984 2285; x_wconf 89' lang='lat' dir='ltr'>constrin-</span> 
     </span>
    </p>
   </div>
   <div class='ocr_carea' id='block_1_38' title="bbox 331 2318 1985 2396">
    <p class='ocr_par' dir='ltr' id='par_1_38' title="bbox 331 2318 1985 2396">
     <span class='ocr_line' id='line_1_39' title="bbox 331 2318 1985 2396; baseline -0.002 -19"><span class='ocrx_word' id='word_1_225' title='bbox 331 2324 436 2396; x_wconf 85' lang='lat' dir='ltr'>git,</span> <span class='ocrx_word' id='word_1_226' title='bbox 470 2331 537 2380; x_wconf 92' lang='lat' dir='ltr'>ut</span> <span class='ocrx_word' id='word_1_227' title='bbox 566 2325 708 2380; x_wconf 89' lang='lat' dir='ltr'>adeo</span> <span class='ocrx_word' id='word_1_228' title='bbox 739 2323 1205 2396; x_wconf 80' lang='lat' dir='ltr'>prapinquarum</span> <span class='ocrx_word' id='word_1_229' title='bbox 1236 2337 1433 2376; x_wconf 85' lang='lat' dir='ltr'>rerum</span> <span class='ocrx_word' id='word_1_230' title='bbox 1465 2318 1701 2376; x_wconf 81' lang='lat' dir='ltr'>efﬂuvia</span> <span class='ocrx_word' id='word_1_231' title='bbox 1730 2319 1790 2374; x_wconf 91' lang='lat' dir='ltr'>in</span> <span class='ocrx_word' id='word_1_232' title='bbox 1821 2336 1985 2374; x_wconf 86' lang='lat' dir='ltr'>sum-</span> 
     </span>
    </p>
   </div>
   <div class='ocr_carea' id='block_1_39' title="bbox 333 2408 1985 2484">
    <p class='ocr_par' dir='ltr' id='par_1_39' title="bbox 333 2408 1985 2484">
     <span class='ocr_line' id='line_1_40' title="bbox 333 2408 1985 2484; baseline -0.002 -17"><span class='ocrx_word' id='word_1_233' title='bbox 333 2415 534 2469; x_wconf 87' lang='lat' dir='ltr'>mitate</span> <span class='ocrx_word' id='word_1_234' title='bbox 586 2412 756 2469; x_wconf 79' lang='lat' dir='ltr'>facile</span> <span class='ocrx_word' id='word_1_235' title='bbox 809 2412 1058 2484; x_wconf 80' lang='lat' dir='ltr'>excipiat</span> <span class='ocrx_word' id='word_1_236' title='bbox 1113 2410 1549 2481; x_wconf 86' lang='lat' dir='ltr'>contineatque.</span> <span class='ocrx_word' id='word_1_237' title='bbox 1604 2408 1805 2481; x_wconf 87' lang='lat' dir='ltr'>Neque</span> <span class='ocrx_word' id='word_1_238' title='bbox 1850 2424 1985 2464; x_wconf 90' lang='lat' dir='ltr'>vero</span> 
     </span>
    </p>
   </div>
   <div class='ocr_carea' id='block_1_40' title="bbox 330 2497 1988 2576">
    <p class='ocr_par' dir='ltr' id='par_1_40' title="bbox 330 2497 1988 2576">
     <span class='ocr_line' id='line_1_41' title="bbox 330 2497 1988 2576; baseline -0.002 -19"><span class='ocrx_word' id='word_1_239' title='bbox 330 2503 579 2576; x_wconf 81' lang='lat' dir='ltr'>polypus</span> <span class='ocrx_word' id='word_1_240' title='bbox 610 2518 800 2573; x_wconf 91' lang='lat' dir='ltr'>neque</span> <span class='ocrx_word' id='word_1_241' title='bbox 846 2497 1207 2557; x_wconf 66' lang='lat' dir='ltr'>chamaeleon</span> <span class='ocrx_word' id='word_1_242' title='bbox 1256 2499 1328 2556; x_wconf 90' lang='lat' dir='ltr'>ad</span> <span class='ocrx_word' id='word_1_243' title='bbox 1380 2497 1517 2554; x_wconf 87' lang='lat' dir='ltr'>alba</span> <span class='ocrx_word' id='word_1_244' title='bbox 1567 2513 1747 2570; x_wconf 88' lang='lat' dir='ltr'>prope</span> <span class='ocrx_word' id='word_1_245' title='bbox 1795 2497 1988 2568; x_wconf 87' lang='lat' dir='ltr'>posita</span> 
     </span>
    </p>
   </div>
   <div class='ocr_carea' id='block_1_41' title="bbox 332 2586 1984 2663">
    <p class='ocr_par' dir='ltr' id='par_1_41' title="bbox 332 2586 1984 2663">
     <span class='ocr_line' id='line_1_42' title="bbox 332 2586 1984 2663; baseline -0.004 -15"><span class='ocrx_word' id='word_1_246' title='bbox 332 2597 618 2660; x_wconf 88' lang='lat' dir='ltr'>mutatur,</span> <span class='ocrx_word' id='word_1_247' title='bbox 668 2591 898 2663; x_wconf 88' lang='lat' dir='ltr'>ineptos</span> <span class='ocrx_word' id='word_1_248' title='bbox 947 2591 1106 2647; x_wconf 92' lang='lat' dir='ltr'>enim</span> <span class='ocrx_word' id='word_1_249' title='bbox 1157 2590 1230 2645; x_wconf 91' lang='lat' dir='ltr'>ad</span> <span class='ocrx_word' id='word_1_250' title='bbox 1279 2587 1541 2644; x_wconf 88' lang='lat' dir='ltr'>alborem</span> <span class='ocrx_word' id='word_1_251' title='bbox 1583 2603 1757 2658; x_wconf 91' lang='lat' dir='ltr'>poros</span> <span class='ocrx_word' id='word_1_252' title='bbox 1786 2586 1984 2657; x_wconf 87' lang='lat' dir='ltr'>habet,</span> 
     </span>
    </p>
   </div>
   <div class='ocr_carea' id='block_1_42' title="bbox 330 2679 1399 2751">
    <p class='ocr_par' dir='ltr' id='par_1_42' title="bbox 330 2679 1399 2751">
     <span class='ocr_line' id='line_1_43' title="bbox 330 2679 1399 2751; baseline -0.004 -15"><span class='ocrx_word' id='word_1_253' title='bbox 330 2682 462 2737; x_wconf 89' lang='lat' dir='ltr'>aliis</span> <span class='ocrx_word' id='word_1_254' title='bbox 491 2697 624 2737; x_wconf 90' lang='lat' dir='ltr'>vero</span> <span class='ocrx_word' id='word_1_255' title='bbox 655 2679 952 2736; x_wconf 89' lang='lat' dir='ltr'>coloribus</span> <span class='ocrx_word' id='word_1_256' title='bbox 983 2682 1399 2751; x_wconf 81' lang='lat' dir='ltr'>congruentes.</span> 
     </span>
    </p>
   </div>
   <div class='ocr_carea' id='block_1_43' title="bbox 334 2783 1988 2911">
    <p class='ocr_par' dir='ltr' id='par_1_43' title="bbox 334 2783 1988 2911">
     <span class='ocr_line' id='line_1_44' title="bbox 334 2783 1988 2911; baseline -0.001 -68"><span class='ocrx_word' id='word_1_257' title='bbox 334 2788 644 2855; x_wconf 66' lang='lat' dir='ltr'>146.0uare</span> <span class='ocrx_word' id='word_1_258' title='bbox 667 2787 859 2858; x_wconf 74' lang='lat' dir='ltr'>planta</span> <span class='ocrx_word' id='word_1_259' title='bbox 891 2785 1043 2857; x_wconf 75' lang='lat' dir='ltr'>pedis</span> <span class='ocrx_word' id='word_1_260' title='bbox 1073 2784 1368 2911; x_wconf 57' lang='grc' dir='ltr'>ᾳηιθῖἕονὶςς</span> <span class='ocrx_word' id='word_1_261' title='bbox 1396 2783 1460 2837; x_wconf 74' lang='lat' dir='ltr'>in</span> <span class='ocrx_word' id='word_1_262' title='bbox 1488 2794 1621 2836; x_wconf 76' lang='lat' dir='ltr'>urso</span> <span class='ocrx_word' id='word_1_263' title='bbox 1650 2783 1988 2841; x_wconf 69' lang='lat' dir='ltr'>suavissima</span> 
     </span>
     <span class='ocr_line' id='line_1_45' title="bbox 956 2858 1359 2911; baseline -0.007 0"><span class='ocrx_word' id='word_1_264' title='bbox 956 2865 1035 2911; x_wconf 82' lang='lat' dir='ltr'>est</span> <span class='ocrx_word' id='word_1_265' title='bbox 1067 2874 1125 2911; x_wconf 82' lang='grc' dir='ltr'>ιη</span> <span class='ocrx_word' id='word_1_266' title='bbox 1155 2858 1205 2911; x_wconf 78' lang='lat' dir='ltr'>ci</span> <span class='ocrx_word' id='word_1_267' title='bbox 1243 2872 1359 2911; x_wconf 89' lang='lat' dir='ltr'>um.</span> 
     </span>
    </p>
   </div>
   <div class='ocr_carea' id='block_1_44' title="bbox 956 2858 1359 2913">
    <p class='ocr_par' dir='ltr' id='par_1_44' title="bbox 956 2858 1359 2913">
     <span class='ocr_line' id='line_1_46' title="bbox 956 2858 1359 2913; baseline -0.012 0"><span class='ocrx_word' id='word_1_268' title='bbox 956 2865 1035 2913; x_wconf 81' lang='lat' dir='ltr'>est</span> <span class='ocrx_word' id='word_1_269' title='bbox 1067 2858 1125 2911; x_wconf 73' lang='lat' dir='ltr'>in</span> <span class='ocrx_word' id='word_1_270' title='bbox 1155 2858 1359 2912; x_wconf 78' lang='lat' dir='ltr'>cibum.</span> 
     </span>
    </p>
   </div>
   <div class='ocr_carea' id='block_1_45' title="bbox 405 2944 1986 3018">
    <p class='ocr_par' dir='ltr' id='par_1_45' title="bbox 405 2944 1986 3018">
     <span class='ocr_line' id='line_1_47' title="bbox 405 2944 1986 3018; baseline 0 -17"><span class='ocrx_word' id='word_1_271' title='bbox 405 2945 699 3017; x_wconf 87' lang='lat' dir='ltr'>Quidquid</span> <span class='ocrx_word' id='word_1_272' title='bbox 732 2945 909 3018; x_wconf 89' lang='lat' dir='ltr'>probe</span> <span class='ocrx_word' id='word_1_273' title='bbox 938 2948 1167 3001; x_wconf 89' lang='lat' dir='ltr'>coctum</span> <span class='ocrx_word' id='word_1_274' title='bbox 1200 2961 1266 3000; x_wconf 91' lang='lat' dir='ltr'>ac</span> <span class='ocrx_word' id='word_1_275' title='bbox 1297 2944 1777 3017; x_wconf 88' lang='lat' dir='ltr'>digestum,idem</span> <span class='ocrx_word' id='word_1_276' title='bbox 1810 2961 1986 3001; x_wconf 87' lang='lat' dir='ltr'>suave</span> 
     </span>
    </p>
   </div>
   <div class='ocr_carea' id='block_1_46' title="bbox 332 3034 1987 3107">
    <p class='ocr_par' dir='ltr' id='par_1_46' title="bbox 332 3034 1987 3107">
     <span class='ocr_line' id='line_1_48' title="bbox 332 3034 1987 3107; baseline 0 -16"><span class='ocrx_word' id='word_1_277' title='bbox 332 3042 453 3104; x_wconf 87' lang='lat' dir='ltr'>est;</span> <span class='ocrx_word' id='word_1_278' title='bbox 489 3037 634 3091; x_wconf 88' lang='lat' dir='ltr'>bene</span> <span class='ocrx_word' id='word_1_279' title='bbox 667 3040 897 3091; x_wconf 91' lang='lat' dir='ltr'>coctum</span> <span class='ocrx_word' id='word_1_280' title='bbox 931 3040 1128 3091; x_wconf 87' lang='lat' dir='ltr'>autem</span> <span class='ocrx_word' id='word_1_281' title='bbox 1158 3039 1249 3090; x_wconf 88' lang='lat' dir='ltr'>est</span> <span class='ocrx_word' id='word_1_282' title='bbox 1279 3037 1434 3105; x_wconf 90' lang='lat' dir='ltr'>quod</span> <span class='ocrx_word' id='word_1_283' title='bbox 1467 3036 1525 3091; x_wconf 90' lang='lat' dir='ltr'>in</span> <span class='ocrx_word' id='word_1_284' title='bbox 1576 3036 1785 3107; x_wconf 87' lang='lat' dir='ltr'>primis</span> <span class='ocrx_word' id='word_1_285' title='bbox 1833 3034 1987 3091; x_wconf 88' lang='lat' dir='ltr'>inca-</span> 
     </span>
    </p>
   </div>
   <div class='ocr_carea' id='block_1_47' title="bbox 333 3122 1986 3197">
    <p class='ocr_par' dir='ltr' id='par_1_47' title="bbox 333 3122 1986 3197">
     <span class='ocr_line' id='line_1_49' title="bbox 333 3122 1986 3197; baseline -0.001 -18"><span class='ocrx_word' id='word_1_286' title='bbox 333 3124 462 3194; x_wconf 86' lang='lat' dir='ltr'>luit;</span> <span class='ocrx_word' id='word_1_287' title='bbox 483 3125 789 3181; x_wconf 87' lang='lat' dir='ltr'>incalescit</span> <span class='ocrx_word' id='word_1_288' title='bbox 818 3132 1012 3180; x_wconf 89' lang='lat' dir='ltr'>autem</span> <span class='ocrx_word' id='word_1_289' title='bbox 1048 3122 1302 3179; x_wconf 85' lang='lat' dir='ltr'>maxime</span> <span class='ocrx_word' id='word_1_290' title='bbox 1334 3125 1487 3195; x_wconf 90' lang='lat' dir='ltr'>quod</span> <span class='ocrx_word' id='word_1_291' title='bbox 1523 3125 1776 3180; x_wconf 85' lang='lat' dir='ltr'>maxime</span> <span class='ocrx_word' id='word_1_292' title='bbox 1806 3123 1986 3197; x_wconf 87' lang='lat' dir='ltr'>agita-</span> 
     </span>
    </p>
   </div>
   <div class='ocr_carea' id='block_1_48' title="bbox 333 3213 1983 3287">
    <p class='ocr_par' dir='ltr' id='par_1_48' title="bbox 333 3213 1983 3287">
     <span class='ocr_line' id='line_1_50' title="bbox 333 3213 1983 3287; baseline 0 -18"><span class='ocrx_word' id='word_1_293' title='bbox 333 3219 430 3269; x_wconf 87' lang='lat' dir='ltr'>tur</span> <span class='ocrx_word' id='word_1_294' title='bbox 457 3218 516 3269; x_wconf 87' lang='lat' dir='ltr'>et</span> <span class='ocrx_word' id='word_1_295' title='bbox 546 3220 868 3284; x_wconf 85' lang='lat' dir='ltr'>exercetur,</span> <span class='ocrx_word' id='word_1_296' title='bbox 903 3217 969 3268; x_wconf 90' lang='lat' dir='ltr'>ut</span> <span class='ocrx_word' id='word_1_297' title='bbox 1012 3213 1179 3285; x_wconf 88' lang='lat' dir='ltr'>pedis</span> <span class='ocrx_word' id='word_1_298' title='bbox 1227 3214 1536 3271; x_wconf 89' lang='lat' dir='ltr'>anterioris</span> <span class='ocrx_word' id='word_1_299' title='bbox 1589 3214 1811 3287; x_wconf 86' lang='lat' dir='ltr'>planta,</span> <span class='ocrx_word' id='word_1_300' title='bbox 1864 3230 1983 3286; x_wconf 90' lang='lat' dir='ltr'>qua</span> 
     </span>
    </p>
   </div>
   <div class='ocr_carea' id='block_1_49' title="bbox 335 3302 1981 3376">
    <p class='ocr_par' dir='ltr' id='par_1_49' title="bbox 335 3302 1981 3376">
     <span class='ocr_line' id='line_1_51' title="bbox 335 3302 1981 3376; baseline 0 -17"><span class='ocrx_word' id='word_1_301' title='bbox 335 3319 508 3359; x_wconf 90' lang='lat' dir='ltr'>ursus</span> <span class='ocrx_word' id='word_1_302' title='bbox 538 3306 597 3358; x_wconf 86' lang='lat' dir='ltr'>et</span> <span class='ocrx_word' id='word_1_303' title='bbox 626 3302 847 3359; x_wconf 87' lang='lat' dir='ltr'>incedit</span> <span class='ocrx_word' id='word_1_304' title='bbox 875 3304 931 3357; x_wconf 87' lang='lat' dir='ltr'>et</span> <span class='ocrx_word' id='word_1_305' title='bbox 960 3307 1240 3373; x_wconf 88' lang='lat' dir='ltr'>tanquam</span> <span class='ocrx_word' id='word_1_306' title='bbox 1271 3318 1450 3358; x_wconf 90' lang='lat' dir='ltr'>manu</span> <span class='ocrx_word' id='word_1_307' title='bbox 1486 3303 1692 3374; x_wconf 88' lang='lat' dir='ltr'>utitur,</span> <span class='ocrx_word' id='word_1_308' title='bbox 1724 3320 1842 3376; x_wconf 90' lang='lat' dir='ltr'>qua</span> <span class='ocrx_word' id='word_1_309' title='bbox 1889 3320 1981 3360; x_wconf 90' lang='lat' dir='ltr'>res</span> 
     </span>
    </p>
   </div>
   <div class='ocr_carea' id='block_1_50' title="bbox 333 3390 1984 3464">
    <p class='ocr_par' dir='ltr' id='par_1_50' title="bbox 333 3390 1984 3464">
     <span class='ocr_line' id='line_1_52' title="bbox 333 3390 1984 3464; baseline 0.001 -17"><span class='ocrx_word' id='word_1_310' title='bbox 333 3391 563 3448; x_wconf 89' lang='lat' dir='ltr'>oblatas</span> <span class='ocrx_word' id='word_1_311' title='bbox 592 3390 992 3464; x_wconf 90' lang='lat' dir='ltr'>arripit.Unde</span> <span class='ocrx_word' id='word_1_312' title='bbox 1021 3395 1080 3447; x_wconf 92' lang='lat' dir='ltr'>et</span> <span class='ocrx_word' id='word_1_313' title='bbox 1108 3390 1435 3446; x_wconf 91' lang='lat' dir='ltr'>volucrium</span> <span class='ocrx_word' id='word_1_314' title='bbox 1468 3392 1812 3448; x_wconf 88' lang='lat' dir='ltr'>animalium</span> <span class='ocrx_word' id='word_1_315' title='bbox 1844 3408 1984 3448; x_wconf 90' lang='lat' dir='ltr'>sua-</span> 
     </span>
    </p>
   </div>
   <div class='ocr_carea' id='block_1_51' title="bbox 333 3476 1985 3550">
    <p class='ocr_par' dir='ltr' id='par_1_51' title="bbox 333 3476 1985 3550">
     <span class='ocr_line' id='line_1_53' title="bbox 333 3476 1985 3550; baseline 0 -16"><span class='ocrx_word' id='word_1_316' title='bbox 333 3478 588 3535; x_wconf 59' lang='lat' dir='ltr'>vissimae</span> <span class='ocrx_word' id='word_1_317' title='bbox 616 3483 673 3534; x_wconf 90' lang='lat' dir='ltr'>et</span> <span class='ocrx_word' id='word_1_318' title='bbox 702 3478 773 3534; x_wconf 90' lang='lat' dir='ltr'>ad</span> <span class='ocrx_word' id='word_1_319' title='bbox 808 3477 1187 3533; x_wconf 87' lang='lat' dir='ltr'>nutriendum</span> <span class='ocrx_word' id='word_1_320' title='bbox 1223 3476 1546 3550; x_wconf 63' lang='lat' dir='ltr'>aptissime</span> <span class='ocrx_word' id='word_1_321' title='bbox 1576 3479 1797 3550; x_wconf 70' lang='lat' dir='ltr'>[partes</span> <span class='ocrx_word' id='word_1_322' title='bbox 1843 3482 1985 3534; x_wconf 85' lang='lat' dir='ltr'>sunt</span> 
     </span>
    </p>
   </div>
   <div class='ocr_carea' id='block_1_52' title="bbox 334 3566 1983 3641">
    <p class='ocr_par' dir='ltr' id='par_1_52' title="bbox 334 3566 1983 3641">
     <span class='ocr_line' id='line_1_54' title="bbox 334 3566 1983 3641; baseline 0.001 -18"><span class='ocrx_word' id='word_1_323' title='bbox 334 3584 484 3641; x_wconf 90' lang='lat' dir='ltr'>quas</span> <span class='ocrx_word' id='word_1_324' title='bbox 516 3571 751 3624; x_wconf 91' lang='lat' dir='ltr'>movent</span> <span class='ocrx_word' id='word_1_325' title='bbox 781 3567 1055 3636; x_wconf 80' lang='lat' dir='ltr'>maxime,</span> <span class='ocrx_word' id='word_1_326' title='bbox 1089 3570 1153 3621; x_wconf 88' lang='lat' dir='ltr'>ut</span> <span class='ocrx_word' id='word_1_327' title='bbox 1200 3568 1323 3637; x_wconf 58' lang='lat' dir='ltr'>alae,</span> <span class='ocrx_word' id='word_1_328' title='bbox 1374 3566 1535 3624; x_wconf 88' lang='lat' dir='ltr'>hisce</span> <span class='ocrx_word' id='word_1_329' title='bbox 1578 3568 1732 3624; x_wconf 89' lang='lat' dir='ltr'>enim</span> <span class='ocrx_word' id='word_1_330' title='bbox 1788 3583 1983 3624; x_wconf 88' lang='lat' dir='ltr'>acrem</span> 
     </span>
    </p>
   </div>
   <div class='ocr_carea' id='block_1_53' title="bbox 335 3656 1979 3728">
    <p class='ocr_par' dir='ltr' id='par_1_53' title="bbox 335 3656 1979 3728">
     <span class='ocr_line' id='line_1_55' title="bbox 335 3656 1979 3728; baseline -0.001 -15"><span class='ocrx_word' id='word_1_331' title='bbox 335 3661 570 3713; x_wconf 88' lang='lat' dir='ltr'>movent</span> <span class='ocrx_word' id='word_1_332' title='bbox 599 3673 667 3713; x_wconf 91' lang='lat' dir='ltr'>ac</span> <span class='ocrx_word' id='word_1_333' title='bbox 696 3656 1021 3728; x_wconf 87' lang='lat' dir='ltr'>trajiciunt,</span> <span class='ocrx_word' id='word_1_334' title='bbox 1054 3659 1261 3711; x_wconf 66' lang='lat' dir='ltr'>caetera</span> <span class='ocrx_word' id='word_1_335' title='bbox 1309 3659 1504 3711; x_wconf 89' lang='lat' dir='ltr'>autem</span> <span class='ocrx_word' id='word_1_336' title='bbox 1550 3657 1816 3712; x_wconf 87' lang='lat' dir='ltr'>membra</span> <span class='ocrx_word' id='word_1_337' title='bbox 1865 3673 1979 3712; x_wconf 91' lang='lat' dir='ltr'>non</span> 
     </span>
    </p>
   </div>
   <div class='ocr_carea' id='block_1_54' title="bbox 335 3743 1984 3802">
    <p class='ocr_par' dir='ltr' id='par_1_54' title="bbox 335 3743 1984 3802">
     <span class='ocr_line' id='line_1_56' title="bbox 335 3743 1984 3802; baseline -0.001 0"><span class='ocrx_word' id='word_1_338' title='bbox 335 3745 610 3802; x_wconf 89' lang='lat' dir='ltr'>similiter</span> <span class='ocrx_word' id='word_1_339' title='bbox 664 3746 812 3801; x_wconf 89' lang='lat' dir='ltr'>bene</span> <span class='ocrx_word' id='word_1_340' title='bbox 860 3745 1155 3800; x_wconf 90' lang='lat' dir='ltr'>nutriunt.</span> <span class='ocrx_word' id='word_1_341' title='bbox 1205 3743 1490 3800; x_wconf 86' lang='lat' dir='ltr'>Similiter</span> <span class='ocrx_word' id='word_1_342' title='bbox 1537 3745 1984 3802; x_wconf 82' lang='lat' dir='ltr'>exercitationes</span> 
     </span>
    </p>
   </div>
   <div class='ocr_carea' id='block_1_55' title="bbox 334 3834 1985 3907">
    <p class='ocr_par' dir='ltr' id='par_1_55' title="bbox 334 3834 1985 3907">
     <span class='ocr_line' id='line_1_57' title="bbox 334 3834 1985 3907; baseline -0.001 -15"><span class='ocrx_word' id='word_1_343' title='bbox 334 3839 594 3907; x_wconf 88' lang='lat' dir='ltr'>corporis</span> <span class='ocrx_word' id='word_1_344' title='bbox 624 3836 843 3891; x_wconf 91' lang='lat' dir='ltr'>bonum</span> <span class='ocrx_word' id='word_1_345' title='bbox 877 3835 1007 3907; x_wconf 87' lang='lat' dir='ltr'>ejus</span> <span class='ocrx_word' id='word_1_346' title='bbox 1052 3834 1321 3889; x_wconf 88' lang='lat' dir='ltr'>habitum</span> <span class='ocrx_word' id='word_1_347' title='bbox 1375 3838 1737 3906; x_wconf 86' lang='lat' dir='ltr'>promovent,</span> <span class='ocrx_word' id='word_1_348' title='bbox 1779 3838 1985 3907; x_wconf 88' lang='lat' dir='ltr'>utpote</span> 
     </span>
    </p>
   </div>
   <div class='ocr_carea' id='block_1_56' title="bbox 332 3922 1983 3997">
    <p class='ocr_par' dir='ltr' id='par_1_56' title="bbox 332 3922 1983 3997">
     <span class='ocr_line' id='line_1_58' title="bbox 332 3922 1983 3997; baseline -0.001 -17"><span class='ocrx_word' id='word_1_349' title='bbox 332 3925 553 3997; x_wconf 90' lang='lat' dir='ltr'>quibus</span> <span class='ocrx_word' id='word_1_350' title='bbox 584 3928 911 3993; x_wconf 88' lang='lat' dir='ltr'>moventur,</span> <span class='ocrx_word' id='word_1_351' title='bbox 946 3927 1284 3995; x_wconf 87' lang='lat' dir='ltr'>coquuntur</span> <span class='ocrx_word' id='word_1_352' title='bbox 1314 3926 1368 3978; x_wconf 90' lang='lat' dir='ltr'>et</span> <span class='ocrx_word' id='word_1_353' title='bbox 1399 3927 1723 3978; x_wconf 88' lang='lat' dir='ltr'>tenuantur</span> <span class='ocrx_word' id='word_1_354' title='bbox 1771 3922 1983 3979; x_wconf 88' lang='lat' dir='ltr'>humo-</span> 
     </span>
    </p>
   </div>
   <div class='ocr_carea' id='block_1_57' title="bbox 334 4011 1981 4088">
    <p class='ocr_par' dir='ltr' id='par_1_57' title="bbox 334 4011 1981 4088">
     <span class='ocr_line' id='line_1_59' title="bbox 334 4011 1981 4088; baseline -0.001 -19"><span class='ocrx_word' id='word_1_355' title='bbox 334 4032 445 4071; x_wconf 86' lang='lat' dir='ltr'>res.</span> <span class='ocrx_word' id='word_1_356' title='bbox 479 4018 680 4088; x_wconf 88' lang='lat' dir='ltr'>Neque</span> <span class='ocrx_word' id='word_1_357' title='bbox 706 4012 1050 4086; x_wconf 88' lang='lat' dir='ltr'>corporibus</span> <span class='ocrx_word' id='word_1_358' title='bbox 1082 4014 1339 4077; x_wconf 89' lang='lat' dir='ltr'>tantum,</span> <span class='ocrx_word' id='word_1_359' title='bbox 1387 4011 1488 4066; x_wconf 87' lang='lat' dir='ltr'>sed</span> <span class='ocrx_word' id='word_1_360' title='bbox 1539 4011 1755 4067; x_wconf 89' lang='lat' dir='ltr'>animis</span> <span class='ocrx_word' id='word_1_361' title='bbox 1805 4011 1981 4068; x_wconf 91' lang='lat' dir='ltr'>etiam</span> 
     </span>
    </p>
   </div>
   <div class='ocr_carea' id='block_1_58' title="bbox 334 4099 1986 4173">
    <p class='ocr_par' dir='ltr' id='par_1_58' title="bbox 334 4099 1986 4173">
     <span class='ocr_line' id='line_1_60' title="bbox 334 4099 1986 4173; baseline -0.002 -15"><span class='ocrx_word' id='word_1_362' title='bbox 334 4102 650 4159; x_wconf 87' lang='lat' dir='ltr'>utilitatem</span> <span class='ocrx_word' id='word_1_363' title='bbox 685 4102 939 4159; x_wconf 82' lang='lat' dir='ltr'>afferunt</span> <span class='ocrx_word' id='word_1_364' title='bbox 969 4100 1407 4157; x_wconf 84' lang='lat' dir='ltr'>exercitationes</span> <span class='ocrx_word' id='word_1_365' title='bbox 1442 4100 1501 4154; x_wconf 93' lang='lat' dir='ltr'>in</span> <span class='ocrx_word' id='word_1_366' title='bbox 1552 4099 1880 4173; x_wconf 89' lang='lat' dir='ltr'>disciplinis</span> <span class='ocrx_word' id='word_1_367' title='bbox 1928 4105 1986 4157; x_wconf 91' lang='lat' dir='ltr'>et</span> 
     </span>
    </p>
   </div>
   <div class='ocr_carea' id='block_1_59' title="bbox 333 4189 1984 4265">
    <p class='ocr_par' dir='ltr' id='par_1_59' title="bbox 333 4189 1984 4265">
     <span class='ocr_line' id='line_1_61' title="bbox 333 4189 1984 4265; baseline -0.001 -19"><span class='ocrx_word' id='word_1_368' title='bbox 333 4192 581 4248; x_wconf 87' lang='lat' dir='ltr'>artibus.</span> <span class='ocrx_word' id='word_1_369' title='bbox 648 4198 841 4265; x_wconf 83' lang='lat' dir='ltr'>Atque</span> <span class='ocrx_word' id='word_1_370' title='bbox 928 4192 1256 4248; x_wconf 90' lang='lat' dir='ltr'>secundum</span> <span class='ocrx_word' id='word_1_371' title='bbox 1313 4189 1726 4262; x_wconf 87' lang='lat' dir='ltr'>Hippocratem</span> <span class='ocrx_word' id='word_1_372' title='bbox 1803 4191 1984 4246; x_wconf 89' lang='lat' dir='ltr'>motio</span> 
     </span>
    </p>
   </div>
   <div class='ocr_carea' id='block_1_60' title="bbox 333 4277 1985 4353">
    <p class='ocr_par' dir='ltr' id='par_1_60' title="bbox 333 4277 1985 4353">
     <span class='ocr_line' id='line_1_62' title="bbox 333 4277 1985 4353; baseline 0.001 -18"><span class='ocrx_word' id='word_1_373' title='bbox 333 4281 686 4353; x_wconf 89' lang='lat' dir='ltr'>quandoque</span> <span class='ocrx_word' id='word_1_374' title='bbox 714 4280 1062 4353; x_wconf 87' lang='lat' dir='ltr'>interposita</span> <span class='ocrx_word' id='word_1_375' title='bbox 1109 4295 1322 4352; x_wconf 91' lang='lat' dir='ltr'>corpus</span> <span class='ocrx_word' id='word_1_376' title='bbox 1368 4277 1703 4349; x_wconf 87' lang='lat' dir='ltr'>conﬁrmat,</span> <span class='ocrx_word' id='word_1_377' title='bbox 1752 4279 1985 4351; x_wconf 82' lang='lat' dir='ltr'>ignavia</span> 
     </span>
    </p>
   </div>
   <div class='ocr_carea' id='block_1_61' title="bbox 333 4368 682 4441">
    <p class='ocr_par' dir='ltr' id='par_1_61' title="bbox 333 4368 682 4441">
     <span class='ocr_line' id='line_1_63' title="bbox 333 4368 682 4441; baseline 0.006 -18"><span class='ocrx_word' id='word_1_378' title='bbox 333 4368 682 4441; x_wconf 86' lang='lat' dir='ltr'>corrumpit.</span> 
     </span>
    </p>
   </div>
   <div class='ocr_carea' id='block_1_62' title="bbox 448 4473 1862 4600">
    <p class='ocr_par' dir='ltr' id='par_1_62' title="bbox 448 4473 1862 4600">
     <span class='ocr_line' id='line_1_64' title="bbox 448 4473 1862 4600; baseline 0.001 -70"><span class='ocrx_word' id='word_1_379' title='bbox 448 4475 571 4531; x_wconf 77' lang='grc'>147.</span> <span class='ocrx_word' id='word_1_380' title='bbox 606 4476 787 4544; x_wconf 82' lang='lat' dir='ltr'>Quare</span> <span class='ocrx_word' id='word_1_381' title='bbox 817 4474 971 4532; x_wconf 78' lang='lat' dir='ltr'>Darii</span> <span class='ocrx_word' id='word_1_382' title='bbox 997 4473 1211 4600; x_wconf 48' lang='lat' dir='ltr'>malum</span> <span class='ocrx_word' id='word_1_383' title='bbox 1236 4474 1505 4600; x_wconf 66' lang='lat' dir='ltr'>gtraminis</span> <span class='ocrx_word' id='word_1_384' title='bbox 1532 4485 1862 4548; x_wconf 78' lang='lat' dir='ltr'>proventum</span> 
     </span>
     <span class='ocr_line' id='line_1_65' title="bbox 1015 4561 1297 4600; baseline 0 0"><span class='ocrx_word' id='word_1_385' title='bbox 1015 4561 1154 4600; x_wconf 73' lang='lat' dir='ltr'>exon</span> <span class='ocrx_word' id='word_1_386' title='bbox 1217 4562 1251 4600; x_wconf 79' lang='grc' dir='ltr'><strong>η</strong></span> <span class='ocrx_word' id='word_1_387' title='bbox 1281 4586 1297 4600; x_wconf 93' lang='grc'>.</span> 
     </span>
    </p>
   </div>
   <div class='ocr_carea' id='block_1_63' title="bbox 1015 4561 1297 4618">
    <p class='ocr_par' dir='ltr' id='par_1_63' title="bbox 1015 4561 1297 4618">
     <span class='ocr_line' id='line_1_66' title="bbox 1015 4561 1297 4618; baseline 0.004 -16"><span class='ocrx_word' id='word_1_388' title='bbox 1015 4561 1297 4618; x_wconf 70' lang='lat' dir='ltr'>exaptam.</span> 
     </span>
    </p>
   </div>
   <div class='ocr_carea' id='block_1_64' title="bbox 2013 3258 2125 3327">
    <p class='ocr_par' dir='ltr' id='par_1_64' title="bbox 2013 3258 2125 3327">
     <span class='ocr_line' id='line_1_67' title="bbox 2013 3258 2125 3327; baseline 0 0"><span class='ocrx_word' id='word_1_389' title='bbox 2013 3258 2125 3327; x_wconf 73' lang='grc' dir='ltr'>αξξ</span> 
     </span>
    </p>
   </div>
   <div class='ocr_carea' id='block_1_65' title="bbox 2093 1954 3755 2031">
    <p class='ocr_par' dir='ltr' id='par_1_65' title="bbox 2093 1954 3755 2031">
     <span class='ocr_line' id='line_1_68' title="bbox 2093 1954 3755 2031; baseline 0.001 -19"><span class='ocrx_word' id='word_1_390' title='bbox 2093 1954 2429 2013; x_wconf 83' lang='grc' dir='ltr'>πολυπόδων</span> <span class='ocrx_word' id='word_1_391' title='bbox 2487 1957 2624 2031; x_wconf 85' lang='grc' dir='ltr'>πρὸς</span> <span class='ocrx_word' id='word_1_392' title='bbox 2650 1957 2718 2012; x_wconf 79' lang='grc' dir='ltr'>τὰ</span> <span class='ocrx_word' id='word_1_393' title='bbox 2746 1955 2894 2031; x_wconf 79' lang='grc' dir='ltr'>παρὰ</span> <span class='ocrx_word' id='word_1_394' title='bbox 2947 1959 3057 2011; x_wconf 82' lang='grc' dir='ltr'>τῶν</span> <span class='ocrx_word' id='word_1_395' title='bbox 3110 1956 3380 2029; x_wconf 84' lang='grc' dir='ltr'>σωμάτων</span> <span class='ocrx_word' id='word_1_396' title='bbox 3426 1956 3755 2030; x_wconf 73' lang='grc' dir='ltr'>πεμπόμενα</span> 
     </span>
    </p>
   </div>
   <div class='ocr_carea' id='block_1_66' title="bbox 2096 2043 3753 2123">
    <p class='ocr_par' dir='ltr' id='par_1_66' title="bbox 2096 2043 3753 2123">
     <span class='ocr_line' id='line_1_69' title="bbox 2096 2043 3753 2123; baseline 0.001 -22"><span class='ocrx_word' id='word_1_397' title='bbox 2096 2045 2337 2123; x_wconf 80' lang='grc' dir='ltr'>ῥεύματα</span> <span class='ocrx_word' id='word_1_398' title='bbox 2390 2043 2633 2122; x_wconf 72' lang='grc' dir='ltr'>ἔχοντες,</span> <span class='ocrx_word' id='word_1_399' title='bbox 2693 2047 2797 2116; x_wconf 75' lang='grc' dir='ltr'>τήν</span> <span class='ocrx_word' id='word_1_400' title='bbox 2845 2066 2905 2101; x_wconf 90' lang='grc' dir='ltr'>τε</span> <span class='ocrx_word' id='word_1_401' title='bbox 2958 2046 3131 2121; x_wconf 91' lang='grc' dir='ltr'>χρόαν</span> <span class='ocrx_word' id='word_1_402' title='bbox 3190 2044 3367 2101; x_wconf 75' lang='grc' dir='ltr'>αὐτῶν</span> <span class='ocrx_word' id='word_1_403' title='bbox 3394 2043 3638 2122; x_wconf 65' lang='grc' dir='ltr'>ἴσχουσι,</span> <span class='ocrx_word' id='word_1_404' title='bbox 3659 2046 3753 2103; x_wconf 82' lang='grc' dir='ltr'>καὶ</span> 
     </span>
    </p>
   </div>
   <div class='ocr_carea' id='block_1_67' title="bbox 2098 2129 3754 2213">
    <p class='ocr_par' dir='ltr' id='par_1_67' title="bbox 2098 2129 3754 2213">
     <span class='ocr_line' id='line_1_70' title="bbox 2098 2129 3754 2213; baseline 0.001 -23"><span class='ocrx_word' id='word_1_405' title='bbox 2098 2129 2503 2210; x_wconf 74' lang='grc' dir='ltr'>μεταϐάλλουσι</span> <span class='ocrx_word' id='word_1_406' title='bbox 2559 2135 2698 2210; x_wconf 81' lang='grc' dir='ltr'>πρὸς</span> <span class='ocrx_word' id='word_1_407' title='bbox 2722 2133 2908 2207; x_wconf 76' lang='grc' dir='ltr'>αὐτην.</span> <span class='ocrx_word' id='word_1_408' title='bbox 2968 2138 3127 2191; x_wconf 87' lang='grc' dir='ltr'>Ὅταν</span> <span class='ocrx_word' id='word_1_409' title='bbox 3163 2136 3256 2190; x_wconf 84' lang='grc' dir='ltr'>οὗν</span> <span class='ocrx_word' id='word_1_410' title='bbox 3316 2132 3471 2212; x_wconf 58' lang='grc' dir='ltr'>δείσῃ</span> <span class='ocrx_word' id='word_1_411' title='bbox 3503 2155 3754 2213; x_wconf 76' lang='grc' dir='ltr'>περιτρεο</span> 
     </span>
    </p>
   </div>
   <div class='ocr_carea' id='block_1_68' title="bbox 2094 2218 3754 2303">
    <p class='ocr_par' dir='ltr' id='par_1_68' title="bbox 2094 2218 3754 2303">
     <span class='ocr_line' id='line_1_71' title="bbox 2094 2218 3754 2303; baseline 0.001 -22"><span class='ocrx_word' id='word_1_412' title='bbox 2094 2225 2339 2298; x_wconf 83' lang='grc' dir='ltr'>πόμενος</span> <span class='ocrx_word' id='word_1_413' title='bbox 2370 2225 2397 2280; x_wconf 88' lang='grc' dir='ltr'>ὁ</span> <span class='ocrx_word' id='word_1_414' title='bbox 2426 2224 2712 2287; x_wconf 72' lang='grc' dir='ltr'>πολύπους</span> <span class='ocrx_word' id='word_1_415' title='bbox 2774 2226 2891 2280; x_wconf 85' lang='grc' dir='ltr'>οῖον</span> <span class='ocrx_word' id='word_1_416' title='bbox 2920 2218 3099 2303; x_wconf 75' lang='grc' dir='ltr'>ἔσφιξε</span> <span class='ocrx_word' id='word_1_417' title='bbox 3153 2224 3217 2281; x_wconf 86' lang='grc' dir='ltr'>τὸ</span> <span class='ocrx_word' id='word_1_418' title='bbox 3274 2229 3436 2299; x_wconf 84' lang='grc' dir='ltr'>σῶμα</span> <span class='ocrx_word' id='word_1_419' title='bbox 3463 2225 3555 2282; x_wconf 80' lang='grc' dir='ltr'>καὶ</span> <span class='ocrx_word' id='word_1_420' title='bbox 3597 2225 3754 2282; x_wconf 82' lang='grc' dir='ltr'>συνέ-</span> 
     </span>
    </p>
   </div>
   <div class='ocr_carea' id='block_1_69' title="bbox 2097 2311 3754 2390">
    <p class='ocr_par' dir='ltr' id='par_1_69' title="bbox 2097 2311 3754 2390">
     <span class='ocr_line' id='line_1_72' title="bbox 2097 2311 3754 2390; baseline 0.001 -21"><span class='ocrx_word' id='word_1_421' title='bbox 2097 2311 2281 2385; x_wconf 85' lang='grc' dir='ltr'>δησεν,</span> <span class='ocrx_word' id='word_1_422' title='bbox 2340 2314 2478 2369; x_wconf 85' lang='grc' dir='ltr'>ὥστε</span> <span class='ocrx_word' id='word_1_423' title='bbox 2505 2311 2904 2389; x_wconf 75' lang='grc' dir='ltr'>προσδέχεσθαι</span> <span class='ocrx_word' id='word_1_424' title='bbox 2960 2313 3051 2369; x_wconf 81' lang='grc' dir='ltr'>καὶ</span> <span class='ocrx_word' id='word_1_425' title='bbox 3081 2314 3287 2390; x_wconf 77' lang='grc' dir='ltr'>στέγειν</span> <span class='ocrx_word' id='word_1_426' title='bbox 3327 2312 3600 2385; x_wconf 71' lang='grc' dir='ltr'>ἰπιπολῆς</span> <span class='ocrx_word' id='word_1_427' title='bbox 3653 2314 3754 2379; x_wconf 79' lang='grc' dir='ltr'>τὰς</span> 
     </span>
    </p>
   </div>
   <div class='ocr_carea' id='block_1_70' title="bbox 2092 2397 3754 2480">
    <p class='ocr_par' dir='ltr' id='par_1_70' title="bbox 2092 2397 3754 2480">
     <span class='ocr_line' id='line_1_73' title="bbox 2092 2397 3754 2480; baseline 0.001 -20"><span class='ocrx_word' id='word_1_428' title='bbox 2092 2408 2201 2460; x_wconf 80' lang='grc' dir='ltr'>τῶν</span> <span class='ocrx_word' id='word_1_429' title='bbox 2252 2402 2413 2478; x_wconf 74' lang='grc' dir='ltr'>ἐγγὺς</span> <span class='ocrx_word' id='word_1_430' title='bbox 2472 2402 2792 2480; x_wconf 67' lang='grc' dir='ltr'>ἀπορροίας.</span> <span class='ocrx_word' id='word_1_431' title='bbox 2851 2397 2992 2461; x_wconf 70' lang='grc' dir='ltr'>Οὔτε</span> <span class='ocrx_word' id='word_1_432' title='bbox 3040 2399 3099 2458; x_wconf 78' lang='grc' dir='ltr'>δὶ</span> <span class='ocrx_word' id='word_1_433' title='bbox 3155 2403 3183 2458; x_wconf 86' lang='grc' dir='ltr'><strong>ὁ</strong></span> <span class='ocrx_word' id='word_1_434' title='bbox 3230 2399 3536 2476; x_wconf 80' lang='grc' dir='ltr'>πολύπους,</span> <span class='ocrx_word' id='word_1_435' title='bbox 3568 2400 3692 2460; x_wconf 73' lang='grc' dir='ltr'>οὔτε</span> <span class='ocrx_word' id='word_1_436' title='bbox 3723 2406 3754 2462; x_wconf 79' lang='grc' dir='ltr'><strong>ὁ</strong></span> 
     </span>
    </p>
   </div>
   <div class='ocr_carea' id='block_1_71' title="bbox 2095 2488 3753 2569">
    <p class='ocr_par' dir='ltr' id='par_1_71' title="bbox 2095 2488 3753 2569">
     <span class='ocr_line' id='line_1_74' title="bbox 2095 2488 3753 2569; baseline 0.001 -22"><span class='ocrx_word' id='word_1_437' title='bbox 2095 2491 2420 2569; x_wconf 71' lang='grc' dir='ltr'>χαμαιλέων</span> <span class='ocrx_word' id='word_1_438' title='bbox 2450 2492 2587 2568; x_wconf 83' lang='grc' dir='ltr'>πρὸς</span> <span class='ocrx_word' id='word_1_439' title='bbox 2616 2493 2679 2548; x_wconf 87' lang='grc' dir='ltr'>τὸ</span> <span class='ocrx_word' id='word_1_440' title='bbox 2710 2489 2903 2547; x_wconf 84' lang='grc' dir='ltr'>λευκὸν</span> <span class='ocrx_word' id='word_1_441' title='bbox 2933 2488 3277 2562; x_wconf 78' lang='grc' dir='ltr'>ἀλλοιοῦται,</span> <span class='ocrx_word' id='word_1_442' title='bbox 3320 2488 3463 2548; x_wconf 85' lang='grc' dir='ltr'>διότι</span> <span class='ocrx_word' id='word_1_443' title='bbox 3505 2492 3753 2567; x_wconf 79' lang='grc' dir='ltr'>ἀσυμμέ-</span> 
     </span>
    </p>
   </div>
   <div class='ocr_carea' id='block_1_72' title="bbox 2092 2579 3747 2659">
    <p class='ocr_par' dir='ltr' id='par_1_72' title="bbox 2092 2579 3747 2659">
     <span class='ocr_line' id='line_1_75' title="bbox 2092 2579 3747 2659; baseline 0.001 -22"><span class='ocrx_word' id='word_1_444' title='bbox 2092 2602 2258 2657; x_wconf 85' lang='grc' dir='ltr'>τρους</span> <span class='ocrx_word' id='word_1_445' title='bbox 2289 2579 2483 2657; x_wconf 82' lang='grc' dir='ltr'>ἔχουσι</span> <span class='ocrx_word' id='word_1_446' title='bbox 2514 2579 2642 2645; x_wconf 76' lang='grc' dir='ltr'>τοὺς</span> <span class='ocrx_word' id='word_1_447' title='bbox 2674 2580 2879 2657; x_wconf 87' lang='grc' dir='ltr'>πόρους</span> <span class='ocrx_word' id='word_1_448' title='bbox 2911 2581 3048 2659; x_wconf 86' lang='grc' dir='ltr'>πρὸς</span> <span class='ocrx_word' id='word_1_449' title='bbox 3087 2581 3187 2651; x_wconf 75' lang='grc' dir='ltr'>τὴν</span> <span class='ocrx_word' id='word_1_450' title='bbox 3218 2581 3477 2654; x_wconf 81' lang='grc' dir='ltr'>τοιαύτην</span> <span class='ocrx_word' id='word_1_451' title='bbox 3526 2584 3747 2659; x_wconf 83' lang='grc' dir='ltr'>χροιάν·</span> 
     </span>
    </p>
   </div>
   <div class='ocr_carea' id='block_1_73' title="bbox 2092 2666 3034 2745">
    <p class='ocr_par' dir='ltr' id='par_1_73' title="bbox 2092 2666 3034 2745">
     <span class='ocr_line' id='line_1_76' title="bbox 2092 2666 3034 2745; baseline 0 -18"><span class='ocrx_word' id='word_1_452' title='bbox 2092 2672 2229 2745; x_wconf 85' lang='grc' dir='ltr'>πρὸς</span> <span class='ocrx_word' id='word_1_453' title='bbox 2262 2669 2320 2727; x_wconf 74' lang='grc' dir='ltr'>δὶ</span> <span class='ocrx_word' id='word_1_454' title='bbox 2348 2670 2443 2734; x_wconf 80' lang='grc' dir='ltr'>τὰς</span> <span class='ocrx_word' id='word_1_455' title='bbox 2475 2667 2652 2734; x_wconf 73' lang='grc' dir='ltr'>ἄλλας</span> <span class='ocrx_word' id='word_1_456' title='bbox 2682 2666 3034 2742; x_wconf 65' lang='grc' dir='ltr'>ἐπιτηδείως.</span> 
     </span>
    </p>
   </div>
   <div class='ocr_carea' id='block_1_74' title="bbox 2096 2776 3748 2857">
    <p class='ocr_par' dir='ltr' id='par_1_74' title="bbox 2096 2776 3748 2857">
     <span class='ocr_line' id='line_1_77' title="bbox 2096 2776 3748 2857; baseline 0 -23"><span class='ocrx_word' id='word_1_457' title='bbox 2096 2779 2237 2857; x_wconf 85' lang='grc' dir='ltr'>ρμς’·</span> <span class='ocrx_word' id='word_1_458' title='bbox 2274 2776 2427 2835; x_wconf 85' lang='grc' dir='ltr'>Διατί</span> <span class='ocrx_word' id='word_1_459' title='bbox 2455 2784 2556 2850; x_wconf 78' lang='grc' dir='ltr'>τῆς</span> <span class='ocrx_word' id='word_1_460' title='bbox 2585 2778 2851 2857; x_wconf 43' lang='grc' dir='ltr'>ἄρκτου-ἠ</span> <span class='ocrx_word' id='word_1_461' title='bbox 2901 2776 3134 2857; x_wconf 83' lang='grc' dir='ltr'>παλάμη</span> <span class='ocrx_word' id='word_1_462' title='bbox 3180 2785 3282 2850; x_wconf 81' lang='grc' dir='ltr'>τῆς</span> <span class='ocrx_word' id='word_1_463' title='bbox 3332 2777 3516 2855; x_wconf 82' lang='grc' dir='ltr'>χειρὸς</span> <span class='ocrx_word' id='word_1_464' title='bbox 3556 2783 3748 2857; x_wconf 66' lang='grc' dir='ltr'>φαγεῖν</span> 
     </span>
    </p>
   </div>
   <div class='ocr_carea' id='block_1_75' title="bbox 2749 2849 3085 2927">
    <p class='ocr_par' dir='ltr' id='par_1_75' title="bbox 2749 2849 3085 2927">
     <span class='ocr_line' id='line_1_78' title="bbox 2749 2849 3085 2927; baseline -0.006 -20"><span class='ocrx_word' id='word_1_465' title='bbox 2749 2849 3085 2927; x_wconf 76' lang='grc' dir='ltr'>γλυκυτάτη.</span> 
     </span>
    </p>
   </div>
   <div class='ocr_carea' id='block_1_76' title="bbox 2167 2936 3749 3011">
    <p class='ocr_par' dir='ltr' id='par_1_76' title="bbox 2167 2936 3749 3011">
     <span class='ocr_line' id='line_1_79' title="bbox 2167 2936 3749 3011; baseline -0.001 -15"><span class='ocrx_word' id='word_1_466' title='bbox 2167 2939 2316 2996; x_wconf 71' lang='grc' dir='ltr'>Διότι</span> <span class='ocrx_word' id='word_1_467' title='bbox 2347 2945 2451 2995; x_wconf 81' lang='grc' dir='ltr'>πᾶν</span> <span class='ocrx_word' id='word_1_468' title='bbox 2503 2939 2565 2995; x_wconf 81' lang='grc' dir='ltr'>τὸ</span> <span class='ocrx_word' id='word_1_469' title='bbox 2622 2938 2913 3011; x_wconf 71' lang='grc' dir='ltr'>εὔπεπτον,</span> <span class='ocrx_word' id='word_1_470' title='bbox 2963 2937 3204 3010; x_wconf 61' lang='grc' dir='ltr'>ἣδιστον</span> <span class='ocrx_word' id='word_1_471' title='bbox 3257 2937 3523 2997; x_wconf 69' lang='grc' dir='ltr'>εὔπεπτον</span> <span class='ocrx_word' id='word_1_472' title='bbox 3583 2936 3642 2995; x_wconf 71' lang='grc' dir='ltr'>δὲ</span> <span class='ocrx_word' id='word_1_473' title='bbox 3684 2939 3749 2995; x_wconf 82' lang='grc' dir='ltr'>τὸ</span> 
     </span>
    </p>
   </div>
   <div class='ocr_carea' id='block_1_77' title="bbox 2094 3020 3751 3108">
    <p class='ocr_par' dir='ltr' id='par_1_77' title="bbox 2094 3020 3751 3108">
     <span class='ocr_line' id='line_1_80' title="bbox 2094 3020 3751 3108; baseline -0.001 -22"><span class='ocrx_word' id='word_1_474' title='bbox 2094 3030 2565 3108; x_wconf 87' lang='grc' dir='ltr'>θερμαινόμενον·</span> <span class='ocrx_word' id='word_1_475' title='bbox 2652 3020 2999 3106; x_wconf 84' lang='grc' dir='ltr'>θερμαίνεται</span> <span class='ocrx_word' id='word_1_476' title='bbox 3079 3027 3135 3085; x_wconf 72' lang='grc' dir='ltr'>δδ</span> <span class='ocrx_word' id='word_1_477' title='bbox 3211 3028 3275 3085; x_wconf 76' lang='grc' dir='ltr'>τὸ</span> <span class='ocrx_word' id='word_1_478' title='bbox 3357 3030 3596 3105; x_wconf 88' lang='grc' dir='ltr'>μάλιστα</span> <span class='ocrx_word' id='word_1_479' title='bbox 3650 3051 3751 3107; x_wconf 83' lang='grc' dir='ltr'>γυ·-</span> 
     </span>
    </p>
   </div>
   <div class='ocr_carea' id='block_1_78' title="bbox 2095 3116 3754 3197">
    <p class='ocr_par' dir='ltr' id='par_1_78' title="bbox 2095 3116 3754 3197">
     <span class='ocr_line' id='line_1_81' title="bbox 2095 3116 3754 3197; baseline 0 -21"><span class='ocrx_word' id='word_1_480' title='bbox 2095 3119 2458 3196; x_wconf 85' lang='grc' dir='ltr'>μναζόμενον,</span> <span class='ocrx_word' id='word_1_481' title='bbox 2507 3120 2646 3195; x_wconf 82' lang='grc' dir='ltr'>[οἷον</span> <span class='ocrx_word' id='word_1_482' title='bbox 2702 3122 2738 3191; x_wconf 79' lang='grc' dir='ltr'><strong>ἡ</strong></span> <span class='ocrx_word' id='word_1_483' title='bbox 2795 3126 2896 3191; x_wconf 84' lang='grc' dir='ltr'>τῆς</span> <span class='ocrx_word' id='word_1_484' title='bbox 2953 3116 3152 3197; x_wconf 69' lang='grc' dir='ltr'>ἄρκτου</span> <span class='ocrx_word' id='word_1_485' title='bbox 3194 3126 3295 3191; x_wconf 84' lang='grc' dir='ltr'>τῆς</span> <span class='ocrx_word' id='word_1_486' title='bbox 3352 3119 3541 3197; x_wconf 84' lang='grc' dir='ltr'>χειρὸς</span> <span class='ocrx_word' id='word_1_487' title='bbox 3572 3118 3754 3176; x_wconf 88' lang='grc' dir='ltr'>παλά-</span> 
     </span>
    </p>
   </div>
   <div class='ocr_carea' id='block_1_79' title="bbox 2099 3206 3752 3286">
    <p class='ocr_par' dir='ltr' id='par_1_79' title="bbox 2099 3206 3752 3286">
     <span class='ocr_line' id='line_1_82' title="bbox 2099 3206 3752 3286; baseline -0.002 -19"><span class='ocrx_word' id='word_1_488' title='bbox 2099 3213 2222 3286; x_wconf 90' lang='grc' dir='ltr'>μη].</span> <span class='ocrx_word' id='word_1_489' title='bbox 2284 3210 2381 3265; x_wconf 78' lang='grc' dir='ltr'>Καὶ</span> <span class='ocrx_word' id='word_1_490' title='bbox 2437 3210 2543 3286; x_wconf 85' lang='grc' dir='ltr'>γὰρ</span> <span class='ocrx_word' id='word_1_491' title='bbox 2600 3209 2677 3273; x_wconf 83' lang='grc' dir='ltr'>ὡς</span> <span class='ocrx_word' id='word_1_492' title='bbox 2734 3206 2861 3266; x_wconf 84' lang='grc' dir='ltr'>ποδὶ</span> <span class='ocrx_word' id='word_1_493' title='bbox 2914 3208 3049 3284; x_wconf 79' lang='grc' dir='ltr'>αὐτῇ</span> <span class='ocrx_word' id='word_1_494' title='bbox 3081 3211 3283 3286; x_wconf 75' lang='grc' dir='ltr'>χρῆται</span> <span class='ocrx_word' id='word_1_495' title='bbox 3318 3206 3635 3285; x_wconf 79' lang='grc' dir='ltr'>βαδίζουσα,</span> <span class='ocrx_word' id='word_1_496' title='bbox 3661 3209 3752 3266; x_wconf 87' lang='grc' dir='ltr'>καὶ</span> 
     </span>
    </p>
   </div>
   <div class='ocr_carea' id='block_1_80' title="bbox 2094 3294 3754 3376">
    <p class='ocr_par' dir='ltr' id='par_1_80' title="bbox 2094 3294 3754 3376">
     <span class='ocr_line' id='line_1_83' title="bbox 2094 3294 3754 3376; baseline 0.001 -22"><span class='ocrx_word' id='word_1_497' title='bbox 2094 3300 2170 3363; x_wconf 83' lang='grc' dir='ltr'>ὡς</span> <span class='ocrx_word' id='word_1_498' title='bbox 2227 3300 2372 3376; x_wconf 87' lang='grc' dir='ltr'>χειρὶ</span> <span class='ocrx_word' id='word_1_499' title='bbox 2432 3294 2946 3373; x_wconf 64' lang='grc' dir='ltr'>ἀντιλαμὸαιομίνη</span> <span class='ocrx_word' id='word_1_500' title='bbox 2979 3302 3077 3354; x_wconf 82' lang='grc' dir='ltr'>τοῦ</span> <span class='ocrx_word' id='word_1_501' title='bbox 3108 3299 3539 3376; x_wconf 83' lang='grc' dir='ltr'>προστυχόντος.</span> <span class='ocrx_word' id='word_1_502' title='bbox 3596 3300 3754 3359; x_wconf 88' lang='grc' dir='ltr'>Ὅθεν</span> 
     </span>
    </p>
   </div>
   <div class='ocr_carea' id='block_1_81' title="bbox 2090 3385 3754 3468">
    <p class='ocr_par' dir='ltr' id='par_1_81' title="bbox 2090 3385 3754 3468">
     <span class='ocr_line' id='line_1_84' title="bbox 2090 3385 3754 3468; baseline 0.001 -23"><span class='ocrx_word' id='word_1_503' title='bbox 2090 3389 2179 3445; x_wconf 84' lang='grc' dir='ltr'>καὶ</span> <span class='ocrx_word' id='word_1_504' title='bbox 2237 3393 2346 3443; x_wconf 83' lang='grc' dir='ltr'>τῶν</span> <span class='ocrx_word' id='word_1_505' title='bbox 2400 3393 2622 3460; x_wconf 82' lang='grc' dir='ltr'>πτηνῶν</span> <span class='ocrx_word' id='word_1_506' title='bbox 2681 3389 2835 3458; x_wconf 85' lang='grc' dir='ltr'>ζώων</span> <span class='ocrx_word' id='word_1_507' title='bbox 2891 3385 3087 3458; x_wconf 79' lang='grc' dir='ltr'>ἥδιστα</span> <span class='ocrx_word' id='word_1_508' title='bbox 3138 3388 3227 3443; x_wconf 76' lang='grc' dir='ltr'>καὶ</span> <span class='ocrx_word' id='word_1_509' title='bbox 3278 3386 3515 3468; x_wconf 71' lang='grc' dir='ltr'>εὕτροφά</span> <span class='ocrx_word' id='word_1_510' title='bbox 3544 3388 3754 3446; x_wconf 68' lang='grc' dir='ltr'>ἐστιτὰ</span> 
     </span>
    </p>
   </div>
   <div class='ocr_carea' id='block_1_82' title="bbox 2090 3475 3749 3549">
    <p class='ocr_par' dir='ltr' id='par_1_82' title="bbox 2090 3475 3749 3549">
     <span class='ocr_line' id='line_1_85' title="bbox 2090 3475 3749 3549; baseline 0.002 -16"><span class='ocrx_word' id='word_1_511' title='bbox 2090 3477 2491 3549; x_wconf 83' lang='grc' dir='ltr'>κινητικώτατα</span> <span class='ocrx_word' id='word_1_512' title='bbox 2551 3475 2786 3548; x_wconf 80' lang='grc' dir='ltr'>μᾶλλον,</span> <span class='ocrx_word' id='word_1_513' title='bbox 2847 3478 3013 3533; x_wconf 81' lang='grc' dir='ltr'>ὁποῖά</span> <span class='ocrx_word' id='word_1_514' title='bbox 3068 3477 3212 3534; x_wconf 66' lang='grc' dir='ltr'>ἔστιν</span> <span class='ocrx_word' id='word_1_515' title='bbox 3273 3477 3458 3541; x_wconf 85' lang='grc' dir='ltr'>αύτοῖς</span> <span class='ocrx_word' id='word_1_516' title='bbox 3507 3479 3577 3535; x_wconf 78' lang='grc' dir='ltr'>τὰ</span> <span class='ocrx_word' id='word_1_517' title='bbox 3618 3499 3749 3536; x_wconf 84' lang='grc' dir='ltr'>πτε-</span> 
     </span>
    </p>
   </div>
   <div class='ocr_carea' id='block_1_83' title="bbox 2093 3564 3749 3644">
    <p class='ocr_par' dir='ltr' id='par_1_83' title="bbox 2093 3564 3749 3644">
     <span class='ocr_line' id='line_1_86' title="bbox 2093 3564 3749 3644; baseline 0.003 -24"><span class='ocrx_word' id='word_1_518' title='bbox 2093 3566 2267 3643; x_wconf 88' lang='grc' dir='ltr'>ρύγια.</span> <span class='ocrx_word' id='word_1_519' title='bbox 2319 3564 2550 3630; x_wconf 84' lang='grc' dir='ltr'>Τούτοις</span> <span class='ocrx_word' id='word_1_520' title='bbox 2586 3565 2688 3641; x_wconf 73' lang='grc' dir='ltr'>γὰρ</span> <span class='ocrx_word' id='word_1_521' title='bbox 2737 3566 2827 3621; x_wconf 86' lang='grc' dir='ltr'>τὸν</span> <span class='ocrx_word' id='word_1_522' title='bbox 2879 3564 3017 3642; x_wconf 83' lang='grc' dir='ltr'>ἀέρα</span> <span class='ocrx_word' id='word_1_523' title='bbox 3067 3571 3211 3622; x_wconf 88' lang='grc' dir='ltr'>κινεῖ</span> <span class='ocrx_word' id='word_1_524' title='bbox 3239 3565 3328 3622; x_wconf 85' lang='grc' dir='ltr'>καὶ</span> <span class='ocrx_word' id='word_1_525' title='bbox 3361 3564 3610 3644; x_wconf 76' lang='grc' dir='ltr'>διαπερᾷ.</span> <span class='ocrx_word' id='word_1_526' title='bbox 3669 3567 3749 3625; x_wconf 73' lang='grc' dir='ltr'>Τὰ</span> 
     </span>
    </p>
   </div>
   <div class='ocr_carea' id='block_1_84' title="bbox 2092 3652 3743 3735">
    <p class='ocr_par' dir='ltr' id='par_1_84' title="bbox 2092 3652 3743 3735">
     <span class='ocr_line' id='line_1_87' title="bbox 2092 3652 3743 3735; baseline 0.002 -24"><span class='ocrx_word' id='word_1_527' title='bbox 2092 3653 2139 3711; x_wconf 88' lang='grc' dir='ltr'>δ’</span> <span class='ocrx_word' id='word_1_528' title='bbox 2196 3652 2340 3711; x_wconf 74' lang='grc' dir='ltr'>ἄλλα</span> <span class='ocrx_word' id='word_1_529' title='bbox 2397 3654 2535 3731; x_wconf 74' lang='grc' dir='ltr'>μέρη</span> <span class='ocrx_word' id='word_1_530' title='bbox 2598 3653 2708 3731; x_wconf 79' lang='grc' dir='ltr'>οὐχ</span> <span class='ocrx_word' id='word_1_531' title='bbox 2759 3653 2926 3728; x_wconf 73' lang='grc' dir='ltr'>ὅμοια</span> <span class='ocrx_word' id='word_1_532' title='bbox 2976 3653 3193 3719; x_wconf 89' lang='grc' dir='ltr'>τούτοις</span> <span class='ocrx_word' id='word_1_533' title='bbox 3267 3656 3404 3733; x_wconf 88' lang='grc' dir='ltr'>πρὸς</span> <span class='ocrx_word' id='word_1_534' title='bbox 3458 3657 3743 3735; x_wconf 80' lang='grc' dir='ltr'>εὐτροφίαν</span> 
     </span>
    </p>
   </div>
   <div class='ocr_carea' id='block_1_85' title="bbox 2090 3740 3746 3822">
    <p class='ocr_par' dir='ltr' id='par_1_85' title="bbox 2090 3740 3746 3822">
     <span class='ocr_line' id='line_1_88' title="bbox 2090 3740 3746 3822; baseline 0.002 -22"><span class='ocrx_word' id='word_1_535' title='bbox 2090 3740 2303 3822; x_wconf 74' lang='grc' dir='ltr'>ἔχουσι.</span> <span class='ocrx_word' id='word_1_536' title='bbox 2364 3745 2459 3799; x_wconf 72' lang='grc' dir='ltr'>Διά</span> <span class='ocrx_word' id='word_1_537' title='bbox 2513 3748 2675 3800; x_wconf 75' lang='grc' dir='ltr'>τοῦτο</span> <span class='ocrx_word' id='word_1_538' title='bbox 2730 3744 2820 3799; x_wconf 87' lang='grc' dir='ltr'>καὶ</span> <span class='ocrx_word' id='word_1_539' title='bbox 2875 3745 2943 3800; x_wconf 77' lang='grc' dir='ltr'>τὰ</span> <span class='ocrx_word' id='word_1_540' title='bbox 2989 3745 3264 3821; x_wconf 88' lang='grc' dir='ltr'>γυμνάσια</span> <span class='ocrx_word' id='word_1_541' title='bbox 3321 3746 3524 3821; x_wconf 76' lang='grc' dir='ltr'>εὐεξίαν</span> <span class='ocrx_word' id='word_1_542' title='bbox 3558 3746 3746 3816; x_wconf 82' lang='grc' dir='ltr'>αὖτοῖς</span> 
     </span>
    </p>
   </div>
   <div class='ocr_carea' id='block_1_86' title="bbox 2089 3831 3752 3914">
    <p class='ocr_par' dir='ltr' id='par_1_86' title="bbox 2089 3831 3752 3914">
     <span class='ocr_line' id='line_1_89' title="bbox 2089 3831 3752 3914; baseline 0.002 -25"><span class='ocrx_word' id='word_1_543' title='bbox 2089 3835 2307 3908; x_wconf 86' lang='grc' dir='ltr'>σώμασι</span> <span class='ocrx_word' id='word_1_544' title='bbox 2357 3831 2547 3889; x_wconf 80' lang='grc' dir='ltr'>δίδωσι</span> <span class='ocrx_word' id='word_1_545' title='bbox 2597 3837 2851 3889; x_wconf 79' lang='grc' dir='ltr'>κινοῦντα</span> <span class='ocrx_word' id='word_1_546' title='bbox 2886 3834 2976 3889; x_wconf 87' lang='grc' dir='ltr'>καὶ</span> <span class='ocrx_word' id='word_1_547' title='bbox 3018 3834 3145 3895; x_wconf 76' lang='grc' dir='ltr'>τοὺς</span> <span class='ocrx_word' id='word_1_548' title='bbox 3188 3832 3242 3891; x_wconf 73' lang='grc' dir='ltr'>ἰν</span> <span class='ocrx_word' id='word_1_549' title='bbox 3295 3835 3484 3900; x_wconf 77' lang='grc' dir='ltr'>αὐτοῖς</span> <span class='ocrx_word' id='word_1_550' title='bbox 3533 3836 3752 3914; x_wconf 79' lang='grc' dir='ltr'>χυμοὺς</span> 
     </span>
    </p>
   </div>
   <div class='ocr_carea' id='block_1_87' title="bbox 2089 3922 3751 4003">
    <p class='ocr_par' dir='ltr' id='par_1_87' title="bbox 2089 3922 3751 4003">
     <span class='ocr_line' id='line_1_90' title="bbox 2089 3922 3751 4003; baseline 0.002 -24"><span class='ocrx_word' id='word_1_551' title='bbox 2089 3923 2363 3979; x_wconf 72' lang='grc' dir='ltr'>πέπτοντα</span> <span class='ocrx_word' id='word_1_552' title='bbox 2390 3923 2481 3979; x_wconf 76' lang='grc' dir='ltr'>καὶ</span> <span class='ocrx_word' id='word_1_553' title='bbox 2513 3922 2976 3980; x_wconf 84' lang='grc' dir='ltr'>ἀπολεπτύνοντα.</span> <span class='ocrx_word' id='word_1_554' title='bbox 3011 3923 3089 3983; x_wconf 76' lang='grc' dir='ltr'>Οὐ</span> <span class='ocrx_word' id='word_1_555' title='bbox 3144 3925 3312 4003; x_wconf 80' lang='grc' dir='ltr'>μέχρι</span> <span class='ocrx_word' id='word_1_556' title='bbox 3345 3922 3405 3982; x_wconf 75' lang='grc' dir='ltr'>δὶ</span> <span class='ocrx_word' id='word_1_557' title='bbox 3457 3928 3751 4002; x_wconf 85' lang='grc' dir='ltr'>σωμάτων,</span> 
     </span>
    </p>
   </div>
   <div class='ocr_carea' id='block_1_88' title="bbox 2090 4010 3752 4091">
    <p class='ocr_par' dir='ltr' id='par_1_88' title="bbox 2090 4010 3752 4091">
     <span class='ocr_line' id='line_1_91' title="bbox 2090 4010 3752 4091; baseline 0.003 -24"><span class='ocrx_word' id='word_1_558' title='bbox 2090 4010 2350 4068; x_wconf 78' lang='grc' dir='ltr'>ἀλλὰκαὶ</span> <span class='ocrx_word' id='word_1_559' title='bbox 2399 4011 2477 4075; x_wconf 70' lang='grc' dir='ltr'>εἷς</span> <span class='ocrx_word' id='word_1_560' title='bbox 2531 4012 2694 4077; x_wconf 81' lang='grc' dir='ltr'>αὐτὰς</span> <span class='ocrx_word' id='word_1_561' title='bbox 2724 4012 2820 4078; x_wconf 80' lang='grc' dir='ltr'>τὰς</span> <span class='ocrx_word' id='word_1_562' title='bbox 2861 4014 3137 4091; x_wconf 82' lang='grc' dir='ltr'>ψυχὰςτὰ</span> <span class='ocrx_word' id='word_1_563' title='bbox 3186 4014 3238 4070; x_wconf 76' lang='grc' dir='ltr'>έν</span> <span class='ocrx_word' id='word_1_564' title='bbox 3288 4021 3411 4079; x_wconf 90' lang='grc' dir='ltr'>τοῖς</span> <span class='ocrx_word' id='word_1_565' title='bbox 3465 4018 3752 4091; x_wconf 78' lang='grc' dir='ltr'>μαθήμασι</span> 
     </span>
    </p>
   </div>
   <div class='ocr_carea' id='block_1_89' title="bbox 2088 4101 3753 4183">
    <p class='ocr_par' dir='ltr' id='par_1_89' title="bbox 2088 4101 3753 4183">
     <span class='ocr_line' id='line_1_92' title="bbox 2088 4101 3753 4183; baseline 0.004 -27"><span class='ocrx_word' id='word_1_566' title='bbox 2088 4103 2358 4177; x_wconf 82' lang='grc' dir='ltr'>γυμνάσια</span> <span class='ocrx_word' id='word_1_567' title='bbox 2379 4101 2648 4176; x_wconf 75' lang='grc' dir='ltr'>ὠφέλειαν</span> <span class='ocrx_word' id='word_1_568' title='bbox 2677 4101 2919 4177; x_wconf 76' lang='grc' dir='ltr'>ἐμποιεῖ.</span> <span class='ocrx_word' id='word_1_569' title='bbox 2950 4103 3048 4160; x_wconf 83' lang='grc' dir='ltr'>Καὶ</span> <span class='ocrx_word' id='word_1_570' title='bbox 3073 4103 3285 4176; x_wconf 82' lang='grc' dir='ltr'>κίνησις</span> <span class='ocrx_word' id='word_1_571' title='bbox 3311 4106 3406 4179; x_wconf 75' lang='grc' dir='ltr'>μὶν</span> <span class='ocrx_word' id='word_1_572' title='bbox 3436 4106 3753 4183; x_wconf 78' lang='grc' dir='ltr'>μετεξετέρη</span> 
     </span>
    </p>
   </div>
   <div class='ocr_carea' id='block_1_90' title="bbox 2090 4190 3757 4272">
    <p class='ocr_par' dir='ltr' id='par_1_90' title="bbox 2090 4190 3757 4272">
     <span class='ocr_line' id='line_1_93' title="bbox 2090 4190 3757 4272; baseline 0.002 -25"><span class='ocrx_word' id='word_1_573' title='bbox 2090 4194 2228 4247; x_wconf 79' lang='grc' dir='ltr'>κατά</span> <span class='ocrx_word' id='word_1_574' title='bbox 2275 4192 2366 4247; x_wconf 87' lang='grc' dir='ltr'>τὸν</span> <span class='ocrx_word' id='word_1_575' title='bbox 2416 4190 2805 4268; x_wconf 82' lang='grc' dir='ltr'>Ἱπποκράτην,</span> <span class='ocrx_word' id='word_1_576' title='bbox 2858 4191 3106 4269; x_wconf 85' lang='grc' dir='ltr'>κρατύνει</span> <span class='ocrx_word' id='word_1_577' title='bbox 3153 4193 3217 4250; x_wconf 86' lang='grc' dir='ltr'>τὸ</span> <span class='ocrx_word' id='word_1_578' title='bbox 3263 4198 3446 4270; x_wconf 81' lang='grc' dir='ltr'>σῶμα,</span> <span class='ocrx_word' id='word_1_579' title='bbox 3476 4194 3643 4272; x_wconf 81' lang='grc' dir='ltr'>ἀργία</span> <span class='ocrx_word' id='word_1_580' title='bbox 3698 4192 3757 4251; x_wconf 71' lang='grc' dir='ltr'>δὲ</span> 
     </span>
    </p>
   </div>
   <div class='ocr_carea' id='block_1_91' title="bbox 2090 4285 2274 4353">
    <p class='ocr_par' dir='ltr' id='par_1_91' title="bbox 2090 4285 2274 4353">
     <span class='ocr_line' id='line_1_94' title="bbox 2090 4285 2274 4353; baseline 0.005 -15"><span class='ocrx_word' id='word_1_581' title='bbox 2090 4285 2274 4353; x_wconf 55' lang='grc' dir='ltr'>τήκεμ</span> 
     </span>
    </p>
   </div>
   <div class='ocr_carea' id='block_1_92' title="bbox 2261 4475 3582 4557">
    <p class='ocr_par' dir='ltr' id='par_1_92' title="bbox 2261 4475 3582 4557">
     <span class='ocr_line' id='line_1_95' title="bbox 2261 4475 3582 4557; baseline -0.003 -22"><span class='ocrx_word' id='word_1_582' title='bbox 2261 4478 2405 4553; x_wconf 69' lang='grc' dir='ltr'>ρμζ.</span> <span class='ocrx_word' id='word_1_583' title='bbox 2439 4476 2591 4534; x_wconf 88' lang='grc' dir='ltr'>Διατί</span> <span class='ocrx_word' id='word_1_584' title='bbox 2623 4483 2850 4556; x_wconf 85' lang='grc' dir='ltr'>Δωριεῖς</span> <span class='ocrx_word' id='word_1_585' title='bbox 2881 4477 3136 4557; x_wconf 68' lang='grc' dir='ltr'>εὔχονται</span> <span class='ocrx_word' id='word_1_586' title='bbox 3169 4478 3340 4549; x_wconf 73' lang='grc' dir='ltr'>κακὴν</span> <span class='ocrx_word' id='word_1_587' title='bbox 3373 4475 3582 4554; x_wconf 82' lang='grc' dir='ltr'>χόρτου</span> 
     </span>
    </p>
   </div>
   <div class='ocr_carea' id='block_1_93' title="bbox 2743 4550 3103 4627">
    <p class='ocr_par' dir='ltr' id='par_1_93' title="bbox 2743 4550 3103 4627">
     <span class='ocr_line' id='line_1_96' title="bbox 2743 4550 3103 4627; baseline 0.003 -19"><span class='ocrx_word' id='word_1_588' title='bbox 2743 4550 3103 4627; x_wconf 77' lang='grc' dir='ltr'>συγκομῖδήν.</span> 
     </span>
    </p>
   </div>
   <div class='ocr_carea' id='block_1_94' title="bbox 411 4633 1985 4717">
    <p class='ocr_par' dir='ltr' id='par_1_94' title="bbox 411 4637 1985 4710">
     <span class='ocr_line' id='line_1_97' title="bbox 411 4637 1985 4710; baseline -0.001 -12"><span class='ocrx_word' id='word_1_589' title='bbox 411 4640 708 4698; x_wconf 88' lang='lat' dir='ltr'>Graminis</span> <span class='ocrx_word' id='word_1_590' title='bbox 738 4638 897 4695; x_wconf 87' lang='lat' dir='ltr'>mala</span> <span class='ocrx_word' id='word_1_591' title='bbox 927 4638 1141 4694; x_wconf 87' lang='lat' dir='ltr'>messis</span> <span class='ocrx_word' id='word_1_592' title='bbox 1164 4638 1453 4710; x_wconf 87' lang='lat' dir='ltr'>contingit</span> <span class='ocrx_word' id='word_1_593' title='bbox 1472 4637 1729 4710; x_wconf 89' lang='lat' dir='ltr'>plurima</span> <span class='ocrx_word' id='word_1_594' title='bbox 1746 4640 1985 4697; x_wconf 85' lang='lat' dir='ltr'>cadente</span> 
     </span>
    </p>
   </div>
   <div class='ocr_carea' id='block_1_95' title="bbox 2099 4633 3753 4717">
    <p class='ocr_par' dir='ltr' id='par_1_95' title="bbox 2173 4633 3753 4717">
     <span class='ocr_line' id='line_1_98' title="bbox 2173 4633 3753 4717; baseline -0.002 -21"><span class='ocrx_word' id='word_1_595' title='bbox 2173 4640 2353 4703; x_wconf 82' lang='grc' dir='ltr'>Κακὸς</span> <span class='ocrx_word' id='word_1_596' title='bbox 2381 4638 2765 4716; x_wconf 83' lang='grc' dir='ltr'>συγκομίζεται</span> <span class='ocrx_word' id='word_1_597' title='bbox 2823 4641 3027 4717; x_wconf 88' lang='grc' dir='ltr'>χόρτος</span> <span class='ocrx_word' id='word_1_598' title='bbox 3088 4638 3301 4716; x_wconf 82' lang='grc' dir='ltr'>βροχήν</span> <span class='ocrx_word' id='word_1_599' title='bbox 3365 4634 3449 4694; x_wconf 72' lang='grc' dir='ltr'>ὅτι</span> <span class='ocrx_word' id='word_1_600' title='bbox 3486 4633 3753 4709; x_wconf 86' lang='grc' dir='ltr'>πλείστην</span> 
     </span>
    </p>
   </div>
   <div class='ocr_carea' id='block_1_96' title="bbox 333 4727 1992 4810">
    <p class='ocr_par' dir='ltr' id='par_1_96' title="bbox 333 4727 1992 4810">
     <span class='ocr_line' id='line_1_99' title="bbox 333 4727 1992 4810; baseline -0.004 -18"><span class='ocrx_word' id='word_1_601' title='bbox 333 4734 705 4810; x_wconf 89' lang='lat' dir='ltr'>pluvia.Cum</span> <span class='ocrx_word' id='word_1_602' title='bbox 753 4728 908 4786; x_wconf 89' lang='lat' dir='ltr'>enim</span> <span class='ocrx_word' id='word_1_603' title='bbox 957 4728 1142 4784; x_wconf 89' lang='lat' dir='ltr'>viride</span> <span class='ocrx_word' id='word_1_604' title='bbox 1189 4727 1336 4783; x_wconf 91' lang='lat' dir='ltr'>illud</span> <span class='ocrx_word' id='word_1_605' title='bbox 1390 4727 1588 4810; x_wconf 88' lang='lat' dir='ltr'>pluvia</span> <span class='ocrx_word' id='word_1_606' title='bbox 1637 4730 1992 4801; x_wconf 90' lang='lat' dir='ltr'>permadens</span> 
     </span>
    </p>
   </div>
   <div class='ocr_carea' id='block_1_97' title="bbox 334 4809 1996 4890">
    <p class='ocr_par' dir='ltr' id='par_1_97' title="bbox 334 4809 1996 4890">
     <span class='ocr_line' id='line_1_100' title="bbox 334 4809 1996 4890; baseline -0.005 -7"><span class='ocrx_word' id='word_1_607' title='bbox 334 4809 674 4890; x_wconf 80' lang='lat' dir='ltr'>demetitur,</span> <span class='ocrx_word' id='word_1_608' title='bbox 708 4818 877 4875; x_wconf 86' lang='lat' dir='ltr'>facile</span> <span class='ocrx_word' id='word_1_609' title='bbox 906 4816 1323 4888; x_wconf 88' lang='lat' dir='ltr'>corrumpitur.</span> <span class='ocrx_word' id='word_1_610' title='bbox 1357 4809 1432 4871; x_wconf 86' lang='lat' dir='ltr'>At</span> <span class='ocrx_word' id='word_1_611' title='bbox 1475 4816 1686 4890; x_wconf 63' lang='lat' dir='ltr'>pluvias</span> <span class='ocrx_word' id='word_1_612' title='bbox 1738 4819 1996 4875; x_wconf 82' lang='lat' dir='ltr'>frumen-</span> 
     </span>
    </p>
   </div>
   <div class='ocr_carea' id='block_1_98' title="bbox 332 4904 1995 4978">
    <p class='ocr_par' dir='ltr' id='par_1_98' title="bbox 332 4904 1995 4978">
     <span class='ocr_line' id='line_1_101' title="bbox 332 4904 1995 4978; baseline -0.005 -6"><span class='ocrx_word' id='word_1_613' title='bbox 332 4921 461 4973; x_wconf 90' lang='lat' dir='ltr'>tum</span> <span class='ocrx_word' id='word_1_614' title='bbox 493 4916 629 4970; x_wconf 90' lang='lat' dir='ltr'>ante</span> <span class='ocrx_word' id='word_1_615' title='bbox 661 4913 925 4967; x_wconf 70' lang='lat' dir='ltr'>aastatem</span> <span class='ocrx_word' id='word_1_616' title='bbox 959 4907 1218 4978; x_wconf 85' lang='lat' dir='ltr'>rigantes</span> <span class='ocrx_word' id='word_1_617' title='bbox 1262 4904 1408 4961; x_wconf 88' lang='lat' dir='ltr'>illud</span> <span class='ocrx_word' id='word_1_618' title='bbox 1451 4906 1668 4978; x_wconf 87' lang='lat' dir='ltr'>juvant</span> <span class='ocrx_word' id='word_1_619' title='bbox 1713 4908 1995 4965; x_wconf 87' lang='lat' dir='ltr'>adversus</span> 
     </span>
    </p>
   </div>
   <div class='ocr_carea' id='block_1_99' title="bbox 334 4996 1997 5069">
    <p class='ocr_par' dir='ltr' id='par_1_99' title="bbox 334 4996 1997 5069">
     <span class='ocr_line' id='line_1_102' title="bbox 334 4996 1997 5069; baseline -0.004 -10"><span class='ocrx_word' id='word_1_620' title='bbox 334 5004 557 5059; x_wconf 76' lang='lat' dir='ltr'>Calidas</span> <span class='ocrx_word' id='word_1_621' title='bbox 589 5017 764 5057; x_wconf 90' lang='lat' dir='ltr'>auras</span> <span class='ocrx_word' id='word_1_622' title='bbox 795 5002 852 5054; x_wconf 91' lang='lat' dir='ltr'>et</span> <span class='ocrx_word' id='word_1_623' title='bbox 881 4997 955 5052; x_wconf 87' lang='lat' dir='ltr'>ab</span> <span class='ocrx_word' id='word_1_624' title='bbox 987 5001 1188 5051; x_wconf 85' lang='lat' dir='ltr'>austro</span> <span class='ocrx_word' id='word_1_625' title='bbox 1220 4996 1537 5066; x_wconf 88' lang='lat' dir='ltr'>spirantes,</span> <span class='ocrx_word' id='word_1_626' title='bbox 1560 5012 1689 5068; x_wconf 67' lang='lat' dir='ltr'>quin</span> <span class='ocrx_word' id='word_1_627' title='bbox 1720 5013 1835 5052; x_wconf 89' lang='lat' dir='ltr'>non</span> <span class='ocrx_word' id='word_1_628' title='bbox 1872 5014 1997 5069; x_wconf 88' lang='lat' dir='ltr'>per-</span> 
     </span>
    </p>
   </div>
   <div class='ocr_carea' id='block_1_100' title="bbox 334 5085 1996 5152">
    <p class='ocr_par' dir='ltr' id='par_1_100' title="bbox 334 5085 1996 5152">
     <span class='ocr_line' id='line_1_103' title="bbox 334 5085 1996 5152; baseline -0.002 -5"><span class='ocrx_word' id='word_1_629' title='bbox 334 5093 577 5147; x_wconf 88' lang='lat' dir='ltr'>mittunt</span> <span class='ocrx_word' id='word_1_630' title='bbox 608 5092 865 5145; x_wconf 88' lang='lat' dir='ltr'>fructum</span> <span class='ocrx_word' id='word_1_631' title='bbox 898 5087 958 5142; x_wconf 91' lang='lat' dir='ltr'>in</span> <span class='ocrx_word' id='word_1_632' title='bbox 990 5085 1169 5141; x_wconf 88' lang='lat' dir='ltr'>arista</span> <span class='ocrx_word' id='word_1_633' title='bbox 1200 5085 1602 5152; x_wconf 90' lang='lat' dir='ltr'>condemnari,</span> <span class='ocrx_word' id='word_1_634' title='bbox 1656 5087 1753 5140; x_wconf 89' lang='lat' dir='ltr'>sed</span> <span class='ocrx_word' id='word_1_635' title='bbox 1805 5087 1996 5143; x_wconf 90' lang='lat' dir='ltr'>calore</span> 
     </span>
    </p>
   </div>
   <div class='ocr_carea' id='block_1_101' title="bbox 334 5172 1995 5245">
    <p class='ocr_par' dir='ltr' id='par_1_101' title="bbox 334 5172 1995 5245">
     <span class='ocr_line' id='line_1_104' title="bbox 334 5172 1995 5245; baseline -0.004 -10"><span class='ocrx_word' id='word_1_636' title='bbox 334 5197 440 5235; x_wconf 87' lang='lat' dir='ltr'>suo</span> <span class='ocrx_word' id='word_1_637' title='bbox 473 5178 830 5234; x_wconf 88' lang='lat' dir='ltr'>soliditatem</span> <span class='ocrx_word' id='word_1_638' title='bbox 864 5175 994 5245; x_wconf 82' lang='lat' dir='ltr'>ejus</span> <span class='ocrx_word' id='word_1_639' title='bbox 1021 5173 1357 5244; x_wconf 85' lang='lat' dir='ltr'>impediunt</span> <span class='ocrx_word' id='word_1_640' title='bbox 1397 5172 1830 5245; x_wconf 89' lang='lat' dir='ltr'>dissipantque,</span> <span class='ocrx_word' id='word_1_641' title='bbox 1882 5174 1995 5231; x_wconf 89' lang='lat' dir='ltr'>nisi</span> 
     </span>
    </p>
   </div>
   <div class='ocr_carea' id='block_1_102' title="bbox 333 5262 1997 5337">
    <p class='ocr_par' dir='ltr' id='par_1_102' title="bbox 333 5262 1997 5337">
     <span class='ocr_line' id='line_1_105' title="bbox 333 5262 1997 5337; baseline -0.001 -15"><span class='ocrx_word' id='word_1_642' title='bbox 333 5274 490 5322; x_wconf 62' lang='lat' dir='ltr'>tvrra</span> <span class='ocrx_word' id='word_1_643' title='bbox 514 5267 756 5337; x_wconf 86' lang='lat' dir='ltr'>irrigata</span> <span class='ocrx_word' id='word_1_644' title='bbox 789 5265 999 5319; x_wconf 84' lang='lat' dir='ltr'>humor</span> <span class='ocrx_word' id='word_1_645' title='bbox 1026 5263 1268 5318; x_wconf 85' lang='lat' dir='ltr'>aristam</span> <span class='ocrx_word' id='word_1_646' title='bbox 1299 5262 1652 5335; x_wconf 85' lang='lat' dir='ltr'>refrigerans</span> <span class='ocrx_word' id='word_1_647' title='bbox 1675 5269 1849 5334; x_wconf 90' lang='lat' dir='ltr'>atque</span> <span class='ocrx_word' id='word_1_648' title='bbox 1874 5281 1997 5320; x_wconf 92' lang='lat' dir='ltr'>ma-</span> 
     </span>
    </p>
   </div>
   <div class='ocr_carea' id='block_1_103' title="bbox 338 5350 1997 5426">
    <p class='ocr_par' dir='ltr' id='par_1_103' title="bbox 338 5350 1997 5426">
     <span class='ocr_line' id='line_1_106' title="bbox 338 5350 1997 5426; baseline -0.002 -13"><span class='ocrx_word' id='word_1_649' title='bbox 338 5357 633 5413; x_wconf 66' lang='lat' dir='ltr'>drfaciens</span> <span class='ocrx_word' id='word_1_650' title='bbox 657 5352 990 5410; x_wconf 88' lang='lat' dir='ltr'>accesserit.</span> <span class='ocrx_word' id='word_1_651' title='bbox 1020 5352 1507 5425; x_wconf 88' lang='lat' dir='ltr'>Quandoquidem</span> <span class='ocrx_word' id='word_1_652' title='bbox 1548 5350 1732 5422; x_wconf 83' lang='lat' dir='ltr'>igitur</span> <span class='ocrx_word' id='word_1_653' title='bbox 1758 5359 1997 5426; x_wconf 87' lang='lat' dir='ltr'>prepter</span> 
     </span>
    </p>
   </div>
   <div class='ocr_carea' id='block_1_104' title="bbox 337 5439 1995 5518">
    <p class='ocr_par' dir='ltr' id='par_1_104' title="bbox 337 5439 1995 5518">
     <span class='ocr_line' id='line_1_107' title="bbox 337 5439 1995 5518; baseline -0.001 -18"><span class='ocrx_word' id='word_1_654' title='bbox 337 5446 567 5518; x_wconf 79' lang='lat' dir='ltr'>pluvias</span> <span class='ocrx_word' id='word_1_655' title='bbox 600 5443 759 5499; x_wconf 83' lang='lat' dir='ltr'>mala</span> <span class='ocrx_word' id='word_1_656' title='bbox 785 5442 850 5496; x_wconf 81' lang='lat' dir='ltr'>ﬁt</span> <span class='ocrx_word' id='word_1_657' title='bbox 881 5440 1093 5496; x_wconf 89' lang='lat' dir='ltr'>messis</span> <span class='ocrx_word' id='word_1_658' title='bbox 1124 5439 1435 5513; x_wconf 89' lang='lat' dir='ltr'>graminis,</span> <span class='ocrx_word' id='word_1_659' title='bbox 1471 5444 1673 5510; x_wconf 90' lang='lat' dir='ltr'>utpote</span> <span class='ocrx_word' id='word_1_660' title='bbox 1703 5442 1857 5510; x_wconf 89' lang='lat' dir='ltr'>quod</span> <span class='ocrx_word' id='word_1_661' title='bbox 1891 5458 1995 5514; x_wconf 90' lang='lat' dir='ltr'>per</span> 
     </span>
    </p>
   </div>
   <div class='ocr_carea' id='block_1_105' title="bbox 335 5529 1991 5609">
    <p class='ocr_par' dir='ltr' id='par_1_105' title="bbox 335 5529 1991 5609">
     <span class='ocr_line' id='line_1_108' title="bbox 335 5529 1991 5609; baseline -0.002 -15"><span class='ocrx_word' id='word_1_662' title='bbox 335 5535 469 5594; x_wconf 86' lang='lat' dir='ltr'>illas</span> <span class='ocrx_word' id='word_1_663' title='bbox 499 5531 784 5609; x_wconf 87' lang='lat' dir='ltr'>putrescit</span> <span class='ocrx_word' id='word_1_664' title='bbox 812 5546 880 5587; x_wconf 87' lang='lat' dir='ltr'>ac</span> <span class='ocrx_word' id='word_1_665' title='bbox 910 5529 1195 5603; x_wconf 88' lang='lat' dir='ltr'>perditur,</span> <span class='ocrx_word' id='word_1_666' title='bbox 1218 5530 1514 5585; x_wconf 78' lang='lat' dir='ltr'>frumento</span> <span class='ocrx_word' id='word_1_667' title='bbox 1544 5531 1737 5586; x_wconf 87' lang='lat' dir='ltr'>autem</span> <span class='ocrx_word' id='word_1_668' title='bbox 1772 5532 1991 5591; x_wconf 71' lang='lat' dir='ltr'>easdem</span> 
     </span>
    </p>
   </div>
   <div class='ocr_carea' id='block_1_106' title="bbox 403 5729 863 5804">
    <p class='ocr_par' dir='ltr' id='par_1_106' title="bbox 403 5729 863 5804">
     <span class='ocr_line' id='line_1_109' title="bbox 403 5729 863 5804; baseline -0.02 -7"><span class='ocrx_word' id='word_1_669' title='bbox 403 5736 431 5767; x_wconf 77' lang='lat'><strong><em>*</em></strong></span> <span class='ocrx_word' id='word_1_670' title='bbox 459 5731 621 5799; x_wconf 77' lang='grc' dir='ltr'>ιιιαά.</span> <span class='ocrx_word' id='word_1_671' title='bbox 657 5731 703 5804; x_wconf 81' lang='grc' dir='ltr'>Ι,</span> <span class='ocrx_word' id='word_1_672' title='bbox 729 5729 863 5791; x_wconf 69' lang='grc'>214.</span> 
     </span>
    </p>
   </div>
   <div class='ocr_carea' id='block_1_107' title="bbox 2106 4725 3756 4806">
    <p class='ocr_par' dir='ltr' id='par_1_107' title="bbox 2106 4725 3756 4806">
     <span class='ocr_line' id='line_1_110' title="bbox 2106 4725 3756 4806; baseline -0.002 -21"><span class='ocrx_word' id='word_1_673' title='bbox 2106 4729 2391 4806; x_wconf 89' lang='grc' dir='ltr'>εχόμενος.</span> <span class='ocrx_word' id='word_1_674' title='bbox 2454 4728 2689 4806; x_wconf 85' lang='grc' dir='ltr'>Χλωρὸς</span> <span class='ocrx_word' id='word_1_675' title='bbox 2740 4731 2841 4806; x_wconf 78' lang='grc' dir='ltr'>γὰρ</span> <span class='ocrx_word' id='word_1_676' title='bbox 2903 4726 3253 4801; x_wconf 85' lang='grc' dir='ltr'>θεριζόμενος</span> <span class='ocrx_word' id='word_1_677' title='bbox 3313 4728 3543 4800; x_wconf 80' lang='grc' dir='ltr'>σήπεται</span> <span class='ocrx_word' id='word_1_678' title='bbox 3610 4725 3756 4804; x_wconf 75' lang='grc' dir='ltr'>ταχὺ</span> 
     </span>
    </p>
   </div>
   <div class='ocr_carea' id='block_1_108' title="bbox 2107 4813 3759 4895">
    <p class='ocr_par' dir='ltr' id='par_1_108' title="bbox 2107 4813 3759 4895">
     <span class='ocr_line' id='line_1_111' title="bbox 2107 4813 3759 4895; baseline -0.002 -21"><span class='ocrx_word' id='word_1_679' title='bbox 2107 4813 2406 4895; x_wconf 77' lang='grc' dir='ltr'>διάϐροχος</span> <span class='ocrx_word' id='word_1_680' title='bbox 2464 4818 2725 4894; x_wconf 84' lang='grc' dir='ltr'>γεγονώς.</span> <span class='ocrx_word' id='word_1_681' title='bbox 2774 4815 3029 4890; x_wconf 75' lang='grc' dir='ltr'>’Υόμενος</span> <span class='ocrx_word' id='word_1_682' title='bbox 3084 4813 3142 4871; x_wconf 71' lang='grc' dir='ltr'>δὲ</span> <span class='ocrx_word' id='word_1_683' title='bbox 3198 4817 3305 4895; x_wconf 87' lang='grc' dir='ltr'>πρὸ</span> <span class='ocrx_word' id='word_1_684' title='bbox 3360 4814 3459 4873; x_wconf 71' lang='grc' dir='ltr'>τοῦ</span> <span class='ocrx_word' id='word_1_685' title='bbox 3515 4815 3759 4893; x_wconf 78' lang='grc' dir='ltr'>θέρουςό</span> 
     </span>
    </p>
   </div>
   <div class='ocr_carea' id='block_1_109' title="bbox 2107 4905 3758 4983">
    <p class='ocr_par' dir='ltr' id='par_1_109' title="bbox 2107 4905 3758 4983">
     <span class='ocr_line' id='line_1_112' title="bbox 2107 4905 3758 4983; baseline -0.001 -20"><span class='ocrx_word' id='word_1_686' title='bbox 2107 4913 2256 4971; x_wconf 86' lang='grc' dir='ltr'>σῖτος</span> <span class='ocrx_word' id='word_1_687' title='bbox 2319 4909 2597 4983; x_wconf 83' lang='grc' dir='ltr'>βοηθεῖται</span> <span class='ocrx_word' id='word_1_688' title='bbox 2648 4906 2784 4982; x_wconf 89' lang='grc' dir='ltr'>πρὸς</span> <span class='ocrx_word' id='word_1_689' title='bbox 2813 4906 2881 4961; x_wconf 81' lang='grc' dir='ltr'>τὰ</span> <span class='ocrx_word' id='word_1_690' title='bbox 2932 4906 3108 4981; x_wconf 80' lang='grc' dir='ltr'>θερμὰ</span> <span class='ocrx_word' id='word_1_691' title='bbox 3134 4907 3224 4963; x_wconf 80' lang='grc' dir='ltr'>καὶ</span> <span class='ocrx_word' id='word_1_692' title='bbox 3262 4908 3419 4964; x_wconf 86' lang='grc' dir='ltr'>νότια</span> <span class='ocrx_word' id='word_1_693' title='bbox 3454 4905 3758 4981; x_wconf 84' lang='grc' dir='ltr'>πνεύματα.</span> 
     </span>
    </p>
   </div>
   <div class='ocr_carea' id='block_1_110' title="bbox 2106 4993 3759 5073">
    <p class='ocr_par' dir='ltr' id='par_1_110' title="bbox 2106 4993 3759 5073">
     <span class='ocr_line' id='line_1_113' title="bbox 2106 4993 3759 5073; baseline -0.003 -19"><span class='ocrx_word' id='word_1_694' title='bbox 2106 5000 2292 5056; x_wconf 80' lang='grc' dir='ltr'>Ταῦτα</span> <span class='ocrx_word' id='word_1_695' title='bbox 2345 4998 2446 5073; x_wconf 82' lang='grc' dir='ltr'>γὰρ</span> <span class='ocrx_word' id='word_1_696' title='bbox 2505 4996 2606 5050; x_wconf 84' lang='grc' dir='ltr'>οὑκ</span> <span class='ocrx_word' id='word_1_697' title='bbox 2661 4993 2723 5064; x_wconf 71' lang='grc' dir='ltr'>ἐᾷ</span> <span class='ocrx_word' id='word_1_698' title='bbox 2793 4995 3143 5065; x_wconf 83' lang='grc' dir='ltr'>πυκνωθῆναι</span> <span class='ocrx_word' id='word_1_699' title='bbox 3220 4994 3611 5070; x_wconf 82' lang='grc' dir='ltr'>συνιστάμενον</span> <span class='ocrx_word' id='word_1_700' title='bbox 3665 4994 3759 5051; x_wconf 83' lang='grc' dir='ltr'>τὸν</span> 
     </span>
    </p>
   </div>
   <div class='ocr_carea' id='block_1_111' title="bbox 2105 5082 3760 5163">
    <p class='ocr_par' dir='ltr' id='par_1_111' title="bbox 2105 5082 3760 5163">
     <span class='ocr_line' id='line_1_114' title="bbox 2105 5082 3760 5163; baseline -0.001 -21"><span class='ocrx_word' id='word_1_701' title='bbox 2105 5087 2312 5163; x_wconf 87' lang='grc' dir='ltr'>καρπὸν</span> <span class='ocrx_word' id='word_1_702' title='bbox 2367 5086 2420 5142; x_wconf 80' lang='grc' dir='ltr'>ἐν</span> <span class='ocrx_word' id='word_1_703' title='bbox 2445 5089 2524 5157; x_wconf 79' lang='grc' dir='ltr'>τῷ</span> <span class='ocrx_word' id='word_1_704' title='bbox 2554 5085 2772 5159; x_wconf 82' lang='grc' dir='ltr'>στάχυϊ·</span> <span class='ocrx_word' id='word_1_705' title='bbox 2833 5083 2962 5140; x_wconf 70' lang='grc' dir='ltr'>ἀλλ’</span> <span class='ocrx_word' id='word_1_706' title='bbox 3010 5082 3259 5158; x_wconf 78' lang='grc' dir='ltr'>ἐξέστησε</span> <span class='ocrx_word' id='word_1_707' title='bbox 3301 5087 3392 5143; x_wconf 87' lang='grc' dir='ltr'>καὶ</span> <span class='ocrx_word' id='word_1_708' title='bbox 3426 5083 3636 5163; x_wconf 79' lang='grc' dir='ltr'>διαχὲει</span> <span class='ocrx_word' id='word_1_709' title='bbox 3691 5086 3760 5159; x_wconf 74' lang='grc' dir='ltr'>τῇ</span> 
     </span>
    </p>
   </div>
   <div class='ocr_carea' id='block_1_112' title="bbox 2107 5170 3762 5253">
    <p class='ocr_par' dir='ltr' id='par_1_112' title="bbox 2107 5170 3762 5253">
     <span class='ocr_line' id='line_1_115' title="bbox 2107 5170 3762 5253; baseline 0.001 -22"><span class='ocrx_word' id='word_1_710' title='bbox 2107 5176 2403 5251; x_wconf 86' lang='grc' dir='ltr'>θερμότητι</span> <span class='ocrx_word' id='word_1_711' title='bbox 2450 5176 2550 5244; x_wconf 80' lang='grc' dir='ltr'>τὴν</span> <span class='ocrx_word' id='word_1_712' title='bbox 2599 5173 2784 5246; x_wconf 80' lang='grc' dir='ltr'>πῆξιν,</span> <span class='ocrx_word' id='word_1_713' title='bbox 2816 5170 2877 5229; x_wconf 76' lang='grc' dir='ltr'>ἂν</span> <span class='ocrx_word' id='word_1_714' title='bbox 2934 5176 3010 5249; x_wconf 79' lang='grc' dir='ltr'>μὴ</span> <span class='ocrx_word' id='word_1_715' title='bbox 3065 5170 3433 5253; x_wconf 73' lang='grc' dir='ltr'>βεϐρεγμένης</span> <span class='ocrx_word' id='word_1_716' title='bbox 3459 5182 3560 5246; x_wconf 84' lang='grc' dir='ltr'>τῆς</span> <span class='ocrx_word' id='word_1_717' title='bbox 3591 5181 3696 5252; x_wconf 78' lang='grc' dir='ltr'>γῆς</span> <span class='ocrx_word' id='word_1_718' title='bbox 3725 5175 3762 5245; x_wconf 76' lang='grc' dir='ltr'><strong>ἡ</strong></span> 
     </span>
    </p>
   </div>
   <div class='ocr_carea' id='block_1_113' title="bbox 2066 5261 3765 5342">
    <p class='ocr_par' dir='ltr' id='par_1_113' title="bbox 2066 5261 3765 5342">
     <span class='ocr_line' id='line_1_116' title="bbox 2066 5261 3765 5342; baseline -0.001 -21"><span class='ocrx_word' id='word_1_719' title='bbox 2066 5334 2071 5339; x_wconf 21' lang='grc'><strong><em>⁸</em></strong></span> <span class='ocrx_word' id='word_1_720' title='bbox 2113 5266 2353 5342; x_wconf 80' lang='grc' dir='ltr'>ὑγρότης</span> <span class='ocrx_word' id='word_1_721' title='bbox 2402 5262 2673 5340; x_wconf 74' lang='grc' dir='ltr'>παραρρεῖ</span> <span class='ocrx_word' id='word_1_722' title='bbox 2715 5261 2969 5340; x_wconf 75' lang='grc' dir='ltr'>ψύχουσα</span> <span class='ocrx_word' id='word_1_723' title='bbox 3015 5264 3104 5320; x_wconf 80' lang='grc' dir='ltr'>καὶ</span> <span class='ocrx_word' id='word_1_724' title='bbox 3154 5266 3439 5336; x_wconf 82' lang='grc' dir='ltr'>νοτίζουσα</span> <span class='ocrx_word' id='word_1_725' title='bbox 3493 5266 3587 5321; x_wconf 87' lang='grc' dir='ltr'>τὸν</span> <span class='ocrx_word' id='word_1_726' title='bbox 3640 5261 3765 5320; x_wconf 81' lang='grc' dir='ltr'>στά-</span> 
     </span>
    </p>
   </div>
   <div class='ocr_carea' id='block_1_114' title="bbox 2108 5352 3760 5433">
    <p class='ocr_par' dir='ltr' id='par_1_114' title="bbox 2108 5352 3760 5433">
     <span class='ocr_line' id='line_1_117' title="bbox 2108 5352 3760 5433; baseline -0.004 -22"><span class='ocrx_word' id='word_1_727' title='bbox 2108 5375 2234 5433; x_wconf 84' lang='grc' dir='ltr'>χυν.</span> <span class='ocrx_word' id='word_1_728' title='bbox 2288 5354 2438 5410; x_wconf 89' lang='grc' dir='ltr'>Διότι</span> <span class='ocrx_word' id='word_1_729' title='bbox 2469 5352 2562 5407; x_wconf 82' lang='grc' dir='ltr'>οὗν</span> <span class='ocrx_word' id='word_1_730' title='bbox 2595 5356 2630 5424; x_wconf 84' lang='grc' dir='ltr'>ἡ</span> <span class='ocrx_word' id='word_1_731' title='bbox 2664 5355 2803 5425; x_wconf 78' lang='grc' dir='ltr'>κακὴ</span> <span class='ocrx_word' id='word_1_732' title='bbox 2836 5358 2934 5410; x_wconf 78' lang='grc' dir='ltr'>τοῦ</span> <span class='ocrx_word' id='word_1_733' title='bbox 2965 5354 3172 5432; x_wconf 88' lang='grc' dir='ltr'>χόρτου</span> <span class='ocrx_word' id='word_1_734' title='bbox 3203 5353 3510 5433; x_wconf 72' lang='grc' dir='ltr'>συρκομιδη</span> <span class='ocrx_word' id='word_1_735' title='bbox 3543 5352 3632 5411; x_wconf 80' lang='grc' dir='ltr'>διὰ</span> <span class='ocrx_word' id='word_1_736' title='bbox 3658 5354 3760 5423; x_wconf 77' lang='grc' dir='ltr'>τήν</span> 
     </span>
    </p>
   </div>
   <div class='ocr_carea' id='block_1_115' title="bbox 2115 5443 3759 5523">
    <p class='ocr_par' dir='ltr' id='par_1_115' title="bbox 2115 5443 3759 5523">
     <span class='ocr_line' id='line_1_118' title="bbox 2115 5443 3759 5523; baseline -0.001 -22"><span class='ocrx_word' id='word_1_737' title='bbox 2115 5445 2328 5523; x_wconf 81' lang='grc' dir='ltr'>βροχήν</span> <span class='ocrx_word' id='word_1_738' title='bbox 2381 5443 2608 5519; x_wconf 89' lang='grc' dir='ltr'>γίνεται,</span> <span class='ocrx_word' id='word_1_739' title='bbox 2643 5446 2920 5515; x_wconf 78' lang='grc' dir='ltr'>σήπουσαν</span> <span class='ocrx_word' id='word_1_740' title='bbox 2975 5450 3170 5501; x_wconf 76' lang='grc' dir='ltr'>τοῦτον</span> <span class='ocrx_word' id='word_1_741' title='bbox 3225 5447 3316 5501; x_wconf 83' lang='grc' dir='ltr'>καὶ</span> <span class='ocrx_word' id='word_1_742' title='bbox 3373 5444 3759 5521; x_wconf 77' lang='grc' dir='ltr'>ἀφανίζουσανο</span> 
     </span>
    </p>
   </div>
   <div class='ocr_carea' id='block_1_116' title="bbox 2111 5531 3765 5616">
    <p class='ocr_par' dir='ltr' id='par_1_116' title="bbox 2111 5531 3765 5616">
     <span class='ocr_line' id='line_1_119' title="bbox 2111 5531 3765 5616; baseline -0.002 -24"><span class='ocrx_word' id='word_1_743' title='bbox 2111 5535 2140 5592; x_wconf 81' lang='grc' dir='ltr'>ὁ</span> <span class='ocrx_word' id='word_1_744' title='bbox 2196 5531 2255 5591; x_wconf 78' lang='grc' dir='ltr'>δὶ</span> <span class='ocrx_word' id='word_1_745' title='bbox 2312 5533 2462 5600; x_wconf 76' lang='grc' dir='ltr'>ὑετὸς</span> <span class='ocrx_word' id='word_1_746' title='bbox 2515 5531 2799 5616; x_wconf 78' lang='grc' dir='ltr'>ὥφέλιμός</span> <span class='ocrx_word' id='word_1_747' title='bbox 2849 5533 2961 5590; x_wconf 71' lang='grc' dir='ltr'>ἐστι</span> <span class='ocrx_word' id='word_1_748' title='bbox 3015 5538 3096 5610; x_wconf 76' lang='grc' dir='ltr'>τῷ</span> <span class='ocrx_word' id='word_1_749' title='bbox 3151 5535 3286 5611; x_wconf 87' lang='grc' dir='ltr'>σίτῳ</span> <span class='ocrx_word' id='word_1_750' title='bbox 3314 5534 3422 5613; x_wconf 86' lang='grc' dir='ltr'>πρὸ</span> <span class='ocrx_word' id='word_1_751' title='bbox 3448 5537 3546 5591; x_wconf 79' lang='grc' dir='ltr'>τοῦ</span> <span class='ocrx_word' id='word_1_752' title='bbox 3574 5532 3765 5613; x_wconf 87' lang='grc' dir='ltr'>θέρους</span> 
     </span>
    </p>
   </div>
  </div>
