4100 6454
342 448 460 508 777

1535 445 1638 507 DE
1683 445 2124 512 OMNIFARIA
2168 443 2592 511 DOCTRlNA.

3652 453 3770 520 778

301 651 318 658 _
340 573 658 654 γινόμενος,
691 573 986 653 ἐξυγραίνει
1017 577 1124 653 γὰρ
1155 575 1331 632 αὐτῶν
1381 575 1471 632 καὶ
1505 575 1603 632 ούκ
1623 575 1684 648 ἐᾷ
1712 578 1861 653 παρὰ
1887 580 1995 632 τῶν

2126 583 2250 636 ante
2279 585 2543 636 aestatem
2589 581 2866 638 cadentes
2901 583 3260 652 conducunt,
3293 585 3590 658 siquidem
3623 587 3773 644 illud

342 672 561 746 θερμῶν
612 669 936 740 πνευμάτων
997 665 1378 742 θερμαίνεσθαί
1436 687 1496 722 τε
1551 667 1637 722 καὶ
1687 665 2000 745 φλέγεσθαι,

345 755 435 814 διὰ
463 762 632 814 ταῦτα
662 756 915 834 εὔχονται
945 761 1064 818 τοῖς
1099 753 1322 832 δωριοῖς
1355 757 1524 825 κακὴν
1554 755 1761 831 χόρτου
1803 777 2004 832 συγκο-

349 846 544 922 μιδήν.

342 971 474 1042 ρμη’
497 1007 512 1022 -

567 961 718 1020 Διατί
775 965 812 1033 ἡ
873 959 1098 1039 ἄρκτος.
1132 961 1228 1016 οὐκ
1285 961 1449 1017 ἐσθίει
1506 961 1574 1016 τὰ
1634 960 1822 1016 δίκτυα
1875 959 2001 1016 ὅταν

1004 1033 1074 1089 ἀλ
1087 1033 1324 1105 ίσκηται.

413 1145 582 1200 Λύκοι
647 1143 741 1216 μὲν
801 1140 894 1197 καὶ
951 1138 1108 1218 ἂίρνες
1176 1141 1268 1196 καὶ
1325 1141 1372 1195 τ’
1431 1139 1578 1196 ἄλλα
1629 1145 1738 1196 τῶν
1794 1141 2000 1217 θηρίων

339 1233 693 1309 διαμάσσεται
748 1232 815 1287 τὰ
875 1229 1086 1304 δίκτυα,
1146 1230 1272 1286 ὅταν
1307 1229 1360 1286 ἐν
1389 1229 1608 1292 τούτοις
1653 1231 1898 1304 γένηται.
1938 1231 2000 1286 Ἥ

337 1323 398 1382 δὲ
457 1321 654 1400 ἄρκτος
709 1320 837 1384 τοὺς
899 1318 1126 1385 ὀδόντας
1185 1319 1388 1396 ἔχουσα
1421 1317 1550 1374 εἷ’σω
1601 1320 1698 1374 τοῦ
1730 1319 2001 1392 στόματος

335 1417 536 1486 ἥκιστα
563 1414 698 1488 πρὸς
725 1412 794 1468 τὰ
823 1411 942 1468 λίνα
999 1410 1309 1484 ἐξικνεῖται.
1359 1411 1720 1486 Παραπὲμπει
1779 1410 1880 1484 γάρ
1937 1411 2003 1464 τὰ

335 1503 503 1582 χείλη
567 1500 656 1558 διὰ
711 1503 891 1577 πάγος
947 1499 1039 1556 καὶ
1103 1499 1347 1576 μέγεθος,
1409 1501 1445 1570 ἢ
1486 1497 1698 1572 μᾶλλον
1737 1497 2002 1575 ἰσχύουσα

333 1600 454 1656 ταῖς
511 1591 672 1670 χερσὶ
723 1588 930 1661 διασπᾷ
983 1589 1076 1644 τὸν
1139 1590 1370 1664 βρόχον,
1431 1589 1522 1642 καὶ
1552 1592 1670 1650 ταῖς
1709 1589 1814 1661 μὴν
1843 1588 2001 1664 χερσὶ

339 1681 544 1754 διασπᾷ
619 1682 680 1736 τὸ
758 1679 928 1750 λίθον,
1003 1682 1081 1750 τῷ
1152 1675 1208 1732 δὶ
1264 1676 1494 1750 στόματι
1561 1676 1824 1750 ἀμύνεται
1875 1676 2004 1742 τοὺς

341 1772 663 1833 διώκοντας·
727 1771 763 1841 ἢ
812 1767 897 1824 ὅτι
954 1770 1009 1823 αἱ
1066 1765 1542 1844 περικυλινδήσεις
1593 1765 1830 1840 μάλιστα
1863 1767 2002 1843 βοη-

341 1865 496 1918 θοῦσι
555 1859 694 1934 αὖτῇ
743 1859 880 1934 πρὸς
910 1858 1010 1926 τὴν
1043 1856 1328 1935 ἀποφυγὴν
1363 1853 1666 1910 διασπῶσαι
1696 1856 1758 1910 τὸ
1787 1853 1999 1910 δίκτυον

2114 669 2479 736 humectant,
2531 686 2635 726 nec
2692 671 3041 742 permittunt
3097 672 3244 729 illud
3304 692 3338 730 a
3393 675 3773 734 calidioribus

2113 760 2304 815 ventis
2336 765 2480 815 aestu
2513 759 2666 814 attici
2700 765 2758 815 et
2787 761 2898 828 uri,
2933 760 3071 818 hinc
3106 762 3264 820 Dorii
3297 763 3522 821 malum
3549 766 3772 840 grami-

2115 850 2212 904 nis
2239 857 2588 922 proventum
2619 853 2919 922 exoptant.

2286 967 2407 1022 148.
2440 971 2630 1038 Quare
2657 984 2791 1024 ursa
2817 969 3175 1044 non‘arrodt't
3211 971 3355 1026 retia
3384 971 3606 1044 quando

2782 1079 2784 1082 μ
2816 1041 3055 1112 capitur.

2187 1146 2335 1218 Lupi
2395 1152 2451 1202 et
2517 1147 2652 1219 agni
2712 1147 2958 1219 aliaque
3013 1148 3215 1204 bestiae
3279 1149 3565 1205 arrodunt
3629 1151 3774 1209 retia

2115 1236 2350 1308 quando
2405 1235 2524 1290 illis
2585 1237 2934 1292 constrictas
2996 1253 3058 1293 se
3117 1238 3400 1294 sentiunt.
3434 1239 3584 1296 Ursa
3639 1257 3774 1297 vero

2114 1325 2320 1381 dentes
2377 1325 2630 1381 interius
2685 1325 2744 1381 in
2795 1327 3065 1381 faucibus
3117 1327 3336 1382 habens
3396 1328 3595 1384 minus
3653 1328 3774 1386 illis

2113 1414 2264 1470 valet
2295 1416 2572 1470 adversus
2623 1415 2834 1482 linum,
2869 1417 3021 1487 quod
3055 1415 3227 1472 labiis
3270 1421 3508 1488 propter
3535 1417 3772 1474 illorum

2113 1503 2444 1560 crassitiem
2478 1511 2536 1559 et
2565 1505 3034 1577 magnitudinem
3082 1507 3304 1578 patitur
3328 1509 3593 1563 excidere
3627 1526 3640 1564 :
3675 1513 3778 1564 aut

2109 1609 2246 1648 vero
2294 1593 2574 1666 quoniam
2621 1593 2808 1666 magis
2859 1595 3012 1650 valet
3062 1596 3452 1651 anterioribus
3501 1597 3772 1668 pedibus,

2112 1681 2234 1738 illis
2265 1682 2506 1754 laqueos
2539 1683 2849 1754 dirumpit,
2884 1689 3056 1754 atque
3089 1685 3232 1740 adeo
3264 1685 3412 1742 retia
3441 1703 3698 1759 quoque,
3720 1691 3778 1742 et

2114 1789 2212 1828 ore
2242 1773 2505 1828 defendit
2554 1789 2615 1828 se
2667 1775 2952 1828 adversus
2985 1779 3404 1846 persequentes
3440 1792 3452 1832 :
3486 1781 3588 1832 aut
3634 1779 3776 1849 quia

2112 1861 2504 1917 volutationes
2535 1878 2735 1918 ursam
2771 1863 3024 1918 maxime
3048 1864 3259 1934 juvant
3281 1869 3346 1920 ut
3365 1866 3608 1921 evadere
3637 1882 3774 1938 pos-

341 1953 434 2010 καὶ
495 1948 848 2028 ῥηγνύουσαι,
904 1946 1020 2002 ὅθεν
1074 1945 1349 2008 πολλάκις
1406 1943 1836 2021 περικυλιομένη
1887 1952 2002 2009 τοῖς

2126 1950 2213 2019 sit,
2263 1950 2647 2007 discindendo
2711 1956 2888 2024 atque
2936 1952 3362 2024 disrumpendo
3413 1959 3568 2021 rete,
3619 1971 3776 2026 saepe

347 2043 580 2120 βρόχοις
634 2037 833 2114 διαιρεῖ
886 2037 1112 2098 τούτους
1170 2036 1260 2091 καὶ
1291 2036 1497 2110 τέμνει,
1536 2035 1646 2089 εἶτα
1679 2033 1878 2111 ῥᾳδίως
1911 2034 1995 2091 ἐκ·

342 2128 570 2201 κυϐιστᾷ
599 2129 689 2184 καὶ
723 2129 971 2196 σώζεται.
1007 2123 1242 2182 Πολλῶν
1278 2124 1370 2180 οὖν
1389 2127 1525 2199 αὐτῇ
1549 2121 1718 2179 ὄντων
1751 2124 1997 2198 ἀμυντη-

351 2220 475 2296 ρίων
503 2219 596 2274 καὶ
627 2218 891 2294 ἀφορμῶν
921 2214 998 2278 εἷς
1051 2212 1346 2293 διαφυγὴν,
1388 2219 1504 2276 τοῖς
1557 2213 1795 2288 μάλιστα
1841 2213 1997 2290 ἴσχυ-

355 2311 588 2387 ροτὲροις
641 2313 873 2385 χρῆται,
905 2305 994 2361 καὶ
1026 2301 1385 2360 διολισθαίνει
1440 2308 1538 2359 τοῦ
1569 2304 1784 2380 βρόχου
1819 2304 1906 2381 ὑφ’
1937 2302 1999 2359 οὗ

351 2398 626 2475 κατέχεται
636 2442 650 2456 .

343 2527 490 2604 ρμθ’.
521 2524 673 2582 Διατί
722 2525 759 2594 ἡ
816 2521 997 2586 τευθὶς
1057 2521 1388 2648 φοὲινοίμὲνη,
1446 2524 1677 2594 σημεῖον
1719 2525 2002 2596 χειμῶνος

1146 2615 1204 2648 στ
1239 2637 1249 2648 .

1146 2615 1249 2648 στι.

414 2707 478 2762 Ἡ
533 2705 712 2767 τευθὶς
771 2699 1020 2780 ἰχθύδιόν
1076 2700 1188 2756 ἐστι
1237 2697 1385 2754 λεῖον
1433 2700 1532 2768 τὴν
1562 2697 1872 2776 ἐπιφάνειαν
1901 2703 2002 2768 τῆς

346 2795 570 2871 σαρκὸς,
627 2792 746 2859 ὅθεν
804 2791 894 2848 καὶ
955 2789 1230 2867 μαλάχιον
1289 2789 1640 2862 ὠνόμασται.
1694 2785 2006 2843 Ψιλότατον

349 2887 454 2963 γὰρ
516 2883 572 2940 ὅν
633 2883 722 2938 καὶ
781 2883 922 2957 μήτε
979 2881 1229 2957 ὀστράκῳ
1287 2877 1824 2954 συγκαλυπτόμενον,
1869 2879 2008 2950 μήτε

357 2972 586 3048 δέρματι
615 2971 1030 3048 περιεχόμενον,
1065 2971 1204 3043 μήτε
1261 2965 1442 3025 λεπίδι
1489 2966 1837 3041 σκεπόμενον,
1874 2967 2008 3040 μετᾶ

353 3067 465 3118 τῶν
548 3059 830 3136 μαλαχίων
900 3061 1216 3136 τετάχαται.
1289 3057 1496 3132 Γυμνὸν
1554 3055 1644 3111 οὗν
1702 3055 1860 3111 παντὶ
1915 3055 2006 3110 καὶ

351 3150 588 3212 ἀσκεπὶς
649 3149 705 3204 ὅν
763 3149 1174 3225 προαισθάνεται
1231 3144 1300 3202 δι’
1333 3146 1614 3210 εὐπάθειαν
1659 3150 1756 3200 τοῦ
1788 3149 2006 3219 γειμῶ-

347 3262 456 3303 νος.
525 3241 644 3296 ὃθεν
702 3237 980 3313 ἐξάλλεται
1050 3237 1324 3313 φεύγουσα
1346 3237 1410 3291 τὸ
1470 3235 1648 3310 ψύχος
1701 3234 1790 3290 καὶ
1828 3235 1926 3302 τὴν
1957 3233 2009 3289 ἐν

2111 2041 2266 2094 enim
2300 2057 2434 2095 cum
2458 2056 2523 2096 eo
2550 2058 2612 2097 se
2635 2041 3102 2098 circumvolvens
3133 2044 3192 2096 id
3215 2042 3374 2099 laxat
3394 2061 3460 2099 ac
3486 2044 3772 2115 refringit,

2109 2145 2175 2183 ac
2224 2129 2435 2184 deinde
2485 2129 2651 2185 facile
2699 2130 2932 2202 prosilit
2981 2137 3158 2202 atque
3208 2149 3270 2188 se
3321 2137 3540 2189 tuetur.
3573 2132 3774 2204 Itaque

2110 2234 2244 2273 cum
2272 2219 2460 2274 multa
2487 2219 2700 2274 habeat
2723 2219 2941 2291 quibus
2963 2236 3024 2275 se
3057 2221 3245 2291 possit
3264 2221 3596 2288 defendere,
3621 2221 3776 2277 mul-

2109 2312 2296 2378 taque'
2317 2309 2387 2364 ad
2421 2307 2816 2378 effugiendum
2841 2307 3078 2376 auxilia,
3105 2309 3539 2365 robustissimis
3561 2311 3772 2378 utitur,

2109 2395 2504 2470 laqueumque
2534 2413 2651 2468 quo
2682 2401 2915 2454 tenetur
2943 2397 3146 2470 ligata,
3179 2399 3529 2472 perrumpit.

2220 2522 2342 2578 149.
2381 2523 2566 2590 Quare
2596 2521 2768 2592 latigo
2797 2538 2972 2590 super
3002 2524 3166 2594 aquis
3195 2525 3316 2580 visa
3344 2525 3566 2595 signum
3595 2526 3670 2580 sit

2549 2625 2552 2627 »
2770 2597 3128 2666 tempestatis.

2187 2700 2386 2774 Loligo
2437 2699 2761 2772 pisciculus
2791 2705 2882 2755 est
2925 2702 3239 2772 superﬁcie
3287 2703 3550 2775 corporis
3595 2703 3775 2772 laevis,

2115 2791 2272 2846 unde
2297 2795 2354 2846 et
2389 2787 2657 2862 μαλάκιον
2683 2807 2716 2845 a
2739 2790 2986 2846 mollitie
3007 2791 3368 2863 appellatur;
3394 2794 3590 2849 nudus
3617 2792 3776 2849 enim

2117 2897 2220 2936 nec
2253 2880 2541 2945 munitus,
2575 2883 2742 2944 testa,
2777 2895 2882 2934 nec
2914 2883 3048 2936 cute
3090 2881 3357 2952 indutus,
3390 2897 3496 2937 nec
3525 2898 3779 2954 squama

2115 2973 2438 3038 contectus,
2489 2968 2770 3024 mollibus
2820 2973 3184 3026 accensetur.
3217 2970 3423 3026 Nudus
3470 2971 3670 3043 itaque
3720 2977 3780 3027 et

2116 3058 2361 3114 minime
2389 3062 2579 3114 tectus
2631 3059 2773 3114 adeo
2807 3075 2940 3114 cum
2973 3059 3073 3125 sit,
3109 3059 3274 3115 facile
3320 3061 3580 3116 afﬁcitur
3627 3077 3778 3132 pree-

2116 3149 2412 3220 sentitque
2461 3151 2899 3219 tempestatem,
2933 3148 3090 3203 unde
3137 3149 3368 3220 prosilit
3400 3155 3462 3205 ut
3507 3150 3690 3222 frigus
3723 3155 3780 3205 et

2119 3238 2298 3293 maris
2329 3237 2726 3293 turbationem
2755 3253 2882 3308 quae
2913 3235 2972 3291 in
3009 3237 3191 3292 fundo
3222 3247 3312 3293 est
3336 3238 3599 3310 effugiet,
3629 3241 3686 3293 et
3715 3237 3777 3294 in

350 3329 502 3407 βάθει
567 3329 818 3406 ταραχὴν
875 3333 976 3398 τῆς
1028 3324 1324 3396 θαλάσσης,
1372 3323 1461 3378 καὶ
1523 3323 1598 3386 εἷς
1651 3323 1750 3391 τὴν
1810 3319 2003 3399 ἐπιφά-

2126 3343 2356 3383 summa
2373 3332 2534 3398 aqua
2557 3331 2842 3399 pronatat.
2864 3327 3106 3390 Quando
3135 3327 3316 3399 igitur
3336 3328 3492 3382 hunc
3519 3327 3778 3399 piscicu-

346 3440 490 3474 νειαν
549 3422 647 3473 τοῦ
693 3416 890 3478 ὕδατος
947 3416 1294 3490 ἀνανήχεται.
1321 3415 1485 3470 ’Ὀταν
1539 3411 1629 3466 οὖν
1663 3413 1724 3466 τὸ
1752 3408 2003 3486 ’ἵχθύδιον

349 3511 514 3563 τοῦτο
565 3505 862 3561 θεάσωνται
923 3503 974 3558 οἱ
1017 3501 1410 3578 θαλαττουργοὶ
1435 3503 1504 3574 τῇ
1554 3498 1797 3574 θαλάσσῃ
1829 3498 2008 3575 νηχό-

357 3617 543 3670 μενον,
601 3598 858 3671 χειμῶνα
911 3589 1321 3668 τεκμαίρονται,
1356 3590 1538 3664 ὥσπερ
1570 3589 1692 3643 ὅταν
1729 3585 1885 3642 ἷ¹δωσι
1916 3589 2005 3642 τὸν

349 3683 644 3742 πολύποδα
670 3691 772 3754 τῆς
803 3682 1000 3760 πέτρας
1027 3682 1446 3758 περιεχόμενον,
1490 3678 1702 3752 ἀνεμων
1745 3700 1809 3748 ση
1822 3682 2011 3752 μεοῦν-

349 3796 443 3831 ται
473 3775 659 3854 φοράν.
696 3773 1135 3848 Ἐγκατέσπειρεν
1163 3771 1268 3846 γὰρ
1309 3771 1336 3824 ὁ
1378 3770 1506 3831 Θεὸς
1532 3774 1650 3830 τοῖς
1703 3769 1864 3837 ζώοις
1917 3766 2008 3823 δυ-

347 3865 541 3938 νάμεις
569 3863 998 3940 προγνωστικὰς,
1029 3858 1098 3915 δι’
1130 3858 1202 3914 ὧν
1233 3861 1301 3915 τὰ
1332 3861 1578 3934 σωτήρια
1609 3855 1868 3912 διώκουσι
1916 3858 2007 3912 καὶ

327 3945 416 4010 "ca
447 3953 670 4027 λυπηρὰ
698 3950 1074 4031 διαφεύγουσι.

348 4087 446 4157 ρν’.
477 4078 627 4136 Διατί
651 4081 740 4136 τὸν
775 4079 869 4157 μξν
904 4071 1744 4157 σῖτον-ἰηπηλώδει.φυτεύομεν
1779 4077 1873 4151 γῇ,
1905 4075 2004 4144 τήν

815 4149 872 4206 δὲ
909 4150 1102 4225 κριθὴν
1137 4147 1188 4202 ἐν
1230 4147 1539 4222 καταξήρῳ.

421 4261 483 4319 Ὀ
537 4265 688 4323 σῖτος
745 4258 940 4335 πικρὸς
999 4257 1083 4313 ὅτι
1137 4257 1230 4312 καὶ
1290 4252 1564 4327 ξυλώδης,
1599 4253 1779 4330 χαύνη
1815 4250 1872 4309 δὲ
1917 4255 2008 4310 καὶ

349 4349 712 4421 εὑδιάσηπτος
765 4351 802 4418 ἡ
859 4347 1045 4424 κριθή.
1101 4347 1258 4411 Ὅθεν
1320 4343 1518 4406 ἐκεῖνος
1580 4345 1674 4417 μὲν
1735 4343 2010 4418 μαλαττό-

354 4462 514 4516 μενος
560 4439 650 4495 καὶ
708 4437 1054 4516 χυλούμενος
1109 4436 1211 4491 ὑπὸ
1266 4439 1363 4490 τοῦ
1421 4434 1585 4510 ὑγροῦ
1621 4432 1858 4506 μάλιστα
1889 4433 2012 4512 φύε-

347 4552 462 4588 ται.
509 4533 587 4605 Τῇ
621 4526 677 4584 δὲ
700 4531 864 4604 κριθῇ
905 4525 994 4582 διὰ
1027 4524 1306 4600 μανότητα
1331 4522 1609 4601 σύμφορόν
1669 4523 1780 4578 ἑστι
1809 4523 1872 4578 τὸ
1915 4525 2010 4596 ξη-

353 4621 596 4697 ρότερον,
649 4619 765 4675 ὅθεν
827 4615 1141 4692 πυροφόρος
1195 4615 1354 4689 μὲνὴ
1411 4613 1552 4667 πίων
1597 4611 1687 4667 καὶ
1734 4612 2006 4687 βαθύγεως

2117 3417 2240 3472 lum
2273 3421 2462 3471 nauta
2492 3415 2582 3471 vel
2622 3415 2943 3488 piscatores
2979 3417 3123 3471 mari
3171 3420 3656 3488 supernatantem
3686 3416 3775 3472 vi-

2118 3508 2278 3574 dent,
2310 3510 2721 3577 tempestatem
2747 3505 3126 3578 praesagiunt,
3147 3508 3230 3561 uti
3255 3511 3562 3562 ventorum
3586 3505 3779 3561 immi-

2119 3595 2386 3652 nentium
2411 3595 2644 3666 signum
2669 3599 2778 3662 est,
2805 3595 2852 3650 si
2877 3595 3228 3668 polypodem
3255 3595 3778 3652 animadverterint

2119 3691 2296 3759 petrae
2329 3684 2744 3740 adhaerentem.
2773 3685 3157 3740 Inseminavit
3183 3685 3340 3742 enim
3368 3685 3523 3741 Deus
3549 3684 3776 3740 anima-

2117 3775 2276 3844 libus
2309 3773 2651 3829 facultatem
2683 3773 2978 3845 cjusmodi
3009 3774 3438 3846 praenotricem,
3469 3775 3638 3846 cujus
3669 3790 3778 3846 ope

2117 3865 2426 3938 profutura
2475 3867 2941 3935 prosequuntur,
2989 3868 3045 3918 et
3092 3879 3220 3936 quae
3273 3880 3477 3920 nocere
3527 3867 3780 3936 possunt

2117 3953 2371 4028 fugiunt.
3343 3977 3346 3980 μ

2120 4081 2242 4136 150.
2278 4079 2459 4148 Quare
2486 4082 2832 4150 frumentum
2871 4079 2932 4132 in
2975 4079 3171 4145 lutoso,
3202 4079 3467 4136 hordeum
3507 4081 3571 4135 in
3610 4077 3775 4136 arido

2702 4151 3043 4206 conserimus
3070 4151 3203 4206 solo.

2190 4258 2477 4324 Quoniam
2501 4259 2776 4314 frumenti
2799 4257 3004 4330 planta
3023 4275 3224 4314 amara
3246 4275 3314 4314 ac
3335 4257 3646 4315 suroulosa
3666 4263 3776 4328 est,

2116 4349 2322 4405 hordei
2352 4355 2551 4404 autem
2581 4348 2713 4403 laxa
2762 4353 2820 4403 et
2869 4350 3120 4420 l'ungOsa
3149 4364 3396 4419 quasque
3443 4347 3613 4404 facile
3642 4363 3774 4418 core

2119 4439 2438 4510 rumpitur,
2465 4438 2618 4492 unde
2648 4436 2796 4492 illud
2827 4438 2900 4492 ab
2934 4437 3180 4493 humido
3210 4437 3540 4493 emollitum
3572 4453 3778 4493 succo-

2121 4546 2234 4600 que
2264 4527 2577 4599 impletum
2627 4527 2846 4598 optime
2876 4527 3108 4594 crescit,
3139 4528 3359 4582 hordeo
3409 4535 3608 4582 autem
3641 4525 3782 4597 quia

2119 4617 2339 4673 laxiore
2387 4622 2602 4672 natura
2633 4623 2742 4686 est,
2775 4616 2964 4688 magis
3013 4617 3289 4671 eunducit
3334 4622 3491 4671 terra
3519 4615 3733 4670 siccior
3764 4632 3778 4670 :

353 4710 580 4785 ἄρουρα,
647 4706 978 4784 κριθοφόρος
1059 4703 1117 4760 δὲ
1189 4706 1225 4774 ἡ
1305 4701 1634 4779 λεπτόγεως.
1697 4701 1846 4757 Διότι
1901 4706 2007 4756 τῶν

2126 4710 2274 4764 unde
2304 4711 2362 4764 et
2393 4707 2627 4778 pinguis
2661 4723 2724 4762 ac
2756 4707 3088 4778 profundus
3120 4722 3260 4778 ager
3307 4707 3530 4762 bonum
3561 4705 3785 4777 profert

353 4797 680 4872 σπερμάτων
721 4797 790 4852 τὰ
846 4795 1049 4872 ἰσχυρά
1091 4792 1348 4856 πλείονος
1380 4796 1587 4870 τροφῆς
1621 4789 1813 4862 δεῖται,
1859 4793 1928 4847 τὰ
1956 4790 2014 4848 δὲ

355 4889 551 4958 ἀσθενῆ
611 4885 942 4960 λεπτοτέρας
1019 4885 1106 4939 καὶ
1168 4882 1434 4960 ἐλαφρῆς.
1493 4883 1895 4957 Ἀσθενὲστερον
1957 4879 2016 4938 δὲ

357 4981 391 5048 ἡ
439 4978 603 5050 κριθή
661 4977 747 5031 καὶ
814 4973 1128 5049 μανότερον,
1190 4971 1305 5028 ὅθεν
1365 4971 1426 5027 ού
1486 4972 1762 5046 φὲρειτὴν
1795 4969 2015 5042 πολλὴν

355 5067 564 5144 τροφὴν
620 5067 708 5122 καὶ
767 5066 1010 5141 βαρεῖαν,
1063 5063 1306 5136 Ἑκάστῳ
1358 5061 1460 5138 γὰρ
1522 5060 1869 5137 βλαστήματι
1927 5063 2018 5116 καὶ

359 5158 567 5228 ἑκάστῳ
639 5155 898 5232 φυομένῳ
966 5152 1155 5228 χόρτῳ
1217 5150 1253 5220 ἢ
1334 5151 1602 5226 σπέρματι
1660 5149 2017 5222 κατάλληλον

359 5247 474 5320 χρὴ
529 5246 628 5314 τὴν
695 5241 1059 5314 ὑποκειμένην
1126 5239 1618 5316 παρασκευάζεσθαι
1685 5247 1812 5314 γῆν,
1872 5240 2021 5302 ὅπως

360 5336 406 5408 ᾧ
463 5335 646 5411 χαίρει
699 5329 947 5402 ἕκαστον,
977 5331 1157 5403 τούτῳ
1184 5331 1520 5408 τρεφόμενον
1551 5327 1800 5400 αὔξηται.
1834 5331 2020 5403 Χαίρει

360 5423 420 5480 δὲ
471 5425 540 5480 τὰ
599 5424 694 5500 μὲν
745 5428 864 5485 τοῖς
894 5425 1106 5497 ξηροῖς,
1136 5421 1204 5476 τὰ
1233 5417 1292 5476 δὲ
1320 5425 1438 5482 τοῖς
1473 5419 1678 5495 ὑγροῖς,
1721 5419 1788 5474 τὰ
1819 5417 1876 5474 δὲ
1903 5427 2022 5484 τοὶς

363 5519 611 5591 θερμοῖς.

363 5633 498 5712 ρνα’.
531 5631 688 5688 Διατί
719 5632 754 5702 ἡ
791 5629 1040 5712 ἅμπ-ελρς
1069 5627 1534 5712 οξῖρῳιραινιομὲνη
1573 5627 1807 5702 μάλιστα
1841 5631 1924 5700 τῷ
1974 5624 2027 5698 ἒξ

863 5703 998 5772 αὐτῆ
1009 5723 1056 5771 ς,
1104 5699 1536 5777 ἂναξὴραίνεται.

440 5814 566 5874 Ὀτι
624 5813 654 5870 ὁ
708 5809 938 5889 ἄκρατος
999 5807 1300 5878 στυπτικὴν
1348 5801 1492 5884 ἔχων
1561 5806 1716 5888 φύσιν
1790 5803 2030 5863 ἐνδύεται

697 5945 960 6005 ΡΑτιιοῐ..
1015 5940 1129 6002 Gn.
1177 5937 1420 6001 CXXII.

2124 4801 2510 4868 frumentum,
2544 4797 2741 4851 tenuis
2781 4795 3090 4850 hordeum.
3117 4794 3356 4852 Semina
3410 4797 3654 4850 robusta
3683 4811 3783 4850 co-

2125 4885 2378 4960 piosiora
2424 4886 2788 4941 nutrimento
2819 4885 3111 4956 indigent,
3143 4883 3474 4940 inﬁrmiore.
3519 4883 3786 4940 tenuiore

2126 4994 2192 5032 ac
2223 4975 2452 5032 leviore.
2488 4976 2589 5030 Est
2619 4979 2817 5030 autem
2851 4974 3139 5029 hordeum
3162 4974 3338 5046 longe
3371 4971 3668 5029 inﬁrmius
3700 4989 3788 5028 ra-

2127 5065 2388 5136 riusque,
2417 5065 2570 5118 unde
2599 5081 2712 5118 non
2743 5063 2850 5118 fert
2878 5057 3308 5118 nutrimentum
3331 5079 3505 5134 grave
3535 5079 3602 5118 ac
3635 5062 3788 5117 mul-

2129 5159 2278 5209 tum.
2303 5154 2500 5209 Cuivis
2538 5151 2695 5208 enim
2750 5153 2960 5221 plantis
3008 5153 3271 5208 hei-breve
3304 5151 3570 5208 nascenti
3600 5168 3668 5208 ac
3699 5167 3790 5207 se-

2131 5244 2278 5298 mini
2325 5246 2744 5315 congruentem
2780 5246 2994 5296 terrum
3024 5241 3315 5312 subjicere
3363 5249 3540 5313 atque
3591 5245 3796 5313 aptare

2131 5337 2381 5404 oportet,
2419 5337 2482 5386 ut
2513 5348 2630 5402 qua
2661 5331 2964 5400 quodlibet
3004 5331 3240 5402 gaudet,
3271 5330 3331 5385 in
3373 5330 3484 5384 hac
3514 5329 3708 5385 alatur
3737 5335 3796 5384 et

2134 5420 2452 5485 adolescat,
2476 5425 2652 5493 prout
2673 5418 2788 5475 alia
2818 5421 2996 5488 sicco,
3017 5419 3263 5476 humido
3297 5420 3434 5492 alia,
3461 5419 3575 5476 alia
3603 5419 3794 5476 calido

2135 5509 2501 5568 delectautur
2531 5509 2676 5566 solo.

2191 5629 2314 5685 151.
2349 5628 2528 5697 Quare
2555 5627 2684 5682 vitis
2711 5627 3136 5703 viuojrrigata,
3166 5628 3420 5685 maxime
3449 5627 3602 5703 quod
3633 5627 3752 5701 ipsa

2699 5697 2898 5767 edidit,
2929 5707 3235 5756 exarescat.

2213 5809 2500 5876 Quoniam
2559 5825 2788 5868 merum
2837 5807 2890 5866 vi
2941 5825 3050 5865 sua
3097 5808 3348 5884 styptica
3397 5811 3518 5868 sive
3565 5811 3795 5866 contra-

3399 5939 3478 5996 25
