4100 6420
385 397 506 494 779

1720 434 2148 496 MlGHAELlS
2196 435 2465 494 PSELLI

3699 436 3819 498 780

384 564 557 620 hente
587 563 855 619 insinuat
884 580 947 620 se
980 565 1299 633 radicibus,
1330 583 1621 640 porosque
1649 568 2037 639 constipando

2162 569 2270 629 ταῖς
2300 565 2498 641 ῥίζαις,
2552 566 2802 629 καὶτοὺς
2848 566 3053 643 πόρους
3104 567 3418 644 συναγαγὼν
3447 568 3534 623 καὶ
3590 567 3815 623 πυκνώ-

385 671 452 711 ac
484 656 900 710 condensando
936 673 1049 709 non
1097 655 1239 711 sinit
1270 672 1483 727 aquam
1520 665 1582 713 ut
1615 658 1814 729 planta
1843 658 2047 712 ﬂoreat

383 753 747 816 crescatque,
801 753 1130 817 penetrare.
1166 746 1420 802 Facilius
1462 765 1595 802 vero
1644 746 1881 802 imbibit
1911 746 2045 802 vitis

382 834 585 889 vinum
621 836 776 906 quod
824 853 891 890 ex
936 835 1065 907 ipsa
1096 838 1422 907 profectum
1455 844 1562 901 est,
1598 838 1647 893 si
1696 838 1778 892 illi
1830 837 2045 893 iterum

386 923 746 980 alfundatur.
778 925 901 980 Etsi
941 926 1100 980 enim
1144 943 1321 982 sensu
1354 928 1693 984 destituitur
1722 926 1944 999 planta,
1978 942 2045 981 ac

384 1029 491 1069 nec
521 1015 784 1086 appetitu
818 1031 924 1070 nec
956 1014 1269 1087 phantasia
1299 1024 1583 1085 movetur,
1607 1024 1805 1072 tamen
1837 1020 2047 1071 natura

383 1103 570 1159 fertur
600 1105 673 1160 ad
703 1120 945 1160 succum
974 1105 1089 1161 sibi
1122 1105 1496 1177 familiarem,
1522 1111 1582 1163 et
1612 1106 1684 1162 ab
1715 1123 1782 1162 eo
1814 1105 2047 1162 facilius

385 1195 773 1266 constipatur.
805 1194 1089 1250 Ceterum
1124 1196 1273 1251 nihil
1315 1195 1530 1265 verius,
1557 1213 1734 1268 quam
1770 1194 1955 1252 multa
1984 1194 2043 1250 in

382 1283 643 1356 physicis
674 1300 804 1340 esse
848 1303 975 1357 quas
1007 1284 1326 1342 difﬁculter
1356 1286 1634 1358 explicari
1684 1290 1742 1343 et
1791 1301 2046 1358 quorum

381 1373 642 1430 rationes
671 1374 1026 1445 coniecturis
1056 1392 1171 1431 non
1203 1375 1373 1433 facile
1400 1376 1615 1448 attingi
1646 1380 1915 1449 possunt,
1944 1390 2046 1432 cu-

376 1463 645 1535 jusmodi
674 1464 966 1536 profunda
995 1466 1329 1536 cognitione
1355 1466 1644 1539 tantisper
1675 1464 1876 1535 dilata,
1900 1464 2047 1520 satis

381 1553 555 1610 nobis
572 1570 701 1610 esse
717 1554 888 1610 debet
908 1553 957 1609 si
978 1555 1299 1611 verisimile
1320 1555 1547 1627 aliquid
1570 1556 1868 1613 efferatur.
1884 1555 2045 1611 Idem

382 1648 580 1715 aperte
623 1644 929 1716 proﬁtetur
976 1643 1139 1700 Plato
1171 1644 1231 1700 in
1263 1645 1504 1717 Timaeo,
1530 1650 1708 1718 atque
1754 1644 1886 1701 ideo
1930 1643 2047 1700 Nec

379 1748 507 1805 ego,
539 1733 755 1806 inquit,
780 1734 879 1806 qui
909 1733 1139 1807 loquor,
1165 1751 1271 1792 nec
1290 1751 1393 1791 vos
1423 1736 1521 1807 qui
1556 1752 1649 1794 me
1680 1734 1902 1793 auditis
1932 1733 2045 1791 hu-

378 1823 539 1879 mani
567 1822 795 1897 aliquid
826 1841 861 1880 a
889 1824 1060 1882 nobis
1090 1823 1351 1882 alienum
1382 1830 1591 1897 putare
1623 1825 1928 1882 debemus.

2155 675 2249 717 σας
2300 654 2397 710 οὐκ
2423 654 2483 725 ἐᾷ
2536 651 2730 711 διιέναι
2762 656 2823 711 τὸ
2854 654 3022 732 ὓδωρ,
3057 656 3189 712 ὥστι
3245 658 3308 712 τὸ
3366 658 3531 734 φυτὸν
3564 656 3813 713 εύθαλεῖν

2154 744 2242 799 καὶ
2296 743 2636 820 βλαστάνειν.
2691 747 2842 816 Ῥᾷον
2906 742 2963 800 δὶ
3023 748 3057 815 ἡ
3113 743 3363 818 ἄμπελος
3421 744 3637 821 δέχεται
3666 746 3727 802 τὸ
3760 746 3812 819 te

2156 833 2323 903 αὐτῆς
2385 835 2566 908 ἆπιὸν,
2627 834 2702 898 είς
2763 834 2929 905 αὐτὴν
2988 834 3231 892 ἐπανιόν.
3294 835 3359 890 Εἴ
3405 837 3507 913 γὰρ
3538 835 3627 891 καὶ
3659 836 3811 892 ἀναι-

2155 925 2352 994 σθητον
2405 925 2470 979 τὸ
2527 924 2714 999 φυτὸν,
2772 923 2861 979 καὶ
2922 921 3045 980 οὕτε
3122 926 3269 999 ὁρμῇ
3355 923 3478 981 οὔτε
3552 925 3816 1003 φαντασίᾳ

2158 1011 2561 1087 διοικούμενον,
2622 1013 2769 1068 ἀλλὰ
2825 1014 2980 1092 φύσει
3039 1015 3175 1090 πρὸς
3232 1015 3324 1069 τὸν
3384 1013 3585 1070 οἰκεῖον
3628 1016 3809 1091 χυμὸν

2152 1104 2487 1180 τρεπομένη,
2532 1105 2661 1180 παρ’
2689 1103 2855 1158 αὐτοῦ
2888 1101 3103 1177 μᾶλλον
3139 1104 3395 1178 ὑπομένει
3441 1106 3543 1175 τὴν
3591 1106 3813 1161 πύκνωο

2156 1215 2257 1251 σιν.
2293 1192 2444 1251 Εἰσὶν
2478 1194 2571 1248 οὗν
2604 1194 2679 1257 ὡς
2710 1193 2913 1264 ἀληθὲς
2943 1196 3010 1250 τὰ
3032 1192 3208 1250 πλείω
3232 1198 3339 1250 τῶν
3372 1194 3814 1274 φυσιολογουμέ-

2155 1304 2262 1338 νων
2310 1280 2619 1362 δύσφραστα
2661 1282 2750 1339 καὶ
2802 1281 3136 1355 δυςείκαστα,
3169 1282 3258 1340 καὶ
3288 1280 3373 1339 δεῖ
3396 1285 3462 1340 τὸ
3495 1284 3591 1358 μὶν
3646 1284 3812 1361 βάθος

2156 1372 2549 1450 ἀπογινώσκειν
2577 1381 2674 1444 τῆς
2708 1370 3049 1451 διαγνώσεως
3081 1371 3335 1451 δέχεσθαι
3359 1370 3417 1430 δὶ
3436 1376 3498 1430 τὸ
3524 1371 3811 1448 διδόμενον

2158 1461 2218 1519 ἃν
2243 1459 2453 1540 ἔχεατὸ
2484 1465 2733 1528 πιθανόν.
2764 1468 2933 1520 Τοῦτο
2963 1462 3053 1519 καὶ
3085 1464 3314 1521 Πλάτων
3347 1462 3399 1520 ἐν
3440 1463 3654 1539 Τιμαίῳ
3690 1465 3813 1540 βοᾷ,

2156 1552 2231 1615 ὡς
2263 1554 2401 1628 Ἐγώ
2432 1574 2490 1609 τε
2512 1555 2539 1611 ὁ
2572 1551 2751 1631 λέγων
2791 1554 2950 1629 ὑμεῖς
2980 1575 3040 1611 τε
3078 1554 3132 1610 οἱ
3182 1552 3472 1619 ἀκούοντες
3510 1553 3666 1631 φύσιν
3722 1556 3814 1610 ἇν-

2155 1643 2434 1720 θρωπίνην
2468 1638 2695 1720 ἔχομεν.

455 1960 579 2016 152.
609 1961 792 2028 Quare
816 1975 959 2037 rosa;
987 1962 1167 2017 laetius
1193 1964 1392 2037 ﬂorent
1416 1962 1735 2035 ferientibus
1760 1965 1974 2037 plantis

2162 1959 2293 2035 ρνβ’.
2327 1958 2478 2014 Δια-εί
2507 1960 2575 2015 τὰ
2606 1958 2740 2036 ρόρα
2794 1957 3008 2037 μᾶλλον
3042 1959 3194 2037 ἀνθεῖ
3222 1956 3483 2017 δυσωδῶν
3513 1966 3677 2017 τινῶν
3711 1982 3813 2019 πα-

922 2035 1089 2105 juxta
1117 2035 1491 2093 nascentibus.

455 2138 581 2195 Non
614 2155 758 2195 rosa
791 2137 1006 2211 solum,
1030 2142 1130 2197 sed
1162 2145 1219 2197 et
1249 2141 1373 2198 lilia
1397 2146 1454 2198 et
1484 2158 1848 2216 quaecunque
1881 2142 2045 2199 suavi

391 2229 568 2285 odore
617 2231 1117 2302 prmstant,juxta
1146 2231 1523 2287 nascentibus
1577 2232 1713 2288 allio
1761 2232 2048 2305 etcaapis

393 2319 782 2390 fragrantiora
812 2320 1298 2393 ﬁunt.Siquidem
1326 2320 1613 2394 quidquid
1639 2320 1903 2377 adhucin
1928 2319 2048 2376 illis

390 2412 696 2480 supererat
733 2426 863 2465 acre
907 2415 1084 2483 atque
1112 2410 1435 2482 ingratum,
1468 2415 1679 2468 natura
1724 2428 1835 2467 sua
1865 2410 2051 2466 fertur

390 2498 460 2553 ad
510 2496 611 2553 illa
658 2498 928 2554 acerrimi
977 2499 1176 2555 odoris
1226 2499 1473 2570 semina,
1507 2499 1592 2555 sic
1640 2504 1708 2556 ut
1755 2497 2046 2571 reliquum

390 2587 601 2642 deinde
622 2586 698 2643 sit
724 2588 1266 2659 fragrantissimum
1295 2588 1908 2661 ammnissimumque.
1935 2588 2048 2644 Sed

389 2679 448 2732 et
476 2679 607 2731 ruta
638 2676 751 2732 sub
782 2677 890 2732 ﬁco
919 2677 1182 2749 plantata
1205 2678 1270 2733 ﬁt
1291 2695 1468 2749 quam
1504 2679 1664 2751 prius
1685 2682 1810 2735 erat
1840 2677 2047 2745 acrior,

392 2781 529 2820 nam
578 2766 735 2835 quod
794 2766 854 2821 in
904 2767 1013 2822 ﬁco
1072 2772 1197 2822 erat
1252 2768 1707 2840 graveolentius,
1738 2768 1797 2825 in
1857 2772 2049 2823 rutam

392 2857 765 2911 transfertur.
798 2855 986 2911 Etiam
1020 2856 1079 2911 in
1113 2855 1239 2912 ﬁcis
1270 2873 1451 2929 prope
1482 2856 1788 2930 capriﬁcos
1818 2855 2051 2929 planta-

392 2943 471 3000 tis
501 2943 803 3001 suaviores
844 2945 937 3000 fici
986 2951 1330 3016 nascuntur,
1365 2947 1657 3018 siquidem
1690 2947 2053 3020 homogenea

396 3049 463 3090 ac
492 3033 705 3091 similis
741 3036 975 3107 generis
1008 3052 1135 3108 qua:
1160 3041 1321 3105 sunt,
1348 3053 1450 3107 per
1480 3042 1753 3093 naturam
1786 3037 2054 3093 feruntur

393 3139 461 3180 ac
492 3124 809 3181 trahuntur
847 3126 917 3181 ad
968 3125 1206 3195 similia,
1240 3127 1530 3199 quidquid
1584 3128 1785 3200 itaque
1832 3127 1893 3183 in
1945 3128 2052 3183 ﬁco

392 3218 518 3270 erat
547 3231 700 3281 acre,
732 3216 792 3271 in
824 3216 1166 3287 capriﬁcum
1210 3217 1446 3290 transit,
1480 3221 1656 3290 atque
1686 3219 1830 3275 adeo
1856 3216 2052 3273 since-

391 3321 515 3362 ram
548 3305 600 3362 ei
630 3310 822 3363 servat
854 3305 1253 3363 dulcedinem.

393 3441 518 3497 153.
554 3441 733 3509 Quare
760 3457 1025 3514 aprorum
1069 3441 1333 3514 lacrymaz
1370 3442 1586 3512 dulces,
1618 3459 1903 3501 cervorum
1939 3446 2054 3501 sint

1130 3531 1187 3570 δα
1198 3529 1315 3571 ιδσΈ.

464 3618 582 3675 lloc
638 3623 696 3676 et
752 3620 943 3677 calore
1001 3626 1058 3677 et
1113 3622 1433 3694 frigiditate
1492 3623 1798 3695 contingit.
1844 3622 2056 3681 Cervus

394 3710 554 3765 enim
585 3709 809 3782 frigidae
843 3715 1066 3766 naturae
1097 3716 1209 3778 est,
1240 3712 1393 3767 unde
1423 3717 1481 3767 et
1511 3711 1759 3769 timidus
1793 3730 2055 3786 semper-

396 3817 509 3872 que
540 3799 795 3872 fugiens,
849 3818 951 3856 nec
1001 3803 1100 3874 qui
1152 3817 1416 3873 unquam
1468 3800 1616 3857 alios
1665 3803 2052 3874 persequitur.

392 3895 469 3946 At
499 3906 637 3960 aper
665 3888 855 3945 calida
885 3895 1305 3961 temperatura,
1339 3891 1495 3946 unde
1526 3889 1686 3947 calor
1714 3890 1905 3948 oculis
1926 3894 2056 3963 ejus

392 3979 658 4035 insidens
687 3980 978 4052 lacrymas
1010 3979 1208 4051 coquit
1251 3986 1307 4035 et
1351 3980 1552 4036 dulces
1599 3980 1813 4048 reddit,
1847 3981 1949 4037 sed
1995 3980 2056 4036 in

394 4069 580 4125 cervis
638 4070 827 4142 frigus
874 4086 1009 4125 cum
1061 4075 1290 4125 mutare
1337 4068 1574 4125 illarum
1637 4075 1911 4125 naturam
1943 4087 2056 4126 non

395 4159 603 4230 possit,
638 4159 922 4231 relinquit
969 4159 1156 4215 salsas
1204 4160 1557 4231 crudusque.
1591 4159 1747 4215 Nihil
1781 4176 1924 4216 sane
1969 4164 2059 4216 est

392 4247 453 4302 in
506 4255 717 4303 natura
764 4251 921 4319 quod
983 4265 1222 4304 causam
1283 4264 1451 4304 suam
1513 4265 1629 4304 non
1689 4248 1887 4319 habet,
1920 4249 2058 4306 licet

395 4337 584 4393 multa
625 4341 863 4409 captum
916 4343 1184 4394 nostrum
1217 4338 1519 4408 effugiant.
1573 4340 1781 4409 Itaque
1828 4344 2059 4425 oportet

391 4425 675 4483 veriorem
708 4443 949 4482 causam
982 4443 1215 4498 semper
1240 4427 1557 4499 inquirere,
1590 4433 1788 4483 tamen
1822 4433 2057 4484 conten-

390 4521 519 4573 tum
566 4532 695 4572 esse
753 4516 931 4571 etiam
986 4516 1429 4585 verisimilibus,
1472 4517 1628 4588 quod
1683 4525 1738 4573 et
1781 4516 1944 4573 Plato
1996 4518 2056 4572 in

390 4605 680 4661 Phaedone
728 4606 917 4662 facere
940 4606 1135 4676 jubet,
1186 4622 1301 4661 non
1349 4623 1417 4662 ea
1467 4606 1642 4663 modo
1692 4623 1820 4679 quze
1871 4607 2056 4663 refelli

2683 2032 3039 2109 ραφυομένων
3077 2032 3285 2096 αὐτοῖς.

2228 2128 2306 2185 Οὐ
2363 2129 2431 2185 τὰ
2484 2127 2617 2205 ῥόδα
2650 2129 2839 2203 μόνον,
2886 2128 3034 2185 ἀλλὰ
3070 2130 3161 2186 καί
3190 2130 3258 2187 τὰ
3295 2127 3357 2185 ’ία
3384 2130 3475 2186 καὶ
3507 2133 3683 2188 πάντα
3714 2130 3815 2190 ὅσα

2156 2215 2271 2294 ἔχει
2328 2216 2515 2288 ἡδεῖαν
2566 2218 2873 2298 ἀποφορὰν,
2932 2220 3056 2275 ὅταν
3110 2216 3345 2295 σκόροδα
3399 2219 3489 2275 καὶ
3546 2222 3811 2297 κρόμμυα

2154 2308 2369 2371 τούτοις
2423 2308 2784 2387 παραφύεται,
2836 2307 3170 2384 εὐωδέστεραι
3223 2308 3445 2384 γίνεται.
3504 2312 3652 2366 Διότι
3703 2317 3807 2369 πᾶν

2158 2396 2214 2454 εἷ’
2261 2419 2315 2454 τι
2369 2395 2537 2472 δριμῦ
2592 2400 2683 2454 καὶ
2715 2395 2990 2473 δύσοδμον
3023 2398 3076 2455 ἂν
3103 2398 3319 2463 τούτοις
3349 2399 3405 2474 ᾗ,
3455 2398 3507 2455 έν
3541 2407 3658 2465 τοῖς
3692 2400 3812 2478 δρι-

2162 2489 2416 2564 μυτέροις
2457 2493 2566 2543 τῶν
2626 2488 2951 2562 σπερμάτων
3003 2494 3244 2567 φυσικῶς
3271 2488 3523 2567 ἀπορρεῖ,
3574 2490 3668 2546 καὶ
3723 2490 3810 2567 γί-

2158 2599 2305 2633 νεται
2354 2579 2415 2632 τὸ
2471 2575 3025 2652 καταλιμπανόμενον
3056 2575 3419 2635 εὐωδέστατον
3449 2581 3539 2634 καὶ
3572 2580 3813 2655 ὀσφραν-

2157 2668 2479 2726 τικώτατον.
2514 2669 2615 2724 Καὶ
2642 2668 2705 2722 τὸ
2734 2670 2975 2742 πήγανον
3009 2666 3068 2723 δὶ
3100 2667 3205 2723 ὑπὸ
3232 2671 3301 2743 τῇ
3333 2670 3468 2742 συκῇ
3510 2668 3813 2746 φυτευόμε-

2159 2779 2249 2813 νον
2282 2755 2605 2834 δριμύτερον
2657 2755 2849 2812 ἑαυτοῦ
2885 2756 3137 2833 γίνεταις
3192 2756 3525 2831 μετατίθεται
3570 2757 3671 2830 γὰρ
3722 2755 3811 2818 εἰς

2162 2847 2325 2925 φυτὸν
2356 2848 2419 2903 τὸ
2450 2846 2502 2902 έν
2534 2850 2602 2921 τῇ
2631 2850 2769 2920 συκῇ
2834 2846 3166 2921 βαρύοσμον.
3224 2847 3330 2911 Καὶ
3371 2850 3478 2902 τῶν
3510 2850 3698 2908 συκαῖς
3752 2842 3816 2913 δὶ

2163 2937 2376 3013 ἀγρίαις
2454 2936 2978 3015 παραφυτευομένων
3060 2939 3237 2993 συκῶν
3296 2934 3497 3012 βελτίω
3550 2934 3620 2992 τὰ
3674 2940 3815 2991 σῦκα

2159 3026 2425 3102 γίνονταιο
2483 3025 2689 3096 Ὀλκῆς
2744 3026 2850 3102 γὰρ
2914 3025 3123 3099 ὶκάστῳ
3178 3026 3270 3081 καὶ
3327 3031 3499 3104 φορᾶς
3552 3025 3694 3101 πρὸς
3748 3024 3818 3080 τὰ

2162 3114 2423 3191 σύμφυλα
2450 3117 2541 3172 καὶ
2579 3116 2748 3188 ὅμοια
2772 3117 3084 3191 γινομένης,
3133 3114 3259 3170 ὅσον
3313 3114 3455 3170 ἐστὶν
3497 3114 3551 3171 έν
3580 3119 3650 3190 τῇ
3678 3126 3814 3191 γλυ-

2160 3205 2287 3277 καίᾳ
2314 3210 2450 3279 συκῇ
2483 3204 2672 3280 δριμὺ,
2705 3204 2780 3267 εἰς
2810 3206 2909 3275 τὴν
2937 3204 3123 3281 ἀγρίαν
3159 3199 3470 3277 μεταϐαίνει
3495 3211 3688 3275 συκῆν,
3718 3203 3812 3259 καὶ

2079 3339 2121 3406 C
2163 3296 2394 3369 ἄμικτον
2421 3298 2520 3367 τήν
2552 3300 2653 3351 τοῦ
2681 3295 2848 3350 σύκου
2880 3292 3228 3372 διαφυλάττει
3257 3293 3593 3371 γλυκύτητα.

2163 3432 2291 3507 ρνγ’.
2327 3430 2422 3487 Διὰ
2455 3432 2604 3510 τίνα.
2626 3429 2800 3510 αίτίαν
2852 3428 3048 3510 τριτιῖιν
3082 3428 3281 3510 ἀγρίων
3315 3433 3454 3510 συῶν
3485 3428 3652 3510 δάκρυ
3684 3427 3812 3505 ἡδὺ,

2551 3503 2615 3558 τὸ
2648 3500 2705 3558 δὶ
2731 3507 2841 3558 τῶν
2889 3499 3101 3578 ἐλάφων
3128 3499 3416 3580 ’ἁλμυρόν.

2235 3603 2409 3658 Τοῦτο
2471 3598 2559 3656 διὰ
2616 3600 2924 3677 Θερμότητα
2952 3600 3041 3656 καί
3092 3600 3416 3677 ψυχρότητα
3464 3598 3692 3678 γίνεται.
3749 3600 3814 3658 Ὀ

2168 3691 2263 3765 μὲν
2312 3691 2415 3768 γὰρ
2465 3687 2664 3770 ἔλαφος
2722 3691 2956 3768 ψυχρὸς,
3018 3684 3136 3756 ὅθεν
3195 3690 3285 3746 καὶ
3343 3687 3527 3754 δειλὸς
3563 3690 3653 3746 καὶ
3686 3689 3814 3770 φεύο

2162 3802 2273 3858 γων
2335 3780 2439 3850 ἀεὶ,
2500 3777 2712 3836 διώκων
2769 3777 2827 3835 δὲ
2857 3778 3136 3838 οὐδέποτε.
3171 3781 3232 3838 Ὀ
3284 3776 3353 3837 8t
3372 3785 3566 3859 χοῖρος
3594 3780 3814 3858 Θερμὸς,

2165 3868 2308 3926 ἔνθεν
2340 3892 2424 3926 τοι
2454 3872 2516 3926 τὸ
2555 3870 2649 3945 μὶν
2683 3870 2880 3947 Θερμὸν
2912 3876 3030 3935 τοῖς
3063 3870 3372 3951 ὀφθαλμοῖς
3397 3875 3505 3927 τῶν
3539 3874 3679 3926 συῶν
3730 3870 3822 3947 ἐγ-

2164 3963 2303 4031 καθή
2316 3982 2473 4035 μενον
2505 3961 2694 4016 πέπτει
2723 3960 2939 4024 τούτοις
2968 3963 3031 4017 τὸ
3062 3958 3313 4039 δάκρυον,
3346 3960 3434 4017 καὶ
3454 3959 3630 4038 γλυκὺ
3653 3961 3818 4039 ἀπερ-

2166 4052 2409 4128 γάζεται.
2438 4052 2511 4106 Τὸ
2536 4047 2593 4107 δὶ
2622 4051 2835 4127 ψυχρὸν
2869 4046 3195 4125 μεταϐαλεῖν
3223 4054 3386 4108 τοῦτο
3427 4052 3546 4118 τοὶς
3589 4049 3821 4130 ὶλάφοις

2172 4144 2247 4217 μὴ
2277 4141 2547 4218 έξισχύον,
2580 4140 2829 4219 ἁλμυρὸν
2858 4146 3019 4198 τοῦτο
3045 4142 3133 4198 καὶ
3166 4147 3373 4222 φαῦλον
3404 4142 3482 4216 έᾷ.
3516 4140 3686 4200 Οὐδὲν
3713 4143 3816 4220 γὰρ

2165 4237 2276 4289 τῶν
2307 4233 2521 4288 πάντων
2554 4231 2811 4303 ἀναίτιον,
2844 4232 2895 4287 εἴ
2921 4232 3011 4287 καὶ
3041 4231 3230 4290 πολλὰ
3255 4234 3354 4304 τήν
3384 4232 3654 4310 ἡμετέραν
3700 4230 3816 4289 δια-

2169 4323 2355 4399 φεύγει
2381 4320 2809 4397 κατάληῴινΔεῖ
2839 4320 2896 4378 δὲ
2927 4322 3006 4378 ἀεὶ
3036 4325 3142 4398 μὴν
3171 4324 3266 4386 τὰς
3295 4321 3661 4397 ἀληθεστέρας
3692 4321 3817 4377 διω-

2167 4435 2277 4468 κειν
2309 4418 2418 4468 τῶν
2450 4412 2662 4483 αἰτίῶν,
2697 4411 2841 4470 ἀλλὰ
2864 4414 2954 4468 καὶ
2985 4419 3102 4477 ταῖς
3152 4411 3544 4483 πιθανωτέραις
3600 4410 3816 4484 ἀρκεῖσ-

2169 4505 2277 4574 θαι,
2306 4502 2420 4558 ἐπεὶ
2442 4503 2532 4558 καὶ
2561 4508 2724 4560 τοῦτο
2757 4502 2987 4561 Πλάτων
3018 4498 3443 4579 παρακελεύεται
3468 4497 3521 4553 ἂν
3569 4502 3649 4570 τῷ
3700 4495 3816 4554 δια-

2169 4591 2318 4670 λόγῳ
2345 4598 2424 4666 τῷ
2454 4590 2706 4666 Φαίδονι,
2740 4593 2801 4649 ού
2822 4594 2887 4648 τά
2918 4589 3214 4668 ἀνέλεγκτα
3246 4587 3434 4662 μόνον,
3468 4584 3613 4643 ἀλλὰ
3639 4587 3730 4644 καὶ
3751 4589 3820 4646 τὰ

387 4695 553 4753 nullo
585 4696 759 4752 modo
792 4701 1047 4767 possunt
1085 4695 1475 4769 amplectens,
1507 4695 1610 4752 sed
1641 4714 1709 4753 ea
1740 4713 1867 4769 quas
1898 4697 2046 4753 difﬂ-

2170 4679 2493 4759 δυσέλεγκτα
2515 4680 2982 4761 προσδεχόμενος.

385 4785 573 4843 culter
600 4792 855 4858 possunt
883 4786 1199 4842 confutari.

389 4920 511 4978 154.
549 4922 731 4990 Quare
759 4919 950 4997 sifzices
994 4924 1046 4997 et
1068 4920 1307 4997 plumbi
1337 4920 1567 4997 laminae
1595 4938 1750 4995 aqua
1780 4924 2046 4997 impositae

2162 4905 2287 4986 ρνδ’.
2322 4910 2420 4966 Διὰ
2446 4909 2570 4965 τίνα
2601 4905 2773 4997 αἰτίαν
2801 4902 3031 4997 χάλικες
3057 4901 3172 4997 ⁸καὶ
3216 4896 3501 4993 μολιϐίδες
3535 4899 3819 4980 ὶμϐαλλό-

802 4971 964 5048 {illi}:
994 4971 1654 5064 fhéid'zu'r'e'nﬁétiﬁni.’
1670 4971 1747 4979 ’⁷⁷
1783 4971 2046 4997 ””¹’”””

2162 4971 2169 4986 ’
2463 5000 2617 5055 μεναι
2644 4971 2985 5052 ψυχρότερον
3017 4974 3081 5031 τὸ
3110 4971 3256 5052 ὕδωρ
3283 4980 3525 5047 ποιοῦσι,

452 5108 614 5164 Hanc
633 5109 1019 5180 quaestionem
1044 5108 1395 5165 Aristoteles
1420 5112 1477 5165 in
1510 5110 1892 5182 problematis
1913 5127 2046 5167 cum

2226 5103 2396 5154 Τοῦτο
2450 5099 2513 5153 τὸ
2586 5097 2806 5168 ζήτημα
2849 5094 2900 5148 έν
2969 5088 3363 5182 προϐλήμασιν
3424 5094 3818 5182 ³ᾼριιιτοτέλης

378 5178 738 5254 instituisset
768 5199 1119 5270 expendere,
1145 5197 1465 5254 insolutam
1500 5197 1865 5270 reliquit,est
1886 5201 2045 5256 enim

2162 5186 2517 5263 ἐπιχειρήσας
2574 5190 2847 5270 θεωρῆσαι
2905 5180 3004 5237 οὐκ
3059 5178 3380 5253 ἐπιλύσατο,
3439 5179 3551 5239 ἔστι
3606 5184 3709 5259 γὰρ
3758 5184 3817 5240 ὲν

377 5300 448 5339 ex
480 5286 871 5342 difﬁcillimis.
893 5287 1189 5342 Nimirum
1222 5304 1356 5343 vero
1387 5304 1523 5343 cum
1552 5304 1652 5343 aer
1678 5287 2046 5345 extrinsecus

2162 5281 2271 5338 τοῖς
2326 5276 2565 5348 μάλιστα
2614 5268 3040 5347 δυσθεωρήτοις.
3072 5270 3136 5327 Εἰ
3166 5271 3269 5346 γὰρ
3317 5272 3405 5326 καὶ
3440 5272 3468 5326 ὁ
3501 5271 3605 5344 ἆήρ
3636 5291 3819 5347 παρα-

374 5372 638 5429 allabens
672 5393 886 5447 aquam
934 5376 1127 5431 reddit
1182 5376 1483 5447 frigidam,
1516 5376 1571 5432 id
1625 5376 1815 5448 magis
1862 5375 2042 5437 etiam

2162 5365 2321 5440 ψύχει
2378 5363 2441 5418 τὸ
2503 5360 2649 5437 ὕδωρ
2709 5358 2900 5435 ἔξωθεν
2958 5360 3271 5436 ἐμπίπτων,
3306 5359 3448 5448 οὕτω
3509 5358 3816 5434 δὲμᾶλλον

377 5463 610 5518 efﬁcere
632 5465 787 5519 valet
813 5482 945 5519 cum
972 5466 1031 5519 in
1054 5464 1280 5536 lapides
1305 5471 1361 5520 et
1388 5464 1613 5536 plumbi
1641 5464 1895 5523 laminas
1924 5466 2038 5523 im-

374 5551 679 5624 pingitur:
712 5554 1004 5608 densitate
1036 5553 1195 5608 enim
1228 5570 1337 5609 sua
1358 5555 1659 5625 excipiunt
1687 5552 1834 5609 illud
1868 5560 2042 5627 atque

374 5641 433 5696 in
475 5657 690 5712 aquam
739 5640 951 5698 iterum
1006 5644 1339 5711 remittunt,
1374 5648 1439 5698 ut
1488 5659 1591 5714 per
1638 5647 1825 5698 totam
1873 5643 2039 5699 illam

370 5729 627 5788 validius
660 5730 849 5802 frigus
894 5736 1195 5802 pervadat,
1227 5733 1387 5787 unde
1435 5731 1583 5787 nihil
1632 5732 1846 5787 mirum
1882 5736 2034 5806 quod

372 5820 569 5880 silices
601 5815 948 5893 plumbique
978 5819 1207 5877 laminae
1233 5837 1397 5893 aqua;
1420 5821 1647 5895 injecta:
1680 5820 1845 5877 illam
1876 5822 2037 5879 refri-

2152 5453 2333 5530 ἰσχύει
2391 5451 2529 5528 πρὸς
2590 5451 2716 5514 τοὺς
2776 5449 2963 5515 λίθους
2995 5450 3087 5506 καὶ
3115 5450 3210 5512 τὰς
3241 5445 3572 5523 μολιϐδίδας
3602 5450 3818 5524 ἀπερει-

2151 5543 2410 5617 δόμενος·
2461 5541 2723 5618 Στέγουσι
2771 5543 2873 5619 γὰρ
2924 5539 3083 5595 αὐτὸν
3143 5543 3213 5614 τῇ
3244 5538 3541 5613 πυκνότητι
3573 5539 3819 5594 καὶάνα-

2147 5636 2392 5693 κυκλῶσι
2426 5632 2503 5695 εἰς
2550 5632 2612 5687 τὸ
2643 5630 2813 5707 ὕδωρ,
2876 5629 3016 5685 ὥστε
3073 5626 3145 5685 δι’
3176 5627 3314 5684 ὅλου
3380 5628 3615 5705 ἰσχυρὰν
3657 5629 3805 5704 γίνε-

2150 5729 2270 5781 σθαι
2324 5723 2425 5791 τὴν
2479 5721 2787 5797 περίψυξιν,
2838 5718 3023 5774 καινὸν
3082 5715 3244 5773 ούδὶτ
3275 5715 3361 5772 ἐὰν
3392 5717 3460 5773 τὰ
3485 5721 3593 5772 τῶν
3635 5714 3809 5793 χαλί-

2146 5835 2256 5871 κων
2300 5809 2509 5878 λιθίδια
2554 5808 2644 5868 καί
2695 5809 2750 5865 αἱ
2793 5802 3114 5883 μολιὸδίδες
3141 5801 3556 5882 ἐμϐαλλόμεναι
3588 5808 3803 5886 ψυχρὸν
