4100 6448
353 487 463 547 781

1541 487 1643 546 DE
1687 483 2128 546 OMNIFARIA
2172 485 2599 548 DOCTHINA.

3661 485 3782 550 782

352 649 570 702 ποιοῦσι
624 645 686 700 τὸ
737 641 905 718 ὕδωρ.
941 645 1034 698 Διὸ
1063 643 1173 699 ’καὶ
1224 648 1510 720 χειμῶνος
1541 643 1591 697 οἷ
1637 644 1877 717 ποταμοὶ
1909 645 2004 717 ψυ-

2123 649 2350 718 gerant.
2382 645 2650 702 Similem
2679 645 2752 703 ob
2786 663 3026 704 causam
3087 647 3300 704 hiemis
3321 649 3587 720 tempore
3617 645 3781 704 ﬂuvii

353 735 612 812 χρότεροι
661 737 762 808 τῇς
817 731 1090 805 θαλάττης
1140 733 1402 808 γίνονται·
1456 733 1634 809 ἰσχύει
1682 734 1786 809 γὰρ
1826 732 1878 788 ἐν
1911 733 2009 788 αὗ-

348 829 466 888 τοῖς
498 827 526 880 6
568 823 782 900 ψυχρὸς
835 823 942 900 ἀὴρ
995 822 1408 896 ἀνακλώμενος,
1443 823 1493 878 ἐν
1546 821 1604 878 δὶ
1647 827 1715 898 τῇ
1769 822 2010 897 θαλάσσῃ

351 911 440 968 διὰ
475 913 640 990 βάθος
691 911 939 968 ἰκλῦεται
989 914 1127 989 πρὸς
1178 909 1346 985 μηδεν
1401 911 1738 987 ἀντερείδων.
1786 911 2012 975 ’Ἄλλως

347 1024 406 1058 τε
435 1004 525 1058 καὶ
559 1004 587 1058 6
618 997 885 1076 μόλιϐδος
916 1007 1024 1057 τῶν
1079 1023 1232 1080 quasi.
1264 1005 1490 1078 ψυχρῶν
1543 1001 1708 1072 ἐστιν⁹
1741 999 1800 1056 οἷ’
1821 1022 1879 1056 τε
1906 1001 2008 1076 χά-

351 1092 500 1156 λικες
530 1095 600 1168 τῇ
632 1091 931 1163 πυκνότητι
963 1093 1025 1148 τὸ
1057 1092 1270 1168 ψυχρὸν
1305 1089 1394 1146 διὰ
1429 1091 1589 1167 βάθος
1620 1095 1890 1147 ποιοῦσιν.

351 1307 470 1380 ρνε¹.
528 1300 626 1356 Διὰ
673 1300 796 1356 τινα
835 1297 1010 1394 αἰτίαν
1064 1298 1294 1394 ἀχύροις
1346 1300 1436 1354 καὶ
1485 1299 1727 1374 ἱματίοις
1771 1301 1806 1370 ἡ
1864 1300 2004 1376 χιὼν

959 1370 1397 1451 διαφυλάττεται.

425 1479 739 1555 Θαυμαστὸν
802 1476 952 1534 δοκεῖ
1008 1479 1053 1534 εἶ
1129 1479 1195 1535 τὰ
1276 1477 1584 1556 θερμόταται
1654 1477 1860 1555 ἄχυρον
1915 1477 2004 1534 καὶ

350 1571 571 1645 ἱμάτιον
629 1569 914 1625 συνεκτικὰ
960 1573 1070 1624 τῶν
1103 1570 1466 1645 ψυχροτάτων
1511 1567 1674 1626 ἐστίν.
1726 1568 1839 1626 Οὐκ
1890 1565 2006 1644 ἔχει

351 1659 408 1716 δὲ
441 1661 634 1729 οὕτως,
691 1658 816 1715 ἀλλ’
873 1661 922 1714 εἴ
968 1658 1129 1722 αὐτὸς
1188 1658 1718 1736 παραλογιζόμενος.
1778 1657 1854 1716 Οὐ
1904 1659 2005 1734 γὰρ

351 1751 508 1830 φύσει
557 1751 757 1827 θερμὸν
805 1751 867 1805 τὸ
914 1751 1156 1824 ἱμάτιον,
1209 1750 1298 1806 καὶ
1352 1750 1454 1826 γὰρ
1505 1752 1532 1806 ὁ
1581 1751 1753 1826 χιτὼν
1795 1752 2009 1827 ψυχρὸς

351 1843 490 1916 ἡμῖν
521 1839 849 1916 προσπίπτει
898 1841 961 1895 τὸ
1010 1845 1228 1916 πρῶτον
1277 1837 1678 1913 ἐνδυσαμένοις,
1722 1841 1834 1896 εἶτα
1885 1840 2004 1914 μὲν-

347 1953 435 1986 τοι
491 1929 765 2008 θερμαίνει
813 1936 914 2000 τῆς
971 1929 1060 2008 ἀφ’
1117 1933 1276 2003 ἡμῶν
1337 1923 1673 2006 θερμότητος
1727 1929 2008 2002 ἐμπιπλάο

2120 734 2455 808 frigidiores
2505 742 2643 792 sunt
2675 753 2854 810 quam
2882 753 3063 810 mare,
3089 753 3186 794 aer
3217 737 3373 792 enim
3419 737 3671 812 frigidus
3719 737 3782 793 in

2119 824 2238 880 illis
2264 825 2514 882 reﬂexus
2561 828 2834 898 praevalet
2892 827 3084 900 magis
3125 843 3307 899 quam
3363 825 3424 882 in
3473 828 3646 897 mari,
3680 827 3784 883 ubi

2119 919 2356 988 propter
2399 916 2861 988 profunditatem
2907 917 3140 974 nullum
3173 915 3234 972 in
3286 915 3534 973 solidum
3567 931 3784 990 corpus

2119 1003 2454 1072 incidit,sed
2487 1005 3096 1077 dissolvitur.Alioqui
3129 1005 3445 1078 plumbum
3469 1005 3646 1062 etiam
3671 1015 3780 1062 na-

2117 1095 2252 1148 tura
2283 1093 2562 1166 frigidum
2585 1100 2694 1160 est,
2719 1099 2777 1152 et
2807 1095 3004 1152 silices
3037 1101 3276 1168 propter
3299 1094 3651 1152 densitatem
3682 1093 3784 1152 fri-

2117 1201 2229 1257 gus
2259 1184 2318 1240 in
2340 1185 2458 1241 imo
2479 1185 2724 1242 faciunt.

2263 1304 2384 1358 155.
2411 1307 2601 1374 Quare
2615 1305 2796 1378 paleis
2835 1313 2888 1361 et
2911 1305 3254 1361 vestimentis
3287 1304 3509 1376 injectis
3537 1307 3640 1362 nix

2745 1381 3128 1433 conservatur.

2189 1481 2404 1538 Mirum
2437 1483 2618 1540 videri
2639 1483 2825 1556 possit
2850 1485 3004 1556 quod
3019 1482 3398 1540 calidissimas
3421 1499 3512 1540 res
3530 1487 3596 1539 ut
3612 1482 3780 1556 palea

2119 1575 2175 1626 et
2207 1571 2622 1628 vestimentum
2661 1572 3078 1646 frigidissimas
3109 1576 3482 1630 conservant.
3523 1571 3634 1628 Sed
3659 1589 3776 1628 non

2115 1660 2198 1715 ita
2221 1677 2282 1716 se
2306 1661 2500 1731 habet,
2531 1678 2734 1718 verum
2789 1661 2914 1734 ipse
2947 1661 3048 1734 qui
3107 1663 3188 1718 ita
3237 1661 3476 1733 judicas
3535 1660 3778 1718 falleris.

2117 1749 2317 1823 Neque
2339 1752 2496 1807 enim
2519 1757 2733 1808 natura
2764 1751 3024 1808 calidum
3057 1756 3148 1808 est
3176 1751 3778 1819 vestimentum,nam

2118 1842 2452 1918 ettunicam
2487 1841 2676 1914 primo
2709 1858 2815 1898 nos
2849 1859 2984 1898 cum
3008 1857 3137 1898 eam
3171 1841 3479 1898 induimus
3499 1841 3777 1914 frigidam

2118 1931 2428 1998 sentimus,
2452 1931 2662 1987 deinde
2693 1933 2934 1988 demum
2968 1931 3256 1999 calefacit,
3280 1930 3520 2002 impleta
3553 1930 3780 1988 scilicet

349 2041 571 2096 σμενος,
625 2019 714 2075 καὶ
789 2020 903 2094 ἅμα
977 2017 1348 2096 περιστέλλων
1423 2020 1511 2074 καὶ
1571 2020 1662 2076 τὸν
1717 2016 1818 2090 ἔξω
1877 2019 2004 2098 ἀέρα

2122 2020 2310 2076 calore
2359 2039 2391 2076 a
2447 2036 2689 2094 corpore
2737 2025 2940 2078 nostro
2972 2021 3343 2094 procedente,
3374 2025 3432 2078 et
3470 2024 3776 2077 externum

348 2113 444 2164 τοῦ
526 2109 803 2183 σώματος.
885 2111 1088 2183 Ὥσπερ
1175 2106 1267 2164 οὖν
1353 2111 1502 2182 ἡμᾶς
1578 2110 2004 2184 θερμαινόμενον

355 2197 626 2273 θερμαίνει
678 2198 740 2254 τὸ
797 2198 1050 2272 ἱμάτιον,
1110 2196 1254 2252 οὕτω
1315 2199 1634 2274 ψυχόμενον
1684 2201 1783 2270 τήν
1842 2199 2006 2275 χιόνα

357 2288 666 2364 περιψύχει.
707 2286 957 2364 Ψόχεται
1007 2283 1064 2342 δὲ
1123 2287 1218 2343 ὐπ’
1264 2287 1512 2366 ἀφιείσης
1559 2291 1770 2363 πνεῦμα
1803 2286 2001 2346 λεπτὸν

357 2381 512 2432 τοῦτο
555 2377 657 2453 γὰρ
709 2375 924 2454 συνέχει
983 2379 1081 2448 τὴν
1143 2379 1304 2451 πῆξιν
1369 2377 1535 2449 αὐτῆς
1585 2377 2004 2453 ἐγκατακεκλει-

354 2467 572 2540 σμένον.
608 2465 969 2530 Ἀπελθόντος
1000 2465 1058 2522 δὲ
1086 2471 1182 2523 τοῦ
1230 2467 1539 2542 πνεύματος
1582 2466 1726 2544 ὕδωρ
1761 2467 1894 2524 οὖσα
1925 2468 2008 2545 ῥεῖ

349 2556 438 2612 καὶ
497 2554 806 2628 διατήκεται
863 2556 955 2611 καὶ
1013 2557 1244 2622 ἀπανθεῖ
1288 2559 1350 2612 τὸ
1407 2556 1620 2626 λευκὸν,
1657 2557 1786 2628 ὅπερ
1843 2561 1877 2629 ἡ
1909 2557 2006 2614 τοῦ

344 2644 653 2718 πνεύματος
715 2646 854 2722 πρὸς
902 2645 966 2700 τὸ
1016 2645 1180 2721 ὑγρὸν
1240 2645 1484 2719 ἀνάμιξις
1537 2644 1797 2724 ἀφρώδης
1853 2667 2006 2721 γενο-

350 2735 481 2807 μένη
514 2740 766 2811 παρεῖχε,
799 2733 888 2790 καὶ
918 2735 980 2790 τὸ
1029 2732 1235 2811 ἄχυρον
1272 2733 1362 2790 διὰ
1396 2736 1713 2814 κουφότητα
1742 2735 2006 2808 μαλακῶς

345 2823 670 2898 περιπίπτον
704 2824 764 2878 οὐ
799 2822 1023 2900 θρύπτει
1051 2824 1144 2879 τὸν
1177 2824 1373 2898 πάγον.

2117 2127 2308 2165 aerem
2340 2110 2412 2165 ab
2442 2110 2544 2165 illo
2567 2125 2774 2167 arcens
2806 2127 2873 2166 ac
2915 2111 3226 2182 repellens.
3261 2099 3773 2174 Quemadmodum

2113 2199 2296 2270 igitur
2319 2199 2599 2256 calefacta
2646 2201 2822 2256 vestis
2859 2216 2965 2256 nos
3029 2199 3317 2268 calefacit,
3354 2199 3440 2256 sic
3473 2199 3778 2271 frigefacta

2115 2287 2278 2344 nives
2309 2288 2875 2362 refrigerat.Frigelit
2903 2294 3100 2345 autem
3123 2289 3340 2345 emisso
3371 2289 3443 2345 ab
3466 2287 3586 2345 illis
3607 2287 3774 2344 tenui

2116 2377 2456 2451 Spiritu,qui
2486 2379 2630 2434 dum
2662 2395 2696 2434 a
2724 2383 2882 2434 veste
2911 2378 3180 2434 inclusus
3209 2379 3514 2444 retinetur,
3547 2393 3647 2434 eas
3676 2377 3770 2431 in-

2114 2472 2310 2540 tegras
2343 2485 2409 2523 ac
2440 2473 2773 2539 compactae
2799 2467 3240 2524 conservat.Hic
3272 2467 3428 2523 enim
3461 2466 3546 2522 sic
3578 2465 3774 2536 exspi-

2115 2561 2205 2614 ret
2234 2561 2291 2613 et
2320 2557 2648 2628 evolaverit,
2701 2557 2802 2611 nix
2835 2557 2890 2612 in
2943 2563 3127 2627 atinas
3181 2573 3211 2612 e
3270 2556 3488 2628 quibus
3547 2556 3781 2611 constat

2116 2648 2432 2720 liquefacta
2463 2634 2714 2714 difﬂuet,
2748 2645 3126 2717 alboremque
3157 2662 3334 2702 suum
3367 2644 3546 2701 veluti
3577 2645 3784 2701 ﬂorem

2118 2738 2365 2804 amittet,
2415 2736 2658 2808 perinde
2707 2739 2774 2790 ut
2803 2736 3099 2792 evanescit
3130 2752 3196 2791 ac
3227 2736 3378 2807 perit
3409 2751 3626 2807 spuma
3653 2749 3784 2803 quae

2117 2824 2440 2896 spiramine
2460 2839 2595 2878 cum
2626 2839 2780 2896 aqua
2836 2824 3116 2895 permisto
3148 2827 3286 2880 nata
3345 2823 3552 2880 fuerat.
3586 2822 3699 2880 Sed
3730 2825 3790 2878 et

349 2913 540 2985 palea,
571 2915 851 2987 quoniam
882 2913 1134 2986 perlevis
1164 2919 1277 2986 est,
1314 2913 1569 2972 molliter
1598 2913 1836 2972 nivibus
1865 2916 2238 2988 incumbens,
2275 2914 2609 2971 consistens
2633 2915 2761 2984 ejus
2819 2913 2953 2986 gelu
2987 2931 3104 2970 non
3136 2913 3428 2986 dissolvit,
3466 2914 3572 2971 sed
3621 2911 3773 2970 inte-

357 3017 527 3074 grum
557 3002 854 3076 relinquit.

835 3119 958 3194 ρνς’.
991 3119 1052 3174 Τί
1081 3118 1190 3175 ἐστι
1229 3118 1524 3196 βούλιμος.

425 3221 709 3297 Βούλιμος
757 3223 967 3302 λέγεται
1035 3228 1062 3282 6
1127 3228 1290 3304 μέγας
1339 3226 1506 3300 λιμὸς
1557 3229 1673 3282 οἷον
1732 3225 2011 3300 ποῦλιμός

347 3335 456 3382 τις,
503 3315 650 3368 τοῦτ’
689 3307 798 3370 ἔστι
847 3315 1024 3378 πολὺς
1075 3316 1265 3390 λιμός.
1299 3313 1648 3388 Βουλιμιῶσι
1705 3311 1764 3371 δὲ
1816 3317 1867 3371 οἳ
1921 3314 2011 3371 διὰ

2621 3120 2748 3176 156.
2783 3121 2927 3188 Quid
2954 3119 3030 3176 sit
3052 3119 3290 3176 bulimos

2192 3225 2456 3283 Bulimos
2507 3226 2826 3284 vehemens
2857 3227 3042 3284 fames
3072 3229 3181 3296 est,
3245 3224 3414 3299 quasi
3445 3221 3722 3296 πούλιμος
3755 3241 3790 3282 a

2117 3313 2298 3378 πολὺς
2331 3315 2559 3374 multus
2590 3320 2648 3372 et
2678 3313 2845 3389 λιμὸς
2875 3315 3030 3389 quod
3072 3316 3290 3371 famem
3321 3313 3639 3387 significat.
3673 3313 3786 3370 Ve-

351 3402 539 3477 χιόνος
575 3401 812 3474 μάλιστα
855 3403 998 3459 πολὺ
1053 3402 1382 3480 βαδίζοντεςο
1435 3405 1714 3480 Πάσχουσι
1757 3402 1814 3461 δὶ
1843 3410 2004 3460 τοῦτο

2122 3407 2452 3463 hementius
2473 3411 2671 3462 autem
2691 3406 2963 3463 esuriunt
2994 3405 3096 3478 qui
3124 3421 3224 3479 per
3255 3405 3417 3461 nives
3449 3403 3800 3474 frequenter-

348 3492 440 3546 καὶ
495 3489 658 3546 ἵπποι
715 3493 806 3547 καὶ
862 3492 1116 3566 ἡμίονοι,
1169 3493 1257 3548 καὶ
1305 3491 1544 3567 μάλιστα
1590 3492 1712 3550 ὅταν
1775 3492 2003 3571 ἰσχάδας

347 3581 440 3635 καὶ
491 3579 648 3654 μῆλα
701 3581 1026 3656 κομίζωσιν.
1084 3586 1152 3640 ’⁸0
1213 3581 1270 3638 δὲ
1329 3583 1775 3656 θαυμασιώτατόν
1838 3583 2003 3656 ἐστιν,

349 3669 450 3726 οὐκ
487 3671 810 3747 ἀνθρώπους
865 3671 1054 3746 μόνον,
1090 3671 1236 3728 ἀλλᾶ
1261 3671 1352 3728 καὶ
1385 3675 1558 3744 κτήνη
1605 3673 2002 3751 ἀναρρώννυσιν

349 3757 512 3835 ἄρτος
557 3762 772 3818 πάντων
822 3759 1110 3835 ἰδωὸίμων
1175 3761 1432 3836 μάλιστα,
1477 3762 1612 3818 ὥστε
1667 3761 1763 3818 κᾶν
1819 3763 2008 3840 ἐλάχι-

349 3871 474 3904 στον
531 3849 617 3906 ἐὰν
677 3851 942 3927 φάγωσιν,
997 3851 1160 3915 εὐθὺς
1219 3850 1468 3908 ἵστανται
1519 3853 1608 3908 καὶ
1671 3851 2005 3930 βαδίζουσι,

345 3939 708 4016 περιψύχεται
755 3940 858 4017 γὰρ
901 3940 1146 4018 ἲσχυρῶς
1193 3941 1284 3996 καὶ
1332 3947 1628 3998 πυκνοῦται
1663 3943 1730 3998 τὰ
1779 3946 2007 4018 σώματα

346 4032 456 4084 τῶν
522 4027 848 4103 βαδιζόντων
909 4028 998 4086 διὰ
1065 4030 1291 4108 χιόνος,
1347 4032 1631 4098 κάντεῦθεν
1685 4032 1748 4087 τὸ
1793 4033 2002 4109 ’θερμὸν

349 4114 548 4182 ἔσωθεν
599 4120 1118 4198 ἀντιπεριστάμενον
1174 4121 1446 4178 ἀναλίσκει
1494 4121 1592 4192 τὴν
1630 4123 1862 4200 τροφὴν,
1893 4122 2007 4178 εἶτα

347 4205 742 4280 ἐπιλειπούσης
803 4209 968 4280 αὔτῆς
1028 4209 1208 4287 ὥσπερ
1256 4213 1319 4267 τὸ
1369 4215 1474 4286 πῦρ
1518 4213 2004 4288 ἀπομαραίνεσθαι.

349 4297 442 4352 Διὸ
483 4303 706 4354 πεινῶσι
763 4297 971 4378 σφόδρα
1033 4301 1084 4356 οἱ
1140 4305 1305 4357 τοῦτο
1357 4301 1644 4376 παθόντες,
1693 4302 1782 4358 καὶ
1827 4303 2006 4380 βραχὺ

345 4387 625 4451 παντελῶς
685 4387 1022 4465 ἐμφαγόντες
1096 4390 1252 4455 εὐθὺς
1326 4389 1760 4466 ἀναλάμπουσιν.
1822 4394 1889 4451 Οἱ
1951 4391 2008 4448 δὲ

340 4478 442 4548 τὴν
475 4477 828 4554 βουλιμίασιν
857 4481 1029 4543 πάθος
1052 4479 1104 4564 ἐν
1133 4483 1400 4558 στομάχῳ
1423 4481 1550 4564 φασὶ
1574 4480 1662 4537 διὰ
1695 4479 2002 4559 συνδρομὴν

342 4571 549 4642 θερμοῦ
581 4565 948 4646 λειποψυχίαν
981 4561 1200 4629 ποιοῦν,

2115 3497 2224 3553 iter
2253 3496 2664 3569 faciunt,quod
2697 3500 2754 3552 et
2785 3495 2920 3569 equi
2953 3495 3221 3552 sentiunt
3251 3499 3308 3551 et
3337 3493 3505 3564 muli,
3528 3492 3784 3550 maxime

2115 3587 2350 3659 quando
2375 3585 2599 3644 caricas
2630 3585 2719 3642 vel
2779 3603 2952 3658 poma
2981 3589 3238 3659 portant.
3274 3585 3438 3650 Quod
3489 3597 3624 3639 vero
3657 3582 3774 3638 mi.

2117 3677 2366 3731 randum
2403 3677 2656 3732 maxime
2705 3685 2814 3746 est,
2847 3693 2964 3732 non
3015 3675 3288 3732 homines
3347 3674 3520 3730 modo
3570 3672 3672 3728 sed
3727 3674 3786 3728 et

2108 3767 2384 3836 jumenta
2413 3766 2567 3822 inter
2596 3783 2802 3823 omnes
2835 3766 2998 3823 cibos
3061 3782 3212 3838 pane
3269 3763 3523 3820 maxime
3567 3761 3782 3818 confir-

2119 3861 2357 3911 mantur
2385 3860 2444 3912 et
2474 3856 2626 3913 vires
2667 3857 2978 3928 recipiunt,
3001 3873 3068 3912 ac
3099 3856 3149 3911 si
3174 3853 3258 3912 vel
3279 3852 3585 3927 paululum
3618 3867 3687 3908 ex
3710 3867 3777 3908 eo

2118 3945 2500 4017 comederint,
2533 3946 2708 4002 erecti
2745 3945 2959 4002 iterum
2987 3948 3148 4002 stant
3203 3947 3260 4000 et
3290 3942 3771 4016 progrediuntur.

2117 4036 2332 4092 Eorum
2367 4053 2538 4108 porro
2571 4035 2672 4108 qui
2711 4052 2814 4108 per
2871 4035 3034 4092 nives
3082 4035 3192 4091 iter
3252 4033 3496 4103 faciunt,
3532 4047 3778 4103 corpora

2117 4126 2493 4182 vehementer
2523 4125 2866 4182 afficiuntur
2897 4125 3110 4198 frigore
3141 4127 3200 4180 et
3220 4123 3652 4194 constipantur,
3685 4122 3773 4176 at-

2119 4233 2233 4287 que
2265 4216 2402 4272 inde
2435 4215 2594 4272 calor
2617 4217 2973 4272 intrinsecus
3009 4215 3288 4271 resistens
3337 4209 3636 4269 consumit
3667 4225 3782 4266 nu-

2119 4305 2490 4376 trimentum,
2547 4323 2662 4379 quo
2725 4305 3042 4377 absumpto
3076 4320 3193 4360 una
3253 4319 3386 4359 cum
3442 4299 3634 4360 calore
3682 4297 3788 4354 illa

2119 4395 2398 4452 deﬁciunt
2451 4413 2518 4452 ac
2551 4399 2838 4452 marcent.
2899 4395 2994 4451 Sic
3044 4395 3246 4467 itaque
3276 4393 3465 4449 affecti
3511 4389 3786 4447 e'suriunt

2117 4485 2513 4557 vehementer,
2547 4490 2604 4542 et
2633 4485 2718 4542 vel
2760 4485 3070 4558 paululum
3102 4483 3220 4540 cibi
3269 4483 3317 4540 si
3367 4479 3649 4555 ceperint,
3683 4479 3786 4535 ite-

2115 4592 2248 4632 rum
2281 4575 2644 4632 reficiuntur.
2677 4577 2828 4632 Sunt
2875 4579 2934 4632 et
2965 4575 3066 4648 qui
3115 4589 3313 4631 acrem
3369 4572 3523 4629 hanc
3557 4567 3770 4627 famem

343 4657 684 4730 passionem
709 4659 772 4717 in
804 4661 1114 4719 stomacho
1148 4676 1278 4720 esse
1300 4661 1488 4731 aiunt,
1521 4661 1622 4736 qui
1649 4661 1720 4719 ob
1751 4662 2004 4720 calorem
2034 4663 2121 4721 illi
2150 4666 2534 4738 conjunctum
2565 4665 2722 4733 facit,
2783 4670 2849 4722 ut
2900 4663 3232 4737 deliquium
3261 4661 3446 4720 animi
3502 4659 3774 4718 homines

343 4747 668 4820 patiantur.

419 4866 548 4940 va'.
578 4866 672 4929 Τίς
705 4869 740 4939 ἡ
773 4865 918 4946 αἰτία
945 4865 1016 4923 δι’
1046 4869 1111 4940 ἦν
1147 4851 1420 4946 εἷξθρυπτει
1443 4867 1650 4946 γίνεται
1686 4868 1754 4926 τὰ
1779 4867 1830 4925 ἂν
1862 4871 1932 4944 τῇ

2122 4871 2223 4928 157
2251 4873 2387 4946 (13).
2420 4875 2602 4944 Quare
2629 4889 2820 4930 carnes
2848 4887 2920 4928 ea:
2938 4872 3044 4946 ﬁco
3077 4871 3280 4928 arbore
3309 4883 3586 4942 suspensa:
3636 4869 3784 4924 tene-

768 4944 904 5016 συκῇ
935 4941 1352 5018 κρεμαννύμενα
1377 4941 1595 5018 κρέατα.

421 5044 496 5102 Τὸ
526 5045 688 5122 φυτὸν
722 5048 756 5117 ἡ
812 5054 948 5117 συκῆ
995 5048 1248 5103 ἁπάντων
1295 5045 1406 5103 ἐστί
1439 5043 1841 5121 ὀπωδέστατον,
1887 5051 2007 5126 θερ-

353 5134 453 5206 μὸν
481 5135 572 5190 οὗν
624 5139 838 5210 πνεῦμα
879 5135 970 5192 καὶ
1015 5133 1183 5214 δριμὺ
1230 5138 1322 5192 καὶ
1351 5138 1619 5212 τμητικὸν
1651 5139 1866 5215 ἀφίησι.
1912 5139 2009 5196 Καὶ

349 5227 511 5278 τοῦτο
565 5223 788 5300 θρύπτει
849 5226 940 5281 καὶ
1015 5226 1262 5282 πεπαίνει
1332 5229 1435 5297 τήν
1489 5227 1662 5302 σάρκα
1716 5233 1813 5283 τοῦ
1871 5225 2014 5302 ὅρνι-

345 5311 457 5384 θος,
491 5313 612 5379 ὅθεν
642 5319 752 5370 τῶν
799 5313 1012 5388 ταῦρων
1062 5315 1090 5371 6
1137 5317 1536 5392 χαλεπώτατος
1589 5321 1725 5391 συκῇ
1776 5317 2014 5394 προσδε-

2768 4947 2944 5002 rz'ores
2983 4943 3139 5016 ﬁant.

2192 5054 2363 5110 Ficus
2407 5055 2673 5110 omnium
2729 5053 3010 5110 fruticum
3070 5051 3467 5123 arborumque
3528 5046 3785 5104 maxime

2123 5160 2298 5200 succo
2331 5144 2618 5212 abundat,
2653 5144 2851 5215 itaque
2884 5141 3159 5216 spiritum
3195 5157 3263 5196 ex
3300 5156 3364 5196 se
3394 5138 3615 5195 emittit
3643 5135 3787 5193 cali-

2125 5233 2288 5301 dum,
2323 5249 2516 5288 acrem
2549 5236 2607 5288 et
2635 5231 2937 5288 incidendi
2997 5233 3050 5287 vi
3082 5229 3420 5304 praeditum.
3469 5233 3658 5299 Atque
3685 5225 3784 5282 hic

2125 5323 2349 5394 subigit
2379 5339 2445 5379 ac
2475 5321 2654 5378 veluti
2687 5321 2992 5396 percoquit
3017 5321 3140 5378 avis
3172 5337 3447 5395 appensee
3469 5333 3699 5390 carnes,
3717 5315 3788 5373 si-

1919 5449 2149 5506 NOT/E.

417 5559 528 5635 (13)
561 5561 648 5617 Ita
675 5561 734 5618 in
764 5579 902 5632 ms.,
935 5579 1051 5634 quo
1081 5579 1229 5618 usus
1261 5564 1780 5635 sum,quastiones
1807 5565 1894 5622 hae
1914 5585 2007 5624 ca-

343 5631 566 5704 pitibus
588 5650 732 5690 cnvu
763 5631 1234 5708 distinguuntur,
1268 5631 1459 5707 neque
1487 5641 1686 5692 tamen
1727 5640 2008 5708 pauciora

342 5711 696 5778 argumenta
724 5706 1029 5764 continent
1049 5725 1228 5778 quam
1259 5706 1440 5764 codex
1471 5708 1671 5764 Allatii
1703 5706 2008 5769 divisusin

343 5777 535 5854 capita
564 5784 832 5854 (περιίδοι
859 5796 929 5836 ex
953 5777 1144 5854 titulis
1160 5797 1340 5854 supra
1365 5779 1908 5854 (col.524)ascriptis
1925 5784 2010 5840 vi-

343 5850 538 5908 debis.
589 5851 792 5924 Itaque
821 5868 896 5909 ne
926 5852 1062 5926 quis
1092 5850 1458 5910 existimaret
1489 5868 1582 5910 me
1605 5850 1818 5911 minus
1849 5855 2006 5913 inte-

2119 5585 2292 5641 grum
2315 5567 2475 5624 istud
2509 5567 2682 5641 Pselli
2705 5567 3073 5641 iopusculum
3099 5565 3261 5641 dare,
3293 5565 3353 5621 in
3382 5563 3788 5641 tituiocapita

2118 5635 2286 5696 ﬁxam
2321 5639 2662 5706 memoravi,
2702 5635 2840 5696 licet
2875 5657 2974 5710 pro
3008 5639 3295 5696 divisione
3329 5653 3508 5710 quam
3567 5637 3626 5692 in
3653 5635 3792 5692 Lin-

2119 5715 2520 5787 denbrogiano
2551 5713 2890 5786 apographo
2921 5712 3132 5785 reperi,
3167 5727 3284 5770 non
3315 5712 3490 5786 plura
3517 5712 3663 5766 sunt
3691 5723 3789 5766 ea-

2121 5786 2243 5860 pita
2275 5786 2450 5859 quam
2482 5799 2654 5842 CLVII.
