4100 6448
344 461 462 521 783

1680 459 2100 521 MICHAELIS
2148 460 2237 520 PS
2251 459 2419 519 ELLI

3657 453 3775 515 784

346 593 584 666 quidem
610 591 1013 649 ferocissimus
1026 592 1202 648 etiam
1234 595 1442 648 taurus
1473 593 1580 649 fico
1600 593 1879 666 alligatus
1896 592 1989 649 mi-

2123 591 2235 653 θεὶς
2292 587 2529 665 ἡσυχίαν
2584 589 2700 665 ἄγει
2756 587 2846 643 καὶ
2905 586 3155 662 ψαύσεως
3203 587 3478 663 ἀνέχεται,
3509 584 3598 641 καὶ
3648 583 3778 648 ὅλος

345 684 457 739 tior
482 685 545 738 ﬁt
565 685 946 755 contingique
981 699 1042 738 se
1075 684 1384 754 permittit,
1417 689 1591 756 atque
1622 683 2003 753 omninojam

346 773 521 829 veluti
559 773 874 846 languidus
916 774 1102 828 factus
1152 773 1371 828 omittit
1428 774 1597 828 iram.
1650 772 2002 844 Hujusmodi

348 863 532 935 igitur
563 863 809 935 spiritus
842 863 1121 918 carnibus
1138 863 1509 918 victimarum
1525 863 1610 917 vel
1644 863 2005 933 quibuscum-

349 969 462 1025 que
494 953 626 1008 aliis
645 953 904 1008 allabens
935 952 1070 1007 illas
1096 959 1356 1024 permeat
1381 957 1758 1024 maceratque
1775 957 1832 1007 et
1853 957 2007 1006 tene-

349 1042 532 1098 riores
564 1042 764 1097 efficit.
802 1044 1004 1114 Itaque
1029 1043 1207 1097 etiam
1242 1042 1399 1096 dulci
1453 1059 1482 1097 e
1515 1043 1622 1097 ﬁco
1659 1041 1849 1114 grossi
1874 1057 2003 1096 cru-

343 1131 452 1201 dae,
485 1131 886 1187 abundantem
936 1131 1096 1186 illius
1147 1131 1560 1186 humiditatem
1614 1132 1682 1186 ad
1737 1147 1800 1187 se
1821 1135 2006 1186 attra-

346 1219 687 1292 huntatque
720 1221 804 1276 sic
833 1235 960 1275 eam
996 1219 1296 1275 meliorem
1314 1221 1710 1291 reddunt,quo
1736 1220 2006 1275 alludens

347 1325 515 1364 sacra
541 1310 844 1382 Scriptura
871 1310 951 1365 ait
973 1309 1089 1380 (14)
1121 1328 1136 1362 :
1184 1311 1344 1364 Ficus
1374 1310 1574 1364 extulit
1617 1325 1830 1381 grossos
1858 1325 2003 1380 suos,

346 1398 455 1455 hoc
484 1403 594 1466 est,
640 1399 839 1454 anima
884 1415 987 1470 per
1044 1398 1513 1470 puriﬁcationem
1573 1415 1745 1454 omne
1800 1398 2006 1454 inutile

342 1491 625 1561 tanquam
679 1504 952 1561 gressum
986 1489 1236 1543 crudum
1271 1505 1304 1543 a
1347 1503 1409 1544 se
1439 1488 1639 1544 emisit
1669 1493 1838 1560 atque
1860 1488 2002 1544 eﬂ‘u-

343 1577 450 1632 dit.

2115 679 2303 756 ἀφίησι
2361 681 2455 735 τὸν
2518 679 2690 754 θυμὸν
2749 679 2931 755 ὥσπερ
2986 677 3540 753 ἁπομαραινόμενος.
3594 679 3773 734 Τοῦτο

2113 774 2241 846 γοῦν
2298 770 2361 824 τὸ
2437 774 2650 841 πνεῦμα
2723 769 2812 823 καὶ
2889 773 3006 832 τοῖς
3063 767 3292 841 Θύμασιν
3352 767 3387 837 ἢ
3448 765 3594 828 ὅλως
3656 771 3774 828 τοῖς

2115 859 2299 933 κρὲασι
2358 858 2700 936 προσπίπτον
2763 856 2965 934 διαιρεῖ
3017 859 3116 927 τὴν
3165 857 3335 933 σάρκα
3385 856 3475 912 καὶ
3515 855 3772 931 περιθρύ-

2115 969 2242 1003 πτοι
2296 948 2385 1003 καὶ
2438 948 2688 1024 ψαφαρᾶν
2749 946 3128 1024 ἀπεργάζεται,
3181 943 3271 1001 διὰ
3315 946 3486 1001 ταῦτά
3532 965 3622 1000 τοι
3678 945 3772 1000 καὶ

2115 1039 2251 1112 πρὸς
2301 1045 2403 1108 τῆς
2445 1037 2703 1114 γλυκείας
2757 1044 2926 1107 συκῆς
2979 1033 3137 1112 ἔτερα
3189 1040 3322 1091 σῦκα
3379 1036 3444 1090 τὰ
3501 1033 3773 1109 λεγόμενα

2116 1124 2338 1191 ὄλυνθοι
2390 1130 2489 1196 τὴν
2540 1127 2820 1202 ἄχρηστον
2876 1127 3150 1201 ὑγρότητα
3193 1129 3291 1180 τοῦ
3342 1128 3512 1202 φυτοῦ
3557 1122 3610 1178 ἐν
3656 1125 3776 1178 εαυ-

2113 1223 2230 1280 τοῖς
2286 1217 2536 1285 ἕλκοντα,
2593 1218 2691 1285 τήν
2752 1215 3128 1293 χρηποτὲραν
3187 1214 3404 1290 ἀφίησι.
3460 1214 3559 1269 Διά
3605 1217 3774 1269 ταῦτα

2116 1308 2249 1385 φησὶ
2298 1307 2388 1362 καὶ
2436 1309 2470 1376 ἡ
2524 1307 2728 1385 Γραφὴ,
2779 1307 2986 1375 Ἡσυκῆ
3039 1305 3290 1380 ὶξήνεγκε
3339 1303 3468 1366 τοὺς
3508 1302 3774 1368 ὀλύνθους

2116 1398 2303 1466 αὐτῆς,
2379 1398 2680 1465 τυυτὲστιν,
2751 1398 2903 1471 ψυχή
2987 1392 3077 1450 διὰ
3133 1396 3448 1469 καθάρσεως
3515 1395 3653 1448 ἅπαν
3709 1393 3776 1448 τὸ

2117 1487 2392 1563 ἄχρηστον
2473 1486 2654 1562 ὥσπερ
2706 1483 2937 1540 ὅλυνθον
2989 1483 3265 1561 ἐξήνεγκεν
3321 1483 3412 1538 καὶ
3471 1482 3773 1559 ἀποχέτευ-

2117 1597 2227 1635 σεν.

1915 1721 2148 1779 ΝΟΤίΕ.

421 1847 533 1921 (14)
566 1846 790 1904 Cautio.
818 1863 881 1916 ιι,
916 1848 1004 1904 13.
1035 1848 1246 1904 Confer
1266 1864 1393 1920 qua
1425 1849 1498 1905 de
1527 1849 1800 1921 capriﬁce
1821 1865 1989 1923 supra

2105 1865 2160 1922 p.
2195 1849 2320 1905 152.

350 2058 750 2070 -.-.-.------

349 2077 750 2088 —___._—.—

1707 2257 1834 2384 Ψ
1848 2251 2314 2383 ΕΛΛΟ
2347 2256 2434 2381 Υ

1073 2498 1257 2555 ΠΡΟΣ
1296 2499 1437 2556 ΤΟΝ
1476 2498 1787 2555 ΒΑΣΙΛΕΑ
1827 2497 1952 2553 ΚΑΙ
1982 2496 2238 2552 ΚΥΡΙοΝ
2278 2496 2558 2552 ΜΙΧΑΗΛ
2595 2497 2732 2553 TON
2776 2497 3058 2554 ΛΟΥΚΑΝ

1551 2651 2050 2708 ΕΠΙΛΥΣΕΙΣ
2107 2650 2563 2707 ΣΥΝΤΟΜΟΙ

1337 2815 1899 2916 ΦΥΣΙΚΩΝ
1980 2815 2776 2914 ΖΗΤΗΜΑΤΩΝ
2855 2923 2871 2934 ,

1693 3195 2419 3350 PSELLI

1135 3469 1232 3526 AD
1274 3469 1800 3527 IMPERATOREM
1852 3469 2194 3530 DOMINUM
2236 3468 2664 3525 MICHAELEM
2705 3467 2952 3528 DUCAM

1568 3623 2116 3690 SOLUTIONES
2182 3627 2352 3690 ΗΒΕ
2370 3627 2537 3690 VES

1005 3777 1990 3889 QUAESTIONUM

2111 3780 3109 3876 NATUBALIUM.

340 4115 516 4180 Grmce
547 4106 794 4180 edidit_D.
827 4111 1578 4180 GottfriedSeebodeGotbaa
1613 4114 1731 4163 i840
1763 4117 1814 4163 et
1828 4113 2344 4180 jViesbadenAtSS'l,
2382 4128 2445 4180 ex
2501 4115 2812 4180 apograpbo
2843 4114 2987 4180 quod
3025 4112 3530 4180 interiFabAricianas
3551 4112 3757 4165 biblio-

401 4169 568 4242 thecis
587 4170 901 4242 Academia:
936 4175 1252 4242 Hauuiensis
1274 4177 1454 4242 copias
1487 4181 1803 4242 asservatur.
1827 4176 2142 4242 Prmcedent
2179 4178 2235 4226 in
2257 4169 2735 4241 eo'ultima'caupita
2755 4169 3000 4242 ejusdem
3038 4177 3187 4228 Pselli
3219 4172 3581 4237 Διδασκαλίας
3613 4197 3754 4230 παν-

399 4228 644 4312 τοδαπῆς
675 4251 836 4299 quam
860 4251 1025 4312 supra
1056 4228 1354 4312 edidimus.-
1374 4239 1756 4312 ln_apographi
1815 4240 1990 4312 papyri
2043 4255 2204 4312 supra
2242 4242 2486 4312 _titu_lu_m_
2508 4228 2992 4312 hwc'vsrb3,_lice_t
3021 4228 3268 4310 obscured,
3291 4228 3753 4312 testiﬁcabar};

399 4311 704 4415 eglogam;
730 4300 1129 4412 οὲἓιιξυῑὲλεΐιέηι
1159 4301 1319 4361 edita,
1350 4321 1374 4346 »
1400 4303 1466 4351 ab
1498 4300 1630 4365 ipso,
1666 4300 1724 4351 ut
1754 4307 1906 4364 putat
1955 4303 2013 4350 D.
2048 4302 2289 4353 Seebode
2334 4304 2577 4355 Fabricio
2640 4300 2915 4356 annotata.
2961 4300 3453 4368 luterprotatiohen
3501 4300 3749 4361 Latinam

401 4381 431 4414 a
510 4381 525 4415 1
567 4380 675 4415 imu
712 4397 725 4410 .
889 4401 899 4413 .
1078 4401 1088 4411 .

510 4366 725 4416 idimus.
761 4365 899 4413 Emr.
937 4362 1088 4412 Pun.

390 4538 800 4609 Plutarchus,o
813 4538 1137 4610 imperator
1149 4535 1917 4603 divine,maxime,diversas
1935 4534 1989 4590 in

2167 4533 2229 4589 Ὀ
2259 4533 2353 4607 μὲν
2405 4533 2795 4614 Πλούταρχος,
2846 4540 2890 4594 ὧ
2924 4538 3162 4618 μέγιστε
3212 4539 3301 4594 καί
3353 4537 3595 4602 θειότατε
3653 4540 3756 4614 βαι

336 4628 597 4685 medium
622 4629 920 4700 proferens
943 4627 1284 4693 sententias,
1310 4630 1540 4682 tantum
1565 4625 1729 4681 abest
1753 4630 1814 4680 ut
1835 4625 1985 4680 veri-

329 4721 511 4773 tatem
526 4718 759 4782 revelet,
786 4722 850 4773 ut
880 4721 1136 4773 mentem
1179 4715 1498 4786 legentium
1535 4717 1689 4770 circa
1717 4714 1837 4769 veri
1873 4723 1986 4770 tra-

332 4807 534 4864 mitem
549 4808 606 4862 in
624 4807 1068 4880 ambiguitatem
1089 4805 1282 4877 potius
1300 4795 1987 4876 transferat.Quicunque

328 4899 513 4972 igitur
533 4899 604 4953 ad
628 4914 824 4954 rerum
841 4896 1232 4969 cognitionem
1262 4894 1563 4967 pervenire
1593 4894 1858 4963 voluerit,
1885 4895 1983 4950 de-

329 4987 710 5043 monstrative
735 4986 1046 5059 procedere
1067 4984 1366 5053 debebit,a
1383 4983 1763 5040 sensibilibus
1778 4984 1986 5040 incho-

328 5077 479 5132 ando
493 5081 550 5132 et
570 5077 640 5131 ad
667 5075 1024 5148 principium
1048 5073 1314 5128 omnium
1335 5073 1891 5129 ascendendo.Hanc
1910 5073 1982 5128 ob

328 5180 566 5219 causam
596 5163 770 5219 aliam
795 5181 897 5220 nos
918 5163 977 5218 in
1013 5163 1189 5218 hocce
1212 5162 1495 5234 opusculo
1519 5162 1670 5218 viam
1704 5163 1980 5234 ingressi,

327 5257 385 5309 et
416 5270 448 5308 a
480 5254 594 5308 ﬁne
625 5254 860 5309 initium
895 5253 1195 5320 facientes,
1222 5252 1277 5306 in
1321 5251 1510 5324 primo
1541 5253 1728 5325 capite
1760 5256 1978 5308 terram

325 5343 643 5397 rotundam
679 5360 808 5399 esse
839 5342 1244 5408 ostendemus,
1301 5342 1762 5397 demonstrando
1821 5343 1976 5412 quod

324 5431 582 5487 medium
660 5432 918 5488 universi
1005 5435 1254 5504 occupat
1315 5435 1373 5486 et
1429 5435 1568 5501 quot
1653 5430 1976 5487 stadiorum

321 5520 450 5589 ejus
482 5523 570 5574 est
600 5518 922 5589 circuitus;
959 5523 1181 5590 quanta
1211 5535 1276 5574 ac
1309 5519 1501 5589 qualis
1541 5523 1630 5575 est
1660 5536 1795 5591 pars
1819 5520 1974 5591 ejus-

321 5609 451 5664 dem
485 5625 662 5679 quam
687 5626 791 5666 nos
814 5609 1085 5665 homines
1117 5608 1679 5665 incolimus.Deinde
1711 5609 1975 5666 dicemus

322 5699 612 5770 quomodo
642 5704 864 5772 septem
898 5698 1137 5754 climata
1165 5697 1483 5754 distributa
1513 5697 1651 5770 sint,
1684 5702 1742 5754 et
1763 5716 1976 5770 quous-

322 5805 435 5862 que
470 5789 738 5847 homines
786 5789 1054 5845 habitent
1101 5805 1168 5844 ac
1218 5787 1496 5862 deinceps
1554 5805 1866 5862 quousque
1910 5791 1971 5846 in

2100 4620 2275 4692 σιλεῦ,
2345 4623 2638 4700 διαφόρους
2705 4625 2862 4698 δόξας
2933 4626 3428 4702 ἀπαριθμούμενος,
3505 4630 3596 4684 καί
3654 4631 3755 4699 τὴν

2098 4712 2276 4782 ἀληθῆ
2341 4716 2416 4787 μὴ
2477 4714 2846 4772 ἀποδεικνύων
2914 4717 3003 4771 καὶ
3057 4715 3471 4790 πιστούμενος,
3533 4717 3752 4797 συγχεει

2097 4801 2311 4874 μᾶλλον
2365 4804 2456 4859 τὸν
2509 4803 2771 4881 λογισμὸν
2830 4804 2918 4858 καὶ
2970 4805 3192 4881 ἀπορεῖν
3247 4809 3663 4883 παρασκευάζει,
3714 4811 3748 4879 ἢ

2093 4892 2170 4954 εἷς
2201 4891 2475 4950 ἐπίστασιν
2506 4894 2641 4971 ἄγει.
2688 4895 2794 4951 Τὸν
2851 4891 2908 4948 δὲ
2961 4892 3234 4966 μέλλοντα
3284 4895 3370 4952 ἐπὶ
3419 4899 3520 4968 τὴν
3551 4903 3753 4974 γνῶσιν

2093 4980 2225 5036 ἰέναι
2297 4988 2404 5038 τῶν
2467 4980 2634 5038 ὄντων
2696 4980 2779 5036 δεῖ
2838 4984 2973 5055 μετὰ
3031 4982 3356 5057 ἂποδείξεως
3405 4984 3631 5043 ἕκαστον
3692 4988 3750 5044 εὖ

2088 5075 2310 5144 γνῶναι,
2389 5072 2494 5127 ἀπὸ
2569 5076 2676 5125 τῶν
2736 5071 3008 5142 αἰσθητῶν
3069 5073 3366 5150 ἀρξάμενον
3406 5120 3420 5146 ,
3479 5075 3570 5132 καὶ
3635 5074 3751 5150 ὁδῳ

2089 5160 2352 5234 προϊόντα
2399 5160 2480 5215 ἐπ’
2538 5159 2705 5228 αὐτὴν
2766 5160 2971 5216 ἀνιέναι
3029 5165 3130 5233 τὴν
3185 5169 3294 5220 τῶν
3346 5165 3494 5221 ὅλων
3544 5167 3746 5242 ἀρχήν.

2091 5249 2191 5306 Καὶ
2253 5248 2342 5304 διὰ
2393 5254 2554 5304 τοῦτο
2615 5249 2666 5305 ὲν
2720 5255 2801 5323 τῷ
2856 5251 3083 5327 παρόντι
3134 5256 3518 5331 συγγράμματι
3563 5256 3748 5330 ἒτὲραν

2091 5337 2404 5412 ἐτραπόμην
2461 5338 2582 5413 [εἷς]
2637 5343 2798 5396 τοῦτο
2853 5338 3153 5414 ὁδὸν,.καὶ
3208 5343 3476 5420 πρότερον
3539 5345 3632 5417 μὲν
3689 5344 3750 5401 ix

2084 5434 2194 5484 τῶν
2254 5427 2498 5504 ἐσχάτων
2555 5429 2864 5506 ἀρχόμενος
2901 5475 2914 5501 ,
2974 5431 3244 5506 ἀποδείξω
3298 5433 3352 5490 ἐν
3407 5438 3487 5506 τῷ
3542 5433 3749 5508 πρώτῳ

2088 5517 2241 5594 λόγῳ
2298 5515 2420 5591 περί
2477 5525 2576 5588 τῆς
2621 5527 2749 5594 γῆς,
2805 5519 2887 5575 ὅτι
2941 5523 3197 5597 τυγχάνει
3249 5520 3627 5602 σφαιροειδὴς,
3655 5523 3749 5579 καὶ

2085 5610 2168 5663 δτι
2220 5607 2270 5662 ἓν
2326 5606 2475 5682 μέσῳ
2523 5615 2695 5665 κεῖται
2735 5614 2832 5664 τοῦ
2886 5611 3087 5665 παντὸς
3117 5657 3130 5681 ,
3180 5612 3271 5666 καὶ
3321 5611 3463 5668 ὅσων
3511 5609 3745 5667 σταδίων

2085 5698 2223 5754 ἐστὶν
2259 5701 2294 5770 ἠ
2341 5699 2668 5776 περίμετρος
2719 5700 2907 5772 αὐτῆς,
2956 5701 3047 5755 καὶ
3098 5700 3225 5756 ὅσον
3270 5701 3361 5756 καὶ
3411 5702 3527 5758 οἷον
3581 5703 3748 5778 μέρος

2083 5788 2254 5858 αὐτῆς
2302 5789 2559 5863 οἰκοῦμεν
2611 5789 2662 5844 οἱ
2713 5787 3010 5865 ἅνθρωποι,
3057 5791 3144 5845 καὶ
3197 5795 3316 5854 πῶς
3343 5790 3410 5846 τὰ
3453 5790 3587 5848 ἐπτὰ
3615 5790 3744 5850 κλί-
