4100 6394
359 398 478 461 785

370 549 514 606 ματα
564 522 972 601 διαμερὲρισται
1005 563 1022 587 ,
1080 515 1184 606 καὶᾷ
1246 511 1413 588 μεχρι

366 591 672 692 όίνθρωποι,
874 609 928 664 τί
993 607 1087 683 μὶν
1137 604 1200 660 τὸ
1256 601 1425 678 πὲρας
1455 607 1556 670 τῆς
1589 597 1640 652 ἐν
1668 599 1738 671 τῇ
1771 592 1916 649 δύσει
1948 591 2033 645 οἳ-

363 681 606 782 κήσεως,
637 681 691 760 τί
725 700 782 760 δὲ
814 702 877 757 τὸ
937 681 1100 770 ἐντῷ
1133 693 1329 773 βοῤῥᾷ,
1361 689 1452 746 καὶ
1500 690 1552 745 τί
1584 688 1647 743 τὸ
1678 686 1727 742 ἐν
1759 688 1840 758 τῷ
1869 681 2030 754 νότῳ·

367 769 459 858 ’E'v
493 769 676 868 δὲτῷ
713 791 948 867 δευτέρῳ
995 769 1390 861 περῖτῧδατος,
1453 779 1543 836 καὶ
1587 776 1888 845 θαλάσσης,
1945 769 2034 827 καὶ

369 890 551 967 ἀέρος,
601 883 692 941 καὶ
742 880 934 957 πυρὸς,
982 877 1074 934 καὶ
1124 876 1436 950 ἀστραπῶν,
1485 869 1576 925 καὶ
1629 869 1894 943 βροντῶν,
1944 858 2033 967 καξ

369 934 551 967 *Ἵηη
604 934 692 941 ""'
751 934 840 957 "'r
866 934 876 936 '
899 934 934 948 -ι
1229 934 1236 950 ι
1422 934 1434 943 ι
1631 934 1674 943 ..

368 980 668 1055 κεραυνῶν,
719 972 810 1030 καὶ
857 972 1146 1044 κομητῶν,
1195 963 1287 1021 καὶ
1339 964 1532 1027 ὑετῶν,
1561 959 1652 1014 καὶ
1685 954 1914 1032 χιόνων.
1945 934 2035 1006 καὶ

372 1044 663 1146 χάλάζης.
701 1063 791 1120 καὶ
849 1063 958 1115 τῶν
1023 1054 1256 1130 ὁμοίων.
1317 1053 1402 1107 Ἐν
1465 1047 1524 1104 δὲ
1583 1052 1665 1120 τῷ
1708 1044 1878 1121 τρίτῳ
1907 1047 2030 1117 περὶ

367 1163 477 1216 τῶν
509 1153 774 1232 οὐρανίων
811 1147 1082 1224 σωμάτων
1114 1143 1204 1201 καὶ
1236 1142 1444 1220 φύσεως
1486 1139 1686 1205 αὐτῶν,
1735 1133 1825 1190 καὶ
1875 1133 2032 1208 μεγὲ-

369 1263 496 1314 θους
529 1224 693 1318 ἡλίου
726 1241 817 1298 καὶ
850 1239 1112 1312 σελήνης,
1134 1233 1226 1291 καὶ
1256 1235 1520 1305 κινήσεως
1539 1234 1645 1285 τῶν
1677 1224 2029 1302 ἀστέρων.Ἐν

368 1337 426 1395 δὲ
454 1343 533 1412 τῷ
556 1316 804 1409 τετάρτῳ
827 1329 949 1405 περὶ
982 1326 1145 1401 ὕλης,
1178 1322 1355 1387 εἱδους
1384 1321 1474 1378 καὶ
1499 1320 1711 1396 φύσεως
1733 1316 1823 1371 καὶ
1844 1317 2031 1389 ψυχῆς

366 1427 461 1485 καὶ
489 1397 604 1483 νοῦ.
637 1397 724 1482 ’έν
759 1419 819 1479 δὲ
847 1397 928 1494 τῶ
955 1397 1196 1494 πιμπτῳ
1221 1413 1348 1492 περὶ
1376 1419 1478 1484 τῆς
1519 1409 1746 1485 πρώτης
1790 1408 1898 1460 τῶν
1943 1397 2031 1458 ὅν-

372 1539 482 1574 των
515 1513 712 1578 αἲτίας.

622 1677 689 1736 α’.
722 1673 854 1752 Περὶ
883 1676 981 1729 τοῦ
1014 1670 1151 1726 εἶναι
1182 1668 1282 1737 τὴν
1312 1668 1414 1744 γῆν
1441 1658 1781 1743 σφαιροειδῆ.

452 1822 583 1900 Περὶ
625 1824 720 1876 τοῦ
781 1812 1163 1896 σφαιροειδοῦς
1221 1812 1514 1888 σχήματος
1536 1813 1636 1875 τῆς
1694 1810 1800 1879 γῆς
1828 1772 2037 1857 πολλοιἰ

1621 370 2009 437 SOLUTION
2021 365 2109 428 ES
2153 362 2504 438 QUJEDAM
2518 404 2533 420 .

1470 505 1617 571 τίνος
1669 505 1909 562 οἰκοῦσιν
1971 499 2064 570 οἱ,

2177 496 2459 566 ccidente,
2493 508 2610 567 quo
2642 491 2702 546 in
2734 484 3129 561 septentrione
3162 498 3226 538 ac
3256 481 3317 537 in
3362 481 3527 552 parte
3553 475 3798 534 australi

3676 341 3796 402 786

2139 591 2300 644 terra
2333 566 2658 640 habitetur.
2691 581 2756 636 In
2788 575 3046 634 secundo
3069 572 3260 644 capite
3290 571 3362 626 de
3420 585 3595 641 aqua,
3623 566 3794 638 mari,

2143 693 2298 745 aere,
2322 676 2479 748 igne,
2513 670 2872 745 fulguribus,
2921 664 3166 728 tonitru,
3217 659 3483 727 fulmine,
3528 656 3794 724 cometis,

2143 746 2372 840 pluvia,
2396 767 2547 828 nive,
2580 758 2868 833 grandine
2898 760 2956 812 et
3011 751 3309 809 similibus
3342 764 3535 805 sermo
3566 746 3696 803 erit.
3730 749 3795 802 In

2141 857 2315 914 tertio
2346 853 2558 910 deinde
2581 850 2736 906 circa
2767 860 3014 917 corpora
3043 840 3304 898 coelestia
3350 854 3669 908 eorumque
3701 852 3797 892 na-

2143 944 2539 1012 turam,circa
2597 938 2739 996 solis
2784 953 2851 992 ac
2897 935 3045 989 lunas
3080 928 3575 1004 magnitudinem,
3607 932 3796 982 astro-

2143 1051 2400 1108 rumque
2431 1035 2656 1090 motum
2687 1026 3113 1099 disquiremus.
3150 1025 3214 1078 In
3249 1023 3476 1092 quarto,
3499 1018 3569 1072 de
3609 1021 3798 1072 mate-

2144 1127 2252 1194 ria,
2283 1127 2354 1181 de
2381 1128 2602 1180 natura:
2626 1124 2684 1175 et
2715 1117 2924 1174 animae
2957 1111 3292 1183 mentisque
3352 1109 3538 1164 forma
3579 1109 3798 1163 tracta-

2143 1217 2368 1274 bimus.
2403 1213 2688 1280 Quintum
2722 1207 2974 1278 denique
3005 1205 3076 1261 de
3104 1197 3475 1276 primordiali
3533 1196 3798 1254 omnium

2146 1323 2324 1365 causa
2351 1304 2638 1362 rationem
2669 1298 2894 1356 reddet.

2581 1641 2634 1696 4.
2661 1641 2882 1695 Terram
2912 1631 3209 1690 rotundam
3241 1643 3373 1686 esse.

2223 1792 2424 1849 Plures
2456 1789 2596 1844 sunt
2622 1789 2788 1841 terrae
2824 1775 3203 1835 rotunditatis
3234 1765 3768 1829 demonstrationes
3794 1783 3810 1835 ;

452 1855 583 1900 ιιιψι
625 1855 720 1876 -ιυυ
781 1855 1161 1896 υγ-διιρυειννυ,
1223 1855 1513 1888 ..Λ-,πηννη
1549 1855 1635 1875 --μ
1709 1855 1799 1879 ,κη
1838 1855 1864 1857 _,
1950 1855 1953 1856 ,

386 1911 688 1986 ἀποδείξεις
748 1906 876 1974 aiat,
941 1901 1180 1979 μάλιστα
1212 1899 1294 1971 δὲ,
1347 1898 1430 1955 ὅτι
1491 1894 1792 1967 ἆπιλάμπει
1827 1893 1854 1947 ὁ
1885 1888 2047 1960 ἥλιος

2177 1897 2411 1957 ιυοτυω
2435 1874 2790 1950 gravissima
2821 1874 2912 1927 est
2941 1867 3094 1939 quod
3155 1863 3242 1920 sol
3273 1858 3518 1918 orientis
3539 1855 3810 1929 partibus

2299 1976 2307 1986 -
2411 1969 2499 1986 ὐ
2549 1979 2716 1986 —---—-
2783 1956 3100 1986 ηηηειιη-ιςι,
3134 1973 3147 1985 .
3186 1965 3364 1986 “lanna
3420 1947 3595 1986 .Hmm
3652 1943 3807 1986 ρηηά

387 2009 504 2066 τοῖς
557 1979 658 2070 τῆς
716 1994 989 2065 ἀνατολῆς
1026 1993 1208 2069 μέρεσι
1234 1989 1498 2065 πρότερον
1557 1989 1664 2040 τῶν
1699 1982 1751 2037 ἐν
1779 1984 1847 2054 τῇ
1880 1979 2049 2048 δύσει,

397 2094 487 2150 καὶ
542 2090 632 2148 διὰ
680 2093 847 2145 τοῦτο
903 2077 1286 2159 προλαμϐάνει
1343 2078 1426 2134 ἀεὶ
1484 2079 1520 2146 ἡ
1577 2075 1760 2149 ἡμίρα
1813 2071 1960 2159 παρά
1995 2091 2054 2124 τε

398 2191 512 2246 τοῖς
567 2181 769 2248 Σίνοις,
819 2175 908 2232 καὶ
949 2156 1034 2248 ⁷τῇ
1068 2168 1310 2245 Περσίδι,
1364 2167 1597 2226 καὶτοῖς
1628 2163 1800 2218 ἐκεῖσε
1831 2156 2052 2224 ἔθνεσιν.

403 2275 526 2332 Ὀτε
580 2269 682 2348 γάρ
739 2246 850 2323 ἔστι
913 2246 1230 2339 μεσημϐρία
1289 2259 1341 2314 ἐν
1389 2261 1507 2318 τοῖς
1540 2253 1742 2321 Σίνοις,
1795 2246 1934 2306 ἔστιν
1974 2247 2056 2303 ἐν·

400 2339 805 2436 ταῦθανπρωΐα
840 2400 855 2426 ,
913 2352 1004 2410 καὶ
1062 2351 1151 2407 ὅτε
1209 2349 1260 2404 ἰν
1311 2343 1533 2421 Περσίδι
1594 2343 1734 2398 ἐστὶν
1796 2339 1912 2415 ὥρα
1967 2359 2055 2392 τε-

395 2452 588 2528 τάρτη,
648 2443 788 2503 ἔστιν
839 2444 1063 2501 ἰνταῦθα
1120 2440 1338 2516 πρώτη,
1369 2437 1462 2492 καὶ
1494 2428 1776 2507 ἀναλόγως
1803 2434 1929 2490 τοῦς
1957 2434 2056 2496 τῆς

396 2516 474 2599 ’έώ
525 2539 617 2596 καὶ
674 2543 775 2606 τῆς
827 2532 1030 2594 δύσεως
1063 2528 1259 2599 διαστή
1273 2547 1460 2601 ματος.
1499 2523 1560 2580 Εἴ
1592 2521 1649 2577 δέ
1675 2542 1759 2582 τις
1793 2517 1936 2574 εἷ’ποι
1967 2516 2057 2572 καὶ

403 2631 566 2696 πόθεν
621 2626 794 2698 δῆλον
856 2622 939 2678 ὅτι
972 2619 1085 2676 ἔστι
1115 2620 1176 2674 τὸ
1205 2620 1481 2686 τοιοῦτον,
1512 2613 1602 2669 καὶ
1635 2611 1718 2667 δτι
1747 2609 1835 2664 ἐπὶ
1867 2611 2058 2663 τοσοῦ-

405 2695 498 2777 τον
559 2695 903 2795 διαιρὲρουσιν
932 2713 988 2766 αἱ
1017 2711 1180 2784 ὧραι,
1213 2708 1289 2769 ὡς
1319 2700 1372 2760 ἔν
1399 2725 1508 2760 τινι
1542 2702 1637 2776 μὲν
1663 2701 1819 2772 τόπῳ
1847 2695 2058 2772 ἡμέραν

411 2811 570 2877 εἶναι,
632 2785 685 2862 ἂν
719 2785 894 2877 ξτὲρῳ
947 2797 1006 2855 δὲ
1060 2796 1243 2864 νύκτα,
1301 2794 1392 2850 καὶ
1448 2792 1544 2854 τὰς
1601 2789 1745 2866 ὥρας
1798 2785 2062 2862 προλαμ-

415 2893 593 2954 ϐάνειν
635 2895 726 2952 καὶ
783 2892 1047 2966 ὑστερεῖν,
1099 2885 1264 2954 ’ίστω,
1321 2885 1404 2939 δτι
1435 2881 1664 2961 φανερὸν
1695 2882 1856 2933 τοῦτο
1904 2877 2062 2952 γεγο-

414 3006 498 3041 νεν
575 2982 636 3040 ἰκ
686 2986 793 3040 τῶν
866 2980 1116 3051 ἡλιακῶν
1185 2974 1277 3031 καὶ
1350 2971 1682 3042 σεληνιακῶν
1745 2964 2062 3040 ἐκλείψεων.

423 3073 701 3150 Ἐτηρήθη
750 3069 871 3147 γὰρ,
931 3067 1022 3124 ὅτε
1068 3067 1275 3142 γίνεται
1330 3065 1371 3150 ἡ
1425 3058 1666 3132 ἔκλειψις
1723 3056 1892 3127 ἡλίου
1946 3053 2062 3108 καθ’

423 3142 572 3241 ὥραν.
615 3142 876 3232 τετάρτην
949 3157 1002 3214 ὲν
1059 3159 1128 3230 τῇ
1192 3149 1433 3228 Περσίδι,
1491 3149 1734 3226 φαίνεται
1783 3147 1920 3216 ἡμῖν
1979 3142 2066 3196 ἐν-

413 3232 598 3325 ταῦθα,
658 3251 733 3314 ὡς
790 3247 961 3305 ἐκεῖσε
1017 3238 1520 3321 προλαμϐανούσης
1575 3244 1674 3307 τῆς
1733 3235 1962 3307 ἡμέρας.
1993 3232 2064 3286 Τὸ
2095 3261 2137 3328 C

419 3343 546 3399 αὐτὸ
602 3339 694 3398 καὶ
752 3338 841 3396 ἐπὶ
896 3342 1004 3394 τῶν
1061 3337 1218 3412 ὡρῶν
1249 3338 1350 3402 τῆς
1403 3329 1596 3392 νυκτὸς
1653 3326 1740 3381 ἐπὶ
1798 3325 1904 3379 τῶν
1965 3329 2063 3392 τῆς

415 3431 651 3504 σελήνης
707 3428 1027 3502 ἐκλείψεων·
1089 3427 1126 3494 ἡ
1181 3425 1285 3498 γάρ
1343 3419 1611 3495 κυρτότης
1636 3420 1734 3472 τοῦ
1791 3433 2065 3489 σφαιροει-

412 3501 544 3586 δοῦς
597 3523 886 3598 σχήματος
941 3519 1040 3581 τῆς
1087 3521 1191 3590 γῆς
1251 3508 1595 3585 ἀντιφράττει
1650 3510 1769 3566 τοῖς
1829 3501 2068 3562 δυτικοῖς

417 3589 788 3687 μᾶρεσινῖὲως
819 3605 883 3662 οὗ
933 3605 1124 3678 ὑψωθῇ
1173 3601 1264 3656 καὶ
1312 3599 1401 3655 ἐπὶ
1447 3595 1654 3652 τούτων
1702 3595 1730 3647 ὁ
1761 3591 1944 3662 ἥλιος.
2005 3589 2070 3644 Εἰ

415 3681 514 3777 γὰρ
575 3701 651 3774 μὴ
704 3700 740 3769 ἡ
789 3704 862 3773 γῆ
898 3689 1274 3773 σφαιροειδὴς,
1309 3686 1435 3744 ἀλλ’
1465 3681 1716 3744 ἐπίπεδος
1745 3682 1836 3737 καὶ
1867 3681 2073 3736 ἰκτετα-

423 3767 739 3866 μένηίκατᾶ
788 3767 992 3860 μῆκος,
1034 3767 1148 3854 ίὸλη
1213 3780 1273 3836 ἂν
1328 3780 1470 3853 ὁμοῦ
1528 3773 1982 3849 ἐφωτίζετο.”οτι
2016 3767 2074 3824 δὲ

417 3881 586 3956 κύρτή
625 3859 860 3945 ἔστινγὴ
917 3874 1119 3943 ταύτης
1181 3870 1481 3948 ἐπιφάνεια,
1529 3862 1697 3933 δῆλον
1745 3860 1804 3917 ἐκ
1854 3859 2069 3914 τούτου·

420 3950 510 4026 ὅτε
538 3950 644 4046 γαρ
693 3964 936 4039 πλὲομεν
970 3962 1024 4018 ἐν
1057 3959 1284 4036 πελάγει
1344 3955 1645 4022 θαλάσσης,
1678 3955 1894 4026 πρῶτον
1939 3950 2072 4020 ἡμῖν

420 4061 478 4115 αἱ
523 4034 818 4134 ἀκρώρειαι
844 4034 982 4109 ⁷τῶν
1045 4052 1187 4126 ὀρῶν
1217 4034 1547 4126 φαίνονται·
1583 4041 1968 4117 προσεγγίσασι
2021 4034 2079 4091 δὲ

419 4151 490 4222 τῇ
539 4150 613 4224 γῆ
657 4144 902 4222 φαίνεται
964 4141 1054 4196 καὶ
1099 4139 1168 4195 τὰ
1210 4137 1508 4210 κατώτερα·
1562 4133 1650 4188 καὶ
1711 4129 1909 4184 πλοῖον
1972 4126 2078 4180 ἀπὸ

420 4215 523 4315 γῆς
553 4215 563 4224 ’
595 4215 800 4297 ἰδόντες
871 4230 1100 4306 μηκόθεν
1161 4227 1213 4282 ἐν
1262 4224 1508 4315 πελάγει,
1559 4224 1776 4297 πρῶτον
1826 4217 1894 4273 τὰ
1938 4215 2081 4271 ἱστία

423 4309 658 4403 δρῶμεν,
708 4328 819 4380 τῶν
863 4320 1076 4377 λοιπῶν
1125 4322 1220 4374 τοῦ
1249 4314 1451 4372 πλοίου
1487 4316 1664 4388 μερῶν
1698 4311 1915 4386 ἀφανῶν
1943 4309 2080 4377 ἡμῖν

422 4415 826 4492 τυγχανόντων·
900 4408 1318 4480 πλησιαζόντων
1390 4401 1470 4472 δὲ,
1538 4401 1630 4456 καὶ
1702 4399 1771 4453 τὰ
1842 4395 2078 4452 κάτωθεν

471 4482 570 4562 ιη’
635 4503 649 4526 ε
706 4505 718 4525 ν
778 4498 803 4522 »1
1163 4517 1175 4530 ,
1239 4492 1266 4517 ν
1467 4492 1481 4514 9
1711 4511 1719 4522 ,
1779 4489 1797 4520 ι

429 4526 569 4581 μρη
630 4525 702 4560 υπ
775 4505 899 4576 οψιν
951 4499 1156 4574 γίνεται
1238 4515 1372 4551 οπεσ
1423 4514 1527 4548 ουκ
1584 4489 1644 4544 ἂν
1678 4482 2082 4555 σονῶαινενμί

558 4574 761 4669 κυρτὸν
820 4574 887 4662 ἦν
944 4591 1007 4644 τὸ
1066 4595 1263 4663 σχῆμα
1317 4588 1413 4640 τοῦ
1475 4579 1696 4647 ὕδατος,
1747 4581 1816 4648 τῇ
1870 4580 1942 4651 γῇ
1993 4574 2082 4628 καὶ

428 4664 558 4741 αὐτὸ
614 4664 1103 4760 συσφαιρούμενυν.
1160 4676 1225 4734 Et
1289 4674 1390 4751 γὰρ
1457 4673 1532 4745 μὴ
1595 4669 1662 4738 ἦν
1715 4671 1964 4722 τοιοῦτον
2019 4664 2081 4718 τὸ

430 4780 626 4850 σχῆμα
678 4753 780 4842 si"):
818 4753 968 4846 γῆς,
1021 4766 1216 4828 πάντες
1278 4763 1338 4819 ἂν
1401 4762 1454 4817 οἱ
1505 4759 1722 4833 ἀστέρες
1779 4753 2080 4834 ἐφαίνοντο·

429 4838 610 4919 νύν-δὲ
639 4838 821 4917 διὰ-τὸ
847 4838 983 4931 πρὸς
1018 4854 1218 4934 βορῥᾶν
1280 4852 1416 4908 εἶναι
1470 4851 1572 4919 τὴν
1630 4845 1900 4920 ἡμετέραν
1934 4838 2088 4912 οἷ’κη-

434 4973 516 5008 σιν
569 4951 699 5016 τοὺς
761 4949 855 5022 μὲν
914 4944 1138 5019 ἀστέρας
1198 4947 1294 4998 τοῦ
1357 4939 1576 5016 βορείου
1633 4933 1813 4991 πόλου
1845 4933 2084 5022 ὁρῶμεν,

427 5042 560 5104 τοὺς
615 5015 693 5094 δὲ
731 5015 783 5094 ἐν
815 5037 959 5108 νότῳ
1008 5015 1116 5110 ούχ
1164 5015 1401 5107 ὁρῶμεν.
1430 5015 1572 5086 Ἰδοὺ
1604 5027 1708 5102 γὰρ
1741 5025 1768 5079 ὁ
1800 5015 2085 5089 Κάνωϐος,

435 5131 692 5207 μὲγιστος
747 5126 820 5182 ὣν
879 5124 1078 5201 ἀστὴρ,
1135 5120 1188 5177 ἐν
1249 5121 1344 5196 μὲν
1377 5123 1448 5194 τῇ
1509 5115 1768 5192 Αἰγύπτῳ
1825 5111 2085 5190 φαίνεται,

432 5196 494 5276 οὐ
519 5196 530 5207 ’
553 5217 717 5293 μόνον
769 5212 950 5287 οὗτος,
984 5196 1130 5269 ἀλλᾶ
1155 5209 1246 5266 καὶ
1277 5210 1330 5264 οἱ
1369 5204 1904 5293 λοιποὶὲνοτιώτεροι
1932 5196 2089 5255 ἀστε-

431 5290 564 5385 ρεςί
604 5307 654 5364 εἷ’
701 5304 758 5362 δε
806 5304 858 5360 ἐν
908 5301 989 5378 τῷ
1041 5300 1189 5376 μὲσῳ
1235 5299 1326 5370 ἦν,
1376 5296 1502 5354 ἀλλ’
1554 5290 1746 5372 ἔρρεπε
1792 5292 1930 5367 πρὸς
1987 5291 2086 5359 τὴν

430 5379 730 5466 άνατολὴν,
798 5393 1139 5470 ἀνίσχοντος,
1208 5389 1266 5445 ἂν
1333 5392 1431 5445 τοῦ
1496 5385 1683 5457 ἡλίου,
1757 5379 2089 5459 βραχύτεραι

434 5486 677 5566 ἒγᾶνοντο
727 5484 782 5542 αἱ
827 5466 1376 5559 τῶν-φωτιζομένων
1443 5475 1612 5546 σκιαὶ,
1683 5472 1962 5550 πόρρωθεν
2035 5466 2093 5523 δὲ

439 5557 705 5653 μίείζονες·
788 5571 934 5631 άλλᾶ
1003 5557 1122 5648 μὴν
1199 5569 1292 5626 καὶ
1355 5569 1423 5623 τὰ
1481 5563 1846 5621 ἀνατέλλοντα
1918 5557 2093 5615 πάντα

442 5649 667 5744 μείζονα
713 5663 960 5732 ἐφαίνετο
1007 5663 1059 5719 ἒν
1107 5665 1176 5737 τῇ
1226 5657 1488 5732 ἀνατολῇ,
1546 5656 1622 5720 ὡς
1662 5652 1898 5724 πλησίον
1929 5649 2096 5719 αὐτῆς

437 5739 604 5834 ἡμῶν
661 5753 856 5814 ὄντων·
908 5751 1141 5828 δυόμεναι
1190 5749 1248 5808 δὶ
1298 5749 1579 5808 ἐλάττονα·
1634 5744 1680 5800 εί
1732 5741 1789 5800 δὲ
1830 5741 1968 5820 πρὸς
1993 5739 2094 5810 τὴν

2159 1943 2316 2029 1⁴ιιοθῐ
2339 1969 2502 2042 prius
2543 1979 2723 2036 quam
2780 1956 3101 2017 occidentis
3134 1973 3148 2022 ;
3186 1965 3365 2022 quare
3420 1947 3600 2004 etiam
3652 1943 3809 2016 apud

2161 2061 2440 2120 Sinenses
2462 2061 2521 2111 et
2549 2059 2760 2108 Persas
2791 2053 2848 2105 et
2876 2047 3265 2103 ﬁnitimarum
3289 2040 3596 2112 regionum
3627 2033 3816 2090 homi-

2162 2167 2268 2208 nes
2301 2146 2591 2204 maturius
2619 2139 2885 2198 lucescit.
2934 2134 3176 2202 Quando
3228 2130 3386 2186 enim
3444 2125 3599 2198 apud
3646 2123 3815 2179 Sinas

2163 2239 2442 2297 meridies
2472 2237 2580 2300 est,
2608 2231 2704 2286 hic
2757 2233 2992 2297 tempus
3038 2229 3127 2278 est
3159 2218 3541 2282 matutinum,
3585 2218 3642 2269 et
3672 2213 3815 2267 dum

2163 2331 2223 2386 in
2250 2326 2449 2384 Persia
2479 2325 2691 2395 quarta
2719 2318 2865 2373 hora
2890 2320 3000 2381 est,
3031 2311 3128 2366 hic
3160 2308 3367 2381 prima,
3401 2311 3458 2361 et
3499 2304 3584 2359 sic
3616 2318 3819 2358 secun-

2166 2421 2307 2476 dum
2341 2389 2584 2470 orientis
2606 2413 2780 2479 atque
2802 2400 3122 2460 occidentis
3154 2395 3519 2453 distantiam.
3574 2390 3738 2456 Quod
3768 2389 3818 2444 si

2167 2509 2300 2581 quis
2323 2501 2618 2578 quaesierit
2677 2496 2832 2552 unde
2862 2493 3139 2562 appareat
3161 2488 3269 2542 hoc
3317 2485 3399 2539 ita
3427 2497 3578 2550 esse,
3609 2485 3668 2535 et
3714 2495 3821 2534 cur

2167 2567 2440 2656 t‘anta.sit
2463 2591 2744 2646 horarum
2766 2579 3203 2643 diﬁ‘erentia,ita
3233 2580 3294 2630 ut
3323 2573 3432 2629 hoc
3461 2571 3521 2626 in
3545 2570 3672 2624 loco
3695 2567 3820 2623 dies

2168 2689 2266 2757 sit,
2299 2687 2358 2741 in
2399 2682 2499 2737 illo
2557 2695 2693 2748 nox,
2741 2674 3014 2742 horisque
3063 2683 3220 2722 nunc
3273 2660 3605 2736 praecipites
3664 2673 3821 2713 nunc

2167 2750 2458 2839 tardiores
2485 2773 2628 2840 sint,
2652 2769 2819 2836 scito,
2852 2782 2882 2822 ο
2914 2762 3056 2820 solis
3089 2764 3147 2817 et
3174 2759 3332 2815 luna:
3357 2753 3681 2827 eclipsibus
3711 2750 3824 2806 hoc

2170 2931 2324 3034 quod
2355 2954 2498 3012 solis
2519 2931 2756 3022 eclipsis
2787 2949 3000 3018 quarta
3019 2941 3080 2997 in
3111 2937 3348 2994 Perside
3375 2931 3707 3004 hora,apud
3722 2947 3830 2986 nos

2174 3019 2366 3122 prima
2389 3042 2577 3100 evenit
2602 3036 2788 3109 ;quod
2812 3035 2967 3090 idem
2990 3028 3185 3102 quoad
3212 3027 3386 3081 horas
3421 3026 3744 3077 nocturnas
3770 3019 3830 3074 iu

2175 3107 2329 3195 lunaa
2360 3129 2566 3203 eclipsi
2597 3107 2830 3184 accidit.
2855 3123 3074 3192 Figures
3106 3115 3324 3173 etenim
3357 3119 3514 3168 terra
3534 3107 3831 3182 sphaericaa

2177 3226 2436 3285 curvitas
2457 3199 2796 3291 regionibus
2817 3205 3282 3268 occidentalibus
3304 3218 3366 3258 se
3378 3199 3834 3273 opponit,donec

2178 3316 2266 3374 sol
2298 3326 2531 3387 quoque
2551 3325 2619 3364 eo
2681 3318 2867 3375 usque
2897 3297 3195 3355 evehatur.
3221 3293 3281 3349 Si
3331 3292 3491 3347 enim
3529 3293 3685 3344 terra
3716 3304 3832 3342 non

2175 3377 2455 3471 rotunda,
2485 3399 2585 3456 sed
2617 3396 2793 3468 plana
2819 3394 2877 3446 et
2905 3388 3082 3460 longa
3111 3388 3286 3455 esset,
3320 3385 3444 3437 tota
3473 3378 3652 3436 simul
3690 3377 3831 3432 illu-

2178 3470 2484 3554 straretur.
2529 3487 2774 3542 Curvam
2819 3494 3052 3554 quoque
3097 3491 3225 3531 eam
3278 3488 3408 3528 esse
3465 3470 3523 3525 id
3578 3472 3833 3524 testatur

2181 3585 2336 3660 quod
2358 3582 2406 3639 si
2436 3581 2497 3636 in
2529 3577 2678 3634 mari
2707 3571 3074 3642 navigamus,
3107 3565 3398 3623 montium
3441 3561 3629 3633 primo
3661 3575 3831 3614 cacu-

2183 3649 2347 3733 mina
2376 3688 2439 3728 se
2468 3667 2778 3731 exhibent;
2807 3660 2905 3716 ubi
2936 3662 3134 3715 autem
3166 3655 3238 3710 ad
3263 3659 3478 3708 terram
3518 3649 3835 3722 appropin-

2183 3778 2460 3838 quamus,
2521 3760 2714 3828 partes
2771 3749 3076 3806 inferiores
3128 3742 3349 3800 sensim
3405 3741 3708 3812 apparent.
3743 3737 3838 3793 Sic

2185 3855 2360 3912 etiam
2383 3847 2618 3921 quando
2669 3841 2868 3898 navim
2902 3839 2962 3893 in
3024 3834 3172 3891 mari
3204 3833 3276 3887 de
3305 3836 3462 3885 terra
3491 3828 3837 3899 aspicimus,

2186 3942 2314 4000 vela
2344 3939 2534 4012 primo
2593 3931 2889 3989 cernimus
2949 3927 3092 3981 dum
3124 3927 3342 3977 caetera:
3375 3917 3591 3988 navigii
3641 3920 3839 3988 partes

2188 4005 2494 4090 oculorum
2525 4025 2710 4081 aciem
2739 4020 2997 4092 fugiunt.
3031 4013 3274 4081 Quando
3297 4015 3492 4066 autem
3523 4005 3838 4079 appropin-

2189 4127 2330 4196 quat
2348 4117 2754 4187 navis,caterm
2785 4123 3018 4181 quoque
3036 4107 3231 4177 partes
3247 4101 3356 4157 sub
3371 4097 3567 4155 oculos
3579 4094 3838 4151 veniunt.

2191 4212 2354 4281 Quod
2372 4225 2486 4265 non
2504 4203 2780 4270 eveniret,
2815 4199 2864 4255 si
2885 4214 3000 4253 non
3023 4198 3183 4250 esset
3202 4207 3379 4247 curva
3401 4189 3569 4245 undas
3593 4185 3840 4257 superli-

2195 4302 2314 4359 cies
2336 4301 2586 4356 formam
2607 4291 2848 4364 sphaerae
2881 4304 3000 4342 una
3018 4300 3152 4340 cum
3171 4288 3331 4338 terra
3348 4279 3596 4335 habens.
3628 4272 3754 4331 Nisi
3776 4289 3845 4327 ea

2190 4393 2348 4448 esset
2379 4393 2542 4443 terras
2576 4385 2784 4447 forma,
2817 4376 3016 4434 omnia
3045 4379 3202 4430 astra
3252 4368 3428 4428 simul
3473 4366 3843 4439 apparerent.

2193 4482 2362 4538 Nunc
2393 4481 2590 4534 autem
2611 4487 2745 4528 cum
2761 4469 2832 4526 ad
2854 4463 3317 4537 septentrionem
3333 4457 3850 4524 incolamus,astra

2199 4569 2440 4642 quidem
2472 4557 2951 4637 septentrionalis
2985 4555 3102 4628 poli
3143 4551 3486 4624 aspicimus.
3517 4547 3662 4602 Ecce
3691 4543 3848 4599 enim

2112 4640 2157 4704 D
2189 4635 2486 4731 danopus,
2537 4635 2765 4710 astrum
2823 4646 3170 4712 maximum,
3203 4643 3263 4696 in
3308 4640 3552 4711 Egypto
3583 4635 3848 4706 apparet,

2196 4765 2304 4807 nec
2335 4725 2568 4804 tantum
2599 4739 2877 4805 illud,sed
2907 4743 2964 4791 et
2994 4743 3201 4790 caetera
3230 4745 3358 4801 quae
3383 4727 3572 4798 magis
3623 4725 3693 4780 ad
3729 4737 3850 4778 me-

2195 4837 2408 4895 ridiem
2441 4840 2600 4898 sunt,
2643 4834 2822 4886 astra.
2856 4825 2915 4881 Si
2972 4838 3108 4880 vero
3167 4821 3228 4875 in
3261 4816 3455 4874 medio
3503 4816 3660 4870 esset
3713 4811 3849 4877 sita,

2197 4928 2300 4985 sed
2333 4926 2405 4983 ad
2436 4923 2717 4981 orientem
2751 4917 3032 4988 vergeret,
3066 4911 3403 4981 emergente
3461 4903 3602 4972 sole,
3625 4899 3849 4957 brevio-

2199 5033 2291 5074 res
2315 5015 2523 5071 ﬁerent
2548 5025 2751 5067 eorum
2779 5022 2908 5078 quae
2926 4999 3344 5058 illuminantur
3374 4993 3619 5058 umbrae,
3648 5005 3852 5047 eorum

2199 5111 2395 5164 autem
2429 5119 2557 5176 quae
2591 5095 2794 5172 procul
2816 5099 2974 5161 sunt,
3008 5092 3280 5162 majores.
3338 5089 3461 5142 Imo
3519 5088 3578 5139 et
3607 5079 3854 5138 orientia

2200 5195 2401 5254 omnia
2431 5171 2601 5248 astra
2622 5189 2849 5259 majora
2877 5186 2936 5240 in
2969 5182 3190 5239 oriente
3220 5177 3593 5250 apparerent,
3636 5171 3855 5244 quippe

2201 5302 2338 5343 cum
2391 5283 2474 5340 eis
2524 5279 2826 5354 propiores
2886 5287 3197 5338 essemus;
3259 5265 3586 5323 occidentia
3660 5271 3854 5318 autem

2201 5375 2455 5433 minora.
2501 5371 2561 5428 Si
2600 5385 2733 5424 vero
2793 5366 2866 5422 ad
2925 5362 3286 5420 occidentem
3339 5359 3600 5428 vergeret
3655 5357 3858 5409 nostra

2203 5464 2385 5538 regio,
2436 5458 2730 5518 contraria
2755 5453 2995 5511 omnino
3053 5448 3459 5521 contingerent
3491 5462 3507 5514 ;
3539 5443 3589 5500 si
3619 5459 3752 5499 vero
3784 5441 3857 5498 ad

2203 5551 2662 5628 septentrionem
2694 5544 3100 5610 inclinaretur,
3121 5540 3191 5597 ad
3212 5538 3365 5594 hanc
3398 5537 3624 5610 partem
3657 5535 3857 5589 exten-

2203 5623 2482 5702 derentur
2513 5655 2710 5696 rerum
2736 5651 2862 5708 quae
2894 5632 3024 5689 luce
3047 5629 3484 5704 perfunduntur
3525 5623 3768 5692 umbras,
3799 5625 3857 5678 et

2206 5737 2258 5795 si
2280 5737 2352 5794 ad
2377 5733 2705 5804 meridiem,
2764 5725 3058 5785 similiter.
3113 5723 3280 5780 Nunc
3334 5723 3551 5791 autem,
3582 5731 3716 5773 cum
3767 5711 3854 5770 sol
