4100 6444
221 377 336 442 7.87

1554 374 1978 436 MICHAELIS
2020 373 2294 436 PSELLI

3528 372 3652 433 788

217 510 426 579 oritur,
461 508 533 570 ad
567 507 931 567 occidentem
959 511 1205 580 vergunt
1247 508 1493 580 umbra,
1529 524 1664 565 cum
1687 510 1879 564 autem

1997 501 2149 560 δύσιν
2183 503 2394 581 ἔρρεπε,
2457 503 2524 560 τὰ
2576 503 2785 562 τούτων
2819 502 3029 560 ἱναντία
3056 504 3284 578 ἰγένετο·
3343 503 3434 559 καὶ
3490 499 3545 558 εἴ
3593 503 3654 579 γ⁸

214 599 451 669 occidit,
488 599 559 656 ad
599 599 907 656 orientem.

1989 596 2126 669 πρὸς
2188 595 2387 672 βορρᾶν
2442 591 2644 663 ἔκλινε,
2677 594 2814 669 πρὸς
2843 598 3008 650 τοῦτο
3039 591 3099 648 ἂν
3131 594 3191 648 τὸ
3248 592 3412 668 μέρος
3441 591 3652 650 ἀπετεί-

212 708 370 743 νοντο
403 685 483 742 ἀεὶ
516 688 582 740 αἱ
614 690 722 742 τῶν
753 687 1143 764 φωτιζομένων
1178 686 1343 758 σκιαὶ,
1375 685 1488 758 καὶ,
1523 685 1566 741 εἶ
1598 686 1732 758 πρὸς
1767 681 2134 760 μεσημϐρίαν,
2179 685 2410 759 ὁμοίως.
2463 689 2570 740 Νῦν
2606 681 2688 755 δὲ,
2736 683 3126 746 ἀνατέλλοντος
3176 687 3273 738 τοῦ
3322 682 3507 754 ἡλίου,
3564 681 3650 738 ἐπὶ

218 775 366 834 δύσιν
409 775 803 834 ἀποκλίνουσιν
842 776 896 831 αἱ
931 775 1099 845 σκιαὶ,
1134 773 1402 849 δυομένου
1429 773 1506 845 δὲ,
1539 775 1675 850 πρὸς
1704 773 1995 844 ἀνατολήν.

644 887 697 942 2.
734 893 806 943 De
844 894 1006 942 terra
1035 885 1449 956 magnitudine.

289 994 372 1049 De
402 997 570 1049 terra
592 993 998 1064 magnitudine
1030 993 1228 1048 multa
1261 995 1512 1057 fuerunt
1533 993 1877 1065 Opiniones;

218 1085 547 1141 docuerunt
602 1098 734 1137 vero
796 1083 1073 1154 deinceps
1123 1099 1326 1138 omnes
1362 1083 1703 1137 universum
1752 1083 1880 1151 ejus

220 1173 513 1228 ambitum
562 1187 693 1227 esse
744 1172 1071 1227 stadiorum
1123 1173 1401 1242 (250,000)
1469 1171 1771 1226 ducenties
1829 1179 1882 1227 et

218 1259 617 1332 quinquagies
640 1259 842 1327 mille;
879 1259 1026 1314 illud
1063 1265 1256 1315 autem
1310 1277 1413 1331 per
1460 1261 1880 1331 geometricam

222 1349 565 1404 methodum
597 1349 1176 1405 demonstraverunt.
1218 1349 1496 1405 Nonnulli
1528 1355 1727 1405 autem
1778 1350 1879 1403 de-

222 1438 414 1494 mensi
463 1443 605 1493 sunt
663 1437 723 1492 in
765 1442 921 1493 terra
972 1444 1198 1495 tantum
1251 1440 1536 1511 Spatium,
1593 1443 1881 1510 quantum

219 1527 377 1582 intra
407 1526 702 1584 caelestem
727 1528 976 1598 gradum
1011 1529 1553 1599 comprehenditur,
1577 1533 1636 1582 et
1684 1529 1788 1583 hoc
1819 1528 1876 1582 in

221 1616 356 1683 360;
382 1619 588 1686 postea
611 1615 942 1670 calestium
970 1618 1262 1687 graduum
1287 1632 1602 1676 numerum
1623 1617 1731 1671 hoc
1747 1633 1881 1688 spa-

221 1704 303 1760 tio
335 1703 823 1775 multiplicantes,
850 1721 984 1760 eum
1010 1710 1175 1760 terra
1207 1722 1384 1777 quem
1413 1706 1670 1762 diximus
1703 1706 1886 1762 ambi-

224 1797 356 1850 tum
390 1793 760 1852 invenerunt.
795 1793 1005 1850 Nostra
1027 1811 1159 1850 vero
1192 1796 1348 1865 regio
1377 1795 1433 1849 in
1467 1800 1632 1866 parte
1661 1801 1891 1868 septen-

2353 883 2419 957 β’.
2454 883 2585 956 Περὶ
2614 886 2712 936 τοῦ
2749 881 3009 957 μεγέθους
3040 887 3140 951 τῆς
3171 882 3292 955 γῆς.

2063 989 2195 1064 Περὶ
2256 986 2314 1044 δὲ
2364 994 2461 1043 τοῦ
2525 990 2785 1064 μεγέθους
2843 995 2943 1058 τῆς
2999 996 3099 1064 γῆς
3155 986 3364 1044 πολλαὶ
3403 989 3654 1063 γίγονασι

1993 1077 2163 1150 δόξαι,
2225 1080 2573 1153 ἀπεφήναντο
2633 1077 2690 1133 δὲ
2750 1078 2970 1154 ὕστερον
3028 1082 3245 1140 πάντες.
3307 1078 3381 1140 ὡς
3426 1075 3656 1132 σταδίων

1997 1166 2273 1242 μυριάδων
2335 1167 2477 1222 ἐστὶν
2540 1167 2709 1222 εἷ’κοσι
2761 1169 2852 1222 καὶ
2911 1169 3142 1237 πενταή
3175 1167 3279 1238 ὅλη
3322 1172 3650 1242 περίμετρος

1994 1258 2182 1325 αὐτῆς,
2243 1255 2614 1327 ἀποδείξαντες
2647 1255 2704 1312 δὲ
2741 1259 2801 1312 τὸ
2829 1262 3078 1312 τοιοῦτον
3113 1254 3198 1312 διὰ
3233 1254 3478 1328 μεθόδων
3509 1277 3652 1332 γεω-

1998 1351 2290 1421 μετρικῶν.
2340 1347 2490 1410 Τινὲς
2549 1344 2606 1401 δὲ
2662 1351 2921 1402 τοσοῦτον
2959 1348 3319 1420 μετρήσαντες
3376 1343 3654 1418 διάστημα

1993 1437 2044 1492 ἐν
2101 1443 2168 1512 τῇ
2200 1442 2292 1513 γῇ,
2351 1439 2488 1494 ὥστε
2543 1437 3025 1512 παραλλάττεσθαι
3089 1436 3212 1510 μίαν
3247 1441 3440 1512 μοῖραν
3473 1435 3524 1491 ἐν
3575 1440 3654 1507 τῷ

1995 1528 2226 1602 οὐρανῷ,
2281 1529 2372 1582 καὶ
2425 1533 2585 1582 τοῦτο
2620 1528 2705 1582 ἐπὶ
2762 1527 2855 1597 τξ’,
2887 1524 3013 1594 ἤτοι
3042 1527 3141 1594 τὴν
3169 1530 3277 1580 τῶν
3316 1528 3524 1600 μοιρῶν
3555 1529 3653 1580 τοῦ

1994 1615 2228 1690 οὒρανοῦ
2299 1621 2580 1687 ποσότητα
2661 1613 3257 1685 πολυπλασιάσαντες,
3331 1616 3484 1689 εὖρον
3551 1616 3650 1684 τὴν

1995 1707 2324 1781 περίμετρον
2377 1710 2478 1770 τῆς
2533 1713 2637 1780 γῆς
2677 1706 2968 1774 τοσαύτην.
3031 1705 3108 1766 ὡς
3163 1703 3414 1776 εἷ’πομεν.
3473 1705 3536 1759 Ή
3595 1701 3653 1760 δὲ

1995 1796 2239 1869 ἡμετέρα
2291 1793 2504 1865 οἷ’κησις
2565 1794 2706 1850 ἐστὶν
2741 1794 2792 1849 ἐν
2842 1798 2921 1865 τῷ
2976 1795 3176 1869 βορείῳ
3211 1793 3384 1865 μὲρει,
3443 1793 3534 1848 καὶ
3566 1791 3656 1848 διὰ

219 1880 459 1938 trionali
518 1882 630 1938 sita
681 1886 772 1938 est
821 1903 835 1950 ;
904 1856 1324 1955 proptereaque
1382 1856 1634 1940 borealis
1712 1856 1879 1955 polus

1992 1856 2179 1939 τὰ)τᾶ
2215 1887 2241 1940 ὁ
2304 1856 2414 1957 μὶν.
2454 1884 2668 1960 βόρειος
2723 1856 2904 1947 πόλος,
2941 1856 3084 1940 ἐστίν
3145 1856 3424 1956 αείφανήίςο
3484 1883 3575 1937 καὶ
3616 1885 3650 1951 ἡ

223 1986 456 2041 semper
488 1970 736 2026 visibilis
766 1976 857 2027 est
887 1990 901 2039 ;
938 1972 1216 2044 regioque
1265 1972 1367 2028 illa
1399 1989 1576 2044 quam
1609 1973 1881 2028 ultimam

236 2061 511 2118 novimus
539 2076 742 2116 versus
773 2061 1053 2116 orientem
1086 2067 1178 2117 est
1208 2063 1350 2118 urbs
1377 2065 1648 2133 quaedam
1682 2062 1884 2118 Sinen-

235 2149 391 2206 sium
415 2149 652 2205 nomine
680 2151 835 2206 Sera.
871 2149 1034 2206 Ultra
1063 2168 1260 2222 quam,
1306 2157 1372 2207 ut
1402 2153 1698 2224 inquiunt,
1720 2151 1880 2207 lacu-

232 2255 320 2294 na
352 2243 492 2294 sunt
520 2243 578 2295 et
609 2238 839 2308 calami,
873 2256 1062 2312 neque
1094 2242 1230 2296 inde
1289 2242 1444 2297 ultra
1494 2243 1562 2298 ad
1599 2243 1882 2298 orientem

227 2327 301 2384 iri
328 2331 564 2399 potest;
604 2329 877 2384 Sinenses
936 2347 1071 2386 vero
1114 2330 1198 2386 illi
1259 2332 1511 2389 maxime
1569 2332 1883 2389 orientales

229 2423 425 2488 partes
456 2417 900 2474 incolunt.Sunt
924 2424 1121 2474 autem
1154 2437 1358 2477 omnes
1390 2422 1655 2478 doctrina
1677 2422 1880 2492 Graci,

226 2506 340 2562 nisi
367 2508 858 2578 quodjustissimi
891 2511 1144 2566 sunLAd
1179 2510 1541 2568 occidentem
1569 2528 1701 2568 vero
1725 2511 1884 2566 habi-

227 2595 425 2651 tabilis
445 2601 602 2653 terra
632 2597 786 2653 ultra
808 2598 1150 2670 Hispaniam
1202 2601 1330 2656 ﬁnit
1362 2602 1434 2656 ad
1462 2601 1882 2657 occidentalem

224 2685 521 2742 Oceanum
554 2686 612 2741 in
673 2703 848 2759 quem
900 2688 1096 2744 inﬂuit
1151 2695 1417 2746 nostrum
1467 2691 1664 2762 ipsum
1699 2707 1880 2746 mare.

225 2774 460 2830 Distant
492 2775 652 2831 mille
683 2775 1037 2833 milliaribus
1059 2795 1092 2833 a
1115 2783 1269 2834 terra
1288 2779 1493 2835 insula
1519 2797 1646 2851 qua
1681 2781 1884 2835 Fortu-

227 2869 376 2920 nata
407 2864 842 2936 dicuntur,qua
875 2867 1042 2938 prius
1067 2868 1340 2923 habitata
1371 2873 1429 2924 et
1449 2869 1521 2924 ob
1552 2869 1703 2924 aeris
1733 2875 1882 2926 tem-

227 2952 447 3023 periem
479 2957 537 3008 et
580 2970 750 3009 suam
803 2955 1164 3011 fertilitatem
1214 2957 1487 3028 quasita,
1551 2975 1706 3014 nunc
1757 2960 1882 3030 jam

227 3057 342 3096 non
375 3040 542 3097 culta
591 3050 750 3100 sunt.
806 3043 1022 3100 Versus
1081 3047 1600 3116 septentrionalem
1658 3055 1882 3120 partem

225 3128 568 3188 habitabilis
591 3136 748 3188 terra
775 3133 962 3190 Thule
1007 3134 1206 3190 insula
1254 3136 1495 3204 finitur;
1549 3153 1675 3208 qua
1723 3138 1880 3192 enim

1993 1974 2304 2050 ἐγνωσμὲνη
2369 1972 2585 2044 οἷ’κησις
2643 1973 2696 2028 ἰν
2727 1977 2796 2046 τῇ
2828 1976 2901 2047 γῇ
2932 1973 3068 2028 κατὰ
3124 1973 3222 2040 τήν
3251 1969 3521 2040 ἀνατολὴν
3555 1972 3649 2043 μὲν

1989 2063 2216 2134 τελευτᾷ
2275 2062 2328 2118 ιν
2381 2062 2542 2118 πόλει
2599 2064 2708 2118 τινὶ
2764 2067 2873 2118 τῶν
2934 2062 3106 2117 Σίνων
3169 2061 3448 2135 λεγομένῃ
3474 2063 3649 2135 Σήρᾳ.

1991 2155 2067 2210 Τὸ
2122 2158 2249 2228 γοῦν
2311 2151 2560 2208 ἐπέκεινα
2597 2152 2818 2223 ταύτης,
2883 2152 2957 2216 ὡς
3016 2153 3350 2226 ἱστοροῦσιν,
3405 2149 3654 2224 τέλματα

1991 2242 2096 2298 εἷ’σι
2153 2243 2242 2298 καὶ
2301 2242 2564 2315 κάλαμοι,
2624 2244 2710 2297 καὶ
2775 2239 2955 2303 δίοδος
2985 2242 3076 2296 ἀπ’
3109 2240 3277 2310 αὐτῆς
3305 2238 3656 2296 ἀνατολικῶ-

1991 2331 2118 2408 τέρα
2178 2333 2278 2387 οὐκ
2331 2329 2495 2399 ἔστιν,
2557 2333 2607 2386 ol.
2668 2329 2724 2386 δὲ
2758 2338 2911 2385 Σῖνοι
2939 2331 3088 2385 οὗτοι
3119 2331 3186 2385 τὰ
3217 2327 3655 2405 ἀνατολικώτερα

1997 2422 2134 2498 μέρη
2190 2426 2286 2476 τοῦ
2347 2422 2558 2493 κόσμου
2620 2419 2886 2476 οἰκοῦσιν·
2950 2419 3055 2474 εῗσὶ
3096 2417 3154 2474 δὶ
3210 2420 3406 2481 πάντες
3437 2416 3652 2490 Ἕλλη-

1991 2532 2076 2573 νες
2135 2512 2196 2565 τὸ
2247 2508 2442 2584 δόγμα,
2507 2508 2654 2578 πλὴν
2715 2509 2852 2563 πάνυ
2911 2507 3267 2565 δικαιότατοι.
3300 2508 3450 2567 Κατὰ
3475 2506 3534 2563 δὲ
3555 2509 3654 2576 τὴν

1995 2599 2144 2655 δύσιν
2214 2599 2446 2669 τελευτᾷ
2509 2602 2544 2668 ἡ
2626 2597 2842 2668 οἴκησις
2916 2597 3160 2654 ἐπὲκεινα
3225 2601 3326 2663 τῆς
3384 2599 3652 2660 Ἱσπανίας

1993 2690 2128 2764 πρὸς
2189 2694 2268 2760 τῷ
2301 2686 2502 2760 δυτικῷ
2531 2686 2776 2760 ὠκεανῷ,
2839 2687 2915 2750 είς
2966 2688 3023 2742 ὃν
3089 2681 3360 2758 εμϐάλλει
3417 2686 3549 2754 αὕτη
3611 2689 3644 2754 ἡ

1992 2780 2110 2842 καθ’
2168 2781 2316 2851 ἡμᾶς
2369 2775 2633 2841 θάλασσα.
2692 2775 2992 2852 Ἀπὲχουσι
3044 2774 3101 2832 δὶ
3130 2775 3254 2831 ὅσον
3311 2773 3510 2851 χιλίων
3556 2796 3644 2848 μι-

1996 2866 2128 2923 λίων
2186 2866 2462 2941 διάστημα
2509 2867 2615 2921 ἀπὸ
2643 2874 2744 2935 τῆς
2777 2869 2882 2942 γῆς
2912 2867 2970 2920 αἱ
3002 2864 3294 2942 λεγόμεναι
3322 2870 3430 2921 τῶν
3464 2866 3645 2922 Μακά-

1995 2977 2102 3030 ρων
2165 2965 2345 3026 νῆσοι,
2402 2955 2602 3021 α’ίτινες
2631 2957 2758 3030 πρὶν
2793 2956 3114 3029 οἰκούμεναι
3173 2956 3324 3010 οὖσαι
3383 2954 3472 3010 καὶ
3529 2954 3648 3009 ἐπί-

1994 3049 2183 3126 φθονοι
2217 3044 2307 3101 δια
2335 3067 2392 3101 τε
2415 3047 2514 3114 την
2549 3044 2832 3119 εὐκρασίαν
2877 3049 2976 3099 τοῦ
3029 3044 3184 3121 ἀέρος
3231 3043 3321 3098 καὶ
3369 3045 3472 3114 τὴο
3505 3042 3652 3100 πολ·-

1994 3134 2096 3204 λήν
2153 3135 2425 3213 εὐφορίαν,
2485 3139 2573 3190 νῦν
2631 3134 2881 3204 ἀοίκητοί
2935 3134 3059 3190 εἱσι.
3119 3133 3263 3189 Κατὰ
3319 3129 3378 3188 δὶ
3431 3134 3492 3188 τὸ
3551 3133 3651 3209 ἀρ-

225 3216 506 3274 ulteriora
536 3224 676 3276 sunt
698 3221 770 3276 ob
806 3227 1010 3278 ventos
1041 3240 1155 3278 non
1182 3223 1544 3280 habitantur.
1577 3227 1662 3280 Ad
1699 3226 1874 3282 meri-

1992 3230 2163 3298 κτῷον
2220 3224 2382 3298 μέρος
2410 3225 2726 3300 περαιοῦται
2782 3226 2817 3292 ἡ
2852 3222 3063 3293 οἴκησις
3093 3222 3147 3277 ἐν
3195 3223 3345 3293 Θύλη
3377 3227 3446 3296 τῇ
3476 3225 3648 3295 νήσῳο

224 3307 380 3362 diem
414 3311 609 3364 autem
645 3309 912 3368 incolunt
936 3311 1206 3370 homines
1251 3330 1437 3385 usque
1485 3315 1557 3369 ad
1618 3317 1884 3387 aquinoo

221 3395 454 3453 ctialcm
495 3398 780 3455 circulum
824 3419 838 3467 ;
894 3401 994 3456 sed
1055 3401 1304 3472 hujusce
1382 3404 1639 3474 regionis
1681 3405 1882 3460 incola

219 3491 363 3541 sunt
390 3487 655 3542 barbara
688 3493 1170 3560 gentes,quorum
1199 3492 1350 3546 cutis
1373 3493 1538 3560 nigro
1559 3492 1752 3548 colore
1773 3501 1882 3551 est.

221 3573 331 3638 Qui
361 3590 495 3630 vero
527 3577 800 3632 habitant
831 3579 942 3633 sub
965 3580 1436 3650 aquinoctialem
1463 3581 1882 3646 circulum,no-

221 3667 343 3720 otes
374 3664 595 3721 habent
624 3667 835 3723 diebus
859 3684 1090 3740 semper
1113 3669 1386 3740 aquales.
1422 3672 1604 3737 Quam
1657 3679 1881 3744 partem

221 3753 404 3825 igitur
432 3771 710 3812 vocamus
742 3756 1062 3829 Orientem,
1097 3775 1211 3814 non
1248 3766 1339 3815 est
1365 3759 1699 3827 oriens,sed
1733 3763 1882 3818 occi-

224 3843 391 3899 dens.
426 3843 494 3900 Et
542 3861 670 3916 qua
731 3846 1003 3918 plurimis
1064 3847 1338 3904 videntur
1367 3849 1676 3906 orientales
1707 3853 1883 3908 urbes

226 3933 590 4005 esse,quales
623 3935 822 3991 Iberia
855 3941 911 3992 et
926 3937 1298 4010 Media,ipsa
1315 3944 1454 3994 sunt
1467 3940 1881 4009 occidentales,

223 4021 362 4094 quia
393 4028 532 4080 sunt
576 4025 635 4080 in
668 4030 834 4096 parte
869 4030 1034 4083 terra
1068 4028 1444 4084 occidentali.
1480 4030 1720 4085 Initium
1773 4048 1878 4086 au-

220 4116 338 4166 tem
363 4111 737 4168 orientalium
763 4117 1020 4186 partium
1054 4122 1144 4172 est
1169 4118 1322 4173 ultra
1345 4118 1533 4190 ipsam
1558 4119 1876 4176 Persidem.

221 4197 398 4255 Terra
421 4217 554 4257 vero
589 4219 622 4256 a
648 4204 859 4272 priscis
889 4204 1262 4277 philosophis
1291 4207 1350 4262 in
1386 4213 1610 4279 septem
1646 4208 1880 4265 climata

221 4287 416 4370 divisa.
448 4295 537 4346 est
593 4291 702 4347 hoc
753 4294 950 4350 modo.
998 4295 1546 4353 Animadvertentes
1595 4299 1750 4354 enim
1792 4298 1879 4353 illi

219 4393 426 4435 omnes
457 4379 616 4436 locos
639 4382 740 4452 qui
775 4388 915 4439 sunt
937 4385 1127 4456 magis
1154 4387 1224 4441 ad
1259 4387 1719 4458 septentrionem
1757 4388 1876 4455 siti,

222 4467 547 4532 maximum
580 4469 735 4526 diem
768 4471 1051 4541 majorem
1085 4473 1299 4530 habere
1321 4491 1499 4546 quam
1531 4476 1643 4531 loci
1675 4491 1878 4533 versus

222 4559 531 4616 meridiem
564 4561 748 4630 siti,et
777 4563 849 4618 ab
871 4563 1222 4636 aquinoctio
1253 4567 1308 4622 in
1336 4572 1532 4637 partes
1549 4567 1876 4634 ulteriores,

223 4647 488 4720 neglecto
505 4649 813 4708 semihora
845 4660 1184 4726 augmento,
1219 4656 1324 4712 has
1357 4658 1620 4728 regiones
1652 4674 1717 4712 eo
1739 4675 1877 4730 spa-

221 4736 303 4793 tio
326 4739 398 4794 ab
446 4739 796 4811 aquinoctio
845 4743 1134 4800 distantes
1166 4747 1446 4824 primum,
1476 4746 1653 4801 clima
1682 4748 1876 4819 appel-

222 4827 511 4900 laverunt,
539 4831 590 4886 ei
614 4831 837 4890 Merues
870 4850 1078 4891 nomen
1101 4835 1494 4907 imponentes.
1553 4838 1655 4892 Est
1704 4854 1875 4908 porro

224 4917 415 4976 Meroe
445 4920 589 4979 urbs
613 4922 1035 4996 JEthiopicaJn
1060 4924 1168 4980 hoc
1200 4932 1398 4980 autem
1431 4926 1664 4982 climate
1688 4927 1874 4983 maxi-

221 5025 319 5068 ma
347 5010 470 5068 dies
492 5016 583 5069 est
639 5013 924 5086 tredecim
983 5014 1284 5071 horarum.
1337 5016 1556 5072 Deinde
1615 5017 1876 5072 animad-

216 5102 526 5170 vertentes,
562 5101 662 5156 ubi
722 5104 978 5160 maxima
1026 5104 1150 5161 dies
1199 5105 1678 5176 sesquitredecim
1712 5106 1878 5161 hora-

218 5204 351 5248 rum
383 5193 558 5259 esset,
590 5190 770 5262 hujus
829 5192 1084 5266 regionis
1133 5195 1258 5250 dies
1315 5195 1641 5250 secundum
1700 5194 1876 5249 clima

221 5277 683 5349 appellaverunt,
745 5283 916 5354 eique
984 5300 1197 5340 nomen
1267 5285 1485 5357 Syenes
1561 5285 1870 5340 dederunt.

218 5365 397 5424 Porro
420 5366 606 5438 Syene
655 5375 745 5426 est
797 5373 941 5427 urbe
989 5372 1185 5428 media
1225 5373 1376 5430 inter
1433 5373 1786 5444 ZEthiopiam
1819 5378 1875 5428 et

218 5455 554 5527 Egyptum.
599 5457 756 5532 Idem
784 5465 981 5516 autem
1015 5462 1277 5518 fecerunt
1307 5465 1377 5518 de
1416 5464 1584 5518 tertio
1615 5463 1871 5532 climate,

222 5544 377 5614 quod
401 5559 431 5599 e
454 5546 692 5603 nomine
712 5548 1006 5605 inferioris
1029 5552 1254 5624 [Egypti
1305 5552 1539 5622 dicitur,
1599 5553 1871 5623 quodque

224 5631 542 5694 maximam
566 5636 720 5708 diem
751 5641 1192 5710 quatuordecim
1233 5641 1514 5699 horarum
1548 5641 1741 5700 habet.
1792 5648 1871 5698 Ac

223 5721 497 5782 similiter
520 5725 589 5783 de
619 5732 823 5800 quarto
853 5746 886 5786 a
918 5729 1120 5790 Rhodo
1179 5733 1568 5804 nominatum,
1602 5734 1874 5806 quodque

1991 3317 2058 3370 τὰ
2107 3317 2208 3389 γὰρ
2267 3320 2571 3389 περαιτέρω
2622 3313 2825 3383 ταύτης
2883 3313 3114 3382 ἀοίκητα
3171 3309 3260 3368 διὰ
3313 3313 3411 3380 τὴν
3471 3316 3646 3385 ψῦξιν.

1996 3405 2144 3460 Κατὰ
2192 3402 2250 3458 δὲ
2306 3406 2403 3472 τὴν
2443 3398 2788 3477 μεσημϐρίαν
2849 3402 3087 3462 οἰκοῦσιν
3143 3399 3422 3472 ἅνθρωποι
3483 3400 3646 3477 ἄχρις

1993 3493 2157 3548 αὐτοῦ
2213 3497 2310 3547 τοῦ
2371 3492 2688 3566 ἰσημερινοῦ
2745 3487 2973 3545 κύκλου·
3035 3488 3161 3546 ἀλλ’
3219 3490 3351 3545 εἰσὶν
3386 3492 3436 3546 οἱ
3478 3491 3652 3547 ἐκεῖσε

1994 3583 2269 3644 οἰκοῦντες
2344 3577 2589 3657 βάρϐαρα
2651 3578 2775 3650 ἔθνη
2859 3579 2948 3635 καὶ
3016 3578 3224 3653 μέλανα
3268 3581 3367 3649 τήν
3428 3580 3644 3656 χροιάν.

1990 3675 2147 3730 ’Ὀσοι
2208 3669 2265 3726 δὲ
2323 3671 2564 3726 οἰκοῦσιν
2629 3671 2732 3725 ὑπὸ
2786 3671 2876 3724 τὸν
2941 3670 3258 3744 ’ἰσημερινὸν
3307 3667 3532 3742 κύκλον,
3566 3670 3646 3725 ἀεὶ

1989 3763 2084 3826 τὰς
2143 3762 2334 3825 νύκτας
2385 3757 2606 3836 ἔχουσιν
2658 3762 2781 3823 ’ἰσας
2812 3766 2930 3822 ταῖς
2980 3759 3236 3834 ἡμέραις.
3270 3760 3332 3816 Ἥ
3366 3760 3458 3815 οὗν
3494 3759 3646 3835 λεγο-

1996 3853 2128 3924 nam
2187 3857 2315 3926 παρ’
2371 3854 2532 3924 ἡμῶν
2596 3849 2831 3918 ἀνατολή
2885 3847 2988 3904 ούκ
3017 3846 3156 3904 ἔστιν
3189 3847 3455 3916 ἀνατολὴ,
3485 3848 3531 3904 εἰ
3567 3850 3642 3921 μὴ

1992 3939 2176 4004 δύσις·
2249 3938 2396 3996 ἀλλὰ
2450 3940 2542 3994 καὶ
2602 3938 2758 3995 αὐταὶ
2817 3940 2873 3994 αἱ
2927 3936 3182 3994 δοκοῦσαι
3240 3943 3358 4001 τοῖς
3409 3935 3647 4003 πολλοῖς

1990 4029 2456 4104 ἀνατολικώτεραι
2499 4027 2716 4099 πόλεις,
2778 4029 2884 4082 οἷαι
2941 4029 2995 4082 αἱ
3024 4034 3124 4097 τῆς
3153 4023 3394 4102 Ἰϐηρίας
3425 4027 3514 4082 καὶ
3542 4031 3644 4093 τῆς

1991 4118 2230 4189 Μηδίας,
2290 4119 2378 4174 καὶ
2442 4116 2595 4174 αὗται
2656 4115 2866 4172 δυτικαὶ
2928 4115 3236 4192 ὑπάρχουσι
3271 4113 3450 4172 διὰτὸ
3481 4115 3533 4171 ἂν
3564 4121 3644 4188 τῷ

1990 4207 2193 4281 δυτικῷ
2253 4210 2400 4283 μέρει
2451 4211 2552 4273 τῆς
2606 4207 2934 4280 οἰκουμένης
2968 4207 3121 4264 εἶναι.
3179 4207 3238 4263 ’II
3275 4203 3334 4260 δὲ
3356 4205 3504 4280 ἀρχὴ
3537 4210 3645 4259 τῶν

1989 4297 2468 4374 ἂνατολικωτέρων
2507 4301 2686 4370 μερῶν
2745 4297 2834 4352 καὶ
2880 4295 3046 4365 αὐτῆς
3077 4301 3176 4366 τῆς
3226 4293 3455 4368 Περσίας
3502 4292 3640 4348 ἐστὶν

1988 4386 2261 4442 ἐπέκεινα.
2325 4385 2749 4461 Διαμεμὲρισται
2810 4381 2868 4439 δὲ
2920 4386 2954 4452 ἡ
3017 4382 3328 4456 οἰκουμένη,
3377 4377 3479 4435 ὑπὸ
3533 4383 3638 4432 τῶν

1987 4473 2161 4530 πάλαι
2220 4479 2399 4550 σοφῶν
2463 4474 2539 4536 εἷς
2593 4474 2660 4529 τὰ
2710 4474 2844 4528 ἔπτὰ
2897 4470 3142 4546 κλίματα
3164 4470 3397 4540 τοιούτῳ
3425 4467 3638 4542 τρόπῳ.

1989 4562 2217 4627 Ἰδόντες
2276 4565 2379 4638 γὰρ
2440 4562 2613 4633 οὗτοι,
2673 4567 2746 4625 ὡς
2779 4563 2898 4618 ὅσαι
2930 4561 3110 4636 χῶραί
3145 4559 3247 4614 εἶσι
3283 4555 3639 4631 βορειότεραι,

1989 4653 2176 4730 ἔχουσι
2228 4655 2326 4722 τήν
2391 4653 2648 4726 μεγίστην
2706 4651 2916 4726 ἡμέραν
2974 4647 3198 4721 μείζονα
3255 4649 3363 4700 τῶν
3387 4645 3638 4699 νοτιωτὲ-

1989 4764 2116 4816 ρων,
2169 4742 2258 4797 καὶ
2292 4741 2397 4796 ἀπὸ
2430 4741 2751 4814 ίσημερινοῦ
2797 4738 2881 4793 ἐπὶ
2945 4736 3012 4790 τὰ
3060 4733 3202 4799 ἔνθεν
3266 4733 3428 4808 μὲρη,
3461 4732 3644 4788 ἐάσαν-

1983 4853 2070 4894 τες
2156 4829 2376 4903 αὕξησιν
2461 4829 2777 4905 ἡμιωρίου,
2859 4823 3115 4880 ἐκάλεσαν
3201 4825 3298 4886 τὰς
3376 4823 3636 4889 τοσαύτην

1987 4921 2281 4976 ἀπόστασιν
2314 4919 2624 4996 ἀπεχούσας
2657 4921 2751 4971 τοῦ
2799 4915 3121 4988 ἷ’σημερινοῦ
3177 4919 3394 4990 πρῶτον
3445 4911 3638 4986 κλίμα,

1987 5010 2348 5083 ὀνομάσσντες
2399 5009 2534 5064 αὐτὸ
2584 5004 2672 5060 διὰ
2704 5004 2948 5080 Μερόης.
2981 5005 3240 5079 Ὑπάρχει
3295 5001 3352 5058 δὲ
3382 5005 3416 5072 ἡ
3450 5002 3638 5078 Μερόη

1987 5100 2150 5162 πόλις
2209 5099 2528 5168 Αίθιοπικήο
2584 5095 2693 5150 ἔστι
2729 5092 2786 5148 δὲ
2838 5093 2888 5149 ἐν
2946 5097 3026 5166 τῷ
3077 5091 3574 5166 τοιούτῳκλίματι
3605 5092 3639 5160 ἠ

1991 5191 2216 5264 μεγίστη
2271 5188 2454 5264 ἡμέρα
2510 5187 2666 5260 ὡρῶν
2732 5185 2816 5260 ιγ’.
2876 5183 3005 5238 Εἶτα
3035 5181 3199 5238 πάλιν
3264 5181 3492 5255 ἰδόντες,
3522 5177 3644 5246 ἔνθα

1985 5282 2127 5335 εστὶν
2186 5282 2220 5348 ἡ
2285 5278 2507 5351 μεγίστη
2568 5274 2751 5348 ἡμέρα
2812 5273 2967 5349 ὡριρν
3007 5280 3069 5350 ιγ’
3107 5275 3156 5342 ὑ,
3189 5271 3476 5346 ὠνόμασαν
3541 5273 3639 5336 τὰς

1985 5369 2186 5424 ἐκεῖθεν
2239 5367 2448 5441 ἡμέρας
2507 5363 2684 5437 κλίμα
2747 5364 2814 5439 β’,
2867 5362 2955 5418 καὶ
3015 5362 3272 5419 ἐκάλεσαν
3329 5358 3491 5416 τοῦτο
3553 5358 3643 5416 διὰ

1987 5461 2225 5530 Συήνης.
2288 5458 2349 5514 Ἣ
2408 5453 2466 5508 δί
2526 5456 2710 5524 Συηνη
2746 5452 2852 5508 ἐστὶ
2911 5451 3074 5514 πόλις
3108 5452 3157 5507 ἐν
3197 5452 3516 5526 μεταιχμίῳ
3542 5457 3641 5519 τῆς

1982 5549 2313 5617 Αἷοιοπικῆς
2368 5544 2459 5600 καὶ
2517 5545 2895 5620 Αἰγυπτιακῆς
2951 5545 3139 5618 χώρας
3177 5585 3190 5598 .
3267 5541 3336 5596 Τὸ
3394 5540 3524 5596 αὐτὸ
3582 5537 3652 5594 δὶ-

1982 5639 2240 5711 ἐποίησαν
2290 5637 2382 5692 καὶ
2439 5635 2524 5691 ἐπὶ
2582 5639 2680 5690 τοῦ
2728 5633 2915 5709 τρίτου
2973 5631 3268 5705 κλίματος,
3323 5626 3508 5686 τὸνδιὰ
3534 5634 3638 5700 τῆς

1981 5729 2128 5786 κάτω
2186 5729 2377 5805 χώρας
2414 5725 2692 5802 Αἰγύπτου
2725 5721 3046 5797 λεγόμενον,
3073 5722 3190 5790 τὴν,
3215 5714 3633 5796 μεγίστην.ἔχον
