4100 6452
222 399 334 461 ’791

1569 392 1988 458 MlCHAELlS
2031 396 2301 458 PSELU

3539 388 3659 449 792

241 535 397 591 rium
433 532 519 588 ita
548 530 849 588 exceditut
879 527 1196 601 crystallus
1227 544 1394 600 aquai
1426 528 1759 585 humorem.
1786 529 1888 585 Ille

2015 536 2171 601 πυρὸς
2235 535 2349 585 οἷον
2404 523 2710 605 ὑπερϐολὴ,
2761 527 3002 596 καθάπερ
3046 527 3074 580 ὁ
3117 520 3461 602 κρύσταλλος
3495 521 3657 598 ὑπερ-

234 631 430 681 autem
463 622 702 678 subtilis
734 625 791 676 et
810 625 1134 690 temperato
1158 619 1349 674 calore
1371 620 1676 691 prreditus,
1701 636 1892 690 neque

236 722 464 779 urente,
489 713 649 767 illius
671 711 851 765 simili
883 710 984 780 qui
1008 711 1177 764 nobis
1210 714 1300 763 est
1340 709 1659 780 ingenitus.
1694 710 1891 765 Nubes

234 820 368 860 vero
391 803 780 858 efformantur
820 815 888 853 ex
920 806 1074 852 terra
1105 804 1161 853 et
1192 800 1360 863 mari,
1392 799 1707 869 vaporibus
1757 815 1891 852 sur-

237 910 369 950 sum
404 892 547 947 solis
573 891 778 944 ardore
810 889 1085 953 sublatis,
1119 889 1178 941 in
1224 887 1360 942 altis
1409 888 1750 956 regionibus
1790 887 1891 943 ha-

237 1000 366 1039 rum
394 981 628 1053 frigoris
655 995 835 1034 causa
866 978 1130 1033 densatis
1159 983 1216 1034 et
1245 980 1305 1032 in
1338 995 1546 1048 aquam
1578 977 1890 1033 conversis.

235 1072 604 1128 Addubitant
631 1085 766 1124 vero
821 1068 1096 1122 nonnulli
1154 1068 1446 1138 quomodo
1497 1067 1720 1139 frigidae
1777 1068 1897 1122 sint

235 1163 323 1217 hae
371 1165 566 1232 partes
615 1157 973 1230 superiores,
1023 1157 1292 1227 quamvis
1346 1155 1453 1212 soli
1509 1157 1895 1226 proximiores

239 1251 379 1306 sint.
413 1249 715 1320 Oporteret
744 1247 900 1302 enim
951 1250 1019 1300 ut
1067 1250 1302 1316 pr0pter
1349 1245 1491 1300 solis
1535 1246 1894 1301 vicinitatem

241 1342 361 1396 sint
391 1340 611 1396 calidae.
645 1340 714 1392 Et
759 1338 1010 1392 dicimus
1053 1337 1236 1392 solem
1279 1337 1475 1408 ipsum
1528 1355 1630 1408 per
1669 1354 1732 1393 se
1782 1353 1896 1391 non

239 1447 369 1486 esse
391 1428 844 1493 calidissimum,
874 1431 937 1481 ut
958 1427 1194 1496 quidam
1221 1428 1573 1496 opinantur;
1600 1429 1700 1483 sed
1727 1427 1778 1481 is
1804 1443 1897 1481 ca-

239 1519 329 1575 lor
357 1536 534 1590 quem
567 1518 660 1572 hic
698 1516 1010 1582 sentimus,
1048 1533 1147 1586 per
1179 1518 1309 1585 ejus
1336 1517 1639 1571 radiorum
1677 1517 1746 1570 ad
1781 1522 1898 1571 ter-

241 1626 369 1665 ram
397 1607 767 1664 reﬂexionem
793 1607 1156 1676 producitur.
1179 1611 1252 1660 Et
1273 1607 1382 1660 hoc
1408 1606 1786 1661 manifestum
1812 1609 1901 1660 est

244 1715 313 1753 ex
361 1697 755 1752 maximorum
804 1694 1097 1750 montium
1159 1694 1500 1752 verticibus.
1560 1695 1677 1750 Soli
1739 1694 1894 1750 enim

243 1786 576 1852 viciniores,
631 1784 962 1854 frigidiores
1012 1788 1152 1838 sunt
1204 1801 1382 1853 quam
1435 1785 1594 1857 regio
1635 1784 1892 1839 inferior.

243 1875 445 1931 Pluvia
472 1891 606 1930 vero
639 1873 954 1928 maximam
988 1872 1157 1928 offert
1187 1873 1638 1929 similitudinem
1664 1890 1797 1929 cum
1829 1889 1895 1928 eo

241 1980 453 2036 vapore
483 1963 584 2034 qui
605 1978 674 2017 ex
696 1961 942 2034 aquisin
969 1960 1256 2017 lebetibus
1289 1962 1585 2019 calefactis
1614 1963 1891 2019 efﬁcitur.

241 2053 299 2108 Si
332 2053 468 2124 quis
501 2051 661 2106 enim
692 2067 789 2105 eos
821 2050 1096 2121 operculo
1129 2051 1384 2117 claudat,
1419 2053 1686 2108 ascendit
1713 2069 1896 2122 vapor

241 2144 311 2197 ad
345 2159 561 2212 corpus
593 2139 884 2211 operiens,
919 2139 976 2193 in
1010 2156 1193 2211 eoque
1223 2141 1526 2210 densatur,
1555 2141 1621 2195 ﬁt
1651 2158 1800 2212 aqua
1837 2145 1896 2196 et

239 2248 477 2287 rursum
508 2230 569 2284 in
600 2228 850 2284 lebetem
882 2229 1104 2284 defluit.
1137 2230 1245 2284 Nix
1275 2235 1470 2286 autem
1496 2248 1610 2287 non
1631 2235 1720 2286 est
1740 2247 1894 2302 aqua

237 2319 565 2390 congelata,
601 2320 699 2373 sed
731 2334 800 2373 ex
827 2318 981 2373 nube
1024 2317 1265 2373 humida
1313 2319 1498 2376 oritur
1545 2337 1673 2392 qua:
1728 2325 1890 2375 ante-

240 2429 419 2484 quam
456 2425 690 2481 prorsus
737 2408 797 2462 in
844 2425 1058 2478 aquam
1109 2412 1390 2479 vertatur,
1449 2411 1792 2481 congelatur
1838 2414 1895 2464 et

235 2501 470 2566 decidit,
505 2503 563 2554 et
599 2497 818 2552 idcirco
853 2499 1165 2568 fungosam
1215 2503 1274 2552 et
1323 2504 1558 2554 tenuem
1602 2498 1894 2571 composi-

237 2594 457 2647 tionem
489 2589 687 2643 habet.
736 2589 966 2642 Grando
1023 2604 1158 2642 vero
1220 2590 1508 2644 formatur
1557 2606 1691 2644 cum
1743 2605 1897 2659 aqua

238 2678 606 2751 congelatur,
630 2677 980 2747 priusquam
1008 2677 1065 2730 in
1093 2682 1310 2732 terram
1326 2679 1628 2733 deciderit.
1657 2678 1713 2732 Si
1737 2678 1895 2732 enim

240 2767 509 2843 procula
541 2775 693 2821 terra
749 2766 850 2820 fiat
876 2764 1228 2836 congelatio,
1284 2766 1501 2821 decidit
1550 2767 1896 2836 sphaericam

242 2857 496 2930 speciem
529 2853 816 2926 praebens,
849 2853 1061 2909 solutis
1093 2854 1294 2926 magni
1327 2855 1614 2910 intervalli
1675 2856 1898 2910 ratione

244 2950 373 3016 ejus
399 2943 915 3006 extremitatibus;
939 2943 987 2998 si
1013 2948 1209 2999 autem
1241 2962 1419 3016 prope
1439 2950 1654 3000 terram
1683 2962 1897 3017 conge-

246 3037 422 3104 letur,
446 3032 666 3090 decidit
689 3032 949 3088 diversas
986 3032 1210 3088 habens
1239 3034 1460 3105 ﬁguras
1496 3039 1553 3089 et
1582 3034 1771 3089 varias
1804 3051 1898 3089 ex-

246 3125 593 3182 tremitates.
619 3122 682 3178 In
704 3139 834 3177 aere
855 3123 976 3176 haec
1000 3123 1198 3177 omnia
1221 3123 1392 3189 fiunt,
1436 3125 1646 3190 nubes,
1679 3123 1897 3196 pluvia,

247 3215 369 3280 nix,
403 3214 645 3286 grando.
679 3211 906 3267 Similia
929 3217 1133 3267 autem
1183 3213 1302 3269 illis
1347 3213 1677 3269 formantur
1722 3230 1902 3285 prope

2003 616 2146 688 ϐολὴ
2199 619 2552 695 ψυχρότητος
2599 616 2812 680 ὕδατος·
2860 617 3032 672 ἐκεῖνο
3073 612 3131 670 δὶ
3180 611 3538 687 λεπτομερὲς,
3569 610 3658 666 καί

2004 706 2262 783 εὔκρατον
2326 710 2424 776 τὴν
2488 707 2797 783 θερμότητα
2864 704 3016 783 ἔχον,
3087 704 3177 759 καὶ
3237 703 3297 758 οὑ
3345 701 3660 771 καυστικὸν,

2002 800 2243 873 καθάπερ
2320 798 2410 852 καὶ
2477 799 2539 853 τὸ
2608 797 2660 851 ἐν
2738 798 2864 869 ὑμῖν
2935 793 3171 872 ἔμφυτον
3216 791 3437 868 θερμόν.
3485 791 3559 844 Τὰ
3606 787 3663 844 δὲ

2003 889 2138 965 νέφη
2194 889 2533 942 συνίστανται
2584 887 2690 941 ἀπὸ
2717 893 2818 954 τῆς
2849 892 2949 962 γῆς
2999 883 3086 940 καὶ
3139 881 3440 951 θαλάσσης,
3473 880 3660 953 ἀτμῶν

2005 977 2357 1051 ἀναγομένων
2412 978 2513 1031 ὑπὸ
2555 983 2655 1045 τῆς
2694 979 2791 1030 τοὺ
2845 973 3012 1044 ἡλίου
3062 972 3422 1049 θερμότητος,
3467 969 3558 1024 καὶ
3608 967 3660 1023 ἐν

2003 1073 2084 1139 τῷ
2133 1065 2242 1121 ἄνω
2291 1066 2445 1138 τόπῳ
2493 1067 2880 1138 πυκνουμένων
2929 1061 3018 1118 διὰ
3063 1064 3161 1131 τὴν
3219 1061 3390 1116 ἐκεῖσε
3457 1059 3665 1135 ψυχρό-

2005 1178 2164 1226 τητα,
2216 1157 2304 1211 καὶ
2355 1156 2430 1217 εἷς
2490 1153 2635 1229 ὕδωρ
2689 1153 3130 1226 ἀλλοιουμένων.
3183 1153 3553 1226 Ἐπαποροῦσι
3609 1146 3664 1203 δέ

2005 1267 2170 1314 τινες,
2202 1251 2319 1307 πῶς
2354 1245 2454 1300 εἱσι
2489 1246 2676 1320 ψυχρὰ
2702 1246 2770 1299 τὰ
2814 1242 2923 1298 ἄνω
2959 1242 3122 1318 μέρη,
3160 1239 3372 1314 μᾶλλον
3403 1244 3483 1310 τῷ
3514 1237 3664 1310 ἡλίῳ

2007 1335 2457 1410 προσεγγίζοντα³
2523 1332 2629 1388 ἔδει
2679 1336 2780 1410 γὰρ
2811 1337 2977 1388 ταῦτα
3026 1333 3199 1407 θερμὰ
3247 1332 3380 1384 εἶναι
3430 1327 3520 1383 διὰ
3566 1329 3665 1396 τήν

2007 1425 2144 1500 πρὸς
2187 1425 2281 1479 τὸν
2330 1423 2496 1493 ἥλιον
2549 1422 2819 1499 ἆγγύτητα
2895 1422 2991 1476 Καὶ
3045 1441 3239 1498 φαμεν,
3297 1418 3380 1473 ὅτι
3430 1419 3458 1472 6
3504 1414 3668 1486 ἥλιος

2009 1514 2170 1575 αὑτὸς
2224 1515 2343 1577 καθ’
2395 1513 2580 1568 ἑαυτὸν
2642 1512 2708 1566 οὑ
2769 1510 3103 1584 θερμότατος
3165 1509 3338 1576 ἐστιν,
3400 1508 3473 1569 ὥς
3524 1527 3665 1567 τινες

2011 1599 2514 1676 ὑπολαμϐάνουσιν,
2549 1599 2676 1657 ἀλλ’
2727 1603 2762 1670 ἠ
2815 1599 3089 1676 θερμότης
3137 1598 3363 1662 ἐνταῦθα
3421 1596 3669 1674 ἐμφαίνει

2005 1715 2092 1748 ται
2145 1691 2234 1748 διὰ
2279 1695 2378 1763 τήν
2437 1697 2542 1747 τῶν
2597 1692 2825 1746 ἀκτίνων
2885 1690 3052 1745 αὑτοῦ
3111 1691 3250 1765 πρὸς
3277 1690 3380 1758 τὴν
3411 1694 3515 1762 γῆν
3549 1687 3669 1741 ἀντ-

2007 1781 2320 1838 ανάκλασιν·
2381 1781 2470 1838 καὶ
2518 1787 2682 1836 τοῦτο
2735 1779 2907 1850 δῆλον
2947 1779 3007 1836 ἐκ
3053 1785 3162 1835 τῶν
3207 1778 3524 1854 ἀκρωρειῶν
3551 1780 3664 1831 τῶν

2013 1873 2277 1948 μεγίστων
2357 1873 2536 1945 ὁρῶν·
2621 1869 2906 1945 έγγύτεραι
2987 1869 3090 1944 γὰρ
3164 1866 3317 1922 οὖσαι
3378 1866 3517 1940 πρὸς
3569 1865 3661 1920 τὸν

2005 1961 2190 2034 ἥλιον,
2231 1960 2566 2036 ψυχρότεραι
2596 1964 2705 2013 τῶν
2733 1959 2972 2022 κάτωθέν
3021 1957 3124 2013 εἶσι
3172 1962 3374 2033 μερῶν.
3409 1953 3663 2013 Μάλιστα

2004 2050 2062 2106 δὶ
2104 2048 2250 2106 ἔοικε
2277 2053 2340 2106 τὸ
2383 2055 2490 2105 τῶν
2541 2051 2705 2104 ὑετῶν
2755 2047 2833 2121 τῷ
2879 2047 3152 2122 γινομένῳ
3199 2046 3356 2110 πάθει
3406 2045 3492 2100 ἐπὶ
3541 2043 3648 2100 τῶν

2003 2140 2444 2216 θερμαινομένων
2535 2136 2742 2194 ὑδάτων
2815 2137 2870 2192 ἐν
2936 2143 3052 2202 τοῖς
3120 2131 3367 2207 λέϐησιν·
3438 2135 3484 2189 εἰ
3553 2134 3652 2210 γὰρ

2003 2229 2262 2302 ἰπίπωμα
2313 2232 2464 2299 θήσει
2506 2250 2590 2291 τις
2648 2228 2888 2296 τούτοις,
2942 2226 3223 2303 ἀνέρχεται
3269 2227 3296 2280 ὁ
3343 2225 3515 2298 ἀτμὸς
3569 2222 3657 2278 ἰπὶ

2001 2321 2064 2375 τὸ
2138 2318 2414 2374 καλύπτον
2491 2323 2672 2390 σῶμα,
2750 2317 2838 2371 καὶ
2919 2315 3246 2383 συνίσταται,
3306 2313 3395 2368 καὶ
3453 2312 3658 2389 γίνεται

2004 2407 2173 2482 ὕδωρ,
2234 2409 2323 2463 καὶ
2383 2406 2533 2469 αὖθις
2590 2405 2850 2481 καταρῥεῖ
2914 2404 3002 2460 ἐπὶ
3058 2407 3150 2460 τὸν
3199 2399 3428 2473 λέϐητα.
3475 2403 3541 2458 Ἦ
3604 2399 3662 2456 δὶ

2004 2499 2147 2575 χιὼν
2195 2497 2302 2573 οὑχ
2333 2496 2476 2572 ὕδωρ
2527 2496 2637 2551 έστὶ
2695 2496 2968 2570 πεπηγὸς,
3022 2492 3167 2550 ἀλλὰ
3195 2494 3445 2570 [γίνεται]
3476 2491 3664 2569 νέφους

2005 2588 2296 2663 καθύγρου,
2372 2588 2501 2662 πρὶν
2571 2587 2777 2640 τέκειον
2856 2585 2930 2648 είς
3002 2582 3149 2658 ὕδωρ
3223 2578 3653 2656 μεταϐληθῆναι,

2005 2679 2356 2752 πηγνυμένου
2407 2677 2500 2730 καὶ
2546 2673 2978 2750 κατερχομένου.
3028 2673 3121 2728 Καὶ
3171 2669 3260 2726 διὰ
3287 2676 3448 2726 τοῦτο
3481 2669 3657 2746 χαύνη

2007 2767 2118 2823 ἐστὶ
2164 2768 2261 2836 τήν
2325 2766 2576 2820 σύστασιν
2639 2766 2726 2820 καὶ
2800 2765 2981 2840 ἀραιά.
3030 2763 3092 2821 Ἣ
3144 2760 3201 2817 δὲ
3249 2759 3466 2837 χάλαζα
3517 2759 3655 2835 γίνε-

2005 2879 2114 2927 ται,
2167 2855 2257 2911 ὅτε
2289 2856 2316 2910 ὀ
2372 2856 2546 2925 ὑετὸς,
2600 2855 2726 2930 πρὶν
2791 2854 2878 2908 ἐπὶ
2930 2854 3030 2922 τὴν
3079 2859 3179 2928 γῆν
3240 2849 3514 2917 κατέλθοι,
3567 2847 3657 2903 καὶ

2007 2949 2174 3022 παγῇ.
2242 2946 2339 3000 Καὶ
2399 2944 2443 3000 εἷ
2505 2945 2599 3018 μὶν
2659 2943 2941 3020 πόῥρῶθεν
2999 2949 3098 3012 τῆς
3129 2941 3483 3017 γῆςὴπῆξις
3511 2938 3664 3014 γένη-

2008 3058 2120 3107 ται,
2165 3035 2488 3110 κατέρχεται
2534 3035 2596 3088 τὸ
2646 3041 2841 3109 σχῆμα
2890 3029 3266 3110 σφαιροειδὴς,
3326 3027 3415 3084 διὰ
3445 3026 3665 3083 πολλοῦ

2008 3129 2105 3181 τοῦ
2157 3125 2526 3197 διαστήματος
2567 3128 2663 3178 τοῦ
2696 3124 2749 3177 έν
2775 3128 2854 3195 τῷ
2911 3124 3057 3196 μέσῳ
3107 3119 3496 3193 ἀναλυομένων
3554 3115 3664 3172 τῶν

2008 3215 2209 3285 ταύσης
2269 3213 2495 3288 ἐξοχῶν·
2556 3213 2600 3267 εί
2662 3210 2718 3267 δὲ
2768 3211 3004 3283 πλησίον
3063 3214 3209 3284 παγῇ
3241 3216 3339 3278 τῆς
3387 3214 3510 3282 γῆς,
3541 3227 3668 3262 κατ-

245 3309 462 3359 terram
497 3319 510 3367 ;
545 3301 687 3355 nubi
729 3301 964 3370 quidem
997 3301 1210 3357 similis
1242 3301 1474 3368 nebula,
1524 3304 1731 3374 pluvia
1785 3320 1898 3371 ros,

2015 3304 2231 3380 ἔρχεται
2282 3301 2838 3377 έτεροσχημάτιστος,
2894 3299 2983 3354 καὶ
3018 3297 3310 3376 διαφόρους
3345 3295 3547 3372 ἔχουσα
3577 3296 3671 3356 τὰς

247 3394 365 3449 nivi
399 3392 629 3463 pruina.
663 3390 935 3462 grandini
966 3406 1103 3446 vero
1128 3390 1368 3462 glacies.
1405 3393 1660 3463 Fulgura
1703 3399 1900 3449 autem

249 3488 306 3539 et
326 3482 587 3537 tonitrua
618 3479 877 3534 nubibus
913 3480 1063 3534 inter
1095 3497 1157 3535 se
1189 3480 1564 3552 pulsantibus
1613 3500 1731 3538 non
1776 3483 1903 3538 efﬁ-

253 3571 513 3635 ciuntur,
537 3569 638 3623 sed
666 3567 903 3638 quando
923 3572 1133 3622 ventus
1147 3569 1374 3623 calidus
1389 3587 1486 3626 eas
1509 3571 1905 3642 circumdans,

255 3661 399 3714 dum
423 3657 564 3728 ipsa;
587 3657 913 3710 densantur
934 3661 991 3710 et
1015 3657 1906 3731 refrigerantur,peroppositio-

258 3765 394 3804 nem
420 3747 845 3801 inﬂammatur.
870 3745 1062 3800 Altero
1099 3748 1253 3801 enim
1295 3756 1630 3819 superante,
1665 3749 1910 3805 alterum

259 3837 508 3908 aufugit.
545 3834 667 3890 Etsi
699 3835 853 3890 enim
886 3853 1120 3890 sursum
1151 3836 1306 3907 ignis
1337 3838 1539 3906 fertur,
1581 3845 1775 3894 tamen
1811 3840 1912 3894 fri-

261 3943 399 3999 gore
428 3925 580 3996 quod
611 3940 852 3980 sursum
886 3930 976 3979 est
1001 3929 1240 3981 coactus
1262 3933 1318 3981 et
1346 3927 1592 3982 nubium
1621 3928 1912 3984 densitate

262 4018 332 4071 ad
364 4014 644 4070 inferiora
670 4014 875 4069 tendit.
901 4014 962 4068 Si
986 4019 1183 4069 autem
1214 4034 1430 4087 parvus
1462 4024 1519 4073 et
1547 4019 1686 4073 levis
1709 4019 1786 4074 sit
1817 4036 1909 4074 ca-

261 4107 369 4173 lor,
395 4104 586 4159 solum
620 4103 818 4174 fulgur
849 4109 905 4158 et
940 4105 1158 4159 tonitru
1191 4106 1412 4174 efﬁcit;
1449 4108 1497 4162 si
1533 4113 1729 4164 autem
1760 4108 1911 4162 mul-

263 4203 360 4250 tus
392 4199 450 4250 et
478 4196 716 4264 ardens,
752 4194 997 4249 fulmen.
1031 4195 1206 4251 Porro
1232 4197 1430 4268 fulgur
1458 4199 1731 4268 praecedit
1759 4200 1914 4254 toni-

263 4290 383 4354 tru,
418 4284 688 4354 quamvis
744 4285 1148 4354 producantur
1199 4286 1398 4355 simul,
1449 4291 1522 4342 ob
1571 4293 1914 4360 sequentem

265 4389 525 4428 causam.
560 4372 754 4437 Visus,
787 4374 888 4444 qui
920 4391 1202 4430 sensuum
1239 4376 1464 4446 primus
1493 4383 1603 4449 est,
1652 4380 1919 4450 protinus

266 4463 427 4518 videt
455 4462 613 4533 quod
638 4461 865 4517 visibile
895 4469 1018 4530 est;
1068 4466 1306 4521 auditus
1337 4472 1532 4522 autem
1589 4475 1721 4539 post
1767 4477 1918 4523 tem—

269 4570 380 4624 pus
413 4553 568 4624 quod
601 4552 859 4608 audibile
889 4559 978 4609 est
1006 4556 1271 4627 percipit.
1306 4558 1735 4630 Proptereaque
1758 4560 1920 4631 prius

2013 3393 2227 3468 ἐξοχάς.
2288 3393 2393 3448 Καὶ
2455 3392 2505 3446 ἐν
2572 3393 2666 3464 μὲν
2727 3396 2804 3461 τῷ
2838 3389 2951 3464 ἀέρι
2997 3390 3239 3464 γίνονται
3269 3392 3459 3459 ταῦτα,
3490 3389 3670 3464 νέφος,

2019 3484 2192 3551 ὑετὸς,
2253 3484 2419 3556 χιὼν,
2473 3480 2708 3556 χάλαζα·
2770 3480 2937 3551 ὅμοια
2994 3477 3051 3534 δὲ
3106 3477 3323 3540 τούτοις
3353 3477 3555 3552 γίνεται
3582 3474 3672 3530 καὶ

2015 3573 2150 3647 πρὸς
2179 3576 2248 3643 τῇ
2280 3575 2376 3644 γῇ,
2424 3575 2504 3641 τῷ
2560 3570 2654 3640 μὲν
2703 3570 2848 3648 νέφει
2896 3568 3165 3643 ἀνάλογον
3313 3563 3558 3641 ὀμίχλη,
3590 3569 3672 3636 τῷ

2018 3661 2076 3717 δὲ
2109 3664 2245 3733 ὑετῷ
2278 3664 2312 3731 ἡ
2346 3659 2562 3736 δρόσος,
2593 3663 2662 3732 τῇ
2693 3658 2748 3715 δὲ
2778 3660 2926 3735 χιόνι
2957 3662 2992 3730 ἡ
3024 3661 3235 3734 πάχνη,
3265 3661 3334 3730 τῇ
3368 3656 3425 3712 δὶ
3455 3655 3674 3731 χαλάζη

2021 3755 2047 3808 6
2096 3749 2462 3828 κρύσταλλος.
2515 3752 2588 3807 Ai
2647 3749 2703 3805 δὲ
2747 3750 3012 3825 ἀστραπαὶ
3061 3749 3150 3804 καὶ
3198 3749 3252 3802 αἱ
3298 3746 3517 3823 βρονταὶ
3573 3746 3675 3801 οὑκ

2021 3839 2412 3898 ἀποτελοῦνται
2473 3841 2918 3914 συγκρουομένων
2981 3837 3256 3909 ἀλλήλοις
3310 3841 3418 3892 τῶν
3474 3839 3671 3912 νεφῶν,

2021 3930 2148 3987 ἀλλ’
2196 3927 2284 3986 ὅτε
2336 3930 2550 3992 τούτοις
2597 3930 2795 4004 θερμὸν
2862 3933 3077 4002 πνεῦμα
3145 3927 3489 4002 περισχεθὶν,
3565 3928 3672 3980 τῶν

2020 4026 2192 4098 νεφῶν
2254 4019 2710 4092 συμπιλουμένων
2759 4019 2849 4074 καὶ
2899 4019 3250 4096 ψυχομένων,
3286 4014 3375 4071 διὰ
3402 4018 3503 4086 τὴν
3532 4013 3680 4070 ἐναν-

2021 4111 2207 4167 τίωσιν
2269 4110 2592 4186 ἰκπυριαθῇ.
2671 4107 3130 4184 Ἐπικρατοῦντος
3203 4109 3306 4182 γὰρ
3377 4110 3474 4161 τοῦ
3532 4103 3680 4159 ἐναν-

2023 4201 2165 4267 τίου,
2220 4201 2282 4254 τὸ
2334 4199 2571 4254 ἐναντίον
2627 4197 2889 4276 ἐκφεύγω
2950 4197 2995 4253 εἰ
3044 4199 3148 4274 γὰρ
3205 4198 3292 4252 καὶ
3357 4194 3539 4250 έπὶτα
3569 4197 3680 4248 ἀνω

2027 4286 2166 4345 ἔστιν
2226 4291 2260 4358 ἡ
2320 4293 2417 4342 τοὺ
2476 4288 2644 4363 πυρὸς
2702 4290 2863 4365 φορὰ,
2923 4287 3050 4343 ἀλλ’
3099 4285 3191 4343 οὖν
3225 4282 3546 4363 βιαζόμενον
3577 4282 3681 4335 ὑπὸ

2026 4387 2126 4448 τῆς
2187 4376 2296 4434 ἅνω
2355 4377 2563 4453 ψύξεως
2621 4378 2711 4432 καὶ
2767 4385 2865 4448 τῆς
2922 4375 3032 4433 τῶν
3082 4381 3254 4455 νεφῶν
3324 4373 3678 4438 πυκνότητος,

2031 4468 2391 4524 ἐκτινάσσεται
2450 4466 2540 4521 ἐπὶ
2595 4469 2662 4522 τὰ
2717 4467 2954 4522 κάτωθεν
2989 4485 3002 4498 ·
3079 4454 3168 4520 καὶ
3232 4463 3276 4517 εἰ
3340 4461 3434 4532 μὲν
3491 4454 3677 4529 ὀλίγον

2031 4558 2142 4612 ἐστὶ
2196 4557 2286 4611 καὶ
2342 4554 2508 4624 ἤπιον
2571 4558 2674 4630 [τὸ]
2707 4557 2925 4629 θερμὸν,
2958 4559 3108 4608 ποιεῖ
3151 4551 3321 4624 μόνην
3353 4549 3451 4616 τὴν
3485 4547 3678 4618 ἀστρα-

272 4642 541 4696 videmus
600 4641 817 4712 fulgur,
877 4643 1091 4699 deinde
1150 4662 1280 4701 vero
1337 4649 1558 4703 tonitru
1619 4650 1897 4705 audimus

2031 4651 2136 4718 πὴν
2186 4650 2325 4720 ὁμοῦ
2374 4647 2463 4700 καὶ
2517 4648 2769 4722 βροντήν·
2821 4647 2865 4700 εἰ
2907 4643 2963 4698 δὲ
3019 4640 3163 4697 πολὺ
3206 4639 3294 4694 καὶ
3323 4636 3681 4712 θερμότατον,

270 4731 414 4786 Visu
437 4737 634 4786 autem
659 4731 925 4787 auditum
952 4737 1212 4804 praestari
1245 4736 1334 4791 vel
1357 4754 1422 4792 ex
1468 4755 1534 4793 eo
1566 4745 1722 4809 patet
1764 4740 1920 4809 quod

273 4823 331 4878 in
365 4821 749 4894 rcmigatione
779 4840 971 4878 remos
1017 4842 1229 4896 aquam
1285 4822 1587 4896 pulsantes
1633 4828 1924 4898 videmus,

273 4919 331 4969 et
361 4919 564 4986 postea.
611 4913 871 4971 sonitum
920 4932 990 4971 ex
1039 4918 1372 4987 pulsatione
1424 4920 1709 4976 emissum
1757 4922 1924 4976 audi-

277 5019 432 5059 mus.

2033 4739 2240 4813 γίνεται
2305 4736 2583 4811 κεραυνός.
2665 4739 2987 4810 Ηροηγεῖται
3065 4729 3121 4785 δὲ
3175 4733 3209 4800 ἡ
3269 4727 3515 4803 ἀστραπή
3582 4731 3682 4794 τῆς

2038 4828 2293 4903 βροντῆς,
2344 4823 2457 4898 ἅμα
2497 4826 2665 4898 ταύτῃ
2713 4821 3005 4899 γενομένη,
3062 4817 3149 4874 διὰ
3193 4819 3453 4888 τοιαύτην
3483 4815 3681 4872 αίτίαν.

2034 4920 2097 4972 Ἡ
2149 4913 2296 4990 ὄψις,
2330 4917 2522 4989 πρώτη
2572 4919 2679 4968 τῶν
2739 4913 3040 4981 αἰσθήσεων
3089 4908 3242 4978 οὖσα,
3281 4909 3536 4984 ἆχρόνως
3588 4907 3687 4980 ὁρᾷ

2036 5006 2096 5060 τὸ
2151 5005 2368 5079 ὁρατὸν,
2425 5008 2460 5073 ἡ
2521 5001 2578 5058 δὲ
2633 5003 2769 5069 ἀκοή
2829 4998 2919 5055 διὰ
2974 4999 3176 5075 χρόνου
3231 4997 3533 5054 αἰσθάνεται
3587 4992 3687 5049 τοῖ’)

271 5087 558 5144 ἀκοῢστοῢ’
590 5089 681 5145 καὶ
715 5087 806 5145 διὰ
833 5090 993 5146 τοῦτο
1019 5096 1236 5164 πρῶτον
1265 5094 1481 5167 ὁρῶμεν
1514 5096 1573 5150 τὸ
1603 5102 1704 5164 τῆς
1732 5094 2012 5169 ἀστραπῆς
2045 5099 2178 5172 φῶς,
2214 5095 2326 5148 εἶτα
2355 5091 2626 5164 ἀκούομεν
2657 5097 2758 5160 τῆς
2790 5091 3042 5165 βροντῆς.
3091 5091 3212 5146 ’Ότι
3265 5086 3322 5143 δε
3366 5089 3691 5161 προηγεῖται

271 5178 306 5244 ’ἧ
335 5173 458 5250 ὄψις
485 5185 584 5245 τῆς
612 5179 807 5248 ἀκοῆσ,
836 5177 1004 5249 δῆλον
1039 5182 1126 5235 καὶ
1160 5180 1218 5237 ἐκ
1246 5187 1342 5237 τοῦ
1375 5185 1500 5259 ὁρᾷν
1541 5188 1690 5258 ἡμᾶς
1719 5184 1769 5239 ἰν
1802 5190 1921 5246 ταῖς
1953 5183 2334 5254 κωπηλασίαις
2366 5185 2459 5244 τὰς
2491 5183 2680 5243 κώπας
2729 5181 2792 5234 τὸ
2841 5177 2986 5253 ὕδωρ
3036 5178 3361 5246 τυπτούσας,
3403 5175 3494 5232 καὶ
3558 5173 3691 5247 μετὰ

270 5269 430 5319 τοῦτο
458 5265 725 5340 ἀκούομεν
757 5273 852 5322 τοῦ
885 5267 1089 5324 δούπου
1120 5276 1216 5326 τοῦ
1249 5271 1306 5326 ἐκ
1337 5272 1535 5332 αὐτῶν.

771 5383 827 5434 5.
857 5386 936 5437 De
965 5392 1132 5440 terrae
1160 5385 1426 5440 motibus.

348 5481 429 5535 Ne
454 5481 645 5538 simus
668 5501 853 5541 causa:
877 5503 1008 5558 qua;
1037 5494 1202 5545 terra:
1237 5495 1436 5546 motus
1476 5489 1678 5560 efficit,
1711 5490 1924 5561 ignari,

277 5568 584 5624 sciendum
618 5578 803 5628 estex
845 5580 1002 5630 terra
1042 5577 1320 5634 calefacta
1359 5579 1546 5634 emitti
1598 5596 1841 5650 vapores
1871 5584 1929 5634 et

281 5657 697 5715 exhalationes.
740 5662 934 5734 Vapor
972 5671 1168 5722 autem
1210 5673 1299 5723 est
1346 5668 1625 5724 humidus
1665 5669 1926 5724 medius-

284 5764 398 5818 que
429 5747 581 5804 inter
610 5765 824 5819 aquam
856 5758 914 5808 et
940 5759 1181 5828 terram,
1222 5757 1512 5815 exhalatio
1537 5773 1672 5814 vero
1703 5766 1789 5816 est
1836 5775 1927 5814 ca-

2608 5387 2663 5438 e'.
2698 5379 2826 5454 Περὶ
2859 5383 3120 5452 σεισμῶν.

2108 5492 2224 5546 Ἵνα
2282 5485 2340 5542 δὲ
2399 5488 2475 5560 μή
2509 5486 2747 5560 ἀμύητοι
2780 5489 2925 5561 ὦμεν
2959 5492 3058 5556 τῆς
3085 5489 3191 5540 τῶν
3224 5487 3462 5555 σεισμῶν
3493 5480 3690 5549 αἰτίας,

2037 5577 2236 5647 ἰστέον,
2289 5575 2372 5633 ὅτι
2421 5577 2479 5632 ἐκ
2524 5584 2624 5646 τῆς
2679 5581 2781 5653 γῆς
2828 5576 3266 5652 θερμαινομίνης
3317 5572 3691 5643 ἀναπέμπεται

2037 5669 2207 5741 ἀτμὸς
2267 5668 2356 5721 καὶ
2412 5668 2788 5741 ἀναθυμίασις.
2853 5669 3007 5723 ’Ἐστι
3041 5663 3098 5718 δέ
3128 5665 3155 5717 6
3208 5663 3300 5736 μὶν
3329 5660 3500 5734 ἀτμὸς
3531 5659 3692 5736 ὑγρὸς

2034 5759 2125 5813 καὶ
2207 5757 2371 5830 μέσος
2441 5753 2634 5818 ὕδατος
2712 5753 2799 5810 καὶ
2853 5753 3050 5831 ἀέρος·
3123 5755 3159 5823 ἡ
3219 5749 3277 5807 δε
3331 5749 3689 5822 ἀναθυμίασις
