4100 6392
355 418 479 479 795

995 552 1047 607 8.
1083 553 1160 609 De
1190 552 1356 611 iride.

421 651 531 710 Iris
560 650 861 724 propriam
905 652 1300 709 substantiam
1351 670 1468 711 non
1517 652 1713 723 habet,
1764 653 1865 710 sed
1918 658 2009 710 est

351 742 789 816 repraesentatio
840 742 1129 815 quaedam.
1183 742 1328 799 Cum
1379 744 1534 801 enim
1579 745 1766 801 nubes
1798 760 2007 818 parvas

351 834 638 906 quasdam
699 832 883 888 rimas
937 832 1134 900 habet,
1195 838 1253 889 et
1319 834 1427 889 soli
1495 834 1858 902 adversatur,
1925 850 2008 889 re-

352 921 610 980 ﬂectitur
640 922 712 977 ad
745 921 931 979 solem
963 921 1125 979 visus
1156 926 1378 993 noster,
1409 927 1465 979 et
1505 923 1734 979 videtur
1782 922 2007 995 aliquid

354 1010 558 1069 circuli
589 1011 855 1069 foramen
902 1011 963 1069 in
1013 1013 1169 1069 nube
1216 1029 1366 1069 esse.
1415 1012 1761 1070 Aristoteles
1810 1017 2007 1070 autem

352 1119 459 1176 per
486 1102 906 1174 geometricam
941 1103 1284 1159 methodum
1317 1102 1676 1160 demonstral
1703 1120 1774 1160 ne
1823 1102 2009 1160 circu-

352 1191 478 1249 lum
509 1191 750 1265 quidem
780 1193 905 1249 ﬁcri
937 1209 1043 1250 nec
1090 1194 1283 1265 majus
1330 1192 1702 1251 semicirculo
1746 1195 2010 1251 foramen

1012 1372 1067 1429 9.
1098 1374 1174 1429 De
1199 1389 1352 1430 area.

428 1466 581 1519 Area
601 1463 757 1521 circa
773 1462 978 1520 lunam
1005 1466 1063 1520 et
1083 1463 1289 1534 solem,
1310 1463 1631 1538 aliquando
1652 1464 1828 1521 etiam
1860 1463 2016 1523 circa

356 1552 663 1611 stellarum
694 1552 1213 1626 splendidissimas
1262 1554 1570 1611 formatur.
1619 1556 1682 1612 Id
1732 1570 1802 1611 ex
1848 1554 2015 1613 visus

354 1642 675 1700 reﬂexione
695 1643 885 1700 oritur
915 1643 1014 1717 qui
1046 1644 1309 1717 undique
1340 1643 1616 1701 similiter
1645 1644 1801 1702 circa
1828 1645 2012 1702 solem

359 1738 419 1790 et
447 1733 649 1791 lunam
679 1734 1031 1803 reﬂectitur;
1066 1737 1132 1791 ut
1158 1750 1264 1807 per
1290 1734 1706 1807 geometricam
1762 1734 2011 1792 formam

364 1822 721 1881 ostenditur.

898 1914 987 1970 10.
1020 1915 1096 1970 De
1122 1914 1246 1970 ειειί
1270 1915 1480 1985 forma.

433 2000 657 2060 Ccslum
692 2000 1047 2075 sphaaricum
1082 2008 1193 2072 est,
1228 2008 1287 2059 et
1319 2004 1432 2061 hoc
1467 2008 1627 2077 patet
1660 2021 1729 2061 ex
1758 2020 1826 2063 eo
1853 2007 2010 2079 quod

366 2096 533 2149 astra
562 2108 679 2147 non
710 2091 968 2148 errantia
995 2091 1207 2149 iisdem
1239 2092 1386 2150 locis
1425 2095 1726 2168 surgentia
1771 2100 1828 2153 et
1871 2096 2015 2153 occi-

368 2181 566 2238 dentia
593 2182 889 2250 videntur,
924 2187 981 2239 et
1010 2182 1263 2240 borealis
1306 2183 1479 2257 polus
1523 2185 1807 2242 immotus
1856 2187 2013 2260 apud

363 2288 471 2331 nos
494 2288 727 2344 semper
747 2288 811 2329 as
818 2272 1199 2345 picitur,dum
1219 2279 1419 2329 contra
1439 2274 1719 2332 australis
1736 2281 2016 2349 perpetuo

361 2366 625 2435 tegatur;
661 2364 814 2435 quod
849 2379 965 2419 non
998 2363 1081 2420 ita
1111 2373 1264 2421 esset
1303 2365 1352 2420 si
1406 2365 1619 2423 caelum
1668 2366 2014 2438 spharicam

362 2450 615 2509 formam
647 2469 765 2510 non
798 2454 1116 2511 affectarat.
1150 2454 1358 2511 Omnis
1387 2456 1545 2512 enim
1579 2456 1830 2529 sphaera,
1880 2473 2016 2514 cum

359 2545 645 2611 movetur,
682 2543 799 2599 tria
828 2548 1047 2617 puncta
1074 2544 1408 2602 immobilia
1436 2546 1633 2618 habet,
1666 2552 1932 2604 centrum
1964 2558 2019 2607 et

359 2633 510 2688 duos
542 2631 730 2704 polos.
771 2632 902 2689 Hec
953 2651 1127 2707 porro
1177 2635 1366 2691 forma
1413 2634 1586 2708 plura
1632 2638 1791 2710 capit
1837 2655 2017 2711 quam

361 2737 602 2795 ecqua
632 2722 905 2779 eumdem
938 2739 1004 2779 ac
1035 2724 1139 2781 illa
1168 2724 1462 2782 ambitum
1494 2725 1736 2797 habent,
1782 2732 1840 2785 et
1886 2728 2020 2786 aliis

363 2811 571 2871 formis
601 2814 916 2886 perfectior
944 2818 1055 2871 est.

971 2931 1055 2987 11.
1090 2931 1165 2988 De
1202 2932 1427 2990 mundo.

435 3018 718 3075 Nonnulli
746 3017 1084 3093 philosophi
1117 3022 1340 3094 opinati
1392 3028 1533 3081 sunt
1578 3023 1843 3082 infinitos
1892 3042 2022 3085 esse

363 3110 618 3167 mundos
648 3113 704 3165 et
734 3108 794 3165 in
828 3110 1077 3181 singulis
1107 3115 1324 3168 terram
1350 3129 1479 3170 esse
1504 3120 1716 3171 nostrae
1740 3116 2018 3185 similem,

366 3203 426 3256 et
456 3199 515 3256 in
547 3199 621 3255 iis
649 3198 840 3256 vivere
870 3199 1142 3257 homines
1173 3206 1230 3258 et
1262 3202 1561 3260 animalia.
1596 3206 1707 3261 Sed
1759 3208 2021 3266 nesciere

1703 420 2121 481 MICHAELlS
2168 420 2439 482 PSELLI

2035 554 2089 622 Α

3654 422 3775 480 ’196

2709 552 2780 626 η’.
2813 553 2942 630 Περὶ
2979 547 3185 628 ἴριδος.

2184 651 2247 708 Ἦ
2277 650 2547 728 λεγομένη
2601 650 2709 727 ἴρις
2766 649 2905 708 ἰδίαν
2963 652 3254 708 ὑπόστασιν
3296 651 3399 709 οὐκ
3458 649 3600 729 ἔχει,
3646 648 3776 708 ἀλλ’

2116 739 2347 821 ἔμφασίς
2373 744 2458 806 τίς
2489 743 2599 799 ἐστι
2634 763 2647 775 ·
2678 748 2776 800 τοῦ
2826 743 2929 820 γὰρ
2979 743 3173 820 νέφους
3206 742 3401 816 μικράς
3443 763 3589 805 τινας
3632 740 3778 819 ῥανί-

2119 828 2211 895 δας
2244 830 2494 909 ἔχοντος,
2537 833 2627 888 καὶ
2686 832 2982 905 ἐξεναντίας
3026 832 3282 906 κειμένου
3334 836 3415 905 τῷ
3458 831 3632 907 ἡλίῳ,
3680 832 3778 887 ἀν-

2115 921 2449 979 τανακλᾶται
2489 924 2523 994 ἦ
2558 924 2798 997 ἡμετέρα
2848 919 2973 997 ὄψις
3020 923 3158 1000 πρὸς
3202 923 3293 978 τὸν
3339 921 3525 993 ἥλιον,
3568 918 3777 978 καὶδό-

2118 1017 2202 1068 κεῖ
2230 1034 2282 1068 τι
2313 1011 2521 1069 κύκλου
2567 1020 2767 1088 τμῆμα
2813 1012 2867 1069 ἐν
2915 1016 2996 1086 τῷ
3042 1012 3187 1091 νέφει
3241 1013 3395 1069 εἶναι.
3429 1013 3490 1070 Ὀ
3532 1009 3590 1068 δὶ
3620 1012 3778 1088 Ἀρι-

2121 1101 2385 1173 στοτέλης
2448 1102 2680 1159 δείκνυσι
2751 1100 2840 1159 διὰ
2915 1105 3302 1178 γεωμετρικῶν
3363 1097 3631 1175 μεθόδων,
3691 1101 3777 1156 δτι

2121 1190 2244 1249 οὔτε
2264 1192 2466 1257 κῦκλος
2492 1193 2722 1270 γίνεται.
2776 1191 2903 1250 οὕττ
2959 1198 3144 1268 μεῖζον
3189 1190 3528 1266 ἡμικυκλίου
3556 1196 3779 1267 τμῆμα.

2753 1376 2817 1434 θ’.
2849 1373 2979 1449 Περὶ
3008 1369 3149 1432 ἅλω.

2190 1468 2255 1525 Ἢ
2306 1464 2364 1523 δὲ
2421 1463 2570 1530 ἄλως
2634 1465 2758 1542 περὶ
2831 1466 2931 1535 τὴν
3005 1462 3242 1536 σελήνην
3299 1462 3390 1519 καὶ
3438 1462 3533 1518 τὸν
3588 1459 3775 1533 ἥλιον,

2123 1556 2294 1614 ἰνίοτε
2317 1558 2404 1614 καὶ
2456 1556 2579 1632 περὶ
2629 1554 2696 1611 τὰ
2752 1552 2980 1630 λαμπρὰ
3034 1558 3144 1609 τῶν
3195 1554 3406 1630 ἄστρων
3446 1552 3778 1609 συνίσταται.

2124 1648 2331 1705 Γίνεται
2391 1645 2449 1703 δὲ
2504 1647 2610 1703 ἀπὸ
2666 1643 3103 1707 ἀντανακλάσεως
3163 1649 3262 1714 τῆς
3313 1638 3513 1718 ὅψεως,
3572 1642 3780 1697 πάντο-

2125 1752 2211 1805 θεν
2245 1738 2452 1812 ὁμοίως
2503 1736 2895 1809 ἀνακΛωμὲνης
2944 1732 3065 1809 περὶ
3098 1734 3191 1789 τὸν
3225 1732 3387 1803 ἥλιον
3419 1730 3459 1803 ἤ
3484 1732 3583 1803 τὴν
3618 1728 3782 1803 σελή-

2123 1851 2245 1901 νην,
2278 1830 2353 1892 ὡς
2385 1824 2474 1883 διὰ
2507 1829 2883 1904 γεωμετρικοῦ
2903 1826 3195 1901 σχήματος
3224 1820 3515 1880 δείκνυται.

2538 1917 2587 1972 ι’.
2623 1913 2751 1993 Περὶ
2778 1916 3069 1992 σχήματος
3101 1914 3354 1987 οὐρανοῦ.

2192 2010 2254 2067 Ὀ
2314 2006 2543 2084 οὐρανὸς
2599 2001 2977 2085 σφαιροειδὴς,
3035 2001 3125 2058 καὶ
3172 2005 3334 2059 τοῦτο
3395 1997 3568 2072 δῆλον
3616 1994 3677 2056 ἔκ
3721 2019 3784 2056 τε

2122 2098 2249 2164 τοὺς
2295 2097 2520 2173 ἀστέρας
2575 2095 2703 2157 τοὺς
2762 2093 3026 2155 ἀπλανεῖς
3079 2094 3303 2169 ὁρᾶσθαι
3359 2091 3467 2148 ἀπὸ
3522 2094 3631 2147 τῶν
3678 2089 3778 2146 αὖ·

2122 2194 2227 2246 τῶν
2256 2188 2441 2244 τόπων
2496 2183 2894 2246 ἀνατέλλοντας
2943 2182 3032 2239 καὶ
3084 2179 3361 2251 δ’ὗνοντσς,
3407 2179 3501 2236 καὶ
3546 2180 3638 2236 τὸν
3684 2179 3784 2256 βό-

2125 2300 2268 2357 ρειον
2297 2276 2397 2333 πό)
2413 2297 2470 2332 ον
2503 2275 2756 2346 ἀκίνητον
2807 2275 3031 2351 ὁρᾶσθαι
3082 2272 3164 2328 ἀεὶ
3213 2272 3572 2357 παρ’-ἡμῶν,
3596 2269 3692 2328 τὸ)
3725 2267 3787 2326 δὶ

2124 2355 2303 2425 νότιον
2336 2365 2710 2443 κρύπτεσθαι·
2766 2362 2898 2440 ὅπερ
2945 2363 3044 2419 οὑκ
3092 2359 3152 2417 ἂν
3213 2355 3542 2434 συνὸὄαινεν,
3598 2360 3645 2416 εἰ
3705 2361 3784 2434 μὴ

2126 2453 2478 2536 σφαιροειδὴς
2538 2455 2605 2525 ἦν
2660 2451 2907 2530 οὐρανός.
2977 2456 3127 2510 Πᾶσα
3180 2452 3282 2529 γὰρ
3341 2455 3543 2530 σφαῖρα
3596 2470 3791 2505 κινου-

2130 2547 2261 2622 μὲνη
2310 2546 2434 2622 τρία
2476 2543 2591 2621 ἔχει
2653 2548 2859 2617 σημεῖα
2906 2542 3158 2614 ἀκίνητα,
3209 2542 3272 2597 τό
3321 2561 3380 2596 τε
3424 2539 3645 2618 κέντρον
3695 2538 3788 2596 καὶ

2125 2635 2251 2699 τοὺς
2282 2633 2379 2691 δύο
2408 2633 2640 2696 πόλους.
2674 2635 2831 2690 Ἔστι
2880 2631 2939 2688 δὶ
2993 2632 3082 2687 καὶ
3134 2632 3199 2687 τὸ
3249 2634 3447 2708 σχῆμα
3488 2633 3651 2686 τοῦτο
3680 2633 3792 2686 τῶν

2127 2726 2567 2801 ἳσοπεριμιτρων
2623 2722 2772 2797 αὖτῷ
2849 2721 3154 2799 σχημάτων
3217 2719 3781 2799 πολυχωρητότερον,

2127 2815 2219 2872 καὶ
2246 2819 2353 2871 τῶν
2382 2811 2566 2870 ἄλλων
2598 2813 2912 2890 σχημάτων
2944 2808 3306 2890 τελειότερον.

2706 2932 2790 2989 ια’.
2823 2929 2956 3007 Περὶ
2984 2928 3218 3003 κόσμου.

2200 3024 2351 3086 Τινὲς
2408 3026 2515 3078 τῶν
2595 3020 2911 3100 φιλοσόφων
2992 3017 3245 3093 ἐδόξασαν
3321 3016 3577 3095 ἀπείρους
3649 3017 3792 3072 εἶναι

2130 3114 2398 3188 κόσμους,
2438 3113 2529 3167 καὶ
2587 3111 2639 3167 ἂν
2688 3109 2899 3183 ἆκάστῳ
2946 3117 3051 3187 γῆν
3110 3110 3309 3182 ὁμοίαν
3348 3107 3544 3183 ταύτῃ,
3575 3105 3668 3162 καὶ
3701 3103 3794 3160 ἆν-

2131 3204 2383 3279 θρώποος
2413 3202 2506 3257 καὶ
2553 3205 2681 3271 ζῶα.
2735 3201 3036 3275 ’Πγνόησαν
3091 3196 3149 3255 δὲ
3200 3198 3376 3268 οὗτοι,
3426 3197 3509 3253 ὅτι
3543 3196 3646 3254 οὐκ
3679 3192 3793 3252 ἔστι

362 3288 571 3345 divinae
604 3289 876 3360 potentiae
908 3307 1026 3346 non
1059 3306 1189 3347 esse
1220 3292 1512 3349 actionem
1544 3311 1709 3350 suam
1760 3296 2017 3354 dividere

2136 3293 2276 3357 θείας
2309 3290 2586 3365 δυνάμεως
2636 3291 2697 3345 τὸ
2748 3288 2975 3366 διαιρεῖν
3014 3291 3112 3359 τήν
3162 3287 3382 3359 ποίησιν
3426 3286 3517 3342 καὶ
3550 3285 3627 3350 εἷς
3657 3282 3798 3342 πολ-

361 3382 420 3436 et
445 3378 505 3434 in
534 3378 724 3435 multa
754 3379 1238 3453 distribuere,sed
1271 3388 1474 3439 contra
1498 3399 1627 3439 eam
1662 3385 1932 3458 colligere
1962 3391 2017 3443 et

2136 3381 2204 3439 λὰ
2231 3382 2606 3455 κατατέμνειν,
2638 3377 2785 3435 ἀλλὰ
2814 3378 3072 3455 συνείρειν
3104 3377 3197 3434 καὶ
3230 3376 3449 3447 ἐνίζειν.

362 3469 715 3525 coadnnare.

438 3585 527 3641 12.
557 3585 699 3641 Num
727 3586 799 3642 sit
828 3585 1078 3712 munda;
1096 3587 1376 3714 anintiatus
1416 3595 1467 3644 et
1514 3588 1878 3647 Providentia
1917 3610 2020 3663 gu-

1082 3673 1217 3713 erna
1247 3675 1331 3713 us.

1082 3673 1331 3713 amatus.

439 3754 620 3813 ϐιοωοί
651 3755 889 3828 quidem
925 3755 1187 3830 sphaerae
1237 3756 1502 3813 caelestes
1549 3758 1844 3816 animatas
1893 3778 2021 3819 esse

364 3844 591 3920 opinati
625 3848 785 3913 sunt,
814 3845 1100 3902 addentes
1131 3844 1335 3902 stellas
1365 3862 1496 3903 esse
1525 3864 1762 3921 quoque
1791 3850 2021 3908 anima-

360 3940 477 3994 tas.
511 3935 573 3993 Si
604 3935 760 3992 enim
813 3952 1058 4008 corpora
1107 3935 1409 3992 terrestria
1458 3954 1574 3994 non
1620 3944 1763 3995 sunt
1810 3941 2021 3998 animas

362 4026 642 4099 expertia,
678 4030 897 4097 quanto
922 4024 1108 4096 magis
1137 4024 1417 4083 cmlestia.
1452 4026 1569 4085 Nos
1599 4045 1733 4085 vero
1766 4029 2022 4088 dicimus

363 4132 567 4173 eorum
601 4120 825 4172 motum
855 4130 987 4171 esse
1018 4114 1548 4188 pbysicum,neque
1577 4116 2021 4177 vitalem.Vide-

366 4220 499 4261 mus
515 4205 671 4261 enim
692 4221 904 4277 corpus
921 4221 1038 4276 quo
1058 4204 1249 4277 magis
1270 4205 1508 4277 organis
1529 4205 1884 4265 instructum
1908 4215 2019 4279 est,

365 4310 433 4351 eo
456 4294 738 4365 majorem
759 4295 889 4350 vitae
912 4294 1270 4350 activitatem
1298 4294 1813 4353 habere.Nostrum
1842 4299 2025 4372 igitur

367 4400 584 4455 corpus
615 4384 852 4455 organis
883 4382 1153 4455 pluribus
1181 4383 1538 4441 instructum
1579 4391 1669 4443 est
1700 4404 1878 4459 quam
1910 4406 2022 4445 caa-

363 4478 626 4531 terorum
682 4473 1076 4530 animantium
1122 4491 1355 4547 corpus,
1418 4478 1918 4549 quemadmodum
1966 4485 2023 4537 et

368 4578 439 4620 ea
468 4561 681 4620 melius
703 4563 1085 4620 instruuntur
1115 4581 1294 4636 quam
1327 4565 1561 4637 plantas.
1612 4569 1777 4635 Quod
1826 4575 2023 4627 autem

368 4659 458 4712 est
489 4652 1113 4728 sphmricumpmnino
1146 4654 1399 4728 simplex
1430 4660 1520 4713 est
1548 4660 1606 4715 et
1628 4659 1746 4714 vita
1792 4675 2021 4729 carens,

366 4748 434 4803 ut
463 4749 717 4819 quatuor
743 4745 1053 4802 elementa.
1406 4773 1410 4778 τ

632 4862 721 4919 13.
751 4863 897 4919 Num
925 4864 999 4918 sit
1025 4862 1263 4919 mundus
1294 4864 1758 4936 inoorruptibilis.

444 4979 791 5040 Aristoteles
820 4978 1061 5053 quidem
1110 4979 1389 5052 opinatur
1442 4981 1731 5037 mundum
1778 4997 1907 5041 esse
1950 4984 2023 5041 ab

368 5078 585 5131 sterno
615 5086 808 5143 neque
836 5070 1014 5126 finem
1045 5068 1410 5141 habiturum;
1430 5070 1593 5129 Plato
1625 5075 1819 5129 autem
1852 5073 2021 5131 illum

369 5168 576 5220 natum
606 5176 737 5217 esse
765 5160 971 5229 credit,
1005 5159 1106 5217 sed
1139 5163 1423 5219 aeternum
1455 5161 1595 5219 fore.
1626 5161 1745 5218 Nos
1773 5179 1908 5221 vero
1938 5164 2023 5220 di-

367 5254 562 5311 cimus
592 5250 907 5318 mundum,
940 5265 1078 5307 cum
1110 5249 1189 5307 sit
1217 5266 1454 5324 corpus,
1487 5255 1543 5309 et
1585 5267 1762 5309 omne
1810 5270 2023 5326 corpus

370 5342 599 5399 ﬁnitam
626 5340 746 5397 vim
776 5339 1011 5408 haheat,
1044 5339 1275 5398 {initam
1304 5341 1421 5398 vim
1453 5346 1510 5398 et
1538 5341 1736 5415 ipsum
1785 5343 2021 5417 habere,

370 5432 527 5506 quod
557 5448 629 5488 ex
658 5430 1039 5501 sequentibus
1070 5435 1248 5503 patet.
1299 5435 1458 5488 Intra
1506 5431 1718 5505 viginti
1770 5439 2025 5505 quatuor

369 5522 548 5578 horas
577 5518 850 5588 volvitur,
880 5524 947 5576 ut
976 5519 1037 5577 in
1089 5521 1356 5578 confesso
1405 5525 1516 5577 est.
1568 5521 1629 5577 Si
1679 5521 1861 5595 igitur
1897 5540 2021 5582 ma-

360 5612 555 5684 jorem
584 5609 703 5665 vim
735 5608 997 5683 haberet,
1030 5610 1410 5683 paucioribus
1440 5610 1604 5669 horis
1653 5618 2017 5686 moveretur;

370 5701 455 5760 ita
483 5703 571 5771 ut,
601 5700 1103 5773 quemadmodum
1136 5701 1567 5777 magnitudine,
1597 5704 1684 5762 sic
1711 5708 1771 5764 et
1798 5704 1855 5764 vi
1901 5709 2025 5764 ter-

371 5792 654 5854 minatur.

2054 4701 2103 4767 D

2134 3588 2229 3665 ιβ’.
2285 3586 2352 3644 Εἴ
2407 3582 2658 3662 ἔμψυχος
2728 3585 2755 3640 6
2822 3583 3027 3656 κόσμος
3104 3582 3197 3639 καὶ
3254 3579 3487 3658 προνοίᾳ
3552 3577 3796 3637 διοικού-

2865 3677 3049 3731 μενος.

2201 3760 2269 3816 Οἱ
2323 3758 2417 3830 μὲν
2446 3754 2723 3827 "Emme:
2765 3756 2864 3818 τὰς
2908 3754 3139 3831 σφαίρας
3182 3757 3279 3809 τοῦ
3332 3751 3568 3829 οὐρανοῦ
3618 3748 3793 3826 ἐμψύ-

2130 3868 2265 3924 χους
2295 3844 2570 3917 ἐδόξασαν,
2626 3845 2767 3921 πρὸς
2815 3843 2873 3901 δὲ
2918 3844 3010 3901 καὶ
3057 3842 3185 3906 τοὺς
3223 3843 3450 3917 ἀστὲρας
3482 3839 3740 3916 λέγοντες
3776 3859 3791 3874 °

2130 3941 2248 3995 εἶτα
2276 3936 2505 4000 ἐνταῦθα
2543 3933 2724 4011 γεώδη
2783 3935 3015 4007 σώματα
3057 3932 3163 3989 οὐκ
3219 3932 3517 4007 ἠμοίρησε,
3548 3929 3706 4004 πόσῳ
3730 3948 3795 4004 γε

2135 4025 2347 4101 μᾶλλον
2375 4026 2443 4081 τὰ
2474 4023 2717 4099 οὐράνια.
2768 4025 2960 4097 Ἡμεῖς
3012 4020 3116 4097 [δὲ]
3174 4021 3428 4097 λὲγομεν,
3460 4021 3535 4083 ὡς
3563 4022 3597 4091 ἠ
3631 4018 3795 4090 κίνη-

2131 4137 2213 4179 σις
2270 4115 2478 4171 τούτων
2536 4115 2735 4192 φυσική
2795 4112 2906 4168 ἐστι
2982 4111 3077 4168 καὶ
3136 4110 3199 4168 οὐ
3258 4112 3496 4187 ψυχική.
3543 4111 3791 4182 Ὀρῶμεν

2129 4205 2256 4282 γὰρ,
2286 4205 2361 4267 ὠς
2410 4203 2524 4277 ὅσῳ
2573 4201 3010 4279 ἀργανικώτερόν
3057 4200 3169 4256 ἐστι
3217 4200 3272 4256 τὶ
3320 4204 3504 4274 σῶμα,
3546 4197 3796 4269 τοσούτῳ

2131 4294 2350 4372 δέχεται
2407 4294 2495 4351 καὶ
2546 4295 2641 4357 τὰς
2706 4292 2985 4368 ἑκεργείας
3024 4299 3124 4362 τῆς
3187 4293 3371 4366 ψυχῆς
3419 4288 3690 4351 πλείονας.
3722 4287 3795 4344 Τὸ

2130 4390 2262 4463 γοῦν
2293 4384 2558 4458 ἡμέτερόν
2610 4388 2771 4457 σῶμα
2822 4381 3259 4458 ὀργανικώτερόν
3307 4379 3418 4434 ἐστι
3460 4382 3569 4432 τῶν
3613 4376 3795 4447 σωμάς

2129 4497 2236 4532 των
2267 4479 2372 4531 τῶν
2424 4471 2636 4529 λοιπῶν
2699 4474 2876 4543 ζώων,
2932 4470 3115 4546 ὥσπερ
3178 4469 3357 4525 ἰκεῖνα
3411 4469 3519 4521 τῶν
3557 4466 3738 4541 φυτῶν
3774 4478 3788 4495 ·

2129 4568 2193 4623 τὸ
2225 4563 2283 4620 δὲ
2313 4559 2650 4641 σφαιροειδὲς
2706 4563 2881 4631 πάντη
2928 4558 3169 4625 ἁπλοῦν,
3228 4557 3366 4611 ὥστε
3421 4552 3514 4609 καὶ
3553 4549 3791 4627 ἄψυχον,

2135 4657 2225 4712 οἵα
2250 4654 2317 4710 τὰ
2344 4654 2576 4730 τέσσαρα
2598 4657 2869 4728 στοιχεῖα.

2577 4861 2659 4937 ιγ’.
2690 4856 2755 4913 Εἰ
2787 4854 3054 4933 ἄφθαρτος
3082 4852 3109 4906 6
3138 4850 3370 4925 κόσμοςι

2199 4981 2258 5037 Ὁ
2294 4979 2390 5053 μὲν
2448 4973 2839 5052 Ἀριστοτέλης
2880 4970 3088 5043 κόσμον
3139 4964 3349 5040 δοξάζει
3399 4962 3695 5053 ἀγέννητόν
3726 4984 3791 5019 τε

2132 5070 2222 5127 καὶ
2271 5051 2541 5148 ἄφθαρτον
2577 5083 2590 5096 °
2649 5064 2677 5117 6
2723 5060 2782 5118 δὶ
2828 5058 3056 5118 Πλάτων
3106 5057 3366 5148 γεννητὸν
3418 5056 3538 5148 μξν,
3588 5051 3794 5135 ἅφθαρ-

2130 5181 2223 5216 τον
2256 5145 2332 5215 δὲ.
2365 5160 2552 5231 Ἡμεῖς
2582 5151 2639 5209 δὲ
2695 5150 2951 5229 λέγνμεν,
3003 5149 3100 5219 ὡς,
3144 5147 3260 5204 ἰπεὶ
3319 5146 3481 5221 σῶμά
3514 5145 3652 5218 ἔστι,

2134 5247 2191 5306 δὲ
2222 5253 2380 5323 σῶμα
2437 5228 2854 5319 πεπερασμένην
2912 5235 3031 5316 ἔχει
3086 5240 3186 5309 τήν
3241 5233 3495 5310 δύναμιν,
3537 5228 3800 5289 ὲκτῶνὸε

2133 5337 2305 5411 δῆλον
2332 5357 2345 5371 '
2380 5334 2808 5399 ἀποκαθίσταται
2855 5327 3328 5406 ὁμολογουμινως
3371 5323 3462 5381 διὰ
3503 5330 3606 5395 τῆς
3646 5323 3803 5411 κινή-

2133 5410 2267 5493 σεώς
2297 5429 2350 5485 ἐν
2403 5425 2569 5504 ὥραις
2623 5421 2793 5480 εἷᾌιοσι
2841 5420 3120 5497 τέσσαρσιν
3154 5439 3165 5452 ·
3220 5417 3267 5474 εὶ
3312 5419 3441 5493 γοῦν
3476 5416 3596 5491 εἷχε
3641 5410 3801 5468 δύνα-

2136 5543 2226 5598 μιν
2271 5519 2523 5590 πλείονα,
2569 5515 2620 5572 ἰν
2672 5513 3081 5590 ἐλαχιστοτέρῳ
3129 5511 3236 5587 (fixo)
3279 5504 3507 5598 ἐκινείτο
3556 5525 3744 5598 χρννιρ
3778 5521 3795 5536 ’

2133 5592 2292 5683 ὥστε,
2349 5620 2588 5685 καθαπερ
2635 5607 2969 5680 πεπίρασται
3028 5599 3167 5659 κατὰ
3224 5599 3287 5657 τὸ
3348 5596 3593 5676 μεγεθος,
3645 5592 3791 5650 οὕτω

2131 5700 2221 5759 καὶ
2250 5698 2389 5757 κατὰ
2410 5700 2507 5770 τὴν
2542 5694 2789 5771 δύναμιν.
