4100 6452
269 450 385 510 797

706 576 789 637 ιδ’.
822 577 888 638 Εἰ
919 579 1167 660 τριφεται
1199 579 1229 636 6
1259 578 1505 656 οὐρανός.

340 696 629 769 Ἐδόξασάν
694 718 858 766 τινες,
935 696 1222 775 τρέφεσθαι
1293 699 1388 753 τὸν
1443 697 1603 768 ἥλιον
1662 697 1751 754 καὶ
1802 698 1931 762 τοὺς

271 791 494 864 ἀστέρας
524 788 630 842 άπὸ
658 791 765 842 τῶν
822 787 1209 863 άνερχομὲνων
1241 788 1482 860 ἁτμὲνων
1526 787 1630 842 άπὸ
1659 795 1759 858 τῆς
1804 795 1931 864 γῆς,

270 879 358 935 καὶ
391 879 467 940 ὡς
516 875 606 933 διὰ
651 881 816 932 τοῦτο
867 877 968 946 τὴν
1021 874 1252 947 λόξωσιν
1295 883 1536 932 ποιεῖται
1568 878 1596 932 ὁ
1627 875 1810 946 ἥλιος,
1843 873 1933 933 διὰ

270 970 332 1024 τὸ
382 968 489 1023 άπὸ
531 971 639 1022 τῶν
697 968 883 1041 ἀτμῶν
932 968 1205 1045 φέρεσθαι.
1237 971 1405 1022 Τοῦτο
1459 964 1516 1021 δὲ
1562 965 1759 1042 ψεῦδος
1791 967 1930 1043 πρό-

275 1056 468 1129 δηλον,
506 1055 654 1131 μήδ’-
689 1058 988 1126 ἁνασκευῆς
1034 1054 1316 1131 δεόμενον.
1371 1057 1527 1114 Μόνα
1571 1061 1699 1132 γοῦν
1747 1058 1932 1136 τρέφε-

270 1169 360 1204 ται
406 1149 472 1201 τά
519 1143 748 1222 ἔμψυχα
790 1147 1038 1220 σώματα·
1091 1147 1157 1202 τὰ
1208 1145 1264 1202 δὲ
1291 1153 1540 1223 στοιχεῖα
1594 1142 1928 1220 μεταϐάλλει

274 1237 349 1301 εἰς
395 1232 640 1305 ἅλληλου
688 1236 757 1290 τὰ
804 1232 862 1290 δὶ
906 1234 1130 1311 οὐράνια
1173 1237 1401 1310 σώματα
1442 1236 1614 1310 μόνην
1641 1237 1738 1305 τὴν
1770 1256 1927 1291 τοπι-

274 1326 381 1394 κὴν.
422 1329 660 1380 ποιεῖται
710 1325 952 1396 κίνησιν,
998 1329 1107 1381 τῶν
1158 1322 1216 1382 δὲ
1247 1325 1457 1382 λοιπῶν
1509 1320 1637 1382 ὄντα
1664 1327 1930 1398 κινήσεων

275 1411 616 1471 ἁνεπίδεκτα.

730 1529 806 1586 ιε’.
839 1530 971 1605 Περὶ
996 1527 1197 1604 τάξεως
1228 1529 1460 1604 κόσμου.

337 1641 410 1694 Ti»
457 1643 555 1695 τοῦ
614 1637 826 1713 κόσμου
880 1638 1175 1712 μεσότατόν
1223 1639 1365 1695 ἐστιν
1412 1643 1450 1711 ἡ
1499 1643 1594 1716 γῆ,
1625 1641 1715 1697 καὶ
1772 1641 1926 1718 λὲγε-

270 1750 355 1784 ται
385 1730 556 1784 κάτω·
610 1727 720 1784 ἅνω
775 1726 832 1784 δὶ
889 1729 1091 1802 ταύτης
1134 1731 1195 1786 τὸ
1245 1728 1392 1808 ὕδωρ
1437 1731 1570 1804 ἐστὶ,
1605 1731 1691 1787 καὶ
1732 1732 1926 1787 τούτου

271 1820 471 1890 ἄνωθεν
505 1819 532 1873 6
566 1820 694 1895 ἀὴρ,
742 1823 839 1874 τοῦ
893 1816 950 1876 δὲ
996 1820 1153 1894 άὲρος
1205 1821 1269 1876 τὸ
1316 1825 1446 1897 πῦρ·
1505 1825 1603 1876 τοῦ
1659 1819 1716 1877 δὲ
1759 1823 1928 1896 πυρὸς

272 1918 472 1972 ἄνωθεν
532 1920 568 1988 ἡ
628 1916 859 1988 σελήνη·
919 1924 1021 1988 τῆς
1081 1916 1139 1974 δὲ
1199 1917 1436 1990 σελήνης
1487 1922 1524 1974 ἢ
1578 1925 1675 1975 τοῦ
1722 1922 1926 1997 Ἑρμοῦ

272 2011 494 2082 σφαῖρα·
534 2006 736 2077 ταύτης
783 2003 844 2061 δὲ
892 2009 926 2078 ἡ
976 2009 1074 2078 τῆς
1126 2006 1484 2087 Ἀφροδίτης,
1514 2011 1605 2066 καὶ
1656 2009 1858 2081 ταύτης
1888 2013 1923 2080 ἡ

271 2099 366 2149 τοῦ
422 2093 611 2164 ἡλίου·
674 2095 786 2150 εἶτα
833 2097 868 2166 ἠ
926 2099 1024 2150 τοῦ
1079 2099 1310 2172 ’Ἀρεωςο
1364 2097 1477 2154 εἶτα
1530 2101 1566 2169 ἠ
1624 2104 1721 2154 τοῦ
1776 2099 1922 2162 Διός·

272 2184 360 2239 καὶ
420 2185 550 2260 ύπὶρ
608 2183 810 2254 ταύτην
869 2188 903 2256 ἡ
961 2189 1060 2240 τοῦ
1139 2188 1371 2262 Κρόνου·
1434 2186 1568 2265 ὐπὲρ
1629 2189 1831 2264 Κρόνον
1887 2191 1921 2259 ἡ

274 2277 375 2328 τῶν
433 2273 692 2331 ἀπλανῶν
749 2272 958 2350 ἄστρων
1019 2281 1238 2353 σφαῖρα·
1293 2279 1382 2332 καὶ
1442 2278 1575 2354 ὑπὲρ
1632 2277 1832 2350 ταύτην
1885 2281 1919 2350 ἡ

276 2360 530 2440 ἅναστρος
583 2370 806 2440 σφαῖρα,
859 2367 894 2434 ἡ
952 2364 1048 2428 τὰς
1098 2364 1298 2430 λοιπὰς
1353 2368 1527 2431 πάσας
1575 2373 1802 2425 κινοῦσα
1830 2371 1921 2426 ἀπ’

268 2452 534 2524 ἀνατολῆς
568 2453 644 2517 εἷς
675 2450 846 2524 δύσιν,

550 2571 634 2635 ις’.
665 2570 796 2646 Περὶ
821 2575 920 2643 τῆς
942 2575 1039 2626 τοῦ
1069 2570 1282 2645 κόσμου
1313 2571 1632 2648 ἐγκλίσεως.

347 2679 520 2735 Πτοῦ
565 2676 778 2753 κόσμου
827 2676 1066 2754 ἔγκλισις
1111 2679 1172 2734 οὐ
1222 2687 1337 2736 κατ’
1376 2681 1533 2737 αὐτὸν
1579 2683 1671 2738 τὸν
1713 2684 1920 2757 κόσμον

262 2765 428 2838 ἱστὶν,
461 2765 611 2824 ἀλλὰ
656 2767 793 2844 πρὸς
841 2769 1009 2841 ἡμᾶς,
1044 2765 1134 2823 διὰ
1178 2769 1242 2824 τὸ
1294 2770 1370 2843 μὴ
1400 2772 1499 2840 τήν
1532 2773 1800 2848 ἡμετέραν
1831 2769 1916 2827 οἷ’-

261 2876 422 2926 κησιν
457 2857 596 2911 εἶναι
629 2857 730 2912 ὑπὸ
759 2857 850 2912 τὸν
879 2857 1220 2934 ἰσημερινὸν,
1253 2858 1398 2915 ἀλλὰ
1426 2860 1560 2936 πρὸς
1608 2862 1686 2934 τῷ
1716 2863 1918 2938 βορείῳ

269 2945 445 3019 μιρει·
493 2944 586 2999 καὶ
631 2943 718 3001 διὰ.
762 2947 926 3002 τοῦτο
978 2949 1350 3024 ὑπιρήρτηται
1389 2951 1525 3024 πρὸς
1557 2953 1705 3023 ἡμᾶς
1760 2953 1788 3007 6
1824 2952 1916 3026 βό-

271 3054 417 3109 ρειος
471 3032 668 3105 πόλος,
723 3036 1014 3112 κρύπτεται
1074 3035 1132 3094 δὲ
1173 3039 1200 3093 6
1246 3038 1444 3109 νότιος,
1477 3039 1565 3096 καὶ
1614 3043 1649 3111 ἡ
1697 3045 1794 3096 τοῦ
1825 3041 1914 3097 ού-

275 3125 442 3198 ρανοῦ
491 3120 702 3193 κίνησις
747 3125 809 3179 οὐ
851 3126 1093 3204 φαίνεται
1149 3129 1308 3201 ὀρθὴ,
1369 3127 1495 3185 ἁλλ’
1552 3128 1912 3206 ἐγκεκλιμένη

276 3210 415 3287 πρὸς
445 3211 624 3268 νότον.

411 3364 493 3434 ιζ’.
523 3365 656 3441 Ηερὶ
693 3369 809 3438 τοῦ,
843 3363 898 3422 εἶ’
921 3366 1034 3424 ἐστι
1058 3370 1208 3426 κενὸν
1242 3369 1394 3436 ἐκτὸς
1424 3375 1521 3426 τοῦ
1552 3371 1784 3448 κόσμου.

328 3545 451 3602 Ὅτι
487 3545 580 3619 μὲν
641 3547 794 3602 κενὸν
849 3548 948 3604 οὐκ
1003 3547 1144 3606 ἔστιν
1207 3550 1257 3609 ἐν
1315 3556 1394 3624 τῷ
1445 3552 1662 3628 κόσμῳ,
1713 3557 1916 3621 ἱκανῶς

258 3629 527 3690 δέδεικται
572 3636 943 3713 Ἀριστοτέλει
1001 3639 1054 3694 ὲν
1092 3643 1160 3714 τῇ
1217 3645 1430 3716 Φυσικῇ
1465 3644 1738 3718 ἀκροάσει·
1774 3643 1914 3700 ἐδεί-

431 3721 476 3744 M
638 3727 651 3746 ι
742 3727 755 3747 s
832 3731 860 3742 α.
935 3729 948 3748 ι
1065 3729 1078 3752 ε
1212 3721 1218 3725 '
1335 3732 1348 3748 ε
1487 3737 1512 3747 ς.

256 3725 370 3803 χθη
429 3738 486 3779 οε
525 3745 631 3801 παρ
696 3748 884 3800 αυτου,
919 3749 992 3791 ως
1025 3726 1178 3785 ουδὲν
1236 3729 1389 3795 ἐκτος
1420 3752 1516 3787 του
1546 3735 1758 3807 κόσμου
1803 3736 1914 3792 ἑστὶ

255 3812 432 3871 κενόν.
493 3815 801 3891 Ὁρίζονται
859 3814 916 3874 δὲ
966 3817 1028 3874 τό
1086 3820 1241 3875 κενὸν
1301 3822 1351 3875 οἱ
1393 3822 1552 3878 τοῦτο
1604 3821 1916 3894 δοξάζοντες

253 3902 425 3956 τόπον
486 3904 846 3982 ἑστιρημένον
909 3908 1163 3982 σώματος
1198 3955 1213 3979 ,
1281 3907 1575 3984 δυνάμενον
1669 3910 1913 3985 δίξασθαι

257 3995 440 4063 σῶμα.
483 3993 550 4051 Εἴ
593 3999 720 4071 γοῦν
757 3996 889 4072 όπὶρ
937 3998 1028 4054 τὸν
1088 3999 1314 4075 οὐρανόν
1364 4001 1474 4056 ἐστι
1506 4003 1684 4072 κενὸν,
1737 4004 1909 4077 μάτην

255 4083 522 4158 παρήχθη
599 4084 745 4160 παρὰ
824 4091 922 4140 τοῦ
1018 4090 1405 4165 Δημιουργοῦ,
1498 4090 1772 4164 μηδέποτε
1857 4096 1920 4150 ὲν.

254 4169 406 4242 αύτῷ
459 4172 713 4244 σώματος
746 4177 1064 4249 γενομένου·
1117 4177 1268 4234 οὗδὶν
1321 4179 1378 4234 δὲ
1427 4181 1453 4235 6
1502 4183 1650 4251 Θεὸς,
1708 4184 1831 4239 οὑτε
1874 4188 1908 4256 ἡ

254 4259 437 4337 φύσις,
516 4259 640 4317 οὔτε
717 4266 988 4342 φρόνιμος
1060 4269 1196 4344 ἀνὴρ
1279 4270 1452 4342 μάτην
1525 4293 1576 4327 τι
1635 4278 1906 4329 ποιοῦσιν·

254 4349 608 4427 ἀποφαίνεται
649 4357 806 4426 γοῦν,
857 4355 932 4417 ὡς
971 4354 1094 4411 οὔτε
1137 4357 1369 4434 πλῆρες,
1413 4356 1535 4414 οὔτε
1583 4363 1754 4431 κενὸν,
1789 4362 1912 4420 οὔτε

249 4437 424 4502 τόπος
478 4461 564 4502 τις
616 4439 717 4511 ἔξω
767 4448 864 4499 τοῦ
896 4444 1127 4522 ούρανοῦ
1157 4450 1439 4525 τυγχάνει,
1474 4448 1599 4505 ἀλλ’
1648 4453 1676 4506 6
1714 4455 1912 4524 νοητὸς

248 4524 462 4602 κόσμος
478 4573 489 4588 .

380 4701 470 4772 ιη’.
504 4700 640 4757 Τίνα
672 4698 818 4773 δεξιᾶ
848 4709 945 4760 τοῦ
972 4706 1210 4779 κόσμου,
1239 4707 1330 4762 καὶ
1359 4708 1479 4764 τίνα
1508 4710 1779 4786 ἀριστερά.

323 4825 480 4898 Δεξιά
536 4823 793 4905 λέγονται
854 4831 992 4908 μέρη
1067 4836 1163 4888 τοῦ
1220 4833 1430 4908 κόσμου
1485 4837 1556 4891 τὰ
1610 4835 1908 4896 ἀνατολικὰ

253 4915 396 5001 μέρη
449 4921 546 4971 τοῦ
607 4918 859 4993 ούρανοῦ,
905 4921 1160 4998 ἀριστερά
1219 4920 1276 4978 δὲ
1318 4926 1387 4978 τὰ
1433 4924 1604 4984 νότια.
1646 4927 1905 5001 Αὲγονται

250 5000 312 5059 δὲ
349 5002 497 5080 δεξιὰ
541 5007 607 5062 τὰ
659 5008 953 5065 ἀνατολικά
999 5012 1161 5087 μέρη,
1212 5013 1285 5076 ὡς
1336 5014 1534 5080 ὲκεῖθεν
1588 5000 1903 5092 ἀρχομένης

242 5099 350 5163 τῆς
405 5097 698 5168 κινήσεως.⁴
754 5099 957 5174 Ὥσπερ
1015 5102 1120 5178 γὰρ
1176 5101 1264 5157 ἐπὶ
1297 5107 1406 5158 τῶν
1465 5105 1620 5174 ζώων
1666 5107 1770 5161 άπὸ
1798 5111 1907 5164 τῶν

245 5179 447 5272 δεξιῶν,
502 5190 681 5261 μερῶν
743 5184 972 5264 ἄρχεται
1031 5193 1065 5260 ἡ
1125 5189 1358 5263 κίνησις·
1410 5193 1500 5249 τὸν
1550 5195 1654 5271 γὰρ
1699 5197 1906 5272 ἀριστε-

241 5271 340 5346 ρὸν
396 5279 613 5351 πρῶτον
647 5275 735 5330 ἐπὶ
756 5282 858 5348 τῆς
887 5280 992 5354 γῆς
1038 5277 1356 5354 ἐρείδοντες,
1416 5284 1508 5338 τὸν
1543 5281 1710 5357 δεξιὸν
1738 5271 1905 5359 μετα-

236 5367 522 5437 κινοῦμεν·
558 5364 1025 5440 οὕτωςὺπὲθεντο
1070 5370 1161 5425 καὶ
1200 5372 1251 5426 οἱ
1297 5371 1528 5430 παλαιοὶ
1570 5375 1669 5444 τήν
1723 5377 1901 5453 ἀρχὴν

232 5458 353 5522 τῆς⁴
399 5453 550 5525 πρὸς
598 5457 746 5528 ἡμᾶς
804 5459 1072 5528 κινήσεως
1128 5460 1180 5515 ἒν
1240 5467 1358 5526 τοῖς
1429 5459 1626 5534 δεξιοῖς
1695 5467 1904 5539 μέρεσι.

229 5542 447 5631 Τούτου
508 5540 568 5597 δὲ
623 5541 1000 5614 ὐποτεθέντος,
1030 5548 1269 5624 γίνονται
1321 5551 1386 5605 τά
1445 5550 1538 5624 μὶν
1599 5549 1710 5608 ἅνω
1762 5553 1898 5631 μέρη

228 5635 338 5687 τοῦ
369 5627 584 5706 κόσμου
614 5634 665 5688 ὲν
697 5637 782 5709 τῷ.
825 5635 1196 5712 νοτίῳπόλῳ,
1227 5644 1307 5712 τῷ
1337 5642 1472 5712 ἡμῖν
1513 5642 1722 5719 ἀφανεῖ,
1748 5627 1814 5699 τὰ
1833 5627 1903 5700 ’δὲ

230 5723 392 5792 κάτω
437 5723 490 5786 ἐν
543 5728 640 5798 τῷ.
676 5724 1008 5801 βορείῳ,τῷ
1057 5729 1140 5784 ἀεὶ
1184 5730 1322 5804 ἡμῖν
1362 5735 1598 5808 φανερῷ·
1632 5732 1706 5796 ὡς
1762 5734 1821 5790 ἃν
1853 5734 1902 5792 εἷ’

229 5816 461 5886 νοήσεις
493 5810 798 5889 ἅνςθρφπονμ
826 5815 1157 5892 mlitem
1199 5822 1311 5889 τήντ
1337 5821 1431 5896 μὶν
1457 5823 1707 5901 κεφαλὴν
1736 5823 1900 5901 ἕχον·

1517 446 2009 511 SOL‘UTIONES
2054 447 2410 520 QUIEDAM
2425 494 2438 510 .

1961 581 2014 650 A

3574 448 3696 510 798

2436 582 2522 639 14.
2554 583 2695 640 Num
2722 582 2962 640 mundu-e
2989 586 3299 640 nutriatur.

2115 699 2396 759 Nonnulli
2427 700 2650 774 opinati
2703 705 2846 757 sunt
2893 700 3109 757 nutrici
3143 700 3326 757 solem
3358 702 3415 756 et
3435 703 3592 756 astra
3628 715 3699 756 ex

2042 789 2115 844 iis
2147 807 2274 863 quae
2306 795 2517 847 eterra
2551 791 2900 859 ascendunt,
2951 797 3005 846 ct
3055 790 3186 846 ideo
3234 806 3338 861 per
3384 790 3693 862 obliquum

2040 880 2124 936 ire
2155 880 2363 949 solem,
2399 881 2538 953 quia
2581 880 3051 936 exhalationibus
3100 880 3308 934 fertur.
3353 880 3516 942 Quod
3564 894 3694 934 esse

2042 969 2254 1025 falsum
2288 976 2466 1042 patet,
2492 987 2680 1042 neque
2711 969 3216 1026 demonstratione
3255 984 3403 1039 opus
3423 971 3532 1023 est.
3564 967 3698 1024 Sola

2039 1059 2221 1131 igitur
2251 1062 2599 1116 nutriuntur
2637 1060 2900 1116 animata
2927 1075 3211 1131 corpora;
3245 1057 3534 1113 elementa
3564 1072 3698 1113 vero

2040 1149 2243 1205 aliain
2303 1149 2418 1206 alia
2467 1154 2816 1218 transeunt;
2879 1148 3139 1205 caelestia
3197 1152 3394 1203 autem
3452 1163 3699 1219 corpora

2038 1238 2282 1295 localem
2336 1244 2565 1296 motum
2616 1239 2836 1296 habent
2881 1238 3279 1310 solummodo,
3329 1236 3696 1308 aliorumque

2039 1333 2308 1386 motuum
2343 1347 2589 1403 prorsus
2620 1334 2761 1387 sunt
2788 1328 3108 1400 incapacia.

2526 1539 2611 1594 15.
2647 1540 2720 1594 De
2749 1538 2944 1594 ordine
2980 1538 3199 1594 mundi.

2105 1648 2286 1704 Terra
2318 1651 2407 1703 est
2433 1663 2559 1719 quas
2584 1647 2843 1702 medium
2869 1646 3076 1702 mundi
3100 1649 3280 1712 tenet,
3327 1647 3436 1702 etsi
3465 1646 3697 1704 dicatur

2034 1737 2188 1795 infra
2212 1755 2227 1807 ;
2261 1755 2442 1810 supra
2474 1743 2692 1793 terram
2721 1752 2856 1792 vero
2880 1740 2968 1793 est
2991 1753 3160 1808 aqua.
3191 1739 3246 1791 et
3271 1753 3452 1809 supra
3472 1752 3691 1809 aquam

2035 1844 2165 1900 aaer,
2200 1845 2386 1900 supra
2412 1844 2606 1883 aerem
2639 1843 2770 1883 vero
2793 1827 2966 1900 ignis.
2988 1826 3180 1899 Supra
3199 1825 3394 1898 ignem
3420 1825 3690 1885 estluua.

2033 1923 2224 1991 Supra
2252 1918 2454 1976 lunam
2491 1922 2581 1975 est
2610 1917 2882 1974 Mercurii
2913 1917 3162 1990 sphzsra.
3196 1920 3386 1989 Supra
3416 1915 3574 1972 illam
3603 1921 3694 1973 est

2035 2009 2277 2066 Veneris
2306 2008 2500 2076 stella,
2533 2025 2715 2081 supra
2745 2024 2925 2080 quam
2959 2012 3048 2062 est
3079 2005 3184 2062 sol.
3227 2005 3445 2062 Deinde
3487 2005 3693 2064 Martis

2035 2098 2226 2168 stella,
2258 2103 2314 2154 ct
2345 2099 2554 2154 deinde
2580 2097 2764 2164 Jovis,
2796 2101 2852 2154 et
2881 2114 3065 2170 supra
3092 2113 3219 2152 eam
3243 2095 3477 2155 Saturni
3498 2096 3692 2152 stella.

2034 2189 2225 2262 Supra
2253 2189 2570 2244 Saturnum
2604 2187 3006 2243 immobilium
3037 2185 3339 2242 stellarum
3372 2191 3462 2242 est
3502 2185 3694 2257 sphae-

2034 2297 2114 2335 ra.
2149 2279 2341 2351 Supra
2371 2295 2550 2350 quam
2583 2277 2810 2350 sphaera
2840 2281 2930 2333 est
2959 2276 3088 2331 sine
3108 2275 3307 2346 astris,
3332 2292 3460 2349 quae
3484 2291 3690 2333 omnes

2032 2367 2178 2426 alias
2211 2373 2406 2426 movet
2434 2368 2504 2424 ab
2538 2369 2760 2424 oriente
2793 2367 2852 2422 in
2885 2365 3268 2422 occidentem.

2426 2575 2511 2629 16.
2545 2575 2621 2630 De
2652 2572 3023 2630 inclinatam
3066 2571 3290 2628 mundi.

2101 2682 2304 2738 Mundi
2325 2680 2631 2737 inclinatio
2649 2697 2764 2736 non
2787 2680 2857 2735 ad
2876 2679 3073 2752 ipsum
3099 2678 3386 2733 mundum
3411 2675 3684 2749 pertinet,

2029 2773 2132 2828 sed
2164 2773 2236 2828 ad
2268 2789 2396 2842 nos,
2425 2789 2492 2828 eo
2524 2772 2680 2844 quod
2714 2776 2919 2826 nostra
2957 2769 3125 2825 sedes
3174 2784 3290 2824 non
3343 2767 3454 2823 sub
3504 2767 3686 2838 aequi-

2028 2863 2224 2919 noctio
2265 2866 2377 2928 est,
2425 2862 2522 2917 sed
2577 2860 2636 2915 in
2699 2863 2863 2932 parte
2916 2855 3380 2931 septentrionali.
3433 2856 3504 2910 Et
3552 2855 3686 2912 ideo

2028 2953 2220 3024 quoad
2253 2968 2360 3007 nos
2392 2948 2681 3007 attollitur
2705 2947 2957 3005 borealis
2988 2947 3180 3020 polus,
3216 2944 3503 3002 australis
3546 2961 3682 3001 vero

2026 3041 2262 3112 tegitur,
2298 3044 2354 3096 et
2383 3039 2512 3095 caeli
2545 3044 2744 3095 motus
2775 3055 2891 3095 non
2934 3041 3126 3094 rectus
3159 3038 3422 3109 apparet,
3453 3035 3556 3091 sed
3606 3034 3681 3092 ad

2026 3130 2332 3186 meridiem
2364 3129 2704 3186 inclinatus.

1947 3343 1989 3410 α
2028 3371 2114 3426 17.
2141 3371 2424 3439 Quaeritur
2442 3386 2576 3426 num
2593 3371 2665 3426 sit
2687 3369 2958 3444 quoddam
2989 3386 3220 3426 vacuum
3249 3369 3489 3441 spatium
3520 3371 3682 3424 extra

2703 3443 2998 3498 mundum.

2096 3551 2222 3606 Non
2245 3565 2375 3606 esse
2401 3550 2460 3605 in
2485 3551 2706 3607 mundo
2747 3567 2998 3606 vacuum
3032 3549 3177 3606 satis
3209 3548 3683 3604 demonstratum

2023 3647 2115 3699 est
2145 3642 2300 3715 apud
2331 3640 2702 3698 Aristotelem
2733 3641 2792 3698 in
2829 3641 3090 3714 Physicis
3115 3640 3548 3714 questionibus
3575 3639 3686 3712 (re-

2025 3731 2448 3804 citationibus).
2489 3733 2960 3787 Demonstratum
2993 3735 3190 3786 autem
3221 3730 3294 3785 ab
3325 3746 3391 3786 eo
3417 3729 3686 3786 estnihil

2022 3825 2184 3876 extra
2215 3820 2505 3875 mundum
2538 3836 2793 3875 vacuum
2826 3835 2975 3875 esse.
3008 3819 3272 3875 Vacuum
3309 3824 3506 3875 autem
3539 3817 3683 3872 deﬂ-

2022 3909 2196 3964 niunt
2253 3909 2354 3982 qui
2413 3908 2559 3964 illud
2621 3925 2749 3965 esse
2809 3908 3132 3979 cpinantur
3185 3906 3382 3962 locum
3441 3922 3684 3978 corpore

2023 4000 2336 4071 privatum,
2367 3999 2524 4071 quod
2559 4015 2772 4070 corpus
2805 3999 3071 4070 accipere
3121 4000 3334 4068 potest.
3386 3996 3446 4053 Si
3501 3996 3683 4068 igitur

2022 4104 2205 4161 supra
2256 4088 2546 4144 mundum
2605 4105 2858 4144 vacuum
2918 4087 3016 4156 sit,
3070 4087 3286 4142 frustra
3326 4103 3359 4140 a
3411 4087 3680 4142 Creatore

2021 4180 2371 4250 productum
2407 4182 2581 4243 esset,
2614 4176 2796 4232 nullis
2827 4176 3172 4249 corporibus
3193 4176 3251 4230 in
3272 4176 3399 4248 ipso
3421 4174 3675 4230 effectis:

2021 4269 2167 4325 nihil
2200 4285 2333 4324 vero
2363 4273 2538 4334 Deus,
2573 4283 2762 4339 neque
2793 4272 3022 4334 natura,
3056 4283 3242 4336 neque
3281 4265 3369 4320 vir
3418 4265 3679 4336 prudens

2021 4359 2079 4413 in
2110 4375 2328 4413 vanum
2360 4356 2557 4413 efﬁcit.
2589 4356 2953 4428 Patetigitur
2985 4373 3174 4427 neque
3199 4354 3460 4427 plenum,
3485 4368 3673 4424 neque

2019 4465 2292 4519 vacuum,
2328 4463 2520 4520 neque
2551 4446 2738 4502 ullum
2773 4447 3014 4504 omnino
3047 4447 3242 4501 locum
3263 4450 3424 4502 extra
3458 4444 3671 4502 coelum

2019 4538 2316 4604 exsistere,
2351 4537 2452 4593 sed
2484 4537 2852 4608 spiritualem
2887 4537 3176 4592 mundum
3207 4551 3356 4592 esse.

1941 4725 1988 4790 Ι)
2095 4710 2179 4766 18.
2213 4708 2363 4778 Quod
2391 4710 2466 4764 sit
2491 4708 2688 4763 mundi
2716 4708 2998 4775 dextrum,
3033 4715 3084 4762 et
3111 4707 3252 4780 quod
3280 4707 3592 4762 sinistrum.

2087 4835 2314 4892 Dextrm
2340 4834 2547 4891 mundi
2579 4837 2774 4906 partes
2795 4834 3075 4890 dicuntur
3096 4835 3289 4906 partes
3308 4830 3439 4888 coeli
3471 4831 3670 4889 orien-

2015 4925 2188 4998 tales,
2223 4925 2478 4982 sinistras
2507 4940 2642 4980 vero
2675 4922 3104 4981 meridienales.
3138 4923 3362 4980 Dextraa
3412 4921 3671 4979 orienta-

2016 5013 2101 5072 les
2133 5016 2432 5081 dicuntur,
2484 5018 2770 5087 tanquam
2817 5014 2866 5070 si
2926 5013 3062 5070 inde
3111 5018 3308 5069 motus
3363 5012 3670 5083 inciperet.

2019 5105 2530 5169 Quemadmodum
2587 5104 2744 5160 enim
2795 5104 2978 5177 apud,
3031 5102 3314 5160 animalia
3365 5120 3399 5159 a
3446 5101 3670 5159 dextris

2017 5201 2224 5253 motus
2255 5196 2463 5268 incipit
2515 5195 2844 5268 (sinistram
2901 5194 3060 5252 enim
3118 5199 3348 5267 partem
3403 5193 3466 5250 in
3512 5198 3671 5251 terra

2016 5289 2261 5361 ﬁgentes
2318 5286 2588 5343 dextram
2629 5287 2956 5358 movemus)
3014 5287 3098 5342 ita
3150 5290 3208 5343 et
3255 5283 3672 5357 supponebaat

2013 5380 2235 5434 veteres
2268 5381 2462 5434 motus
2493 5377 2687 5448 quoad
2715 5393 2822 5432 nos
2853 5375 3094 5433 initium
3125 5376 3185 5431 in
3216 5375 3438 5432 dextris
3485 5374 3666 5446 parti-

2015 5469 2127 5525 bus
2160 5484 2310 5525 esse.
2344 5468 2466 5532 Quo
2499 5467 2828 5540 supposito,
2861 5468 3194 5539 superiores
3226 5466 3432 5522 mundi
3465 5469 3664 5538 partes

2013 5563 2154 5614 sunt
2185 5558 2246 5614 in
2279 5557 2410 5631 polo
2443 5556 2712 5625 austroli,
2745 5557 2846 5630 qui
2879 5574 3114 5630 semper
3143 5556 3313 5613 nobis
3345 5555 3663 5612 invisibilis

2012 5653 2123 5717 est,
2154 5648 2459 5704 inferiores
2492 5663 2624 5704 vero
2655 5646 2714 5703 in
2763 5647 3009 5712 boreali,
3059 5647 3157 5718 qui
3183 5661 3444 5718 .semper
3490 5645 3662 5702 nobis

2011 5743 2290 5812 apparet:
2325 5737 2567 5812 perinde
2596 5736 3323 5809 acsi-cogiteshominem
3354 5739 3532 5808 caput
3589 5735 3660 5791 ad

2012 5830 2327 5892 australem
2362 5827 2564 5902 polum
2577 5826 2992 5904 inclinantem,
3011 5828 3190 5902 pedes
3207 5842 3341 5884 vero
3357 5824 3663 5884 σάλιοι-θαι
