4100 6450
348 441 467 504 799

1693 436 2117 500 MICHAELIS
2161 433 2430 496 PSELLI

3659 434 3783 498 800

345 576 490 633 lem.
527 573 729 629 Mundi
775 572 963 646 igitur
1016 573 1220 629 dextra
1275 571 1462 628 fertur
1517 572 1590 629 ab
1648 569 1872 629 oriente
1928 569 2002 627 ad

2130 588 2180 623 τα
2211 567 2351 643 πρὸς
2379 566 2460 640 τῷ
2506 564 2677 641 νοτίῳ
2724 565 2908 640 πόλῳ,
2938 564 3066 631 τοὺς
3097 564 3155 623 δὶ
3185 562 3356 631 πόδας
3394 566 3534 644 πρὸς
3570 570 3654 642 τῷ
3688 567 3785 646 βο-

350 664 739 723 occidentem.

689 842 775 898 19.
808 842 1078 911 Quaenam
1097 841 1170 897 sit
1197 838 1394 896 mundi
1419 840 1681 897 essentia.

418 931 767 989 Aristoteles
796 931 1038 1004 quidem
1070 929 1346 1002 quintum
1378 946 1591 1003 corpus
1634 944 1764 986 esse
1794 926 2008 984 coelum

347 1022 512 1090 dicit,
544 1026 601 1079 et
629 1021 929 1077 diversum
958 1039 991 1077 a
1025 1023 1282 1092 quatuor
1332 1018 1640 1075 elementis
1668 1035 1681 1075 :
1733 1018 1892 1089 quod
1943 1032 2014 1072 ex

346 1112 477 1185 ejus
508 1115 676 1167 motu
708 1111 1099 1168 demonstrat.
1132 1108 1391 1174 Quorum
1434 1112 1636 1165 motus
1689 1104 2012 1164 dissimiles

347 1209 509 1271 sunt,
541 1217 746 1257 eorum
779 1216 1015 1272 quoque
1049 1197 1374 1255 dissimiles
1403 1202 1543 1254 sunt
1591 1200 1837 1254 naturae.
1889 1195 2010 1251 Dif-

350 1291 550 1348 ferunt
579 1294 778 1347 autem
808 1289 1238 1346 elementorum
1271 1291 1469 1344 motus
1500 1304 1536 1344 ει
1563 1285 1828 1343 motibus
1858 1284 2011 1356 ccsli,

351 1396 488 1438 cum
519 1378 620 1436 illa
649 1383 821 1450 ;recta
850 1381 1215 1448 moveantur,
1266 1375 1478 1433 caelum
1530 1392 1659 1433 vero
1707 1375 1768 1431 in
1812 1374 2013 1432 orbem

352 1473 600 1544 agatur;
636 1468 718 1525 ita
748 1471 812 1523 ut
840 1466 918 1524 sit
946 1466 1161 1524 cmlum
1193 1464 1308 1522 alia
1336 1482 1404 1521 ac
1434 1464 1536 1522 illa
1568 1468 1798 1521 natura.
1858 1464 2012 1521 Con-

348 1564 443 1618 tra
473 1574 652 1632 quam
682 1557 1251 1615 demonstrationem
1279 1572 1599 1629 assurgens
1616 1554 2009 1628 Philoponus:

347 1648 511 1708 Eheu
535 1647 549 1704 l
574 1646 784 1720 inquit,
807 1644 1178 1714 Aristoteles,
1209 1644 1260 1702 si
1283 1663 1409 1718 qua
1426 1645 1685 1703 motibus
1710 1644 2011 1715 differunt,

346 1737 575 1796 naturis
607 1752 844 1811 quoque
876 1736 1179 1806 differunt,
1212 1735 1530 1791 dicendum
1566 1750 1635 1792 ea
1664 1750 1796 1808 quas
1845 1731 2014 1790 moti-

345 1829 459 1888 bus
498 1831 642 1886 sunt
670 1826 913 1897 similia,
945 1824 1167 1883 similia
1198 1842 1436 1898 quoque
1465 1841 1596 1883 esse
1646 1826 1899 1882 naturis.
1945 1825 2014 1880 Et

349 1918 591 1993 quidem
619 1917 891 1974 videmus
948 1920 1165 1972 terram
1215 1915 1371 1972 infra
1421 1915 1641 1972 moveri
1699 1918 1758 1971 et
1795 1928 2013 1987 aquam

350 2005 661 2076 similiter;
684 2006 886 2063 eadem
912 2004 1093 2078 igitur
1117 2005 1432 2062 ambarum
1461 2008 1673 2062 natura
1698 2008 1806 2062 est.
1831 2005 1902 2060 Et
1922 2019 2023 2060 aer

349 2101 409 2155 et
427 2095 586 2169 ignis
600 2111 841 2152 sursum
858 2095 1155 2165 feruntur;
1179 2095 2019 2152 diversatamensuntnatura-

353 2185 517 2243 Plato
547 2189 745 2242 autem
793 2201 863 2241 ex
921 2189 1180 2257 quatuor
1233 2185 1546 2242 elementis
1602 2181 1819 2241 coelum
1866 2183 2021 2239 efﬁci

350 2275 572 2333 docuit.
606 2273 869 2340 Proclus,
902 2292 1034 2331 curn
1068 2275 1168 2331 illo
1201 2275 1595 2343 consentiens,
1630 2274 1773 2331 dicit
1817 2273 2020 2347 ipsum

348 2366 552 2423 eﬂore
607 2365 1031 2422 elementorum
1092 2366 1388 2438 componi,
1444 2370 1503 2422 et
1560 2365 1621 2421 in
1680 2363 1822 2421 ccelo
1879 2380 1974 2421 ess

348 2456 547 2529 ignem
578 2459 637 2512 et
666 2459 895 2527 caetera,
929 2473 1044 2512 non
1098 2458 1164 2512 ut
1211 2460 1350 2512 sunt
1399 2455 1494 2511 hic
1550 2456 1609 2511 in
1661 2456 1853 2523 terris,
1915 2440 2022 2511 sed

348 2545 525 2603 modo
555 2544 800 2616 ccslesti,
836 2550 901 2601 ut
932 2545 991 2601 in
1023 2549 1181 2603 terra
1211 2545 1364 2615 ignis
1396 2545 1568 2602 modo
1602 2544 1865 2601 terrestri
1905 2546 2018 2616 est;

354 2634 796 2692 Prmvaluerunt
826 2640 1023 2691 autem
1076 2634 1613 2691 demonstrationes
1659 2650 1866 2690 eorum
1918 2614 2021 2706 qu1

358 2722 585 2796 opinati
617 2726 757 2779 sunt
786 2722 998 2780 cmlum
1031 2741 1100 2780 ex
1127 2723 1554 2781 elementorum
1586 2728 1722 2780 ﬂore
1785 2723 2019 2791 confici,

355 2816 414 2870 et
444 2810 769 2884 praesertim
797 2827 869 2868 ex
892 2812 1027 2884 igne
1057 2817 1116 2870 et
1144 2830 1298 2881 aere,
1328 2817 1532 2871 contra
1551 2829 1757 2871 eorum
1781 2812 2022 2868 demon-

359 2902 676 2959 strationes
709 2900 811 2973 qui
869 2901 1018 2959 illud
1069 2918 1201 2959 esse
1258 2903 1535 2976 quintum
1586 2918 1803 2976 corpus
1860 2916 2022 2959 asse-

354 2995 515 3050 runt.

653 3102 744 3158 20.
777 3108 853 3159 De
873 3103 1100 3159 circulis
1126 3103 1192 3157 in
1219 3100 1352 3157 calo
1381 3101 1720 3172 exc-agitatis.

423 3196 489 3248 In
521 3191 673 3247 caelo
700 3192 858 3263 quod
908 3190 1255 3263 sphaericum
1302 3194 1392 3246 est
1435 3194 1557 3245 tres
1607 3189 2017 3262 excogitantur

352 3281 568 3339 diversi
603 3281 829 3352 circuli,
853 3279 1297 3353 aequinoctialis,
1328 3278 1711 3345 meridianus,
1742 3278 2007 3334 horizon.

2122 654 2272 730 ρείῳ·
2308 652 2454 712 ἔσται
2487 654 2578 712 οὗν
2606 659 2641 728 ἡ
2674 653 2819 728 δεξιά
2862 654 3027 713 αὐτοῦ
3076 654 3353 734 φερομένη
3385 655 3479 713 ἀπ’
3507 654 3784 725 ἀνατολῆς

2122 744 2198 809 ὡς
2229 744 2316 800 ἐπὶ
2351 741 2525 802 δύσιν.

2505 835 2591 893 ιϐ’.
2621 833 2716 898 Τίς
2746 836 2781 906 ἡ
2813 837 2909 891 τοῦ
2940 836 3173 911 οὐρανοῦ
3205 833 3383 894 οὐσία.

2191 925 2253 982 Ὁ
2286 926 2381 999 μὲν
2431 923 2822 1002 Ἀριστοτέλης
2858 926 3108 999 πέμπτον
3156 930 3317 999 σῶμα
3366 925 3501 1001 φησὶ
3545 924 3639 982 τὸν
3689 926 3784 982 οὐ·

2123 1013 2281 1091 ρανὸν
2329 1016 2416 1070 καὶ
2467 1011 2650 1090 ’ἕτερον
2705 1019 2812 1070 τῶν
2857 1013 3129 1092 τεσσάρων
3187 1014 3500 1092 στοιχείων·
3557 1011 3781 1073 ἀποδει-

2118 1104 2294 1160 κνύων
2341 1105 2501 1160 τοῦτο
2532 1103 2593 1160 ἐκ
2627 1110 2727 1175 τῆς
2775 1106 3043 1176 κινήσεως
3070 1102 3264 1170 οὕτως.
3305 1106 3403 1161 Ὠν
3445 1105 3503 1161 αἱ
3537 1106 3784 1177 κινήσεις

2122 1191 2376 1270 διάφοροι
2434 1191 2686 1273 διάφοροι
2729 1193 2819 1251 καῖ
2865 1196 2920 1251 αἱ
2970 1194 3176 1275 φύσεις.
3226 1193 3559 1272 Διαφέρουσι
3620 1192 3679 1251 δὶ
3725 1196 3785 1253 αἱ

2119 1288 2225 1341 τῶν
2276 1285 2568 1362 στοιχείων
2617 1287 2860 1356 κινήσεις
2907 1285 3044 1361 πρὸς
3091 1285 3191 1356 τήν
3226 1288 3326 1340 τοῦ
3357 1284 3597 1360 οὐρανοῦ
3625 1284 3789 1359 κίνη-

2122 1396 2228 1447 σιν,
2259 1378 2367 1431 τῶν
2422 1375 2519 1449 μὲν
2563 1377 2677 1431 κατ’
2732 1375 2942 1440 εὐθεῖαν
2993 1375 3356 1450 κινουμένων,
3386 1378 3495 1431 τῶν
3535 1371 3596 1431 δὲ
3625 1373 3789 1450 οὐρα-

2120 1468 2217 1520 νοῦ
2271 1463 2463 1539 κύκλῳ
2497 1484 2510 1498 ·
2567 1462 2708 1522 ὥστε
2760 1465 2969 1521 τούτων
3032 1463 3174 1521 ἐστὶν
3236 1462 3589 1544 έτερόφυλος.
3647 1465 3791 1543 Πρὸς

2120 1553 2323 1625 ταύτην
2348 1565 2449 1625 τήν
2496 1551 2770 1627 ἀπόδειξιν
2821 1553 3179 1628 ένιστάμενος
3211 1554 3239 1611 6
3282 1552 3622 1626 Φιλόπονος,
3656 1552 3786 1625 Ἰοὺ,

2123 1646 2308 1722 φησὶν,
2341 1645 2386 1700 ὧ
2416 1641 2812 1721 Ἀριστότελες.
2850 1643 2894 1700 εἶ
2919 1645 2996 1699 ὧν
3027 1643 3080 1700 αἱ
3113 1645 3351 1717 κινήσεις
3374 1641 3651 1722 διάφοροι,
3672 1642 3789 1701 διά-

2124 1755 2284 1813 φοροι
2332 1735 2422 1790 καὶ
2467 1735 2520 1790 αἱ
2571 1734 2778 1814 φύσεις,
2833 1732 3053 1808 λοιπὸν,
3102 1732 3179 1790 ὧν
3232 1736 3475 1807 κινήσεις
3520 1734 3575 1790 αἱ
3606 1733 3786 1809 αὐταὶ,

2122 1825 2212 1881 καὶ
2241 1824 2424 1904 φύσεις
2483 1825 2537 1880 αἱ
2583 1823 2759 1881 αὐταί.
2794 1824 2892 1880 Καὶ
2955 1825 3063 1900 μὴν
3123 1824 3341 1900 ὁρῶμεν
3384 1824 3485 1894 τήν
3532 1830 3633 1896 τῆς
3677 1832 3784 1901 γῆς

2122 1914 2337 1986 κῖνησιν
2390 1912 2478 1970 ἰπὶ
2508 1914 2577 1970 τὰ
2624 1912 2793 1983 κάτω,
2843 1912 2933 1969 καὶ
2985 1917 3083 1969 τοῦ
3131 1909 3326 1976 ὕδατος
3374 1911 3603 1988 ὁμοίως·
3648 1911 3787 1970 ὥστε

2134 2003 2231 2078 μία
2289 2003 2444 2083 φύσις
2495 2004 2720 2079 ἀμφοῖν.
2774 2002 2875 2062 Καὶ
2925 2003 2953 2059 6
2998 2003 3102 2079 ἀὴρ
3159 2001 3250 2059 καὶ
3306 2002 3367 2058 τὸ
3420 2006 3528 2080 πῦρ
3573 2003 3785 2079 ἀνωφε-

2131 2100 2199 2171 ρῆ
2264 2094 2401 2168 μὲν,
2454 2088 2609 2169 ἕτερα
2668 2090 2724 2149 δὶ
2778 2094 2877 2163 τὴν
2933 2094 3090 2172 φύσιν
3147 2092 3305 2150 εἰσίν.
3373 2094 3430 2149 '0
3489 2090 3547 2149 66
3601 2091 3725 2151 Ηλα
3757 2125 3784 2138 -

2128 2203 2236 2240 των
2271 2182 2331 2239 tv.
2355 2189 2465 2239 τῶν
2516 2184 2790 2260 τεσσάρων
2839 2181 3130 2259 στοιχείων
3180 2187 3494 2259 συγκεῖσθαι
3528 2183 3593 2239 τὸ
3622 2181 3785 2259 οὐρά-

2130 2296 2247 2332 νιοι
2298 2278 2459 2348 σῶμα
2506 2275 2840 2353 ἀπεφήνατο.
2872 2274 2934 2331 Ὀ
2986 2270 3043 2328 δὶ
3090 2271 3363 2348 Πρόκλος,
3393 2272 3572 2347 τούτῳ
3620 2294 3786 2345 συνη-

2131 2368 2333 2441 γορῶν,
2387 2364 2574 2443 φησὶν,
2624 2362 2684 2420 ἐκ
2730 2367 2827 2419 τοῦ
2877 2360 3072 2428 ἄνθους
3122 2362 3283 2419 αὐτὸν
3340 2364 3649 2440 συγκεῖσθαι
3679 2367 3786 2419 τῶν

2131 2453 2444 2529 στοιχείων,
2474 2459 2567 2509 καῖ
2616 2452 2700 2508 ὅτι
2748 2449 2889 2509 ἔστιν
2941 2452 2992 2507 έν
3026 2456 3105 2524 τῷ
3132 2451 3351 2529 οὐρανῷ
3380 2456 3486 2529 πῦρ
3515 2473 3574 2508 τε
3605 2452 3695 2508 καὶ
3724 2452 3793 2508 τά

2134 2543 2322 2614 λοιπὰ,
2352 2543 2459 2620 οὐχ
2489 2541 2576 2598 οἶά
2622 2544 2753 2598 εἰσιν
2805 2540 3052 2613 ἐνταῦθα,
3099 2539 3227 2598 ἀλλ’
3278 2540 3574 2617 οὐρανίως,
3606 2540 3789 2620 ὥσπερ

2131 2632 2184 2691 έν
2234 2637 2304 2708 τῇ
2352 2637 2423 2710 γῇ
2464 2634 2528 2689 τὸ
2574 2636 2682 2709 πῦρ
2730 2630 2964 2708 γηίνως.
3017 2630 3410 2709 Ὑπερίσχυσαν
3460 2629 3518 2687 δὲ
3564 2632 3619 2688 αἱ
3650 2631 3789 2689 ἀπο-

2132 2721 2322 2795 δείξεις
2372 2727 2478 2779 τῶν
2526 2720 2861 2794 δοξαζόντων
2909 2723 3000 2777 τὸν
3048 2721 3276 2796 οὐρανὸν
3330 2720 3391 2778 έκ
3444 2724 3541 2777 τοῦ
3597 2720 3786 2784 ἄνθους

2128 2818 2237 2869 τῶν
2280 2812 2566 2890 στοιχείων
2618 2813 2994 2888 [συγκεῖσθαι],
3038 2810 3128 2867 καὶ
3183 2810 3421 2886 μάλιστα
3470 2812 3566 2866 τοῦ
3610 2810 3783 2887 πυρὸς

2129 2904 2217 2959 καὶ
2294 2907 2392 2960 τοῦ
2472 2902 2650 2979 ἀέρος,
2724 2905 2832 2958 τῶν
2908 2899 3245 2973 δοξασάντων
3322 2900 3482 2958 αὐτὸν
3534 2900 3782 2975 πέμπτον

2130 2997 2308 3069 σῶμα.

2256 3103 2322 3158 κ’.
2356 3101 2486 3176 Περὶ
2508 3104 2617 3155 τῶν
2652 3098 2703 3155 έν
2734 3103 2815 3173 τῷ
2847 3097 3066 3173 οὐρανῷ
3095 3098 3375 3172 νουμένων
3405 3096 3649 3155 κύκλων.

2197 3192 2285 3249 Ἐν
2337 3195 2415 3263 τῷ
2463 3189 2698 3267 οὐρανῷ,
2747 3186 3086 3268 σφαιροειδεῖ
3134 3183 3269 3259 ὄντι,
3300 3186 3497 3245 κύκλοι
3529 3185 3781 3243 νοοῦνται

2124 3277 2375 3359 διάφοροι
2423 3285 2592 3356 τρεῖς,
2638 3279 2666 3333 6
2718 3278 3060 3355 ίσημερινὸς,
3094 3282 3123 3332 ὁ
3168 3270 3573 3352 μεσημϐρινὸς,
3606 3275 3783 3353 ὁὸρί-

353 3331 935 3443 mimicis;
947 3331 2011 3442 ζεῖ(ἱιῌῖάέξγίᾶίῖἐῷῑιᾷἆιᾮιζὸὲὲέέιῐέ

2130 3331 2617 3441 ἐῷνῖῖέστῗέῖδ
2648 3331 2987 3443 mergit.
3016 3331 3065 3422 ’ἑ
3099 3331 3229 3444 δάε
3250 3331 3257 3332 ί
3280 3331 3510 3443 ἐζαιρφᾴ
3531 3331 3646 3423 Ia;
3671 3331 3786 3423 ἐι.

354 3460 423 3517 ad
457 3459 860 3530 occidentem;
894 3459 1255 3516 meridianus
1285 3457 1381 3514 ille
1412 3462 1501 3514 est
1532 3457 1633 3529 qui
1682 3455 1896 3513 caalum
1949 3457 2009 3513 in

354 3549 504 3604 duas
537 3552 728 3620 partes
756 3548 968 3604 dividit
1015 3567 1049 3605 a
1096 3548 1495 3619 septentrione
1543 3548 1614 3602 ad
1663 3547 2007 3615 meridiem;

353 3636 594 3693 horizon
623 3640 821 3693 autem
849 3636 948 3693 ille
976 3641 1067 3693 est
1093 3637 1193 3709 qui
1225 3636 1428 3692 dividit
1461 3636 1832 3692 dimidiatam
1883 3653 2011 3709 qum

354 3742 531 3798 super
558 3731 776 3783 terram
811 3730 902 3782 est
931 3726 1226 3798 sphaaram
1259 3726 1332 3782 ab
1380 3742 1449 3782 ea
1497 3743 1624 3797 quas
1672 3729 1763 3780 est
1811 3726 2014 3782 subter

352 3821 593 3873 terram.
630 3815 1040 3886 Excogitantur
1069 3832 1304 3886 quoque
1333 3815 1660 3871 secundum
1717 3816 2009 3875 aestivum.

352 3909 412 3962 et
440 3904 757 3960 hibernum
794 3903 1125 3961 solstitium
1161 3904 1277 3959 duo
1310 3902 1515 3958 circuli
1548 3904 1647 3974 qui
1680 3903 1825 3960 solis
1864 3904 2007 3959 obli-

352 3993 635 4066 quitatem
671 3992 1089 4053 determinant,
1125 4008 1304 4062 super
1333 3990 1465 4046 illos
1485 4007 1619 4046 vero
1648 3991 1764 4047 duo
1784 3992 2011 4059 circuli,

354 4080 609 4139 arcticus
640 4084 700 4137 et
731 4080 1112 4136 antarcticus.
1144 4078 1445 4151 Suppositi
1479 4083 1675 4135 autem
1707 4084 1850 4135 sunt
1878 4080 1919 4135 ii
1950 4085 2016 4136 ut

356 4174 663 4243 separetur
690 4186 846 4233 zona,
866 4172 1192 4241 temperata
1222 4169 1294 4223 ab
1325 4184 1393 4224 ea
1423 4184 1551 4239 quas
1570 4173 1808 4241 propter
1829 4169 2015 4242 frigus

358 4264 449 4318 est
476 4258 907 4316 inhabitabilis.

803 4364 895 4420 2t.
929 4366 1002 4421 De
1027 4369 1308 4421 astrorum
1335 4373 1565 4421 natura.

432 4456 744 4511 Astrorum
800 4458 1016 4510 natura
1072 4459 1163 4510 est
1216 4454 1390 4526 ignea
1444 4458 1503 4510 et
1556 4453 1732 4520 aeria,
1793 4458 2018 4511 naturae

358 4549 562 4603 tamen
620 4543 806 4616 igneae
856 4542 1044 4616 magis
1091 4542 1384 4616 particeps
1432 4559 1608 4616 quam
1660 4543 1849 4601 aeriae.
1899 4546 2018 4601 Cm-

2120 3460 2280 3538 ρανὸν
2330 3459 2437 3514 ἀπὸ
2483 3456 2757 3529 ἀνατολῆς
2806 3455 2937 3532 ἄχρι
2990 3454 3213 3520 δύσεως·
3252 3450 3633 3532 μεσημϐρινὸς
3667 3454 3727 3514 δὶ
3755 3458 3784 3513 6

2120 3546 2253 3626 δίχα
2299 3546 2523 3625 διαιρῶν
2565 3551 2756 3603 τοῦτον
2799 3542 2905 3603 ἀπὸ
2958 3551 3055 3602 τοῦ
3108 3544 3310 3623 ἄρκτου
3372 3549 3541 3623 μέχρι
3590 3544 3781 3602 νότου·

2120 3638 2317 3715 ὁρίζων
2353 3636 2411 3694 δὶ
2460 3640 2487 3694 6
2537 3635 2762 3714 διαιρῶν
2817 3637 2881 3693 τὸ
2946 3637 3079 3714 ὗπὶρ
3139 3644 3241 3714 γῆν
3292 3636 3653 3715 ἡμισφαίριον
3677 3636 3783 3693 ἀπὸ

2117 3733 2216 3785 τοῦ
2251 3728 2355 3784 ὑπὸ
2400 3735 2523 3804 γῆν.
2568 3731 2835 3786 Νοοῦνται
2887 3723 2945 3782 66
2990 3726 3130 3783 κατά
3177 3747 3237 3782 τε
3277 3727 3376 3796 τὴν
3411 3727 3625 3803 θερινὴν
3656 3746 3785 3802 τρο-

2119 3820 2227 3888 πὴν
2279 3818 2367 3873 καὶ
2416 3819 2516 3886 τὴν
2553 3818 2878 3893 χειμερινὴν
2937 3813 3035 3872 δύο
3094 3815 3294 3872 κύκλοι
3354 3815 3627 3891 ὁρίζοντες
3681 3817 3784 3887 τὴν

2119 3912 2216 3965 τοῦ
2245 3905 2412 3979 ἡλίου
2458 3905 2709 3978 λόξωσιν·
2746 3907 2877 3981 ὑπὲρ
2930 3903 2989 3961 δὶ
3037 3905 3266 3969 τούτους
3315 3901 3492 3981 ἕτεροι
3544 3901 3639 3961 δύο
3687 3904 3781 3961 κύ-

2119 3997 2271 4068 κλοι,
2317 3997 2347 4053 6'
2390 4018 2451 4053 τε
2501 3997 2754 4073 ἀρκτικὸς
2799 3998 2888 4052 καὶ
2941 3998 2968 4053 6
3012 3996 3391 4074 ἀνταρκτικός.
3422 3994 3781 4065 Ὑπετέθησαν

2123 4084 2181 4142 66
2212 4085 2360 4141 οὗτοι
2395 4084 2485 4141 διά
2511 4087 2574 4141 τὸ
2607 4087 2806 4163 ὁρίζειν
2836 4087 2935 4156 τὴν
2987 4082 3248 4162 εὔκρατον
3300 4083 3513 4156 οἷ’κησιν
3548 4083 3654 4140 ἀπὸ
3680 4090 3780 4154 τῆς

2124 4171 2212 4231 διά
2243 4178 2419 4251 ψῦχος
2450 4175 2735 4245 ἀοικήτου.

2497 4371 2599 4427 κα’.
2632 4372 2763 4446 Περὶ
2796 4369 2980 4436 οὐσίας
3007 4375 3116 4427 τῶν
3145 4370 3408 4445 ἀστέρων.

2195 4461 2259 4516 Ἦ
2304 4464 2413 4517 τῶν
2454 4459 2693 4536 ἀστέρων
2744 4460 2901 4516 οὐσία
2957 4456 3219 4537 πυρώδης
3255 4459 3337 4520 τίς
3394 4456 3504 4511 έστι
3552 4456 3644 4513 καὶ
3689 4456 3784 4513 ἀε-

2127 4548 2330 4624 ρώδης,
2363 4549 2555 4605 πλεῖον
2610 4547 2916 4627 μετέχουσα
2962 4545 3254 4624 πυρώδους
3301 4544 3511 4623 φύσεως
3541 4546 3576 4617 ἢ
3608 4544 3783 4624 ἀερώ-

362 4635 540 4692 lestes
572 4632 809 4707 quidem
841 4633 1082 4707 sphaerae
1115 4634 1308 4706 magis
1350 4633 1518 4689 aerias
1568 4637 1790 4690 natura
1837 4651 2013 4707 quam

2130 4638 2275 4703 δους.
2329 4640 2398 4695 Ai
2456 4641 2548 4712 μὶν
2600 4641 2703 4716 γὰρ
2753 4638 2996 4713 οὐράνιαι
3053 4641 3276 4711 σφαῖραι
3333 4632 3565 4690 πλείονα
3623 4637 3784 4711 μετέ-

362 4724 545 4798 igneas
578 4722 894 4796 participes
927 4732 1084 4792 sunt,
1110 4726 1270 4779 astra
1288 4739 1421 4780 vero
1447 4739 1478 4779 e
1498 4722 1884 4793 contrario,ut
1896 4724 2013 4781 Sta-

2130 4750 2288 4807 χουσι
2318 4735 2419 4799 τῆς
2464 4711 2741 4805 ἀερώδους
2779 4711 2990 4805 φύσεως
3045 4724 3083 4795 ἢ
3134 4730 3234 4795 τῆς
3284 4721 3595 4800 πυρώδους,
3627 4726 3680 4782 οἱ
3727 4724 3785 4782 δὲ

362 4813 549 4887 giritaa
577 4813 824 4870 videtur.
850 4812 1082 4870 Veteres
1105 4812 1410 4884 agitabant
1428 4829 1698 4883 quaenam
1723 4813 2019 4886 digniores

362 4910 583 4970 essent,
617 4902 885 4959 ccelestes
915 4903 1155 4976 spashraz
1187 4907 1253 4957 ut
1279 4900 1547 4971 leviores,
1580 4920 1654 4959 an
1678 4919 1808 4976 qua:
1855 4903 1915 4959 in
1947 4901 2020 4959 iis

362 4998 503 5052 sunt
532 4999 695 5050 astra
729 4996 792 5049 ut
843 4991 1267 5064 splendidiora.
1318 4992 1481 5058 Quod
1530 4992 1778 5049 dubium
1825 4992 2017 5049 solvit.

363 5084 705 5140 Aristoteles
735 5082 797 5137 in
833 5098 940 5138 suo
972 5086 1052 5137 De
1080 5081 1225 5137 calo
1253 5097 1428 5153 opere
1459 5080 1692 5137 dicens:
1726 5080 1830 5153 (Si)
1863 5083 2020 5155 quod

363 5170 547 5228 fertur
568 5171 782 5228 melius
803 5175 893 5227 est
911 5188 977 5227 eo
1005 5171 1161 5244 quod
1189 5172 1322 5241 l‘ert,
1354 5170 1491 5242 quia
1521 5170 1816 5248 posterius
1862 5171 2020 5244 prio-

366 5260 448 5315 ris
473 5277 655 5317 causa
677 5261 895 5317 factum
921 5264 1049 5330 est;
1084 5259 1328 5332 sphaerae
1358 5263 1557 5315 autem
1598 5259 1796 5315 ferunt
1836 5265 2019 5331 astra,

365 5348 506 5420 ipsae
546 5366 680 5407 vero
714 5350 1010 5417 feruntur,
1040 5353 1099 5406 et
1130 5349 1261 5406 ideo
1293 5364 1363 5405 ea
1388 5347 1579 5421 magis
1611 5348 1792 5421 digna
1820 5353 1981 5408 sunt.

826 5617 918 5673 22.
954 5618 1028 5674 De
1047 5620 1323 5674 astrorum
1351 5618 1566 5688 formis.

443 5707 749 5766 Astrorum
775 5722 946 5778 porro
966 5707 1165 5764 formae
1185 5706 1484 5780 βρίσειετίοω
1515 5711 1694 5766 sunt:
1729 5709 1833 5768 tali
1862 5711 2020 5771 enim

372 5793 564 5857 forma
592 5801 747 5857 Deus
791 5795 1147 5855 universales
1202 5796 1422 5869 ﬁguras
1474 5798 1720 5872 ornavit,
1773 5808 2026 5875 quatuor

2096 4817 2346 4894 ἀστέρες
2375 4815 2642 4873 ἀνάπαλίν
2693 4817 2849 4883 εἰσιν,
2906 4815 2981 4876 ὡς
3027 4818 3109 4887 τῷ
3152 4814 3477 4891 Σταγειρίτῃ
3510 4812 3679 4871 δοκεῖ.
3712 4816 3782 4875 Οἱ

2129 4905 2189 4963 δὶ
2232 4905 2462 4962 παλαιοὶ
2511 4899 2892 4983 ἀμφι-ἔϐαλλον,
2931 4904 3005 4966 ὡς
3060 4904 3196 4959 ποῖά
3240 4901 3343 4959 εῗσι
3371 4904 3695 4980 τιμιώτερα,
3726 4905 3782 4960 αἱ

2129 4996 2374 5073 οὐράνιαι
2434 5000 2677 5075 σφαῖραι,
2742 4993 2815 5055 ὡς
2875 4991 3219 5070 λεπτότεραι,
3277 4994 3313 5066 ἢ
3372 4994 3425 5049 οἱ
3487 4992 3540 5050 έν
3596 4993 3785 5061 αὐταῖς

2130 5086 2369 5161 ἀστέρες,
2402 5086 2477 5150 ὡς
2525 5081 2925 5160 λαμπρότεροι.
2968 5081 3184 5154 Ταύτην
3215 5079 3274 5138 δὶ
3310 5083 3409 5152 τήν
3441 5078 3782 5161 ἀμφιϐολίαν

2129 5174 2437 5231 ἀπελύσατο
2489 5176 2517 5230 6
2568 5172 2957 5252 Ἀριστοτέλης
3008 5172 3060 5229 έν
3093 5176 3163 5249 τῇ
3196 5172 3328 5249 Περὶ
3378 5170 3613 5250 οὐρανοῦ
3642 5192 3782 5249 πρα-

2125 5267 2364 5345 γματείᾳ
2420 5264 2619 5343 λέγων·
2682 5265 2744 5323 Ei
2801 5264 2865 5320 τὸ
2924 5263 3222 5343 φερόμενον
3270 5266 3518 5340 κρεῖττον
3561 5260 3658 5320 τοῦ
3689 5264 3784 5339 φέ-

2127 5378 2338 5434 ροντος,
2400 5356 2476 5418 ὡς
2521 5354 2719 5411 τούτου
2767 5351 2924 5411 ἓνεκα
2966 5353 3286 5430 γενομένου·
3346 5352 3568 5430 φέρουσι
3626 5349 3685 5408 δὲ
3731 5355 3786 5410 αί

2129 5451 2353 5526 σφαῖραι
2393 5443 2523 5506 τοὺς
2573 5443 2820 5521 ἀστέρας,
2866 5444 2924 5499 οἱ
2969 5439 3027 5499 δὶ
3071 5442 3344 5520 φέρονται·
3395 5442 3470 5507 ὡς
3501 5441 3653 5499 οὗτοι
3697 5463 3784 5499 τι-

2132 5537 2417 5611 μιώτεροι.

2504 5623 2612 5699 κβ’.
2645 5628 2777 5700 Περι
2806 5623 3114 5701 σχημάτων
3147 5620 3407 5698 ἀστέρων.

2202 5712 2287 5771 Τὰ
2317 5707 2375 5766 δὲ
2418 5713 2683 5787 σχήματα
2728 5715 2837 5767 τῶν
2885 5709 3122 5785 ἀστέρων
3169 5707 3273 5765 εἶσὶ
3311 5705 3654 5785 σφαιροειδῆ⁸
3702 5713 3785 5785 τῷ

2128 5800 2366 5875 τοιούτῳ
2406 5802 2510 5879 γὰρ
2552 5802 2801 5877 σχήματι
2833 5801 2862 5856 6
2893 5800 3023 5863 Θεὸς
3052 5800 3119 5857 τὰ
3164 5796 3471 5872 ὁλικώτερα
3497 5800 3605 5854 τῶν
3638 5817 3783 5876 σχη-
