4100 6388
344 385 461 448 801

1600 379 2089 442 SOLU'l‘IONES
2137 378 2514 450 QU/EDAM.

3661 379 3779 440 802

352 520 540 594 μάτων
604 514 912 591 έκόσμησεν
943 561 957 587 ,
1015 515 1083 571 τά
1125 517 1358 593 τέσσαρα
1408 520 1656 592 στοιχεῖα
1699 512 1789 568 καὶ
1848 511 2008 566 αὐτὸν

2125 511 2414 570 elementa
2441 515 2499 570 et
2525 512 2718 585 ipsum
2744 511 2953 568 ccelum
2979 515 3036 568 et
3058 527 3452 586 quaecumque
3482 513 3541 568 in
3569 528 3636 569 eo
3659 531 3768 570 con

347 610 438 665 τὸν
515 607 774 684 οὐρανὸν,
851 607 942 661 καὶ
998 607 1067 661 τὰ
1121 606 1171 661 έν
1232 607 1383 679 αύτῷ
1437 604 1625 660 πάντα·
1671 603 2006 680 τελειότερον

346 698 446 775 γὰρ
491 697 555 754 τὸ
583 702 834 753 τοιοῦτον
873 703 1068 772 σχῆμα
1097 701 1203 752 τῶν
1239 695 1447 751 λοιπῶν
1482 696 1802 770 σχημάτων·
1839 694 2012 748 πάντα

348 790 453 865 γὰρ
502 788 571 842 τά
611 785 929 864 πολυγώνια
976 787 1240 863 σχήματα
1300 783 1654 860 διαιρούμενα
1717 779 1901 858 ἔτερόν
1957 802 2009 837 τι

349 875 611 934 ἀποτελεῖ
655 883 874 953 σχῆμα,
919 877 946 931 ὁ
1002 873 1060 930 δέ
1109 875 1312 938 κύκλος
1359 873 1735 951 διαιρούμενος
1760 871 1868 946 οὐχ
1893 868 2011 926 ἓτε-

349 965 442 1042 ρόν
483 987 538 1022 τι
599 963 892 1020 ἀποτελεῖ’
970 963 1083 1038 ἅμα
1160 961 1217 1018 δὶ
1273 962 1363 1018 καὶ
1415 959 1790 1021 ἀπλούστατός
1848 959 2010 1028 ἐστιν,

349 1056 425 1120 ὡς
481 1054 584 1110 ὑπὸ
627 1059 754 1128 μιᾶς
810 1058 1077 1130 γραμμῆς
1124 1051 1545 1127 περιεχόμενος,
1595 1048 1686 1104 καὶ
1732 1046 1820 1104 διὰ
1847 1052 2012 1103 τοῦτο

347 1151 427 1220 τῷ
458 1145 533 1200 tv?
559 1143 825 1224 ἐμφερής.
877 1141 1328 1220 Σχηματίζονται
1385 1139 1442 1196 δὲ
1471 1141 1522 1196 o't
1569 1138 1843 1210 πλανῆται
1875 1139 2012 1214 πρὸς

349 1234 635 1308 ἀλλήλους
684 1235 843 1290 πέντε
901 1235 1176 1310 σχήμασι,
1239 1229 1473 1305 συνόδῳ,
1528 1231 2014 1306 ἐξαγώνῳ,τετρα-

347 1328 531 1403 γώνῳ,
589 1325 848 1402 τριγώνῳ
904 1325 995 1379 καὶ
1055 1320 1359 1398 διαμέτρῳ,
1417 1327 1522 1377 Τοῦ
1576 1323 1680 1398 γὰρ
1744 1319 2016 1391 ζωδιακοῦ

347 1414 555 1472 κύκλου
585 1414 662 1478 είς
698 1415 768 1491 ιβ’
814 1415 1080 1488 τμήματα
1112 1410 1477 1489 διῃρημένου,
1527 1410 1614 1466 ὅτε
1651 1410 1821 1488 τύχῃ,
1856 1411 1883 1465 ὁ
1921 1411 2014 1485 μὲν

347 1507 424 1569 εἷς
456 1504 627 1580 ἀστὴρ
657 1504 804 1580 ἀρχή
835 1524 986 1566 τινος
1018 1501 1370 1576 τμήματος,ὁ
1390 1499 1446 1556 δὲ
1471 1497 1655 1576 ἕτερος
1681 1499 1733 1555 έν
1769 1505 1837 1575 τῇ
1868 1501 2016 1577 ἀρχῇ

344 1599 442 1651 τοῦ
474 1593 565 1650 ἀπ’
617 1593 782 1650 αὐτοῦ
828 1592 1041 1669 τρίτου,
1093 1592 1434 1670 έξαγωνίζειν
1485 1591 1647 1647 αὐτὸν
1683 1590 1918 1667 λέγεταιο
1971 1591 2018 1646 εἰ

349 1681 408 1740 δὶ
435 1683 488 1740 έν
515 1685 586 1758 τῇ
617 1682 769 1759 ἀρχῇ
799 1687 898 1738 τοῦ
934 1682 1027 1737 ἀπ’
1059 1680 1226 1737 αὐτοῦ
1256 1682 1537 1758 τετάρτου,
1586 1679 2018 1757 τετραγωνίζειν⁹

350 1772 396 1829 εί
429 1770 487 1830 δέ
516 1772 578 1830 ἀν
610 1776 680 1848 τῇ
711 1773 862 1849 ἀρχῇ
907 1775 1005 1828 τοῦ
1054 1770 1149 1826 ἀπ’
1195 1771 1365 1827 αὐτοῦ
1431 1772 1706 1844 πέμπτου,
1762 1768 2020 1846 τριγωνί-

353 1869 478 1934 ζεινο
533 1861 580 1918 εἰ
631 1859 688 1919 δὲ
745 1859 797 1917 ἐν
853 1865 924 1936 τῇ
977 1862 1126 1939 ἀρχῇ
1157 1865 1255 1916 τοῦ
1286 1861 1376 1916 ἀπ’
1408 1861 1573 1916 αὐτοῦ
1605 1855 1867 1934 ἑϐδόμου,
1899 1856 2016 1914 δια-

355 1957 588 2028 μετρεῖν·
620 1951 672 2008 εἴ
699 1949 756 2007 δὲ
788 1951 840 2007 έν
869 1954 938 2026 τῇ
969 1951 1108 2025 αὐτῇ
1143 1950 1312 2026 μοίρᾳ
1343 1948 1466 2022 ὦσι,
1497 1948 1822 2004 συνοδεύεινο
1858 1949 1920 2004 τὸ
1954 1946 2012 2004 δὲ

348 2041 476 2098 αὐτὸ
506 2041 596 2097 καὶ
627 2041 718 2098 έπὶ
746 2044 856 2097 τῶν
886 2039 1098 2098 λοιπῶν
1132 2045 1335 2114 μερῶν.
1359 2043 1538 2098 Ταῦτα
1570 2037 1627 2094 δὲ
1657 2038 1722 2094 τὰ
1752 2041 2014 2114 σχήματα

347 2132 454 2188 ἀπὸ
481 2136 591 2188 τῶν
625 2134 906 2206 μουσικῶν
938 2129 1199 2201 εἴληπται
1229 2128 1436 2206 λόγων,
1468 2129 1544 2192 ὡς
1577 2126 1928 2203 Πτολεμαῖος
1958 2126 2010 2184 έν

347 2225 415 2298 τῇ
441 2214 787 2299 τετραϐίϐλῳ
810 2217 1100 2278 δείκνυσιν.

661 2338 764 2413 κγ’.
802 2335 931 2414 Περὶ
961 2342 1061 2406 τῆς
1089 2338 1198 2391 τῶν
1228 2333 1464 2409 ἀστέρων
1495 2337 1687 2411 φορᾶς.

419 2438 482 2495 Ἡ
539 2435 684 2516 φορά
727 2439 839 2492 τῶν
888 2433 1126 2511 ἀστέρων
1181 2432 1323 2489 έστὶν
1369 2432 1477 2489 ἀπὸ
1512 2430 1719 2497 δύσεως
1746 2433 1832 2489 ἐπὶ
1881 2433 2012 2489 ἀνα-

349 2524 542 2598 τολήν.
604 2522 764 2581 Ἀλλ’
821 2525 857 2594 ὴ
920 2525 1016 2598 μὲν
1086 2527 1195 2578 τῶν
1257 2521 1392 2577 έπτά
1439 2520 1734 2593 πλανητῶν
1792 2528 2012 2598 ταχεῖα.

351 2614 797 2672 Αποκαθίσταται
852 2613 954 2689 γὰρ
1011 2615 1047 2682 ἡ
1115 2613 1209 2686 μὲν
1259 2611 1464 2684 σελήνη
1527 2609 1617 2667 διὰ
1645 2614 1869 2689 ἡμερῶν
1928 2618 2016 2685 κη’

351 2698 591 2780 ἔγγιστα’
653 2702 682 2756 ὁ
741 2697 799 2756 δὲ
846 2702 1056 2776 Ἑρμῆς
1117 2697 1208 2754 διὰ
1270 2704 1456 2774 μηνῶν
1514 2700 1614 2772 τξε¹
1642 2701 1733 2756 καὶ
1757 2701 2010 2776 τέταρτον

356 2793 562 2869 ἡμέρας
622 2797 769 2866 μιᾶς
831 2791 862 2848 ὁ
919 2788 978 2845 δὲ
1035 2793 1208 2862 Ἄρης
1263 2787 1351 2844 διὰ
1409 2787 1504 2844 δύο
1561 2790 1736 2864 ἥμισυ
1777 2790 1929 2846 ἐτῶν·
1983 2793 2011 2846 ὁ

354 2878 416 2936 δὶ
461 2879 590 2943 Ζεὺς
639 2878 709 2935 δι’
739 2880 874 2936 έτῶν
913 2879 1000 2955 ιβ”
1035 2879 1063 2934 ὁ
1087 2876 1146 2934 δὶ
1184 2879 1396 2953 Κρόνος
1430 2875 1499 2933 δι’
1531 2878 1664 2934 ἐτῶν
1697 2880 2010 2956 τριάκοντα.

357 2971 427 3027 Οἱ
485 2966 545 3024 δέ
597 2968 873 3038 ἀπλανεῖς,
928 2968 979 3025 έν
1039 2973 1110 3043 τῇ
1163 2968 1424 3024 ἀνωτάτω
1475 2964 1643 3042 ὄντες,
1676 2969 1895 3047 σφαίρᾳ,
1927 2991 2012 3025 κι-

360 3058 578 3112 νοῦνται
631 3059 733 3126 τὴν
789 3058 908 3132 μίαν
977 3063 1172 3134 μοῖραν
1229 3058 1365 3113 κατά
1428 3059 1525 3132 μὲν
1566 3061 1691 3121 τοὸς
1738 3058 2010 3123 παλαιοὺς

363 3144 433 3202 δι’
483 3145 618 3202 έτων
668 3146 870 3221 ἑκατὸν,
900 3149 1036 3203 κατὰ
1077 3145 1135 3203 δὲ
1162 3147 1291 3211 τοὺς
1317 3147 1614 3222 νεωτέρους
1647 3145 1716 3202 δι’
1748 3148 1880 3203 έτων
1910 3148 2008 3219 ξς’.

357 3235 458 3293 Καὶ
515 3235 580 3292 τὸ
638 3231 1092 3313 παραδοξότατον,
1154 3233 1237 3292 ὅτι
1295 3237 1360 3292 οὐ
1390 3238 1516 3311 περὶ
1559 3238 1651 3292 τὸν
1677 3241 1774 3292 τοῦ
1805 3237 2010 3314 παρόν-

348 3343 444 3388 τος
472 3320 652 3378 πόλου
681 3327 963 3378 ποιοῦνται
993 3326 1092 3395 τὴν
1143 3323 1379 3394 κίνησιν,
1413 3323 1558 3380 ἀλλὰ
1590 3325 1726 3380 κατά
1779 3326 1878 3394 τήν
1909 3329 2008 3380 τοῦ

353 3411 522 3484 ἡλίου
581 3411 747 3484 λοξὴν
805 3413 1054 3488 πορείαν.
1111 3413 1197 3485 Ἐξ
1230 3411 1292 3468 οὗ
1349 3411 1546 3487 δῆλον,
1587 3415 1661 3477 ὡς
1691 3416 1719 3468 ὁ
1760 3415 1890 3478 Θεὸς
1919 3415 2013 3470 τὸν

355 3500 520 3573 ἥλιον
580 3501 635 3557 έν
692 3506 772 3574 τῷ
827 3501 1038 3576 οὐρανῷ
1087 3501 1161 3565 ὡς
1209 3503 1461 3580 ἀρχηγοῦ
1501 3504 1728 3574 τέθεικε,
1757 3505 1921 3575 τάξει.
1953 3504 2015 3563 Ὁ

363 3592 458 3666 μὶν
491 3591 587 3647 οὖν
619 3589 1006 3667 Ἀριστοτέλης
1043 3592 1106 3647 τὸ
1163 3591 1362 3654 αὐτοὺς
1413 3598 1675 3656 κινεῖσθαι
1723 3594 1842 3657 καθ’
1892 3594 2015 3649 έαυ-

358 3679 488 3743 τοὺς
513 3679 644 3744 τοὺς
693 3680 918 3756 ἀστέρας
973 3681 1036 3736 οὐ
1095 3679 1482 3757 προσδέχεται,
1511 3682 1874 3755 πτοούμενος,
1938 3684 2013 3758 μή

351 3790 486 3826 ποτε
533 3769 889 3844 ἀναιρεθῶσιν
931 3768 1080 3843 αύτῷ
1132 3770 1186 3824 αἱ
1231 3769 1355 3846 περὶ
1401 3773 1499 3826 τοῦ
1526 3770 1778 3844 πέμπτου
1824 3774 2014 3846 σώμα-

350 3880 444 3922 τος
475 3859 780 3937 ὑποθέσεις,
828 3859 902 3921 ὡς
942 3859 1250 3934 τεμνόντων
1289 3863 1400 3914 τῶν
1446 3859 1683 3936 ἀστέρων
1735 3862 1798 3914 τὸ
1847 3861 2016 3939 οὐρά-

349 3969 465 4004 νιον
517 3953 699 4021 σῶμα,
751 3947 992 4024 καθάπερ
1043 3946 1097 4002 εἷ’
1133 3970 1254 4004 τινα
1300 3949 1461 4026 ὑγρὰν
1512 3949 1738 4004 οὐσίαν·
1821 3949 2014 4006 ὑποτί-

351 4049 476 4108 θησι
547 4033 606 4092 δὶ
666 4037 761 4100 τὰς
821 4035 1206 4100 ἀνελιττούσας
1275 4037 1532 4100 κινούσας
1588 4037 1789 4100 αὐτοὺς
1839 4060 2020 4111 πεπη.

345 4126 578 4202 γμένους
624 4122 800 4190 ὄντας.
832 4128 900 4184 Οἱ
930 4124 988 4182 δὲ
1023 4129 1140 4200 μετ’
1169 4127 1331 4182 αὐτὸν
1379 4133 1644 4192 κινεῖσθαι
1682 4129 1776 4202 μὲν
1813 4129 2014 4193 αὐτοὺς

347 4217 466 4272 καθ’
539 4215 762 4280 ἑαυτοὺς
829 4214 1108 4287 ἐδόξασαν,
1178 4215 1326 4287 πλὴν
1397 4216 1525 4280 τοὺς
1590 4216 1871 4288 πλανήτας
1925 4218 2018 4284 έπὶ

345 4305 566 4360 κύκλων
611 4304 702 4360 καὶ
748 4304 808 4361 έκ
853 4305 1082 4380 κέντρου
1143 4306 1274 4381 φασὶ
1339 4309 1644 4362 κινεῖσθαι.
1705 4306 2011 4364 Πλάττουσι

345 4396 450 4470 γάρ
501 4395 730 4474 σφαίρας
789 4396 888 4458 τὰς
938 4395 1034 4468 μὲν
1088 4397 1164 4469 μή
1206 4397 1270 4450 τὸ
1318 4395 1448 4451 αὐτὸ
1493 4394 1715 4473 κέντρον
1778 4397 2018 4473 έχούσας

343 4487 414 4559 τῇ
462 4487 558 4560 γῇ,
610 4482 756 4540 ἀλλὰ
807 4485 943 4558 πρὸς
997 4483 1092 4558 μὶν
1154 4489 1234 4558 τῷ
1289 4484 1366 4539 ένὶ
1418 4485 1568 4561 μέρει
1602 4483 2013 4556 πλησιαζούσας

344 4572 505 4648 αὐτῇ,
555 4573 695 4649 πρὸς
743 4571 800 4628 δὶ
842 4579 924 4646 τῷ
971 4572 1138 4651 ἑτέρῳ
1189 4573 1537 4650 πορρώτερον
1590 4574 1772 4647 οὔσας,
1817 4573 1876 4638 ἃς
1927 4576 2014 4632 έκ-

2124 605 2408 660 tinentur.
2447 603 2759 659 Perfectior
2806 608 2896 659 est
2944 605 3101 658 enim
3149 603 3268 658 haec
3315 604 3504 660 forma
3557 603 3782 660 caeteris

2123 693 2420 748 omnibus.
2462 692 2679 748 Omnes
2728 708 2940 764 nempe
2988 691 3283 764 angulosae
3336 694 3532 748 formae
3583 694 3782 750 divisae

2125 781 2299 838 aliam
2333 782 2582 838 formam
2613 781 2914 848 efficiunt;
2951 781 3208 836 circulus
3240 798 3374 836 vero
3406 783 3630 838 divisus
3667 799 3783 840 non

2125 871 2300 928 aliam
2332 870 2576 927 formam
2610 870 2808 926 efﬁcit.
2846 871 2910 924 Et
2941 869 3121 925 simul
3153 869 3638 944 simplicissimus
3673 877 3782 941 est,

2125 966 2328 1033 utpote
2378 978 2497 1016 una
2553 960 2706 1016 linea
2765 959 3230 1031 comprehensus
3275 965 3332 1016 et
3387 961 3518 1017 ideo
3569 963 3784 1019 unitati

2125 1049 2360 1106 similis.
2389 1050 2790 1106 Etformantur
2851 1053 3047 1105 autem
3100 1049 3350 1121 planetae
3405 1051 3478 1106 ad
3532 1050 3783 1106 invicem

2126 1139 2385 1212 quinque
2417 1138 2643 1209 formis,
2693 1155 3041 1211 congressu,
3088 1137 3432 1210 sexangulo,
3482 1141 3784 1211 quadran-

2126 1229 2262 1302 gulo
2293 1234 2351 1284 et
2376 1227 2686 1284 diametro.
2718 1228 2956 1283 Zodiaci
2985 1227 3141 1283 enim
3178 1229 3398 1283 circulo
3452 1229 3511 1284 in
3561 1229 3784 1285 duode-

2129 1319 2240 1375 cim
2275 1323 2470 1392 partes
2501 1319 2708 1383 diviso,
2762 1334 2894 1372 cum
2950 1318 3165 1373 accidit
3212 1323 3274 1373 ut
3322 1335 3509 1373 unum
3556 1324 3785 1376 astrum

2129 1409 2440 1479 cujusdam
2471 1406 2776 1462 divisionis
2804 1406 3038 1462 initium
3075 1407 3171 1473 sit,
3204 1411 3262 1462 et
3290 1407 3448 1462 aliud
3483 1409 3662 1463 situm
3708 1407 3786 1464 sit

2131 1497 2189 1552 in
2224 1496 2513 1569 principio
2543 1499 2727 1551 tertiae
2756 1497 2830 1553 ab
2862 1496 2960 1552 illa
2991 1495 3320 1565 divisionis,
3372 1498 3589 1553 dicitur
3636 1498 3783 1554 illud

2129 1585 2514 1658 sexangulum
2548 1587 2764 1654 facere;
2801 1588 2848 1641 si
2883 1586 2942 1640 in
2974 1586 3262 1658 principio
3292 1592 3513 1658 quarta
3561 1588 3633 1643 ab
3681 1577 3785 1644 illa

2130 1675 2463 1745 divisionis,
2483 1675 2955 1748 quadrangulum
2980 1676 3168 1731 facere
3190 1677 3426 1745 dicitur;
3446 1677 3496 1733 si
3525 1677 3584 1732 in
3619 1678 3784 1750 prin-

2130 1765 2280 1838 cipio
2311 1767 2551 1838 quintis,
2574 1764 2972 1838 triangulum;
3008 1765 3059 1820 si
3089 1765 3146 1820 in
3181 1765 3466 1838 principio
3496 1767 3784 1840 septima,

2130 1856 2488 1912 diametrum
2520 1857 2710 1912 facere
2741 1855 2976 1910 dicitur.
3011 1854 3066 1910 Si
3101 1855 3160 1910 in
3193 1856 3394 1911 eodem
3429 1857 3614 1929 gradu
3670 1857 3787 1914 sita

2126 1945 2266 2013 sint,
2318 1947 2599 2002 dicuntur
2647 1945 2945 2018 congredi.
3001 1949 3186 2017 Atque
3234 1945 3389 2000 idem
3446 1947 3516 2002 de
3557 1946 3785 2004 caeteris

2124 2037 2415 2110 partibus.
2450 2040 2545 2091 Hae
2581 2039 2778 2093 autem
2811 2035 3010 2091 formis
3040 2050 3108 2091 ex
3159 2035 3404 2092 musicis
3453 2036 3786 2094 rationibus

2122 2127 2442 2196 ducuntur,
2493 2129 2558 2182 ut
2602 2124 2953 2182 Ptolemaeus
2999 2125 3059 2181 in
3109 2125 3238 2183 suis
3302 2129 3558 2198 quatuor
3616 2125 3786 2185 libris

2123 2217 2400 2274 ostendit.

2586 2333 2676 2389 23.
2713 2337 2794 2388 De
2823 2344 3102 2390 aurorum
3132 2335 3304 2389 motu.

2196 2433 2368 2488 Astra
2398 2432 2668 2488 feruntur
2696 2432 2768 2487 ab
2800 2431 3099 2488 occidente
3131 2434 3203 2487 ad
3235 2419 3786 2506 orientem.SeptBE

2128 2520 2498 2594 planetarum
2557 2522 2795 2594 quidem
2848 2521 3154 2577 translatio
3206 2523 3412 2594 rapida
3459 2529 3567 2579 est.
3619 2524 3784 2580 Luna

2127 2612 2285 2667 enim
2329 2628 2572 2668 cursum
2617 2628 2793 2666 suum
2845 2611 3081 2666 conﬁcit
3129 2611 3338 2683 viginti
3390 2622 3517 2668 octo
3570 2613 3783 2669 diebus
3854 2612 3858 2614 ⁷

2128 2701 2392 2770 circiter;
2428 2701 2750 2757 Mercurius
2784 2701 3092 2756 mensibus
3117 2701 3224 2756 365
3253 2707 3312 2757 et
3341 2707 3552 2773 quarta
3601 2702 3781 2759 unius

2126 2789 2241 2846 diei
2273 2796 2471 2862 parte;
2505 2791 2661 2847 Mars
2693 2791 2926 2846 duobus
2959 2790 3132 2846 annis
3163 2794 3221 2846 et
3252 2790 3520 2860 dimidio;
3553 2791 3787 2865 Jupiter

2125 2880 2472 2950 duodecim;
2519 2881 2808 2936 Saturnus
2858 2879 3031 2935 annis
3085 2879 3346 2952 triginta.
3399 2879 3593 2937 Stella
3647 2897 3783 2937 vero

2122 2971 2246 3025 fisz
2273 2986 2400 3042 quas
2431 2970 2490 3025 in
2523 2986 2802 3042 suprema
2833 2969 3061 3042 sphaera
3091 2972 3252 3039 sunt,
3287 2974 3597 3026 moventur
3643 2970 3782 3043 plu-

2121 3059 2282 3114 rimae
2312 3060 2486 3115 annis
2511 3065 2743 3115 centum
2769 3061 2938 3128 juxta
2967 3063 3208 3126 veteres,
3231 3059 3405 3129 juxta
3430 3061 3784 3116 recentiores

2121 3155 2314 3205 autem
2345 3148 2516 3204 annis
2545 3150 2636 3203 66.
2688 3150 2775 3219 Et,
2828 3149 2984 3220 quod
3038 3148 3229 3220 magis
3278 3151 3620 3205 mirandum
3670 3155 3780 3223 est,

2124 3254 2241 3294 non
2273 3240 2426 3293 circa
2456 3237 2656 3310 polum
2708 3254 2884 3292 suum
2935 3242 3264 3302 moventur,
3317 3239 3417 3294 sed
3470 3239 3781 3311 obliquum

2126 3326 2267 3382 solis
2296 3327 2408 3383 iter
2437 3331 2789 3399 sequuntur.
2837 3326 2997 3382 Unde
3045 3331 3208 3398 patet
3252 3327 3438 3383 Deum
3485 3327 3669 3384 solem
3715 3329 3778 3385 in

2127 3417 2271 3473 coelo
2319 3421 2384 3471 ut
2431 3417 2641 3472 ducem
2703 3415 2994 3488 posuisse.
3043 3416 3388 3473 Aristoteles
3440 3417 3622 3490 igitur
3667 3435 3782 3474 non

2127 3506 2387 3562 admittit
2418 3510 2576 3562 astra
2607 3523 2709 3578 per
2740 3506 2938 3578 seipsa
2969 3505 3437 3574 moveri,timens
3468 3523 3541 3562 ne
3570 3507 3789 3564 tollan-

2127 3599 2225 3650 tur
2253 3612 2372 3650 suae
2405 3596 2475 3651 de
2506 3596 2712 3667 quinto
2744 3611 2984 3666 corpore
3016 3594 3392 3667 bypotheses,
3425 3595 3592 3669 quasi
3626 3601 3788 3654 astra

2127 3690 2328 3740 secent
2357 3685 2591 3740 caeleste
2620 3701 2834 3756 corpus
2865 3690 2931 3738 ut
2957 3686 3278 3754 quamdam
3311 3685 3618 3742 humidam
3651 3686 3787 3742 sub-

2128 3773 2442 3843 stantiam;
2487 3773 2772 3846 supponit
2815 3781 3008 3829 antem
3060 3773 3264 3829 stellas
3318 3765 3606 3830 volubiles
3657 3792 3784 3848 quis

2129 3868 2433 3919 concretas
2465 3863 2868 3919 moveant.Alii
2892 3879 3025 3918 vero
3050 3867 3181 3934 post
3201 3861 3367 3918 illum
3392 3865 3617 3936 opinati
3644 3869 3786 3921 sunt

2130 3957 2292 4008 astra
2323 3968 2427 4024 per
2457 3953 2656 4025 seipsa
2683 3938 2920 4018 moveri,
2950 3951 3206 4023 exceptis
3238 3951 3510 4023 planetis,
3542 3971 3691 4025 quos
3720 3953 3783 4010 in

2130 4043 2331 4098 orbem
2364 4046 2422 4097 et
2452 4049 2616 4098 extra
2647 4046 2910 4097 centrum
2946 4058 3121 4097 suum
3158 4042 3373 4097 moveri
3395 4042 3784 4099 dicunt.Ima-

2129 4131 2411 4203 ginantur
2439 4132 2595 4188 enim
2628 4132 2890 4204 sphaeras
2940 4130 3088 4186 alias
3141 4148 3254 4186 non
3306 4132 3462 4186 idem
3515 4138 3780 4188 centrum

2131 4237 2264 4276 cum
2294 4227 2449 4277 terra
2474 4221 2816 4290 babere,sed
2850 4237 2969 4275 una
2997 4225 3164 4292 parte
3191 4237 3320 4276 esse
3367 4225 3534 4276 terrea
3589 4221 3781 4293 proxi-

2130 4330 2258 4370 mas
2306 4315 2362 4367 et
2409 4311 2592 4367 altera
2640 4310 2876 4382 longius
2922 4310 3162 4378 abesse;
3211 4327 3361 4382 quas
3425 4311 3784 4368 excentricas

2127 4419 2434 4471 vocavere;
2468 4405 2526 4457 et
2553 4401 2697 4457 alias
2728 4417 2796 4456 ex
2826 4400 2950 4472 ipso
2981 4400 3309 4456 excentrico
3358 4417 3569 4472 parvas
3614 4400 3785 4456 volu-

2125 4497 2218 4549 tas
2251 4492 2307 4547 in
2342 4492 2559 4564 quibus
2591 4490 2858 4546 incedere
2907 4489 3172 4562 planetas
3223 4489 3449 4557 dicunt,
3505 4507 3654 4563 quos
3705 4491 3780 4546 ob

2126 4582 2279 4638 hanc
2335 4597 2574 4636 causam
2634 4577 3136 4652 supracirculares
3198 4579 3594 4635 nominavere.
3648 4579 3781 4636 Haec

344 4665 605 4738 κέντρους
664 4661 953 4718 ἐκάλεσανο
1006 4663 1096 4718 καὶ
1149 4660 1334 4740 έτερας
1388 4663 1481 4718 ἀπ’
1539 4663 1704 4718 αὐτοῦ
1763 4668 1862 4720 τοῦ
1915 4663 2004 4721 έκ-

2125 4677 2315 4729 autem
2345 4670 2528 4726 coacti
2551 4676 2691 4725 sunt
2712 4684 3042 4741 supponere
3061 4669 3502 4740 maximumque
3521 4669 3782 4726 laborem

340 4753 566 4829 κέντρου
629 4753 828 4828 μικρὰς
884 4751 1246 4826 κυλιομένας,
1292 4752 1374 4830 ἐφ’
1433 4751 1507 4807 ὧν
1570 4748 1856 4828 βεϐηκέναι
1909 4754 2000 4810 λέ-

339 4863 493 4918 γουσι
545 4842 673 4905 τοὺς
731 4839 1013 4913 πλανήτας
1047 4884 1062 4911 ,
1118 4841 1210 4905 οὕς
1269 4841 1600 4905 έπικύκλους
1657 4843 1948 4918 ὠνόμασαν
1986 4888 2000 4903 .

339 4932 778 5008 Ἠναγκάσθησαν
838 4929 896 4986 δὲ
948 4936 1118 4986 ταῦτα
1180 4931 1513 5000 ὑποθέσθαι,
1591 4933 1681 4987 καὶ
1737 4931 1997 4988 πλεῖστον

345 5021 556 5097 μόχθον
617 5022 708 5076 καὶ
757 5021 922 5076 πόνον
954 5022 1250 5091 ὑποστῆναι
1283 5021 1360 5084 εἷς
1419 5022 1561 5094 [τὴν]
1593 5026 1700 5075 τῶν
1731 5021 1997 5077 τοιούτων

343 5109 645 5166 ύποθέσεων
706 5109 956 5166 σύστασιν
1014 5107 1104 5164 διὰ
1152 5111 1252 5179 τὴν
1308 5109 1567 5180 τοιαύτην
1603 5108 1802 5168 αἰτίαν.
1835 5109 1999 5173 Θεοὺς

337 5199 440 5276 γὰρ
495 5197 769 5270 Έλληνες
831 5198 960 5262 τοὺς
1012 5197 1235 5270 ἀστέρας
1297 5199 1429 5254 εἶναι
1489 5199 1848 5272 νομίζοντες,
1908 5199 2001 5255 καὶ

339 5289 570 5364 ὁρῶντες
602 5287 830 5350 τούτους
863 5288 914 5343 ἐν
945 5292 1022 5360 τῷ
1072 5285 1336 5343 διοδεύειν
1386 5289 1486 5358 τὴν
1543 5288 1750 5343 οἱκεῖαν
1778 5289 2001 5365 πορείαν

337 5377 418 5458 ἀφ’
475 5381 714 5457 ἡμέραις
772 5381 916 5435 τισὶν
976 5378 1297 5452 ἱσταμένους
1356 5381 1828 5453 ἀμετακινήτους,
1890 5381 2003 5436 εἶτα

338 5467 429 5524 ἰπὶ
479 5471 548 5525 τὰ
601 5465 819 5525 ὄπισθεν
881 5467 1326 5539 ἀναποδίζοντας,
1383 5471 1494 5524 εἶτα
1523 5471 1688 5524 πάλιν
1723 5471 2002 5545 στηρίζον-

335 5579 432 5621 τας
490 5559 580 5614 καὶ
637 5557 798 5624 εὐθὺς
849 5556 1319 5634 προποδίζοντας,
1380 5559 1675 5634 ἀλλοτρίαν
1706 5559 1864 5624 θείων
1895 5581 2002 5614 σω-

342 5647 528 5723 μάτων
559 5648 662 5720 τὴν
704 5647 965 5721 τοιαύτην
995 5645 1236 5720 πλάνην,
1297 5647 1558 5705 ὑπέθεντο
1603 5649 1698 5711 τὰς
1747 5651 2003 5714 τοιαύτας

343 5738 645 5812 ὑποθέσεις,
685 5738 824 5821 πρὸς
875 5738 944 5813 ,τὸ
989 5736 1154 5815 δεῖξαι
1216 5735 1385 5817 μηδέν
1435 5760 1487 5797 τι
1537 5743 1783 5798 τοιοῦτον
1833 5741 2004 5810 πάθος

2111 4766 2171 4818 et
2206 4776 2436 4832 poenam
2467 4761 2769 4814 insumere
2801 4757 2871 4812 ad
2921 4757 3131 4812 talium
3184 4757 3584 4829 hypotheseon
3637 4773 3780 4813 con-

2112 4849 2507 4905 ﬁrmationem
2566 4851 2804 4919 prapter
2847 4853 3188 4916 sequentem
3237 4846 3547 4901 rationem.
3581 4847 3781 4902 Graece

2113 4939 2271 4996 enim
2307 4937 2509 4994 stellas
2540 4952 2668 4991 esse
2700 4937 2841 4990 deos
2871 4935 3202 5003 credentes,
3230 4940 3287 4990 et
3317 4951 3416 4991 eas
3451 4942 3778 5008 cernentes,

2116 5028 2260 5083 dum
2310 5027 2610 5098 proprium
2659 5025 2770 5080 iter
2818 5029 3185 5096 peragerent,
3219 5024 3396 5080 certis
3427 5025 3637 5080 diebus
3669 5025 3780 5080 im-

2118 5121 2309 5172 motas
2339 5121 2516 5182 stare,
2551 5114 2684 5170 dein
2718 5114 3104 5180 retrocedere,
3156 5113 3290 5169 dein
3343 5131 3581 5170 rursum
3631 5114 3778 5170 ﬁxas

2114 5211 2271 5262 stare
2302 5210 2358 5262 et
2383 5204 2580 5260 statim
2617 5204 2952 5276 procedere;
2979 5202 3136 5259 hunc
3183 5207 3477 5258 errantem
3531 5221 3776 5260 cursum

2114 5295 2314 5350 divina
2345 5310 2588 5366 corpora
2618 5293 2998 5348 dedecentem
3033 5293 3383 5365 cogitantes,
3433 5293 3540 5349 has
3591 5293 3778 5366 hypo-

2114 5384 2311 5440 tbeses
2342 5382 2651 5454 imaginati
2683 5386 2844 5448 sunt,
2881 5386 2943 5436 ut
2983 5382 3360 5437 ostenderent
3410 5399 3526 5437 non
3577 5382 3780 5438 stellas

2115 5473 2216 5529 illa
2247 5475 2388 5546 pati,
2421 5473 2522 5528 sed
2574 5487 2677 5542 per
2724 5472 3189 5526 excentricarum
3237 5476 3296 5528 et
3344 5471 3781 5544 supracircula-

2114 5562 2266 5618 rium
2301 5561 2667 5635 sphaerarum
2703 5564 2930 5614 motum
2963 5559 3143 5616 videri
3177 5561 3348 5616 nobis
3378 5561 3524 5617 ﬁxas
3553 5578 3682 5618 esse
3723 5564 3782 5618 et

2113 5653 2646 5719 retrocedere,cum
2679 5648 2826 5704 nihil
2857 5648 3203 5721 hujusmodi
3236 5651 3374 5723 ipsa:
3407 5654 3776 5723 paterentur.

2113 5744 2179 5802 Et
2209 5745 2352 5801 dum
2384 5738 2639 5816 aequales
2668 5738 2980 5796 voluerunt
3009 5739 3196 5798 facere
3220 5738 3546 5798 ccslestium
3569 5755 3775 5815 corpo-
