4100 6412
339 424 456 488 803

1680 417 2103 485 MlCIlAELIS
2155 420 2416 481 PSELLI

3633 425 3762 490 ’804

339 575 471 614 rum
504 561 720 626 motus,
755 574 869 614 non
904 559 1368 616 animadvertere
1395 577 1456 618 se
1497 561 1680 617 multa
1725 559 1974 630 inaequa-

2101 550 2229 616 τοὺς
2285 551 2507 627 ἀστέρας
2567 552 2986 630 ὑφισταμένους,
3045 553 3192 613 ἀλλὰ
3245 554 3335 613 διὰ
3387 559 3486 627 τήν
3531 563 3639 614 τῶν
3671 560 3760 616 ἔκ-

337 646 564 703 bilitate
595 646 852 703 cmicstia
882 648 1121 721 replere.
1158 649 1297 706 Mihi
1331 656 1530 705 autem
1563 649 1797 704 videtur
1828 649 1988 719 ipsas

334 736 537 793 stellas
570 737 721 793 hanc
750 738 1272 811 inequabilitatem
1310 745 1586 795 caeterum
1611 743 1808 794 exacte
1833 735 1988 792 ordi-

336 831 536 882 natam
588 827 900 883 sustinere.
954 827 1090 892 Quae
1122 829 1280 884 enim
1313 828 1406 883 his
1437 829 1495 884 in
1529 829 1705 884 terris
1737 831 1900 893 sunt,
1933 829 1990 880 et

333 915 650 988 inzsqualia
678 921 734 973 et
763 917 1100 974 inordinata
1132 925 1304 988 sunt;
1337 936 1462 992 quae
1485 924 1679 974 autem
1711 917 1770 972 in
1803 914 1989 971 stellis

335 1011 393 1062 et
421 1005 735 1078 inaequalia
763 1011 821 1063 et
850 1008 1154 1076 ordinata;
1201 1025 1330 1080 quas
1379 1014 1578 1064 autem
1627 1024 1808 1078 supra
1855 1004 1986 1059 illas

334 1099 475 1151 sunt
501 1101 556 1151 et
586 1097 855 1153 ordinata
885 1101 941 1152 et
971 1096 1218 1169 aequalia
1248 1103 1410 1152 sunt.

2097 641 2332 715 κέντρων
2381 643 2472 697 καὶ
2517 642 2825 699 ἐπικύκλων
2897 644 3110 716 κίνησιν
3159 649 3437 725 φαίνεσθαι
3482 651 3622 722 ἡμῖν
3671 650 3762 705 καὶ

2099 730 2452 806 στηρίζοντας
2528 733 2617 788 καὶ
2693 731 3145 806 ἀναποδίζοντας,
3223 735 3391 810 μηδὶν
3448 735 3506 793 δὲ
3562 738 3761 804 αὐτοὺς

2096 819 2345 876 τοιοῦτον
2405 824 2756 897 πάσχοντας.
2806 823 2910 879 Καὶ
2969 827 3359 881 κατασκευάσαι
3424 826 3760 902 βουλόμενοι

2098 911 2313 982 ὁμαλὰς
2343 913 2438 976 τὰς
2482 917 2590 966 τῶν
2640 913 2909 989 οὐρανίων
2965 917 3228 986 κινήσεις,
3289 912 3484 981 ἔλαθον
3535 918 3760 982 ἑαυτοὺς

2096 997 2317 1069 πολλῆς
2398 999 2889 1077 ἀναπληρώσαντες
2972 1004 3291 1078 ἀνωμαλίας
3361 1006 3432 1060 τὰ
3509 1006 3754 1083 οὐράνια.

2097 1089 2257 1162 Ἐμοὶ
2307 1086 2363 1144 δὶ
2412 1088 2580 1157 δοκεῖ,
2640 1089 2834 1154 αὐτοὺς
2890 1093 3018 1155 τοὺς
3073 1094 3299 1168 ἀστέρας
3353 1095 3452 1164 τήν
3495 1096 3757 1166 τοιαύτην

336 1185 634 1254 ὑποστῆναι
666 1183 1008 1258 ἀνωμαλίαν,
1042 1186 1116 1248 ὡς
1152 1185 1433 1255 σύντονον,
1467 1183 1612 1252 πλὴν
1645 1179 1998 1258 τεταγμένην·
2029 1179 2096 1234 τά
2125 1180 2224 1255 γὰρ
2260 1178 2504 1249 ἐνταῦθα,
2538 1183 2625 1235 καὶ
2659 1180 2926 1256 ἀνώμαλα
2956 1182 3046 1237 καὶ
3080 1181 3302 1240 ἄτακταο
3349 1185 3416 1240 τὰ
3447 1182 3504 1240 δὲ
3535 1184 3586 1241 ἓν
3621 1185 3760 1242 ἐκεί-

333 1294 448 1338 νοις
479 1274 568 1330 καὶ
599 1274 869 1349 ἀνώμαλα
899 1274 987 1330 καὶ
1012 1277 1328 1350 τεταγμένα·
1369 1278 1430 1330 τὰ
1461 1271 1517 1330 δὶ
1545 1274 1750 1329 τούτων
1783 1270 1980 1327 ἄνωθεν
2013 1269 2102 1325 καὶ
2132 1271 2434 1345 τεταγμένα
2463 1270 2552 1325 καὶ
2595 1271 2803 1345 ὁμαλά.

686 1385 775 1438 24.
808 1385 954 1441 Unde
983 1386 1397 1440 illuminat-titur
1427 1385 1625 1440 stellae.

405 1471 588 1529 Multa
639 1473 711 1529 de
759 1473 868 1529 hac
916 1474 1241 1545 quaestione
1289 1474 1552 1546 antiquis
1613 1469 1986 1544 philosophis

331 1561 689 1634 ambiguitas
745 1561 871 1618 fuit.
927 1563 1175 1628 Quidam
1226 1563 1381 1617 enim
1424 1563 1685 1618 videntes
1715 1560 1918 1615 lunam
1951 1576 1986 1614 a

329 1653 452 1706 sole
481 1649 682 1707 lumen
733 1652 1016 1723 accipere,
1068 1652 1316 1724 professi
1368 1657 1507 1707 sunt
1554 1657 1610 1708 et
1658 1651 1772 1706 alia
1822 1654 1984 1704 astra

330 1740 452 1796 sole
482 1739 825 1796 illuminari.
870 1741 982 1796 Alii
1031 1746 1225 1796 autem
1281 1743 1544 1797 videntes
1594 1740 1879 1796 Venerem
1925 1743 1983 1793 et

328 1829 686 1885 Mercurium
721 1831 829 1885 sub
861 1830 982 1886 sole
1005 1830 1147 1886 sitos
1180 1848 1367 1902 neque
1391 1832 1462 1886 ab
1488 1830 1585 1886 illo
1608 1834 1727 1886 tam
1752 1828 1976 1883 distan-

324 1923 414 1975 tes
463 1923 528 1974 ut
577 1919 713 1975 inde
761 1919 960 1975 lumen
1014 1920 1318 1992 recipiant,
1375 1920 1598 1993 opinati
1653 1926 1792 1974 sunt
1822 1934 1890 1974 ea
1919 1921 1976 1972 et

327 2013 532 2063 caetera
561 2008 866 2079 proprium
897 2007 1098 2064 lumen
1132 2009 1366 2064 habere.

494 2207 584 2261 25.
617 2206 898 2276 Quomodo
927 2208 1066 2277 ﬁam!
1097 2211 1342 2278 quatuor
1371 2207 1510 2261 anni
1538 2210 1804 2274 tempora.

397 2294 475 2349 Ea
504 2311 860 2366 quacunque
891 2295 1108 2350 creavit
1159 2297 1309 2349 Deus
1357 2300 1414 2349 et
1462 2292 1757 2366 sapientia
1808 2290 1981 2362 plena

323 2388 464 2439 sunt
511 2388 567 2439 et
613 2384 1003 2439 admiratione
1035 2385 1233 2455 digna,
1267 2384 1519 2439 maxime
1550 2398 1684 2437 vero
1717 2380 1861 2436 solis
1891 2379 1980 2434 iti-

320 2471 479 2528 neris
537 2472 880 2544 obliquitas,
939 2478 1005 2528 ut
1060 2473 1119 2528 in
1179 2473 1291 2528 alio
1347 2487 1520 2542 opere
1579 2467 1979 2524 demonstravi

321 2563 394 2616 de
425 2562 753 2617 ccelestium
789 2578 970 2617 causa
1001 2563 1306 2633 inscripto.
1343 2557 1469 2617 No'n
1500 2561 1659 2616 enim
1720 2559 1979 2613 medium

321 2652 534 2706 coelum
564 2652 778 2705 transit
808 2652 1134 2706 secundum
1167 2650 1606 2720 aequinoctium,
1655 2649 1756 2703 sed
1793 2645 1980 2715 vergit

319 2740 390 2793 ad
425 2740 885 2811 septentrionem
922 2746 1180 2811 quatuor
1210 2745 1267 2794 et
1297 2738 1503 2809 viginti
1539 2738 1758 2807 gradus
1807 2734 1978 2789 circi-

320 2834 429 2898 ter,
481 2833 538 2884 et
590 2831 660 2884 ad
716 2831 1024 2884 meridiem
1081 2829 1376 2884 similiter.
1432 2828 1674 2891 Quando
1722 2825 1905 2896 igitur
1947 2840 1981 2878 a

321 2917 571 2973 meridie
638 2919 982 2987 regrediens
1050 2919 1120 2973 ad
1195 2917 1615 2990 mquinoctinm
1693 2913 1977 2986 pervenit,

318 3022 564 3062 vernum
628 3011 863 3077 tempus
916 3006 1116 3076 efﬁcit,
1177 3008 1467 3077 nobisque
1522 3003 1975 3076 apprOpinquat,

319 3115 475 3167 cum,
507 3103 574 3152 ut
605 3097 1096 3164 diximus,versus
1131 3097 1589 3169 septentrionem
1625 3095 1975 3159 incolamus;

319 3188 555 3258 quando
588 3191 783 3242 autem
835 3203 1071 3243 rursum
1123 3189 1192 3242 ad
1243 3187 1655 3256 aequinoctium
1707 3183 1973 3248 vertitur,

316 3281 676 3331 autumnum
737 3277 998 3341 adducit,
1050 3281 1108 3332 et
1154 3277 1390 3347 quando
1450 3272 1806 3330 extremitati
1856 3287 1976 3326 sua:

307 3364 716 3420 meridionalis
761 3365 1132 3437 obliquitatis
1185 3363 1461 3428 occurrit,
1509 3363 1785 3431 hiemem,
1837 3361 1980 3431 quia

2407 1375 2506 1436 κδ’.
2540 1379 2708 1434 Πόθεν
2743 1380 3070 1458 φωτίζονται
3102 1383 3154 1436 αἱ
3187 1383 3427 1455 ἀστέρες.

2169 1467 2297 1544 Περὶ
2344 1468 2540 1523 τούτου
2589 1469 2774 1538 πολλή
2811 1472 2844 1538 ἡ
2879 1465 3186 1548 ἀμφιϐολία
3215 1479 3332 1536 τοῖς
3359 1471 3530 1528 πάλαι
3563 1476 3758 1551 σοφοῖς

2095 1555 2324 1631 ἆγένετο.
2383 1558 2540 1620 Τινὲς
2594 1560 2717 1634 γὰρ,
2765 1560 3003 1634 ὁρῶντες
3062 1561 3160 1629 τὴν
3219 1561 3451 1632 σελήνην
3479 1563 3629 1636 παρά
3656 1565 3758 1618 τοῦ

2071 1645 2259 1716 ,ἡλίου
2311 1644 2618 1722 δεχομένην
2666 1649 2730 1704 τὸ
2781 1653 2919 1725 φῶς,
2947 1650 3298 1727 ’ἀπεφήναντο
3345 1651 3587 1728 καὶπερὶ
3617 1651 3759 1706 πάν-

2089 1755 2196 1789 των
2254 1741 2362 1790 τῶν
2448 1736 2710 1813 ἀστέρων,
2767 1738 2840 1800 ὡς
2894 1739 2984 1792 καὶ
3043 1738 3195 1794 αὐτοὶ
3251 1741 3398 1816 παρᾶ
3436 1746 3532 1796 τοῦ
3581 1742 3756 1813 ἡλίου

2091 1823 2434 1901 φωτίζονται,
2491 1829 2710 1901 ’Ἡτεροι
2767 1824 2846 1897 δὶ,
2904 1828 3160 1902 ὁρῶντες,
3196 1832 3296 1899 τήν
3327 1851 3384 1884 τε
3416 1830 3752 1908 Ἀφροδίτην

2089 1913 2179 1967 καὶ
2208 1915 2300 1968 τὸν
2354 1915 2562 1987 Ἑρμῆν
2593 1915 2695 1971 ὑπὸ
2739 1916 2831 1970 τὸν
2867 1915 3028 1984 ἥλιον
3062 1913 3239 1982 ὄντας,
3290 1921 3378 1972 καὶ
3414 1921 3488 1992 μή
3523 1919 3758 1996 πὸῤῥω-’

2009 2037 2056 2102 Β
2102 2005 2185 2056 θεν
2220 2003 2382 2057 αὐτοῦ
2423 2005 2841 2080 ἀφισταμένους,
2892 2005 2966 2066 ὡς
2998 2006 3340 2084 ,φωτίζεσθαι
3387 2009 3516 2083 παρ’
3566 2009 3758 2082 αὐτοῦ,

2095 2091 2344 2164 ἐδόξασαν
2377 2089 2523 2168 ἔχειν
2557 2094 2780 2156 τούτους
2810 2095 2902 2149 καὶ
2934 2095 3061 2157 τοὺς
3088 2094 3293 2159 ἄλλους
3326 2095 3526 2152 οἳκεῖον
3561 2102 3697 2174 φῶς.

2337 2201 2430 2255 κε’.
2466 2205 2587 2262 Πῶς
2616 2202 2859 2275 γίνονται
2911 2201 2963 2256 οἱ
3005 2204 3256 2278 τέσσαρες
3286 2204 3489 2280 καιροί.

2162 2292 2344 2346 Ταῦτα
2395 2292 2510 2361 μὲν,
2569 2290 2670 2345 ὅσα
2726 2291 2788 2345 τὸ
2829 2297 2983 2346 Θεῖον
3015 2289 3446 2369 ἰδημιοῦργησε,
3503 2294 3592 2350 καὶ
3652 2317 3752 2350 σο-

2090 2378 2214 2455 φίας
2272 2379 2542 2452 ἀνάμεστα
2598 2380 2687 2433 καὶ
2757 2380 3031 2451 θαύματος
3087 2380 3226 2454 ἀξια,
3290 2383 3528 2455 μάλιστα
3577 2381 3635 2441 δὶ
3684 2386 3752 2441 τὸ

2087 2475 2188 2535 τῆς
2247 2467 2484 2537 ἡλιακῆς
2543 2469 2769 2541 πορείας
2826 2467 3006 2538 λοξὸν,
3070 2471 3144 2532 ὡς
3175 2469 3300 2543 ἐμοὶ
3331 2471 3388 2526 έν
3419 2473 3590 2547 ἑτέρῳ
3619 2494 3750 2549 συγ-

2087 2556 2368 2632 γράμματι
2403 2554 2799 2624 ἀποδέδεικται,
2831 2563 2910 2630 τῷ
2942 2559 3064 2634 περὶ
3097 2560 3276 2622 αἰτίας
3328 2561 3593 2635 οὐράνίων
3627 2561 3744 2618 ἒπε-

2070 2643 2440 2719 ’γραφομένιμ
2493 2643 2632 2703 Οὔτε
2658 2647 2759 2720 γὰρ
2813 2649 2974 2719 μέσον
3002 2648 3093 2702 τὸν
3129 2648 3350 2720 οὗρανὸν
3382 2653 3517 2706 κατὰ
3549 2651 3750 2724 ἰσημε-

2090 2739 2238 2808 ρινοῦ
2269 2733 2521 2802 διοδεύει,
2553 2735 2701 2790 ἀλλά
2729 2733 2902 2791 κλίνει
2961 2739 3099 2812 πρὸς
3150 2739 3245 2811 μὶν
3301 2740 3500 2816 βορῥᾶν
3551 2742 3751 2812 μοίρας

2087 2821 2172 2878 κδ’
2214 2819 2452 2899 ἔγγιστα,
2487 2825 2623 2898 πρὸς
2656 2822 2715 2879 δὶ
2741 2827 2896 2881 νότον
2930 2828 3162 2900 ὁμοίως.
3202 2830 3365 2885 Ὃταν
3397 2830 3486 2883 οὗν
3515 2830 3743 2904 ἀνερχὲ-

2093 2934 2252 2986 μενος
2298 2914 2404 2968 ἀπὸ
2462 2914 2641 2982 νότου,
2696 2915 2830 2970 κατά
2883 2917 2978 2970 τὸν
3014 2915 3330 2992 ἰσημερινὸν
3363 2919 3609 2993 γένηται,
3639 2921 3740 2988 τήν

2088 3003 2306 3078 ἰαρινην
2365 3009 2602 3058 ποιεῖται
2650 3005 2880 3077 τροπὴν,
2914 3006 3004 3060 καὶ
3034 3005 3329 3078 πλησιάζει
3363 3011 3524 3081 ἡμῖν,
3559 3006 3651 3063 διὰ
3678 3008 3744 3065 τὸ

2083 3095 2184 3162 τὴν
2232 3093 2500 3169 ἡμετέραν
2533 3090 2769 3163 οίόιησιν,
2801 3095 2876 3156 ὡς
2909 3093 3129 3172 ἔφαμεν,
3197 3097 3544 3172 βορειοτέραν
3575 3099 3740 3153 εἶναι’

2086 3182 2250 3252 ἡνίκα
2275 3180 2321 3236 δ’
2369 3182 2521 3246 αὖθις
2567 3184 2703 3255 πρὸς
2736 3183 2828 3237 τὸν
2881 3186 3192 3260 ισημερινὸν
3243 3187 3592 3265 ὑποστρέφει,
3643 3189 3745 3256 τήν

2087 3273 2498 3349 φθινοπωρινὴν
2553 3269 2831 3338 ἀποτελεῖ,
2893 3273 3005 3345 καὶ,
3064 3276 3153 3328 ’ὀτε
3205 3276 3343 3350 πρὸς
3395 3277 3456 3330 τὸ
3507 3274 3738 3352 ἔσχατον

2081 3364 2182 3429 τῆς
2231 3361 2414 3422 νοτίας
2473 3362 2640 3416 αὐτοῦ
2702 3360 2986 3431 λοξώσεως
3015 3367 3359 3436 καταντήσει.
3413 3366 3513 3434 τὴν
3545 3385 3741 3441 χειμε-

307 3459 452 3509 tunc
478 3453 650 3526 longe
682 3459 772 3509 est
799 3471 832 3509 a
864 3425 1054 3510 nobis.
1080 3455 1147 3509 Et
1176 3471 1243 3509 ea
1273 3453 1414 3509 solis
1445 3425 1973 3523 obliquitas'ca-usa

2088 3453 2265 3526 ρινήν,
2319 3448 2407 3504 δια
2431 3450 2496 3504 τὸ
2537 3449 2837 3518 τηνικαῦτα
2888 3451 3025 3506 εἶναι
3061 3453 3345 3528 πόῤῥωθεν
3393 3457 3578 3527 ἡμῶν.
3644 3455 3744 3510 Καὶ

311 3550 402 3598 est
431 3548 684 3614 quatuor
732 3544 869 3598 anni
916 3548 1248 3614 temporum
1299 3541 1715 3614 generationis.
1769 3543 1968 3607 Neque

311 3648 448 3688 vero
482 3631 694 3686 horum
742 3631 1134 3702 solummodo,
1188 3633 1288 3687 sed
1339 3638 1396 3686 et
1445 3630 1692 3686 aliorum
1745 3629 1967 3683 mundo

313 3721 769 3777 utilissimorum
813 3726 872 3776 et
912 3721 1080 3777 valde
1132 3721 1620 3788 necessariorum,
1671 3725 1736 3774 ut
1780 3721 1966 3774 abun-

311 3811 550 3866 dantius
581 3811 639 3865 in
673 3815 996 3866 memorato
1027 3827 1199 3882 opere
1231 3808 1786 3866 demonstravimus.

603 4082 694 4136 26.
728 4081 806 4135 De
834 4079 1226 4152 magnitudine
1253 4081 1390 4135 solis
1418 4087 1472 4135 et
1503 4079 1670 4134 lunae.

381 4167 530 4224 Solis
561 4169 911 4240 magnitudo
942 4169 1174 4224 videtur
1203 4169 1425 4240 aliquid
1460 4165 1802 4222 incredibile
1832 4182 1970 4237 geo-

315 4257 537 4312 metrias
567 4257 793 4328 ignaris
825 4263 882 4313 et
913 4257 1295 4329 philosophiae
1330 4275 1442 4312 non
1473 4256 1968 4312 initiatis.0mnes

314 4346 494 4417 igitur
523 4346 929 4401 mathematici
961 4346 1207 4418 professi
1239 4351 1377 4402 sunt
1407 4346 1572 4400 illum
1603 4350 1762 4400 terra
1796 4346 1970 4414 majo-

313 4449 437 4491 rem
470 4450 620 4500 esse,
668 4451 784 4489 non
835 4436 1216 4490 consentiunt
1263 4440 1461 4490 autem
1512 4439 1731 4504 quanto
1781 4435 1970 4503 major

311 4524 391 4578 sit
435 4529 492 4579 et
541 4522 868 4595 multiplex.
919 4524 1407 4594 Sapientissimus
1453 4540 1591 4578 vero
1621 4522 1967 4577 Ptolemaeus

311 4629 415 4684 per
440 4612 822 4684 geometricas
853 4613 1388 4670 demonstrationes
1440 4621 1498 4668 et
1529 4613 1838 4668 methodas
1868 4627 1967 4668 os-

304 4703 498 4758 tendit
523 4718 660 4758 eum
714 4703 932 4758 centies
957 4703 1292 4774 septuagies
1315 4706 1471 4758 terra
1496 4703 1779 4773 majorem
1812 4716 1962 4758 esse.

2073 3542 2111 3607 ἠ
2143 3539 2368 3608 τοιαύτη
2423 3538 2654 3608 λόξωσις
2684 3544 2782 3594 τοῦ
2826 3541 2994 3608 ἡλίου
3042 3543 3245 3616 γίνεται
3280 3543 3424 3598 αίνία
3455 3547 3600 3617 [τῆς]
3628 3549 3740 3600 τῶν

2075 3627 2347 3701 τεσσάρων
2405 3632 2502 3682 τοῦ
2575 3628 2817 3683 ἐνιαυτοῦ
2889 3636 3094 3703 καιρῶν
3171 3634 3454 3706 γενέσεως·
3518 3634 3610 3689 καὶ
3675 3634 3738 3690 οὐ

2071 3717 2248 3790 μόνον
2305 3717 2538 3789 τούτων,
2597 3715 2742 3772 ἀλλὰ
2797 3719 2886 3772 καὶ
2943 3721 3138 3794 ἑτέρων
3171 3724 3616 3796 χρησιμωτάτων
3647 3724 3739 3779 καὶ

2079 3807 2518 3881 ἀναγκαιοτάτων
2549 3812 2630 3879 τῷ
2679 3807 2874 3882 κόσμῳ
2918 3813 3278 3886 πραγμάτων,
3339 3815 3413 3877 ὡς
3466 3813 3738 3869 πλατύτε-

2080 3917 2170 3972 ρον
2225 3900 2360 3968 ἡμῖν
2415 3893 2790 3951 ἀποδέδεικται
2851 3897 2903 3952 ἐν
2973 3905 3054 3972 τῷ
3114 3902 3543 3975 μνημονευθέντι
3605 3925 3737 3979 συγ·-

2078 3983 2386 4062 γράμματι.

2315 4076 2415 4138 κς’.
2448 4073 2577 4146 Περὶ
2615 4076 2871 4150 μεγέθους
2904 4075 3070 4145 ἠλίου
3103 4078 3192 4133 καὶ
3228 4078 3490 4152 σελήνης.

2146 4165 2217 4218 Τὸ
2248 4169 2344 4217 τοῦ
2399 4163 2562 4232 ἡλίου
2625 4165 2850 4240 μέγεθος
2883 4163 3108 4221 ἄπιστόν
3143 4189 3194 4222 τι
3231 4166 3383 4225 δοκεῖ
3411 4175 3527 4233 τοῖς
3562 4172 3739 4248 ἀγεω-

2083 4256 2374 4328 μετρήτοις
2444 4252 2532 4306 καὶ
2611 4259 2710 4322 τῆς
2776 4254 3102 4332 φιλοσοφίας
3179 4259 3473 4331 ἀμυήτοις.
3533 4263 3739 4323 Πάντες

2073 4343 2177 4415 ’μὶν
2230 4340 2323 4396 οὖν
2379 4342 2430 4396 οἱ
2487 4344 2858 4415 μαθηματικοὶ
2907 4345 3252 4423 ἀπεφήναντο
3283 4354 3472 4403 τοῦτον
3504 4355 3604 4418 τῆς
3634 4353 3738 4422 γῆς

2069 4431 2322 4505 μείζονα,
2382 4428 2714 4506 διεφώνησαν
2749 4433 2806 4487 δὶ
2839 4435 2964 4508 περὶ
2993 4440 3091 4490 τοῦ
3123 4437 3321 4491 ὁπόσον
3367 4436 3479 4491 ἐστί
3532 4436 3734 4508 μείζων

2071 4521 2166 4577 καὶ
2218 4519 2625 4578 πολυπλάσιος.
2685 4523 2748 4578 Ὀ
2799 4519 2856 4578 δὲ
2913 4525 3229 4602 σοφώτατος
3263 4523 3614 4598 Πτολεμαῖος
3646 4523 3738 4582 διὰ

2073 4615 2454 4686 γεωμετρικῶν
2539 4608 2862 4682 ἀποδείξεων
2948 4613 3037 4668 καὶ
3128 4611 3375 4684 μεθόδων
3459 4612 3734 4687 ἀπέδειξεν

2076 4700 2261 4755 ἑκατὸν
2322 4694 2978 4772 ὲϐδομηκονταπλασίονα
3035 4704 3227 4756 τοῦτον
3285 4709 3388 4772 τῆς
3416 4711 3518 4778 γῆς
3578 4704 3734 4765 εἶναι.

310 4793 450 4863 Ejus
464 4792 1025 4848 demonstrationem
1040 4809 1367 4864 proponere
1379 4797 1433 4848 et
1449 4792 1733 4863 explicare
1753 4808 1867 4848 non
1886 4796 1974 4849 est

2088 4790 2181 4844 Καὶ
2237 4791 2299 4844 τὸ
2375 4789 2469 4862 μὶν
2523 4791 2624 4858 τήν
2685 4787 2950 4859 ἆκὸδειξιν
3007 4789 3216 4846 ἐκείνου
3276 4793 3586 4867 προτιθέναι
3644 4795 3738 4850 καῖ

309 4883 621 4954 praesentis
651 4882 864 4953 operis;
899 4881 990 4935 hic
1019 4885 1249 4936 tantum
1282 4881 1785 4937 demonstrabitur
1813 4880 1968 4936 clare

305 4974 366 5026 et
394 4970 721 5026 indubitate
749 4970 933 5026 solem
967 4973 1121 5024 terra
1147 4985 1278 5025 esse
1309 4970 1613 5040 majorem,
1639 4969 1749 5025 hoc
1772 4971 1966 5026 modo.

311 5059 610 5131 Quidquid
640 5058 964 5126 illuminat,
1000 5064 1101 5113 aut
1131 5057 1471 5113 illuminata
1502 5075 1563 5114 re
1611 5059 1808 5128 majus
1856 5063 1966 5126 est,

313 5153 416 5200 aut
470 5150 523 5201 ei
571 5164 805 5217 aequum
856 5153 971 5214 est,
1023 5153 1125 5201 aut
1171 5163 1238 5201 ea
1290 5148 1506 5202 minus.
1560 5149 1630 5202 Et
1676 5147 1725 5201 si
1772 5149 1968 5217 majus

313 5235 550 5303 quidem
582 5241 692 5301 est,
727 5237 999 5292 umbram
1033 5236 1277 5291 omnino
1309 5254 1342 5291 a
1391 5236 1519 5292 basi
1569 5236 1774 5290 latiore
1820 5237 1967 5290 inci-

315 5322 571 5390 pientem
604 5325 798 5394 efﬁcit,
832 5331 890 5381 et
921 5342 1108 5398 usque
1159 5326 1230 5381 ad
1282 5331 1514 5381 acutam
1565 5324 1968 5381 summitatem

315 5416 673 5480 porrectam;
734 5414 783 5468 si
841 5413 1088 5486 aequale,
1156 5416 1431 5469 umbram
1489 5413 1669 5469 efﬁcit
1724 5431 1851 5484 quae
1907 5413 1968 5469 in

311 5497 611 5553 inﬁnitum
637 5500 788 5556 intra
837 5517 996 5573 aeque
1052 5503 1343 5558 distantes
1385 5504 1575 5559 lineas
1615 5503 1968 5578 porrigitur;

311 5584 365 5639 si
398 5586 596 5642 minus
625 5593 1024 5658 est,umbram
1056 5592 1114 5645 in
1149 5592 1397 5648 formam
1427 5591 1642 5648 calathi
1675 5594 1968 5664 producit,

313 5689 441 5745 quas
477 5677 549 5730 ab
581 5683 835 5748 angusta
865 5680 990 5736 basi
1020 5679 1082 5735 in
1115 5680 1414 5737 inﬁnitum
1468 5681 1768 5737 dilatatur.
1820 5683 1967 5738 Cum

312 5778 450 5820 vero
478 5768 634 5823 terra
681 5767 810 5822 coni
856 5770 1103 5825 formam
1154 5770 1465 5828 habentem
1519 5771 1793 5829 umbram
1841 5771 1967 5830 efﬁ-

2080 4877 2408 4954 διασαφῆσαι
2439 4877 2733 4954 ἀλλότριον
2778 4885 2878 4947 τῆς
2925 4881 3290 4954 προκειμένης
3337 4885 3733 4957 πραγματείας,

2079 4968 2304 5033 ἐνταῦθα
2361 4965 2418 5022 δὲ
2464 4965 2809 5044 δειχθήσεται
2862 4969 3102 5045 ἐναργῶς
3135 4971 3225 5025 καὶ
3284 4972 3732 5048 ἀναμφηρίστως,

2079 5058 2154 5119 ὠς
2220 5058 2416 5130 μείζων
2476 5057 2585 5113 ἐστὶ
2638 5067 2737 5127 τῆς
2787 5066 2889 5132 γῆς
2946 5061 2973 5114 ὁ
3024 5059 3213 5133 ἥλιος,
3270 5063 3732 5134 τοιουτοτρόπως.

2083 5149 2190 5202 Ηᾶν
2242 5149 2304 5202 τὸ
2364 5147 2598 5221 φωτίζον
2651 5148 2686 5216 ἢ
2725 5149 2908 5221 μεῖζόν
2967 5147 3076 5204 ἔστι
3107 5155 3204 5204 τοῦ
3237 5153 3638 5225 φωτιζομένου,
3697 5151 3734 5222 ἢ

2079 5235 2216 5305 ἴσον,
2274 5237 2309 5304 ἢ
2371 5231 2618 5291 ἔλαττον.
2681 5236 2840 5292 Ἀλλ’
2899 5238 2945 5293 εἰ
3009 5239 3101 5312 μὶν
3140 5242 3326 5312 μεῖζόν
3361 5239 3736 5317 ἐστι,κομιδῇ

2077 5331 2226 5381 ποιεῖ
2280 5327 2380 5393 τήν
2437 5327 2588 5379 σκιὰν
2653 5325 2759 5380 ἀπὸ
2812 5325 3075 5389 πλατείας
3128 5329 3447 5404 ἀρχομένην
3506 5331 3737 5406 βάσεως,

2077 5414 2168 5467 καὶ
2225 5411 2638 5489 περατουμένην
2697 5413 2772 5474 εἷς
2823 5415 2998 5484 ὀξεῖαν
3048 5419 3316 5491 κορυφήνθ
3357 5417 3404 5472 εἲ
3452 5416 3597 5486 τἶσον,
3647 5418 3733 5474 ἐπὶ

2079 5500 2298 5578 ἄπειρον
2347 5502 2478 5556 ἰέναι
2528 5503 2919 5576 παρασκευάζει
2950 5507 3049 5574 τήν
3084 5507 3235 5560 σκιὰν
3276 5507 3470 5579 μεταξὺ
3517 5507 3738 5584 παραλ⁶

2081 5591 2271 5663 λήλων
2333 5591 2579 5654 εὐθειῶν·
2640 5591 2689 5646 εἲ
2745 5591 2802 5648 δὶ
2839 5592 3085 5662 ἔλαττον,
3139 5595 3472 5666 καλαθοειδῆ
3529 5599 3734 5669 ταύτην

2076 5681 2382 5758 ἐργάζεται,
2444 5681 2550 5737 ἀπὸ
2583 5689 2775 5752 στενῆς
2819 5689 2920 5754 τῆς
2958 5683 3167 5758 βάσεως
3201 5683 3638 5758 πλατυνομένην
3669 5685 3740 5743 ﬁt

2087 5769 2332 5850 ἄπειρον.
2377 5771 2529 5830 Ἐπεῖ
2563 5769 2620 5826 δὲ
2651 5773 2686 5843 ἡ
2717 5778 2810 5849 γῆ,
2857 5773 3007 5847 παρὰ
3038 5779 3136 5830 τοῦ
3169 5773 3340 5846 ἡλίου
3373 5777 3731 5855 φωτιζομίνη
