4100 6386
343 380 467 442 805

1601 383 2092 448 SOLUTIONES
2137 388 2516 458 QU/EDAM.

3665 391 3784 454 806

350 509 620 583 κωνοειδῆ
681 517 919 568 ποιεῖται
965 515 1065 584 τὴν
1140 513 1316 584 σκιὰν,
1367 513 1605 571 ὗλάττων
1656 515 1820 570 αὐτοῦ
1870 516 2011 571 ἔστιν

2131 519 2246 575 ciat
2276 537 2310 575 a
2341 520 2464 577 sols
2503 519 2864 589 illuminata,
2916 521 3038 579 sole
3081 523 3276 580 minor
3333 529 3440 581 est.
3475 525 3656 582 Terra
3685 541 3784 581 au-

349 605 473 660 Ὀτι
511 601 571 659 δὲ
600 605 635 674 ἡ
669 610 742 678 γῆ
775 602 1045 674 κωνοειδῆ
1096 610 1336 660 ποιεῖται
1377 612 1476 676 τῆν
1528 607 1704 676 σκιὰν,
1754 605 1926 675 δῆλον
1960 605 2019 661 ἑκ

347 698 457 750 τῶν
490 701 590 764 τῆς
626 692 868 766 σελήνης
922 692 1240 768 ἐκλείψεων.
1293 697 1419 754 Ὃτε
1463 696 1563 773 γὰρ
1598 695 1824 772 ἐκλείψῃ
1854 696 1905 750 ἐν
1937 701 2017 769 τῷ

349 782 599 858 ἆπογείῳ
631 782 821 855 αὐτῆς,
875 783 1158 860 πόρῥωθέν
1217 783 1325 839 ἐστι
1376 791 1476 855 τῆς
1524 789 1648 860 γῆς,
1681 787 1769 840 καὶ
1802 786 2018 862 ταχέως

347 872 713 947 ἆκλάμπεται,
763 874 837 936 ὡς
885 873 947 930 τὸ
1007 873 1509 952 λεπτομερέστερον
1573 875 1736 951 μέρος
1789 873 2017 950 διερχο-

352 966 486 1040 μένη
520 970 623 1034 τῆς
656 968 808 1026 σκιᾶς
843 983 856 995 ·
912 959 1003 1020 ὅτε
1043 961 1100 1019 δὶ
1150 963 1202 1019 ἐν
1254 969 1332 1038 τῷ
1379 960 2014 1041 περιγείῳ,ἐμ6ραδύνει

347 1057 417 1127 τῇ
477 1051 741 1126 ἐκλείψει,
800 1052 875 1116 ὡς
949 1053 1014 1108 τὸ
1102 1052 1410 1129 παχύτερον
1490 1055 1654 1129 μέρος
1709 1060 1809 1123 τῆς
1865 1059 2017 1117 σκιᾶς

352 1142 715 1219 διερχομένη.
746 1143 826 1201 Οὐ
862 1144 971 1217 μὴν
1004 1141 1151 1200 ἀλλὰ
1175 1144 1264 1199 καὶ
1312 1144 1372 1199 ἐκ
1424 1142 1650 1200 πολλῶν
1681 1143 1868 1200 ἄλλων
1903 1141 2016 1199 δεί-

351 1253 538 1290 κνυται
579 1234 648 1288 τὰ
701 1236 1065 1308 περατοῦσθαι
1111 1233 1174 1288 τὸ
1231 1241 1331 1304 τῆς
1381 1241 1487 1310 γῆς
1545 1233 1764 1304 σκίσμοι.
1828 1233 2015 1311 Εἰγὰρ

353 1321 434 1378 ἐπ’
493 1321 716 1397 ἄπειρον
755 1322 977 1398 προῄει,
1016 1321 1282 1394 ἐσκότιζεν
1343 1321 1401 1380 ἂν
1455 1323 1553 1379 οὐκ
1612 1323 1831 1401 ὀλίγους
1882 1321 2014 1387 τοὺς

351 1413 615 1488 ἀστέρων,
671 1413 761 1468 καὶ
818 1414 939 1478 καθ’
967 1414 1197 1486 ἑκάστην
1251 1413 1415 1470 νύκτα
1462 1413 1729 1470 ἐκλείπειν
1786 1413 2012 1476 τούτους

353 1501 522 1558 ἰποίει
559 1522 571 1534 ·
618 1506 704 1558 νῦν
757 1499 814 1558 δὲ
863 1501 925 1557 ού
991 1502 1233 1581 φαίνεταί
1283 1525 1335 1558 τι
1383 1508 1654 1561 τοιοῦτον.
1707 1503 1835 1576 Περὶ
1893 1501 2016 1557 ταύ-

355 1613 456 1663 της
479 1589 536 1648 δὶ
559 1595 657 1662 τῆς
691 1596 845 1656 σκιᾶς
879 1615 1011 1671 φησι
1037 1593 1126 1648 καὶ
1157 1595 1186 1649 6
1217 1599 1477 1666 ποιητής.

355 1695 443 1748 Ἐν
477 1689 522 1748 δ’
554 1691 701 1748 ἔπεσ³
735 1691 954 1766 ὠκῖανῷ
986 1692 1240 1768 λαμπρὸν
1272 1694 1405 1771 φάος
1439 1691 1681 1763 ἠελίοιο,

351 1781 557 1842 Ἕλκον
588 1781 756 1838 νύκτα
792 1780 1050 1856 μέλαιναν
1087 1783 1175 1838 ἐπὶ
1205 1781 1464 1857 ζείδωρον
1497 1780 1755 1858 ἄρουραν.

357 1897 538 1956 ’Λλλᾶ
564 1899 654 1954 καὶ
688 1897 748 1954 ἑκ
772 1895 934 1953 τοῦδε
977 1896 1150 1967 δῆλον
1198 1899 1260 1953 τὸ
1307 1903 1403 1954 τοῦ
1451 1898 1619 1969 ἡλίου
1675 1899 1897 1974 μέγεθος
1932 1916 1944 1931 ⁸
1979 1901 2013 1970 ἡ

2129 1873 2216 1925 est
2263 1868 2408 1925 solis
2476 1871 2824 1942 magnitudo
2876 1888 2890 1928 :

359 1987 559 2060 σελήνη
623 1986 729 2050 ὕπὸ
780 1989 871 2043 τὸν
933 1989 1145 2063 Θερινὸν
1213 1994 1386 2044 κεῖται
1437 1989 1698 2066 τροπικόν
1735 2007 1750 2023 ⁸
1813 1991 2015 2045 ὁπόταν

358 2077 448 2134 οὖν
482 2080 510 2134 6
555 2077 719 2147 ἥλιος
772 2076 948 2133 ἐκεῖσε
986 2079 1226 2154 γίνηται,
1277 2078 1414 2133 κατὰ
1464 2074 1806 2153 μεσημϐρίαν
1858 2077 2016 2134 ἄσκια

351 2173 500 2225 ποιεῖ
555 2168 623 2222 τὰ
675 2167 848 2224 ἐκεῖσε
900 2168 1128 2240 σώματα
1191 2167 1279 2222 ἐπὶ
1345 2165 1593 2230 σταδίους
1643 2169 2013 2244 τριακοσίους.

352 2260 557 2332 ’Ήγουν
590 2257 618 2312 6
648 2253 875 2324 κύκλος,
917 2256 976 2311 ’ὃν
1020 2254 1395 2333 διαπορεύεται
1427 2259 1455 2312 6
1486 2256 1669 2327 ἥλιος,
1706 2257 2014 2333 μυριοπλα-

354 2346 480 2403 σίων
513 2345 626 2406 ἐστὶ
656 2352 758 2416 τῆς
796 2349 919 2420 γῆς,
972 2347 1061 2400 καὶ
1111 2347 1173 2400 τὸ
1228 2347 1392 2422 μέρος
1437 2351 1536 2401 τοῦ
1580 2347 1788 2402 κύκλου
1818 2347 2014 2403 τούτου

353 2435 606 2513 ὕπερὲχει
637 2436 700 2491 τὸ
726 2439 826 2491 τοῦ
873 2433 1042 2504 ἡλίου
1101 2435 1326 2512 μέγεθος
1360 2454 1374 2469 ο
1428 2434 1826 2512 μυριοπλάσιον
1879 2437 2015 2493 εἶναι

355 2522 436 2581 δεῖ
473 2530 572 2582 τοῦ
619 2522 966 2595 δηλωθένντος
1011 2531 1113 2593 τῆς
1159 2531 1266 2600 γῆς
1308 2527 1603 2599 τμήματος
1635 2545 1648 2559 ·
1709 2527 1772 2580 τὸ
1831 2524 1888 2581 δὲ
1917 2531 2013 2582 τοῦ

353 2614 516 2686 ἡλίου
548 2617 746 2690 σχῆμα
793 2609 874 2668 ὅτι
919 2613 1030 2668 ἑστὶ
1069 2612 1436 2691 σφαιροειδὲς,
1482 2615 1740 2677 ὡσαύτως
1788 2616 2011 2672 καὶτῶν

354 2701 565 2760 λοιπῶν
596 2704 652 2758 ἐν
701 2701 917 2777 οὐρανῷ
969 2703 1266 2776 σώματων,
1314 2701 1622 2780 πρόδηλον,
1669 2704 1744 2768 ὡς
1774 2705 2010 2780 εἴρηται,

352 2794 442 2850 καὶ
475 2793 797 2871 σαφέστερον
830 2791 884 2846 ἐν
912 2797 991 2864 τῷ
1021 2793 1146 2867 περὶ
1171 2794 1464 2868 σχήματος
1497 2793 1652 2867 λόγῳ
1695 2793 2010 2870 ῥηθήσεται.

660 2883 760 2952 κζ’.
787 2882 917 2956 Ηερὶ
948 2889 1049 2952 τῆς
1069 2887 1165 2936 τοῦ
1189 2881 1356 2952 ἡλίου
1389 2881 1708 2958 ἐκλείψεως.

430 2975 620 3028 Ἦτοῦ
659 2971 827 3042 ἡλίου
871 2968 1114 3048 ἔκλειψις
1163 2975 1390 3047 γίνεταιί
1444 2977 1534 3030 ὅτε
1587 2979 1621 3044 ἡ
1681 2975 1886 3047 σελήνη
1917 2977 2009 3032 τὸν

368 3059 531 3130 ἥλιον
559 3059 612 3116 ἐν
643 3060 846 3135 συνόδῳ
893 3062 1204 3139 ὕποδράμη,
1259 3067 1334 3137 μὴ
1387 3062 1591 3141 ἔχουσα
1633 3065 1843 3128 πλάτος
1874 3068 2012 3140 πρὸς

364 3150 456 3206 τὸν
518 3147 778 3221 ζωδιακὸν
834 3151 1056 3210 κύκλὸν·
1111 3159 1418 3224 Τηνικαῦτα
1499 3156 1602 3230 γὰρ
1668 3155 2011 3234 ἀντιφράττει

361 3245 482 3302 ταῖς
538 3239 745 3296 ἀκτίσιν
795 3241 979 3311 αὐτοῦ,
1039 3239 1178 3298 ὥστε
1221 3245 1296 3317 μὴ
1345 3240 1671 3300 καταλαϐεῖν
1729 3247 1827 3314 τὴν
1880 3252 2035 3320 γῆν..

359 3329 458 3386 Διά
498 3333 665 3385 τοῦτο
706 3330 788 3386 ἀεὶ
819 3329 870 3387 ἰν
917 3330 1129 3405 συνόδῳ
1175 3331 1378 3409 γίνεται
1417 3337 1452 3403 ἡ
1497 3333 1706 3403 ἡλιακή
1742 3329 2006 3408 ἔκλειψις.

357 3416 504 3486 πλὴν
572 3425 672 3488 τῆς
716 3420 1015 3496 γενομένης
1076 3421 1162 3476 ἐπὶ
1221 3427 1316 3476 τοῦ
1370 3425 1647 3497 σωτηρίου
1678 3422 1881 3486 πάθους
1911 3428 2009 3479 τοῦ

357 3507 563 3584 Κυρίου
622 3511 784 3581 ἡμῶν
845 3508 1017 3580 ἐκείνη
1076 3512 1177 3585 γὰρ
1236 3509 1559 3587 παραδόξως
1600 3511 1651 3566 ἐν
1684 3511 2010 3585 πανσελήνῳ

354 3599 598 3674 γέγονεν.
625 3598 693 3654 Αἱ
743 3595 800 3652 δὲ
837 3597 1108 3672 ἰκλείψεις
1158 3601 1289 3655 ποτὶ
1337 3602 1432 3673 μὲν
1479 3600 1740 3671 καθόλου,
1786 3602 1919 3656 ποτὶ
1954 3599 2012 3655 δὲ

361 3686 578 3760 μερικαὶ
605 3685 846 3762 γίνονται
883 3705 896 3720 ο
949 3688 1189 3752 καθόλου
1240 3690 1358 3762 μὲν,
1411 3691 1500 3744 ὅτε
1544 3689 1676 3752 ὅλος
1723 3692 1750 3746 ὁ
1782 3689 2012 3760 ἡλιακὸς

357 3775 561 3839 κύκλος
621 3775 998 3850 ἐπισκοτισθῇ,
1068 3779 1204 3832 κατὰ
1261 3779 1483 3834 κάθετον
1551 3779 1845 3856 γεγονότων
1903 3784 2010 3835 τῶν

356 3867 590 3944 κέντρων
621 3871 720 3921 τοῦ
766 3888 826 3922 τε
866 3865 1032 3936 ἡλίου
1074 3867 1161 3922 καὶ
1202 3876 1302 3938 τῆς
1342 3870 1577 3940 σελήνης
1610 3887 1623 3900 ⁸
1662 3869 1876 3944 μερικαὶ
1935 3867 2012 3942 δὲ,

358 3955 449 4011 ὅτε
501 3956 666 4031 μέρος
711 3955 909 4011 τούτου
958 3954 1209 4032 ἐκλείψῃ.
1260 3959 1374 4015 Ούκ
1422 3957 1476 4014 ἓν
1522 3958 1666 4034 πάσῃ
1725 3957 1780 4014 δὶ
1827 3963 1897 4033 τῇ
1929 3960 2014 4014 οἱ·

355 4047 597 4120 κουμὲνῃ
652 4045 682 4100 6
740 4043 904 4115 ἥλιος
981 4044 1250 4102 ἐκλείπων
1317 4047 1581 4122 φαίνεται,
1642 4047 1788 4103 ἀλλὰ
1869 4048 2017 4123 παρὰ

363 4134 549 4210 μέρεσι
578 4155 708 4190 τισι.
742 4135 842 4189 Καὶ
891 4135 994 4211 γὰρ
1044 4135 1266 4190 ἐνταῦθα
1314 4136 1402 4190 ἰπὶ
1451 4144 1550 4206 τῆς
1598 4142 1695 4192 τοῦ
1728 4135 2016 4212 Κομνηνοῦ

360 4223 639 4300 βασιλείας
697 4223 827 4286 ὅλος
877 4224 1129 4300 ἐκλείψας
1176 4228 1314 4302 πρὸς
1364 4223 1618 4298 δυσμαῖς,
1646 4227 1697 4283 ἐν
1752 4228 2016 4304 Αἰγύπτῳ

361 4312 469 4389 οὐχ
493 4311 640 4376 ὅλως
673 4313 937 4384 ἐξέλιπεν,
995 4315 1070 4378 ὡς
1118 4315 1290 4370 ἐκεῖσε
1335 4317 1721 4392 παραγεγονὼς
1770 4312 2014 4392 ἠκριϐω-

362 4401 565 4476 σάμην.
599 4404 662 4458 Οἱ
695 4404 784 4458 οὗν
821 4405 1197 4478 μαθηματικοὶ
1245 4404 1368 4460 ὅσον
1419 4405 1556 4460 κατὰ
1600 4407 1662 4461 τὸ
1696 4407 2017 4484 φαινόμενον

360 4491 438 4555 εἷς
503 4494 573 4567 ιβ’
626 4489 928 4556 δακτύλους
983 4494 1082 4562 τήν
1152 4493 1322 4564 ἡλίου
1369 4495 1460 4550 καὶ
1519 4492 1754 4566 σελήνης
1811 4493 2016 4552 διεῖλον

362 4579 674 4660 ἐπιφάνειαν
713 4601 725 4614 ·
757 4583 852 4638 καὶ
883 4582 929 4638 εἷ
989 4584 1083 4656 μὲν
1138 4586 1257 4648 καθ’
1306 4581 1478 4657 ἥμισυ
1514 4584 1738 4660 γένηται
1769 4587 1803 4654 ἡ
1837 4579 2020 4640 ἔκλει-

357 4673 475 4746 ψις,
508 4668 870 4741 ἐξαδάκτυλον
919 4671 1123 4744 ταύτην
1172 4673 1534 4746 ὀνομάζουσιν
1569 4693 1581 4706 ·

357 4761 562 4836 τρίτον,

362 4847 598 4908 λοιπῶν.

647 4760 1105 4840 τετραδάκτυλον,
1182 4763 1274 4818 καὶ
1361 4761 1648 4841 ἀναλόγως
1747 4763 1836 4819 ἐπὶ
1915 4769 2024 4820 τῶν

360 4963 466 5030 κη’.
549 4959 684 5034 Περὶ
770 4957 960 5021 οὐσίας
1048 4957 1154 5035 καὶ.
1226 4963 1526 5035 φωτισμῶν
1615 4956 1855 5030 σελήνης
1933 4959 2023 5014 καὶ

1045 5033 1155 5106 σχή
1168 5033 1334 5104 ματος
1345 5075 1356 5087 .

437 5118 505 5177 Ei
542 5119 632 5176 καὶ
693 5121 745 5175 οἱ
801 5120 1239 5194 Ἀριστοτελικοὶ
1280 5122 1530 5194 πὲμπτον
1585 5121 1841 5184 ὑπέθεντο
1869 5125 2028 5193 σῶμα

360 5209 452 5264 τὸν
484 5207 738 5282 οὐρανὸν,
780 5207 907 5264 ἀλλ’
957 5208 1052 5263 οὗν
1105 5208 1462 5284 ὁμολογοῦσι,
1518 5211 1655 5286 μέρη
1717 5211 1810 5282 μὶν
1861 5209 2028 5264 αὐτοῦ

363 5301 499 5353 εἶναι
530 5297 837 5374 παχύτερα,
865 5298 956 5353 καὶ
998 5298 1235 5373 μάλιστα
1272 5300 1339 5354 τὰ
1366 5304 1434 5373 τῇ
1475 5304 1544 5374 γῆ
1576 5300 2026 5374 προσεγγίζοντα,

369 5385 506 5462 μὲρη
565 5385 623 5442 δὲ
665 5385 990 5462 λεπτότερα,
1048 5389 1115 5442 τὰ
1158 5387 1353 5443 ἄνωθεν
1407 5389 1497 5443 καὶ
1548 5388 1872 5464 ποῤῥώτερα
1928 5396 2028 5458 τῆς

362 5483 488 5552 γῆς.
522 5479 584 5532 Ἥ
622 5481 755 5552 γοῦν
800 5474 1030 5548 σελήνη,
1068 5481 1147 5549 τῷ
1195 5477 1250 5532 ἐν
1280 5478 1482 5553 γενέσει
1515 5479 1604 5532 καὶ
1636 5482 1810 5554 φθορᾷ
1847 5477 2027 5549 τούτῳ

363 5565 561 5640 κόσμῳ
626 5564 1033 5637 πλησιάζουσαι,
1118 5565 1218 5621 οὐκ
1296 5567 1527 5641 ἄμοιρος
1581 5565 1696 5621 οὐδ’
1749 5568 2026 5642 ἀμέτοχος

364 5654 700 5735 κατελείφθη
760 5660 870 5711 τῶν
926 5656 1126 5712 τούτου
1190 5659 1393 5724 κακῶν,
1453 5654 1598 5712 ἀλλὰ
1648 5661 1883 5732 παχεῖαν
1937 5656 2028 5711 καὶ

364 5744 564 5804 ὡσανεὶ
622 5741 802 5825 γεώδη
861 5745 963 5818 τήν
1027 5744 1320 5805 ὑπόστασιν
1379 5741 1518 5826 ἔχει.
1573 5746 1682 5804 Καὶ
1730 5745 1793 5803 οὐ
1850 5745 2028 5818 πᾶντη

2128 613 2247 666 tem
2305 613 2577 667 umbram
2637 611 2696 666 in
2747 614 2996 669 formam
3041 614 3171 670 coni
3222 614 3465 687 produci
3513 633 3581 672 ex
3625 615 3784 672 lunas

2127 701 2560 758 defectionibus
2591 701 2974 759 manifestum
3028 707 3136 759 est.
3187 704 3332 760 Cum
3383 706 3538 761 enim
3589 705 3786 762 deﬁcit

2127 790 2186 846 in
2220 808 2328 846 sua
2359 794 2616 847 maxima
2645 809 2678 847 a
2707 797 2861 848 terra
2895 793 3197 862 distantia,
3240 800 3381 850 tunc
3428 796 3545 852 cito
3577 813 3785 853 rursus

2125 880 2521 949 illuminatur,
2553 898 2619 939 eo
2665 884 2821 954 quod
2869 884 3265 956 angustiorem
3299 885 3522 941 umbrae
3554 891 3783 959 partem

2125 971 2360 1027 transit.
2395 973 2638 1038 Quando
2670 976 2866 1028 autem
2916 973 2976 1028 in
3027 991 3135 1028 sua
3180 973 3422 1030 minima
3449 993 3482 1031 a
3511 980 3666 1032 terra
3695 976 3782 1031 di-

2126 1062 2368 1131 stantia,
2425 1062 2859 1119 diuturniorem
2911 1063 3301 1120 defectionem
3351 1064 3596 1137 patitur,
3647 1065 3786 1136 quia

2125 1148 2395 1206 latiorem
2447 1152 2673 1208 umbra
2729 1166 2955 1224 partem
3026 1154 3261 1208 transit.
3336 1158 3404 1209 Et
3452 1171 3519 1211 ex
3579 1153 3786 1212 multis

2125 1240 2256 1297 aliis
2288 1241 2623 1298 ostenditur
2646 1242 2949 1298 terminari
2981 1248 3148 1299 terrae
3208 1245 3500 1300 umbram.
3535 1245 3595 1302 Si
3628 1244 3786 1301 enim

2127 1330 2184 1385 in
2217 1331 2518 1387 inﬁnitum
2553 1333 2915 1404 procederet,
2966 1334 3351 1390 obumbraret
3397 1351 3514 1391 non
3565 1351 3786 1406 paucas

2127 1420 2416 1486 stellas,et
2439 1421 2690 1494 singulis
2715 1422 2988 1478 noctibus
3011 1439 3215 1478 earum
3239 1424 3788 1499 defectioniscausa

2127 1511 2435 1579 existeret;
2468 1511 2616 1566 nihil
2647 1517 2845 1569 autem
2877 1513 3223 1585 hujusmodi
3249 1531 3406 1569 nunc
3438 1518 3693 1587 apparet.
3709 1519 3786 1570 De

2125 1599 2228 1655 illa
2276 1604 2474 1657 autem
2527 1602 2737 1658 umbra
2794 1606 2964 1674 poeta
3021 1601 3207 1658 dicit:
3245 1603 3529 1660 «Oceano
3577 1603 3790 1660 incidit

2122 1689 2350 1745 clarum
2383 1690 2524 1747 solis
2575 1691 2797 1761 lumen,
2849 1697 3078 1748 noctem
3119 1693 3430 1749 obscuram
3483 1694 3786 1751 adducens

2124 1779 2183 1835 in
2218 1781 2441 1836 fertiles
2490 1797 2685 1853 agros.
2725 1803 2750 1835 α
2800 1783 2913 1839 Sed
2937 1799 3005 1837 ex
3057 1782 3168 1838 hoc
3207 1799 3441 1856 quoque
3471 1784 3788 1841 manifesta

2946 1872 3105 1927 Luna
3154 1873 3263 1928 sub
3312 1872 3512 1929 aestivo
3560 1873 3786 1944 trapico

2120 1959 2279 2029 jacet
2311 1974 2325 2014 :
2356 1959 2800 2032 quandoigitur
2853 1959 2940 2015 sol
2988 1959 3128 2016 illuc
3178 1961 3466 2032 pervenit,
3501 1962 3785 2018 umbrosa

2127 2048 2267 2103 facit
2296 2065 2363 2104 ea
2394 2065 2521 2120 quae
2574 2049 2694 2105 illic
2745 2049 2858 2106 sita
2901 2055 3042 2106 sunt
3094 2068 3340 2124 corpora
3382 2056 3783 2109 trecentorum

2126 2138 2453 2194 stadiorum
2486 2138 2696 2210 spatio.
2731 2137 2997 2195 Circulus
3029 2157 3201 2213 porro
3247 2158 3422 2213 quem
3473 2141 3558 2197 sol
3589 2147 3784 2198 trans-

2125 2227 2191 2296 it,
2220 2228 2413 2284 decies
2445 2228 2658 2284 millies
2701 2229 2891 2300 major
2934 2234 3091 2286 terra
3140 2237 3250 2300 est,
3303 2235 3359 2286 et
3411 2230 3618 2288 circuli
3667 2231 3782 2286 hu-

2119 2317 2220 2388 jus
2253 2323 2480 2389 partem
2515 2335 2642 2391 quae
2692 2319 2833 2374 solis
2885 2319 3360 2391 magnitudinem
3396 2324 3556 2377 tenet
3586 2320 3783 2377 decies

2125 2405 2342 2463 millies
2375 2409 2658 2478 majorem
2691 2425 2821 2464 esse
2845 2413 3072 2481 oportet
3107 2426 3284 2481 quam
3332 2409 3781 2482 praeiudicatum

2123 2499 2290 2552 terra:
2333 2498 2616 2569 spatium.
2664 2497 2819 2553 Solis
2870 2503 3067 2554 autem
3122 2499 3374 2554 formam
3421 2499 3662 2572 sphaerae
3695 2499 3780 2555 si-

2125 2585 2326 2641 milem
2349 2603 2477 2642 esse
2510 2591 2573 2642 ut
2590 2591 3012 2642 et‘caeterorum
3046 2586 3105 2642 in
3139 2587 3282 2644 crelo
3315 2605 3628 2658 corporum
3657 2605 3779 2644 ma-

2125 2675 2404 2731 nifestum
2439 2680 2547 2746 est,
2584 2681 2646 2731 ut
2676 2676 2953 2745 diximus,
3010 2681 3068 2733 et
3111 2677 3330 2733 clarius
3380 2679 3440 2733 in
3473 2683 3673 2734 nostro
3709 2679 3780 2734 de

2124 2766 2315 2821 forma
2344 2783 2516 2838 opere
2547 2766 2784 2822 dicitur.

2635 2892 2727 2947 27.
2761 2892 2835 2946 De
2865 2892 3000 2947 solis
3026 2891 3256 2963 defectu.

2192 2980 2342 3037 Solis
2373 2981 2620 3036 defectio
2651 2981 2886 3046 accidit,
2915 2983 3154 3053 quando
3205 2981 3348 3038 luna
3399 2981 3582 3038 solem
3614 2981 3777 3038 subit

2122 3070 2182 3125 in
2216 3087 2556 3141 congressu,
2599 3088 2711 3124 non
2765 3071 2989 3126 habens
3034 3069 3406 3127 latitudinem
3455 3072 3526 3126 ad
3576 3072 3777 3128 zodia-

2124 3175 2278 3214 cum.
2348 3159 2512 3214 Tunc
2569 3158 2724 3214 enim
2776 3161 2904 3229 ejus
2956 3160 3136 3214 radiis
3185 3161 3524 3231 opponitur,
3575 3161 3658 3215 ita
3708 3163 3775 3215 ut

2125 3249 2197 3303 ad
2232 3254 2447 3303 terram
2496 3264 2610 3303 non
2658 3249 3020 3319 perveniant.
3071 3249 3202 3304 Ideo
3253 3265 3490 3321 semper
3521 3249 3576 3303 in
3629 3265 3774 3304 con-

2123 3355 2327 3410 gressu
2375 3338 2588 3392 accidit
2635 3336 2777 3392 solis
2838 3337 3107 3404 defectio,
3173 3343 3416 3409 excepta
3459 3342 3658 3394 tamen
3707 3354 3777 3395 ea

2119 3444 2249 3499 quas
2276 3427 2575 3482 Passionis
2608 3427 2839 3482 Domini
2871 3428 3054 3484 nostri
3087 3432 3350 3498 tempore
3399 3427 3632 3483 accidit.
3668 3426 3778 3485 Illa

2121 3516 2277 3573 enim
2319 3515 2507 3588 plenae
2553 3515 2705 3571 lunae
2754 3521 3018 3588 tempore
3062 3516 3415 3573 mirabiliter
3463 3518 3614 3572 facta
3664 3521 3774 3574 est.

2122 3608 2486 3662 Defectioues
2532 3624 2665 3662 vero
2717 3607 2859 3663 solis
2908 3624 3064 3662 nunc
3115 3607 3439 3678 completas,
3489 3623 3646 3662 nunc
3684 3607 3775 3662 in-

2121 3696 2426 3769 complete:
2453 3697 2606 3752 ﬁunt
2641 3713 2654 3752 :
2711 3697 3012 3767 completas
3058 3697 3296 3767 quidem
3349 3698 3584 3767 quando
3615 3701 3776 3752 totus

2122 3786 2333 3842 solaris
2365 3785 2621 3842 circulus
2653 3786 3062 3853 obumbratur,
3099 3786 3240 3842 solis
3268 3790 3326 3840 et
3369 3788 3520 3840 luna
3554 3785 3776 3842 centris

2125 3875 2452 3930 secundum
2487 3874 2700 3930 lineam
2751 3874 3295 3945 perpendicularem
3355 3873 3517 3940 sitis;
3551 3874 3777 3930 incomw

2125 3964 2294 4036 pletis
2317 3979 2448 4018 vero
2479 3963 2715 4034 quando
2763 3963 2945 4034 hujus
2994 3979 3130 4034 pars
3175 3967 3406 4018 tantum
3455 3963 3782 4018 obumbra-

2126 4061 2239 4110 tur.
2292 4052 2416 4108 Non
2469 4057 2665 4108 autem
2717 4069 2822 4124 per
2871 4057 3056 4108 totam
3106 4059 3325 4108 terram
3359 4052 3445 4107 sol
3498 4051 3780 4107 deﬁciens

2125 4150 2388 4215 apparet,
2448 4142 2548 4197 sed
2606 4145 2842 4196 tantum
2913 4141 3274 4212 quibusdam
3319 4141 3380 4195 in
3448 4139 3614 4196 locis.
3670 4141 3780 4196 Re-

2126 4236 2344 4304 gnante
2369 4233 2523 4288 enim
2569 4230 2862 4287 Comneno
2912 4236 3075 4286 totus
3127 4231 3185 4286 in
3237 4231 3538 4286 occidente
3567 4229 3656 4285 sol
3687 4231 3781 4285 der

2128 4321 2285 4390 fecit,
2317 4321 2379 4375 in
2411 4321 2654 4393 Egypto
2689 4336 2804 4374 non
2854 4319 3097 4374 omnino
3150 4319 3384 4387 defecit,
3439 4324 3500 4374 ut
3544 4335 3650 4391 ego
3700 4318 3782 4374 ibi

2127 4415 2271 4466 tune
2300 4427 2540 4466 versans
2589 4409 2999 4466 animadverti.
3047 4409 3448 4466 Mathematici
3507 4409 3686 4480 igitur
3715 4424 3786 4464 ex

2130 4503 2556 4574 apparentibus
2583 4501 2953 4573 superﬁciem
2988 4501 3130 4557 solis
3162 4506 3220 4557 et
3267 4501 3419 4556 lunae
3469 4501 3528 4556 in
3562 4501 3787 4556 duode-

2132 4591 2246 4646 cim
2279 4591 2492 4661 digitos
2540 4591 2869 4646 diviserunt
2900 4611 2914 4658 ;
2949 4591 2999 4646 si
3048 4591 3289 4663 quidem
3341 4590 3588 4646 defectio
3618 4587 3784 4646 dlmi-

1635 4672 1684 4728 εἴ
1715 4671 1773 4728 δὲ
1800 4673 1938 4730 κατά
1956 4673 2016 4729 τὸ

2129 4681 2226 4735 dia
2254 4686 2364 4749 est,
2413 4696 2544 4735 eam
2593 4695 2722 4735 esse
2770 4696 2870 4735 sex
2913 4679 3234 4750 digitorum
3285 4678 3529 4746 dicunt;
3564 4677 3615 4733 si
3646 4692 3778 4732 vero

2131 4767 2305 4824 tertia
2336 4772 2500 4840 parte
2531 4768 2673 4823 solis
2703 4772 2810 4835 est,
2844 4773 3102 4839 quatuor
3130 4768 3473 4840 digitorum,
3531 4770 3585 4821 et
3617 4763 3784 4820 simi-

2131 4856 2264 4912 liter
2291 4857 2363 4913 de
2395 4858 2618 4914 caeteris
2649 4857 3062 4913 divisionibus.

2310 4964 2399 5019 28.
2434 4965 2508 5020 De
2533 4966 2869 5034 substantia,
2901 4965 3114 5019 lumine
3138 4967 3188 5020 et
3214 4965 3395 5035 forma
3429 4960 3604 5018 lunae.

2212 5124 2330 5180 Etsi
2361 5124 2710 5180 Aristotelici
2743 5128 3080 5196 supponant
3110 5122 3322 5179 coelum
3353 5139 3482 5180 esse
3513 5121 3790 5194 quintum

2137 5231 2374 5285 corpus,
2429 5218 2626 5269 tamen
2677 5214 3074 5280 consentiunt,
3123 5219 3321 5284 partes
3370 5213 3615 5284 quidem
3661 5211 3791 5280 ejus

2137 5302 2282 5358 alias
2332 5318 2462 5358 esse
2504 5303 2822 5358 crassiores
2871 5303 3319 5373 prmsertimque
3368 5316 3549 5372 prope
3578 5305 3795 5354 terram

2137 5395 2303 5462 sitas,
2335 5395 2482 5451 alias
2511 5411 2645 5450 vero
2676 5395 2943 5461 leviores,
2980 5411 3078 5450 eas
3129 5409 3340 5465 nempe
3389 5410 3518 5465 quae
3550 5405 3792 5448 sursum

2122 5491 2276 5548 sunt
2304 5489 2360 5539 et
2391 5484 2581 5554 magis
2611 5501 2647 5539 a
2672 5489 2829 5539 terra
2859 5491 3094 5538 remotae
3153 5483 3319 5538 Luna
3366 5482 3569 5554 igitur,
3594 5479 3703 5537 toti
3732 5479 3794 5534 in

2136 5573 2513 5645 generatione
2544 5578 2601 5628 et
2629 5574 3003 5644 corruptione
3033 5573 3172 5627 huic
3193 5572 3414 5627 mundo
3441 5571 3792 5643 prepinqua,

2137 5662 2317 5734 hujus
2350 5678 2581 5734 quoque
2613 5662 2820 5716 mundi
2850 5659 3143 5717 malorum
3195 5678 3312 5718 non
3361 5677 3568 5733 expers
3600 5673 3794 5730 neque

2139 5751 2426 5808 immunis
2457 5751 2782 5809 constituta
2811 5755 2924 5820 est,
2957 5751 3061 5808 sed
3089 5766 3351 5808 crassam
3381 5753 3440 5805 et
3471 5746 3642 5823 quasi
3674 5749 3792 5801 ter-
