4100 6412
348 384 468 445 80³7

1687 370 2115 434 MICHAELIS
2159 372 2435 437 PSELLI

3658 367 3783 432 808

346 520 595 573 restrem
627 512 801 570 habet
848 509 1270 569 substantiam.
1319 506 1522 580 Neque
1568 522 1704 563 vero
1757 503 1993 562 omnino

2112 503 2299 577 όμαλὴ
2343 504 2414 561 δι’
2444 503 2581 564 δλου
2610 506 2778 577 αὐτῆς
2822 510 2919 563 τοῦ
2968 502 3222 580 σώματός
3274 502 3440 574 ἐστιν,
3491 501 3621 559 ἀλλ’
3669 496 3779 560 ἔστι

341 606 585 680 aqualis
618 608 707 661 est
740 620 841 676 per
868 607 1058 657 totum
1095 616 1273 655 suum
1322 614 1565 671 corpus,
1598 597 1698 653 sed
1735 595 2004 668 quaedam

339 698 470 769 ejus
501 700 700 768 partes
748 692 878 748 luce
927 695 1129 747 carent
1172 693 1230 744 et
1275 689 1538 744 obscurae
1589 689 1750 753 sunt,
1802 683 2009 740 medim

342 786 586 844 scilicet.
620 785 686 840 Et
716 780 1219 856 quemadmodum
1274 795 1343 834 ea
1402 794 1529 850 quae
1590 780 1922 832 nascuntur
1949 776 2010 828 et

343 878 807 947 corrumpuntur
873 870 1110 926 initium
1186 874 1245 924 et
1306 868 1764 931 incrementum,
1823 866 1880 919 et
1923 862 2006 917 vi-

343 981 543 1040 gorem
608 968 667 1020 et
726 959 1086 1017 debilitatem
1148 958 1385 1028 habent,
1459 956 1539 1011 ita
1582 959 1641 1011 et
1688 954 1840 1009 lunae
1907 951 2009 1007 lux

342 1055 528 1111 ﬁniet.
562 1053 763 1122 Neque
792 1067 925 1107 vero
968 1048 1343 1104 solummodo
1395 1051 1619 1102 caeteris
1669 1042 2006 1100 caelestibus

341 1144 690 1217 corporibus
721 1140 979 1212 eget.sed
1013 1142 1071 1195 et
1091 1137 1409 1209 aliquando
1436 1136 1492 1190 iu
1529 1135 1803 1191 umbram
1837 1138 2008 1189 terras

340 1233 570 1290 incidit.
606 1229 812 1287 Deﬁcit
842 1232 1040 1284 autem
1073 1243 1188 1282 non
1224 1230 1453 1281 tantum
1490 1224 1681 1297 quoad
1734 1227 2004 1277 nostrum

342 1326 668 1395 aspectum,
701 1319 799 1374 sed
832 1323 887 1374 et
917 1318 1046 1389 ipsa
1092 1315 1419 1372 secundum
1475 1313 1778 1386 pr0prium
1823 1327 1999 1367 suum

338 1411 561 1468 lumen.
598 1410 763 1467 Illam
796 1413 990 1464 autem
1028 1423 1062 1461 a
1111 1406 1232 1461 sole
1282 1404 1480 1460 lumen
1525 1403 1783 1475 recipere
1816 1402 2001 1457 mani-

340 1501 559 1557 festum
610 1504 701 1555 est
746 1496 836 1553 vel
889 1494 1201 1568 paululum
1249 1492 1728 1549 observantibus.
1762 1492 2004 1563 Semper

342 1590 502 1647 enim
558 1593 781 1660 partem
835 1584 1235 1641 illuminatam
1286 1584 1354 1638 ad
1406 1580 1592 1637 solem
1638 1580 1831 1650 vertit,
1866 1580 2001 1635 ubi-

2117 595 2241 650 τινὰ
2270 598 2396 673 παρ’
2446 597 2585 673 αὐτῇ
2648 599 2786 674 μέρη
2838 598 3019 676 φωτὸς
3070 592 3266 652 ἄδεκτα
3316 595 3403 650 καὶ
3456 591 3684 668 μέλανα,
3713 592 3782 649 τὰ

2120 679 2209 739 διὰ
2269 686 2434 759 μίσου
2499 686 2665 760 αὐτῆς
2699 706 2712 720 ·
2782 687 2873 742 καὶ
2956 685 3140 761 ὥσπερ
3196 683 3264 740 τὰ
3320 682 3371 739 ἐν
3425 682 3631 759 γενέσει
3687 682 3779 738 καὶ

2119 779 2293 851 φθορᾷ
2349 776 2554 854 ἀρχὴν,
2607 777 2697 833 καὶ
2745 773 2990 848 αὔξησιν,
3042 774 3134 831 καὶ
3188 773 3396 848 ἀκμὴν,
3452 773 3544 827 καὶ
3599 791 3779 848 παρα-

2116 865 2288 937 κμὴν,
2350 864 2496 922 οὕτω
2544 867 2634 923 καὶ
2698 866 2901 939 ταύτης
2952 862 3194 922 τελεῖται
3252 864 3281 919 ὁ
3340 860 3777 942 φωτισμός.Καὶ

2117 954 2182 1008 οὗ
2217 953 2383 1027 μόνον
2418 955 2468 1011 ἐν
2525 956 2742 1019 τούτοις
2796 953 3027 1012 ἰνδεῖται
3072 959 3180 1011 τῶν
3233 951 3446 1009 λοιπῶν
3507 948 3774 1026 οὐρανίων

2116 1045 2409 1117 σωμάτων,
2468 1044 2615 1102 ἀλλὰ
2671 1046 2759 1101 καὶ
2811 1044 3069 1120 ἐμπίπτει
3126 1042 3301 1100 ἐνίοτε
3345 1047 3424 1116 τῷ
3484 1040 3777 1115 σκιάσματι

2113 1135 2212 1201 τῆς
2240 1141 2343 1210 γῆς
2375 1155 2388 1168 ·
2433 1134 2671 1192 ἐκλείπει
2734 1133 2792 1191 δέ
2845 1136 2906 1191 οὒ
2967 1136 3104 1213 πρὸς
3144 1134 3243 1204 τὴν
3299 1131 3571 1210 ἡμετέραν
3627 1126 3773 1205 ὄψιν,

2114 1223 2353 1300 καθάπερ
2404 1225 2432 1280 ὁ
2481 1222 2668 1300 ἥλιος,
2722 1225 2851 1283 ἀλλ’
2893 1225 3029 1297 αὐτή
3076 1227 3213 1281 κατᾶ
3260 1224 3322 1278 τὸ
3381 1223 3581 1278 οἱκεῖον
3639 1225 3775 1299 φῶς,

2114 1311 2198 1367 ὅτι
2229 1314 2374 1390 παρᾶ
2402 1319 2500 1371 τοῦ
2539 1315 2703 1385 ἡλίου
2740 1313 2957 1392 δέχεται
3006 1316 3068 1370 τὸ
3122 1319 3260 1392 φῶς,
3314 1311 3485 1383 δῆλον
3541 1311 3632 1367 καὶ
3661 1315 3778 1372 τοῖς

2113 1404 2360 1460 ὁπωσονν
2408 1404 2769 1480 τετηρηκόσιν
2814 1423 2826 1437 ·
2887 1404 2970 1461 ἀεὶ
3043 1404 3146 1481 γὰρ
3224 1403 3288 1459 τὸ
3344 1401 3773 1481 ’πεφωτισμὲνον

2117 1492 2280 1565 μέρος
2335 1495 2472 1571 πρὸς
2530 1496 2621 1551 τὸν
2692 1493 2854 1566 ἥλιον
2919 1492 3059 1571 ἔχει,
3136 1493 3262 1549 ἔνθα
3335 1493 3427 1548 καὶ
3508 1492 3772 1569 ὑπάρχει.
3834 1504 3839 1509 ’

2112 1584 2361 1647 Κάτωθεν
2397 1571 2515 1659 ’γὰρ
2566 1583 2699 1639 οὖσα
2758 1587 2855 1639 τοῦ
2897 1583 3089 1653 ἡλίου,
3121 1582 3211 1637 ὅτε
3259 1578 3557 1656 συνοδεύσῃ
3608 1579 3774 1652 αὐτῷ,

340 1694 576 1751 cunque
598 1680 694 1733 sit.
728 1676 872 1731 Cum
905 1674 1063 1730 enim
1097 1678 1186 1728 est
1221 1672 1375 1727 infra
1407 1672 1615 1738 solem,
1648 1674 1704 1725 et
1732 1686 1864 1724 cum
1898 1668 1993 1726 illo

2109 1671 2177 1726 τὰ
2235 1674 2329 1746 μὲν
2382 1674 2518 1747 πρὸς
2575 1674 2724 1747 ἡμᾶς
2782 1672 2950 1742 αὐτῆς
3003 1672 3141 1748 μέρη
3202 1669 3482 1750 ἀφώτιστά
3525 1670 3661 1740 εστι,
3708 1670 3776 1726 τά

337 1765 736 1839 congreditur,
788 1764 919 1835 ejus
973 1767 1171 1835 partes
1220 1778 1348 1833 quae
1397 1760 1470 1818 ad
1520 1776 1625 1816 nos
1689 1762 1993 1815 vertuntur

2112 1759 2169 1817 δὲ
2199 1763 2335 1837 πρὸς
2362 1763 2452 1818 τὸν
2506 1760 2667 1832 ἥλιον
2712 1763 3097 1841 πεφωτισμένα
3131 1782 3143 1795 ·
3180 1760 3271 1817 ὅτε
3320 1759 3377 1817 δὶ
3428 1761 3640 1836 ἀποστῇ
3676 1763 3776 1816 τοῦ

336 1858 603 1914 obscura:
636 1859 799 1921 sunt,
835 1870 962 1926 quae
994 1868 1129 1908 vero
1159 1867 1366 1907 versus
1391 1849 1598 1915 solem,
1650 1848 1993 1903 illuminatm

2110 1850 2276 1950 ἡλίου
2308 1849 2623 1927 ἐλάχιστον,
2688 1849 2915 1929 ἔρχεται
2981 1850 3171 1925 μόριόν
3215 1872 3267 1906 τι
3322 1853 3419 1906 τοῦ
3457 1851 3595 1925 πρὸς
3623 1850 3774 1922 ἡμᾶς

336 1950 497 2003 sunt.
530 1944 776 2009 Quando
810 1946 1006 1997 autem
1039 1940 1353 2013 paululum
1386 1956 1419 1995 a
1442 1939 1565 1995 sole
1588 1938 1993 2010 discedit,pars

2115 1940 2315 2015 μέρους
2372 1941 2545 2010 αὐτῆς
2614 1941 3060 2017 καταυγάζεσθαι,
3123 1939 3213 1995 καὶ
3276 1939 3480 2015 γίνεται
3560 1959 3776 2014 μηνοει-

336 2036 467 2107 ejus
495 2031 867 2105 aliquantula
899 2031 1106 2103 incipit
1147 2029 1499 2096 illuminari,
1533 2032 1589 2084 et
1630 2029 1695 2083 ﬁt
1725 2028 1993 2099 utrinque

2112 2025 2212 2098 δής
2247 2048 2260 2061 '
2323 2030 2433 2085 εἶτα
2476 2029 2560 2085 ἰπὶ
2616 2030 2786 2086 πλίον
2858 2030 3157 2099 ἀποστᾶσα,
3212 2026 3383 2084 πλέον
3458 2028 3774 2108 φωτίζεται,

337 2128 619 2194 curvata;
674 2138 809 2178 cum
887 2124 1081 2177 autem
1157 2119 1349 2192 magis
1430 2117 1723 2187 discessit,
1815 2116 2003 2190 magis

334 2212 707 2269 illuminatur
735 2216 793 2267 et
831 2210 897 2266 ﬁt
946 2209 1256 2266 dimidiata
1313 2213 1371 2264 et
1420 2225 1658 2265 rursum
1718 2207 2000 2278 utrinque

332 2306 576 2362 curvata
606 2306 819 2357 etcum
852 2300 1075 2356 directe
1096 2298 1507 2373 apponiturﬁt
1536 2298 1730 2371 plena.
1756 2297 2000 2362 Quando

333 2392 547 2449 deinde
589 2391 947 2447 diametrum
998 2394 1421 2462 praetergressa
1467 2393 1558 2444 est
1600 2391 1843 2461 apparet
1872 2403 2000 2443 rur-

334 2500 469 2540 sum
523 2482 800 2553 utrinque
858 2487 1119 2545 curvata,
1197 2483 1255 2534 et
1304 2477 1513 2535 deinde
1562 2476 1893 2545 dimidiata,
1942 2480 2002 2533 et

334 2576 541 2645 postea
591 2570 818 2639 lunata,
849 2573 908 2625 et
954 2570 1194 2625 demum
1250 2585 1384 2624 cum
1434 2566 1557 2624 sole
1586 2566 1998 2634 congrediens,

333 2660 506 2717 nobis
558 2657 875 2715 invisibilis
924 2657 1010 2712 ﬁt.
1062 2656 1505 2712 Addubitabant
1560 2660 1790 2711 veteres
1851 2671 1996 2726 quo-

335 2750 512 2805 modo
540 2752 597 2803 et
627 2747 827 2803 lumen
860 2744 1114 2818 accipiat
1160 2749 1217 2800 et
1247 2744 1449 2801 lumen
1502 2745 1562 2800 in
1614 2749 1832 2800 terram
1862 2743 1996 2799 mit-

336 2842 442 2894 tat.
474 2840 541 2891 Et
562 2835 663 2893 alii
710 2836 950 2907 quidem
992 2834 1268 2890 dicebant
1314 2834 1444 2904 ejus
1495 2832 1697 2889 lumen
1754 2849 1858 2906 per
1913 2848 1999 2888 re-

334 2926 647 2982 ﬂexionem
682 2924 953 2997 produci,
984 2924 1485 2995 quemadmodum
1527 2926 1584 2978 et
1638 2922 1697 2977 in
1738 2920 1996 2995 speculis

333 3020 392 3072 et
420 3016 480 3071 in
529 3014 760 3071 levibus
810 3012 1156 3085 corporibus
1201 3012 1301 3079 (lt;
1350 3011 1449 3066 alii
1490 3028 1623 3067 vero
1668 3013 1997 3067 docuerunt

334 3119 464 3160 eam
498 3119 600 3174 per
629 3100 1050 3158 admissionem
1079 3105 1135 3157 et
1166 3102 1444 3157 unionem
1501 3099 1824 3156 illuminari
1854 3116 1867 3154 :
1903 3103 1995 3155 at-

332 3208 448 3265 que
475 3207 606 3248 eam
638 3191 961 3247 illuminari
995 3206 1100 3263 per
1156 3189 1552 3259 reﬂexionem,
1586 3189 1657 3245 ab
1700 3190 1829 3262 ipsa
1860 3206 1991 3262 pro-

2109 2117 2199 2172 καὶ
2258 2118 2463 2195 γίνεται
2523 2116 2850 2197 διχότομος,
2908 2120 2999 2176 καὶ
3059 2118 3225 2175 πάλιν
3277 2118 3640 2197 ἀμφίκυρτος,
3683 2116 3777 2174 καὶ

2111 2202 2476 2283 διαμετροῦσα
2560 2207 2905 2279 πανσίληνος
2938 2229 2951 2243 ’
3056 2208 3170 2263 εἶτα
3244 2206 3590 2285 παρελθοῦσα
3670 2206 3773 2276 τὴν

2111 2292 2422 2371 διάμετρον,
2484 2298 2679 2374 ὁρᾶταῖ
2724 2298 2877 2359 αὗθις
2925 2296 3289 2376 ἀμφίκυρτος,
3345 2296 3436 2352 καὶ
3485 2293 3652 2351 πάλιν
3689 2291 3776 2350 δι-

2110 2384 2380 2460 χότομος,
2422 2385 2512 2442 καὶ
2564 2388 2701 2461 μετὰ
2752 2391 2921 2443 ταῦτα
2978 2383 3301 2461 μηνοειδὴς,
3333 2385 3426 2441 καὶ
3454 2386 3617 2449 τέλος
3649 2406 3776 2440 συν-

2110 2471 2374 2531 οδεύουσα
2429 2480 2511 2549 τῷ
2596 2476 2770 2550 ἡλίῳ,
2827 2476 3038 2555 ἀφανὴς
3078 2478 3215 2550 ἡμῖν
3271 2473 3773 2553 γίνεται.⁹Επηπόο

2109 2583 2236 2638 ρουν
2294 2562 2352 2620 δὲ
2409 2565 2461 2619 οἱ
2521 2565 2770 2642 ἀρχαῖοι,
2840 2563 2962 2629 πῶς
3041 2562 3260 2642 δέχεται
3337 2565 3428 2620 καὶ
3502 2563 3767 2638 Ξκπίμπει

2108 2652 2336 2719 ἐνταῦθα
2381 2655 2445 2710 τὸ
2490 2658 2628 2733 φῶς.
2674 2654 2779 2711 Καὶ
2835 2655 2887 2710 οὶ
2941 2655 3035 2729 μὶν
3081 2651 3304 2731 ἔφασαν,
3355 2654 3494 2710 κατά
3541 2654 3767 2709 ἀντανά-

2107 2741 2299 2798 κλασιν
2353 2743 2595 2819 γίνεσθαι
2643 2744 2846 2815 ταύτης
2901 2748 3038 2819 φῶς,
3090 2744 3271 2820 ὥσπερ
3318 2745 3407 2800 καὶ
3458 2743 3546 2800 ἐπί
3576 2764 3634 2799 τε
3658 2740 3767 2799 τῶν

2106 2832 2426 2908 κατόπτρων
2475 2833 2563 2889 καὶ
2602 2838 2711 2890 τῶν
2760 2833 2923 2890 λείων
2970 2834 3177 2910 γίννται
3228 2835 3496 2907 σωμάτων
3531 2850 3545 2866 ⁸
3600 2830 3652 2887 oi
3705 2827 3765 2887 δὲ

2105 2924 2222 2988 καθ’
2255 2920 2539 2998 ὑποδοχὴν
2588 2924 2676 2979 καὶ
2718 2923 2912 2979 ’ὲνωσιν
2961 2919 3145 2995 ἔδοξαν
3199 2922 3367 2993 αὐτὴν
3417 2919 3762 3002 φωτίζεσθαι,

2104 3014 2191 3068 καὶ
2253 3015 2316 3069 τὸ
2352 3015 2447 3088 μὲν
2496 3015 2615 3070 κατ’
2660 3012 3053 3070 ἀντανάκλασιν
3105 3014 3197 3069 ἀπ’
3256 3013 3424 3083 αὐτῆς
3474 3012 3769 3089 γινομίνην

2105 3102 2358 3179 φωτίζειν
2408 3102 2576 3174 αὐτήν
2612 3123 2626 3138 ο
2697 3103 2919 3158 πιθανὸν
2978 3104 3074 3177 μὲν
3131 3107 3247 3165 τοῖς
3304 3101 3607 3169 πλείστοις,
3668 3101 3770 3157 οὐκ

2105 3188 2307 3262 ἀληθὲς
2366 3189 2444 3248 δά.
2520 3193 2900 3266 Ἐτηρήθησαν
2957 3193 3013 3247 αἱ
3069 3191 3491 3253 ἀντανακλάσεις
3549 3189 3656 3248 ἀπό
3711 3211 3770 3247 τε

329 3257 634 3338 cedentem
691 3279 956 3353 plerique
995 3257 1321 3350 opinantur
1370 3257 1636 3351 quidem.
1699 3257 1990 3343 ὀρθά-ια-

2104 3257 2211 3335 τῶν
2275 3280 2545 3356 μεγίστων
2604 3257 2723 3335 καὶ.
2755 3257 3061 3356 ἐλαχίστων
3107 3280 3377 3353 σωμάτων
3432 3280 3508 3354 μὴ
3573 3277 3765 3336 πλεῖον

329 3387 467 3428 men
521 3375 611 3427 est
668 3368 906 3426 falsum.
971 3368 1357 3425 Observatum
1404 3372 1494 3423 est
1569 3368 1912 3425 reﬂexiones
1955 3385 1991 3425 α

328 3463 611 3519 maximis
640 3466 700 3517 et
721 3459 990 3516 minimis
1042 3458 1387 3530 corporibus
1435 3459 1822 3528 procedentes
1872 3473 1988 3512 non

330 3555 467 3629 plus
494 3567 671 3624 quam
720 3551 837 3605 duo
886 3547 1078 3605 stadia
1126 3553 1400 3603 transire.
1434 3546 1545 3602 Sed
1578 3551 1635 3603 et
1684 3545 1855 3602 aliter
1883 3546 1989 3602 de-

330 3646 717 3701 monstratur.
750 3640 968 3695 Omnes
998 3637 1436 3703 reﬂexiones,ut
1464 3635 1524 3690 in
1556 3635 1989 3708 optioisosten-

329 3730 674 3802 ditur,ﬂunt
702 3744 807 3801 per
835 3743 1035 3798 aequos
1057 3723 1308 3798 angulos
1334 3740 1348 3792 ;
1381 3724 1534 3796 quod
1570 3727 1618 3779 si
1647 3724 1727 3779 ita
1756 3725 1828 3779 de
1848 3723 1991 3780 luna

330 3822 517 3889 ﬂeret,
557 3834 795 3875 necesse
840 3820 1019 3885 esset,
1069 3820 1134 3870 ut
1181 3813 1420 3885 quando
1470 3814 1796 3869 secundum
1845 3814 1987 3871 solis

330 3911 684 3968 diametrum
714 3907 774 3963 in
810 3906 983 3980 plena
1029 3904 1175 3961 luna
1222 3903 1337 3961 sita
1393 3907 1503 3967 est,
1554 3903 1701 3960 radii
1748 3920 1865 3960 non
1913 3905 1986 3961 ad

332 4003 551 4056 terram
574 3998 945 4071 frangantur,
992 3994 1094 4051 sed
1135 3994 1206 4051 ad
1258 3992 1464 4049 solem.
1512 3994 1584 4049 Et
1631 3992 1830 4049 multae
1862 3993 1986 4050 alias

333 4088 868 4146 demonstrationes
933 4085 1358 4158 precedentem
1417 4084 1985 4139 demonstrationem

328 4179 656 4236 confutant.
690 4177 971 4249 Superest
1015 4175 1202 4247 igitur
1230 4177 1297 4229 ut
1345 4189 1447 4245 per
1477 4172 1898 4229 admissionem
1930 4177 1988 4229 et

324 4267 604 4323 unionem
639 4280 773 4321 cum
806 4263 949 4320 solis
979 4262 1109 4318 luce
1140 4262 1499 4327 illuminata,
1531 4267 1698 4316 terrae
1750 4277 1987 4334 quoque

323 4356 525 4411 lumen
557 4354 811 4410 emittat.
841 4353 946 4408 Sed
984 4352 1104 4407 haec
1147 4351 1368 4406 moveri
1414 4354 1607 4422 potest
1638 4350 1985 4419 difﬁcultas,

322 4445 372 4501 si
406 4444 557 4500 lunae
588 4442 1002 4498 immisceatur
1024 4441 1168 4496 solis
1200 4439 1427 4508 lumen,
1457 4445 1754 4512 oporteret
1778 4445 1843 4495 ut
1866 4443 1987 4496 tota

319 4533 764 4590 illuminaretur
790 4535 847 4588 et
878 4531 1111 4603 plenam
1150 4528 1344 4585 lucem
1388 4528 1669 4585 continuo
1719 4528 1981 4585 haberet.

2100 3365 2197 3423 δύο
2247 3365 2483 3424 διιοῦσαι
2540 3366 2793 3427 σταδίων.
2855 3367 3032 3427 Ἀλλὰ
3086 3369 3177 3425 καὶ
3237 3366 3426 3433 ἄλλως
3465 3410 3478 3424 .
3512 3375 3678 3425 πᾶσαι
3711 3370 3766 3424 αἱ

2097 3456 2518 3521 ἀντάνακλάσεις
2575 3458 2680 3528 ἀεὶ,
2740 3458 2815 3520 ὡς
2874 3457 2928 3513 ἐν
2988 3463 3098 3521 εοῖς
3158 3458 3408 3521 ὅπτικοῖς
3466 3455 3762 3523 δείκνυται,

2095 3554 2211 3603 κατ’
2269 3544 2387 3610 ἴσας
2438 3546 2638 3623 γωνίας
2696 3546 3056 3620 άνακλῶνται,
3116 3547 3205 3603 καὶ
3273 3548 3320 3604 εί
3376 3552 3633 3604 τοιοῦτον
3691 3544 3761 3619 ἤν

2098 3635 2184 3691 ἰπὶ
2239 3643 2341 3707 τῆς
2379 3634 2636 3707 σελήνης,
2670 3631 2802 3706 ἔδει,
2843 3636 2935 3692 ὅτε
2981 3637 3119 3694 κατὰ
3168 3634 3460 3714 διάμετρόν
3519 3636 3631 3694 ἐστι
3661 3640 3762 3694 τοῦ

2095 3722 2263 3794 ἡλίου
2321 3724 2372 3780 ἐν
2422 3724 2772 3799 πανσελήνῳ,
2836 3727 2912 3799 μὴ
2945 3728 3095 3781 κάτω
3127 3725 3214 3782 ἰπὶ
3245 3728 3345 3797 τὴν
3376 3733 3481 3803 γῆν
3513 3725 3750 3783 ἀνακλᾶ-

2097 3825 2218 3878 σθαι
2248 3816 2344 3878 τὰς
2376 3814 2613 3886 άκτίνας,
2655 3812 2803 3869 ἀλλὰ
2850 3815 2988 3891 πρὸς
3031 3816 3124 3871 τὸν
3173 3813 3359 3885 ἥλιον.
3422 3816 3520 3871 Καὶ
3578 3812 3754 3894 ἕτεραι

2096 3901 2306 3960 πολλαὶ
2357 3902 2545 3975 δείξεις
2602 3903 2959 3980 ἀνατρίπουσι
3014 3904 3217 3976 ταύτην
3269 3906 3371 3975 τὴν
3421 3900 3601 3977 δόξαν.
3636 3905 3752 3961 Λεί-

2095 4013 2252 4049 πεται
2303 3992 2513 4065 τοίνυν,
2569 3995 2687 4059 καθ’
2762 3990 3049 4070 ὑποδοχὴν
3110 3994 3201 4050 καὶ
3258 3988 3452 4051 ἕνωσιν
3501 3995 3640 4071 πρὸς
3696 3994 3759 4051 τὸ

2095 4082 2328 4153 ἡλιακὸν
2362 4086 2476 4161 φῶς
2525 4082 2692 4153 αὐτὴν
2748 4080 3235 4157 ἐπιλαμπιιμξνην,
3291 4082 3623 4158 ἰπιλάμπειν
3672 4083 3763 4139 καὶ

2094 4177 2212 4234 τοῖς
2239 4168 2391 4246 τῇδε.
2433 4173 2759 4247 ’Δπορήσειε
2793 4169 2841 4226 δ’
2884 4170 2946 4227 ἄν
2991 4192 3099 4245 τις,
3145 4171 3190 4228 εἰ
3240 4173 3497 4250 κέκραται
3529 4171 3667 4246 αὐτῇ
3697 4172 3760 4227 τὸ

2093 4258 2328 4332 ἡλιακὸν
2362 4265 2500 4337 φῶς,
2533 4256 2673 4331 ὅλην
2723 4258 2831 4316 ἔδει
2880 4261 3052 4331 αὐτὴν
3101 4260 3453 4339 φωτίζεσθαι,
3483 4261 3571 4317 καὶ
3604 4259 3756 4331 πλη-

2095 4357 2261 4427 σιφαῆ
2321 4348 2588 4421 διηνεκῶς
2636 4351 2792 4406 εἷναι.
2845 4355 2949 4407 Καὶ
3000 4349 3231 4428 λέγομεν
3276 4350 3416 4427 πρός
3455 4354 3638 4419 τοῦτο,
3672 4347 3755 4404 ὅτι

2093 4438 2240 4496 πολὺ
2269 4441 2332 4496 τὸ
2386 4440 2552 4517 βάθος
2600 4439 2720 4516 ἔχει
2776 4440 2869 4495 καὶ
2934 4440 3202 4515 μεγίστην
3248 4442 3350 4511 τὴν
3411 4437 3700 4512 διάμετρον
3735 4455 3748 4468 ⁸

2092 4529 2183 4585 καὶ
2240 4528 2331 4585 διὰ
2381 4534 2545 4585 τοῦτο
2573 4530 2637 4584 οὐ
2675 4530 2842 4606 μέχρι
2873 4528 3051 4600 πάσης
3098 4530 3154 4584 αἱ
3208 4533 3305 4585 τοῦ
3346 4527 3513 4598 ἡλίου
3544 4525 3756 4589 ἀκτῖνες

319 4624 403 4680 Ad
435 4622 495 4678 id
528 4623 956 4695 respondemus
986 4636 1117 4675 eam
1150 4617 1682 4691 profundissimam
1702 4632 1833 4673 esse
1861 4633 1982 4673 ma-

2104 4617 2450 4689 διικνοῦνται,
2509 4617 2640 4675 ἀλλ’
2688 4619 2777 4674 ἐπὶ
2827 4617 3086 4675 πλεῖστον
3148 4616 3404 4683 διιοῦσαι,
3463 4615 3753 4672 παύονται.

319 4713 663 4783 ximumque
695 4710 909 4765 habere
941 4708 1318 4764 diametrum.
1364 4707 1433 4761 Et
1463 4707 1594 4762 ideo
1649 4723 1765 4763 non
1799 4712 1981 4762 totam

318 4805 634 4859 transeunt
651 4799 873 4857 solares
908 4797 1181 4865 radii,sed
1215 4801 1530 4868 postquam
1562 4807 1694 4851 eam
1724 4796 1984 4852 maxima

321 4898 483 4966 parte
514 4890 901 4957 transierunt,
938 4887 1246 4942 liniuntur.
1299 4885 1655 4958 Sphaericam
1688 4901 1822 4942 vero
1852 4901 1982 4942 esse

320 4983 451 5052 ejus
483 4983 727 5037 formam
779 4981 939 5051 patet
968 4993 1039 5032 ex
1085 4976 1214 5046 eius
1265 4975 1512 5045 lumine,
1565 4973 1613 5029 si
1647 4973 1803 5029 enim
1835 4973 1981 5030 disci

323 5071 571 5127 formam
617 5070 883 5136 haberet,
930 5064 1112 5121 simul
1159 5080 1227 5120 ao
1269 5063 1331 5118 in
1379 5079 1506 5118 eam
1560 5062 1784 5118 soleres
1834 5063 1981 5119 radii

318 5152 1303 5224 inciderent,illuminaretur,nulla
1315 5151 1599 5208 curvitate
1614 5152 1848 5207 luminis
1861 5152 1986 5207 offi-

322 5246 696 5314 ciente,nunc
712 5251 908 5302 autem
923 5261 1058 5300 cum
1074 5244 1152 5300 sit
1164 5241 1577 5313 sphaarica,per
1589 5246 1784 5313 partes
1803 5242 1985 5298 radiis

321 5335 772 5391 illuminatureo
785 5335 937 5407 quod
951 5332 1220 5389 ofﬁciunt
1233 5332 1427 5387 formae
1441 5346 1560 5387 suae
1574 5330 1859 5386 curvitate
1875 5347 1983 5386 cm-

321 5427 460 5478 terae
474 5424 870 5493 partes.Lunaa
892 5427 1093 5478 autem
1110 5420 1457 5493 magnitudo
1480 5419 1673 5475 minor
1688 5423 1780 5475 est
1802 5436 1982 5491 quam

320 5511 713 5580 terrai,tricies
740 5512 962 5580 novies,
990 5512 1160 5583 juxta
1191 5509 1338 5566 alios
1363 5525 1517 5578 vero,
1549 5508 1728 5565 vicies
1762 5510 1984 5569 novies.

838 5628 930 5683 29.
952 5627 1026 5682 De
1054 5627 1197 5682 lunae
1226 5625 1461 5697 defectu.

397 5722 606 5787 Deficit
634 5727 831 5782 autem
876 5724 1018 5783 luna
1068 5724 1303 5800 quando
1346 5724 1564 5781 directe
1612 5739 1683 5782 ex
1713 5725 1983 5800 opposito

2091 4713 2214 4768 ’Ότι
2273 4706 2331 4764 δὲ
2388 4706 2744 4788 σφαιροειδής
2800 4707 2911 4764 ἐστι
2959 4710 3021 4764 τὸ
3082 4714 3296 4783 σχῆμα,
3346 4703 3517 4776 δῆλον
3561 4704 3755 4761 ἐκτῶν

2090 4798 2294 4870 ταύτης
2355 4802 2677 4876 φωτισμῶν.
2732 4796 2798 4855 Εἴ
2856 4797 2959 4874 γὰρ
3015 4798 3082 4867 ἦν
3143 4794 3476 4867 διποειδής,
3520 4792 3633 4871 ἄμα
3677 4799 3760 4868 τῷ

2093 4893 2421 4961 προσπεσεῖν
2482 4885 2619 4961 αὐτῇ
2694 4887 2789 4949 τὰς
2849 4885 3088 4957 ἡλιακὰς
3163 4886 3382 4948 ἀκτῖνας
3441 4884 3756 4964 ἔφωτίζετο,

2098 4973 2332 5052 μηδενὸς
2361 4974 2822 5052 ὶπιπροσθοῦντος
2869 4976 3230 5051 κυρτώματος
3265 4996 3278 5009 ·
3328 4980 3420 5030 νῦν
3472 4973 3551 5045 δὶ,
3600 4993 3758 5052 σφαι-

2096 5063 2317 5134 ροειδὴς
2376 5064 2529 5134 οὖσα,
2588 5065 2727 5120 κατά
2797 5066 2961 5141 μέρος
3028 5065 3318 5142 φωτίζεται
3375 5070 3494 5127 ταῖς
3556 5064 3756 5132 ἀκτῖσι,

2097 5153 2187 5210 διὰ
2214 5156 2276 5209 τὸ
2307 5156 2657 5231 ἐπιπροσθεῖν
2703 5156 2772 5209 τὰ
2820 5153 2993 5211 λοιπά
3041 5155 3179 5231 μέρη
3229 5158 3298 5228 τῇ
3338 5153 3631 5230 κυρτότητι
3661 5155 3758 5207 τοῦ

2092 5243 2347 5300 τοιούτου
2405 5246 2719 5319 σχήματος.
2772 5244 2842 5299 Τὸ
2928 5242 2986 5299 Si
3066 5250 3170 5314 τῆς
3237 5242 3477 5315 σελήνης
3535 5241 3758 5319 μίγεθος

2095 5333 2321 5390 ἔλαττόν
2373 5332 2483 5388 ἐστι
2530 5339 2631 5403 τῆς
2676 5339 2782 5408 γῆς
2828 5333 2917 5388 καὶ
2990 5332 3095 5388 ὑπὸ
3154 5334 3444 5409 τριάκοντα
3491 5330 3759 5387 ενναπλά-

2097 5444 2235 5494 σιον,
2266 5422 2405 5477 κατὰ
2429 5419 2487 5478 δὲ
2514 5442 2665 5485 τινας
2693 5423 2798 5478 ὑπὸ
2830 5420 2999 5479 εἷ’κοσι
3033 5420 3419 5480 ἰνναπλάσιον.

2480 5631 2579 5688 κδ’.
2614 5630 2745 5706 Περὶ
2776 5629 3073 5705 ίκλείψεως
3107 5626 3369 5701 σελήνης.

2166 5726 2440 5786 Ἔκλείπει
2499 5726 2557 5787 δὶ
2611 5731 2647 5802 ἢ
2699 5727 2905 5803 σελήνη
2949 5729 3086 5786 κατὰ
3134 5726 3426 5805 ὃιάμὲτρον
3480 5731 3561 5801 τῷ
3602 5725 3756 5804 ἡλίῳ
