4100 6424
322 437 440 500 809

1590 437 2081 502 SOLUTIONES
2126 438 2513 511 OUJEDAM.

3629 443 3752 504 810

318 569 612 647 γενομένη,
649 567 740 625 ὅτε
773 570 850 644 μὴ
882 567 1001 645 ἔχει
1031 569 1244 632 πλάτος
1271 569 1538 625 κλίνουσα
1568 565 1677 625 εἷίτε
1712 567 1803 624 ἐπὶ
1855 567 1973 644 βορ·

2104 587 2238 628 cum
2270 572 2393 628 sole
2444 576 2555 641 est,
2615 574 2853 646 quando
2902 591 3116 648 nempe
3154 592 3323 633 suam
3371 575 3751 633 latitudinem

321 664 416 732 ρᾶν
472 658 580 715 εἴτε
628 659 718 715 ἐπὶ
764 658 945 728 νότον,
978 657 1124 714 ἀλλὰ
1168 658 1268 727 τὴν
1311 657 1477 727 αὐτὴν
1508 662 1588 731 τῷ
1616 657 1766 732 ἡλίῳ
1790 652 1979 733 τρίϐον

324 747 577 807 διοδεύει.
613 747 907 822 Ἐμπίπτει
940 748 1042 824 γὰρ
1071 752 1372 817 τηνικαῦτα
1395 752 1475 819 τῷ
1528 754 1629 818 τῆς
1675 750 1775 823 γῆς
1830 746 1982 803 σκιά-

321 861 507 912 σματι.
542 836 645 896 Καὶ
700 838 746 893 εἰ
809 839 905 913 μὲν
962 836 1223 912 ἀπόγειός
1279 835 1411 906 ἐστι,
1463 838 1659 913 τάχιον
1705 834 1980 913 διέρχεται

318 932 419 999 τήν
479 928 655 999 σκιὰν,
691 928 764 991 ὡς
814 925 1152 998 λεπτοτάτην
1202 923 1405 982 ἄνωθεν
1455 929 1852 1002 τυγχάνουσαν,
1905 928 1980 990 ὡς

319 1017 644 1093 τροείπομεν
677 1036 691 1051 ⁸
719 1017 764 1072 εἰ
824 1014 882 1072 δὲ
928 1014 1206 1092 περίγειός
1250 1014 1384 1087 ἐστι,
1428 1022 1659 1071 ποιεῖται
1710 1014 1979 1089 διαμονὴν

318 1107 408 1164 καὶ
456 1102 784 1185 ἐμϐραδύνει
839 1104 978 1181 πρός
1018 1107 1082 1161 τὸ
1131 1111 1307 1161 ποιεῖν
1354 1106 1734 1182 ἀνακάθαρσιν,
1767 1103 1857 1161 διὰ
1918 1106 1980 1161 τὸ

320 1198 560 1253 κάτωθεν
604 1197 735 1252 εἶναι
784 1200 1018 1271 παχεῖαν
1069 1196 1168 1265 τήν
1222 1198 1395 1253 σκιάν.
1445 1197 1721 1261 Ἐντεῦθεν
1781 1189 1981 1252 ἔλαϐον

321 1288 374 1342 οἱ
414 1285 588 1342 πάλαι
621 1285 782 1363 σοφοὶ
812 1284 1084 1361 πρόφασιν
1133 1290 1235 1354 τῆς
1283 1285 1666 1355 κατανοήσεως
1720 1287 1818 1339 τοῦ
1873 1282 1979 1339 ἀπὸ

318 1382 418 1446 τῆς
466 1378 570 1450 γῆς
624 1375 792 1450 μέχρι
845 1377 943 1428 τοῦ
988 1372 1222 1447 οὐρανοῦ
1266 1370 1657 1447 διαστήματος.
1693 1374 1981 1450 Τηρήσανο

322 1486 411 1528 τες
468 1465 597 1540 γὰρ,
648 1464 723 1526 ὡς
774 1464 803 1518 ὁ
850 1460 1017 1532 ἥλιος
1064 1463 1178 1535 ἅμα
1222 1467 1302 1534 τῷ
1360 1460 1636 1518 ἀνατεῖλαι
1693 1468 1844 1518 ποιεῖ
1886 1462 1982 1526 τὰς

319 1556 472 1618 σκιὰς
553 1549 1057 1624 ὲξηκονταπλασίας
1132 1555 1241 1606 τῶν
1318 1551 1715 1625 σκιαζομένων,
1767 1554 1978 1631 ἀπεφή-

319 1663 502 1713 ναντο,
536 1642 613 1704 ὡς
644 1639 729 1697 δεῖ
756 1641 846 1696 καὶ
875 1641 939 1696 τὸ
977 1643 1158 1714 μῆκος
1188 1643 1288 1705 τῆς
1316 1646 1467 1703 σκιᾶς
1496 1643 1593 1710 τῆς
1623 1648 1726 1715 γῆς
1760 1641 1978 1713 ἑξηκον-

317 1731 616 1788 ταπλάσιον
658 1732 792 1786 εἶναι
837 1732 937 1799 τῆς
987 1726 1283 1805 διαμέτρου
1333 1729 1541 1800 αὐτῆς·
1574 1730 1664 1785 καὶ
1730 1731 1806 1793 ὡς
1863 1731 1981 1794 ἐπεὶ

321 1820 616 1898 μὲχριτῆς
664 1818 996 1891 σεληνιακῆς
1046 1817 1275 1896 σφαίρας
1328 1820 1391 1874 τὸ
1452 1817 1544 1889 ὀξὺ
1600 1818 1766 1885 αὐτῆς
1823 1840 1983 1875 κατα-

2090 675 2283 731 neque
2335 660 2406 715 ad
2459 661 2948 732 septentrionem,
2983 679 3172 735 neque
3214 665 3284 718 ad
3321 664 3627 722 meridiem
3659 665 3751 721 in-

2091 747 2291 818 clinat,
2325 750 2427 804 sed
2459 751 2725 805 eamdem
2761 767 2890 806 cum
2943 751 3067 808 sole
3113 754 3385 809 semitam
3436 754 3748 825 percurrit.

2089 836 2297 892 incidit
2327 839 2486 893 enim
2516 843 2660 894 tunc
2689 837 2747 895 in
2784 840 3057 896 umbram
3112 845 3301 898 terrae.
3348 843 3469 898 Etsi
3501 843 3741 916 quidem

2092 942 2269 997 quam
2302 928 2555 984 maxime
2586 945 2619 984 a
2649 935 2805 984 terra
2835 928 3038 998 distat,
3071 930 3250 986 citius
3298 934 3570 987 umbram
3616 948 3751 1003 per-

2091 1017 2325 1085 transit,
2355 1034 2481 1088 quaa
2513 1018 2753 1090 quidem
2798 1021 3071 1090 superius
3117 1019 3301 1075 levior
3337 1024 3447 1087 est,
3478 1025 3544 1075 ut
3573 1027 3750 1078 antea

2092 1105 2372 1175 diximus;
2398 1107 2448 1162 si
2480 1123 2614 1162 vero
2646 1124 2825 1178 quam
2850 1108 3106 1164 maxime
3136 1109 3208 1164 ad
3242 1113 3457 1164 terram
3494 1109 3748 1179 accedit,

2091 1194 2447 1251 immoratur
2476 1201 2533 1251 et
2562 1194 2718 1251 lente
2747 1214 2816 1252 ea
2867 1197 3080 1252 umbra
3108 1197 3379 1266 emergit,
3412 1198 3553 1269 quia
3599 1198 3746 1254 infe-

2091 1285 2216 1341 rius
2248 1286 2503 1341 crassior
2533 1288 2741 1342 umbra
2772 1291 2885 1343 est.
2940 1286 3105 1343 Unde
3134 1292 3357 1343 veteres
3405 1286 3747 1360 philosophi

2091 1375 2460 1430 occasionem
2509 1392 2714 1446 cepere
2771 1377 3166 1448 cognoscendi
3209 1380 3495 1449 quantum
3532 1381 3683 1434 terra
3713 1394 3748 1434 a

2091 1464 2234 1519 cmlo
2266 1464 2463 1519 distet.
2496 1463 2889 1522 Observantes
2919 1465 3072 1522 enim
3105 1466 3290 1523 solem
3321 1482 3429 1522 suo
3459 1471 3593 1523 ortu
3612 1483 3745 1523 um-

2090 1553 2228 1609 bras
2262 1554 2441 1610 rebus
2469 1554 2840 1611 adumbratis
2888 1556 3154 1628 sexagies
3187 1556 3442 1627 majores
3489 1557 3743 1627 efﬁcere,

2092 1643 2479 1698 ostenderunt
2509 1649 2777 1716 oportere
2833 1649 2896 1699 ut
2946 1646 3167 1700 umbrae
3200 1649 3366 1701 terrae
3399 1645 3745 1719 magnitudo

2092 1733 2357 1804 sexagies
2391 1732 2621 1804 longior
2649 1733 2727 1788 sit
2758 1733 2947 1804 ipsius
2992 1734 3297 1790 diametro.
3348 1735 3494 1790 Cum
3545 1740 3742 1790 autem

2094 1822 2307 1878 umbra
2334 1827 2595 1878 extrema
2642 1823 2714 1878 ad
2765 1822 2918 1878 lunae
2963 1822 3255 1895 sphairam
3285 1824 3658 1890 terminatur,
3690 1823 3742 1879 si

316 1910 501 1986 λήγει,
534 1911 648 1966 εἶτα
697 1907 747 1964 εἷ’
794 1908 1053 1980 ἐξήκοντα
1108 1909 1232 1963 καθ’
1264 1907 1514 1972 ὑπόθεσιν
1564 1913 1715 1984 γαῖαι
1756 1907 1840 1964 ἐπ’
1869 1907 1972 1965 ἀλ-

2093 1909 2304 1965 deinde
2336 1910 2641 1982 sexaginta
2671 1914 2858 1967 terras
2887 1927 2957 1967 ex
2986 1910 3297 1983 hypothesi
3329 1909 3476 1966 alias
3506 1909 3565 1965 in
3594 1909 3741 1966 alias

313 1998 515 2072 λήλαις
571 2000 795 2070 τεθῶσι,
850 1996 1260 2071 καταλήψονται
1318 1996 1452 2073 ἄχρι
1531 2003 1631 2067 τῆς
1706 1996 1971 2069 ἡλιακῆς,

312 2090 540 2170 σφαίρας
573 2108 586 2121 ·
646 2088 928 2145 κάντεῦθεν
989 2084 1443 2162 συλλογισάμενοι
1510 2081 1832 2159 κατέλαϐον,
1894 2089 1967 2151 ὡς

310 2182 372 2237 τὸ
404 2177 681 2254 διάστημα
737 2176 799 2234 τὰ
863 2176 1060 2253 μεταξὺ
1105 2184 1206 2249 τῆς
1258 2183 1361 2253 γῆς
1395 2175 1610 2247 καὶτῆς
1641 2177 1970 2250 σεληνιακῆς

314 2268 541 2347 σφαίρας
587 2267 856 2326 τοσοῦτόν
906 2267 1075 2340 ἐστιν,
1109 2269 1232 2323 ὅσον
1264 2269 1298 2337 ἡ
1352 2265 1411 2323 ἐκ
1463 2270 1560 2322 τοῦ
1612 2266 1812 2344 μέτρου
1866 2275 1967 2339 τῆς

312 2367 413 2437 γῆς
448 2360 501 2433 μ’
534 2354 769 2435 ἔγγιστα.

385 2446 657 2506 Ἐκλείπει
691 2446 749 2503 δὲ
777 2449 812 2519 ἡ
847 2445 1052 2519 σελήνη
1095 2447 1230 2502 ποτε
1275 2446 1370 2521 μὲν
1423 2445 1552 2518 δλη,
1584 2447 1718 2502 ποτὲ
1765 2444 1823 2502 δὲ
1872 2469 1966 2521 με·-

312 2543 497 2615 ρικῶς.
533 2538 635 2596 Καὶ
691 2536 796 2609 ὅλη
857 2534 1205 2605 ἐκλείπουσα,
1245 2536 1379 2591 ποτὶ
1426 2536 1520 2610 μὲν
1571 2541 1809 2592 ποιεῖται
1858 2534 1971 2592 δια-

312 2630 506 2704 μονὴν,
548 2627 636 2683 ὅτε
660 2628 798 2703 πρὸς
825 2631 907 2699 τῷ
941 2627 1232 2701 παχυτέρῳ
1267 2623 1418 2701 μέρει
1446 2632 1549 2696 τῆς
1590 2631 1743 2688 σκιᾶς
1796 2627 1964 2701 τύχῃ·

307 2719 442 2774 ποτὶ
498 2714 556 2773 δὲ
604 2719 718 2791 ἅμα
763 2720 844 2789 τῷ
898 2715 1238 2794 καλυφθῆναι
1283 2715 1510 2792 ἄρχεται
1555 2721 1731 2770 ποιεῖν
1776 2714 1970 2771 ἀνακά-

309 2816 520 2881 θαρσιν,
554 2806 644 2862 ὅτε
674 2802 875 2861 ἄνωθεν
908 2802 1136 2879 ἐκλείψῃ
1160 2804 1296 2880 πρὸς
1323 2809 1403 2876 τῷ
1436 2802 1622 2878 λεπτῷ
1666 2811 1766 2875 τῆς
1817 2811 1970 2866 σκιᾶς

315 2894 490 2968 μὲρει.
524 2894 650 2970 Οὐχ
705 2894 884 2970 ὥσπερ
942 2891 1001 2948 δὲ
1051 2893 1143 2948 τὸν
1194 2892 1352 2963 ¹ῦςκιον
1404 2891 1681 2969 ἐνδέχεται
1742 2894 1968 2967 ὁρᾶσθαι

314 2981 368 3037 ὲν
399 2982 506 3036 τινὶ
540 2984 632 3055 μὶν
662 2981 813 3055 τόπῳ
850 2980 1193 3055 ἐκλείποντα,
1228 2981 1280 3038 ἐν
1332 2981 1438 3038 τινὶ
1489 2981 1535 3037 δ’
1565 2982 1649 3056 οὓ,
1681 2980 1824 3038 οὕτω
1874 2982 1965 3037 καὶ

320 3070 410 3126 ἐπὶ
440 3076 539 3139 τῆς
569 3069 820 3142 σελήνης
853 3071 976 3128 ἀλλ’
1005 3072 1324 3149 ἁπανταχοῦ
1361 3079 1462 3142 τῆς
1518 3080 1624 3149 γῆς
1668 3075 1703 3142 ἡ
1760 3071 1964 3143 ταύτης

320 3156 567 3235 ἔκλειψις
607 3160 825 3236 γίνεται,
872 3162 915 3218 εἰ
967 3165 1041 3236 μή
1088 3184 1149 3239 γε
1192 3164 1337 3239 παρᾶ
1385 3162 1525 3218 τισὶν
1574 3162 1756 3236 ἡμέρα
1804 3164 1968 3238 γένη-

313 3268 450 3304 ται·
514 3249 745 3326 ὑπάρχει
810 3252 910 3326 γὰρ
976 3256 1273 3323 τηνικαῦτα
1351 3251 1558 3323 ἐκείνης
1619 3252 1751 3327 ὑπὲρ
1808 3257 1911 3326 γῆν
1948 3271 1961 3284 ·

2083 1998 2595 2071 superimponant,
2646 2017 2834 2072 usque
2884 2001 2956 2056 ad
3012 1999 3155 2056 solis
3203 2000 3492 2071 sphaeram
3539 2015 3742 2072 perve-

2080 2090 2266 2145 nient.
2300 2093 2365 2143 Et
2394 2089 2529 2144 inde
2560 2088 2988 2145 raciocinantes
3016 2088 3431 2146 intellexerunt
3458 2089 3740 2146 interval-

2081 2177 2204 2234 lum
2240 2177 2393 2233 inter
2422 2183 2641 2233 terram
2699 2183 2757 2234 et
2814 2177 2966 2234 lunae
3026 2182 3318 2250 sphaeram
3350 2182 3583 2234 tantum
3612 2194 3744 2234 esse

2081 2274 2302 2341 quanta
2331 2274 2505 2325 terrae
2535 2270 2808 2327 diametri
2840 2270 3157 2339 dimensio,
3190 2270 3583 2342 quadraginta
3621 2268 3738 2325 cir-

2080 2360 2244 2415 citer.

2155 2448 2309 2502 Luna
2339 2452 2536 2504 autem
2568 2448 2766 2503 deﬁcit
2794 2464 2950 2504 nunc
2980 2452 3123 2516 tota,
3173 2464 3333 2504 nunc
3365 2451 3598 2504 tantum
3662 2465 3733 2504 ea

2079 2542 2265 2609 parte.
2295 2538 2522 2601 Quanto
2552 2542 2676 2615 tota
2710 2538 2928 2604 deﬁcit,
2962 2555 3120 2594 nunc
3149 2537 3386 2610 quidem
3425 2537 3485 2593 in
3521 2536 3732 2593 umbra

2079 2631 2500 2698 commoratur,
2533 2628 2769 2699 quando
2821 2644 3031 2701 nempe
3081 2629 3140 2683 in
3192 2628 3475 2701 spissiore
3507 2627 3730 2682 umbra:

2080 2723 2243 2789 parte
2272 2721 2568 2786 versatur;
2613 2734 2771 2773 nunc
2802 2721 2997 2773 autem
3029 2734 3165 2773 cum
3195 2717 3289 2772 vix
3317 2721 3472 2774 tecta
3499 2721 3610 2783 est,
3638 2716 3731 2772 in-

2079 2806 2559 2879 cipitemergere,
2593 2807 2828 2879 quando
2860 2824 3070 2880 nempe
3101 2823 3281 2878 supra
3309 2807 3531 2879 patitur
3573 2806 3730 2863 defe-

2079 2895 2328 2952 ctionem
2354 2897 2415 2951 in
2437 2895 2651 2953 leviore
2675 2896 2899 2953 umbras
2921 2901 3107 2969 parte;
3133 2913 3249 2952 non
3272 2900 3469 2951 autem
3500 2896 3571 2952 de
3591 2895 3734 2951 luna.

2077 2985 2294 3041 accidit
2327 2990 2386 3040 ut
2419 2986 2491 3041 de
2521 2986 2663 3055 sole,
2697 3003 2874 3059 quem
2926 2985 2983 3040 in
3020 3003 3137 3042 uno
3187 2985 3312 3041 loco
3361 2985 3731 3041 deﬁcientem

2078 3074 2542 3130 animadvertere
2573 3074 2727 3147 licet,
2766 3091 2870 3131 nec
2897 3075 2955 3130 in
2981 3074 3133 3143 alio;
3166 3074 3268 3131 sed
3295 3074 3514 3146 ubique
3544 3078 3733 3136 terra-

2077 3180 2209 3219 rum
2244 3163 2308 3218 ﬁt
2338 3179 2405 3218 ea
2436 3163 2703 3231 defectio,
2737 3163 2850 3219 nisi
2881 3164 3005 3219 dies
3036 3163 3095 3218 in
3129 3162 3327 3234 aliquo
3356 3163 3484 3218 loco
3515 3162 3728 3217 luceat.

2078 3254 2258 3308 Lucet
2287 3252 2445 3308 enim
2477 3270 2655 3325 super
2684 3257 2898 3309 terram
2925 3251 3104 3308 simul
3134 3269 3268 3308 cum
3292 3268 3359 3308 ea
3382 3251 3724 3307 defectione.

312 3336 577 3395 δέδεικται
625 3341 729 3417 γὰρ
777 3343 938 3415 ἡμῖν,
989 3344 1063 3406 ὡς
1116 3342 1262 3419 παρᾶ
1309 3341 1448 3398 τισὶν
1487 3339 1711 3418 ἡμέρας
1773 3337 1963 3414 οῧσῃς,

2087 3346 2553 3398 Demonstratum
2600 3346 2690 3399 est
2732 3341 2890 3398 enim
2940 3342 3095 3398 diem
3144 3341 3445 3414 aliquibus
3496 3341 3726 3407 adesse,

306 3428 398 3501 νὺξ
428 3431 556 3506 παρ’
587 3429 791 3504 ἑτέροις
822 3429 987 3489 ἐστίν.

2075 3432 2310 3503 quando
2340 3431 2473 3488 aliis
2506 3448 2623 3488 non
2651 3433 2836 3489 adest.

1696 3657 1873 3721 Τέλος
1905 3655 1996 3713 σὺν
2030 3660 2149 3731 Θεῷ
2178 3656 2333 3733 ἁγίῳ.

631 5909 896 5972 Punor.
946 5910 1057 5970 Ga.
1105 5907 1337 5968 CXXII.
