4100 6398
323 431 439 492 811
1675 417 1942 478 MICHAI

2143 415 2286 476 PSE
2296 415 2412 476 ιιι
3633 413 3752 474 812

1446 706 1584 763 ΤΟΥ
1625 703 2176 760 ΠΑΝΥΠΕΡΤᾹΤΟΥ
2215 702 2630 759 ΦΙΛΟΣΟΦΟΥ

677 887 1340 1020 ΚΥΡΙΟΥ
1432 881 2143 1014 ΜΙΚΑΗΛ
2223 881 2574 1012 ΤΟΥ
2657 879 3384 1011 ΨΕΛΛΟΥ

1720 1119 1952 1175 ΣΤΙΧΟΙ
1993 1118 2354 1175 ΠΟΛΙΤΙΚΟΙ

1133 1272 1309 1325 ΠΡΟΣ
1350 1272 1485 1323 TON
1526 1266 1830 1321 ΒΑΣΙΛΕΔ
1872 1263 2124 1320 ΚΥΡΙΟΝ
2164 1263 2448 1320 ΜΙΧΑΗΛ
2489 1262 2632 1319 TON
2674 1263 2949 1320 ΛΟΥΚΑΝ

1478 1445 1782 1541 ΙΠΗἾ
1883 1439 2595 1538 ΔΟΓΜΑΤΟΣ.

1640 1810 1893 1874 SUMMI
1945 1808 2433 1871 PHILOSOPHI

632 1997 1390 2155 DOMINI
1502 1993 2638 2149 MICHAELIS
2760 1994 3482 2149 PSELLI

1638 2252 1991 2316 VERSUS
2060 2252 2456 2314 POLITICI

963 2416 1081 2478 AD
1121 2412 1536 2478 DOMINUM
1570 2410 2218 2475 ΙΜΡΕΒΑΤΟΗΕΜ
2260 2409 2582 2476 ΜΙΟΗΑΕ

1518 2414 1536 2475 Γ
1570 2410 2218 2475 ΙΜΡΕΒΑΤΟΗΕΜ
2260 2409 2796 2476 ΜΙσΗΑΕιΕΜ
2835 2410 3137 2475 DUCAM

1555 2576 1740 2669 DE
1850 2573 2552 2669 DOGMATE

421 2779 756 2851 (Mannum,
779 2776 1082 2834 Thesaurus
1110 2776 1262 2832 Iuris
1283 2777 1427 2831 tom.
1453 2777 1497 2830 Ι.
1530 2773 1697 2845 Hage
1729 2773 2012 2830 comitum
2046 2773 2179 2829 1751
2217 2771 2314 2830 fol.
2345 2804 2410 2816 —
2438 2773 2987 2846 Interpretationem
3015 2777 3277 2832 nostram
3317 2773 3674 2847 addidimus)

335 3085 546 3157 Accipe
577 3088 634 3141 et
661 3084 1116 3140 fundamentum
1149 3086 1487 3139 nostrorum
1520 3081 1867 3154 dogmatum

2013 3082 2069 3148 Α
2100 3079 2275 3154 Δέχου
2304 3077 2391 3134 καὶ
2423 3079 2516 3134 κὸν
2550 3077 2805 3153 θεμέλιον
2837 3083 2943 3136 τῶν
2975 3080 3095 3145 καθ’
3125 3081 3273 3154 ἡμᾶς
3305 3076 3615 3156 δογμάτων,

337 3174 672 3241 Concisum,
705 3178 761 3229 et
792 3172 1190 3246 synOpticum,
1213 3175 1269 3229 ct
1308 3171 1844 3244 circumscriptum.

2107 3168 2411 3241 Σύντομον,
2444 3169 2533 3224 καὶ
2567 3171 2913 3238 συνοπτικὸν,
2944 3169 3033 3224 καὶ
3066 3170 3595 3246 περιγεγραμμένον,

339 3263 533 3320 Deum
568 3279 876 3335 cognosce,
904 3262 1165 3328 domine,
1199 3277 1517 3332 corporum
1544 3259 1958 3332 incoporeorur

1863 3275 1994 3314 rum
2106 3259 2235 3313 Θεὸν
2262 3259 2510 3331 γίνωσκε,
2547 3255 2805 3326 δέσποτα,
2839 3263 3108 3332 σωμάτων
3154 3258 3481 3333 ἀσωμάτων,

344 3351 874 3424 Contemporalem,
902 3351 1205 3406 inﬁnitum
1229 3350 1640 3406 universorum
1672 3353 1963 3405 creatorem

1939 3366 1996 3404 tn
2109 3346 2452 3422 Σύγχρονον,
2481 3345 2864 3420 ἀτελεύτητον,
2895 3353 3002 3403 τῶν
3037 3346 3183 3403 ὅλων
3221 3349 3552 3419 ὑποστάτην,

343 3443 760 3513 Incorporeum
794 3440 1190 3506 indeﬁnitum,
1224 3442 1438 3495 natura
1467 3438 1852 3506 invisibilem,

1793 3456 1852 3506 η,
2108 3437 2449 3508 Ἀσώματον,
2484 3435 2756 3510 ἀόριστον,
2790 3435 3202 3512 ἀσχημάτιστον
3237 3437 3412 3515 φύσει,

344 3531 641 3598 Liberum,
667 3529 996 3584 substantia
1018 3527 1698 3600 incomprehensibilem,
1717 3525 1961 3598 operibu

2150 3521 2330 3580 XSetov
2395 3525 2513 3598 μὶν,
2573 3524 2755 3588 οὐςίαν
2816 3524 3089 3598 ἄληπτον,
3149 3525 3358 3596 ληπτὸν
3428 3533 3547 3590 ταῖς
3626 3528 3769 3603 ἐνερ-

1421 3614 1924 3689 [cognoscibilem.

3480 3617 3692 3694 [γείαις,

345 3709 536 3764 Unum
571 3711 628 3762 et
657 3707 770 3762 tria
798 3705 998 3776 simul,
1025 3722 1208 3762 unum
1243 3706 1571 3762 secundum
1603 3703 1964 3761 substantia:

1822 3703 1997 3760 ntiam
2107 3704 2240 3758 Ἕνα
2271 3701 2359 3756 καὶ
2389 3703 2515 3778 τρία
2543 3704 2660 3758 κατ’
2687 3703 2870 3772 αὐτὸν,
2903 3700 2995 3759 ἕνα
3029 3703 3124 3776 μὶν
3156 3705 3224 3777 τῇ
3259 3703 3441 3776 οὐσίᾳ,

340 3797 475 3853 Tria
504 3797 833 3853 secundum
883 3797 1212 3860 substrata,
1263 3795 1351 3850 vel
1383 3795 1431 3850 si
1474 3795 1637 3862 libet,
1670 3795 1959 3850 secundm

2110 3791 2248 3867 Τρία
2274 3797 2392 3854 ταῖς
2425 3792 2776 3849 ὑποστάσεσιν
2801 3837 2815 3864 ,
2853 3793 2897 3848 εἰ
2934 3792 3148 3868 βούλει,
3179 3792 3268 3847 καὶ
3299 3795 3639 3864 προσώποις.

1663 3900 1832 3939 ΘῙἮΟΠ
1842 3901 1926 3939 88.

1594 3886 1926 3955 [personas.

342 3976 506 4031 Unus
537 3991 796 4047 namque
825 3975 886 4030 in
919 3974 1110 4030 tribus
1141 3973 1341 4037 existit
1360 3978 1514 4028 Deus
1550 3973 1818 4044 personis
1850 3990 1862 4027 :

2113 3970 2299 4032 Μονὰς
2329 3972 2432 4046 γὰρ
2465 3971 2897 4047 τρισυπόστατος
2931 3973 2958 4026 ὁ
2991 3971 3121 4034 Θεὸς
3150 3973 3491 4048 χρηματίζει
3527 3992 3538 4006 ·

344 4065 537 4133 Pater,
575 4065 755 4121 Filius
786 4069 843 4120 et
872 4065 1131 4137 Spiritus
1165 4068 1408 4120 sanctus
1449 4061 1963 4118 consubstantiali:

1800 4061 1998 4118 ltialis.
2114 4064 2325 4134 Πατὲρ,
2359 4061 2503 4132 Υἱὸς,
2535 4061 2625 4116 καὶ
2659 4062 2810 4137 ἅγιον
2846 4061 3144 4134 ὁμοούσιον
3177 4063 3419 4136 Πνεῦμα.

347 4154 514 4210 Unus
543 4159 716 4209 Pater
744 4158 802 4210 et
832 4154 957 4210 sine
991 4153 1279 4226 principio
1323 4153 1510 4220 Pater,
1546 4152 1928 4224 gubernator.

2114 4150 2296 4212 Μόνος
2327 4152 2515 4226 Πατήρ
2541 4150 2630 4205 καὶ
2660 4148 2902 4228 ἄναρχος
2931 4152 2958 4206 ὁ
2991 4153 3178 4228 Πατὴρ
3213 4151 3579 4230 στεφηφόρος,

351 4243 512 4298 Unus
542 4242 727 4299 Filius
758 4247 816 4298 et
845 4261 961 4298 non
993 4243 1122 4299 sine
1187 4242 1477 4316 principio
1509 4242 1840 4298 secundum
1873 4257 1970 4296 car

2116 4239 2298 4303 Μόνος
2328 4239 2450 4301 Υἱὸς
2479 4239 2569 4294 καὶ
2601 4239 2699 4294 οὑκ
2725 4241 2981 4317 ἄναρχος,
3010 4244 3080 4316 τῇ
3116 4243 3269 4317 σαρκὶ
3305 4240 3468 4298 αὑτοῦ
3498 4242 3674 4311 πέλει,

1547 4331 1704 4402 [nem
1738 4347 1930 4387 suam.

355 4419 714 4492 Principium
746 4419 875 4489 ejus
906 4421 1070 4476 Pater
1101 4438 1114 4476 :
1142 4422 1268 4492 jam
1299 4435 1433 4475 vero
1465 4420 1514 4475 si
1547 4420 1619 4476 ad
1651 4424 1917 4492 tempora

2038 4452 2085 4516 Β
2116 4419 2292 4494 Ἀρχὴ
2322 4416 2379 4516 δξ
2409 4419 2606 4516 τοίτου
2639 4421 2667 4475 ὁ
2700 4421 2910 4493 Πατήρ,
2943 4418 2988 4475 εἰ
3023 4417 3080 4475 δὲ
3117 4421 3216 4490 τήν
3247 4423 3354 4478 ἀπὸ
3380 4421 3594 4496 χρόνων

353 4509 513 4565 Veiis
549 4509 901 4582 principium
932 4509 1146 4566 referre
1181 4510 1306 4582 ipse
1333 4525 1569 4581 quoque
1592 4509 1881 4582 principio
1913 4525 1972 4565 ca

2041 4503 2084 4516 ”
2121 4509 2328 4583 Ἀρχὴν
2363 4503 2662 4583 λαμϐάνειν
2697 4508 2948 4586 βούλοιο,
2975 4509 3067 4564 καὶ
3099 4507 3339 4585 ἄναρχος
3368 4507 3645 4586 τυγχάνει.

1827 4603 1932 4655 ret.

1827 4603 1932 4655 ret.

349 4688 626 4762 Spiritus,
659 4693 900 4746 sanctus
933 4688 1212 4745 nimirum
1234 4688 1486 4762 Spiritus
1507 4692 1563 4744 et
1590 4689 1741 4744 Deus
1763 4599 1968 4744 sEbtan

1942 4705 2006 4744 n-
2121 4691 2360 4761 Πνεῦμα,
2393 4688 2455 4743 τὸ
2482 4691 2704 4762 Πνεῦμα
2736 4687 2889 4764 ἅγιον
2922 4689 3012 4744 καὶ
3044 4689 3174 4753 Θεὸς
3207 4687 3323 4744 κατ’
3351 4685 3561 4761 οὐσίαν,

1563 4785 1567 4788 ’
1673 4776 1934 4834 itialiter.

1563 4785 1567 4788 ’
1697 4779 1934 4834 tialiter.

349 4870 433 4925 Ex
464 4867 631 4924 Patre
661 4884 1006 4941 processum
1042 4869 1217 4924 habet
1245 4883 1428 4940 supra
1459 4779 1736 4923 naturain

2120 4868 2217 4923 Ἐκ
2245 4869 2341 4921 τοῦ
2374 4865 2582 4941 Πατρὸς
2611 4865 2712 4934 τήν
2744 4863 2982 4942 πρόοδον
3024 4865 3279 4941 ἐσχηκὼς
3315 4867 3448 4944 ὑπὲρ
3480 4867 3637 4946 φύσιν

351 4959 478 5014 Non
509 4963 706 5015 autem
737 4976 806 5014 ex
837 4959 982 5015 Filio
1013 4958 1149 5014 licet
1179 4958 1392 5013 modus
1423 4957 1500 5012 sit
1532 4957 1794 5030 ignotus.

2118 4958 2487 5030 Ἐκπορευτήν
2523 4955 2632 5030 οὐχ
2662 4956 2866 5027 υἱϊκὴν,
2896 4953 2993 5011 κᾶν
3026 4956 3302 5031 ἄγνωστος
3336 4957 3365 5011 ὁ
3392 4956 3621 5032 τρόπος,

357 5047 610 5109 Quodvis
644 5048 885 5120 quidem
918 5045 1256 5103 substantia
1297 5046 1450 5118 (est),
1482 5046 1598 5102 tria
1628 5049 1825 5102 autem
1855 5062 1976 5102 unu

1855 5062 2012 5103 unus
2122 5045 2423 5108 Υπόστασις
2461 5045 2554 5118 μὲν
2584 5041 2833 5115 ἕκαστον,
2869 5048 2946 5108 εἷς
2980 5043 3038 5100 δὲ
3069 5045 3202 5109 Θεὸς
3231 5045 3298 5101 τὰ
3324 5045 3467 5121 τρία.

1768 5141 1937 5192 Deus.

1741 5136 1937 5206 [Deus.

363 5221 528 5277 Unus
561 5223 744 5281 Filius
775 5225 1118 5283 incarnatus
1142 5228 1232 5282 est
1261 5225 1321 5280 in
1353 5225 1468 5281 fine
1499 5223 1870 5294 saeculorum,

2122 5223 2305 5286 Μόνος
2337 5221 2395 5278 δὶ
2415 5224 2537 5287 Υἱὸς
2567 5223 2902 5301 σεσάρκωται
2933 5225 2985 5280 ἐν
3017 5223 3164 5281 τέλει
3195 5229 3303 5281 τῶν
3331 5224 3569 5296 αἰώνων,

370 5312 432 5366 Et
462 5315 732 5368 naturam
766 5315 991 5388 accepit
1023 5319 1288 5371 nostrum
1322 5331 1389 5370 ex
1411 5313 1664 5386 Virgine,

2123 5313 2221 5369 Καὶ
2255 5311 2411 5387 φύσιν
2446 5309 2739 5369 ἀνελάϐετο
2767 5316 2868 5384 τήν
2901 5317 3063 5387 ἡμῶν
3095 5313 3155 5370 ἐκ
3194 5313 3497 5390 Παρθένου,

366 5401 787 5471 Essentialiter,
822 5423 936 5462 non
972 5405 1267 5471 simulate,
1302 5410 1535 5472 natura,
1568 5421 1680 5460 non
1715 5403 1908 5476 specie

1860 5403 1908 5460 ie
2123 5397 2445 5470 Οὖσιωδῶς,
2491 5404 2556 5458 οὐ
2587 5409 2875 5479 σχετικῶς,
2909 5403 3084 5476 φύσει,
3117 5403 3185 5458 οὐ
3217 5403 3479 5482 φαντασίᾳ

363 5490 446 5544 Ex
476 5492 865 5564 sanguinibus
912 5496 1262 5568 venerandis
1309 5493 1700 5550 sanctissimas
1732 5492 1982 5565 Virginis

2167 5495 2221 5549 ῢκ
2269 5493 2378 5544 τῶν
2430 5491 2676 5566 αἷμάτων
2720 5498 2828 5548 τῶν
2883 5497 3092 5548 σεπτῶν
3149 5499 3249 5563 τῆς
3309 5497 3588 5569 παναγοῢς
3639 5495 3786 5569 Παρ-

635 5635 643 5641 ,
3509 5581 3706 5641 Γθὲνου.

365 5667 493 5724 Alia
524 5674 720 5726 autem
747 5676 837 5727 est
865 5674 1216 5744 substantia,
1249 5678 1306 5730 et
1329 5672 1440 5729 alia
1471 5675 1746 5730 essentia.

2123 5666 2309 5740 Ἀλλη
2346 5667 2394 5724 δ’
2422 5668 2562 5724 ἐστιν
2606 5669 2917 5736 ὑπόστασις,
2949 5667 3037 5722 καὶ
3068 5663 3251 5742 ἓτερον
3285 5665 3463 5725 οὐσία.
3509 5587 3526 5658 [

365 5757 632 5816 Essentia
663 5760 904 5834 quidem
935 5764 1268 5820 communis
1307 5764 1658 5821 substantia:
1689 5763 1939 5836 species,

1763 5763 1939 5831 ecies,
2123 5759 2185 5815 Ἡ
2222 5760 2314 5834 μὶν
2350 5758 2504 5815 οὑσία
2531 5761 2594 5816 τὸ
2623 5760 2804 5816 κοινὸν
2839 5757 3186 5821 ὑποστάσεως
3218 5753 3381 5828 εἶδος,
