  <div class='ocr_page' id='page_1' title='image "/cluster/home/n/w/nwhite01/storage/ocr_20150623/122:no.2/coo.31924054870278/414.png"; bbox 0 0 4100 6436; ppageno 0'>
   <div class='ocr_carea' id='block_1_1' title="bbox 392 489 508 548">
    <p class='ocr_par' dir='ltr' id='par_1_1' title="bbox 392 489 508 548">
     <span class='ocr_line' id='line_1_1' title="bbox 392 489 508 548; baseline 0 0"><span class='ocrx_word' id='word_1_1' title='bbox 392 489 508 548; x_wconf 82' lang='grc'><strong>813</strong></span> 
     </span>
    </p>
   </div>
   <div class='ocr_carea' id='block_1_2' title="bbox 390 607 1798 688">
    <p class='ocr_par' dir='ltr' id='par_1_2' title="bbox 390 607 1798 688">
     <span class='ocr_line' id='line_1_2' title="bbox 390 607 1798 688; baseline -0.006 -13"><span class='ocrx_word' id='word_1_2' title='bbox 390 619 458 676; x_wconf 74' lang='grc' dir='ltr'><strong>Ἠ</strong></span> <span class='ocrx_word' id='word_1_3' title='bbox 488 614 546 672; x_wconf 74' lang='grc' dir='ltr'>δὲ</span> <span class='ocrx_word' id='word_1_4' title='bbox 575 611 868 677; x_wconf 86' lang='grc' dir='ltr'>ὑπόστασίς</span> <span class='ocrx_word' id='word_1_5' title='bbox 896 609 1042 667; x_wconf 75' lang='grc' dir='ltr'>ἐστιν</span> <span class='ocrx_word' id='word_1_6' title='bbox 1070 610 1124 667; x_wconf 72' lang='grc' dir='ltr'><strong>’ἐν</strong></span> <span class='ocrx_word' id='word_1_7' title='bbox 1157 608 1451 688; x_wconf 88' lang='grc' dir='ltr'>πρόσωπον</span> <span class='ocrx_word' id='word_1_8' title='bbox 1482 607 1572 665; x_wconf 77' lang='grc' dir='ltr'>καὶ</span> <span class='ocrx_word' id='word_1_9' title='bbox 1609 611 1798 680; x_wconf 87' lang='grc' dir='ltr'>μόνον.</span> 
     </span>
    </p>
   </div>
   <div class='ocr_carea' id='block_1_3' title="bbox 393 698 1871 782">
    <p class='ocr_par' dir='ltr' id='par_1_3' title="bbox 393 698 1871 782">
     <span class='ocr_line' id='line_1_3' title="bbox 393 698 1871 782; baseline -0.007 -18"><span class='ocrx_word' id='word_1_10' title='bbox 393 708 471 766; x_wconf 85' lang='grc' dir='ltr'>Τὸ</span> <span class='ocrx_word' id='word_1_11' title='bbox 502 707 596 780; x_wconf 77' lang='grc' dir='ltr'><strong>μὶν</strong></span> <span class='ocrx_word' id='word_1_12' title='bbox 627 705 730 782; x_wconf 71' lang='grc' dir='ltr'><strong>γὰρ</strong></span> <span class='ocrx_word' id='word_1_13' title='bbox 759 709 858 774; x_wconf 82' lang='grc' dir='ltr'>τῆς</span> <span class='ocrx_word' id='word_1_14' title='bbox 889 701 1165 772; x_wconf 80' lang='grc' dir='ltr'><strong>θεότητος,</strong></span> <span class='ocrx_word' id='word_1_15' title='bbox 1197 707 1298 770; x_wconf 83' lang='grc' dir='ltr'>τῆς</span> <span class='ocrx_word' id='word_1_16' title='bbox 1340 698 1763 776; x_wconf 83' lang='grc' dir='ltr'>ἀνθρωπότητός</span> <span class='ocrx_word' id='word_1_17' title='bbox 1792 719 1871 772; x_wconf 88' lang='grc' dir='ltr'><strong>τε,</strong></span> 
     </span>
    </p>
   </div>
   <div class='ocr_carea' id='block_1_4' title="bbox 390 791 1710 872">
    <p class='ocr_par' dir='ltr' id='par_1_4' title="bbox 390 791 1710 872">
     <span class='ocr_line' id='line_1_4' title="bbox 390 791 1710 872; baseline -0.007 -18"><span class='ocrx_word' id='word_1_18' title='bbox 390 796 710 870; x_wconf 83' lang='grc' dir='ltr'>Δηλωτικὸν</span> <span class='ocrx_word' id='word_1_19' title='bbox 738 801 839 864; x_wconf 82' lang='grc' dir='ltr'>τῆς</span> <span class='ocrx_word' id='word_1_20' title='bbox 869 793 1079 872; x_wconf 87' lang='grc' dir='ltr'>φύσεως</span> <span class='ocrx_word' id='word_1_21' title='bbox 1110 792 1200 847; x_wconf 86' lang='grc' dir='ltr'><strong>καὶ</strong></span> <span class='ocrx_word' id='word_1_22' title='bbox 1232 791 1414 848; x_wconf 84' lang='grc' dir='ltr'>ούσίαν</span> <span class='ocrx_word' id='word_1_23' title='bbox 1447 791 1710 868; x_wconf 78' lang='grc' dir='ltr'><strong>τυγχάνει</strong></span> 
     </span>
    </p>
   </div>
   <div class='ocr_carea' id='block_1_5' title="bbox 388 881 1744 959">
    <p class='ocr_par' dir='ltr' id='par_1_5' title="bbox 388 881 1744 959">
     <span class='ocr_line' id='line_1_5' title="bbox 388 881 1744 959; baseline -0.007 -16"><span class='ocrx_word' id='word_1_24' title='bbox 388 891 448 948; x_wconf 91' lang='grc' dir='ltr'>Ὁ</span> <span class='ocrx_word' id='word_1_25' title='bbox 481 885 538 942; x_wconf 78' lang='grc' dir='ltr'>δὶ</span> <span class='ocrx_word' id='word_1_26' title='bbox 569 885 778 959; x_wconf 79' lang='grc' dir='ltr'>Πατὴρ,</span> <span class='ocrx_word' id='word_1_27' title='bbox 809 882 899 938; x_wconf 83' lang='grc' dir='ltr'>καὶ</span> <span class='ocrx_word' id='word_1_28' title='bbox 931 883 1077 955; x_wconf 77' lang='grc' dir='ltr'>Υἱὸς,</span> <span class='ocrx_word' id='word_1_29' title='bbox 1109 881 1198 937; x_wconf 82' lang='grc' dir='ltr'>καὶ</span> <span class='ocrx_word' id='word_1_30' title='bbox 1227 883 1290 936; x_wconf 91' lang='grc' dir='ltr'>τὸ</span> <span class='ocrx_word' id='word_1_31' title='bbox 1323 881 1471 956; x_wconf 69' lang='grc' dir='ltr'>ἅγιον</span> <span class='ocrx_word' id='word_1_32' title='bbox 1503 883 1744 955; x_wconf 78' lang='grc' dir='ltr'>Πνεῦμα,</span> 
     </span>
    </p>
   </div>
   <div class='ocr_carea' id='block_1_6' title="bbox 389 969 1875 1051">
    <p class='ocr_par' dir='ltr' id='par_1_6' title="bbox 389 969 1875 1051">
     <span class='ocr_line' id='line_1_6' title="bbox 389 969 1875 1051; baseline -0.005 -18"><span class='ocrx_word' id='word_1_33' title='bbox 389 978 486 1034; x_wconf 83' lang='grc' dir='ltr'><strong>Καὶ</strong></span> <span class='ocrx_word' id='word_1_34' title='bbox 516 976 786 1051; x_wconf 87' lang='grc' dir='ltr'>πρόσωπα</span> <span class='ocrx_word' id='word_1_35' title='bbox 815 969 1110 1047; x_wconf 77' lang='grc' dir='ltr'>πεφύκασι,</span> <span class='ocrx_word' id='word_1_36' title='bbox 1141 972 1232 1026; x_wconf 81' lang='grc' dir='ltr'><strong>καὶ</strong></span> <span class='ocrx_word' id='word_1_37' title='bbox 1266 971 1374 1043; x_wconf 83' lang='grc' dir='ltr'>μὴν</span> <span class='ocrx_word' id='word_1_38' title='bbox 1407 969 1496 1025; x_wconf 85' lang='grc' dir='ltr'>καὶ</span> <span class='ocrx_word' id='word_1_39' title='bbox 1531 971 1875 1032; x_wconf 75' lang='grc' dir='ltr'><strong>ὑποστάσεις.</strong></span> 
     </span>
    </p>
   </div>
   <div class='ocr_carea' id='block_1_7' title="bbox 384 1059 1850 1142">
    <p class='ocr_par' dir='ltr' id='par_1_7' title="bbox 384 1059 1850 1142">
     <span class='ocr_line' id='line_1_7' title="bbox 384 1059 1850 1142; baseline -0.005 -20"><span class='ocrx_word' id='word_1_40' title='bbox 384 1070 447 1126; x_wconf 81' lang='grc' dir='ltr'><strong>Ὀ</strong></span> <span class='ocrx_word' id='word_1_41' title='bbox 479 1064 775 1142; x_wconf 78' lang='grc' dir='ltr'>σαργωθεὶς</span> <span class='ocrx_word' id='word_1_42' title='bbox 807 1063 992 1117; x_wconf 81' lang='grc' dir='ltr'>τοίνυν</span> <span class='ocrx_word' id='word_1_43' title='bbox 1017 1061 1142 1122; x_wconf 74' lang='grc' dir='ltr'><strong>Υἱὸς</strong></span> <span class='ocrx_word' id='word_1_44' title='bbox 1174 1061 1472 1135; x_wconf 73' lang='grc' dir='ltr'><strong>ἀτρέπτως,</strong></span> <span class='ocrx_word' id='word_1_45' title='bbox 1500 1059 1850 1135; x_wconf 84' lang='grc' dir='ltr'>ἀσυγχύτως.</span> 
     </span>
    </p>
   </div>
   <div class='ocr_carea' id='block_1_8' title="bbox 385 1145 1868 1232">
    <p class='ocr_par' dir='ltr' id='par_1_8' title="bbox 385 1145 1868 1232">
     <span class='ocr_line' id='line_1_8' title="bbox 385 1145 1868 1232; baseline -0.007 -20"><span class='ocrx_word' id='word_1_46' title='bbox 385 1157 465 1214; x_wconf 83' lang='grc' dir='ltr'><strong>Οὐ</strong></span> <span class='ocrx_word' id='word_1_47' title='bbox 497 1157 790 1232; x_wconf 85' lang='grc' dir='ltr'>σχετικῶς,</span> <span class='ocrx_word' id='word_1_48' title='bbox 825 1152 900 1215; x_wconf 79' lang='grc' dir='ltr'>ὡς</span> <span class='ocrx_word' id='word_1_49' title='bbox 930 1148 1178 1224; x_wconf 80' lang='grc' dir='ltr'>εἷ’πομεν,</span> <span class='ocrx_word' id='word_1_50' title='bbox 1215 1145 1339 1204; x_wconf 69' lang='grc' dir='ltr'>οὔτε</span> <span class='ocrx_word' id='word_1_51' title='bbox 1375 1151 1483 1223; x_wconf 74' lang='grc' dir='ltr'><strong>μὴν</strong></span> <span class='ocrx_word' id='word_1_52' title='bbox 1514 1150 1650 1204; x_wconf 81' lang='grc' dir='ltr'>κατά</span> <span class='ocrx_word' id='word_1_53' title='bbox 1685 1149 1868 1227; x_wconf 82' lang='grc' dir='ltr'>φύσιν,</span> 
     </span>
    </p>
   </div>
   <div class='ocr_carea' id='block_1_9' title="bbox 384 1342 1732 1426">
    <p class='ocr_par' dir='ltr' id='par_1_9' title="bbox 384 1342 1732 1426">
     <span class='ocr_line' id='line_1_9' title="bbox 384 1342 1732 1426; baseline -0.008 -16"><span class='ocrx_word' id='word_1_54' title='bbox 384 1355 475 1420; x_wconf 85' lang='grc' dir='ltr'>Ὧς</span> <span class='ocrx_word' id='word_1_55' title='bbox 503 1354 532 1409; x_wconf 86' lang='grc' dir='ltr'><strong>ὁ</strong></span> <span class='ocrx_word' id='word_1_56' title='bbox 567 1349 741 1415; x_wconf 86' lang='grc' dir='ltr'>δεινὸς</span> <span class='ocrx_word' id='word_1_57' title='bbox 771 1357 1064 1426; x_wconf 84' lang='grc' dir='ltr'>Νεστοριος</span> <span class='ocrx_word' id='word_1_58' title='bbox 1097 1342 1372 1409; x_wconf 75' lang='grc' dir='ltr'>δυσσεϐῶς</span> <span class='ocrx_word' id='word_1_59' title='bbox 1405 1343 1732 1422; x_wconf 73' lang='grc' dir='ltr'>παρελήρει,</span> 
     </span>
    </p>
   </div>
   <div class='ocr_carea' id='block_1_10' title="bbox 383 1434 1810 1514">
    <p class='ocr_par' dir='ltr' id='par_1_10' title="bbox 383 1434 1810 1514">
     <span class='ocr_line' id='line_1_10' title="bbox 383 1434 1810 1514; baseline -0.009 -12"><span class='ocrx_word' id='word_1_60' title='bbox 383 1443 602 1514; x_wconf 83' lang='grc' dir='ltr'>Ἦνώθη</span> <span class='ocrx_word' id='word_1_61' title='bbox 634 1442 749 1498; x_wconf 83' lang='grc' dir='ltr'>καθ’</span> <span class='ocrx_word' id='word_1_62' title='bbox 785 1439 1074 1496; x_wconf 81' lang='grc' dir='ltr'>ὑπόστασιν</span> <span class='ocrx_word' id='word_1_63' title='bbox 1106 1442 1185 1511; x_wconf 80' lang='grc' dir='ltr'>τῷ</span> <span class='ocrx_word' id='word_1_64' title='bbox 1213 1435 1597 1513; x_wconf 77' lang='grc' dir='ltr'>προληφθείσῃ</span> <span class='ocrx_word' id='word_1_65' title='bbox 1633 1434 1810 1513; x_wconf 84' lang='grc' dir='ltr'>φύσει,</span> 
     </span>
    </p>
   </div>
   <div class='ocr_carea' id='block_1_11' title="bbox 385 1523 1667 1608">
    <p class='ocr_par' dir='ltr' id='par_1_11' title="bbox 385 1523 1667 1608">
     <span class='ocr_line' id='line_1_11' title="bbox 385 1523 1667 1608; baseline -0.009 -18"><span class='ocrx_word' id='word_1_66' title='bbox 385 1535 502 1592; x_wconf 87' lang='grc' dir='ltr'>Μία</span> <span class='ocrx_word' id='word_1_67' title='bbox 535 1531 718 1608; x_wconf 79' lang='grc' dir='ltr'>μείνας</span> <span class='ocrx_word' id='word_1_68' title='bbox 751 1529 1068 1598; x_wconf 81' lang='grc' dir='ltr'>ὑπόστασις,</span> <span class='ocrx_word' id='word_1_69' title='bbox 1097 1529 1166 1602; x_wconf 82' lang='grc' dir='ltr'>τῇ</span> <span class='ocrx_word' id='word_1_70' title='bbox 1200 1523 1319 1599; x_wconf 80' lang='grc' dir='ltr'>θείᾳ</span> <span class='ocrx_word' id='word_1_71' title='bbox 1347 1524 1435 1582; x_wconf 77' lang='grc' dir='ltr'>καὶ</span> <span class='ocrx_word' id='word_1_72' title='bbox 1465 1523 1667 1594; x_wconf 82' lang='grc' dir='ltr'>τελεία,</span> 
     </span>
    </p>
   </div>
   <div class='ocr_carea' id='block_1_12' title="bbox 384 1611 1742 1696">
    <p class='ocr_par' dir='ltr' id='par_1_12' title="bbox 384 1611 1742 1696">
     <span class='ocr_line' id='line_1_12' title="bbox 384 1611 1742 1696; baseline -0.008 -17"><span class='ocrx_word' id='word_1_73' title='bbox 384 1625 474 1682; x_wconf 82' lang='grc' dir='ltr'>Ἐν</span> <span class='ocrx_word' id='word_1_74' title='bbox 503 1620 598 1678; x_wconf 87' lang='grc' dir='ltr'><strong>δύο</strong></span> <span class='ocrx_word' id='word_1_75' title='bbox 632 1618 688 1677; x_wconf 63' lang='grc' dir='ltr'>δὲ</span> <span class='ocrx_word' id='word_1_76' title='bbox 716 1625 834 1682; x_wconf 86' lang='grc' dir='ltr'>ταῖς</span> <span class='ocrx_word' id='word_1_77' title='bbox 869 1618 1084 1696; x_wconf 77' lang='grc' dir='ltr'>φύσεσιν</span> <span class='ocrx_word' id='word_1_78' title='bbox 1115 1613 1405 1678; x_wconf 84' lang='grc' dir='ltr'>οὗσιωδῶς</span> <span class='ocrx_word' id='word_1_79' title='bbox 1437 1611 1742 1690; x_wconf 73' lang='grc' dir='ltr'><strong>τυγχάνων.</strong></span> 
     </span>
    </p>
   </div>
   <div class='ocr_carea' id='block_1_13' title="bbox 382 1703 1812 1785">
    <p class='ocr_par' dir='ltr' id='par_1_13' title="bbox 382 1703 1812 1785">
     <span class='ocr_line' id='line_1_13' title="bbox 382 1703 1812 1785; baseline -0.007 -17"><span class='ocrx_word' id='word_1_80' title='bbox 382 1711 538 1768; x_wconf 76' lang='grc' dir='ltr'>Οὕτω</span> <span class='ocrx_word' id='word_1_81' title='bbox 569 1709 636 1781; x_wconf 80' lang='grc' dir='ltr'>δὴ</span> <span class='ocrx_word' id='word_1_82' title='bbox 667 1710 757 1766; x_wconf 83' lang='grc' dir='ltr'><strong>καὶ</strong></span> <span class='ocrx_word' id='word_1_83' title='bbox 785 1703 1182 1785; x_wconf 73' lang='grc' dir='ltr'>πρεσϐεύομεν,</span> <span class='ocrx_word' id='word_1_84' title='bbox 1215 1703 1390 1767; x_wconf 75' lang='grc' dir='ltr'>οὕτως</span> <span class='ocrx_word' id='word_1_85' title='bbox 1422 1703 1812 1781; x_wconf 82' lang='grc' dir='ltr'>ὁμολογοῦμεν</span> 
     </span>
    </p>
   </div>
   <div class='ocr_carea' id='block_1_14' title="bbox 385 1791 1826 1878">
    <p class='ocr_par' dir='ltr' id='par_1_14' title="bbox 385 1791 1826 1878">
     <span class='ocr_line' id='line_1_14' title="bbox 385 1791 1826 1878; baseline -0.006 -22"><span class='ocrx_word' id='word_1_86' title='bbox 385 1802 495 1864; x_wconf 76' lang='grc' dir='ltr'><strong>Τὰς</strong></span> <span class='ocrx_word' id='word_1_87' title='bbox 527 1797 622 1855; x_wconf 84' lang='grc' dir='ltr'><strong>δύο</strong></span> <span class='ocrx_word' id='word_1_88' title='bbox 656 1799 840 1878; x_wconf 88' lang='grc' dir='ltr'>φύσεις</span> <span class='ocrx_word' id='word_1_89' title='bbox 870 1795 1114 1868; x_wconf 79' lang='grc' dir='ltr'>ἀληθῶς,</span> <span class='ocrx_word' id='word_1_90' title='bbox 1150 1793 1292 1861; x_wconf 81' lang='grc' dir='ltr'>θείαν</span> <span class='ocrx_word' id='word_1_91' title='bbox 1328 1793 1417 1850; x_wconf 83' lang='grc' dir='ltr'><strong>καὶ</strong></span> <span class='ocrx_word' id='word_1_92' title='bbox 1451 1791 1826 1869; x_wconf 80' lang='grc' dir='ltr'>ἀνθρωπίνην,</span> 
     </span>
    </p>
   </div>
   <div class='ocr_carea' id='block_1_15' title="bbox 387 1881 1824 1962">
    <p class='ocr_par' dir='ltr' id='par_1_15' title="bbox 387 1881 1824 1962">
     <span class='ocr_line' id='line_1_15' title="bbox 387 1881 1824 1962; baseline -0.007 -16"><span class='ocrx_word' id='word_1_93' title='bbox 387 1887 692 1961; x_wconf 81' lang='grc' dir='ltr'>Ἀλλήλαις</span> <span class='ocrx_word' id='word_1_94' title='bbox 723 1887 842 1943; x_wconf 80' lang='grc' dir='ltr'>καθ’</span> <span class='ocrx_word' id='word_1_95' title='bbox 875 1885 1162 1942; x_wconf 83' lang='grc' dir='ltr'>ὑπόστασιν</span> <span class='ocrx_word' id='word_1_96' title='bbox 1197 1882 1481 1962; x_wconf 71' lang='grc' dir='ltr'>ἀτρέπτως</span> <span class='ocrx_word' id='word_1_97' title='bbox 1512 1881 1824 1955; x_wconf 80' lang='grc' dir='ltr'>ἐνωθείσας,</span> 
     </span>
    </p>
   </div>
   <div class='ocr_carea' id='block_1_16' title="bbox 380 2079 1684 2158">
    <p class='ocr_par' dir='ltr' id='par_1_16' title="bbox 380 2079 1684 2158">
     <span class='ocr_line' id='line_1_16' title="bbox 380 2079 1684 2158; baseline -0.011 -11"><span class='ocrx_word' id='word_1_98' title='bbox 380 2087 647 2158; x_wconf 78' lang='grc' dir='ltr'>Ἐκάστην</span> <span class='ocrx_word' id='word_1_99' title='bbox 681 2083 1052 2141; x_wconf 62' lang='grc' dir='ltr'>ἀναλλοίωτον</span> <span class='ocrx_word' id='word_1_100' title='bbox 1089 2079 1265 2156; x_wconf 73' lang='grc' dir='ltr'>μένειν</span> <span class='ocrx_word' id='word_1_101' title='bbox 1295 2079 1346 2135; x_wconf 87' lang='grc' dir='ltr'>ἐν</span> <span class='ocrx_word' id='word_1_102' title='bbox 1377 2084 1444 2154; x_wconf 75' lang='grc' dir='ltr'>τῇ</span> <span class='ocrx_word' id='word_1_103' title='bbox 1478 2080 1684 2153; x_wconf 79' lang='grc' dir='ltr'>ἐνώσει,</span> 
     </span>
    </p>
   </div>
   <div class='ocr_carea' id='block_1_17' title="bbox 383 2169 1658 2252">
    <p class='ocr_par' dir='ltr' id='par_1_17' title="bbox 383 2169 1658 2252">
     <span class='ocr_line' id='line_1_17' title="bbox 383 2169 1658 2252; baseline -0.01 -16"><span class='ocrx_word' id='word_1_104' title='bbox 383 2182 476 2236; x_wconf 83' lang='grc' dir='ltr'><strong>Ἐκ</strong></span> <span class='ocrx_word' id='word_1_105' title='bbox 501 2176 558 2234; x_wconf 75' lang='grc' dir='ltr'><strong>δὲ</strong></span> <span class='ocrx_word' id='word_1_106' title='bbox 585 2180 693 2233; x_wconf 82' lang='grc' dir='ltr'>τῶν</span> <span class='ocrx_word' id='word_1_107' title='bbox 727 2172 823 2231; x_wconf 90' lang='grc' dir='ltr'><strong>δύο</strong></span> <span class='ocrx_word' id='word_1_108' title='bbox 855 2172 1064 2252; x_wconf 85' lang='grc' dir='ltr'>φύσεων</span> <span class='ocrx_word' id='word_1_109' title='bbox 1101 2171 1228 2246; x_wconf 78' lang='grc' dir='ltr'>μίαν</span> <span class='ocrx_word' id='word_1_110' title='bbox 1256 2169 1658 2238; x_wconf 73' lang='grc' dir='ltr'>ἀποτελεῖσθαι,</span> 
     </span>
    </p>
   </div>
   <div class='ocr_carea' id='block_1_18' title="bbox 385 2258 1770 2336">
    <p class='ocr_par' dir='ltr' id='par_1_18' title="bbox 385 2258 1770 2336">
     <span class='ocr_line' id='line_1_18' title="bbox 385 2258 1770 2336; baseline -0.009 -10"><span class='ocrx_word' id='word_1_111' title='bbox 385 2268 644 2326; x_wconf 77' lang='grc' dir='ltr'>Σύνθετον</span> <span class='ocrx_word' id='word_1_112' title='bbox 669 2267 770 2336; x_wconf 79' lang='grc' dir='ltr'>τήν</span> <span class='ocrx_word' id='word_1_113' title='bbox 806 2263 1094 2320; x_wconf 78' lang='grc' dir='ltr'>ὑπόστασιν</span> <span class='ocrx_word' id='word_1_114' title='bbox 1124 2279 1138 2294; x_wconf 82' lang='lat'><strong><em>°</em></strong></span> <span class='ocrx_word' id='word_1_115' title='bbox 1174 2261 1316 2316; x_wconf 70' lang='grc' dir='ltr'>οὕτω</span> <span class='ocrx_word' id='word_1_116' title='bbox 1347 2259 1579 2322; x_wconf 82' lang='grc' dir='ltr'>πίστεως</span> <span class='ocrx_word' id='word_1_117' title='bbox 1621 2258 1770 2336; x_wconf 76' lang='grc' dir='ltr'>ὅρος.</span> 
     </span>
    </p>
   </div>
   <div class='ocr_carea' id='block_1_19' title="bbox 383 2346 1795 2434">
    <p class='ocr_par' dir='ltr' id='par_1_19' title="bbox 383 2346 1795 2434">
     <span class='ocr_line' id='line_1_19' title="bbox 383 2346 1795 2434; baseline -0.012 -15"><span class='ocrx_word' id='word_1_118' title='bbox 383 2359 806 2434; x_wconf 84' lang='grc' dir='ltr'>Ὁμολογοῦμεν</span> <span class='ocrx_word' id='word_1_119' title='bbox 837 2355 1127 2428; x_wconf 78' lang='grc' dir='ltr'>τοιγαροῦν</span> <span class='ocrx_word' id='word_1_120' title='bbox 1158 2354 1256 2406; x_wconf 85' lang='grc' dir='ltr'><strong>τοῦ</strong></span> <span class='ocrx_word' id='word_1_121' title='bbox 1288 2350 1498 2426; x_wconf 83' lang='grc' dir='ltr'>Πατρὸς</span> <span class='ocrx_word' id='word_1_122' title='bbox 1527 2350 1650 2404; x_wconf 77' lang='grc' dir='ltr'><strong>Υἱὸν</strong></span> <span class='ocrx_word' id='word_1_123' title='bbox 1679 2346 1795 2422; x_wconf 69' lang='grc' dir='ltr'>ἕνα,</span> 
     </span>
    </p>
   </div>
   <div class='ocr_carea' id='block_1_20' title="bbox 381 2437 1855 2520">
    <p class='ocr_par' dir='ltr' id='par_1_20' title="bbox 381 2437 1855 2520">
     <span class='ocr_line' id='line_1_20' title="bbox 381 2437 1855 2520; baseline -0.009 -14"><span class='ocrx_word' id='word_1_124' title='bbox 381 2449 529 2506; x_wconf 82' lang='grc' dir='ltr'>Κατὰ</span> <span class='ocrx_word' id='word_1_125' title='bbox 559 2449 660 2518; x_wconf 75' lang='grc' dir='ltr'><strong>τὴν</strong></span> <span class='ocrx_word' id='word_1_126' title='bbox 692 2443 1100 2520; x_wconf 74' lang='grc' dir='ltr'>ἐνανθρώπησιν</span> <span class='ocrx_word' id='word_1_127' title='bbox 1128 2441 1229 2511; x_wconf 82' lang='grc' dir='ltr'>τήν</span> <span class='ocrx_word' id='word_1_128' title='bbox 1261 2437 1498 2518; x_wconf 75' lang='grc' dir='ltr'>ἇρρητον</span> <span class='ocrx_word' id='word_1_129' title='bbox 1527 2442 1624 2495; x_wconf 88' lang='grc' dir='ltr'><strong>τοῦ</strong></span> <span class='ocrx_word' id='word_1_130' title='bbox 1650 2440 1855 2514; x_wconf 87' lang='grc' dir='ltr'>Λόγου,</span> 
     </span>
    </p>
   </div>
   <div class='ocr_carea' id='block_1_21' title="bbox 381 2527 1820 2610">
    <p class='ocr_par' dir='ltr' id='par_1_21' title="bbox 381 2527 1820 2610">
     <span class='ocr_line' id='line_1_21' title="bbox 381 2527 1820 2610; baseline -0.011 -13"><span class='ocrx_word' id='word_1_131' title='bbox 381 2538 488 2597; x_wconf 83' lang='grc' dir='ltr'>Καὶ</span> <span class='ocrx_word' id='word_1_132' title='bbox 519 2537 609 2593; x_wconf 84' lang='grc' dir='ltr'><strong>τὸν</strong></span> <span class='ocrx_word' id='word_1_133' title='bbox 639 2534 800 2592; x_wconf 78' lang='grc' dir='ltr'>αὐτὸν</span> <span class='ocrx_word' id='word_1_134' title='bbox 829 2533 953 2590; x_wconf 79' lang='grc' dir='ltr'><strong>Υἱὸν</strong></span> <span class='ocrx_word' id='word_1_135' title='bbox 978 2535 1162 2610; x_wconf 80' lang='grc' dir='ltr'>σαφῶς</span> <span class='ocrx_word' id='word_1_136' title='bbox 1194 2527 1476 2606; x_wconf 72' lang='grc' dir='ltr'>ἄνθρωπον</span> <span class='ocrx_word' id='word_1_137' title='bbox 1509 2529 1820 2604; x_wconf 72' lang='grc' dir='ltr'>πεφυκέναι,</span> 
     </span>
    </p>
   </div>
   <div class='ocr_carea' id='block_1_22' title="bbox 381 2617 1770 2704">
    <p class='ocr_par' dir='ltr' id='par_1_22' title="bbox 381 2617 1770 2704">
     <span class='ocr_line' id='line_1_22' title="bbox 381 2617 1770 2704; baseline -0.011 -16"><span class='ocrx_word' id='word_1_138' title='bbox 381 2632 517 2688; x_wconf 79' lang='lat' dir='ltr'><strong>&quot;Eva.</strong></span> <span class='ocrx_word' id='word_1_139' title='bbox 539 2626 770 2704; x_wconf 82' lang='grc' dir='ltr'>Χριστὸν</span> <span class='ocrx_word' id='word_1_140' title='bbox 801 2625 894 2680; x_wconf 79' lang='grc' dir='ltr'><strong>καὶ</strong></span> <span class='ocrx_word' id='word_1_141' title='bbox 920 2625 1118 2698; x_wconf 83' lang='grc' dir='ltr'>Κύριον</span> <span class='ocrx_word' id='word_1_142' title='bbox 1146 2625 1418 2696; x_wconf 81' lang='grc' dir='ltr'>μονογενῆ</span> <span class='ocrx_word' id='word_1_143' title='bbox 1450 2618 1540 2677; x_wconf 79' lang='grc' dir='ltr'>καὶ</span> <span class='ocrx_word' id='word_1_144' title='bbox 1569 2617 1770 2694; x_wconf 86' lang='grc' dir='ltr'>Λόγον,</span> 
     </span>
    </p>
   </div>
   <div class='ocr_carea' id='block_1_23' title="bbox 381 2815 1726 2898">
    <p class='ocr_par' dir='ltr' id='par_1_23' title="bbox 381 2815 1726 2898">
     <span class='ocr_line' id='line_1_23' title="bbox 381 2815 1726 2898; baseline -0.01 -14"><span class='ocrx_word' id='word_1_145' title='bbox 381 2827 552 2886; x_wconf 89' lang='grc' dir='ltr'>Ὅλον</span> <span class='ocrx_word' id='word_1_146' title='bbox 587 2824 714 2880; x_wconf 84' lang='grc' dir='ltr'>Θεὸν</span> <span class='ocrx_word' id='word_1_147' title='bbox 747 2823 836 2878; x_wconf 84' lang='grc' dir='ltr'><strong>καὶ</strong></span> <span class='ocrx_word' id='word_1_148' title='bbox 869 2819 1158 2898; x_wconf 76' lang='grc' dir='ltr'>ἄνθρωπον</span> <span class='ocrx_word' id='word_1_149' title='bbox 1184 2823 1254 2895; x_wconf 79' lang='grc' dir='ltr'>τῇ</span> <span class='ocrx_word' id='word_1_150' title='bbox 1286 2817 1385 2893; x_wconf 83' lang='grc' dir='ltr'><strong>μίᾳ</strong></span> <span class='ocrx_word' id='word_1_151' title='bbox 1417 2815 1726 2874; x_wconf 79' lang='grc' dir='ltr'>ὑποστάσει.</span> 
     </span>
    </p>
   </div>
   <div class='ocr_carea' id='block_1_24' title="bbox 384 2902 2042 2988">
    <p class='ocr_par' dir='ltr' id='par_1_24' title="bbox 384 2902 2042 2988">
     <span class='ocr_line' id='line_1_24' title="bbox 384 2902 2042 2988; baseline -0.01 -15"><span class='ocrx_word' id='word_1_152' title='bbox 384 2921 658 2974; x_wconf 76' lang='grc' dir='ltr'>’Ήνωνται</span> <span class='ocrx_word' id='word_1_153' title='bbox 712 2917 844 2988; x_wconf 86' lang='grc' dir='ltr'>γοῦν</span> <span class='ocrx_word' id='word_1_154' title='bbox 903 2913 958 2966; x_wconf 74' lang='grc' dir='ltr'>αἱ</span> <span class='ocrx_word' id='word_1_155' title='bbox 1012 2915 1112 2966; x_wconf 91' lang='grc' dir='ltr'><strong>τοῦ</strong></span> <span class='ocrx_word' id='word_1_156' title='bbox 1160 2911 1398 2987; x_wconf 85' lang='grc' dir='ltr'>Χριστοῦ</span> <span class='ocrx_word' id='word_1_157' title='bbox 1456 2905 1661 2986; x_wconf 79' lang='grc' dir='ltr'>φύσεις,</span> <span class='ocrx_word' id='word_1_158' title='bbox 1712 2902 1838 2962; x_wconf 78' lang='grc' dir='ltr'>ἀλλ’</span> <span class='ocrx_word' id='word_1_159' title='bbox 1885 2902 2042 2980; x_wconf 80' lang='grc' dir='ltr'>ἀσυγ-</span> 
     </span>
    </p>
   </div>
   <div class='ocr_carea' id='block_1_25' title="bbox 1741 2993 1969 3070">
    <p class='ocr_par' dir='ltr' id='par_1_25' title="bbox 1741 2993 1969 3070">
     <span class='ocr_line' id='line_1_25' title="bbox 1741 2993 1969 3070; baseline 0 -21"><span class='ocrx_word' id='word_1_160' title='bbox 1741 2993 1969 3070; x_wconf 86' lang='grc' dir='ltr'>[χύτως,</span> 
     </span>
    </p>
   </div>
   <div class='ocr_carea' id='block_1_26' title="bbox 393 3100 1730 3181">
    <p class='ocr_par' dir='ltr' id='par_1_26' title="bbox 393 3100 1730 3181">
     <span class='ocr_line' id='line_1_26' title="bbox 393 3100 1730 3181; baseline -0.008 -13"><span class='ocrx_word' id='word_1_161' title='bbox 393 3113 668 3168; x_wconf 74' lang='grc' dir='ltr'>’Ήνωνται</span> <span class='ocrx_word' id='word_1_162' title='bbox 695 3109 810 3164; x_wconf 77' lang='grc' dir='ltr'><strong>καθ’</strong></span> <span class='ocrx_word' id='word_1_163' title='bbox 844 3108 1152 3177; x_wconf 84' lang='grc' dir='ltr'>ὑπόστασιν,</span> <span class='ocrx_word' id='word_1_164' title='bbox 1186 3103 1445 3181; x_wconf 80' lang='grc' dir='ltr'>διῄρηται</span> <span class='ocrx_word' id='word_1_165' title='bbox 1479 3100 1536 3158; x_wconf 67' lang='grc' dir='ltr'>δὲ</span> <span class='ocrx_word' id='word_1_166' title='bbox 1565 3101 1730 3158; x_wconf 85' lang='grc' dir='ltr'>πάλιν</span> 
     </span>
    </p>
   </div>
   <div class='ocr_carea' id='block_1_27' title="bbox 395 3192 1826 3276">
    <p class='ocr_par' dir='ltr' id='par_1_27' title="bbox 395 3192 1826 3276">
     <span class='ocr_line' id='line_1_27' title="bbox 395 3192 1826 3276; baseline -0.008 -20"><span class='ocrx_word' id='word_1_167' title='bbox 395 3203 482 3273; x_wconf 87' lang='grc' dir='ltr'>Τῷ</span> <span class='ocrx_word' id='word_1_168' title='bbox 511 3198 696 3276; x_wconf 85' lang='grc' dir='ltr'>τρόπῳ</span> <span class='ocrx_word' id='word_1_169' title='bbox 724 3201 819 3268; x_wconf 75' lang='grc' dir='ltr'>τῆς</span> <span class='ocrx_word' id='word_1_170' title='bbox 852 3195 1135 3275; x_wconf 75' lang='grc' dir='ltr'>διαφορᾶς,</span> <span class='ocrx_word' id='word_1_171' title='bbox 1171 3193 1316 3265; x_wconf 73' lang='grc' dir='ltr'>ἄλλη</span> <span class='ocrx_word' id='word_1_172' title='bbox 1350 3198 1483 3250; x_wconf 85' lang='grc' dir='ltr'>Θεοῦ</span> <span class='ocrx_word' id='word_1_173' title='bbox 1513 3195 1617 3269; x_wconf 74' lang='grc' dir='ltr'><strong>γὰρ</strong></span> <span class='ocrx_word' id='word_1_174' title='bbox 1645 3192 1826 3269; x_wconf 82' lang='grc' dir='ltr'>φύσις,</span> 
     </span>
    </p>
   </div>
   <div class='ocr_carea' id='block_1_28' title="bbox 390 3281 1900 3364">
    <p class='ocr_par' dir='ltr' id='par_1_28' title="bbox 390 3281 1900 3364">
     <span class='ocr_line' id='line_1_28' title="bbox 390 3281 1900 3364; baseline -0.006 -18"><span class='ocrx_word' id='word_1_175' title='bbox 390 3290 498 3347; x_wconf 80' lang='grc' dir='ltr'>Καὶ</span> <span class='ocrx_word' id='word_1_176' title='bbox 528 3287 674 3360; x_wconf 80' lang='grc' dir='ltr'>ἄλλη</span> <span class='ocrx_word' id='word_1_177' title='bbox 707 3289 1152 3364; x_wconf 71' lang='grc' dir='ltr'>ἀνθρωπότητος,</span> <span class='ocrx_word' id='word_1_178' title='bbox 1185 3289 1260 3348; x_wconf 82' lang='grc' dir='ltr'>εἷς</span> <span class='ocrx_word' id='word_1_179' title='bbox 1296 3282 1354 3340; x_wconf 73' lang='grc' dir='ltr'>δὲ</span> <span class='ocrx_word' id='word_1_180' title='bbox 1377 3283 1431 3340; x_wconf 78' lang='grc' dir='ltr'><strong>ἐν</strong></span> <span class='ocrx_word' id='word_1_181' title='bbox 1461 3283 1666 3361; x_wconf 83' lang='grc' dir='ltr'>ἀμφοῖν</span> <span class='ocrx_word' id='word_1_182' title='bbox 1700 3281 1900 3358; x_wconf 84' lang='grc' dir='ltr'>Λόγος,</span> 
     </span>
    </p>
   </div>
   <div class='ocr_carea' id='block_1_29' title="bbox 389 3459 1831 3541">
    <p class='ocr_par' dir='ltr' id='par_1_29' title="bbox 389 3459 1831 3541">
     <span class='ocr_line' id='line_1_29' title="bbox 389 3459 1831 3541; baseline -0.007 -16"><span class='ocrx_word' id='word_1_183' title='bbox 389 3473 490 3533; x_wconf 81' lang='grc' dir='ltr'><strong>Εἷς</strong></span> <span class='ocrx_word' id='word_1_184' title='bbox 521 3469 704 3524; x_wconf 82' lang='grc' dir='ltr'>τοίνυν</span> <span class='ocrx_word' id='word_1_185' title='bbox 739 3467 884 3524; x_wconf 73' lang='grc' dir='ltr'>ἐστὶν</span> <span class='ocrx_word' id='word_1_186' title='bbox 914 3469 942 3523; x_wconf 85' lang='grc' dir='ltr'>ὁ</span> <span class='ocrx_word' id='word_1_187' title='bbox 973 3467 1222 3541; x_wconf 85' lang='grc' dir='ltr'>Χριστὸς,</span> <span class='ocrx_word' id='word_1_188' title='bbox 1257 3465 1286 3519; x_wconf 88' lang='grc' dir='ltr'>ὁ</span> <span class='ocrx_word' id='word_1_189' title='bbox 1319 3462 1378 3520; x_wconf 61' lang='grc' dir='ltr'>δὲ</span> <span class='ocrx_word' id='word_1_190' title='bbox 1405 3461 1564 3525; x_wconf 82' lang='grc' dir='ltr'>αὐτὸς</span> <span class='ocrx_word' id='word_1_191' title='bbox 1595 3462 1686 3517; x_wconf 86' lang='grc' dir='ltr'>καὶ</span> <span class='ocrx_word' id='word_1_192' title='bbox 1713 3459 1831 3532; x_wconf 87' lang='grc' dir='ltr'>δύο,</span> 
     </span>
    </p>
   </div>
   <div class='ocr_carea' id='block_1_30' title="bbox 387 3549 2045 3636">
    <p class='ocr_par' dir='ltr' id='par_1_30' title="bbox 387 3549 2045 3636">
     <span class='ocr_line' id='line_1_30' title="bbox 387 3549 2045 3636; baseline -0.005 -19"><span class='ocrx_word' id='word_1_193' title='bbox 387 3563 488 3623; x_wconf 81' lang='grc' dir='ltr'><strong>Εἷς</strong></span> <span class='ocrx_word' id='word_1_194' title='bbox 521 3561 614 3634; x_wconf 80' lang='grc' dir='ltr'>μὶν</span> <span class='ocrx_word' id='word_1_195' title='bbox 647 3558 748 3636; x_wconf 71' lang='grc' dir='ltr'>γὰρ</span> <span class='ocrx_word' id='word_1_196' title='bbox 779 3558 878 3628; x_wconf 69' lang='grc' dir='ltr'>τὴν</span> <span class='ocrx_word' id='word_1_197' title='bbox 915 3555 1226 3625; x_wconf 80' lang='grc' dir='ltr'>ὑπόστασιν,</span> <span class='ocrx_word' id='word_1_198' title='bbox 1259 3552 1408 3610; x_wconf 82' lang='grc' dir='ltr'>διλλὰ</span> <span class='ocrx_word' id='word_1_199' title='bbox 1444 3550 1678 3614; x_wconf 77' lang='grc' dir='ltr'>διπλοῦς</span> <span class='ocrx_word' id='word_1_200' title='bbox 1715 3553 1817 3622; x_wconf 79' lang='grc' dir='ltr'><strong>τὴν</strong></span> <span class='ocrx_word' id='word_1_201' title='bbox 1867 3549 2045 3629; x_wconf 85' lang='grc' dir='ltr'>φύσιν.</span> 
     </span>
    </p>
   </div>
   <div class='ocr_carea' id='block_1_31' title="bbox 388 3748 1866 3835">
    <p class='ocr_par' dir='ltr' id='par_1_31' title="bbox 388 3748 1866 3835">
     <span class='ocr_line' id='line_1_31' title="bbox 388 3748 1866 3835; baseline -0.007 -21"><span class='ocrx_word' id='word_1_202' title='bbox 388 3761 479 3822; x_wconf 85' lang='grc' dir='ltr'>Ὦς</span> <span class='ocrx_word' id='word_1_203' title='bbox 511 3752 878 3835; x_wconf 78' lang='grc' dir='ltr'>πρεσϐεύομεν</span> <span class='ocrx_word' id='word_1_204' title='bbox 909 3752 1094 3816; x_wconf 81' lang='grc' dir='ltr'>καλῶς</span> <span class='ocrx_word' id='word_1_205' title='bbox 1119 3756 1222 3807; x_wconf 84' lang='grc' dir='ltr'><strong>τοῦ</strong></span> <span class='ocrx_word' id='word_1_206' title='bbox 1249 3749 1486 3828; x_wconf 75' lang='grc' dir='ltr'>Χριστοῦ</span> <span class='ocrx_word' id='word_1_207' title='bbox 1519 3749 1613 3806; x_wconf 87' lang='grc' dir='ltr'><strong>δύο</strong></span> <span class='ocrx_word' id='word_1_208' title='bbox 1662 3748 1866 3828; x_wconf 85' lang='grc' dir='ltr'>φύσεις,</span> 
     </span>
    </p>
   </div>
   <div class='ocr_carea' id='block_1_32' title="bbox 393 3839 1654 3920">
    <p class='ocr_par' dir='ltr' id='par_1_32' title="bbox 393 3839 1654 3920">
     <span class='ocr_line' id='line_1_32' title="bbox 393 3839 1654 3920; baseline -0.007 -18"><span class='ocrx_word' id='word_1_209' title='bbox 393 3847 551 3908; x_wconf 71' lang='grc' dir='ltr'>Οὕτω</span> <span class='ocrx_word' id='word_1_210' title='bbox 576 3847 668 3902; x_wconf 79' lang='grc' dir='ltr'>καὶ</span> <span class='ocrx_word' id='word_1_211' title='bbox 708 3843 805 3900; x_wconf 88' lang='grc' dir='ltr'><strong>δύο</strong></span> <span class='ocrx_word' id='word_1_212' title='bbox 836 3845 1072 3920; x_wconf 75' lang='grc' dir='ltr'>λὲγομεν</span> <span class='ocrx_word' id='word_1_213' title='bbox 1106 3841 1336 3918; x_wconf 71' lang='grc' dir='ltr'>φυσικὰς</span> <span class='ocrx_word' id='word_1_214' title='bbox 1365 3839 1654 3918; x_wconf 75' lang='grc' dir='ltr'>ἐνεργείας,</span> 
     </span>
    </p>
   </div>
   <div class='ocr_carea' id='block_1_33' title="bbox 393 3929 1668 4012">
    <p class='ocr_par' dir='ltr' id='par_1_33' title="bbox 393 3929 1668 4012">
     <span class='ocr_line' id='line_1_33' title="bbox 393 3929 1668 4012; baseline -0.009 -18"><span class='ocrx_word' id='word_1_215' title='bbox 393 3937 498 3995; x_wconf 86' lang='grc' dir='ltr'><strong>Καὶ</strong></span> <span class='ocrx_word' id='word_1_216' title='bbox 531 3935 628 3993; x_wconf 84' lang='grc' dir='ltr'><strong>δύο</strong></span> <span class='ocrx_word' id='word_1_217' title='bbox 651 3937 719 3992; x_wconf 79' lang='grc' dir='ltr'>τὰ</span> <span class='ocrx_word' id='word_1_218' title='bbox 749 3935 881 4006; x_wconf 74' lang='grc' dir='ltr'>Θελή</span> <span class='ocrx_word' id='word_1_219' title='bbox 893 3953 1035 4008; x_wconf 82' lang='grc' dir='ltr'>ματα</span> <span class='ocrx_word' id='word_1_220' title='bbox 1059 3935 1300 4012; x_wconf 76' lang='grc' dir='ltr'>φυσικῶς</span> <span class='ocrx_word' id='word_1_221' title='bbox 1333 3929 1668 4008; x_wconf 78' lang='grc' dir='ltr'>ἐνεργοῦντα,</span> 
     </span>
    </p>
   </div>
   <div class='ocr_carea' id='block_1_34' title="bbox 393 4018 1867 4100">
    <p class='ocr_par' dir='ltr' id='par_1_34' title="bbox 393 4018 1867 4100">
     <span class='ocr_line' id='line_1_34' title="bbox 393 4018 1867 4100; baseline -0.008 -16"><span class='ocrx_word' id='word_1_222' title='bbox 393 4026 565 4088; x_wconf 81' lang='grc' dir='ltr'>Οὖσία</span> <span class='ocrx_word' id='word_1_223' title='bbox 601 4027 694 4100; x_wconf 68' lang='grc' dir='ltr'><strong>μὲν</strong></span> <span class='ocrx_word' id='word_1_224' title='bbox 729 4023 819 4080; x_wconf 76' lang='grc' dir='ltr'><strong>οῦν</strong></span> <span class='ocrx_word' id='word_1_225' title='bbox 845 4023 938 4080; x_wconf 79' lang='grc' dir='ltr'>καὶ</span> <span class='ocrx_word' id='word_1_226' title='bbox 970 4023 1156 4100; x_wconf 87' lang='grc' dir='ltr'>μορφῆ</span> <span class='ocrx_word' id='word_1_227' title='bbox 1187 4020 1278 4077; x_wconf 84' lang='grc' dir='ltr'><strong>καὶ</strong></span> <span class='ocrx_word' id='word_1_228' title='bbox 1311 4019 1466 4099; x_wconf 85' lang='grc' dir='ltr'>φύσις</span> <span class='ocrx_word' id='word_1_229' title='bbox 1497 4019 1548 4075; x_wconf 79' lang='grc' dir='ltr'>ἐν</span> <span class='ocrx_word' id='word_1_230' title='bbox 1579 4023 1660 4092; x_wconf 79' lang='grc' dir='ltr'>τῷ</span> <span class='ocrx_word' id='word_1_231' title='bbox 1689 4018 1867 4096; x_wconf 88' lang='grc' dir='ltr'>Λόγῳ,</span> 
     </span>
    </p>
   </div>
   <div class='ocr_carea' id='block_1_35' title="bbox 395 4109 1812 4188">
    <p class='ocr_par' dir='ltr' id='par_1_35' title="bbox 395 4109 1812 4188">
     <span class='ocr_line' id='line_1_35' title="bbox 395 4109 1812 4188; baseline -0.006 -15"><span class='ocrx_word' id='word_1_232' title='bbox 395 4123 640 4188; x_wconf 73' lang='grc' dir='ltr'>’Ἄτομον</span> <span class='ocrx_word' id='word_1_233' title='bbox 671 4111 728 4169; x_wconf 77' lang='grc' dir='ltr'>δὲ</span> <span class='ocrx_word' id='word_1_234' title='bbox 755 4113 845 4169; x_wconf 83' lang='grc' dir='ltr'><strong>καὶ</strong></span> <span class='ocrx_word' id='word_1_235' title='bbox 874 4111 1168 4187; x_wconf 88' lang='grc' dir='ltr'>πρόσωπον</span> <span class='ocrx_word' id='word_1_236' title='bbox 1199 4109 1254 4164; x_wconf 83' lang='grc' dir='ltr'><strong>ἓν</strong></span> <span class='ocrx_word' id='word_1_237' title='bbox 1284 4109 1376 4164; x_wconf 80' lang='grc' dir='ltr'><strong>σὺν</strong></span> <span class='ocrx_word' id='word_1_238' title='bbox 1401 4112 1470 4182; x_wconf 80' lang='grc' dir='ltr'>τῇ</span> <span class='ocrx_word' id='word_1_239' title='bbox 1501 4109 1812 4165; x_wconf 80' lang='grc' dir='ltr'>ὑποστάσει.</span> 
     </span>
    </p>
   </div>
   <div class='ocr_carea' id='block_1_36' title="bbox 391 4195 1830 4279">
    <p class='ocr_par' dir='ltr' id='par_1_36' title="bbox 391 4195 1830 4279">
     <span class='ocr_line' id='line_1_36' title="bbox 391 4195 1830 4279; baseline -0.006 -18"><span class='ocrx_word' id='word_1_240' title='bbox 391 4207 502 4275; x_wconf 83' lang='grc' dir='ltr'><strong>Τὴν</strong></span> <span class='ocrx_word' id='word_1_241' title='bbox 537 4205 710 4279; x_wconf 74' lang='grc' dir='ltr'>σάρκα</span> <span class='ocrx_word' id='word_1_242' title='bbox 739 4201 797 4258; x_wconf 70' lang='grc' dir='ltr'>δὲ</span> <span class='ocrx_word' id='word_1_243' title='bbox 823 4203 923 4272; x_wconf 71' lang='grc' dir='ltr'><strong>τὴν</strong></span> <span class='ocrx_word' id='word_1_244' title='bbox 950 4205 1049 4256; x_wconf 89' lang='grc' dir='ltr'><strong>τοῦ</strong></span> <span class='ocrx_word' id='word_1_245' title='bbox 1079 4203 1212 4256; x_wconf 84' lang='grc' dir='ltr'>Θεοῦ</span> <span class='ocrx_word' id='word_1_246' title='bbox 1249 4199 1539 4253; x_wconf 85' lang='grc' dir='ltr'>ὑπόστασιν</span> <span class='ocrx_word' id='word_1_247' title='bbox 1573 4199 1650 4272; x_wconf 81' lang='grc' dir='ltr'>μὴ</span> <span class='ocrx_word' id='word_1_248' title='bbox 1683 4195 1830 4273; x_wconf 77' lang='grc' dir='ltr'>λέγε,</span> 
     </span>
    </p>
   </div>
   <div class='ocr_carea' id='block_1_37' title="bbox 393 4283 1789 4372">
    <p class='ocr_par' dir='ltr' id='par_1_37' title="bbox 393 4283 1789 4372">
     <span class='ocr_line' id='line_1_37' title="bbox 393 4283 1789 4372; baseline -0.006 -20"><span class='ocrx_word' id='word_1_249' title='bbox 393 4296 532 4372; x_wconf 84' lang='grc' dir='ltr'>Λέγε</span> <span class='ocrx_word' id='word_1_250' title='bbox 561 4294 664 4370; x_wconf 80' lang='grc' dir='ltr'>γὰρ</span> <span class='ocrx_word' id='word_1_251' title='bbox 697 4291 1076 4362; x_wconf 66' lang='grc' dir='ltr'>ἱνυπόστατον,</span> <span class='ocrx_word' id='word_1_252' title='bbox 1108 4283 1328 4363; x_wconf 63' lang='grc' dir='ltr'>ἀκριϐὲς</span> <span class='ocrx_word' id='word_1_253' title='bbox 1355 4287 1458 4364; x_wconf 78' lang='grc' dir='ltr'>γὰρ</span> <span class='ocrx_word' id='word_1_254' title='bbox 1488 4287 1551 4342; x_wconf 83' lang='grc' dir='ltr'>τὸ</span> <span class='ocrx_word' id='word_1_255' title='bbox 1591 4283 1789 4361; x_wconf 85' lang='grc' dir='ltr'>δόγμα.</span> 
     </span>
    </p>
   </div>
   <div class='ocr_carea' id='block_1_38' title="bbox 390 4483 1677 4570">
    <p class='ocr_par' dir='ltr' id='par_1_38' title="bbox 390 4483 1677 4570">
     <span class='ocr_line' id='line_1_38' title="bbox 390 4483 1677 4570; baseline -0.009 -20"><span class='ocrx_word' id='word_1_256' title='bbox 390 4494 460 4550; x_wconf 86' lang='grc' dir='ltr'>Τὸ</span> <span class='ocrx_word' id='word_1_257' title='bbox 487 4491 544 4549; x_wconf 66' lang='grc' dir='ltr'>δὲ</span> <span class='ocrx_word' id='word_1_258' title='bbox 572 4511 634 4570; x_wconf 79' lang='grc' dir='ltr'><strong>γε</strong></span> <span class='ocrx_word' id='word_1_259' title='bbox 662 4489 1015 4546; x_wconf 74' lang='grc' dir='ltr'>ἐνυπόστατον</span> <span class='ocrx_word' id='word_1_260' title='bbox 1048 4483 1262 4557; x_wconf 75' lang='grc' dir='ltr'>πολυσή</span> <span class='ocrx_word' id='word_1_261' title='bbox 1272 4505 1495 4561; x_wconf 82' lang='grc' dir='ltr'>μαντον,</span> <span class='ocrx_word' id='word_1_262' title='bbox 1531 4485 1677 4556; x_wconf 80' lang='grc' dir='ltr'>ἄναξ,</span> 
     </span>
    </p>
   </div>
   <div class='ocr_carea' id='block_1_39' title="bbox 392 4575 1686 4658">
    <p class='ocr_par' dir='ltr' id='par_1_39' title="bbox 392 4575 1686 4658">
     <span class='ocr_line' id='line_1_39' title="bbox 392 4575 1686 4658; baseline -0.009 -17"><span class='ocrx_word' id='word_1_263' title='bbox 392 4587 542 4643; x_wconf 83' lang='grc' dir='ltr'>Ἔστι</span> <span class='ocrx_word' id='word_1_264' title='bbox 573 4581 673 4658; x_wconf 65' lang='grc' dir='ltr'>γὰρ</span> <span class='ocrx_word' id='word_1_265' title='bbox 706 4579 1063 4636; x_wconf 77' lang='grc' dir='ltr'>ἔνυπόστατον</span> <span class='ocrx_word' id='word_1_266' title='bbox 1081 4578 1144 4632; x_wconf 85' lang='grc' dir='ltr'>τὸ</span> <span class='ocrx_word' id='word_1_267' title='bbox 1175 4575 1375 4646; x_wconf 70' lang='grc' dir='ltr'>ἀληθὲς</span> <span class='ocrx_word' id='word_1_268' title='bbox 1411 4577 1686 4652; x_wconf 86' lang='grc' dir='ltr'>ὑπάρχον,</span> 
     </span>
    </p>
   </div>
   <div class='ocr_carea' id='block_1_40' title="bbox 396 4663 1728 4736">
    <p class='ocr_par' dir='ltr' id='par_1_40' title="bbox 396 4663 1728 4736">
     <span class='ocr_line' id='line_1_40' title="bbox 396 4663 1728 4736; baseline -0.01 -4"><span class='ocrx_word' id='word_1_269' title='bbox 396 4674 492 4732; x_wconf 80' lang='grc' dir='ltr'>Καὶ</span> <span class='ocrx_word' id='word_1_270' title='bbox 523 4671 674 4734; x_wconf 71' lang='grc' dir='ltr'>αὖθις</span> <span class='ocrx_word' id='word_1_271' title='bbox 707 4669 1064 4726; x_wconf 83' lang='grc' dir='ltr'>ἐνυπόστατον</span> <span class='ocrx_word' id='word_1_272' title='bbox 1091 4667 1154 4722; x_wconf 82' lang='grc' dir='ltr'>τὸ</span> <span class='ocrx_word' id='word_1_273' title='bbox 1191 4666 1366 4722; x_wconf 86' lang='grc' dir='ltr'>κοινὸν</span> <span class='ocrx_word' id='word_1_274' title='bbox 1394 4671 1492 4736; x_wconf 79' lang='grc' dir='ltr'>τῆς</span> <span class='ocrx_word' id='word_1_275' title='bbox 1523 4663 1728 4736; x_wconf 76' lang='grc' dir='ltr'>οὐσίας,</span> 
     </span>
    </p>
   </div>
   <div class='ocr_carea' id='block_1_41' title="bbox 395 4754 1780 4840">
    <p class='ocr_par' dir='ltr' id='par_1_41' title="bbox 395 4754 1780 4840">
     <span class='ocr_line' id='line_1_41' title="bbox 395 4754 1780 4840; baseline -0.007 -20"><span class='ocrx_word' id='word_1_276' title='bbox 395 4769 596 4840; x_wconf 86' lang='grc' dir='ltr'>’Ήγουν</span> <span class='ocrx_word' id='word_1_277' title='bbox 625 4761 688 4816; x_wconf 89' lang='grc' dir='ltr'>τὸ</span> <span class='ocrx_word' id='word_1_278' title='bbox 719 4757 880 4827; x_wconf 81' lang='grc' dir='ltr'>εἶδος,</span> <span class='ocrx_word' id='word_1_279' title='bbox 906 4756 1160 4828; x_wconf 70' lang='grc' dir='ltr'>δέσποτα,</span> <span class='ocrx_word' id='word_1_280' title='bbox 1193 4757 1254 4812; x_wconf 85' lang='grc' dir='ltr'>τὸ</span> <span class='ocrx_word' id='word_1_281' title='bbox 1286 4755 1372 4811; x_wconf 75' lang='grc' dir='ltr'>ἐπὶ</span> <span class='ocrx_word' id='word_1_282' title='bbox 1402 4760 1518 4818; x_wconf 87' lang='grc' dir='ltr'>τοῖς</span> <span class='ocrx_word' id='word_1_283' title='bbox 1549 4754 1780 4828; x_wconf 74' lang='grc' dir='ltr'>ἀτόμοις</span> 
     </span>
    </p>
   </div>
   <div class='ocr_carea' id='block_1_42' title="bbox 395 4843 1673 4928">
    <p class='ocr_par' dir='ltr' id='par_1_42' title="bbox 395 4843 1673 4928">
     <span class='ocr_line' id='line_1_42' title="bbox 395 4843 1673 4928; baseline -0.005 -23"><span class='ocrx_word' id='word_1_284' title='bbox 395 4853 796 4928; x_wconf 81' lang='grc' dir='ltr'>Πραγματικῶς</span> <span class='ocrx_word' id='word_1_285' title='bbox 829 4847 1148 4926; x_wconf 82' lang='grc' dir='ltr'>ὑφεστηκὸς,</span> <span class='ocrx_word' id='word_1_286' title='bbox 1179 4845 1241 4902; x_wconf 84' lang='grc' dir='ltr'><strong>ού</strong></span> <span class='ocrx_word' id='word_1_287' title='bbox 1272 4844 1412 4920; x_wconf 74' lang='grc' dir='ltr'>ψιλῇ</span> <span class='ocrx_word' id='word_1_288' title='bbox 1443 4843 1673 4916; x_wconf 77' lang='grc' dir='ltr'>ἐπινοίᾳ,</span> 
     </span>
    </p>
   </div>
   <div class='ocr_carea' id='block_1_43' title="bbox 395 4932 1752 5010">
    <p class='ocr_par' dir='ltr' id='par_1_43' title="bbox 395 4932 1752 5010">
     <span class='ocr_line' id='line_1_43' title="bbox 395 4932 1752 5010; baseline -0.007 -12"><span class='ocrx_word' id='word_1_289' title='bbox 395 4944 548 4998; x_wconf 85' lang='grc' dir='ltr'>Ἔστι</span> <span class='ocrx_word' id='word_1_290' title='bbox 580 4937 638 4995; x_wconf 78' lang='grc' dir='ltr'>δὶ</span> <span class='ocrx_word' id='word_1_291' title='bbox 666 4937 1026 4994; x_wconf 80' lang='grc' dir='ltr'>ἐνυπόστατον</span> <span class='ocrx_word' id='word_1_292' title='bbox 1056 4936 1145 4992; x_wconf 84' lang='grc' dir='ltr'>καὶ</span> <span class='ocrx_word' id='word_1_293' title='bbox 1179 4933 1348 4991; x_wconf 67' lang='grc' dir='ltr'>πλέον</span> <span class='ocrx_word' id='word_1_294' title='bbox 1383 4932 1752 5010; x_wconf 77' lang='grc' dir='ltr'>φροντιστέον,</span> 
     </span>
    </p>
   </div>
   <div class='ocr_carea' id='block_1_44' title="bbox 396 5019 1778 5106">
    <p class='ocr_par' dir='ltr' id='par_1_44' title="bbox 396 5019 1778 5106">
     <span class='ocr_line' id='line_1_44' title="bbox 396 5019 1778 5106; baseline -0.008 -18"><span class='ocrx_word' id='word_1_295' title='bbox 396 5034 570 5106; x_wconf 76' lang='grc' dir='ltr'>’Όπερ</span> <span class='ocrx_word' id='word_1_296' title='bbox 602 5028 716 5084; x_wconf 77' lang='grc' dir='ltr'>ἐστὶ</span> <span class='ocrx_word' id='word_1_297' title='bbox 748 5023 1098 5104; x_wconf 78' lang='grc' dir='ltr'>συγκείμενον</span> <span class='ocrx_word' id='word_1_298' title='bbox 1136 5026 1250 5100; x_wconf 83' lang='grc' dir='ltr'>μετ’</span> <span class='ocrx_word' id='word_1_299' title='bbox 1282 5021 1458 5080; x_wconf 72' lang='grc' dir='ltr'>ἄλλου</span> <span class='ocrx_word' id='word_1_300' title='bbox 1492 5019 1778 5101; x_wconf 78' lang='grc' dir='ltr'>διαφόρου,</span> 
     </span>
    </p>
   </div>
   <div class='ocr_carea' id='block_1_45' title="bbox 401 5112 1791 5189">
    <p class='ocr_par' dir='ltr' id='par_1_45' title="bbox 401 5112 1791 5189">
     <span class='ocr_line' id='line_1_45' title="bbox 401 5112 1791 5189; baseline -0.007 -13"><span class='ocrx_word' id='word_1_301' title='bbox 401 5119 546 5177; x_wconf 80' lang='grc' dir='ltr'>Κατὰ</span> <span class='ocrx_word' id='word_1_302' title='bbox 575 5116 782 5186; x_wconf 76' lang='grc' dir='ltr'>οὐσίαν,</span> <span class='ocrx_word' id='word_1_303' title='bbox 815 5113 1070 5184; x_wconf 73' lang='grc' dir='ltr'>δέσποτα,</span> <span class='ocrx_word' id='word_1_304' title='bbox 1099 5113 1176 5176; x_wconf 76' lang='grc' dir='ltr'><strong>εἰς</strong></span> <span class='ocrx_word' id='word_1_305' title='bbox 1209 5113 1460 5168; x_wconf 89' lang='grc' dir='ltr'>σύστασιν</span> <span class='ocrx_word' id='word_1_306' title='bbox 1491 5112 1791 5189; x_wconf 87' lang='grc' dir='ltr'>προσώπου</span> 
     </span>
    </p>
   </div>
   <div class='ocr_carea' id='block_1_46' title="bbox 401 5199 1670 5280">
    <p class='ocr_par' dir='ltr' id='par_1_46' title="bbox 401 5199 1670 5280">
     <span class='ocr_line' id='line_1_46' title="bbox 401 5199 1670 5280; baseline -0.009 -14"><span class='ocrx_word' id='word_1_307' title='bbox 401 5209 552 5271; x_wconf 80' lang='grc' dir='ltr'>Ἑνὸς</span> <span class='ocrx_word' id='word_1_308' title='bbox 579 5207 672 5266; x_wconf 81' lang='grc' dir='ltr'>καὶ</span> <span class='ocrx_word' id='word_1_309' title='bbox 706 5205 1052 5266; x_wconf 84' lang='grc' dir='ltr'>ὑποστάσεως</span> <span class='ocrx_word' id='word_1_310' title='bbox 1086 5207 1212 5277; x_wconf 77' lang='grc' dir='ltr'>μιᾶς</span> <span class='ocrx_word' id='word_1_311' title='bbox 1241 5201 1468 5280; x_wconf 71' lang='grc' dir='ltr'>γένεσιν,</span> <span class='ocrx_word' id='word_1_312' title='bbox 1498 5199 1622 5276; x_wconf 73' lang='grc' dir='ltr'>ἅναξ</span> <span class='ocrx_word' id='word_1_313' title='bbox 1657 5220 1670 5234; x_wconf 92' lang='grc'><strong>·</strong></span> 
     </span>
    </p>
   </div>
   <div class='ocr_carea' id='block_1_47' title="bbox 398 5285 1762 5374">
    <p class='ocr_par' dir='ltr' id='par_1_47' title="bbox 398 5285 1762 5374">
     <span class='ocr_line' id='line_1_47' title="bbox 398 5285 1762 5374; baseline -0.004 -20"><span class='ocrx_word' id='word_1_314' title='bbox 398 5299 470 5354; x_wconf 87' lang='grc' dir='ltr'><strong>Τὸ</strong></span> <span class='ocrx_word' id='word_1_315' title='bbox 501 5299 593 5371; x_wconf 79' lang='grc' dir='ltr'><strong>μὶν</strong></span> <span class='ocrx_word' id='word_1_316' title='bbox 625 5298 728 5374; x_wconf 83' lang='grc' dir='ltr'>γὰρ</span> <span class='ocrx_word' id='word_1_317' title='bbox 759 5293 1118 5351; x_wconf 71' lang='grc' dir='ltr'>ἐνυπόστατον</span> <span class='ocrx_word' id='word_1_318' title='bbox 1144 5295 1393 5348; x_wconf 88' lang='grc' dir='ltr'>τοιοῦτον</span> <span class='ocrx_word' id='word_1_319' title='bbox 1421 5285 1577 5368; x_wconf 75' lang='grc' dir='ltr'>ἔσχεν</span> <span class='ocrx_word' id='word_1_320' title='bbox 1611 5288 1762 5364; x_wconf 75' lang='grc' dir='ltr'>ὅρον.</span> 
     </span>
    </p>
   </div>
   <div class='ocr_carea' id='block_1_48' title="bbox 393 5378 1558 5460">
    <p class='ocr_par' dir='ltr' id='par_1_48' title="bbox 393 5378 1558 5460">
     <span class='ocr_line' id='line_1_48' title="bbox 393 5378 1558 5460; baseline -0.01 -15"><span class='ocrx_word' id='word_1_321' title='bbox 393 5387 712 5449; x_wconf 85' lang='grc' dir='ltr'>Ὑπόστοισις</span> <span class='ocrx_word' id='word_1_322' title='bbox 744 5383 801 5442; x_wconf 68' lang='grc' dir='ltr'>δὲ</span> <span class='ocrx_word' id='word_1_323' title='bbox 831 5385 1036 5460; x_wconf 70' lang='grc' dir='ltr'>πέφυκε</span> <span class='ocrx_word' id='word_1_324' title='bbox 1060 5378 1558 5458; x_wconf 74' lang='grc' dir='ltr'>κυριολογουμὲνη,</span> 
     </span>
    </p>
   </div>
   <div class='ocr_carea' id='block_1_49' title="bbox 391 5468 1816 5556">
    <p class='ocr_par' dir='ltr' id='par_1_49' title="bbox 391 5468 1816 5556">
     <span class='ocr_line' id='line_1_49' title="bbox 391 5468 1816 5556; baseline -0.007 -21"><span class='ocrx_word' id='word_1_325' title='bbox 391 5483 624 5556; x_wconf 76' lang='grc' dir='ltr'>Πρᾶγμα</span> <span class='ocrx_word' id='word_1_326' title='bbox 654 5473 1048 5542; x_wconf 81' lang='grc' dir='ltr'>ἷδιοσύστατον,</span> <span class='ocrx_word' id='word_1_327' title='bbox 1078 5471 1132 5526; x_wconf 78' lang='grc' dir='ltr'>ἓν</span> <span class='ocrx_word' id='word_1_328' title='bbox 1170 5468 1382 5545; x_wconf 78' lang='grc' dir='ltr'>μᾶλλον</span> <span class='ocrx_word' id='word_1_329' title='bbox 1414 5469 1710 5545; x_wconf 88' lang='grc' dir='ltr'>πρόσωπόν</span> <span class='ocrx_word' id='word_1_330' title='bbox 1739 5491 1816 5526; x_wconf 87' lang='grc' dir='ltr'><strong>τε.</strong></span> 
     </span>
    </p>
   </div>
   <div class='ocr_carea' id='block_1_50' title="bbox 390 5667 1662 5751">
    <p class='ocr_par' dir='ltr' id='par_1_50' title="bbox 390 5667 1662 5751">
     <span class='ocr_line' id='line_1_50' title="bbox 390 5667 1662 5751; baseline -0.01 -17"><span class='ocrx_word' id='word_1_331' title='bbox 390 5675 674 5735; x_wconf 82' lang='grc' dir='ltr'>Ἐνούσιον</span> <span class='ocrx_word' id='word_1_332' title='bbox 708 5669 766 5728; x_wconf 70' lang='grc' dir='ltr'><strong>δὲ</strong></span> <span class='ocrx_word' id='word_1_333' title='bbox 795 5672 1000 5751; x_wconf 70' lang='grc' dir='ltr'>πέφυκε</span> <span class='ocrx_word' id='word_1_334' title='bbox 1025 5669 1088 5725; x_wconf 86' lang='grc' dir='ltr'>τὸ</span> <span class='ocrx_word' id='word_1_335' title='bbox 1118 5669 1298 5724; x_wconf 80' lang='grc' dir='ltr'>κοινὸν</span> <span class='ocrx_word' id='word_1_336' title='bbox 1321 5673 1421 5738; x_wconf 78' lang='grc' dir='ltr'>τῆς</span> <span class='ocrx_word' id='word_1_337' title='bbox 1453 5667 1662 5738; x_wconf 77' lang='grc' dir='ltr'>οὐσίας,</span> 
     </span>
    </p>
   </div>
   <div class='ocr_carea' id='block_1_51' title="bbox 396 5753 1870 5839">
    <p class='ocr_par' dir='ltr' id='par_1_51' title="bbox 396 5753 1870 5839">
     <span class='ocr_line' id='line_1_51' title="bbox 396 5753 1870 5839; baseline -0.006 -18"><span class='ocrx_word' id='word_1_338' title='bbox 396 5767 548 5839; x_wconf 78' lang='grc' dir='ltr'>’Έξις</span> <span class='ocrx_word' id='word_1_339' title='bbox 579 5761 811 5832; x_wconf 80' lang='grc' dir='ltr'>ποιότης</span> <span class='ocrx_word' id='word_1_340' title='bbox 839 5759 1082 5836; x_wconf 73' lang='grc' dir='ltr'>ἔμμονος</span> <span class='ocrx_word' id='word_1_341' title='bbox 1113 5758 1206 5814; x_wconf 82' lang='grc' dir='ltr'><strong>καὶ</strong></span> <span class='ocrx_word' id='word_1_342' title='bbox 1237 5753 1685 5832; x_wconf 74' lang='grc' dir='ltr'>δυσμετάϐλητός</span> <span class='ocrx_word' id='word_1_343' title='bbox 1714 5779 1831 5822; x_wconf 86' lang='grc' dir='ltr'><strong>πως</strong></span> <span class='ocrx_word' id='word_1_344' title='bbox 1859 5777 1870 5790; x_wconf 88' lang='grc'><strong>·</strong></span> 
     </span>
    </p>
   </div>
   <div class='ocr_carea' id='block_1_52' title="bbox 395 5847 1688 5929">
    <p class='ocr_par' dir='ltr' id='par_1_52' title="bbox 395 5847 1688 5929">
     <span class='ocr_line' id='line_1_52' title="bbox 395 5847 1688 5929; baseline -0.009 -15"><span class='ocrx_word' id='word_1_345' title='bbox 395 5857 596 5929; x_wconf 79' lang='grc' dir='ltr'>Ἕξεως</span> <span class='ocrx_word' id='word_1_346' title='bbox 627 5849 818 5916; x_wconf 77' lang='grc' dir='ltr'>ἄλλως</span> <span class='ocrx_word' id='word_1_347' title='bbox 847 5849 1082 5925; x_wconf 78' lang='grc' dir='ltr'>ἀριθμὸς</span> <span class='ocrx_word' id='word_1_348' title='bbox 1114 5848 1334 5906; x_wconf 74' lang='grc' dir='ltr'>ἕκάστον</span> <span class='ocrx_word' id='word_1_349' title='bbox 1366 5847 1502 5904; x_wconf 84' lang='grc' dir='ltr'>κατᾶ</span> <span class='ocrx_word' id='word_1_350' title='bbox 1531 5847 1688 5928; x_wconf 87' lang='grc' dir='ltr'>φύσιν</span> 
     </span>
    </p>
   </div>
   <div class='ocr_carea' id='block_1_53' title="bbox 1649 475 2546 543">
    <p class='ocr_par' dir='ltr' id='par_1_53' title="bbox 1649 475 2546 543">
     <span class='ocr_line' id='line_1_53' title="bbox 1649 475 2546 543; baseline -0.003 0"><span class='ocrx_word' id='word_1_351' title='bbox 1649 477 1958 543; x_wconf 80' lang='lat' dir='ltr'><strong>VERSUS</strong></span> <span class='ocrx_word' id='word_1_352' title='bbox 2001 477 2104 538; x_wconf 87' lang='lat' dir='ltr'><strong>DE</strong></span> <span class='ocrx_word' id='word_1_353' title='bbox 2147 475 2546 540; x_wconf 83' lang='lat' dir='ltr'><strong>DOGMATE.</strong></span> 
     </span>
    </p>
   </div>
   <div class='ocr_carea' id='block_1_54' title="bbox 2079 609 3566 688">
    <p class='ocr_par' dir='ltr' id='par_1_54' title="bbox 2079 609 3566 688">
     <span class='ocr_line' id='line_1_54' title="bbox 2079 609 3566 688; baseline 0.003 -22"><span class='ocrx_word' id='word_1_354' title='bbox 2079 611 2135 680; x_wconf 71' lang='grc' dir='ltr'><strong>Α</strong></span> <span class='ocrx_word' id='word_1_355' title='bbox 2165 609 2515 666; x_wconf 87' lang='lat' dir='ltr'><strong>Substantia</strong></span> <span class='ocrx_word' id='word_1_356' title='bbox 2546 614 2744 667; x_wconf 89' lang='lat' dir='ltr'><strong>autem</strong></span> <span class='ocrx_word' id='word_1_357' title='bbox 2777 615 2868 668; x_wconf 89' lang='lat' dir='ltr'><strong>est</strong></span> <span class='ocrx_word' id='word_1_358' title='bbox 2897 629 3017 668; x_wconf 86' lang='lat' dir='ltr'><strong>una</strong></span> <span class='ocrx_word' id='word_1_359' title='bbox 3047 629 3114 670; x_wconf 87' lang='lat' dir='ltr'><strong>ac</strong></span> <span class='ocrx_word' id='word_1_360' title='bbox 3145 611 3274 670; x_wconf 88' lang='lat' dir='ltr'><strong>sola</strong></span> <span class='ocrx_word' id='word_1_361' title='bbox 3297 611 3566 688; x_wconf 87' lang='lat' dir='ltr'><strong>persona.</strong></span> 
     </span>
    </p>
   </div>
   <div class='ocr_carea' id='block_1_55' title="bbox 2071 1987 2124 2054">
    <p class='ocr_par' dir='ltr' id='par_1_55' title="bbox 2071 1987 2124 2054">
     <span class='ocr_line' id='line_1_55' title="bbox 2071 1987 2124 2054; baseline 0 0"><span class='ocrx_word' id='word_1_362' title='bbox 2071 1987 2124 2054; x_wconf 93' lang='lat' dir='ltr'><strong>B</strong></span> 
     </span>
    </p>
   </div>
   <div class='ocr_carea' id='block_1_56' title="bbox 3699 481 3819 545">
    <p class='ocr_par' dir='ltr' id='par_1_56' title="bbox 3699 481 3819 545">
     <span class='ocr_line' id='line_1_56' title="bbox 3699 481 3819 545; baseline 0.017 -2"><span class='ocrx_word' id='word_1_363' title='bbox 3699 481 3819 545; x_wconf 75' lang='grc'><strong>814</strong></span> 
     </span>
    </p>
   </div>
   <div class='ocr_carea' id='block_1_57' title="bbox 2159 699 3218 773">
    <p class='ocr_par' dir='ltr' id='par_1_57' title="bbox 2159 699 3218 773">
     <span class='ocr_line' id='line_1_57' title="bbox 2159 699 3218 773; baseline 0.004 -18"><span class='ocrx_word' id='word_1_364' title='bbox 2159 699 2444 756; x_wconf 89' lang='lat' dir='ltr'><strong>Divinitas</strong></span> <span class='ocrx_word' id='word_1_365' title='bbox 2469 700 2628 756; x_wconf 90' lang='lat' dir='ltr'><strong>enim</strong></span> <span class='ocrx_word' id='word_1_366' title='bbox 2660 705 2836 773; x_wconf 88' lang='lat' dir='ltr'><strong>atque</strong></span> <span class='ocrx_word' id='word_1_367' title='bbox 2868 701 3218 759; x_wconf 79' lang='lat' dir='ltr'><strong>humanitas</strong></span> 
     </span>
    </p>
   </div>
   <div class='ocr_carea' id='block_1_58' title="bbox 2159 789 3164 847">
    <p class='ocr_par' dir='ltr' id='par_1_58' title="bbox 2159 789 3164 847">
     <span class='ocr_line' id='line_1_58' title="bbox 2159 789 3164 847; baseline 0.003 -3"><span class='ocrx_word' id='word_1_368' title='bbox 2159 789 2442 846; x_wconf 79' lang='lat' dir='ltr'><strong>Naturam</strong></span> <span class='ocrx_word' id='word_1_369' title='bbox 2474 795 2532 846; x_wconf 89' lang='lat' dir='ltr'><strong>et</strong></span> <span class='ocrx_word' id='word_1_370' title='bbox 2555 789 2876 846; x_wconf 81' lang='lat' dir='ltr'><strong>essentiam</strong></span> <span class='ocrx_word' id='word_1_371' title='bbox 2909 791 3164 847; x_wconf 88' lang='lat' dir='ltr'><strong>indicat.</strong></span> 
     </span>
    </p>
   </div>
   <div class='ocr_carea' id='block_1_59' title="bbox 2159 877 3199 951">
    <p class='ocr_par' dir='ltr' id='par_1_59' title="bbox 2159 877 3199 951">
     <span class='ocr_line' id='line_1_59' title="bbox 2159 877 3199 951; baseline 0.005 -19"><span class='ocrx_word' id='word_1_372' title='bbox 2159 881 2331 933; x_wconf 86' lang='lat' dir='ltr'><strong>Pater</strong></span> <span class='ocrx_word' id='word_1_373' title='bbox 2365 877 2544 934; x_wconf 86' lang='lat' dir='ltr'><strong>Filius</strong></span> <span class='ocrx_word' id='word_1_374' title='bbox 2577 883 2635 934; x_wconf 93' lang='lat' dir='ltr'><strong>et</strong></span> <span class='ocrx_word' id='word_1_375' title='bbox 2665 879 2923 951; x_wconf 80' lang='lat' dir='ltr'><strong>Spiritus</strong></span> <span class='ocrx_word' id='word_1_376' title='bbox 2955 885 3199 938; x_wconf 87' lang='lat' dir='ltr'><strong>sanctus</strong></span> 
     </span>
    </p>
   </div>
   <div class='ocr_carea' id='block_1_60' title="bbox 2161 969 3207 1039">
    <p class='ocr_par' dir='ltr' id='par_1_60' title="bbox 2161 969 3207 1039">
     <span class='ocr_line' id='line_1_60' title="bbox 2161 969 3207 1039; baseline 0.001 -15"><span class='ocrx_word' id='word_1_377' title='bbox 2161 969 2227 1024; x_wconf 88' lang='lat' dir='ltr'><strong>Et</strong></span> <span class='ocrx_word' id='word_1_378' title='bbox 2257 985 2516 1039; x_wconf 74' lang='lat' dir='ltr'><strong>persona:</strong></span> <span class='ocrx_word' id='word_1_379' title='bbox 2553 973 2710 1037; x_wconf 87' lang='lat' dir='ltr'><strong>sunt,</strong></span> <span class='ocrx_word' id='word_1_380' title='bbox 2744 973 2803 1024; x_wconf 93' lang='lat' dir='ltr'><strong>et</strong></span> <span class='ocrx_word' id='word_1_381' title='bbox 2833 969 3207 1027; x_wconf 82' lang='lat' dir='ltr'><strong>substantiae.</strong></span> 
     </span>
    </p>
   </div>
   <div class='ocr_carea' id='block_1_61' title="bbox 2161 1075 3817 1148">
    <p class='ocr_par' dir='ltr' id='par_1_61' title="bbox 2161 1075 3817 1148">
     <span class='ocr_line' id='line_1_61' title="bbox 2161 1075 3817 1148; baseline 0.002 -17"><span class='ocrx_word' id='word_1_382' title='bbox 2161 1075 2342 1131; x_wconf 87' lang='lat' dir='ltr'><strong>Filius</strong></span> <span class='ocrx_word' id='word_1_383' title='bbox 2379 1075 2555 1146; x_wconf 80' lang='lat' dir='ltr'><strong>igitur</strong></span> <span class='ocrx_word' id='word_1_384' title='bbox 2581 1075 3817 1148; x_wconf 82' lang='lat' dir='ltr'><strong>incorporatusimmutabiliter,inconfuse.</strong></span> 
     </span>
    </p>
   </div>
   <div class='ocr_carea' id='block_1_62' title="bbox 2157 1165 3817 1240">
    <p class='ocr_par' dir='ltr' id='par_1_62' title="bbox 2157 1165 3817 1240">
     <span class='ocr_line' id='line_1_62' title="bbox 2157 1165 3817 1240; baseline 0.002 -21"><span class='ocrx_word' id='word_1_385' title='bbox 2157 1165 2282 1220; x_wconf 90' lang='lat' dir='ltr'><strong>Non</strong></span> <span class='ocrx_word' id='word_1_386' title='bbox 2311 1165 2612 1234; x_wconf 85' lang='lat' dir='ltr'><strong>simulate,</strong></span> <span class='ocrx_word' id='word_1_387' title='bbox 2645 1165 2728 1221; x_wconf 88' lang='lat' dir='ltr'><strong>uti</strong></span> <span class='ocrx_word' id='word_1_388' title='bbox 2760 1166 3040 1238; x_wconf 86' lang='lat' dir='ltr'><strong>diximus,</strong></span> <span class='ocrx_word' id='word_1_389' title='bbox 3075 1183 3266 1240; x_wconf 89' lang='lat' dir='ltr'><strong>neque</strong></span> <span class='ocrx_word' id='word_1_390' title='bbox 3295 1167 3624 1224; x_wconf 88' lang='lat' dir='ltr'><strong>secundum</strong></span> <span class='ocrx_word' id='word_1_391' title='bbox 3644 1171 3817 1223; x_wconf 88' lang='lat' dir='ltr'><strong>natu-</strong></span> 
     </span>
    </p>
   </div>
   <div class='ocr_carea' id='block_1_63' title="bbox 3572 1257 3744 1328">
    <p class='ocr_par' dir='ltr' id='par_1_63' title="bbox 3572 1257 3744 1328">
     <span class='ocr_line' id='line_1_63' title="bbox 3572 1257 3744 1328; baseline -0.023 0"><span class='ocrx_word' id='word_1_392' title='bbox 3572 1257 3744 1328; x_wconf 69' lang='grc' dir='ltr'>[τεω.</span> 
     </span>
    </p>
   </div>
   <div class='ocr_carea' id='block_1_64' title="bbox 2155 1361 3445 1438">
    <p class='ocr_par' dir='ltr' id='par_1_64' title="bbox 2155 1361 3445 1438">
     <span class='ocr_line' id='line_1_64' title="bbox 2155 1361 3445 1438; baseline 0.002 -21"><span class='ocrx_word' id='word_1_393' title='bbox 2155 1361 2329 1418; x_wconf 80' lang='lat' dir='ltr'><strong>Velut</strong></span> <span class='ocrx_word' id='word_1_394' title='bbox 2359 1363 2538 1420; x_wconf 80' lang='lat' dir='ltr'><strong>miser</strong></span> <span class='ocrx_word' id='word_1_395' title='bbox 2567 1365 2872 1420; x_wconf 89' lang='lat' dir='ltr'><strong>Nestorius</strong></span> <span class='ocrx_word' id='word_1_396' title='bbox 2902 1363 3084 1438; x_wconf 88' lang='lat' dir='ltr'><strong>impie</strong></span> <span class='ocrx_word' id='word_1_397' title='bbox 3113 1363 3445 1434; x_wconf 86' lang='lat' dir='ltr'><strong>blateravit,</strong></span> 
     </span>
    </p>
   </div>
   <div class='ocr_carea' id='block_1_65' title="bbox 2157 1451 3653 1528">
    <p class='ocr_par' dir='ltr' id='par_1_65' title="bbox 2157 1451 3653 1528">
     <span class='ocr_line' id='line_1_65' title="bbox 2157 1451 3653 1528; baseline 0.003 -22"><span class='ocrx_word' id='word_1_398' title='bbox 2157 1451 2372 1508; x_wconf 89' lang='lat' dir='ltr'><strong>Unitus</strong></span> <span class='ocrx_word' id='word_1_399' title='bbox 2395 1457 2483 1508; x_wconf 89' lang='lat' dir='ltr'><strong>est</strong></span> <span class='ocrx_word' id='word_1_400' title='bbox 2512 1454 2986 1510; x_wconf 87' lang='lat' dir='ltr'><strong>substantialiter</strong></span> <span class='ocrx_word' id='word_1_401' title='bbox 3015 1470 3152 1511; x_wconf 91' lang='lat' dir='ltr'><strong>cum</strong></span> <span class='ocrx_word' id='word_1_402' title='bbox 3185 1457 3427 1528; x_wconf 87' lang='lat' dir='ltr'><strong>accepta</strong></span> <span class='ocrx_word' id='word_1_403' title='bbox 3458 1469 3653 1523; x_wconf 88' lang='lat' dir='ltr'><strong>carne,</strong></span> 
     </span>
    </p>
   </div>
   <div class='ocr_carea' id='block_1_66' title="bbox 2156 1540 3551 1616">
    <p class='ocr_par' dir='ltr' id='par_1_66' title="bbox 2156 1540 3551 1616">
     <span class='ocr_line' id='line_1_66' title="bbox 2156 1540 3551 1616; baseline 0.003 -20"><span class='ocrx_word' id='word_1_404' title='bbox 2156 1540 2284 1596; x_wconf 91' lang='lat' dir='ltr'><strong>Una</strong></span> <span class='ocrx_word' id='word_1_405' title='bbox 2312 1557 2560 1598; x_wconf 90' lang='lat' dir='ltr'><strong>manens</strong></span> <span class='ocrx_word' id='word_1_406' title='bbox 2594 1544 2930 1600; x_wconf 80' lang='lat' dir='ltr'><strong>substantia</strong></span> <span class='ocrx_word' id='word_1_407' title='bbox 2960 1543 3160 1599; x_wconf 87' lang='lat' dir='ltr'><strong>divina</strong></span> <span class='ocrx_word' id='word_1_408' title='bbox 3191 1548 3248 1600; x_wconf 91' lang='lat' dir='ltr'><strong>et</strong></span> <span class='ocrx_word' id='word_1_409' title='bbox 3269 1543 3551 1616; x_wconf 89' lang='lat' dir='ltr'><strong>perfecta,</strong></span> 
     </span>
    </p>
   </div>
   <div class='ocr_carea' id='block_1_67' title="bbox 2156 1631 3715 1690">
    <p class='ocr_par' dir='ltr' id='par_1_67' title="bbox 2156 1631 3715 1690">
     <span class='ocr_line' id='line_1_67' title="bbox 2156 1631 3715 1690; baseline 0.003 -5"><span class='ocrx_word' id='word_1_410' title='bbox 2156 1633 2221 1686; x_wconf 94' lang='lat' dir='ltr'><strong>In</strong></span> <span class='ocrx_word' id='word_1_411' title='bbox 2249 1631 2480 1686; x_wconf 90' lang='lat' dir='ltr'><strong>duabus</strong></span> <span class='ocrx_word' id='word_1_412' title='bbox 2517 1637 2714 1687; x_wconf 89' lang='lat' dir='ltr'><strong>autem</strong></span> <span class='ocrx_word' id='word_1_413' title='bbox 2745 1633 2976 1688; x_wconf 88' lang='lat' dir='ltr'><strong>naturis</strong></span> <span class='ocrx_word' id='word_1_414' title='bbox 3002 1631 3402 1688; x_wconf 87' lang='lat' dir='ltr'><strong>essentialiter</strong></span> <span class='ocrx_word' id='word_1_415' title='bbox 3429 1632 3715 1690; x_wconf 81' lang='lat' dir='ltr'><strong>existens.</strong></span> 
     </span>
    </p>
   </div>
   <div class='ocr_carea' id='block_1_68' title="bbox 2155 1720 3376 1791">
    <p class='ocr_par' dir='ltr' id='par_1_68' title="bbox 2155 1720 3376 1791">
     <span class='ocr_line' id='line_1_68' title="bbox 2155 1720 3376 1791; baseline 0.003 -17"><span class='ocrx_word' id='word_1_416' title='bbox 2155 1720 2240 1775; x_wconf 89' lang='lat' dir='ltr'><strong>Ita</strong></span> <span class='ocrx_word' id='word_1_417' title='bbox 2273 1720 2528 1791; x_wconf 76' lang='lat' dir='ltr'><strong>profecto</strong></span> <span class='ocrx_word' id='word_1_418' title='bbox 2563 1721 2887 1789; x_wconf 85' lang='lat' dir='ltr'><strong>sancimus,</strong></span> <span class='ocrx_word' id='word_1_419' title='bbox 2917 1721 2996 1777; x_wconf 89' lang='lat' dir='ltr'><strong>ita</strong></span> <span class='ocrx_word' id='word_1_420' title='bbox 3024 1723 3376 1778; x_wconf 86' lang='lat' dir='ltr'><strong>confitemur</strong></span> 
     </span>
    </p>
   </div>
   <div class='ocr_carea' id='block_1_69' title="bbox 2155 1809 3682 1882">
    <p class='ocr_par' dir='ltr' id='par_1_69' title="bbox 2155 1809 3682 1882">
     <span class='ocr_line' id='line_1_69' title="bbox 2155 1809 3682 1882; baseline 0 -16"><span class='ocrx_word' id='word_1_421' title='bbox 2155 1809 2436 1866; x_wconf 78' lang='lat' dir='ltr'><strong>Naturam</strong></span> <span class='ocrx_word' id='word_1_422' title='bbox 2471 1814 2786 1882; x_wconf 89' lang='lat' dir='ltr'><strong>utramque</strong></span> <span class='ocrx_word' id='word_1_423' title='bbox 2815 1827 2946 1866; x_wconf 90' lang='lat' dir='ltr'><strong>vere</strong></span> <span class='ocrx_word' id='word_1_424' title='bbox 2968 1811 3228 1867; x_wconf 85' lang='lat' dir='ltr'><strong>divinam</strong></span> <span class='ocrx_word' id='word_1_425' title='bbox 3261 1829 3325 1867; x_wconf 87' lang='lat' dir='ltr'><strong>ac</strong></span> <span class='ocrx_word' id='word_1_426' title='bbox 3357 1811 3682 1868; x_wconf 85' lang='lat' dir='ltr'><strong>humanam</strong></span> 
     </span>
    </p>
   </div>
   <div class='ocr_carea' id='block_1_70' title="bbox 2152 1898 3810 1958">
    <p class='ocr_par' dir='ltr' id='par_1_70' title="bbox 2152 1898 3810 1958">
     <span class='ocr_line' id='line_1_70' title="bbox 2152 1898 3810 1958; baseline 0.003 -6"><span class='ocrx_word' id='word_1_427' title='bbox 2152 1898 2270 1952; x_wconf 90' lang='lat' dir='ltr'><strong>Sibi</strong></span> <span class='ocrx_word' id='word_1_428' title='bbox 2302 1898 2553 1956; x_wconf 83' lang='lat' dir='ltr'><strong>invicem</strong></span> <span class='ocrx_word' id='word_1_429' title='bbox 2601 1899 3074 1958; x_wconf 85' lang='lat' dir='ltr'><strong>substantialiter</strong></span> <span class='ocrx_word' id='word_1_430' title='bbox 3104 1905 3161 1958; x_wconf 90' lang='lat' dir='ltr'><strong>et</strong></span> <span class='ocrx_word' id='word_1_431' title='bbox 3188 1900 3641 1957; x_wconf 86' lang='lat' dir='ltr'><strong>immutabiliter</strong></span> <span class='ocrx_word' id='word_1_432' title='bbox 3669 1901 3810 1957; x_wconf 88' lang='lat' dir='ltr'><strong>uni-</strong></span> 
     </span>
    </p>
   </div>
   <div class='ocr_carea' id='block_1_71' title="bbox 3581 1993 3726 2060">
    <p class='ocr_par' dir='ltr' id='par_1_71' title="bbox 3581 1993 3726 2060">
     <span class='ocr_line' id='line_1_71' title="bbox 3581 1993 3726 2060; baseline -0.007 -14"><span class='ocrx_word' id='word_1_433' title='bbox 3581 1993 3726 2060; x_wconf 87' lang='lat' dir='ltr'><strong>[tam</strong></span> 
     </span>
    </p>
   </div>
   <div class='ocr_carea' id='block_1_72' title="bbox 2147 2093 3732 2168">
    <p class='ocr_par' dir='ltr' id='par_1_72' title="bbox 2147 2093 3732 2168">
     <span class='ocr_line' id='line_1_72' title="bbox 2147 2093 3732 2168; baseline 0.004 -20"><span class='ocrx_word' id='word_1_434' title='bbox 2147 2093 2639 2167; x_wconf 85' lang='lat' dir='ltr'><strong>Unamquamque</strong></span> <span class='ocrx_word' id='word_1_435' title='bbox 2669 2096 2730 2152; x_wconf 91' lang='lat' dir='ltr'><strong>in</strong></span> <span class='ocrx_word' id='word_1_436' title='bbox 2764 2097 2980 2153; x_wconf 88' lang='lat' dir='ltr'><strong>unione</strong></span> <span class='ocrx_word' id='word_1_437' title='bbox 3009 2113 3246 2153; x_wconf 88' lang='lat' dir='ltr'><strong>manere</strong></span> <span class='ocrx_word' id='word_1_438' title='bbox 3277 2115 3394 2154; x_wconf 93' lang='lat' dir='ltr'><strong>non</strong></span> <span class='ocrx_word' id='word_1_439' title='bbox 3419 2101 3732 2168; x_wconf 83' lang='lat' dir='ltr'><strong>mutatam;</strong></span> 
     </span>
    </p>
   </div>
   <div class='ocr_carea' id='block_1_73' title="bbox 2147 2183 3602 2256">
    <p class='ocr_par' dir='ltr' id='par_1_73' title="bbox 2147 2183 3602 2256">
     <span class='ocr_line' id='line_1_73' title="bbox 2147 2183 3602 2256; baseline 0.003 -19"><span class='ocrx_word' id='word_1_440' title='bbox 2147 2183 2222 2238; x_wconf 84' lang='lat' dir='ltr'><strong>Ex</strong></span> <span class='ocrx_word' id='word_1_441' title='bbox 2255 2192 2500 2256; x_wconf 84' lang='lat' dir='ltr'><strong>utraque</strong></span> <span class='ocrx_word' id='word_1_442' title='bbox 2531 2189 2728 2241; x_wconf 84' lang='lat' dir='ltr'><strong>autem</strong></span> <span class='ocrx_word' id='word_1_443' title='bbox 2753 2191 2962 2244; x_wconf 89' lang='lat' dir='ltr'><strong>natura</strong></span> <span class='ocrx_word' id='word_1_444' title='bbox 2995 2203 3174 2242; x_wconf 89' lang='lat' dir='ltr'><strong>unam</strong></span> <span class='ocrx_word' id='word_1_445' title='bbox 3201 2188 3602 2244; x_wconf 88' lang='lat' dir='ltr'><strong>consummari</strong></span> 
     </span>
    </p>
   </div>
   <div class='ocr_carea' id='block_1_74' title="bbox 2146 2271 3618 2344">
    <p class='ocr_par' dir='ltr' id='par_1_74' title="bbox 2146 2271 3618 2344">
     <span class='ocr_line' id='line_1_74' title="bbox 2146 2271 3618 2344; baseline 0.003 -16"><span class='ocrx_word' id='word_1_446' title='bbox 2146 2271 2544 2344; x_wconf 88' lang='lat' dir='ltr'><strong>Compositam</strong></span> <span class='ocrx_word' id='word_1_447' title='bbox 2575 2275 2969 2331; x_wconf 87' lang='lat' dir='ltr'><strong>substantiam</strong></span> <span class='ocrx_word' id='word_1_448' title='bbox 2994 2293 3006 2331; x_wconf 93' lang='lat'><strong>:</strong></span> <span class='ocrx_word' id='word_1_449' title='bbox 3031 2276 3112 2331; x_wconf 87' lang='lat' dir='ltr'><strong>ita</strong></span> <span class='ocrx_word' id='word_1_450' title='bbox 3144 2275 3278 2332; x_wconf 79' lang='lat' dir='ltr'><strong>fidei</strong></span> <span class='ocrx_word' id='word_1_451' title='bbox 3306 2277 3618 2332; x_wconf 86' lang='lat' dir='ltr'><strong>terminus.</strong></span> 
     </span>
    </p>
   </div>
   <div class='ocr_carea' id='block_1_75' title="bbox 2146 2363 3422 2436">
    <p class='ocr_par' dir='ltr' id='par_1_75' title="bbox 2146 2363 3422 2436">
     <span class='ocr_line' id='line_1_75' title="bbox 2146 2363 3422 2436; baseline 0.005 -20"><span class='ocrx_word' id='word_1_452' title='bbox 2146 2363 2505 2418; x_wconf 84' lang='lat' dir='ltr'><strong>Conﬁtemur</strong></span> <span class='ocrx_word' id='word_1_453' title='bbox 2533 2363 2714 2436; x_wconf 84' lang='lat' dir='ltr'><strong>igitur</strong></span> <span class='ocrx_word' id='word_1_454' title='bbox 2745 2363 2933 2421; x_wconf 89' lang='lat' dir='ltr'><strong>Patris</strong></span> <span class='ocrx_word' id='word_1_455' title='bbox 2972 2365 3180 2420; x_wconf 90' lang='lat' dir='ltr'><strong>Filium</strong></span> <span class='ocrx_word' id='word_1_456' title='bbox 3216 2382 3422 2433; x_wconf 89' lang='lat' dir='ltr'><strong>unum,</strong></span> 
     </span>
    </p>
   </div>
   <div class='ocr_carea' id='block_1_76' title="bbox 2147 2451 3550 2521">
    <p class='ocr_par' dir='ltr' id='par_1_76' title="bbox 2147 2451 3550 2521">
     <span class='ocr_line' id='line_1_76' title="bbox 2147 2451 3550 2521; baseline 0.004 -16"><span class='ocrx_word' id='word_1_457' title='bbox 2147 2451 2482 2507; x_wconf 90' lang='lat' dir='ltr'><strong>Secundum</strong></span> <span class='ocrx_word' id='word_1_458' title='bbox 2513 2452 2822 2508; x_wconf 88' lang='lat' dir='ltr'><strong>infandam</strong></span> <span class='ocrx_word' id='word_1_459' title='bbox 2854 2453 3030 2508; x_wconf 90' lang='lat' dir='ltr'><strong>Verbi</strong></span> <span class='ocrx_word' id='word_1_460' title='bbox 3057 2453 3550 2521; x_wconf 85' lang='lat' dir='ltr'><strong>incarnationem,</strong></span> 
     </span>
    </p>
   </div>
   <div class='ocr_carea' id='block_1_77' title="bbox 2149 2540 3800 2614">
    <p class='ocr_par' dir='ltr' id='par_1_77' title="bbox 2149 2540 3800 2614">
     <span class='ocr_line' id='line_1_77' title="bbox 2149 2540 3800 2614; baseline 0.002 -20"><span class='ocrx_word' id='word_1_461' title='bbox 2149 2540 2553 2612; x_wconf 83' lang='lat' dir='ltr'><strong>Eumdemque</strong></span> <span class='ocrx_word' id='word_1_462' title='bbox 2589 2541 2802 2608; x_wconf 84' lang='lat' dir='ltr'><strong>Filium</strong></span> <span class='ocrx_word' id='word_1_463' title='bbox 2836 2546 3035 2613; x_wconf 88' lang='lat' dir='ltr'><strong>aperte</strong></span> <span class='ocrx_word' id='word_1_464' title='bbox 3058 2542 3359 2599; x_wconf 86' lang='lat' dir='ltr'><strong>hominem</strong></span> <span class='ocrx_word' id='word_1_465' title='bbox 3393 2560 3523 2600; x_wconf 88' lang='lat' dir='ltr'><strong>esse</strong></span> <span class='ocrx_word' id='word_1_466' title='bbox 3555 2544 3800 2614; x_wconf 87' lang='lat' dir='ltr'><strong>factum,</strong></span> 
     </span>
    </p>
   </div>
   <div class='ocr_carea' id='block_1_78' title="bbox 2150 2628 3802 2705">
    <p class='ocr_par' dir='ltr' id='par_1_78' title="bbox 2150 2628 3802 2705">
     <span class='ocr_line' id='line_1_78' title="bbox 2150 2628 3802 2705; baseline 0.002 -20"><span class='ocrx_word' id='word_1_467' title='bbox 2150 2628 2342 2685; x_wconf 88' lang='lat' dir='ltr'><strong>Unum</strong></span> <span class='ocrx_word' id='word_1_468' title='bbox 2391 2630 2691 2687; x_wconf 88' lang='lat' dir='ltr'><strong>Christum</strong></span> <span class='ocrx_word' id='word_1_469' title='bbox 2723 2635 2781 2688; x_wconf 91' lang='lat' dir='ltr'><strong>et</strong></span> <span class='ocrx_word' id='word_1_470' title='bbox 2811 2631 3125 2689; x_wconf 89' lang='lat' dir='ltr'><strong>Dominum</strong></span> <span class='ocrx_word' id='word_1_471' title='bbox 3159 2633 3532 2705; x_wconf 86' lang='lat' dir='ltr'><strong>unigenitum</strong></span> <span class='ocrx_word' id='word_1_472' title='bbox 3570 2638 3627 2689; x_wconf 91' lang='lat' dir='ltr'><strong>et</strong></span> <span class='ocrx_word' id='word_1_473' title='bbox 3653 2633 3802 2689; x_wconf 88' lang='lat' dir='ltr'><strong>Ver-</strong></span> 
     </span>
    </p>
   </div>
   <div class='ocr_carea' id='block_1_79' title="bbox 3543 2722 3734 2795">
    <p class='ocr_par' dir='ltr' id='par_1_79' title="bbox 3543 2722 3734 2795">
     <span class='ocr_line' id='line_1_79' title="bbox 3543 2722 3734 2795; baseline -0.005 -16"><span class='ocrx_word' id='word_1_474' title='bbox 3543 2722 3734 2795; x_wconf 87' lang='lat' dir='ltr'><strong>[bum,</strong></span> 
     </span>
    </p>
   </div>
   <div class='ocr_carea' id='block_1_80' title="bbox 2152 2825 3590 2887">
    <p class='ocr_par' dir='ltr' id='par_1_80' title="bbox 2152 2825 3590 2887">
     <span class='ocr_line' id='line_1_80' title="bbox 2152 2825 3590 2887; baseline 0.004 -7"><span class='ocrx_word' id='word_1_475' title='bbox 2152 2825 2362 2881; x_wconf 90' lang='lat' dir='ltr'><strong>Totum</strong></span> <span class='ocrx_word' id='word_1_476' title='bbox 2391 2826 2578 2882; x_wconf 89' lang='lat' dir='ltr'><strong>Deum</strong></span> <span class='ocrx_word' id='word_1_477' title='bbox 2601 2831 2658 2884; x_wconf 91' lang='lat' dir='ltr'><strong>et</strong></span> <span class='ocrx_word' id='word_1_478' title='bbox 2688 2829 2967 2884; x_wconf 87' lang='lat' dir='ltr'><strong>hominen</strong></span> <span class='ocrx_word' id='word_1_479' title='bbox 2997 2830 3054 2885; x_wconf 91' lang='lat' dir='ltr'><strong>in</strong></span> <span class='ocrx_word' id='word_1_480' title='bbox 3089 2846 3207 2885; x_wconf 89' lang='lat' dir='ltr'><strong>una</strong></span> <span class='ocrx_word' id='word_1_481' title='bbox 3238 2829 3590 2887; x_wconf 83' lang='lat' dir='ltr'><strong>substantia.</strong></span> 
     </span>
    </p>
   </div>
   <div class='ocr_carea' id='block_1_81' title="bbox 2150 2914 3755 2988">
    <p class='ocr_par' dir='ltr' id='par_1_81' title="bbox 2150 2914 3755 2988">
     <span class='ocr_line' id='line_1_81' title="bbox 2150 2914 3755 2988; baseline 0.004 -18"><span class='ocrx_word' id='word_1_482' title='bbox 2150 2914 2336 2970; x_wconf 76' lang='lat' dir='ltr'><strong>Unitaa</strong></span> <span class='ocrx_word' id='word_1_483' title='bbox 2371 2916 2552 2988; x_wconf 84' lang='lat' dir='ltr'><strong>igitur</strong></span> <span class='ocrx_word' id='word_1_484' title='bbox 2581 2922 2726 2974; x_wconf 89' lang='lat' dir='ltr'><strong>sunt</strong></span> <span class='ocrx_word' id='word_1_485' title='bbox 2757 2917 2975 2974; x_wconf 84' lang='lat' dir='ltr'><strong>Christi</strong></span> <span class='ocrx_word' id='word_1_486' title='bbox 3009 2923 3254 2988; x_wconf 57' lang='lat' dir='ltr'><strong>natura),</strong></span> <span class='ocrx_word' id='word_1_487' title='bbox 3287 2919 3389 2976; x_wconf 89' lang='lat' dir='ltr'><strong>sed</strong></span> <span class='ocrx_word' id='word_1_488' title='bbox 3422 2918 3755 2988; x_wconf 83' lang='lat' dir='ltr'><strong>ineonfuse,</strong></span> 
     </span>
    </p>
   </div>
   <div class='ocr_carea' id='block_1_82' title="bbox 2153 3111 3807 3174">
    <p class='ocr_par' dir='ltr' id='par_1_82' title="bbox 2153 3111 3807 3174">
     <span class='ocr_line' id='line_1_82' title="bbox 2153 3111 3807 3174; baseline 0.004 -6"><span class='ocrx_word' id='word_1_489' title='bbox 2153 3111 2341 3168; x_wconf 75' lang='lat' dir='ltr'><strong>Unitae</strong></span> <span class='ocrx_word' id='word_1_490' title='bbox 2373 3113 2696 3168; x_wconf 88' lang='lat' dir='ltr'><strong>secundum</strong></span> <span class='ocrx_word' id='word_1_491' title='bbox 2716 3113 3350 3172; x_wconf 71' lang='lat' dir='ltr'><strong>substantiam.divisa2</strong></span> <span class='ocrx_word' id='word_1_492' title='bbox 3375 3119 3573 3171; x_wconf 89' lang='lat' dir='ltr'><strong>autem</strong></span> <span class='ocrx_word' id='word_1_493' title='bbox 3597 3133 3807 3174; x_wconf 85' lang='lat' dir='ltr'><strong>rursus</strong></span> 
     </span>
    </p>
   </div>
   <div class='ocr_carea' id='block_1_83' title="bbox 2157 3202 3516 3272">
    <p class='ocr_par' dir='ltr' id='par_1_83' title="bbox 2157 3202 3516 3272">
     <span class='ocr_line' id='line_1_83' title="bbox 2157 3202 3516 3272; baseline 0.004 -16"><span class='ocrx_word' id='word_1_494' title='bbox 2157 3202 2402 3257; x_wconf 83' lang='lat' dir='ltr'><strong>Ratione</strong></span> <span class='ocrx_word' id='word_1_495' title='bbox 2432 3202 2769 3258; x_wconf 65' lang='lat' dir='ltr'><strong>differentia</strong></span> <span class='ocrx_word' id='word_1_496' title='bbox 2793 3220 2804 3258; x_wconf 95' lang='lat'>:</span> <span class='ocrx_word' id='word_1_497' title='bbox 2833 3202 2948 3258; x_wconf 86' lang='lat' dir='ltr'><strong>alia</strong></span> <span class='ocrx_word' id='word_1_498' title='bbox 2967 3203 3124 3259; x_wconf 89' lang='lat' dir='ltr'><strong>enim</strong></span> <span class='ocrx_word' id='word_1_499' title='bbox 3151 3204 3251 3260; x_wconf 91' lang='lat' dir='ltr'><strong>Dei</strong></span> <span class='ocrx_word' id='word_1_500' title='bbox 3285 3209 3516 3272; x_wconf 78' lang='lat' dir='ltr'><strong>natura,</strong></span> 
     </span>
    </p>
   </div>
   <div class='ocr_carea' id='block_1_84' title="bbox 2153 3289 3807 3368">
    <p class='ocr_par' dir='ltr' id='par_1_84' title="bbox 2153 3289 3807 3368">
     <span class='ocr_line' id='line_1_84' title="bbox 2153 3289 3807 3368; baseline 0.002 -22"><span class='ocrx_word' id='word_1_501' title='bbox 2153 3292 2225 3346; x_wconf 89' lang='lat' dir='ltr'><strong>Et</strong></span> <span class='ocrx_word' id='word_1_502' title='bbox 2253 3289 2368 3346; x_wconf 87' lang='lat' dir='ltr'><strong>alia</strong></span> <span class='ocrx_word' id='word_1_503' title='bbox 2400 3291 2804 3363; x_wconf 87' lang='lat' dir='ltr'><strong>humanitatis,</strong></span> <span class='ocrx_word' id='word_1_504' title='bbox 2839 3309 3020 3348; x_wconf 88' lang='lat' dir='ltr'><strong>unum</strong></span> <span class='ocrx_word' id='word_1_505' title='bbox 3054 3298 3253 3350; x_wconf 88' lang='lat' dir='ltr'><strong>autem</strong></span> <span class='ocrx_word' id='word_1_506' title='bbox 3289 3293 3346 3349; x_wconf 91' lang='lat' dir='ltr'><strong>in</strong></span> <span class='ocrx_word' id='word_1_507' title='bbox 3382 3299 3635 3368; x_wconf 87' lang='lat' dir='ltr'><strong>utraque</strong></span> <span class='ocrx_word' id='word_1_508' title='bbox 3667 3295 3807 3352; x_wconf 78' lang='lat' dir='ltr'><strong>Ver-</strong></span> 
     </span>
    </p>
   </div>
   <div class='ocr_carea' id='block_1_85' title="bbox 3547 3385 3732 3456">
    <p class='ocr_par' dir='ltr' id='par_1_85' title="bbox 3547 3385 3732 3456">
     <span class='ocr_line' id='line_1_85' title="bbox 3547 3385 3732 3456; baseline 0 -16"><span class='ocrx_word' id='word_1_509' title='bbox 3547 3385 3732 3456; x_wconf 86' lang='lat' dir='ltr'><strong>[bum,</strong></span> 
     </span>
    </p>
   </div>
   <div class='ocr_carea' id='block_1_86' title="bbox 2159 3470 3698 3542">
    <p class='ocr_par' dir='ltr' id='par_1_86' title="bbox 2159 3470 3698 3542">
     <span class='ocr_line' id='line_1_86' title="bbox 2159 3470 3698 3542; baseline 0.004 -17"><span class='ocrx_word' id='word_1_510' title='bbox 2159 3470 2364 3542; x_wconf 88' lang='lat' dir='ltr'><strong>Itaque</strong></span> <span class='ocrx_word' id='word_1_511' title='bbox 2397 3487 2552 3526; x_wconf 91' lang='lat' dir='ltr'><strong>unus</strong></span> <span class='ocrx_word' id='word_1_512' title='bbox 2583 3474 2672 3526; x_wconf 90' lang='lat' dir='ltr'><strong>est</strong></span> <span class='ocrx_word' id='word_1_513' title='bbox 2701 3470 2990 3538; x_wconf 87' lang='lat' dir='ltr'><strong>Christus,</strong></span> <span class='ocrx_word' id='word_1_514' title='bbox 3024 3472 3123 3528; x_wconf 87' lang='lat' dir='ltr'><strong>sed</strong></span> <span class='ocrx_word' id='word_1_515' title='bbox 3156 3471 3312 3528; x_wconf 90' lang='lat' dir='ltr'><strong>idem</strong></span> <span class='ocrx_word' id='word_1_516' title='bbox 3344 3473 3520 3529; x_wconf 89' lang='lat' dir='ltr'><strong>etiam</strong></span> <span class='ocrx_word' id='word_1_517' title='bbox 3543 3475 3698 3531; x_wconf 91' lang='lat' dir='ltr'><strong>duo:</strong></span> 
     </span>
    </p>
   </div>
   <div class='ocr_carea' id='block_1_87' title="bbox 2157 3559 3811 3636">
    <p class='ocr_par' dir='ltr' id='par_1_87' title="bbox 2157 3559 3811 3636">
     <span class='ocr_line' id='line_1_87' title="bbox 2157 3559 3811 3636; baseline 0.002 -20"><span class='ocrx_word' id='word_1_518' title='bbox 2157 3559 2318 3616; x_wconf 89' lang='lat' dir='ltr'><strong>Unus</strong></span> <span class='ocrx_word' id='word_1_519' title='bbox 2350 3560 2507 3616; x_wconf 90' lang='lat' dir='ltr'><strong>enim</strong></span> <span class='ocrx_word' id='word_1_520' title='bbox 2541 3561 2867 3617; x_wconf 86' lang='lat' dir='ltr'><strong>secundum</strong></span> <span class='ocrx_word' id='word_1_521' title='bbox 2900 3561 3322 3634; x_wconf 85' lang='lat' dir='ltr'><strong>substantiam,</strong></span> <span class='ocrx_word' id='word_1_522' title='bbox 3356 3562 3572 3636; x_wconf 85' lang='lat' dir='ltr'><strong>duplex</strong></span> <span class='ocrx_word' id='word_1_523' title='bbox 3602 3579 3811 3619; x_wconf 80' lang='lat' dir='ltr'><strong>secun-</strong></span> 
     </span>
    </p>
   </div>
   <div class='ocr_carea' id='block_1_88' title="bbox 3241 3653 3737 3722">
    <p class='ocr_par' dir='ltr' id='par_1_88' title="bbox 3241 3653 3737 3722">
     <span class='ocr_line' id='line_1_88' title="bbox 3241 3653 3737 3722; baseline -0.002 -15"><span class='ocrx_word' id='word_1_524' title='bbox 3241 3653 3406 3722; x_wconf 89' lang='lat' dir='ltr'><strong>[dum</strong></span> <span class='ocrx_word' id='word_1_525' title='bbox 3441 3657 3737 3710; x_wconf 87' lang='lat' dir='ltr'><strong>naturam.</strong></span> 
     </span>
    </p>
   </div>
   <div class='ocr_carea' id='block_1_89' title="bbox 2155 3759 3568 3826">
    <p class='ocr_par' dir='ltr' id='par_1_89' title="bbox 2155 3759 3568 3826">
     <span class='ocr_line' id='line_1_89' title="bbox 2155 3759 3568 3826; baseline -0.001 -10"><span class='ocrx_word' id='word_1_526' title='bbox 2155 3759 2322 3816; x_wconf 89' lang='lat' dir='ltr'><strong>Sicut</strong></span> <span class='ocrx_word' id='word_1_527' title='bbox 2354 3759 2500 3815; x_wconf 89' lang='lat' dir='ltr'><strong>bene</strong></span> <span class='ocrx_word' id='word_1_528' title='bbox 2531 3759 2834 3814; x_wconf 86' lang='lat' dir='ltr'><strong>sancimus</strong></span> <span class='ocrx_word' id='word_1_529' title='bbox 2866 3760 3014 3815; x_wconf 90' lang='lat' dir='ltr'><strong>duas</strong></span> <span class='ocrx_word' id='word_1_530' title='bbox 3044 3759 3262 3815; x_wconf 88' lang='lat' dir='ltr'><strong>Christi</strong></span> <span class='ocrx_word' id='word_1_531' title='bbox 3297 3765 3568 3826; x_wconf 80' lang='lat' dir='ltr'><strong>naturas,</strong></span> 
     </span>
    </p>
   </div>
   <div class='ocr_carea' id='block_1_90' title="bbox 2157 3847 3691 3919">
    <p class='ocr_par' dir='ltr' id='par_1_90' title="bbox 2157 3847 3691 3919">
     <span class='ocr_line' id='line_1_90' title="bbox 2157 3847 3691 3919; baseline 0.001 -18"><span class='ocrx_word' id='word_1_532' title='bbox 2157 3847 2240 3902; x_wconf 89' lang='lat' dir='ltr'><strong>lta</strong></span> <span class='ocrx_word' id='word_1_533' title='bbox 2272 3849 2419 3902; x_wconf 88' lang='lat' dir='ltr'><strong>duas</strong></span> <span class='ocrx_word' id='word_1_534' title='bbox 2441 3863 2677 3919; x_wconf 85' lang='lat' dir='ltr'><strong>quoque</strong></span> <span class='ocrx_word' id='word_1_535' title='bbox 2711 3848 2966 3903; x_wconf 87' lang='lat' dir='ltr'><strong>dicimus</strong></span> <span class='ocrx_word' id='word_1_536' title='bbox 2996 3848 3367 3919; x_wconf 86' lang='lat' dir='ltr'><strong>operationes</strong></span> <span class='ocrx_word' id='word_1_537' title='bbox 3399 3847 3691 3903; x_wconf 85' lang='lat' dir='ltr'><strong>naturales</strong></span> 
     </span>
    </p>
   </div>
   <div class='ocr_carea' id='block_1_91' title="bbox 2155 3937 3500 4009">
    <p class='ocr_par' dir='ltr' id='par_1_91' title="bbox 2155 3937 3500 4009">
     <span class='ocr_line' id='line_1_91' title="bbox 2155 3937 3500 4009; baseline -0.001 -17"><span class='ocrx_word' id='word_1_538' title='bbox 2155 3941 2222 3992; x_wconf 89' lang='lat' dir='ltr'><strong>Et</strong></span> <span class='ocrx_word' id='word_1_539' title='bbox 2251 3939 2400 3993; x_wconf 86' lang='lat' dir='ltr'><strong>duas</strong></span> <span class='ocrx_word' id='word_1_540' title='bbox 2427 3937 2758 3992; x_wconf 88' lang='lat' dir='ltr'><strong>voluntates</strong></span> <span class='ocrx_word' id='word_1_541' title='bbox 2789 3937 3140 3992; x_wconf 87' lang='lat' dir='ltr'><strong>naturaliter</strong></span> <span class='ocrx_word' id='word_1_542' title='bbox 3169 3941 3500 4009; x_wconf 88' lang='lat' dir='ltr'><strong>operantes.</strong></span> 
     </span>
    </p>
   </div>
   <div class='ocr_carea' id='block_1_92' title="bbox 2156 4025 3608 4098">
    <p class='ocr_par' dir='ltr' id='par_1_92' title="bbox 2156 4025 3608 4098">
     <span class='ocr_line' id='line_1_92' title="bbox 2156 4025 3608 4098; baseline 0 -18"><span class='ocrx_word' id='word_1_543' title='bbox 2156 4025 2421 4081; x_wconf 84' lang='lat' dir='ltr'><strong>Essentia</strong></span> <span class='ocrx_word' id='word_1_544' title='bbox 2453 4025 2636 4098; x_wconf 87' lang='lat' dir='ltr'><strong>igitur</strong></span> <span class='ocrx_word' id='word_1_545' title='bbox 2666 4029 2723 4079; x_wconf 89' lang='lat' dir='ltr'><strong>et</strong></span> <span class='ocrx_word' id='word_1_546' title='bbox 2757 4027 2946 4081; x_wconf 85' lang='lat' dir='ltr'><strong>forma</strong></span> <span class='ocrx_word' id='word_1_547' title='bbox 2975 4030 3033 4082; x_wconf 92' lang='lat' dir='ltr'><strong>et</strong></span> <span class='ocrx_word' id='word_1_548' title='bbox 3066 4029 3278 4082; x_wconf 87' lang='lat' dir='ltr'><strong>natura</strong></span> <span class='ocrx_word' id='word_1_549' title='bbox 3306 4025 3366 4080; x_wconf 91' lang='lat' dir='ltr'><strong>in</strong></span> <span class='ocrx_word' id='word_1_550' title='bbox 3394 4025 3608 4092; x_wconf 89' lang='lat' dir='ltr'><strong>Verbo,</strong></span> 
     </span>
    </p>
   </div>
   <div class='ocr_carea' id='block_1_93' title="bbox 2153 4113 3738 4186">
    <p class='ocr_par' dir='ltr' id='par_1_93' title="bbox 2153 4113 3738 4186">
     <span class='ocr_line' id='line_1_93' title="bbox 2153 4113 3738 4186; baseline -0.001 -15"><span class='ocrx_word' id='word_1_551' title='bbox 2153 4115 2279 4171; x_wconf 87' lang='lat' dir='ltr'><strong>Una</strong></span> <span class='ocrx_word' id='word_1_552' title='bbox 2310 4119 2506 4170; x_wconf 87' lang='lat' dir='ltr'><strong>autem</strong></span> <span class='ocrx_word' id='word_1_553' title='bbox 2541 4113 2918 4170; x_wconf 74' lang='lat' dir='ltr'><strong>indivisibilis</strong></span> <span class='ocrx_word' id='word_1_554' title='bbox 2951 4131 3204 4186; x_wconf 89' lang='lat' dir='ltr'><strong>persona</strong></span> <span class='ocrx_word' id='word_1_555' title='bbox 3234 4131 3369 4171; x_wconf 92' lang='lat' dir='ltr'><strong>cum</strong></span> <span class='ocrx_word' id='word_1_556' title='bbox 3399 4114 3738 4171; x_wconf 84' lang='lat' dir='ltr'><strong>substantia</strong></span> 
     </span>
    </p>
   </div>
   <div class='ocr_carea' id='block_1_94' title="bbox 2156 4203 3455 4276">
    <p class='ocr_par' dir='ltr' id='par_1_94' title="bbox 2156 4203 3455 4276">
     <span class='ocr_line' id='line_1_94' title="bbox 2156 4203 3455 4276; baseline 0.001 -17"><span class='ocrx_word' id='word_1_557' title='bbox 2156 4205 2400 4259; x_wconf 89' lang='lat' dir='ltr'><strong>Carnem</strong></span> <span class='ocrx_word' id='word_1_558' title='bbox 2428 4203 2545 4260; x_wconf 90' lang='lat' dir='ltr'><strong>noli</strong></span> <span class='ocrx_word' id='word_1_559' title='bbox 2583 4205 2676 4260; x_wconf 85' lang='lat' dir='ltr'><strong>Dei</strong></span> <span class='ocrx_word' id='word_1_560' title='bbox 2712 4203 3105 4260; x_wconf 88' lang='lat' dir='ltr'><strong>substantiam</strong></span> <span class='ocrx_word' id='word_1_561' title='bbox 3139 4203 3455 4276; x_wconf 82' lang='lat' dir='ltr'><strong>appellare,</strong></span> 
     </span>
    </p>
   </div>
   <div class='ocr_carea' id='block_1_95' title="bbox 2152 4293 3812 4368">
    <p class='ocr_par' dir='ltr' id='par_1_95' title="bbox 2152 4293 3812 4368">
     <span class='ocr_line' id='line_1_95' title="bbox 2152 4293 3812 4368; baseline 0.001 -18"><span class='ocrx_word' id='word_1_562' title='bbox 2152 4295 2264 4350; x_wconf 90' lang='lat' dir='ltr'><strong>Sed</strong></span> <span class='ocrx_word' id='word_1_563' title='bbox 2309 4293 2703 4350; x_wconf 86' lang='lat' dir='ltr'><strong>substantiale</strong></span> <span class='ocrx_word' id='word_1_564' title='bbox 2755 4294 3253 4368; x_wconf 81' lang='lat' dir='ltr'><strong>dicaszexpresse</strong></span> <span class='ocrx_word' id='word_1_565' title='bbox 3305 4295 3460 4351; x_wconf 92' lang='lat' dir='ltr'><strong>enim</strong></span> <span class='ocrx_word' id='word_1_566' title='bbox 3517 4293 3601 4350; x_wconf 88' lang='lat' dir='ltr'><strong>sic</strong></span> <span class='ocrx_word' id='word_1_567' title='bbox 3631 4294 3812 4352; x_wconf 81' lang='lat' dir='ltr'><strong>habet</strong></span> 
     </span>
    </p>
   </div>
   <div class='ocr_carea' id='block_1_96' title="bbox 3481 4383 3741 4456">
    <p class='ocr_par' dir='ltr' id='par_1_96' title="bbox 3481 4383 3741 4456">
     <span class='ocr_line' id='line_1_96' title="bbox 3481 4383 3741 4456; baseline 0 -18"><span class='ocrx_word' id='word_1_568' title='bbox 3481 4383 3741 4456; x_wconf 88' lang='lat' dir='ltr'><strong>[dogma.</strong></span> 
     </span>
    </p>
   </div>
   <div class='ocr_carea' id='block_1_97' title="bbox 2156 4489 3816 4564">
    <p class='ocr_par' dir='ltr' id='par_1_97' title="bbox 2156 4489 3816 4564">
     <span class='ocr_line' id='line_1_97' title="bbox 2156 4489 3816 4564; baseline 0.001 -18"><span class='ocrx_word' id='word_1_569' title='bbox 2156 4489 2561 4546; x_wconf 90' lang='lat' dir='ltr'><strong>Substantiale</strong></span> <span class='ocrx_word' id='word_1_570' title='bbox 2590 4491 2782 4546; x_wconf 87' lang='lat' dir='ltr'><strong>varias</strong></span> <span class='ocrx_word' id='word_1_571' title='bbox 2821 4490 3000 4546; x_wconf 85' lang='lat' dir='ltr'><strong>habet</strong></span> <span class='ocrx_word' id='word_1_572' title='bbox 3030 4489 3515 4564; x_wconf 80' lang='lat' dir='ltr'><strong>signiﬁcationes,</strong></span> <span class='ocrx_word' id='word_1_573' title='bbox 3548 4489 3816 4560; x_wconf 89' lang='lat' dir='ltr'><strong>domine,</strong></span> 
     </span>
    </p>
   </div>
   <div class='ocr_carea' id='block_1_98' title="bbox 2157 4580 3612 4652">
    <p class='ocr_par' dir='ltr' id='par_1_98' title="bbox 2157 4580 3612 4652">
     <span class='ocr_line' id='line_1_98' title="bbox 2157 4580 3612 4652; baseline 0 -17"><span class='ocrx_word' id='word_1_574' title='bbox 2157 4581 2255 4635; x_wconf 82' lang='lat' dir='ltr'><strong>Est</strong></span> <span class='ocrx_word' id='word_1_575' title='bbox 2283 4581 2442 4635; x_wconf 88' lang='lat' dir='ltr'><strong>enim</strong></span> <span class='ocrx_word' id='word_1_576' title='bbox 2469 4580 2860 4636; x_wconf 87' lang='lat' dir='ltr'><strong>substantiale</strong></span> <span class='ocrx_word' id='word_1_577' title='bbox 2894 4581 3050 4652; x_wconf 91' lang='lat' dir='ltr'><strong>quod</strong></span> <span class='ocrx_word' id='word_1_578' title='bbox 3083 4597 3284 4636; x_wconf 87' lang='lat' dir='ltr'><strong>revera</strong></span> <span class='ocrx_word' id='word_1_579' title='bbox 3315 4580 3612 4647; x_wconf 69' lang='lat' dir='ltr'><strong>subsistit,</strong></span> 
     </span>
    </p>
   </div>
   <div class='ocr_carea' id='block_1_99' title="bbox 2155 4668 3669 4740">
    <p class='ocr_par' dir='ltr' id='par_1_99' title="bbox 2155 4668 3669 4740">
     <span class='ocr_line' id='line_1_99' title="bbox 2155 4668 3669 4740; baseline 0.001 -17"><span class='ocrx_word' id='word_1_580' title='bbox 2155 4669 2222 4723; x_wconf 88' lang='lat' dir='ltr'><strong>Et</strong></span> <span class='ocrx_word' id='word_1_581' title='bbox 2251 4669 2470 4724; x_wconf 88' lang='lat' dir='ltr'><strong>iterum</strong></span> <span class='ocrx_word' id='word_1_582' title='bbox 2504 4668 2894 4726; x_wconf 89' lang='lat' dir='ltr'><strong>substantiale</strong></span> <span class='ocrx_word' id='word_1_583' title='bbox 2925 4674 3014 4724; x_wconf 90' lang='lat' dir='ltr'><strong>est</strong></span> <span class='ocrx_word' id='word_1_584' title='bbox 3045 4685 3356 4724; x_wconf 89' lang='lat' dir='ltr'><strong>commune</strong></span> <span class='ocrx_word' id='word_1_585' title='bbox 3377 4670 3669 4740; x_wconf 64' lang='lat' dir='ltr'><strong>essentia,</strong></span> 
     </span>
    </p>
   </div>
   <div class='ocr_carea' id='block_1_100' title="bbox 2076 4738 3437 4830">
    <p class='ocr_par' dir='ltr' id='par_1_100' title="bbox 2076 4738 3437 4830">
     <span class='ocr_line' id='line_1_100' title="bbox 2076 4738 3437 4830; baseline 0.001 -18"><span class='ocrx_word' id='word_1_586' title='bbox 2076 4738 2123 4802; x_wconf 83' lang='lat' dir='ltr'><strong>D</strong></span> <span class='ocrx_word' id='word_1_587' title='bbox 2155 4759 2254 4813; x_wconf 91' lang='lat' dir='ltr'><strong>Vel</strong></span> <span class='ocrx_word' id='word_1_588' title='bbox 2289 4757 2538 4830; x_wconf 88' lang='lat' dir='ltr'><strong>species,</strong></span> <span class='ocrx_word' id='word_1_589' title='bbox 2571 4775 2603 4813; x_wconf 92' lang='grc' dir='ltr'><strong>ο</strong></span> <span class='ocrx_word' id='word_1_590' title='bbox 2635 4757 2977 4830; x_wconf 89' lang='lat' dir='ltr'><strong>imperator,</strong></span> <span class='ocrx_word' id='word_1_591' title='bbox 3012 4759 3072 4813; x_wconf 89' lang='lat' dir='ltr'><strong>in</strong></span> <span class='ocrx_word' id='word_1_592' title='bbox 3114 4757 3437 4814; x_wconf 66' lang='lat' dir='ltr'><strong>individuis</strong></span> 
     </span>
    </p>
   </div>
   <div class='ocr_carea' id='block_1_101' title="bbox 2161 4846 3560 4920">
    <p class='ocr_par' dir='ltr' id='par_1_101' title="bbox 2161 4846 3560 4920">
     <span class='ocr_line' id='line_1_101' title="bbox 2161 4846 3560 4920; baseline 0.001 -19"><span class='ocrx_word' id='word_1_593' title='bbox 2161 4846 2476 4902; x_wconf 82' lang='lat' dir='ltr'><strong>Actualitcr</strong></span> <span class='ocrx_word' id='word_1_594' title='bbox 2509 4847 2862 4915; x_wconf 86' lang='lat' dir='ltr'><strong>subsistens,</strong></span> <span class='ocrx_word' id='word_1_595' title='bbox 2899 4863 3013 4904; x_wconf 91' lang='lat' dir='ltr'><strong>non</strong></span> <span class='ocrx_word' id='word_1_596' title='bbox 3039 4846 3165 4904; x_wconf 87' lang='lat' dir='ltr'><strong>sola</strong></span> <span class='ocrx_word' id='word_1_597' title='bbox 3186 4847 3560 4920; x_wconf 85' lang='lat' dir='ltr'><strong>cogitatione.</strong></span> 
     </span>
    </p>
   </div>
   <div class='ocr_carea' id='block_1_102' title="bbox 2159 4937 3596 5011">
    <p class='ocr_par' dir='ltr' id='par_1_102' title="bbox 2159 4937 3596 5011">
     <span class='ocr_line' id='line_1_102' title="bbox 2159 4937 3596 5011; baseline 0.001 -18"><span class='ocrx_word' id='word_1_598' title='bbox 2159 4939 2261 4994; x_wconf 88' lang='lat' dir='ltr'><strong>Est</strong></span> <span class='ocrx_word' id='word_1_599' title='bbox 2292 4943 2486 4993; x_wconf 87' lang='lat' dir='ltr'><strong>autem</strong></span> <span class='ocrx_word' id='word_1_600' title='bbox 2517 4937 2908 4994; x_wconf 79' lang='lat' dir='ltr'><strong>substantiale</strong></span> <span class='ocrx_word' id='word_1_601' title='bbox 2941 4955 3113 5010; x_wconf 89' lang='lat' dir='ltr'><strong>porro</strong></span> <span class='ocrx_word' id='word_1_602' title='bbox 3145 4937 3596 5011; x_wconf 85' lang='lat' dir='ltr'><strong>intelligendum</strong></span> 
     </span>
    </p>
   </div>
   <div class='ocr_carea' id='block_1_103' title="bbox 2159 5025 3266 5094">
    <p class='ocr_par' dir='ltr' id='par_1_103' title="bbox 2159 5025 3266 5094">
     <span class='ocr_line' id='line_1_103' title="bbox 2159 5025 3266 5094; baseline 0 -10"><span class='ocrx_word' id='word_1_603' title='bbox 2159 5029 2322 5094; x_wconf 87' lang='lat' dir='ltr'><strong>Quod</strong></span> <span class='ocrx_word' id='word_1_604' title='bbox 2351 5030 2440 5082; x_wconf 84' lang='lat' dir='ltr'><strong>est</strong></span> <span class='ocrx_word' id='word_1_605' title='bbox 2465 5026 2694 5084; x_wconf 88' lang='lat' dir='ltr'><strong>unitum</strong></span> <span class='ocrx_word' id='word_1_606' title='bbox 2723 5043 2857 5084; x_wconf 90' lang='lat' dir='ltr'><strong>cum</strong></span> <span class='ocrx_word' id='word_1_607' title='bbox 2891 5025 3006 5084; x_wconf 85' lang='lat' dir='ltr'><strong>alia</strong></span> <span class='ocrx_word' id='word_1_608' title='bbox 3036 5027 3266 5084; x_wconf 89' lang='lat' dir='ltr'><strong>diverso</strong></span> 
     </span>
    </p>
   </div>
   <div class='ocr_carea' id='block_1_104' title="bbox 2159 5116 3816 5192">
    <p class='ocr_par' dir='ltr' id='par_1_104' title="bbox 2159 5116 3816 5192">
     <span class='ocr_line' id='line_1_104' title="bbox 2159 5116 3816 5192; baseline 0.001 -19"><span class='ocrx_word' id='word_1_609' title='bbox 2159 5117 2495 5173; x_wconf 90' lang='lat' dir='ltr'><strong>Secundum</strong></span> <span class='ocrx_word' id='word_1_610' title='bbox 2523 5118 2864 5184; x_wconf 88' lang='lat' dir='ltr'><strong>essentiam,</strong></span> <span class='ocrx_word' id='word_1_611' title='bbox 2891 5117 3148 5186; x_wconf 88' lang='lat' dir='ltr'><strong>domine,</strong></span> <span class='ocrx_word' id='word_1_612' title='bbox 3171 5117 3231 5174; x_wconf 91' lang='lat' dir='ltr'><strong>in</strong></span> <span class='ocrx_word' id='word_1_613' title='bbox 3249 5116 3528 5174; x_wconf 89' lang='lat' dir='ltr'><strong>unionem</strong></span> <span class='ocrx_word' id='word_1_614' title='bbox 3552 5134 3816 5192; x_wconf 60' lang='lat' dir='ltr'><strong>personas</strong></span> 
     </span>
    </p>
   </div>
   <div class='ocr_carea' id='block_1_105' title="bbox 2160 5205 3366 5280">
    <p class='ocr_par' dir='ltr' id='par_1_105' title="bbox 2160 5205 3366 5280">
     <span class='ocr_line' id='line_1_105' title="bbox 2160 5205 3366 5280; baseline 0 -18"><span class='ocrx_word' id='word_1_615' title='bbox 2160 5205 2346 5262; x_wconf 89' lang='lat' dir='ltr'><strong>Unius</strong></span> <span class='ocrx_word' id='word_1_616' title='bbox 2373 5209 2430 5263; x_wconf 87' lang='lat' dir='ltr'><strong>et</strong></span> <span class='ocrx_word' id='word_1_617' title='bbox 2458 5207 2748 5280; x_wconf 88' lang='lat' dir='ltr'><strong>originem</strong></span> <span class='ocrx_word' id='word_1_618' title='bbox 2781 5207 2960 5264; x_wconf 90' lang='lat' dir='ltr'><strong>unius</strong></span> <span class='ocrx_word' id='word_1_619' title='bbox 2992 5206 3366 5264; x_wconf 68' lang='lat' dir='ltr'><strong>substantiae.</strong></span> 
     </span>
    </p>
   </div>
   <div class='ocr_carea' id='block_1_106' title="bbox 2159 5295 3656 5354">
    <p class='ocr_par' dir='ltr' id='par_1_106' title="bbox 2159 5295 3656 5354">
     <span class='ocr_line' id='line_1_106' title="bbox 2159 5295 3656 5354; baseline 0.001 -4"><span class='ocrx_word' id='word_1_620' title='bbox 2159 5295 2284 5352; x_wconf 86' lang='lat' dir='ltr'><strong>Tali</strong></span> <span class='ocrx_word' id='word_1_621' title='bbox 2317 5296 2536 5352; x_wconf 88' lang='lat' dir='ltr'><strong>ratione</strong></span> <span class='ocrx_word' id='word_1_622' title='bbox 2567 5297 2727 5352; x_wconf 91' lang='lat' dir='ltr'><strong>enim</strong></span> <span class='ocrx_word' id='word_1_623' title='bbox 2767 5297 3162 5354; x_wconf 84' lang='lat' dir='ltr'><strong>substantiale</strong></span> <span class='ocrx_word' id='word_1_624' title='bbox 3191 5295 3426 5352; x_wconf 84' lang='lat' dir='ltr'><strong>deﬁniri</strong></span> <span class='ocrx_word' id='word_1_625' title='bbox 3459 5295 3656 5352; x_wconf 90' lang='lat' dir='ltr'><strong>debet.</strong></span> 
     </span>
    </p>
   </div>
   <div class='ocr_carea' id='block_1_107' title="bbox 2159 5385 3369 5458">
    <p class='ocr_par' dir='ltr' id='par_1_107' title="bbox 2159 5385 3369 5458">
     <span class='ocr_line' id='line_1_107' title="bbox 2159 5385 3369 5458; baseline 0.002 -20"><span class='ocrx_word' id='word_1_626' title='bbox 2159 5385 2470 5440; x_wconf 84' lang='lat' dir='ltr'><strong>Subtantia</strong></span> <span class='ocrx_word' id='word_1_627' title='bbox 2501 5389 2698 5442; x_wconf 88' lang='lat' dir='ltr'><strong>autem</strong></span> <span class='ocrx_word' id='word_1_628' title='bbox 2730 5402 2852 5457; x_wconf 69' lang='lat' dir='ltr'><strong>quae</strong></span> <span class='ocrx_word' id='word_1_629' title='bbox 2886 5385 3121 5458; x_wconf 88' lang='lat' dir='ltr'><strong>proprie</strong></span> <span class='ocrx_word' id='word_1_630' title='bbox 3151 5385 3369 5442; x_wconf 87' lang='lat' dir='ltr'><strong>dicitur</strong></span> 
     </span>
    </p>
   </div>
   <div class='ocr_carea' id='block_1_108' title="bbox 2162 5473 3820 5550">
    <p class='ocr_par' dir='ltr' id='par_1_108' title="bbox 2162 5473 3820 5550">
     <span class='ocr_line' id='line_1_108' title="bbox 2162 5473 3820 5550; baseline 0.002 -21"><span class='ocrx_word' id='word_1_631' title='bbox 2162 5473 2262 5530; x_wconf 89' lang='lat' dir='ltr'><strong>Est</strong></span> <span class='ocrx_word' id='word_1_632' title='bbox 2319 5491 2412 5530; x_wconf 88' lang='lat' dir='ltr'><strong>res</strong></span> <span class='ocrx_word' id='word_1_633' title='bbox 2461 5492 2564 5547; x_wconf 87' lang='lat' dir='ltr'><strong>per</strong></span> <span class='ocrx_word' id='word_1_634' title='bbox 2620 5493 2682 5531; x_wconf 89' lang='lat' dir='ltr'><strong>se</strong></span> <span class='ocrx_word' id='word_1_635' title='bbox 2739 5475 3094 5546; x_wconf 87' lang='lat' dir='ltr'><strong>subsistens,</strong></span> <span class='ocrx_word' id='word_1_636' title='bbox 3143 5475 3232 5532; x_wconf 89' lang='lat' dir='ltr'><strong>vel</strong></span> <span class='ocrx_word' id='word_1_637' title='bbox 3265 5475 3463 5549; x_wconf 89' lang='lat' dir='ltr'><strong>potius</strong></span> <span class='ocrx_word' id='word_1_638' title='bbox 3521 5493 3640 5533; x_wconf 85' lang='lat' dir='ltr'><strong>una</strong></span> <span class='ocrx_word' id='word_1_639' title='bbox 3684 5493 3820 5550; x_wconf 90' lang='lat' dir='ltr'><strong>per-</strong></span> 
     </span>
    </p>
   </div>
   <div class='ocr_carea' id='block_1_109' title="bbox 3551 5565 3746 5640">
    <p class='ocr_par' dir='ltr' id='par_1_109' title="bbox 3551 5565 3746 5640">
     <span class='ocr_line' id='line_1_109' title="bbox 3551 5565 3746 5640; baseline 0.01 -19"><span class='ocrx_word' id='word_1_640' title='bbox 3551 5565 3746 5640; x_wconf 88' lang='lat' dir='ltr'><strong>[eona.</strong></span> 
     </span>
    </p>
   </div>
   <div class='ocr_carea' id='block_1_110' title="bbox 2159 5669 3673 5740">
    <p class='ocr_par' dir='ltr' id='par_1_110' title="bbox 2159 5669 3673 5740">
     <span class='ocr_line' id='line_1_110' title="bbox 2159 5669 3673 5740; baseline 0.002 -13"><span class='ocrx_word' id='word_1_641' title='bbox 2159 5671 2292 5727; x_wconf 84' lang='lat' dir='ltr'><strong>Jam</strong></span> <span class='ocrx_word' id='word_1_642' title='bbox 2323 5687 2454 5728; x_wconf 90' lang='lat' dir='ltr'><strong>vero</strong></span> <span class='ocrx_word' id='word_1_643' title='bbox 2487 5669 2878 5728; x_wconf 89' lang='lat' dir='ltr'><strong>substantiale</strong></span> <span class='ocrx_word' id='word_1_644' title='bbox 2908 5675 2998 5728; x_wconf 90' lang='lat' dir='ltr'><strong>est</strong></span> <span class='ocrx_word' id='word_1_645' title='bbox 3029 5687 3343 5728; x_wconf 88' lang='lat' dir='ltr'><strong>commune</strong></span> <span class='ocrx_word' id='word_1_646' title='bbox 3363 5673 3673 5740; x_wconf 65' lang='lat' dir='ltr'><strong>essentiae;</strong></span> 
     </span>
    </p>
   </div>
   <div class='ocr_carea' id='block_1_111' title="bbox 2161 5759 3814 5834">
    <p class='ocr_par' dir='ltr' id='par_1_111' title="bbox 2161 5759 3814 5834">
     <span class='ocr_line' id='line_1_111' title="bbox 2161 5759 3814 5834; baseline 0.001 -18"><span class='ocrx_word' id='word_1_647' title='bbox 2161 5760 2410 5817; x_wconf 88' lang='lat' dir='ltr'><strong>Habitus</strong></span> <span class='ocrx_word' id='word_1_648' title='bbox 2443 5763 2532 5816; x_wconf 87' lang='lat' dir='ltr'><strong>est</strong></span> <span class='ocrx_word' id='word_1_649' title='bbox 2564 5759 2821 5834; x_wconf 83' lang='lat' dir='ltr'><strong>qualitas</strong></span> <span class='ocrx_word' id='word_1_650' title='bbox 2853 5760 3186 5818; x_wconf 88' lang='lat' dir='ltr'><strong>immanens</strong></span> <span class='ocrx_word' id='word_1_651' title='bbox 3215 5765 3273 5817; x_wconf 89' lang='lat' dir='ltr'><strong>et</strong></span> <span class='ocrx_word' id='word_1_652' title='bbox 3315 5761 3412 5818; x_wconf 80' lang='lat' dir='ltr'><strong>vix</strong></span> <span class='ocrx_word' id='word_1_653' title='bbox 3440 5761 3814 5834; x_wconf 81' lang='lat' dir='ltr'><strong>separabilis,</strong></span> 
     </span>
    </p>
   </div>
   <div class='ocr_carea' id='block_1_112' title="bbox 2161 5849 3702 5922">
    <p class='ocr_par' dir='ltr' id='par_1_112' title="bbox 2161 5849 3702 5922">
     <span class='ocr_line' id='line_1_112' title="bbox 2161 5849 3702 5922; baseline -0.001 -17"><span class='ocrx_word' id='word_1_654' title='bbox 2161 5849 2346 5906; x_wconf 87' lang='lat' dir='ltr'><strong>Aliter</strong></span> <span class='ocrx_word' id='word_1_655' title='bbox 2375 5850 2613 5906; x_wconf 91' lang='lat' dir='ltr'><strong>habitus</strong></span> <span class='ocrx_word' id='word_1_656' title='bbox 2644 5853 2734 5906; x_wconf 89' lang='lat' dir='ltr'><strong>est</strong></span> <span class='ocrx_word' id='word_1_657' title='bbox 2765 5849 3024 5922; x_wconf 84' lang='lat' dir='ltr'><strong>cujusvis</strong></span> <span class='ocrx_word' id='word_1_658' title='bbox 3054 5851 3381 5906; x_wconf 84' lang='lat' dir='ltr'><strong>secundum</strong></span> <span class='ocrx_word' id='word_1_659' title='bbox 3405 5853 3702 5906; x_wconf 87' lang='lat' dir='ltr'><strong>naturam.</strong></span> 
     </span>
    </p>
   </div>
  </div>
