4100 6392
297 433 416 492 815

295 561 576 618 Universa
605 559 916 617 actualitas
938 560 997 615 in
1029 557 1231 615 anima
1259 562 1318 614 et
1346 574 1610 630 corpore,

291 655 377 708 Ita
409 657 471 707 ut
497 650 736 706 habitus
768 650 817 706 si
847 649 1160 705 actualitas
1189 647 1546 703 communis.

285 742 566 796 Praeterea
597 740 734 794 audi
766 759 782 794 :
814 739 1070 794 Verbum
1101 739 1476 793 incarnatum

282 831 581 897 Nostram,
609 846 743 884 cum
787 829 959 883 homo
994 828 1178 892 fieret,
1205 825 1500 898 accipiens
1533 843 1795 895 carnem,

280 921 520 975 Factum
543 924 633 973 est
655 918 1081 987 exsecratio,qu
1093 919 1232 970 antu
1245 915 1388 969 mvis
1413 921 1571 970 esset
1586 915 1939 982 benedictio,

280 1009 350 1063 Et
379 1012 682 1063 mortuum
734 1010 824 1062 est
865 1003 1126 1060 hominis
1185 1004 1400 1074 instar,
1435 1003 1572 1060 licet
1603 1003 1944 1059 immortale

1609 1093 1867 1164 [natura,

282 1189 519 1240 lncruce
550 1187 797 1240 mortem
830 1199 938 1239 sua
969 1185 1176 1253 sponte
1207 1180 1474 1237 subiens.

283 1274 622 1330 Resurrexit
650 1277 846 1328 autem
878 1271 1052 1327 tertia
1081 1270 1195 1337 die,
1223 1270 1417 1327 soluto
1442 1271 1693 1339 interno,

282 1365 354 1418 Et
383 1369 511 1419 tum
545 1365 603 1418 in
637 1361 814 1418 oculos
847 1358 1153 1418 evectusin
1177 1359 1385 1430 gloria,

281 1457 474 1524 Atque
506 1452 721 1508 iterum
751 1451 946 1507 veniet
976 1466 1110 1504 cum
1145 1448 1322 1504 Patre
1347 1456 1404 1505 et
1435 1450 1657 1523 Spiritu
1691 1457 1895 1507 sancto

274 1542 549 1596 Judicare
577 1547 818 1596 cunctos
844 1541 1078 1612 etjuste
1104 1545 1162 1598 et
1200 1539 1479 1596 humane.

274 1632 405 1685 Haec
432 1645 669 1685 summa
700 1645 902 1685 eorum
935 1647 1061 1701 qua:
1097 1631 1362 1700 theologi
1397 1630 1611 1684 docent

270 1721 340 1774 Et
360 1721 585 1786 dicunt,
617 1719 874 1789 domine,
903 1721 974 1776 de
1006 1722 1431 1777 incarnatione.

271 1811 467 1880 Longa
497 1809 738 1880 quidem
773 1826 846 1864 ac
877 1809 1118 1865 difﬁcils
1152 1811 1422 1866 doctrina
1452 1815 1542 1864 est
1571 1811 1940 1882 dogmatum,

273 1899 392 1970 Ego
424 1915 558 1954 vero
596 1898 860 1954 collectis
891 1898 951 1953 in
984 1907 1148 1954 tuam
1189 1900 1509 1955 utilitatem
1546 1897 1914 1969 planioribus

275 1987 344 2041 Et
376 1987 734 2058 plenissime
763 1992 818 2041 et
843 1988 1078 2044 concise
1109 1989 1214 2043 tibi
1246 1988 1509 2060 exposui.

278 2077 516 2147 Oportet
548 2076 705 2132 enim
740 2075 1155 2147 imperatorem
1189 2077 1306 2132 alia
1339 2077 1580 2149 quidem
1617 2092 1813 2146 nosse,

277 2169 426 2219 Ante
443 2165 644 2219 omnia
665 2169 860 2220 autem
882 2164 1184 2221 veritatem
1206 2166 1548 2238 dogmatum
1573 2171 1938 2232 nostrorum,

279 2254 343 2308 In
376 2253 598 2325 quibus
626 2253 964 2326 principum
1005 2271 1070 2310 ac
1101 2255 1555 2310 fundamentum
1581 2253 1816 2325 imperii
1847 2256 1938 2309 ui-

1674 2343 1863 2414 [titur.

273 2433 480 2502 Accipe
509 2433 690 2488 etiam
724 2449 1038 2488 numerum
1071 2438 1416 2488 sanctarum
1446 2434 1829 2506 synodorum.

271 2525 408 2586 Quae
437 2529 642 2578 contra
674 2521 892 2592 impios
921 2522 1175 2578 collectae
1207 2529 1369 2588 sunt,
1405 2540 1437 2576 ο
1468 2523 1728 2588 domine,

271 2611 622 2681 Septemque
653 2611 896 2666 omnino
929 2617 1339 2666 numerantur.
1374 2611 1579 2666 Nicaeae

268 2701 408 2753 Divo
431 2699 824 2755 Constantino
854 2705 1135 2770 regnante

273 2789 343 2841 Et
364 2787 789 2859 archiepiscopi
816 2789 1001 2844 fasces
1025 2793 1259 2845 tenente
1286 2788 1796 2861 Constantinopoli

274 2876 667 2948 Metrophane
699 2893 934 2932 summe
973 2879 1292 2934 reverendo
1315 2884 1370 2934 et
1391 2879 1660 2935 animaet
1675 2879 1941 2936 scientia.

276 2969 355 3020 Ea
384 2965 579 3020 insani
621 2966 904 3037 repressit
935 2965 1198 3037 linguam
1236 2967 1356 3022 Arii

283 3054 393 3118 Qui
426 3053 730 3109 Trinitatis
753 3055 1433 3112 consubstantialitatem
1468 3056 1840 3129 impugnavit

281 3142 350 3197 Et
382 3148 712 3198 creaturam
747 3143 1133 3216 Demiurgum
1162 3145 1340 3216 impie
1362 3162 1428 3200 ac
1462 3147 1673 3202 misere
1705 3146 1870 3214 dixit,

290 3231 563 3304 Patrique
615 3232 975 3303 inferiorem,
1030 3233 1166 3289 licet
1215 3239 1428 3291 natura
1467 3237 1673 3292 eodem
1725 3236 1943 3293 honore

1566 3325 1863 3397 [dignum,

278 3429 548 3483 Secunda
579 3431 774 3483 autem
812 3428 1010 3484 habita
1040 3433 1130 3484 est
1147 3435 1486 3485 sanctarum
1521 3432 1903 3502 synodorum,

296 3517 389 3571 Uti
417 3533 610 3572 omnes
640 3517 904 3584 tradunt,
940 3517 1445 3591 Constantinopoli

290 3605 395 3660 Cui
425 3604 668 3661 feliciter
688 3610 829 3661 tunc
853 3611 1100 3676 praerat
1126 3607 1490 3663 Theodosius
1522 3614 1768 3681 Magnus

287 3695 362 3749 Et
385 3695 694 3749 Nectarius
725 3695 1162 3765 patriarchatus
1194 3712 1436 3752 munere
1460 3699 1831 3770 fungebatur.

295 3785 422 3838 Haec
458 3783 862 3838 Macedonium
897 3784 1185 3839 radicitus
1216 3785 1434 3840 evulsit

293 3871 399 3937 Qui
431 3872 711 3943 Spiritum
747 3877 1016 3927 sanctum
1054 3873 1400 3944 sejungebat
1432 3875 1655 3931 frustra

296 3963 380 4016 Ab
412 3961 532 4016 alta
558 3961 872 4016 Divinitate
912 3970 968 4016 et
1022 3971 1349 4018 creaturam
1387 3964 1726 4036 blaspheme
1758 3969 1950 4023 nomi-

1683 4058 1878 4112 nabat

303 4139 439 4194 Jam
472 4155 602 4194 vero
635 4140 805 4194 tertia
836 4141 1096 4212 synodus
1127 4141 1339 4212 Ephesi
1373 4055 1673 4212 convenitE

306 4229 1050 4300 Cum'l‘hcodosiusjunior
1073 4233 1550 4302 beneimperium
1575 4236 1951 4309 gubernaret,

307 4316 522 4372 Contra
551 4318 917 4373 insensatnm
954 4336 1016 4374 ac
1052 4320 1338 4374 miserum
1373 4321 1700 4378 Nestorium

304 4407 410 4471 Qui
443 4407 543 4461 Dei
577 4408 1041 4464 incarnationem
1074 4425 1187 4464 non
1216 4410 1454 4465 omnino
1485 4414 1825 4485 accipiebat.

299 4495 409 4551 Sed
444 4513 658 4569 purum
684 4497 983 4552 hominem
1017 4499 1317 4554 Christum
1345 4499 1496 4556 male
1528 4501 1782 4573 dicebat,

293 4678 361 4731 Et
389 4675 603 4732 Christi
639 4681 898 4741 Matrem,
934 4693 1047 4732 non
1083 4675 1183 4731 Dei
1211 4677 1453 4734 Matrem
1489 4681 1822 4752 appellabat

286 4765 558 4837 Viginem
593 4767 853 4835 Mariam,
887 4783 1015 4838 ques
1047 4771 1134 4822 est
1160 4767 1403 4822 Domina
1435 4769 1700 4840 Deipara.

292 4855 511 4918 Quarta
549 4857 810 4929 synodus
837 4862 1033 4913 autem
1059 4856 1428 4912 Chalcedone
1460 4859 1702 4925 exstitit,

293 4943 587 5000 Marciano
619 4947 968 5016 imperatore
999 4952 1228 5014 sceptra
1260 4947 1452 5000 Romae
1482 4953 1733 5003 tenente.

289 5033 583 5090 Numerus
605 5041 944 5090 sanctorum
979 5035 1568 5108 venerandorumquc
1593 5037 1829 5093 Patrum

282 5120 546 5191 Triginta
581 5124 690 5178 fuit
713 5141 892 5195 super
915 5123 1212 5191 ducentis,

280 5208 574 5265 Adversus
599 5212 847 5282 impium
880 5213 1199 5285 Eutycbem
1232 5217 1287 5267 et
1323 5213 1687 5284 Dioscorum,

283 5296 389 5358 Qui
422 5298 601 5369 impie
633 5317 845 5373 corpus
906 5302 1133 5357 Domini
1191 5302 1429 5358 nonnisi
1464 5304 1720 5373 speciem
1757 5304 1937 5362 fuisse

1380 5392 1613 5465 [conten
1625 5394 1861 5450 debant.

281 5490 494 5558 Quinta
527 5498 721 5550 autem
753 5497 954 5554 habita
986 5501 1074 5553 est
1104 5499 1605 5569 Constantinopoli
1633 5518 1644 5554 :

283 5581 552 5650 Quinque
592 5599 766 5652 super
797 5588 1104 5658 sexaginta
1134 5591 1190 5640 et
1221 5591 1457 5641 centum
1486 5587 1686 5643 Patres

283 5672 343 5724 In
378 5685 446 5724 ea
478 5680 896 5742 convenerunt,
931 5681 990 5730 et
1021 5674 1558 5731 Cbalcedonensem

277 5758 576 5832 Synodum
610 5763 889 5834 tanquam
934 5763 1367 5835 pientissimam
1401 5774 1782 5838 agnoverunt.

1634 427 1873 488 MICHA
1889 426 2060 487 ELIS
2107 427 2377 489 PSELLI

1970 559 2025 625 Α
2052 554 2398 631 Ὁλόκληρος
2430 555 2668 629 ἐνεργεια
2697 553 2750 609 ἐν
2781 556 2935 629 ψυχῇ
2971 553 3184 627 σώματί
3217 575 3297 626 τε,

1921 1943 1936 1967 ’
1970 1946 2018 2010 B

3596 426 3717 486 816

2050 645 2198 714 Ἕξις
2231 642 2287 699 δὲ
2311 648 2346 714 ἡ
2379 645 2616 721 ἐνέργεια
2644 648 2740 698 τοῦ
2771 648 2960 698 κοινοῦ
2994 643 3198 721 πέφυκέ
3228 665 3370 707 πως.

2049 735 2193 808 Πρὸς
2216 736 2435 796 τούτοις
2469 741 2599 788 πᾶσι
2630 732 2864 808 γίνωσκε
2893 752 2906 765 ·
2937 734 2966 786 6
3018 733 3315 808 σαρκωθεὶς
3363 734 3469 809 γὰρ
3510 733 3714 809 Λόγος,

2050 823 2164 889 Τὴν
2199 823 2467 897 ἡμετέραν
2501 817 2831 897 προσλαϐὼν
2867 821 2917 875 ἐν
2946 825 3024 893 τῷ
3054 826 3381 895 σαρκοῦσθαι
3411 823 3605 900 σάρκα,

2051 913 2269 986 Κατάρα
2300 911 2660 988 ἐχρημάτισε,
2693 912 2982 986 τυγχάνων
3017 909 3261 987 εὐλογία,

2052 1001 2155 1057 Καὶ
2185 1001 2437 1072 τέθνηκεν
2473 1002 2545 1063 ὡς
2577 998 2882 1077 ἅνθρωπος,
2918 1001 3181 1063 ἀθάνατος
3213 998 3286 1055 ὣν
3321 999 3498 1077 φύσει,

2049 1181 2179 1237 Ἐπὶ
2212 1184 2446 1256 σταυροῦ
2467 1182 2566 1249 τήν
2600 1180 2860 1253 νέκρωσιν
2895 1179 3130 1241 ὑποστὰς
3164 1179 3447 1242 ἑκουσίως.

2054 1270 2275 1340 Ἀνέστη
2311 1267 2370 1324 δὲ
2399 1271 2702 1344 τριήμερος
2729 1272 2822 1323 τὸν
2856 1263 2991 1338 ᾅδην
3023 1265 3352 1337 καταλύσας,

2056 1360 2186 1413 Εἶτα
2215 1360 2304 1413 καὶ
2337 1357 2675 1429 ἀνελήλυθεν
2707 1357 2784 1419 εἷς
2820 1356 3085 1432 οὐρανοὺς
3116 1356 3167 1412 ἐν
3203 1355 3358 1431 δόξῃ,

2055 1448 2152 1502 Καὶ
2181 1447 2329 1509 αὖθις
2362 1447 2479 1518 ἥξει
2514 1447 2604 1501 σὺν
2637 1448 2807 1522 Πατρὶ
2840 1447 2929 1500 καὶ
2961 1448 3234 1519 Πνεύματι
3262 1446 3403 1521 ἁγίῳ

2058 1540 2245 1610 Κρῖναι
2279 1534 2504 1596 δικαίως
2537 1538 2775 1596 ἅπαντας
2809 1535 2948 1606 ὁμοῦ
2975 1535 3065 1589 καὶ
3107 1533 3536 1612 φιλανθρώπως.

2054 1629 2225 1680 Τοῦτο
2258 1621 2732 1700 συγκεφαλαίωσις
2759 1627 2866 1677 τῶν
2899 1621 3348 1698 θεολογουμένων

2057 1713 2155 1768 Καὶ
2189 1713 2523 1787 λεγομένων,
2555 1709 2814 1779 δέσποτα,
2847 1710 2925 1773 εἷς
2955 1712 3054 1780 τήν
3089 1711 3429 1784 οἰκονομίαν,

2058 1801 2239 1864 Πολὺς
2273 1803 2374 1876 γαρ
2407 1801 2496 1856 καὶ
2531 1798 2827 1871 δυσνόητος
2861 1801 2888 1854 ὁ
2923 1799 3090 1875 λόγος
3123 1805 3228 1855 τῶν
3263 1797 3580 1875 δογμάτων.

2057 1891 2218 1949 Ἀλλ’
2248 1891 2352 1967 ἐγὼ
2383 1891 2449 1946 τὰ
2473 1889 2770 1968 σαφέστερα
2802 1887 3062 1962 συλλέξας
3096 1911 3178 1944 σοι
3223 1889 3570 1968 προσφόρως,

2052 1984 2157 2038 Καὶ
2191 1979 2586 2058 πληρεστάτως
2615 1978 2812 2056 εἶ’ρηκα
2842 1983 2984 2054 ὁμοῦ
3015 2002 3073 2036 τε
3101 1980 3192 2036 καὶ
3225 1980 3533 2055 συντόμως.

2052 2077 2145 2126 Δεῖ
2172 2071 2272 2148 γὰρ
2306 2071 2397 2126 τὸν
2436 2069 2796 2146 βασιλεύοντα
2826 2071 2917 2124 καὶ
2948 2071 2993 2123 τ’
3029 2068 3173 2126 ἄλλα
3208 2071 3300 2143 μὶν
3334 2067 3555 2139 εἰδέναι,

2050 2161 2126 2217 Τὸ
2159 2159 2206 2215 δ’
2238 2160 2438 2230 ἀληθὲς
2469 2162 2543 2222 ὡς
2581 2159 2818 2232 μάλιστα
2845 2164 2954 2215 τῶν
2986 2161 3104 2224 καθ’
3135 2162 3282 2233 ἡμᾶς
3316 2157 3602 2236 δογμάτων
3630 2179 3645 2194 ⁵

2053 2251 2231 2326 Ἀρχὴ
2263 2251 2364 2326 γὰρ
2398 2247 2559 2304 τοῦτο
2590 2249 2678 2303 καὶ
2714 2249 2918 2324 κρηπὶς
2953 2249 3188 2324 ὑπάρχει
3237 2248 3536 2325 βασιλείας.

2127 2428 2361 2483 Γίνωσκε
2390 2428 2481 2483 καὶ
2505 2428 2598 2483 τὸν
2632 2428 2863 2503 ἀριθμὸν
2893 2432 3000 2482 τῶν
3043 2429 3203 2501 ἱερῶν
3239 2425 3502 2497 συνόδων,

2049 2518 2277 2575 Ὀπόσαι
2308 2519 2446 2571 κατά
2475 2512 2745 2571 δυσσεϐὢν
2781 2516 3180 2591 ἐκροτήθησαν,
3214 2515 3362 2590 ἄναξ,

2053 2607 2220 2662 Ἑπτά
2252 2611 2416 2660 πᾶσαι
2450 2607 2716 2682 πεφύκασι
2749 2624 2762 2637 ·
2796 2606 2990 2680 πρώτη
3026 2603 3072 2659 δ’
3105 2608 3139 2674 ἠ
3173 2604 3224 2659 ἐν
3268 2605 3467 2677 Νικαίᾳ

2054 2699 2167 2752 Τοῦ
2199 2694 2345 2750 θείου
2381 2694 2786 2770 βασιλεύοντος,
2819 2692 3074 2764 δέσποτα,
3109 2697 3543 2763 Κωνσταντίνου,

2055 2785 2152 2841 Καὶ
2188 2783 2674 2859 ἀρχιερατεύοντος
2706 2783 2756 2837 έν
2793 2780 3365 2840 Κωνσταντινουπόλει

2053 2878 2162 2928 Τοῦ
2193 2867 2563 2927 πανσεϐάστου
2593 2873 2682 2927 καὶ
2709 2876 2865 2947 ψυχῇ
2891 2873 2981 2927 καὶ
3011 2871 3162 2949 λόγῳ
3194 2873 3582 2950 Μητροφάνου.

2054 2963 2200 3033 Αὕτη
2228 2964 2326 3032 τὴν
2357 2962 2608 3037 γλῶτταν
2643 2959 2801 3035 ἔτεμε
2831 2966 2927 3016 τοῦ
2963 2963 3222 3035 μανέντος
3257 2964 3496 3038 Ἀρείου,

2051 3055 2158 3122 Τὴν
2188 3053 2596 3125 ὁμοουσιότητα
2623 3051 2916 3124 τέμνοντος
2945 3054 3046 3120 τῆς
3074 3049 3334 3127 Τριάδος,

2054 3141 2149 3196 Καί
2179 3140 2382 3214 κτίσμα
2409 3142 2502 3197 τὸν
2531 3142 2882 3216 Δημιουργὸν
2912 3137 3306 3204 δυσσεϐοῦντος
3338 3141 3567 3212 ἀθλίως,

2054 3229 2350 3286 Ἐλάττονά
2377 3253 2434 3286 τε
2462 3235 2558 3286 τοῦ
2589 3231 2825 3306 Πατρός,
2859 3232 2949 3285 τὸν
2986 3231 3234 3305 ἰσότιμον
3278 3232 3459 3310 φύσει.

2053 3430 2115 3483 Ἡ
2146 3425 2203 3482 δὲ
2231 3424 2449 3499 δευτέρα
2481 3427 2668 3502 γέγονε
2697 3432 2805 3481 τῶν
2847 3428 3008 3502 ἱερῶν
3034 3425 3295 3497 συνόδων,

2055 3519 2144 3580 Ὡς
2175 3518 2480 3591 ἱστοροῦσιν
2511 3517 2764 3583 ἅπαντες,
2793 3515 2844 3570 ἐν
2881 3516 3482 3589 Κωνσταντινουπόλει,

2055 3611 2158 3667 Ἠς
2192 3606 2219 3659 ὁ
2255 3605 2348 3677 μὶν
2377 3602 2663 3668 Θεοδόσιος
2690 3606 2834 3680 ἦρχε
2864 3603 3048 3668 καλῶς
3083 3607 3110 3660 6
3145 3605 3334 3680 μέγας,

2059 3693 2351 3770 Νεκτάριος
2384 3692 2430 3748 δ’
2462 3694 2749 3769 ἀρχιερεὺς
2780 3693 3041 3770 ἐτύγχανε
3068 3699 3148 3766 τῷ
3178 3695 3317 3752 τότε.

2061 3783 2208 3853 Αὕτη
2242 3784 2332 3838 τὸν
2368 3781 2695 3839 Μακεδόνιον
2729 3783 2996 3838 ἀνέσπασε
3028 3783 3262 3859 ῥιζόθεν,

2058 3863 2134 3929 Τὸ
2165 3875 2384 3945 Πνεῦμα
2413 3875 2474 3928 τὸ
2506 3873 2762 3947 πανάγιον
2796 3871 3196 3946 ἀλλοτριοῦντα
3232 3875 3406 3947 μάτην

2059 3968 2168 4032 Τῆς
2203 3961 2423 4036 ὑψηλῆς
2457 3963 2748 4033 Θεότητος,
2780 3963 2869 4016 καὶ
2902 3961 3100 4035 κτίσμα
3135 3961 3594 4042 βλασφημοῦντα.

2061 4143 2122 4197 Ἣ
2159 4138 2213 4195 δέ
2243 4162 2306 4215 γε
2335 4140 2490 4216 τρίτη
2526 4137 2751 4204 σύνοδος
2782 4140 3003 4216 γέγονεν
3038 4141 3089 4196 ἓν
3121 4142 3354 4217 Ἐφέσῳ,

2064 4229 2354 4286 Θεοδοσίου
2383 4234 2480 4284 τοῦ
2516 4235 2714 4303 μικροῦ
2748 4227 3105 4298 δεσπόζοντος
3134 4230 3318 4300 ἀξίως,

2064 4320 2208 4374 Κατά
2236 4325 2333 4374 τοῦ
2368 4319 2770 4397 ματαιόφρονος
2796 4319 2886 4374 καὶ
2920 4317 3098 4374 δεινοῦ
3131 4323 3451 4395 Νεστορίου,

2061 4411 2167 4478 Τὴν
2199 4413 2294 4464 τοῦ
2326 4414 2459 4464 Θεοῦ
2495 4411 2570 4482 μὴ
2602 4409 2868 4485 σάρκωσιν
2903 4408 3015 4464 οὐδ’
3047 4407 3193 4472 ὅλως
3227 4407 3552 4485 δεχομένου,

2062 4497 2236 4556 Ἀλλά
2283 4497 2446 4572 ¹ψιλὸν
2508 4499 2600 4572 μὶν
2664 4496 2946 4572 ἄνθρωπον
3001 4499 3092 4554 τὸν
3170 4499 3399 4574 Χριστὸν
3464 4498 3712 4576 βλασφη-

3363 4590 3640 4661 [μοῦντος,

1975 4683 2023 4748 1)
2062 4679 2158 4733 Καὶ
2193 4679 2559 4755 Χριστοτόκον
2589 4677 2867 4753 λέγοντος,
2893 4676 3022 4733 ἀλλ’
3052 4677 3182 4752 οὐχὶ
3213 4677 3499 4746 Θεοτόκον,

2054 4770 2166 4837 Τὴν
2202 4765 2463 4824 Θεοτόκον
2500 4769 2792 4822 Δέσποιναν
2824 4769 2915 4822 καὶ
2959 4766 3167 4842 Μαρίαν
3203 4768 3498 4844 Παρθένον.

2053 4860 2114 4911 ’Π
2150 4855 2206 4912 δέ
2234 4860 2464 4931 τετάρτη
2501 4854 2721 4918 σύνοδος
2751 4852 2877 4926 ἔστη
2914 4855 2965 4911 ἐν
2988 4854 3324 4927 Χαλκηδόνι,

2052 4947 2270 5018 Ῥώμης
2298 4947 2364 5000 τὰ
2397 4953 2645 5022 σκῆπτρα
2677 4945 2930 5024 φέροντος
2969 4947 3283 5019 Μαρκιάνου
3320 4944 3604 5005 δεσπότου.

2051 5036 2110 5089 Ὁ
2141 5033 2186 5088 δ’
2226 5035 2454 5108 ἀριθμὸς
2486 5040 2593 5088 τῶν
2625 5036 2788 5109 ἱερῶν
2819 5035 2907 5088 καὶ
2941 5029 3215 5088 σεϐαστῶν
3250 5033 3502 5112 Πατέρων

2049 5123 2350 5198 Τριάκοντα
2383 5125 2709 5193 συνέστησαν
2739 5124 2875 5197 πρὸς
2909 5128 3026 5185 τοῖς
3061 5121 3390 5195 διακοσίοις,

2049 5214 2182 5268 Κατ’
2216 5212 2494 5287 Εὐτυχοῦς
2523 5216 2622 5266 τοῦ
2656 5207 2966 5279 δυσσεϐοῦς,
3001 5213 3090 5266 καὶ
3139 5213 3275 5267 κατὰ
3307 5211 3605 5287 Διοσκόρου

2049 5302 2127 5358 Τὸ
2158 5307 2317 5374 σῶμα
2348 5301 2410 5356 τὸ
2441 5303 2765 5356 Δεσποτικὸν
2801 5296 3078 5363 δυσσεϐῶς
3111 5302 3511 5379 φαντασᾶντων.

2045 5500 2108 5555 ἹΙ
2144 5495 2260 5573 δέγε
2290 5499 2514 5572 πέμπτη
2551 5500 2772 5574 γέγονεν
2809 5497 2861 5553 έν
2908 5499 3483 5554 Κωνσταντινουπόλιι
3518 5517 3530 5530 ⁸

2046 5589 2209 5642 Πέντε
2243 5585 2299 5642 δὲ
2330 5589 2466 5662 πρὸς
2494 5589 2754 5658 ἑξήκοντα
2782 5589 2871 5642 καὶ
2907 5587 3095 5642 έκατὸν
3132 5587 3366 5664 Πατέρες

2044 5679 2056 5700 Ι
2248 5676 2260 5696 Ῑ
2956 5676 2970 5698 ἦ
3045 5678 3057 5694 \
3426 5675 3449 5694 κ
3470 5677 3480 5694 ν

2063 5679 2131 5733 Εν
2165 5698 2332 5751 ταυτῃ
2360 5678 2849 5754 συνηθροίσθησαν,
2882 5698 2973 5731 και
2998 5698 3099 5746 την
3134 5676 3186 5732 ἐν
3221 5676 3540 5749 Χαλκηδονι

2045 5765 2282 5822 Σύνοδον
2314 5765 2687 5843 ἐκρυτήθησαν
2720 5767 2794 5832 ὡς
2827 5761 3351 5838 πανευσεϐεστᾶτην.
