4100 6396
429 436 548 498 817

462 567 766 640 Απήλασάν
795 590 853 624 τε
880 564 1114 633 εὐσεϐῶς
1141 575 1249 626 τῶν
1282 569 1439 626 θείων
1472 566 1786 647 περιϐόλων

433 658 703 734 Εὖάγριον
734 659 824 714 καὶ
858 658 1095 734 Δίδυμον
1133 661 1267 734 μετὰ
1295 665 1390 716 τοῦ
1425 663 1756 738 ⁹Ωριγιὲνους,

433 745 666 823 Ἀνδρας
698 748 1256 824 προτελευτῆσαντας,
1290 749 1437 806 ἀλλὰ
1469 749 1950 826 συγγραψαμένους

435 838 581 893 Νόθα
611 839 702 893 καὶ
735 839 855 909 ξένα
886 836 1137 914 δόγματα
1175 843 1279 910 τῆς
1313 841 1457 904 θείας
1487 839 1839 911 ἘκκΛησίας.

437 924 721 1001 Σωμάτων
759 930 856 1002 μὲν
888 929 1174 984 ἀνάστασιν
1205 935 1297 986 νῦν
1335 930 1428 1003 μὲν
1461 929 1664 1001 ἀνῆλον
1697 930 1866 1000 ὅλως,

436 1111 542 1161 Νῦν
574 1105 632 1161 δὲ
661 1104 1132 1183 παρεδογμάτισαν
1166 1107 1370 1185 ἔγερσιν
1405 1107 1741 1184 ἀλλοτρίων,

435 1192 614 1268 Ἀδάμ.
641 1217 700 1251 τε
727 1195 818 1251 καὶ
850 1194 1175 1272 παράδεισον
1207 1196 1417 1268 ἐξεῖπον
1449 1198 1778 1269 ἀσωμάτως.

435 1284 537 1339 Καὶ
564 1283 727 1347 τέλος
759 1284 1119 1360 συνεπὲραναν
1148 1287 1249 1355 τὴν
1276 1285 1501 1342 κόλασιν
1535 1285 1588 1340 ἐν
1621 1286 1831 1361 χρόνῳ,

436 1374 539 1431 Καὶ
567 1378 674 1429 τῶν
710 1372 986 1448 δαιμόνων
1017 1373 1280 1451 ἔγραψαν,
1315 1381 1411 1454 φεῦ
1437 1377 1449 1432 l
1483 1373 1968 1437 ἀποκαταστάσεις.

436 1553 668 1624 Ἀνῆλον
699 1556 791 1610 τὸν
825 1553 1106 1630 Θεόδωρον
1137 1557 1230 1610 τὸν
1260 1562 1360 1624 τῆς
1390 1557 1783 1630 Μοψουεστίας,

437 1645 808 1720 Μυσταγωγὸν
841 1647 1179 1720 τυγχάνοντα
1205 1649 1303 1700 τοῦ
1332 1643 1506 1699 δεινοῦ
1539 1645 1865 1721 Νεστορίου,

437 1734 540 1789 Καὶ
562 1735 660 1802 τήν
692 1735 826 1810 πρὸς
859 1738 1031 1806 Μάριν
1064 1737 1329 1811 πρότεραν
1360 1733 1659 1804 ἐπιστολήν
1691 1738 1788 1788 τοῦ
1823 1727 1962 1805 Ἴδα,

435 1824 568 1877 Ὅσα
597 1843 656 1878 τε
685 1824 1053 1899 συνεγράψατο
1082 1825 1218 1879 κατὰ
1248 1823 1530 1900 Κυρίλλου
1552 1823 1723 1879 πάλαι

433 1917 488 1965 '0
520 1912 696 1987 Κόρου
727 1909 1080 1990 Θιοδώρητος
1111 1916 1227 1976 ἴσος
1259 1913 1311 1968 ἐν
1344 1912 1648 1988 ὑποκρίσει.

436 2001 450 2021 ‹
565 2002 576 2022 ν
609 1995 634 2018 ﬁ
825 2001 835 2020 ρ
1011 2003 1024 2023 ι
1225 2002 1239 2020 ν
1771 2003 1782 2022 ι

454 2002 500 2058 Η
532 1997 559 2054 δ
608 2022 735 2072 εκτη
767 2002 931 2057 παλιν
966 2000 1188 2066 συνοδος
1223 2021 1272 2057 εν
1303 2000 1875 2057 Κωνσταντινουπολει

440 2091 674 2162 Συνέστη
706 2090 796 2146 καὶ
829 2089 1078 2169 διέῤῥηξε
1109 2089 1352 2167 δόγματα
1376 2093 1698 2168 Θεομάχων,

435 2179 522 2233 Ὧν
557 2180 608 2234 ol
639 2179 937 2254 προστάται
969 2179 1151 2256 λόγιοι
1174 2182 1264 2236 καὶ
1286 2180 1492 2237 πολλοὶ
1518 2183 1606 2236 καὶ
1642 2179 1910 2253 ποικίλοι,

431 2271 492 2325 Ὀ
518 2275 618 2339 τῆς
654 2275 839 2344 Φαρᾶς
867 2268 1172 2343 Θεόδωρος,
1205 2268 1470 2344 Ὀνὼριος
1503 2271 1531 2325 ὁ
1560 2270 1803 2343 Ῥώμης,

436 2357 608 2432 Κύρος
640 2355 1047 2436 Ἀλεξανδρείας
1078 2380 1158 2432 τε,
1195 2359 1425 2436 Σέργιός
1455 2380 1512 2414 τε
1540 2359 1631 2414 καὶ
1665 2357 1899 2435 Πύρῥος.

437 2447 538 2503 Καὶ
588 2446 806 2512 Παῦλος
861 2449 888 2503 ὁ
945 2449 1335 2522 Σαμοσατεὺς,
1413 2449 1550 2523 πρὸς
1606 2446 1824 2509 τούτοις
1883 2443 1941 2501 δὲ
1999 2446 2090 2502 καὶ

1767 2535 2019 2612 [Πετρος,

435 2629 716 2704 Μακάριος
749 2627 778 2681 ὁ
809 2625 1000 2691 ἅθλιος
1027 2625 1118 2681 καὶ
1151 2627 1424 2704 Στέφανος
1456 2626 1591 2702 πρὸς
1619 2624 1822 2698 τούτῳ,

437 2717 514 2776 Οὐ
548 2715 644 2772 δύο
674 2716 858 2795 φύσεις
889 2715 1138 2791 λέγοντες
1169 2720 1265 2771 τοῦ
1289 2716 1658 2792 σαρκωθὲντος
1692 2710 1892 2791 Λόγου,

439 2807 584 2866 Μίαν
617 2803 676 2861 δέ
698 2827 820 2861 τινα
849 2805 1114 2876 σύνθεσιν,
1147 2803 1412 2880 ἐνέργειαν
1441 2802 1499 2860 δὲ
1532 2805 1680 2878 μίαν,

446 2983 552 3038 Σὺν
581 2984 795 3045 τούτοις
821 2981 1198 3059 Πολυχρόνιον
1231 2981 1542 3038 ἀπέκτειναν
1573 2981 1822 3054 τελείως,

453 3071 560 3128 Καὶ
588 3069 683 3125 δύο
714 3068 1062 3147 ἐδογμάτισαν
1093 3077 1190 3127 τοῦ
1224 3070 1595 3147 σαρκωθέντος
1629 3072 1806 3146 Λόγου

447 3162 553 3223 Τὰς
586 3160 771 3234 φύσεις
801 3161 872 3223 ὡς
905 3157 1270 3233 πανευσεϐεῖς,
1305 3163 1380 3223 ὡς
1413 3159 1470 3216 δὲ
1499 3161 1587 3216 καὶ
1618 3160 1712 3222 τὰς
1746 3157 2016 3230 θελήσεις.

444 3251 508 3307 ἹῙ
543 3247 600 3305 δὲ
631 3244 838 3324 ἑϐδόμη
871 3251 1089 3326 γέγονεν
1118 3250 1366 3327 ἐσχάτως
1397 3250 1447 3305 ἐν
1481 3249 1697 3321 Νικαίᾳ,

442 3341 786 3410 Πεντήκοντα
811 3339 1081 3409 συνῆλθον
1103 3340 1206 3416 γὰρ
1237 3341 1376 3416 πρὸς
1405 3345 1523 3402 τοῖς
1553 3339 1886 3414 τριακοσίοις
1918 3340 2016 3413 (1),

442 3429 619 3504 Λογᾶς
643 3427 696 3484 ἐν
723 3428 892 3504 ταύτῃ
925 3424 1156 3484 εὐσεϐῶν
1188 3430 1464 3507 θεοφόρων
1498 3428 1773 3502 ΙΙατὲρων,

443 3517 688 3594 Εἰρήνης
717 3525 817 3588 τῆς
847 3516 1166 3581 δεσπότιδος
1194 3519 1318 3574 τότε
1360 3517 1783 3595 βασιλευούσης,

447 3606 551 3662 Σὺν
584 3606 972 3680 Κωνσταντίνῳ
997 3606 1077 3681 τῷ
1116 3609 1220 3681 υἱῷ
1249 3609 1339 3663 καὶ
1367 3609 1474 3682 νὲῳ
1503 3608 1849 3686 στεφηφόρῳ.

443 3697 543 3752 Καὶ
573 3697 666 3759 τὰς
696 3695 908 3759 εἰκόνας
935 3696 1031 3759 τὰς
1062 3697 1257 3760 σιπτὰς
1283 3696 1563 3762 ἕθέσπισαν
1597 3703 1879 3770 τιμᾶσθαι,

437 3785 638 3849 Καλῶς
671 3783 718 3842 δ’
747 3785 1138 3860 ἀναθεμάτισαν
1169 3785 1298 3851 τοὺς
1329 3781 1719 3850 δυσσιὸοὖντας
1749 3781 1893 3841 τότε⁶

437 3963 721 4022 Βασίλειον
753 3964 1045 4022 ἐπίσκοπον
1075 3967 1166 4022 τὸν
1201 3962 1331 4022 ὄντα
1359 3963 1630 4035 Πισιδίας,

437 4055 666 4132 Ἐφέσου
696 4056 982 4112 Θεοδόσιον
1018 4056 1286 4112 Σισίννῖον
1327 4057 1420 4113 τὸν
1472 4056 1710 4133 Πέργης,
1824 4059 2088 4130 [μῶντας.

439 4142 674 4210 Ἀλλους
727 4166 786 4201 τε
855 4143 1148 4209 πλείστους
1205 4146 1301 4209 τὰς
1361 4147 1558 4209 σεπτὰς
1620 4144 1827 4208 εῗκόνας
1886 4147 1962 4219 μὴ
2015 4166 2094 4200 τι-

519 4326 594 4397 (Ι)
624 4324 984 4396 Ἐξακοσίοις.

1145 4609 2282 4764 MICHAELIS

1565 441 1669 502 DE
1711 438 2131 501 DEMONUM
2177 439 2709 502 OPERATIONE.

3734 441 3854 501 818

2112 575 2166 642 Α
2200 573 2548 644 Rejecerunt
2584 574 2676 645 pio
2709 574 2906 631 animo
2940 591 2972 630 a
3003 573 3217 630 divinis
3247 573 3556 630 liminibus

2202 663 2512 735 Evagrium
2543 673 2715 734 atque
2746 663 3063 735 Didymum
3091 680 3225 718 cum
3257 663 3503 736 Origene

2203 753 2332 821 Qui,
2370 753 2504 807 licet
2526 753 2651 823 jam
2683 754 2920 817 mortui,
2953 757 3154 807 tamen
3189 753 3664 826 conscripserant

2202 842 2414 912 Spuria
2444 846 2500 896 et
2531 859 2563 896 a
2592 842 2695 898 Dei
2731 841 2984 896 Ecclesia
3023 841 3212 898 aliena
3241 842 3536 913 dogmata.

2201 930 2369 986 Nunc
2417 931 2656 1002 quidem
2708 946 3024 1002 corporum
3073 931 3567 987 resurrectionem
3616 949 3862 1004 prorsus

3459 1018 3802 1093 [negabant,

2200 1108 2368 1164 Nunc
2397 1125 2530 1165 vero
2574 1109 3087 1166 resuscitationem
3129 1109 3380 1165 aliorum
3421 1109 3861 1166 fabulabantur.

2200 1199 2388 1254 Adain
2426 1217 2598 1270 porro
2630 1203 2687 1254 et
2726 1199 3067 1272 paradisum
3100 1200 3438 1270 incorporee
3471 1199 3859 1272 accipiebant,

2202 1289 2271 1343 Et
2301 1305 2502 1360 pcenas
2533 1288 2816 1362 temporis
2848 1289 3140 1345 limitibus
3170 1289 3552 1359 deﬁniebant,

2201 1383 2544 1434 Daemonum
2597 1395 2855 1450 quoque,
2903 1379 3058 1434 heu!
3114 1377 3545 1434 restitutionem
3595 1378 3655 1433 in
3704 1378 3860 1435 inte-

3307 1470 3516 1540 [grum
3547 1469 3856 1525 docebant.

2201 1558 2581 1614 Sustulerunt
2607 1558 2980 1614 Theodorum
3025 1558 3504 1629 Mopsuestenum

2203 1649 2312 1713 Qui
2350 1648 2548 1704 miseri
2581 1648 2834 1703 Nestorii
2869 1648 3059 1703 fuerat
3090 1650 3432 1719 praceptor,

2203 1738 2271 1792 Et
2301 1738 2553 1810 primam
2588 1738 2700 1793 Iba:
2733 1739 2805 1793 ad
2840 1736 3048 1792 Marim
3081 1734 3411 1807 epistolam,

2201 1828 2272 1881 Et
2299 1844 2665 1899 quascunque
2709 1832 2915 1882 contra
2945 1825 3226 1898 Cyrillum
3260 1823 3692 1896 conscripserat
3717 1825 3859 1882 olim

2203 1917 2332 1988 Cyri
2365 1917 2794 1984 Theodoretus,
2827 1915 3123 1988 hypocrisi
3157 1915 3314 1970 haud
3348 1913 3608 1971 inferior.

2202 2006 2372 2061 Sexta
2405 2007 2676 2078 Synodus
2709 2007 2922 2061 iterum
2955 2004 3468 2076 Constantinopoli

2201 2095 2482 2151 Convenit
2513 2099 2571 2150 et
2602 2096 2856 2151 abolevit
2894 2096 3176 2167 dogmata
3205 2093 3716 2150 Theomacborum

2201 2188 2457 2249 Quorum
2491 2186 2670 2240 duces
2704 2185 2861 2241 docti
2895 2189 2952 2241 et
2984 2184 3156 2238 multi
3187 2187 3244 2239 et
3269 2183 3440 2250 varii,

2203 2275 2401 2329 Pharae
2434 2275 2801 2340 Theodorus,
2835 2273 3125 2330 Honorius
3157 2273 3376 2340 Romae,

2202 2364 2382 2435 Cyrus
2412 2363 2792 2432 Alexandriae,
2825 2364 3064 2434 Sergius
3097 2366 3156 2419 et
3183 2361 3464 2435 Pyrrhus,

2198 2453 2433 2508 Necnon
2471 2452 2687 2508 Paulus
2719 2450 3173 2520 Samosatensis,
3207 2455 3485 2523 praeterea
3516 2450 3743 2516 Petrus,

2202 2631 2379 2687 Miser
2404 2631 2696 2687 Macarius
2725 2636 2901 2700 atque
2933 2633 3162 2696 Petrus,

2199 2720 2324 2775 Non
2359 2721 2507 2776 duas
2537 2721 2710 2776 Verbi
2739 2717 3026 2775 incarnati
3058 2723 3298 2774 naturas
3329 2719 3626 2782 dicebant,

2199 2810 2308 2866 Sed
2377 2827 2553 2866 unam
2621 2809 2941 2881 quamdam
3007 2807 3497 2880 compositionem
3555 2819 3854 2876 unamque

3447 2895 3784 2965 [actionem.

2201 2990 2345 3045 Cum
2378 2988 2472 3043 his
2505 2988 2746 3044 omnino
2777 2992 3182 3061 represserunt
3211 2985 3696 3059 Polychronium,

2203 3081 2390 3148 Atque
2420 3077 2566 3132 duas
2597 3083 2920 3133 sanxerunt
2949 3077 3243 3132 incarnati
3280 3075 3451 3131 Verbi

2202 3166 2477 3234 Naturae,
2513 3170 2714 3238 utpote
2746 3167 2849 3238 pii,
2880 3166 3036 3221 sicut
3065 3169 3122 3222 et
3152 3167 3300 3221 duas
3331 3163 3687 3220 voluntates.

2201 3255 2464 3326 Septima
2494 3254 2746 3326 denique
2776 3254 2979 3311 habita
3010 3260 3099 3310 est
3128 3255 3352 3309 Nicaea.

2202 3345 2640 3416 Quinquaginta
2671 3344 2752 3398 ibi
2787 3360 3107 3399 convenere
3139 3359 3318 3414 super
3346 3342 3645 3410 trecentis,

2208 3436 2412 3490 Manus
2442 3434 2625 3489 electa
2658 3435 2886 3505 piorum
2917 3450 2984 3490 ac
3016 3433 3428 3505 religiosorum
3461 3431 3723 3501 Patrum,

2203 3525 2328 3588 Quo
2358 3528 2619 3593 tempore
2650 3523 2813 3578 Irene
2845 3523 3190 3595 imperatrix
3219 3521 3588 3595 gubernabat

2205 3613 2348 3668 Cum
2381 3613 2764 3668 Constantino
2797 3611 2916 3668 ﬁlio
2949 3628 3151 3668 recens
3183 3615 3480 3667 coronato.

2204 3702 2274 3757 Et
2305 3701 2594 3772 imagines
2621 3717 2820 3757 sacras
2845 3701 3225 3756 honorandae
3257 3703 3600 3765 sanxerunt,

2201 3792 2451 3861 Riteque
2517 3790 2890 3846 anathemate
2971 3789 3349 3860 perculerunt
3419 3787 3639 3859 impios
3705 3786 3866 3842 illius

3546 3875 3793 3945 petatis,

2201 3967 2490 4025 Basiliam
2522 3969 2622 4040 qui
2661 3968 2886 4024 Pisidiae
2919 3966 3232 4038 episcopus
3264 3970 3406 4032 erat,

2200 4059 2602 4114 Theodosium
2635 4057 2868 4128 Ephesi,
2903 4057 3234 4112 Sisinnium
3268 4055 3482 4126 Pergae,

2199 4147 2478 4219 Aliosque
2526 4145 2852 4218 permultos
2902 4162 3100 4201 sacras
3161 4145 3448 4217 imagines
3507 4159 3625 4198 non
3674 4141 3864 4197 hono-

3543 4233 3791 4304 [rantes.

2458 4609 3181 4763 PSELLI

1959 4857 2088 4917 DIA
2100 4857 2354 4920 LOGUS

926 5027 1145 5151 DE
1254 5024 2344 5151 OPERATIONE
2455 5023 3364 5153 DEMQNUM

1507 5385 2083 5475 GAULMINI
2165 5385 2787 5473 PB/EFATIO.

504 5565 704 5622 Amice
751 5561 952 5628 lector,
987 5556 1244 5614 Psellum
1291 5552 1424 5630 Περὶ
1469 5552 1730 5628 ἆνεργείας
1779 5551 2054 5626 δαιμόνων

2200 5570 2325 5611 'aace
2373 5571 2679 5627 nunquam
2731 5559 2905 5611 antea
2955 5555 3206 5624 editum,
3249 5571 3404 5610 nunc
3454 5553 3710 5624 primum
3757 5550 3861 5606 tibi

433 5657 649 5713 damus
680 5651 787 5726 (a);
822 5652 993 5704 notas
1013 5653 1295 5721 praeterea
1323 5660 1471 5714 quas
1493 5644 1744 5714 singulis
1771 5644 1980 5700 diebus
2013 5661 2116 5716 pro
2138 5661 2321 5717 penso
2343 5661 2656 5716 operarum
2683 5643 3054 5716 scripsimus.
3083 5645 3142 5699 In
3174 5643 3292 5700 illis
3314 5643 3454 5714 quid
3487 5639 3860 5713 praestiterim

506 5784 582 5857 (α)
615 5777 874 5847 Parisiis,
907 5774 1065 5830 1615.
