4100 6400
282 361 423 463 819³
1620 407 2046 468 MICHAELIS
2094 407 2362 469 PSELLI
3583 397 3707 462 .820

283 537 346 587 tu
381 549 486 604 pro
517 534 770 591 candore
825 538 928 591 tuo
978 536 1298 608 judicabis,
1331 552 1437 610 ego
1487 554 1590 609 pro
1641 539 1932 596 modestia
1978 555 2110 595 mea
2158 538 2263 594 tibi
2313 536 2608 593 indicabo.
2645 535 2913 592 Auctoris
2962 534 3268 607 ipsissima
3315 532 3492 588 verba
3543 545 3715 604 quam

285 623 596 678 emendata
627 628 690 679 ut
719 624 965 681 haberes
996 628 1251 682 maxime
1282 626 1509 695 curavi;
1544 629 1644 684 sed
1695 645 1765 683 ne
1814 629 1924 684 hoc
1953 629 2189 700 quidem
2235 645 2334 698 per
2365 642 2674 700 operarum
2729 642 2880 692 quas
2931 641 3046 680 non
3098 622 3325 697 inspexi
3357 622 3712 678 celeritatem

283 712 472 768 licuit.
525 714 662 779 Quae
710 721 987 788 corrupta
1036 717 1094 771 in
1146 734 1306 772 man.
1339 723 1508 773 erant
1537 719 1869 786 emendavi;
1917 735 2044 790 quae
2100 717 2384 783 difﬁcilia,
2417 715 2696 789 explicui;
2751 731 2877 787 quae
2933 713 3304 786 interpolata,
3338 712 3569 768 restitui
3619 713 3717 768 sed

286 815 503 872 magna
535 800 617 855 tui
651 799 888 872 fiducia,
923 804 1036 858 mei
1073 803 1316 876 majore.

1309 913 1647 982 Religentem
1676 929 1791 969 esse
1815 916 2031 984 oportet
2061 913 2384 984 religiosum
2413 914 2570 983 nefas
2603 911 2700 982 (b).

357 1013 642 1086 Equidem
677 1015 773 1071 odi
803 1032 949 1072 cane
978 1017 1149 1089 pejus
1181 1021 1238 1074 et
1271 1035 1462 1090 angue
1493 1017 1627 1074 illos
1660 1017 1952 1089 homines,
1983 1018 2080 1089 qui
2121 1018 2426 1089 auspicato
2473 1016 2658 1072 libros
2707 1019 2960 1071 tractant
2998 1018 3055 1070 et
3085 1015 3157 1069 de
3188 1013 3401 1069 mendo
3431 1011 3490 1067 in
3523 1011 3722 1083 aliquo

285 1101 436 1160 libro
468 1107 752 1175 tanquam
787 1105 860 1161 de
891 1107 1146 1162 mustela
1173 1107 1233 1162 in
1264 1108 1357 1163 via
1393 1108 1666 1178 judicant
1698 1125 1712 1164 :
1745 1107 2108 1179 ignavissimi
2143 1105 2482 1162 mortalium
2515 1104 2615 1177 qui
2665 1103 2776 1160 hoc
2824 1102 3019 1158 adhuc
3060 1102 3350 1168 nesciunt,
3383 1100 3540 1174 quod
3573 1098 3721 1153 nihil

286 1191 504 1248 sciunt.

1281 1291 1405 1344 Non
1436 1287 1542 1342 tati
1569 1287 1790 1343 auxilio
1815 1303 1918 1344 nec
1943 1285 2324 1359 defensoribus
2354 1287 2473 1341 istis

1287 1361 1516 1431 Tempus
1547 1363 1690 1432 eget.

355 1461 417 1517 Si
449 1459 781 1535 interfecto,
813 1467 878 1520 ut
908 1470 1136 1537 vocant,
1169 1465 1295 1521 loco
1328 1467 1623 1522 medicina
1654 1466 1827 1534 facta,
1863 1467 1913 1523 si
1945 1467 2065 1523 leve
2097 1465 2236 1539 quid
2273 1465 2700 1536 interpugendo
2734 1467 3034 1534 sanatum,

1289 1568 1421 1628 Τόδ’
1451 1569 1563 1628 ἐστὶ
1594 1570 1796 1643 πολλῷ
1829 1577 2017 1646 μεῖζον
2047 1573 2083 1643 ἢ
2117 1571 2316 1647 Τροίαν
2350 1569 2492 1626 ἑλεῖν
2527 1572 2618 1643 (c).

286 1673 484 1746 Longe
515 1674 685 1731 aliter
713 1693 916 1734 omnes
946 1679 1206 1734 melioris
1247 1680 1464 1736 mentis
1517 1681 1796 1748 scribent,
1829 1684 1885 1735 et
1936 1697 2044 1736 nos
2093 1680 2285 1736 conati
2336 1697 2545 1736 sumus
2591 1677 2865 1736 scribere.
2902 1677 3011 1733 Sed
3050 1675 3365 1732 omiseram
3419 1689 3564 1746 pene
3597 1689 3728 1745 qua:

284 1759 402 1816 duo
435 1763 692 1821 maxima
740 1767 799 1822 in
852 1766 962 1823 hoc
1010 1768 1294 1840 opusculo
1345 1770 1608 1842 praestiti,
1645 1769 1988 1826 brevitatem
2022 1776 2079 1825 et
2110 1769 2483 1825 modestiam.
2519 1768 2844 1840 Utramque
2892 1767 3184 1834 invenies,
3217 1765 3316 1836 qui
3368 1764 3617 1820 candide
3657 1762 3729 1817 de

284 1853 535 1922 utraque
567 1853 807 1910 senties.
841 1855 1128 1913 Caeterum
1160 1857 1491 1931 theologica
1517 1864 1574 1914 et
1603 1859 2033 1932 philosophica,
2066 1875 2194 1930 quae
2225 1876 2398 1929 quam
2430 1857 2687 1930 plurima
2717 1862 2876 1924 sunt,
2911 1857 3041 1912 ideo
3074 1872 3190 1910 non
3225 1853 3421 1926 attigi,
3453 1851 3591 1924 quia
3617 1851 3728 1906 hoc

283 1938 494 1997 fuisset
527 1940 697 2013 μάζαν
749 1942 836 2017 ὑφ’
867 1943 1052 2021 ὲτέροο
1107 1947 1457 2021 μεμαγμένην
1506 1948 1762 2020 ἁρπάζειν
1797 1949 1895 2020 (d).

2143 1948 2393 2003 candide
2425 1947 2623 2002 lector.
2673 1948 2782 2001 Sed
2836 1946 2945 2001 hoc
2995 1951 3275 2018 praeterea
3325 1948 3377 1998 te
3431 1941 3723 1998 monitum

282 2027 434 2092 volo;
469 2047 644 2086 usum
679 2049 773 2088 me
799 2034 1031 2091 duobus
1081 2053 1239 2092 man.
1275 2037 1600 2106 codicibus,
1637 2039 1822 2093 altero
1853 2054 1979 2093 meo
2031 2043 2086 2092 et
2133 2037 2314 2092 altero
2349 2037 2742 2092 eruditissimi
2777 2034 3037 2092 Federici
3089 2032 3338 2101 Morelli,
3371 2033 3464 2088 cui
3517 2030 3727 2087 multis

284 2117 628 2175 nominibus
660 2121 916 2178 multum
952 2140 1044 2179 me
1076 2125 1284 2182 debere
1319 2127 1612 2197 proﬁteor.
1637 2129 1744 2182 Sed
1778 2131 1833 2181 et
1864 2125 2191 2199 symbolam
2223 2126 2490 2196 contulit,
2514 2127 2882 2181 characteres
2907 2123 3184 2179 Arabicos
3217 2138 3378 2192 suos,
3401 2121 3533 2177 Gul.
3567 2119 3719 2177 Lebé

280 2209 708 2281 typographus,
733 2211 821 2266 vir
849 2212 1187 2286 linguarum
1221 2215 1598 2272 orientalium
1632 2216 2128 2284 studiosissimus,
2154 2220 2232 2284 et,
2261 2216 2308 2271 si
2344 2215 2462 2271 haec
2495 2215 2710 2272 saecula
2740 2215 3169 2288 permitterent,
3194 2211 3446 2268 eximius
3478 2209 3713 2267 illarum

280 2302 638 2370 propagator
666 2300 924 2357 futurus.

351 2441 434 2513 (ὁ)
463 2443 680 2519 Versus
705 2462 783 2519 exi
802 2445 1047 2519 antiquo
1104 2449 1365 2506 carmine
1415 2451 1704 2506 memoria
1751 2451 1945 2507 hercle

2105 2450 2228 2505 ndr.
2262 2451 2368 2506 368
2401 2467 2414 2506 :
2446 2448 2602 2503 Τοῦτ’
2633 2443 2743 2511 ἔσθ’
2773 2447 2984 2518 ἑκάστῳ
3019 2451 3203 2519 μεῖζον
3315 2444 3517 2519 Τροίαν
3551 2443 3715 2519 ξᾼεῖν.

281 2512 620 2592 dignu_S__ap.
656 2518 723 2571 A.
756 2518 902 2573 Gell.
1035 2522 1146 2576 Att.
1180 2521 1304 2575 419.

2133 2523 2205 2592 (d)
2235 2527 2342 2578 Est
2369 2522 2522 2592 inter
2553 2521 2747 2577 Suidae
2775 2512 2998 2592 Adagi'a
3019 2512 3104 2589 ix,
3129 2512 3228 2588 V66,
3261 2512 3489 2572 ἓπὶ’τῶν
3550 2513 3717 2570 ἀλλο-

356 2583 426 2657 (c)
459 2583 810 2672 [iic'versus'
835 2595 925 2672 est
953 2590 1448 2672 inter_Pr.ove_rbi_a
1483 2593 1727 2672 metrica
1756 2611 1787 2672 v
1818 2595 1946 2672 822,

1324 2592 1448 2672 rbia
1483 2593 1727 2672 metrica
1756 2611 1787 2672 γ
1818 2595 1946 2672 8_7_2,
2058 2583 2234 2664 τρίοὶς
2262 2593 2450 2656 πόνοις
2484 2583 2943 2667 ἰγκαυχωμὲνωῖ.

283 2653 594 2729 formatus,
649 2664 714 2714 ut
761 2659 1012 2730 videtur,
1067 2665 1138 2718 ad
1199 2663 1590 2722 imitationem
1654 2653 1950 2736 Euripidei

788 2951 1636 3082 ΜΙΧΑΗΛ
1793 2955 2199 3086 ΤΟΥ
2345 2953 3205 3085 ΨΕΛΛΟΥ

1910 3185 2068 3237 ΠΕΡΙ

1197 3326 2015 3444 ΕΝΕΡΓΕΙΑΣ(¹)
2124 3349 2802 3448 ΔΑΙΜΟΝΩΝ

1661 3547 2318 3646 ΔΙΑΛΟΓΟΣ.

1001 3753 2135 4022 MIGHAELI—S
2243 3869 2967 4025 PSELLI

1790 4119 2184 4184 DIALOGUS

577 4269 743 4364 DE
836 4270 1502 4369 DEMONUM
1601 4273 2158 4368 ENERGIA
2258 4275 2494 4370 SEU
2596 4274 3386 4374 OPERATIONE

1204 4461 1427 4524 Contra
1461 4461 1754 4524 Monetam
1785 4472 1839 4523 et
1864 4463 1929 4524 Ε
1931 4461 2160 4527 uchz’tas
2193 4483 2293 4525 seu
2323 4463 2772 4529 Enlhusiastas.

1554 4781 1556 4784 ,
1663 4730 1905 4778 υιΑιοθι
1949 4733 2236 4780 PERSONE
2283 4735 2298 4778 ε

1102 4847 1536 4905 ΤΙΜΟΘΕΟΣ.
1596 4851 1830 4921 ΘΡᾼΞ.
1873 4880 1940 4892 -
1977 4850 2488 4909 TIMOTHEUS.
2550 4853 2856 4910 THRAX.

1688 5099 1920 5156 CAPUT
1956 5099 2271 5158 PRIMUM.

450 5185 524 5241 De
552 5185 799 5242 Euchitis
826 5192 878 5243 et
910 5186 1302 5244 Enthusz'astis.
1341 5189 1746 5268 Ilwreticorum
1777 5190 2494 5268 dogmotymncognitionem
2532 5194 2648 5264 piis
2678 5209 2784 5249 non
2825 5197 3016 5252 minus
3041 5196 3320 5267 prodesse,
3348 5212 3517 5268 quam

1465 5261 1890 5331 pharmacorum
1923 5261 2217 5318 lethalium
2246 5264 2490 5320 medicis.

347 5369 786 5442 TIMOTHEUS.
843 5375 1103 5446 Longum
1152 5375 1299 5445 jam,
1340 5393 1372 5431 ο
1421 5376 1635 5445 Thrax,
1691 5381 1928 5450 tempus

2108 5383 2468 5436 ΤΙΜΟΘΕΟΣ.
2526 5379 2776 5456 Κρόνιος,
2829 5383 2873 5436 ὦ
2931 5386 3089 5459 Θρᾷξ,
3140 5381 3227 5438 ἐπὶ
3279 5384 3340 5438 τὸ
3393 5385 3688 5454 Βυζάντιον

275 5457 622 5533 interﬂuxit,
655 5479 724 5519 ex
753 5479 870 5535 quo
903 5464 1244 5536 Byzantium
1278 5482 1394 5521 non
1428 5465 1658 5522 venisti.
2038 5467 2297 5540 ἀπαντᾷς.

1667 5583 2023 5641 GAULMINI
2063 5585 2296 5645 NOT/E.

293 5743 306 5758 ῃ
336 5674 738 5766 Δ(1);Ενὲξί-(ειαι
790 5695 927 5734 vera
985 5696 1111 5766 vo‘x.
1170 5681 1397 5766 Qhryst.
1445 5680 1758 5766 homil.&4,
1809 5687 1912 5766 ῌερ

2081 5685 2192 5739 στὶν
2225 5687 2259 5754 ἡ
2293 5683 2553 5760 ἐνέργεια.
2593 5687 2667 5766 To
2698 5685 3064 5766 _évep-{eio()at,
3098 5689 3213 5745 ἀντὶ
3260 5695 3357 5745 τοῦ
3415 5688 3700 5766 δαιμονᾶν,

280 5747 515 5806 ἁκαταλ.
553 5747 836 5811 ε”Ἂλυσις
868 5749 1081 5822 πονηρὰ
1121 5751 1210 5804 καὶ
1242 5747 1466 5826 χοιλεπή
1513 5756 1621 5806 τῶν
1673 5747 1899 5826 δαιμὸνὸ

1713 5747 1948 5826 κιμὸνὼν
2062 5747 2288 5830 pridem
2320 5747 2572 5817 es't'cum
2604 5761 2710 5817 viri
2741 5747 2895 5818 doc'ti
2923 5747 3332 5821 observarunt.
