4100 6390
379 413 500 481 821

1529 424 1632 484 DE
1676 422 2102 488 DIEMONUM
2146 425 2672 489 OPERATIONE.

3688 431 3808 493 822

456 555 661 624 ΘΡᾼΞ.
697 552 948 626 Χρόνιος,
980 549 1026 606 ὦ
1055 551 1305 625 Τιμόθεε,
1343 550 1439 607 δύο
1464 573 1568 608 πον
1607 549 1724 626 ἔτη,
1757 554 1848 610 καὶ
1878 555 2010 632 πρὸς

2223 559 2485 616 THRAX.
2523 560 2804 632 Longum,
2837 577 2869 615 ο
2901 560 3232 632 Timotheo;
3274 562 3578 620 biennium
3623 565 3804 636 enim,

385 643 624 706 ἐντεῦθεν
659 635 902 714 ἔκδημος
934 637 1030 698 ὣν.

451 733 692 790 ΤΙΜΟΒ.
728 735 832 786 Ποῖ
861 728 919 786 δὲ
949 729 1040 800 δὴ,
1072 729 1126 786 τί
1155 731 1245 786 καὶ
1275 733 1397 788 τίνα
1426 731 1719 811 πράγματα
1748 729 1895 811 ἔχων
1948 733 2035 790 ἐπὶ

375 826 638 879 τοσοῦτον
662 819 1066 899 ἐνδιατὲτριφας
1089 841 1102 891 ;

448 915 650 968 ΘΡΑΞ.
681 912 1033 986 Μακροτέρας
1067 909 1102 980 ἢ
1154 911 1291 966 κατὰ
1337 913 1435 981 τήν
1488 917 1762 988 παροῦσαν
1817 911 2031 989 σχολὴν

374 1004 623 1066 ἀπαιτεῖς
685 1001 964 1064 ὑποθέσεις
1024 1001 1229 1079 λόγων.
1287 1003 1528 1079 Ἀνάγκη
1585 1001 1684 1080 γάρ
1742 1024 1808 1076 με
1859 1001 2030 1057 συνεί-

371 1114 482 1169 ρειν
509 1091 603 1148 τὸν
653 1090 909 1149 Ἀλκίνου
955 1090 1230 1168 ἀπόλογον
1263 1094 1394 1165 (1⁸⁸),
1427 1092 1473 1147 εἰ
1526 1089 1638 1147 δέοι
1698 1090 1874 1168 λέγειν
1935 1090 2033 1146 ὅσα

372 1181 580 1256 ἐπῄειν,
627 1179 726 1236 ὅσα
753 1201 812 1236 τε
860 1175 1026 1251 ἔτλην
1085 1175 1299 1235 ἀσεϐέσι
1350 1179 1693 1254 συμπλακεὶς
1751 1178 2028 1256 ἀνδράσιν.

369 1269 612 1347 Εὗχίτας
641 1273 714 1345 (2)
749 1269 946 1333 αὐτοὺς
976 1269 1067 1325 καὶ
1114 1270 1528 1333 Ἐνθουσιαστὰς
1575 1273 1653 1344 (3)
1715 1271 1766 1326 οἱ
1823 1267 2028 1325 πολλοὶ

371 1360 657 1416 καλοῦσιν.
698 1361 770 1415 Ἦ
819 1361 918 1414 οὐκ
965 1359 1134 1431 ἀκοήν
1178 1381 1301 1414 τινα
1343 1358 1487 1436 ἔχων
1521 1358 1646 1436 περὶ
1677 1358 1884 1414 τούτων
1937 1358 2026 1414 καὶ

375 1450 539 1511 αὐτὸς
568 1447 861 1524 τυγχάνεις
891 1467 905 1518 ;

443 1540 677 1596 ΤΙΜΟΘ.
713 1538 982 1602 Μανθάνω
1019 1538 1114 1611 μὲν
1147 1540 1222 1612 (4)
1273 1559 1424 1600 τινας
1476 1537 1787 1614 θεομάχους
1828 1535 2026 1612 ἄνδρας

371 1628 462 1683 καὶ
514 1626 754 1690 ἀτόπους
805 1626 1059 1690 ἐπιεικῶς
1106 1627 1158 1682 ἐν
1208 1625 1357 1701 μέσῳ
1403 1629 1722 1703 στρέφεσθαι
1769 1631 1868 1682 τοῦ
1908 1628 2024 1681 καθ’

368 1720 517 1791 ἡμᾶς
577 1718 726 1794 ἱεροῦ
777 1717 1087 1792 κόμματος,
1141 1719 1278 1773 κατᾶ
1327 1720 1426 1789 τήν
1474 1715 1770 1791 κωμῳδίαν
1829 1716 2019 1772 εἰπεῖν’

369 1804 619 1882 δόγματα
656 1804 714 1862 δε
767 1807 969 1876 αὐτῶν,
1018 1806 1107 1862 καὶ
1149 1805 1268 1878 ἔθη,
1308 1807 1398 1863 καὶ
1447 1807 1676 1881 νόμους,
1727 1807 1818 1862 καὶ
1865 1803 2018 1883 ἔργα,

364 1896 454 1952 καὶ
487 1896 685 1974 λόγους
714 1898 842 1974 παρ’
875 1894 1094 1958 οὐδενὸς
1127 1894 1347 1952 οὖδεπω
1382 1918 1476 1970 μοι
1513 1899 1702 1970 μαθεῖν
1736 1896 2016 1972 ἐξεγένετο.
2049 1934 2096 1998 Β

364 1987 469 1998 __.
635 1983 680 1998 κ.
862 1984 888 1998 ,ι
1014 1985 1038 1998 ..
1131 1983 1233 1998 ψ.
1452 1987 1461 1998 .
1670 1983 1685 1998 .
1765 1983 1887 1998 ‘,_
2001 1981 2025 1998 υ

362 1987 470 2042 Καί
502 2007 598 2041 σου
631 1983 822 2060 δέομαι
852 1984 983 2041 ἅττα
1012 1985 1073 2040 ἂν
1103 1983 1305 2056 εἰδείης
1337 1987 1637 2064 σαφέστατα
1666 1983 1938 2053 ἐπελθεῖν,
1971 1981 2025 2040 εἷ’

358 2097 412 2130 τι
450 2074 638 2151 βούλει
669 2072 825 2152 ἀνδρὶ
858 2076 1098 2146 συνήθει,
1129 2076 1420 2148 πρεσθήσω
1453 2072 1510 2130 δὲ
1554 2074 1644 2129 καὶ
1695 2076 1867 2150 φίλῳ,
1919 2094 2019 2150 χα-

361 2165 626 2241 ρίζεσθαι.

423 2346 627 2416 ΘΡᾼΞ.
679 2344 801 2414 Ἔα,
853 2341 981 2417 φίλε
1037 2338 1297 2418 Τιμόθεε.
1359 2343 1598 2420 ’Λνάγκη
1645 2341 1748 2418 γὰρ
1805 2342 1903 2417 ἐμὲ
1957 2365 2016 2399 τε

352 2439 721 2508 περιωσθῆναι
770 2432 910 2503 πρὸς
959 2429 1194 2509 ἴλιγγον,
1244 2431 1468 2488 ἐπιόντα
1516 2429 1760 2506 δόγματά
1814 2453 1873 2488 τε
1921 2431 2015 2489 ἀλ-

355 2519 560 2578 λόκοτα
607 2522 700 2577 καὶ
758 2516 891 2596 ἔργα
951 2517 1235 2594 δαιμόνια,
1297 2529 1387 2577 καί
1443 2520 1502 2576 at
1557 2543 1616 2596 γε
1678 2519 1846 2595 μηδὶν
1886 2522 2012 2597 περὶ

355 2611 562 2666 τούτων
594 2609 888 2686 ἐσχηκέναι
935 2607 1154 2685 κέρδος.
1182 2610 1248 2667 Ei
1276 2611 1402 2686 γὰρ,
1434 2610 1574 2666 κατά
1616 2611 1712 2666 τὸν
1765 2610 2009 2684 Σιμωνί-

357 2697 456 2770 δην
490 2703 588 2775 (5),
623 2701 650 2756 ὁ
683 2699 856 2776 λόγος
882 2703 990 2756 τῶν
1023 2698 1361 2776 πραγμάτων
1392 2699 1553 2755 εῗκών
1588 2699 1750 2773 ἐστιν,
1775 2701 1848 2763 ὡς
1873 2704 2010 2755 εἶναι

354 2789 444 2844 τὸν
487 2791 580 2862 μὶν
608 2792 715 2844 τῶν
745 2787 1044 2868 ὠφελίμων
1075 2787 1382 2862 ὠφέλιμον,
1423 2788 1514 2844 τὸν
1552 2787 1608 2845 δὶ
1639 2791 1714 2862 μὴ
1745 2789 2012 2845 τοιούτων

357 2878 456 2934 οὐκ
483 2877 704 2954 ἀγαθὸν,
734 2877 786 2933 τί
809 2877 868 2935 ἃν
898 2873 1042 2934 οἷίσυι
1075 2878 1340 2954 χρηστὸν,
1375 2879 1403 2934 ὁ
1438 2877 1566 2942 τοὺς
1613 2877 1820 2956 ἐναγεῖς
1872 2879 2013 2935 εἰκο-

361 2965 524 3036 νίζων
556 2963 758 3040 λόγους
785 2993 801 3037 -,

435 3146 669 3214 ΤΙΜΟΘ.
722 3146 826 3202 Καὶ
880 3148 1019 3203 πάνυ
1089 3167 1173 3222 γε,
1235 3148 1280 3202 ὧ
1337 3149 1509 3224 Θρᾷξ·
1551 3145 1721 3222 εἷ’περ
1778 3149 1868 3202 καὶ
1929 3147 2010 3202 ἰα-

356 3239 510 3310 τροῖς
535 3231 725 3290 εἰδέναι
779 3236 844 3293 τὰ
876 3235 1160 3308 θανατώδη
1191 3241 1298 3291 τῶν
1333 3233 1634 3314 φαρμάκων
1669 3236 1767 3292 οὐκ
1793 3239 2008 3312 ἄχρησ-

357 3345 474 3395 τον,
528 3324 602 3388 ὡς
650 3327 725 3399 μή
756 3329 838 3398 τῷ
883 3326 1092 3382 τούτων
1134 3332 1445 3402 περιπεσεῖν
1496 3348 1617 3382 τινα
1647 3324 2006 3382 κινδυνεῦσαν
2039 3299 2082 3368 C

350 3413 424 3468 ἐῶ
479 3414 581 3488 γὰρ
632 3413 830 3491 λέγειν,
880 3413 964 3470 ὅτι
1011 3416 1103 3471 καὶ
1145 3413 1263 3471 ἔνια
1305 3415 1512 3472 τούτων
1557 3415 1632 3479 εἷς
1679 3417 1855 3492 ὑγείαν
1911 3416 2013 3472 οὐκ

349 3501 728 3561 ἀσυντέλεστα.
759 3505 912 3560 Ὥστ¹
940 3503 1087 3561 ἔσται
1117 3505 1206 3560 καὶ
1233 3507 1370 3577 ἡμῖν
1403 3502 1551 3560 δυοῖν
1581 3504 1823 3583 θάτερον·
1852 3505 1891 3576 ἢ
1909 3506 2009 3583 γὰρ

347 3590 691 3666 ἀποισόμεθά
718 3613 770 3647 τι
801 3592 1171 3670 χρηστότερον
1204 3593 1263 3649 ἐκ
1291 3597 1388 3650 τοῦ
1428 3597 1768 3670 σκέμματος,
1817 3593 1854 3665 ἢ
1903 3616 2008 3674 φυ-

347 3677 628 3756 λαξόμεθα
658 3681 712 3739 εἷ’
735 3703 786 3739 τι
819 3681 1074 3760 πρόσεστι
1120 3679 1411 3762 βλαϐερόν.

420 3954 626 4024 ΘΡᾼΞ.
659 3950 807 4009 Εἶεν·
841 3951 1110 4027 Ἀκούσῃ,
1138 3950 1276 4006 κατᾶ
1320 3952 1422 4021 τὴν
1472 3951 1718 4023 ποίησιν,
1762 3951 2005 4025 ἐτήτυμα

352 4039 472 4111 μὲν,
506 4039 615 4114 οὐχ
645 4040 720 4104 ὡς
749 4037 946 4110 ἥδιστα
977 4037 1034 4096 δέ
1197 4039 1262 4096 El
1295 4037 1352 4096 δέ
1379 4049 1542 4096 τινων
1590 4040 1926 4117 ἀσχημόνων
1975 4041 2003 4096 ὁ

345 4124 514 4203 λόγος
544 4129 878 4204 ἐπιμνησθῇ,
906 4131 984 4204 μὴ
1018 4128 1339 4206 χαλέπαινε·
1377 4129 1509 4204 μηδ’
1541 4130 1640 4205 ἐμὲ
1688 4130 1780 4187 τὸν
1833 4130 2022 4206 παρε-’

343 4217 617 4292 νείροντα,
643 4218 772 4284 τοὺς
801 4215 860 4274 δὲ
888 4215 1130 4294 δρῶντας
1158 4219 1319 4275 αἰτιῶ
1349 4217 1598 4286 δικαίως.

2149 653 2206 706 et
2233 648 2410 716 ultra,
2446 649 2583 705 hinc
2616 665 2853 722 peregre
2884 651 3070 708 abfui.

2219 738 2517 794 TIMOTH.
2571 739 2818 795 Ubinam
2879 757 3033 810 vero,
3085 741 3421 814 quibusque
3466 743 3538 799 de
3585 744 3805 816 causis,

2146 829 2353 884 tandiu
2387 829 2629 884 abfuisti
2652 829 2680 885 ?

2215 918 2488 974 THRAX.
2547 917 2891 986 Prolixiora,
2945 936 3123 992 quam
3175 937 3303 993 quae
3361 920 3500 977 huic
3556 925 3807 996 tempori

2143 1008 2516 1074 conveniant,
2549 1009 2778 1064 dicendi
2831 1015 3181 1080 argumenta
3225 1011 3514 1082 postulas.
3557 1011 3808 1068 Necesse

2141 1096 2298 1151 enim
2332 1102 2440 1165 est,
2477 1102 2543 1153 ut
2573 1097 2764 1153 Alcini
2817 1098 3066 1170 apologo
3117 1103 3270 1167 utar,
3304 1098 3353 1155 si
3384 1099 3632 1155 dicenda
3662 1101 3803 1170 sint,

2140 1203 2504 1259 quaecunque
2545 1187 2722 1252 subii,
2756 1205 3122 1259 quaecunque
3169 1205 3385 1261 passus
3436 1206 3570 1244 sum
3603 1189 3662 1244 in
3696 1189 3804 1245 ho-

2143 1275 2372 1331 minum
2427 1276 2744 1348 impiorum
2778 1276 3117 1333 consortio:
3149 1277 3426 1333 Euchitas
3478 1295 3578 1334 eos
3629 1266 3802 1334 multi

2139 1368 2194 1420 et
2233 1365 2650 1421 Enthusiastas
2700 1366 3022 1438 appellant.
3057 1367 3354 1422 Numnam
3387 1385 3522 1424 vero
3567 1372 3624 1424 et
3671 1369 3798 1440 ipse

2138 1456 2208 1510 de
2241 1455 2308 1509 iis
2341 1456 2646 1527 quidpiam
2681 1455 2855 1511 fando
2888 1455 3128 1511 audiisti
3151 1455 3179 1510 ‘I

2207 1543 2516 1599 TIMOTH.
2583 1545 2771 1598 Audio
2821 1545 3059 1616 quidem
3113 1545 3312 1601 nescio
3371 1563 3520 1619 quos
3578 1546 3794 1619 impios

2135 1632 2428 1700 homines,
2473 1638 2532 1688 et
2580 1634 2792 1689 merito
2845 1634 3236 1690 exsecrandos
3286 1635 3343 1689 in
3397 1635 3593 1692 medio
3641 1637 3792 1692 sacri

2135 1723 2320 1777 nostri
2355 1724 2688 1787 commatis,
2712 1726 2777 1777 ut
2807 1723 3027 1779 comice
3060 1722 3290 1796 loquar,
3318 1724 3427 1779 hoc
3448 1730 3536 1780 est
3567 1725 3794 1780 ordinis

2133 1829 2300 1868 sacro
2340 1812 2633 1885 designati
2677 1812 3035 1879 charactere,
3062 1813 3303 1869 versari.
3331 1813 3540 1869 Eorum
3592 1819 3791 1871 autem

2132 1903 2432 1974 dogmata,
2483 1918 2696 1970 mores,
2748 1901 2929 1973 leges,
2964 1918 3140 1974 opera
3188 1907 3244 1958 et
3293 1919 3596 1960 sermones
3628 1922 3662 1958 a
3692 1921 3792 1960 ne-

2130 1990 2291 2046 mine
2323 1991 2516 2046 adhuc
2540 1991 2683 2045 mihi
2710 1990 2936 2047 discere
2967 1992 3241 2064 contigit;
3277 1993 3522 2064 proinde
3551 1997 3610 2050 te
3631 2011 3791 2066 rogo,

2127 2085 2193 2136 ut
2222 2097 2289 2136 ea
2319 2097 2449 2152 quas
2500 2081 2654 2136 nosti
2707 2081 3086 2152 apertissima
3117 2081 3265 2137 mihi
3297 2083 3632 2138 narratione
3661 2098 3792 2154 per-

2127 2187 2353 2235 curras,
2388 2170 2438 2226 si
2473 2170 2615 2244 quid
2663 2169 2892 2227 homini
2940 2170 3151 2240 sodali,
3185 2172 3337 2229 addo
3366 2173 3543 2228 etiam
3575 2173 3788 2240 amico,

2127 2259 2444 2332 gratiﬁcari
2476 2259 2641 2315 velis.

2196 2348 2457 2404 THRAX.
2512 2348 2694 2405 Missa
2744 2348 2952 2405 isthasc
3003 2348 3199 2418 facito,
3233 2349 3411 2406 chare
3456 2350 3781 2408 Timotheo.

2123 2437 2371 2494 Necesse
2400 2442 2490 2494 est
2519 2439 2702 2507 enim,
2732 2443 2795 2494 ut
2825 2437 3037 2511 capitis
3074 2439 3226 2495 ultro
3255 2439 3400 2494 mihi
3431 2440 3782 2512 vertiginem

2124 2544 2443 2595 accersam,
2471 2527 2519 2582 si
2552 2532 2608 2583 et
2638 2529 2916 2599 dogmata
2947 2528 3226 2597 absurda,
3251 2532 3309 2584 et
3329 2527 3622 2586 diabolica
3651 2546 3783 2602 ope-

2123 2634 2188 2672 ra
2218 2632 2457 2673 narrare
2487 2616 2795 2689 occipiam,
2820 2621 3003 2688 tuque
3031 2616 3177 2672 lucri
3210 2633 3280 2672 ex
3309 2617 3383 2673 iis
3411 2616 3558 2674 nihil
3589 2619 3781 2674 omni-

2125 2724 2198 2762 no
2241 2711 2522 2778 reportes.
2557 2706 2616 2762 Si
2666 2705 2823 2762 enim
2870 2707 3076 2774 oratio,
3112 2709 3178 2762 ut
3223 2706 3517 2762 Simonidi
3571 2706 3781 2778 placet,

2121 2813 2316 2852 rerum
2368 2795 2563 2867 imago
2618 2801 2728 2862 est,
2763 2798 2829 2850 ut
2860 2795 2938 2850 sit
2979 2812 3047 2852 ea
3086 2795 3272 2863 utilis,
3307 2812 3436 2868 quae
3485 2796 3555 2852 de
3607 2797 3784 2852 rebus

2123 2883 2370 2939 utilibus
2403 2883 2760 2952 instituitur,
2792 2901 2923 2956 qua;
2952 2901 3088 2940 vero
3125 2885 3196 2940 de
3227 2884 3319 2952 iis,
3354 2901 3482 2956 quae
3512 2901 3687 2941 secus
3716 2901 3782 2942 se

2121 2972 2363 3039 habent,
2389 2989 2504 3028 non
2532 2973 2689 3028 bona
2709 2978 3039 3041 censeatur,
3061 2972 3343 3045 quidnam
3368 2973 3478 3030 tibi
3501 2973 3784 3045 proderit,

2123 3078 2258 3117 cum
2291 3077 2593 3118 sermones
2625 3061 2843 3132 impios
2874 3061 3288 3118 delineavero?

2194 3151 2497 3207 TIMOTH.
2532 3154 2695 3206 Certe
2745 3150 3000 3206 multum
3049 3150 3332 3222 proderit,
3367 3167 3399 3206 ο
3441 3151 3656 3207 Thrax.
3695 3151 3787 3207 Si-

2120 3241 2360 3312 quidem
2393 3245 2452 3296 et
2480 3239 2726 3296 medicis
2775 3238 3022 3295 lethalia
3071 3256 3247 3295 nosse
3298 3240 3618 3311 pharmace
3670 3257 3786 3296 non

2122 3329 2329 3385 inutile
2361 3329 2472 3397 sit;
2510 3345 2580 3384 ne
2622 3329 2758 3401 quis
2807 3345 2875 3384 ea
2927 3332 3296 3384 contrectans
3345 3330 3404 3383 in
3451 3327 3782 3401 periculum

2121 3418 2384 3474 incurrat
2416 3437 2432 3474 :
2467 3423 2531 3473 ut
2561 3423 2786 3474 taceam
2827 3433 3029 3473 eorum
3064 3433 3299 3490 quoque
3343 3415 3628 3473 nonnulla
3661 3434 3777 3473 non

2121 3507 2358 3564 inutilia
2407 3523 2556 3563 esse.
2600 3510 2804 3578 Itaque
2851 3508 3104 3562 duorum
3153 3507 3405 3562 alterum
3456 3522 3784 3578 conseque-

2119 3614 2272 3652 mur.
2331 3599 2445 3652 Aut
2501 3596 2659 3652 enim
2714 3612 2784 3650 ex
2847 3595 3194 3666 hujusmodi
3253 3595 3665 3668 disquisitione
3723 3601 3782 3652 et

2117 3686 2568 3759 investigatione
2623 3685 2761 3742 boni
2813 3684 3120 3758 quidpiam
3172 3685 3628 3758 reportabimus,
3677 3689 3780 3742 aut

2118 3775 2168 3831 si
2219 3774 2361 3847 quid
2412 3775 2466 3831 ei
2521 3774 2738 3831 lethale
2784 3774 2926 3830 insit
2957 3780 3015 3830 et
3047 3774 3312 3846 noxium,
3344 3776 3417 3831 ab
3447 3790 3514 3830 eo
3543 3774 3776 3832 cavebi-

2116 3881 2273 3921 mus.
2329 3916 2331 3919 .

2186 3953 2453 4010 THRAX.
2485 3954 2602 4025 Age
2633 3970 2789 4019 vero,
2817 3953 3024 4009 audies
3055 3951 3294 4024 quidem
3326 3969 3483 4023 vera,
3513 3956 3576 4008 ut
3606 3957 3778 4024 poeta

2112 4044 2326 4116 inquit,
2359 4047 2419 4098 at
2451 4043 2695 4098 minime
2742 4042 3031 4114 jucunda.
3069 4042 3233 4106 Quod
3288 4043 3336 4097 si
3387 4041 3775 4098 obscenorum

2112 4132 2507 4206 quorumdam
2553 4130 2910 4187 mentionem
2957 4131 3207 4187 dicendo
3265 4130 3498 4200 faciam,
3535 4148 3607 4187 ne
3637 4148 3776 4187 suc-

2111 4236 2354 4278 censeas
2385 4237 2398 4275 :
2433 4235 2625 4291 neque
2657 4234 2770 4290 me,
2800 4218 2902 4290 qui
2933 4217 3076 4274 talia
3105 4217 3213 4274 tibi
3245 4219 3514 4291 referam,
3539 4221 3643 4276 sed
3674 4235 3775 4276 eos

2109 4312 2271 4382 ipsos
2302 4307 2404 4380 qui
2431 4311 2636 4381 agunt,
2670 4307 2925 4364 incuses.

413 4496 936 4573 (1*)Diogenianus
989 4494 1080 4552 ὶπὶ
1131 4501 1240 4553 τῶν
1301 4495 1572 4573 φλυάρων
1608 4496 1705 4573 ,καὶ
1739 4407 2010 4573 iii-2:3?

2134 4408 2758 4573 _Massalianos
2786 4495 2874 4552 vel
2923 4495 3224 4552 Euchitas.
3254 4495 3399 4552 Vide
3442 4497 3770 4568 Patrologiaa

342 4567 739 4642 ἀποτεινόντιυν
787 4567 984 4642 λόγους
1015 4587 1028 4601 ·
1065 4574 1132 4625 ut
1181 4567 1494 4640 aretalogus
1554 4567 1767 4642 Ulysses
1812 4567 2002 4628 Auso-

345 4641 442 4697 nio
473 4640 616 4712 [imo
645 4640 916 4698 Juvenali
945 4658 1042 4708 xv,
1077 4642 1168 4714 14]
1204 4659 1218 4699 :
1622 4640 1636 4642 “

413 4713 536 4786 Tale
563 4727 735 4784 super
761 4729 978 4772 caenam
1004 4715 1229 4786 facinus
1257 4721 1521 4769 narraret
1552 4715 1766 4786 Ulysses

413 4785 663 4858 ._4_(cinoo,
695 4787 861 4842 bilem
890 4789 986 4842 aut
1008 4785 1190 4842 risum
1217 4788 1455 4857 fortasse
1491 4785 1819 4858 quibusdam

415 4855 671 4920 Moverat,
703 4865 762 4912 ut
785 4859 1029 4914 mendam
1054 4855 1398 4927 aretalogus.

347 4928 598 5002 Idemin
634 4928 866 5002 Polluce
894 4934 951 4984 et
990 4929 1192 5002 Suida.
1223 4929 1427 5002 Adagii
1478 4930 1641 5001 origo
1689 4927 2000 4984 notissima

342 5016 410 5055 ex
437 4999 752 5056 Aristotele
781 5000 884 5056 lib.
920 5018 982 5056 ιιι
1011 5001 1231 5057 Rhetor.

417 5070 488 5138 (2)
541 5070 951 5145 Massalianos,
1013 5074 1170 5145 quod
1227 5071 1579 5145 vocabulum
1629 5071 1996 5142 interpretati

353 5146 488 5215 sunt
516 5140 758 5215 εόχιτας.
793 5140 1150 5215 Harmenop.
1185 5145 1259 5200 De
1304 5153 1426 5215 sect.
1453 5160 1483 5215 _,-
1513 5142 1582 5197 Τὸ
1612 5147 1737 5215 grav
1784 5140 1998 5215 Μασσα-

350 5207 540 5267 λιανῶν
576 5207 755 5287 δ”νομα
798 5207 1286 5288 ἐξελληνιζόμενον
1332 5213 1557 5290 εὐχίτας
1608 5210 1776 5284 δηλοῖ
1807 5233 1820 5246 ο
1850 5212 1996 5290 πολὺ

339 5297 440 5374 γὰρ
465 5301 651 5394 αὐτοῖέ
681 5302 743 5357 τὸ
773 5309 887 5394 τῆς³
923 5301 1102 5394 uilio
1146 5299 1350 5394 ὄνομα1
1380 5303 1536 5394 ll‘iihil
1588 5304 1776 5394 lingit.
1815 5289 1994 5394 13537:;

339 5380 577 5450 orantes,
611 5378 736 5450 Esr.
770 5393 833 5441 ιι,
856 5377 912 5432 6.
950 5375 1106 5450 Εἰσὶ
1163 5378 1356 5450 obstet
1379 5376 1782 5450 Chronologus
1825 5375 1992 5450 '_1repi

339 5443 513 5521 aipéa.
549 5447 827 5521 ineditus,
861 5449 961 5518 qui
992 5446 1099 5502 ἀπὸ
1127 5453 1229 5521 τῆς
1261 5447 1457 5521 εὐχῆς,
1490 5446 1525 5515 ἢ
1559 5443 1789 5521 ἀπὸίῖτῆς
1846 5443 1992 5501 ἐπω-

335 5514 512 5594 νόμου
565 5518 753 5594 χῷρας
809 5514 910 5594 τῆς
960 5514 1224 5594 Περσίδος
1282 5514 1523 5594 vocatos
1566 5514 1792 5594 scribit,
1844 5522 1993 5594 forte

333 5591 638 5647 melius'si
685 5592 939 5660 Assyriae
998 5591 1265 5657 dixisset,
1319 5591 1457 5662 quia
1515 5593 1685 5647 Mosel
1731 5592 1990 5647 Arabum

331 5663 688 5734 geographia
723 5663 949 5734 Assyria
969 5670 1079 5719 est.
1113 5665 1338 5720 Tamen
1382 5663 1575 5734 prima
1627 5663 1988 5719 nebulonum

329 5732 583 5806 istorum
613 5736 780 5806 origo
804 5732 1046 5806 Persica
1078 5753 1115 5806 a7
1142 5732 1399 5792 Maneto
1419 5733 1826 5806 Persae-ﬁlix
1877 5735 1988 5790 Eu-

333 5803 551 5878 thymii
580 5803 752 5863 titulo
781 5805 854 5862 de
881 5803 1224 5880 Bogomilis,
1239 5810 1401 5879 patet
1428 5820 1564 5864 cum
1593 5805 1680 5862 eis
1708 5805 1828 5864 fere
1848 5820 1990 5864 con-

2112 4567 2163 4625 ιζ
2190 4567 2399 4624 CXXX.
2435 4568 2590 4622 Eorr.

2183 4642 2258 4712 (3)
2289 4639 2695 4710 Chronologus
2745 4637 3002 4696 ineditus
3061 4638 3189 4712 Περὶ
3247 4636 3418 4712 αἰρὲσ.
3452 4634 3758 4694 Καλοῦνται

2111 4705 2168 4764 δὲ
2223 4709 2282 4765 ἐκ
2335 4714 2432 4765 τοῦ
2477 4707 2795 4772 πράγματος
2844 4709 2934 4763 καὶ
2984 4709 3391 4772 Ἐνθουσιασταί
3437 4729 3449 4742 ·
3505 4706 3766 4772 δαίμονος

2111 4729 2168 4764 οε
2223 4729 2282 4765 εκ
2335 4731 2432 4765 του
2477 4729 2795 4785 πραγματος
2844 4729 2934 4763 και
2986 4729 3391 4772 νιινυουσιασται
3437 4729 3449 4742 ·
3505 4729 3760 4783 οαιμ‹,νος

2110 4782 2211 4856 γὰρ
2295 4780 2564 4856 ἐνέργειαν
2604 4776 3318 4856 ’λαϐόντεςηΙΙνεόματοςΔ
3390 4779 3563 4856 ἁγίου
3623 4784 3760 4837 εἶναι

2109 4847 2309 4929 ταῦτην
2368 4847 2854 4929 ὑπολαμϐάνουσιν
2889 4847 3211 4929 ίῦπνῳ-’δὲ
3259 4852 3332 4929 τὰ
3389 4847 3577 4929 πολλᾲ
3625 4859 3762 4929 σφᾶς

2111 4923 2306 4986 αὐτοὺς
2392 4923 2714 5000 ἐνδιδόντες,
2766 4923 3156 4997 ἐνθουσιασμὸν
3214 4923 3309 4984 τὰς
3364 4929 3471 4978 τῶν
3535 4923 3758 5000 ὀνείρων

2110 4998 2404 5074 φαντασίας
2451 4995 2736 5074 καλοῦσιν.
2785 4998 2923 5074 Alii_
2955 4995 3082 5074 sine
3131 5014 3398 5074 numero,
3433 5013 3586 5074 quos
3629 4995 3759 5074 _hon

2109 5070 2390 5137 exscribo,
2447 5072 2772 5135 Acuanitee,
2825 5070 3080 5137 Cubrici,
3149 5070 3510 5141 Martyriani.
3572 5070 3757 5127 Nicet.

2109 5143 2255 5199 Thes.
2292 5145 2435 5198 orth.
2469 5144 2564 5214 ﬁd.
2599 5143 2700 5198 lib.
2735 5159 2809 5198 ιν.

2177 5226 2252 5295 (4)
2284 5226 2472 5296 Habet
2504 5241 2573 5279 ex
2606 5223 2905 5294 Aristoph.
2932 5222 2987 5277 in
3021 5225 3203 5292 Pluto,
3227 5237 3376 5296 vers.
3400 5221 3550 5296 86;};
3587 5227 3763 5296 Προσέ

2107 5289 2326 5372 ἔρχεται
2383 5293 2483 5372 γάρ
2539 5315 2622 5356 τις
2683 5289 2863 5372 κακῷς
2919 5289 3197 5368 πράττων
3233 5292 3370 5372 ᾁνήρ
3407 5311 3419 5324 ⁸
3481 5289 3665 5372 ’βοικε
3709 5291 3762 5347 δ’

2105 5364 2237 5420 εἶναι
2285 5364 2406 5441 τοῦ’
2437 5364 2684 5441 πονηροῦ
2740 5364 3049 5441 κόμματος,
3209 5364 3261 5417 οἱ
3312 5364 3759 5437 παρακόπτοντες

2104 5445 2243 5512 sunt
2274 5440 2391 5512 qui?
2419 5440 2487 5512 oi
2529 5439 2946 5512 παραχαρᾶκται
2978 5439 3075 5494 JC.
3109 5439 3758 5512 Grecoruin._ﬂapaxa-

2101 5508 2312 5640 pggretj
2344 5511 2406 5565 τὸ
2439 5508 2643 5566 δίκαιον
2682 5508 2827 5568 inde
2857 5512 3004 5567 dixit
3054 5509 3426 5566 Anastasius.
3461 5508 3756 5566 smmis.

2201 5603 2338 5640 ηγω.

2172 5603 2444 5734 ῗέἔῳιξατά
2476 5657 2816 5734 Σιμωνίδην,
2850 5667 2908 5718 et
2939 5656 3537 5734 Democritude-{oq
3563 5657 3754 5736 ἔργου-

2101 5737 2249 5803 σκιή.
2286 5736 2455 5790 Laert

2176 5807 2251 5879 (6)
2281 5805 2516 5864 Homer.

3897 5757 3928 5794 ι.
