  <div class='ocr_page' id='page_1' title='image "/cluster/home/n/w/nwhite01/storage/ocr_20150623/122:no.2/coo.31924054870278/420.png"; bbox 0 0 4100 6398; ppageno 0'>
   <div class='ocr_carea' id='block_1_1' title="bbox 335 439 452 500">
    <p class='ocr_par' dir='ltr' id='par_1_1' title="bbox 335 439 452 500">
     <span class='ocr_line' id='line_1_1' title="bbox 335 439 452 500; baseline -0.017 0"><span class='ocrx_word' id='word_1_1' title='bbox 335 439 452 500; x_wconf 69' lang='grc'><strong>825</strong></span> 
     </span>
    </p>
   </div>
   <div class='ocr_carea' id='block_1_2' title="bbox 1480 439 2624 503">
    <p class='ocr_par' dir='ltr' id='par_1_2' title="bbox 1480 439 2624 503">
     <span class='ocr_line' id='line_1_2' title="bbox 1480 439 2624 503; baseline 0.002 -5"><span class='ocrx_word' id='word_1_2' title='bbox 1480 439 1582 501; x_wconf 86' lang='lat' dir='ltr'><strong>DE</strong></span> <span class='ocrx_word' id='word_1_3' title='bbox 1623 439 2046 503; x_wconf 65' lang='lat' dir='ltr'><strong>DEMONUM</strong></span> <span class='ocrx_word' id='word_1_4' title='bbox 2092 439 2624 502; x_wconf 79' lang='lat' dir='ltr'><strong>OPEBATIONE.</strong></span> 
     </span>
    </p>
   </div>
   <div class='ocr_carea' id='block_1_3' title="bbox 3637 439 3760 502">
    <p class='ocr_par' dir='ltr' id='par_1_3' title="bbox 3637 439 3760 502">
     <span class='ocr_line' id='line_1_3' title="bbox 3637 439 3760 502; baseline 0.016 -2"><span class='ocrx_word' id='word_1_5' title='bbox 3637 439 3760 502; x_wconf 74' lang='grc'><strong>826</strong></span> 
     </span>
    </p>
   </div>
   <div class='ocr_carea' id='block_1_4' title="bbox 335 563 2000 647">
    <p class='ocr_par' dir='ltr' id='par_1_4' title="bbox 335 563 1986 647">
     <span class='ocr_line' id='line_1_4' title="bbox 335 563 1986 647; baseline 0.002 -25"><span class='ocrx_word' id='word_1_6' title='bbox 335 563 536 638; x_wconf 76' lang='grc' dir='ltr'>λήλοις</span> <span class='ocrx_word' id='word_1_7' title='bbox 573 565 902 645; x_wconf 79' lang='grc' dir='ltr'><strong>ὁμόφρονες·</strong></span> <span class='ocrx_word' id='word_1_8' title='bbox 953 565 1016 622; x_wconf 77' lang='grc' dir='ltr'>τό</span> <span class='ocrx_word' id='word_1_9' title='bbox 1067 565 1116 623; x_wconf 85' lang='grc' dir='ltr'><strong>δ’</strong></span> <span class='ocrx_word' id='word_1_10' title='bbox 1163 568 1408 633; x_wconf 77' lang='grc' dir='ltr'>ἐντεῦθεν·</span> <span class='ocrx_word' id='word_1_11' title='bbox 1449 574 1620 647; x_wconf 81' lang='grc' dir='ltr'>τριχῇ</span> <span class='ocrx_word' id='word_1_12' title='bbox 1669 571 1789 633; x_wconf 78' lang='grc' dir='ltr'>ταὶς</span> <span class='ocrx_word' id='word_1_13' title='bbox 1835 571 1986 646; x_wconf 87' lang='grc' dir='ltr'>γνώ-</span> 
     </span>
    </p>
   </div>
   <div class='ocr_carea' id='block_1_5' title="bbox 2101 563 3752 647">
    <p class='ocr_par' dir='ltr' id='par_1_5' title="bbox 2101 571 3752 644">
     <span class='ocr_line' id='line_1_5' title="bbox 2101 571 3752 644; baseline 0.001 -17"><span class='ocrx_word' id='word_1_14' title='bbox 2101 571 2500 640; x_wconf 87' lang='lat' dir='ltr'><strong>consentiunt,</strong></span> <span class='ocrx_word' id='word_1_15' title='bbox 2534 571 2590 626; x_wconf 92' lang='lat' dir='ltr'><strong>in</strong></span> <span class='ocrx_word' id='word_1_16' title='bbox 2619 589 2688 628; x_wconf 89' lang='lat' dir='ltr'><strong>ea</strong></span> <span class='ocrx_word' id='word_1_17' title='bbox 2717 587 2849 628; x_wconf 87' lang='lat' dir='ltr'><strong>vero</strong></span> <span class='ocrx_word' id='word_1_18' title='bbox 2878 589 3007 644; x_wconf 71' lang='lat' dir='ltr'><strong>quae</strong></span> <span class='ocrx_word' id='word_1_19' title='bbox 3037 571 3440 643; x_wconf 73' lang='lat' dir='ltr'><strong>consequitur,</strong></span> <span class='ocrx_word' id='word_1_20' title='bbox 3463 572 3752 628; x_wconf 79' lang='lat' dir='ltr'><strong>trifariam</strong></span> 
     </span>
    </p>
   </div>
   <div class='ocr_carea' id='block_1_6' title="bbox 334 653 1988 734">
    <p class='ocr_par' dir='ltr' id='par_1_6' title="bbox 334 653 1988 734">
     <span class='ocr_line' id='line_1_6' title="bbox 334 653 1988 734; baseline 0.002 -24"><span class='ocrx_word' id='word_1_21' title='bbox 334 678 460 730; x_wconf 88' lang='grc' dir='ltr'>μαις</span> <span class='ocrx_word' id='word_1_22' title='bbox 509 653 829 711; x_wconf 77' lang='grc' dir='ltr'>δείστανται.</span> <span class='ocrx_word' id='word_1_23' title='bbox 883 659 950 714; x_wconf 72' lang='grc' dir='ltr'><strong>Οἱ</strong></span> <span class='ocrx_word' id='word_1_24' title='bbox 1017 659 1110 731; x_wconf 72' lang='grc' dir='ltr'><strong>μὲν</strong></span> <span class='ocrx_word' id='word_1_25' title='bbox 1160 659 1260 734; x_wconf 72' lang='grc' dir='ltr'>γὰρ</span> <span class='ocrx_word' id='word_1_26' title='bbox 1313 658 1520 714; x_wconf 76' lang='grc' dir='ltr'>τούτων</span> <span class='ocrx_word' id='word_1_27' title='bbox 1574 662 1826 733; x_wconf 90' lang='grc' dir='ltr'>νέμουσιν</span> <span class='ocrx_word' id='word_1_28' title='bbox 1885 662 1988 733; x_wconf 83' lang='grc' dir='ltr'><strong>ἀμ-</strong></span> 
     </span>
    </p>
   </div>
   <div class='ocr_carea' id='block_1_7' title="bbox 329 743 1990 825">
    <p class='ocr_par' dir='ltr' id='par_1_7' title="bbox 329 743 1990 825">
     <span class='ocr_line' id='line_1_7' title="bbox 329 743 1990 825; baseline 0.002 -25"><span class='ocrx_word' id='word_1_29' title='bbox 329 752 452 824; x_wconf 87' lang='grc' dir='ltr'>φοῖν</span> <span class='ocrx_word' id='word_1_30' title='bbox 483 751 600 801; x_wconf 84' lang='grc' dir='ltr'>τοῖν</span> <span class='ocrx_word' id='word_1_31' title='bbox 648 747 787 800; x_wconf 72' lang='grc' dir='ltr'>υἱοῖν</span> <span class='ocrx_word' id='word_1_32' title='bbox 845 747 906 800; x_wconf 85' lang='grc' dir='ltr'>τὸ</span> <span class='ocrx_word' id='word_1_33' title='bbox 969 743 1128 810; x_wconf 73' lang='grc' dir='ltr'>σέϐας</span> <span class='ocrx_word' id='word_1_34' title='bbox 1159 747 1278 821; x_wconf 63' lang='grc' dir='ltr'>(κᾶν</span> <span class='ocrx_word' id='word_1_35' title='bbox 1335 751 1438 824; x_wconf 79' lang='grc' dir='ltr'><strong>γάρ</strong></span> <span class='ocrx_word' id='word_1_36' title='bbox 1506 751 1644 825; x_wconf 85' lang='grc' dir='ltr'>πρὸς</span> <span class='ocrx_word' id='word_1_37' title='bbox 1703 749 1990 820; x_wconf 83' lang='grc' dir='ltr'>ἀλλήλους</span> 
     </span>
    </p>
   </div>
   <div class='ocr_carea' id='block_1_8' title="bbox 333 833 1987 916">
    <p class='ocr_par' dir='ltr' id='par_1_8' title="bbox 333 833 1987 916">
     <span class='ocr_line' id='line_1_8' title="bbox 333 833 1987 916; baseline 0.002 -27"><span class='ocrx_word' id='word_1_38' title='bbox 333 833 678 914; x_wconf 80' lang='grc' dir='ltr'>διαφέρεσθαι</span> <span class='ocrx_word' id='word_1_39' title='bbox 725 839 866 913; x_wconf 89' lang='grc' dir='ltr'>φῶσι</span> <span class='ocrx_word' id='word_1_40' title='bbox 915 841 1036 904; x_wconf 77' lang='grc' dir='ltr'>νῦν,</span> <span class='ocrx_word' id='word_1_41' title='bbox 1090 837 1218 892; x_wconf 73' lang='grc' dir='ltr'><strong>ἀλλ’</strong></span> <span class='ocrx_word' id='word_1_42' title='bbox 1273 837 1428 912; x_wconf 78' lang='grc' dir='ltr'>ὅμως</span> <span class='ocrx_word' id='word_1_43' title='bbox 1483 835 1647 916; x_wconf 79' lang='grc' dir='ltr'>ἄμφω</span> <span class='ocrx_word' id='word_1_44' title='bbox 1706 835 1987 894; x_wconf 72' lang='grc' dir='ltr'>σεϐαπέον</span> 
     </span>
    </p>
   </div>
   <div class='ocr_carea' id='block_1_9' title="bbox 335 923 1988 1003">
    <p class='ocr_par' dir='ltr' id='par_1_9' title="bbox 335 923 1988 1003">
     <span class='ocr_line' id='line_1_9' title="bbox 335 923 1988 1003; baseline 0.004 -25"><span class='ocrx_word' id='word_1_45' title='bbox 335 925 406 984; x_wconf 86' lang='grc' dir='ltr'>ὡς</span> <span class='ocrx_word' id='word_1_46' title='bbox 439 923 500 978; x_wconf 82' lang='grc' dir='ltr'><strong>ἐκ</strong></span> <span class='ocrx_word' id='word_1_47' title='bbox 529 925 734 999; x_wconf 88' lang='grc' dir='ltr'>πατρὸς</span> <span class='ocrx_word' id='word_1_48' title='bbox 783 926 898 987; x_wconf 78' lang='grc' dir='ltr'>ἐνὸς</span> <span class='ocrx_word' id='word_1_49' title='bbox 949 925 1544 1003; x_wconf 68' lang='grc' dir='ltr'>καταλλαγησομένους</span> <span class='ocrx_word' id='word_1_50' title='bbox 1594 929 1678 984; x_wconf 80' lang='grc' dir='ltr'>ἐπὶ</span> <span class='ocrx_word' id='word_1_51' title='bbox 1725 934 1822 984; x_wconf 76' lang='grc' dir='ltr'><strong>τοῦ</strong></span> <span class='ocrx_word' id='word_1_52' title='bbox 1856 929 1988 1002; x_wconf 84' lang='grc' dir='ltr'>μέλ-</span> 
     </span>
    </p>
   </div>
   <div class='ocr_carea' id='block_1_10' title="bbox 334 1011 1988 1092">
    <p class='ocr_par' dir='ltr' id='par_1_10' title="bbox 334 1011 1988 1092">
     <span class='ocr_line' id='line_1_10' title="bbox 334 1011 1988 1092; baseline 0.001 -22"><span class='ocrx_word' id='word_1_53' title='bbox 334 1011 572 1088; x_wconf 84' lang='grc' dir='ltr'>λοντος)·</span> <span class='ocrx_word' id='word_1_54' title='bbox 607 1015 658 1068; x_wconf 74' lang='grc' dir='ltr'>οἱ</span> <span class='ocrx_word' id='word_1_55' title='bbox 713 1011 770 1068; x_wconf 77' lang='grc' dir='ltr'><strong>δὲ</strong></span> <span class='ocrx_word' id='word_1_56' title='bbox 821 1016 1031 1090; x_wconf 81' lang='grc' dir='ltr'>θατέρῳ</span> <span class='ocrx_word' id='word_1_57' title='bbox 1077 1021 1159 1088; x_wconf 79' lang='grc' dir='ltr'>τῷ</span> <span class='ocrx_word' id='word_1_58' title='bbox 1187 1019 1438 1091; x_wconf 86' lang='grc' dir='ltr'>νεωτέρῳ</span> <span class='ocrx_word' id='word_1_59' title='bbox 1489 1016 1863 1092; x_wconf 72' lang='grc' dir='ltr'><strong>λατρεύουσιν,</strong></span> <span class='ocrx_word' id='word_1_60' title='bbox 1914 1017 1988 1079; x_wconf 86' lang='grc' dir='ltr'>ὡς</span> 
     </span>
    </p>
   </div>
   <div class='ocr_carea' id='block_1_11' title="bbox 330 1102 1990 1184">
    <p class='ocr_par' dir='ltr' id='par_1_11' title="bbox 330 1102 1990 1184">
     <span class='ocr_line' id='line_1_11' title="bbox 330 1102 1990 1184; baseline 0.003 -27"><span class='ocrx_word' id='word_1_61' title='bbox 330 1110 431 1172; x_wconf 84' lang='grc' dir='ltr'>τῆς</span> <span class='ocrx_word' id='word_1_62' title='bbox 499 1102 804 1178; x_wconf 85' lang='grc' dir='ltr'>κρείττονος</span> <span class='ocrx_word' id='word_1_63' title='bbox 874 1105 966 1158; x_wconf 83' lang='grc' dir='ltr'><strong>καὶ</strong></span> <span class='ocrx_word' id='word_1_64' title='bbox 1037 1105 1427 1182; x_wconf 72' lang='grc' dir='ltr'><strong>ὑπερκειμένης</strong></span> <span class='ocrx_word' id='word_1_65' title='bbox 1503 1105 1722 1184; x_wconf 80' lang='grc' dir='ltr'><strong>μερίδος</strong></span> <span class='ocrx_word' id='word_1_66' title='bbox 1790 1107 1990 1182; x_wconf 87' lang='grc' dir='ltr'>κατάρ-</span> 
     </span>
    </p>
   </div>
   <div class='ocr_carea' id='block_1_12' title="bbox 331 1189 1990 1274">
    <p class='ocr_par' dir='ltr' id='par_1_12' title="bbox 331 1189 1990 1274">
     <span class='ocr_line' id='line_1_12' title="bbox 331 1189 1990 1274; baseline 0.002 -28"><span class='ocrx_word' id='word_1_67' title='bbox 331 1212 510 1268; x_wconf 74' lang='grc' dir='ltr'>χοντι·</span> <span class='ocrx_word' id='word_1_68' title='bbox 575 1193 666 1247; x_wconf 87' lang='grc' dir='ltr'>τὸν</span> <span class='ocrx_word' id='word_1_69' title='bbox 733 1189 1100 1269; x_wconf 76' lang='grc' dir='ltr'>πρεσϐύτερον</span> <span class='ocrx_word' id='word_1_70' title='bbox 1147 1197 1250 1250; x_wconf 81' lang='grc' dir='ltr'><strong>οὐκ</strong></span> <span class='ocrx_word' id='word_1_71' title='bbox 1303 1197 1658 1268; x_wconf 84' lang='grc' dir='ltr'><strong>ἀτιμάζοντες</strong></span> <span class='ocrx_word' id='word_1_72' title='bbox 1722 1197 1840 1270; x_wconf 72' lang='grc' dir='ltr'>μὲν,</span> <span class='ocrx_word' id='word_1_73' title='bbox 1891 1218 1990 1274; x_wconf 86' lang='grc' dir='ltr'>φυ-</span> 
     </span>
    </p>
   </div>
   <div class='ocr_carea' id='block_1_13' title="bbox 333 1280 1990 1359">
    <p class='ocr_par' dir='ltr' id='par_1_13' title="bbox 333 1280 1990 1359">
     <span class='ocr_line' id='line_1_13' title="bbox 333 1280 1990 1359; baseline 0.001 -23"><span class='ocrx_word' id='word_1_74' title='bbox 333 1280 660 1354; x_wconf 83' lang='grc' dir='ltr'>λαττόμενοι</span> <span class='ocrx_word' id='word_1_75' title='bbox 691 1280 738 1337; x_wconf 87' lang='grc' dir='ltr'><strong>δ’</strong></span> <span class='ocrx_word' id='word_1_76' title='bbox 783 1282 942 1338; x_wconf 77' lang='grc' dir='ltr'>αὐτὸν</span> <span class='ocrx_word' id='word_1_77' title='bbox 1004 1285 1078 1346; x_wconf 85' lang='grc' dir='ltr'>ὡς</span> <span class='ocrx_word' id='word_1_78' title='bbox 1134 1289 1502 1350; x_wconf 81' lang='grc' dir='ltr'>κακοποιῆσαι</span> <span class='ocrx_word' id='word_1_79' title='bbox 1563 1285 1876 1359; x_wconf 85' lang='grc' dir='ltr'>δυνάμενον.</span> <span class='ocrx_word' id='word_1_80' title='bbox 1927 1286 1990 1340; x_wconf 72' lang='lat' dir='ltr'><strong>0i.</strong></span> 
     </span>
    </p>
   </div>
   <div class='ocr_carea' id='block_1_14' title="bbox 332 1367 1990 1449">
    <p class='ocr_par' dir='ltr' id='par_1_14' title="bbox 332 1367 1990 1449">
     <span class='ocr_line' id='line_1_14' title="bbox 332 1367 1990 1449; baseline 0.002 -24"><span class='ocrx_word' id='word_1_81' title='bbox 332 1367 390 1425; x_wconf 76' lang='grc' dir='ltr'><strong>δὲ</strong></span> <span class='ocrx_word' id='word_1_82' title='bbox 447 1371 668 1446; x_wconf 79' lang='grc' dir='ltr'>χείρους</span> <span class='ocrx_word' id='word_1_83' title='bbox 729 1373 908 1427; x_wconf 79' lang='grc' dir='ltr'>αὐτῶν</span> <span class='ocrx_word' id='word_1_84' title='bbox 965 1375 1064 1441; x_wconf 81' lang='grc' dir='ltr'>τὴν</span> <span class='ocrx_word' id='word_1_85' title='bbox 1128 1369 1374 1429; x_wconf 78' lang='grc' dir='ltr'>ἀσέϐειαν</span> <span class='ocrx_word' id='word_1_86' title='bbox 1425 1380 1525 1430; x_wconf 71' lang='grc' dir='ltr'>τοῦ</span> <span class='ocrx_word' id='word_1_87' title='bbox 1589 1375 1684 1448; x_wconf 76' lang='grc' dir='ltr'>μὲν</span> <span class='ocrx_word' id='word_1_88' title='bbox 1738 1373 1990 1449; x_wconf 85' lang='grc' dir='ltr'>οὐρανίου</span> 
     </span>
    </p>
   </div>
   <div class='ocr_carea' id='block_1_15' title="bbox 335 1456 1989 1536">
    <p class='ocr_par' dir='ltr' id='par_1_15' title="bbox 335 1456 1989 1536">
     <span class='ocr_line' id='line_1_15' title="bbox 335 1456 1989 1536; baseline 0.003 -23"><span class='ocrx_word' id='word_1_89' title='bbox 335 1456 610 1514; x_wconf 82' lang='grc' dir='ltr'>διῖστῶσιν</span> <span class='ocrx_word' id='word_1_90' title='bbox 669 1459 892 1522; x_wconf 75' lang='grc' dir='ltr'>ἑαυτοὺς</span> <span class='ocrx_word' id='word_1_91' title='bbox 949 1459 1036 1516; x_wconf 83' lang='grc' dir='ltr'><strong>ἐπὶ</strong></span> <span class='ocrx_word' id='word_1_92' title='bbox 1070 1466 1197 1532; x_wconf 82' lang='grc' dir='ltr'>πᾶν,</span> <span class='ocrx_word' id='word_1_93' title='bbox 1248 1463 1406 1518; x_wconf 80' lang='grc' dir='ltr'>αὐτὸν</span> <span class='ocrx_word' id='word_1_94' title='bbox 1452 1460 1510 1518; x_wconf 77' lang='grc' dir='ltr'><strong>δὲ</strong></span> <span class='ocrx_word' id='word_1_95' title='bbox 1544 1463 1704 1536; x_wconf 88' lang='grc' dir='ltr'>μόνον</span> <span class='ocrx_word' id='word_1_96' title='bbox 1754 1464 1844 1517; x_wconf 82' lang='grc' dir='ltr'><strong>τὸν</strong></span> <span class='ocrx_word' id='word_1_97' title='bbox 1874 1462 1989 1518; x_wconf 84' lang='grc' dir='ltr'>ἐπί-</span> 
     </span>
    </p>
   </div>
   <div class='ocr_carea' id='block_1_16' title="bbox 329 1548 1992 1626">
    <p class='ocr_par' dir='ltr' id='par_1_16' title="bbox 329 1548 1992 1626">
     <span class='ocr_line' id='line_1_16' title="bbox 329 1548 1992 1626; baseline 0.002 -24"><span class='ocrx_word' id='word_1_98' title='bbox 329 1568 478 1622; x_wconf 84' lang='grc' dir='ltr'>γειον</span> <span class='ocrx_word' id='word_1_99' title='bbox 513 1548 802 1617; x_wconf 82' lang='grc' dir='ltr'>Σαταναήλ</span> <span class='ocrx_word' id='word_1_100' title='bbox 835 1553 949 1622; x_wconf 90' lang='grc'><strong>(13)</strong></span> <span class='ocrx_word' id='word_1_101' title='bbox 974 1550 1424 1625; x_wconf 82' lang='grc' dir='ltr'>ἐνστερνίζονται.</span> <span class='ocrx_word' id='word_1_102' title='bbox 1459 1555 1582 1609; x_wconf 88' lang='grc' dir='ltr'>Τῶν</span> <span class='ocrx_word' id='word_1_103' title='bbox 1617 1574 1676 1608; x_wconf 90' lang='grc' dir='ltr'><strong>τε</strong></span> <span class='ocrx_word' id='word_1_104' title='bbox 1707 1553 1992 1626; x_wconf 76' lang='grc' dir='ltr'>ὀνομάτων</span> 
     </span>
    </p>
   </div>
   <div class='ocr_carea' id='block_1_17' title="bbox 328 1636 1986 1718">
    <p class='ocr_par' dir='ltr' id='par_1_17' title="bbox 328 1636 1986 1718">
     <span class='ocr_line' id='line_1_17' title="bbox 328 1636 1986 1718; baseline 0.003 -28"><span class='ocrx_word' id='word_1_105' title='bbox 328 1643 448 1699; x_wconf 77' lang='grc' dir='ltr'>τοῖς</span> <span class='ocrx_word' id='word_1_106' title='bbox 508 1636 908 1714; x_wconf 80' lang='grc' dir='ltr'>εὖφημοτέροις</span> <span class='ocrx_word' id='word_1_107' title='bbox 963 1639 1430 1713; x_wconf 83' lang='grc' dir='ltr'>ἀποσεμνύνοντες</span> <span class='ocrx_word' id='word_1_108' title='bbox 1489 1642 1840 1718; x_wconf 84' lang='grc' dir='ltr'>πρωτότοκον</span> <span class='ocrx_word' id='word_1_109' title='bbox 1896 1642 1986 1696; x_wconf 85' lang='grc' dir='ltr'>τὸν</span> 
     </span>
    </p>
   </div>
   <div class='ocr_carea' id='block_1_18' title="bbox 331 1724 1990 1809">
    <p class='ocr_par' dir='ltr' id='par_1_18' title="bbox 331 1724 1990 1809">
     <span class='ocr_line' id='line_1_18' title="bbox 331 1724 1990 1809; baseline 0.002 -29"><span class='ocrx_word' id='word_1_110' title='bbox 331 1724 632 1802; x_wconf 85' lang='grc' dir='ltr'>ἀλλότριον</span> <span class='ocrx_word' id='word_1_111' title='bbox 683 1725 744 1782; x_wconf 81' lang='grc' dir='ltr'>ἐκ</span> <span class='ocrx_word' id='word_1_112' title='bbox 773 1730 979 1804; x_wconf 86' lang='grc' dir='ltr'>πατρὸς</span> <span class='ocrx_word' id='word_1_113' title='bbox 1007 1729 1261 1798; x_wconf 81' lang='grc' dir='ltr'>καλοῦσι,</span> <span class='ocrx_word' id='word_1_114' title='bbox 1295 1737 1472 1809; x_wconf 76' lang='grc' dir='ltr'>φυτῶν</span> <span class='ocrx_word' id='word_1_115' title='bbox 1505 1753 1564 1786; x_wconf 88' lang='grc' dir='ltr'><strong>τε</strong></span> <span class='ocrx_word' id='word_1_116' title='bbox 1595 1732 1684 1786; x_wconf 84' lang='grc' dir='ltr'><strong>καὶ</strong></span> <span class='ocrx_word' id='word_1_117' title='bbox 1715 1732 1869 1800; x_wconf 85' lang='grc' dir='ltr'>ζώων</span> <span class='ocrx_word' id='word_1_118' title='bbox 1900 1731 1990 1785; x_wconf 82' lang='grc' dir='ltr'><strong>καὶ</strong></span> 
     </span>
    </p>
   </div>
   <div class='ocr_carea' id='block_1_19' title="bbox 327 1815 1990 1898">
    <p class='ocr_par' dir='ltr' id='par_1_19' title="bbox 327 1815 1990 1898">
     <span class='ocr_line' id='line_1_19' title="bbox 327 1815 1990 1898; baseline 0.003 -29"><span class='ocrx_word' id='word_1_119' title='bbox 327 1819 436 1869; x_wconf 82' lang='grc' dir='ltr'><strong>τῶν</strong></span> <span class='ocrx_word' id='word_1_120' title='bbox 471 1815 686 1870; x_wconf 79' lang='grc' dir='ltr'>λοιπῶν</span> <span class='ocrx_word' id='word_1_121' title='bbox 722 1819 988 1872; x_wconf 87' lang='grc' dir='ltr'>συνθέτων</span> <span class='ocrx_word' id='word_1_122' title='bbox 1035 1815 1374 1896; x_wconf 81' lang='grc' dir='ltr'>δημιουργὸν</span> <span class='ocrx_word' id='word_1_123' title='bbox 1413 1823 1504 1875; x_wconf 87' lang='grc' dir='ltr'>τὸν</span> <span class='ocrx_word' id='word_1_124' title='bbox 1536 1821 1866 1898; x_wconf 80' lang='grc' dir='ltr'>φθοροποιὸν</span> <span class='ocrx_word' id='word_1_125' title='bbox 1901 1820 1990 1875; x_wconf 82' lang='grc' dir='ltr'><strong>καὶ</strong></span> 
     </span>
    </p>
   </div>
   <div class='ocr_carea' id='block_1_20' title="bbox 329 1904 1988 1983">
    <p class='ocr_par' dir='ltr' id='par_1_20' title="bbox 329 1904 1988 1983">
     <span class='ocr_line' id='line_1_20' title="bbox 329 1904 1988 1983; baseline 0.002 -24"><span class='ocrx_word' id='word_1_126' title='bbox 329 1904 606 1980; x_wconf 75' lang='grc' dir='ltr'>ὀλέθριον.</span> <span class='ocrx_word' id='word_1_127' title='bbox 659 1907 1110 1980; x_wconf 79' lang='grc' dir='ltr'>Ἀποθεραπεόειν</span> <span class='ocrx_word' id='word_1_128' title='bbox 1173 1908 1220 1964; x_wconf 84' lang='grc' dir='ltr'><strong>δ’</strong></span> <span class='ocrx_word' id='word_1_129' title='bbox 1278 1910 1441 1965; x_wconf 77' lang='grc' dir='ltr'>αὐτὸν</span> <span class='ocrx_word' id='word_1_130' title='bbox 1495 1910 1584 1965; x_wconf 81' lang='grc' dir='ltr'><strong>καὶ</strong></span> <span class='ocrx_word' id='word_1_131' title='bbox 1638 1908 1849 1983; x_wconf 73' lang='grc' dir='ltr'>μᾶλλον</span> <span class='ocrx_word' id='word_1_132' title='bbox 1913 1909 1988 1964; x_wconf 80' lang='grc' dir='ltr'><strong>ἐτι</strong></span> 
     </span>
    </p>
   </div>
   <div class='ocr_carea' id='block_1_21' title="bbox 337 1991 1983 2074">
    <p class='ocr_par' dir='ltr' id='par_1_21' title="bbox 337 1991 1983 2074">
     <span class='ocr_line' id='line_1_21' title="bbox 337 1991 1983 2074; baseline 0.005 -27"><span class='ocrx_word' id='word_1_133' title='bbox 337 1991 693 2068; x_wconf 82' lang='grc' dir='ltr'>βουλόμενοι,</span> <span class='ocrx_word' id='word_1_134' title='bbox 723 1999 820 2071; x_wconf 82' lang='grc' dir='ltr'>φεῦ</span> <span class='ocrx_word' id='word_1_135' title='bbox 847 1997 858 2051; x_wconf 77' lang='grc' dir='ltr'><strong>ί</strong></span> <span class='ocrx_word' id='word_1_136' title='bbox 893 1997 1066 2051; x_wconf 86' lang='grc' dir='ltr'>ὁπόσα</span> <span class='ocrx_word' id='word_1_137' title='bbox 1095 2004 1445 2073; x_wconf 73' lang='grc' dir='ltr'>παροινοῦσιν</span> <span class='ocrx_word' id='word_1_138' title='bbox 1482 1999 1557 2061; x_wconf 69' lang='grc' dir='ltr'><strong>εἷς</strong></span> <span class='ocrx_word' id='word_1_139' title='bbox 1586 2000 1676 2053; x_wconf 89' lang='grc' dir='ltr'>τὸν</span> <span class='ocrx_word' id='word_1_140' title='bbox 1711 1998 1983 2074; x_wconf 87' lang='grc' dir='ltr'>οὐράνιον.</span> 
     </span>
    </p>
   </div>
   <div class='ocr_carea' id='block_1_22' title="bbox 332 2081 1984 2164">
    <p class='ocr_par' dir='ltr' id='par_1_22' title="bbox 332 2081 1984 2164">
     <span class='ocr_line' id='line_1_22' title="bbox 332 2081 1984 2164; baseline 0.004 -29"><span class='ocrx_word' id='word_1_141' title='bbox 332 2083 594 2157; x_wconf 78' lang='grc' dir='ltr'>φθονερόν</span> <span class='ocrx_word' id='word_1_142' title='bbox 625 2103 684 2138; x_wconf 87' lang='grc' dir='ltr'><strong>τε</strong></span> <span class='ocrx_word' id='word_1_143' title='bbox 715 2081 970 2158; x_wconf 74' lang='grc' dir='ltr'>λέγοντες</span> <span class='ocrx_word' id='word_1_144' title='bbox 985 2086 1142 2159; x_wconf 82' lang='grc' dir='ltr'>εἶναι,</span> <span class='ocrx_word' id='word_1_145' title='bbox 1174 2085 1432 2164; x_wconf 86' lang='grc' dir='ltr'>τάδελφῷ</span> <span class='ocrx_word' id='word_1_146' title='bbox 1461 2087 1792 2163; x_wconf 84' lang='grc' dir='ltr'>παραλόγως</span> <span class='ocrx_word' id='word_1_147' title='bbox 1824 2085 1984 2162; x_wconf 80' lang='grc' dir='ltr'>διαφ-</span> 
     </span>
    </p>
   </div>
   <div class='ocr_carea' id='block_1_23' title="bbox 332 2170 1986 2254">
    <p class='ocr_par' dir='ltr' id='par_1_23' title="bbox 332 2170 1986 2254">
     <span class='ocr_line' id='line_1_23' title="bbox 332 2170 1986 2254; baseline 0.002 -28"><span class='ocrx_word' id='word_1_148' title='bbox 332 2170 662 2244; x_wconf 74' lang='grc' dir='ltr'>θονούμενον</span> <span class='ocrx_word' id='word_1_149' title='bbox 711 2173 768 2227; x_wconf 82' lang='grc' dir='ltr'>εὖ</span> <span class='ocrx_word' id='word_1_150' title='bbox 819 2171 1206 2248; x_wconf 82' lang='grc' dir='ltr'>διακοσμοῦντι</span> <span class='ocrx_word' id='word_1_151' title='bbox 1253 2177 1322 2231; x_wconf 82' lang='grc' dir='ltr'>τὰ</span> <span class='ocrx_word' id='word_1_152' title='bbox 1365 2176 1452 2232; x_wconf 82' lang='grc' dir='ltr'>ἐπὶ</span> <span class='ocrx_word' id='word_1_153' title='bbox 1499 2184 1624 2251; x_wconf 84' lang='grc' dir='ltr'>γῆς,</span> <span class='ocrx_word' id='word_1_154' title='bbox 1673 2177 1762 2231; x_wconf 83' lang='grc' dir='ltr'><strong>καὶ</strong></span> <span class='ocrx_word' id='word_1_155' title='bbox 1803 2176 1986 2254; x_wconf 87' lang='grc' dir='ltr'>φθόνῳ</span> 
     </span>
    </p>
   </div>
   <div class='ocr_carea' id='block_1_24' title="bbox 327 2262 1985 2342">
    <p class='ocr_par' dir='ltr' id='par_1_24' title="bbox 327 2262 1985 2342">
     <span class='ocr_line' id='line_1_24' title="bbox 327 2262 1985 2342; baseline 0.003 -27"><span class='ocrx_word' id='word_1_156' title='bbox 327 2263 635 2336; x_wconf 74' lang='grc' dir='ltr'>τυφόμενον</span> <span class='ocrx_word' id='word_1_157' title='bbox 669 2262 928 2335; x_wconf 81' lang='grc' dir='ltr'>σεισμοὺς</span> <span class='ocrx_word' id='word_1_158' title='bbox 956 2266 1070 2338; x_wconf 83' lang='grc'>(14)</span> <span class='ocrx_word' id='word_1_159' title='bbox 1091 2265 1180 2320; x_wconf 87' lang='grc' dir='ltr'>καὶ</span> <span class='ocrx_word' id='word_1_160' title='bbox 1203 2265 1452 2342; x_wconf 77' lang='grc' dir='ltr'>χαλάζας</span> <span class='ocrx_word' id='word_1_161' title='bbox 1482 2269 1596 2339; x_wconf 81' lang='grc'>(15)</span> <span class='ocrx_word' id='word_1_162' title='bbox 1625 2267 1714 2320; x_wconf 82' lang='grc' dir='ltr'><strong>καὶ</strong></span> <span class='ocrx_word' id='word_1_163' title='bbox 1749 2263 1985 2338; x_wconf 71' lang='grc' dir='ltr'>λοιμοὺς</span> 
     </span>
    </p>
   </div>
   <div class='ocr_carea' id='block_1_25' title="bbox 329 2349 1985 2428">
    <p class='ocr_par' dir='ltr' id='par_1_25' title="bbox 329 2349 1985 2428">
     <span class='ocr_line' id='line_1_25' title="bbox 329 2349 1985 2428; baseline 0.004 -24"><span class='ocrx_word' id='word_1_164' title='bbox 329 2349 585 2428; x_wconf 76' lang='grc' dir='ltr'>ἐπάγειν.</span> <span class='ocrx_word' id='word_1_165' title='bbox 651 2353 745 2407; x_wconf 84' lang='grc' dir='ltr'><strong>Διὸ</strong></span> <span class='ocrx_word' id='word_1_166' title='bbox 796 2353 886 2408; x_wconf 84' lang='grc' dir='ltr'><strong>καὶ</strong></span> <span class='ocrx_word' id='word_1_167' title='bbox 934 2353 1240 2428; x_wconf 81' lang='grc' dir='ltr'>ἐπαρῶνται</span> <span class='ocrx_word' id='word_1_168' title='bbox 1288 2356 1433 2428; x_wconf 80' lang='grc' dir='ltr'>αὐτῷ</span> <span class='ocrx_word' id='word_1_169' title='bbox 1483 2354 1628 2411; x_wconf 80' lang='grc' dir='ltr'>ἄλλα</span> <span class='ocrx_word' id='word_1_170' title='bbox 1680 2377 1740 2411; x_wconf 80' lang='grc' dir='ltr'><strong>τε</strong></span> <span class='ocrx_word' id='word_1_171' title='bbox 1785 2356 1874 2411; x_wconf 86' lang='grc' dir='ltr'><strong>καὶ</strong></span> <span class='ocrx_word' id='word_1_172' title='bbox 1924 2357 1985 2410; x_wconf 86' lang='grc' dir='ltr'>τὸ</span> 
     </span>
    </p>
   </div>
   <div class='ocr_carea' id='block_1_26' title="bbox 327 2440 1118 2516">
    <p class='ocr_par' dir='ltr' id='par_1_26' title="bbox 327 2440 1118 2516">
     <span class='ocr_line' id='line_1_26' title="bbox 327 2440 1118 2516; baseline 0.006 -21"><span class='ocrx_word' id='word_1_173' title='bbox 327 2440 681 2514; x_wconf 80' lang='grc' dir='ltr'>παλαμναῖον</span> <span class='ocrx_word' id='word_1_174' title='bbox 711 2441 954 2516; x_wconf 78' lang='grc' dir='ltr'>ἀνάθεμα</span> <span class='ocrx_word' id='word_1_175' title='bbox 983 2446 1118 2516; x_wconf 79' lang='grc'>(16).</span> 
     </span>
    </p>
   </div>
   <div class='ocr_carea' id='block_1_27' title="bbox 2101 661 3755 733">
    <p class='ocr_par' dir='ltr' id='par_1_27' title="bbox 2101 661 3755 733">
     <span class='ocr_line' id='line_1_27' title="bbox 2101 661 3755 733; baseline -0.001 -16"><span class='ocrx_word' id='word_1_176' title='bbox 2101 661 2412 717; x_wconf 80' lang='lat' dir='ltr'><strong>sententiis</strong></span> <span class='ocrx_word' id='word_1_177' title='bbox 2458 661 2758 716; x_wconf 76' lang='lat' dir='ltr'><strong>differunt.</strong></span> <span class='ocrx_word' id='word_1_178' title='bbox 2789 661 3005 716; x_wconf 86' lang='lat' dir='ltr'><strong>Eorum</strong></span> <span class='ocrx_word' id='word_1_179' title='bbox 3051 661 3204 717; x_wconf 89' lang='lat' dir='ltr'><strong>enim</strong></span> <span class='ocrx_word' id='word_1_180' title='bbox 3237 661 3332 716; x_wconf 83' lang='lat' dir='ltr'><strong>alii</strong></span> <span class='ocrx_word' id='word_1_181' title='bbox 3370 661 3604 733; x_wconf 89' lang='lat' dir='ltr'><strong>utrique</strong></span> <span class='ocrx_word' id='word_1_182' title='bbox 3633 662 3755 716; x_wconf 78' lang='lat' dir='ltr'><strong>tilio</strong></span> 
     </span>
    </p>
   </div>
   <div class='ocr_carea' id='block_1_28' title="bbox 2099 749 3757 822">
    <p class='ocr_par' dir='ltr' id='par_1_28' title="bbox 2099 749 3757 822">
     <span class='ocr_line' id='line_1_28' title="bbox 2099 749 3757 822; baseline -0.001 -17"><span class='ocrx_word' id='word_1_183' title='bbox 2099 751 2322 805; x_wconf 87' lang='lat' dir='ltr'><strong>cultum</strong></span> <span class='ocrx_word' id='word_1_184' title='bbox 2356 751 2622 806; x_wconf 89' lang='lat' dir='ltr'><strong>divinum</strong></span> <span class='ocrx_word' id='word_1_185' title='bbox 2655 751 2926 806; x_wconf 82' lang='lat' dir='ltr'><strong>deterunt</strong></span> <span class='ocrx_word' id='word_1_186' title='bbox 2961 750 3256 822; x_wconf 85' lang='lat' dir='ltr'><strong>(quamvis</strong></span> <span class='ocrx_word' id='word_1_187' title='bbox 3284 749 3434 805; x_wconf 90' lang='lat' dir='ltr'><strong>enim</strong></span> <span class='ocrx_word' id='word_1_188' title='bbox 3470 751 3757 805; x_wconf 77' lang='lat' dir='ltr'><strong>dissidere</strong></span> 
     </span>
    </p>
   </div>
   <div class='ocr_carea' id='block_1_29' title="bbox 2099 840 3755 908">
    <p class='ocr_par' dir='ltr' id='par_1_29' title="bbox 2099 840 3755 908">
     <span class='ocr_line' id='line_1_29' title="bbox 2099 840 3755 908; baseline 0 -14"><span class='ocrx_word' id='word_1_189' title='bbox 2099 857 2258 895; x_wconf 90' lang='lat' dir='ltr'><strong>nunc</strong></span> <span class='ocrx_word' id='word_1_190' title='bbox 2291 841 2543 895; x_wconf 89' lang='lat' dir='ltr'><strong>alterum</strong></span> <span class='ocrx_word' id='word_1_191' title='bbox 2577 841 2650 895; x_wconf 89' lang='lat' dir='ltr'><strong>ab</strong></span> <span class='ocrx_word' id='word_1_192' title='bbox 2683 841 2864 895; x_wconf 89' lang='lat' dir='ltr'><strong>altero</strong></span> <span class='ocrx_word' id='word_1_193' title='bbox 2895 840 3115 908; x_wconf 83' lang='lat' dir='ltr'><strong>dicant,</strong></span> <span class='ocrx_word' id='word_1_194' title='bbox 3151 840 3353 895; x_wconf 88' lang='lat' dir='ltr'><strong>ambos</strong></span> <span class='ocrx_word' id='word_1_195' title='bbox 3387 845 3583 894; x_wconf 73' lang='lat' dir='ltr'><strong>tamen</strong></span> <span class='ocrx_word' id='word_1_196' title='bbox 3613 841 3755 895; x_wconf 84' lang='lat' dir='ltr'><strong>ado-</strong></span> 
     </span>
    </p>
   </div>
   <div class='ocr_carea' id='block_1_30' title="bbox 2099 929 3752 1001">
    <p class='ocr_par' dir='ltr' id='par_1_30' title="bbox 2099 929 3752 1001">
     <span class='ocr_line' id='line_1_30' title="bbox 2099 929 3752 1001; baseline 0 -17"><span class='ocrx_word' id='word_1_197' title='bbox 2099 931 2319 985; x_wconf 83' lang='lat' dir='ltr'><strong>randos</strong></span> <span class='ocrx_word' id='word_1_198' title='bbox 2371 934 2666 996; x_wconf 82' lang='lat' dir='ltr'><strong>asserunt,</strong></span> <span class='ocrx_word' id='word_1_199' title='bbox 2701 929 2917 1000; x_wconf 86' lang='lat' dir='ltr'><strong>quippe</strong></span> <span class='ocrx_word' id='word_1_200' title='bbox 2966 929 3068 1000; x_wconf 91' lang='lat' dir='ltr'><strong>qui</strong></span> <span class='ocrx_word' id='word_1_201' title='bbox 3100 930 3172 984; x_wconf 90' lang='lat' dir='ltr'><strong>ab</strong></span> <span class='ocrx_word' id='word_1_202' title='bbox 3207 945 3321 984; x_wconf 89' lang='lat' dir='ltr'><strong>uno</strong></span> <span class='ocrx_word' id='word_1_203' title='bbox 3355 934 3516 1000; x_wconf 85' lang='lat' dir='ltr'><strong>patre</strong></span> <span class='ocrx_word' id='word_1_204' title='bbox 3547 945 3752 1001; x_wconf 89' lang='lat' dir='ltr'><strong>proce-</strong></span> 
     </span>
    </p>
   </div>
   <div class='ocr_carea' id='block_1_31' title="bbox 2100 1017 3754 1090">
    <p class='ocr_par' dir='ltr' id='par_1_31' title="bbox 2100 1017 3754 1090">
     <span class='ocr_line' id='line_1_31' title="bbox 2100 1017 3754 1090; baseline -0.001 -16"><span class='ocrx_word' id='word_1_205' title='bbox 2100 1020 2306 1074; x_wconf 83' lang='lat' dir='ltr'><strong>dentes</strong></span> <span class='ocrx_word' id='word_1_206' title='bbox 2334 1018 2473 1074; x_wconf 91' lang='lat' dir='ltr'><strong>olim</strong></span> <span class='ocrx_word' id='word_1_207' title='bbox 2507 1019 2628 1074; x_wconf 89' lang='lat' dir='ltr'><strong>sint</strong></span> <span class='ocrx_word' id='word_1_208' title='bbox 2669 1020 2730 1073; x_wconf 89' lang='lat' dir='ltr'><strong>in</strong></span> <span class='ocrx_word' id='word_1_209' title='bbox 2773 1019 3020 1090; x_wconf 78' lang='lat' dir='ltr'><strong>gratiam</strong></span> <span class='ocrx_word' id='word_1_210' title='bbox 3056 1018 3358 1086; x_wconf 78' lang='lat' dir='ltr'><strong>redituri);</strong></span> <span class='ocrx_word' id='word_1_211' title='bbox 3411 1017 3510 1074; x_wconf 89' lang='lat' dir='ltr'><strong>alii</strong></span> <span class='ocrx_word' id='word_1_212' title='bbox 3557 1023 3754 1074; x_wconf 87' lang='lat' dir='ltr'><strong>autem</strong></span> 
     </span>
    </p>
   </div>
   <div class='ocr_carea' id='block_1_32' title="bbox 2101 1107 3760 1180">
    <p class='ocr_par' dir='ltr' id='par_1_32' title="bbox 2101 1107 3760 1180">
     <span class='ocr_line' id='line_1_32' title="bbox 2101 1107 3760 1180; baseline 0 -18"><span class='ocrx_word' id='word_1_213' title='bbox 2101 1107 2350 1163; x_wconf 89' lang='lat' dir='ltr'><strong>alterum</strong></span> <span class='ocrx_word' id='word_1_214' title='bbox 2411 1108 2578 1162; x_wconf 90' lang='lat' dir='ltr'><strong>illum</strong></span> <span class='ocrx_word' id='word_1_215' title='bbox 2636 1112 3015 1176; x_wconf 78' lang='lat' dir='ltr'><strong>venerantur,</strong></span> <span class='ocrx_word' id='word_1_216' title='bbox 3060 1112 3348 1180; x_wconf 82' lang='lat' dir='ltr'><strong>tanquam</strong></span> <span class='ocrx_word' id='word_1_217' title='bbox 3401 1107 3662 1163; x_wconf 84' lang='lat' dir='ltr'><strong>melioris</strong></span> <span class='ocrx_word' id='word_1_218' title='bbox 3707 1116 3760 1162; x_wconf 89' lang='lat' dir='ltr'><strong>et</strong></span> 
     </span>
    </p>
   </div>
   <div class='ocr_carea' id='block_1_33' title="bbox 2099 1196 3756 1269">
    <p class='ocr_par' dir='ltr' id='par_1_33' title="bbox 2099 1196 3756 1269">
     <span class='ocr_line' id='line_1_33' title="bbox 2099 1196 3756 1269; baseline -0.001 -17"><span class='ocrx_word' id='word_1_219' title='bbox 2099 1198 2602 1268; x_wconf 66' lang='lat' dir='ltr'><strong>supramundanze</strong></span> <span class='ocrx_word' id='word_1_220' title='bbox 2653 1197 2910 1269; x_wconf 84' lang='lat' dir='ltr'><strong>regionis</strong></span> <span class='ocrx_word' id='word_1_221' title='bbox 2959 1197 3421 1264; x_wconf 76' lang='lat' dir='ltr'><strong>moderatorem;</strong></span> <span class='ocrx_word' id='word_1_222' title='bbox 3465 1196 3756 1252; x_wconf 88' lang='lat' dir='ltr'><strong>seniorem</strong></span> 
     </span>
    </p>
   </div>
   <div class='ocr_carea' id='block_1_34' title="bbox 2099 1286 3760 1358">
    <p class='ocr_par' dir='ltr' id='par_1_34' title="bbox 2099 1286 3760 1358">
     <span class='ocr_line' id='line_1_34' title="bbox 2099 1286 3760 1358; baseline 0 -18"><span class='ocrx_word' id='word_1_223' title='bbox 2099 1286 2336 1341; x_wconf 81' lang='lat' dir='ltr'><strong>interim</strong></span> <span class='ocrx_word' id='word_1_224' title='bbox 2384 1292 2604 1342; x_wconf 90' lang='lat' dir='ltr'><strong>honore</strong></span> <span class='ocrx_word' id='word_1_225' title='bbox 2653 1303 2760 1342; x_wconf 92' lang='lat' dir='ltr'><strong>suo</strong></span> <span class='ocrx_word' id='word_1_226' title='bbox 2811 1301 3186 1358; x_wconf 86' lang='lat' dir='ltr'><strong>nequaquam</strong></span> <span class='ocrx_word' id='word_1_227' title='bbox 3237 1286 3646 1358; x_wconf 83' lang='lat' dir='ltr'><strong>dedignantes,</strong></span> <span class='ocrx_word' id='word_1_228' title='bbox 3682 1286 3760 1340; x_wconf 83' lang='lat' dir='ltr'><strong>ita</strong></span> 
     </span>
    </p>
   </div>
   <div class='ocr_carea' id='block_1_35' title="bbox 2099 1375 3761 1447">
    <p class='ocr_par' dir='ltr' id='par_1_35' title="bbox 2099 1375 3761 1447">
     <span class='ocr_line' id='line_1_35' title="bbox 2099 1375 3761 1447; baseline 0.001 -18"><span class='ocrx_word' id='word_1_229' title='bbox 2099 1381 2296 1430; x_wconf 88' lang='lat' dir='ltr'><strong>tamen</strong></span> <span class='ocrx_word' id='word_1_230' title='bbox 2329 1379 2394 1430; x_wconf 90' lang='lat' dir='ltr'><strong>ut</strong></span> <span class='ocrx_word' id='word_1_231' title='bbox 2425 1377 2496 1430; x_wconf 89' lang='lat' dir='ltr'><strong>ab</strong></span> <span class='ocrx_word' id='word_1_232' title='bbox 2527 1375 2656 1446; x_wconf 87' lang='lat' dir='ltr'><strong>ipso</strong></span> <span class='ocrx_word' id='word_1_233' title='bbox 2682 1375 2793 1430; x_wconf 90' lang='lat' dir='ltr'><strong>sibi</strong></span> <span class='ocrx_word' id='word_1_234' title='bbox 2827 1380 3093 1438; x_wconf 77' lang='lat' dir='ltr'><strong>caveant,</strong></span> <span class='ocrx_word' id='word_1_235' title='bbox 3119 1381 3404 1447; x_wconf 81' lang='lat' dir='ltr'><strong>tanquam</strong></span> <span class='ocrx_word' id='word_1_236' title='bbox 3437 1391 3503 1430; x_wconf 85' lang='lat' dir='ltr'><strong>eo</strong></span> <span class='ocrx_word' id='word_1_237' title='bbox 3535 1375 3630 1444; x_wconf 84' lang='lat' dir='ltr'><strong>qui</strong></span> <span class='ocrx_word' id='word_1_238' title='bbox 3665 1391 3761 1430; x_wconf 92' lang='lat' dir='ltr'><strong>no-</strong></span> 
     </span>
    </p>
   </div>
   <div class='ocr_carea' id='block_1_36' title="bbox 2101 1464 3755 1536">
    <p class='ocr_par' dir='ltr' id='par_1_36' title="bbox 2101 1464 3755 1536">
     <span class='ocr_line' id='line_1_36' title="bbox 2101 1464 3755 1536; baseline -0.001 -17"><span class='ocrx_word' id='word_1_239' title='bbox 2101 1481 2229 1520; x_wconf 90' lang='lat' dir='ltr'><strong>cere</strong></span> <span class='ocrx_word' id='word_1_240' title='bbox 2263 1464 2468 1535; x_wconf 83' lang='lat' dir='ltr'><strong>possit.</strong></span> <span class='ocrx_word' id='word_1_241' title='bbox 2502 1465 2783 1520; x_wconf 69' lang='lat' dir='ltr'><strong>Caeterum</strong></span> <span class='ocrx_word' id='word_1_242' title='bbox 2819 1465 2920 1536; x_wconf 89' lang='lat' dir='ltr'><strong>qui</strong></span> <span class='ocrx_word' id='word_1_243' title='bbox 2951 1466 3208 1520; x_wconf 83' lang='lat' dir='ltr'><strong>maxima</strong></span> <span class='ocrx_word' id='word_1_244' title='bbox 3239 1465 3390 1519; x_wconf 82' lang='lat' dir='ltr'><strong>inter</strong></span> <span class='ocrx_word' id='word_1_245' title='bbox 3420 1479 3520 1518; x_wconf 91' lang='lat' dir='ltr'><strong>eos</strong></span> <span class='ocrx_word' id='word_1_246' title='bbox 3553 1464 3755 1534; x_wconf 86' lang='lat' dir='ltr'><strong>impie-</strong></span> 
     </span>
    </p>
   </div>
   <div class='ocr_carea' id='block_1_37' title="bbox 2101 1553 3755 1624">
    <p class='ocr_par' dir='ltr' id='par_1_37' title="bbox 2101 1553 3755 1624">
     <span class='ocr_line' id='line_1_37' title="bbox 2101 1553 3755 1624; baseline -0.001 -16"><span class='ocrx_word' id='word_1_247' title='bbox 2101 1558 2218 1608; x_wconf 90' lang='lat' dir='ltr'><strong>tate</strong></span> <span class='ocrx_word' id='word_1_248' title='bbox 2253 1553 2540 1622; x_wconf 89' lang='lat' dir='ltr'><strong>laborant,</strong></span> <span class='ocrx_word' id='word_1_249' title='bbox 2575 1553 2829 1608; x_wconf 80' lang='lat' dir='ltr'><strong>caelestis</strong></span> <span class='ocrx_word' id='word_1_250' title='bbox 2859 1553 3019 1608; x_wconf 91' lang='lat' dir='ltr'><strong>illius</strong></span> <span class='ocrx_word' id='word_1_251' title='bbox 3052 1553 3214 1608; x_wconf 88' lang='lat' dir='ltr'><strong>cultu</strong></span> <span class='ocrx_word' id='word_1_252' title='bbox 3263 1570 3328 1608; x_wconf 90' lang='lat' dir='ltr'><strong>se</strong></span> <span class='ocrx_word' id='word_1_253' title='bbox 3375 1569 3620 1624; x_wconf 88' lang='lat' dir='ltr'><strong>prorsus</strong></span> <span class='ocrx_word' id='word_1_254' title='bbox 3653 1555 3755 1606; x_wconf 58' lang='lat' dir='ltr'><strong>abv</strong></span> 
     </span>
    </p>
   </div>
   <div class='ocr_carea' id='block_1_38' title="bbox 2100 1642 3758 1714">
    <p class='ocr_par' dir='ltr' id='par_1_38' title="bbox 2100 1642 3758 1714">
     <span class='ocr_line' id='line_1_38' title="bbox 2100 1642 3758 1714; baseline -0.001 -17"><span class='ocrx_word' id='word_1_255' title='bbox 2100 1643 2318 1710; x_wconf 85' lang='lat' dir='ltr'><strong>dicant,</strong></span> <span class='ocrx_word' id='word_1_256' title='bbox 2372 1647 2834 1714; x_wconf 78' lang='lat' dir='ltr'><strong>terrestremque</strong></span> <span class='ocrx_word' id='word_1_257' title='bbox 2884 1643 3076 1697; x_wconf 86' lang='lat' dir='ltr'><strong>solum</strong></span> <span class='ocrx_word' id='word_1_258' title='bbox 3130 1642 3403 1697; x_wconf 86' lang='lat' dir='ltr'><strong>Satanael</strong></span> <span class='ocrx_word' id='word_1_259' title='bbox 3453 1647 3758 1714; x_wconf 88' lang='lat' dir='ltr'><strong>pectorum</strong></span> 
     </span>
    </p>
   </div>
   <div class='ocr_carea' id='block_1_39' title="bbox 2101 1730 3756 1803">
    <p class='ocr_par' dir='ltr' id='par_1_39' title="bbox 2101 1730 3756 1803">
     <span class='ocr_line' id='line_1_39' title="bbox 2101 1730 3756 1803; baseline 0 -17"><span class='ocrx_word' id='word_1_260' title='bbox 2101 1747 2344 1786; x_wconf 89' lang='lat' dir='ltr'><strong>suorum</strong></span> <span class='ocrx_word' id='word_1_261' title='bbox 2379 1731 2780 1803; x_wconf 85' lang='lat' dir='ltr'><strong>penetralibus</strong></span> <span class='ocrx_word' id='word_1_262' title='bbox 2815 1731 3105 1786; x_wconf 89' lang='lat' dir='ltr'><strong>induunt:</strong></span> <span class='ocrx_word' id='word_1_263' title='bbox 3131 1747 3306 1803; x_wconf 90' lang='lat' dir='ltr'><strong>quem</strong></span> <span class='ocrx_word' id='word_1_264' title='bbox 3331 1730 3756 1802; x_wconf 85' lang='lat' dir='ltr'><strong>insignioribus</strong></span> 
     </span>
    </p>
   </div>
   <div class='ocr_carea' id='block_1_40' title="bbox 2099 1820 3758 1892">
    <p class='ocr_par' dir='ltr' id='par_1_40' title="bbox 2099 1820 3758 1892">
     <span class='ocr_line' id='line_1_40' title="bbox 2099 1820 3758 1892; baseline 0 -17"><span class='ocrx_word' id='word_1_265' title='bbox 2099 1821 2443 1876; x_wconf 88' lang='lat' dir='ltr'><strong>nominibus</strong></span> <span class='ocrx_word' id='word_1_266' title='bbox 2491 1827 2856 1890; x_wconf 85' lang='lat' dir='ltr'><strong>venerantes,</strong></span> <span class='ocrx_word' id='word_1_267' title='bbox 2891 1821 3357 1892; x_wconf 87' lang='lat' dir='ltr'><strong>Primogenitum</strong></span> <span class='ocrx_word' id='word_1_268' title='bbox 3402 1836 3560 1888; x_wconf 90' lang='lat' dir='ltr'><strong>eum,</strong></span> <span class='ocrx_word' id='word_1_269' title='bbox 3595 1820 3692 1890; x_wconf 91' lang='lat' dir='ltr'><strong>qui</strong></span> <span class='ocrx_word' id='word_1_270' title='bbox 3725 1837 3758 1875; x_wconf 91' lang='lat' dir='ltr'><strong>a</strong></span> 
     </span>
    </p>
   </div>
   <div class='ocr_carea' id='block_1_41' title="bbox 2099 1897 3752 1982">
    <p class='ocr_par' dir='ltr' id='par_1_41' title="bbox 2099 1897 3752 1982">
     <span class='ocr_line' id='line_1_41' title="bbox 2099 1897 3752 1982; baseline -0.001 -18"><span class='ocrx_word' id='word_1_271' title='bbox 2099 1910 2267 1965; x_wconf 89' lang='lat' dir='ltr'><strong>Patre</strong></span> <span class='ocrx_word' id='word_1_272' title='bbox 2312 1909 2539 1964; x_wconf 89' lang='lat' dir='ltr'><strong>alienus</strong></span> <span class='ocrx_word' id='word_1_273' title='bbox 2589 1915 2699 1978; x_wconf 88' lang='lat' dir='ltr'><strong>est,</strong></span> <span class='ocrx_word' id='word_1_274' title='bbox 2735 1897 3060 1982; x_wconf 89' lang='lat' dir='ltr'><strong>appellant,</strong></span> <span class='ocrx_word' id='word_1_275' title='bbox 3091 1909 3431 1982; x_wconf 87' lang='lat' dir='ltr'><strong>plantarum</strong></span> <span class='ocrx_word' id='word_1_276' title='bbox 3465 1908 3752 1975; x_wconf 90' lang='lat' dir='ltr'><strong>omnium,</strong></span> 
     </span>
    </p>
   </div>
   <div class='ocr_carea' id='block_1_42' title="bbox 2101 1998 3752 2069">
    <p class='ocr_par' dir='ltr' id='par_1_42' title="bbox 2101 1998 3752 2069">
     <span class='ocr_line' id='line_1_42' title="bbox 2101 1998 3752 2069; baseline -0.001 -16"><span class='ocrx_word' id='word_1_277' title='bbox 2101 1998 2452 2054; x_wconf 86' lang='lat' dir='ltr'><strong>animalium</strong></span> <span class='ocrx_word' id='word_1_278' title='bbox 2485 2003 2540 2053; x_wconf 88' lang='lat' dir='ltr'><strong>et</strong></span> <span class='ocrx_word' id='word_1_279' title='bbox 2571 2003 2914 2054; x_wconf 66' lang='lat' dir='ltr'><strong>caeterorum</strong></span> <span class='ocrx_word' id='word_1_280' title='bbox 2947 2000 3406 2069; x_wconf 85' lang='lat' dir='ltr'><strong>compositorum</strong></span> <span class='ocrx_word' id='word_1_281' title='bbox 3440 2013 3752 2068; x_wconf 89' lang='lat' dir='ltr'><strong>corporum</strong></span> 
     </span>
    </p>
   </div>
   <div class='ocr_carea' id='block_1_43' title="bbox 2097 2087 3756 2159">
    <p class='ocr_par' dir='ltr' id='par_1_43' title="bbox 2097 2087 3756 2159">
     <span class='ocr_line' id='line_1_43' title="bbox 2097 2087 3756 2159; baseline -0.002 -16"><span class='ocrx_word' id='word_1_282' title='bbox 2097 2093 2441 2156; x_wconf 87' lang='lat' dir='ltr'><strong>creatorem,</strong></span> <span class='ocrx_word' id='word_1_283' title='bbox 2475 2103 2610 2142; x_wconf 89' lang='lat' dir='ltr'><strong>eum</strong></span> <span class='ocrx_word' id='word_1_284' title='bbox 2643 2088 2742 2158; x_wconf 90' lang='lat' dir='ltr'><strong>qui</strong></span> <span class='ocrx_word' id='word_1_285' title='bbox 2783 2088 3180 2159; x_wconf 88' lang='lat' dir='ltr'><strong>corruptionis</strong></span> <span class='ocrx_word' id='word_1_286' title='bbox 3229 2087 3506 2159; x_wconf 89' lang='lat' dir='ltr'><strong>perniciei</strong></span> <span class='ocrx_word' id='word_1_287' title='bbox 3551 2091 3756 2142; x_wconf 88' lang='lat' dir='ltr'><strong>auctor</strong></span> 
     </span>
    </p>
   </div>
   <div class='ocr_carea' id='block_1_44' title="bbox 2096 2175 3753 2248">
    <p class='ocr_par' dir='ltr' id='par_1_44' title="bbox 2096 2175 3753 2248">
     <span class='ocr_line' id='line_1_44' title="bbox 2096 2175 3753 2248; baseline -0.002 -15"><span class='ocrx_word' id='word_1_288' title='bbox 2096 2183 2206 2233; x_wconf 88' lang='lat' dir='ltr'><strong>est.</strong></span> <span class='ocrx_word' id='word_1_289' title='bbox 2234 2177 2414 2240; x_wconf 87' lang='lat' dir='ltr'><strong>Quem</strong></span> <span class='ocrx_word' id='word_1_290' title='bbox 2449 2182 2516 2232; x_wconf 88' lang='lat' dir='ltr'><strong>ut</strong></span> <span class='ocrx_word' id='word_1_291' title='bbox 2556 2178 2780 2246; x_wconf 85' lang='lat' dir='ltr'><strong>majore</strong></span> <span class='ocrx_word' id='word_1_292' title='bbox 2829 2179 3008 2232; x_wconf 87' lang='lat' dir='ltr'><strong>etiam</strong></span> <span class='ocrx_word' id='word_1_293' title='bbox 3059 2177 3280 2232; x_wconf 89' lang='lat' dir='ltr'><strong>honore</strong></span> <span class='ocrx_word' id='word_1_294' title='bbox 3310 2175 3588 2248; x_wconf 86' lang='lat' dir='ltr'><strong>cultuque</strong></span> <span class='ocrx_word' id='word_1_295' title='bbox 3619 2193 3753 2246; x_wconf 91' lang='lat' dir='ltr'><strong>pro-</strong></span> 
     </span>
    </p>
   </div>
   <div class='ocr_carea' id='block_1_45' title="bbox 2097 2266 3750 2340">
    <p class='ocr_par' dir='ltr' id='par_1_45' title="bbox 2097 2266 3750 2340">
     <span class='ocr_line' id='line_1_45' title="bbox 2097 2266 3750 2340; baseline -0.001 -19"><span class='ocrx_word' id='word_1_296' title='bbox 2097 2271 2443 2340; x_wconf 86' lang='lat' dir='ltr'><strong>sequantur,</strong></span> <span class='ocrx_word' id='word_1_297' title='bbox 2490 2267 2582 2321; x_wconf 91' lang='lat' dir='ltr'><strong>Dii</strong></span> <span class='ocrx_word' id='word_1_298' title='bbox 2633 2267 2790 2338; x_wconf 80' lang='lat' dir='ltr'><strong>boni,</strong></span> <span class='ocrx_word' id='word_1_299' title='bbox 2824 2268 2977 2338; x_wconf 89' lang='lat' dir='ltr'><strong>quod</strong></span> <span class='ocrx_word' id='word_1_300' title='bbox 3029 2266 3405 2321; x_wconf 88' lang='lat' dir='ltr'><strong>contumeliis</strong></span> <span class='ocrx_word' id='word_1_301' title='bbox 3453 2267 3750 2321; x_wconf 65' lang='lat' dir='ltr'><strong>caelestem</strong></span> 
     </span>
    </p>
   </div>
   <div class='ocr_carea' id='block_1_46' title="bbox 2095 2357 3748 2428">
    <p class='ocr_par' dir='ltr' id='par_1_46' title="bbox 2095 2357 3748 2428">
     <span class='ocr_line' id='line_1_46' title="bbox 2095 2357 3748 2428; baseline 0 -17"><span class='ocrx_word' id='word_1_302' title='bbox 2095 2357 2264 2412; x_wconf 90' lang='lat' dir='ltr'><strong>illum</strong></span> <span class='ocrx_word' id='word_1_303' title='bbox 2299 2357 2630 2412; x_wconf 87' lang='lat' dir='ltr'><strong>lacessunt!</strong></span> <span class='ocrx_word' id='word_1_304' title='bbox 2662 2375 2835 2428; x_wconf 90' lang='lat' dir='ltr'><strong>quem</strong></span> <span class='ocrx_word' id='word_1_305' title='bbox 2865 2357 3128 2412; x_wconf 87' lang='lat' dir='ltr'><strong>invidum</strong></span> <span class='ocrx_word' id='word_1_306' title='bbox 3155 2373 3285 2412; x_wconf 88' lang='lat' dir='ltr'><strong>esse</strong></span> <span class='ocrx_word' id='word_1_307' title='bbox 3313 2357 3476 2412; x_wconf 83' lang='lat' dir='ltr'><strong>fratri</strong></span> <span class='ocrx_word' id='word_1_308' title='bbox 3505 2357 3748 2412; x_wconf 86' lang='lat' dir='ltr'><strong>dicunt:</strong></span> 
     </span>
    </p>
   </div>
   <div class='ocr_carea' id='block_1_47' title="bbox 2097 2446 3749 2518">
    <p class='ocr_par' dir='ltr' id='par_1_47' title="bbox 2097 2446 3749 2518">
     <span class='ocr_line' id='line_1_47' title="bbox 2097 2446 3749 2518; baseline 0.001 -18"><span class='ocrx_word' id='word_1_309' title='bbox 2097 2448 2314 2518; x_wconf 86' lang='lat' dir='ltr'><strong>quippe</strong></span> <span class='ocrx_word' id='word_1_310' title='bbox 2347 2446 2446 2518; x_wconf 92' lang='lat' dir='ltr'><strong>qui</strong></span> <span class='ocrx_word' id='word_1_311' title='bbox 2480 2446 2732 2503; x_wconf 85' lang='lat' dir='ltr'><strong>nefando</strong></span> <span class='ocrx_word' id='word_1_312' title='bbox 2763 2463 2897 2502; x_wconf 89' lang='lat' dir='ltr'><strong>eum</strong></span> <span class='ocrx_word' id='word_1_313' title='bbox 2939 2447 3072 2501; x_wconf 92' lang='lat' dir='ltr'><strong>odio</strong></span> <span class='ocrx_word' id='word_1_314' title='bbox 3123 2451 3534 2518; x_wconf 87' lang='lat' dir='ltr'><strong>prosequatur,</strong></span> <span class='ocrx_word' id='word_1_315' title='bbox 3567 2464 3600 2501; x_wconf 90' lang='lat' dir='ltr'><strong>a</strong></span> <span class='ocrx_word' id='word_1_316' title='bbox 3633 2462 3749 2516; x_wconf 89' lang='lat' dir='ltr'><strong>quo</strong></span> 
     </span>
    </p>
   </div>
   <div class='ocr_carea' id='block_1_48' title="bbox 319 2533 3744 2609">
    <p class='ocr_par' dir='ltr' id='par_1_48' title="bbox 319 2533 3744 2609">
     <span class='ocr_line' id='line_1_48' title="bbox 319 2533 3744 2609; baseline 0.001 -22"><span class='ocrx_word' id='word_1_317' title='bbox 319 2533 620 2590; x_wconf 89' lang='lat' dir='ltr'><strong>terreslria</strong></span> <span class='ocrx_word' id='word_1_318' title='bbox 641 2538 796 2590; x_wconf 83' lang='lat' dir='ltr'><strong>recte</strong></span> <span class='ocrx_word' id='word_1_319' title='bbox 825 2535 1318 2592; x_wconf 85' lang='lat' dir='ltr'><strong>administrentur</strong></span> <span class='ocrx_word' id='word_1_320' title='bbox 1350 2553 1363 2592; x_wconf 89' lang='lat'><strong>:</strong></span> <span class='ocrx_word' id='word_1_321' title='bbox 1399 2537 1498 2609; x_wconf 92' lang='lat' dir='ltr'><strong>qui</strong></span> <span class='ocrx_word' id='word_1_322' title='bbox 1526 2537 1704 2593; x_wconf 88' lang='lat' dir='ltr'><strong>etiam</strong></span> <span class='ocrx_word' id='word_1_323' title='bbox 1737 2537 1970 2593; x_wconf 66' lang='lat' dir='ltr'><strong>invidiae</strong></span> <span class='ocrx_word' id='word_1_324' title='bbox 2003 2536 2156 2593; x_wconf 85' lang='lat' dir='ltr'><strong>fastu</strong></span> <span class='ocrx_word' id='word_1_325' title='bbox 2189 2537 2381 2592; x_wconf 82' lang='lat' dir='ltr'><strong>elatus</strong></span> <span class='ocrx_word' id='word_1_326' title='bbox 2413 2541 2832 2604; x_wconf 75' lang='lat' dir='ltr'><strong>terrzemotum,</strong></span> <span class='ocrx_word' id='word_1_327' title='bbox 2859 2537 3202 2608; x_wconf 85' lang='lat' dir='ltr'><strong>grandinem</strong></span> <span class='ocrx_word' id='word_1_328' title='bbox 3236 2540 3294 2590; x_wconf 89' lang='lat' dir='ltr'><strong>et</strong></span> <span class='ocrx_word' id='word_1_329' title='bbox 3321 2535 3536 2591; x_wconf 84' lang='lat' dir='ltr'><strong>famem</strong></span> <span class='ocrx_word' id='word_1_330' title='bbox 3571 2535 3744 2590; x_wconf 91' lang='lat' dir='ltr'><strong>indu-</strong></span> 
     </span>
    </p>
   </div>
   <div class='ocr_carea' id='block_1_49' title="bbox 325 2623 2889 2698">
    <p class='ocr_par' dir='ltr' id='par_1_49' title="bbox 325 2623 2889 2698">
     <span class='ocr_line' id='line_1_49' title="bbox 325 2623 2889 2698; baseline 0 -20"><span class='ocrx_word' id='word_1_331' title='bbox 325 2629 440 2678; x_wconf 87' lang='lat' dir='ltr'><strong>cat.</strong></span> <span class='ocrx_word' id='word_1_332' title='bbox 475 2623 728 2680; x_wconf 87' lang='lat' dir='ltr'><strong>Proinde</strong></span> <span class='ocrx_word' id='word_1_333' title='bbox 758 2641 892 2680; x_wconf 90' lang='lat' dir='ltr'><strong>cum</strong></span> <span class='ocrx_word' id='word_1_334' title='bbox 927 2625 1042 2680; x_wconf 90' lang='lat' dir='ltr'><strong>alia</strong></span> <span class='ocrx_word' id='word_1_335' title='bbox 1073 2625 1186 2692; x_wconf 84' lang='lat' dir='ltr'><strong>ipsi</strong></span> <span class='ocrx_word' id='word_1_336' title='bbox 1217 2626 1642 2698; x_wconf 87' lang='lat' dir='ltr'><strong>imprecantur,</strong></span> <span class='ocrx_word' id='word_1_337' title='bbox 1675 2633 1804 2682; x_wconf 88' lang='lat' dir='ltr'><strong>tum</strong></span> <span class='ocrx_word' id='word_1_338' title='bbox 1836 2631 1893 2683; x_wconf 88' lang='lat' dir='ltr'><strong>et</strong></span> <span class='ocrx_word' id='word_1_339' title='bbox 1921 2627 2345 2682; x_wconf 88' lang='lat' dir='ltr'><strong>exsecrandum</strong></span> <span class='ocrx_word' id='word_1_340' title='bbox 2377 2626 2523 2681; x_wconf 90' lang='lat' dir='ltr'><strong>illud</strong></span> <span class='ocrx_word' id='word_1_341' title='bbox 2553 2626 2889 2682; x_wconf 88' lang='lat' dir='ltr'><strong>anathema.</strong></span> 
     </span>
    </p>
   </div>
   <div class='ocr_carea' id='block_1_50' title="bbox 1852 2887 2222 2946">
    <p class='ocr_par' dir='ltr' id='par_1_50' title="bbox 1852 2887 2222 2946">
     <span class='ocr_line' id='line_1_50' title="bbox 1852 2887 2222 2946; baseline -0.003 -1"><span class='ocrx_word' id='word_1_342' title='bbox 1852 2887 2084 2945; x_wconf 85' lang='lat' dir='ltr'><strong>CAPUT</strong></span> <span class='ocrx_word' id='word_1_343' title='bbox 2125 2890 2222 2946; x_wconf 84' lang='lat' dir='ltr'><strong>III.</strong></span> 
     </span>
    </p>
   </div>
   <div class='ocr_carea' id='block_1_51' title="bbox 409 2975 3684 3059">
    <p class='ocr_par' dir='ltr' id='par_1_51' title="bbox 409 2975 3684 3059">
     <span class='ocr_line' id='line_1_51' title="bbox 409 2975 3684 3059; baseline 0.001 -21"><span class='ocrx_word' id='word_1_344' title='bbox 409 2985 588 3051; x_wconf 81' lang='lat' dir='ltr'><strong>Quare</strong></span> <span class='ocrx_word' id='word_1_345' title='bbox 617 2988 870 3044; x_wconf 83' lang='lat' dir='ltr'><strong>Satanael</strong></span> <span class='ocrx_word' id='word_1_346' title='bbox 900 2989 1000 3043; x_wconf 84' lang='lat' dir='ltr'><strong>Dei</strong></span> <span class='ocrx_word' id='word_1_347' title='bbox 1025 2988 1178 3058; x_wconf 76' lang='lat' dir='ltr'><strong>ﬁlius</strong></span> <span class='ocrx_word' id='word_1_348' title='bbox 1207 2988 1274 3043; x_wconf 83' lang='lat' dir='ltr'><strong>ab</strong></span> <span class='ocrx_word' id='word_1_349' title='bbox 1305 2989 1558 3044; x_wconf 77' lang='lat' dir='ltr'><strong>Euchitis</strong></span> <span class='ocrx_word' id='word_1_350' title='bbox 1595 2987 1834 3043; x_wconf 78' lang='lat' dir='ltr'><strong>dicatur.</strong></span> <span class='ocrx_word' id='word_1_351' title='bbox 1867 2989 2152 3044; x_wconf 54' lang='lat' dir='ltr'><strong>Hareseon</strong></span> <span class='ocrx_word' id='word_1_352' title='bbox 2195 2989 2350 3058; x_wconf 80' lang='lat' dir='ltr'><strong>origo</strong></span> <span class='ocrx_word' id='word_1_353' title='bbox 2381 3005 2415 3042; x_wconf 86' lang='grc' dir='ltr'><strong>α</strong></span> <span class='ocrx_word' id='word_1_354' title='bbox 2445 2987 2668 3044; x_wconf 78' lang='lat' dir='ltr'><strong>Salano.</strong></span> <span class='ocrx_word' id='word_1_355' title='bbox 2704 2988 2880 3056; x_wconf 84' lang='lat' dir='ltr'><strong>Quam</strong></span> <span class='ocrx_word' id='word_1_356' title='bbox 2917 2988 3049 3044; x_wconf 53' lang='lat' dir='ltr'><strong>caci</strong></span> <span class='ocrx_word' id='word_1_357' title='bbox 3082 2996 3368 3058; x_wconf 78' lang='lat' dir='ltr'><strong>menteque</strong></span> <span class='ocrx_word' id='word_1_358' title='bbox 3395 2975 3684 3059; x_wconf 64' lang='lat' dir='ltr'><strong>capti‘sint</strong></span> 
     </span>
    </p>
   </div>
   <div class='ocr_carea' id='block_1_52' title="bbox 1231 3060 2846 3132">
    <p class='ocr_par' dir='ltr' id='par_1_52' title="bbox 1231 3060 2846 3132">
     <span class='ocr_line' id='line_1_52' title="bbox 1231 3060 2846 3132; baseline 0.001 -18"><span class='ocrx_word' id='word_1_359' title='bbox 1231 3060 1502 3129; x_wconf 54' lang='lat' dir='ltr'><strong>heretici,</strong></span> <span class='ocrx_word' id='word_1_360' title='bbox 1536 3063 1632 3131; x_wconf 80' lang='lat' dir='ltr'><strong>qni</strong></span> <span class='ocrx_word' id='word_1_361' title='bbox 1658 3060 1928 3116; x_wconf 66' lang='lat' dir='ltr'><strong>dwmonis</strong></span> <span class='ocrx_word' id='word_1_362' title='bbox 1958 3060 2242 3115; x_wconf 77' lang='lat' dir='ltr'><strong>illusiones</strong></span> <span class='ocrx_word' id='word_1_363' title='bbox 2272 3075 2384 3115; x_wconf 81' lang='lat' dir='ltr'><strong>non</strong></span> <span class='ocrx_word' id='word_1_364' title='bbox 2413 3061 2846 3132; x_wconf 76' lang='lat' dir='ltr'><strong>deprehendant.</strong></span> 
     </span>
    </p>
   </div>
   <div class='ocr_carea' id='block_1_53' title="bbox 411 3181 1979 3262">
    <p class='ocr_par' dir='ltr' id='par_1_53' title="bbox 411 3181 1979 3262">
     <span class='ocr_line' id='line_1_53' title="bbox 411 3181 1979 3262; baseline 0.002 -26"><span class='ocrx_word' id='word_1_365' title='bbox 411 3181 638 3239; x_wconf 78' lang='grc' dir='ltr'><strong>ΤΙΜΟΘ.</strong></span> <span class='ocrx_word' id='word_1_366' title='bbox 674 3182 794 3240; x_wconf 84' lang='grc' dir='ltr'>Τίσι</span> <span class='ocrx_word' id='word_1_367' title='bbox 848 3181 903 3240; x_wconf 71' lang='grc' dir='ltr'><strong>δὲ</strong></span> <span class='ocrx_word' id='word_1_368' title='bbox 947 3183 1158 3262; x_wconf 81' lang='grc' dir='ltr'>λόγοις,</span> <span class='ocrx_word' id='word_1_369' title='bbox 1209 3186 1254 3239; x_wconf 83' lang='grc' dir='ltr'><strong>ὦ</strong></span> <span class='ocrx_word' id='word_1_370' title='bbox 1303 3189 1462 3260; x_wconf 76' lang='grc' dir='ltr'><strong>Θρᾷξ,</strong></span> <span class='ocrx_word' id='word_1_371' title='bbox 1511 3185 1822 3240; x_wconf 82' lang='grc' dir='ltr'>πεπείκασιν</span> <span class='ocrx_word' id='word_1_372' title='bbox 1858 3185 1979 3239; x_wconf 72' lang='grc' dir='ltr'>ἑαυ-</span> 
     </span>
    </p>
   </div>
   <div class='ocr_carea' id='block_1_54' title="bbox 327 3270 1979 3352">
    <p class='ocr_par' dir='ltr' id='par_1_54' title="bbox 327 3270 1979 3352">
     <span class='ocr_line' id='line_1_54' title="bbox 327 3270 1979 3352; baseline 0.003 -29"><span class='ocrx_word' id='word_1_373' title='bbox 327 3270 452 3333; x_wconf 83' lang='grc' dir='ltr'>τοὺς</span> <span class='ocrx_word' id='word_1_374' title='bbox 483 3273 575 3326; x_wconf 88' lang='grc' dir='ltr'>τὸν</span> <span class='ocrx_word' id='word_1_375' title='bbox 607 3275 893 3345; x_wconf 80' lang='grc' dir='ltr'>Σαταναήλ</span> <span class='ocrx_word' id='word_1_376' title='bbox 926 3277 1043 3330; x_wconf 76' lang='grc' dir='ltr'>υἱὸν</span> <span class='ocrx_word' id='word_1_377' title='bbox 1076 3279 1210 3330; x_wconf 72' lang='grc' dir='ltr'>Θεοῦ</span> <span class='ocrx_word' id='word_1_378' title='bbox 1241 3275 1330 3330; x_wconf 79' lang='grc' dir='ltr'><strong>καὶ</strong></span> <span class='ocrx_word' id='word_1_379' title='bbox 1359 3281 1570 3352; x_wconf 82' lang='grc' dir='ltr'>φρονεῖν</span> <span class='ocrx_word' id='word_1_380' title='bbox 1631 3275 1721 3330; x_wconf 83' lang='grc' dir='ltr'><strong>καὶ</strong></span> <span class='ocrx_word' id='word_1_381' title='bbox 1781 3273 1979 3350; x_wconf 80' lang='grc' dir='ltr'>λέγειν,</span> 
     </span>
    </p>
   </div>
   <div class='ocr_carea' id='block_1_55' title="bbox 320 3361 1980 3441">
    <p class='ocr_par' dir='ltr' id='par_1_55' title="bbox 320 3361 1980 3441">
     <span class='ocr_line' id='line_1_55' title="bbox 320 3361 1980 3441; baseline 0.002 -28"><span class='ocrx_word' id='word_1_382' title='bbox 320 3363 428 3414; x_wconf 87' lang='grc' dir='ltr'><strong>τῶν</strong></span> <span class='ocrx_word' id='word_1_383' title='bbox 483 3381 540 3416; x_wconf 88' lang='grc' dir='ltr'><strong>τε</strong></span> <span class='ocrx_word' id='word_1_384' title='bbox 596 3369 953 3441; x_wconf 76' lang='grc' dir='ltr'>προφητικῶν</span> <span class='ocrx_word' id='word_1_385' title='bbox 1010 3365 1098 3418; x_wconf 88' lang='grc' dir='ltr'><strong>καὶ</strong></span> <span class='ocrx_word' id='word_1_386' title='bbox 1162 3365 1320 3428; x_wconf 76' lang='grc' dir='ltr'>θείων</span> <span class='ocrx_word' id='word_1_387' title='bbox 1382 3369 1654 3440; x_wconf 77' lang='grc' dir='ltr'>χρησμῶν</span> <span class='ocrx_word' id='word_1_388' title='bbox 1714 3361 1806 3418; x_wconf 69' lang='grc' dir='ltr'>ἕνα</span> <span class='ocrx_word' id='word_1_389' title='bbox 1859 3365 1980 3417; x_wconf 78' lang='grc' dir='ltr'><strong>Υἱὸν</strong></span> 
     </span>
    </p>
   </div>
   <div class='ocr_carea' id='block_1_56' title="bbox 321 3449 1979 3528">
    <p class='ocr_par' dir='ltr' id='par_1_56' title="bbox 321 3449 1979 3528">
     <span class='ocr_line' id='line_1_56' title="bbox 321 3449 1979 3528; baseline 0.003 -27"><span class='ocrx_word' id='word_1_390' title='bbox 321 3455 600 3526; x_wconf 73' lang='grc' dir='ltr'>πανταχοῦ</span> <span class='ocrx_word' id='word_1_391' title='bbox 633 3449 924 3528; x_wconf 75' lang='grc' dir='ltr'>λεγόντων,</span> <span class='ocrx_word' id='word_1_392' title='bbox 983 3457 1080 3507; x_wconf 73' lang='grc' dir='ltr'>τοῦ</span> <span class='ocrx_word' id='word_1_393' title='bbox 1135 3475 1192 3508; x_wconf 88' lang='grc' dir='ltr'><strong>τε</strong></span> <span class='ocrx_word' id='word_1_394' title='bbox 1245 3453 1563 3523; x_wconf 81' lang='grc' dir='ltr'>ἐπιστηθίου</span> <span class='ocrx_word' id='word_1_395' title='bbox 1603 3455 1716 3526; x_wconf 86' lang='grc'>(17)</span> <span class='ocrx_word' id='word_1_396' title='bbox 1747 3454 1884 3508; x_wconf 73' lang='grc' dir='ltr'>κατὰ</span> <span class='ocrx_word' id='word_1_397' title='bbox 1911 3453 1979 3506; x_wconf 76' lang='grc' dir='ltr'><strong>τά</strong></span> 
     </span>
    </p>
   </div>
   <div class='ocr_carea' id='block_1_57' title="bbox 320 3535 1979 3619">
    <p class='ocr_par' dir='ltr' id='par_1_57' title="bbox 320 3535 1979 3619">
     <span class='ocr_line' id='line_1_57' title="bbox 320 3535 1979 3619; baseline 0.002 -26"><span class='ocrx_word' id='word_1_398' title='bbox 320 3535 562 3612; x_wconf 70' lang='grc' dir='ltr'>ἅχραντα</span> <span class='ocrx_word' id='word_1_399' title='bbox 620 3541 935 3617; x_wconf 77' lang='grc' dir='ltr'>Εὗαγγέλια</span> <span class='ocrx_word' id='word_1_400' title='bbox 985 3543 1313 3619; x_wconf 82' lang='grc' dir='ltr'>κεκραγότος</span> <span class='ocrx_word' id='word_1_401' title='bbox 1364 3543 1488 3614; x_wconf 80' lang='grc' dir='ltr'>περὶ</span> <span class='ocrx_word' id='word_1_402' title='bbox 1541 3547 1636 3596; x_wconf 79' lang='grc' dir='ltr'>τοῦ</span> <span class='ocrx_word' id='word_1_403' title='bbox 1697 3547 1830 3596; x_wconf 73' lang='grc' dir='ltr'>Θεοῦ</span> <span class='ocrx_word' id='word_1_404' title='bbox 1889 3544 1979 3596; x_wconf 85' lang='grc' dir='ltr'>καὶ</span> 
     </span>
    </p>
   </div>
   <div class='ocr_carea' id='block_1_58' title="bbox 2163 3186 3748 3256">
    <p class='ocr_par' dir='ltr' id='par_1_58' title="bbox 2163 3186 3748 3256">
     <span class='ocr_line' id='line_1_58' title="bbox 2163 3186 3748 3256; baseline -0.001 -16"><span class='ocrx_word' id='word_1_405' title='bbox 2163 3187 2460 3241; x_wconf 86' lang='grc' dir='ltr'><strong>ΤΙΜΟΤΗ.</strong></span> <span class='ocrx_word' id='word_1_406' title='bbox 2496 3187 2719 3251; x_wconf 88' lang='lat' dir='ltr'><strong>Quibus</strong></span> <span class='ocrx_word' id='word_1_407' title='bbox 2753 3186 3104 3254; x_wconf 86' lang='lat' dir='ltr'><strong>rationibus,</strong></span> <span class='ocrx_word' id='word_1_408' title='bbox 3134 3203 3164 3241; x_wconf 92' lang='grc' dir='ltr'><strong>ο</strong></span> <span class='ocrx_word' id='word_1_409' title='bbox 3193 3187 3408 3256; x_wconf 81' lang='lat' dir='ltr'><strong>Thrax,</strong></span> <span class='ocrx_word' id='word_1_410' title='bbox 3443 3187 3748 3241; x_wconf 88' lang='lat' dir='ltr'><strong>adducun-</strong></span> 
     </span>
    </p>
   </div>
   <div class='ocr_carea' id='block_1_59' title="bbox 2093 3275 3748 3344">
    <p class='ocr_par' dir='ltr' id='par_1_59' title="bbox 2093 3275 3748 3344">
     <span class='ocr_line' id='line_1_59' title="bbox 2093 3275 3748 3344; baseline 0 -16"><span class='ocrx_word' id='word_1_411' title='bbox 2093 3279 2188 3328; x_wconf 91' lang='lat' dir='ltr'><strong>tur</strong></span> <span class='ocrx_word' id='word_1_412' title='bbox 2220 3275 2497 3344; x_wconf 81' lang='lat' dir='ltr'><strong>Euchitac,</strong></span> <span class='ocrx_word' id='word_1_413' title='bbox 2534 3282 2599 3330; x_wconf 88' lang='lat' dir='ltr'><strong>ut</strong></span> <span class='ocrx_word' id='word_1_414' title='bbox 2647 3276 2920 3331; x_wconf 76' lang='lat' dir='ltr'><strong>Satanae]</strong></span> <span class='ocrx_word' id='word_1_415' title='bbox 2954 3275 3142 3330; x_wconf 82' lang='lat' dir='ltr'><strong>lilium</strong></span> <span class='ocrx_word' id='word_1_416' title='bbox 3171 3275 3272 3330; x_wconf 90' lang='lat' dir='ltr'><strong>Dei</strong></span> <span class='ocrx_word' id='word_1_417' title='bbox 3306 3293 3436 3330; x_wconf 90' lang='lat' dir='ltr'><strong>esse</strong></span> <span class='ocrx_word' id='word_1_418' title='bbox 3483 3275 3748 3340; x_wconf 89' lang='lat' dir='ltr'><strong>credant,</strong></span> 
     </span>
    </p>
   </div>
   <div class='ocr_carea' id='block_1_60' title="bbox 2091 3365 3746 3436">
    <p class='ocr_par' dir='ltr' id='par_1_60' title="bbox 2091 3365 3746 3436">
     <span class='ocr_line' id='line_1_60' title="bbox 2091 3365 3746 3436; baseline -0.001 -17"><span class='ocrx_word' id='word_1_419' title='bbox 2091 3369 2148 3420; x_wconf 91' lang='lat' dir='ltr'><strong>et</strong></span> <span class='ocrx_word' id='word_1_420' title='bbox 2193 3367 2394 3420; x_wconf 86' lang='lat' dir='ltr'><strong>dicant</strong></span> <span class='ocrx_word' id='word_1_421' title='bbox 2452 3367 2813 3436; x_wconf 87' lang='lat' dir='ltr'><strong>propheticis</strong></span> <span class='ocrx_word' id='word_1_422' title='bbox 2859 3365 3190 3436; x_wconf 89' lang='lat' dir='ltr'><strong>divinisque</strong></span> <span class='ocrx_word' id='word_1_423' title='bbox 3247 3365 3503 3420; x_wconf 87' lang='lat' dir='ltr'><strong>oraculis</strong></span> <span class='ocrx_word' id='word_1_424' title='bbox 3563 3381 3746 3420; x_wconf 90' lang='lat' dir='ltr'><strong>unum</strong></span> 
     </span>
    </p>
   </div>
   <div class='ocr_carea' id='block_1_61' title="bbox 2091 3439 3746 3526">
    <p class='ocr_par' dir='ltr' id='par_1_61' title="bbox 2091 3439 3746 3526">
     <span class='ocr_line' id='line_1_61' title="bbox 2091 3439 3746 3526; baseline -0.001 -18"><span class='ocrx_word' id='word_1_425' title='bbox 2091 3455 2310 3526; x_wconf 87' lang='lat' dir='ltr'><strong>ubique</strong></span> <span class='ocrx_word' id='word_1_426' title='bbox 2374 3455 2588 3509; x_wconf 89' lang='lat' dir='ltr'><strong>Filium</strong></span> <span class='ocrx_word' id='word_1_427' title='bbox 2638 3455 3065 3519; x_wconf 83' lang='lat' dir='ltr'><strong>astrucntibus,</strong></span> <span class='ocrx_word' id='word_1_428' title='bbox 3120 3460 3441 3526; x_wconf 86' lang='lat' dir='ltr'><strong>sanctoque</strong></span> <span class='ocrx_word' id='word_1_429' title='bbox 3491 3453 3614 3520; x_wconf 86' lang='lat' dir='ltr'><strong>illo,</strong></span> <span class='ocrx_word' id='word_1_430' title='bbox 3649 3439 3746 3524; x_wconf 83' lang='lat' dir='ltr'><strong>qui</strong></span> 
     </span>
    </p>
   </div>
   <div class='ocr_carea' id='block_1_62' title="bbox 2091 3542 3754 3614">
    <p class='ocr_par' dir='ltr' id='par_1_62' title="bbox 2091 3542 3754 3614">
     <span class='ocr_line' id='line_1_62' title="bbox 2091 3542 3754 3614; baseline -0.001 -15"><span class='ocrx_word' id='word_1_431' title='bbox 2091 3561 2270 3614; x_wconf 86' lang='lat' dir='ltr'><strong>supra</strong></span> <span class='ocrx_word' id='word_1_432' title='bbox 2301 3550 2508 3614; x_wconf 90' lang='lat' dir='ltr'><strong>pectus</strong></span> <span class='ocrx_word' id='word_1_433' title='bbox 2539 3543 2770 3599; x_wconf 90' lang='lat' dir='ltr'><strong>Domini</strong></span> <span class='ocrx_word' id='word_1_434' title='bbox 2805 3543 3172 3608; x_wconf 88' lang='lat' dir='ltr'><strong>recubuit,in</strong></span> <span class='ocrx_word' id='word_1_435' title='bbox 3209 3543 3395 3599; x_wconf 88' lang='lat' dir='ltr'><strong>sacris</strong></span> <span class='ocrx_word' id='word_1_436' title='bbox 3427 3542 3754 3614; x_wconf 86' lang='lat' dir='ltr'><strong>Evangeliis</strong></span> 
     </span>
    </p>
   </div>
   <div class='ocr_carea' id='block_1_63' title="bbox 319 3622 2000 3707">
    <p class='ocr_par' dir='ltr' id='par_1_63' title="bbox 319 3626 1973 3707">
     <span class='ocr_line' id='line_1_63' title="bbox 319 3626 1973 3707; baseline 0.002 -27"><span class='ocrx_word' id='word_1_437' title='bbox 319 3627 516 3702; x_wconf 85' lang='grc' dir='ltr'>Λόγου·</span> <span class='ocrx_word' id='word_1_438' title='bbox 550 3626 706 3699; x_wconf 78' lang='grc' dir='ltr'>δόξαν</span> <span class='ocrx_word' id='word_1_439' title='bbox 757 3633 832 3693; x_wconf 86' lang='grc' dir='ltr'>ὡς</span> <span class='ocrx_word' id='word_1_440' title='bbox 891 3633 1238 3706; x_wconf 78' lang='grc' dir='ltr'>Μονογενοῦς</span> <span class='ocrx_word' id='word_1_441' title='bbox 1289 3633 1437 3704; x_wconf 75' lang='grc' dir='ltr'>παρὰ</span> <span class='ocrx_word' id='word_1_442' title='bbox 1495 3632 1728 3707; x_wconf 85' lang='grc' dir='ltr'>Πατρός·</span> <span class='ocrx_word' id='word_1_443' title='bbox 1763 3630 1854 3685; x_wconf 86' lang='grc' dir='ltr'><strong>καὶ</strong></span> <span class='ocrx_word' id='word_1_444' title='bbox 1887 3629 1973 3702; x_wconf 75' lang='grc' dir='ltr'>αὖ,</span> 
     </span>
    </p>
   </div>
   <div class='ocr_carea' id='block_1_64' title="bbox 2101 3622 3754 3707">
    <p class='ocr_par' dir='ltr' id='par_1_64' title="bbox 2101 3633 3754 3704">
     <span class='ocr_line' id='line_1_64' title="bbox 2101 3633 3754 3704; baseline -0.001 -16"><span class='ocrx_word' id='word_1_445' title='bbox 2101 3633 2378 3688; x_wconf 66' lang='lat' dir='ltr'><strong>zlarnantc</strong></span> <span class='ocrx_word' id='word_1_446' title='bbox 2411 3634 2482 3688; x_wconf 90' lang='lat' dir='ltr'><strong>de</strong></span> <span class='ocrx_word' id='word_1_447' title='bbox 2531 3633 2646 3690; x_wconf 93' lang='lat' dir='ltr'><strong>Deo</strong></span> <span class='ocrx_word' id='word_1_448' title='bbox 2679 3639 2734 3689; x_wconf 89' lang='lat' dir='ltr'><strong>et</strong></span> <span class='ocrx_word' id='word_1_449' title='bbox 2763 3633 2958 3702; x_wconf 84' lang='lat' dir='ltr'><strong>verbo,</strong></span> <span class='ocrx_word' id='word_1_450' title='bbox 2995 3633 3236 3689; x_wconf 84' lang='lat' dir='ltr'><strong>Gloriam</strong></span> <span class='ocrx_word' id='word_1_451' title='bbox 3265 3635 3426 3704; x_wconf 79' lang='lat' dir='ltr'><strong>quasi</strong></span> <span class='ocrx_word' id='word_1_452' title='bbox 3471 3633 3754 3702; x_wconf 81' lang='lat' dir='ltr'><strong>unigeniti</strong></span> 
     </span>
    </p>
   </div>
   <div class='ocr_carea' id='block_1_65' title="bbox 321 3717 1974 3794">
    <p class='ocr_par' dir='ltr' id='par_1_65' title="bbox 321 3717 1974 3794">
     <span class='ocr_line' id='line_1_65' title="bbox 321 3717 1974 3794; baseline 0.003 -25"><span class='ocrx_word' id='word_1_453' title='bbox 321 3717 348 3768; x_wconf 98' lang='lat'><strong>6</strong></span> <span class='ocrx_word' id='word_1_454' title='bbox 409 3721 750 3794; x_wconf 76' lang='grc' dir='ltr'>Μονογενὴς,</span> <span class='ocrx_word' id='word_1_455' title='bbox 815 3721 842 3775; x_wconf 88' lang='grc' dir='ltr'>ὁ</span> <span class='ocrx_word' id='word_1_456' title='bbox 901 3718 974 3774; x_wconf 85' lang='grc' dir='ltr'><strong>ὢν</strong></span> <span class='ocrx_word' id='word_1_457' title='bbox 1026 3721 1104 3784; x_wconf 68' lang='grc' dir='ltr'><strong>εἷς</strong></span> <span class='ocrx_word' id='word_1_458' title='bbox 1158 3721 1249 3776; x_wconf 89' lang='grc' dir='ltr'><strong>τὸν</strong></span> <span class='ocrx_word' id='word_1_459' title='bbox 1309 3722 1520 3776; x_wconf 81' lang='grc' dir='ltr'>κόΛπον</span> <span class='ocrx_word' id='word_1_460' title='bbox 1579 3725 1675 3776; x_wconf 82' lang='grc' dir='ltr'><strong>τοῦ</strong></span> <span class='ocrx_word' id='word_1_461' title='bbox 1739 3719 1974 3793; x_wconf 77' lang='grc' dir='ltr'>Πατρὸς,</span> 
     </span>
    </p>
   </div>
   <div class='ocr_carea' id='block_1_66' title="bbox 319 3803 1974 3882">
    <p class='ocr_par' dir='ltr' id='par_1_66' title="bbox 319 3803 1974 3882">
     <span class='ocr_line' id='line_1_66' title="bbox 319 3803 1974 3882; baseline 0.004 -25"><span class='ocrx_word' id='word_1_462' title='bbox 319 3803 479 3868; x_wconf 78' lang='grc' dir='ltr'>αὐτὸς</span> <span class='ocrx_word' id='word_1_463' title='bbox 512 3806 834 3882; x_wconf 66' lang='grc' dir='ltr'>ἐξηγήσατο.</span> <span class='ocrx_word' id='word_1_464' title='bbox 861 3809 1029 3874; x_wconf 85' lang='grc' dir='ltr'>Πόθεν</span> <span class='ocrx_word' id='word_1_465' title='bbox 1064 3809 1154 3864; x_wconf 79' lang='grc' dir='ltr'><strong>οὖν</strong></span> <span class='ocrx_word' id='word_1_466' title='bbox 1185 3811 1373 3872; x_wconf 70' lang='grc' dir='ltr'>αὐτοῖς</span> <span class='ocrx_word' id='word_1_467' title='bbox 1405 3808 1638 3878; x_wconf 79' lang='grc' dir='ltr'>ἐπῆλθεν</span> <span class='ocrx_word' id='word_1_468' title='bbox 1671 3811 1704 3878; x_wconf 85' lang='grc' dir='ltr'><strong>ἡ</strong></span> <span class='ocrx_word' id='word_1_469' title='bbox 1737 3810 1974 3880; x_wconf 82' lang='grc' dir='ltr'>τοσαύτη</span> 
     </span>
    </p>
   </div>
   <div class='ocr_carea' id='block_1_67' title="bbox 322 3892 548 3964">
    <p class='ocr_par' dir='ltr' id='par_1_67' title="bbox 322 3892 548 3964">
     <span class='ocr_line' id='line_1_67' title="bbox 322 3892 548 3964; baseline 0 -18"><span class='ocrx_word' id='word_1_470' title='bbox 322 3892 504 3962; x_wconf 83' lang='grc' dir='ltr'>πλάνη</span> <span class='ocrx_word' id='word_1_471' title='bbox 533 3940 548 3964; x_wconf 79' lang='lat'><strong>,</strong></span> 
     </span>
    </p>
   </div>
   <div class='ocr_carea' id='block_1_68' title="bbox 391 3983 1978 4062">
    <p class='ocr_par' dir='ltr' id='par_1_68' title="bbox 391 3983 1978 4062">
     <span class='ocr_line' id='line_1_68' title="bbox 391 3983 1978 4062; baseline 0.003 -26"><span class='ocrx_word' id='word_1_472' title='bbox 391 3989 592 4055; x_wconf 80' lang='grc' dir='ltr'><strong>ΘΡᾼΞ.</strong></span> <span class='ocrx_word' id='word_1_473' title='bbox 649 3986 812 4041; x_wconf 85' lang='grc' dir='ltr'>Πόθεν</span> <span class='ocrx_word' id='word_1_474' title='bbox 871 3983 1126 4056; x_wconf 73' lang='grc' dir='ltr'>ἄλλοθεν,</span> <span class='ocrx_word' id='word_1_475' title='bbox 1174 3986 1218 4041; x_wconf 86' lang='grc' dir='ltr'><strong>ὦ</strong></span> <span class='ocrx_word' id='word_1_476' title='bbox 1277 3987 1532 4062; x_wconf 87' lang='grc' dir='ltr'>Τιμόθεε,</span> <span class='ocrx_word' id='word_1_477' title='bbox 1566 3987 1601 4057; x_wconf 71' lang='grc' dir='ltr'><strong>ἦ</strong></span> <span class='ocrx_word' id='word_1_478' title='bbox 1633 3986 1722 4042; x_wconf 82' lang='grc' dir='ltr'><strong>καὶ</strong></span> <span class='ocrx_word' id='word_1_479' title='bbox 1759 3987 1919 4048; x_wconf 83' lang='grc' dir='ltr'>αὐτὸς</span> <span class='ocrx_word' id='word_1_480' title='bbox 1951 3988 1978 4041; x_wconf 87' lang='grc' dir='ltr'>ὁ</span> 
     </span>
    </p>
   </div>
   <div class='ocr_carea' id='block_1_69' title="bbox 318 4071 1980 4152">
    <p class='ocr_par' dir='ltr' id='par_1_69' title="bbox 318 4071 1980 4152">
     <span class='ocr_line' id='line_1_69' title="bbox 318 4071 1980 4152; baseline 0.005 -28"><span class='ocrx_word' id='word_1_481' title='bbox 318 4075 412 4125; x_wconf 71' lang='grc' dir='ltr'>τοῦ</span> <span class='ocrx_word' id='word_1_482' title='bbox 465 4071 699 4147; x_wconf 64' lang='grc' dir='ltr'>ψεύδους</span> <span class='ocrx_word' id='word_1_483' title='bbox 759 4073 947 4152; x_wconf 73' lang='grc' dir='ltr'>ἅρχων</span> <span class='ocrx_word' id='word_1_484' title='bbox 1005 4081 1173 4131; x_wconf 71' lang='grc' dir='ltr'>ταῦτα</span> <span class='ocrx_word' id='word_1_485' title='bbox 1203 4076 1648 4152; x_wconf 82' lang='grc' dir='ltr'>περιαυτολογῶν</span> <span class='ocrx_word' id='word_1_486' title='bbox 1679 4081 1786 4132; x_wconf 90' lang='grc' dir='ltr'><strong>τῶν</strong></span> <span class='ocrx_word' id='word_1_487' title='bbox 1821 4077 1980 4148; x_wconf 81' lang='grc' dir='ltr'>ἀνοή-</span> 
     </span>
    </p>
   </div>
   <div class='ocr_carea' id='block_1_70' title="bbox 389 4217 814 4289">
    <p class='ocr_par' dir='ltr' id='par_1_70' title="bbox 389 4217 814 4289">
     <span class='ocr_line' id='line_1_70' title="bbox 389 4217 814 4289; baseline 0.002 -14"><span class='ocrx_word' id='word_1_488' title='bbox 389 4221 406 4254; x_wconf 78' lang='grc'>¹</span> <span class='ocrx_word' id='word_1_489' title='bbox 439 4217 610 4276; x_wconf 87' lang='lat' dir='ltr'><strong>Joan.</strong></span> <span class='ocrx_word' id='word_1_490' title='bbox 646 4237 685 4289; x_wconf 87' lang='grc' dir='ltr'>ι,</span> <span class='ocrx_word' id='word_1_491' title='bbox 727 4221 814 4276; x_wconf 77' lang='grc'><strong>14.</strong></span> 
     </span>
    </p>
   </div>
   <div class='ocr_carea' id='block_1_71' title="bbox 2089 3723 3750 3794">
    <p class='ocr_par' dir='ltr' id='par_1_71' title="bbox 2089 3723 3750 3794">
     <span class='ocr_line' id='line_1_71' title="bbox 2089 3723 3750 3794; baseline -0.001 -16"><span class='ocrx_word' id='word_1_492' title='bbox 2089 3739 2128 3778; x_wconf 87' lang='lat' dir='ltr'><strong>a</strong></span> <span class='ocrx_word' id='word_1_493' title='bbox 2159 3725 2400 3790; x_wconf 68' lang='lat' dir='ltr'><strong>l’atre&#39;;</strong></span> <span class='ocrx_word' id='word_1_494' title='bbox 2437 3728 2494 3778; x_wconf 88' lang='lat' dir='ltr'><strong>et</strong></span> <span class='ocrx_word' id='word_1_495' title='bbox 2540 3723 2774 3794; x_wconf 90' lang='lat' dir='ltr'><strong>iterum,</strong></span> <span class='ocrx_word' id='word_1_496' title='bbox 2813 3725 3138 3794; x_wconf 83' lang='lat' dir='ltr'><strong>Unigenitus</strong></span> <span class='ocrx_word' id='word_1_497' title='bbox 3187 3725 3364 3778; x_wconf 69' lang='lat' dir='ltr'><strong>Filius</strong></span> <span class='ocrx_word' id='word_1_498' title='bbox 3415 3739 3510 3794; x_wconf 85' lang='lat' dir='ltr'><strong>qm</strong></span> <span class='ocrx_word' id='word_1_499' title='bbox 3559 3726 3638 3777; x_wconf 73' lang='lat' dir='ltr'><strong>est</strong></span> <span class='ocrx_word' id='word_1_500' title='bbox 3691 3725 3750 3776; x_wconf 87' lang='lat' dir='ltr'><strong>in</strong></span> 
     </span>
    </p>
   </div>
   <div class='ocr_carea' id='block_1_72' title="bbox 2089 3811 3746 3883">
    <p class='ocr_par' dir='ltr' id='par_1_72' title="bbox 2089 3811 3746 3883">
     <span class='ocr_line' id='line_1_72' title="bbox 2089 3811 3746 3883; baseline -0.001 -17"><span class='ocrx_word' id='word_1_501' title='bbox 2089 3814 2219 3867; x_wconf 73' lang='lat' dir='ltr'><strong>sinu</strong></span> <span class='ocrx_word' id='word_1_502' title='bbox 2255 3816 2469 3882; x_wconf 74' lang='lat' dir='ltr'><strong>Patris,</strong></span> <span class='ocrx_word' id='word_1_503' title='bbox 2495 3816 2609 3883; x_wconf 82' lang='lat' dir='ltr'><strong>ipse</strong></span> <span class='ocrx_word' id='word_1_504' title='bbox 2628 3815 2914 3867; x_wconf 78' lang='lat' dir='ltr'><strong>enarravit</strong></span> <span class='ocrx_word' id='word_1_505' title='bbox 2936 3811 2996 3866; x_wconf 69' lang='grc' dir='ltr'><strong>²Ρ</strong></span> <span class='ocrx_word' id='word_1_506' title='bbox 3027 3812 3189 3868; x_wconf 88' lang='lat' dir='ltr'><strong>Unde</strong></span> <span class='ocrx_word' id='word_1_507' title='bbox 3215 3811 3398 3883; x_wconf 84' lang='lat' dir='ltr'><strong>igitur</strong></span> <span class='ocrx_word' id='word_1_508' title='bbox 3427 3811 3485 3866; x_wconf 92' lang='lat' dir='ltr'><strong>in</strong></span> <span class='ocrx_word' id='word_1_509' title='bbox 3515 3815 3746 3866; x_wconf 87' lang='lat' dir='ltr'><strong>tantum</strong></span> 
     </span>
    </p>
   </div>
   <div class='ocr_carea' id='block_1_73' title="bbox 2090 3901 2796 3974">
    <p class='ocr_par' dir='ltr' id='par_1_73' title="bbox 2090 3901 2796 3974">
     <span class='ocr_line' id='line_1_73' title="bbox 2090 3901 2796 3974; baseline 0 -18"><span class='ocrx_word' id='word_1_510' title='bbox 2090 3917 2344 3956; x_wconf 83' lang='lat' dir='ltr'><strong>errorem</strong></span> <span class='ocrx_word' id='word_1_511' title='bbox 2379 3901 2796 3974; x_wconf 87' lang='lat' dir='ltr'><strong>impegerunt?</strong></span> 
     </span>
    </p>
   </div>
   <div class='ocr_carea' id='block_1_74' title="bbox 2165 3989 3746 4059">
    <p class='ocr_par' dir='ltr' id='par_1_74' title="bbox 2165 3989 3746 4059">
     <span class='ocr_line' id='line_1_74' title="bbox 2165 3989 3746 4059; baseline -0.001 -15"><span class='ocrx_word' id='word_1_512' title='bbox 2165 3989 2436 4048; x_wconf 85' lang='lat' dir='ltr'><strong>THRAX.</strong></span> <span class='ocrx_word' id='word_1_513' title='bbox 2479 3991 2804 4058; x_wconf 89' lang='lat' dir='ltr'><strong>Undenam,</strong></span> <span class='ocrx_word' id='word_1_514' title='bbox 2837 4007 2870 4046; x_wconf 93' lang='grc' dir='ltr'><strong>ο</strong></span> <span class='ocrx_word' id='word_1_515' title='bbox 2899 3989 3224 4056; x_wconf 76' lang='lat' dir='ltr'><strong>Timotheo,</strong></span> <span class='ocrx_word' id='word_1_516' title='bbox 3260 3989 3375 4044; x_wconf 89' lang='lat' dir='ltr'><strong>nisi</strong></span> <span class='ocrx_word' id='word_1_517' title='bbox 3413 3989 3552 4059; x_wconf 88' lang='lat' dir='ltr'><strong>quia</strong></span> <span class='ocrx_word' id='word_1_518' title='bbox 3585 4004 3746 4044; x_wconf 87' lang='lat' dir='ltr'><strong>men-</strong></span> 
     </span>
    </p>
   </div>
   <div class='ocr_carea' id='block_1_75' title="bbox 2090 4079 3745 4152">
    <p class='ocr_par' dir='ltr' id='par_1_75' title="bbox 2090 4079 3745 4152">
     <span class='ocr_line' id='line_1_75' title="bbox 2090 4079 3745 4152; baseline -0.001 -18"><span class='ocrx_word' id='word_1_519' title='bbox 2090 4079 2242 4134; x_wconf 90' lang='lat' dir='ltr'><strong>dacii</strong></span> <span class='ocrx_word' id='word_1_520' title='bbox 2295 4079 2570 4152; x_wconf 87' lang='lat' dir='ltr'><strong>princeps</strong></span> <span class='ocrx_word' id='word_1_521' title='bbox 2622 4081 2740 4134; x_wconf 84' lang='lat' dir='ltr'><strong>haec</strong></span> <span class='ocrx_word' id='word_1_522' title='bbox 2789 4096 2858 4135; x_wconf 82' lang='lat' dir='ltr'><strong>ex</strong></span> <span class='ocrx_word' id='word_1_523' title='bbox 2905 4079 3102 4151; x_wconf 85' lang='lat' dir='ltr'><strong>seipso</strong></span> <span class='ocrx_word' id='word_1_524' title='bbox 3147 4079 3510 4150; x_wconf 83' lang='lat' dir='ltr'><strong>conﬁngens,</strong></span> <span class='ocrx_word' id='word_1_525' title='bbox 3549 4093 3745 4132; x_wconf 88' lang='lat' dir='ltr'><strong>vecor-</strong></span> 
     </span>
    </p>
   </div>
   <div class='ocr_carea' id='block_1_76' title="bbox 1711 4321 2340 4379">
    <p class='ocr_par' dir='ltr' id='par_1_76' title="bbox 1711 4321 2340 4379">
     <span class='ocr_line' id='line_1_76' title="bbox 1711 4321 2340 4379; baseline -0.008 0"><span class='ocrx_word' id='word_1_526' title='bbox 1711 4321 2068 4379; x_wconf 84' lang='lat' dir='ltr'><strong>GAULMINI</strong></span> <span class='ocrx_word' id='word_1_527' title='bbox 2107 4321 2340 4378; x_wconf 74' lang='lat' dir='ltr'><strong>NOT/E.</strong></span> 
     </span>
    </p>
   </div>
   <div class='ocr_carea' id='block_1_77' title="bbox 386 4435 1988 4504">
    <p class='ocr_par' dir='ltr' id='par_1_77' title="bbox 386 4435 1988 4504">
     <span class='ocr_line' id='line_1_77' title="bbox 386 4435 1988 4504; baseline 0.003 -15"><span class='ocrx_word' id='word_1_528' title='bbox 386 4435 499 4504; x_wconf 92' lang='grc'>(13)</span> <span class='ocrx_word' id='word_1_529' title='bbox 555 4437 696 4492; x_wconf 88' lang='lat' dir='ltr'><strong>Inde</strong></span> <span class='ocrx_word' id='word_1_530' title='bbox 753 4438 1052 4494; x_wconf 85' lang='lat' dir='ltr'><strong>Sataniani</strong></span> <span class='ocrx_word' id='word_1_531' title='bbox 1124 4437 1264 4492; x_wconf 88' lang='lat' dir='ltr'><strong>dicti</strong></span> <span class='ocrx_word' id='word_1_532' title='bbox 1327 4437 1540 4492; x_wconf 76' lang='lat' dir='ltr'><strong>Nicetes</strong></span> <span class='ocrx_word' id='word_1_533' title='bbox 1601 4439 1658 4492; x_wconf 93' lang='lat' dir='ltr'><strong>in</strong></span> <span class='ocrx_word' id='word_1_534' title='bbox 1717 4441 1988 4496; x_wconf 81' lang='lat' dir='ltr'><strong>Thesauro</strong></span> 
     </span>
    </p>
   </div>
   <div class='ocr_carea' id='block_1_78' title="bbox 315 4506 1986 4576">
    <p class='ocr_par' dir='ltr' id='par_1_78' title="bbox 315 4506 1986 4576">
     <span class='ocr_line' id='line_1_78' title="bbox 315 4506 1986 4576; baseline 0.003 -18"><span class='ocrx_word' id='word_1_535' title='bbox 315 4506 454 4576; x_wconf 81' lang='lat' dir='ltr'><strong>ort_h.</strong></span> <span class='ocrx_word' id='word_1_536' title='bbox 489 4507 586 4576; x_wconf 84' lang='lat' dir='ltr'><strong>ﬁd.</strong></span> <span class='ocrx_word' id='word_1_537' title='bbox 607 4527 640 4563; x_wconf 76' lang='grc' dir='ltr'><strong>ιι</strong></span> <span class='ocrx_word' id='word_1_538' title='bbox 671 4509 934 4564; x_wconf 90' lang='lat' dir='ltr'><strong>numinis</strong></span> <span class='ocrx_word' id='word_1_539' title='bbox 967 4511 1057 4566; x_wconf 89' lang='lat' dir='ltr'><strong>sui</strong></span> <span class='ocrx_word' id='word_1_540' title='bbox 1084 4510 1382 4576; x_wconf 90' lang='lat' dir='ltr'><strong>cultu,cui</strong></span> <span class='ocrx_word' id='word_1_541' title='bbox 1417 4516 1474 4564; x_wconf 90' lang='lat' dir='ltr'><strong>et</strong></span> <span class='ocrx_word' id='word_1_542' title='bbox 1505 4510 1986 4566; x_wconf 67' lang='lat' dir='ltr'><strong>tribuebantnva</strong></span> 
     </span>
    </p>
   </div>
   <div class='ocr_carea' id='block_1_79' title="bbox 359 4571 1982 4657">
    <p class='ocr_par' dir='ltr' id='par_1_79' title="bbox 359 4571 1982 4657">
     <span class='ocr_line' id='line_1_79' title="bbox 359 4571 1982 4657; baseline 0.006 -28"><span class='ocrx_word' id='word_1_543' title='bbox 359 4571 508 4657; x_wconf 71' lang='grc' dir='ltr'>ιϐλία</span> <span class='ocrx_word' id='word_1_544' title='bbox 553 4585 654 4657; x_wconf 70' lang='grc' dir='ltr'>τῇς</span> <span class='ocrx_word' id='word_1_545' title='bbox 709 4579 969 4657; x_wconf 33' lang='grc' dir='ltr'>παλαιᾶς-</span> <span class='ocrx_word' id='word_1_546' title='bbox 997 4571 1265 4657; x_wconf 44' lang='grc' dir='ltr'><strong>Γροιιιξμῆςς⁷</strong></span> <span class='ocrx_word' id='word_1_547' title='bbox 1294 4581 1493 4657; x_wconf 50' lang='lat' dir='ltr'><strong>Iieont.</strong></span> <span class='ocrx_word' id='word_1_548' title='bbox 1531 4599 1584 4652; x_wconf 88' lang='lat' dir='ltr'><strong>p.</strong></span> <span class='ocrx_word' id='word_1_549' title='bbox 1756 4585 1982 4657; x_wconf 49' lang='grc' dir='ltr'><strong>Ηίθεοι.</strong></span> 
     </span>
    </p>
   </div>
   <div class='ocr_carea' id='block_1_80' title="bbox 368 4651 1985 4724">
    <p class='ocr_par' dir='ltr' id='par_1_80' title="bbox 368 4651 1985 4724">
     <span class='ocr_line' id='line_1_80' title="bbox 368 4651 1985 4724; baseline 0.004 -20"><span class='ocrx_word' id='word_1_550' title='bbox 368 4666 432 4724; x_wconf 86' lang='lat' dir='ltr'><strong>ec</strong></span> <span class='ocrx_word' id='word_1_551' title='bbox 488 4651 596 4706; x_wconf 86' lang='lat' dir='ltr'><strong>soli</strong></span> <span class='ocrx_word' id='word_1_552' title='bbox 650 4652 900 4708; x_wconf 79' lang='lat' dir='ltr'><strong>coluere.</strong></span> <span class='ocrx_word' id='word_1_553' title='bbox 936 4651 1160 4724; x_wconf 65' lang='lat' dir='ltr'><strong>Ophitée</strong></span> <span class='ocrx_word' id='word_1_554' title='bbox 1213 4653 1268 4706; x_wconf 93' lang='lat' dir='ltr'><strong>in</strong></span> <span class='ocrx_word' id='word_1_555' title='bbox 1309 4651 1582 4708; x_wconf 86' lang='lat' dir='ltr'><strong>Philastr.</strong></span> <span class='ocrx_word' id='word_1_556' title='bbox 1619 4654 1746 4708; x_wconf 89' lang='lat' dir='ltr'><strong>init.</strong></span> <span class='ocrx_word' id='word_1_557' title='bbox 1803 4655 1985 4710; x_wconf 87' lang='lat' dir='ltr'><strong>Hodie</strong></span> 
     </span>
    </p>
   </div>
   <div class='ocr_carea' id='block_1_81' title="bbox 319 4721 1984 4782">
    <p class='ocr_par' dir='ltr' id='par_1_81' title="bbox 319 4721 1984 4782">
     <span class='ocr_line' id='line_1_81' title="bbox 319 4721 1984 4782; baseline 0.004 -7"><span class='ocrx_word' id='word_1_558' title='bbox 319 4721 792 4778; x_wconf 88' lang='lat' dir='ltr'><strong>Calecutensium</strong></span> <span class='ocrx_word' id='word_1_559' title='bbox 827 4721 1090 4782; x_wconf 80' lang='lat' dir='ltr'><strong>Deumus</strong></span> <span class='ocrx_word' id='word_1_560' title='bbox 1124 4727 1472 4780; x_wconf 81' lang='lat' dir='ltr'><strong>notissimus</strong></span> <span class='ocrx_word' id='word_1_561' title='bbox 1505 4741 1570 4779; x_wconf 81' lang='lat' dir='ltr'><strong>ex</strong></span> <span class='ocrx_word' id='word_1_562' title='bbox 1605 4725 1826 4781; x_wconf 89' lang='lat' dir='ltr'><strong>Ludov.</strong></span> <span class='ocrx_word' id='word_1_563' title='bbox 1858 4731 1984 4782; x_wconf 82' lang='lat' dir='ltr'><strong>Var-</strong></span> 
     </span>
    </p>
   </div>
   <div class='ocr_carea' id='block_1_82' title="bbox 319 4795 1970 4870">
    <p class='ocr_par' dir='ltr' id='par_1_82' title="bbox 319 4795 1970 4870">
     <span class='ocr_line' id='line_1_82' title="bbox 319 4795 1970 4870; baseline 0.004 -23"><span class='ocrx_word' id='word_1_564' title='bbox 319 4798 461 4870; x_wconf 80' lang='lat' dir='ltr'><strong>tom.</strong></span> <span class='ocrx_word' id='word_1_565' title='bbox 498 4795 573 4870; x_wconf 83' lang='grc' dir='ltr'><strong>(ν,</strong></span> <span class='ocrx_word' id='word_1_566' title='bbox 603 4811 650 4849; x_wconf 90' lang='lat' dir='ltr'><strong>c.</strong></span> <span class='ocrx_word' id='word_1_567' title='bbox 683 4796 910 4870; x_wconf 9' lang='lat' dir='ltr'><strong>2),.‘7Nec</strong></span> <span class='ocrx_word' id='word_1_568' title='bbox 939 4798 1086 4853; x_wconf 84' lang='lat' dir='ltr'><strong>alios</strong></span> <span class='ocrx_word' id='word_1_569' title='bbox 1116 4799 1486 4852; x_wconf 86' lang='lat' dir='ltr'><strong>exscribo.——-</strong></span> <span class='ocrx_word' id='word_1_570' title='bbox 1512 4797 1732 4870; x_wconf 88' lang='lat' dir='ltr'><strong>Tollius</strong></span> <span class='ocrx_word' id='word_1_571' title='bbox 1763 4800 1970 4870; x_wconf 72' lang='lat' dir='ltr'><strong>lnsign.</strong></span> 
     </span>
    </p>
   </div>
   <div class='ocr_carea' id='block_1_83' title="bbox 316 4865 1970 4940">
    <p class='ocr_par' dir='ltr' id='par_1_83' title="bbox 316 4865 1970 4940">
     <span class='ocr_line' id='line_1_83' title="bbox 316 4865 1970 4940; baseline 0.004 -22"><span class='ocrx_word' id='word_1_572' title='bbox 316 4865 380 4920; x_wconf 81' lang='lat' dir='ltr'><strong>it.</strong></span> <span class='ocrx_word' id='word_1_573' title='bbox 416 4865 564 4936; x_wconf 74' lang='lat' dir='ltr'><strong>&quot;aL,</strong></span> <span class='ocrx_word' id='word_1_574' title='bbox 601 4883 655 4937; x_wconf 92' lang='lat' dir='ltr'><strong>p.</strong></span> <span class='ocrx_word' id='word_1_575' title='bbox 689 4868 816 4940; x_wconf 56' lang='lat'><strong>40?,</strong></span> <span class='ocrx_word' id='word_1_576' title='bbox 850 4869 931 4940; x_wconf 83' lang='lat' dir='ltr'><strong>ait</strong></span> <span class='ocrx_word' id='word_1_577' title='bbox 961 4887 1091 4926; x_wconf 90' lang='lat' dir='ltr'><strong>esse</strong></span> <span class='ocrx_word' id='word_1_578' title='bbox 1132 4886 1234 4940; x_wconf 89' lang='lat' dir='ltr'><strong>pro</strong></span> <span class='ocrx_word' id='word_1_579' title='bbox 1279 4873 1540 4934; x_wconf 80' lang='grc' dir='ltr'>Σατανᾶν,</span> <span class='ocrx_word' id='word_1_580' title='bbox 1575 4869 1820 4940; x_wconf 84' lang='lat' dir='ltr'><strong>insuper</strong></span> <span class='ocrx_word' id='word_1_581' title='bbox 1845 4865 1970 4924; x_wconf 80' lang='lat' dir='ltr'><strong>mo-</strong></span> 
     </span>
    </p>
   </div>
   <div class='ocr_carea' id='block_1_84' title="bbox 315 4939 1968 5012">
    <p class='ocr_par' dir='ltr' id='par_1_84' title="bbox 315 4939 1968 5012">
     <span class='ocr_line' id='line_1_84' title="bbox 315 4939 1968 5012; baseline 0.004 -23"><span class='ocrx_word' id='word_1_582' title='bbox 315 4951 461 4992; x_wconf 88' lang='lat' dir='ltr'><strong>nens</strong></span> <span class='ocrx_word' id='word_1_583' title='bbox 519 4955 714 4994; x_wconf 89' lang='lat' dir='ltr'><strong>errare</strong></span> <span class='ocrx_word' id='word_1_584' title='bbox 769 4939 1045 5007; x_wconf 90' lang='lat' dir='ltr'><strong>Psellum,</strong></span> <span class='ocrx_word' id='word_1_585' title='bbox 1110 4939 1262 5012; x_wconf 85' lang='lat' dir='ltr'><strong>quod</strong></span> <span class='ocrx_word' id='word_1_586' title='bbox 1345 4940 1606 4996; x_wconf 86' lang='lat' dir='ltr'><strong>Euchitis</strong></span> <span class='ocrx_word' id='word_1_587' title='bbox 1683 4939 1968 5012; x_wconf 86' lang='lat' dir='ltr'><strong>originem</strong></span> 
     </span>
    </p>
   </div>
   <div class='ocr_carea' id='block_1_85' title="bbox 317 5014 1970 5084">
    <p class='ocr_par' dir='ltr' id='par_1_85' title="bbox 317 5014 1970 5084">
     <span class='ocr_line' id='line_1_85' title="bbox 317 5014 1970 5084; baseline 0.004 -22"><span class='ocrx_word' id='word_1_588' title='bbox 317 5015 484 5084; x_wconf 66' lang='lat' dir='ltr'><strong>secta;</strong></span> <span class='ocrx_word' id='word_1_589' title='bbox 543 5014 863 5084; x_wconf 79' lang='lat' dir='ltr'><strong>a_Manete</strong></span> <span class='ocrx_word' id='word_1_590' title='bbox 911 5017 1153 5084; x_wconf 88' lang='lat' dir='ltr'><strong>repetat,</strong></span> <span class='ocrx_word' id='word_1_591' title='bbox 1216 5029 1347 5066; x_wconf 78' lang='lat' dir='ltr'><strong>cum</strong></span> <span class='ocrx_word' id='word_1_592' title='bbox 1410 5015 1515 5084; x_wconf 8' lang='lat' dir='ltr'><strong>hae,</strong></span> <span class='ocrx_word' id='word_1_593' title='bbox 1561 5017 1730 5067; x_wconf 61' lang='lat' dir='ltr'><strong>secta)</strong></span> <span class='ocrx_word' id='word_1_594' title='bbox 1805 5014 1970 5068; x_wconf 88' lang='lat' dir='ltr'><strong>initio</strong></span> 
     </span>
    </p>
   </div>
   <div class='ocr_carea' id='block_1_86' title="bbox 317 5077 1972 5155">
    <p class='ocr_par' dir='ltr' id='par_1_86' title="bbox 317 5077 1972 5155">
     <span class='ocr_line' id='line_1_86' title="bbox 317 5077 1972 5155; baseline 0.005 -23"><span class='ocrx_word' id='word_1_595' title='bbox 317 5077 514 5155; x_wconf 62' lang='lat' dir='ltr'><strong>longe</strong></span> <span class='ocrx_word' id='word_1_596' title='bbox 549 5081 792 5155; x_wconf 72' lang='lat' dir='ltr'><strong>diversa:</strong></span> <span class='ocrx_word' id='word_1_597' title='bbox 845 5077 1084 5150; x_wconf 82' lang='lat' dir='ltr'><strong>fuerint,</strong></span> <span class='ocrx_word' id='word_1_598' title='bbox 1117 5077 1214 5140; x_wconf 84' lang='lat' dir='ltr'><strong>sed</strong></span> <span class='ocrx_word' id='word_1_599' title='bbox 1253 5089 1454 5155; x_wconf 80' lang='lat' dir='ltr'><strong>postea</strong></span> <span class='ocrx_word' id='word_1_600' title='bbox 1505 5083 1562 5138; x_wconf 90' lang='lat' dir='ltr'><strong>in</strong></span> <span class='ocrx_word' id='word_1_601' title='bbox 1613 5101 1798 5139; x_wconf 90' lang='lat' dir='ltr'><strong>unum</strong></span> <span class='ocrx_word' id='word_1_602' title='bbox 1833 5101 1972 5140; x_wconf 91' lang='lat' dir='ltr'><strong>con-</strong></span> 
     </span>
    </p>
   </div>
   <div class='ocr_carea' id='block_1_87' title="bbox 319 5148 1972 5228">
    <p class='ocr_par' dir='ltr' id='par_1_87' title="bbox 319 5148 1972 5228">
     <span class='ocr_line' id='line_1_87' title="bbox 319 5148 1972 5228; baseline 0.005 -24"><span class='ocrx_word' id='word_1_603' title='bbox 319 5148 609 5228; x_wconf 54' lang='lat' dir='ltr'><strong>iipx‘erint,</strong></span> <span class='ocrx_word' id='word_1_604' title='bbox 629 5154 1004 5228; x_wconf 55' lang='lat' dir='ltr'><strong>salvatamen</strong></span> <span class='ocrx_word' id='word_1_605' title='bbox 1032 5148 1456 5212; x_wconf 74' lang='lat' dir='ltr'><strong>sententiarum</strong></span> <span class='ocrx_word' id='word_1_606' title='bbox 1489 5171 1594 5211; x_wconf 90' lang='lat' dir='ltr'><strong>seu</strong></span> <span class='ocrx_word' id='word_1_607' title='bbox 1626 5157 1972 5228; x_wconf 88' lang='lat' dir='ltr'><strong>dogmatum</strong></span> 
     </span>
    </p>
   </div>
   <div class='ocr_carea' id='block_1_88' title="bbox 317 5220 870 5281">
    <p class='ocr_par' dir='ltr' id='par_1_88' title="bbox 317 5220 870 5281">
     <span class='ocr_line' id='line_1_88' title="bbox 317 5220 870 5281; baseline 0.011 -7"><span class='ocrx_word' id='word_1_608' title='bbox 317 5220 675 5280; x_wconf 77' lang='lat' dir='ltr'><strong>diversitate.</strong></span> <span class='ocrx_word' id='word_1_609' title='bbox 710 5225 870 5281; x_wconf 81' lang='lat' dir='ltr'><strong>Enrr.</strong></span> 
     </span>
    </p>
   </div>
   <div class='ocr_carea' id='block_1_89' title="bbox 387 5295 1972 5373">
    <p class='ocr_par' dir='ltr' id='par_1_89' title="bbox 387 5295 1972 5373">
     <span class='ocr_line' id='line_1_89' title="bbox 387 5295 1972 5373; baseline 0.002 -24"><span class='ocrx_word' id='word_1_610' title='bbox 387 5296 498 5366; x_wconf 79' lang='grc'>(14)</span> <span class='ocrx_word' id='word_1_611' title='bbox 527 5295 1119 5373; x_wconf 39' lang='grc' dir='ltr'>Σεισμους-ᾖω-ωἰιιὶι,</span> <span class='ocrx_word' id='word_1_612' title='bbox 1155 5299 1254 5354; x_wconf 90' lang='lat' dir='ltr'><strong>sed</strong></span> <span class='ocrx_word' id='word_1_613' title='bbox 1291 5315 1393 5370; x_wconf 88' lang='lat' dir='ltr'><strong>per</strong></span> <span class='ocrx_word' id='word_1_614' title='bbox 1422 5295 1690 5373; x_wconf 80' lang='grc' dir='ltr'>ἀγγέλους</span> <span class='ocrx_word' id='word_1_615' title='bbox 1712 5303 1972 5372; x_wconf 85' lang='grc' dir='ltr'>σεισμῶν,</span> 
     </span>
    </p>
   </div>
   <div class='ocr_carea' id='block_1_90' title="bbox 314 5369 1976 5462">
    <p class='ocr_par' dir='ltr' id='par_1_90' title="bbox 314 5369 1976 5462">
     <span class='ocr_line' id='line_1_90' title="bbox 314 5369 1976 5462; baseline 0.005 -45"><span class='ocrx_word' id='word_1_616' title='bbox 314 5371 381 5418; x_wconf 85' lang='lat' dir='ltr'><strong>ut</strong></span> <span class='ocrx_word' id='word_1_617' title='bbox 411 5369 730 5462; x_wconf 66' lang='lat' dir='ltr'><strong>credebant</strong></span> <span class='ocrx_word' id='word_1_618' title='bbox 759 5369 842 5462; x_wconf 45' lang='lat' dir='ltr'><strong>illli</strong></span> <span class='ocrx_word' id='word_1_619' title='bbox 876 5370 1140 5462; x_wconf 67' lang='lat' dir='ltr'><strong>siderati,</strong></span> <span class='ocrx_word' id='word_1_620' title='bbox 1175 5369 1322 5442; x_wconf 83' lang='lat' dir='ltr'><strong>quos</strong></span> <span class='ocrx_word' id='word_1_621' title='bbox 1355 5369 1976 5462; x_wconf 32' lang='lat' dir='ltr'><strong>magi—‘quinlque&#39;esse</strong></span> 
     </span>
    </p>
   </div>
   <div class='ocr_carea' id='block_1_91' title="bbox 311 5440 1978 5588">
    <p class='ocr_par' dir='ltr' id='par_1_91' title="bbox 311 5440 1978 5588">
     <span class='ocr_line' id='line_1_91' title="bbox 312 5440 1978 5515; baseline 0.005 -24"><span class='ocrx_word' id='word_1_622' title='bbox 312 5446 672 5508; x_wconf 76' lang='lat' dir='ltr'><strong>agnoscunt,</strong></span> <span class='ocrx_word' id='word_1_623' title='bbox 707 5447 870 5510; x_wconf 87' lang='lat' dir='ltr'><strong>puto.</strong></span> <span class='ocrx_word' id='word_1_624' title='bbox 905 5443 978 5497; x_wconf 91' lang='lat' dir='ltr'><strong>ob</strong></span> <span class='ocrx_word' id='word_1_625' title='bbox 1038 5440 1300 5514; x_wconf 79' lang='lat' dir='ltr'><strong>quinque</strong></span> <span class='ocrx_word' id='word_1_626' title='bbox 1359 5440 1595 5514; x_wconf 68' lang='grc' dir='ltr'>σεισμῶν</span> <span class='ocrx_word' id='word_1_627' title='bbox 1658 5440 1799 5512; x_wconf 77' lang='grc' dir='ltr'><strong>εἷ’δη,</strong></span> <span class='ocrx_word' id='word_1_628' title='bbox 1835 5445 1978 5515; x_wconf 88' lang='lat' dir='ltr'><strong>quia</strong></span> 
     </span>
     <span class='ocr_line' id='line_1_92' title="bbox 311 5509 1972 5588; baseline 0.004 -26"><span class='ocrx_word' id='word_1_629' title='bbox 311 5517 456 5588; x_wconf 66' lang='lat' dir='ltr'><strong>sunt</strong></span> <span class='ocrx_word' id='word_1_630' title='bbox 487 5509 810 5588; x_wconf 67' lang='grc' dir='ltr'>ξπικλινίαι,</span> <span class='ocrx_word' id='word_1_631' title='bbox 849 5513 1100 5588; x_wconf 82' lang='grc' dir='ltr'>βράσται,</span> <span class='ocrx_word' id='word_1_632' title='bbox 1137 5512 1354 5588; x_wconf 78' lang='grc' dir='ltr'>ῥῆκται,</span> <span class='ocrx_word' id='word_1_633' title='bbox 1394 5515 1631 5588; x_wconf 13' lang='grc' dir='ltr'>νσεισταὶ,</span> <span class='ocrx_word' id='word_1_634' title='bbox 1665 5515 1972 5588; x_wconf 75' lang='grc' dir='ltr'>ἳζηματίαι.</span> 
     </span>
    </p>
   </div>
   <div class='ocr_carea' id='block_1_92' title="bbox 309 5582 1976 5656">
    <p class='ocr_par' dir='ltr' id='par_1_92' title="bbox 309 5582 1976 5656">
     <span class='ocr_line' id='line_1_93' title="bbox 309 5582 1976 5656; baseline 0.004 -20"><span class='ocrx_word' id='word_1_635' title='bbox 309 5582 662 5656; x_wconf 66' lang='grc' dir='ltr'>ᾼείιιοιοευε</span> <span class='ocrx_word' id='word_1_636' title='bbox 694 5582 858 5640; x_wconf 52' lang='lat' dir='ltr'><strong>man;</strong></span> <span class='ocrx_word' id='word_1_637' title='bbox 887 5582 1057 5656; x_wconf 83' lang='lat' dir='ltr'><strong>plura</strong></span> <span class='ocrx_word' id='word_1_638' title='bbox 1087 5582 1346 5642; x_wconf 75' lang='lat' dir='ltr'><strong>disserit.</strong></span> <span class='ocrx_word' id='word_1_639' title='bbox 1389 5587 1527 5642; x_wconf 88' lang='lat' dir='ltr'><strong>Inde</strong></span> <span class='ocrx_word' id='word_1_640' title='bbox 1578 5582 1635 5642; x_wconf 84' lang='lat' dir='ltr'><strong>et</strong></span> <span class='ocrx_word' id='word_1_641' title='bbox 1683 5582 1976 5644; x_wconf 77' lang='lat' dir='ltr'><strong>veteribus</strong></span> 
     </span>
    </p>
   </div>
   <div class='ocr_carea' id='block_1_93' title="bbox 317 5653 1978 5721">
    <p class='ocr_par' dir='ltr' id='par_1_93' title="bbox 317 5653 1978 5721">
     <span class='ocr_line' id='line_1_94' title="bbox 317 5653 1978 5721; baseline 0.004 -12"><span class='ocrx_word' id='word_1_642' title='bbox 317 5653 734 5721; x_wconf 34' lang='lat' dir='ltr'><strong>Persaru’m,si</strong></span> <span class='ocrx_word' id='word_1_643' title='bbox 795 5653 1072 5713; x_wconf 83' lang='lat' dir='ltr'><strong>nebuloni</strong></span> <span class='ocrx_word' id='word_1_644' title='bbox 1127 5658 1390 5715; x_wconf 69' lang='lat' dir='ltr'><strong>Graeculo</strong></span> <span class='ocrx_word' id='word_1_645' title='bbox 1440 5659 1774 5716; x_wconf 87' lang='lat' dir='ltr'><strong>adhibenda</strong></span> <span class='ocrx_word' id='word_1_646' title='bbox 1831 5660 1978 5715; x_wconf 85' lang='lat' dir='ltr'><strong>fides</strong></span> 
     </span>
    </p>
   </div>
   <div class='ocr_carea' id='block_1_94' title="bbox 318 5725 1152 5800">
    <p class='ocr_par' dir='ltr' id='par_1_94' title="bbox 318 5725 1152 5800">
     <span class='ocr_line' id='line_1_95' title="bbox 318 5725 1152 5800; baseline 0.004 -19"><span class='ocrx_word' id='word_1_647' title='bbox 318 5731 429 5792; x_wconf 80' lang='lat' dir='ltr'><strong>est,</strong></span> <span class='ocrx_word' id='word_1_648' title='bbox 465 5727 518 5779; x_wconf 71' lang='grc' dir='ltr'>οἱ</span> <span class='ocrx_word' id='word_1_649' title='bbox 542 5725 718 5800; x_wconf 69' lang='grc' dir='ltr'>μάγοι</span> <span class='ocrx_word' id='word_1_650' title='bbox 751 5731 858 5780; x_wconf 84' lang='grc' dir='ltr'><strong>τῶν</strong></span> <span class='ocrx_word' id='word_1_651' title='bbox 891 5733 1152 5800; x_wconf 75' lang='grc' dir='ltr'>σεισμῶν.</span> 
     </span>
    </p>
   </div>
   <div class='ocr_carea' id='block_1_95' title="bbox 393 5797 1978 5875">
    <p class='ocr_par' dir='ltr' id='par_1_95' title="bbox 393 5797 1978 5875">
     <span class='ocr_line' id='line_1_96' title="bbox 393 5797 1978 5875; baseline 0.004 -24"><span class='ocrx_word' id='word_1_652' title='bbox 393 5800 504 5871; x_wconf 74' lang='lat'><strong>([5)</strong></span> <span class='ocrx_word' id='word_1_653' title='bbox 539 5797 834 5873; x_wconf 63' lang='grc' dir='ltr'>Ἀγγὲλους</span> <span class='ocrx_word' id='word_1_654' title='bbox 861 5797 1113 5874; x_wconf 80' lang='grc' dir='ltr'>χαλάζης</span> <span class='ocrx_word' id='word_1_655' title='bbox 1141 5803 1277 5858; x_wconf 88' lang='lat' dir='ltr'><strong>inde</strong></span> <span class='ocrx_word' id='word_1_656' title='bbox 1301 5807 1602 5875; x_wconf 87' lang='lat' dir='ltr'><strong>nugantur</strong></span> <span class='ocrx_word' id='word_1_657' title='bbox 1623 5801 1808 5874; x_wconf 80' lang='lat' dir='ltr'><strong>magi;</strong></span> <span class='ocrx_word' id='word_1_658' title='bbox 1829 5817 1978 5873; x_wconf 91' lang='lat' dir='ltr'><strong>quos</strong></span> 
     </span>
    </p>
   </div>
   <div class='ocr_carea' id='block_1_96' title="bbox 2097 4435 3742 4511">
    <p class='ocr_par' dir='ltr' id='par_1_96' title="bbox 2097 4435 3742 4511">
     <span class='ocr_line' id='line_1_97' title="bbox 2097 4435 3742 4511; baseline -0.002 -18"><span class='ocrx_word' id='word_1_659' title='bbox 2097 4438 2272 4511; x_wconf 79' lang='lat' dir='ltr'><strong>primi</strong></span> <span class='ocrx_word' id='word_1_660' title='bbox 2334 4435 2637 4511; x_wconf 58' lang='lat' dir='ltr'><strong>Babylonii</strong></span> <span class='ocrx_word' id='word_1_661' title='bbox 2695 4437 3012 4511; x_wconf 70' lang='lat' dir='ltr'><strong>commenti</strong></span> <span class='ocrx_word' id='word_1_662' title='bbox 3065 4437 3368 4511; x_wconf 74' lang='lat' dir='ltr'><strong>sunt.S_ed</strong></span> <span class='ocrx_word' id='word_1_663' title='bbox 3428 4440 3486 4511; x_wconf 78' lang='lat' dir='ltr'><strong>et</strong></span> <span class='ocrx_word' id='word_1_664' title='bbox 3539 4436 3742 4511; x_wconf 68' lang='grc' dir='ltr'>μάγους</span> 
     </span>
    </p>
   </div>
   <div class='ocr_carea' id='block_1_97' title="bbox 2143 4503 3746 4576">
    <p class='ocr_par' dir='ltr' id='par_1_97' title="bbox 2143 4503 3746 4576">
     <span class='ocr_line' id='line_1_98' title="bbox 2143 4503 3746 4576; baseline -0.001 -14"><span class='ocrx_word' id='word_1_665' title='bbox 2143 4507 2348 4576; x_wconf 75' lang='grc' dir='ltr'>αλάζης</span> <span class='ocrx_word' id='word_1_666' title='bbox 2383 4503 2732 4564; x_wconf 86' lang='lat' dir='ltr'><strong>habuerunt.</strong></span> <span class='ocrx_word' id='word_1_667' title='bbox 2765 4508 3050 4563; x_wconf 84' lang='lat' dir='ltr'><strong>Docuerat</strong></span> <span class='ocrx_word' id='word_1_668' title='bbox 3087 4509 3411 4563; x_wconf 83' lang='lat' dir='ltr'><strong>Jamblicus</strong></span> <span class='ocrx_word' id='word_1_669' title='bbox 3459 4506 3510 4562; x_wconf 86' lang='grc' dir='ltr'>ἐν</span> <span class='ocrx_word' id='word_1_670' title='bbox 3539 4503 3746 4564; x_wconf 76' lang='grc' dir='ltr'><strong>’Βάϐυ-</strong></span> 
     </span>
    </p>
   </div>
   <div class='ocr_carea' id='block_1_98' title="bbox 2135 4579 3740 4652">
    <p class='ocr_par' dir='ltr' id='par_1_98' title="bbox 2135 4579 3740 4652">
     <span class='ocr_line' id='line_1_99' title="bbox 2135 4579 3740 4652; baseline 0.002 -18"><span class='ocrx_word' id='word_1_671' title='bbox 2135 4579 2378 4640; x_wconf 84' lang='grc' dir='ltr'>ωνικοῖς.</span> <span class='ocrx_word' id='word_1_672' title='bbox 2417 4579 2860 4652; x_wconf 28' lang='grc' dir='ltr'><strong>ΡὴοιίυεΑωὶῥΙ.</strong></span> <span class='ocrx_word' id='word_1_673' title='bbox 2895 4581 3022 4652; x_wconf 86' lang='lat' dir='ltr'><strong>cod.</strong></span> <span class='ocrx_word' id='word_1_674' title='bbox 3055 4581 3145 4648; x_wconf 61' lang='lat'><strong>9’1,</strong></span> <span class='ocrx_word' id='word_1_675' title='bbox 3195 4597 3249 4652; x_wconf 93' lang='lat' dir='ltr'><strong>p.</strong></span> <span class='ocrx_word' id='word_1_676' title='bbox 3286 4581 3450 4652; x_wconf 65' lang='grc'>241),</span> <span class='ocrx_word' id='word_1_677' title='bbox 3482 4597 3552 4636; x_wconf 81' lang='lat' dir='ltr'><strong>ex</strong></span> <span class='ocrx_word' id='word_1_678' title='bbox 3593 4582 3692 4636; x_wconf 90' lang='lat' dir='ltr'><strong>illo</strong></span> <span class='ocrx_word' id='word_1_679' title='bbox 3726 4599 3740 4637; x_wconf 91' lang='lat'><strong>:</strong></span> 
     </span>
    </p>
   </div>
   <div class='ocr_carea' id='block_1_99' title="bbox 2097 4649 3744 4726">
    <p class='ocr_par' dir='ltr' id='par_1_99' title="bbox 2097 4649 3744 4726">
     <span class='ocr_line' id='line_1_100' title="bbox 2097 4649 3744 4726; baseline 0.001 -21"><span class='ocrx_word' id='word_1_680' title='bbox 2097 4652 2198 4726; x_wconf 83' lang='grc' dir='ltr'><strong>Καὶ</strong></span> <span class='ocrx_word' id='word_1_681' title='bbox 2235 4653 2402 4726; x_wconf 84' lang='grc' dir='ltr'>μάγον</span> <span class='ocrx_word' id='word_1_682' title='bbox 2461 4655 2634 4721; x_wconf 82' lang='grc' dir='ltr'>μυῶν,</span> <span class='ocrx_word' id='word_1_683' title='bbox 2667 4649 2718 4720; x_wconf 79' lang='grc' dir='ltr'><strong>ἐξ</strong></span> <span class='ocrx_word' id='word_1_684' title='bbox 2764 4651 2824 4726; x_wconf 78' lang='grc' dir='ltr'>οὗ</span> <span class='ocrx_word' id='word_1_685' title='bbox 2873 4649 3157 4726; x_wconf 60' lang='grc' dir='ltr'>καλεῖσθαι</span> <span class='ocrx_word' id='word_1_686' title='bbox 3196 4649 3301 4704; x_wconf 63' lang='grc' dir='ltr'>’καὶ</span> <span class='ocrx_word' id='word_1_687' title='bbox 3338 4649 3419 4726; x_wconf 57' lang='grc' dir='ltr'><strong>τά</strong></span> <span class='ocrx_word' id='word_1_688' title='bbox 3469 4653 3744 4726; x_wconf 77' lang='grc' dir='ltr'>μυστήρια</span> 
     </span>
    </p>
   </div>
   <div class='ocr_carea' id='block_1_100' title="bbox 2093 4720 3740 4797">
    <p class='ocr_par' dir='ltr' id='par_1_100' title="bbox 2093 4720 3740 4797">
     <span class='ocr_line' id='line_1_101' title="bbox 2093 4720 3740 4797; baseline -0.002 -18"><span class='ocrx_word' id='word_1_689' title='bbox 2093 4724 2198 4779; x_wconf 76' lang='grc' dir='ltr'><strong>ἀπὸ</strong></span> <span class='ocrx_word' id='word_1_690' title='bbox 2236 4720 2360 4778; x_wconf 60' lang='grc' dir='ltr'>’τῶν</span> <span class='ocrx_word' id='word_1_691' title='bbox 2427 4720 2576 4797; x_wconf 72' lang='grc' dir='ltr'>μυῶν</span> <span class='ocrx_word' id='word_1_692' title='bbox 2610 4741 2623 4754; x_wconf 89' lang='grc'><strong>·</strong></span> <span class='ocrx_word' id='word_1_693' title='bbox 2679 4720 2903 4797; x_wconf 30' lang='grc' dir='ltr'>πρΑῴτ-ην</span> <span class='ocrx_word' id='word_1_694' title='bbox 2962 4722 3064 4797; x_wconf 71' lang='grc' dir='ltr'>γὰρ</span> <span class='ocrx_word' id='word_1_695' title='bbox 3116 4723 3252 4776; x_wconf 67' lang='grc' dir='ltr'>εἶναι</span> <span class='ocrx_word' id='word_1_696' title='bbox 3292 4723 3389 4790; x_wconf 79' lang='grc' dir='ltr'>τὴν</span> <span class='ocrx_word' id='word_1_697' title='bbox 3422 4720 3530 4776; x_wconf 83' lang='grc' dir='ltr'><strong>τῶν</strong></span> <span class='ocrx_word' id='word_1_698' title='bbox 3590 4720 3740 4796; x_wconf 73' lang='grc' dir='ltr'>μυῶν</span> 
     </span>
    </p>
   </div>
   <div class='ocr_carea' id='block_1_101' title="bbox 2085 4791 3741 4870">
    <p class='ocr_par' dir='ltr' id='par_1_101' title="bbox 2085 4791 3741 4870">
     <span class='ocr_line' id='line_1_102' title="bbox 2085 4791 3741 4870; baseline -0.001 -20"><span class='ocrx_word' id='word_1_699' title='bbox 2085 4798 2322 4870; x_wconf 74' lang='grc' dir='ltr'>μαγικήν</span> <span class='ocrx_word' id='word_1_700' title='bbox 2361 4814 2372 4826; x_wconf 88' lang='grc'>·</span> <span class='ocrx_word' id='word_1_701' title='bbox 2401 4791 2490 4870; x_wconf 76' lang='grc' dir='ltr'><strong>καὶ</strong></span> <span class='ocrx_word' id='word_1_702' title='bbox 2527 4791 2794 4870; x_wconf 29' lang='grc' dir='ltr'>μάγονςδίε</span> <span class='ocrx_word' id='word_1_703' title='bbox 2831 4791 2986 4870; x_wconf 67' lang='grc' dir='ltr'>λέγει’</span> <span class='ocrx_word' id='word_1_704' title='bbox 3020 4791 3294 4870; x_wconf 67' lang='grc' dir='ltr'>χαλάζης.</span> <span class='ocrx_word' id='word_1_705' title='bbox 3333 4797 3466 4851; x_wconf 82' lang='lat' dir='ltr'><strong>Mox</strong></span> <span class='ocrx_word' id='word_1_706' title='bbox 3503 4791 3741 4870; x_wconf 67' lang='lat' dir='ltr'><strong>abillis</strong></span> 
     </span>
    </p>
   </div>
   <div class='ocr_carea' id='block_1_102' title="bbox 2081 4863 3741 4940">
    <p class='ocr_par' dir='ltr' id='par_1_102' title="bbox 2081 4863 3741 4940">
     <span class='ocr_line' id='line_1_103' title="bbox 2081 4863 3741 4940; baseline -0.004 -14"><span class='ocrx_word' id='word_1_707' title='bbox 2081 4863 2288 4927; x_wconf 25' lang='lat' dir='ltr'><strong>&#39;Grt&#39;eci‘</strong></span> <span class='ocrx_word' id='word_1_708' title='bbox 2317 4863 2572 4928; x_wconf 66' lang='lat' dir='ltr'><strong>magicas</strong></span> <span class='ocrx_word' id='word_1_709' title='bbox 2602 4863 2882 4940; x_wconf 56' lang='grc' dir='ltr'><strong>Δχαλαζῶν</strong></span> <span class='ocrx_word' id='word_1_710' title='bbox 2907 4863 3236 4940; x_wconf 20' lang='grc' dir='ltr'>’λέκχξξξσεως</span> <span class='ocrx_word' id='word_1_711' title='bbox 3264 4867 3603 4940; x_wconf 71' lang='grc' dir='ltr'>καταπολὰς</span> <span class='ocrx_word' id='word_1_712' title='bbox 3650 4866 3741 4940; x_wconf 85' lang='grc' dir='ltr'><strong>καὶ</strong></span> 
     </span>
    </p>
   </div>
   <div class='ocr_carea' id='block_1_103' title="bbox 2080 4935 3742 5012">
    <p class='ocr_par' dir='ltr' id='par_1_103' title="bbox 2080 4935 3742 5012">
     <span class='ocr_line' id='line_1_104' title="bbox 2080 4935 3742 5012; baseline -0.002 -17"><span class='ocrx_word' id='word_1_713' title='bbox 2080 4941 2334 5012; x_wconf 79' lang='grc' dir='ltr'>κυμάτων</span> <span class='ocrx_word' id='word_1_714' title='bbox 2403 4935 2687 5008; x_wconf 73' lang='grc' dir='ltr'>ποταμίῶν</span> <span class='ocrx_word' id='word_1_715' title='bbox 2747 4958 2806 4991; x_wconf 90' lang='grc' dir='ltr'><strong>τε</strong></span> <span class='ocrx_word' id='word_1_716' title='bbox 2847 4937 2936 4992; x_wconf 84' lang='grc' dir='ltr'>καὶ</span> <span class='ocrx_word' id='word_1_717' title='bbox 2983 4935 3288 5012; x_wconf 75' lang='grc' dir='ltr'>θαλαττίων</span> <span class='ocrx_word' id='word_1_718' title='bbox 3337 4935 3742 5010; x_wconf 74' lang='grc' dir='ltr'>ἀπευδιασμοὺς</span> 
     </span>
    </p>
   </div>
   <div class='ocr_carea' id='block_1_104' title="bbox 2082 5011 3740 5084">
    <p class='ocr_par' dir='ltr' id='par_1_104' title="bbox 2082 5011 3740 5084">
     <span class='ocr_line' id='line_1_105' title="bbox 2082 5011 3740 5084; baseline -0.001 -16"><span class='ocrx_word' id='word_1_719' title='bbox 2082 5011 2415 5084; x_wconf 76' lang='lat' dir='ltr'><strong>didicerunt</strong></span> <span class='ocrx_word' id='word_1_720' title='bbox 2448 5027 2460 5064; x_wconf 90' lang='lat'><strong>:</strong></span> <span class='ocrx_word' id='word_1_721' title='bbox 2493 5013 2698 5084; x_wconf 79' lang='lat' dir='ltr'><strong>Malch.</strong></span> <span class='ocrx_word' id='word_1_722' title='bbox 2734 5017 2792 5065; x_wconf 89' lang='lat' dir='ltr'><strong>et</strong></span> <span class='ocrx_word' id='word_1_723' title='bbox 2820 5011 3037 5084; x_wconf 77' lang='lat' dir='ltr'><strong>Jambl.</strong></span> <span class='ocrx_word' id='word_1_724' title='bbox 3069 5012 3124 5064; x_wconf 92' lang='lat' dir='ltr'><strong>in</strong></span> <span class='ocrx_word' id='word_1_725' title='bbox 3175 5011 3303 5066; x_wconf 84' lang='lat' dir='ltr'><strong>Vita</strong></span> <span class='ocrx_word' id='word_1_726' title='bbox 3353 5012 3599 5084; x_wconf 85' lang='lat' dir='ltr'><strong>Pythag.</strong></span> <span class='ocrx_word' id='word_1_727' title='bbox 3639 5013 3740 5068; x_wconf 85' lang='lat' dir='ltr'><strong>Pa-</strong></span> 
     </span>
    </p>
   </div>
   <div class='ocr_carea' id='block_1_105' title="bbox 2083 5080 3743 5156">
    <p class='ocr_par' dir='ltr' id='par_1_105' title="bbox 2083 5080 3743 5156">
     <span class='ocr_line' id='line_1_106' title="bbox 2083 5080 3743 5156; baseline -0.001 -16"><span class='ocrx_word' id='word_1_728' title='bbox 2083 5088 2224 5140; x_wconf 86' lang='lat' dir='ltr'><strong>riter</strong></span> <span class='ocrx_word' id='word_1_729' title='bbox 2283 5080 2506 5156; x_wconf 69' lang='grc' dir='ltr'><strong>λοιμων⁸</strong></span> <span class='ocrx_word' id='word_1_730' title='bbox 2543 5081 2872 5156; x_wconf 30' lang='grc' dir='ltr'>Αάποπροπαὶ</span> <span class='ocrx_word' id='word_1_731' title='bbox 2931 5083 3190 5140; x_wconf 80' lang='lat' dir='ltr'><strong>notiores</strong></span> <span class='ocrx_word' id='word_1_732' title='bbox 3251 5080 3624 5154; x_wconf 63' lang='lat' dir='ltr'><strong>sunt,quam</strong></span> <span class='ocrx_word' id='word_1_733' title='bbox 3677 5088 3743 5139; x_wconf 89' lang='lat' dir='ltr'><strong>ut</strong></span> 
     </span>
    </p>
   </div>
   <div class='ocr_carea' id='block_1_106' title="bbox 2083 5153 2948 5212">
    <p class='ocr_par' dir='ltr' id='par_1_106' title="bbox 2083 5153 2948 5212">
     <span class='ocr_line' id='line_1_107' title="bbox 2083 5153 2948 5212; baseline -0.005 0"><span class='ocrx_word' id='word_1_734' title='bbox 2083 5157 2332 5212; x_wconf 83' lang='lat' dir='ltr'><strong>debeant</strong></span> <span class='ocrx_word' id='word_1_735' title='bbox 2363 5153 2506 5208; x_wconf 91' lang='lat' dir='ltr'><strong>illini</strong></span> <span class='ocrx_word' id='word_1_736' title='bbox 2541 5153 2680 5210; x_wconf 87' lang='lat' dir='ltr'><strong>huic</strong></span> <span class='ocrx_word' id='word_1_737' title='bbox 2708 5153 2948 5210; x_wconf 68' lang='lat' dir='ltr'><strong>chartae.</strong></span> 
     </span>
    </p>
   </div>
   <div class='ocr_carea' id='block_1_107' title="bbox 2157 5222 3728 5298">
    <p class='ocr_par' dir='ltr' id='par_1_107' title="bbox 2157 5222 3728 5298">
     <span class='ocr_line' id='line_1_108' title="bbox 2157 5222 3728 5298; baseline -0.002 -16"><span class='ocrx_word' id='word_1_738' title='bbox 2157 5227 2264 5298; x_wconf 85' lang='grc'>(16)</span> <span class='ocrx_word' id='word_1_739' title='bbox 2317 5227 2698 5283; x_wconf 84' lang='lat' dir='ltr'><strong>Proverbialis</strong></span> <span class='ocrx_word' id='word_1_740' title='bbox 2763 5225 3042 5298; x_wconf 88' lang='lat' dir='ltr'><strong>loquendi</strong></span> <span class='ocrx_word' id='word_1_741' title='bbox 3121 5225 3396 5290; x_wconf 85' lang='lat' dir='ltr'><strong>formula,</strong></span> <span class='ocrx_word' id='word_1_742' title='bbox 3463 5222 3728 5298; x_wconf 75' lang='grc' dir='ltr'>ἐπαρᾷταε</span> 
     </span>
    </p>
   </div>
   <div class='ocr_carea' id='block_1_108' title="bbox 2085 5297 3736 5370">
    <p class='ocr_par' dir='ltr' id='par_1_108' title="bbox 2085 5297 3736 5370">
     <span class='ocr_line' id='line_1_109' title="bbox 2085 5297 3736 5370; baseline 0.001 -18"><span class='ocrx_word' id='word_1_743' title='bbox 2085 5297 2348 5370; x_wconf 80' lang='grc' dir='ltr'>ἀνάθεμα,</span> <span class='ocrx_word' id='word_1_744' title='bbox 2402 5315 2578 5370; x_wconf 81' lang='lat' dir='ltr'><strong>quam</strong></span> <span class='ocrx_word' id='word_1_745' title='bbox 2641 5297 3234 5370; x_wconf 9' lang='lat' dir='ltr'><strong>alibigobservamus.</strong></span> <span class='ocrx_word' id='word_1_746' title='bbox 3285 5297 3736 5370; x_wconf 52' lang='lat' dir='ltr'><strong>Glossargheg.</strong></span> 
     </span>
    </p>
   </div>
   <div class='ocr_carea' id='block_1_109' title="bbox 2085 5367 3738 5444">
    <p class='ocr_par' dir='ltr' id='par_1_109' title="bbox 2085 5367 3738 5444">
     <span class='ocr_line' id='line_1_110' title="bbox 2085 5367 3738 5444; baseline -0.004 -17"><span class='ocrx_word' id='word_1_747' title='bbox 2085 5367 2375 5444; x_wconf 82' lang='lat' dir='ltr'><strong>ineditum</strong></span> <span class='ocrx_word' id='word_1_748' title='bbox 2403 5367 2662 5444; x_wconf 67' lang='grc' dir='ltr'>(ἐκλογὴν</span> <span class='ocrx_word' id='word_1_749' title='bbox 2697 5367 2832 5444; x_wconf 77' lang='grc' dir='ltr'>κατὰ</span> <span class='ocrx_word' id='word_1_750' title='bbox 2883 5375 3162 5444; x_wconf 77' lang='grc' dir='ltr'>στοιχεῖον</span> <span class='ocrx_word' id='word_1_751' title='bbox 3209 5371 3440 5438; x_wconf 88' lang='lat' dir='ltr'><strong>vocant)</strong></span> <span class='ocrx_word' id='word_1_752' title='bbox 3474 5385 3487 5425; x_wconf 87' lang='lat'>:</span> <span class='ocrx_word' id='word_1_753' title='bbox 3521 5367 3738 5442; x_wconf 70' lang='grc' dir='ltr'>Χάρμᾶ,</span> 
     </span>
    </p>
   </div>
   <div class='ocr_carea' id='block_1_110' title="bbox 2084 5441 3742 5515">
    <p class='ocr_par' dir='ltr' id='par_1_110' title="bbox 2084 5441 3742 5515">
     <span class='ocr_line' id='line_1_111' title="bbox 2084 5441 3742 5515; baseline 0.001 -19"><span class='ocrx_word' id='word_1_754' title='bbox 2084 5443 2292 5511; x_wconf 80' lang='grc' dir='ltr'>κατάρα</span> <span class='ocrx_word' id='word_1_755' title='bbox 2331 5441 2582 5498; x_wconf 83' lang='lat' dir='ltr'><strong>Prorsus</strong></span> <span class='ocrx_word' id='word_1_756' title='bbox 2610 5441 2672 5494; x_wconf 88' lang='grc' dir='ltr'>τὸ</span> <span class='ocrx_word' id='word_1_757' title='bbox 2699 5441 2892 5515; x_wconf 83' lang='grc' dir='ltr'>χάρμα</span> <span class='ocrx_word' id='word_1_758' title='bbox 2923 5441 3228 5515; x_wconf 81' lang='lat' dir='ltr'><strong>Syriacum</strong></span> <span class='ocrx_word' id='word_1_759' title='bbox 3253 5450 3342 5498; x_wconf 85' lang='lat' dir='ltr'><strong>est</strong></span> <span class='ocrx_word' id='word_1_760' title='bbox 3372 5453 3546 5504; x_wconf 59' lang='lat' dir='ltr'><strong>N731?!</strong></span> <span class='ocrx_word' id='word_1_761' title='bbox 3573 5441 3742 5499; x_wconf 55' lang='lat' dir='ltr'><strong>Char;</strong></span> 
     </span>
    </p>
   </div>
   <div class='ocr_carea' id='block_1_111' title="bbox 2085 5514 3202 5570">
    <p class='ocr_par' dir='ltr' id='par_1_111' title="bbox 2085 5514 3202 5570">
     <span class='ocr_line' id='line_1_112' title="bbox 2085 5514 3202 5570; baseline -0.001 0"><span class='ocrx_word' id='word_1_762' title='bbox 2085 5533 2198 5570; x_wconf 88' lang='lat' dir='ltr'><strong>ma.</strong></span> <span class='ocrx_word' id='word_1_763' title='bbox 2233 5519 2420 5570; x_wconf 85' lang='lat' dir='ltr'><strong>Nemo</strong></span> <span class='ocrx_word' id='word_1_764' title='bbox 2454 5529 2612 5569; x_wconf 78' lang='lat' dir='ltr'><strong>sanae</strong></span> <span class='ocrx_word' id='word_1_765' title='bbox 2642 5515 2860 5569; x_wconf 86' lang='lat' dir='ltr'><strong>mentis</strong></span> <span class='ocrx_word' id='word_1_766' title='bbox 2891 5514 3202 5569; x_wconf 88' lang='lat' dir='ltr'><strong>dubitabit.</strong></span> 
     </span>
    </p>
   </div>
   <div class='ocr_carea' id='block_1_112' title="bbox 2159 5583 3736 5658">
    <p class='ocr_par' dir='ltr' id='par_1_112' title="bbox 2159 5583 3736 5658">
     <span class='ocr_line' id='line_1_113' title="bbox 2159 5583 3736 5658; baseline 0.001 -20"><span class='ocrx_word' id='word_1_767' title='bbox 2159 5588 2272 5658; x_wconf 87' lang='lat' dir='ltr'><strong>(t7)</strong></span> <span class='ocrx_word' id='word_1_768' title='bbox 2299 5585 2362 5642; x_wconf 75' lang='grc' dir='ltr'>Ὀ</span> <span class='ocrx_word' id='word_1_769' title='bbox 2394 5585 2742 5658; x_wconf 75' lang='grc' dir='ltr'>Ἐπιστήθιος</span> <span class='ocrx_word' id='word_1_770' title='bbox 2773 5591 2862 5658; x_wconf 79' lang='lat' dir='ltr'><strong>est</strong></span> <span class='ocrx_word' id='word_1_771' title='bbox 2910 5585 3239 5658; x_wconf 81' lang='lat' dir='ltr'><strong>discipulus</strong></span> <span class='ocrx_word' id='word_1_772' title='bbox 3278 5583 3596 5658; x_wconf 80' lang='lat' dir='ltr'><strong>illequam</strong></span> <span class='ocrx_word' id='word_1_773' title='bbox 3649 5585 3736 5639; x_wconf 89' lang='lat' dir='ltr'><strong>di-</strong></span> 
     </span>
    </p>
   </div>
   <div class='ocr_carea' id='block_1_113' title="bbox 2087 5655 3732 5730">
    <p class='ocr_par' dir='ltr' id='par_1_113' title="bbox 2087 5655 3732 5730">
     <span class='ocr_line' id='line_1_114' title="bbox 2087 5655 3732 5730; baseline -0.001 -19"><span class='ocrx_word' id='word_1_774' title='bbox 2087 5655 2309 5730; x_wconf 84' lang='lat' dir='ltr'><strong>ligebat</strong></span> <span class='ocrx_word' id='word_1_775' title='bbox 2336 5659 2540 5724; x_wconf 86' lang='lat' dir='ltr'><strong>Jesus;</strong></span> <span class='ocrx_word' id='word_1_776' title='bbox 2577 5663 2644 5730; x_wconf 79' lang='lat' dir='ltr'><strong>ut</strong></span> <span class='ocrx_word' id='word_1_777' title='bbox 2673 5657 2700 5710; x_wconf 86' lang='grc' dir='ltr'>ὁ</span> <span class='ocrx_word' id='word_1_778' title='bbox 2735 5655 3000 5730; x_wconf 56' lang='lat' dir='ltr'><strong>Beda-mc,</strong></span> <span class='ocrx_word' id='word_1_779' title='bbox 3037 5655 3260 5725; x_wconf 88' lang='lat' dir='ltr'><strong>Moses;</strong></span> <span class='ocrx_word' id='word_1_780' title='bbox 3293 5657 3344 5710; x_wconf 80' lang='lat' dir='ltr'><strong>oi</strong></span> <span class='ocrx_word' id='word_1_781' title='bbox 3393 5655 3732 5730; x_wconf 76' lang='grc' dir='ltr'>’Ᾱνᾴργυροι.</span> 
     </span>
    </p>
   </div>
   <div class='ocr_carea' id='block_1_114' title="bbox 2086 5727 3732 5855">
    <p class='ocr_par' dir='ltr' id='par_1_114' title="bbox 2086 5727 3732 5855">
     <span class='ocr_line' id='line_1_115' title="bbox 2086 5727 3732 5855; baseline -0.004 -69"><span class='ocrx_word' id='word_1_782' title='bbox 2086 5727 2427 5855; x_wconf 41' lang='grc' dir='ltr'>ἓόεξηοεὶρῐ</span> <span class='ocrx_word' id='word_1_783' title='bbox 2479 5727 2796 5785; x_wconf 84' lang='lat' dir='ltr'><strong>Damianus</strong></span> <span class='ocrx_word' id='word_1_784' title='bbox 2843 5729 2972 5799; x_wconf 70' lang='lat' dir='ltr'><strong>(Ius.</strong></span> <span class='ocrx_word' id='word_1_785' title='bbox 3023 5732 3124 5784; x_wconf 84' lang='lat' dir='ltr'><strong>Gr.</strong></span> <span class='ocrx_word' id='word_1_786' title='bbox 3175 5733 3336 5784; x_wconf 82' lang='lat' dir='ltr'><strong>Rom.</strong></span> <span class='ocrx_word' id='word_1_787' title='bbox 3381 5727 3732 5802; x_wconf 53' lang='grc' dir='ltr'>περι-ἡμερ-</span> 
     </span>
     <span class='ocr_line' id='line_1_116' title="bbox 2123 5819 2372 5855; baseline 0.004 -1"><span class='ocrx_word' id='word_1_788' title='bbox 2123 5819 2320 5854; x_wconf 83' lang='grc' dir='ltr'>ποακτ.</span> <span class='ocrx_word' id='word_1_789' title='bbox 2360 5841 2372 5855; x_wconf 78' lang='grc' dir='ltr'>ι</span> 
     </span>
    </p>
   </div>
   <div class='ocr_carea' id='block_1_115' title="bbox 2123 5799 2372 5874">
    <p class='ocr_par' dir='ltr' id='par_1_115' title="bbox 2123 5799 2372 5874">
     <span class='ocr_line' id='line_1_117' title="bbox 2123 5799 2372 5874; baseline 0.008 -20"><span class='ocrx_word' id='word_1_790' title='bbox 2123 5799 2372 5874; x_wconf 83' lang='grc' dir='ltr'>πράκτ.).</span> 
     </span>
    </p>
   </div>
  </div>
