4100 6392
369 404 490 465 827

1710 404 2138 472 MICHAELIS
2181 403 2458 466 PSELLI

369 535 534 592 dium
567 536 806 595 illorum
839 543 1064 596 mentes
1112 541 1379 598 fascinat.
1412 543 1519 608 Qui
1555 541 1710 598 enim
1743 542 2022 598 thronum

2139 557 2248 591 των
2301 535 2479 606 ἅπατᾷ
2535 537 2630 598 τὰς
2680 535 2926 610 γνώμας,
2985 535 3014 589 δ
3071 535 3172 611 γάρ
3226 533 3320 590 τὸν
3379 532 3546 589 αὐτοῦ
3604 529 3796 608 Θρὸνον

369 643 431 682 se
461 627 723 683 nubibus
771 627 1202 700 impositurum
1253 630 1559 702 gloriatur.
1611 630 2036 702 Altissimoque

369 715 624 772 similem
666 718 934 774 futurum
969 720 1270 789 praedicat,
1306 736 1492 792 eaque
1541 721 1612 776 de
1664 737 1844 776 causa
1875 720 2032 790 deje-

368 808 498 860 ctus
521 809 611 860 est
641 807 695 861 in
729 807 1023 872 tenebras,
1051 807 1100 862 is
1135 807 1262 879 ipse
1293 808 1412 865 illis
1434 826 1749 881 apparens,
1773 810 2030 879 seipsum

366 894 828 966 primogenitum
862 895 960 950 Dei
996 913 1126 952 esse
1153 897 1253 965 ait,
1287 903 1463 970 atque
1496 898 1866 955 terrestrium
1903 914 2032 953 om-

368 983 532 1039 nium
581 988 928 1054 creatorem,
961 986 1061 1057 qui
1114 1003 1218 1058 pro
1263 987 1444 1043 animi
1496 988 1743 1044 arbitrio
1793 1005 1922 1059 quae
1972 986 2031 1042 in

367 1073 588 1128 mundo
616 1079 758 1130 sunt
779 1075 978 1130 omnia
1002 1091 1226 1147 susque
1272 1077 1463 1148 deque
1501 1078 1684 1134 ferat:
1725 1082 1902 1150 atque
1922 1076 2031 1132 hoc

365 1166 533 1233 pacto
591 1163 650 1216 in
713 1163 1186 1236 uniuscujusque
1239 1166 1664 1236 cogitationem
1717 1170 2030 1239 penetran

365 1241 566 1306 fucum
598 1252 974 1309 dementibus
1007 1255 1163 1321 facit,
1193 1255 1293 1326 qui
1323 1272 1456 1311 cum
1491 1255 1840 1329 arrogantia
1873 1272 2032 1311 men-

368 1339 642 1412 daciique
697 1346 997 1398 auctorem
1054 1360 1184 1400 esse
1242 1343 1356 1399 sibi
1413 1346 1789 1417 persuadere,
1853 1349 2031 1416 atque

363 1445 516 1484 vana
543 1429 744 1485 omnia
772 1430 1128 1488 insolentius
1157 1433 1496 1490 efferentem
1523 1433 1780 1490 ludibrio
1810 1434 2026 1490 habere

370 1518 672 1586 deberent,
709 1537 822 1574 non
855 1521 938 1576 ita
969 1521 1212 1591 faciunt,
1243 1523 1344 1578 sed
1373 1523 1433 1578 in
1460 1524 1740 1580 omnibus
1770 1524 1822 1579 ei
1854 1523 2028 1578 iidem

365 1606 606 1672 habent,
640 1623 752 1679 agu
768 1614 1020 1682 nturque
1059 1611 1302 1668 naribus
1350 1617 1635 1684 tanquam
1684 1614 1858 1669 boves
1891 1629 1904 1668 :
1940 1616 2028 1667 at-

364 1696 468 1767 qui
502 1701 766 1769 poterant
798 1714 930 1754 eum
965 1717 1078 1755 non
1103 1700 1187 1756 ita
1214 1699 1400 1757 multo
1424 1707 1556 1773 post
1579 1702 1866 1758 mendacii
1895 1719 2029 1758 con-

362 1784 612 1841 vincere.
640 1786 699 1842 Si
730 1787 891 1842 enim
915 1789 986 1844 ab
1011 1805 1077 1844 eo
1101 1789 1430 1860 petiissent,
1458 1796 1520 1846 ut
1544 1791 1909 1862 jactabunda
1928 1789 2029 1846 illa

365 1875 830 1946 promissionum
857 1876 1149 1932 lenocinia
1173 1878 1340 1934 faelis
1364 1880 1680 1946 exhiberet,
1697 1878 1842 1934 nihil
1862 1879 2020 1934 aliud
2057 1905 2104 1971 B

361 1979 498 2019 eum
523 1980 654 2020 esse
677 1965 1411 2040 deprehendissent,quam
1437 1968 1669 2024 asinum
1694 1971 2022 2024 Cumanum

363 2051 552 2107 leonis
605 2052 756 2123 pelle
798 2055 1301 2128 amictum.quem
1349 2057 1544 2130 rugire
1584 2063 1892 2114 conantem
1927 2075 2024 2114 ru-

365 2141 527 2212 gitus
575 2143 957 2214 coarguisset.
993 2145 1158 2202 Nunc
1211 2150 1406 2202 autem
1441 2147 1600 2203 velut
1651 2147 1838 2203 oculis
1870 2152 2023 2221 capti

370 2227 695 2300 audituque
727 2229 960 2301 privati,
996 2249 1099 2290 nec
1142 2250 1283 2290 sane
1320 2234 1535 2292 mentis
1565 2241 1890 2308 compotes,
1920 2253 2026 2293 nec

363 2331 566 2372 eorum
613 2335 742 2389 quis
792 2324 934 2375 sunt
980 2322 1326 2393 cognatione
1377 2324 1636 2394 adducti,
1663 2341 1849 2380 unum
1895 2341 2026 2382 esse

361 2406 695 2463 Creatorem
728 2408 946 2476 vident,
973 2427 1078 2466 nec
1109 2411 1370 2484 idipsum
1403 2417 1752 2470 attestantes
1773 2413 2026 2485 Scriptu-

358 2497 499 2551 ras3
530 2497 804 2565 audiunt,
837 2515 942 2554 nec
988 2501 1058 2554 ad
1106 2501 1356 2556 rationis
1404 2518 1648 2559 examen
1699 2504 2024 2574 explorant,

360 2584 410 2639 si
443 2586 561 2640 duo
604 2602 808 2642 eorum
840 2604 970 2658 quae
1020 2593 1162 2644 sunt
1211 2589 1428 2645 diversi
1481 2597 1775 2647 creatores
1805 2597 2025 2665 essent,

359 2672 518 2728 haud
552 2691 734 2729 unum
761 2676 881 2731 fore
909 2677 1177 2732 ordinem
1210 2677 1379 2733 illum
1403 2681 2024 2752 conjunctionemque,

358 2762 577 2832 quibus
609 2764 807 2820 omnia
839 2765 1195 2838 colligantur
1226 2773 1397 2839 atque
1435 2773 1891 2824 connectuntur.
1922 2771 2023 2826 At-

358 2851 457 2922 qui
505 2853 651 2907 asini
685 2853 926 2925 quidem
982 2860 1040 2910 et
1091 2856 1288 2926 boves,
1324 2862 1643 2913 attestante
1673 2859 2023 2930 propheta‘,

357 2956 464 2995 nec
494 2957 772 3014 prasepe,
805 2959 910 2999 nec
943 2945 1251 3000 dominum
1286 2963 1459 3002 suum
1494 2947 1796 3020 ignorant,
1831 2948 1888 3004 hi
1921 2966 2024 3005 au-

354 3031 472 3083 tem
520 3029 768 3087 Domino
819 3048 926 3090 suo
977 3033 1219 3107 longum
1252 3035 1444 3092 valere
1495 3036 1692 3107 jusso,
1726 3053 1860 3093 eum
1910 3039 2024 3094 sibi

357 3117 534 3173 deu'm
594 3119 920 3192 elegerunt,
967 3122 1064 3193 qui
1115 3129 1521 3181 creaturarum
1584 3127 1852 3183 omnium
1913 3128 2020 3184 ab-

345 3207 717 3278 jectissimus
774 3214 831 3265 et
888 3212 1402 3284 despicatissimus
1461 3218 1579 3282 est,
1639 3233 1816 3288 seque
1877 3217 2022 3275 adeo

2145 628 2309 680 θεῖναι
2338 628 2454 698 (18)
2487 624 2574 680 ἰπὶ
2605 629 2714 680 τῶν
2741 622 2983 703 νεφελῶν
3035 623 3396 700 καυχώμενος
3452 623 3537 678 xui
3589 619 3798 688 ἔσεσθαι

2144 715 2338 788 ὅμοιος
2394 719 2474 786 τῷ
2515 713 2751 789 Ὑψίστῳ
2810 713 3012 789 Λέγων,
3070 715 3159 769 καὶ
3218 710 3308 768 διά
3360 716 3530 767 τοῦτο
3587 708 3798 768 ἔκπτω-

2141 826 2239 866 τος
2286 804 2374 859 καὶ
2423 803 2612 866 σκότος
2643 803 2940 879 γενόμενος
2981 807 3116 875 (19),
3177 802 3340 864 αὐτὸς
3399 799 3556 864 οὗτος
3585 802 3801 858 τούτοιν

2145 893 2602 972 έμφανιζόμενος,
2654 893 2772 948 υἱὸν
2821 897 2957 949 Θεοῦ
3000 891 3350 968 πρωτότοκον
3383 892 3570 948 ἑαυτὸν
3627 893 3798 968 ἀναγ-

2139 983 2328 1058 γέλλει
2359 983 2448 1039 xui
2483 988 2592 1039 τῶν
2626 982 2881 1059 ἐπιγείων
2934 982 3184 1038 ἁπάντων
3235 980 3601 1057 δημιουργὸν,
3649 979 3796 1056 ἄγειν

2300 1073 2314 1091 ς
2392 1072 2410 1106 ι
2752 1071 2766 1092 κ
3199 1077 3223 1089 ..
3361 1079 3376 1092 ν
3425 1073 3437 1089 ε
3515 1071 3542 1092 υ
3744 1072 3758 1090 ς

2141 1095 2198 1129 τε
2227 1095 2316 1129 και
2350 1093 2526 1152 φερειν
2562 1075 2675 1147 (20)
2704 1094 2767 1128 το
2802 1072 3094 1148 έγκόσμιον
3154 1094 3281 1128 παν.
3341 1079 3440 1126 huc
3481 1092 3647 1145 ουτω,
3698 1093 3799 1140 την

2142 1165 2372 1219 ἑκάστου
2420 1160 2602 1218 ἄνοιαν
2658 1161 2883 1236 μετιὼν,
2915 1161 3189 1241 φενακίζει
3216 1161 3346 1224 τοὺς
3381 1159 3641 1240 ἄφρονας,
3701 1161 3796 1224 οὕς

2142 1250 2283 1326 δέον,
2338 1253 2475 1308 κατά
2517 1257 2644 1307 νοῦν
2696 1249 2966 1315 λαϐόντας
3016 1251 3090 1314 ὡς
3142 1249 3359 1320 ἀλαζὼν
3407 1251 3500 1306 καὶ
3559 1249 3794 1326 ψεύδους

2139 1340 2385 1417 ἀρχηγός
2420 1340 2552 1410 ἐστι,
2601 1338 2970 1416 καταγελάσαι
3021 1341 3424 1414 κομπάζοντος·
3476 1341 3544 1398 Οἳ
3599 1337 3656 1396 δὲ
3687 1338 3795 1414 οὖν.

2141 1430 2336 1494 οὕτως’
2397 1429 2541 1486 ἀλλὰ
2595 1430 2873 1494 πείθονται
2931 1434 3099 1486 ταῦτα
3145 1428 3381 1505 λέγοντι,
3433 1431 3521 1485 xui
3576 1427 3794 1504 ἄγονται

2139 1523 2377 1595 καθάπερ
2413 1522 2534 1597 βόες
2559 1521 2664 1576 ἀπὸ
2696 1521 2860 1596 ῥινῶν
2895 1525 3030 1594 (21).
3061 1521 3246 1577 Καίτοι
3278 1520 3404 1586 ἐνῆν
3437 1522 3506 1576 οὗ
3537 1518 3626 1576 διὰ
3654 1519 3793 1576 πολ-

2139 1609 2239 1666 λοῦ
2271 1611 2515 1686 φωράσαι
2567 1608 2924 1684 ψευδόμενον.
2982 1609 3048 1668 Εἴ
3093 1613 3196 1687 γάρ
3227 1609 3470 1684 ἀπῄτουν
3503 1608 3662 1666 αὐτὸν
3701 1608 3794 1671 τὰς

2145 1696 2558 1774 μεγαληγόρους
2621 1699 2816 1762 ταύτας
2882 1698 3211 1773 ἐπαγγελίας
3283 1698 3370 1754 ἐπὶ
3441 1703 3547 1754 τῶν
3619 1693 3790 1774 ἔργων

2138 1786 2485 1858 ἐνδείξασθαι,
2547 1786 2702 1844 οὐδὲν
2763 1788 2905 1845 ἄλλο
2962 1787 3110 1857 πλὴν
3170 1791 3199 1844 ὁ
3259 1787 3382 1860 περὶ
3416 1789 3605 1862 Κύμην
3666 1782 3791 1850 ὄνος

2137 1873 2486 1950 ἐνδεδυμένος
2517 1877 2740 1947 λεοντῆν
2794 1877 2984 1952 εὑρέθη
3019 1880 3153 1951 (22),
3202 1878 3260 1932 ὃν
3313 1875 3525 1953 ἤλεγχε
3573 1877 3791 1952 βρυχή-

2137 1968 2323 2022 σασθαι
2374 1967 2714 2042 πειρώμενον
2759 1969 2794 2036 ἡ
2845 1968 2971 2042 βοή.
3008 1969 3116 2026 Νῦν
3167 1963 3246 2037 δὶ,
3289 1965 3473 2042 ὥσπερ
3522 1965 3792 2040 ἐκκεκομ-

2140 2056 2293 2129 μένοι
2338 2057 2465 2117 τοὺς
2529 2054 2848 2133 ὀφθαλμοὺς
2903 2060 2992 2110 καί
3061 2054 3509 2134 ἰκκεκωφημένοι
3558 2055 3628 2111 τά
3681 2053 3796 2111 ὦτα

2134 2149 2224 2201 καί
2274 2151 2370 2200 νοῦ
2427 2142 2698 2219 μηδαμῶς
2751 2147 3075 2222 μετέχοντες
3117 2141 3414 2222 ἔμφρονος,
3465 2143 3589 2202 οὔτε
3646 2145 3795 2220 παρὰ

2133 2242 2233 2304 τῆς
2312 2240 2421 2291 τῶν
2500 2231 2669 2290 ὄντων
2752 2235 3061 2312 συγγενείας
3137 2232 3232 2290 ἕνα
3294 2235 3387 2291 τὸν
3444 2233 3791 2311 δημιουργὸν

2136 2326 2377 2401 ὁρῶσιν,
2457 2323 2581 2381 οὕτε
2631 2327 2784 2380 τοῦτ’
2842 2325 2972 2381 αὐτὸ
3042 2321 3308 2401 λεγούσης
3369 2331 3488 2396 [τῆς
3550 2325 3788 2399 Γραφῆς]

2136 2412 2439 2482 ἐπαΐουσιν,
2497 2411 2625 2470 οὔτε
2684 2417 2943 2490 λογισμῷ
2999 2414 3375 2491 βασανίζουσιν
3429 2415 3528 2482 ὡς,
3590 2412 3636 2468 εί
3695 2410 3792 2467 δύο

2137 2501 2419 2566 διεστῶτες
2473 2508 2582 2560 τῶν
2641 2500 2813 2559 ὅντων
2867 2505 3004 2573 ἦσαν
3067 2502 3428 2579 δημιουργοὶ,
3489 2503 3588 2559 οὐκ
3626 2503 3686 2558 ἃν
3719 2503 3790 2572 ἦν

2139 2593 2238 2666 μία
2282 2595 2351 2648 τά
2398 2592 2571 2649 πάντα
2618 2591 2912 2649 συνδέουσα
2957 2593 3104 2664 τάξις
3153 2593 3243 2648 καὶ
3293 2589 3506 2656 ἔνωσις.
3541 2592 3636 2647 Καὶ
3671 2587 3788 2648 ὄνοι

2142 2683 2239 2755 μὲν
2290 2684 2380 2737 καὶ
2444 2682 2586 2756 βόες,
2647 2683 2783 2737 κατᾶ
2834 2683 2928 2736 τὸν
2960 2685 3273 2757 προωήτην,
3327 2681 3426 2736 οὐκ
3481 2682 3785 2757 ἠγνοήκασι

2136 2773 2236 2840 τὴν
2288 2773 2488 2849 φάτνην
2537 2772 2628 2826 καὶ
2676 2771 2767 2826 τὸν
2817 2771 3183 2844 κτησάμενον·
3227 2772 3276 2826 οἱ
3310 2769 3388 2840 δὶ,
3421 2771 3632 2846 χαίρειν
3691 2771 3782 2825 τὸν

2137 2862 2338 2916 ἑαυτῶν
2421 2861 2549 2916 Θεὸν
2626 2861 2716 2916 καὶ
2794 2858 3061 2932 δεσπότην
3119 2860 3410 2928 ἐάσαντες,
3467 2860 3588 2914 Θεὸν
3636 2857 3788 2914 αὐτοὶ

2136 2951 2622 3026 κεχειροτονήκασι
2653 2951 2746 3005 τὸν
2777 2948 2828 3005 ἐν
2860 2955 2978 3012 τοῖς
3004 2948 3292 3022 κτίσμασιν
3320 2949 3670 3024 ἀτιμότερον,
3701 2947 3792 3004 xui

2132 3036 2354 3094 ἕπονται
2388 3040 2439 3094 οἱ
2468 3043 2792 3114 πυραῦσται,
2819 3039 2954 3094 κατὰ
2982 3040 3082 3108 τὴν
3111 3037 3410 3113 παροιμίαν
3455 3039 3590 3111 (23),
3625 3036 3700 3100 είς
3729 3039 3790 3093 τὸ

2133 3132 2239 3204 πῦρ
2289 3127 2510 3192 ἑαυτοὺς
2561 3129 2858 3197 καθιέντες,
2905 3128 2934 3182 ὃ
2982 3125 3156 3183 παλαι
3197 3127 3461 3200 αὐτῷκαὶ
3491 3131 3609 3190 τοῖς
3643 3126 3790 3199 αὖτῷ

2137 3223 2526 3272 συναποστᾶσιν
2559 3215 2913 3291 ἡτοίμασται.

354 3296 518 3366 ipsos
550 3304 865 3371 pyraustaa,
900 3305 965 3356 ut
994 3303 1302 3374 proverbio
1354 3304 1558 3376 fertur,
1590 3305 1648 3360 in
1697 3305 1893 3378 ignem
1938 3306 2332 3380 praecipitant,
2365 3307 2465 3380 qui
2491 3308 2619 3380 jam
2651 3306 2792 3364 olim
2825 3311 2883 3363 et
2912 3305 3025 3380 ipsi
3057 3311 3115 3363 et
3144 3306 3525 3378 coapostatis,
3557 3307 3665 3363 hoc
3695 3308 3785 3362 est

352 3385 697 3443 defectionis
727 3389 858 3459 ejus
889 3391 1285 3461 consortibus,
1312 3397 1674 3464 praeparatus
1706 3397 1798 3450 est
1817 3395 1855 3449 '.

2029 3524 2100 3535 .—

1881 3615 2119 3672 CAPUT
2156 3615 2248 3672 IV.

495 3698 572 3755 De
597 3700 970 3771 spurcissimis
1001 3701 1362 3758 Euchitarum
1394 3706 1770 3775 caeremoniis,
1803 3707 1906 3778 qui
1910 3721 2224 3834 ίἷιιιιιιτῗίινῖι
2255 3706 2422 3763 initio
2451 3705 2600 3762 cibo:
2628 3668 2680 3761 et
2704 3704 2904 3777 pocula
2932 3705 3073 3762 alato
3104 3713 3157 3762 et
3181 3709 3416 3764 stercore
3439 3707 3646 3779 partita

1947 3793 2081 3834 caus
2105 3795 2180 3834 an
2214 3819 2226 3832 .

1947 3793 2226 3850 agnuam.

431 3886 732 3944 ΤΙΜΟἸἯ.
773 3889 923 3954 Quid
966 3893 1162 3947 autem
1217 3907 1286 3947 ex
1334 3907 1402 3948 eo
1453 3892 1786 3966 percipiunt
1842 3895 2016 3964 lucri,

2203 3896 2442 3952 ΤΙΜΟΘ.
2476 3891 2718 3969 Κέρδους
2755 3891 2812 3948 δὲ
2839 3893 2983 3950 τίνος
3015 3893 3498 3970 παραπολαόοντες
3528 3893 3787 3969 έξὸμνυν-

356 3977 512 4048 quod
569 3978 842 4049 abjurato
897 3981 1061 4035 cultu
1112 3981 1310 4038 divino
1357 3999 1393 4037 a
1438 3983 1707 4054 patribus
1754 3991 2014 4058 accepto,

354 4071 574 4121 certam
611 4067 668 4121 in
701 4068 1024 4139 perniciem
1059 4069 1293 4125 ruunt?

425 4154 690 4210 THRAX.
725 4157 892 4213 Certe
925 4174 1065 4212 num
1109 4157 1250 4229 quid
1286 4159 1423 4214 inde
1467 4159 1614 4216 lucri
1665 4163 2014 4235 percipiant,

353 4241 588 4314 ignoro;
624 4244 856 4300 nullum
896 4251 1096 4302 tamen
1127 4263 1228 4302 eos
1259 4247 1556 4318 percipere
1599 4251 1868 4307 arbitror.
1901 4255 2016 4308 Au-

355 4347 486 4386 rum
519 4332 702 4403 enim,
726 4335 1130 4404 possessiones
1162 4339 1221 4391 et
1251 4335 1593 4409 gloriosam,
1617 4343 1682 4394 ut
1714 4355 1776 4396 se
1806 4341 2019 4397 datura

2125 4005 2213 4039 ται
2251 3984 2344 4058 μὶν
2369 3985 2433 4040 τὸ
2465 3985 2608 4040 θεῖον
2642 3981 2801 4047 σέϐας
2835 3985 2924 4040 καὶ
2958 3985 3212 4062 πάτριον,
3238 3982 3452 4061 ὀλέθρῳ
3485 3983 3542 4040 δὲ
3571 4005 3783 4061 προφα-

2127 4079 2209 4128 νεῖ
2237 4078 2525 4150 στοιχοῦσι
2552 4095 2567 4145 ;

2199 4168 2402 4234 ΘΡᾼΞ.
2456 4161 2690 4238 Κέρδους
2743 4165 2838 4238 μὲν
2899 4165 3001 4220 οὐκ
3031 4161 3133 4219 οἷδ’
3166 4160 3220 4218 εἷ’
3240 4169 3339 4218 τοῦ
3367 4163 3788 4236 παραπολαύσω-

2128 4269 2234 4306 σιν⁹
2296 4250 2423 4307 ἀλλ’
2479 4253 2632 4326 οἶμαι
2692 4253 2767 4316 ὡς
2827 4251 3065 4316 οὐδενός.
3127 4253 3345 4324 Χρυσὸν
3406 4252 3500 4325 μὲν
3558 4253 3662 4326 γὰρ
3695 4251 3785 4306 καὶ

2126 4343 2346 4412 κτήσεις
2419 4343 2509 4398 καὶ
2585 4343 2647 4398 τὸ
2705 4345 2834 4418 παρ’
2909 4342 3222 4419 ἀνθρώποις
3281 4338 3527 4413 δοξάριον
3588 4337 3639 4392 εἴ
3691 4339 3778 4392 καὶ

427 4457 448 4490 ²
483 4456 630 4512 Ibid.
667 4458 751 4513 18.
829 4460 851 4493 ⁸
881 4458 1034 4516 Psal.
1068 4477 1225 4519 xvm.
1304 4461 1326 4495 ⁸
1358 4461 1497 4518 Isai.
1530 4479 1570 4533 ι,
1602 4463 1656 4520 3.
1735 4465 1755 4499 ⁵
1785 4465 1994 4523 Matth.

2137 4486 2157 4540 ι,
2190 4469 2280 4524 41.

1751 4593 2098 4652 GAULMINI
2136 4595 2368 4653 ΝΟΤίΕ.

569 4675 808 4754 ῌοο-θΧ
857 4678 1010 4754 fastu
1057 4675 1186 4754 τοὺς
1244 4677 1499 4752 χθονίους
1547 4679 1636 4735 καὶ
1677 4679 1892 4754 ψευδεῖς
1924 4683 2014 4739 καὶ

353 4745 553 4828 κακοὺξ
584 4747 643 4803 in
663 4749 1004 4828 _theurgic_is
1033 4751 1219 4828 sacris
1245 4745 1579 4828 agnoscunt
1627 4745 1805 4828 magi
1834 4758 2013 4828 medii

351 4821 473 4902 aevi.
510 4821 790 4902 Porphyr.
827 4821 1100 4902 Πλῌάποχέ
1132 4822 1334 4902 (11,112)
1371 4840 1383 4879 :
1417 4821 1854 4902 Βονξλονταινγᾲρ
1877 4827 2012 4883 εἶναι

352 4892 486 4968 θεοῖ,
501 4892 591 4945 xui
690 4890 1012 4968 προεστῶσα
1039 4890 1218 4968 item
1240 4890 1478 4968 δύναμις
1512 4892 1689 4951 δοκεῖν
1725 4890 1842 4961 θεὸς
1874 4902 2011 4955 εἶναι

349 4962 376 5016 ὁ
415 4964 692 5049 μέγιστος.
727 4962 845 5049 Nos
877 4966 1004 5023 sine
1037 4966 1157 5022 ullo
1190 4962 1523 5026 differentia
1571 4988 1777 5027 omnes
1823 4973 2012 5030 malos

350 5038 572 5092 scimus
603 5043 660 5093 et
684 5038 1006 5094 credimus.

421 5110 533 5188 (19)
565 5109 872 5194 Habemus.
913 5111 986 5165 ab
1038 5109 1301 5201 ipsemet
1322 5112 1624 5201 “mendacii
1657 5118 1822 5201 patre
1849 5115 2009 5201 testi-

2125 4705 2206 4739 κει
2236 4680 2499 4760 Δφοϐερὸς
2551 4682 2899 4760 _iivo¢_(puta
2950 4679 3177 4760 λεοντῆν
3234 4676 3617 4760 ἐνδεδυμένος).
3679 4679 3780 4760 Iguvi

2123 4752 2566 4813 κατᾶ’του’τουσὶ
2623 4752 2773 4816 τοὺξ
2807 4752 3032 4826 καιροὺς
3066 4755 3282 4826 Δπάντες
3343 4753 3480 4820 ἦσαν
3537 4757 3774 4826 Κυμαῖοι

2125 4834 2351 4920 σεισμοῦ
2409 4830 2497 4883 καὶ
2556 4826 2810 4902 χαλάζης
2868 4819 3244 4920 φόξερώτερον
3308 4819 3443 4879 εἶναι
3499 4819 3773 4880 τὸνδνον

2133 4903 2146 4920 ο
2501 4903 2627 4920 Λκκκκ
2683 4899 2852 4920 -.Α-1...
2918 4915 2940 4920 _
2974 4897 3165 4920 :---1--_
3214 4899 3427 4920 ---Ι---ΔΞ
3472 4897 3773 4920 --με-Ι.λᾷ-

2122 4897 2472 4974 ἡγοῦμενοιη
2499 4897 2636 4966 Quae
2682 4899 2860 4974 verba
2880 4897 3168 4974 '_aliCuj_us
3189 4899 3430 4974 _ye_tust_i
3471 4897 3774 4974 scriptoris

2122 4964 2285 5029 sunt.
2331 4964 2630 5044 Apologus
2684 4971 2836 5027 asini
2896 4967 3126 5037 λεοντῆν
3186 4964 3509 5042 ἐδεδυμὲνου
3568 4964 3776 5042 cuique

2120 5046 2630 5186 0b(v21"l31)s.2enohius
2671 5129 2683 5170 :
2717 5107 2947 5186 Εἴρηται
2978 5112 3013 5180 ἡ
3045 5112 3316 5186 παροιμία
3342 5108 3440 5186 ,ἐπὶ
3489 5115 3599 5166 τῶν
3649 5111 3773 5166 tuu-

351 5179 616 5261 monium
668 5179 1491 5261 νετὶξείιῐιυπιῘΈζοφώθημεν
1546 5179 1801 5261 φιυτέινοῖ
1861 5181 2010 5247 ὄντες

2137 5179 2233 5246 τοῖς
2278 5179 2678 5261 προξενοῦντων
2730 5179 3032 5261 steterat.
3087 5179 3287 5261 Elian.
3341 5184 3599 5261 lib.‘xu,
3633 5201 3684 5240 c.
3717 5186 3770 5248 8,

346 5255 409 5301 τὸ
441 5250 702 5322 πρότερον
737 5271 749 5282 ·
781 5255 1003 5308 Testam.
1036 5255 1230 5310 Salom

2116 5259 2255 5312 Hist.
2288 5259 2474 5330 Anim.
2505 5256 2710 5330 Simile
2742 5257 2800 5312 in
2849 5256 3036 5330 SuiAda
3079 5257 3262 5330 χαρςῖινΔ
3299 5253 3610 5330 πυραύστου
3654 5275 3777 5328 χαι-

423 5321 533 5401 ς20)
565 5321 949 5402 Proverbialis
979 5323 1259 5402 loquendi
1306 5325 1580 5402 formula,
1615 5345 1789 5402 quam
1833 5327 2004 5402 resti-

2137 5346 2256 5402 >εινὲ
2287 5333 2343 5384 et
2374 5329 2431 5384 in
2465 5329 2740 5402 Eustath.
2777 5321 3583 5402 Πυραύστῃξκανδῃλοοέστρα
3615 5321 3775 5400 p681-

347 5391 577 5518 guitmus
628 5396 896 5461 fidenter,
946 5391 1180 5452 sublato
1223 5415 1339 5464 συν,
1385 5399 1525 5469 quia
1568 5391 1821 5474 ’συνάγειν
1859 5399 2009 5471 lege-

389 5479 420 5515 a
453 5481 539 5518 ur.

389 5479 486 5518 atu
497 5483 539 5519 Γ.

2118 5399 2186 5455 ea
2214 5400 2431 5473 Tzetzaa
2463 5401 2613 5456 Chil.
2644 5401 2714 5473 9.Δ
2733 5401 2834 5456 Cui
2862 5399 2983 5456 non
3016 5401 3212 5456 dictus
3245 5399 3460 5473 Hylas?

2189 5473 2299 5557 (24)
2329 5471 2560 5556 ηάτριον
2623 5466 2800 5557 σέϐας.
2832 5489 2948 5556 non
3006 5466 3660 5557 ςεβῑῃπατρόπαράδοτον,
3710 5475 3775 5552 ut

423 5537 535 5618 (2i)
565 5536 794 5593 Utimur
833 5537 942 5594 hoc
993 5536 1201 5609 adagio
1251 5538 1422 5609 Galli,
1463 5557 1520 5598 se
1569 5541 1768 5597 laisser
1812 5557 2008 5597 mener
2114 5536 2328 5618 accipit
2356 5536 2668 5618 interpres,
2701 5546 2804 5602 sed
2852 5543 3204 5618 simpliciter
3245 5536 3598 5618 paternum;
3631 5542 3773 5618 quia

343 5611 536 5750 pa???)
556 5625 833 5736 nigertur
879 5675 1001 5740 ὄνος
1051 5677 1128 5740 sic
1159 5679 1434 5805 ΚυΣιαίους
1467 5700 1498 5738 a
1529 5681 1730 5750 Suida,
1762 5680 1850 5737 ἐπὶ
1892 5686 2000 5738 τῶν

344 5746 664 5805 παραδόξων
724 5750 814 5805 καὶ
873 5748 1136 5805 σπανίων.
1171 5747 1221 5805 δι
1259 5773 1310 5805 τι
1371 5752 1518 5805 παρὰ
1576 5753 1842 5805 Κυμαίοις
1881 5753 2000 5805 ἒδό.

344 5746 664 5824 παραδόξων
724 5750 814 5805 καὶ
873 5748 1136 5824 σπανίων,
1171 5746 1310 5807 διότι
1371 5752 1518 5828 παρὰ
1575 5746 1842 5827 Κυμαίοις
1881 5753 2000 5812 έδό-

2115 5614 2381 5690 scelerati
2407 5614 2751 5690 nebulones,
2771 5622 2935 5690 patre
2955 5614 3012 5672 et
3025 5615 3210 5672 altero
3243 5614 3362 5672 filio
3381 5625 3620 5690 pontem
3631 5614 3770 5686 ptis,

2113 5689 2305 5746 solum
2337 5694 2634 5759 Satanam,
2668 5685 2914 5762 dignum
2945 5703 3008 5744 se
3033 5704 3282 5759 numen,
3313 5685 3603 5744 colebant.
