4100 6414
359 410 484 470 835

1705 401 2134 464 MICHAELIS
2179 400 2457 464 PSELLI

3673 403 3793 464 836

357 557 388 596 e
420 557 482 596 re
513 546 648 597 nata
674 541 924 606 constat,
961 537 1158 593 divino
1192 537 1427 592 afflatus
1461 535 1705 592 numine
1739 535 2042 591 vacinatus
2085 538 2194 591 est.
2244 535 2363 606 Ego
2395 534 2673 605 verojam
2707 534 2842 590 inde
2875 549 3066 606 usque
3097 533 3168 590 ad
3219 533 3335 590 haec
3366 537 3634 606 tempora
3665 551 3793 592 ser-

286 626 290 630 ’
363 647 565 686 mones
596 631 758 686 illius
789 627 1072 684 memoria
1108 630 1396 698 repetens,
1431 631 1486 681 te
1519 641 1673 680 nunc
1699 623 1842 679 talin
1875 624 2168 680 dicentem
2201 623 2454 680 subinde
2487 624 2767 680 admiror.

429 722 703 777 THRAX.
739 720 838 774 Est
870 716 1044 772 etiam
1078 716 1432 782 mehercule,
1486 715 1639 786 quod
1674 714 2007 783 admireris,

2197 715 2404 783 ΘΡᾼΞ.
2442 711 2540 769 Καὶ
2572 713 2864 786 θαυμάζειν
2899 709 2982 767 δεῖ
3011 733 3087 783 σε,
3128 711 3385 786 Τιμόθεε.
3418 715 3634 770 ’Ἀτοπα
3689 715 3784 786 μὶν

355 811 680 868 Timothse.
735 808 883 863 Cum
931 807 1088 862 enim
1145 805 1340 861 multis
1392 803 1770 876 perabsurdze
1813 809 2018 875 gentes

355 901 509 972 apud
564 898 993 970 Hyperboreos,
1051 895 1251 949 multae
1305 893 1447 948 item
1481 893 1635 948 circa
1687 893 1928 964 Libyam
1964 897 2022 948 et

356 990 569 1062 Syrtim
627 987 699 1042 ab
749 983 1245 1055 historiographis
1289 999 1418 1038 esse
1451 987 1874 1048 memorentur,
1907 982 2020 1036 hu-

353 1077 617 1150 jusmodi
650 1079 802 1132 certe
830 1073 1217 1130 absurditatis
1264 1071 1550 1142 ﬂagitium
1585 1070 1816 1128 nullum
1865 1073 2019 1145 apud

358 1169 521 1241 ipsos
543 1164 952 1231 commissum,
977 1178 1165 1234 neque
1187 1162 1342 1234 apud
1373 1161 1564 1217 Celtas
1597 1161 2020 1234 audies,neque

355 1257 404 1314 si
437 1255 559 1313 ulla
586 1271 732 1327 gens
760 1253 876 1310 alia
905 1251 1219 1308 Britannia:
1249 1251 1518 1323 proxima
1565 1249 1728 1306 exlex
1759 1255 1816 1306 et
1843 1251 2019 1306 eﬂ‘era

360 1346 458 1402 sit.

2129 800 2230 876 γὰρ
2263 799 2450 856 πολλά
2481 801 2570 856 καὶ
2601 801 2725 877 περὶ
2753 807 2862 857 τῶν
2898 801 2948 857 ἐν
2981 797 3384 878 Ὑπερϐορείοις
3419 801 3610 874 ἐθνῶν,
3642 803 3792 860 πολ-

2135 889 2207 946 λὰ
2231 891 2320 945 καὶ
2350 895 2457 946 τῶν
2495 891 2634 969 ἀμφὶ
2668 886 2877 961 Διϐύην
2905 893 2994 946 καὶ
3029 892 3224 968 Σύρτιν
3260 893 3564 969 ἱστόρηταιο
3601 897 3789 948 τοιοῦ-

2129 1001 2220 1035 τον
2257 979 2314 1034 δὲ
2343 983 2534 1043 κακίας
2567 979 2712 1046 εἶδος
2769 979 2921 1036 οὐδὲν
2988 981 3192 1057 ἀκούσῃ
3249 979 3371 1037 οὔτε
3412 983 3536 1059 περὶ
3570 982 3790 1052 αὐτοὺς,

2132 1066 2256 1124 οὔτε
2287 1071 2411 1145 περὶ
2456 1069 2724 1141 Κελτοὺς,
2775 1069 2888 1128 οὐδ’
2945 1071 3004 1126 ἂν
3045 1093 3098 1126 τι
3148 1071 3270 1148 περὶ
3305 1073 3594 1149 Βρετανίαν
3640 1069 3790 1136 ἔθνος

2130 1157 2362 1233 ἕκνομον
2393 1161 2478 1215 καὶ
2514 1157 2703 1236 ἄγριον

1862 1575 2096 1632 CAPUT
2135 1574 2258 1630 VII.

621 1680 878 1752 Corpora,
910 1679 1248 1734 (immanibus
1276 1676 1456 1733 nihilo
1485 1677 1660 1732 secius
1681 1681 1845 1746 atque
1872 1677 2084 1747 angelis
2115 1675 2250 1748 ipsis
2282 1674 2595 1730 calestibu:
2625 1689 2740 1730 esse
2769 1672 3195 1744 hominibusque
3222 1689 3520 1746 apparere.

426 1805 727 1861 TIMOTl].
745 1804 910 1860 Certe
933 1803 1250 1859 dolendum
1281 1806 1390 1867 est,
1421 1801 1498 1856 mi
1522 1801 1697 1869 Trax,
1721 1801 1876 1872 quod
1900 1800 2012 1855 hu-

362 1893 620 1966 iusmodi
655 1893 956 1964 piaculum
1006 1892 1065 1948 in
1117 1892 1273 1947 hunc
1322 1895 1590 1946 nostrum
1638 1892 1837 1946 orbem
1868 1891 2006 1947 irre-

355 1983 558 2056 pserit.
612 1985 684 2036 At
726 1998 860 2038 vero
913 1982 1040 2038 suis
1086 1998 1186 2037 eos
1239 1980 1564 2036 haeresibus
1615 1980 2004 2046 intabescere,

356 2070 661 2143 malosque
700 2070 852 2125 male
883 2071 1046 2140 perdi
1081 2068 1279 2125 sinito.
1313 2070 1402 2124 Me
1433 2072 1634 2124 autem
1685 2067 2002 2139 scrupulus

355 2160 550 2216 nescio
583 2159 718 2230 quis
747 2159 820 2214 de
843 2158 1212 2214 daemonibus
1231 2156 1449 2212 multos
1481 2161 1616 2211 ante
1639 2173 1828 2212 annos
1860 2157 2003 2212 sub-

2191 1799 2430 1855 ΤΙΜΟΘ.
2465 1798 2645 1852 Δεινόν
2697 1818 2779 1872 γε,
2827 1797 2872 1851 ὧ
2920 1797 3080 1872 Θρᾷξ,
3114 1795 3163 1852 εἲ
3186 1800 3434 1852 τοιοῦτον
3472 1796 3645 1870 μύσος
3701 1795 3780 1860 εἷς

2116 1891 2215 1959 τήν
2248 1890 2367 1953 καθ’
2400 1891 2546 1961 ἡμᾶς
2583 1887 2905 1960 εἷκουμένην
2944 1885 3524 1964 ἐπεχωρίασεν.’Λλλὰ
3552 1888 3782 1950 τούτους

2122 1979 2216 2052 μὲν
2251 1975 2314 2033 (ἔα
2345 1977 2642 2056 φθινύθειν,
2676 1976 2766 2032 καί
2801 1977 3002 2040 κακοὺς
3029 1981 3208 2039 κακῶς
3245 1977 3429 2039 αὐτοῖς
3482 1974 3780 2048 ἑπιτηδεύ-
3847 1985 3853 1990 ’

2121 2089 2278 2142 μασιν
2313 2065 2730 2138 ἐξαπόλλυσθαισ
2768 2064 2863 2139 ἐμὲ
2896 2064 2954 2120 δὲ
2995 2063 3268 2140 δαιμόνων
3323 2067 3446 2140 περὶ
3498 2065 3778 2136 πολυετὴς

2117 2158 2321 2234 ἀπορία
2353 2154 2718 2233 διαταράττει,
2745 2156 2810 2210 τά
2838 2175 2898 2210 τε
2946 2154 3093 2211 ἄλλα
3142 2156 3230 2210 καὶ
3266 2155 3312 2211 εἰ
3356 2161 3472 2219 τοῖς
3521 2152 3774 2211 κακοδαί-

361 2254 526 2305 ortus
556 2248 805 2303 dubium
847 2247 1186 2313 discruciat,
1217 2262 1351 2302 cum
1385 2244 1518 2301 aliis
1550 2246 1620 2302 de
1649 2246 1848 2312 rebus,
1880 2249 2008 2301 tum

2131 2268 2246 2323 acet
2278 2246 2501 2309 τούτοις
2533 2246 2786 2324 ἐμφανῶς
2819 2246 3077 2322 ὁρῶνται.

352 2353 509 2404 vero,
533 2355 607 2393 an
631 2336 1140 2394 cacodzemonibus
1160 2335 1297 2407 illis,
1319 2334 1544 2391 malove
1565 2334 1736 2407 genio
1769 2335 2009 2405 percitis

351 2426 614 2484 Euchitis
635 2425 916 2482 videndos
939 2441 1001 2483 se
1023 2425 1320 2481 daemones
1350 2425 1662 2497 exgibeant
1679 2424 1707 2479 ?

425 2517 698 2573 THRAX.
759 2515 959 2588 Atqui,
993 2532 1026 2571 ο
1054 2516 1203 2571 bone
1233 2513 1342 2580 vir,
1367 2530 1433 2570 eo
1468 2513 1704 2569 illorum
1736 2513 2006 2570 omnium

353 2605 642 2674 studium,
719 2603 1201 2671 conciliabulum,
1259 2604 1637 2670 sacriﬁcium,
1697 2602 2010 2675 cultusque

353 2695 590 2752 divinus
612 2696 821 2764 tendit,
841 2693 1108 2766 nihilque
1130 2709 1246 2749 non
1266 2692 1565 2764 spurcitiae
1609 2693 1681 2748 ab
1711 2693 1857 2764 ipsis
1879 2709 2009 2764 per-

353 2789 640 2858 petratur,
657 2800 767 2854 quo
790 2782 1131 2856 hujusmodi
1147 2782 1472 2854 praesentiae
1490 2783 1821 2837 daemonum
1845 2797 2010 2837 com-

356 2878 522 2946 potes
554 2875 826 2928 evadant.

426 2961 730 3017 TIMOTH.
759 2961 867 3025 Qui
888 2977 1043 3029 vero,
1070 2947 1210 3017 cum
1240 2959 1569 3033 incorporei
1593 2959 1735 3026 sint,
1761 2961 2008 3017 exterio-

356 3051 522 3107 ribus
553 3051 741 3108 oculis
772 3050 1100 3123 apparent?

431 3141 697 3197 THBAX.
731 3145 826 3209 At,
861 3141 1008 3196 heus
1057 3146 1144 3209 tu,
1203 3141 1501 3196 daemones
1533 3139 1860 3213 incorporei
1892 3157 2008 3196 non

367 3234 528 3299 sunt;
584 3233 702 3288 imo
759 3229 1048 3302 corporei,
1078 3235 1134 3286 et
1160 3231 1314 3286 circa
1364 3247 1609 3302 corpora
1664 3234 2006 3298 versantur;

355 3325 508 3396 quod
542 3322 779 3393 quidem
812 3319 899 3375 vel
932 3321 1004 3375 ab
1039 3319 1184 3390 ipsis
1214 3321 1561 3376 venerandis
1598 3321 1888 3391 Patribus,
1922 3338 2009 3378 re-

353 3412 592 3485 ligionis
632 3417 844 3466 nostras
885 3409 1277 3479 antistitibus,
1303 3409 1560 3465 ediscere
1586 3427 1926 3482 possumus,
1960 3412 2010 3466 si

359 3501 534 3556 modo
569 3500 702 3571 quis
734 3515 801 3553 ea
831 3514 959 3568 quae
1010 3497 1130 3552 illis
1179 3497 1477 3552 exciendis
1509 3499 1842 3555 necessaria
1872 3505 2013 3556 sunt

2190 2519 2393 2588 ΘΡᾼΞ.
2429 2515 2532 2572 Καὶ
2569 2516 2700 2588 μην,
2733 2515 2778 2569 ὧ
2809 2512 3006 2587 λῷστε,
3039 2513 3176 2590 πρὸς
3206 2519 3367 2569 τοῦτο
3391 2519 3554 2569 πᾶσιν
3585 2516 3775 2578 αὐτοῖς

2119 2608 2154 2676 ἡ
2189 2603 2398 2674 σπουδή
2432 2605 2688 2659 συντείνει
2719 2603 2810 2658 καὶ
2843 2601 3073 2678 ἔντευξις
3103 2605 3193 2659 καὶ
3226 2605 3379 2669 θυσία
3417 2604 3507 2660 καὶ
3553 2603 3774 2676 τελετὴ,

2120 2697 2208 2750 καὶ
2251 2699 2354 2749 πᾶν
2404 2692 2698 2770 ἐπιρῥητον
2746 2692 2836 2748 καὶ
2887 2691 3238 2770 ἂπόῤῥητονζ
3272 2699 3370 2764 τῆς
3422 2692 3780 2773 αύτοφανείας

2118 2784 2322 2854 ταύτης
2343 2779 2522 2853 ἕνεκα,
2555 2783 2684 2858 παρ’
2715 2781 2903 2845 αὐτοῖς
2932 2781 3192 2840 τελεῖται.

2189 2964 2424 3023 ΤΙΜΟΘ.
2462 2965 2583 3026 Πῶς
2617 2963 2727 3030 οὗν,
2765 2963 2839 3035 μή
2875 2965 3034 3036 σῶμα
3060 2957 3230 3032 ὄντες,
3261 2966 3380 3026 τοῖς
3407 2961 3561 3027 ἐκτὸς
3591 2957 3776 3036 ὄμμα-

2122 3075 2203 3109 σιν
2245 3055 2481 3129 ὁρῶνται
2508 3071 2522 3122 ;

2193 3149 2396 3217 ΘΡᾼΞ.
2443 3141 2603 3200 Ἀλλ’
2661 3143 2764 3198 οὐκ
2816 3141 3104 3216 ἀσώματον
3162 3144 3297 3217 (44),
3355 3140 3657 3220 ὦγενναῖε,
3713 3145 3776 3201 τὸ

2122 3233 2399 3308 δαιμόνιόν
2429 3233 2538 3290 ἐστι
2572 3233 2764 3310 (ρῦΛΟνδ
2799 3233 2933 3306 μετά
2990 3233 3244 3304 σώματος
3305 3230 3362 3288 δὲ
3389 3255 3450 3310 γε
3492 3233 3581 3288 καὶ
3629 3234 3767 3310 ἀμφῖ

2121 3327 2349 3398 σώματα
2404 3321 2749 3397 διατέτριφε.
2807 3324 2903 3378 Καὶ
2957 3326 3119 3377 τοῦτο
3179 3317 3291 3376 ἔστι
3351 3323 3445 3395 μὲν
3504 3323 3594 3378 καὶ
3650 3322 3776 3396 παρ’

2120 3416 2301 3470 αὐτῶν
2355 3419 2540 3486 μαθεῖν
2591 3417 2699 3467 τῶν
2752 3409 3052 3484 ἡμεδαπῶν
3085 3413 3174 3466 κεί
3235 3417 3444 3466 σεπτῶν
3497 3411 3780 3487 πατέρων,

2123 3501 2177 3559 εἷ’
2224 3525 2307 3566 τις
2338 3503 2405 3556 τά
2434 3502 2608 3556 αὐτῶν
2642 3499 2742 3556 οὒκ
2771 3500 2951 3576 ἀργῶς
2995 3500 3158 3556 ἐπίοι’
3201 3499 3314 3556 ἔστι
3347 3499 3404 3556 δὶ
3428 3501 3517 3556 καὶ
3548 3501 3780 3556 πολλῶν

357 3588 562 3645 sedulo
613 3591 987 3658 exsequatur.
1044 3587 1266 3642 Audire
1311 3603 1451 3642 vero
1503 3587 1728 3644 multos
1781 3606 2011 3660 quoque

2131 3594 2392 3662 ἀκοῦσαι,
2449 3592 2545 3653 τὰς
2629 3591 2763 3663 μετά
2838 3589 3106 3664 σωμάτων
3178 3590 3362 3653 αὐτοῖς
3421 3590 3780 3666 αύτοφανείας

359 3677 518 3747 licet,
553 3676 652 3747 qui
693 3692 792 3731 eos
833 3675 945 3730 sibi
989 3692 1122 3730 cum
1147 3676 1494 3747 corporibus
1542 3677 1890 3748 apparuisse
1921 3679 2012 3733 di-

362 3769 518 3824 cant.
550 3767 619 3821 Et
651 3780 904 3835 magnus
949 3763 1205 3820 Basilius
1252 3780 1554 3836 exponens
1607 3765 1772 3821 lsaim
1815 3768 2012 3835 verba,

367 3857 585 3914 Uluiate
613 3854 931 3926 sculpiilia6
982 3854 1066 3908 ait
1105 3853 1245 3925 quia
1279 3876 1300 3903 ι
1337 3853 1512 3909 idolis
1562 3853 1810 3910 latenter
1863 3857 2013 3912 assi-

362 3946 504 4001 dent
533 3949 795 4001 astantes
836 3943 1078 4015 quidam
1127 3944 1422 3999 daemones
1453 3960 1521 3998 ex
1549 3944 1799 4017 impuris
1833 3946 2014 4002 sacris

359 4035 718 4107 voluptatem
779 4033 1096 4105 capientes.
1158 4034 1663 4098 Quemadmodum
1737 4037 1892 4093 enim
1953 4037 2012 4092 in

360 4125 505 4182 locis
539 4123 919 4179 macellorum
954 4122 1052 4177 ubi
1085 4138 1257 4178 cruor
1295 4126 1354 4178 et
1384 4123 1628 4196 sanguis
1653 4125 1776 4196 jam
1810 4142 2012 4181 corru-

362 4221 500 4285 ptus
524 4213 838 4280 invenitur,
858 4228 1034 4267 canes
1051 4211 1320 4283 cupediis
1346 4213 1530 4268 dediti
1553 4219 2014 4286 commorantur;

362 4303 446 4357 ita
479 4306 536 4358 et
566 4301 860 4358 daemones
881 4301 1034 4373 gula:
1055 4300 1399 4370 servientes,
1439 4302 1926 4377 voluptatemque
1947 4322 2016 4360 ex

363 4391 660 4463 sanguine
701 4407 766 4446 ac
799 4390 1000 4447 nidore
1046 4391 1468 4447 sacriﬁciorum
1513 4397 1836 4464 captantes,
1861 4393 2016 4449 circa

362 4497 496 4536 aras
517 4485 861 4552 statuasque
901 4481 1014 4536 sibi
1051 4485 1424 4536 consecratas
1462 4480 1816 4538 volutantur.
1846 4482 2014 4539 Forte

361 4572 541 4626 etiam
613 4571 959 4626 nutriuntur
1041 4585 1246 4627 eorum
1327 4587 1570 4642 corpora
1652 4587 1783 4643 quae
1856 4573 2015 4628 aeria

362 4665 504 4717 sunt
537 4665 637 4716 aut
667 4661 852 4732 ignita
899 4664 1001 4716 aut
1049 4676 1118 4716 ex
1149 4664 1400 4731 utroque
1454 4659 1741 4717 elemento
1773 4678 2012 4735 compo-

360 4751 493 4806 sita.
528 4773 555 4800 »
591 4755 656 4805 Et
682 4767 891 4806 rursus
924 4749 1163 4804 divinus
1197 4749 1293 4805 ille
1347 4749 1622 4820 Basilius,
1657 4767 1854 4806 rerum
1887 4769 2015 4825 quae

360 4841 471 4896 sub
504 4844 806 4912 aspectum
838 4855 955 4894 non
983 4839 1222 4912 cadunt,
1245 4842 1302 4893 et
1334 4839 1834 4911 nobisincognita:
1852 4847 2010 4908 sunt,

360 4929 679 5000 inspector,
717 4945 834 4983 non
876 4927 1244 4983 daemonibus
1289 4926 1454 4993 solis,
1495 4931 1554 4982 at
1586 4928 2012 4988 intemeretatis

363 5017 537 5074 etiam
553 5015 1001 5090 angelis,inesse
1015 5032 1258 5088 corpora
1280 5016 1783 5090 contendit,quasi
1805 5022 2012 5078 tenues

435 5161 455 5194 ⁶
488 5159 582 5216 Isa
610 5161 786 5231 x,11.

2124 3680 2521 3758 διηγουμένων.
2583 3680 2681 3735 Καὶ
2740 3681 2768 3734 ὁ
2831 3681 2993 3754 μέγας
3051 3679 3357 3752 Βασίλειος,
3414 3679 3779 3756 ἐξηγούμενος

2121 3774 2184 3828 τὸ
2216 3771 2266 3827 ἐν
2298 3769 2492 3842 Ἠσαίᾳ
2526 3770 2714 3847 ῥητὸν,
2744 3771 2808 3825 τὸ
2858 3773 3061 3848 φάσκον
3107 3795 3133 3821 ‹‹
3185 3767 3502 3840 ὀλολύξατε,
3535 3771 3603 3825 τὰ
3654 3768 3784 3847 γλυ-

2123 3864 2251 3935 πτὰ,
2285 3886 2312 3913 ›)
2347 3859 2512 3916 ταῦτά
2543 3881 2702 3938 φησιν
2741 3862 2878 3932 (45),
2937 3857 3022 3913 ὅτι
3081 3884 3110 3911 ‹‹
3140 3864 3258 3921 τοῖς
3292 3857 3548 3925 εἰδώλοις
3578 3858 3636 3914 ἐκ
3681 3865 3778 3914 τοῦ

2124 3953 2358 4029 ἀφανοῦς
2424 3947 2677 4022 δαίμονὲς
2744 3969 2883 4011 τινες
2950 3949 3320 4022 προσπταίντες
3376 3948 3782 4024 παρακαθεζον-

2120 4061 2242 4108 ται,
2288 4047 2389 4110 τῆς
2440 4039 2545 4094 ἀπὸ
2591 4039 2698 4093 τῶν
2749 4037 3073 4111 μιασμάτων
3121 4036 3328 4108 ἡδονῆς
3377 4037 3775 4100 ἀπολαύοντες·

2124 4130 2305 4204 ὥσπερ
2353 4129 2452 4204 γὰρ
2483 4129 2551 4183 τὰ
2601 4126 2768 4202 λίχνα
2825 4125 3040 4183 κυνίδια
3070 4127 3193 4202 περὶ
3224 4127 3354 4189 τοὺς
3409 4127 3610 4189 τόπους
3669 4132 3779 4182 τῶν

2125 4218 2416 4293 μακέλλων
2471 4221 2956 4294 παρακιθὲζονται,
2994 4216 3046 4272 ἐν
3099 4218 3180 4278 οἷς
3235 4219 3372 4289 αἷμα
3427 4215 3514 4270 καὶ
3577 4215 3783 4291 ἷχῶρὲς

2125 4308 2279 4377 εἶσιν,
2340 4307 2482 4363 οὕτω
2531 4306 2619 4362 καὶ
2661 4308 2729 4362 τὰ
2781 4304 2943 4382 λίχνα
2996 4303 3271 4378 δαιμόνια,
3330 4304 3625 4379 θηρώμενα
3678 4304 3779 4370 τήν

2125 4397 2230 4453 ἀπὸ
2261 4401 2369 4453 τῶν
2427 4395 2670 4470 αἱμάτων
2728 4397 2818 4451 καὶ
2874 4402 2977 4464 τῆς
3004 4391 3229 4463 κνίσσης
3276 4389 3386 4444 τῶν
3412 4392 3609 4444 θυσιῶν
3644 4387 3780 4440 ἀπο-

2125 4485 2337 4556 λαυσιν,
2370 4486 2493 4561 περὶ
2538 4485 2665 4548 τοὺς
2721 4483 2945 4560 βωμοὺς
2977 4479 3196 4553 εἷ’ληται
3254 4478 3343 4533 καὶ
3391 4477 3456 4530 τά
3485 4473 3780 4550 ἀγάλματα

2123 4576 2310 4639 αὐτοῖς
2341 4575 2684 4648 ἀνακείμενα·
2737 4573 2954 4635 τούτοις
3000 4571 3104 4645 γάρ
3156 4588 3262 4622 που
3310 4566 3401 4621 καὶ
3431 4564 3682 4643 τρέφεται
3713 4565 3780 4618 τὰ

2122 4667 2308 4741 ἀέρινα
2339 4666 2514 4721 αὐτῶν
2543 4665 2790 4736 σώματα,
2828 4659 2933 4715 ε’ίτε
2962 4659 3052 4714 καὶ
3084 4656 3301 4732 πύρινα,
3335 4656 3371 4727 ἢ
3404 4654 3494 4710 καὶ
3526 4653 3576 4725 ἐξ
3609 4654 3784 4729 ἀμφο-

2120 4755 2290 4830 τέρων
2323 4760 2430 4810 τῶν
2465 4750 2753 4826 στοιχείων
2791 4749 2975 4820 μικτά.
3028 4745 3126 4801 Καὶ
3177 4743 3342 4800 πάλιν
3377 4745 3404 4799 ὁ
3438 4750 3580 4808 θεῖος
3620 4741 3780 4800 Βασί-

2124 4828 2328 4912 λειος,ὁ
2357 4847 2465 4898 τῶν
2491 4841 2727 4895 ἀθεάτων
2753 4835 2994 4906 ἐπόπτης
3026 4839 3132 4889 τῶν
3158 4835 3296 4908 ἡμῖν
3325 4830 3425 4904 ἁδή
3439 4832 3642 4902 λων,οὐ
3669 4828 3782 4885 δαί-

2127 4954 2252 5006 μοσι
2282 4931 2492 5005 μόνοις,
2528 4927 2673 4998 ἀλλά
2701 4927 2792 4980 καὶ
2813 4930 2932 4987 τοῖς
2965 4925 3264 5000 ἀχράντοις
3295 4920 3554 4998 ἀγγέλοις
3587 4920 3781 4975 ἐνεῖναι

2124 5023 2353 5094 σώματα
2402 5015 2719 5073 διατείνεται
2775 5016 2929 5088 (46),
2983 5014 3074 5069 οἷά
3115 5034 3237 5070 τινα
3281 5011 3563 5087 πνεύματα
3611 5008 3786 5066 λεπτά

1765 5262 2120 5320 GAULMINI
2159 5262 2392 5318 NOTAE.

437 5375 549 5454 (4/1)
581 5375 824 5454 Dionys._
852 5377 923 5454 De
968 5377 1364 5454 calesti‘ﬂier.
1410 5378 1598 5454 c._15.
1651 5379 1714 5432 Oi
1765 5379 2015 5454 θεόσοφοι

365 5444 458 5506 τὰς
487 5443 751 5520 οὐρανίας
771 5446 955 5506 οὐσίας
986 5445 1044 5501 ἐκ
1073 5445 1241 5520 πυρὸς
1282 5443 1726 5503 διαπλάττουσιν.

436 5520 546 5593 (45)
580 5519 775 5593 l_3asil,_
807 5520 866 5573 in
919 5519 1156 5593 Isaiam,
1189 5523 1230 5573 t.
1270 5522 1313 5587 Ι,
1350 5521 1763 5593 ed._Garnerii,
1800 5539 1856 5593 p.
1889 5522 2009 5577 558.

439 5591 551 5664 (46)
584 5590 790 5664 ΒειεεὶιίὶΔ
817 5592 1220 5664 testimonium
1255 5593 1408 5661 quod
1444 5591 1647 5646 laudat
1676 5590 1765 5648 est
1796 5590 1922 5664 cap.
1953 5596 2018 5649 16

367 5659 450 5736 ib.
487 5663 559 5736 ad
614 5661 996 5736 Amphiloch.
1034 5665 1125 5736 De_
1167 5659 1403 5736 Spiritu
1430 5669 1619 5736 sancto
1698 5659 1891 5736 'Hp‘cx}
1921 5667 2015 5720 οὐ-

365 5729 452 5786 σία
502 5731 690 5788 αὐτῶν.
728 5729 870 5808 (περὶ
915 5736 1024 5788 τῶν
1071 5729 1335 5806 οὐρανίων
1382 5732 1685 5807 δυνάμεων)
1730 5729 1806 5790 τὸ’
1835 5736 2014 5812 ἀέριον

2129 5383 2362 5466 πνεῦμα,
2398 5376 2443 5433 εἰ
2492 5376 2744 5466 taxandi
2792 5381 2898 5466 πῦρ
2931 5373 3115 5466 ,ξὶϋλον
3166 5375 3305 5466 διατά
3359 5374 3422 5427 τὸ
3477 5369 3789 5466 γεγραμμεζ

2129 5473 2219 5525 νον
2413 5439 2601 5525 ποιεῖ)ἧῆ
2634 5439 2762 5525 τί)ξέ
2814 5439 3094 5525 ἀγγέλους
3126 5446 3309 5525 ἀὐτοῦ
3367 5439 3658 5525 πνεύματα
3695 5439 3790 5525 καὶ

2126 5524 2252 5586 τοὺς
2275 5522 2639 5598 ,λειτουργοὺς
2667 5521 2830 5598 αὐτοῦ
2863 5513 2986 5597 ’πῦρ
3023 5518 3392 5598 Διρ)ηὲγον;“Διὸ
3440 5513 3531 5598 διαὶ
3591 5515 3642 5598 ev
3694 5513 3789 5598 τό·

2127 5618 2214 5670 πῳ
2242 5583 2347 5650 εἰσὶ
2379 5583 2687 5670 καῖ’δρατνοὶ
2720 5583 2995 5670 γίνονταί,
3020 5583 3071 5647 ἐν
3100 5583 3180 5664 τῷ
3216 5586 3350 5670 εἴδει
3405 5594 3514 5645 τῶν
3568 5583 3787 5643 οἰκείων

2126 5664 2300 5726 αύτῶν
2330 5664 2598 5743 σωμάτων
2627 5664 2745 5731 τοῖς
2774 5666 2946 5737 ἀξίοις
2979 5664 3427 5743 ἱμφανιζόμενοι.
