4100 6388
377 419 497 480 83Ἶ

1523 414 1628 474 DE
1674 410 2098 474 DEMONUM
2142 410 2668 474 OPERATIONE.

3685 419 3806 480 838

375 549 467 606 καὶ
500 543 716 624 ἆερώδη
755 544 848 601 καὶ
880 542 1126 622 ἄχραντα
1153 563 1168 578 θ
1216 543 1309 599 καὶ
1359 547 1456 598 τοῦ
1505 540 1679 620 λόγου
1736 543 2037 620 παρέχεται

2167 544 2444 616 quosdam
2467 561 2668 602 aereos
2691 545 3114 620 defzecatosque
3137 547 3405 621 spiritus;
3439 553 3496 606 et
3533 550 3594 606 in
3618 550 3805 608 dicto-

383 641 632 716 μάρτυρα
689 632 881 708 Δαυῒδ,
935 635 1025 690 τὸν
1089 633 1141 688 ἐν
1196 635 1510 712 προφήταις
1585 632 2044 706 ὀνομαστότατον,

376 730 440 786 Ὁ
484 729 658 782 ποιῶν
717 723 851 786 τούς
903 721 1170 800 ἀγγὲλους
1229 721 1396 778 αὐτοῦ
1451 721 1738 795 πνεύματα
1796 720 2044 797 λέγοντα,

377 815 468 871 καὶ
520 814 650 876 τοὺς
709 812 1069 888 λειτουργοὺς
1123 809 1439 887 φλογίνους.
1471 810 1570 866 Καὶ
1602 816 1748 865 πᾶσα
1783 810 1992 885 ἀνάγκη
2028 829 2042 843 ·

375 911 494 969 τοῖς
525 903 630 980 γὰρ
664 901 1011 978 λειτουργοῖς
1043 900 1134 955 καὶ
1163 898 1673 973 ἀποστελλομένοις
1725 897 2043 972 πνεύμασιν,

381 997 458 1057 ὡς
517 994 546 1049 ὁ
594 991 874 1054 θεσπέσιος
936 989 1292 1068 ἀποφαίνεται
1350 987 1590 1060 Παῦλος,
1622 984 1730 1044 ἔδει
1789 988 2044 1062 σώματός

378 1103 524 1139 τινος
561 1081 636 1145 ὡς
665 1083 985 1153 κινήσονται
1010 1079 1100 1135 καὶ
1131 1078 1444 1153 ἐστήξονται
1475 1079 1563 1134 καὶ
1607 1077 1936 1154 φανήσονταί
1962 1099 2042 1153 γε.

381 1172 461 1230 0'5
515 1171 618 1247 γὰρ
660 1168 849 1233 ἄλλως
893 1172 1063 1224 ταῦτα
1111 1168 1247 1241 ἒνὸν,
1278 1167 1426 1224 ἀλλᾶ
1474 1165 1566 1224 διὰ
1593 1166 1845 1242 σώματός
1872 1189 2043 1239 τινος,

385 1261 585 1318 οὑτωσὶ
615 1257 912 1317 τελεῖσθαι.

457 1445 683 1497 ΤΙΜΟΘ.
733 1441 859 1502 Πῶς
917 1435 1010 1494 οὖν
1071 1438 1147 1502 ὡς
1221 1438 1508 1513 ἀσώματοι
1573 1435 1870 1516 πολλοιχοῦ
1943 1442 2045 1506 τῆς

383 1536 602 1607 Γραφῆς
638 1529 933 1602 ὑμνοῦνται
957 1545 972 1598 ;

454 1622 660 1692 ΘΡᾼΞ.
691 1620 813 1672 Ὅτι
841 1617 933 1673 καὶ
961 1621 1079 1679 τοῖς
1103 1617 1397 1694 ἡμετέροις
1427 1617 1518 1673 καὶ
1547 1622 1664 1681 τοῖς
1706 1617 1903 1696 θύραζε
1934 1620 2046 1694 (47)

381 1711 477 1768 καὶ
505 1712 623 1771 τοῖς
653 1707 918 1779 ἀπωτέρω
947 1707 1035 1762 καὶ
1071 1705 1296 1781 θύραθεν
1344 1705 1540 1772 εἲωοός
1586 1706 1696 1763 ἐστι
1739 1708 1807 1763 τὰ
1861 1708 2046 1784 παχύ-

385 1819 518 1873 τερα
543 1801 652 1854 τῶν
687 1794 957 1870 σωμάτων
990 1793 1301 1870 σωματώδη
1336 1793 1538 1872 λέγειν·
1563 1797 1592 1852 ’ὸ
1623 1793 1682 1852 δὲ
1713 1795 2047 1872 λεπτομερές

2155 651 2287 690 rum
2318 651 2561 690 suorum
2617 635 3124 693 conﬁrmationem
3158 638 3436 696 Davidem
3463 638 3634 696 illum
3676 659 3806 714 pro-

2153 724 2464 796 phetarum
2495 724 2764 780 omnium
2797 725 3214 783 celeberimum
3238 733 3448 785 testem
3473 730 3615 786 citat
3634 731 3805 802 cujus

2153 813 2278 870 haec
2309 814 2486 870 verba
2511 818 2674 870 sunt.
2700 815 2805 883 Qui
2824 817 2966 886 facit
2994 818 3217 887 angelos
3262 819 3519 888 spiritus,
3550 829 3602 875 et
3630 822 3806 876 mini-

2152 907 2300 959 stros
2339 905 2625 974 ﬂammeos
2648 904 2688 959 ’⁸.
2751 903 2914 969 Quod
2947 904 3028 959 ita
3071 921 3133 960 se
3181 905 3394 962 habeat
3424 924 3666 964 necesse
3693 914 3804 964 est.

2154 991 2441 1048 Ministris
2471 991 2626 1048 enim
2677 998 2734 1048 et
2778 993 2837 1047 in
2889 1009 3057 1049 suam
3108 992 3395 1067 ablegatis
3445 996 3806 1066 provinciam

2154 1081 2487 1154 spiritibus,
2515 1087 2578 1137 ut
2599 1082 2664 1137 D.
2692 1081 2906 1138 Paulus
2937 1083 3209 1152 asserit“,
3241 1100 3483 1156 corpore
3528 1086 3807 1158 quopiam

2155 1187 2305 1244 opus
2336 1177 2448 1242 est,
2482 1177 2546 1227 ut
2577 1177 2941 1240 moveantur,
2973 1176 3030 1228 et
3059 1173 3388 1246 quiescant,
3441 1177 3616 1246 atque
3664 1175 3808 1232 adeo

2155 1265 2498 1334 appareant.
2530 1260 2647 1316 Nec
2689 1261 2847 1317 enim
2878 1261 3004 1318 ﬁeri
3037 1262 3157 1318 haec
3184 1261 3299 1320 alio
3329 1264 3506 1319 modo
3536 1266 3806 1336 possunt,

2158 1354 2218 1406 at
2247 1351 2559 1422 cujusdam
2593 1350 2857 1423 corporis
2889 1350 3239 1408 intermedio
3271 1351 3355 1409 ita
3383 1351 3556 1408 ﬁunt.

2227 1439 2531 1497 TIMOTH.
2568 1440 2676 1507 Qui
2705 1440 2773 1496 ﬁt
2802 1456 2960 1514 ergo,
3019 1445 3087 1497 ut
3144 1441 3444 1515 plerisque
3493 1439 3808 1515 Scripturas

2155 1527 2302 1586 locis
2332 1535 2614 1602 tanquam
2646 1529 2977 1602 incorporei
3007 1529 3427 1587 celebrantur?

2227 1618 2496 1676 THRAX.
2529 1623 2598 1674 Et
2627 1619 2816 1675 nostri
2864 1623 2923 1675 et
2968 1620 3214 1684 externi,
3244 1624 3424 1693 atque
3463 1621 3608 1677 adeo
3639 1638 3673 1677 a
3702 1637 3810 1678 no-

2157 1713 2282 1767 stra
2311 1709 2596 1782 religione
2630 1708 3011 1765 remotissimi
3053 1712 3112 1764 et
3150 1709 3557 1780 antiquissimi
3588 1710 3811 1783 quique

2157 1816 2402 1873 corpora
2432 1798 2556 1868 illa,
2584 1814 2713 1870 qua:
2746 1797 3036 1855 crassiora
3073 1802 3236 1865 sunt,
3290 1815 3573 1872 corporea
3611 1799 3808 1857 dicere

385 1889 520 1960 ἐστι,
550 1886 640 1944 καὶ
692 1887 792 1956 τὴν
833 1881 958 1960 ὄψιν
1009 1883 1377 1962 διαφυγγάνον
1407 1885 1498 1940 καὶ
1553 1887 1653 1956 τὴν
1707 1886 1873 1964 ἆφήν,
1907 1888 2047 1943 ἀσώ-

2167 1891 2369 1955 solent,
2402 1889 2556 1961 quod
2600 1891 2795 1945 autem
2849 1889 3232 1962 perexiguum
3265 1893 3354 1946 est
3400 1893 3458 1945 et
3505 1893 3806 1962 pertenue,

387 1935 520 1960 ""7
552 1935 640 1944 'w'
704 1935 786 1956 ”⁸’
839 1935 951 1960 ’ΤΠ
1015 1935 1200 1962 ""‘r'l
1227 1935 1370 1962 Ι”⁷⁷’
1410 1935 1497 1940 ’“’“’
1566 1935 1646 1956 ⁷⁷1⁷
1709 1935 1873 1964 “T'l'!
1910 1935 2019 1943 """

387 1998 556 2051 ματον
586 1976 648 2032 οὗ
676 1975 840 2051 μόνον
883 1976 936 2030 οἱ
981 1977 1100 2031 καθ’
1133 1978 1304 2049 ἡμᾶς,
1336 1976 1482 2033 ἀλλὰ
1530 1977 1619 2033 καὶ
1667 1975 1874 2034 πολλοὶ
1931 1981 2041 2034 τῶν

2167 1935 2369 1955 ⁸⁸⁷⁸³⁸⁸⁷,
2404 1935 2556 1961 Ί’⁸““’“”
2600 1935 2795 1945 ""“"""
2851 1935 3232 1962 ι’“”““’“”ῠ“““““⁸⁶
3266 1935 3353 1946 """
3402 1935 3458 1945 ν’
3505 1935 3594 1962 τ’·
3614 1935 3806 1960 "'""'"7

2167 1995 2263 2036 nec
2293 1980 2403 2035 sub
2435 1983 2740 2051 aspectum
2787 1979 2964 2048 cadit,
3013 1995 3119 2035 nec
3171 1979 3353 2036 tactui
3385 1978 3717 2052 exponitur,
3747 1979 3808 2035 id

384 2067 535 2129 ἐκτὸς
564 2065 771 2140 ἆξιοῦσι
805 2064 980 2142 λέγειν
1015 2067 1145 2141 (48).

2173 2085 2562 2141 ncorporeum
2596 2085 2712 2124 non
2755 2067 2951 2125 solum
3000 2067 3304 2141 religionis
3335 2073 3570 2139 nostrae,
3601 2085 3808 2125 verum

2146 2160 2324 2216 etiam
2343 2162 2590 2215 externae
2613 2157 3051 2230 superstitionis
3069 2157 3364 2216 antistites
3386 2157 3810 2232 appellandum

2154 2252 2422 2308 censent.
3105 2289 3110 2292 .
3571 2249 3573 2252 ‘

1881 2501 2115 2559 CAPUT
2160 2502 2310 2559 VIII.

793 2605 879 2658 De
901 2599 1140 2672 angelici
1166 2600 1414 2671 corporis
1440 2615 1476 2655 α
1503 2598 1861 2672 άωηιοηὶασο,
1891 2599 2313 2673 splendorisque
2340 2617 2376 2657 α
2402 2601 2578 2658 solari
2605 2583 2931 2675 cli/fermtia
2957 2605 3010 2659 et
3037 2601 3383 2658 discriminc.

450 2741 680 2793 ΤΙΜΟΘ.
709 2732 890 2792 Ἀλλά
915 2731 970 2789 τί
1003 2729 1068 2804 δή
1097 2751 1112 2802 ;
1142 2734 1305 2787 τοῦτο
1332 2731 1397 2787 τὸ
1429 2731 1670 2810 συμφυὲς
1720 2736 1840 2796 τοῖς
1879 2733 2041 2811 ἆγγέ.

387 2825 509 2888 λοις
534 2828 696 2898 σῶμα
723 2822 954 2900 πότερον
985 2822 1180 2878 ταυτόν
1212 2819 1324 2876 ἐστι
1355 2821 1446 2876 καὶ
1470 2826 1589 2886 τοῖς
1619 2818 1873 2897 δαίμοσιν
1901 2849 1916 2893 ;

2230 2735 2540 2793 TIMOTH.
2597 2738 2718 2810 Age
2777 2753 2952 2804 vero,
3013 2752 3300 2792 numnam
3361 2750 3574 2809 corpus
3660 2735 3807 2793 illud

2154 2827 2312 2898 quod
2366 2825 2590 2900 angelis
2644 2827 2916 2882 innatum
2964 2831 3074 2898 est,
3113 2824 3271 2882 idem
3297 2830 3354 2883 et
3378 2827 3674 2883 daemones
3704 2825 3808 2882 ha-

2150 2915 2190 2970 b

2197 2919 2503 3061 e'Ill‘llltAX.
2537 3007 2752 3077 Apage,
2787 3003 3034 3062 alterum
3061 3021 3202 3062 sane
3235 3005 3306 3062 ab
3336 3004 3517 3062 altero
3549 3004 3811 3078 permul-

399 3087 708 3166 ἇγγελικὸν,
764 3088 924 3166 αὐγάς
975 3109 1097 3146 τινα
1155 3088 1435 3164 ἐξανίσχον
1490 3087 1660 3160 ξένας,
1717 3093 1837 3151 τοῖς
1892 3087 2046 3155 ἐκτὸς

2167 3098 2286 3150 tum
2318 3094 2532 3149 differt.
2567 3093 2903 3167 Angelicum
2938 3095 3120 3166 enim,
3170 3095 3308 3166 quia
3337 3099 3645 3151 extraneos
3676 3110 3809 3152 nes-

399 3164 706 3257 ὁτρθαλμοῖς
757 3164 895 3234 ἐστιν
955 3178 1231 3258 ἀφόρητόν
1288 3199 1348 3234 τε
1404 3175 1493 3233 καί
1527 3176 1894 3233 ἀνυπόστατον
1932 3197 1946 3212 ο
1986 3179 2049 3234 τὸ

2167 3186 2250 3240 cio
2276 3201 2426 3255 quos
2457 3164 2802 3256 splendores
2844 3183 3061 3239 emittit
3099 3164 3157 3239 et
3187 3164 3554 3253 eiaculatur,
3585 3183 3807 3240 idcirco

468 3005 909 3074 ΘΡᾼΞ.¹’Ᾱπαγε
941 3021 954 3036 ο
985 2997 1206 3056 πολλοῦ
1260 3019 1324 3075 γε
1377 2999 1464 3054 καὶ
1526 2995 1628 3055 δεῖ.
1656 3000 1736 3056 Τὸ
1790 2998 1884 3072 μὲν
1941 3000 2042 3076 γᾶρ

395 3266 676 3342 δαιμόνιον
708 3265 785 3337 δὶ,
820 3267 868 3323 εἴ
901 3268 997 3341 μὶν
1027 3271 1278 3324 τοιοῦτον
1311 3265 1376 3338 δή
1412 3288 1545 3322 ποτε
1571 3268 1636 3338 ἦν
1680 3268 1782 3323 οὐκ
1822 3265 1942 3323 οῖδα
1972 3268 2049 3322 εί-

391 3362 508 3414 πεῖν
547 3376 560 3388 ·
622 3353 765 3414 ἔοικε
821 3355 870 3413 δ’
919 3355 1034 3427 οὖν,
1087 3357 1398 3434 Ἑωσφόρον
1453 3355 1680 3414 Ἡσαΐου
1739 3357 1830 3411 τὸν
1891 3356 2050 3412 ἐκπε-

2159 3275 2472 3330 exteriores
2485 3272 2684 3330 oculos
2718 3273 2946 3344 fulgore
2982 3289 3089 3328 suo
3113 3273 3478 3345 perstringit,
3503 3289 3608 3328 nec
3631 3273 3702 3328 ab
3733 3273 3806 3329 iis

2159 3363 2296 3419 ferri
2328 3361 2635 3418 tolerarive
2685 3366 2895 3434 potest.
2939 3359 3376 3418 Daemoniac‘um
3410 3378 3543 3418 vero
3589 3379 3662 3417 an
3695 3362 3808 3418 hu-

393 3446 555 3503 σὸντα
609 3445 1089 3522 κατονομάζοντος
1125 3465 1136 3479 ·
1168 3451 1261 3502 νῦν
1318 3443 1377 3502 δὲ
1435 3443 1581 3502 ἀλλὰ
1637 3443 1875 3524 ζοφῶδες
1931 3448 2046 3502 οἷον

2167 3453 2418 3524 iusmodi
2473 3452 2775 3523 quondam
2825 3452 3023 3520 fuerit,
3086 3451 3382 3507 afﬁrmare
3426 3467 3541 3506 non
3590 3451 3806 3522 ausim,

389 3536 476 3593 καὶ
504 3537 746 3613 ἀμαυρόν
791 3535 925 3606 ἔστι,
957 3535 1048 3591 καὶ
1094 3541 1210 3599 τοῖς
1261 3529 1472 3610 ὄμμασι
1524 3533 1799 3609 λυπηρὸν,
1829 3557 2051 3612 γυμνω-

390 3627 476 3691 θὲν
507 3629 604 3681 τοῦ
636 3625 866 3702 συζύγου
912 3626 1116 3704 φωτός.
1150 3625 1250 3680 Καὶ
1297 3625 1360 3681 τὸ
1411 3625 1505 3698 μὲν
1565 3623 1852 3702 ἀγγελικὸν
1914 3646 2049 3680 παν-

386 3715 618 3774 τάπασίν
652 3716 792 3772 ἐστιν
823 3714 989 3772 ἅϋλον
1029 3735 1042 3748 ·
1073 3712 1157 3770 διὸ
1211 3714 1302 3770 καὶ
1362 3713 1452 3770 διὰ
1500 3714 1702 3778 παντός
1761 3714 1872 3770 ἔστι
1931 3737 2046 3772 στε-

393 3811 516 3882 ρεοῦ
544 3803 792 3861 διαδύνον
843 3806 933 3860 καὶ
987 3801 1146 3875 διϊὸν,
1178 3805 1267 3860 καὶ
1309 3811 1411 3875 τῆς
1457 3801 1662 3875 ἠλικῆς
1719 3805 1936 3868 ἀκτῖνος
1992 3804 2050 3860 ὃν

393 3896 778 3971 ἀπαθέστερον.
811 3896 927 3965 Τήν
991 3895 1088 3974 μὲν
1139 3894 1243 3970 γὰρ
1301 3891 1391 3950 διὰ
1447 3895 1716 3967 σωμάτων
1779 3891 2050 3974 διαφανῶν

394 3985 577 4040 ἰοῦσαν
639 3983 924 4061 ἀποστέγει
970 3984 1037 4040 τὰ
1075 3973 1273 4060 ’γεώδη
1345 3983 1436 4039 καὶ
1513 3981 1768 4058 ἀλαμπῆ,
1829 3973 1902 4047 ὠς
1961 3983 2051 4040 καὶ

391 4072 583 4130 κλάσιν
617 4074 930 4147 ὑπομένειν,
956 4075 1046 4129 ἅτε
1076 4071 1144 4143 δὴ
1194 4074 1256 4128 τὸ
1303 4067 1494 4128 ἕνυλον
1548 4071 1780 4148 ἔχουσαν
1813 4092 1825 4106 ⁸
1857 4078 1938 4147 τῷ
1995 4071 2053 4129 δὲ

393 4162 550 4222 οὐδὲν
610 4163 785 4219 αὐτῶν
845 4163 956 4219 ἐστι
1015 4164 1335 4239 πρόσαντες,
1389 4165 1478 4218 οἷα
1530 4160 1807 4236 μηδεμίαν
1864 4157 2050 4239 ἔχοντι

391 4254 527 4330 πρὸς
589 4250 757 4326 μηδὲν
828 4251 1118 4325 ἀντίθεσιν,
1181 4249 1323 4325 μηδὲ
1376 4272 1516 4306 τισιν
1572 4253 1909 4328 ὁμόστοιχον
1968 4249 2052 4311 ὅν.

390 4345 466 4399 Τὰ
496 4341 554 4398 δὲ
605 4341 862 4416 δαιμόνια
911 4343 1159 4415 σώματα,
1193 4340 1288 4396 κᾶν
1341 4339 1445 4396 ὗπὸ
1491 4338 1829 4413 λεπτότητος
1873 4342 2049 4420 ἀφανῆ

388 4433 740 4503 καθίστηκεν,
795 4427 921 4487 ἀλλ’
981 4429 1135 4504 ὅμως
1192 4427 1355 4485 ἔνυλά
1413 4451 1490 4500 πη
1536 4431 1624 4484 καὶ
1683 4428 1925 4504 ἐμπαθῆ,
1959 4431 2048 4486 καὶ

2159 3541 2341 3597 fuisse
2398 3547 2597 3596 tamen
2651 3541 2903 3596 videtur.
2949 3544 3092 3595 Cu‘m
3150 3539 3310 3595 enim
3361 3539 3463 3610 qui
3490 3539 3696 3611 lapsus
3725 3545 3816 3596 est

2160 3630 2489 3686 Luciferum
2523 3634 2686 3685 vocet
2735 3616 2915 3684 Isaias
2930 3629 2970 3696 ο,
3005 3645 3163 3684 nunc
3191 3644 3326 3684 vero
3372 3627 3810 3684 tenebricosum

2159 3720 2356 3776 nescio
2389 3719 2532 3790 quid
2564 3723 2620 3774 et
2651 3719 2970 3774 obscurum
3028 3721 3142 3786 est,
3203 3721 3380 3788 atque
3419 3716 3554 3772 visu
3585 3716 3812 3773 tristiﬁ-

2159 3825 2318 3874 cum,
2354 3812 2556 3879 utpote
2577 3811 2824 3880 cognato
2855 3805 3079 3862 lumine
3130 3806 3424 3861 orbatum.
3471 3807 3664 3876 Atque
3713 3822 3817 3860 an-

2159 3897 2410 3971 gelicum
2447 3897 2685 3969 quidem
2717 3895 2876 3951 omni
2926 3911 3170 3968 prorsus
3219 3894 3465 3950 materia
3487 3898 3672 3961 vacat,
3699 3911 3816 3966 quo

2160 3988 2226 4043 ﬁt
2255 3987 2457 4055 etiam,
2492 3989 2557 4042 ut
2609 4001 2844 4057 semper
2894 3984 3172 4055 solidum,
3206 3981 3589 4056 penetrabile,
3639 3988 3816 4054 atque

2161 4076 2510 4149 permeabile
2565 4075 2644 4132 sit
2689 4075 2938 4147 ipsoque
2969 4072 3147 4130 solari
3199 4073 3362 4129 radio
3395 4071 3810 4145 impatibilius.

2161 4167 2328 4223 Hunc
2341 4167 2500 4222 enim
2524 4164 2958 4237 transparentia
2980 4181 3082 4220 seu
3106 4162 3398 4237 pellucida
3415 4179 3660 4235 corpora
3682 4179 3816 4234 per-

2162 4260 2456 4312 meantem
2479 4272 2544 4311 ea
2574 4254 2924 4326 refringunt,
2955 4270 3084 4325 quae
3113 4257 3349 4309 terrena
3369 4256 3428 4308 et
3448 4267 3633 4324 Opaca
3653 4255 3814 4307 sunt.

2162 4345 2244 4401 ita
2277 4348 2339 4400 ut
2385 4343 2566 4399 ictum
2618 4343 2858 4415 quidem
2912 4341 3156 4398 luminis
3208 4342 3398 4397 ferant
3447 4339 3668 4413 quippe
3714 4338 3818 4411 qui

2164 4433 2422 4490 materiae
2457 4450 2570 4489 non
2605 4433 2942 4504 sitexpers;
2976 4437 3034 4488 at
3055 4430 3320 4504 angelico
3351 4432 3580 4502 corpori
3609 4429 3821 4500 hujus-

392 4519 618 4595 μάλισθ’
645 4518 745 4576 ὅσα
771 4518 899 4583 τοὺς
943 4520 1047 4575 ὑπὸ
1094 4525 1198 4594 γῆν
1253 4515 1552 4574 ὑποδέδυκε
1606 4518 1830 4582 τόπους.
1865 4523 2049 4577 Ταῦτα

2167 4522 2323 4579 modi
2353 4538 2663 4595 corporum
2695 4520 2922 4576 nullum
2973 4520 3228 4589 obsistit,
3281 4519 3498 4592 quippe
3548 4517 3640 4574 cui
3670 4515 3820 4572 nihil

388 4612 489 4688 γὰρ
522 4609 792 4680 τοσαύτην
825 4605 942 4685 ἔχει
980 4611 1082 4680 τὴν
1124 4608 1402 4679 σύστασιν,
1435 4608 1509 4672 ὡς
1559 4608 1651 4664 καὶ
1701 4608 1865 4684 ἁφαῖς
1915 4610 2052 4665 ὑπο-

390 4699 630 4773 πίπτειν,
677 4698 769 4754 καὶ
814 4697 1168 4773 πληττόμενα
1216 4695 1527 4772 ὀδυνᾶσθαι,
1559 4699 1646 4754 καὶ
1693 4697 1824 4775 πυρὶ
1880 4719 2054 4776 προσ-

391 4788 739 4864 ομιλήσαντα
793 4789 1041 4861 κάεσθαι,
1101 4787 1176 4853 ὡς
1240 4787 1330 4844 καὶ
1390 4783 1505 4844 ἔνια
1555 4787 1764 4844 τούτων
1825 4787 2056 4846 ἀπολεί-

461 4917 483 4951 τ
515 4914 668 4972 Psal.
701 4931 815 4987 CIV,
848 4915 938 4971 13.
1013 4914 1035 4950 ⁸
1067 4913 1210 4971 Heb.
1246 4931 1286 4986 ι,
1323 4914 1410 4970 14.
1489 4915 1510 4950 ο
1540 4914 1652 4972 Isa.
1685 4932 1804 4988 xxv,
1839 4916 1906 4971 12

2166 4613 2514 4668 adversetur
2562 4616 3096 4666 consentaneumve
3145 4611 3244 4666 sit.
3281 4607 3645 4664 Daemoniaca
3687 4620 3822 4662 vero

2166 4717 2432 4774 corpora,
2465 4700 2792 4773 quamlibet
2820 4701 3012 4756 visum
3045 4716 3164 4771 prae
3203 4699 3491 4755 tenuitate
3524 4694 3823 4753 subterfu-

2167 4791 2352 4865 giant,
2388 4789 2644 4874 materiae
2667 4794 2862 4848 tamen
2887 4789 3158 4846 nonnihil
3183 4787 3824 4863 habent,patibiliaque

1807 5067 2161 5126 GAULMINI
2199 5034 2427 5126 Nom.

468 5182 574 5266 (47)
603 5182 672 5242 Οἱ
715 5180 933 5266 tepet},
976 5180 1160 5266 Graeci
1213 5182 1348 5266 yet“
1363 5181 1636 5266 gentiles.
1676 5183 1747 5266 φὶ
1788 5179 1896 5266 ἔξω
1935 5183 2054 5266 Da-

398 5249 614 5333 mascio
645 5249 1132 5333 contraiM'anicb.
1161 5254 1261 5333 ;_-i_;_
1297 5249 1399 5323 ἶξῶ
1445 5252 1755 5333 φιλοσοφίαι
1777 5249 2052 5333 ρὶοεοιιὶο

390 5325 636 5401 Nysaea.
689 5328 758 5401 in
800 5327 926 5401 Vita
974 5327 1146 5401 Greg.
1197 5325 1513 5401 Thaumat.
1569 5325 1858 5401 (p.'24t);
1893 5325 2054 5401 σοφοὶ

391 5395 578 5471 οῖ’ἔξω
608 5400 668 5455 in
697 5397 1006 5471 Theoriani
1037 5396 1327 5471 legatione
1375 5401 1447 5454 ad
1500 5395 1910 5455 Armeniorum
1949 5395 2054 5454 Ca-

389 5469 699 5544 tholicam,
732 5471 833 5544 qui
855 5469 1462 5544 illorum—patriarcha
1490 5475 1601 5526 est.
1639 5471 1834 5528 Disces
1864 5487 1933 5526 ex
1961 5472 2056 5528 Jo-

391 5543 558 5615 seph.
596 5544 721 5598 Ind.
753 5542 917 5606 Quod
950 5557 1180 5615 moneo,
1209 5542 1348 5614 quia
1393 5543 1480 5615 vir
1526 5544 1736 5615 doctus
1788 5544 2053 5615 consula-

392 5613 511 5687 νεᾷπ
533 5615 960 5686 interpretatus
991 5618 1100 5687 est.
1137 5613 1364 5687 Habent
1393 5631 1424 5669 a
1454 5613 1864 5687 Pythagoreis‘
1883 5614 2054 5687 Chri-

391 5685 593 5759 stiani.
630 5679 935 5744 Malchusz
965 5683 1132 5759 μόνον
1149 5687 1270 5759 Δτῶν
1300 5679 1628 5759 δυσσυνέτων
1644 5679 1812 5759 "(lege
1841 5679 2054 5759 δυσξυν-

392 5754 552 5831 ἐτων)
610 5759 758 5833 παρᾶ
813 5759 933 5819 τοῖς
966 5751 1088 5831 ’ἔξω
1147 5751 1773 5832 διαμνημονευομένωνῖ
1828 5757 1896 5815 Οἱ
1953 5751 2054 5832 ἔξω

2162 5184 2489 5259 apudillos
2521 5189 2661 5259 sunt
2693 5183 3028 5259 philosophi
3062 5201 3189 5259 non
3211 5184 3477 5259 ejusdem
3513 5183 3711 5259 sectis,

2233 5258 2348 5330 (48)
2375 5260 2533 5323 Quos
2557 5253 2711 5314 alios
2739 5253 3372 5330 simulsentireinquit
3393 5272 3510 5312 non
3533 5253 3822 5330 eaeor-ibo,

2164 5325 2302 5400 quia
2331 5325 2560 5400 pridem
2591 5335 2680 5384 est
2711 5345 2844 5384 cum
2867 5328 2965 5384 alii
2988 5325 3426 5399 exscripserunt
3447 5347 3462 5396 ;
3484 5327 3585 5382 sed
3601 5325 3825 5400 Aristo-

2163 5397 2351 5456 telem
2373 5401 2635 5472 (Memphi.
2670 5417 2746 5467 ιν,
2779 5402 2835 5472 8)
2867 5417 3100 5472 crucem
3136 5397 3515 5472 philosophis
3538 5397 3822 5472 relinqui-

2165 5490 2300 5528 mus
2330 5491 2342 5528 :
2377 5467 2547 5544 Οιζισίαξ
2574 5469 2788 5544 λέγεται
2818 5467 2886 5527 τά
2913 5493 2970 5526 τε
3000 5467 3150 5526 ἁττλᾶ
3176 5467 3426 5544 σώματα,
3459 5471 3575 5544 οἷον
3608 5474 3676 5544 γῆ
3710 5467 3819 5544 ’καῖ

2163 5545 2391 5618 πῦρμκαὶ
2425 5541 2594 5618 ὕδωρ,
2623 5539 2711 5596 καὶ
2747 5542 2844 5596 ὅσοι
2872 5547 3115 5611 τοιαῦτα,
3147 5543 3236 5597 καὶ
3264 5539 3699 5618 δλῳίσώμριᾶια,
3732 5539 3822 5618 καῖ

2161 5609 2332 5688 τᾲ’ὲκ
2386 5609 2594 5688 τούτων
2627 5619 2951 5685 συνεστῶτα,
2989 5609 3110 5687 ζῶά-
3157 5636 3214 5670 τε
3271 5614 3362 5672 καὶ
3422 5609 3701 5688 δαιμόνια,
3731 5609 3821 5666 καὶ

2161 5687 2229 5744 τὰ
2263 5686 2430 5764 μόρια
2455 5687 2690 5744 τούτων.
