4100 6388
296 408 416 470 857
1433 413 1536 473 DE
1580 409 1935 472 ΒΛΕΜΟΝΗ

2049 407 2578 471 OPERATlONE.
3599 403 3720 464 858

301 560 487 613 μενον,
521 536 633 612 ἐρεῖ
677 558 773 601 τας
827 540 1022 610 μανίας
1080 540 1253 603 πάσας
1313 540 1452 611 ὅλης
1514 545 1645 598 εῖναι
1686 555 1937 616 πλημμε⁴

2064 541 2354 614 superior,
2387 542 2460 598 ab
2508 541 2582 597 iis
2609 540 2847 596 eximat.
2905 540 3034 596 Iliso
3067 539 3212 595 mihi
3260 538 3547 596 scelestus
3598 538 3718 609 ille,

299 627 413 690 λεῖς
438 630 704 698 κινήσεις,
737 625 883 682 ἀλλά
916 629 992 702 μή
1026 640 1170 700 παθη
1201 631 1435 706 τραγικᾶ
1466 629 1739 705 δαιμόνων
1772 651 1785 701 ;

2063 635 2346 702 tanquam
2399 631 2641 686 Phaebas
2690 629 2976 702 quaepiam
3028 645 3097 684 ex
3144 630 3372 700 tripode
3443 626 3720 700 Delphico

299 719 751 775 vaticinabatur.
785 718 1088 790 Siquidem
1120 737 1244 790 quae
1275 723 1560 793 praedixit,
1592 739 1661 778 ea
1691 723 1842 777 facta
1873 729 1928 778 et
1959 721 2272 793 adimplcta
2301 724 2440 776 sunt
2471 720 2689 790 omnia,
2729 736 3054 792 parumque
3085 719 3272 773 abfuit
3317 717 3455 790 quin
3493 717 3723 789 pericu-

298 808 395 880 lis,
425 827 556 881 quae
589 826 681 864 me
712 809 970 881 plurima
995 810 1537 879 circumvallarunt,
1571 813 1926 868 immortuus
1959 813 2070 868 sim
2099 829 2111 880 ;
2147 829 2179 868 a
2215 810 2432 882 quibus
2464 827 2558 866 me
2587 814 2795 882 praeter
2823 810 3156 880 opinionem
3187 808 3456 863 Servator
3483 806 3719 877 eripuit.

297 899 440 963 Quis
486 898 690 972 igitur,
739 899 1043 955 oraculum
1095 901 1438 972 hujusmodi
1478 903 1877 975 conspicatus,
1911 919 1943 956 a
1989 901 2358 956 daemonibus
2406 900 2566 956 velut
2606 899 2665 955 in
2715 915 2936 972 organa
2977 897 3205 954 musica
3252 895 3718 964 insulﬂantibus,

297 989 542 1060 factum,
574 988 775 1045 omnia
819 987 1064 1046 insanias
1108 1007 1344 1064 genere,
1376 992 1594 1048 vitiatae
1642 993 1901 1048 materies
1952 996 2171 1058 motus,
2204 1007 2318 1046 non
2372 994 2571 1046 autem
2622 991 2878 1062 tragicos
2927 989 3260 1044 daemonum
3294 986 3539 1042 all'cctus
3587 999 3720 1039 esse

294 1077 454 1134 dicat
470 1075 500 1132 ?

1782 1306 2016 1363 CAPUT
2053 1305 2207 1362 XVI.

293 1405 365 1459 De
393 1404 652 1460 Armenio
682 1405 923 1476 quodam
950 1405 1382 1476 praestigiatore,
1414 1407 1509 1477 qui
1536 1406 1839 1463 daemonem
1883 1409 2033 1476 ferro
2063 1424 2097 1460 a
2125 1422 2439 1477 puerpuera
2483 1406 2693 1474 Graeca,
2746 1423 2863 1478 quae
2908 1421 3161 1464 sermone
3207 1419 3366 1477 quem
3419 1401 3714 1471 ignorabat

1603 1481 1861 1535 Armenio
1889 1479 2169 1546 utebatur,
2202 1480 2405 1547 abegit.

365 1574 602 1630 ΤΙΜΟΘ.
662 1571 835 1630 Οὐδὲν
891 1575 1100 1647 καινὸν,
1158 1575 1203 1629 ὧ
1249 1576 1410 1649 Θρᾷξ,
1447 1575 1494 1630 εἲ
1542 1579 1708 1631 ταῦτα
1755 1574 1946 1638 παῖδες

292 1662 492 1738 ἱατρῶν
537 1668 832 1741 φρονοῦσι,
891 1663 1084 1718 ὁπόσοι
1145 1662 1314 1736 μηδὲν
1375 1669 1624 1720 τοιοῦτον
1681 1665 1946 1739 συνεωρά-

292 1771 437 1808 κασι.
470 1751 650 1825 Κάμοὶ
701 1753 804 1827 γὰρ
853 1752 996 1808 οὕτω
1053 1753 1318 1830 πρότερον
1365 1754 1522 1828 ἐπῄει
1571 1761 1807 1832 φρονεῖν,
1853 1755 1947 1828 μέ-

295 1859 423 1915 χρις
462 1839 524 1896 ού
571 1863 664 1914 μοι
712 1843 996 1898 συνέπεσεν
1049 1842 1180 1898 ἰδεῖν
1239 1865 1291 1899 τι
1347 1841 1646 1921 τερατῶδες
1705 1846 1948 1920 ἀτεχνῶς

290 1929 383 1984 καὶ
415 1929 744 2000 ἀλλόκοτον,
777 1932 808 1986 ὅ
853 1952 937 1986 σοι
989 1937 1078 1988 νῦν
1123 1931 1222 1988 οὐκ
1273 1931 1492 2007 ἄκαιρόν
1543 1933 1653 1989 ἐστι
1686 1931 1951 2010 διηγήσα-

2129 1577 2428 1634 TlMOTH.
2459 1578 2670 1633 Mirum
2703 1595 2820 1633 non
2853 1583 3002 1644 est,o
3032 1578 3244 1646 Thrax,
3280 1575 3434 1648 quod
3479 1575 3561 1630 ita
3591 1589 3712 1630 me-

2059 1667 2174 1722 dici
2207 1668 2482 1735 sentiant,
2515 1673 2803 1740 quotquot
2850 1668 3193 1739 hujusmodi
3237 1665 3384 1722 nihil
3417 1665 3710 1720 viderunt.

2061 1758 2207 1814 Nam
2242 1764 2300 1814 et
2329 1758 2388 1814 in
2414 1759 2618 1814 eadem
2651 1759 2778 1831 ipse
2826 1757 3117 1815 sententia
3165 1761 3339 1811 antea
3386 1754 3490 1820 fui,
3524 1770 3714 1826 usque

2062 1849 2135 1904 ad
2157 1865 2291 1904 eum
2317 1849 2496 1917 diem,
2529 1866 2645 1921 quo
2671 1849 2866 1905 nescio
2893 1849 3032 1920 quid
3075 1847 3231 1903 haud
3265 1845 3441 1901 dubie
3476 1850 3710 1915 porten-

2062 1944 2256 1994 tosum
2292 1943 2350 1994 et
2377 1941 2702 1995 absurdum
2735 1939 2932 1995 videre
2962 1937 3105 1994 mihi
3136 1935 3442 2008 contingit.
3465 1933 3626 2000 Quod
3661 1933 3710 1989 si

295 2030 439 2084 σθαι.
474 2021 695 2083 Πάντως
747 2017 796 2075 δ’
850 2020 910 2075 ἃν
973 2021 1034 2076 οὐ
1083 2023 1388 2097 ψευσαίμην
1436 2024 1572 2095 ἀνὴρ
1613 2019 1937 2100 πρεσϐύτης1

2059 2025 2165 2081 tibi
2218 2043 2373 2081 nunc
2423 2026 2767 2096 edisseram,
2813 2025 2956 2082 nihil
3005 2025 3217 2082 rationi
3265 2024 3708 2080 dissentaueum

293 2108 370 2173 εἷς
415 2109 577 2164 τοῦτο
644 2112 977 2185 περιστήσας
1049 2110 1281 2185 ἐμαυτὸν
1358 2114 1421 2167 τὸ
1495 2108 1788 2188 τριϐώνιον

291 2198 594 2276 Έτύγχανέ
670 2222 765 2273 μοι
850 2195 1215 2276 πρεσϐύτερος
1279 2200 1533 2280 ἀδελφὸς,
1619 2205 1679 2266 ’ὀς
1735 2203 1949 2278 γυναικὶ

294 2295 478 2358 συνῆν,
534 2287 711 2345 τᾶλκα
765 2290 861 2363 μὶν
939 2290 1201 2369 σώφρονι,
1261 2289 1509 2365 δυστόκῳ
1563 2289 1620 2346 δὲ
1679 2291 1800 2348 λίαν
1859 2292 1947 2347 καὶ

291 2379 488 2442 νόσους
511 2376 966 2454 ἐξαλλαττομέμῃ
1011 2379 1380 2444 παντοδαπάς.
1434 2381 1584 2452 Αὕτη
1632 2380 1786 2456 λεχώ
1817 2403 1950 2438 ποτε

290 2467 592 2543 γενομένη,
648 2473 907 2544 πονηρῶς
983 2471 1122 2544 εἶχε,
1176 2470 1266 2526 καὶ
1324 2469 1569 2546 ἐσχάτως
1619 2472 1944 2546 παρέκοπτε,

289 2552 380 2612 τόν
408 2578 468 2612 τε
515 2562 725 2633 χιτῶνα
772 2557 1207 2635 περιρῥηγνῦσα,
1263 2556 1535 2636 βάρϐαρον
1587 2581 1707 2615 τινα
1754 2558 1946 2635 γλῶσ-

288 2668 382 2702 σαν
443 2645 804 2723 ἐπετρόχαζιν
880 2645 1251 2718 ἀλαλάζουσα.
1311 2649 1410 2703 Καὶ
1466 2651 1501 2718 ἡ
1559 2653 1783 2726 γλῶσσα
1829 2655 1946 2713 τοῖς

288 2735 402 2791 ἐκεῖ
454 2741 859 2813 παρατυχοῦσιν
915 2736 1014 2792 οὐκ
1082 2736 1348 2808 ἐπίδηλος
1417 2740 1505 2808 ἦν.
1564 2737 1793 2812 ’Δμὲλει
1851 2738 1942 2794 καὶ

289 2827 484 2889 πάντες
533 2825 584 2880 ἐν
643 2827 846 2903 ἀπορίᾳ
917 2829 1387 2902 περιειστήκεσαν,
1460 2827 1558 2883 οὐκ
1613 2825 1835 2903 ἔχοντες
1886 2826 1939 2882 ἐν

292 2913 574 2988 ἀμηχάνῳ
622 2920 772 2987 κακῷ
818 2915 1068 2988 τοσούτῳ
1121 2913 1334 2992 δράσειν
1379 2914 1555 2972 οὐδέν.
1600 2923 1852 2979 Γυναῖκες
1885 2914 1942 2971 δέ

293 3022 439 3062 τινες
503 3003 610 3073 (καὶ
667 3024 768 3078 γαρ
831 3005 932 3059 εἱσι
1001 3005 1157 3080 γένος
1217 3006 1488 3081 εὑρετικὸν
1547 3005 1637 3060 καὶ
1692 3007 1829 3082 πρὸς
1878 3007 1941 3060 τὸ

301 3089 610 3163 συμπίπτον
667 3093 1090 3168 ἀνυσιμώτατον)
1141 3091 1358 3170 ἄγουσιν
1409 3093 1577 3171 ἄνδρα
1620 3093 1762 3166 ξένον
1813 3096 1940 3150 ἁνα-

297 3181 701 3257 φαλαντίαν
760 3179 999 3260 ἀκριϐὼς
1045 3180 1379 3260 πρεσϐύτην,
1431 3184 1626 3261 βυσσὸν
1675 3185 1736 3240 τὸ
1769 3182 1944 3259 δέρμα

291 3267 381 3321 καὶ
442 3264 856 3344 διακεκαυμένον
917 3272 968 3334 ἐς
1037 3273 1100 3327 τὸ
1162 3271 1537 3346 μελάντατον·
1595 3271 1676 3340 ὃς,
1737 3274 1944 3348 γυμνὸν

290 3354 625 3431 ἐσπασμένος
664 3361 838 3438 ξίφος,
899 3362 1078 3438 ἆγχοῦ
1134 3363 1410 3436 παραστὰς
1453 3370 1554 3432 τῆς
1601 3361 1820 3433 κλίνης,
1869 3360 1938 3416 δι’
1969 3389 2012 3456 C

295 3444 468 3521 ὀργῆς
497 3447 596 3516 τὴν
645 3454 906 3504 νοσοῦσαν
939 3451 1109 3527 εἶχεν,
1157 3452 1268 3521 καὶ,
1319 3451 1455 3506 κατὰ
1494 3454 1594 3522 τήν
1635 3450 1938 3528 ἐπιχώριον

290 3535 437 3606 αὐτῷ
489 3535 744 3611 γλῶσσαν
803 3538 878 3614 (ἐξ
938 3540 1240 3617 Ἀρμενίων
1297 3541 1400 3616 γὰρ
1453 3541 1562 3614 ἦν),
1622 3539 1811 3597 πολλά
1868 3541 1944 3604 εἰς

287 3625 490 3696 ταύτην
541 3622 856 3704 ἀφύϐριζεν.
916 3630 977 3684 ἹῙ
1037 3626 1094 3684 δὲ
1141 3631 1228 3685 καὶ
1291 3631 1429 3699 αὑτὴ
1487 3633 1606 3686 κατ’
1647 3631 1814 3701 αὐτὴν
1848 3630 1942 3686 αὐ-

286 3718 367 3785 τῷ
429 3717 528 3786 τήν
576 3715 826 3792 γλῶσσαν
894 3714 1178 3791 ἠμείϐετο.
1248 3721 1349 3777 Καὶ
1427 3721 1490 3774 τὸ
1570 3721 1665 3794 μὶν
1721 3725 1940 3797 πρῶτον

286 3803 682 3880 ἀπεθρασύνετό
733 3827 792 3862 τε
847 3808 936 3862 καὶ
1009 3815 1109 3877 τῆς
1166 3807 1363 3880 κλίνης
1419 3809 1724 3887 ἆφορμῶσα
1775 3807 1940 3888 φιλο-

282 3892 477 3948 νείκωσ
519 3895 666 3970 εἶχεν
701 3914 714 3928 ·
750 3897 824 3958 ὡς
853 3899 899 3951 0"
932 3898 960 3952 ὁ
1017 3893 1290 3973 βάρϐαρος
1332 3897 1590 3954 ἐπίπλεον
1623 3905 1739 3961 τοῖς
1770 3899 1938 3978 ἀφορ-

281 3991 498 4057 κισμοῖς
555 3985 783 4062 ἐχρῆτο,
859 3988 971 4057 καὶ,
1045 3991 1134 4044 οἷα
1215 3988 1604 4066 μελαγχολῶν,
1662 3994 1941 4068 κεκραγὼς

280 4073 566 4142 ἠπειλεῖτο
615 4077 812 4147 παίειν,
853 4076 1078 4134 ἐνταῦθα
1118 4079 1180 4134 τὸ
1227 4079 1446 4155 γύναιον
1505 4080 1765 4137 συσταλὶν
1813 4081 1940 4136 ὑπό-

277 4164 480 4235 τρομόν
513 4185 572 4219 τε
621 4164 854 4240 ἐγίνετο,
889 4167 980 4222 καὶ
1036 4169 1261 4222 ταπεινά
1309 4170 1674 4246 φθεγγίμενον
1727 4169 1801 4232 εἷς
1833 4169 1939 4225 ὕπ-

279 4271 365 4304 νον
414 4251 760 4328 κατέδαροεν.
819 4258 1008 4329 Ἡμεῖς
1054 4253 1113 4312 δὲ
1165 4258 1462 4328 τεθηπότες
1494 4259 1654 4331 ἦμεν,
1697 4259 1805 4335 οὐχ
1851 4260 1935 4315 ὃτι

284 4343 517 4412 μεμήνοι
552 4361 566 4374 °
606 4348 770 4400 τοῦτο
819 4347 924 4420 γὰρ
979 4345 1195 4422 ὁρῶμεν
1244 4351 1529 4422 πανταχοῦ
1580 4344 1882 4421 συμϐαῖνον
1915 4367 1931 4382 ο

277 4427 402 4484 ἀλλ’
435 4429 519 4486 ὅτι
563 4434 680 4487 κατ’
730 4434 1053 4509 Ἀρμενίους
1102 4433 1415 4514 ἐφθέγγετο,
1468 4438 1604 4511 γυνὴ
1657 4435 1936 4509 μηδέποτε

281 4517 411 4590 μηδ’
459 4520 537 4582 εἷς
583 4517 705 4595 ὄψιν
743 4521 1017 4598 ἀφιγμένη
1064 4523 1302 4596 τούτοις,
1357 4522 1498 4598 μηδὲ
1547 4523 1798 4599 Θαλάμου
1842 4527 1933 4582 καὶ

275 4606 526 4682 κερκίδος
554 4608 730 4666 εἰδυῖα
773 4613 942 4668 πλέον
997 4611 1152 4669 οὐδέν
1204 4616 1302 4687 (3).
1367 4617 1778 4693 Σωφρονήσασα
1815 4618 1930 4686 οὖν,

278 4695 558 4771 ἐπυθόμην
599 4700 656 4756 τῖ
677 4697 934 4766 πεπόνθει
974 4703 1065 4758 καὶ
1115 4701 1168 4757 εἷ’
1210 4724 1262 4757 τι
1293 4708 1411 4766 τοῖς
1441 4705 1755 4779 γινομένοις
1784 4726 1930 4780 παρ-

276 4785 674 4859 ηκολούθηκεν.
718 4791 783 4846 Ἡ
835 4788 894 4846 δὲ
937 4789 1220 4865 δαιμόνιον
1263 4789 1366 4868 ἔφη
1428 4793 1615 4866 φάσμα
1663 4792 1928 4858 σκιοειδίικ

272 4877 361 4929 καὶ
393 4876 610 4952 γυναικί
667 4881 1041 4960 προσεμφερὲς
1095 4884 1194 4956 (4),
1244 4880 1612 4956 ἠνεμωμένασ
1668 4877 1798 4959 ἔχον
1829 4885 1926 4947 τὰς

2061 2117 2268 2170 fecero.
2304 2115 2418 2172 Nec
2465 2115 2584 2171 ullo
2618 2133 2862 2188 prorsus
2894 2115 3068 2171 modo
3099 2113 3374 2181 mentiar,
3405 2113 3494 2167 vir
3523 2112 3713 2167 aetatis

2050 2202 2173 2272 jam
2192 2207 2495 2274 provectae,
2529 2202 2588 2257 in
2617 2221 2730 2274 qua
2758 2203 3148 2258 monasticam
3173 2201 3390 2256 hancce
3413 2200 3707 2255 lacernam

2057 2291 2506 2363 assumpserim.
2558 2291 2755 2347 Frater
2784 2291 2930 2349 mihi
2962 2297 3088 2347 erat
3139 2296 3282 2346 natu
3334 2290 3541 2358 major,
3576 2290 3706 2360 qui-

2056 2397 2169 2451 que
2202 2397 2440 2436 uxorem
2493 2382 2760 2451 duxerat,
2791 2387 2998 2437 cwtera
3041 2381 3278 2452 quidem
3335 2379 3704 2451 prudentem,

2054 2489 2182 2543 qum
2217 2481 2409 2528 tamen
2459 2476 2604 2528 mira
2631 2475 2784 2544 {cum
2835 2473 3182 2528 difﬁcultate
3232 2476 3480 2543 pareret,
3531 2475 3709 2540 atque

2053 2561 2386 2633 omnigenis
2411 2563 2901 2618 morbissubinde
2927 2561 3329 2618 alﬂictaretur.
3365 2559 3497 2630 Ipsa
3530 2575 3706 2630 puer-

2053 2652 2213 2723 perio
2243 2651 2566 2722 aliquando
2597 2659 2814 2723 aegrota
2851 2652 3220 2708 decumbens
3250 2666 3430 2719 supra
3464 2648 3705 2702 modum

2052 2740 2361 2809 delirabat,
2394 2746 2734 2813 vestemque
2767 2740 3131 2806 discindens,
3163 2739 3482 2794 barbarum
3508 2737 3706 2792 nescio

2050 2845 2226 2900 quem
2275 2846 2604 2885 sermonem
2654 2829 2910 2886 versatili
2956 2829 3161 2900 lingua
3188 2825 3708 2895 immurmurabat,

2050 2935 2156 2974 nec
2205 2918 2306 2990 qui
2338 2924 2476 2974 tunc
2508 2920 2655 2974 forte
2686 2919 2952 2986 aderant,
2986 2919 3115 2989 ejus
3147 2917 3323 2972 verba
3375 2915 3706 2985 intelligere

2050 3011 2338 3079 poterant.
2359 3007 2575 3063 Omnes
2599 3007 2783 3080 igitur
2803 3007 3196 3063 haesitabundi
3221 3005 3703 3068 circumstabant,

2051 3111 2158 3150 nec
2211 3095 2395 3151 ullum
2446 3097 2827 3153 succurrebat
2870 3096 3219 3162 remedium,
3253 3111 3371 3166 quo
3424 3095 3706 3149 adversus

2051 3186 2426 3257 desperatum
2469 3186 2739 3241 morbum
2775 3189 3100 3241 uterentur.
3136 3187 3202 3240 At
3242 3181 3535 3240 nonnulla:
3568 3198 3700 3236 mur

2050 3272 2222 3330 lieres
2273 3275 2589 3345 (siquidem
2622 3291 2796 3330 sexus
2827 3275 2876 3330 is
2906 3275 2976 3329 ad
3011 3272 3462 3344 excogitandum
3497 3271 3704 3335 solere,

2051 3370 2108 3418 et
2156 3365 2226 3418 ad
2273 3363 2593 3420 incidentia
2635 3364 2790 3420 mala
2837 3363 3236 3436 propulsanda
3284 3360 3706 3434 sagacissimus

2053 3456 2164 3525 est)
2190 3455 2558 3526 peregrinum
2587 3455 2886 3510 hominem
2909 3455 3232 3524 adducunt,
3257 3451 3704 3512 recalvastrum,

2051 3543 2216 3598 senio
2247 3546 2600 3609 confectum,
2620 3549 2870 3616 cuteque
2903 3547 3113 3616 rugata
3140 3548 3198 3598 et
3225 3547 3432 3598 exusta
3458 3539 3707 3609 nigerri-

2054 3649 2250 3688 mum.
2284 3632 2392 3700 Qui
2423 3634 2582 3688 nudo
2613 3631 2806 3705 gladio
2861 3632 3148 3697 districto,
3183 3632 3439 3703 proxime
3487 3630 3703 3685 lectum

2052 3726 2274 3786 astans,
2309 3724 2494 3778 iratus
2545 3728 2772 3794 (egrotae
2823 3721 3314 3788 comminabatur,
3359 3718 3705 3774 vernacula-

2051 3828 2165 3883 que
2192 3811 2303 3867 sibi
2331 3811 2536 3882 lingua
2577 3811 2917 3884 (Armenius
2949 3811 3108 3866 enim
3158 3811 3305 3880 erat)
3341 3807 3545 3864 multis
3577 3824 3704 3863 eam

2050 3899 2329 3957 conviciis
2379 3900 2723 3956 lacessebat.
2759 3901 2972 3956 Mulier
3018 3905 3217 3955 autem
3251 3903 3310 3953 et
3341 3898 3466 3968 ipsa
3494 3898 3701 3952 eodem

2048 3991 2099 4045 ei
2133 4005 2402 4045 sermone
2451 3989 2866 4060 respondebat,
2897 3994 3074 4060 atque
3122 3987 3291 4042 initio
3323 3987 3560 4057 quidem
3594 4002 3703 4040 au-

2047 4078 2783 4149 daciusculejoquebatur,
2815 4084 2872 4134 et
2903 4095 2933 4134 e
2964 4077 3146 4134 cubili
3197 4091 3518 4146 exsurgens
3559 4090 3698 4130 con-

2047 4168 2360 4224 tentiosius
2417 4167 2873 4239 responsitabat.
2939 4174 3082 4222 Cum
3140 4171 3333 4222 autem
3406 4164 3700 4220 Barbarus

2047 4258 2453 4330 aphorcismos
2501 4274 2600 4313 seu
2653 4257 3058 4323 abjurationes
3089 4256 3341 4312 subinde
3390 4257 3698 4327 repeteret,

2045 4354 2290 4420 atraque
2318 4346 2498 4402 veluti
2553 4347 2670 4402 bile
2702 4347 2959 4417 percitus
2985 4363 3047 4402 se
3079 4359 3502 4418 percussorum
3535 4359 3700 4399 com-

2044 4437 2391 4504 minaretur,
2413 4442 2553 4492 tunc
2585 4435 2932 4493 muliercula
2965 4441 3122 4492 metu
3153 4439 3454 4491 contracta
3485 4448 3699 4489 succu-

2042 4527 2252 4595 buit,et
2282 4525 2577 4581 submisse
2607 4525 2856 4596 loquens
2889 4525 3333 4596 mussitansque
3357 4521 3700 4579 obdormiit.

2040 4616 2158 4673 Nos
2189 4621 2386 4672 autem
2439 4615 2998 4686 obtupescebamus,
3031 4631 3148 4671 non
3197 4631 3264 4670 eo
3313 4614 3453 4686 quia
3499 4613 3697 4666 furore

2039 4712 2318 4778 corrupta
2347 4709 2523 4775 esset,
2557 4705 2667 4761 hoc
2697 4705 2855 4760 enim
2888 4705 2940 4761 ei
2972 4705 3225 4760 subinde
3241 4703 3508 4760 accidere
3537 4701 3697 4755 vide-

2039 4797 2272 4865 bamus,
2306 4795 2406 4850 sed
2431 4794 2572 4865 quia
2593 4811 2866 4850 sermone
2889 4795 3166 4849 Armenio
3190 4793 3532 4864 loqueretur
3563 4805 3696 4845 mu-

2034 4885 2163 4955 lier,
2197 4901 2324 4957 qua
2359 4899 2428 4938 ne
2460 4885 2519 4938 in
2569 4887 2950 4954 conspectum
3001 4882 3235 4954 quidem
3283 4879 3696 4936 Armeniorum

1661 5005 2019 5062 GAULMINI
2069 5001 2300 5060 NOTZE.

346 5095 418 5164 (1)
447 5095 692 5172 Benejcb
721 5091 1041 5172 τριϐώνιον.
1082 5099 1447 5172 Monasticam
1499 5100 1784 5157 lucernam
1829 5103 1923 5157 in-

274 5165 519 5243 terpres.
545 5165 764 5226 Primo'
799 5171 1316 5243 philosophorum.
1377 5188 1549 5228 nemo
1581 5173 1808 5242 nescit;
1841 5173 1925 5230 ita

270 5240 338 5289 ut
363 5232 648 5319 τριϐώνιον
681 5232 1152 5319 μεταμφιᾴσαᾶθαι
1185 5232 1588 5319 philosophari
1621 5251 1776 5319 esset
1796 5232 1924 5319 Ἐυ-

263 5316 438 5380 napio
463 5331 476 5378 ;
505 5330 669 5387 _mox
697 5316 1149 5387 imonachorum
1211 5317 1448 5387 ubique,
1495 5323 1553 5387 et
1605 5317 1797 5387 primo
1829 5318 1922 5372 ni-

261 5396 466 5470 grar’ri‘:
501 5385 810 5470 inneodem
863 5387 908 5470 ὁ.
939 5385 1429 5470 μέλαινανιφορῶν
1485 5385 1692 5470 Δἔσθαῗξτα
1749 5394 1839 5444 est
1896 5387 1924 5441 ὁ

266 5457 540 5526 μονάζων.
574 5457 782 5512 Sciunt
812 5459 909 5530 qui
942 5457 1273 5530 quadrante
1307 5457 1603 5516 lavantur.

334 5533 414 5605 (2)
448 5534 948 5611 Aliudcogitahat
979 5540 1231 5606 Ficinus,
1276 5555 1410 5595 cum
1459 5539 1567 5595 viri
1620 5540 1924 5611 proprium

266 5621 485 5661 nomen
518 5609 771 5665 credidit

338 5686 420 5768 (3)
448 5687 737 5768 Adagium
758 5693 892 5768 est;
944 5691 1046 5747 sed
1071 5694 1422 5768 Graecorum
1466 5691 1928 5768 adagi‘ogr‘aphis

265 5759 775 5819 omissum.Habet
801 5763 1163 5820 Athanasius
1185 5763 1245 5819 in
1264 5764 1518 5820 Antonio
1547 5759 1613 5834 (θ’
1627 5759 1715 5836 1)ἶ
1746 5759 1926 5838 Ἐτρέ-

2045 5120 2177 5173 φετο
2234 5097 2381 5173 παρὰ
2407 5102 2525 5160 τοῖς
2553 5103 2790 5173 γονεῦσι,
2822 5095 2994 5153 πλέον
3045 5097 3219 5153 αὐτῶν
3249 5095 3339 5152 καὶ
3387 5099 3490 5152 τοῦ
3539 5093 3695 5150 οἷ’κου

2041 5161 2427 5260 μηδένιὲτέρον
2482 5161 2793 5260 γινώσκωὶνζ
2821 5175 2950 5260 ‘Ita'
2991 5174 3377 5260 παροιμιακῶς
3425 5174 3693 5260 pastores

2035 5239 2523 5320 dicuntur'cotpo'l
2585 5241 3018 5320 psxpl‘itlaylou
3063 5239 3318 5316 καλάμου
3348 5239 3573 5320 καῖᾳτῆς
3605 5239 3695 5294 σύ-

2036 5264 2312 5301 αιουοιυι·
2364 5264 2523 5320 σοφοι
2585 5264 2749 5319 μεγρι
2777 5264 2891 5298 πΑα
2937 5264 3018 5298 ιου
3063 5264 3318 5316 καλαμου
3348 5264 3441 5295 και
3474 5264 3573 5311 της
3605 5264 3695 5294 συ-

2036 5336 2247 5392 ριχγρς,
2281 5318 2438 5392 quod
2473 5264 2990 5392 preter-illanihil
3052 5323 3320 5392 nossent.
3377 5315 3518 5392 Vide
3566 5330 3696 5386 quae

2033 5387 2115 5445 ad
2137 5387 2512 5461 Theocritum
2547 5389 2766 5444 notavit
2796 5389 3019 5444 delicias
3069 5389 3358 5461 politioris
3409 5387 3695 5442 litteratu-

2036 5479 2110 5516 raa
2145 5466 2444 5516 Heinsius.

2105 5534 2182 5604 (4)
2217 5530 2437 5605 Γυναικὶ
2469 5529 2866 5605 προσεμφερὲς,
2891 5515 3154 5605 utrubi")
3185 5531 3564 5605 Hebraeorum
3623 5545 3693 5585 ex

2034 5601 2151 5660 Ben
2168 5601 2323 5661 Siren
2345 5601 2635 5667 Quaas't.60
2655 5601 2714 5658 et
2741 5603 2863 5658 Elia
2881 5603 3083 5658 Judzeo
3107 5603 3165 5658 in
3192 5603 3339 5663 Tisbi
3354 5601 3690 5670 notissima,

2036 5682 2095 5733 et
2126 5694 2194 5732 ex
2224 5676 2297 5732 iis
2327 5693 2457 5748 quae
2478 5675 2665 5730 Judaei
2687 5675 2746 5729 in
2764 5675 3088 5747 parietibus
3111 5673 3369 5730 cubiculi
3392 5689 3690 5745 puerperis

2033 5766 2336 5823 scribunt:
2367 5749 2528 5826 τιτὸηὸ
2566 5772 2682 5856 wn
2731 5773 2840 5826 mn
2883 5773 3056 5826 ma:
3113 5763 3306 5830 Adam,
3339 5763 3483 5830 Eva,
3511 5763 3683 5833 foras.
