4100 6398
377 402 500 465 863

1721 400 2150 465 MICHAELIS
2191 399 2466 462 PSELLI

3679 397 3802 457 864

365 535 755 606 judicandum
805 539 914 590 est.
950 535 1312 591 Intrinsecus
1360 536 1516 592 enim
1549 553 1659 592 sua
1699 537 1759 591 in
1789 550 2033 606 corpora

2156 529 2239 585 ιιᾶν
2297 530 2443 602 αὐτῷ
2479 550 2612 585 ποτε
2668 526 2792 604 δόξῃ
2822 574 2835 599 ,
2894 529 2982 584 καὶ
3043 529 3180 604 πρὸς
3249 527 3415 583 ἀσκοῦ
3477 527 3800 601 μεταπίπτει

377 624 572 680 varias
612 623 873 680 colorum
921 624 1146 696 species
1190 626 1511 693 emittunt;
1563 642 1632 682 ex
1684 642 1800 697 quo
1853 625 1934 693 ﬁt,
1971 627 2036 678 ut

380 730 584 769 eorum
617 713 888 786 quisque,
919 716 1338 772 transformata
1373 716 1432 771 in
1485 729 1901 788 quamcunque
1933 730 2034 769 vo-

382 801 557 857 luerit
586 803 837 873 ﬁguram
872 820 1132 875 corpore,
1177 805 1502 876 colorisque
1535 805 1866 876 cujuspiam
1901 819 2032 874 spe-

379 891 466 945 cie
499 893 557 946 in
589 891 849 963 corporis
910 893 1280 965 superﬁciem
1315 895 1572 960 inducta,
1603 910 1759 948 nunc
1791 891 2030 964 quidem

378 979 490 1034 viri
542 982 736 1052 specie
783 987 1085 1053 appareat,
1137 999 1292 1038 nunc
1341 983 1399 1038 in
1468 982 1734 1038 mulieris
1784 983 2031 1038 formam

381 1072 853 1140 transmutetur;
889 1071 1028 1142 quin
1080 1076 1147 1128 ut
1175 1071 1264 1128 leo
1314 1073 1630 1140 animetur,
1664 1077 1730 1127 ut
1773 1069 2033 1143 pardalis

382 1157 629 1222 insiliat,
664 1164 730 1214 ut
777 1177 918 1232 aper
947 1159 1156 1229 irruat,
1187 1165 1244 1217 et
1274 1161 1321 1216 si
1371 1162 1608 1234 quando
1642 1161 1692 1216 ei
1724 1159 2032 1232 placuerit,

383 1246 444 1302 in
499 1248 649 1303 utris
698 1249 948 1320 ﬁguram
999 1255 1372 1307 convertatur
1412 1269 1426 1309 :
1477 1251 1622 1323 quin
1672 1254 1738 1305 ut
1783 1247 2033 1306 catellus

384 1335 773 1394 adblandiens
804 1355 919 1395 non
974 1357 1103 1396 raro
1135 1341 1491 1412 apparuerit.
1524 1341 1790 1411 Cumque
1829 1339 1890 1394 in
1923 1337 2032 1393 has

386 1441 591 1481 omnes
618 1428 834 1483 formas
857 1428 1106 1484 subinde
1128 1435 1409 1498 transeat,
1442 1446 1645 1485 earum
1669 1432 1865 1483 tamen
1901 1426 2029 1481 nul-

2145 627 2362 694 σχῆμα·
2423 619 2513 674 καὶ
2573 621 2648 682 ὡς
2706 620 2964 694 κυνάριον
2998 615 3106 682 ἔσθ’
3163 617 3272 688 ὅπη
3313 617 3797 693 προσηνυζόμενον

2143 707 2312 779 ἔδοξε.
2363 710 2467 765 Καὶ
2497 709 2674 770 πάσας
2730 708 2926 771 ταύτας
2974 708 3068 769 τὰς
3125 707 3336 786 μορφὰς
3379 702 3647 780 ἀμείϐων,
3708 706 3804 762 οὐ·

2145 795 2340 870 δεμίαν
2389 798 2596 852 τούτων
2650 792 2892 871 ἔμμονον
2935 793 3072 872 ἔχει.
3107 799 3188 854 Οὐ
3217 797 3317 871 γάρ
3349 795 3457 852 ἐστι
3491 795 3712 873 στερῥὸν
3739 797 3804 850 τὸ

2145 892 2304 960 σῶμα
2375 889 2527 942 τουτὶ
2576 888 2640 942 τὸ
2707 885 3016 960 δαιμόνιον,
3069 887 3207 942 ὥστε
3260 887 3462 961 στέγειν
3519 885 3572 941 έν
3622 886 3804 957 έαστῷ

2141 977 2210 1031 τὰ
2239 977 2514 1055 ληφθέντα
2561 975 2704 1046 εἷ’δη’
2754 975 2902 1045 ἀλλ’,
2953 977 2982 1031 ὃ
3030 971 3344 1050 συμϐαίνειν
3378 974 3530 1054 φιλεῖ
3577 975 3660 1031 ἐπ’
3712 975 3805 1030 ἀέ-

2144 1086 2237 1142 ρος
2289 1067 2416 1144 φέρε
2443 1066 2533 1122 καὶ
2566 1064 2787 1135 ὕδατος,
2819 1065 2914 1120 κᾶν
2948 1069 3156 1143 χρῶμα
3205 1064 3422 1142 ἐγχέῃς,
3452 1067 3549 1121 κᾶν
3608 1072 3806 1143 σχῆμα

2141 1154 2408 1231 ἐγγράψῃς
2437 1159 2570 1230 (11),
2606 1155 2802 1218 εὐθέως
2845 1153 3116 1232 διαχεῖται
3153 1155 3243 1210 καὶ
3283 1152 3585 1211 διαλόεται’
3635 1159 3802 1210 τοῦτο

2144 1241 2210 1314 δὴ
2241 1243 2304 1300 τὸ
2335 1245 2508 1308 πάθος
2529 1247 2615 1301 καὶ
2651 1245 2740 1301 ἐπὶ
2774 1242 3052 1318 δαιμόνων
3078 1243 3206 1320 ὀρᾷν
3255 1243 3388 1302 ἔστι.
3422 1245 3528 1300 Καὶ
3553 1243 3657 1321 γὰρ
3705 1245 3800 1300 καὶ

2142 1333 2229 1388 ἐπὶ
2277 1335 2484 1390 τούτων
2537 1332 2888 1390 διολισθαίνει
2936 1337 3028 1390 καὶ
3067 1338 3274 1412 χρῶμα
3320 1333 3408 1389 καὶ
3461 1341 3656 1409 σχῆμα
3704 1333 3800 1389 καὶ

2143 1421 2286 1486 εἶδος
2315 1425 2495 1479 ὁτιοῦν
2526 1430 2634 1480 τῶν
2668 1421 2862 1481 ὄντων.

387 1512 505 1569 lam
540 1523 880 1588 perpetuam
914 1517 1109 1574 habet.
1142 1524 1258 1575 Nec
1288 1519 1444 1574 enim
1474 1518 1662 1574 solida
1693 1518 1883 1588 ﬁgura
1910 1521 2037 1584 est;
2081 1516 2184 1572 sed
2217 1518 2369 1588 quod
2404 1517 2476 1572 ab
2509 1532 2657 1584 aere,
2693 1516 2851 1572 verbi
2884 1515 3094 1588 gratia,
3127 1519 3185 1572 et
3237 1516 3310 1570 ab
3361 1531 3517 1587 aqua
3563 1514 3805 1571 contin-

381 1619 520 1674 gere
549 1604 718 1674 solet,
754 1606 874 1661 sive
905 1606 1158 1663 colorem
1192 1607 1265 1662 iis
1321 1607 1621 1676 infundas,
1668 1605 1788 1661 sive
1837 1605 2083 1675 ﬁguram
2131 1605 2413 1672 delinees,
2466 1605 2666 1661 statim
2718 1605 2902 1661 efﬂuit
2948 1609 3126 1676 atque
3179 1605 3553 1672 diti'unditur,
3596 1603 3802 1659 eodem

385 1710 628 1765 prorsus
661 1696 834 1751 modo
867 1697 1161 1752 damones
1190 1697 1366 1752 etiam
1397 1714 1460 1753 se
1491 1696 1703 1752 habere
1735 1701 1967 1752 constat
1999 1713 2012 1752 :
2039 1696 2328 1768 siquidem
2361 1701 2417 1752 et
2447 1696 2507 1750 in
2542 1696 2615 1752 iis
2645 1695 2822 1763 color,
2858 1695 3045 1768 ﬁgura
3087 1699 3144 1752 et
3173 1694 3392 1768 quaevis
3438 1710 3640 1750 eorum
3675 1709 3806 1766 quas

381 1787 521 1838 sunt
549 1784 738 1840 forma
767 1786 1083 1842 evanescit.

1879 1981 2111 2040 CAPUT
2147 1985 2304 2040 XIX.

850 2083 1031 2152 Quare
1061 2083 1396 2141 daemonium
1427 2101 1530 2156 quo
1561 2088 1832 2140 vexantur
1855 2097 2156 2156 puerperae
2181 2085 2363 2152 [arma
2393 2084 2744 2155 potissimum
2772 2081 3036 2139 muliebri
3061 2082 3352 2154 appareat.

458 2199 589 2252 Haec
621 2202 778 2265 sunt,
814 2198 1139 2269 Timothee,
1191 2217 1320 2271 quas
1353 2201 1605 2268 Marcus,
1660 2199 2039 2272 probabiliter

2219 2199 2424 2262 Ταῦτα,
2471 2196 2722 2270 Τιμόθεε,
2772 2195 3012 2272 Μάρκος,
3073 2195 3147 2258 ὡς
3209 2194 3306 2268 ἐμὲ
3361 2192 3595 2265 εἰκάσαι,
3645 2204 3813 2257 πιθα-

391 2285 652 2355 quidem,
703 2293 767 2342 ut
814 2290 1086 2359 conjicio,
1137 2291 1472 2345 edisseruit.
1521 2290 1653 2345 Jam
1716 2297 1772 2345 te
1822 2290 2039 2344 nullius

2161 2291 2266 2348 νῶς
2299 2284 2491 2342 διεῖλε.
2525 2288 2622 2341 Καί
2658 2307 2714 2342 σε
2763 2288 2826 2341 τὸ
2885 2287 2990 2341 ἀπὸ
3034 2282 3192 2340 τοῦδε
3252 2281 3443 2357 μηδείς
3500 2283 3812 2358 ταραττέτω

388 2380 522 2446 post
552 2376 670 2431 haec
722 2379 1032 2433 conturbet
1081 2381 1290 2445 oratio,
1324 2385 1607 2451 tanquam
1663 2379 1844 2434 maris
1895 2379 2042 2435 illud

388 2463 737 2536 feminaque
769 2467 1086 2522 discrimen
1119 2469 1488 2523 daemonibus
1531 2469 1692 2523 insit.
1724 2468 1853 2523 Haec
1885 2468 2042 2522 enim

386 2552 445 2607 in
479 2553 599 2609 illis
652 2556 940 2612 duntaxat
971 2563 1279 2628 apparent,
1308 2574 1510 2612 eorum
1564 2562 1762 2612 autem
1815 2555 2043 2611 nullum

389 2641 690 2698 iniisdem
725 2645 1043 2716 perdurare
1092 2646 1435 2701 babitumve
1483 2647 1848 2701 contraxisse
1889 2646 2044 2700 vide-

391 2735 506 2786 tnr.
546 2732 790 2788 Proinde
818 2734 966 2789 illud
999 2751 1236 2806 quoque
1268 2736 1696 2801 daemonium,a
1727 2751 1841 2806 quo
1873 2751 2043 2806 puer-

393 2835 533 2888 pera
561 2820 709 2875 male
740 2828 943 2877 vexata
975 2823 1355 2894 est,qualibet
1386 2824 1442 2878 in
1479 2825 1666 2879 forma
1701 2823 1928 2878 feminae
1952 2839 2046 2894 ap-

391 2909 674 2979 paruerit,
719 2925 788 2964 ne
818 2915 1019 2966 tamen
1060 2911 1176 2967 tale
1204 2929 1354 2980 esse,
1387 2919 1564 2984 atque
1595 2913 1674 2968 ita
1703 2928 1766 2968 se
1793 2911 2040 2979 habere;

393 2999 495 3054 sed
562 2998 746 3054 solam
806 3001 1168 3057 mulierculae
1220 3003 1466 3074 ﬁguram
1535 3001 1722 3057 oculis
1771 3001 2044 3056 exhibere

391 3091 554 3158 puta.

461 3177 754 3233 TIMOTH.
791 3179 898 3246 Qui
947 3196 1080 3236 vero
1114 3180 1196 3250 ﬁt,
1238 3198 1270 3236 ο
1299 3181 1513 3248 Thrax,
1545 3185 1610 3236 ut
1637 3180 1747 3236 hoc
1776 3179 1951 3236 aliam
1985 3181 2042 3234 et

393 3264 568 3321 aliam
602 3269 850 3338 ﬁguram
883 3270 1134 3327 subinde
1168 3288 1281 3326 non
1333 3277 1620 3339 assumat,
1654 3270 2037 3343 quemadmo-

389 3356 531 3410 dum
581 3357 678 3410 alii
734 3359 1050 3424 daamones,
1101 3360 1203 3415 sed
1267 3376 1500 3432 semper
1547 3360 1700 3414 idem
1749 3358 2035 3414 videatur.

389 3444 693 3515 Siquidem
749 3464 840 3502 me
869 3465 902 3502 a
934 3449 1226 3522 plerisque
1277 3450 1481 3506 audire
1531 3447 1774 3504 memini
1806 3446 2037 3503 femini-

388 3533 574 3588 forme
603 3535 959 3592 daemonium
992 3539 1295 3609 puerperis
1323 3539 1601 3595 omnibus
1631 3552 1934 3610 apparere.

463 3622 730 3679 THRAX.
765 3625 833 3680 Et
865 3625 1064 3696 hujus,
1096 3645 1128 3683 ο
1161 3628 1487 3687 'l‘imotbee.
1521 3644 1761 3684 causam
1796 3643 1909 3682 non
1944 3626 2036 3680 in-

389 3712 730 3768 credibilem
801 3715 1028 3771 Marcus
1097 3717 1389 3773 afferebat.
1422 3717 1633 3772 Aiebat
1697 3718 1853 3773 enim
1922 3733 2039 3773 non

391 3817 596 3858 omnes
646 3803 942 3860 daemonas
990 3806 1253 3877 ejusdem
1302 3807 1608 3879 potestatis
1639 3813 1696 3863 et
1723 3807 2040 3864 voluntatis

389 3908 518 3946 esse
551 3894 888 3966 participes,
920 3897 1020 3950 sed
1082 3913 1195 3951 non
1232 3913 1438 3968 parum
1488 3897 1848 3953 discriminis
1888 3898 2042 3953 inter

391 3997 490 4037 eos
522 3982 632 4038 hac
679 3983 854 4039 etiam
888 3985 949 4040 in
1000 4002 1060 4040 re
1091 4002 1241 4042 esse.
1274 3987 1425 4042 Sunt
1472 3988 1629 4042 enim
1663 3989 1763 4059 qui
1817 3987 2042 4043 ratione

393 4079 648 4140 careant,
697 4082 748 4127 ut
803 4074 957 4128 inter
1002 4075 1330 4130 animantia
1378 4078 1703 4148 composita
1750 4079 2042 4149 mortique

395 4161 668 4215 obnoxia.
704 4163 850 4226 Quia
898 4164 1048 4218 utin
1101 4163 1192 4220 his
1245 4164 1442 4232 homo,
1477 4183 1608 4222 cum
1660 4167 1739 4222 sit
1767 4165 2044 4222 facultate

395 4248 730 4307 intellectus
779 4257 836 4307 et
903 4255 1148 4309 rationis
1217 4255 1498 4326 participe
1563 4256 1865 4328 praeditus,
1913 4256 2044 4310 ideo

398 4340 821 4409 generaliorem
845 4342 1213 4415 imaginandi
1235 4345 1347 4399 vim
1375 4344 1568 4412 habet,
1601 4363 1727 4416 quae
1751 4346 1823 4400 ad
1847 4346 2048 4400 omnia

403 4429 522 4483 fere
553 4429 858 4487 sensibilis
903 4433 1256 4504 extenditur,
1303 4441 1422 4488 tam
1477 4451 1546 4490 ea
1594 4452 1723 4506 quae
1771 4437 1830 4490 in
1881 4434 2044 4500 cmlo,

404 4533 581 4588 quam
634 4535 762 4589 quae
811 4522 966 4576 circa
1007 4527 1228 4578 terram
1260 4527 1318 4578 et
1366 4523 1425 4578 in
1471 4528 1628 4579 terra
1672 4528 1850 4590 sunt;
1880 4523 2049 4596 equis

402 4612 598 4662 autem
630 4613 687 4664 et
733 4609 944 4680 bobus,
993 4615 1051 4668 et
1098 4611 1323 4668 caeteris
1375 4612 1434 4666 id
1482 4628 1692 4685 genus,
1741 4613 2053 4685 specialior

402 4698 670 4768 quaedam
721 4698 877 4755 inest
924 4699 1293 4772 imaginandi
1333 4701 1422 4756 vis
1474 4717 1487 4756 :
1541 4703 1757 4774 quippe
1805 4718 1932 4774 quae
1977 4704 2050 4759 ad

400 4801 602 4842 eorum
662 4789 948 4844 nonnulla
1013 4791 1382 4857 extendatur,
1431 4807 1561 4862 quae
1630 4791 2054 4863 imaginatione

396 4877 1003 4949 comprehenduntur,
1037 4882 1094 4934 et
1141 4895 1496 4950 compascua
1535 4878 1646 4933 sibi
1701 4881 2050 4950 animantia,

2160 2373 2352 2450 λόγος,
2412 2377 2486 2437 ὡς
2535 2373 2788 2448 δαίμοσιν
2837 2375 3060 2442 ἐνούσης
3103 2377 3201 2442 τῆς
3229 2375 3367 2428 κατά
3420 2373 3482 2427 τὸ
3527 2371 3685 2448 ἃῤῥεν
3717 2369 3811 2426 καὶ

2159 2464 2302 2534 θῆλυ
2363 2463 2668 2542 διαφορᾶς·
2729 2470 2895 2519 ταῦτα
2940 2466 3040 2540 γὰρ
3097 2462 3150 2518 ἐν
3211 2463 3427 2525 τούτοις
3491 2458 3656 2536 μέχρι
3713 2464 3814 2515 τοῦ

2159 2555 2461 2631 φαίνεσθαιο
2517 2555 2749 2628 μόνιμον
2805 2552 2862 2608 δὲ
2922 2554 3013 2609 καὶ
3057 2555 3176 2618 καθ’
3222 2550 3326 2623 ἕξιν
3385 2551 3594 2607 τούτων
3654 2547 3815 2605 οὐδὲν

2159 2644 2212 2698 ἐν
2245 2643 2429 2706 αὐτοῖς
2483 2642 2616 2701 ἐστι.
2677 2644 2770 2698 Διὸ
2816 2641 2906 2698 καί
2952 2645 3016 2698 τὸ
3061 2647 3130 2718 τῇ
3182 2639 3348 2717 λεχοῖ
3389 2639 3813 2717 παρενοχλῆσαν

2160 2731 2470 2806 δαιμόνιον,
2520 2735 2569 2789 εἷ’
2611 2734 2850 2810 γυναιξίν
2898 2731 3127 2810 ἐμφερὲς
3180 2733 3383 2806 ιῦρᾶτο,
3437 2731 3514 2803 μή
3560 2733 3815 2785 τοιοῦτον

2160 2825 2296 2878 εἶναι
2349 2824 2437 2877 καὶ
2495 2825 2614 2887 καθ’
2661 2819 2766 2895 ἕξιν
2819 2821 2962 2892 οἴου,
3012 2822 3174 2896 μόνον
3217 2818 3276 2876 δὲ
3333 2826 3529 2894 σχῆμα
3585 2818 3818 2894 γυναίου

2157 2907 2591 2988 προϐάλλεσθαι.

2223 3184 2456 3240 ΤΙΜΟΘ.
2490 3187 2615 3245 Πῶς
2675 3179 2754 3253 δὲ,
2785 3183 2830 3236 ὧ
2873 3183 3034 3255 Θρᾷξ,
3085 3181 3188 3236 οὐκ
3245 3176 3450 3233 ἄλλοτε
3495 3177 3633 3251 πρὸς
3663 3174 3812 3233 ἄλλο

2149 3271 2241 3327 καὶ
2301 3270 2443 3328 ἄλλο
2491 3279 2688 3348 σχῆμα
2741 3275 3076 3344 μεταχωρεῖ,
3135 3269 3376 3341 καθάπερ
3408 3267 3459 3322 οἱ
3491 3264 3656 3321 ἄλλοι
3691 3263 3809 3322 δαί-

2155 3383 2342 3434 μονες,
2372 3360 2518 3417 ἀλλὰ
2544 3365 2796 3416 τοιοῦτον
2831 3359 2884 3423 ές
2912 3359 2993 3415 ἀεὶ
3029 3361 3258 3434 (Spirat;
3311 3356 3408 3412 Καὶ
3438 3357 3539 3432 γὰρ
3571 3353 3810 3411 πολλῶν

2149 3449 2483 3512 κατακούσας
2545 3446 2660 3525 ἔχω
2695 3497 2711 3522 ,
2762 3448 3121 3526 θηλύμορφον
3173 3448 3372 3509 πάσαις
3428 3450 3549 3508 ταῖς
3610 3443 3800 3520 λεχοῖς

2067 3583 2110 3650 C
2151 3540 2396 3614 ὁρᾶσθαι.

2221 3635 2424 3700 ΘΡᾼΞ.
2459 3627 2559 3686 Καί
2588 3628 2807 3697 τούτου,
2859 3627 3107 3701 Τιμόθεε,
3163 3627 3263 3695 τήν
3299 3623 3474 3680 αἰτίαν
3521 3625 3549 3679 ὁ
3580 3625 3806 3699 Μάρκος

2149 3718 2251 3773 οὐκ
2307 3718 2564 3782 ἀπίθανον
2629 3714 2973 3772 ἀποδέδωκεν
3010 3760 3024 3774 .
3097 3718 3242 3793 Ἔφη
3302 3715 3404 3790 γὰρ
3460 3715 3538 3786 μή
3597 3715 3805 3773 πάντας

2150 3805 2408 3881 δαίμονας
2456 3805 2736 3880 δυνάμεως
2785 3806 2879 3862 καὶ
2934 3807 3254 3881 βουλήσεως
3307 3810 3406 3873 τῆς
3454 3803 3624 3868 αὐτῆς
3676 3823 3809 3876 μετ-

2151 3895 2320 3972 έχειν,
2370 3895 2498 3953 ἀλλ’
2528 3900 2664 3952 εἶναι
2697 3894 2914 3965 πολλὴν
2950 3894 3122 3951 αὐτῶν
3179 3893 3278 3948 κάν
3306 3892 3483 3965 τούτῳ
3514 3890 3814 3966 παραλλα-

2150 3988 2273 4061 γήν·
2326 3984 2529 4060 ἄλογον
2573 3987 2675 4062 γὰρ
2720 3984 2864 4061 ἔχειν
2918 3985 2993 4048 ὡς
3040 3983 3128 4038 ἐπὶ
3157 3988 3264 4038 τῶν
3317 3984 3529 4052 θνητῶν
3559 3980 3648 4036 καὶ
3682 4001 3808 4034 συν-

2153 4076 2322 4140 θέτων
2392 4077 2566 4144 ζώων.
2621 4077 2709 4138 Ὡς
2773 4075 2874 4150 γὰρ
2933 4074 2985 4128 έν
3052 4073 3292 4139 τούτοις,
3344 4073 3631 4147 ἄνθρωπος
3687 4072 3807 4143 μὲν,

2157 4165 2403 4238 μετέχων
2453 4161 2730 4236 δυνάμεως
2791 4168 2976 4236 νοερᾶς
3021 4183 3081 4218 τε
3126 4161 3215 4215 καὶ
3264 4155 3560 4238 ἔμφρονος,
3615 4152 3693 4214 ἔτι
3751 4179 3813 4213 τε

2153 4252 2242 4307 καὶ
2290 4254 2388 4320 τήν
2439 4254 2803 4330 φανταστικὴν
2837 4250 3168 4326 ὁλικωτέραν
3201 4247 3315 4325 ἔχει
3349 4253 3483 4322 (12),
3516 4247 3649 4324 πρὸς
3683 4247 3816 4302 πάν-

2153 4363 2220 4396 τα
2247 4339 2442 4418 σχεδὸν
2479 4341 2877 4415 έξηπλωμένην
2919 4341 2986 4396 τὰ
3032 4339 3284 4409 αἰσθητὰ,
3341 4338 3408 4394 τά
3438 4357 3495 4392 τε
3541 4336 3657 4390 κατ’
3714 4335 3808 4389 οὐ-

2159 4432 2317 4508 ρανὸν
2367 4433 2458 4487 καὶ
2507 4432 2606 4486 ὅσα
2654 4431 2778 4508 περὶ
2822 4438 2926 4507 γῆν
2969 4451 3029 4486 τε
3075 4430 3163 4485 καὶ
3215 4428 3304 4483 ἐπὶ
3351 4434 3473 4502 γῆς’
3519 4423 3690 4478 ’ἱππος
3751 4419 3811 4476 δὲ

2156 4521 2248 4576 καὶ
2283 4521 2413 4597 βοῦς
2443 4522 2532 4577 καὶ
2563 4522 2633 4576 τὰ
2673 4520 2892 4585 τούτοις
2917 4519 3248 4593 ὁμόστοιχα,
3295 4513 3661 4591 μερικωτέραν
3717 4511 3813 4567 καὶ

2158 4611 2296 4686 πρὸς
2355 4605 2472 4666 ἔνια
2515 4616 2624 4667 τῶν
2672 4615 2987 4689 φανταστῶν
3031 4607 3394 4681 ἐνεργοῦσαν,
3448 4602 3516 4657 τὰ
3569 4600 3818 4676 σύννομα

2159 4701 2249 4755 καὶ
2293 4701 2394 4768 τὴν
2441 4700 2646 4778 φάτνην
2693 4700 2780 4756 καὶ
2837 4699 2968 4760 τοὺς
3017 4695 3380 4767 κτησαμένους
3425 4691 3815 4767 γινώσκουσανο

2162 4787 2385 4864 ἐμπίδες
2433 4787 2490 4845 δὲ
2542 4789 2632 4845 καὶ
2692 4793 2845 4863 μυῖαι
2899 4786 2988 4843 καὶ
3034 4781 3317 4855 σκώληκες
3366 4781 3818 4855 ἆπεστενωμένην

2163 4877 2351 4955 ἔχουσι
2380 4880 2585 4952 ταύτην
2634 4881 2724 4936 καὶ
2775 4878 3168 4954 ἀδιάρθρωτον,
3230 4876 3370 4950 μήτε
3423 4873 3570 4944 ἀπῆν
3612 4871 3824 4938 εἰδότος

394 4980 654 5039 praesepe
705 4983 1197 5040 possessoresque
1255 4985 1395 5025 suos
1445 4974 1798 5041 cognoscat;
1833 4969 2039 5026 culices

2160 4970 2388 5025 ἑκάστου
2418 4970 2628 5026 τούτων
2681 4970 2750 5038 ἧς
2809 4966 3156 5040 ἐξελήλυθεν,
3222 4966 3362 5040 μήτε
3415 4963 3584 5019 τόπον
3612 4965 3667 5018 οῖ
3722 4984 3822 5018 πο-

1788 5087 2144 5144 GAULMINI
2195 5088 2422 5144 NOT/E.

397 5173 506 5250 τῷν
562 5171 791 5250 ἐκινεῖτο
848 5171 984 5250 κατᾲ
1038 5172 1100 5226 τὸ
1151 5170 1571 5250 ’ἰδιονμσχῆμαο
1620 5173 1818 5250 ὁμλέων
1850 5170 2052 5250 ἔϐρυχε

403 5241 575 5324 θέλων
635 5241 901 5324 ἐπελθεῖν,
951 5245 979 5298 ὁ
1020 5248 1226 5324 ταῦρος,
1268 5241 1798 5324 ἐδόκῖιᾷιερᾳτίζειν,
1853 5249 1881 5300 ὁ
1917 5241 2054 5324 ,ξίῷίς

400 5305 577 5394 ἕρπων
613 5315 711 5394 οὐκ
739 5305 948 5390 ἔφθανε,
981 5317 1069 5370 καὶ
1104 5305 1135 5370 ὅ
1165 5316 1329 5394 λόχος
1359 5305 1558 5391 ὁρμῶν.
1589 5305 1861 5394 ἐπεῖχετο.
1925 5305 2048 5376 ΜἉ-

401 5386 456 5456 gi
480 5389 694 5463 nuperi
727 5386 924 5446 tamen
957 5404 1024 5442 ex
1048 5390 1252 5445 formis
1283 5386 1520 5448 ordines
1549 5386 1874 5463 agnoscunt
1901 5409 1913 5445 :
1946 5395 2046 5449 sed

403 5460 694 5536 veteribus
727 5463 1014 5536 cuiusque
1047 5464 1244 5517 formae
1279 5465 1430 5536 magi
1474 5460 1654 5534 fuere,
1714 5466 1812 5535 qui
1845 5465 1918 5519 ab
1950 5465 2050 5520 illa

406 5528 593 5620 forma
623 5530 680 5584 in
712 5528 937 5620 similes
958 5539 1315 5620 potestatem
1345 5528 2048 5620 μὶο.ἱ.ρὶθῦξξ’ῠῐ.”11β’μάγοι

406 5596 680 5680 λεόντων)
739 5602 900 5680 μάγοι
954 5596 1127 5680 όφεων
1189 5596 1516 5678 Babyloniis
1541 5625 1571 5680 εί
1614 5596 1926 5663 Jamblich.
1974 5596 2048 5663 ’ἱῐι

407 5625 639 5652 Λευντων
667 5641 680 5667 ,
739 5625 813 5672 μα
849 5625 900 5658 οι
954 5625 1127 5680 σφεων
1189 5625 1552 5678 nanyionns:
1614 5625 1926 5663 damnucn.
1989 5626 2047 5663 in

406 5671 612 5760 Ehetio
641 5673 792 5760 (sed.
813 5625 947 5759 βάκ
980 5683 1320 5760 serpentum
1337 5680 1526 5760 etiam
1560 5679 1734 5760 quie
1762 5681 1821 5760 in
1849 5680 2047 5760 Aloys.

408 5745 779 5813 Cadamosto,
812 5748 929 5804 imo
959 5753 1018 5805 et
1046 5745 1301 5821 piscium
1332 5750 1394 5806 in
1427 5750 1564 5807 Polo
1621 5751 1840 5809 Veneto
1897 5745 2050 5808 Lon-

2162 5193 2304 5250 gum
2337 5185 2493 5235 esset
2515 5185 2716 5235 omnia
2747 5185 3046 5250 prosequi.

2239 5252 2351 5322 (11)
2388 5252 2634 5307 Prorsus
2666 5251 2854 5321 tangit
2905 5241 3310 5322 adagium‘etc
3367 5238 3533 5322 iiswph
3571 5240 3819 5322 γράφειῖ,

2161 5314 2345 5412 quod
2371 5325 2590 5412 arabes
2640 5314 2876 5388 habent,
2912 5314 3124 5390 aquam
3151 5319 3381 5388 pingere
3421 5333 3434 5371 :
3485 5314 3732 5369 Centur.
3765 5318 3822 5382 2,

2373 5396 2639 5541 903pppnit
2695 5461 3029 5541 ἀλέγωτέραν
3090 5457 3468 5541 φανταστικὴν.
3517 5456 3816 5541 ἀνθρωπων

2156 5533 2245 5611 τῇ
2263 5533 2601 5611 μερικίοέἑρᾳ
2627 5540 2736 5590 τῶν
2758 5533 2945 5611 ἵππων
2978 5538 3034 5589 et
3061 5533 3312 5611 aliorum
3375 5533 3771 5611 animantium
3798 5547 3812 5597 ;

2159 5599 2356 5682 inepte
2415 5599 2680 5681 prorsus,
2739 5610 2788 5664 si
2837 5609 2922 5664 ita
2969 5605 3230 5682 scripsit.
3287 5603 3425 5682 Lege
3455 5599 3813 5675 ὁλικώτεραν.

2161 5667 2570 5739 ϐαπίναιίὃνεηι
2593 5667 3018 5753 interpretatur
3044 5667 3380 5749 interpres,"
3393 5673 3561 5730 bene.
