4100 6452
397 417 515 476 871

1738 413 2166 478 MICHAELIS
2209 412 2488 476 PSELLI

3699 415 3822 480 872

399 551 725 624 quidquam
756 547 1074 605 asserebat.
1122 547 1180 606 Si
1215 548 1455 619 quidem
1505 548 1594 604 vel
1638 548 1769 619 ipsa
1808 562 1937 604 sese
1967 547 2020 604 fa

2133 545 2426 620 ηχρηστὸν,
2457 543 2540 601 ὅτι
2597 545 2688 600 καὶ
2735 547 2802 601 τὰ
2847 543 3055 602 τούτων
3106 545 3532 623 περιαυτολογία
3577 548 3668 604 καὶ
3723 547 3820 604 τύ·-

396 646 574 709 stum,
609 639 999 710 imposturam
1025 653 1354 708 vanamque
1378 637 1862 710 imaginationem
1893 635 2056 692 inso-

395 729 616 784 lentius
647 744 776 782 esse
819 728 1069 798 jactant,
1123 726 1395 797 ultroque
1445 726 1811 797 proﬁtentur.
1866 726 1949 780 Ab
1982 724 2054 780 iis

394 819 549 875 enim
585 817 642 872 in
674 834 772 872 eos
796 836 828 871 a
857 816 1077 888 quibus
1100 814 1547 887 colunturignei
1584 815 1825 886 quidam
1859 814 2051 884 fulgo-

391 924 486 963 res
517 908 887 962 descendunt
919 904 1275 977 (cujusmodi
1326 909 1467 961 sunt
1498 903 1888 959 scintillarum
1923 921 2050 975 quae

392 994 692 1056 διάττοντες
740 1013 772 1050 a
819 995 1058 1064 Graecis,
1090 993 1392 1065 stellaeque
1438 994 1716 1049 cadentes
1754 993 1930 1065 vulgo
1961 993 2050 1048 di-

390 1087 624 1153 cuntur)
657 1100 901 1140 excursu
937 1085 1297 1150 substantes,
1332 1099 1479 1154 quos
1519 1082 1756 1153 quidem
1793 1083 2047 1153 fulgores

389 1176 585 1232 insani
615 1172 902 1240 Θεοπτιάς,
934 1190 1037 1229 seu
1077 1173 1178 1228 Dei
1232 1172 1628 1244 apparitiones
1658 1172 1911 1227 vocitare
1942 1189 2044 1226 au-

387 1267 550 1321 dent.
585 1264 809 1329 Quibus
842 1263 988 1318 nihil
1040 1261 1180 1328 veri,
1216 1261 1361 1317 nihil
1391 1260 1554 1328 certi,
1589 1261 1736 1316 nihil
1782 1261 1937 1315 ﬁrmi
1965 1261 2044 1316 si-

386 1355 566 1426 bique
597 1352 923 1408 constantis
947 1350 1464 1422 contineturtquid
1499 1349 1654 1404 enim
1689 1348 1839 1404 lucis
1871 1349 1928 1404 in
1963 1355 2043 1406 te-

385 1443 712 1499 nebricosis
745 1442 1110 1497 daemonibus
1131 1439 1201 1507 ‘2),
1225 1439 1325 1494 sed
1361 1455 1491 1510 quae
1512 1440 1631 1493 sint
1651 1455 1852 1493 eorum
1886 1437 2041 1493 ludi-

383 1550 482 1590 cra
512 1531 844 1603 cujusmodi
874 1529 1146 1585 videntur
1192 1529 1250 1582 in
1301 1527 1605 1583 oculorum
1641 1527 2039 1598 productioni-

366 1619 516 1687 'bus,
548 1626 650 1676 aut
682 1621 738 1675 in
771 1619 844 1674 iis
872 1635 1001 1689 quze
1053 1616 1341 1672 miracula
1371 1616 1544 1688 vulgo
1575 1621 1876 1682 vocantur,
1910 1633 2036 1687 quae

377 1712 852 1776 idcircoﬁunt,ut
873 1705 1816 1772 videntibusilludatur.Quamvis
1838 1712 2032 1760 autem

375 1801 498 1856 hiec
531 1798 797 1854 misellus
829 1814 934 1869 ego
976 1796 1146 1868 longe
1196 1801 1368 1850 antea
1401 1795 1942 1866 deprehendissem,
1978 1800 2034 1850 et

374 1892 445 1946 ab
477 1891 584 1945 hac
610 1887 887 1960 religione
910 1886 1238 1941 desciscere
1260 1885 1598 1950 meditarer,
1622 1889 1820 1939 tamen
1846 1884 1904 1938 in
1928 1884 2030 1938 bo-

370 1981 640 2036 diernum
665 1994 856 2048 usque
886 1976 1044 2031 diem
1077 1974 1392 2047 praestigiis
1421 1990 1624 2029 eorum
1647 1973 1912 2028 irretitus
1943 1976 2029 2028 at-

369 2085 482 2144 que
514 2071 790 2125 detentus
811 2082 969 2132 sum,
988 2070 1164 2136 atque
1193 2063 1338 2120 adeo
1363 2063 1695 2119 miserrima
1715 2078 1819 2135 ego
1844 2068 2031 2120 morte

368 2159 798 2223 occubuissem,
845 2155 960 2210 nisi
988 2159 1048 2208 tu
1103 2170 1197 2208 me
1246 2169 1438 2208 veram
1475 2151 1532 2207 in
1581 2153 1735 2208 viam
1769 2153 2030 2210 reduxis-

367 2265 485 2314 ses,
518 2253 801 2318 tanquam
835 2246 928 2300 fax
951 2244 1010 2300 in
1043 2243 1248 2314 pbaro,
1281 2243 1347 2297 ad
1382 2241 1816 2298 discutiendam
1846 2242 2028 2298 maris

363 2339 504 2394 illuc
564 2335 856 2394 tenebrosi
931 2333 1239 2407 caliginem
1322 2331 1629 2405 affulgens.
1689 2332 1793 2388 His
1849 2333 2025 2389 dictis

2168 656 2287 712 φος,
2320 634 2496 705 ἀπάτη
2555 655 2614 690 τε
2671 635 2760 690 καὶ
2821 636 3080 714 φαντασία
3129 634 3398 699 διάκενος.
3439 639 3821 716 Ἀφικνοῦνται

2169 725 2265 795 μὶν
2319 725 2422 800 γάρ
2479 725 2571 779 ἀπ’
2633 723 2808 779 αὐτῶν
2869 723 2956 779 ἐπὶ
3021 725 3148 787 τοὺς
3205 726 3602 800 θρησκεύοντας
3656 727 3820 803 αὐγαὶ

2162 811 2437 888 πυρώδεις
2464 817 2602 887 (32),
2636 816 2745 869 οἷαι
2780 812 2846 885 δή
2878 836 3018 877 τινες
3051 817 3104 870 αἱ
3134 820 3241 870 τῶν
3295 813 3623 872 διαττόντων
3681 818 3816 872 ὑπο-

2163 899 2361 978 δρομαὶ
2414 905 2549 976 (33),
2579 902 2638 965 ἃς
2697 904 2950 966 θεοπτίας
3007 905 3060 958 οἱ
3121 906 3424 978 μεμηνότες
3466 906 3671 977 ἀξιοῦσι
3719 928 3818 962 κα-

2160 989 2297 1063 λεῖν,
2332 990 2485 1047 οὐδὲν
2535 992 2765 1066 ἐχούσας
2824 992 3048 1064 ἀληθὲς,
3108 991 3221 1049 οὐδ’
3276 995 3502 1066 ἑστηκὸς
3547 993 3671 1050 οὐδὲ
3723 997 3816 1072 pt-

2158 1077 2332 1136 61t0v’
2358 1080 2434 1152 (τί
2465 1083 2568 1158 γὰρ
2600 1081 2651 1136 ἐν
2682 1079 2933 1156 δαίμοσιν
2997 1082 3368 1162 ἐζοφωμένοις
3411 1084 3530 1139 οὖσι
3579 1107 3812 1146 cataton-

2156 1167 2307 1242 ὂές;)
2366 1169 2513 1226 ἀλλὰ
2568 1170 2791 1246 παίγνια
2845 1172 3054 1228 τούτων
3109 1170 3295 1242 οὔσας,
3330 1176 3420 1228 οἷα
3467 1175 3533 1229 τὰ
3581 1173 3633 1230 ἐν
3688 1181 3812 1239 ταῖς

2151 1263 2258 1314 τῶν
2319 1261 2585 1332 ὀμμάτων
2645 1267 3003 1335 παραγωγαῖς
3031 1264 3167 1333 (34),
3197 1263 3230 1332 ἢ
3263 1263 3330 1318 τὰ
3374 1262 3496 1338 περὶ
3552 1268 3660 1318 τῶν
3720 1285 3815 1320 κα-

2152 1350 2438 1421 Λουμὲνων
2495 1351 2914 1423 θαυματοποιῶν
2975 1350 3056 1405 ἐπ’
3105 1349 3339 1426 ἐξαπάτῃ
3389 1356 3496 1407 τῶν
3556 1353 3813 1426 ὁρώντων

2149 1438 2434 1512 γινόμενα.
2504 1439 2603 1495 Καὶ
2651 1441 2801 1504 ταῦθ’
2863 1440 2890 1493 ὁ
2951 1436 3196 1503 δειλαῖος
3253 1441 3363 1515 ἐγὼ
3426 1442 3532 1516 πρὸ
3588 1440 3810 1498 πολλοῦ

2149 1529 2430 1604 φωράσας,
2487 1527 2576 1582 καὶ
2651 1529 2848 1583 τούτου
2927 1530 3169 1603 μελετῶν
3238 1531 3640 1602 ἀποστήσεσθαι
3709 1537 3808 1588 τοῦ

2147 1617 2762 1692 θρησκεύματος,δμως
2807 1615 2910 1680 ἓως
2955 1617 3113 1674 τοῦδε
3170 1621 3512 1696 κατειχόμην
3573 1642 3805 1696 γοητευ-

2147 1707 2276 1772 θεὶς,
2310 1707 2397 1762 καί
2433 1729 2530 1779 μοι
2564 1712 2703 1770 σῶος
2733 1703 2960 1784 ὄλεθρος
2989 1711 3099 1781 (35)
3132 1710 3199 1778 ἦν
3247 1710 3332 1780 ἃν,
3364 1709 3408 1764 εἰ
3464 1711 3540 1783 μή
3588 1710 3652 1765 σύ
3706 1733 3803 1784 μοι

2141 1803 2240 1864 τῆς
2300 1796 2542 1867 ἀληθοῦς
2600 1796 2854 1872 ἐξηγήσω
2910 1793 3123 1873 τρίϐου,
3155 1798 3396 1872 καθάπερ
3445 1802 3651 1876 πυρσὸς
3711 1801 3800 1857 ἐπὶ

2143 1884 2436 1947 θαλαττίας
2502 1888 2851 1960 σκοτομήνης
2935 1885 3232 1963 ἀναφανείς.
3294 1889 3459 1945 Ταῦτ’
3519 1888 3710 1960 εἰπὼν,
3771 1892 3801 1946 ὁ

2139 1975 2362 2049 Μάρκος
2421 1972 2644 2048 δάκρυσι
2701 1976 2798 2038 τὰς
2856 1977 3083 2051 παρειὰς
3141 1978 3454 2050 κατῃόνιζεν
3483 1979 3620 2052 (36).
3655 1980 3799 2056 Ἐγὼ

2142 2062 2200 2119 δὲ
2230 2063 2390 2119 αὐτὸν
2446 2065 2852 2138 ἀνακτώμενος,
2886 2070 3103 2130 ΙΙενθεῖν
3159 2067 3256 2140 μὶν
3301 2067 3505 2138 ἐξέσται
3563 2090 3648 2124 σοι
3707 2070 3799 2126 καὶ

2144 2154 2451 2226 μετέπειτα,
2514 2149 2649 2228 ἔφην
2681 2174 2694 2187 ο
2729 2157 2820 2208 νῦν
2870 2152 2926 2209 δὲ
2979 2155 3095 2230 ὥρα
3145 2156 3529 2231 πανηγυρίζειν
3589 2179 3673 2213 σοι
3730 2159 3800 2215 τὰ

2139 2244 2384 2316 σωτήρια
2415 2243 2548 2315 (37),
2580 2241 2669 2297 καὶ
2701 2247 2818 2315 Θεῷ
2848 2246 3012 2318 χάριν
3047 2241 3240 2299 εἰδέναι
3270 2246 3398 2321 παρ’
3425 2247 3486 2300 οὗ
3516 2245 3604 2302 καὶ
3635 2249 3790 2324 ψυχὴ

2137 2330 2227 2385 καὶ
2268 2335 2392 2393 νοῦς
2426 2328 2690 2406 ὀλεθρίων
2729 2330 3153 2389 ἀπαλλάττεται.

365 2429 596 2484 Marcus
628 2427 686 2481 in
718 2431 915 2480 tantas
950 2423 1215 2496 prorupit
1245 2423 1554 2495 lacrymas,
1591 2426 1654 2477 ut
1697 2421 1770 2477 iis
1802 2438 1966 2494 genae
2017 2421 2290 2492 utrinque
2336 2422 2688 2477 difﬂuerent.
2719 2425 2837 2494 Ego
2870 2427 3064 2478 autem
3099 2439 3235 2480 eum
3283 2425 3642 2497 consolatus,
3675 2427 3790 2483 Lu-

360 2535 495 2592 gere
527 2517 630 2572 tibi
665 2520 866 2588 postea
895 2513 1114 2582 licebit,
1151 2514 1415 2585 inquam,
1451 2528 1606 2567 nunc
1636 2527 1769 2566 vero
1811 2510 2079 2566 liberalia
2125 2511 2333 2565 festivo
2379 2511 2492 2564 ritu
2544 2511 2894 2568 celebranda
2923 2517 3080 2583 sunt,
3114 2514 3474 2587 agendaque
3502 2515 3619 2572 Deo
3646 2532 3785 2590 gra-

353 2611 470 2680 tiae,
505 2609 676 2680 cujus
707 2605 986 2664 beneficio
1017 2604 1215 2659 anima
1244 2609 1346 2659 tua
1375 2609 1430 2660 et
1462 2620 1628 2659 mens
1659 2620 1692 2658 a
1723 2603 2068 2674 perniciois
2099 2602 2466 2657 daemonibus
2516 2600 2773 2658 liberatae
2824 2609 2982 2660 sunt.

1825 2859 2066 2917 CAPUT
2103 2859 2300 2916 XXIII.

829 2970 1105 3041 Quomodo
1132 2970 1404 3027 dwmones
1429 2971 1832 3043 percutiuntur,
1865 2971 2041 3042 deque
2069 2969 2406 3028 darmonz’aci
2432 2987 2468 3026 α
2496 2970 2668 3027 solido
2697 2986 2926 3042 corpore
2951 2973 3290 3046 diﬂ‘erentia.

2191 3100 2420 3153 ΤΙΜΟΘ.
2455 3099 2625 3152 Τοῦτο
2673 3094 2730 3151 δὲ
2785 3119 2880 3170 μοι
2942 3100 3130 3171 μαθεῖν
3195 3097 3519 3175 βουλομένῳ
3571 3102 3777 3180 φράσον

2118 3183 2164 3239 εἰ
2193 3186 2260 3239 τά
2292 3180 2549 3258 δαιμόνια
2580 3185 2806 3260 σώματα
2839 3186 2928 3243 οἷά
2957 3188 3014 3243 τέ
3045 3186 3154 3244 ἐστι
3188 3187 3545 3260 πλήττεσθαι.

419 3102 717 3158 TIMOTII.
749 3101 882 3157 Jam
928 3099 1038 3156 hoc
1086 3103 1149 3154 tu
1183 3098 1328 3154 mihi
1381 3098 1643 3154 discendi
1689 3099 2008 3171 percupido

345 3192 621 3263 edissere,
656 3206 936 3246 numnam
965 3189 1300 3244 damonum
1333 3204 1579 3260 corpora
1609 3187 1834 3260 percuti
1867 3204 2006 3258 pos-

343 3282 464 3338 sint
487 3281 510 3336 ?

413 3368 678 3424 THRAX.
715 3369 800 3424 Ita
832 3367 1266 3440 percutiuntur,
1313 3366 1815 3440 quemadmodum
1851 3365 2000 3422 Mar-
2033 3337 2076 3405 C

341 3474 447 3514 cus
487 3459 807 3525 astruebat,
859 3462 925 3511 ut
970 3455 1147 3512 etiam
1199 3461 1358 3512 certo
1406 3456 1524 3510 ictu
1574 3455 1634 3509 in
1684 3460 1878 3510 cutem
1911 3454 1998 3509 in-

340 3547 496 3602 ﬂicto
530 3545 851 3602 indoleant.
885 3545 994 3610 Qui
1024 3561 1160 3600 vero
1192 3544 1315 3600 fieri
1344 3543 1454 3600 hoc
1485 3548 1699 3616 potest,
1730 3545 1997 3616 inquam,

336 3651 470 3689 cum
503 3635 624 3690 sint
653 3635 918 3706 spiritus,
953 3650 1066 3688 non
1100 3638 1296 3688 autem
1331 3631 1522 3688 solida
1552 3633 1998 3704 compositaque

331 3739 595 3795 corpora,
629 3723 847 3794 quibus
876 3739 1085 3778 sensus
1129 3738 1273 3777 suus
1304 3726 1362 3777 et
1394 3720 1708 3794 peculiaris
1740 3722 1875 3778 est?
1905 3722 1992 3776 Ad

329 3812 450 3867 haec
482 3812 598 3880 ille,
647 3813 848 3878 Miror,
897 3811 1115 3883 inquit,
1165 3811 1289 3866 hac
1337 3812 1620 3884 ignorari,
1673 3830 1787 3868 non
1836 3829 1902 3870 os
1932 3813 1993 3868 in

326 3903 533 3974 quovis
567 3903 824 3967 homine,
861 3918 1052 3972 neque
1103 3917 1360 3965 nervum,
1398 3903 1455 3956 id
1503 3919 1633 3958 esse
1664 3903 1819 3973 quod
1854 3919 1990 3957 sen-

323 3992 414 4060 tit,
451 3993 550 4047 sed
585 3992 865 4064 spiritum
900 3990 973 4046 iis
1003 3991 1271 4046 insitum.
1310 3991 1561 4047 Proinde
1607 3993 1992 4063 quantumvis

321 4086 624 4152 prematur
674 4098 905 4150 nervus,
939 4086 1040 4136 aut
1096 4081 1493 4152 refrigeretur,
1529 4087 1630 4137 aut
1680 4083 1837 4137 aliud
1877 4081 1991 4137 hu-

311 4171 577 4240 jusmodi
611 4171 890 4242 patiatur,
924 4169 1185 4225 dolorem
1211 4186 1280 4224 ex
1310 4171 1560 4240 spiritus
1602 4172 1660 4225 in
1707 4171 1986 4242 spiritum

321 4259 690 4315 immissione
720 4259 958 4314 oboriri.
991 4257 1105 4314 Nec
1137 4259 1295 4314 enim
1341 4259 1469 4315 ﬁeri
1501 4276 1694 4331 posse,
1729 4265 1792 4315 ut
1821 4276 1985 4316 com-

331 4347 589 4420 positum
640 4364 854 4419 corpus
907 4363 1008 4417 per
1056 4364 1117 4403 se
1168 4347 1381 4414 doleat,
1419 4349 1516 4404 sed
1553 4348 1693 4420 quia
1742 4349 1987 4420 spiritus

314 4436 609 4510 particeps
654 4441 744 4493 est
793 4451 805 4493 :
839 4437 1324 4510 quandoquidem,
1355 4436 1415 4494 in
1447 4439 1635 4494 frusta
1664 4438 1984 4494 dissectum

314 4525 400 4582 vel
461 4530 764 4582 mortuum
815 4542 990 4581 sensu
1050 4542 1294 4597 prorsus
1344 4531 1522 4594 caret,
1586 4527 1726 4597 quia
1773 4528 1984 4599 spiritu

320 4615 616 4689 privatum
643 4636 656 4684 ;
693 4615 897 4671 itidem
930 4619 988 4671 et
1012 4615 1360 4682 daemonem,
1393 4632 1527 4671 cum
1564 4621 1722 4673 totus
1753 4617 1832 4673 sit
1861 4617 1984 4690 spi-

1721 4733 2074 4790 GAULMINI
2110 4732 2339 4789 NOTZE.

376 4831 492 4908 (32)
541 4827 717 4906 Αύγαὶ
792 4825 1064 4903 πυρώδεις
1093 4870 1106 4884 .
1179 4829 1414 4901 Optime
1469 4829 1841 4887 Jamblichus
1899 4832 1971 4888 de
2080 4829 2497 4908 ctiones_nullae
2535 4829 2608 4908 de
2637 4831 2836 4902 optica
2865 4833 3302 4908 disputationes
3335 4834 3516 4891 nitide
3539 4836 3750 4908 proba-

305 4899 562 4979 illis._'__
639 4899 689 4979 '_
1373 4969 1446 4979 _.
1569 4974 1580 4979 _
1739 4973 1752 4979 _
1846 4970 1866 4979 -

2133 4907 2245 4957 int.
2278 4899 2724 4979 δύω-ὀμμάτων
2771 4899 3094 4979 παραγωγαὶ
3145 4899 3596 4964 allucinationes
3653 4925 3749 4964 va-

518 4974 646 5050 an
677 4972 941 5050 intelligo
974 4971 1097 5036 illa,
1132 4972 1185 5024 al
1224 4975 1332 5050 τών
1371 4969 1459 5027 διὰ
1486 4974 1695 5050 τούτων
1733 4970 1968 5050 ὑποδρο-

2137 4992 2201 5039 re,
2237 4990 2387 5050 quae,
2422 4969 2558 5050 laeso
2609 4991 2785 5050 nervo
2837 4969 2967 5048 ipso
3017 4969 3241 5049 'Optieo,
3301 4980 3454 5050 quod
3513 4980 3748 5036 rarissi-

354 5045 426 5100 αἱ.
471 5044 727 5123 ζῃᾶυὺῇθ
778 5051 1103 5123 corruptus
1144 5052 1233 5123 est
1287 5044 1490 5102 locus.
1551 5047 1701 5123 Legg
1758 5046 1813 5123 ai
1860 5044 1968 5100 τῶν
2080 5063 2267 5123 ῐῃυιη,
2301 5046 2388 5098 vel
2419 5044 2623 5101 vitiato
2646 5044 2891 5123 humore
2914 5044 3259 5120 cryst'allini,
3287 5044 3441 5123 quod
3471 5052 3745 5123 frequen-

307 5063 426 5168 ἓαι.
478 5063 727 5102 maume
778 5063 1093 5112 corruptus
1144 5063 1233 5099 eat.
1287 5063 1490 5102 locus.
1551 5063 1701 5118 Lego
1758 5063 1813 5099 αι
1860 5067 1968 5100 των

319 5115 634 5191 ⁵ιαττόντων
671 5113 1001 5191 ὑποδρομαί.
1042 5114 1109 5191 Οἱ
1149 5113 1452 5191 διάττοντες
1512 5121 1596 5172 vel
1666 5114 1970 5180 διαθέοντες

2133 5063 2267 5110 ιυιη,
2301 5063 2388 5098 νει
2419 5063 2623 5101 vmato
2646 5063 2891 5103 numore
2914 5063 3259 5120 crystalnm,
3287 5063 3441 5122 quoa
3471 5063 3744 5123 frequen-

2133 5119 2383 5191 ssimum
2435 5132 2539 5172 nec
2589 5119 2984 5188 periculosum
3037 5126 3149 5189 est,
3206 5122 3455 5178 nebulas
3511 5127 3744 5190 tenues,

307 5135 634 5169 οιαττοντων
671 5135 1001 5241 υποοροῇαι.
1042 5135 1109 5170 υι
1149 5135 1452 5177 οιαττοντες
1512 5135 1596 5172 vel
1666 5135 1970 5180 οιαθεοντες
2080 5135 2383 5172 uselmum
2435 5135 2539 5172 nec
2589 5135 2984 5188 periculosum
3037 5135 3149 5189 est,
3206 5135 3455 5178 nebmas
3511 5135 3744 5190 tenues,

307 5185 658 5278 ἀστέρες,.υι.
678 5195 848 5270 vocat
896 5187 1196 5278 ιὶοςρὺοιι.
1247 5189 1578 5278 ⁶Βξθηιιιξγςί.
1640 5207 1690 5278 ρ.
1745 5193 1808 5245 12
1866 5212 1969 5277 φρ-
2081 5189 2682 5278 spi‘ssiores‘quolque,
2716 5207 2782 5246 ac
2812 5192 3251 5278 ﬁlamentorum
3282 5210 3490 5278 nexus,
3533 5200 3590 5250 et
3619 5194 3744 5266 glo-

307 5259 745 5339 ct.x._n‘ptissimi
772 5264 936 5339 _su_n_t.
971 5259 1154 5339 Nemo
1202 5261 1313 5316 nisi
1348 5259 1553 5338 τυφλὸς
1593 5259 1684 5314 τόν
1730 5281 1788 5315 τε
1841 5259 1967 5317 νοῦν

2133 5261 2354 5339 elerum
2402 5259 2647 5339 tractus,
2682 5279 3020 5339 muscarum
3054 5265 3426 5339 volitantium
3468 5259 3742 5339 imagvun-

303 5328 368 5382 τά
398 5334 443 5403 τ’
476 5325 720 5403 ὄμματα,
755 5331 1065 5403 dubitavit.
1428 5325 1437 5338 ³
2081 5332 2267 5395 culas,
2301 5325 2680 5403 cernentibus
2713 5335 3020 5403 objiciunt.
3058 5337 3439 5392 Boxssouans.

341 5470 353 5483 _
376 5396 867 5485 (34).;sazyyami
897 5396 1115 5485 κυῆείαν
1161 5403 1422 5485 magicas
1472 5405 1828 5485 praestigias“
1856 5406 1969 5485 dici

2133 5405 2262 5484 (35)
2299 5404 2454 5485 Σῶσις
2487 5398 2573 5485 ὄλ.
2611 5396 2910 5478 Loquendi
2944 5407 3183 5478 elegans
3216 5408 3492 5476 formula,
3523 5409 3594 5464 de
3625 5424 3743 5480 qua

302 5473 391 5525 vir
422 5473 606 5527 solide
637 5473 844 5530 doctus
876 5475 1100 5532 pridem
1136 5480 1224 5528 est
1255 5493 1388 5530 cum
1424 5473 1748 5531 annotavit.
1792 5477 1970 5532 Cute-
2081 5473 2347 5532 dieemus
2380 5473 2494 5529 alio
2525 5475 2672 5531 loco.

304 5558 437 5620 rum
471 5544 524 5595 al
569 5547 678 5597 τῶν
729 5542 995 5620 ὀμμάτων
1030 5546 1349 5620 παραγωγαὶ
1383 5549 1684 5620 oculorum
1723 5549 1970 5620 fascina-

2155 5549 2268 5612 (36)
2295 5542 2844 5620 ⁹βλαίῳγκαταιονιξὶν,
2890 5545 3094 5618 μέλιτι,
3131 5546 3304 5617 ὕδατι,
3338 5556 3450 5609 etc.

304 5613 706 5696 t_io_nes_s'unt.
757 5613 903 5671 Nam
956 5613 1357 5696 production“,
1407 5618 1635 5696 arma
1663 5615 1807 5672 πόδα
1841 5622 1968 5675 red-

2155 5613 2780 5696 (37)__Eustat_h._man.'
2809 5613 2922 5696 lib.
2943 5639 3021 5688 x1,
3054 5613 3172 5696 καθ’
3221 5613 3352 5696 sap.
3404 5621 3490 5696 καὶ
3532 5622 3740 5696 ῥσμιγ.

305 5685 537 5763 diderat
567 5687 878 5763 interpres,
918 5685 1092 5763 nemo
1124 5685 1351 5761 probet,
1384 5691 1608 5763 niside
1643 5693 1837 5763 optica
1896 5696 1968 5748 ad

2133 5685 2358 5746 u‘math.
2390 5706 2475 5763 XI,
2505 5691 2636 5747 init.
2663 5685 3033 5763 :AnataviCuv
3087 5685 3322 5749 ἔπινίκια
3379 5693 3470 5750 καὶ
3528 5685 3743 5758 ἐλαί)θὲ-

305 5756 465 5813 hunc
495 5756 691 5817 locum
726 5756 1143 5832 disputandof
1176 5793 1244 5802 —
1301 5756 1713 5820 Morellianum
1771 5764 1968 5836 produ-

2143 5783 2174 5816 α
2203 5756 2589 5836 πανηγυρίζειν
2622 5761 2712 5817 καὶ
2745 5756 2991 5840 σωτηρία
3020 5770 3258 5840 κροτεῖν.

2185 3365 2389 3435 ΘΡᾼΞ.
2423 3361 2751 3434 Πλήττεται,
2785 3365 2814 3419 ὁ
2866 3362 3089 3442 Μάρκος
3148 3369 3318 3438 εἶπεν,
3371 3369 3446 3431 ὡς
3497 3370 3584 3426 καὶ
3642 3369 3770 3427 ὁδο-

2109 3453 2297 3507 νᾶσθαι
2361 3458 2576 3527 στερεᾶς
2629 3453 3036 3530 ἐπενειχθείσης
3088 3455 3139 3510 ἐν
3198 3462 3344 3534 χρῷ.
3405 3457 3579 3517 Ἀλλᾶ
3622 3459 3763 3535 πῶς,

2109 3537 2578 3618 ἔφην,πνεύματα
2636 3537 2784 3615 ὅντα,
2837 3544 2923 3598 καὶ
2989 3541 3131 3617 μηδὲ
3188 3548 3377 3621 στερεᾶ
3436 3546 3577 3622 μηδὲ
3640 3550 3760 3605 σύν-

2109 3640 2271 3699 θετα;
2331 3630 2421 3684 καί
2480 3651 2566 3684 τοι
2624 3635 2731 3685 τῶν
2785 3632 3051 3695 συνθέτων
3111 3637 3145 3704 ἡ
3191 3632 3456 3707 αἶ’σθησις.
3522 3637 3623 3695 Καὶ
3676 3640 3756 3709 ὃς,

2107 3721 2399 3792 Θαυμάζω,
2435 3722 2604 3792 εἶπεν,
2637 3719 2719 3775 ὅτι
2754 3742 2837 3776 σοι
2870 3727 3032 3778 τοῦτο
3063 3724 3358 3800 ἠγνόηται,
3393 3727 3457 3782 τὸ
3509 3726 3646 3802 μηδ’
3675 3729 3761 3784 ἐπὶ

2102 3813 2351 3863 τιειοσοῦν
2394 3813 2492 3880 μῦν
2527 3810 2563 3877 ἢ
2613 3814 2802 3884 νεῦρον
2846 3813 2983 3866 εἶναι
3043 3813 3105 3867 τὸ
3160 3813 3567 3888 αἰσθανόμενον,
3618 3818 3765 3875 ἀλλὰ⁵

2103 3897 2164 3951 τὸ
2198 3896 2247 3952 ἐν
2279 3897 2499 3960 τούτοις
2559 3897 2864 3975 ἐνυπάρχον
2925 3905 3158 3974 πνεῦμα.
3194 3903 3286 3958 Διὸ
3347 3905 3443 3960 κᾶν
3504 3903 3768 3979 θλίϐηται

2099 3988 2162 4042 τὸ
2194 3991 2401 4064 νεῦρον,
2435 3987 2530 4041 κᾶν
2556 3988 2825 4063 ψύχηται,
2859 3989 2955 4044 κᾶν
2994 3989 3134 4047 ἄλλο
3170 3993 3359 4049 ὁποῖον
3412 3992 3477 4065 δή
3510 4017 3560 4050 τι
3595 4000 3761 4074 πάθῃ,

2099 4080 2195 4130 τοῦ
2227 4077 2536 4148 πνεύματος
2562 4076 2636 4138 εἷς
2661 4077 2724 4131 τὸ
2754 4082 2968 4152 πνεῦμα
3007 4083 3368 4156 πεμπομένου
3415 4085 3513 4153 τὴν
3566 4084 3764 4160 ὀδύνην

2102 4170 2239 4222 εἷναι
2273 4187 2284 4198 ·
2319 4169 2438 4221 καθ’
2465 4168 2622 4222 ἑαυτὸ
2653 4170 2756 4242 γάρ
2792 4169 2891 4224 οὐκ
2950 4170 3009 4225 ἂν
3072 4169 3314 4246 ὀδυνῷτο
3365 4175 3428 4230 τὸ
3480 4176 3760 4250 σύνθετον,

2099 4255 2246 4312 ἀλλὰ
2269 4257 2330 4311 τὸ
2367 4257 2597 4330 μετέχον
2645 4263 2742 4312 τοῦ
2791 4259 3100 4334 πνεύματος
3135 4282 3147 4295 ·
3205 4261 3318 4318 ἐπεὶ
3370 4265 3756 4340 παραλελυμέ-

2098 4369 2187 4402 νον
2247 4345 2283 4414 ἢ
2337 4347 2602 4422 νεκρωθὲν
2663 4347 3058 4420 ἀνεπαίσθητόν
3117 4351 3250 4425 ἐστι⁹
3289 4358 3386 4410 τοῦ
3441 4355 3752 4427 πνεύματος

2095 4434 2398 4512 γυμνωθὲν.
2452 4436 2557 4491 Καὶ
2613 4437 2674 4490 τὸ
2725 4435 3008 4510 δαιμόνιον
3069 4437 3191 4516 ἄρα,
3237 4447 3448 4515 πνεῦμα
3495 4440 3566 4496 δι’
3611 4443 3746 4496 ὅλου

2096 4527 2155 4582 ’ὸν
2198 4524 2338 4579 κατὰ
2390 4525 2545 4602 φύσιν
2588 4523 2924 4598 αἶ’σθητικὸν,
2975 4530 3110 4585 κατὰ
3176 4535 3277 4584 πᾶν
3333 4531 3520 4585 ἑαυτοῦ
3581 4531 3743 4604 μέρος

2095 4615 2310 4688 ἀμὲσως
2346 4614 2445 4689 ὁρᾷ
2474 4634 2532 4668 τε
2561 4615 2650 4669 καὶ
2680 4614 2864 4670 ἀκούει
2897 4619 2985 4672 καὶ
3033 4619 3099 4673 τὰ
3142 4625 3242 4688 τῆς
3289 4619 3430 4692 ἁφῆς
3484 4619 3747 4693 ὑπομένει
