4100 6424
381 405 500 466 875

1717 400 2144 464 MICHAELIS
2193 401 2462 462 PSELLl

3685 398 3807 458 816

451 535 718 593 THRAX.
753 534 836 591 Ne
876 534 1006 603 tibi,
1047 550 1269 606 quaso,
1307 532 1672 604 dulcissime,
1705 548 1879 606 grave
1912 549 2034 588 mo-

2221 534 2425 602 ΘΡᾼΞ.
2469 530 2564 599 Μὴ
2639 527 2838 604 ἄχθου,
2906 526 3133 606 φίλτατε
3198 525 3452 604 ἀνδρῶν’
3513 529 3649 583 Θεοῦ
3703 526 3808 603 γὰρ

384 625 677 682 lestumve
720 624 828 680 hoc
860 624 970 693 sit;
1021 623 1137 679 Deo
1187 622 1340 678 enim
1383 622 1654 693 juvante,
1687 622 1738 678 si
1777 637 2034 693 unquam

2150 618 2510 694 παρέχοντος,
2583 617 2636 674 εἷ’
2673 619 2807 673 ποτὶ
2860 639 2947 673 σοι
3003 616 3474 692 συνενεχθείημεν,
3526 617 3584 672 ὃν
3639 615 3699 670 ἂν
3729 620 3811 688 τῷ

380 719 583 771 tecum
618 729 736 769 una
766 713 1042 769 eumdem
1069 713 1127 767 in
1159 711 1352 767 locum
1388 713 1832 780 conveniamus,
1866 711 2042 782 quid-

386 803 528 876 quid
560 802 765 857 huicce
797 801 1185 874 disputationi
1211 805 1427 856 nostra:
1442 801 1648 856 deesse
1667 800 2040 869 tibividetur,

387 892 446 947 id
479 891 714 962 copiose
743 906 810 946 ac
838 889 1162 946 liberaliter
1191 906 1371 962 supra
1401 890 1905 962 Syracusanorum
1939 890 2043 945 de-

391 981 580 1036 cimae
613 980 1083 1052 repensabimus.

2153 707 2304 783 λόγῳ
2325 705 2486 779 ἐνδεῖ,
2510 705 2823 783 φιλοτίμως
2869 709 3002 784 ὑπὶρ
3031 709 3131 776 τής
3165 706 3545 784 Συρακουσίων
3573 708 3690 781 (44)
3720 703 3810 761 δε-

2151 797 2250 852 κάτ
2257 818 2316 860 ας
2350 809 2554 868 καταθη
2566 797 2624 852 σό
2633 808 2769 871 μεθα
2778 841 2790 854 .

1781 1068 1925 1124 GAU
1937 1068 2127 1126 LMINl
2180 1068 2412 1126 NOT/E.

391 1187 596 1242 Proelo
626 1189 683 1241 et
711 1185 1054 1259 Porphyrio,
1087 1187 1245 1242 edita
1274 1190 1433 1253 sunt,
1468 1185 1911 1259 aliquaqultimo
1953 1203 2048 1242 ca-

391 1260 510 1331 pite
535 1259 763 1331 afferat,
791 1257 1260 1331 quae—desumpta
1288 1275 1357 1314 ex
1388 1259 1646 1331 secundo
1677 1257 1797 1331 illo,
1832 1258 1878 1314 si
1913 1259 2048 1329 quis

391 1329 501 1397 est,
533 1330 684 1385 libro
714 1330 894 1384 videri
930 1329 1199 1401 possunt.
1232 1361 1300 1370 —
1331 1332 1464 1395 Quas
1491 1329 1723 1386 Ficinus
1771 1329 1948 1385 habet
1978 1347 2047 1386 ex

390 1401 587 1458 libello
619 1407 901 1471 sequente
939 1406 1252 1473 desumpta
1299 1409 1459 1469 sunt,
1492 1419 1666 1472 quem
1710 1402 1838 1472 ipse
1889 1419 2046 1457 nunc

430 1474 618 1529 rimus
665 1474 794 1540 edo,
844 1473 944 1528 sed
997 1475 1118 1542 qui,
1169 1490 1300 1528 cum
1353 1473 1520 1538 nihil,
1573 1473 1686 1527 nisi
1736 1474 2042 1528 verbulum

430 1491 618 1529 rimus
665 1491 794 1540 eoo,
844 1491 944 1528 seu
997 1491 1118 1542 qm,
1169 1491 1300 1528 cum
1353 1491 1520 1538 mnu,
1573 1491 1686 1527 n18]
1736 1491 2042 1528 vernuium

385 1491 575 1616 Fnum.
604 1546 658 1614 6)
689 1545 759 1599 de
786 1545 1157 1616 prmseientia
1186 1546 1520 1599 daemonum
1571 1545 1892 1608 contineat,
1928 1561 2042 1600 non

387 1617 489 1672 ille
519 1621 607 1672 est
637 1616 739 1687 qui
768 1616 1059 1672 Timothei
1093 1617 1403 1688 quaestioni
1435 1622 1611 1688 queat
1667 1617 2036 1688 respondere.

383 1693 764 1744 Boxssoruna.

455 1761 566 1831 (44)
597 1758 879 1831 Vaticana
915 1759 1232 1831 Appendix
1279 1759 1719 1831 proverbiorum
1775 1775 1787 1813 :
1837 1759 2041 1831 Δήμων

385 1826 785 1905 Συρακουσίους
879 1826 1377 1902 εὐδαιμονήσαντάς
1487 1850 1616 1907 φησι
1707 1826 2040 1907 ψηφίσασθαι

2157 1185 2255 1252 τὴν
2297 1181 2539 1274 ’δεκάτῃν
2591 1185 2697 1236 τῶν
2755 1179 3110 1274 ὑὶπαρχέντωΙν
3158 1176 3513 1274 ἀποδίξοσθαξ
3563 1181 3639 1247 εἰς
3689 1179 3809 1274 tn:-

2156 1250 2352 1326 σκευὴν
2395 1250 2538 1310 ναῶν
2590 1275 2650 1308 τε
2703 1252 2793 1307 καὶ
2843 1250 3208 1325 ἀναθημάτων
3254 1252 3344 1307 καί
3373 1252 3585 1326 ἱερείων
3612 1273 3624 1286 ·
3659 1250 3812 1307 πολ-

2156 1326 2255 1383 λοῦ
2296 1348 2358 1402 γε
2394 1329 2688 1402 χρήματος
2737 1322 3120 1400 συναχθέντος,
3153 1323 3228 1385 εἰς
3273 1326 3574 1402 παροιμίαν
3605 1323 3811 1389 ἐλθεῖν.

2155 1403 2255 1455 Adi
2288 1395 2560 1457 Strabon.
2594 1399 2697 1454 lib.
2729 1416 2786 1453 v1
2835 1395 3041 1470 Γῐωγρ.
3076 1403 3287 1470 Atque
3315 1395 3457 1453 haec
3485 1406 3627 1455 sunt
3682 1415 3812 1470 quas

2154 1474 2226 1528 ad
2259 1473 2429 1528 [’selli
2461 1470 2767 1544 dialogum
2790 1469 2918 1544 Περὶ
2950 1465 3217 1543 ἐνεργείας
3267 1465 3543 1542 δαιμόνων
3596 1465 3779 1544 pro-pe
3800 1501 3812 1514 .

2154 1550 2350 1600 rantes
2380 1542 2875 1615 singulis‘diebus
2900 1560 3002 1614 pro
3035 1542 3216 1614 penso
3265 1559 3574 1615 operarum
3601 1542 3813 1615 scrip-

2152 1613 2505 1698 simus-Tu,
2539 1615 2638 1698 qui
2691 1613 2915 1698 stil'um’
2941 1613 3317 1698 stupentem
3367 1614 3598 1698 dirigis,
3630 1613 3812 1697 Deus,

2152 1691 2269 1742 dux
2301 1687 2463 1743 fuisti
2491 1684 2749 1758 erisque.
2781 1686 2869 1742 Tu
2903 1688 2974 1741 ab
3005 1684 3149 1750 illis,
3181 1685 3253 1740 de
3285 1684 3514 1754 quibus
3529 1687 3814 1753 disserui,

2151 1775 2419 1830 quosque
2476 1775 2569 1814 me
2628 1757 2817 1814 sentio
2865 1757 3081 1828 dicere,
3113 1761 3395 1813 aeternum
3445 1773 3635 1825 serva,
3667 1774 3811 1814 con-

2150 1847 2338 1898 serva,
2371 1831 2638 1887 defende.

1151 2147 1502 2278 ΤΟΥ
1614 2146 2200 2278 ΑΥΤΟΥ
2252 2143 3038 2297 ,ΨΕΛΛΟΥ

2001 2383 2190 2444 TINA

773 2564 1076 2659 ΠΕΡΙ
1159 2564 1838 2662 ΔΑΙΜΟΝΩΝ
1925 2564 2723 2662 ΔΟΞΑΖΟΥΣΙΝ
2810 2565 3390 2660 ΕΛΛΗΝΕΣ

1373 2920 2136 3045 EJUSDEM
2226 2920 2815 3044 PSELLI

964 3145 1321 3219 QUAENAM
1365 3147 1573 3211 SUNT
1619 3147 2070 3210 GRIECORUM
2117 3147 2538 3208 OPlNlONES
2583 3147 2686 3207 DE
2730 3144 3244 3209 DEMONIBUS.

459 3497 511 3550 1.
562 3494 775 3552 Nostra
805 3493 1045 3566 quidem
1091 3490 1360 3548 doctrina
1399 3488 1760 3546 voluntatem
1812 3485 2034 3560 angelis

2220 3486 2285 3541 α’.
2343 3487 2402 3543 '0
2467 3487 2560 3559 μὲν
2616 3487 2883 3563 ἡμέτερος
2948 3488 3110 3565 λόγος
3154 3486 3499 3565 «pampini;
3549 3486 3639 3542 καὶ
3689 3492 3809 3549 τοῖς

384 3584 653 3640 tribuens
685 3598 904 3653 eosque
948 3582 1018 3636 ad
1077 3579 1380 3635 meliorem
1420 3577 1864 3633 inclinationem
1910 3591 2042 3630 ver-

392 3679 595 3746 gentes
625 3670 914 3733 indicans,
951 3687 1066 3724 non
1099 3674 1296 3724 tamen
1329 3685 1426 3723 eos
1459 3667 1706 3739 perjoris
1735 3667 2043 3737 incapaees

396 3763 661 3827 credens,
695 3761 829 3815 inde
861 3761 934 3814 ab
966 3757 1227 3830 angelico
1259 3758 1461 3812 ordine
1503 3755 1781 3811 cecidisse
1826 3756 2042 3809 daemo-

397 3866 504 3907 nes
535 3851 904 3906 demonstrat
933 3853 990 3903 et
1022 3864 1122 3919 pro
1154 3847 1443 3918 cujusque
1479 3845 1684 3900 merito
1735 3850 1792 3899 et
1839 3844 2042 3899 ordine

393 3941 626 3997 ruinam
662 3937 933 3994 subiisse.
979 3937 1311 3993 Graecorum
1363 3952 1494 3990 vero
1545 3933 1814 3989 doctrina
1861 3935 2038 3988 talem

391 4029 831 4085 inclinationem
869 4025 1096 4081 naturis
1130 4040 1368 4097 corpore
1394 4023 1728 4079 carentibus
1750 4023 2037 4092 abnuens,

390 4121 524 4188 post
555 4115 845 4170 mundum
877 4113 1209 4185 angelicum
1258 4113 1589 4166 daemonum
1645 4111 1880 4166 ordines
1910 4127 2037 4166 esse

388 4204 689 4276 supponit.
723 4207 790 4257 Et
821 4202 966 4256 alios
997 4202 1235 4272 quidem
1268 4217 1398 4256 esse
1446 4200 1842 4271 intelligentes
1873 4200 2034 4267 dicit,

384 4292 530 4349 alios
563 4295 754 4347 mente
784 4295 841 4345 et
871 4289 1096 4344 ratione
1128 4294 1424 4358 constare,
1467 4289 1612 4343 alios
1645 4288 1870 4343 ratione
1901 4294 2034 4343 tan--

384 4388 530 4449 tum;
565 4380 662 4436 alii
698 4395 830 4434 vero
861 4396 978 4433 una
1009 4394 1142 4432 cum
1177 4377 1402 4433 ratione
1435 4376 1771 4433 irrationale
1800 4393 2034 4448 quoque

381 4471 574 4527 sortiti
608 4471 769 4535 sunt;
804 4465 1039 4522 ultimos
1072 4483 1205 4521 vero
1256 4482 1324 4521 ex
1373 4466 1741 4520 daemonibus
1785 4469 1842 4520 et
1890 4465 2033 4520 irra-

379 4559 598 4614 tionale
631 4556 821 4612 solum
878 4554 1130 4626 projicit,
1164 4571 1314 4626 quos
1346 4555 1677 4610 materiales
1727 4559 1783 4609 et
1830 4571 2032 4625 pmnas

379 4648 715 4720 inﬂigentes
745 4645 1029 4700 nominat.
1057 4643 1339 4699 Mundum
1375 4644 1527 4699 inter
1561 4643 1689 4698 illos
1721 4642 1927 4698 dividit
1952 4644 2032 4699 ita

375 4745 442 4795 ut
474 4755 576 4810 per
607 4735 738 4792 illos
769 4734 1025 4791 calorem
1057 4737 1115 4787 et
1145 4749 1336 4787 aerem
1387 4733 1622 4787 vitalem
1655 4732 1928 4802 accipiat.
1963 4733 2032 4788 Et

373 4830 506 4886 aliis
540 4826 781 4899 quidem
813 4826 1031 4894 ignem,
1061 4821 1192 4876 aliis
1225 4837 1437 4890 aerem,
1463 4816 1593 4876 aliis
1625 4837 1860 4892 aquam,
1897 4822 2029 4878 aliis

373 4926 591 4975 terram
623 4913 896 4984 subjicit;
930 4912 1218 4982 quosdam
1252 4927 1385 4965 vero
1418 4909 1720 4964 climatum
1755 4911 2030 4982 praesides

2148 4915 2464 4985 ζωπυρῆται
2513 4909 2602 4966 καὶ
2647 4910 2949 4982 ἐμπνέηται

371 5008 530 5073 facit,
547 5010 604 5060 et
625 5002 771 5058 alios
793 5015 1102 5071 corporum
1125 5002 1348 5054 tutores
1372 5003 1428 5054 et
1452 4999 1707 5053 materie
1730 5002 2024 5057 custodes.

371 5096 651 5150 Invadere
681 5095 875 5146 autem
898 5105 996 5144 eos
1021 5089 1228 5142 dicunt
1250 5090 1480 5142 animas
1506 5094 1726 5154 notras,
1755 5106 1866 5143 non
1894 5105 2025 5160 pro-

371 5188 499 5253 pter
521 5181 815 5254 quoddam
836 5178 896 5233 in
922 5194 1030 5234 nos
1049 5177 1250 5232 odium
1275 5182 1378 5232 aut
1401 5178 1620 5232 malam
1640 5176 2023 5246 voluntatem,

371 5273 472 5327 sed
517 5277 582 5325 ut
629 5286 728 5325 eas
760 5268 832 5324 ob
882 5265 1144 5323 admissa
1197 5271 1436 5337 peccata
1479 5267 1750 5338 puniant.
1785 5267 2025 5323 Addunt

370 5378 468 5416 eos
500 5360 570 5414 ad
605 5357 908 5414 materiam
943 5356 1174 5411 animas
1207 5357 1461 5420 trahere,
1487 5373 1599 5411 non
1635 5355 1752 5411 illis
1775 5357 2022 5412 nocendi

368 5465 570 5516 causa,
603 5447 701 5502 sed
736 5450 800 5500 ut
831 5460 1032 5500 earum
1066 5443 1367 5515 turpitudo
1391 5461 1494 5516 per
1525 5461 1694 5500 suam
1727 5460 1862 5500 cum
1895 5462 2018 5501 ma-

365 5537 511 5592 teria
539 5536 882 5591 relationem
912 5534 1209 5603 figuretur.
1235 5535 1380 5588 Iram
1408 5539 1603 5589 autem
1629 5539 1682 5589 et
1706 5532 2017 5605 impuden-

363 5625 508 5680 tiam
542 5624 658 5679 illis
681 5623 975 5689 tribuunt,
997 5622 1375 5694 utleopardis
1401 5629 1457 5678 et
1489 5622 1780 5688 leonibus,
1805 5639 2018 5694 eosque

363 5713 707 5786 corporibus
731 5709 999 5765 vinciunt
1020 5709 1268 5778 levibus,
1313 5712 1488 5768 aeriis
1511 5714 1568 5767 et
1598 5711 1799 5768 minus
1831 5713 2017 5785 duris,

2153 3573 2413 3650 ἀγγέλοις
2475 3571 2681 3644 διδοὺς,
2721 3576 2811 3630 καὶ
2864 3577 3001 3651 πρὸς
3044 3578 3144 3647 τὴν
3203 3575 3489 3653 κρείττονα
3542 3577 3634 3650 μὶν
3678 3575 3804 3629 τοῦ-

2150 3685 2278 3726 τους
2355 3665 2666 3729 ἀπευθύνων
2747 3665 2945 3740 ῥοπὴν,
3029 3669 3104 3739 μή
3183 3668 3368 3739 μέντοι
3427 3687 3491 3740 γε
3564 3664 3805 3734 καὶτῆς

2153 3753 2402 3828 χείρονος
2477 3751 2857 3816 ἀνεπιδὲκτους
2927 3754 3202 3828 οἰόμενος,
3262 3755 3508 3819 ὶνταῦθεν
3569 3753 3812 3810 ἐκπεσεῖν

2150 3841 2276 3904 τοὺς
2331 3840 2594 3916 δαίμονας
2652 3850 2752 3913 τῆς
2803 3843 3101 3920 ἀγγελικῆς
3166 3845 3366 3915 τάξεως
3426 3843 3807 3920 ἀποφαίνεται,

2149 3932 2263 4004 καὶ,
2321 3933 2462 3986 κακὰ
2519 3932 2579 3986 τὸ
2643 3933 2835 4008 μέτρον
2895 3939 2995 4003 τῆς
3041 3932 3265 3988 ἑκάστου
3299 3933 3448 4004 ἀξίας
3497 3931 3533 4002 ἤ
3583 3934 3807 4004 τάξεως,

2147 4022 2247 4091 τὴν
2275 4027 2478 4076 πτῶσιν
2537 4022 3031 4096 ὑπομεμενηκέναι.
3079 4024 3142 4080 Ὀ
3196 4020 3253 4078 δὶ
3302 4021 3617 4094 ἐλληνικὸς,
3651 4023 3808 4078 ἄναι-

2149 4114 2255 4184 ρῶν
2288 4117 2388 4179 τῆν
2434 4110 2692 4182 τοιαύτην
2749 4110 2922 4187 ῥοπὴν
2959 4110 3046 4167 ἐπὶ
3089 4117 3196 4167 τῶν
3244 4108 3676 4185 ἆπολελυμένων
3707 4117 3806 4167 τοῦ

2147 4198 2399 4270 σώματος
2476 4199 2710 4274 φύσεων,
2788 4202 2924 4272 μετᾶ
2994 4202 3084 4256 τὸν
3150 4199 3444 4277 ἀγγελικὸν
3505 4197 3802 4272 διάκοσμον

2143 4289 2239 4349 τὰς
2291 4285 2576 4360 δαιμονίας
2619 4289 2791 4360 τάξεις
2844 4289 3118 4367 ὑφίστησι,
3175 4297 3274 4345 an
3325 4290 3423 4352 τὰς
3477 4291 3571 4362 μὶν
3626 4289 3801 4343 αὐτῶν

2144 4377 2336 4452 νοερᾶς
2365 4379 2711 4448 τίθεναι,τὰς
2752 4376 2809 4434 δὲ
2856 4381 2992 4434 κατά
3042 4383 3163 4434 νοῦν
3203 4377 3239 4450 ἥ
3287 4379 3450 4455 λόγον
3484 4379 3797 4443 οὖσιῶσθαι,

2141 4467 2239 4528 τὰς
2291 4464 2348 4521 δὲ
2393 4469 2530 4522 κατὰ
2578 4465 2741 4544 λόγον
2791 4463 3011 4531 αόνωςο
3064 4473 3182 4531 ταῖς
3235 4465 3292 4523 δὲ
3342 4467 3476 4538 πρὸς
3522 4469 3599 4536 τῷ
3647 4462 3796 4538 λόγῳ

2144 4553 2579 4630 συγκατακληροὶ
2639 4557 2729 4610 καὶ
2777 4557 2840 4611 τὸ
2913 4554 3118 4632 ἄλογον
3153 4576 3166 4590 ·
3226 4555 3352 4617 τοὺς
3411 4552 3468 4608 δὲ
3525 4551 3793 4627 ἐσχάτους

2139 4647 2246 4697 τῶν
2306 4641 2581 4716 δαιμόνων
2647 4644 2722 4707 εἷς
2783 4643 3010 4720 ἀλογίαν
3069 4647 3240 4719 μόνην
3298 4641 3647 4718 ἂποῤῥιπτεῖ,
3704 4638 3798 4704 οὓς

2143 4729 2208 4800 δὴ
2265 4731 2353 4786 καὶ
2409 4730 2631 4794 ὑλαίους
2681 4731 2772 4788 καί
2832 4733 3121 4796 ποιναίους
3189 4731 3574 4806 κατονομάζει.
3636 4731 3795 4785 Ἐπι-

2145 4819 2344 4894 διαιρεῖ
2392 4818 2449 4875 δὲ
2519 4821 2705 4885 αὐτοῖς
2779 4822 2878 4891 τὴν
2956 4821 3149 4889 κτίσιν,
3223 4820 3317 4876 ’ἱνα
3378 4821 3504 4896 παρ’
3579 4818 3796 4874 ἱκείνων

3003 4931 3016 4944 ⁸
3071 4913 3157 4966 καὶ
3217 4917 3336 4973 τοῖς
3399 4911 3494 4984 μὲν
3544 4910 3608 4964 τὸ
3665 4912 3795 4982 πῦρ,

2139 5005 2254 5060 τοῖς
2305 4997 2361 5054 δὲ
2403 5001 2494 5054 τὸν
2537 4999 2686 5071 ἀέρα,
2736 5005 2852 5062 τοῖς
2911 4998 2968 5055 δὲ
3014 5002 3076 5056 τὸ
3123 4997 3293 5076 ὕδωρ,
3323 5004 3442 5061 τοῖς
3475 4996 3533 5054 δὲ
3560 5000 3659 5068 τήν
3691 5000 3794 5072 γῆν

2139 5089 2490 5156 ὑποτιθιησιν⁸
2561 5087 2735 5152 ἰνίους
2808 5087 2865 5144 δὲ
2929 5091 3018 5145 καὶ
3085 5090 3476 5164 κλιματοὶρχας
3530 5093 3795 5159 ποιεῖται⁹

2133 5177 2223 5231 καὶ
2278 5179 2547 5252 σωμάτιον
2599 5177 2812 5252 ἐτέρους
2842 5179 3149 5254 προστάτας
3199 5179 3290 5234 καὶ
3337 5177 3476 5248 ὕλης
3519 5176 3792 5242 φῦΛακας.

2133 5267 2454 5340 Ἐμπίπτειν
2505 5265 2562 5322 δὲ
2608 5267 2834 5330 τούτους
2883 5270 3011 5347 φασὶ
3068 5273 3189 5332 ταῖς
3235 5265 3531 5341 ἡμετέραις
3579 5269 3797 5342 ψυχαῖς

2133 5355 2194 5410 οὐ
2249 5354 2338 5411 διὰ
2401 5357 2804 5433 μισανθρωπίαν
2866 5379 2923 5413 τε
2986 5357 3077 5413 καὶ
3139 5355 3477 5429 δυσμένειαν,
3542 5352 3670 5410 ἀλλ’
3722 5353 3797 5415 ὡς

2130 5443 2402 5506 κολαστὰς
2461 5446 2533 5499 ὧν
2584 5448 2933 5522 ἡμαρτήκασι
2969 5466 2980 5478 ’
3033 5445 3122 5500 καὶ
3171 5449 3448 5514 κατασπᾷν
3499 5443 3636 5518 πρὸς
3681 5443 3782 5510 τὴν

2130 5533 2291 5605 ὕλην,
2325 5534 2387 5588 οὗ
2436 5535 2703 5609 λογισμὸν
2759 5530 2986 5612 ἔχοντας
3036 5535 3235 5596 ταύτας
3283 5537 3504 5602 κακοῦν,
3545 5530 3674 5588 ἀλλ’
3709 5528 3798 5585 i'va

2127 5624 2188 5678 τὸ
2244 5624 2437 5699 αἶσχος
2488 5623 2706 5679 ἐκείνων
2773 5630 3044 5702 μορφοῖτο
3099 5622 3190 5678 διὰ
3237 5630 3337 5694 τῆς
3389 5621 3596 5676 τούτων
3656 5619 3797 5695 πρὸς

2128 5711 2296 5782 αὐτὴν
2350 5713 2612 5788 σχέσεως.
2698 5714 2798 5770 Τὸν
2882 5711 2940 5769 δὲ
3015 5713 3187 5786 θυμὸν
3264 5711 3484 5773 τούτοις
3552 5709 3643 5766 καὶ
3692 5711 3795 5780 τήν
