4100 6396
373 420 492 478 879

1712 413 2135 478 MICHAELIS
2180 411 2448 474 PSELLl

3679 413 3803 476 880

378 549 615 605 Bacchae
684 554 742 606 et
800 549 1214 618 Mimallones,
1291 555 1350 606 et
1425 550 1665 622 quidam
1744 562 2025 604 resonans

2142 543 2232 598 καὶ
2265 544 2316 598 οἱ
2350 544 2764 620 μητριάζοντες,
2819 541 3122 607 Κλώδωνές
3167 565 3225 600 τε
3273 543 3362 600 καὶ
3415 541 3806 619 Μιμαλλόνες,

377 639 538 694 lebes
595 639 982 710 Thesprotius
1053 643 1111 695 et
1180 639 1536 695 Dodonaeum
1595 639 1894 703 ahenum;
1975 639 2032 690 et

379 727 634 799 Corybas
683 726 836 782 alius
891 733 947 783 et
1003 728 1182 784 Cures
1243 727 1429 799 alter,
1490 728 1826 782 daemonum
1899 723 2028 778 imi-

380 821 679 872 tamenta.
741 821 877 873 Post
935 818 1133 873 Baubo
1193 835 1364 872 crura
1420 818 1696 888 detegens
1753 820 1809 869 et
1863 811 2028 868 femi-

383 923 560 961 neum
607 906 850 976 inguen;
897 907 982 962 sic
1033 906 1189 962 enim
1243 908 1524 978 pudorem
1575 904 1883 960 nominant
1931 902 2029 958 de-

383 996 590 1051 decore
646 995 876 1062 aflecti;
937 1001 994 1051 et
1025 996 1108 1052 sic
1163 997 1221 1050 in
1285 993 1650 1066 turpitudine
1685 991 2030 1066 mysterium

383 1083 740 1138 dissolvunt.

453 1191 506 1244 4.
540 1192 1052 1246 Incantamentum
1104 1195 1300 1247 autem
1360 1208 1456 1246 ars
1513 1194 1604 1246 est
1662 1189 1830 1245 vanis
1879 1189 2034 1244 circa

383 1280 713 1334 materiales
743 1284 800 1334 et
833 1285 1140 1336 terrestres
1169 1281 1465 1335 daemones
1509 1278 2032 1350 imaginationibus

378 1367 716 1439 indulgens,
769 1377 825 1423 et
878 1384 1078 1423 eorum
1126 1369 1562 1440 inspectoribus
1611 1368 1854 1422 umbras
1905 1372 2031 1421 tum

379 1471 447 1510 ex
477 1456 682 1511 inferis
737 1457 1037 1512 adducens
1092 1461 1218 1512 tum
1278 1474 1346 1512 ex
1388 1457 1507 1512 alto
1559 1457 1856 1512 deducens
1905 1471 2031 1510 eas-

381 1561 493 1616 que
553 1545 776 1600 noxias.
832 1545 898 1600 Et
955 1546 1225 1616 quaedam
1284 1562 1564 1617 corporea
1614 1545 2033 1616 phantasmata

381 1651 480 1690 eas
546 1634 1084 1705 contemplantibus
1134 1635 1438 1706 supponit.
1493 1640 1557 1688 Et
1607 1634 1740 1689 aliis
1791 1634 2030 1704 quidem

382 1722 578 1778 ﬂuxus
615 1723 845 1794 aliquos
896 1723 1031 1778 inde
1087 1724 1444 1779 fluctuantes
1477 1723 1682 1786 mittit,
1715 1721 1849 1777 aliis
1899 1738 2031 1777 vero

380 1811 747 1867 vinculorum
779 1811 1132 1867 solutionem
1175 1817 1232 1867 et
1282 1811 1523 1867 delicias
1567 1816 1624 1867 et
1675 1811 1894 1882 gratias
1923 1828 2029 1865 an-

382 1900 638 1956 nuntiat.
673 1899 790 1955 IIas
820 1906 1015 1956 autem
1065 1901 1360 1973 potentias
1409 1906 1614 1956 evocat
1664 1900 2029 1956 carminibus
2059 1919 2108 1984 B

384 1990 668 2061 repetitis.

450 2081 504 2134 5.
539 2079 747 2151 Magna
779 2083 974 2135 autem
1008 2079 1226 2135 Graecis
1277 2080 1582 2135 videbatur
1632 2079 1878 2135 multam
1911 2080 2027 2134 vim

379 2167 615 2224 habere.
648 2169 788 2224 Eam
823 2168 1092 2225 ultimam
1126 2169 1494 2226 medicinalis
1521 2170 1777 2226 scientiae
1802 2175 2026 2241 partem

375 2274 506 2313 esse
537 2257 758 2312 dicunt.
794 2259 1165 2330 Investigans
1195 2259 1353 2314 enim
1411 2259 1682 2314 omnium
1737 2257 2026 2314 subluna-

378 2346 530 2401 rium
585 2347 1054 2403 substantiarum
1105 2351 1162 2403 et
1211 2352 1483 2403 naturam
1541 2353 1600 2402 et
1656 2346 2027 2418 qualitatem,

375 2433 802 2490 elementorum
861 2451 1071 2507 nempe
1115 2453 1436 2507 eorumque
1485 2435 1766 2507 partium,
1801 2437 2028 2491 anima-

373 2522 522 2578 lium
581 2525 1028 2594 quorumlibet,
1089 2525 1426 2596 plantarum
1506 2540 1830 2595 earumque
1908 2525 2027 2579 fru-

379 2617 621 2682 ctuum,
654 2613 944 2684 lapidum,
997 2612 1339 2684 herbarum,
1391 2617 1448 2668 et
1507 2630 1622 2667 uno
1682 2613 1856 2667 verbo
1905 2628 2028 2668 om-

380 2701 547 2756 nium
627 2717 822 2756 rerum
901 2702 1299 2757 substantiam
1355 2707 1409 2757 et
1468 2701 1826 2773 potentiam,
1894 2702 2032 2758 inde

381 2808 489 2846 sua
545 2796 841 2863 operatur.
901 2791 1341 2848 Oblectamenta
1386 2793 1659 2864 proponit
1714 2792 2029 2848 sanitatem

380 2879 732 2948 efficientia,
791 2880 1135 2952 speciesque
1211 2881 1642 2936 diversissimas
1722 2881 2030 2953 producit,

380 2969 438 3020 et
495 2965 610 3021 alia
688 2966 1117 3022 medicamenta
1194 2969 1464 3023 morbum
1539 2969 1888 3024 efficientia.
1955 2973 2029 3025 Α-

379 3053 556 3126 quila:
619 3059 680 3112 et
745 3056 1029 3112 dracones
1120 3056 1325 3112 efﬁcax
1389 3056 1509 3113 illis
1575 3064 1744 3113 erant
1804 3059 1875 3113 ad
1929 3075 2030 3114 sa-

378 3144 623 3199 nitatem
715 3146 1031 3217 sumptio;
1123 3145 1261 3202 feles
1327 3150 1524 3202 autem
1593 3151 1650 3202 et
1725 3164 1902 3202 canes
1973 3151 2030 3203 et

377 3233 530 3289 corvi
589 3233 800 3305 vigiliae
868 3233 1153 3306 symbola.
1205 3239 1346 3290 Cera
1410 3253 1542 3292 vero
1601 3241 1657 3290 et
1717 3237 1903 3292 lutum
1962 3237 2023 3292 in

2138 633 2226 686 καί
2289 654 2375 696 τις
2433 635 2594 709 ἠχῶν
2652 629 2821 704 λέϐης
2880 635 3280 708 Θεσπρώτειος,
3336 635 3425 688 καὶ
3476 631 3802 689 Δωδωναῖον

2140 718 2425 795 χαλκεῖον·
2481 721 2570 776 καὶ
2622 716 2874 798 Κορύϐας
2933 720 3128 794 ἄλλος,
3179 723 3271 777 καὶ
3321 721 3536 798 Κούρης
3594 719 3805 798 ἕτερος,

2143 807 2418 883 δαιμόνων
2450 813 2768 883 μιμήματα.
2813 812 2930 889 Ἐφ’
2977 813 3060 872 οἷς
3103 814 3138 880 ἡ
3186 806 3378 866 Βαυϐὼ
3422 811 3553 872 τοὺς
3587 810 3803 887 μηροὺς

2142 898 2561 975 ἀνασυραμένη,
2620 899 2709 954 καὶ
2769 901 2798 954 ὁ
2854 905 3159 972 γυναικεῖος
3218 900 3402 961 κτείς·
3492 899 3638 954 οὕτω
3696 900 3800 974 γὰρ

2143 986 2468 1060 ὀνομάζουσι
2489 989 2591 1058 τήν
2622 985 2760 1043 αίδῶ
2791 987 3199 1064 αἰσχυνόμενοι.
3235 988 3332 1044 Καὶ
3363 987 3536 1051 οὕτως
3595 988 3646 1043 ἓν
3679 988 3799 1043 αἷσ-

2143 1081 2267 1150 χρῷ
2296 1077 2393 1144 τήν
2425 1075 2648 1146 τελετὴν
2681 1076 3062 1133 καταλύουσιν.

2215 1180 2277 1240 δ’.
2325 1184 2388 1240 Ἡ
2436 1182 2659 1260 γοητεία
2690 1180 2747 1238 δὲ
2776 1182 2886 1238 ἐστι
2917 1184 3086 1259 τέχνη
3120 1203 3204 1246 τις
3237 1182 3361 1258 περὶ
3399 1183 3529 1248 τοὺς
3573 1181 3802 1246 ὶνύλους

2141 1273 2231 1327 καὶ
2290 1273 2547 1348 χθονίους
2604 1270 2869 1346 δαίμονας
2935 1277 3480 1350 φαντασιοσκοποῦσα
3533 1278 3652 1335 τοῖς
3711 1273 3801 1328 ἐπ-

2144 1361 2334 1424 όπταις
2392 1361 2461 1416 τὰ
2514 1360 2722 1416 τούτων
2782 1359 2984 1416 εἷ’δωλα
3035 1360 3127 1415 καὶ
3173 1363 3301 1422 τοὺς
3356 1361 3450 1433 μὶν
3502 1362 3685 1437 ὥσπερ
3747 1361 3802 1432 ἐξ

2143 1447 2276 1521 ᾇδου
2341 1449 2633 1525 ἀνάγουσα,
2706 1448 2833 1512 τοὺς
2908 1447 2966 1504 δὲ
3046 1450 3238 1522 ὑψόθεν
3311 1446 3641 1526 κατάγουσα,
3709 1448 3804 1504 καὶ

2141 1539 2367 1601 τούτους
2409 1537 2744 1601 κατωτικούς
2783 1581 2796 1594 .
2848 1538 2949 1595 Καὶ
3031 1534 3293 1593 εἰδωλικά
3351 1537 3482 1595 ἅττα
3544 1536 3800 1612 ὑφίστησι

2143 1629 2495 1706 φαντάσματα
2543 1634 2663 1690 τοῖς
2722 1630 2952 1705 θεωροῖς
3009 1632 3116 1682 τῶν
3177 1625 3466 1683 τοιούτων.
3524 1627 3624 1682 Καὶ
3682 1632 3806 1690 τοῖς

2146 1718 2243 1790 μὶτ
2324 1718 2566 1794 ῥεύματα
2645 1738 2765 1772 τινα
2841 1717 3040 1781 ἐκεῖθεν
3101 1715 3438 1790 κυμαίνοντα
3499 1715 3808 1794 ἐπαφίησι·

2138 1812 2256 1871 τοῖς
2313 1804 2370 1862 δὶ
2439 1805 2651 1880 δεσμῶν
2731 1806 2936 1868 ἀνέσεις
2993 1806 3083 1861 καὶ
3152 1805 3359 1884 τρυφὰς
3418 1804 3508 1860 καὶ
3568 1804 3801 1882 χάριτας

2139 1894 2554 1972 ἐπαγγέλλεται.
2591 1895 2881 1972 Ἐπάγεται
2914 1893 2970 1951 δὶ
2999 1897 3093 1960 τὰς
3121 1895 3374 1960 τοιαύτας
3405 1892 3662 1968 δυνάμεις
3707 1894 3799 1950 καὶ

2138 1982 2338 2058 ᾅσμασι
2369 1985 2458 2040 καὶ
2489 1983 2812 2058 ἐπᾴσμασιν.

2211 2076 2267 2132 ε’.
2327 2077 2390 2132 Ἠ
2424 2072 2482 2130 δέ
2525 2097 2586 2149 γε
2637 2075 2834 2150 μαγεία
2877 2072 3263 2145 πολυδύναμόν
3317 2096 3368 2129 τι
3429 2081 3628 2150 χρῆμα
3677 2080 3796 2139 τοῖς

2137 2161 2410 2234 ’Έλλησιν
2475 2161 2660 2234 ἔδοξε.
2723 2161 2933 2238 Μερίδα
2988 2167 3116 2239 γοῦν
3181 2163 3316 2218 εἶναι
3368 2163 3569 2234 ταύτην
3633 2165 3793 2239 φασὶν

2140 2252 2375 2328 ἐσχάτην
2452 2259 2552 2322 τῆς
2625 2253 2902 2326 ἱερατικῆς
2972 2250 3322 2324 ἐπιστήμης.
3401 2252 3800 2328 Ἀνιχνεύουσα

2138 2344 2243 2419 γὰρ
2289 2347 2397 2396 ⁸τῶν
2447 2343 2548 2397 ὑπὸ
2597 2343 2698 2411 τήν
2744 2339 2980 2412 σελήνην
3033 2343 3249 2395 πάντων
3321 2345 3419 2412 τήν
3479 2362 3538 2397 τε
3604 2343 3796 2398 οὐσίαν

2138 2430 2228 2486 καὶ
2279 2431 2437 2508 φύσιν
2486 2431 2576 2485 καὶ
2611 2427 2839 2503 δύναμιν
2894 2430 2982 2485 καὶ
3017 2429 3310 2500 ποιότητα,
3360 2427 3509 2506 λέγω
3542 2427 3600 2486 δὲ
3647 2453 3800 2486 στοι-

2142 2521 2306 2595 χείων
2359 2520 2449 2574 καὶ
2479 2524 2587 2574 τῶν
2619 2518 2826 2574 τούτων
2862 2523 3061 2593 μερῶν,
3110 2521 3264 2588 ζώων
3295 2540 3353 2574 τε
3405 2517 3799 2591 παντοδαπῶν,

2142 2614 2320 2685 φυτῶν
2361 2609 2450 2663 καὶ
2499 2613 2604 2663 τῶν
2653 2607 2890 2672 ἐντεῦθεν
2939 2613 3160 2686 καρπῶν
3191 2655 3205 2679 ,
3262 2607 3472 2679 λίθων,
3533 2610 3800 2686 βοτανῶν,

2140 2698 2230 2752 καὶ
2262 2696 2453 2758 ἁπλῶς
2495 2697 2685 2767 εἰπεῖν,
2745 2698 2944 2761 παντὸς
3001 2697 3325 2773 πράγματος
3387 2698 3677 2754 ὑπόστασίν
3739 2718 3801 2752 τε

2140 2786 2229 2840 καὶ
2290 2783 2516 2858 δύναμιν
2555 2829 2569 2855 ,
2631 2784 2870 2840 ἐντεῦθεν
2953 2788 3055 2863 ἄρα
3110 2788 3178 2842 τὰ
3238 2788 3430 2857 ἑαυτῆς
3492 2786 3794 2864 ἰργάζεται.

2141 2873 2460 2950 Ἀγάλματά
2511 2895 2570 2930 τε
2618 2875 2906 2954 ύφίστησιν
2967 2875 3151 2952 ὑγείας
3213 2879 3607 2950 περιποιητικὰ
3639 2921 3654 2948 ,
3703 2878 3794 2932 καὶ

2140 2968 2402 3042 σχήματα
2476 2972 2712 3021 ποιεῖται
2789 2964 3130 3039 παντοδαπὰ,
3202 2967 3293 3021 καὶ
3368 2969 3633 3023 νοσοποιὰ
3692 2965 3792 3039 δη-

2144 3058 2531 3131 μιουργήματα
2587 3053 2771 3131 ἕτερα.
2831 3056 2929 3110 Καὶ
2991 3055 3138 3110 ἀετοὶ
3200 3055 3294 3129 μὶν
3353 3057 3443 3111 καὶ
3498 3053 3793 3132 δράκοντες

2143 3145 2412 3221 βιώσιμος
2450 3144 2636 3209 αὐτοῖς
2664 3144 2800 3220 πρὸς
2845 3142 3024 3220 ὑγείαν
3089 3144 3364 3210 ὑπόθεσις·
3427 3144 3678 3220 αἶ’λουροι
3734 3142 3794 3201 δὶ

2140 3237 2230 3288 καί
2261 3233 2411 3298 κύνες
2439 3235 2528 3288 καὶ
2559 3233 2784 3308 κόρακες
2841 3233 3217 3308 ἀγρυπνητικᾶ
3275 3229 3552 3308 σύμϐολα.
3614 3236 3795 3308 Κηρὸς

377 3286 792 3378 magis
840 3286 2025 3399 οξηᾘέιῖᾼᾏειὲζῖάιιὶὸὲὶηὲιὶυέιῖ’Ἇρρὲιῖ

2341 3286 2409 3298 νη
2442 3286 2524 3288 ν
3614 3286 3793 3308 ηπ-.

2147 3320 2203 3378 δὶ
2233 3323 2321 3378 καὶ
2353 3322 2533 3393 πηλὸς
2564 3323 2639 3385 εἷς
2670 3323 2766 3385 τάς
2795 3327 2902 3377 τῶν
2957 3323 3162 3397 μορίων
3225 3323 3563 3396 συμπλάσεις
3621 3344 3794 3399 παρα-

381 3428 507 3468 rere
572 3413 748 3468 etiam
818 3413 958 3468 facit
1012 3413 1168 3485 ignis
1235 3413 1490 3470 ccelestis
1555 3415 1906 3470 editionem.
1966 3417 2036 3471 Et

383 3505 594 3572 sponte
655 3501 966 3556 subrident
1037 3507 1246 3558 statua:
1308 3511 1362 3558 et
1420 3503 1612 3559 subito
1682 3504 1816 3576 igne
1883 3503 2035 3559 lam-

386 3590 568 3661 pades
612 3589 1035 3644 accenduntur.
1076 3590 1501 3662 Complectitur
1559 3609 1796 3664 quoque
1851 3597 2034 3649 totam

387 3678 807 3734 astronomiam
867 3683 924 3734 et
972 3678 1161 3734 multa
1230 3696 1332 3751 per
1408 3695 1535 3735 eam
1596 3686 1654 3736 et
1724 3685 1914 3753 potest
1981 3687 2038 3738 et

387 3767 634 3838 perficit.

450 3875 504 3930 6.
539 3875 747 3943 Omen,
781 3879 846 3930 ut
875 3874 1030 3932 istud
1085 3891 1297 3932 nomen
1353 3875 1594 3944 indicat,
1629 3880 1719 3933 est
1743 3877 2032 3934 malorum

379 3963 717 4020 daemonum
753 3964 1064 4020 invocatio.
1101 3963 1190 4019 Fit
1244 3969 1440 4020 autem
1501 3983 1635 4021 cum
1678 3966 1762 4022 sol
1805 3968 1876 4022 ad
1912 3985 2030 4024 me-

376 4053 583 4110 ridiem
618 4059 880 4109 reccnter
910 4071 1116 4110 versus
1147 4059 1258 4121 est,
1295 4055 1450 4110 diem
1485 4056 1782 4126 minuens,
1809 4063 2031 4114 noctem

377 4158 510 4198 vero
565 4143 887 4214 adaugens.
948 4143 1280 4213 Opinantur
1337 4145 1494 4200 enim
1557 4145 1738 4200 Graeci
1799 4147 2030 4203 nullum

376 4231 772 4288 materialium
813 4233 1146 4288 daemonum
1204 4233 1348 4290 solis
1406 4235 1600 4290 radios
1635 4237 1783 4291 bono
1832 4237 2030 4292 animo

380 4320 614 4376 habere.
674 4321 813 4376 Inde
873 4321 1044 4376 nobis
1103 4328 1275 4377 noctu
1336 4323 1585 4379 insidias
1634 4329 1896 4393 struunt,
1937 4326 2030 4382 die

371 4407 641 4463 insidiari
677 4425 791 4464 non
824 4409 1102 4464 valentes.
1129 4411 1370 4474 Quando
1399 4411 1576 4483 igitur
1606 4412 1806 4468 lumen
1840 4413 2028 4486 magis

368 4497 833 4568 septentrionale
916 4503 1026 4565 est,
1078 4515 1186 4554 sua
1262 4501 1490 4572 cperari
1558 4509 1882 4573 nequeunt,
1971 4508 2029 4560 et

369 4588 605 4658 quando
637 4587 707 4641 ad
761 4588 1067 4644 meridiem
1116 4587 1360 4643 vertitur
1392 4595 1449 4644 et
1481 4591 1543 4643 lit
1574 4590 1745 4662 quasi
1803 4593 2024 4649 demis-

2147 3406 2542 3484 λαμϐάνονται.
2580 3411 2846 3480 Φαντάζει
2875 3408 2932 3466 δὲ
2963 3410 3239 3476 πολλάκις
3272 3410 3360 3466 καί
3408 3412 3581 3487 πυρὸς
3633 3412 3800 3487 ούρα-

2144 3500 2261 3554 νίου
2293 3497 2553 3561 ἐκδόσεις.
2614 3501 2720 3556 Καὶ
2781 3497 3061 3574 διαμειδιᾷ
3119 3501 3214 3574 μὶν
3274 3499 3353 3578 ἐφ’
3387 3501 3588 3556 ἒαυτῶν
3621 3499 3792 3576 ἀγάλ-

2150 3610 2291 3663 ματα
2325 3633 2338 3659 ,
2408 3589 2539 3665 πυρὶ
2599 3587 2657 3644 δὲ
2717 3588 3010 3662 αὐτομάτῳ
3067 3587 3352 3662 λαμπάδες
3423 3589 3794 3647 ἀνάπτονται.

2146 3678 2508 3754 Ιῐεριίζωσται
2543 3675 2599 3734 δὶ
2625 3679 2716 3733 καὶ
2763 3680 2864 3748 τὴν
2920 3679 3284 3753 ἀστρονομίαν
3337 3679 3646 3753 σύμπασαν,
3708 3679 3799 3734 καὶ

2145 3764 2446 3823 πολλὰδιά
2473 3766 2674 3838 ταύτης
2705 3766 2794 3820 καὶ
2830 3763 3049 3821 δύναται
3079 3766 3169 3821 καὶ
3202 3765 3480 3825 ἀποτελεῖ.

2216 3877 2279 3940 ς’.
2332 3871 2557 3950 Κλῃδὼν
2627 3871 2684 3930 δὲ
2742 3873 2852 3930 ἔστι
2911 3872 3188 3948 δαιμόνων
3241 3880 3525 3952 πονηρῶν,
3582 3876 3657 3939 ὡς
3705 3876 3801 3931 καὶ

2143 3966 2276 4020 αὐτο
2323 3961 2492 4035 δηλοῖ
2539 3961 2786 4038 τοῦνομα
2842 3962 3202 4040 πρόσκλησις.
3256 3964 3509 4021 Τελεῖται
3569 3962 3627 4020 δὲ
3680 3967 3802 4040 ἄρτι

2140 4056 2479 4130 τρεπομένου
2534 4052 2671 4124 πρὸς
2735 4055 2888 4108 νότον
2949 4051 3152 4124 ἡλίου,
3209 4053 3299 4108 καὶ
3361 4059 3642 4128 μειοῦντος
3703 4056 3798 4129 μὶν

2141 4145 2371 4219 ἡμέραν,
2430 4145 2528 4213 τήν
2578 4142 2742 4198 νύκτα
2799 4141 2855 4197 δὲ
2906 4142 3250 4214 αὐξάνοντος.
3301 4141 3637 4215 Ἑλληνικῆς
3696 4145 3800 4221 γὰρ

2142 4232 2254 4289 ἆστι
2287 4231 2446 4303 δόξης
2476 4232 2538 4287 τὸ
2573 4229 2778 4305 μηδένα
2824 4237 2930 4288 τῶν
2987 4232 3192 4288 ὶνύλων
3247 4231 3522 4307 δαιμόνων
3581 4233 3798 4311 θαρῥεῖν

2140 4324 2233 4385 τὰς
2263 4327 2357 4376 τοῦ
2398 4320 2565 4391 ἡλίου
2612 4320 2807 4396 αὐγάς.
2857 4327 3047 4386 ’Ένθεν
3096 4342 3182 4376 τοι
3233 4322 3324 4376 καὶ
3375 4322 3796 4396 νυκτιλοχοῦσιν

2138 4415 2298 4485 ἡμῖν,
2363 4409 2536 4487 λοχᾷν
2611 4411 2824 4486 ἡμέρας
2898 4411 2975 4483 μὴ
3034 4409 3394 4486 ἐξισχύοντες.
3450 4415 3560 4468 Τοῦ
3613 4410 3792 4464 τοίνυν

2139 4509 2428 4581 φωστῆρος
2508 4499 2855 4578 βορειοτὲρου
2941 4503 3337 4578 τυγχάνοντος,
3415 4499 3683 4574 μήπάνυ
3737 4519 3791 4552 τι

2137 4590 2426 4666 δυνάμενοι
2485 4592 2552 4646 τα
2607 4592 2808 4646 ἑαυτῶν
2856 4589 3113 4665 ἆνεργεῖν,
3162 4590 3399 4660 ὁπηνίκα
3443 4589 3578 4664 πρὸς
3635 4588 3792 4643 νότον

368 4657 488 4732 sior
517 4677 673 4748 apud
716 4693 822 4732 nos
881 4693 1002 4746 aer,
1053 4683 1192 4732 tunc
1245 4694 1385 4733 suos
1441 4657 1698 4750 impetus
1729 4685 1804 4748 et,
1840 4686 1905 4736 ut
1943 4682 2025 4739 ita

2141 4657 2316 4757 :pan'ﬁ
2346 4679 2436 4736 καὶ
2470 4679 2637 4736 οἱονεὶ
2686 4657 3107 4756 κατηφέστατος.
3135 4680 3162 4734 ὁ
3217 4657 3340 4755 περὶ
3398 4657 3546 4752 ἡμάς
3589 4675 3796 4753 γίνεται

367 4765 561 4821 dicam
595 4765 878 4820 circuitus
931 4783 1052 4821 suae
1111 4765 1351 4821 malitia:
1413 4767 1795 4824 manifestant
1839 4776 1896 4825 et
1930 4770 2022 4826 in-

360 4855 550 4912 vocati
609 4855 1023 4911 invocantibus
1055 4857 1357 4912 obediunt.
1432 4858 1500 4912 Et
1561 4877 1714 4914 nunc
1782 4863 2019 4932 quidem

361 4945 642 5017 mysteria
656 4945 1032 5016 auspicantes
1047 4946 1315 5000 nesciunt
1346 4947 1731 5005 invocationis
1746 4967 2018 5020 carmen;

363 5034 590 5089 utinam
642 5050 948 5105 nunquam
1003 5035 1284 5089 scierint!
1351 5035 1516 5107 Ignes
1568 5053 1700 5093 vero
1759 5041 2014 5111 quodam

359 5121 578 5176 circulo
637 5122 1039 5178 describentes
1099 5139 1166 5177 ex
1225 5121 1463 5178 flamma
1515 5127 1817 5183 exsiliunt.
1880 5134 2016 5185 Erat

360 5207 505 5263 illud
569 5211 824 5282 antiqua:
887 5211 1334 5282 bacchationis,
1395 5229 1467 5268 ne
1523 5215 1714 5271 dicam
1794 5218 2014 5274 furoris

365 5312 522 5367 pars.
555 5297 837 5354 Dicebant
892 5299 1050 5355 enim
1111 5300 1293 5356 Graeci
1345 5307 1485 5356 tunc
1537 5305 1846 5362 manifeste
1878 5323 2012 5363 cum

360 5384 770 5442 invocantibus
829 5387 1251 5446 descendentes
1303 5391 1600 5462 potentias
1658 5397 2009 5465 conversari,

356 5490 490 5527 cum
526 5491 700 5546 supra
735 5482 911 5548 caput
960 5495 1058 5533 aer
1117 5477 1437 5534 nebulosus
1472 5486 1627 5537 esset
1657 5488 1715 5538 et
1745 5501 2008 5542 crassam

359 5561 602 5616 haberet
657 5564 1070 5622 substantiam.
1130 5567 1397 5624 Circulus
1458 5586 1590 5626 vero
1661 5572 1776 5627 vim
1833 5573 2011 5632 habet

356 5649 672 5705 retinendi.
752 5653 1061 5711 [avocatus
1121 5662 1322 5712 autem
1382 5657 1659 5732 dzemon,
1722 5667 2007 5734 tanquam

353 5737 838 5811 circumscriptus
894 5743 1126 5801 videtur
1178 5749 1236 5802 et
1292 5747 1657 5820 continetur,
1717 5758 2004 5824 quantum

2134 4771 2263 4848 ἀήρ,
2293 4774 2589 4842 τηνικαῦτα
2620 4767 3005 4843 προεξάλματά
3034 4789 3152 4824 τινα
3197 4769 3310 4839 καὶ,
3373 4767 3545 4832 οὕτως
3596 4767 3792 4836 εἰπεῖν,

2131 4857 2625 4936 προκυλινδήματα
2680 4864 2778 4928 τῆς
2838 4863 2985 4936 σφῶν
3031 4857 3219 4920 κακίας
3266 4859 3592 4937 ὶμφαίνουσι
3627 4905 3642 4929 ,
3701 4859 3788 4912 καὶ

2129 4949 2462 5022 καλούμενοι
2519 4953 2636 5009 τοῖς
2701 4945 2997 5022 κλήτορσιν
3060 4946 3454 5003 ὑπακούουσιν.
3515 4944 3679 5003 Ἀλλ’
3739 4944 3792 5001 ο⁹ί

2128 5061 2191 5113 γε
2250 5043 2339 5092 νῦν
2416 5043 2516 5106 τῆς
2585 5034 2811 5104 τελετῆς
2890 5035 3324 5111 προεξάρχοντες
3390 5037 3490 5104 τήν
3540 5035 3632 5109 μὶν
3689 5042 3790 5104 τῆς

2125 5127 2376 5198 κλήσεως
2452 5125 2552 5180 ούκ
2636 5121 2807 5178 ἴσασιν
2885 5122 3128 5197 ἐπῳδὴν,
3189 5121 3333 5196 μηδὲ
3382 5122 3578 5179 είδοῖέν
3629 5143 3784 5179 ποτε·

2125 5217 2270 5294 πυρᾶ
2301 5214 2359 5272 δὲ
2406 5212 2593 5271 πολλᾶ
2639 5211 2830 5286 κύκλῳ
2876 5214 2981 5268 τινὶ
3033 5215 3462 5292 περιγράφοντες
3507 5212 3787 5284 ὲξάλονται

2121 5314 2220 5377 τῆς
2252 5304 2484 5384 φλογός.
2523 5305 2625 5360 Ἢν
2673 5300 2730 5358 δὲ
2755 5304 2846 5358 καὶ
2871 5307 3031 5358 τοῦτο
3063 5307 3162 5368 τῆς
3194 5302 3433 5364 παλαιᾶς
3464 5303 3787 5379 βρακχείας,

2116 5395 2209 5451 ’ἱνα
2263 5397 2338 5470 μὴ
2392 5392 2537 5469 λέγω
2588 5392 2782 5466 μανίας
2839 5392 3016 5467 μερίς.
3059 5393 3302 5458 Ἔφασαν
3335 5391 3438 5469 γάρ
3488 5389 3786 5462 Ἓλληνες,

2122 5481 2484 5561 ὁμιχλώδους
2541 5487 2638 5538 τοῦ
2701 5483 2832 5556 ὑπὲρ
2889 5481 3132 5560 κεφαλὴν
3184 5481 3344 5558 ἀέρος
3411 5483 3783 5557 τυγχάνοντος

2119 5575 2208 5630 καί
2257 5578 2491 5648 παχεῖαν
2549 5573 2649 5641 τὴν
2702 5571 2952 5626 σύστασιν
3003 5566 3232 5646 ἔχοντος
3267 5615 3281 5642 ,
3341 5571 3438 5633 τὰς
3486 5571 3782 5633 κατιούσας

2119 5663 2378 5738 δυνάμεις
2459 5659 2770 5738 εἷ’λικρινῶς
2834 5666 2950 5724 τοῖς
3009 5659 3268 5716 καλοῦσιν
3327 5658 3566 5734 ὁμιλεῖν·
3628 5662 3656 5716 ὁ
3717 5657 3777 5716 δέ

2116 5775 2179 5830 γε
2235 5749 2438 5815 κύκλος
2497 5757 2744 5827 κατοχῆς
2786 5748 2904 5825 ἔχει
2961 5745 3212 5824 δύναμιν.
3271 5751 3334 5808 Ὁ
3370 5749 3474 5825 γὰρ
3534 5769 3778 5823 προσκε-
