  <div class='ocr_page' id='page_1' title='image "/cluster/home/n/w/nwhite01/storage/ocr_20150623/122:no.2/coo.31924054870278/448.png"; bbox 0 0 4100 6402; ppageno 0'>
   <div class='ocr_carea' id='block_1_1' title="bbox 308 396 426 460">
    <p class='ocr_par' dir='ltr' id='par_1_1' title="bbox 308 396 426 460">
     <span class='ocr_line' id='line_1_1' title="bbox 308 396 426 460; baseline -0.017 0"><span class='ocrx_word' id='word_1_1' title='bbox 308 396 426 460; x_wconf 81' lang='grc'>881</span> 
     </span>
    </p>
   </div>
   <div class='ocr_carea' id='block_1_2' title="bbox 1698 396 2360 460">
    <p class='ocr_par' dir='ltr' id='par_1_2' title="bbox 1698 396 2360 460">
     <span class='ocr_line' id='line_1_2' title="bbox 1698 396 2360 460; baseline -0.006 0"><span class='ocrx_word' id='word_1_2' title='bbox 1698 399 1800 460; x_wconf 82' lang='lat' dir='ltr'>DE</span> <span class='ocrx_word' id='word_1_3' title='bbox 1845 396 2360 460; x_wconf 61' lang='lat' dir='ltr'>DIEMONIBUS.</span> 
     </span>
    </p>
   </div>
   <div class='ocr_carea' id='block_1_3' title="bbox 3629 396 3749 458">
    <p class='ocr_par' dir='ltr' id='par_1_3' title="bbox 3629 396 3749 458">
     <span class='ocr_line' id='line_1_3' title="bbox 3629 396 3749 458; baseline -0.025 0"><span class='ocrx_word' id='word_1_4' title='bbox 3629 396 3749 458; x_wconf 72' lang='lat'>882</span> 
     </span>
    </p>
   </div>
   <div class='ocr_carea' id='block_1_4' title="bbox 311 524 1992 606">
    <p class='ocr_par' dir='ltr' id='par_1_4' title="bbox 311 524 1978 606">
     <span class='ocr_line' id='line_1_4' title="bbox 311 524 1978 606; baseline 0 -24"><span class='ocrx_word' id='word_1_5' title='bbox 311 526 592 600; x_wconf 77' lang='grc' dir='ltr'>κλημὲνος</span> <span class='ocrx_word' id='word_1_6' title='bbox 649 524 883 602; x_wconf 81' lang='grc' dir='ltr'>δαίμων,</span> <span class='ocrx_word' id='word_1_7' title='bbox 929 526 1095 583; x_wconf 75' lang='grc' dir='ltr'>οἱονεί</span> <span class='ocrx_word' id='word_1_8' title='bbox 1151 548 1272 591; x_wconf 88' lang='grc' dir='ltr'>πως</span> <span class='ocrx_word' id='word_1_9' title='bbox 1326 529 1821 606; x_wconf 82' lang='grc' dir='ltr'>περιγραφόμενος,</span> <span class='ocrx_word' id='word_1_10' title='bbox 1881 549 1978 583; x_wconf 85' lang='grc' dir='ltr'>πε-</span> 
     </span>
    </p>
   </div>
   <div class='ocr_carea' id='block_1_5' title="bbox 2107 524 3753 606">
    <p class='ocr_par' dir='ltr' id='par_1_5' title="bbox 2107 527 3753 602">
     <span class='ocr_line' id='line_1_5' title="bbox 2107 527 3753 602; baseline -0.001 -17"><span class='ocrx_word' id='word_1_11' title='bbox 2107 527 2218 585; x_wconf 71' lang='lat' dir='ltr'>vult</span> <span class='ocrx_word' id='word_1_12' title='bbox 2248 529 2576 585; x_wconf 86' lang='lat' dir='ltr'>invocantis</span> <span class='ocrx_word' id='word_1_13' title='bbox 2623 546 2811 587; x_wconf 85' lang='lat' dir='ltr'>mens.</span> <span class='ocrx_word' id='word_1_14' title='bbox 2851 531 2965 586; x_wconf 85' lang='lat' dir='ltr'>Hoc</span> <span class='ocrx_word' id='word_1_15' title='bbox 2997 545 3232 602; x_wconf 90' lang='lat' dir='ltr'>quoque</span> <span class='ocrx_word' id='word_1_16' title='bbox 3283 529 3423 585; x_wconf 90' lang='lat' dir='ltr'>solis</span> <span class='ocrx_word' id='word_1_17' title='bbox 3473 528 3753 596; x_wconf 88' lang='lat' dir='ltr'>solstitio,</span> 
     </span>
    </p>
   </div>
   <div class='ocr_carea' id='block_1_6' title="bbox 317 613 1977 692">
    <p class='ocr_par' dir='ltr' id='par_1_6' title="bbox 317 613 1977 692">
     <span class='ocr_line' id='line_1_6' title="bbox 317 613 1977 692; baseline 0.001 -23"><span class='ocrx_word' id='word_1_18' title='bbox 317 615 620 692; x_wconf 89' lang='grc' dir='ltr'>ριγραπτός</span> <span class='ocrx_word' id='word_1_19' title='bbox 675 636 734 672; x_wconf 78' lang='grc' dir='ltr'>τε</span> <span class='ocrx_word' id='word_1_20' title='bbox 786 613 937 671; x_wconf 86' lang='grc' dir='ltr'>δοκεῖ</span> <span class='ocrx_word' id='word_1_21' title='bbox 978 615 1068 671; x_wconf 86' lang='grc' dir='ltr'>καὶ</span> <span class='ocrx_word' id='word_1_22' title='bbox 1126 617 1414 692; x_wconf 69' lang='grc' dir='ltr'>κατέχεται</span> <span class='ocrx_word' id='word_1_23' title='bbox 1465 617 1517 679; x_wconf 87' lang='grc' dir='ltr'>ἐς</span> <span class='ocrx_word' id='word_1_24' title='bbox 1553 616 1677 671; x_wconf 76' lang='grc' dir='ltr'>ὅσον</span> <span class='ocrx_word' id='word_1_25' title='bbox 1710 619 1745 687; x_wconf 83' lang='grc' dir='ltr'>ἡ</span> <span class='ocrx_word' id='word_1_26' title='bbox 1778 618 1977 692; x_wconf 84' lang='grc' dir='ltr'>γνώμη</span> 
     </span>
    </p>
   </div>
   <div class='ocr_carea' id='block_1_7' title="bbox 315 703 1982 782">
    <p class='ocr_par' dir='ltr' id='par_1_7' title="bbox 315 703 1982 782">
     <span class='ocr_line' id='line_1_7' title="bbox 315 703 1982 782; baseline -0.001 -21"><span class='ocrx_word' id='word_1_27' title='bbox 315 709 415 761; x_wconf 73' lang='grc' dir='ltr'>τοῦ</span> <span class='ocrx_word' id='word_1_28' title='bbox 463 703 743 782; x_wconf 72' lang='grc' dir='ltr'>κλήτορος</span> <span class='ocrx_word' id='word_1_29' title='bbox 834 703 1112 780; x_wconf 86' lang='grc' dir='ltr'>βούλεται.</span> <span class='ocrx_word' id='word_1_30' title='bbox 1173 709 1292 776; x_wconf 86' lang='grc' dir='ltr'>Τῆς</span> <span class='ocrx_word' id='word_1_31' title='bbox 1352 703 1409 760; x_wconf 78' lang='grc' dir='ltr'>δὲ</span> <span class='ocrx_word' id='word_1_32' title='bbox 1454 705 1715 777; x_wconf 77' lang='grc' dir='ltr'>τοιαύτης</span> <span class='ocrx_word' id='word_1_33' title='bbox 1770 709 1982 778; x_wconf 79' lang='grc' dir='ltr'>τροπῆς</span> 
     </span>
    </p>
   </div>
   <div class='ocr_carea' id='block_1_8' title="bbox 314 791 1979 870">
    <p class='ocr_par' dir='ltr' id='par_1_8' title="bbox 314 791 1979 870">
     <span class='ocr_line' id='line_1_8' title="bbox 314 791 1979 870; baseline -0.001 -20"><span class='ocrx_word' id='word_1_34' title='bbox 314 799 413 850; x_wconf 76' lang='grc' dir='ltr'>τοῦ</span> <span class='ocrx_word' id='word_1_35' title='bbox 442 793 634 867; x_wconf 80' lang='grc' dir='ltr'>ἡλίου,</span> <span class='ocrx_word' id='word_1_36' title='bbox 673 791 887 868; x_wconf 76' lang='grc' dir='ltr'>μᾶλλον</span> <span class='ocrx_word' id='word_1_37' title='bbox 923 791 980 850; x_wconf 68' lang='grc' dir='ltr'>δὲ</span> <span class='ocrx_word' id='word_1_38' title='bbox 1008 801 1110 865; x_wconf 80' lang='grc' dir='ltr'>τῆς</span> <span class='ocrx_word' id='word_1_39' title='bbox 1167 793 1218 848; x_wconf 80' lang='grc' dir='ltr'>ἐν</span> <span class='ocrx_word' id='word_1_40' title='bbox 1268 794 1497 870; x_wconf 73' lang='grc' dir='ltr'>τοιαύτῃ</span> <span class='ocrx_word' id='word_1_41' title='bbox 1547 799 1655 849; x_wconf 91' lang='grc' dir='ltr'>τῶν</span> <span class='ocrx_word' id='word_1_42' title='bbox 1708 792 1979 868; x_wconf 85' lang='grc' dir='ltr'>δαιμόνων</span> 
     </span>
    </p>
   </div>
   <div class='ocr_carea' id='block_1_9' title="bbox 315 883 1986 957">
    <p class='ocr_par' dir='ltr' id='par_1_9' title="bbox 315 883 1986 957">
     <span class='ocr_line' id='line_1_9' title="bbox 315 883 1986 957; baseline -0.001 -18"><span class='ocrx_word' id='word_1_43' title='bbox 315 884 612 946; x_wconf 79' lang='grc' dir='ltr'>κακώσεως</span> <span class='ocrx_word' id='word_1_44' title='bbox 675 885 1068 957; x_wconf 82' lang='grc' dir='ltr'>ὑποσημαίνειν</span> <span class='ocrx_word' id='word_1_45' title='bbox 1121 906 1174 940; x_wconf 90' lang='grc' dir='ltr'>τι</span> <span class='ocrx_word' id='word_1_46' title='bbox 1229 885 1322 939; x_wconf 85' lang='grc' dir='ltr'>καὶ</span> <span class='ocrx_word' id='word_1_47' title='bbox 1379 885 1477 953; x_wconf 76' lang='grc' dir='ltr'>τήν</span> <span class='ocrx_word' id='word_1_48' title='bbox 1536 883 1807 948; x_wconf 75' lang='grc' dir='ltr'>θάλασσαν</span> <span class='ocrx_word' id='word_1_49' title='bbox 1843 883 1986 938; x_wconf 81' lang='grc' dir='ltr'>οἶόν-</span> 
     </span>
    </p>
   </div>
   <div class='ocr_carea' id='block_1_10' title="bbox 312 972 1980 1052">
    <p class='ocr_par' dir='ltr' id='par_1_10' title="bbox 312 972 1980 1052">
     <span class='ocr_line' id='line_1_10' title="bbox 312 972 1980 1052; baseline -0.001 -23"><span class='ocrx_word' id='word_1_50' title='bbox 312 993 451 1030; x_wconf 87' lang='grc' dir='ltr'>ται·</span> <span class='ocrx_word' id='word_1_51' title='bbox 483 974 817 1052; x_wconf 73' lang='grc' dir='ltr'>ὑφαρπάζειν</span> <span class='ocrx_word' id='word_1_52' title='bbox 869 972 972 1051; x_wconf 73' lang='grc' dir='ltr'>γὰρ</span> <span class='ocrx_word' id='word_1_53' title='bbox 1036 973 1118 1028; x_wconf 83' lang='grc' dir='ltr'>ἀεὶ</span> <span class='ocrx_word' id='word_1_54' title='bbox 1174 978 1284 1029; x_wconf 87' lang='grc' dir='ltr'>τῶν</span> <span class='ocrx_word' id='word_1_55' title='bbox 1335 973 1756 1049; x_wconf 80' lang='grc' dir='ltr'>ἐπινηχομὲνων</span> <span class='ocrx_word' id='word_1_56' title='bbox 1813 975 1980 1042; x_wconf 76' lang='grc' dir='ltr'>τινὰς,</span> 
     </span>
    </p>
   </div>
   <div class='ocr_carea' id='block_1_11' title="bbox 317 1060 1982 1142">
    <p class='ocr_par' dir='ltr' id='par_1_11' title="bbox 317 1060 1982 1142">
     <span class='ocr_line' id='line_1_11' title="bbox 317 1060 1982 1142; baseline -0.001 -24"><span class='ocrx_word' id='word_1_57' title='bbox 317 1063 428 1140; x_wconf 78' lang='grc' dir='ltr'>οὐχ</span> <span class='ocrx_word' id='word_1_58' title='bbox 483 1064 558 1127; x_wconf 84' lang='grc' dir='ltr'>ὡς</span> <span class='ocrx_word' id='word_1_59' title='bbox 613 1067 708 1117; x_wconf 74' lang='grc' dir='ltr'>τοῦ</span> <span class='ocrx_word' id='word_1_60' title='bbox 763 1061 960 1128; x_wconf 79' lang='grc' dir='ltr'>ὕδατος</span> <span class='ocrx_word' id='word_1_61' title='bbox 1009 1063 1308 1138; x_wconf 81' lang='grc' dir='ltr'>ἐπάγοντος</span> <span class='ocrx_word' id='word_1_62' title='bbox 1353 1065 1455 1133; x_wconf 76' lang='grc' dir='ltr'>τὴν</span> <span class='ocrx_word' id='word_1_63' title='bbox 1486 1063 1712 1142; x_wconf 76' lang='grc' dir='ltr'>φθοράν,</span> <span class='ocrx_word' id='word_1_64' title='bbox 1746 1060 1874 1118; x_wconf 83' lang='grc' dir='ltr'>ἀλλ’</span> <span class='ocrx_word' id='word_1_65' title='bbox 1907 1062 1982 1124; x_wconf 83' lang='grc' dir='ltr'>ὡς</span> 
     </span>
    </p>
   </div>
   <div class='ocr_carea' id='block_1_12' title="bbox 316 1150 1981 1228">
    <p class='ocr_par' dir='ltr' id='par_1_12' title="bbox 316 1150 1981 1228">
     <span class='ocr_line' id='line_1_12' title="bbox 316 1150 1981 1228; baseline -0.001 -21"><span class='ocrx_word' id='word_1_66' title='bbox 316 1157 426 1207; x_wconf 88' lang='grc' dir='ltr'>τῶν</span> <span class='ocrx_word' id='word_1_67' title='bbox 459 1151 513 1207; x_wconf 70' lang='grc' dir='ltr'>ἂν</span> <span class='ocrx_word' id='word_1_68' title='bbox 568 1151 750 1224; x_wconf 86' lang='grc' dir='ltr'>τούτῳ</span> <span class='ocrx_word' id='word_1_69' title='bbox 809 1150 1083 1226; x_wconf 86' lang='grc' dir='ltr'>δαιμόνων</span> <span class='ocrx_word' id='word_1_70' title='bbox 1144 1150 1509 1228; x_wconf 71' lang='grc' dir='ltr'>ἐνεργούντων</span> <span class='ocrx_word' id='word_1_71' title='bbox 1566 1153 1666 1220; x_wconf 69' lang='grc' dir='ltr'>τὴν</span> <span class='ocrx_word' id='word_1_72' title='bbox 1720 1152 1981 1206; x_wconf 88' lang='grc' dir='ltr'>κάκωσιν.</span> 
     </span>
    </p>
   </div>
   <div class='ocr_carea' id='block_1_13' title="bbox 321 1238 1982 1316">
    <p class='ocr_par' dir='ltr' id='par_1_13' title="bbox 321 1238 1982 1316">
     <span class='ocr_line' id='line_1_13' title="bbox 321 1238 1982 1316; baseline -0.002 -20"><span class='ocrx_word' id='word_1_73' title='bbox 321 1242 527 1316; x_wconf 76' lang='grc' dir='ltr'>’Ὠσπερ</span> <span class='ocrx_word' id='word_1_74' title='bbox 561 1238 618 1295; x_wconf 78' lang='grc' dir='ltr'>δὶ</span> <span class='ocrx_word' id='word_1_75' title='bbox 671 1241 1035 1315; x_wconf 83' lang='grc' dir='ltr'>ἀερομαντεία</span> <span class='ocrx_word' id='word_1_76' title='bbox 1088 1241 1172 1304; x_wconf 88' lang='grc' dir='ltr'>τίς</span> <span class='ocrx_word' id='word_1_77' title='bbox 1233 1241 1344 1296; x_wconf 78' lang='grc' dir='ltr'>ἐστι</span> <span class='ocrx_word' id='word_1_78' title='bbox 1401 1242 1492 1296; x_wconf 85' lang='grc' dir='ltr'>καὶ</span> <span class='ocrx_word' id='word_1_79' title='bbox 1545 1239 1982 1316; x_wconf 81' lang='grc' dir='ltr'>φυλλομαντεία,</span> 
     </span>
    </p>
   </div>
   <div class='ocr_carea' id='block_1_14' title="bbox 323 1328 1981 1407">
    <p class='ocr_par' dir='ltr' id='par_1_14' title="bbox 323 1328 1981 1407">
     <span class='ocr_line' id='line_1_14' title="bbox 323 1328 1981 1407; baseline -0.002 -21"><span class='ocrx_word' id='word_1_80' title='bbox 323 1329 468 1386; x_wconf 76' lang='grc' dir='ltr'>οὕτω</span> <span class='ocrx_word' id='word_1_81' title='bbox 529 1328 596 1399; x_wconf 77' lang='grc' dir='ltr'>δὴ</span> <span class='ocrx_word' id='word_1_82' title='bbox 648 1331 736 1385; x_wconf 86' lang='grc' dir='ltr'>καὶ</span> <span class='ocrx_word' id='word_1_83' title='bbox 815 1329 1243 1404; x_wconf 84' lang='grc' dir='ltr'>λεκανομαντεία</span> <span class='ocrx_word' id='word_1_84' title='bbox 1319 1336 1438 1393; x_wconf 86' lang='grc' dir='ltr'>τοῖς</span> <span class='ocrx_word' id='word_1_85' title='bbox 1525 1335 1801 1407; x_wconf 80' lang='grc' dir='ltr'>περιττοῖς</span> <span class='ocrx_word' id='word_1_86' title='bbox 1883 1331 1981 1399; x_wconf 78' lang='grc' dir='ltr'>τήν</span> 
     </span>
    </p>
   </div>
   <div class='ocr_carea' id='block_1_15' title="bbox 321 1418 1984 1498">
    <p class='ocr_par' dir='ltr' id='par_1_15' title="bbox 321 1418 1984 1498">
     <span class='ocr_line' id='line_1_15' title="bbox 321 1418 1984 1498; baseline -0.001 -22"><span class='ocrx_word' id='word_1_87' title='bbox 321 1419 511 1498; x_wconf 88' lang='grc' dir='ltr'>σοφίαν</span> <span class='ocrx_word' id='word_1_88' title='bbox 540 1418 850 1496; x_wconf 88' lang='grc' dir='ltr'>Ἀσσυρίοις</span> <span class='ocrx_word' id='word_1_89' title='bbox 873 1420 1335 1494; x_wconf 87' lang='grc' dir='ltr'>κατῳκονόμηται</span> <span class='ocrx_word' id='word_1_90' title='bbox 1401 1420 1502 1475; x_wconf 73' lang='grc' dir='ltr'>ὑπὺ</span> <span class='ocrx_word' id='word_1_91' title='bbox 1563 1418 1797 1490; x_wconf 79' lang='grc' dir='ltr'>λεκάνης</span> <span class='ocrx_word' id='word_1_92' title='bbox 1851 1420 1984 1474; x_wconf 84' lang='grc' dir='ltr'>ὑπο-</span> 
     </span>
    </p>
   </div>
   <div class='ocr_carea' id='block_1_16' title="bbox 320 1507 1987 1583">
    <p class='ocr_par' dir='ltr' id='par_1_16' title="bbox 320 1507 1987 1583">
     <span class='ocr_line' id='line_1_16' title="bbox 320 1507 1987 1583; baseline -0.001 -19"><span class='ocrx_word' id='word_1_93' title='bbox 320 1509 584 1583; x_wconf 70' lang='grc' dir='ltr'>κειμένης</span> <span class='ocrx_word' id='word_1_94' title='bbox 634 1507 724 1564; x_wconf 81' lang='grc' dir='ltr'>καὶ</span> <span class='ocrx_word' id='word_1_95' title='bbox 789 1514 1049 1582; x_wconf 82' lang='grc' dir='ltr'>μαντικοῦ</span> <span class='ocrx_word' id='word_1_96' title='bbox 1129 1507 1578 1583; x_wconf 74' lang='grc' dir='ltr'>πεπληρωμένης</span> <span class='ocrx_word' id='word_1_97' title='bbox 1652 1507 1866 1577; x_wconf 79' lang='grc' dir='ltr'>ὕδατος,</span> <span class='ocrx_word' id='word_1_98' title='bbox 1924 1508 1987 1563; x_wconf 88' lang='grc' dir='ltr'>τὸ</span> 
     </span>
    </p>
   </div>
   <div class='ocr_carea' id='block_1_17' title="bbox 322 1596 1986 1676">
    <p class='ocr_par' dir='ltr' id='par_1_17' title="bbox 322 1596 1986 1676">
     <span class='ocr_line' id='line_1_17' title="bbox 322 1596 1986 1676; baseline -0.002 -22"><span class='ocrx_word' id='word_1_99' title='bbox 322 1599 460 1676; x_wconf 84' lang='grc' dir='ltr'>πρὸς</span> <span class='ocrx_word' id='word_1_100' title='bbox 517 1597 581 1652; x_wconf 79' lang='grc' dir='ltr'>τὰ</span> <span class='ocrx_word' id='word_1_101' title='bbox 639 1597 805 1654; x_wconf 83' lang='grc' dir='ltr'>κοῖλα</span> <span class='ocrx_word' id='word_1_102' title='bbox 861 1603 970 1654; x_wconf 90' lang='grc' dir='ltr'>τῶν</span> <span class='ocrx_word' id='word_1_103' title='bbox 1036 1596 1314 1673; x_wconf 86' lang='grc' dir='ltr'>δαιμόνων</span> <span class='ocrx_word' id='word_1_104' title='bbox 1346 1597 1635 1675; x_wconf 76' lang='grc' dir='ltr'>ἐπιρῥεπὶς</span> <span class='ocrx_word' id='word_1_105' title='bbox 1664 1603 1743 1670; x_wconf 82' lang='grc' dir='ltr'>τῷ</span> <span class='ocrx_word' id='word_1_106' title='bbox 1797 1597 1986 1670; x_wconf 78' lang='grc' dir='ltr'>οἰκείῳ</span> 
     </span>
    </p>
   </div>
   <div class='ocr_carea' id='block_1_18' title="bbox 331 1685 1984 1764">
    <p class='ocr_par' dir='ltr' id='par_1_18' title="bbox 331 1685 1984 1764">
     <span class='ocr_line' id='line_1_18' title="bbox 331 1685 1984 1764; baseline -0.001 -22"><span class='ocrx_word' id='word_1_107' title='bbox 331 1687 851 1764; x_wconf 82' lang='grc' dir='ltr'>χαρακτηριζούσης</span> <span class='ocrx_word' id='word_1_108' title='bbox 931 1689 1179 1763; x_wconf 74' lang='grc' dir='ltr'>σχήματι</span> <span class='ocrx_word' id='word_1_109' title='bbox 1219 1732 1231 1744; x_wconf 90' lang='grc'><strong>.</strong></span> <span class='ocrx_word' id='word_1_110' title='bbox 1295 1688 1373 1745; x_wconf 86' lang='grc' dir='ltr'>Τὸ</span> <span class='ocrx_word' id='word_1_111' title='bbox 1461 1685 1518 1742; x_wconf 73' lang='grc' dir='ltr'>δὲ</span> <span class='ocrx_word' id='word_1_112' title='bbox 1587 1708 1647 1764; x_wconf 90' lang='grc' dir='ltr'>γε</span> <span class='ocrx_word' id='word_1_113' title='bbox 1729 1686 1984 1762; x_wconf 73' lang='grc' dir='ltr'>ἐπιχυθὶν</span> 
     </span>
    </p>
   </div>
   <div class='ocr_carea' id='block_1_19' title="bbox 331 1773 1988 1855">
    <p class='ocr_par' dir='ltr' id='par_1_19' title="bbox 331 1773 1988 1855">
     <span class='ocr_line' id='line_1_19' title="bbox 331 1773 1988 1855; baseline -0.002 -22"><span class='ocrx_word' id='word_1_114' title='bbox 331 1776 470 1851; x_wconf 72' lang='grc' dir='ltr'>αὐτῇ</span> <span class='ocrx_word' id='word_1_115' title='bbox 533 1773 679 1851; x_wconf 75' lang='grc' dir='ltr'>ὕδωρ</span> <span class='ocrx_word' id='word_1_116' title='bbox 738 1773 1032 1855; x_wconf 88' lang='grc' dir='ltr'>ἀδιάφορον</span> <span class='ocrx_word' id='word_1_117' title='bbox 1095 1777 1190 1852; x_wconf 82' lang='grc' dir='ltr'>μὲν</span> <span class='ocrx_word' id='word_1_118' title='bbox 1249 1775 1360 1832; x_wconf 83' lang='grc' dir='ltr'>ἐστι</span> <span class='ocrx_word' id='word_1_119' title='bbox 1419 1778 1556 1832; x_wconf 83' lang='grc' dir='ltr'>κατᾶ</span> <span class='ocrx_word' id='word_1_120' title='bbox 1630 1777 1729 1846; x_wconf 74' lang='grc' dir='ltr'>τὴν</span> <span class='ocrx_word' id='word_1_121' title='bbox 1802 1775 1988 1831; x_wconf 78' lang='grc' dir='ltr'>οὐσίαν</span> 
     </span>
    </p>
   </div>
   <div class='ocr_carea' id='block_1_20' title="bbox 2092 617 3750 691">
    <p class='ocr_par' dir='ltr' id='par_1_20' title="bbox 2092 617 3750 691">
     <span class='ocr_line' id='line_1_20' title="bbox 2092 617 3750 691; baseline -0.001 -18"><span class='ocrx_word' id='word_1_122' title='bbox 2092 624 2302 691; x_wconf 87' lang='lat' dir='ltr'>putant</span> <span class='ocrx_word' id='word_1_123' title='bbox 2337 635 2498 674; x_wconf 89' lang='lat' dir='ltr'>mare</span> <span class='ocrx_word' id='word_1_124' title='bbox 2527 619 2861 675; x_wconf 66' lang='lat' dir='ltr'>daamonum</span> <span class='ocrx_word' id='word_1_125' title='bbox 2910 620 3010 690; x_wconf 89' lang='lat' dir='ltr'>qui</span> <span class='ocrx_word' id='word_1_126' title='bbox 3060 620 3118 674; x_wconf 91' lang='lat' dir='ltr'>in</span> <span class='ocrx_word' id='word_1_127' title='bbox 3161 636 3228 674; x_wconf 90' lang='lat' dir='ltr'>eo</span> <span class='ocrx_word' id='word_1_128' title='bbox 3273 624 3413 674; x_wconf 90' lang='lat' dir='ltr'>sunt</span> <span class='ocrx_word' id='word_1_129' title='bbox 3462 617 3750 674; x_wconf 85' lang='lat' dir='ltr'>malitiam</span> 
     </span>
    </p>
   </div>
   <div class='ocr_carea' id='block_1_21' title="bbox 2092 707 3755 780">
    <p class='ocr_par' dir='ltr' id='par_1_21' title="bbox 2092 707 3755 780">
     <span class='ocr_line' id='line_1_21' title="bbox 2092 707 3755 780; baseline 0.001 -18"><span class='ocrx_word' id='word_1_130' title='bbox 2092 708 2284 779; x_wconf 88' lang='lat' dir='ltr'>magis</span> <span class='ocrx_word' id='word_1_131' title='bbox 2329 707 2736 777; x_wconf 88' lang='lat' dir='ltr'>subindicare;</span> <span class='ocrx_word' id='word_1_132' title='bbox 2769 714 2911 764; x_wconf 88' lang='lat' dir='ltr'>tunc</span> <span class='ocrx_word' id='word_1_133' title='bbox 2958 709 3116 764; x_wconf 87' lang='lat' dir='ltr'>enim</span> <span class='ocrx_word' id='word_1_134' title='bbox 3170 708 3386 780; x_wconf 82' lang='lat' dir='ltr'>abripit</span> <span class='ocrx_word' id='word_1_135' title='bbox 3436 707 3755 764; x_wconf 82' lang='lat' dir='ltr'>nonnullos</span> 
     </span>
    </p>
   </div>
   <div class='ocr_carea' id='block_1_22' title="bbox 2094 797 3750 869">
    <p class='ocr_par' dir='ltr' id='par_1_22' title="bbox 2094 797 3750 869">
     <span class='ocr_line' id='line_1_22' title="bbox 2094 797 3750 869; baseline 0 -17"><span class='ocrx_word' id='word_1_136' title='bbox 2094 797 2448 864; x_wconf 88' lang='lat' dir='ltr'>natantium,</span> <span class='ocrx_word' id='word_1_137' title='bbox 2482 813 2597 853; x_wconf 89' lang='lat' dir='ltr'>non</span> <span class='ocrx_word' id='word_1_138' title='bbox 2646 799 2802 868; x_wconf 91' lang='lat' dir='ltr'>quod</span> <span class='ocrx_word' id='word_1_139' title='bbox 2845 814 3002 869; x_wconf 88' lang='lat' dir='ltr'>aqua</span> <span class='ocrx_word' id='word_1_140' title='bbox 3050 798 3308 869; x_wconf 66' lang='lat' dir='ltr'>praedam</span> <span class='ocrx_word' id='word_1_141' title='bbox 3341 797 3613 862; x_wconf 86' lang='lat' dir='ltr'>abducat,</span> <span class='ocrx_word' id='word_1_142' title='bbox 3647 797 3750 852; x_wconf 89' lang='lat' dir='ltr'>sed</span> 
     </span>
    </p>
   </div>
   <div class='ocr_carea' id='block_1_23' title="bbox 2093 887 3756 960">
    <p class='ocr_par' dir='ltr' id='par_1_23' title="bbox 2093 887 3756 960">
     <span class='ocr_line' id='line_1_23' title="bbox 2093 887 3756 960; baseline 0 -19"><span class='ocrx_word' id='word_1_143' title='bbox 2093 888 2248 959; x_wconf 88' lang='lat' dir='ltr'>quod</span> <span class='ocrx_word' id='word_1_144' title='bbox 2283 888 2576 942; x_wconf 66' lang='lat' dir='ltr'>daemones</span> <span class='ocrx_word' id='word_1_145' title='bbox 2603 905 2813 958; x_wconf 86' lang='lat' dir='ltr'>aquam</span> <span class='ocrx_word' id='word_1_146' title='bbox 2849 887 3170 944; x_wconf 81' lang='lat' dir='ltr'>incolentes</span> <span class='ocrx_word' id='word_1_147' title='bbox 3205 904 3377 942; x_wconf 88' lang='lat' dir='ltr'>suam</span> <span class='ocrx_word' id='word_1_148' title='bbox 3407 887 3756 960; x_wconf 88' lang='lat' dir='ltr'>impendant</span> 
     </span>
    </p>
   </div>
   <div class='ocr_carea' id='block_1_24' title="bbox 2094 977 3754 1041">
    <p class='ocr_par' dir='ltr' id='par_1_24' title="bbox 2094 977 3754 1041">
     <span class='ocr_line' id='line_1_24' title="bbox 2094 977 3754 1041; baseline -0.001 -9"><span class='ocrx_word' id='word_1_149' title='bbox 2094 977 2406 1033; x_wconf 82' lang='lat' dir='ltr'>malitiam.</span> <span class='ocrx_word' id='word_1_150' title='bbox 2449 977 2957 1041; x_wconf 73' lang='lat' dir='ltr'>Quemadmodum</span> <span class='ocrx_word' id='word_1_151' title='bbox 3017 981 3107 1034; x_wconf 89' lang='lat' dir='ltr'>est</span> <span class='ocrx_word' id='word_1_152' title='bbox 3158 977 3437 1032; x_wconf 79' lang='lat' dir='ltr'>divinatio</span> <span class='ocrx_word' id='word_1_153' title='bbox 3495 993 3563 1032; x_wconf 84' lang='lat' dir='ltr'>ex</span> <span class='ocrx_word' id='word_1_154' title='bbox 3621 991 3754 1032; x_wconf 84' lang='lat' dir='ltr'>aere</span> 
     </span>
    </p>
   </div>
   <div class='ocr_carea' id='block_1_25' title="bbox 2094 1065 3754 1138">
    <p class='ocr_par' dir='ltr' id='par_1_25' title="bbox 2094 1065 3754 1138">
     <span class='ocr_line' id='line_1_25' title="bbox 2094 1065 3754 1138; baseline -0.002 -14"><span class='ocrx_word' id='word_1_155' title='bbox 2094 1075 2151 1124; x_wconf 88' lang='lat' dir='ltr'>et</span> <span class='ocrx_word' id='word_1_156' title='bbox 2183 1066 2359 1136; x_wconf 90' lang='lat' dir='ltr'>foliis,</span> <span class='ocrx_word' id='word_1_157' title='bbox 2391 1067 2469 1123; x_wconf 86' lang='lat' dir='ltr'>ita</span> <span class='ocrx_word' id='word_1_158' title='bbox 2501 1072 2560 1124; x_wconf 90' lang='lat' dir='ltr'>et</span> <span class='ocrx_word' id='word_1_159' title='bbox 2590 1085 2658 1124; x_wconf 81' lang='lat' dir='ltr'>ex</span> <span class='ocrx_word' id='word_1_160' title='bbox 2689 1067 2852 1138; x_wconf 90' lang='lat' dir='ltr'>&#39;pelvi</span> <span class='ocrx_word' id='word_1_161' title='bbox 2882 1067 3164 1123; x_wconf 82' lang='lat' dir='ltr'>divinatio</span> <span class='ocrx_word' id='word_1_162' title='bbox 3197 1067 3512 1123; x_wconf 83' lang='lat' dir='ltr'>adhibetur</span> <span class='ocrx_word' id='word_1_163' title='bbox 3541 1065 3612 1120; x_wconf 89' lang='lat' dir='ltr'>ab</span> <span class='ocrx_word' id='word_1_164' title='bbox 3643 1067 3754 1121; x_wconf 88' lang='lat' dir='ltr'>As-</span> 
     </span>
    </p>
   </div>
   <div class='ocr_carea' id='block_1_26' title="bbox 2094 1154 3757 1230">
    <p class='ocr_par' dir='ltr' id='par_1_26' title="bbox 2094 1154 3757 1230">
     <span class='ocr_line' id='line_1_26' title="bbox 2094 1154 3757 1230; baseline -0.002 -19"><span class='ocrx_word' id='word_1_165' title='bbox 2094 1155 2269 1228; x_wconf 82' lang='lat' dir='ltr'>syriis</span> <span class='ocrx_word' id='word_1_166' title='bbox 2318 1156 2572 1213; x_wconf 73' lang='lat' dir='ltr'>maxime</span> <span class='ocrx_word' id='word_1_167' title='bbox 2632 1156 2923 1228; x_wconf 81' lang='lat' dir='ltr'>sapientia</span> <span class='ocrx_word' id='word_1_168' title='bbox 2968 1156 3251 1230; x_wconf 85' lang='lat' dir='ltr'>egregiis;</span> <span class='ocrx_word' id='word_1_169' title='bbox 3305 1154 3455 1227; x_wconf 89' lang='lat' dir='ltr'>pelvi</span> <span class='ocrx_word' id='word_1_170' title='bbox 3505 1157 3757 1210; x_wconf 90' lang='lat' dir='ltr'>utuntur</span> 
     </span>
    </p>
   </div>
   <div class='ocr_carea' id='block_1_27' title="bbox 2096 1243 3758 1318">
    <p class='ocr_par' dir='ltr' id='par_1_27' title="bbox 2096 1243 3758 1318">
     <span class='ocr_line' id='line_1_27' title="bbox 2096 1243 3758 1318; baseline -0.002 -17"><span class='ocrx_word' id='word_1_171' title='bbox 2096 1247 2440 1317; x_wconf 89' lang='lat' dir='ltr'>subjacente</span> <span class='ocrx_word' id='word_1_172' title='bbox 2471 1250 2530 1300; x_wconf 89' lang='lat' dir='ltr'>et</span> <span class='ocrx_word' id='word_1_173' title='bbox 2561 1245 2904 1318; x_wconf 89' lang='lat' dir='ltr'>prophetica</span> <span class='ocrx_word' id='word_1_174' title='bbox 2945 1263 3101 1318; x_wconf 83' lang='lat' dir='ltr'>aqua</span> <span class='ocrx_word' id='word_1_175' title='bbox 3146 1244 3318 1316; x_wconf 87' lang='lat' dir='ltr'>plena</span> <span class='ocrx_word' id='word_1_176' title='bbox 3344 1262 3471 1316; x_wconf 71' lang='lat' dir='ltr'>quae</span> <span class='ocrx_word' id='word_1_177' title='bbox 3519 1243 3758 1316; x_wconf 87' lang='lat' dir='ltr'>propria</span> 
     </span>
    </p>
   </div>
   <div class='ocr_carea' id='block_1_28' title="bbox 2097 1333 3752 1407">
    <p class='ocr_par' dir='ltr' id='par_1_28' title="bbox 2097 1333 3752 1407">
     <span class='ocr_line' id='line_1_28' title="bbox 2097 1333 3752 1407; baseline -0.002 -17"><span class='ocrx_word' id='word_1_178' title='bbox 2097 1335 2286 1390; x_wconf 86' lang='lat' dir='ltr'>forma</span> <span class='ocrx_word' id='word_1_179' title='bbox 2337 1336 2670 1390; x_wconf 64' lang='lat' dir='ltr'>daemonum</span> <span class='ocrx_word' id='word_1_180' title='bbox 2706 1337 2773 1390; x_wconf 92' lang='lat' dir='ltr'>ad</span> <span class='ocrx_word' id='word_1_181' title='bbox 2826 1352 2965 1391; x_wconf 88' lang='lat' dir='ltr'>cava</span> <span class='ocrx_word' id='word_1_182' title='bbox 3000 1334 3452 1407; x_wconf 87' lang='lat' dir='ltr'>propensionem</span> <span class='ocrx_word' id='word_1_183' title='bbox 3485 1333 3752 1405; x_wconf 81' lang='lat' dir='ltr'>insignit.</span> 
     </span>
    </p>
   </div>
   <div class='ocr_carea' id='block_1_29' title="bbox 2096 1422 3751 1495">
    <p class='ocr_par' dir='ltr' id='par_1_29' title="bbox 2096 1422 3751 1495">
     <span class='ocr_line' id='line_1_29' title="bbox 2096 1422 3751 1495; baseline -0.001 -17"><span class='ocrx_word' id='word_1_184' title='bbox 2096 1424 2230 1489; x_wconf 83' lang='lat' dir='ltr'>Quae</span> <span class='ocrx_word' id='word_1_185' title='bbox 2263 1426 2319 1478; x_wconf 90' lang='lat' dir='ltr'>in</span> <span class='ocrx_word' id='word_1_186' title='bbox 2354 1441 2481 1479; x_wconf 89' lang='lat' dir='ltr'>eam</span> <span class='ocrx_word' id='word_1_187' title='bbox 2519 1425 2850 1479; x_wconf 83' lang='lat' dir='ltr'>infunditur</span> <span class='ocrx_word' id='word_1_188' title='bbox 2881 1441 3035 1495; x_wconf 84' lang='lat' dir='ltr'>aqua</span> <span class='ocrx_word' id='word_1_189' title='bbox 3072 1423 3216 1479; x_wconf 89' lang='lat' dir='ltr'>nihil</span> <span class='ocrx_word' id='word_1_190' title='bbox 3251 1424 3439 1494; x_wconf 91' lang='lat' dir='ltr'>quoad</span> <span class='ocrx_word' id='word_1_191' title='bbox 3474 1422 3751 1477; x_wconf 89' lang='lat' dir='ltr'>substan-</span> 
     </span>
    </p>
   </div>
   <div class='ocr_carea' id='block_1_30' title="bbox 2096 1513 3752 1585">
    <p class='ocr_par' dir='ltr' id='par_1_30' title="bbox 2096 1513 3752 1585">
     <span class='ocr_line' id='line_1_30' title="bbox 2096 1513 3752 1585; baseline -0.001 -17"><span class='ocrx_word' id='word_1_192' title='bbox 2096 1514 2242 1568; x_wconf 85' lang='lat' dir='ltr'>tiam</span> <span class='ocrx_word' id='word_1_193' title='bbox 2276 1515 2348 1569; x_wconf 88' lang='lat' dir='ltr'>ab</span> <span class='ocrx_word' id='word_1_194' title='bbox 2382 1530 2536 1585; x_wconf 90' lang='lat' dir='ltr'>aqua</span> <span class='ocrx_word' id='word_1_195' title='bbox 2558 1513 2812 1585; x_wconf 81' lang='lat' dir='ltr'>simplici</span> <span class='ocrx_word' id='word_1_196' title='bbox 2840 1513 3065 1582; x_wconf 82' lang='lat' dir='ltr'>diti&#39;ert;</span> <span class='ocrx_word' id='word_1_197' title='bbox 3097 1515 3199 1569; x_wconf 83' lang='lat' dir='ltr'>sed</span> <span class='ocrx_word' id='word_1_198' title='bbox 3233 1513 3389 1585; x_wconf 91' lang='lat' dir='ltr'>quod</span> <span class='ocrx_word' id='word_1_199' title='bbox 3417 1527 3594 1584; x_wconf 84' lang='lat' dir='ltr'>super</span> <span class='ocrx_word' id='word_1_200' title='bbox 3623 1527 3752 1566; x_wconf 86' lang='lat' dir='ltr'>eam</span> 
     </span>
    </p>
   </div>
   <div class='ocr_carea' id='block_1_31' title="bbox 2097 1600 3755 1674">
    <p class='ocr_par' dir='ltr' id='par_1_31' title="bbox 2097 1600 3755 1674">
     <span class='ocr_line' id='line_1_31' title="bbox 2097 1600 3755 1674; baseline -0.001 -18"><span class='ocrx_word' id='word_1_201' title='bbox 2097 1601 2352 1656; x_wconf 79' lang='lat' dir='ltr'>efﬁcitur</span> <span class='ocrx_word' id='word_1_202' title='bbox 2389 1602 2736 1674; x_wconf 81' lang='lat' dir='ltr'>mysterium</span> <span class='ocrx_word' id='word_1_203' title='bbox 2782 1601 3334 1673; x_wconf 87' lang='lat' dir='ltr'>incantationesque</span> <span class='ocrx_word' id='word_1_204' title='bbox 3364 1600 3520 1672; x_wconf 89' lang='lat' dir='ltr'>quod</span> <span class='ocrx_word' id='word_1_205' title='bbox 3552 1615 3755 1655; x_wconf 89' lang='lat' dir='ltr'>neces-</span> 
     </span>
    </p>
   </div>
   <div class='ocr_carea' id='block_1_32' title="bbox 2099 1689 3756 1763">
    <p class='ocr_par' dir='ltr' id='par_1_32' title="bbox 2099 1689 3756 1763">
     <span class='ocr_line' id='line_1_32' title="bbox 2099 1689 3756 1763; baseline -0.002 -17"><span class='ocrx_word' id='word_1_206' title='bbox 2099 1691 2321 1746; x_wconf 85' lang='lat' dir='ltr'>sarium</span> <span class='ocrx_word' id='word_1_207' title='bbox 2355 1697 2443 1745; x_wconf 85' lang='lat' dir='ltr'>est</span> <span class='ocrx_word' id='word_1_208' title='bbox 2473 1697 2793 1763; x_wconf 84' lang='lat' dir='ltr'>Operantur</span> <span class='ocrx_word' id='word_1_209' title='bbox 2822 1696 2887 1746; x_wconf 91' lang='lat' dir='ltr'>ut</span> <span class='ocrx_word' id='word_1_210' title='bbox 2916 1691 3187 1746; x_wconf 88' lang='lat' dir='ltr'>divinans</span> <span class='ocrx_word' id='word_1_211' title='bbox 3220 1689 3466 1762; x_wconf 88' lang='lat' dir='ltr'>spiritus</span> <span class='ocrx_word' id='word_1_212' title='bbox 3499 1689 3756 1744; x_wconf 88' lang='lat' dir='ltr'>adduca-</span> 
     </span>
    </p>
   </div>
   <div class='ocr_carea' id='block_1_33' title="bbox 2097 1775 3758 1850">
    <p class='ocr_par' dir='ltr' id='par_1_33' title="bbox 2097 1775 3758 1850">
     <span class='ocr_line' id='line_1_33' title="bbox 2097 1775 3758 1850; baseline -0.002 -16"><span class='ocrx_word' id='word_1_213' title='bbox 2097 1783 2214 1834; x_wconf 88' lang='lat' dir='ltr'>tur.</span> <span class='ocrx_word' id='word_1_214' title='bbox 2248 1778 2399 1835; x_wconf 89' lang='lat' dir='ltr'>Illud</span> <span class='ocrx_word' id='word_1_215' title='bbox 2448 1787 2642 1835; x_wconf 88' lang='lat' dir='ltr'>autem</span> <span class='ocrx_word' id='word_1_216' title='bbox 2677 1779 3033 1835; x_wconf 78' lang='lat' dir='ltr'>daemonium</span> <span class='ocrx_word' id='word_1_217' title='bbox 3066 1784 3155 1835; x_wconf 88' lang='lat' dir='ltr'>est</span> <span class='ocrx_word' id='word_1_218' title='bbox 3183 1783 3457 1835; x_wconf 85' lang='lat' dir='ltr'>terrestre</span> <span class='ocrx_word' id='word_1_219' title='bbox 3487 1783 3544 1833; x_wconf 89' lang='lat' dir='ltr'>et</span> <span class='ocrx_word' id='word_1_220' title='bbox 3573 1775 3758 1850; x_wconf 87' lang='lat' dir='ltr'>parti-</span> 
     </span>
    </p>
   </div>
   <div class='ocr_carea' id='block_1_34' title="bbox 331 1863 1992 1978">
    <p class='ocr_par' dir='ltr' id='par_1_34' title="bbox 331 1863 1983 1978">
     <span class='ocr_line' id='line_1_34' title="bbox 331 1863 1983 1943; baseline -0.001 -22"><span class='ocrx_word' id='word_1_221' title='bbox 331 1866 470 1943; x_wconf 86' lang='grc' dir='ltr'>πρὸς</span> <span class='ocrx_word' id='word_1_222' title='bbox 500 1865 567 1921; x_wconf 79' lang='grc' dir='ltr'>τὰ</span> <span class='ocrx_word' id='word_1_223' title='bbox 597 1866 836 1942; x_wconf 81' lang='grc' dir='ltr'>ὁμογενῆ</span> <span class='ocrx_word' id='word_1_224' title='bbox 874 1863 1040 1921; x_wconf 64' lang='grc' dir='ltr'>ὕδατα</span> <span class='ocrx_word' id='word_1_225' title='bbox 1073 1885 1085 1898; x_wconf 92' lang='grc'>·</span> <span class='ocrx_word' id='word_1_226' title='bbox 1122 1864 1250 1921; x_wconf 73' lang='grc' dir='ltr'>ἀλλ’</span> <span class='ocrx_word' id='word_1_227' title='bbox 1279 1865 1314 1937; x_wconf 75' lang='grc' dir='ltr'><strong>ἥ</strong></span> <span class='ocrx_word' id='word_1_228' title='bbox 1351 1888 1411 1943; x_wconf 88' lang='grc' dir='ltr'>γε</span> <span class='ocrx_word' id='word_1_229' title='bbox 1456 1867 1539 1922; x_wconf 77' lang='grc' dir='ltr'>ἐπ’</span> <span class='ocrx_word' id='word_1_230' title='bbox 1589 1866 1736 1939; x_wconf 79' lang='grc' dir='ltr'>αὐτῷ</span> <span class='ocrx_word' id='word_1_231' title='bbox 1790 1864 1983 1935; x_wconf 85' lang='grc' dir='ltr'>τελετὴ</span> 
     </span>
     <span class='ocr_line' id='line_1_35' title="bbox 331 1952 1983 1978; baseline 0 0"><span class='ocrx_word' id='word_1_232' title='bbox 331 1956 418 1978; x_wconf 42' lang='grc' dir='ltr'>ημε</span> <span class='ocrx_word' id='word_1_233' title='bbox 476 1956 536 1978; x_wconf 44' lang='lat'>,1</span> <span class='ocrx_word' id='word_1_234' title='bbox 601 1953 877 1978; x_wconf 49' lang='grc' dir='ltr'>Ῐ..Ῑ,,-μ--.</span> <span class='ocrx_word' id='word_1_235' title='bbox 950 1952 1214 1978; x_wconf 27' lang='lat' dir='ltr'>1*,m,l§,,,</span> <span class='ocrx_word' id='word_1_236' title='bbox 1248 1977 1251 1978; x_wconf 66' lang='lat'>,</span> <span class='ocrx_word' id='word_1_237' title='bbox 1388 1956 1467 1978; x_wconf 27' lang='grc' dir='ltr'>ξᾏκ</span> <span class='ocrx_word' id='word_1_238' title='bbox 1550 1953 1830 1978; x_wconf 27' lang='grc' dir='ltr'>Ωμκδξ--πν.</span> <span class='ocrx_word' id='word_1_239' title='bbox 1894 1952 1983 1978; x_wconf 37' lang='grc' dir='ltr'>ᾉ-Ϊ</span> 
     </span>
    </p>
   </div>
   <div class='ocr_carea' id='block_1_35' title="bbox 2107 1863 3757 1978">
    <p class='ocr_par' dir='ltr' id='par_1_35' title="bbox 2107 1866 3757 1942">
     <span class='ocr_line' id='line_1_36' title="bbox 2107 1866 3757 1942; baseline -0.001 -19"><span class='ocrx_word' id='word_1_240' title='bbox 2107 1867 2318 1924; x_wconf 85' lang='lat' dir='ltr'>culare.</span> <span class='ocrx_word' id='word_1_241' title='bbox 2379 1868 2450 1924; x_wconf 90' lang='lat' dir='ltr'>Et</span> <span class='ocrx_word' id='word_1_242' title='bbox 2508 1875 2821 1942; x_wconf 88' lang='lat' dir='ltr'>postquam</span> <span class='ocrx_word' id='word_1_243' title='bbox 2881 1869 2939 1924; x_wconf 91' lang='lat' dir='ltr'>in</span> <span class='ocrx_word' id='word_1_244' title='bbox 3000 1885 3215 1941; x_wconf 87' lang='lat' dir='ltr'>aquam</span> <span class='ocrx_word' id='word_1_245' title='bbox 3276 1867 3501 1932; x_wconf 86' lang='lat' dir='ltr'>incidit,</span> <span class='ocrx_word' id='word_1_246' title='bbox 3564 1866 3757 1938; x_wconf 90' lang='lat' dir='ltr'>primo</span> 
     </span>
    </p>
   </div>
   <div class='ocr_carea' id='block_1_36' title="bbox 327 1952 1986 2032">
    <p class='ocr_par' dir='ltr' id='par_1_36' title="bbox 327 1952 1986 2032">
     <span class='ocr_line' id='line_1_37' title="bbox 327 1952 1986 2032; baseline -0.002 -21"><span class='ocrx_word' id='word_1_247' title='bbox 327 1956 420 2011; x_wconf 84' lang='grc' dir='ltr'>καὶ</span> <span class='ocrx_word' id='word_1_248' title='bbox 471 1956 540 2010; x_wconf 73' lang='grc' dir='ltr'>τά</span> <span class='ocrx_word' id='word_1_249' title='bbox 598 1953 881 2028; x_wconf 80' lang='grc' dir='ltr'>ἐπᾴσματα</span> <span class='ocrx_word' id='word_1_250' title='bbox 946 1952 1254 2026; x_wconf 71' lang='grc' dir='ltr'>ἐπιτήδειον</span> <span class='ocrx_word' id='word_1_251' title='bbox 1333 1956 1470 2032; x_wconf 86' lang='grc' dir='ltr'>πρὸς</span> <span class='ocrx_word' id='word_1_252' title='bbox 1548 1953 1832 2031; x_wconf 75' lang='grc' dir='ltr'>ὑποδοχὴν</span> <span class='ocrx_word' id='word_1_253' title='bbox 1890 1952 1986 2010; x_wconf 80' lang='grc' dir='ltr'>τοῦ</span> 
     </span>
    </p>
   </div>
   <div class='ocr_carea' id='block_1_37' title="bbox 325 2042 1981 2121">
    <p class='ocr_par' dir='ltr' id='par_1_37' title="bbox 325 2042 1981 2121">
     <span class='ocr_line' id='line_1_38' title="bbox 325 2042 1981 2121; baseline -0.001 -21"><span class='ocrx_word' id='word_1_254' title='bbox 325 2049 580 2121; x_wconf 71' lang='grc' dir='ltr'>χρῶιτος</span> <span class='ocrx_word' id='word_1_255' title='bbox 634 2044 951 2121; x_wconf 68' lang='grc' dir='ltr'>ἐργάζονται</span> <span class='ocrx_word' id='word_1_256' title='bbox 1005 2049 1337 2119; x_wconf 80' lang='grc' dir='ltr'>πνεύματος.</span> <span class='ocrx_word' id='word_1_257' title='bbox 1381 2047 1560 2103; x_wconf 80' lang='grc' dir='ltr'>Τοῦτο</span> <span class='ocrx_word' id='word_1_258' title='bbox 1610 2043 1668 2100; x_wconf 73' lang='grc' dir='ltr'>δὶ</span> <span class='ocrx_word' id='word_1_259' title='bbox 1700 2042 1981 2118; x_wconf 87' lang='grc' dir='ltr'>δαιμόνιόν</span> 
     </span>
    </p>
   </div>
   <div class='ocr_carea' id='block_1_38' title="bbox 325 2131 1987 2211">
    <p class='ocr_par' dir='ltr' id='par_1_38' title="bbox 325 2131 1987 2211">
     <span class='ocr_line' id='line_1_39' title="bbox 325 2131 1987 2211; baseline -0.001 -20"><span class='ocrx_word' id='word_1_260' title='bbox 325 2133 441 2191; x_wconf 75' lang='grc' dir='ltr'>ἐστι</span> <span class='ocrx_word' id='word_1_261' title='bbox 491 2131 691 2211; x_wconf 80' lang='grc' dir='ltr'>γεῶδες</span> <span class='ocrx_word' id='word_1_262' title='bbox 752 2135 842 2190; x_wconf 85' lang='grc' dir='ltr'>καὶ</span> <span class='ocrx_word' id='word_1_263' title='bbox 905 2134 1126 2211; x_wconf 87' lang='grc' dir='ltr'>μερικόν</span> <span class='ocrx_word' id='word_1_264' title='bbox 1165 2156 1178 2170; x_wconf 76' lang='grc' dir='ltr'><strong><em>ο</em></strong></span> <span class='ocrx_word' id='word_1_265' title='bbox 1223 2135 1335 2203; x_wconf 79' lang='grc' dir='ltr'>καὶ,</span> <span class='ocrx_word' id='word_1_266' title='bbox 1370 2133 1586 2190; x_wconf 72' lang='grc' dir='ltr'>ἐπειδᾶν</span> <span class='ocrx_word' id='word_1_267' title='bbox 1638 2133 1850 2208; x_wconf 71' lang='grc' dir='ltr'>ἐμπέσῃ</span> <span class='ocrx_word' id='word_1_268' title='bbox 1907 2138 1987 2206; x_wconf 81' lang='grc' dir='ltr'>τῷ</span> 
     </span>
    </p>
   </div>
   <div class='ocr_carea' id='block_1_39' title="bbox 327 2221 1987 2299">
    <p class='ocr_par' dir='ltr' id='par_1_39' title="bbox 327 2221 1987 2299">
     <span class='ocr_line' id='line_1_40' title="bbox 327 2221 1987 2299; baseline -0.001 -22"><span class='ocrx_word' id='word_1_269' title='bbox 327 2221 504 2295; x_wconf 64' lang='grc' dir='ltr'>ὕδατι,</span> <span class='ocrx_word' id='word_1_270' title='bbox 563 2226 781 2299; x_wconf 89' lang='grc' dir='ltr'>πρῶτον</span> <span class='ocrx_word' id='word_1_271' title='bbox 849 2223 946 2296; x_wconf 71' lang='grc' dir='ltr'>μὲν</span> <span class='ocrx_word' id='word_1_272' title='bbox 1010 2223 1154 2299; x_wconf 74' lang='grc' dir='ltr'>ἦχόν</span> <span class='ocrx_word' id='word_1_273' title='bbox 1211 2244 1335 2279; x_wconf 91' lang='grc' dir='ltr'>τινα</span> <span class='ocrx_word' id='word_1_274' title='bbox 1389 2225 1602 2296; x_wconf 84' lang='grc' dir='ltr'>ἄσημον</span> <span class='ocrx_word' id='word_1_275' title='bbox 1661 2229 1778 2285; x_wconf 83' lang='grc' dir='ltr'>τοῖς</span> <span class='ocrx_word' id='word_1_276' title='bbox 1837 2243 1987 2297; x_wconf 82' lang='grc' dir='ltr'>περι-</span> 
     </span>
    </p>
   </div>
   <div class='ocr_carea' id='block_1_40' title="bbox 331 2309 1989 2389">
    <p class='ocr_par' dir='ltr' id='par_1_40' title="bbox 331 2309 1989 2389">
     <span class='ocr_line' id='line_1_41' title="bbox 331 2309 1989 2389; baseline 0 -23"><span class='ocrx_word' id='word_1_277' title='bbox 331 2311 586 2384; x_wconf 83' lang='grc' dir='ltr'>εστηκόσι</span> <span class='ocrx_word' id='word_1_278' title='bbox 663 2312 799 2367; x_wconf 77' lang='grc' dir='ltr'>κατὰ</span> <span class='ocrx_word' id='word_1_279' title='bbox 854 2313 956 2381; x_wconf 75' lang='grc' dir='ltr'>τὴν</span> <span class='ocrx_word' id='word_1_280' title='bbox 1027 2311 1312 2389; x_wconf 76' lang='grc' dir='ltr'>ὑποδοχὴν</span> <span class='ocrx_word' id='word_1_281' title='bbox 1371 2312 1634 2387; x_wconf 81' lang='grc' dir='ltr'>ἐμποιεῖ,</span> <span class='ocrx_word' id='word_1_282' title='bbox 1692 2311 1875 2367; x_wconf 77' lang='grc' dir='ltr'>ἔπειτα</span> <span class='ocrx_word' id='word_1_283' title='bbox 1931 2309 1989 2366; x_wconf 75' lang='grc' dir='ltr'>δὲ</span> 
     </span>
    </p>
   </div>
   <div class='ocr_carea' id='block_1_41' title="bbox 329 2400 1989 2479">
    <p class='ocr_par' dir='ltr' id='par_1_41' title="bbox 329 2400 1989 2479">
     <span class='ocr_line' id='line_1_42' title="bbox 329 2400 1989 2479; baseline -0.002 -21"><span class='ocrx_word' id='word_1_284' title='bbox 329 2401 669 2476; x_wconf 68' lang='grc' dir='ltr'>ἐπικείμενον</span> <span class='ocrx_word' id='word_1_285' title='bbox 729 2405 810 2474; x_wconf 82' lang='grc' dir='ltr'>τῷ</span> <span class='ocrx_word' id='word_1_286' title='bbox 858 2400 1012 2456; x_wconf 82' lang='grc' dir='ltr'>ὕδατι</span> <span class='ocrx_word' id='word_1_287' title='bbox 1066 2400 1343 2476; x_wconf 84' lang='grc' dir='ltr'>ἀμυδρούς</span> <span class='ocrx_word' id='word_1_288' title='bbox 1388 2423 1534 2464; x_wconf 89' lang='grc' dir='ltr'>τινας</span> <span class='ocrx_word' id='word_1_289' title='bbox 1562 2401 1838 2479; x_wconf 89' lang='grc' dir='ltr'>φθόγγους</span> <span class='ocrx_word' id='word_1_290' title='bbox 1886 2408 1989 2470; x_wconf 84' lang='grc' dir='ltr'>τῆς</span> 
     </span>
    </p>
   </div>
   <div class='ocr_carea' id='block_1_42' title="bbox 327 2488 1986 2569">
    <p class='ocr_par' dir='ltr' id='par_1_42' title="bbox 327 2488 1986 2569">
     <span class='ocr_line' id='line_1_43' title="bbox 327 2488 1986 2569; baseline -0.001 -22"><span class='ocrx_word' id='word_1_291' title='bbox 327 2496 426 2548; x_wconf 81' lang='grc' dir='ltr'>τοῦ</span> <span class='ocrx_word' id='word_1_292' title='bbox 460 2490 772 2566; x_wconf 71' lang='grc' dir='ltr'>μέλλοντος</span> <span class='ocrx_word' id='word_1_293' title='bbox 803 2491 1077 2569; x_wconf 82' lang='grc' dir='ltr'>ὑποψοφεῖ</span> <span class='ocrx_word' id='word_1_294' title='bbox 1104 2493 1494 2568; x_wconf 86' lang='grc' dir='ltr'>προγνώσεως.</span> <span class='ocrx_word' id='word_1_295' title='bbox 1526 2493 1678 2549; x_wconf 85' lang='grc' dir='ltr'>Ἔστι</span> <span class='ocrx_word' id='word_1_296' title='bbox 1727 2488 1786 2545; x_wconf 68' lang='grc' dir='ltr'>δὲ</span> <span class='ocrx_word' id='word_1_297' title='bbox 1813 2494 1986 2561; x_wconf 82' lang='grc' dir='ltr'>πάντη</span> 
     </span>
    </p>
   </div>
   <div class='ocr_carea' id='block_1_43' title="bbox 2100 1957 3756 2030">
    <p class='ocr_par' dir='ltr' id='par_1_43' title="bbox 2100 1957 3756 2030">
     <span class='ocr_line' id='line_1_44' title="bbox 2100 1957 3756 2030; baseline -0.002 -16"><span class='ocrx_word' id='word_1_298' title='bbox 2100 1959 2337 2030; x_wconf 88' lang='lat' dir='ltr'>quidem</span> <span class='ocrx_word' id='word_1_299' title='bbox 2373 1959 2692 2029; x_wconf 84' lang='lat' dir='ltr'>quamdam</span> <span class='ocrx_word' id='word_1_300' title='bbox 2722 1959 3028 2014; x_wconf 87' lang='lat' dir='ltr'>confusam</span> <span class='ocrx_word' id='word_1_301' title='bbox 3051 1974 3250 2014; x_wconf 88' lang='lat' dir='ltr'>vocem</span> <span class='ocrx_word' id='word_1_302' title='bbox 3285 1957 3616 2013; x_wconf 80' lang='lat' dir='ltr'>astantibus</span> <span class='ocrx_word' id='word_1_303' title='bbox 3648 1972 3756 2010; x_wconf 90' lang='lat' dir='ltr'>suo</span> 
     </span>
    </p>
   </div>
   <div class='ocr_carea' id='block_1_44' title="bbox 2096 2043 3747 2119">
    <p class='ocr_par' dir='ltr' id='par_1_44' title="bbox 2096 2043 3747 2119">
     <span class='ocr_line' id='line_1_45' title="bbox 2096 2043 3747 2119; baseline -0.001 -18"><span class='ocrx_word' id='word_1_304' title='bbox 2096 2048 2348 2102; x_wconf 86' lang='lat' dir='ltr'>adventu</span> <span class='ocrx_word' id='word_1_305' title='bbox 2378 2046 2622 2115; x_wconf 88' lang='lat' dir='ltr'>emittit;</span> <span class='ocrx_word' id='word_1_306' title='bbox 2659 2047 2870 2103; x_wconf 92' lang='lat' dir='ltr'>deinde</span> <span class='ocrx_word' id='word_1_307' title='bbox 2899 2063 3034 2102; x_wconf 89' lang='lat' dir='ltr'>vero</span> <span class='ocrx_word' id='word_1_308' title='bbox 3065 2062 3235 2119; x_wconf 62' lang='lat' dir='ltr'>aqua;</span> <span class='ocrx_word' id='word_1_309' title='bbox 3264 2043 3531 2102; x_wconf 87' lang='lat' dir='ltr'>insidens</span> <span class='ocrx_word' id='word_1_310' title='bbox 3565 2061 3747 2116; x_wconf 89' lang='lat' dir='ltr'>quos-</span> 
     </span>
    </p>
   </div>
   <div class='ocr_carea' id='block_1_45' title="bbox 2096 2132 3754 2208">
    <p class='ocr_par' dir='ltr' id='par_1_45' title="bbox 2096 2132 3754 2208">
     <span class='ocr_line' id='line_1_46' title="bbox 2096 2132 3754 2208; baseline -0.001 -18"><span class='ocrx_word' id='word_1_311' title='bbox 2096 2137 2230 2191; x_wconf 88' lang='lat' dir='ltr'>dam</span> <span class='ocrx_word' id='word_1_312' title='bbox 2265 2140 2472 2192; x_wconf 89' lang='lat' dir='ltr'>tenues</span> <span class='ocrx_word' id='word_1_313' title='bbox 2521 2153 2696 2192; x_wconf 89' lang='lat' dir='ltr'>sonos</span> <span class='ocrx_word' id='word_1_314' title='bbox 2727 2136 3062 2193; x_wconf 89' lang='lat' dir='ltr'>futurorum</span> <span class='ocrx_word' id='word_1_315' title='bbox 3114 2134 3511 2208; x_wconf 78' lang='lat' dir='ltr'>praedictionis</span> <span class='ocrx_word' id='word_1_316' title='bbox 3541 2132 3754 2190; x_wconf 88' lang='lat' dir='ltr'>leniter</span> 
     </span>
    </p>
   </div>
   <div class='ocr_carea' id='block_1_46' title="bbox 2097 2222 3756 2297">
    <p class='ocr_par' dir='ltr' id='par_1_46' title="bbox 2097 2222 3756 2297">
     <span class='ocr_line' id='line_1_47' title="bbox 2097 2222 3756 2297; baseline -0.002 -16"><span class='ocrx_word' id='word_1_317' title='bbox 2097 2225 2324 2297; x_wconf 85' lang='lat' dir='ltr'>strepit.</span> <span class='ocrx_word' id='word_1_318' title='bbox 2351 2226 2452 2280; x_wconf 89' lang='lat' dir='ltr'>Est</span> <span class='ocrx_word' id='word_1_319' title='bbox 2474 2231 2670 2281; x_wconf 86' lang='lat' dir='ltr'>autem</span> <span class='ocrx_word' id='word_1_320' title='bbox 2695 2226 2934 2281; x_wconf 88' lang='lat' dir='ltr'>omnino</span> <span class='ocrx_word' id='word_1_321' title='bbox 2959 2241 3162 2280; x_wconf 87' lang='lat' dir='ltr'>errans</span> <span class='ocrx_word' id='word_1_322' title='bbox 3193 2223 3288 2279; x_wconf 91' lang='lat' dir='ltr'>hic</span> <span class='ocrx_word' id='word_1_323' title='bbox 3317 2223 3591 2295; x_wconf 78' lang='lat' dir='ltr'>spiritus,</span> <span class='ocrx_word' id='word_1_324' title='bbox 3615 2222 3756 2294; x_wconf 84' lang='lat' dir='ltr'>quia</span> 
     </span>
    </p>
   </div>
   <div class='ocr_carea' id='block_1_47' title="bbox 2098 2312 3754 2384">
    <p class='ocr_par' dir='ltr' id='par_1_47' title="bbox 2098 2312 3754 2384">
     <span class='ocr_line' id='line_1_48' title="bbox 2098 2312 3754 2384; baseline -0.003 -14"><span class='ocrx_word' id='word_1_325' title='bbox 2098 2312 2323 2370; x_wconf 90' lang='lat' dir='ltr'>ordinis</span> <span class='ocrx_word' id='word_1_326' title='bbox 2343 2313 2664 2369; x_wconf 87' lang='lat' dir='ltr'>materialis</span> <span class='ocrx_word' id='word_1_327' title='bbox 2682 2319 2792 2381; x_wconf 90' lang='lat' dir='ltr'>est,</span> <span class='ocrx_word' id='word_1_328' title='bbox 2812 2318 2866 2368; x_wconf 90' lang='lat' dir='ltr'>et</span> <span class='ocrx_word' id='word_1_329' title='bbox 2891 2312 3160 2369; x_wconf 90' lang='lat' dir='ltr'>consulto</span> <span class='ocrx_word' id='word_1_330' title='bbox 3181 2312 3326 2368; x_wconf 91' lang='lat' dir='ltr'>illud</span> <span class='ocrx_word' id='word_1_331' title='bbox 3352 2329 3538 2384; x_wconf 87' lang='lat' dir='ltr'>genus</span> <span class='ocrx_word' id='word_1_332' title='bbox 3556 2326 3754 2366; x_wconf 88' lang='lat' dir='ltr'>vocem</span> 
     </span>
    </p>
   </div>
   <div class='ocr_carea' id='block_1_48' title="bbox 2098 2399 3754 2475">
    <p class='ocr_par' dir='ltr' id='par_1_48' title="bbox 2098 2399 3754 2475">
     <span class='ocr_line' id='line_1_49' title="bbox 2098 2399 3754 2475; baseline -0.002 -17"><span class='ocrx_word' id='word_1_333' title='bbox 2098 2407 2334 2458; x_wconf 87' lang='lat' dir='ltr'>tenuem</span> <span class='ocrx_word' id='word_1_334' title='bbox 2368 2407 2536 2458; x_wconf 88' lang='lat' dir='ltr'>curat</span> <span class='ocrx_word' id='word_1_335' title='bbox 2565 2403 2948 2458; x_wconf 77' lang='lat' dir='ltr'>amittendam</span> <span class='ocrx_word' id='word_1_336' title='bbox 3000 2407 3063 2457; x_wconf 87' lang='lat' dir='ltr'>ut</span> <span class='ocrx_word' id='word_1_337' title='bbox 3111 2419 3211 2475; x_wconf 88' lang='lat' dir='ltr'>per</span> <span class='ocrx_word' id='word_1_338' title='bbox 3239 2401 3396 2458; x_wconf 87' lang='lat' dir='ltr'>vocis</span> <span class='ocrx_word' id='word_1_339' title='bbox 3427 2399 3754 2458; x_wconf 85' lang='lat' dir='ltr'>obscurita-</span> 
     </span>
    </p>
   </div>
   <div class='ocr_carea' id='block_1_49' title="bbox 2099 2491 3092 2563">
    <p class='ocr_par' dir='ltr' id='par_1_49' title="bbox 2099 2491 3092 2563">
     <span class='ocr_line' id='line_1_50' title="bbox 2099 2491 3092 2563; baseline 0 -16"><span class='ocrx_word' id='word_1_340' title='bbox 2099 2496 2216 2547; x_wconf 89' lang='lat' dir='ltr'>tem</span> <span class='ocrx_word' id='word_1_341' title='bbox 2251 2491 2542 2546; x_wconf 89' lang='lat' dir='ltr'>mendacii</span> <span class='ocrx_word' id='word_1_342' title='bbox 2575 2493 2794 2547; x_wconf 90' lang='lat' dir='ltr'>crimen</span> <span class='ocrx_word' id='word_1_343' title='bbox 2830 2491 3092 2563; x_wconf 75' lang='lat' dir='ltr'>effugiat.</span> 
     </span>
    </p>
   </div>
   <div class='ocr_carea' id='block_1_50' title="bbox 330 2575 3757 2656">
    <p class='ocr_par' dir='ltr' id='par_1_50' title="bbox 330 2575 3757 2656">
     <span class='ocr_line' id='line_1_51' title="bbox 330 2575 3757 2656; baseline -0.002 -19"><span class='ocrx_word' id='word_1_344' title='bbox 330 2579 540 2637; x_wconf 84' lang='grc' dir='ltr'>πλάνον</span> <span class='ocrx_word' id='word_1_345' title='bbox 571 2581 634 2636; x_wconf 83' lang='grc' dir='ltr'>τὸ</span> <span class='ocrx_word' id='word_1_346' title='bbox 661 2585 913 2636; x_wconf 79' lang='grc' dir='ltr'>τοιοῦτον</span> <span class='ocrx_word' id='word_1_347' title='bbox 938 2585 1172 2656; x_wconf 79' lang='grc' dir='ltr'>πνεῦμα,</span> <span class='ocrx_word' id='word_1_348' title='bbox 1205 2581 1287 2637; x_wconf 77' lang='grc' dir='ltr'>ὅτι</span> <span class='ocrx_word' id='word_1_349' title='bbox 1317 2588 1417 2651; x_wconf 85' lang='grc' dir='ltr'>τῆς</span> <span class='ocrx_word' id='word_1_350' title='bbox 1470 2579 1669 2650; x_wconf 82' lang='grc' dir='ltr'>ὑλικῆς</span> <span class='ocrx_word' id='word_1_351' title='bbox 1709 2581 1821 2636; x_wconf 80' lang='grc' dir='ltr'>ἐστι</span> <span class='ocrx_word' id='word_1_352' title='bbox 1868 2580 2093 2651; x_wconf 78' lang='grc' dir='ltr'>τάξεως,</span> <span class='ocrx_word' id='word_1_353' title='bbox 2121 2579 2212 2634; x_wconf 90' lang='grc' dir='ltr'>καὶ</span> <span class='ocrx_word' id='word_1_354' title='bbox 2261 2576 2572 2649; x_wconf 77' lang='grc' dir='ltr'>ἐξεπίτηδες</span> <span class='ocrx_word' id='word_1_355' title='bbox 2615 2580 2682 2633; x_wconf 68' lang='grc' dir='ltr'>’τὸ</span> <span class='ocrx_word' id='word_1_356' title='bbox 2739 2575 2895 2655; x_wconf 77' lang='grc' dir='ltr'>γένος</span> <span class='ocrx_word' id='word_1_357' title='bbox 2950 2584 3112 2634; x_wconf 77' lang='grc' dir='ltr'>τοῦτο</span> <span class='ocrx_word' id='word_1_358' title='bbox 3165 2579 3257 2633; x_wconf 89' lang='grc' dir='ltr'>τὸν</span> <span class='ocrx_word' id='word_1_359' title='bbox 3309 2575 3555 2652; x_wconf 80' lang='grc' dir='ltr'>ἀμυδρὸν</span> <span class='ocrx_word' id='word_1_360' title='bbox 3607 2577 3757 2652; x_wconf 82' lang='grc' dir='ltr'>ἦχον</span> 
     </span>
    </p>
   </div>
   <div class='ocr_carea' id='block_1_51' title="bbox 330 2665 3056 2750">
    <p class='ocr_par' dir='ltr' id='par_1_51' title="bbox 330 2665 3056 2750">
     <span class='ocr_line' id='line_1_52' title="bbox 330 2665 3056 2750; baseline -0.001 -24"><span class='ocrx_word' id='word_1_361' title='bbox 330 2669 768 2743; x_wconf 70' lang='grc' dir='ltr'>ἆπιτηδεύονται,</span> <span class='ocrx_word' id='word_1_362' title='bbox 796 2668 888 2726; x_wconf 73' lang='grc' dir='ltr'>’ίνα</span> <span class='ocrx_word' id='word_1_363' title='bbox 913 2668 1002 2726; x_wconf 76' lang='grc' dir='ltr'>διὰ</span> <span class='ocrx_word' id='word_1_364' title='bbox 1025 2671 1124 2739; x_wconf 78' lang='grc' dir='ltr'>τὴν</span> <span class='ocrx_word' id='word_1_365' title='bbox 1159 2671 1416 2750; x_wconf 75' lang='grc' dir='ltr'>ἀσάφειαν</span> <span class='ocrx_word' id='word_1_366' title='bbox 1443 2678 1543 2741; x_wconf 82' lang='grc' dir='ltr'>τῆς</span> <span class='ocrx_word' id='word_1_367' title='bbox 1575 2677 1762 2749; x_wconf 80' lang='grc' dir='ltr'>φωνῆς</span> <span class='ocrx_word' id='word_1_368' title='bbox 1789 2670 1881 2725; x_wconf 86' lang='grc' dir='ltr'>τὸν</span> <span class='ocrx_word' id='word_1_369' title='bbox 1912 2674 2010 2724; x_wconf 75' lang='grc' dir='ltr'>τοῦ</span> <span class='ocrx_word' id='word_1_370' title='bbox 2035 2666 2266 2744; x_wconf 86' lang='grc' dir='ltr'>ψεύδους</span> <span class='ocrx_word' id='word_1_371' title='bbox 2299 2665 2770 2738; x_wconf 83' lang='grc' dir='ltr'>ἀποδιδράσκωσιν</span> <span class='ocrx_word' id='word_1_372' title='bbox 2802 2665 3056 2744; x_wconf 77' lang='grc' dir='ltr'>ἔλεγχον.</span> 
     </span>
    </p>
   </div>
   <div class='ocr_carea' id='block_1_52' title="bbox 413 2758 2000 2837">
    <p class='ocr_par' dir='ltr' id='par_1_52' title="bbox 413 2758 2000 2837">
     <span class='ocr_line' id='line_1_53' title="bbox 413 2758 2000 2837; baseline -0.002 -20"><span class='ocrx_word' id='word_1_373' title='bbox 413 2761 473 2830; x_wconf 80' lang='grc' dir='ltr'>ζ’.</span> <span class='ocrx_word' id='word_1_374' title='bbox 506 2759 636 2836; x_wconf 79' lang='grc' dir='ltr'>Περὶ</span> <span class='ocrx_word' id='word_1_375' title='bbox 697 2758 756 2815; x_wconf 77' lang='grc' dir='ltr'>δὲ</span> <span class='ocrx_word' id='word_1_376' title='bbox 803 2764 902 2815; x_wconf 74' lang='grc' dir='ltr'>τοῦ</span> <span class='ocrx_word' id='word_1_377' title='bbox 957 2765 1261 2836; x_wconf 80' lang='grc' dir='ltr'>πρακτικοῦ</span> <span class='ocrx_word' id='word_1_378' title='bbox 1317 2768 1419 2831; x_wconf 85' lang='grc' dir='ltr'>τῆς</span> <span class='ocrx_word' id='word_1_379' title='bbox 1469 2759 1786 2837; x_wconf 68' lang='grc' dir='ltr'>ἀπορρήτου</span> <span class='ocrx_word' id='word_1_380' title='bbox 1853 2761 2000 2835; x_wconf 79' lang='grc' dir='ltr'>παρᾶ</span> 
     </span>
    </p>
   </div>
   <div class='ocr_carea' id='block_1_53' title="bbox 341 2846 1997 2926">
    <p class='ocr_par' dir='ltr' id='par_1_53' title="bbox 341 2846 1997 2926">
     <span class='ocr_line' id='line_1_54' title="bbox 341 2846 1997 2926; baseline -0.002 -20"><span class='ocrx_word' id='word_1_381' title='bbox 341 2846 649 2913; x_wconf 83' lang='grc' dir='ltr'>Χαλδαίοις</span> <span class='ocrx_word' id='word_1_382' title='bbox 688 2852 965 2921; x_wconf 66' lang='grc' dir='ltr'>συνθήκης</span> <span class='ocrx_word' id='word_1_383' title='bbox 1009 2849 1203 2919; x_wconf 77' lang='grc' dir='ltr'>ἥντινα</span> <span class='ocrx_word' id='word_1_384' title='bbox 1252 2847 1479 2924; x_wconf 88' lang='grc' dir='ltr'>δύναμιν</span> <span class='ocrx_word' id='word_1_385' title='bbox 1529 2852 1648 2926; x_wconf 76' lang='grc' dir='ltr'>εἶχε</span> <span class='ocrx_word' id='word_1_386' title='bbox 1693 2848 1854 2904; x_wconf 75' lang='grc' dir='ltr'>τοῦτό</span> <span class='ocrx_word' id='word_1_387' title='bbox 1912 2870 1997 2903; x_wconf 89' lang='grc' dir='ltr'>σοι</span> 
     </span>
    </p>
   </div>
   <div class='ocr_carea' id='block_1_54' title="bbox 339 2936 1999 3016">
    <p class='ocr_par' dir='ltr' id='par_1_54' title="bbox 339 2936 1999 3016">
     <span class='ocr_line' id='line_1_55' title="bbox 339 2936 1999 3016; baseline -0.001 -23"><span class='ocrx_word' id='word_1_388' title='bbox 339 2936 432 2993; x_wconf 69' lang='grc' dir='ltr'>ἰπὶ</span> <span class='ocrx_word' id='word_1_389' title='bbox 518 2936 825 3016; x_wconf 87' lang='grc' dir='ltr'>κεφαλαίων</span> <span class='ocrx_word' id='word_1_390' title='bbox 907 2936 1308 3012; x_wconf 77' lang='grc' dir='ltr'>ὲπιτεμοῦμεν.</span> <span class='ocrx_word' id='word_1_391' title='bbox 1380 2942 1604 3014; x_wconf 84' lang='grc' dir='ltr'>Πρῶτον</span> <span class='ocrx_word' id='word_1_392' title='bbox 1674 2939 1767 3011; x_wconf 71' lang='grc' dir='ltr'>μὲν</span> <span class='ocrx_word' id='word_1_393' title='bbox 1842 2936 1999 2992; x_wconf 89' lang='grc' dir='ltr'>θυσία</span> 
     </span>
    </p>
   </div>
   <div class='ocr_carea' id='block_1_55' title="bbox 348 3019 1995 3102">
    <p class='ocr_par' dir='ltr' id='par_1_55' title="bbox 348 3019 1995 3102">
     <span class='ocr_line' id='line_1_56' title="bbox 348 3019 1995 3102; baseline 0.001 -24"><span class='ocrx_word' id='word_1_394' title='bbox 348 3025 566 3087; x_wconf 75' lang='grc' dir='ltr'>τούτοις</span> <span class='ocrx_word' id='word_1_395' title='bbox 642 3026 926 3101; x_wconf 78' lang='grc' dir='ltr'>ἀγνεύουσα</span> <span class='ocrx_word' id='word_1_396' title='bbox 999 3019 1426 3102; x_wconf 78' lang='grc' dir='ltr'>παρεσκεύαστο,</span> <span class='ocrx_word' id='word_1_397' title='bbox 1473 3026 1740 3102; x_wconf 84' lang='grc' dir='ltr'>ἀρώματά</span> <span class='ocrx_word' id='word_1_398' title='bbox 1793 3047 1852 3081; x_wconf 91' lang='grc' dir='ltr'>τε</span> <span class='ocrx_word' id='word_1_399' title='bbox 1907 3026 1995 3081; x_wconf 84' lang='grc' dir='ltr'>καὶ</span> 
     </span>
    </p>
   </div>
   <div class='ocr_carea' id='block_1_56' title="bbox 354 3111 1996 3192">
    <p class='ocr_par' dir='ltr' id='par_1_56' title="bbox 354 3111 1996 3192">
     <span class='ocr_line' id='line_1_57' title="bbox 354 3111 1996 3192; baseline 0.002 -26"><span class='ocrx_word' id='word_1_400' title='bbox 354 3111 596 3188; x_wconf 79' lang='grc' dir='ltr'>βοτάναι,</span> <span class='ocrx_word' id='word_1_401' title='bbox 643 3113 728 3168; x_wconf 82' lang='grc' dir='ltr'>καί</span> <span class='ocrx_word' id='word_1_402' title='bbox 811 3113 982 3186; x_wconf 86' lang='grc' dir='ltr'>λίθοι,</span> <span class='ocrx_word' id='word_1_403' title='bbox 1038 3117 1238 3192; x_wconf 86' lang='grc' dir='ltr'>κρόκος</span> <span class='ocrx_word' id='word_1_404' title='bbox 1303 3137 1362 3172; x_wconf 87' lang='grc' dir='ltr'>τε</span> <span class='ocrx_word' id='word_1_405' title='bbox 1436 3116 1526 3172; x_wconf 82' lang='grc' dir='ltr'>καὶ</span> <span class='ocrx_word' id='word_1_406' title='bbox 1603 3115 1836 3190; x_wconf 85' lang='grc' dir='ltr'>μυρσίνη</span> <span class='ocrx_word' id='word_1_407' title='bbox 1905 3115 1996 3170; x_wconf 82' lang='grc' dir='ltr'>καὶ</span> 
     </span>
    </p>
   </div>
   <div class='ocr_carea' id='block_1_57' title="bbox 2178 2756 3765 2828">
    <p class='ocr_par' dir='ltr' id='par_1_57' title="bbox 2178 2756 3765 2828">
     <span class='ocr_line' id='line_1_58' title="bbox 2178 2756 3765 2828; baseline -0.002 -14"><span class='ocrx_word' id='word_1_408' title='bbox 2178 2762 2232 2816; x_wconf 92' lang='grc'>7.</span> <span class='ocrx_word' id='word_1_409' title='bbox 2264 2760 2448 2823; x_wconf 86' lang='lat' dir='ltr'>Quam</span> <span class='ocrx_word' id='word_1_410' title='bbox 2495 2759 2610 2815; x_wconf 87' lang='lat' dir='ltr'>vim</span> <span class='ocrx_word' id='word_1_411' title='bbox 2662 2764 2861 2816; x_wconf 89' lang='lat' dir='ltr'>autem</span> <span class='ocrx_word' id='word_1_412' title='bbox 2924 2759 3198 2815; x_wconf 87' lang='lat' dir='ltr'>habuerit</span> <span class='ocrx_word' id='word_1_413' title='bbox 3258 2762 3552 2814; x_wconf 81' lang='lat' dir='ltr'>secretum</span> <span class='ocrx_word' id='word_1_414' title='bbox 3609 2756 3765 2828; x_wconf 88' lang='lat' dir='ltr'>apud</span> 
     </span>
    </p>
   </div>
   <div class='ocr_carea' id='block_1_58' title="bbox 2109 2847 3762 2920">
    <p class='ocr_par' dir='ltr' id='par_1_58' title="bbox 2109 2847 3762 2920">
     <span class='ocr_line' id='line_1_59' title="bbox 2109 2847 3762 2920; baseline -0.002 -16"><span class='ocrx_word' id='word_1_415' title='bbox 2109 2849 2412 2905; x_wconf 66' lang='lat' dir='ltr'>Chaldaeos</span> <span class='ocrx_word' id='word_1_416' title='bbox 2461 2853 2722 2920; x_wconf 88' lang='lat' dir='ltr'>pactum,</span> <span class='ocrx_word' id='word_1_417' title='bbox 2755 2865 2912 2903; x_wconf 91' lang='lat' dir='ltr'>nunc</span> <span class='ocrx_word' id='word_1_418' title='bbox 2943 2848 3048 2903; x_wconf 90' lang='lat' dir='ltr'>tibi</span> <span class='ocrx_word' id='word_1_419' title='bbox 3089 2848 3430 2904; x_wconf 86' lang='lat' dir='ltr'>summatim</span> <span class='ocrx_word' id='word_1_420' title='bbox 3479 2847 3762 2918; x_wconf 86' lang='lat' dir='ltr'>redigam.</span> 
     </span>
    </p>
   </div>
   <div class='ocr_carea' id='block_1_59' title="bbox 2108 2936 3766 3008">
    <p class='ocr_par' dir='ltr' id='par_1_59' title="bbox 2108 2936 3766 3008">
     <span class='ocr_line' id='line_1_60' title="bbox 2108 2936 3766 3008; baseline -0.001 -17"><span class='ocrx_word' id='word_1_421' title='bbox 2108 2937 2308 2993; x_wconf 89' lang='lat' dir='ltr'>Primo</span> <span class='ocrx_word' id='word_1_422' title='bbox 2357 2936 2594 3008; x_wconf 86' lang='lat' dir='ltr'>quidem</span> <span class='ocrx_word' id='word_1_423' title='bbox 2649 2937 2901 2992; x_wconf 89' lang='lat' dir='ltr'>hostiam</span> <span class='ocrx_word' id='word_1_424' title='bbox 2955 2954 3164 3008; x_wconf 90' lang='lat' dir='ltr'>puram</span> <span class='ocrx_word' id='word_1_425' title='bbox 3213 2936 3594 2999; x_wconf 88' lang='lat' dir='ltr'>adhibebant,</span> <span class='ocrx_word' id='word_1_426' title='bbox 3633 2951 3766 2990; x_wconf 88' lang='lat' dir='ltr'>aro-</span> 
     </span>
    </p>
   </div>
   <div class='ocr_carea' id='block_1_60' title="bbox 2110 3023 3767 3097">
    <p class='ocr_par' dir='ltr' id='par_1_60' title="bbox 2110 3023 3767 3097">
     <span class='ocr_line' id='line_1_61' title="bbox 2110 3023 3767 3097; baseline -0.002 -16"><span class='ocrx_word' id='word_1_427' title='bbox 2110 3030 2268 3081; x_wconf 89' lang='lat' dir='ltr'>mata</span> <span class='ocrx_word' id='word_1_428' title='bbox 2299 3029 2356 3080; x_wconf 89' lang='lat' dir='ltr'>et</span> <span class='ocrx_word' id='word_1_429' title='bbox 2385 3025 2621 3096; x_wconf 89' lang='lat' dir='ltr'>plantas</span> <span class='ocrx_word' id='word_1_430' title='bbox 2670 3031 2728 3081; x_wconf 91' lang='lat' dir='ltr'>et</span> <span class='ocrx_word' id='word_1_431' title='bbox 2774 3026 3022 3097; x_wconf 87' lang='lat' dir='ltr'>lapides,</span> <span class='ocrx_word' id='word_1_432' title='bbox 3054 3042 3290 3082; x_wconf 91' lang='lat' dir='ltr'>crocum</span> <span class='ocrx_word' id='word_1_433' title='bbox 3352 3029 3409 3080; x_wconf 90' lang='lat' dir='ltr'>et</span> <span class='ocrx_word' id='word_1_434' title='bbox 3464 3023 3767 3097; x_wconf 85' lang='lat' dir='ltr'>myrrham</span> 
     </span>
    </p>
   </div>
   <div class='ocr_carea' id='block_1_61' title="bbox 2107 3113 3768 3188">
    <p class='ocr_par' dir='ltr' id='par_1_61' title="bbox 2107 3113 3768 3188">
     <span class='ocr_line' id='line_1_62' title="bbox 2107 3113 3768 3188; baseline -0.002 -17"><span class='ocrx_word' id='word_1_435' title='bbox 2107 3120 2164 3172; x_wconf 89' lang='lat' dir='ltr'>et</span> <span class='ocrx_word' id='word_1_436' title='bbox 2194 3115 2450 3182; x_wconf 90' lang='lat' dir='ltr'>laurum,</span> <span class='ocrx_word' id='word_1_437' title='bbox 2486 3115 2732 3188; x_wconf 84' lang='lat' dir='ltr'>mystice</span> <span class='ocrx_word' id='word_1_438' title='bbox 2778 3115 3106 3186; x_wconf 82' lang='lat' dir='ltr'>puriﬁcata.</span> <span class='ocrx_word' id='word_1_439' title='bbox 3155 3115 3417 3186; x_wconf 88' lang='lat' dir='ltr'>Spatium</span> <span class='ocrx_word' id='word_1_440' title='bbox 3468 3113 3768 3185; x_wconf 86' lang='lat' dir='ltr'>quoddam</span> 
     </span>
    </p>
   </div>
   <div class='ocr_carea' id='block_1_62' title="bbox 347 3190 1992 3282">
    <p class='ocr_par' dir='ltr' id='par_1_62' title="bbox 347 3190 1992 3282">
     <span class='ocr_line' id='line_1_63' title="bbox 347 3190 1992 3282; baseline 0.001 -26"><span class='ocrx_word' id='word_1_441' title='bbox 347 3199 549 3281; x_wconf 85' lang='grc' dir='ltr'>δάφνη,</span> <span class='ocrx_word' id='word_1_442' title='bbox 606 3209 878 3275; x_wconf 81' lang='grc' dir='ltr'>μυστικῶς</span> <span class='ocrx_word' id='word_1_443' title='bbox 933 3190 1453 3282; x_wconf 84' lang='grc' dir='ltr'>περικαθαιρόμενα.</span> <span class='ocrx_word' id='word_1_444' title='bbox 1513 3204 1702 3278; x_wconf 83' lang='grc' dir='ltr'>Χῶρός</span> <span class='ocrx_word' id='word_1_445' title='bbox 1757 3225 1816 3259; x_wconf 90' lang='grc' dir='ltr'>τε</span> <span class='ocrx_word' id='word_1_446' title='bbox 1867 3202 1992 3258; x_wconf 87' lang='grc' dir='ltr'>τού-</span> 
     </span>
    </p>
   </div>
   <div class='ocr_carea' id='block_1_63' title="bbox 2107 3190 3771 3282">
    <p class='ocr_par' dir='ltr' id='par_1_63' title="bbox 2113 3202 3771 3276">
     <span class='ocr_line' id='line_1_64' title="bbox 2113 3202 3771 3276; baseline -0.001 -17"><span class='ocrx_word' id='word_1_447' title='bbox 2113 3204 2273 3260; x_wconf 88' lang='lat' dir='ltr'>circa</span> <span class='ocrx_word' id='word_1_448' title='bbox 2302 3222 2370 3260; x_wconf 88' lang='lat' dir='ltr'>ea</span> <span class='ocrx_word' id='word_1_449' title='bbox 2401 3204 2666 3276; x_wconf 88' lang='lat' dir='ltr'>plantata</span> <span class='ocrx_word' id='word_1_450' title='bbox 2713 3209 2772 3260; x_wconf 88' lang='lat' dir='ltr'>et</span> <span class='ocrx_word' id='word_1_451' title='bbox 2814 3206 3024 3260; x_wconf 87' lang='lat' dir='ltr'>obruta</span> <span class='ocrx_word' id='word_1_452' title='bbox 3054 3204 3518 3260; x_wconf 82' lang='lat' dir='ltr'>describebatur.</span> <span class='ocrx_word' id='word_1_453' title='bbox 3553 3202 3771 3258; x_wconf 85' lang='lat' dir='ltr'>Deinde</span> 
     </span>
    </p>
   </div>
   <div class='ocr_carea' id='block_1_64' title="bbox 339 3290 1998 3371">
    <p class='ocr_par' dir='ltr' id='par_1_64' title="bbox 339 3290 1998 3371">
     <span class='ocr_line' id='line_1_65' title="bbox 339 3290 1998 3371; baseline 0.001 -26"><span class='ocrx_word' id='word_1_454' title='bbox 339 3301 457 3352; x_wconf 84' lang='grc' dir='ltr'>τοις</span> <span class='ocrx_word' id='word_1_455' title='bbox 517 3291 914 3366; x_wconf 84' lang='grc' dir='ltr'>περιεγράφετο</span> <span class='ocrx_word' id='word_1_456' title='bbox 973 3292 1359 3371; x_wconf 76' lang='grc' dir='ltr'>φυτευομένοις</span> <span class='ocrx_word' id='word_1_457' title='bbox 1414 3291 1505 3346; x_wconf 79' lang='grc' dir='ltr'>καὶ</span> <span class='ocrx_word' id='word_1_458' title='bbox 1557 3290 1998 3366; x_wconf 82' lang='grc' dir='ltr'>βοθρευομένοις.</span> 
     </span>
    </p>
   </div>
   <div class='ocr_carea' id='block_1_65' title="bbox 337 3376 2003 3458">
    <p class='ocr_par' dir='ltr' id='par_1_65' title="bbox 337 3376 2003 3458">
     <span class='ocr_line' id='line_1_66' title="bbox 337 3376 2003 3458; baseline -0.004 -20"><span class='ocrx_word' id='word_1_459' title='bbox 337 3381 566 3458; x_wconf 79' lang='grc' dir='ltr'>Ἒφ³οἴς</span> <span class='ocrx_word' id='word_1_460' title='bbox 607 3381 634 3435; x_wconf 78' lang='grc' dir='ltr'><strong>ὁ</strong></span> <span class='ocrx_word' id='word_1_461' title='bbox 681 3383 782 3450; x_wconf 81' lang='grc' dir='ltr'>τήν</span> <span class='ocrx_word' id='word_1_462' title='bbox 843 3383 1112 3452; x_wconf 75' lang='grc' dir='ltr'>συνθήκην</span> <span class='ocrx_word' id='word_1_463' title='bbox 1168 3381 1520 3454; x_wconf 84' lang='grc' dir='ltr'>ποιούμενος,</span> <span class='ocrx_word' id='word_1_464' title='bbox 1559 3377 1734 3441; x_wconf 84' lang='grc' dir='ltr'>δεινός</span> <span class='ocrx_word' id='word_1_465' title='bbox 1788 3400 1872 3441; x_wconf 89' lang='grc' dir='ltr'>τις</span> <span class='ocrx_word' id='word_1_466' title='bbox 1929 3376 2003 3433; x_wconf 82' lang='grc' dir='ltr'>ὢν</span> 
     </span>
    </p>
   </div>
   <div class='ocr_carea' id='block_1_66' title="bbox 340 3467 2006 3546">
    <p class='ocr_par' dir='ltr' id='par_1_66' title="bbox 340 3467 2006 3546">
     <span class='ocr_line' id='line_1_67' title="bbox 340 3467 2006 3546; baseline -0.001 -23"><span class='ocrx_word' id='word_1_467' title='bbox 340 3468 480 3542; x_wconf 79' lang='grc' dir='ltr'>ἀνὴρ</span> <span class='ocrx_word' id='word_1_468' title='bbox 534 3468 601 3524; x_wconf 80' lang='grc' dir='ltr'>τά</span> <span class='ocrx_word' id='word_1_469' title='bbox 658 3471 916 3545; x_wconf 72' lang='grc' dir='ltr'>γοητικᾶ,</span> <span class='ocrx_word' id='word_1_470' title='bbox 963 3469 1054 3525; x_wconf 79' lang='grc' dir='ltr'>καὶ</span> <span class='ocrx_word' id='word_1_471' title='bbox 1117 3469 1391 3544; x_wconf 82' lang='grc' dir='ltr'>ὀνομάσας</span> <span class='ocrx_word' id='word_1_472' title='bbox 1441 3471 1503 3525; x_wconf 88' lang='grc' dir='ltr'>τὸ</span> <span class='ocrx_word' id='word_1_473' title='bbox 1563 3473 1793 3545; x_wconf 80' lang='grc' dir='ltr'>πρᾶγμα</span> <span class='ocrx_word' id='word_1_474' title='bbox 1833 3467 1913 3546; x_wconf 82' lang='grc' dir='ltr'>ἐφ’</span> <span class='ocrx_word' id='word_1_475' title='bbox 1961 3467 2006 3540; x_wconf 82' lang='grc' dir='ltr'>ᾧ</span> 
     </span>
    </p>
   </div>
   <div class='ocr_carea' id='block_1_67' title="bbox 340 3557 2006 3636">
    <p class='ocr_par' dir='ltr' id='par_1_67' title="bbox 340 3557 2006 3636">
     <span class='ocr_line' id='line_1_68' title="bbox 340 3557 2006 3636; baseline -0.001 -23"><span class='ocrx_word' id='word_1_476' title='bbox 340 3559 442 3627; x_wconf 75' lang='grc' dir='ltr'>τὴν</span> <span class='ocrx_word' id='word_1_477' title='bbox 498 3557 687 3613; x_wconf 80' lang='grc' dir='ltr'>θυσίαν</span> <span class='ocrx_word' id='word_1_478' title='bbox 745 3559 1066 3631; x_wconf 88' lang='grc' dir='ltr'>πεποίηται,</span> <span class='ocrx_word' id='word_1_479' title='bbox 1102 3559 1381 3636; x_wconf 86' lang='grc' dir='ltr'>ὑστεραίας</span> <span class='ocrx_word' id='word_1_480' title='bbox 1438 3557 1590 3622; x_wconf 76' lang='grc' dir='ltr'>αὖθις</span> <span class='ocrx_word' id='word_1_481' title='bbox 1647 3558 1723 3618; x_wconf 84' lang='grc' dir='ltr'>εἷς</span> <span class='ocrx_word' id='word_1_482' title='bbox 1778 3557 1870 3613; x_wconf 87' lang='grc' dir='ltr'>τὸν</span> <span class='ocrx_word' id='word_1_483' title='bbox 1905 3563 2006 3627; x_wconf 82' lang='grc' dir='ltr'>τῆς</span> 
     </span>
    </p>
   </div>
   <div class='ocr_carea' id='block_1_68' title="bbox 341 3645 2008 3724">
    <p class='ocr_par' dir='ltr' id='par_1_68' title="bbox 341 3645 2008 3724">
     <span class='ocr_line' id='line_1_69' title="bbox 341 3645 2008 3724; baseline -0.001 -21"><span class='ocrx_word' id='word_1_484' title='bbox 341 3645 570 3718; x_wconf 75' lang='grc' dir='ltr'>τελετῆς</span> <span class='ocrx_word' id='word_1_485' title='bbox 629 3647 946 3724; x_wconf 78' lang='grc' dir='ltr'>παρεγίνετο</span> <span class='ocrx_word' id='word_1_486' title='bbox 995 3649 1187 3706; x_wconf 88' lang='grc' dir='ltr'>τόπον.</span> <span class='ocrx_word' id='word_1_487' title='bbox 1222 3648 1320 3703; x_wconf 82' lang='grc' dir='ltr'>Καὶ</span> <span class='ocrx_word' id='word_1_488' title='bbox 1380 3647 1738 3723; x_wconf 81' lang='grc' dir='ltr'>ἀναχωννύων</span> <span class='ocrx_word' id='word_1_489' title='bbox 1797 3647 1892 3702; x_wconf 85' lang='grc' dir='ltr'>τάς</span> <span class='ocrx_word' id='word_1_490' title='bbox 1951 3667 2008 3700; x_wconf 88' lang='grc' dir='ltr'>τε</span> 
     </span>
    </p>
   </div>
   <div class='ocr_carea' id='block_1_69' title="bbox 347 3733 2007 3816">
    <p class='ocr_par' dir='ltr' id='par_1_69' title="bbox 347 3733 2007 3816">
     <span class='ocr_line' id='line_1_70' title="bbox 347 3733 2007 3816; baseline -0.003 -24"><span class='ocrx_word' id='word_1_491' title='bbox 347 3741 457 3792; x_wconf 82' lang='grc' dir='ltr'>τῶν</span> <span class='ocrx_word' id='word_1_492' title='bbox 491 3740 673 3808; x_wconf 82' lang='grc' dir='ltr'>φυτῶν</span> <span class='ocrx_word' id='word_1_493' title='bbox 731 3737 912 3813; x_wconf 83' lang='grc' dir='ltr'>βάσεις</span> <span class='ocrx_word' id='word_1_494' title='bbox 963 3739 1052 3792; x_wconf 83' lang='grc' dir='ltr'>καὶ</span> <span class='ocrx_word' id='word_1_495' title='bbox 1113 3737 1208 3800; x_wconf 68' lang='grc' dir='ltr'>τὰς</span> <span class='ocrx_word' id='word_1_496' title='bbox 1264 3737 1679 3816; x_wconf 83' lang='grc' dir='ltr'>ἀφαγνισθείσας</span> <span class='ocrx_word' id='word_1_497' title='bbox 1730 3733 1885 3804; x_wconf 79' lang='grc' dir='ltr'>ὕλας,</span> <span class='ocrx_word' id='word_1_498' title='bbox 1917 3734 2007 3789; x_wconf 84' lang='grc' dir='ltr'>καὶ</span> 
     </span>
    </p>
   </div>
   <div class='ocr_carea' id='block_1_70' title="bbox 346 3822 2010 3902">
    <p class='ocr_par' dir='ltr' id='par_1_70' title="bbox 346 3822 2010 3902">
     <span class='ocr_line' id='line_1_71' title="bbox 346 3822 2010 3902; baseline -0.002 -21"><span class='ocrx_word' id='word_1_499' title='bbox 346 3827 418 3900; x_wconf 79' lang='grc' dir='ltr'>τῇ</span> <span class='ocrx_word' id='word_1_500' title='bbox 477 3823 609 3897; x_wconf 81' lang='grc' dir='ltr'>λαιᾷ</span> <span class='ocrx_word' id='word_1_501' title='bbox 656 3831 826 3882; x_wconf 79' lang='grc' dir='ltr'>ταῦτα</span> <span class='ocrx_word' id='word_1_502' title='bbox 877 3822 1279 3901; x_wconf 74' lang='grc' dir='ltr'>ἀναλαμϐάνων</span> <span class='ocrx_word' id='word_1_503' title='bbox 1365 3827 1538 3902; x_wconf 77' lang='grc' dir='ltr'>χειρὶ,</span> <span class='ocrx_word' id='word_1_504' title='bbox 1593 3824 1762 3902; x_wconf 81' lang='grc' dir='ltr'>ἀθρόα</span> <span class='ocrx_word' id='word_1_505' title='bbox 1837 3823 2010 3879; x_wconf 85' lang='grc' dir='ltr'>πάντα</span> 
     </span>
    </p>
   </div>
   <div class='ocr_carea' id='block_1_71' title="bbox 347 3913 2006 3991">
    <p class='ocr_par' dir='ltr' id='par_1_71' title="bbox 347 3913 2006 3991">
     <span class='ocr_line' id='line_1_72' title="bbox 347 3913 2006 3991; baseline 0.001 -23"><span class='ocrx_word' id='word_1_506' title='bbox 347 3915 438 3969; x_wconf 82' lang='grc' dir='ltr'>καὶ</span> <span class='ocrx_word' id='word_1_507' title='bbox 490 3913 830 3986; x_wconf 73' lang='grc' dir='ltr'>ὶξαπιναίως,</span> <span class='ocrx_word' id='word_1_508' title='bbox 860 3913 1119 3990; x_wconf 85' lang='grc' dir='ltr'>δυνάμεις</span> <span class='ocrx_word' id='word_1_509' title='bbox 1167 3917 1315 3980; x_wconf 77' lang='grc' dir='ltr'>τινὰς</span> <span class='ocrx_word' id='word_1_510' title='bbox 1362 3913 1676 3970; x_wconf 77' lang='grc' dir='ltr'>ἀνεκαλεῖτο</span> <span class='ocrx_word' id='word_1_511' title='bbox 1723 3915 2006 3991; x_wconf 87' lang='grc' dir='ltr'>κρυφίους.</span> 
     </span>
    </p>
   </div>
   <div class='ocr_carea' id='block_1_72' title="bbox 349 4001 2011 4084">
    <p class='ocr_par' dir='ltr' id='par_1_72' title="bbox 349 4001 2011 4084">
     <span class='ocr_line' id='line_1_73' title="bbox 349 4001 2011 4084; baseline -0.002 -23"><span class='ocrx_word' id='word_1_512' title='bbox 349 4004 419 4061; x_wconf 74' lang='grc' dir='ltr'>Αἱ</span> <span class='ocrx_word' id='word_1_513' title='bbox 451 4001 510 4059; x_wconf 76' lang='grc' dir='ltr'>δὲ</span> <span class='ocrx_word' id='word_1_514' title='bbox 539 4006 675 4074; x_wconf 79' lang='grc' dir='ltr'>ἦσαν</span> <span class='ocrx_word' id='word_1_515' title='bbox 711 4007 739 4061; x_wconf 89' lang='grc' dir='ltr'>ὁ</span> <span class='ocrx_word' id='word_1_516' title='bbox 768 4013 868 4076; x_wconf 81' lang='grc' dir='ltr'>τῆς</span> <span class='ocrx_word' id='word_1_517' title='bbox 903 4004 1203 4084; x_wconf 85' lang='grc' dir='ltr'>ληφθείσης</span> <span class='ocrx_word' id='word_1_518' title='bbox 1234 4005 1416 4068; x_wconf 90' lang='grc' dir='ltr'>θυσίας</span> <span class='ocrx_word' id='word_1_519' title='bbox 1447 4003 1799 4080; x_wconf 87' lang='grc' dir='ltr'>καθηγεμὼν,</span> <span class='ocrx_word' id='word_1_520' title='bbox 1822 4004 1874 4058; x_wconf 74' lang='grc' dir='ltr'>οἱ</span> <span class='ocrx_word' id='word_1_521' title='bbox 1901 4006 2011 4058; x_wconf 88' lang='grc' dir='ltr'>τῶν</span> 
     </span>
    </p>
   </div>
   <div class='ocr_carea' id='block_1_73' title="bbox 355 4091 2007 4171">
    <p class='ocr_par' dir='ltr' id='par_1_73' title="bbox 355 4091 2007 4171">
     <span class='ocr_line' id='line_1_74' title="bbox 355 4091 2007 4171; baseline 0.005 -23"><span class='ocrx_word' id='word_1_522' title='bbox 355 4091 504 4149; x_wconf 81' lang='grc' dir='ltr'>ὑλῶν</span> <span class='ocrx_word' id='word_1_523' title='bbox 532 4095 734 4170; x_wconf 88' lang='grc' dir='ltr'>κύριοι,</span> <span class='ocrx_word' id='word_1_524' title='bbox 770 4095 798 4150; x_wconf 83' lang='grc' dir='ltr'>ὁ</span> <span class='ocrx_word' id='word_1_525' title='bbox 828 4101 928 4164; x_wconf 81' lang='grc' dir='ltr'>τῆς</span> <span class='ocrx_word' id='word_1_526' title='bbox 959 4093 1170 4170; x_wconf 66' lang='grc' dir='ltr'>ἡμέρας</span> <span class='ocrx_word' id='word_1_527' title='bbox 1198 4096 1536 4170; x_wconf 85' lang='grc' dir='ltr'>προστάτης,</span> <span class='ocrx_word' id='word_1_528' title='bbox 1568 4093 1596 4148; x_wconf 85' lang='grc' dir='ltr'>ὁ</span> <span class='ocrx_word' id='word_1_529' title='bbox 1627 4093 2007 4171; x_wconf 81' lang='grc' dir='ltr'>χρονοάρχης,</span> 
     </span>
    </p>
   </div>
   <div class='ocr_carea' id='block_1_74' title="bbox 356 4181 990 4260">
    <p class='ocr_par' dir='ltr' id='par_1_74' title="bbox 356 4181 990 4260">
     <span class='ocr_line' id='line_1_75' title="bbox 356 4181 990 4260; baseline 0.005 -23"><span class='ocrx_word' id='word_1_530' title='bbox 356 4183 384 4237; x_wconf 82' lang='grc' dir='ltr'>ὁ</span> <span class='ocrx_word' id='word_1_531' title='bbox 415 4185 727 4260; x_wconf 79' lang='grc' dir='ltr'>τετράρχης</span> <span class='ocrx_word' id='word_1_532' title='bbox 758 4181 990 4258; x_wconf 88' lang='grc' dir='ltr'>δαίμων.</span> 
     </span>
    </p>
   </div>
   <div class='ocr_carea' id='block_1_75' title="bbox 423 4271 2007 4350">
    <p class='ocr_par' dir='ltr' id='par_1_75' title="bbox 423 4271 2007 4350">
     <span class='ocr_line' id='line_1_76' title="bbox 423 4271 2007 4350; baseline -0.002 -20"><span class='ocrx_word' id='word_1_533' title='bbox 423 4273 612 4349; x_wconf 86' lang='grc' dir='ltr'>Ἀρκεῖ</span> <span class='ocrx_word' id='word_1_534' title='bbox 651 4277 818 4329; x_wconf 75' lang='grc' dir='ltr'>ταῦτα</span> <span class='ocrx_word' id='word_1_535' title='bbox 863 4273 954 4329; x_wconf 78' lang='grc' dir='ltr'>καὶ</span> <span class='ocrx_word' id='word_1_536' title='bbox 1011 4271 1235 4350; x_wconf 80' lang='grc' dir='ltr'>γλώττῃ</span> <span class='ocrx_word' id='word_1_537' title='bbox 1291 4271 1667 4348; x_wconf 68' lang='grc' dir='ltr'>κεκαθαρμένη</span> <span class='ocrx_word' id='word_1_538' title='bbox 1718 4271 1808 4328; x_wconf 78' lang='grc' dir='ltr'>καὶ</span> <span class='ocrx_word' id='word_1_539' title='bbox 1865 4271 2007 4348; x_wconf 81' lang='grc' dir='ltr'>ἀκοῇ</span> 
     </span>
    </p>
   </div>
   <div class='ocr_carea' id='block_1_76' title="bbox 348 4361 619 4441">
    <p class='ocr_par' dir='ltr' id='par_1_76' title="bbox 348 4361 619 4441">
     <span class='ocr_line' id='line_1_77' title="bbox 348 4361 619 4441; baseline 0.004 -25"><span class='ocrx_word' id='word_1_540' title='bbox 348 4361 592 4441; x_wconf 82' lang='grc' dir='ltr'>σώφρονι</span> <span class='ocrx_word' id='word_1_541' title='bbox 605 4406 619 4422; x_wconf 90' lang='grc'><strong>.</strong></span> 
     </span>
    </p>
   </div>
   <div class='ocr_carea' id='block_1_77' title="bbox 2111 3290 3774 3366">
    <p class='ocr_par' dir='ltr' id='par_1_77' title="bbox 2111 3290 3774 3366">
     <span class='ocr_line' id='line_1_78' title="bbox 2111 3290 3774 3366; baseline -0.003 -18"><span class='ocrx_word' id='word_1_542' title='bbox 2111 3293 2210 3365; x_wconf 92' lang='lat' dir='ltr'>qui</span> <span class='ocrx_word' id='word_1_543' title='bbox 2243 3297 2480 3365; x_wconf 79' lang='lat' dir='ltr'>pactum</span> <span class='ocrx_word' id='word_1_544' title='bbox 2513 3293 2783 3358; x_wconf 81' lang='lat' dir='ltr'>faciebat,</span> <span class='ocrx_word' id='word_1_545' title='bbox 2817 3294 3042 3365; x_wconf 88' lang='lat' dir='ltr'>peritus</span> <span class='ocrx_word' id='word_1_546' title='bbox 3075 3292 3314 3366; x_wconf 89' lang='lat' dir='ltr'>quidam</span> <span class='ocrx_word' id='word_1_547' title='bbox 3347 3290 3774 3347; x_wconf 89' lang='lat' dir='ltr'>incantamenti</span> 
     </span>
    </p>
   </div>
   <div class='ocr_carea' id='block_1_78' title="bbox 2115 3382 3772 3454">
    <p class='ocr_par' dir='ltr' id='par_1_78' title="bbox 2115 3382 3772 3454">
     <span class='ocr_line' id='line_1_79' title="bbox 2115 3382 3772 3454; baseline -0.002 -16"><span class='ocrx_word' id='word_1_548' title='bbox 2115 3382 2313 3452; x_wconf 92' lang='lat' dir='ltr'>homo,</span> <span class='ocrx_word' id='word_1_549' title='bbox 2350 3388 2663 3454; x_wconf 83' lang='lat' dir='ltr'>postquam</span> <span class='ocrx_word' id='word_1_550' title='bbox 2713 3383 3115 3438; x_wconf 83' lang='lat' dir='ltr'>nominaveral</span> <span class='ocrx_word' id='word_1_551' title='bbox 3147 3399 3268 3438; x_wconf 81' lang='lat' dir='ltr'>rem</span> <span class='ocrx_word' id='word_1_552' title='bbox 3307 3386 3542 3453; x_wconf 90' lang='lat' dir='ltr'>pr0pter</span> <span class='ocrx_word' id='word_1_553' title='bbox 3594 3396 3772 3451; x_wconf 89' lang='lat' dir='ltr'>quam</span> 
     </span>
    </p>
   </div>
   <div class='ocr_carea' id='block_1_79' title="bbox 2115 3469 3774 3543">
    <p class='ocr_par' dir='ltr' id='par_1_79' title="bbox 2115 3469 3774 3543">
     <span class='ocr_line' id='line_1_80' title="bbox 2115 3469 3774 3543; baseline -0.002 -17"><span class='ocrx_word' id='word_1_554' title='bbox 2115 3471 2373 3527; x_wconf 87' lang='lat' dir='ltr'>hostiam</span> <span class='ocrx_word' id='word_1_555' title='bbox 2426 3472 2727 3537; x_wconf 77' lang='lat' dir='ltr'>olferebat,</span> <span class='ocrx_word' id='word_1_556' title='bbox 2762 3471 3044 3542; x_wconf 88' lang='lat' dir='ltr'>postridie</span> <span class='ocrx_word' id='word_1_557' title='bbox 3074 3471 3132 3526; x_wconf 93' lang='lat' dir='ltr'>in</span> <span class='ocrx_word' id='word_1_558' title='bbox 3166 3470 3431 3543; x_wconf 80' lang='lat' dir='ltr'>mysterii</span> <span class='ocrx_word' id='word_1_559' title='bbox 3475 3469 3600 3525; x_wconf 93' lang='lat' dir='ltr'>loco</span> <span class='ocrx_word' id='word_1_560' title='bbox 3633 3469 3774 3524; x_wconf 91' lang='lat' dir='ltr'>ade-</span> 
     </span>
    </p>
   </div>
   <div class='ocr_carea' id='block_1_80' title="bbox 2117 3560 3774 3633">
    <p class='ocr_par' dir='ltr' id='par_1_80' title="bbox 2117 3560 3774 3633">
     <span class='ocr_line' id='line_1_81' title="bbox 2117 3560 3774 3633; baseline -0.002 -18"><span class='ocrx_word' id='word_1_561' title='bbox 2117 3565 2228 3615; x_wconf 89' lang='lat' dir='ltr'>rat.</span> <span class='ocrx_word' id='word_1_562' title='bbox 2257 3565 2321 3614; x_wconf 85' lang='lat' dir='ltr'>Et</span> <span class='ocrx_word' id='word_1_563' title='bbox 2350 3576 2705 3632; x_wconf 82' lang='lat' dir='ltr'>exaggerans</span> <span class='ocrx_word' id='word_1_564' title='bbox 2735 3560 3072 3633; x_wconf 85' lang='lat' dir='ltr'>plantarum</span> <span class='ocrx_word' id='word_1_565' title='bbox 3101 3561 3273 3616; x_wconf 90' lang='lat' dir='ltr'>bases</span> <span class='ocrx_word' id='word_1_566' title='bbox 3295 3564 3351 3616; x_wconf 89' lang='lat' dir='ltr'>et</span> <span class='ocrx_word' id='word_1_567' title='bbox 3372 3563 3774 3615; x_wconf 88' lang='lat' dir='ltr'>consecratam</span> 
     </span>
    </p>
   </div>
   <div class='ocr_carea' id='block_1_81' title="bbox 2119 3649 3777 3721">
    <p class='ocr_par' dir='ltr' id='par_1_81' title="bbox 2119 3649 3777 3721">
     <span class='ocr_line' id='line_1_82' title="bbox 2119 3649 3777 3721; baseline -0.001 -17"><span class='ocrx_word' id='word_1_568' title='bbox 2119 3649 2448 3718; x_wconf 87' lang='lat' dir='ltr'>materiam,</span> <span class='ocrx_word' id='word_1_569' title='bbox 2483 3649 2840 3720; x_wconf 87' lang='lat' dir='ltr'>sinistraque</span> <span class='ocrx_word' id='word_1_570' title='bbox 2874 3666 3055 3705; x_wconf 85' lang='lat' dir='ltr'>manu</span> <span class='ocrx_word' id='word_1_571' title='bbox 3096 3667 3196 3704; x_wconf 90' lang='lat' dir='ltr'>eas</span> <span class='ocrx_word' id='word_1_572' title='bbox 3228 3649 3546 3721; x_wconf 87' lang='lat' dir='ltr'>accipiens,</span> <span class='ocrx_word' id='word_1_573' title='bbox 3570 3663 3777 3702; x_wconf 88' lang='lat' dir='ltr'>omnes</span> 
     </span>
    </p>
   </div>
   <div class='ocr_carea' id='block_1_82' title="bbox 2119 3735 3775 3810">
    <p class='ocr_par' dir='ltr' id='par_1_82' title="bbox 2119 3735 3775 3810">
     <span class='ocr_line' id='line_1_83' title="bbox 2119 3735 3775 3810; baseline -0.003 -16"><span class='ocrx_word' id='word_1_574' title='bbox 2119 3738 2430 3794; x_wconf 88' lang='lat' dir='ltr'>confestim</span> <span class='ocrx_word' id='word_1_575' title='bbox 2473 3744 2531 3793; x_wconf 88' lang='lat' dir='ltr'>et</span> <span class='ocrx_word' id='word_1_576' title='bbox 2575 3738 2796 3804; x_wconf 85' lang='lat' dir='ltr'>subito,</span> <span class='ocrx_word' id='word_1_577' title='bbox 2849 3739 3143 3810; x_wconf 88' lang='lat' dir='ltr'>potentias</span> <span class='ocrx_word' id='word_1_578' title='bbox 3169 3738 3460 3808; x_wconf 88' lang='lat' dir='ltr'>quasdam</span> <span class='ocrx_word' id='word_1_579' title='bbox 3513 3735 3775 3792; x_wconf 88' lang='lat' dir='ltr'>occultas</span> 
     </span>
    </p>
   </div>
   <div class='ocr_carea' id='block_1_83' title="bbox 2119 3825 3770 3900">
    <p class='ocr_par' dir='ltr' id='par_1_83' title="bbox 2119 3825 3770 3900">
     <span class='ocr_line' id='line_1_84' title="bbox 2119 3825 3770 3900; baseline -0.002 -18"><span class='ocrx_word' id='word_1_580' title='bbox 2119 3827 2449 3883; x_wconf 87' lang='lat' dir='ltr'>invocabat.</span> <span class='ocrx_word' id='word_1_581' title='bbox 2512 3826 2627 3882; x_wconf 75' lang='grc' dir='ltr'>ιιιεε</span> <span class='ocrx_word' id='word_1_582' title='bbox 2693 3833 2886 3883; x_wconf 89' lang='lat' dir='ltr'>autem</span> <span class='ocrx_word' id='word_1_583' title='bbox 2966 3827 3234 3900; x_wconf 70' lang='lat' dir='ltr'>potentiae</span> <span class='ocrx_word' id='word_1_584' title='bbox 3299 3831 3468 3881; x_wconf 88' lang='lat' dir='ltr'>erant</span> <span class='ocrx_word' id='word_1_585' title='bbox 3520 3825 3770 3881; x_wconf 70' lang='lat' dir='ltr'>victima:</span> 
     </span>
    </p>
   </div>
   <div class='ocr_carea' id='block_1_84' title="bbox 2119 3912 3772 3989">
    <p class='ocr_par' dir='ltr' id='par_1_84' title="bbox 2119 3912 3772 3989">
     <span class='ocr_line' id='line_1_85' title="bbox 2119 3912 3772 3989; baseline -0.002 -17"><span class='ocrx_word' id='word_1_586' title='bbox 2119 3917 2270 3980; x_wconf 56' lang='lat' dir='ltr'>dure,</span> <span class='ocrx_word' id='word_1_587' title='bbox 2295 3917 2547 3971; x_wconf 65' lang='lat' dir='ltr'>materia:</span> <span class='ocrx_word' id='word_1_588' title='bbox 2575 3917 2821 3985; x_wconf 88' lang='lat' dir='ltr'>domini,</span> <span class='ocrx_word' id='word_1_589' title='bbox 2845 3918 3130 3989; x_wconf 86' lang='lat' dir='ltr'>temporis</span> <span class='ocrx_word' id='word_1_590' title='bbox 3160 3915 3454 3988; x_wconf 86' lang='lat' dir='ltr'>princeps,</span> <span class='ocrx_word' id='word_1_591' title='bbox 3477 3912 3772 3970; x_wconf 86' lang='lat' dir='ltr'>tetrarcba</span> 
     </span>
    </p>
   </div>
   <div class='ocr_carea' id='block_1_85' title="bbox 2119 4006 2368 4062">
    <p class='ocr_par' dir='ltr' id='par_1_85' title="bbox 2119 4006 2368 4062">
     <span class='ocr_line' id='line_1_86' title="bbox 2119 4006 2368 4062; baseline -0.008 0"><span class='ocrx_word' id='word_1_592' title='bbox 2119 4006 2368 4062; x_wconf 79' lang='lat' dir='ltr'>daemon.</span> 
     </span>
    </p>
   </div>
   <div class='ocr_carea' id='block_1_86' title="bbox 2194 4273 3778 4350">
    <p class='ocr_par' dir='ltr' id='par_1_86' title="bbox 2194 4273 3778 4350">
     <span class='ocr_line' id='line_1_87' title="bbox 2194 4273 3778 4350; baseline -0.002 -18"><span class='ocrx_word' id='word_1_593' title='bbox 2194 4276 2327 4332; x_wconf 65' lang='lat' dir='ltr'>Haec</span> <span class='ocrx_word' id='word_1_594' title='bbox 2380 4275 2600 4350; x_wconf 70' lang='lat' dir='ltr'>linguae</span> <span class='ocrx_word' id='word_1_595' title='bbox 2656 4277 2958 4335; x_wconf 65' lang='lat' dir='ltr'>mundatis</span> <span class='ocrx_word' id='word_1_596' title='bbox 3004 4282 3062 4334; x_wconf 88' lang='lat' dir='ltr'>et</span> <span class='ocrx_word' id='word_1_597' title='bbox 3108 4276 3234 4334; x_wconf 87' lang='lat' dir='ltr'>auri</span> <span class='ocrx_word' id='word_1_598' title='bbox 3296 4275 3549 4349; x_wconf 86' lang='lat' dir='ltr'>sapienti</span> <span class='ocrx_word' id='word_1_599' title='bbox 3609 4273 3778 4331; x_wconf 84' lang='lat' dir='ltr'>suffi-</span> 
     </span>
    </p>
   </div>
   <div class='ocr_carea' id='block_1_87' title="bbox 2123 4367 2308 4423">
    <p class='ocr_par' dir='ltr' id='par_1_87' title="bbox 2123 4367 2308 4423">
     <span class='ocr_line' id='line_1_88' title="bbox 2123 4367 2308 4423; baseline -0.005 0"><span class='ocrx_word' id='word_1_600' title='bbox 2123 4367 2308 4423; x_wconf 90' lang='lat' dir='ltr'>ciunt.</span> 
     </span>
    </p>
   </div>
  </div>
