4100 6402
280 400 401 462 883
1623 397 2051 460 menaeus
2097 369 2366 458 PSELLI
3590 387 3714 448 ssi

1549 690 2442 856 PSELLUS

1027 1110 1793 1242 ~LAPIDUM
1923 1107 2926 1244 VIBTUTIBUS

662 1350 824 1412 CUM
871 1347 1098 1409 NOTlS
1145 1347 1352 1407 PHIL.
1398 1346 1562 1407 JAC.
1611 1344 2000 1406 MAUSSACI
2048 1345 2148 1406 ET
2189 1345 2410 1407 JOAN.
2457 1345 2846 1406 STEPHANI
2889 1339 3320 1404 BEltNAHDI.

963 1515 1262 1588 (Lugduni
1294 1515 1669 1584 Batavorum,
1703 1514 1857 1585 apud
1889 1513 2224 1587 Philippum
2259 1515 2438 1570 Bonk.
2473 1512 2831 1582 MDCCXLV,
2862 1511 3038 1583 in-8.)

587 1815 735 1876 Viro
764 1815 1153 1876 nobilissimo
1184 1833 1257 1875 ac
1285 1815 1710 1876 eruditissimo
1741 1813 2019 1874 Arthuro
2049 1813 2350 1873 Freeman
2384 1809 2444 1870 S.
2478 1811 2550 1870 D.
2582 1810 2651 1869 P.
2685 1809 2743 1870 J.
2775 1807 2993 1888 Steph.
3027 1806 3402 1868 Beruardus.

360 1949 434 2005 Ut
463 1954 521 2006 te
550 1949 763 2020 eligere
813 1967 927 2006 non
981 1949 1394 2017 dubitaverim,
1425 1949 1514 2004 vir
1564 1947 1952 2017 nobilissime,
1987 1948 2159 2018 cujus
2208 1944 2431 2002 nomini
2481 1943 2697 1999 librum
2750 1942 2907 1998 hunc
2956 1942 3362 2010 inscriberem,
3397 1938 3556 2004 facit,
3588 1943 3715 1993 tum

293 2039 613 2111 singularis
644 2045 782 2095 tuus
814 2056 954 2111 erga
1003 2056 1095 2095 me
1143 2056 1329 2104 amor,
1363 2056 1478 2110 quo
1510 2056 1603 2094 me
1648 2055 1882 2108 semper
1911 2054 1974 2092 es
2005 2040 2376 2108 prosecutus,
2408 2040 2466 2090 et
2506 2033 2738 2089 stabilis
2786 2049 2852 2088 ac
2903 2033 3092 2098 ﬁrma,
3127 2048 3256 2104 quia
3307 2032 3460 2086 inter
3489 2045 3597 2084 nos
3628 2027 3716 2082 in-

294 2129 568 2185 tercessit
599 2129 1001 2194 familiaritas;
1037 2134 1162 2184 tum
1209 2129 1384 2184 etiam
1421 2127 1607 2184 mirus
1638 2133 1776 2182 tuus
1822 2144 1887 2181 ac
1937 2142 2106 2181 rarus
2154 2126 2392 2181 omnino
2422 2123 2478 2178 in
2515 2122 2738 2178 litteras
2778 2121 3074 2194 politiores
3122 2121 3400 2192 impetus,
3434 2123 3498 2173 ut
3545 2117 3722 2173 hocce

296 2235 434 2274 mea;
470 2219 530 2273 in
562 2223 618 2273 te
647 2219 1030 2275 observantiae
1064 2218 1472 2273 testimonium
1524 2217 1628 2272 tibi
1681 2217 1835 2272 haud
1887 2216 2189 2287 ingratum
2224 2216 2363 2279 fore,
2400 2229 2512 2266 non
2546 2228 2690 2267 vane
2740 2210 3036 2282 colligam.
3073 2209 3446 2265 Inhumanus
3477 2223 3723 2280 prorsus

293 2308 522 2363 viderer
551 2309 600 2362 si
633 2307 810 2363 ullam
847 2325 1110 2380 unquam
1165 2307 1532 2363 occasionem
1569 2306 1899 2378 praaterlabi
1934 2306 2213 2369 sinerem,
2248 2320 2365 2374 qua
2413 2301 2517 2356 tibi
2566 2307 2801 2372 gratum
2834 2300 3102 2356 animum
3137 2297 3432 2354 declarare
3466 2311 3720 2367 possem,

291 2396 590 2468 imprimis
621 2414 752 2452 cum
789 2397 1076 2469 opusculo
1107 2397 1246 2451 huic
1278 2397 1435 2452 tenui
1471 2413 1536 2451 ac
1572 2395 1853 2451 levidensi
1885 2412 2002 2450 non
2052 2410 2259 2465 parum
2312 2391 2646 2464 splendoris
2679 2407 2747 2445 ex
2777 2389 3016 2445 dotibus
3064 2387 3183 2444 tuis
3230 2387 3480 2460 egregiis
3527 2386 3720 2441 conci-

291 2485 487 2541 lietur.
514 2486 697 2542 Hilari
729 2486 973 2551 idcirco,
997 2503 1218 2559 quaeso,
1245 2487 1432 2542 fronte
1467 2485 1721 2541 Psellum
1756 2485 1912 2540 hunc
1943 2483 2163 2554 excipe,
2187 2481 2340 2552 quod
2377 2480 2519 2535 mihi
2545 2479 2798 2551 quodam
2823 2479 2996 2534 modo
3020 2477 3276 2533 dolorem
3310 2477 3487 2532 istum
3521 2474 3721 2543 leniet,

293 2591 468 2648 quem
502 2576 884 2645 persentisco,
921 2575 1019 2630 ubi
1053 2576 1211 2630 brevi
1254 2591 1346 2630 me
1374 2574 1491 2630 ista
1521 2574 1818 2645 voluptate
1850 2573 2140 2644 privatum
2187 2571 2254 2625 iri
2300 2570 2592 2638 recordor,
2626 2584 2804 2640 quam
2835 2585 2904 2622 ex
2933 2566 3297 2623 doctissimis
3325 2565 3443 2621 tuis
3475 2580 3541 2619 ac
3573 2563 3725 2618 mira

293 2663 584 2720 suavitate
613 2665 867 2720 conditis
894 2664 1493 2720 sermocinationibus
1519 2663 1796 2735 percipio.
1823 2664 2210 2732 Summopere
2232 2676 2365 2715 vero
2396 2664 2452 2714 te
2483 2674 2638 2730 rogo,
2666 2663 2730 2712 ut.
2759 2656 3030 2712 eumdem
3062 2671 3347 2723 amorem,
3369 2669 3545 2726 quem
3581 2651 3724 2706 mihi

296 2753 572 2826 praesenti
606 2757 856 2809 testatus
889 2769 974 2822 es,
1006 2753 1182 2808 etiam
1227 2753 1451 2809 absenti
1486 2769 1714 2808 servare
1745 2751 1923 2820 velis;
1959 2767 2063 2823 ego
2095 2767 2228 2805 vero
2274 2766 2386 2803 non
2435 2749 2641 2820 patiar,
2677 2752 2741 2802 ut
2771 2747 3095 2818 quidquam
3129 2745 3200 2800 de
3229 2742 3493 2800 amicitia
3524 2747 3726 2797 nostra

294 2841 684 2896 imminutum
715 2857 845 2897 esse
877 2841 1163 2896 videatur.
1196 2840 1352 2897 Vale.

365 2928 706 2986 Scribebam
738 2929 1007 3001 Lugduni
1040 2933 1240 2985 Batav.
1274 2929 1463 3000 pridie
1494 2928 1739 2986 Kalend.
1772 2929 1934 2986 Junii
1968 2928 2324 2986 MDCCXLV.

576 3191 725 3252 Viro
755 3190 1101 3252 clarissimo
1136 3191 1415 3252 Gilberto
1445 3190 1777 3252 Gaulmino
1811 3191 2105 3271 quaestori
2146 3191 2472 3252 Molineusi
2518 3189 2675 3250 Phil.
2710 3190 2841 3250 Jac.
2876 3186 3234 3248 Maussaeus
3266 3184 3332 3246 S.
3366 3185 3440 3244 ι).

365 3324 448 3378 Εη
498 3323 626 3390 tibi,
660 3323 972 3379 Gaulmine
1019 3325 1108 3378 vir
1159 3324 1667 3396 praestantissime,
1705 3323 1956 3380 Psellum
2007 3328 2203 3390 tuum,
2236 3341 2409 3396 quem
2461 3339 2649 3393 nuper
2700 3320 2924 3376 nomini
2971 3325 3094 3382 tuo,
3129 3318 3267 3373 dum
3319 3333 3438 3372 una
3483 3315 3728 3370 Lutetia:

293 3429 667 3468 versaremur
695 3411 1013 3468 dicandum
1064 3412 1515 3468 destinaveram.
1556 3414 1702 3468 Tum
1762 3413 1927 3468 illum
1964 3414 2094 3468 dico
2126 3430 2238 3468 non
2295 3418 2408 3467 tam
2462 3414 2617 3484 quod
2677 3410 2782 3466 tibi
2833 3427 2900 3465 ex
2953 3407 3370 3482 pollicitatione
3422 3406 3721 3477 debeatur,

295 3517 476 3572 quam
525 3501 664 3572 quia
715 3517 885 3558 nemo
937 3501 1152 3558 melius
1213 3506 1284 3557 te
1327 3503 1676 3574 dignitatem
1709 3503 1837 3572 ejus
1869 3501 2358 3559 etexcellentiam
2422 3502 2602 3567 novit,
2636 3501 2814 3570 quod,
2848 3501 2958 3555 etsi
3018 3498 3258 3553 laudum
3319 3495 3720 3563 virtutumque

294 3594 532 3644 tuarum
568 3595 888 3662 perpetuus
937 3608 1124 3662 praeco
1159 3608 1270 3646 non
1325 3608 1540 3659 essem,
1574 3593 1891 3663 probarent
1941 3598 2135 3647 tamen
2172 3595 2319 3647 satis
2349 3592 2554 3647 breves
2586 3589 2696 3645 illis
2727 3589 3088 3659 eruditaeque
3121 3593 3293 3651 notae,
3326 3601 3474 3658 quas
3523 3580 3720 3656 paucis

297 3679 506 3733 diebus
537 3684 594 3734 et
625 3695 830 3734 omnes
863 3681 1032 3734 amici
1077 3680 1161 3734 tui
1216 3681 1407 3736 sciunt
1456 3681 1718 3736 ell'utiisti
1771 3681 1965 3752 potius
1998 3698 2177 3753 quam
2235 3681 2553 3736 meditatus
2589 3696 2650 3734 es
2683 3679 2740 3733 in
2773 3677 3265 3734 obscurissimum
3296 3675 3560 3746 ejusdem
3592 3687 3730 3727 auc-

296 3769 443 3823 toris
473 3769 543 3824 de
574 3769 909 3824 daemonum
944 3769 1281 3840 operatione
1333 3769 1614 3825 libellum.
1649 3772 1878 3825 Poterat
1910 3771 2066 3826 hunc
2101 3771 2337 3843 quidem
2390 3769 2652 3825 amicitia
2683 3773 2884 3824 nostra
2916 3784 3030 3822 non
3062 3765 3396 3840 πρόσκαιρος
3438 3763 3575 3834 jure
3601 3759 3733 3816 .sibi

296 3855 594 3912 vindicare
645 3873 657 3910 :
713 3857 810 3911 sed
873 3857 1126 3912 eruditio
1175 3862 1278 3912 tua
1326 3875 1441 3914 non
1482 3857 1769 3930 vulgaris,
1801 3864 1857 3913 et
1904 3859 2206 3931 ingenium
2259 3870 2420 3914 extra
2473 3858 2736 3913 omnium
2789 3855 3161 3927 ingeniorum
3220 3853 3409 3908 aleam
3473 3849 3733 3922 positum

299 3951 645 4017 extorquere
682 3945 865 4001 valuit
915 3947 987 4002 ab
1040 3947 1244 4002 invito.
1280 3948 1380 4002 Est
1429 3948 1522 4002 hic
1575 3953 1798 4016 auctor,
1835 3954 1896 4003 ut
1954 3967 2066 4004 non
2120 3954 2172 4004 te
2222 3948 2389 4016 latet;
2455 3947 2788 4003 Platonicus
2845 3945 3120 4015 insignis,
3152 3948 3209 3998 et
3237 3943 3335 4014 qui
3370 3957 3436 3997 ex
3473 3939 3739 4012 professo

299 4051 416 4090 non
469 4041 699 4090 tantum
752 4035 1055 4091 Platonem
1108 4036 1372 4091 imitatur
1401 4036 1751 4108 eloquendo,
1783 4039 1884 4092 sed
1938 4037 2428 4110 philosophando.
2466 4037 2662 4092 Latuit
2719 4045 2912 4091 autem
2974 4033 3262 4090 hactenus
3311 4032 3421 4088 iste
3469 4029 3619 4084 liber
3667 4027 3742 4081 de

299 4123 566 4194 lapidum
614 4124 951 4194 virtutibus,
982 4125 1106 4197 qui,
1159 4143 1230 4181 ne
1282 4127 1421 4197 quid
1483 4127 1903 4182 assentationis
1963 4129 2151 4198 gratia
2197 4127 2397 4181 videar
2444 4126 2685 4186 dixisse.
2717 4123 3248 4180 excellentissimus
3307 4125 3419 4185 est,
3474 4123 3529 4174 et
3587 4117 3743 4172 inter

300 4213 628 4284 praecipuos
678 4214 807 4284 ejus
855 4214 1086 4269 labores
1139 4231 1206 4270 ac
1255 4216 1407 4270 fetus
1459 4221 1715 4271 meretur
1765 4216 2127 4286 praecipuum
2179 4214 2438 4270 nancisci
2487 4214 2700 4270 locum.
2737 4214 2883 4268 Eum
2937 4213 3049 4268 mei
3101 4211 3290 4282 gratia
3335 4209 3589 4264 Jacobus
3617 4206 3737 4261 Sir-

301 4302 566 4356 mundus
596 4317 626 4356 e
657 4302 935 4356 societate
983 4303 1145 4372 Jesu,
1177 4303 1263 4358 vir
1297 4303 1438 4357 mihi
1490 4304 1914 4369 amicissimus,
1949 4309 2004 4359 et
2036 4304 2128 4357 his
2159 4303 2392 4367 litteris,
2425 4319 2554 4374 qua:
2609 4319 2716 4358 nos
2766 4302 3057 4356 humanos
3109 4300 3350 4364 faciunt,
3385 4315 3502 4353 non
3534 4295 3738 4350 leviter

299 4389 544 4456 tinctus,
575 4406 605 4444 e
635 4390 814 4445 veteri
850 4391 1106 4462 quodam
1151 4391 1348 4447 codice
1395 4393 1729 4464 descripsit,
1762 4399 1820 4447 et
1848 4393 2214 4464 descriptum
2268 4391 2587 4447 liberaliter
2612 4390 3089 4455 communicavit,
3122 4389 3224 4444 sed
3278 4387 3423 4443 adeo
3474 4383 3734 4440 scatebat

304 4478 536 4533 mendis
567 4477 665 4532 ille
713 4480 912 4549 codex,
947 4485 1012 4534 ut
1042 4479 1172 4551 ipsa
1202 4481 1458 4536 soricina
1508 4481 1698 4536 naenia
1729 4486 1889 4536 esset
1919 4482 2246 4537 confossior
2280 4499 2292 4536 :
2328 4481 2510 4536 tantis
2541 4481 2694 4536 enim
2730 4479 3014 4551 repletum
3069 4477 3176 4533 hoc
3208 4475 3501 4547 exemplar
3529 4470 3727 4526 conru-

305 4566 576 4622 sionibus
639 4568 854 4635 inveni,
890 4573 954 4622 ut
985 4569 1254 4640 quamvis
1282 4570 1353 4624 de
1387 4569 1682 4641 lapidibus
1715 4570 1888 4642 longe
1919 4571 2070 4626 inter
2121 4588 2182 4626 se
2231 4571 2482 4626 diversis
2543 4575 2680 4642 agat
2734 4575 2956 4635 auctor,
2991 4574 3188 4624 tamen
3221 4567 3361 4638 quia
3416 4559 3732 4632 aliquando

306 4673 435 4728 quae
467 4656 579 4712 sibi
611 4658 905 4712 contraria
938 4663 1106 4713 erant
1135 4657 1192 4712 in
1231 4675 1411 4712 unum
1448 4659 1806 4728 coaluerant,
1839 4659 2013 4714 nullis
2055 4660 2225 4731 plane
2257 4659 2694 4715 contrarietatis
2744 4665 2888 4714 notze
2939 4661 3310 4730 apparerent.
3339 4654 3614 4723 Magnum
3647 4651 3739 4703 est

304 4746 512 4817 fateor,
541 4747 613 4800 ab
645 4748 944 4802 erroribus
973 4747 1070 4818 qui
1103 4752 1363 4802 veterum
1422 4748 1598 4809 libros
1631 4749 1923 4817 obsident,
1958 4766 2057 4804 eos
2092 4766 2342 4822 purgare
2373 4756 2428 4804 et
2459 4749 2733 4816 liberare,
2769 4749 2868 4803 sed
2904 4747 3280 4803 confusiones
3324 4743 3539 4816 quibus
3568 4753 3740 4793 mens

305 4836 564 4892 auctoris
596 4837 968 4904 obscuratur,
1004 4837 1145 4891 ordo
1175 4840 1234 4890 et
1266 4836 1448 4891 series
1494 4838 1680 4906 operis
1719 4837 2013 4908 turbatur,
2049 4838 2384 4909 similiaque
2435 4843 2699 4892 monstra
2748 4837 3008 4904 domare,
3046 4837 3238 4906 majus
3271 4832 3416 4887 illud
3447 4845 3595 4901 opus
3625 4831 3737 4882 est.

306 4927 470 4991 Quod
503 4930 564 4980 tu
599 4927 779 4997 probe
811 4924 990 4992 nosti,
1025 4926 1103 4980 mi
1154 4925 1489 4991 Gaulmine,
1520 4926 1621 4997 qui
1677 4927 1734 4980 in
1787 4926 1920 4981 istis
1970 4928 2112 4982 adeo
2164 4946 2226 4983 es
2273 4920 2759 5000 τριϐωνευὸμενος,
2795 4930 2859 4979 ut
2888 4942 2917 4980 e
2953 4921 3327 4997 paucissimis
3376 4919 3477 4991 qui
3523 4919 3581 4974 in
3630 4915 3741 4971 hoc

306 5014 471 5069 senio
518 5014 854 5070 litterarum
909 5014 1061 5070 idem
1113 5014 1335 5069 dolium
1385 5020 1639 5081 versant,
1676 5032 1789 5070 non
1821 5033 2023 5071 verear
2055 5022 2108 5072 te
2143 5017 2465 5087 principem
2513 5016 2892 5084 constituere,
2925 5015 3060 5070 licet
3109 5030 3236 5070 eam
3287 5015 3514 5067 aetatem
3547 5006 3742 5062 adhuc

306 5119 423 5157 non
458 5103 745 5174 attigeris,
781 5121 898 5175 qua
949 5106 1202 5173 majores
1235 5104 1507 5159 dicimur.
1545 5105 1734 5159 Tanto
1779 5105 1934 5159 enim
1972 5106 2187 5175 ingenii
2223 5105 2490 5160 acumine
2522 5104 2729 5176 polles,
2754 5109 2820 5159 ut
2856 5120 2986 5175 qua:
3016 5103 3113 5159 alii
3149 5105 3526 5157 assecuturos
3557 5111 3619 5150 se
3648 5094 3744 5148 vix

306 5191 529 5246 audent
575 5193 686 5247 sibi
750 5191 1011 5264 polliceri
1066 5191 1388 5248 multorum
1439 5210 1727 5248 annorum
1757 5194 2077 5268 curriculo,
2111 5200 2164 5249 te
2213 5194 2558 5250 brevissimo
2619 5194 2832 5265 spatio,
2883 5192 3014 5264 ipso
3071 5190 3355 5264 temporis
3420 5190 3638 5259 puncto
3687 5187 3745 5238 et

307 5284 608 5334 momento
639 5297 706 5336 ea
736 5298 851 5336 non
895 5281 1084 5337 solum
1127 5283 1407 5354 attingas,
1443 5283 1543 5337 sed
1577 5289 1634 5337 et
1663 5282 1836 5355 longe
1869 5285 2092 5354 majora
2123 5289 2179 5340 et
2209 5283 2559 5339 difﬁciliora.
2594 5282 2812 5338 Omnes
2861 5282 3035 5338 hodie
3083 5283 3185 5354 qui
3232 5278 3445 5335 litteris
3479 5288 3744 5345 operam.

304 5368 374 5421 ut
403 5365 592 5434 decet,
626 5375 871 5438 navant,
905 5373 961 5424 et
995 5370 1426 5426 humanitatem
1463 5387 1641 5442 quam
1679 5372 1846 5443 pauci
1880 5379 2165 5428 noverunt
2194 5373 2418 5439 colunt,
2451 5371 2538 5426 vel
2570 5371 2640 5426 ad
2677 5370 2937 5442 plurium
2969 5370 3310 5443 linguarum
3343 5363 3743 5438 cognitionem

304 5457 607 5528 pervenire
657 5460 940 5527 gestiunt,
976 5465 1039 5514 ut
1069 5477 1243 5516 omne
1292 5478 1480 5533 genus
1531 5466 1833 5517 auctorum
1870 5463 2032 5518 bona)
2085 5470 2234 5518 notae
2282 5463 2570 5518 familiare
2622 5463 2732 5518 sibi
2786 5462 3030 5517 reddere
3077 5463 3317 5533 queant,
3350 5467 3397 5514 et
3436 5453 3746 5511 historiam

306 5545 381 5600 ab
423 5559 547 5612 ovo,
583 5551 646 5600 ut
703 5549 939 5614 dicitur,
972 5566 1161 5620 usque
1220 5552 1291 5605 ad
1353 5552 1529 5620 mala,
1563 5552 1662 5622 qui
1725 5551 1969 5608 ultimus
2018 5554 2267 5608 studiosi
2320 5557 2378 5607 et
2427 5552 2715 5622 sapientis
2773 5550 3033 5606 hominis
3091 5567 3306 5621 scopus
3366 5561 3495 5603 esse
3555 5543 3750 5605 debet,

307 5633 738 5706 perfectissime
786 5643 1004 5706 tenere,
1037 5639 1124 5693 vel
1178 5641 1456 5696 scientias
1506 5648 1943 5709 consectantur,
1990 5642 2421 5713 philosophiam
2474 5642 2626 5711 dico,
2659 5639 3042 5712 theologiam,
3073 5640 3452 5704 medicinam,
3485 5633 3572 5689 vel
3622 5647 3747 5686 ma-

306 5721 662 5780 thematicas
693 5723 1059 5797 disciplinas,
1095 5735 1197 5785 aut
1236 5730 1396 5800 juris
1446 5734 1649 5787 artem.
1685 5731 1899 5787 Eorum
1934 5730 2039 5804 qui
2082 5731 2144 5787 in
2177 5733 2561 5788 scientiarum
2594 5729 2925 5802 cognitione
2974 5729 3370 5786 immorantur
3399 5727 3555 5782 bona
3584 5737 3744 5794 pars,
