4100 6396
320 424 438 486 885
1303 425 1679 487 LIBELLUS
1726 423 1828 486 DE
1870 425 1939 484 Li

2135 424 2228 486 3M
2271 424 2768 486 VIRTUTIBUS.
3485 424 3493 428 ’
3634 425 3754 485 886

319 554 580 627 linguas,
613 554 743 612 sine
774 553 994 626 quibus
1027 555 1248 611 frustra
1277 555 1554 627 cupimus
1585 556 1758 624 scire,
1777 555 2008 629 ignorat
2036 559 2094 612 et
2124 556 2294 612 bonis
2323 572 2389 610 ac
2421 554 2870 611 humanioribus
2897 554 3112 612 litteris
3140 561 3231 613 est
3259 557 3562 628 destituta,
3579 557 3661 613 ita
3691 561 3756 613 ut

318 644 378 699 id
413 644 722 700 hominum
772 660 961 717 genus
1011 645 1233 701 imitari
1265 651 1322 701 et
1351 662 1552 701 eorum
1583 645 1828 718 vestigia
1860 662 2143 719 premere,
2175 645 2285 701 hoc
2316 646 2396 700 sit
2426 661 2660 717 semper
2689 645 2832 700 velle
2872 646 3143 701 caecutire
3191 652 3250 702 et
3297 664 3433 703 cum
3483 647 3750 704 barbarie

319 733 559 789 luctari.
596 732 1008 806 Reliquorum,
1040 751 1292 806 quorum
1340 733 1595 806 pusillus
1626 739 1716 791 est
1747 752 2052 800 numerus,
2085 735 2239 791 bona
2268 734 2424 790 enim
2475 738 2668 790 mente
2717 734 2888 806 pauci
2937 734 3163 807 praediti
3211 741 3354 791 sunt
3401 737 3460 791 in
3511 737 3749 806 litteris,

319 839 450 894 quae
501 822 790 880 hodierna
846 827 935 879 est
994 824 1181 880 nostri
1235 823 1432 879 seaculi
1486 824 1809 896 supinitas,
1844 841 2024 880 unam
2074 830 2130 879 te
2181 823 2334 894 novi,
2366 822 2696 893 Gaulmine,
2727 823 2829 894 qui
2880 823 3076 894 plures
3127 822 3364 893 linguas
3420 825 3658 892 calleas,
3693 829 3751 879 et

319 929 525 969 earum
561 913 882 984 cognitioni
914 913 1119 970 sedulo
1151 913 1416 986 quotidie
1457 913 1791 970 incumbas.
1827 913 2034 970 Mirata
2061 918 2151 968 est
2182 914 2321 968 olim
2368 913 2625 969 Atheniei
2659 917 2798 969 tetas
2829 929 3006 968 aurea
3036 917 3094 969 et
3119 913 3450 970 cultissima
3477 914 3747 972 homines

318 997 674 1077 διγλώττους·
709 1002 840 1058 vide
889 1004 1100 1060 amabo
1149 1008 1205 1059 te
1253 1003 1394 1075 quid
1451 1008 1647 1059 nostra
1698 1003 1884 1058 ferrea
1936 1021 1937 1054 :

2128 1020 2161 1058 a
2208 1002 2304 1072 sit,
2340 1019 2466 1075 qua:
2513 1001 2704 1057 virum
2764 1019 2880 1057 non
2939 997 3236 1077 δίγλωττον
3293 1004 3600 1074 duntaxat,
3645 1005 3747 1059 sed

318 1087 734 1166 πεντάγλωττον
766 1091 966 1159 habet,
997 1109 1168 1163 quem
1206 1092 1383 1164 priori
1434 1093 1518 1147 illi
1565 1092 1776 1148 saeculo
1827 1096 2105 1164 opponat.
2137 1097 2214 1147 De
2263 1095 2321 1148 te
2367 1091 2596 1164 loquor,
2632 1091 2963 1161 Gaulmine,
2996 1108 3170 1164 quem
3221 1109 3426 1148 omnes
3459 1094 3558 1164 qui
3590 1097 3645 1148 te
3679 1094 3751 1148 de

321 1181 469 1237 facie
498 1186 812 1248 noverunt,
845 1181 1043 1237 sciunt
1083 1181 1375 1238 Arahismi
1423 1181 1912 1247 scientissimum,
1947 1181 2296 1251 Hebraismi,
2329 1181 2643 1252 Turcismi,
2675 1182 2746 1236 de
2779 1180 3000 1252 linguis
3038 1180 3191 1237 enim
3227 1183 3424 1237 Graeca
3454 1187 3511 1236 et
3541 1182 3752 1237 Latina

320 1271 461 1344 quid
495 1271 708 1328 attinet
733 1271 940 1344 loqui?
967 1287 1102 1328 cum
1137 1272 1195 1326 in
1229 1271 1313 1328 eis
1343 1276 1541 1328 tantos
1585 1272 1880 1343 profectus
1921 1273 2048 1342 jam
2081 1271 2308 1338 feceris,
2343 1275 2405 1326 ut
2438 1271 2604 1342 pauci
2654 1271 2758 1340 qui
2806 1276 2996 1326 tecum
3050 1270 3278 1341 possint
3329 1270 3658 1342 comparari
3687 1271 3749 1326 in

316 1376 522 1415 earum
574 1360 909 1432 cognitione
957 1360 1279 1431 supersint,
1311 1360 1496 1430 quite
1523 1367 1760 1432 superet
1789 1376 1980 1416 nemo.
2013 1360 2184 1414 Novit
2234 1359 2342 1413 hoc
2391 1359 2570 1430 proba
2618 1359 2846 1429 pridem
2896 1365 3140 1414 senatus
3188 1358 3540 1414 Parisiensis
3572 1377 3604 1414 a
3635 1375 3749 1430 quo

317 1465 451 1504 cum
485 1449 894 1519 praefecturam
928 1453 1090 1504 tuam
1136 1449 1460 1518 ambiebas,
1493 1450 1676 1504 tantis
1707 1453 1985 1505 oneratus
2015 1465 2079 1504 es
2110 1448 2410 1514 laudibus,
2444 1453 2510 1502 ut
2559 1448 2617 1502 in
2671 1447 3130 1519 magistratuum
3180 1465 3495 1504 numerum
3547 1454 3751 1504 contra

314 1554 492 1609 quam
526 1542 727 1593 vetant
755 1538 937 1608 hujus
969 1538 1200 1609 imperii
1250 1537 1432 1609 leges,
1464 1543 1518 1593 te
1549 1538 1676 1593 sine
1722 1539 2065 1608 probatione
2095 1537 2473 1608 cooptaverit.
2508 1536 2680 1592 Nulla
2710 1542 2907 1619 autem
2938 1553 3140 1592 earum
3172 1535 3512 1608 linguarum
3545 1536 3747 1593 Orien-

310 1627 524 1683 talium
557 1631 668 1693 est,
697 1624 787 1680 καὶ
815 1629 982 1680 τοῦτο
1015 1625 1478 1698 θαυμαστότατον,
1511 1644 1690 1699 quam
1742 1627 1897 1682 intra

2136 1643 2163 1682 s
2196 1643 2430 1682 menses
2481 1627 2810 1697 perdiscere
2859 1643 2973 1680 non
3025 1627 3240 1697 possis,
3274 1627 3597 1682 dummodo
3629 1626 3746 1682 fido

311 1715 487 1772 liceat
517 1715 601 1771 uti
657 1716 762 1771 tibi
811 1721 1189 1789 praceptore,
1222 1722 1339 1772 tam
1367 1718 1560 1773 tenaci
1595 1717 1877 1773 memoria
1920 1718 2164 1788 gaudes,
2199 1721 2364 1771 tanta
2412 1716 2674 1771 discendi
2725 1721 2782 1771 et
2830 1716 3058 1771 litteras
3104 1716 3398 1770 tractandi
3448 1716 3745 1786 cupidine.

312 1803 478 1861 Faxit
508 1804 663 1860 Deus
685 1805 786 1876 qui
819 1821 928 1860 nos
957 1813 1012 1861 et
1045 1811 1249 1860 nostra
1269 1805 1468 1860 omnia
1498 1809 1809 1876 temperat,
1836 1809 1903 1860 ut
1922 1805 2235 1861 Nestoreos
2258 1812 2327 1858 ad
2355 1804 2436 1859 rei
2465 1802 2762 1859 litterariae
2795 1804 3226 1859 incrementum
3258 1818 3502 1874 superes
3533 1819 3745 1868 annos,

311 1897 371 1949 et
401 1892 570 1948 tarda
601 1893 680 1948 sit
709 1892 812 1949 illa
853 1893 998 1960 dies,
1031 1910 1158 1965 quas
1191 1900 1246 1950 te
1278 1894 1451 1948 nobis
1476 1892 1704 1966 eripiet.
1737 1894 1893 1964 Vale,
1926 1895 2006 1949 mi
2057 1892 2389 1957 Gaulmine,
2423 1892 2548 1947 vive
2581 1892 2640 1946 in
2673 1896 2980 1957 internum,
3012 1895 3069 1946 et
3100 1892 3314 1963 pignus
3345 1891 3502 1946 istud
3536 1891 3745 1946 amici-

309 1983 406 2037 tias
438 1981 497 2036 in
529 1986 585 2038 te
608 1987 822 2038 nostrae
855 1982 1250 2038 certissimum
1281 1985 1496 2054 accipe.
1527 1983 1745 2038 Tutare
1777 2000 1884 2038 nos
1915 1984 1985 2038 ab
2019 1981 2352 2036 invidorum
2386 1980 2628 2053 linguis,
2653 1984 2710 2036 et
2741 1979 3197 2036 tumultuarium
3231 1979 3456 2034 huncce
3483 1978 3745 2034 laborem

309 2075 585 2126 nostrum
617 2070 996 2127 limatissimo
1045 2071 1281 2150 ingenio
1311 2077 1410 2126 tuo
1442 2071 1658 2142 excole,
1693 2072 1906 2144 perﬁce
1955 2074 2130 2142 atque
2160 2071 2383 2126 adorna
2412 2069 2569 2124 curis
2600 2067 2719 2124 tuis
2752 2086 2764 2124 :
2799 2084 2930 2140 quae
2959 2067 3115 2123 enim
3148 2084 3256 2123 nos
3283 2067 3426 2123 dum
3458 2067 3735 2140 procede-

307 2160 455 2216 bant
484 2177 670 2232 opera:
723 2159 1096 2233 scripsimus,
1129 2162 1602 2217 emendationem
1651 2162 1848 2234 potius
1878 2160 2136 2217 auctoris
2165 2165 2223 2216 et
2253 2158 2797 2231 interpretationem
2847 2162 3135 2230 spectant,
3164 2174 3342 2229 quam
3387 2157 3737 2214 i1.ustratio-

309 2249 556 2306 tionem.
589 2250 810 2306 Iterum
842 2249 991 2306 vale.

382 2339 465 2395 Ex
493 2355 715 2397 musaeo
744 2343 965 2397 nostro.
997 2339 1220 2397 Tolosa:
1251 2339 1493 2397 Kalend.
1527 2339 1912 2414 Septembris.
1947 2343 2112 2396 Anno
2152 2338 2425 2395 MDCXV.

1249 2586 1490 2648 Lectori
1524 2584 1829 2646 benevolo
1861 2587 1926 2646 S.
1959 2587 2033 2645 D.
2067 2585 2126 2646 J.
2164 2583 2381 2663 Steph.
2414 2583 2791 2644 Bernardus.

377 2719 457 2775 De
489 2717 662 2775 Pselli
707 2718 895 2775 nostri
944 2719 1064 2775 vita
1111 2720 1357 2793 ejusque
1407 2720 1668 2792 scriptis,
1702 2737 1818 2775 non
1851 2723 1938 2774 est
1969 2719 2121 2790 quod
2158 2718 2485 2790 quidquam
2535 2733 2876 2785 memorem,
2909 2718 3185 2776 benevole
3235 2717 3439 2784 lector,
3472 2734 3607 2774 cum
3640 2717 3744 2774 illa

308 2824 436 2880 quas
468 2808 581 2864 huc
613 2814 880 2881 spectant
937 2809 1170 2865 abunde
1220 2809 1493 2880 cognosci
1525 2814 1741 2880 queant
1771 2825 1840 2864 ex
1874 2809 2082 2864 Leonis
2117 2808 2303 2862 Allatii
2339 2809 2445 2862 viri
2478 2807 2805 2863 doctissimi
2838 2807 3101 2863 Diatribe
3148 2809 3218 2863 de
3264 2807 3496 2876 Psellis,
3526 2825 3558 2864 a
3589 2807 3708 2864 cele

309 2897 567 2953 berrimo
613 2899 836 2955 Joanne
887 2898 1016 2954 Alb.
1053 2900 1316 2955 Fabricio
1348 2902 1561 2954 iterum
1595 2899 1753 2954 edita
1797 2907 1938 2954 tom.
1974 2899 2014 2955 V
2043 2898 2398 2955 Bibliotheca:
2449 2896 2664 2953 Gra’cw.
2697 2897 2956 2953 Breviter
3005 2901 3232 2953 tantum
3284 2897 3598 2954 recensebo
3642 2897 3748 2953 illa

318 3001 448 3055 qua:
479 2987 549 3040 de
577 2985 688 3041 hoc
718 2988 786 3041 de
830 2987 1095 3060 lapidum
1147 2988 1464 3045 virtutibus
1510 2988 1710 3044 libello
1743 2989 2039 3044 mouenda
2088 2987 2308 3055 habeo;
2343 2992 2466 3043 tum
2501 2989 2676 3044 etiam
2712 2988 2852 3059 quid
2884 2988 3010 3060 ipse
3059 2989 3128 3044 ad
3183 3005 3388 3044 novam
3435 2987 3588 3043 hanc
3618 2987 3743 3043 edi-

322 3071 542 3126 tionem
576 3076 938 3147 contulerim,
973 3093 1282 3148 exponam.
1317 3077 1545 3132 Primus
1576 3078 1731 3132 hunc
1769 3077 2038 3132 libellum
2071 3076 2130 3132 in
2166 3076 2356 3132 lucem
2398 3077 2593 3133 emisit
2621 3077 2902 3133 Claudius
2932 3079 3361 3147 Ancantherus,
3402 3084 3465 3132 ut
3493 3083 3745 3132 testatur

325 3159 637 3217 Lindenius
687 3164 760 3219 De
804 3167 1027 3238 scriptis
1075 3166 1236 3234 Med,
1269 3184 1324 3238 p.
1362 3184 1441 3222 m.
1472 3168 1596 3222 546.
1631 3167 2020 3223 Nomenclator
2048 3171 2426 3232 Gemmarum,
2459 3182 2581 3238 quae
2630 3169 2803 3236 magis
2837 3168 2900 3222 iu
2927 3183 3034 3221 usu
3063 3171 3217 3233 sunt,
3248 3183 3373 3222 cum
3420 3167 3738 3222 earumdem

316 3251 628 3319 medicinis,
677 3271 963 3327 nunquam
1018 3257 1273 3326 antehac,
1307 3257 1450 3328 quod
1505 3259 1640 3311 sciri
1699 3258 1880 3313 adhuc
1931 3259 2176 3328 potuerit
2229 3257 2432 3326 editus,
2467 3256 2692 3313 Claudio
2722 3256 3073 3312 Ancanthero
3130 3257 3344 3312 medico
3383 3260 3434 3311 et
3487 3257 3744 3313 Caesareo

311 3340 570 3398 historico
622 3359 692 3400 ex
740 3343 945 3402 Greco.
981 3347 1336 3402 Accesserant
1365 3347 1610 3418 ejusdem
1639 3348 1987 3404 Ancantlzeii
2026 3349 2086 3402 in
2119 3347 2268 3402 hunc
2298 3347 2552 3402 libellum
2584 3351 2727 3401 notae
2777 3346 2959 3402 breves
3007 3363 3120 3401 non
3167 3348 3548 3417 infructuosae.
3583 3345 3744 3416 Typis

309 3429 778 3504 Otthomarianis,
833 3435 992 3503 1594,
1041 3436 1189 3491 in-8.
1241 3436 1460 3492 Prediit
1507 3437 1784 3506 deinceps
1833 3455 1948 3492 una
1998 3453 2132 3493 cum
2189 3435 2504 3492 Plutarcho
2535 3438 2609 3492 De
2654 3438 2984 3506 ﬂuminibus
3030 3452 3172 3491 cura
3232 3435 3488 3507 Philippi
3535 3434 3742 3491 Jacobi

306 3519 622 3584 Maussaci,
657 3524 758 3594 qui
791 3524 1015 3595 primus
1045 3541 1178 3580 eum
1211 3529 1405 3581 Graece
1433 3526 1638 3592 edidit,
1673 3525 1874 3582 addita
1900 3527 2167 3582 versione
2198 3532 2255 3581 et
2294 3527 2468 3596 notis,
2501 3526 2745 3595 Tolosae,
2777 3526 2931 3581 1615.
2969 3525 3115 3581 iu-8.
3149 3524 3481 3580 Transtulit
3511 3540 3744 3597 quoque

308 3608 468 3664 hunc
495 3609 669 3667 Pselli
700 3611 966 3668 libellum
1011 3612 1070 3668 in
1118 3614 1392 3669 Latinum
1450 3619 1509 3669 et
1557 3614 1827 3670 Italicum
1880 3631 2212 3671 sermonem
2275 3615 2638 3670 anatomicus
2669 3615 3060 3670 dexterrimus
3091 3613 3388 3670 Adrianus
3446 3612 3745 3686 Spigelius

310 3699 468 3770 quod
528 3701 704 3756 refert
762 3706 871 3758 Leo
930 3702 1181 3758 Allatius
1238 3704 1298 3760 in
1360 3704 1612 3759 Diatribe
1671 3721 1798 3776 cap.
1851 3704 1941 3772 47,
1995 3721 2048 3776 p.
2098 3705 2188 3760 31.
2243 3704 2501 3776 Ejusdem
2568 3704 2873 3772 Libellum,
2935 3705 3006 3758 de
3074 3703 3360 3775 Lepidum
3417 3701 3738 3757 virtutibus

309 3786 606 3860 Philippus
658 3791 898 3847 Iacobus
952 3792 1264 3849 Maussacus
1318 3795 1536 3864 primus
1591 3794 1858 3865 vulgavit,
1921 3794 2114 3849 Latine
2167 3795 2331 3848 vertit
2387 3798 2438 3849 et
2494 3793 2806 3848 emendavit
2859 3792 3040 3848 editus
3086 3797 3164 3848 est
3225 3793 3432 3849 Tolosw
3477 3789 3658 3846 Grece
3691 3794 3745 3844 et

308 3876 506 3932 Latine
543 3895 690 3934 anno
749 3881 912 3948 1615,
949 3881 1002 3936 8.
1065 3883 1257 3937 Verum
1319 3881 1578 3938 libellum
1637 3881 1782 3938 hunc
1841 3891 1966 3938 ante
2016 3881 2360 3938 Maussacum
2417 3884 2611 3938 Latine
2665 3887 2721 3937 et
2776 3882 2965 3937 Italice
3019 3881 3313 3936 redditum
3373 3881 3441 3935 ab
3499 3879 3746 3936 Adriano

310 3963 553 4037 Spigelio
605 3968 931 4041 philosOpho
980 3977 1034 4025 et
1085 3969 1312 4042 medico,
1368 3977 1420 4026 et
1467 3973 1749 4043 gymnasii
1794 3973 2064 4028 Patavini
2115 3974 2454 4038 anatomico,
2505 3971 2657 4040 apud
2705 3971 3005 4027 liberalem
3055 3972 3310 4027 Cremam
3359 3969 3748 4040 philosophum

311 4070 377 4110 ac
422 4055 697 4112 medicum
755 4059 1107 4114 Tarvisinum
1161 4063 1692 4130 prwstantissimum
1760 4063 2073 4117 conservari
2139 4061 2210 4116 ad
2267 4061 2413 4116 hunc
2484 4061 2666 4131 diem,
2739 4061 2973 4132 epistola
3029 4076 3129 4114 sua
3197 4059 3381 4128 mihi,
3453 4060 3748 4128 utriusque

314 4145 734 4218 amicissimus,
791 4149 1026 4205 Jacobus
1076 4150 1372 4222 Philippus
1439 4150 1793 4206 Thomasinus
1861 4152 2220 4221 signiﬁcavit.
2301 4151 2500 4206 Libelli
2555 4153 2688 4206 item
2751 4150 3008 4205 meminit
3084 4149 3438 4204 Casaubonus
3493 4149 3552 4203 in
3611 4148 3752 4204 AZlii

313 4233 610 4306 Spartiani
657 4239 997 4294 Antoninum
1050 4239 1400 4297 Caracallam
1430 4243 1604 4296 notis.
1651 4242 1716 4296 Et
1759 4243 1946 4297 Justus
1990 4241 2262 4313 Rycquius
2321 4243 2381 4296 in
2430 4241 2599 4312 Epist.
2632 4242 2905 4296 Centurio
2950 4255 3092 4295 nova
3147 4239 3316 4309 Epist.
3348 4239 3440 4306 29,
3474 4239 3538 4293 in
3585 4237 3750 4294 Sare-

309 4325 438 4394 gica
487 4325 821 4383 bibliotheca
865 4331 1014 4385 inter
1055 4330 1172 4385 alia
1217 4330 1478 4400 apuscula
1523 4334 1908 4402 manuscripta
1938 4332 2099 4386 illum
2125 4348 2180 4386 se
2208 4331 2410 4388 vidisse
2452 4333 2643 4401 refert.
2700 4331 2826 4385 Haec
2873 4329 2984 4384 Leo
3032 4329 3279 4384 Allatius
3308 4327 3419 4383 loc.
3453 4327 3551 4383 cit.
3583 4327 3748 4383 Nun-

314 4428 492 4485 quam
525 4431 682 4486 vero,
717 4419 872 4490 quod
923 4418 1132 4489 sciam,
1162 4417 1405 4490 Spigelii
1437 4419 1625 4476 versio
1656 4420 1847 4476 lucem
1879 4422 2124 4492 aspexit.
2158 4421 2237 4475 Ex
2268 4421 2607 4493 apographo
2637 4419 2840 4476 Jacobi
2872 4418 3169 4475 Sirmondi
3218 4434 3280 4473 se
3328 4417 3486 4473 hunc
3523 4416 3744 4473 librum

310 4501 588 4574 vulgasse
625 4505 840 4562 fatetur
886 4507 1234 4564 Maussacus
1283 4507 1343 4563 in
1393 4509 1644 4580 epistola
1687 4509 2042 4565 dedicatoria
2073 4511 2142 4566 ad
2176 4509 2501 4566 Gilbertum
2535 4509 2940 4566 Gaulminum.
2974 4508 3256 4564 Caeterum
3304 4523 3377 4562 an
3428 4505 3658 4562 Psellus
3690 4511 3748 4562 et

315 4591 590 4661 quisnam
622 4593 736 4649 iste
767 4595 964 4666 fuerit,
996 4613 1069 4652 an
1103 4612 1238 4652 vero
1269 4595 1423 4652 alius
1473 4596 1654 4668 hujus
1703 4596 1886 4653 libelli
1937 4602 2142 4656 auctor
2172 4598 2524 4656 statuendus
2554 4597 2653 4668 sit,
2685 4595 2963 4670 disquirit
3014 4595 3128 4652 Leo
3178 4593 3422 4651 Allatius
3469 4593 3580 4650 loc.
3615 4594 3741 4664 cit.,

315 4693 447 4750 cap.
486 4681 571 4748 10,
599 4697 656 4754 p.
687 4683 741 4737 8.

387 4768 692 4825 Meditanti
723 4789 858 4829 vero
890 4773 1037 4828 mihi
1069 4775 1264 4830 denuo
1311 4775 1464 4830 hunc
1510 4773 1774 4829 libellum
1806 4775 2069 4848 vulgare,
2097 4775 2224 4831 sola
2255 4793 2383 4832 sese
2415 4775 2557 4831 mihi
2591 4773 2809 4831 obtulit
2855 4773 3031 4829 editio
3080 4770 3390 4842 Maussaci,
3422 4787 3550 4844 quae
3581 4771 3742 4828 Grai-

316 4873 453 4914 cum
501 4862 726 4916 textum
775 4862 1028 4933 sisteret,
1063 4879 1242 4934 quam
1295 4862 1420 4918 sola
1469 4863 1714 4935 proinde
1761 4864 1928 4936 sequi
1980 4863 2190 4926 debui:
2225 4881 2414 4936 neque
2446 4865 2622 4920 etiam
2675 4863 2745 4918 cl.
2778 4860 3131 4918 Ancantheri
3179 4861 3504 4916 versionem
3555 4860 3742 4916 oculis

313 4944 571 5004 lustrare
600 4947 788 5014 licuit,
821 4951 1094 5021 quamvis
1126 4951 1183 5005 id
1215 4950 1383 5006 valde
1435 4955 1758 5024 optassem,
1791 4951 2086 5024 imprimis
2117 4968 2251 5008 cum
2301 4954 2645 5008 Maussacus
2675 4968 2821 5007 usus
2847 4949 2923 5005 sit
2954 4948 3152 5004 codice
3200 4947 3391 5003 lacero
3420 4948 3741 5003 admodum

317 5051 384 5092 ac
415 5037 648 5106 mutilo,
683 5055 809 5110 qua:
842 5057 937 5095 res
965 5041 1090 5096 viro
1118 5039 1525 5096 eruditissimo
1559 5040 1866 5112 imposuit,
1901 5047 1964 5098 ut
1994 5043 2141 5098 mire
2172 5043 2439 5114 quaedam
2491 5041 2615 5097 loca
2645 5040 3005 5113 explicuerit.
3039 5038 3317 5105 Quamvis
3368 5042 3563 5092 autem
3594 5036 3744 5092 nihil

318 5132 528 5201 praeter
557 5128 850 5186 Maussaci
896 5128 1215 5185 editionem
1271 5130 1340 5185 ad
1393 5146 1607 5186 manus
1638 5135 1814 5196 esset,
1848 5132 2002 5203 quod
2039 5131 2183 5187 mihi
2218 5131 2427 5187 fuisset
2473 5134 2849 5202 adjumento;
2900 5128 3208 5200 sperabam
3258 5131 3454 5183 tamen
3507 5127 3628 5182 fore
3679 5130 3746 5182 ut

320 5217 579 5275 maculas
610 5218 659 5274 si
692 5235 807 5274 non
836 5235 1068 5288 omnes,
1099 5218 1299 5275 saltim
1331 5219 1618 5292 plurimas
1666 5219 1948 5289 eluerem,
1981 5220 2030 5276 si
2073 5220 2412 5292 scriptores,
2443 5221 2544 5293 qui
2575 5221 2779 5276 eodem
2813 5223 3156 5290 argumento
3186 5215 3454 5288 occupati
3486 5216 3743 5289 fuerunt,

316 5307 682 5363 consulerem
735 5311 910 5378 atque
962 5307 1310 5375 conferrem,
1343 5308 1498 5380 quod
1531 5313 1820 5380 quantum
1856 5308 2000 5364 mihi
2035 5309 2321 5381 profuerit
2355 5315 2442 5374 tu,
2477 5310 2693 5374 Lector,
2720 5305 3038 5378 judicahis.
3073 5305 3137 5360 In
3186 5303 3342 5361 notis
3390 5305 3591 5361 studui
3643 5323 3745 5378 po-

311 5395 612 5452 tissimum
664 5413 854 5452 naevos
905 5396 1264 5468 abstergere,
1295 5397 1396 5468 qui
1429 5397 1630 5452 sensui
1661 5399 1975 5453 verborum
2009 5414 2076 5454 ac
2109 5399 2366 5453 auctoris
2398 5398 2578 5452 menti
2609 5398 2930 5463 ofﬁcerent,
2963 5411 3030 5449 ac
3081 5394 3178 5450 ubi
3231 5394 3287 5448 id
3334 5412 3450 5450 non
3500 5412 3746 5466 prorsus

311 5480 741 5560 ἀπροσδιόνυσον
774 5485 1102 5551 videbatur,
1132 5485 1266 5541 aliis
1292 5501 1527 5556 quoque
1558 5487 1899 5543 auctoribus
1932 5486 2190 5560 aliquam
2226 5487 2416 5542 lucem
2463 5487 2764 5542 effundere
2793 5484 3000 5556 sategi.
3027 5484 3112 5538 Tu
3142 5500 3277 5540 vero
3305 5482 3368 5539 B.
3401 5484 3463 5539 L.
3497 5490 3745 5540 conatus

312 5574 493 5631 hosce
522 5573 660 5630 boni
695 5573 970 5643 consule;
1007 5573 1091 5630 sic
1123 5575 1195 5630 ad
1228 5573 1398 5646 plura
1429 5575 1713 5631 tentanda
1742 5576 1978 5632 animus
2009 5576 2158 5632 mihi
2188 5576 2518 5646 adjicietur.
2553 5574 2713 5630 Vale.
