4100 6438
348 406 465 468 901

1250 401 1354 462 DE
1401 399 2292 472 GREGORIO'THEOLOGO,
2338 398 2670 474 BASILIO,
2717 399 2889 462 ETC.

3660 409 3778 469 902

1695 693 1946 789 ΤΟΥ
2032 693 2454 789 ΑΥΤΟΥ

1281 914 1749 971 ΧΑΡΑΚΤΗΡΕΣ
1827 912 2205 970 ΓΡΗΓΟΥΙΟΥ
2275 913 2406 969 ΤΟΥ
2481 913 2846 971 ΘΕΟΔΟΓΟΥ

1602 1033 1735 1086 'ror
1783 1028 2114 1086 MEI‘AAOI’
2153 1028 2552 1100 ΒΑΣΙΛΕΙΟΥ,

1184 1149 1322 1206 ΤΟΥ
1359 1147 1887 1218 ΧΡΥΣΟΣΤΟΜΟΥ,
1927 1151 2046 1202 ΚΔΙ
2074 1147 2450 1204 ΓΡΗΓΟΡΙΟΥ
2488 1148 2621 1203 ΤΟΥ
2657 1152 2958 1206 ΝΥΣΣΗΣ.

1792 1506 2361 1603 EJUSDEM

1348 1719 1498 1780 CHA
1513 1717 1920 1780 RAGTERES
1967 1717 2343 1779 GHEGOBII
2387 1718 2810 1793 THEOLOGI,

1771 1843 2057 1904 BASILIl
2109 1841 2390 1916 MAGNI,

1067 1972 1132 2030 S.
1179 1969 1513 2032 JOANNIS
1557 1967 2119 2032 CHRYSOSTOMI
2165 1968 2264 2028 ET
2310 1966 2691 2029 GBEGORII
2737 1967 3095 2030 NYSSENI.

448 2322 514 2378 α’.
575 2319 913 2394 ’Πρώτησας,
983 2316 1290 2393 λογιώτατε
1346 2313 1568 2393 ἆδελφὲ,
1617 2314 1760 2377 τίνες
1817 2334 1878 2369 τε
1933 2315 2083 2387 καὶ]

2215 2315 2264 2370 1.
2301 2313 2716 2388 lnterrogastis
2749 2331 2862 2383 me,
2897 2331 2930 2372 ο
2960 2317 3303 2374 doctissime
3334 2319 3531 2392 frater,
3555 2323 3797 2393 quinam

381 2406 542 2464 πόσοὶ
597 2410 697 2474 τῆς
753 2403 872 2468 καθ’
903 2404 1052 2476 ἡμᾶς
1101 2403 1431 2482 φλιοσοφίας
1487 2402 1622 2479 πρὸς
1673 2405 1775 2472 τὴν
1823 2402 2027 2478 τέχνην

377 2496 505 2558 τοὺς
536 2493 773 2557 οἷκείους
821 2492 1021 2569 λόγους
1071 2491 1347 2564 ἀπέξεσαν,
1384 2492 1476 2548 καὶ
1526 2492 1576 2547 εἲ
1605 2489 2034 2566 ἀξιολογώτατοί

382 2586 486 2644 εἶσι
535 2591 656 2649 τοῖς
690 2584 816 2662 περὶ
865 2583 1065 2639 Λυσίαν
1118 2583 1210 2638 καὶ
1262 2580 1606 2656 δημοσθένην
1662 2579 2037 2654 διαμιλληθῆ-

378 2701 465 2734 ναι
498 2683 620 2741 ταῖς
647 2698 704 2734 τε
752 2679 1158 2753 πραγματικαῖς
1206 2677 1563 2736 κατασκευαῖς
1609 2672 1698 2727 καὶ
1742 2677 1862 2734 ταῖς
1911 2673 2034 2742 ἠθι-

376 2773 498 2833 καῖς
538 2766 864 2836 πιθανότησι
920 2767 1012 2820 καὶ
1059 2767 1128 2838 τῇ
1179 2767 1288 2819 τῶν
1349 2763 1632 2835 ὀνομάτων
1693 2760 1901 2836 ἐκλογῇ
1944 2761 2034 2815 καὶ

381 2859 645 2933 συνθήκῃ,
705 2851 783 2912 ἔτι
844 2857 951 2930 μὴν
1013 2859 1132 2915 τοῖς
1190 2851 1457 2914 ἰπιθὲτοις
1502 2850 1734 2924 κόσμοις
1777 2851 1868 2904 καὶ
1916 2853 2035 2912 τοῖς

384 2952 688 3022 θεατρικοῖς
713 2947 822 3022 σχή
831 2965 984 3021 μασι.

467 3053 535 3128 β’.
565 3054 716 3126 Φημὶ
747 3057 872 3129 γοῦν
920 3052 1058 3128 πρὸς
1109 3050 1138 3106 ὃ
1186 3049 1428 3123 πυνθάνῃ
1466 3046 1919 3122 ἀποκρινόμενος,
1951 3043 2035 3100 ὅτι

392 3139 565 3205 πολὺς
603 3142 697 3215 μὶν
742 3142 830 3196 καὶ
878 3143 906 3196 ὁ
967 3140 1237 3215 ἡμέτερος
1281 3135 1490 3200 κύκλος
1545 3134 1739 3191 ὁπόσοι
1791 3136 1891 3204 τὴν
1946 3133 2034 3190 εύ-

389 3230 657 3307 γλωττίαν
717 3228 998 3302 ἐζήλωσαν
1034 3248 1046 3262 ·
1114 3229 1374 3302 τέσσαρας
1443 3223 1502 3280 δι
1557 3229 1652 3280 τοῦ
1720 3222 2033 3298 σύμπαντος

385 3324 561 3397 χοροῦ
583 3319 776 3394 τίθημι
827 3315 1158 3396 κορυφαίους
1181 3337 1194 3352 ο
1245 3317 1346 3386 τὴν
1407 3311 1686 3389 σάλπιγγα
1711 3319 1812 3382 τῆς
1845 3311 2035 3378 θεολο-

385 3408 506 3484 γίας
567 3408 890 3485 Γρηγόριον,
938 3407 1028 3464 καὶ
1086 3406 1177 3462 τὸν
1234 3406 1447 3479 ἑταῖρον
1507 3403 1598 3458 καὶ
1661 3401 1832 3477 μὲγαν
1878 3403 2036 3458 Βασία-

385 3497 559 3571 λειον,
593 3500 681 3554 καὶ
713 3499 806 3554 τὸν
839 3497 900 3553 ἐκ
943 3500 1053 3552 τῶν
1105 3497 1286 3551 αὐτῶν
1336 3494 1660 3570 σπερμάτων
1694 3491 1840 3563 αύτῷ
1869 3491 2039 3570 φύντα

387 3588 714 3665 Γρηγόριον,
773 3587 864 3643 καὶ
919 3588 1020 3657 τὴν
1075 3588 1286 3662 χρυσῆν
1342 3582 1513 3659 λύραν
1556 3586 1653 3637 τοῦ
1704 3581 2037 3653 Πνεύματος.

2143 2407 2200 2460 et
2229 2409 2372 2476 quot
2403 2405 2556 2459 inter
2605 2407 2836 2460 nostros
2887 2405 3187 2478 sapientes
3226 2408 3298 2463 ad
3347 2409 3608 2481 regulam
3654 2413 3798 2469 artis

2144 2510 2285 2550 suas
2316 2493 2612 2548 orationes
2643 2493 2976 2565 poliverint,
3015 2499 3073 2551 et
3123 2513 3264 2552 num
3316 2497 3478 2570 digni
3527 2499 3648 2556 sint
3694 2502 3799 2573 qui

2146 2581 2330 2654 Lysiae
2370 2588 2427 2638 et
2474 2581 2853 2638 Demostheni
2911 2584 3290 2641 conferantur
3347 2592 3472 2642 tum
3531 2589 3800 2647 studioso

2145 2677 2428 2742 apparatu
2463 2675 2522 2727 et
2553 2670 2879 2728 moralibus
2925 2674 3254 2746 affectibus,
3303 2681 3432 2732 tum
3485 2679 3796 2736 nominum

2145 2759 2372 2816 delectu
2403 2765 2462 2816 et
2488 2761 2929 2829 compositione,
2960 2766 3086 2819 tum
3115 2763 3292 2821 etiam
3340 2767 3541 2824 addito
3589 2773 3798 2825 ornatu

2146 2854 2204 2906 et
2233 2849 2541 2906 concinnis
2575 2850 2800 2906 formis.

2215 3049 2271 3103 2.
2299 3048 2387 3104 Ad
2421 3064 2489 3104 ea
2517 3066 2647 3122 quae
2680 3065 2773 3105 me
2805 3050 3134 3124 interrogas
3165 3056 3492 3126 respondeo
3544 3057 3799 3114 multum

2147 3153 2277 3194 esse
2307 3141 2644 3193 nostrorum
2675 3137 2959 3194 circulum
2993 3142 3096 3212 qui
3125 3141 3462 3216 eloquentia
3509 3146 3802 3217 praestite-

2117 3267 2127 3276 .
2147 3231 2306 3293 runt;
2342 3231 2596 3298 quatuor
2614 3232 2810 3284 autem
2833 3227 3012 3299 hujus
3034 3229 3194 3286 chori
3218 3233 3556 3304 coryphaeos
3578 3239 3797 3293 statuo:

2147 3313 2450 3388 theologia:
2466 3316 3022 3390 tubamGregorium
3039 3319 3358 3376 etamicum
3373 3324 3502 3394 ejus
3517 3339 3799 3396 magnum

2147 3406 2451 3472 Basilium,
2477 3413 2536 3464 et
2565 3426 2700 3465 eum
2735 3411 2836 3482 qui
2869 3426 2936 3465 ex
2965 3411 3172 3466 eodem
3204 3414 3492 3485 sanguine
3519 3420 3682 3472 ortus
3712 3421 3803 3474 est

2147 3495 2490 3568 Gregorium
2515 3503 2572 3553 et
2603 3515 2842 3554 auream
2873 3499 3129 3570 Spiritus
3163 3501 3369 3570 lyram.
3394 3503 3605 3559 Eorum
3639 3505 3803 3577 quis-

2147 3601 2258 3656 que
2283 3585 2537 3642 sustinet
2583 3587 2833 3642 conferri
2878 3588 3211 3660 cuicunque
3260 3591 3417 3647 voles
3467 3609 3535 3648 ex
3585 3595 3805 3650 Graecis

383 3676 600 3733 Τούτων
652 3677 755 3753 γὰρ
816 3674 1038 3738 ἕκαστος
1089 3675 1365 3750 αὐτάρκης
1425 3673 1535 3757 (inp
1592 3668 1659 3741 δὴ
1719 3669 1906 3745 βούλει
1932 3674 2083 3757 τῶν]

2152 3675 2552 3746 sapientibus;
2588 3693 2704 3732 non
2736 3677 2890 3748 quod
2927 3678 3338 3750 unusquisque
3371 3697 3580 3738 omnes
3612 3683 3804 3739 omni-

385 3767 510 3839 παρ’
549 3765 790 3838 Ἕλλησι
841 3763 1304 3840 σοφιστευσάντων
1355 3755 1694 3837 παραϐαλεῖν
1727 3778 1741 3790 ’
1803 3759 1913 3834 οὐχ
1968 3758 2040 3820 ὡς

384 3853 610 3910 ἑκάστου
665 3859 796 3910 πᾶσι
864 3855 1069 3915 πάντας
1131 3845 1561 3928 ὑπερϐαλόντος,
1617 3846 1764 3904 ἀλλὰ
1817 3849 1885 3902 τὰ
1945 3847 2039 3921 μὶν

389 3943 572 4019 μίρεσί
622 3965 762 4000 τισιν
831 3940 1232 4016 ἁμιλλωμένου
1283 3940 1422 4016 πρὸς
1476 3937 1697 3994 ἕκαστον
1753 3941 1860 3992 τῶν
1917 3943 2042 4012 παρ’

386 4032 616 4096 ἆκείνοις
677 4031 1184 4105 εὐδοκιμησάντων,
1265 4031 1332 4085 τὰ
1385 4027 1442 4084 δὶ
1499 4027 1724 4084 κατόπιν
1785 4025 2039 4091 ἐλθόντος

386 4120 495 4198 (δεῖ
523 4143 628 4199 γαρ
657 4122 893 4193 τάληθὲς
943 4120 1152 4198 λέγειν)
1196 4124 1313 4182 τοῖς
1367 4116 1426 4174 δὲ
1471 4116 1684 4176 πλείοσι
1728 4115 1819 4171 καὶ
1863 4137 2042 4192 παρα-

388 4209 714 4288 δραμόντος.
764 4212 838 4267 Ού
878 4213 982 4287 γὰρ
1039 4211 1232 4265 ταυτὸν
1274 4209 1534 4282 πείσομαι
1581 4213 1698 4269 τοῖς
1757 4203 1874 4261 ὅσοι
1923 4225 2042 4281 κρι-

385 4301 474 4357 ταὶ
503 4303 786 4378 γεγονότες
834 4299 1111 4377 ἑκατέροις
1156 4305 1274 4360 τοῖς
1329 4297 1567 4373 μέρεσιν,
1599 4292 1782 4352 ἔπειτα
1809 4301 1890 4369 τῷ
1920 4296 2042 4350 ἑαυ-

388 4395 496 4446 τῶν
574 4389 890 4466 βουλήματι
966 4386 1570 4457 κατακολουθήσαντες,
1643 4385 1706 4441 οὐ
1789 4385 1928 4460 πρὸς
1980 4386 2044 4440 τὸ

389 4480 618 4535 ἑκάστου
660 4479 855 4556 μέτρον
904 4479 1000 4540 τὰς
1047 4479 1266 4556 ψήφους
1310 4475 1621 4549 ἐξήνεγκαν,
1663 4473 1810 4546 ἀλλ’,
1861 4475 2041 4549 ὥσπερ

386 4575 485 4639 τῆς
521 4567 682 4642 δόξης
707 4569 994 4644 ἀπεχθεῖς,
1027 4567 1170 4622 οὕτω
1221 4563 1288 4635 δὴ
1334 4563 1425 4619 καὶ
1467 4568 1565 4618 τοῦ
1607 4562 1780 4638 λόγου
1811 4563 2043 4637 γεγονό-

387 4679 474 4723 τες
501 4665 620 4722 τοῖς
649 4657 946 4729 Ἕλλησιν,
1004 4656 1302 4720 ἀντιθέτοις
1358 4654 1572 4714 ἑαυτοῖς
1619 4653 1754 4724 πρὸς
1806 4651 2042 4715 ἐκείνους

391 4746 718 4822 ἰχρήσαντο,
779 4748 868 4804 καὶ
914 4751 1032 4808 τοῖς
1095 4744 1318 4805 οἱκείοις
1374 4741 1734 4818 προσθέμενοι
1794 4741 2042 4813 ἐξεπίτη-

392 4832 496 4905 δες,
530 4837 603 4899 ὡς
642 4835 976 4913 ἀλλοτρίους
1002 4834 1240 4896 ἐκείνους
1271 4833 1583 4908 ἐτρὲψαντο.
1616 4830 1692 4889 Ού
1725 4828 1791 4901 δὴ
1825 4833 2044 4902 ποιήσω

385 4926 549 4981 τοῦτο
576 4925 682 5000 ἐγώ
707 4945 719 4958 °
756 4925 864 5000 οὐχ
912 4923 1058 4980 οὕτω
1105 4923 1444 5000 τετύφωμαι.
1491 4919 1646 4978 Ἀλλ’
1677 4921 1752 4983 ὡς
1781 4919 2040 4975 κάκείνων

389 5013 554 5090 ἲσχὺν
584 5015 671 5070 ἐπὶ
729 5020 845 5078 τοῖς
895 5011 1085 5090 λόγοις
1144 5012 1384 5087 ἑχοντων
1438 5010 1526 5066 καὶ
1571 5007 1790 5079 πολλὴν
1845 5014 2039 5084 μοῖραν

391 5105 905 5180 συνεισενεγκότνων
954 5106 1023 5177 τῇ
1073 5100 1245 5176 τέχνῃ
1291 5097 1506 5176 ἤπαρᾶ
1549 5099 1647 5168 τὴν
1691 5098 1891 5174 τεχνην
1925 5103 2041 5161 ταῖς

387 5198 485 5248 τοῦ
539 5191 706 5271 λόγου
751 5190 1068 5266 δυνάμεσιν,
1127 5189 1270 5246 οὕτω
1325 5187 1393 5258 δὴ
1442 5189 1534 5244 τὸν
1586 5187 1768 5264 ἀγῶνα
1811 5189 2046 5259 ποιήσας

389 5281 572 5338 καὶτᾶ
615 5284 754 5357 πρὸς
799 5279 1028 5351 ἄλληλα
1074 5277 1130 5335 εὖ
1179 5278 1428 5353 θέμενος,
1461 5275 1652 5349 ἆξοίσω
1696 5278 1798 5347 τήν
1839 5281 2045 5352 ψῆφον,

387 5375 652 5427 τοσοῦτον
713 5371 981 5439 ὑπειπὼν,
1042 5364 1125 5423 ὅτι
1208 5368 1340 5442 ὅπερ
1399 5367 1512 5422 ἐστὶ
1563 5365 1920 5439 Δημοσθένης
1975 5371 2046 5441 τῇ

388 5460 544 5534 ἒτέρᾳ
576 5458 783 5536 μερίδι,
816 5458 963 5538 φημὶ
992 5463 1062 5533 τῇ
1107 5455 1434 5531 Ἑλληνικῇ,
1466 5459 1628 5511 τοῦτο
1657 5458 1726 5521 τῆ
1756 5457 1876 5520 καθ’
1900 5458 2049 5530 ἡμᾶς

388 5552 418 5606 ὁ
450 5547 724 5626 Θεολόγος
777 5549 1101 5626 Γρηγόριος.
1158 5549 1340 5622 Τριῶν
1399 5543 1457 5599 δὲ
1515 5541 1686 5598 ὄντων
1738 5541 1896 5598 εἱδῶν
1946 5549 2046 5611 τῆς

389 5639 709 5716 ῥητορικῆς,
741 5639 770 5694 ό
806 5639 901 5712 μὶν
952 5637 1306 5710 Δημοσθένης
1357 5637 1436 5705 τῷ
1482 5630 1745 5704 δικανικῷ
1779 5632 1929 5709 μίρει
1961 5634 2048 5689 εύ-

389 5724 768 5803 δοκιμώτατος
796 5726 895 5783 κᾶν
933 5725 1053 5788 ταὶς
1095 5719 1440 5800 συμϐουλαῖς
1488 5724 1597 5776 τῶν
1648 5717 1836 5778 ἄλλων
1869 5719 2048 5780 δεινό-

2151 3763 2260 3818 bus
2290 3769 2551 3836 superat,
2584 3767 2682 3822 sed
2717 3767 2870 3838 quod
2905 3767 3263 3839 quibusdam
3300 3769 3568 3841 partibus
3595 3772 3804 3845 singu-

2149 3851 2238 3908 los
2273 3868 2473 3908 eorum
2507 3855 2609 3926 qui
2643 3855 2861 3910 famam
2894 3856 3092 3927 adepti
3125 3861 3265 3911 sunt
3291 3860 3621 3928 aemuletur,
3657 3878 3804 3917 non-

2152 3958 2453 4013 nunquam
2484 3949 2614 4014 post
2635 3943 2874 3999 veniens
2892 3943 3145 4016 (oportet
3165 3947 3319 4000 enim
3341 3963 3541 4002 verum
3567 3949 3805 4022 dicere),

2151 4031 2252 4086 sed
2287 4031 2502 4104 saepius
2536 4033 3125 4104 transgrediens.Non
3159 4035 3316 4089 enim
3351 4051 3521 4105 agam
3559 4044 3622 4093 ut
3641 4038 3679 4094 ii
3704 4039 3807 4111 qui

2153 4119 2464 4193 utriusque
2494 4122 2928 4194 partisjudices
2979 4123 3192 4188 effecti,
3245 4126 3489 4197 prepriae
3537 4141 3656 4183 sua:
3705 4145 3804 4184 vo-

2149 4208 2364 4265 luntati
2393 4210 2803 4281 obsequentes,
2859 4227 2970 4267 non
3025 4228 3127 4283 pro
3176 4212 3544 4286 singulorum
3594 4217 3804 4274 merito

2151 4299 2432 4371 suifragia
2461 4299 2755 4367 tulerunt;
2805 4302 2906 4356 sed
2959 4307 3134 4373 prout
3178 4303 3454 4359 doctrina:
3503 4311 3668 4362 erant
3715 4309 3806 4362 in-

2152 4388 2322 4459 fensi,
2373 4389 2455 4444 ita
2502 4393 2560 4444 et
2606 4390 2938 4445 Graecorum
2989 4390 3377 4460 orationibus,
3429 4411 3492 4450 se
3542 4395 3660 4452 illis
3710 4397 3809 4452 ad-

2151 4477 2444 4534 versarios
2473 4484 2806 4550 gesserunt,
2831 4485 2891 4534 et
2921 4479 3174 4551 propriis
3205 4481 3424 4537 addicti
3454 4485 3805 4551 oratoribus,

2156 4572 2550 4623 utextraneos
2574 4566 2708 4623 illos
2731 4570 3078 4639 rejecerunt.
3115 4573 3240 4624 Non
3276 4571 3384 4626 hoc
3415 4589 3522 4645 ego
3555 4574 3763 4629 faciam
3789 4592 3804 4642 ;

2134 4673 2270 4713 ‘non
2304 4657 2389 4712 ita
2419 4657 2691 4717 cascutio:
2723 4661 2825 4713 sed
2858 4659 3184 4714 concedens
3214 4675 3316 4715 eos
3344 4660 3459 4715 vim
3494 4661 3552 4716 in
3603 4663 3812 4718 oratio-

2153 4746 2330 4801 nibus
2357 4746 2572 4802 habere
2602 4755 2659 4802 et
2689 4746 2939 4802 multum
2972 4747 3095 4802 sive
3125 4749 3256 4817 arti,
3291 4749 3410 4805 sive
3441 4750 3597 4806 ultra
3625 4755 3809 4807 artem

2155 4834 2439 4890 orationis
2470 4835 2741 4907 potentia:
2773 4835 3118 4902 contulisse,
3150 4838 3228 4892 ita
3277 4839 3588 4894 discrimen
3638 4840 3808 4896 insti-

2152 4927 2326 4979 tuens
2393 4929 2451 4979 et
2517 4923 2632 4979 alia
2689 4924 2822 4982 aliis
2891 4942 3219 4997 opponens,
3271 4928 3554 5000 suffragia
3598 4929 3806 5001 feram,

2157 5013 2380 5068 addens
2410 5013 2752 5086 Gregorium
2800 5013 3140 5086 theologum
3191 5017 3346 5088 apud
3400 5023 3634 5074 nostros
3681 5035 3812 5076 esse

2158 5105 2314 5176 quod
2367 5103 2792 5161 Demosthenes
2847 5105 2906 5160 in
2951 5103 3135 5160 altera
3183 5111 3366 5178 parte.
3419 5107 3562 5164 Cum
3613 5113 3812 5165 autem

2159 5192 2278 5250 sint
2308 5193 2421 5249 tria
2467 5192 2818 5266 eloquentia
2866 5210 3102 5267 genera,
3155 5195 3212 5251 in
3253 5196 3527 5268 judiciali
3572 5198 3813 5270 quidem

2158 5280 2577 5338 celeberrimus
2614 5282 3055 5349 Demosthenes,
3083 5287 3140 5339 et
3170 5283 3229 5340 in
3260 5285 3522 5342 consiliis
3555 5287 3816 5343 omnium

2159 5369 2408 5426 aliorum
2458 5370 2855 5442 peritissimus
2903 5379 3012 5439 est,
3062 5373 3135 5427 ad
3188 5376 3571 5448 panegyricus
3619 5381 3816 5433 autem

2160 5459 2455 5515 orationes
2488 5459 2774 5523 delectus.
2806 5466 2862 5516 et
2893 5460 3006 5517 sibi
3035 5468 3092 5518 et
3122 5461 3256 5518 aliis
3286 5463 3528 5520 inferior
3558 5469 3682 5533 est;
3732 5463 3819 5520 illi

2159 5554 2356 5605 autem
2389 5549 2696 5622 oppositus
2723 5549 3063 5623 Gregorius,
3086 5567 3153 5606 eo
3174 5551 3592 5609 laudationum.
3605 5569 3819 5626 genere

2158 5655 2274 5694 non
2307 5642 2538 5693 tantum
2588 5637 3106 5696 Demosthenicam
3156 5640 3560 5714 eloquentiam
3611 5643 3817 5713 vincit,

2159 5727 2260 5784 sed
2275 5741 2386 5798 neq
2395 5725 2541 5795 ue,si
2557 5743 2685 5801 qua
2699 5727 2776 5784 sit
2790 5727 2931 5786 tuba
2943 5726 3417 5803 coelestia,quoad
3441 5730 3593 5787 hanc
3604 5729 3815 5788 saltem
