4100 6398
320 376 437 437 903

1653 370 2082 433 MlCllAl‘lLIS
2127 369 2400 432 PSELLI

3616 369 3741 432 904

321 511 566 581 partem,
594 505 645 559 ei
677 520 820 560 sono
871 503 1197 576 comparari
1241 503 1426 572 valet;
1485 504 1542 558 in
1587 501 1949 573 iudicialibu:

2083 520 2265 570 τατος,
2318 500 2702 576 πανηγυρίζειν
2751 498 2808 556 δὲ
2856 502 3263 577 προῃρημένος,
3315 501 3508 556 ἑαυτοῦ
3555 521 3614 555 τε
3642 500 3738 555 καὶ

319 605 513 654 autem
547 593 970 650 certaminibus
1003 599 1059 648 et
1089 593 1145 648 in
1181 593 1254 648 iis
1283 593 1652 648 orationibus
1677 593 1733 646 in
1758 591 1977 663 quibus

317 685 563 742 consilia
592 683 875 756 disponit,
907 683 1063 738 valet
1096 699 1229 738 cum
1263 682 1364 737 illo
1396 683 1712 738 decertare.
1746 682 1868 746 Quo
1919 680 1975 734 in

314 791 526 849 genere
573 772 980 830 Demosthenis
1030 771 1363 843 eloquentia
1413 788 1568 826 nunc
1615 769 1835 840 ingenti
1885 769 1973 823 in-

313 881 526 921 cursus
557 863 801 919 ﬂumine
826 861 1080 927 effervet,
1120 879 1276 916 nunc
1307 861 1475 932 quasi
1512 860 1720 915 leniter
1749 859 1974 932 spirare

312 955 570 1021 videtur,
606 958 662 1008 et
697 951 924 1008 minore
957 951 1097 1006 ﬂatu
1135 951 1337 1006 utitur.
1371 951 1649 1022 Gregorio
1684 954 1878 1004 autem
1915 947 1972 1002 in

312 1043 632 1100 certamine
663 1041 995 1114 procedenti
1027 1040 1180 1110 viget
1210 1040 1416 1106 oratio,
1449 1050 1501 1095 et
1553 1040 1780 1094 ictuum
1831 1041 1963 1108 ejus

312 1133 448 1189 finis
479 1132 647 1204 quasi
695 1129 1092 1201 cataclysmus
1138 1134 1230 1184 est
1279 1145 1393 1201 quo
1444 1129 1740 1194 defertur;
1786 1126 1973 1181 variat

310 1235 508 1287 autem
533 1227 878 1300 judicialem
929 1227 1253 1282 orationem
1305 1225 1631 1299 hypallrgis
1680 1230 1736 1279 et
1786 1228 1970 1280 meta-

307 1318 531 1392 phoris,
563 1317 680 1373 alia
711 1316 966 1389 periodis
998 1315 1379 1379 concludens,
1413 1314 1528 1370 alia
1559 1315 1771 1386 spiritu
1826 1331 1969 1384 pan-

308 1410 473 1465 dens.
501 1408 567 1462 Et
598 1407 668 1462 ad
700 1422 932 1462 omnem
969 1405 1210 1460 Atticam
1247 1420 1478 1460 musam
1513 1403 1807 1475 prOpriain
1842 1419 1968 1457 ora-

303 1498 525 1553 tionem
559 1495 796 1568 polivit;
833 1494 1023 1565 magis
1053 1500 1249 1548 autem
1301 1493 1609 1548 Aristidem
1663 1493 1859 1560 refert,
1910 1494 1968 1546 et

313 1602 451 1642 eum
481 1585 742 1640 omnium
773 1583 1027 1638 maxime
1060 1583 1327 1637 imitatus
1375 1598 1504 1636 esse
1553 1581 1800 1646 videtur,
1853 1579 1967 1634 nisi

313 1680 512 1730 tamen
566 1673 717 1744 quod
769 1672 997 1727 Aristiis
1049 1673 1289 1742 quidem
1355 1669 1692 1742 eloquentia
1757 1675 1964 1738 tonat,

313 1763 547 1836 fulgura
574 1779 706 1818 vero
739 1778 854 1816 non
886 1761 1138 1828 emittit;
1174 1759 1381 1814 miscet
1411 1760 1567 1815 enim
1619 1775 1791 1814 aures
1838 1775 1962 1813 om-

2085 593 2192 642 τῶν
2248 586 2435 644 ἄλλων
2492 587 2733 645 ἐλάττων
2788 588 2925 645 ἐστίν
2963 610 2976 624 σ
3030 592 3057 645 ὁ
3108 587 3165 645 δέ
3223 591 3498 654 ἀντίθετος
3555 589 3739 662 τούτῳ

2086 677 2416 753 Γρηγόριος,
2445 679 2546 746 τὴν
2609 679 2702 752 μὶν
2753 680 3132 755 πανηγυρικήν
3189 676 3355 748 ἰδέαν,
3403 679 3466 734 ού
3494 680 3592 748 τὴν
3629 689 3741 749 Δη-

2091 767 2415 837 μοσθενικήν
2453 765 2619 838 μόνον
2672 765 2922 841 γλῶτταν
2979 762 3422 841 ὑπερηκόντισεν,
3465 764 3592 821 ἀλλ’
3623 763 3744 821 οὐδ’

2085 854 2130 909 εἶ
2185 851 2295 909 ἔστι
2340 876 2422 916 τις
2480 852 2710 931 σάλπιγξ
2763 855 3035 929 ούρανιος,
3081 853 3366 927 ἐκείνῳ.δή
3427 855 3740 930 ἀντηχῆσαι

2085 943 2303 999 δύναται
2342 944 2476 999 κατά
2530 965 2590 1018 γε
2634 949 2796 999 τοῦτο
2845 945 3008 1017 μέρος
3043 964 3056 978 ’
3117 946 3251 1018 πρὸς
3301 942 3357 1001 δέ
3399 967 3458 1018 γε
3489 943 3742 1000 δικαστι-

2080 1033 2210 1097 xci);
2249 1035 2460 1108 ἀγωνας
2508 1033 2600 1088 καὶ
2651 1032 2701 1088 ἐν
2758 1035 2837 1096 οἷς
2893 1034 2988 1096 τὰς
3039 1030 3356 1107 συμϐουλὰς
3415 1032 3738 1102 διατίθεται,

2083 1131 2266 1193 ἱκανὸς
2319 1130 2510 1204 ἐκείνῳ
2559 1129 3052 1205 διαμιλλήσασθαι.
3109 1131 3282 1190 Ἀλλᾶ
3336 1137 3417 1205 τῷ
3477 1134 3572 1206 μὶν
3625 1141 3737 1202 Δη-

2085 1221 2331 1292 μοσθένει
2392 1219 2516 1295 περῖ
2565 1224 2732 1275 ταῦτα
2791 1223 2825 1290 ἡ
2883 1219 3104 1296 γλῶττα
3158 1226 3248 1275 νῦν
3307 1223 3400 1294 μὲν
3463 1220 3736 1297 καχλάζει

2078 1307 2277 1381 πολλῴ
2303 1314 2383 1381 τῷ
2433 1308 2658 1384 ῥεύματι
2707 1316 2805 1379 τῆς
2846 1307 3199 1384 καταδρομῆς
3229 1312 3530 1387 χρωμένῳ,
3579 1311 3738 1375 αὖθις

2079 1396 2135 1454 δὶ
2183 1403 2482 1473 παραπνεῖν
2531 1399 2642 1453 οἷον
2686 1395 2850 1466 ἔοικε,
2895 1400 2982 1453 καὶ
3033 1398 3280 1454 ἐλάττονι
3323 1405 3404 1472 τῷ
3461 1400 3734 1474 πνεύματι

2077 1492 2280 1563 χρῆται
2316 1507 2327 1519 ⁸
2374 1492 2454 1560 τῷ
2503 1488 2802 1563 Γρηγορέῳ
2852 1485 2909 1542 δὶ
2965 1489 3216 1563 προϊὸντι
3266 1487 3317 1543 έν
3365 1494 3484 1552 τοῖς
3529 1489 3734 1565 ἀγωσ.ν

2075 1577 2305 1650 ἀκμάζει
2342 1574 2556 1650 μᾶλλον
2603 1577 2630 1631 ὁ
2663 1575 2830 1651 λόγος
2874 1576 2963 1632 καὶ
3006 1578 3068 1632 τὸ
3116 1577 3283 1654 πέρας
3317 1577 3463 1650 αύτῷ
3495 1585 3592 1648 τῆς
3631 1599 3734 1634 κα-

2073 1672 2312 1743 ταφορᾶς
2345 1665 2458 1720 οἶόν
2489 1687 2570 1727 τις
2617 1665 3001 1739 κατακλυσμός
3053 1666 3163 1721 ἐστι
3213 1669 3334 1731 καθ’
3371 1666 3432 1722 οὗ
3464 1669 3678 1746 φέρεται
3718 1689 3733 1702 ·

2073 1753 2350 1810 ποικίλλει
2379 1775 2438 1809 τε
2481 1755 2573 1809 τὸν
2621 1754 2980 1829 άγωνιστικὸν
3033 1754 3197 1831 λόγον
3251 1754 3594 1832 ὑπαλλαγαῖς
3637 1757 3731 1812 καὶ

301 1870 406 1908 nes
435 1851 559 1907 suis
607 1850 978 1923 argumentis
1042 1867 1155 1904 non
1216 1849 1414 1903 minus
1474 1865 1650 1919 quam
1714 1845 1949 1902 Pericle:

2076 1849 2426 1922 μεταφοραῖς,
2485 1844 2550 1898 τὰ
2607 1845 2701 1916 μὶν
2757 1841 2954 1899 κλείων
3004 1850 3126 1906 ταῖς
3183 1842 3483 1920 περιόδοις,
3541 1847 3611 1901 τὰ
3669 1844 3732 1902 δὲ

295 1941 600 2009 Greciam,
635 1940 735 1995 sed
753 1939 1096 1994 eorumdem
1116 1943 1595 2009 argumentorum
1613 1935 1958 1991 elaboratio-

299 2031 476 2086 nibus
505 2030 807 2085 auditores
840 2027 1038 2094 satiat,
1074 2033 1130 2082 et
1165 2026 1578 2098 unusquisque
1618 2024 1789 2080 vellet
1832 2042 1959 2080 ora-

297 2120 443 2176 toris
475 2119 743 2190 linguam
779 2115 1082 2183 inbibere;
1134 2115 1394 2188 Gregorii
1443 2122 1639 2170 autem
1685 2114 1960 2169 facundia

296 2224 602 2280 nunquam
637 2206 868 2278 fatigat,
894 2204 1155 2276 undique
1189 2203 1426 2261 feriens.
1452 2203 1764 2259 Nominum
1799 2203 1954 2258 enim

292 2302 574 2354 venustas
604 2300 661 2351 et
691 2293 1009 2350 distributa
1041 2293 1334 2349 sermonis
1357 2293 1704 2366 compositio
1725 2297 1782 2347 et
1806 2292 1953 2364 figu-

293 2403 496 2443 rarum
527 2389 772 2442 ornatus
804 2383 951 2440 nulli
979 2383 1105 2439 auri
1140 2400 1253 2439 non
1287 2382 1648 2454 voluptatem
1674 2382 1951 2454 praibent.

292 2483 356 2540 In
391 2483 594 2539 multis
627 2487 825 2538 autem
859 2481 1190 2538 orationum
1227 2481 1493 2552 partibus
1544 2480 1782 2553 Lysiaca
1832 2479 1955 2536 elo-

293 2573 535 2644 quentia
567 2571 780 2626 referta
811 2575 952 2626 sunt
981 2571 1112 2640 ejus
1144 2571 1386 2640 scripta,
1420 2574 1477 2624 et
1509 2569 1830 2639 praesertim
1884 2585 1954 2626 ea

292 2662 353 2716 in
395 2662 614 2732 quibus
647 2659 999 2731 simpliciter
1031 2659 1283 2713 exordiri
1317 2657 1573 2726 mavult;
1624 2675 1737 2713 non
1791 2660 1949 2730 quod

287 2749 577 2805 orationis
615 2747 1085 2820 magnitudinem
1122 2746 1392 2802 consulto
1426 2747 1760 2812 recidit,sed
1797 2748 1950 2818 quod

289 2853 358 2893 ea
389 2842 478 2891 est
509 2853 650 2892 cura
698 2840 754 2891 et
803 2841 1034 2903 natura,
1091 2841 1157 2888 ut
1207 2835 1288 2888 ita
1333 2834 1544 2888 dicam.
1597 2835 1952 2907 Plerumque

290 2924 587 2980 nescimus
636 2940 772 2978 eum
824 2928 883 2978 et
931 2923 1292 2995 Thucydidis
1342 2923 1602 2994 pbrasim
1653 2922 1947 2978 imitatum

290 3013 634 3069 esse.Citius
667 3016 865 3068 autem
899 3010 1163 3084 dialogos
1195 3016 1512 3084 permutat,
1537 3015 1592 3067 et
1637 3018 1946 3084 postquam

292 3101 577 3158 orationis
610 3101 801 3156 ordini
833 3101 1084 3156 breviter
1114 3100 1228 3156 vim
1262 3100 1460 3156 intulit
1492 3105 1550 3156 et
1594 3118 1766 3156 aures
1818 3118 1945 3172 per-

288 3190 564 3258 turbavit,
599 3206 837 3246 rursum
873 3189 928 3244 in
963 3206 1024 3245 se
1057 3189 1403 3262 regreditur.
1450 3189 1693 3254 Quando
1742 3195 1938 3246 autem
1965 3226 2012 3299 ϐ

531 3297 603 3299 η,
640 3279 705 3299 HL
758 3279 894 3299 __:‘_
1047 3283 1086 3299 _.
1149 3295 1207 3299 -_
1540 3278 1689 3299 μμ.-

288 3282 612 3337 solemnem
638 3279 902 3352 pbrasim
925 3283 1112 3348 curat,
1144 3295 1212 3333 ex
1238 3279 1511 3334 [socratis
1537 3278 1696 3334 fonte
1722 3279 1939 3335 haurit.

288 3378 430 3434 Inde
463 3383 658 3434 autem
694 3377 836 3432 ideae
869 3375 1091 3432 ﬂuenta
1118 3376 1434 3447 accipiens,
1465 3393 1579 3431 non
1610 3379 1812 3432 eodem
1846 3392 1947 3433 ore

292 3467 394 3522 illa
427 3466 753 3538 profundit,
796 3465 899 3520 sed
951 3464 1263 3530 convolvit,
1313 3471 1370 3520 et
1417 3471 1699 3536 tanquam
1756 3466 1946 3522 canali

285 3556 594 3627 premit,ut
626 3553 752 3626 ipse
783 3553 1068 3625 loquitur,
1098 3570 1399 3624 nunquam
1434 3555 1635 3610 sinens
1665 3557 1946 3612 orationis

287 3645 505 3700 ﬂumen
539 3642 739 3699 laxum
770 3642 1013 3698 effundi.
1067 3642 1342 3698 Herodoti
1393 3659 1526 3698 vero
1577 3660 1774 3699 musas
1826 3662 1943 3700 non

287 3738 351 3788 ut
379 3731 477 3787 ille
510 3732 760 3788 minutis
792 3731 1099 3786 ornatibus
1131 3731 1588 3798 circumdat,sed
1612 3749 1711 3788 eas
1734 3733 1946 3801 dignas

281 3826 340 3879 et
371 3827 654 3894 augustas
686 3821 885 3878 efficit.
919 3821 1034 3876 Nec
1077 3821 1574 3892 quemadmodum
1626 3840 1692 3877 ex
1737 3823 1944 3879 multis

280 3913 614 3968 oratoribus
644 3912 1054 3978 concinnatur,
1088 3911 1172 3966 sic
1216 3912 1288 3966 ad
1341 3911 1606 3984 singulas
1657 3915 1943 3970 orationis

280 4010 474 4075 partes
509 4003 865 4071 distribuit;
920 4004 1019 4058 sed
1069 4003 1573 4073 quemadmodum
1627 4005 1788 4060 misti
1845 4022 1940 4061 co-

277 4092 430 4148 lorcs
461 4092 637 4147 aliam
684 4093 1004 4162 quamdam
1057 4090 1378 4162 imaginem
1428 4093 1716 4160 efficiunt,
1771 4100 1829 4150 et
1875 4112 1944 4150 ea

277 4198 393 4237 non
427 4182 631 4236 eadem
665 4186 758 4235 est
786 4197 851 4236 ac
893 4179 1002 4249 illi,
1057 4182 1158 4235 sed
1215 4180 1335 4236 illis
1384 4181 1707 4252 pulchrior,
1752 4184 1840 4239 sic
1885 4193 1944 4238 et

277 4269 538 4341 Gregorii
587 4269 922 4323 orationum
977 4269 1135 4324 color
1185 4285 1254 4323 ex
1302 4272 1594 4326 sexcentis
1643 4270 1942 4327 coloribus

275 4358 635 4424 efformatur,
671 4362 726 4412 et
753 4357 908 4412 alius
939 4364 1028 4413 est
1059 4373 1123 4412 ac
1154 4356 1240 4411 illi
1273 4363 1329 4413 et
1379 4361 1561 4415 multo
1611 4361 1938 4433 pulchrior-

276 4454 549 4508 Extrema
580 4452 735 4508 enim
769 4469 884 4509 non
927 4471 1160 4525 semper
1209 4453 1416 4511 mediis
1465 4457 1710 4512 meliora
1759 4461 1938 4523 sunt;

277 4541 376 4597 sed
425 4541 642 4597 accidit
693 4546 756 4596 ut
805 4559 872 4598 ea
924 4541 1041 4598 illis
1092 4547 1389 4614 praestent,
1441 4561 1569 4600 cum
1624 4545 1934 4616 utriusque

273 4637 533 4686 extrema
566 4631 1062 4704 participent.Ego
1093 4631 1249 4687 enim
1297 4649 1414 4688 non
1459 4634 1826 4689 diversorum
1876 4638 1932 4689 et

272 4719 657 4776 dissimilium
691 4721 1097 4777 collectionem
1130 4723 1260 4789 ejus
1291 4723 1616 4778 orationem
1650 4723 1800 4789 dico,
1834 4725 1936 4778 sed

274 4809 627 4864 uniformem
664 4798 1643 4881 naturam,quemadmodumrosa
1673 4829 1741 4866 ex
1773 4818 1936 4868 terra

273 4898 598 4954 visceribus
656 4899 772 4954 exit
819 4915 951 4953 cum
1009 4915 1117 4954 suo
1167 4899 1422 4954 naturali
1475 4900 1690 4969 colore,
1743 4901 1935 4956 multi-

273 4986 520 5042 formem
555 5004 710 5055 vero,
743 4987 791 5042 si
839 4987 976 5058 quis
1025 4994 1088 5043 ut
1134 4987 1395 5042 colorum
1448 4990 1785 5044 mistionem
1836 5007 1938 5061 per

271 5075 536 5130 diversos
591 5077 820 5131 colores
878 5082 1079 5147 posset
1145 5093 1434 5147 separare.
1499 5078 1560 5133 Si
1629 5078 1807 5149 igitur
1871 5083 1936 5134 ut

273 5161 502 5217 simiam
537 5164 808 5220 videmus
842 5166 913 5219 ad
951 5165 1339 5220 imitationem
1374 5171 1638 5237 paratam
1673 5184 1786 5224 non
1819 5169 1932 5224 mi-

271 5265 483 5306 norum
511 5255 765 5320 tantum,
799 5255 901 5309 sed
931 5259 990 5310 et
1024 5254 1337 5324 majorum,
1390 5255 1472 5310 ita
1521 5262 1578 5310 et
1625 5255 1715 5312 leo
1763 5259 1932 5313 terri-

271 5337 388 5393 bile
453 5342 839 5409 supercilium
909 5359 1151 5398 servans
1217 5343 1428 5398 deinde
1497 5345 1569 5398 ad
1624 5362 1816 5401 mores
1874 5351 1933 5402 et

271 5424 516 5481 habitus
548 5429 793 5486 aliarum
826 5432 1082 5487 ferarum
1117 5449 1178 5488 se
1225 5439 1618 5503 componeret,
1671 5435 1930 5508 idipsum

271 5521 431 5570 esset
460 5515 558 5570 ille
589 5520 829 5576 divinus
859 5521 964 5576 vir.
999 5521 1273 5577 Oratione
1302 5523 1460 5577 enim
1513 5522 1664 5579 leoni
1715 5526 1930 5582 similis

269 5607 382 5671 est,
414 5604 697 5676 dignitate
729 5610 962 5682 plenus,
996 5611 1301 5682 terribilis,
1332 5613 1715 5685 supercilium
1756 5615 1927 5673 attol-

269 5689 420 5762 lens,
455 5691 794 5755 inacceseus
826 5698 1123 5773 plerisque
1151 5700 1238 5757 vel
1270 5701 1570 5760 difﬁcilem
1621 5721 1926 5765 accessum

2071 1934 2302 2009 ἀνοίγων
2333 1937 2413 2005 τῷ
2459 1932 2744 2005 πνεύματι.
2797 1932 2896 1988 Καὶ
2937 1935 3071 2005 πρὸς
3119 1940 3290 1989 πᾶσαν
3328 1935 3423 2008 μέν
3467 1937 3729 2006 Ἀττικὴν

2073 2025 2275 2096 μοῦσαν
2332 2023 2423 2077 τὸν
2465 2021 2668 2076 οἰκεῖον
2720 2021 2882 2095 λόγον
2924 2023 3195 2095 ἀπέξεσεν,
3246 2023 3613 2080 ἀπεικόνισται
3665 2022 3729 2082 δὲ

2072 2110 2286 2184 μᾶλλον
2347 2112 2486 2186 πρὸς
2537 2108 2908 2181 Ἀριστείδην,
2955 2111 3046 2165 καὶ
3105 2112 3348 2188 φαίνεται
3403 2114 3494 2168 τὸν
3551 2111 3724 2190 ἄνδρα

2065 2205 2255 2255 τοῦτον
2310 2198 2548 2273 μάλιστα
2593 2204 2701 2255 τῶν
2762 2197 2952 2254 ἄλλων
3013 2199 3334 2272 ἐζηλωκὼς,
3384 2201 3531 2271 πλὴν
3590 2204 3721 2260 ὅσον

2064 2289 2368 2364 Ἀριστείδῃ
2454 2291 2547 2364 μέν
2638 2291 2673 2359 ἡ
2750 2289 2974 2364 γλῶττα
3035 2291 3318 2365 βροντῶσα
3385 2291 3480 2365 μέν
3550 2291 3718 2366 ἐστιν,

2064 2379 2440 2454 ἀστράπτουσα
2485 2375 2532 2432 δ’
2580 2375 2647 2433 οὗ
2682 2397 2694 2410 ·
2747 2378 2984 2453 ξυγκυκᾷ
3025 2380 3120 2452 μὶν
3163 2380 3267 2455 γάρ
3315 2385 3486 2435 πᾶσαν
3545 2381 3718 2451 ἀκοὴν

2061 2475 2179 2533 τοῖς
2207 2468 2635 2543 ἐπιχειρήμασιν
2682 2467 2796 2541 οὐχ
2839 2467 3003 2536 ἦττον
3055 2466 3092 2537 ἤ
3144 2467 3418 2545 Περικλῆς
3450 2470 3548 2538 τήν
3591 2469 3720 2526 Έλ-

2064 2554 2222 2625 λάδα,
2305 2557 2394 2611 καὶ
2466 2561 2586 2618 ταῖς
2673 2561 2780 2611 τῶν
2863 2555 3313 2631 ἐπιχειρημάτων
3379 2557 3717 2634 ἐξεργασίαις

2061 2644 2343 2718 πλήσμιος
2390 2645 2497 2700 εστὶ
2550 2650 2669 2707 τοῖς
2714 2644 3010 2721 ἀκροαταῖς
3051 2645 3140 2700 καὶ
3203 2645 3450 2722 βούλοιτ’
3499 2647 3556 2702 ἂν
3587 2645 3717 2702 ἔκα-

2062 2756 2185 2797 στος
2218 2737 2316 2804 τήν
2347 2739 2444 2789 τοῦ
2494 2733 2728 2810 ῥήτορος
2777 2734 3131 2810 ἐπισχεθῆναι
3184 2737 3364 2813 φωνήν
3401 2755 3412 2767 ·
3447 2740 3528 2808 τῷ
3561 2733 3620 2792 δέ
3649 2758 3715 2811 γε

2059 2824 2344 2900 Γρηγορίῳ
2376 2823 2662 2898 ἀκόρεστος
2785 2825 3007 2899 γλῶττα
3055 2829 3339 2900 πανταχοῦ
3375 2823 3660 2898 βάλλουσα
3695 2846 3708 2860 ·

2127 2943 2183 2978 τε
2211 2924 2314 3000 γὰρ
2355 2922 2653 2998 εύγλωττία
2681 2927 2790 2977 τῶν
2836 2922 3119 2996 ὀνομάτων
3169 2924 3258 2978 καὶ
3309 2925 3343 2993 ἡ
3395 2923 3708 3000 διῃρημένη

2055 3017 2153 3067 τοῦ
2202 3011 2369 3088 λόγου
2417 3014 2657 3082 συνθήκη
2730 3011 2819 3067 καὶ
2869 3013 2922 3066 οἱ
2977 3017 3088 3067 τῶν
3149 3014 3454 3088 σχημάτων
3504 3014 3709 3086 κόσμοι

2057 3099 2289 3174 οὐδεμιᾷ
2342 3106 2453 3156 τῶν
2500 3102 2676 3156 ἀκοῶν
2740 3100 2829 3178 ἀφ’
2879 3098 3086 3170 ἡδονῆς
3149 3104 3562 3172 καθεστήκασιν.
3617 3104 3709 3161 Ἐν

2053 3189 2289 3252 πολλοῖς
2317 3187 2374 3246 δὲ
2401 3194 2498 3245 τοῦ
2530 3188 2697 3264 λόγον
2743 3189 2929 3265 μέρεσι
2965 3197 3066 3259 τῆς
3107 3197 3380 3260 Λυσιακῆς
3411 3190 3704 3264 εὐστομίας

2055 3280 2437 3353 ἐμπέπλησται
2496 3278 2644 3352 αύτῷ
2715 3279 2782 3334 τά
2840 3278 3260 3356 συγγράμματα,
3319 3281 3407 3335 καὶ
3471 3280 3708 3354 μάλιστα

2055 3368 2106 3424 έν
2136 3371 2213 3432 οἷς
2264 3368 2482 3446 ἀφελῶς
2525 3371 2906 3444 προοιμιάζειν
2957 3368 3294 3444 προῄρηται,
3344 3368 3454 3444 ούχ
3496 3371 3572 3434 ὡς
3611 3391 3708 3426 κο-

2055 3457 2234 3528 λάζων
2293 3462 2390 3512 τοῦ
2440 3457 2610 3532 λόγου
2665 3458 2727 3511 τὸ
2779 3457 3004 3531 μέγεθος
3053 3455 3384 3529 ἐξεπίτηδες,
3441 3457 3570 3516 ἀλλ’
3624 3460 3702 3520 ὡς

2056 3547 2228 3610 οὕτως
2261 3542 2432 3622 ἔχων,
2483 3545 2678 3615 είπεῖα,
2725 3545 2959 3620 μελέτης
3012 3546 3102 3601 καὶ
3163 3547 3395 3625 φύσεως.
3448 3547 3706 3612 Λανθάνει

2055 3633 2112 3691 δὲ
2140 3638 2207 3692 τὰ
2238 3635 2425 3691 πολλᾶ
2446 3636 2534 3690 καὶ
2563 3635 2666 3704 τὴν
2713 3632 3044 3690 Θουκυδίδου
3089 3636 3278 3712 φράσιν
3314 3637 3656 3711 μιμούμενος
3690 3657 3704 3672 ο

2053 3736 2243 3790 θᾶττον
2307 3731 2364 3789 δὲ
2416 3733 2512 3788 τὰς
2564 3731 2913 3808 κοινολογίας
2962 3731 3301 3804 διαλλάττει,
3357 3735 3471 3802 καὶ,
3530 3734 3712 3811 βραχὺ

2051 3847 2102 3880 τι
2133 3826 2470 3900 τυραννήσας
2514 3828 2610 3878 τοῦ
2663 3821 2835 3898 λόγου
2883 3825 2985 3892 τήν
3041 3824 3284 3894 σύνταξιν
3331 3823 3421 3878 καὶ
3456 3821 3717 3899 διαθορυ-

2053 3906 2224 3986 δήσας
2282 3917 2382 3983 τήν
2439 3914 2631 3982 ἀκοὴν,
2675 3912 2752 3975 είς
2802 3913 2988 3968 ἐαυτὸν
3050 3914 3201 3975 αὖθις
3259 3912 3711 3970 ἀποκαθίσταται.

2051 4005 2219 4068 Ἔνθα
2277 4001 2335 4058 δὲ
2391 4004 2491 4070 τήν
2563 4003 2762 4076 σεμνὴν
2839 4001 3028 4080 φράσιν
3110 4000 3440 4072 ἐπιτηδεύει,
3498 4001 3559 4058 ἐκ
3612 4007 3716 4073 τῆς

2053 4095 2394 4167 Ἰσοκράτους
2454 4098 2641 4166 πηγῆς
2695 4091 2990 4166 ἀπαρύεται
3019 4111 3030 4122 ·
3112 4091 3311 4155 ἐκεῖθεν
3373 4089 3430 4146 δὶ
3491 4088 3714 4165 λαμϐά-

2051 4203 2157 4237 νων
2205 4190 2306 4251 τῆς
2359 4179 2503 4242 ἰδέας
2548 4181 2614 4235 τὰ
2663 4179 2896 4253 νάματα,
2957 4179 3055 4235 οὐκ
3102 4181 3208 4236 ἀπὸ
3259 4185 3356 4235 τοῦ
3396 4180 3514 4236 ῗσου
3544 4186 3714 4238 ταῦτα

2051 4276 2343 4347 προχεῖται
2403 4269 2698 4342 πόματος,
2754 4266 2902 4324 ἀλλὰ
2959 4269 3242 4347 συστρέφει
3296 4269 3386 4324 καὶ
3445 4291 3711 4347 σορογγυ-

2053 4359 2191 4429 λίζει
2248 4357 2460 4423 σωλῆνι
2518 4357 2776 4434 σφίγγων,
2845 4357 2918 4420 ὠς
2973 4359 3136 4421 αὐτὸς
3197 4379 3380 4436 φησιν,
3439 4357 3564 4415 ἀλλ’
3607 4361 3709 4414 οὐκ

2053 4446 2245 4526 ἄφετον
2271 4447 2370 4503 ἐῶν
2420 4452 2518 4502 τοῦ
2567 4445 2734 4523 λόγου
2785 4453 3114 4524 προχεῖσθαι
3160 4449 3222 4502 τὸ
3282 4447 3477 4524 ῥεῦμα.
3507 4447 3609 4508 Τάς
3641 4444 3700 4501 δὶ

2051 4536 2348 4613 Ἡροδότου
2398 4536 2603 4610 μούσας
2661 4537 2772 4612 οὐχ
2815 4537 2887 4598 ὡς
2940 4536 3141 4600 ἐκεῖνος
3189 4535 3538 4609 λεπτολογεῖ,
3572 4532 3699 4590 ἀλλ’

1961 4588 2013 4659 Ι)
2043 4588 2772 4702 ἀξῖυξρᾇζλάἶὲῥᾷἆςεὲᾴῒ
2808 4588 2899 4680 »ὦ
2943 4588 3169 4698 sic;
3191 4588 3582 4702 "agnas
3612 4588 3616 4589 ί
3637 4588 3700 4680 δι

2049 4715 2109 4772 ἐκ
2163 4714 2391 4772 πολλῶν
2454 4714 2702 4790 ρητόρων
2749 4713 3051 4789 ἥρμοσται,
3111 4714 3254 4770 οὕτω
3307 4713 3374 4785 δή
3423 4714 3513 4769 καὶ
3561 4713 3703 4789 πρὸς

2046 4799 2264 4860 ἕκαστον
2294 4804 2382 4859 ἐπὶ
2433 4808 2538 4858 τῶν
2597 4806 2696 4858 τοῦ
2755 4800 2928 4877 λόγου
2991 4808 3171 4878 μερῶν
3223 4801 3483 4879 διῄρηται
3525 4820 3540 4837 ⁶
3577 4801 3704 4859 ἀλλ’

2048 4895 2226 4968 ὥσπερ
2286 4895 2353 4948 τά
2407 4889 2879 4966 συγκεραννύμενα
2934 4891 3208 4967 χρώματα
3256 4890 3399 4947 ἄλλο
3455 4913 3509 4947 τι
3559 4889 3706 4956 εἶδος

2043 4998 2210 5061 ποιεῖ,
2243 4991 2335 5046 καὶ
2379 4987 2489 5044 ἔστι
2538 4993 2700 5044 τοῦτο
2751 4988 2859 5064 οὐχ
2906 4990 3018 5043 οἷον
3067 4988 3266 5059 ἐκεῖνα,
3300 4987 3425 5044 ἀλλ’
3460 4987 3606 5045 ἔσυιν
3639 4987 3704 5044 οὗ

2043 5079 2272 5138 κάλλιον
2305 5078 2368 5134 τὸ
2395 5078 2453 5148 ὕξ
2484 5077 2701 5133 ἐκείνων
2753 5079 2931 5132 αὐτῶν
2965 5076 3031 5148 δὴ
3057 5078 3293 5145 τούτων,
3325 5078 3470 5133 οὕτω
3502 5076 3570 5148 δὴ
3610 5079 3702 5134 καὶ

2041 5172 2102 5226 τὸ
2153 5167 2459 5246 Γρηρορίου
2503 5171 2708 5243 χρῶμα
2753 5171 2852 5222 τοῦ
2901 5166 3072 5242 λόγου
3127 5165 3432 5238 διήνθισται
3485 5168 3579 5241 μὶν
3643 5166 3707 5222 ἐκ

2047 5261 2253 5336 μυρίων
2306 5257 2648 5332 χρωμάτων,
2693 5253 2803 5310 ἔστι
2850 5254 2908 5312 δέ
2938 5255 3079 5312 ἄλλο
3125 5277 3177 5310 τι
3227 5257 3374 5332 παρὰ
3417 5261 3587 5312 ταῦτα
3611 5257 3704 5311 καὶ

2040 5348 2271 5404 κάλλιον
2334 5343 2550 5399 ἐκείνων
2609 5345 2756 5418 παρά
2805 5343 2970 5400 πολύ.
3020 5343 3093 5398 Οὐ
3141 5346 3241 5419 γάρ
3291 5347 3346 5399 αἱ
3404 5345 3704 5419 ἀκρότητες

2041 5440 2119 5494 ἀεὶ
2145 5437 2423 5514 κρείττους
2450 5437 2556 5487 τῶν
2613 5432 2790 5506 μέσων
2825 5453 2840 5466 ⁸
2897 5431 3026 5488 ἀλλ’
3075 5431 3216 5488 ἔστιν
3274 5435 3336 5489 οὗ
3365 5433 3529 5490 τοῦτο
3569 5455 3699 5488 συν-

2040 5527 2362 5607 αμφοτέρων
2420 5527 2628 5598 κρατεῖ.
2684 5525 2890 5597 Ἔγωγ¹
2938 5519 3029 5577 οὖν
3078 5519 3203 5577 ούδὶ
3249 5524 3547 5599 συναίρεμα
3591 5521 3698 5578 ἀλ-

2039 5617 2276 5693 λοτρίων
2307 5613 2396 5669 καὶ
2428 5609 2703 5690 διαφόρων
2755 5613 2846 5667 τὸν
2898 5610 3104 5666 ἐκείνου
3147 5609 3316 5688 λόγον
3349 5611 3518 5692 φημὶ,
3551 5609 3702 5667 ἀλλὰ

2043 5703 2298 5782 μονοειδῆ
2335 5703 2430 5778 μέν
2475 5703 2575 5773 τήν
2624 5701 2805 5777 φύσιν,
2852 5700 3034 5775 ὥσπερ
3085 5695 3152 5770 δὴ
3203 5701 3265 5758 τὸ
3299 5699 3458 5780 ῥόδον
3492 5700 3553 5758 ἐκ
3579 5705 3692 5759 τῶν
