4100 6440
339 389 459 450 905

1241 386 1344 448 DE
1388 385 1788 448 GREGORIO
1832 384 2276 463 THEOLOGO,
2327 384 2664 464 BASILIO,
2713 387 2884 450 E'I‘C.

3661 397 3780 459 906

307 529 436 594 ’τῆς
483 529 590 598 γῆς
646 521 898 597 λαγόνων
940 519 1105 577 ἄνεισι
1150 521 1286 595 μετά
1327 524 1425 575 τοῦ
1478 523 1709 595 φυσικοῦ
1755 520 2030 594 χρώμαι-⁴

2128 521 2414 591 iraebens;
2449 522 2661 579 deinde
2688 528 2746 581 et
2791 525 3058 582 omnium
3091 527 3345 584 ferarum
3395 546 3596 589 vocem
3627 532 3774 592 imi.‘

335 635 454 685 τος,
484 610 754 682 πολυείδῆ
790 610 868 681 δὲ,
901 608 957 666 εἷ’
977 632 1060 674 τις
1103 611 1177 672 ὡς
1229 611 1410 686 μίγμα
1438 611 1501 665 τὸ
1527 615 1738 686 χρῶμα
1769 607 1996 682 διαιρεῖν

340 700 561 758 δύναιτο
590 701 728 775 πρὸς
759 699 1055 779 διαφόρους
1109 701 1306 776 χροιὰς
1353 700 1404 769 ἐξ
1445 697 1518 752 ὧν
1553 697 1612 753 ἄν
1643 720 1726 760 τις
1751 700 1998 754 τοιοῦτὸν

333 793 687 867 τεχνήσαιτο.
723 789 786 844 Εἰ
820 792 914 862 μὲν
967 788 1058 844 οὖν
1105 784 1286 862 ὥσπερ
1334 789 1432 851 τὰς
1471 789 1741 858 πιθήκους
1782 789 1998 863 ὁρῶμεν

338 881 592 954 ἑτοίμους
645 879 722 943 εἷς
775 879 1034 952 μίμησιν,
1087 878 1148 933 οὐ
1195 879 1302 932 τῶν
1355 877 1685 945 ἐλαττόνων,
1735 875 1996 932 ἀλλὰκαὶ

333 975 442 1027 τῶν
479 969 765 1044 μειζόνων,
798 965 942 1023 οὕτω
973 965 1040 1037 δὴ
1089 968 1179 1022 καὶ
1229 968 1278 1022 εἴ
1322 965 1461 1022 λέων
1488 988 1571 1027 τις
1613 964 1854 1042 ἐγεγόνει
1888 967 2002 1020 σώ-

339 1066 442 1129 ζων
479 1060 574 1132 μὲν
607 1057 785 1129 ἑαυτῷ
832 1057 922 1112 καὶ
971 1057 1032 1111 τὸ
1089 1056 1356 1131 βλοσυρὸν
1405 1055 1743 1126 ἐπισκύνιον,
1793 1056 1904 1109 εἶτα
1931 1050 1998 1121 δὴ

335 1149 425 1204 καὶ
481 1149 619 1221 πρὸς
675 1147 742 1202 τὰ
796 1142 906 1217 ἤθη
957 1146 1046 1202 καὶ
1101 1147 1366 1221 σχήματα
1410 1149 1517 1200 τῶν
1561 1143 1757 1217 ἐτέρων
1815 1147 1998 1217 θηρῶν

339 1235 717 1312 μεθηρμόζετο
764 1235 856 1290 καὶ
899 1234 1153 1308 ἐμιμεῖτο
1198 1234 1497 1308 ξύμπαντα,
1535 1235 1612 1306 μή
1661 1227 1998 1288 καταϐαίνων

333 1332 431 1383 τοῦ
458 1325 793 1399 ἀξιώματος,
826 1323 958 1380 αὐτὸ
1005 1321 1066 1378 ἂν
1105 1327 1265 1378 τοῦτο
1313 1324 1378 1392 ἦν
1414 1324 1442 1377 6
1473 1325 1616 1386 Θεῖος
1648 1323 1808 1396 ἀνήρ.
1845 1323 1999 1378 Ἐστι

339 1416 434 1489 μὲν
485 1414 587 1490 γὰρ
642 1414 735 1468 τὸν
788 1410 957 1486 λόγον
1019 1412 1194 1467 ὁπόσα
1260 1412 1396 1466 κατὰ
1445 1411 1604 1487 φύσιν
1666 1415 1748 1482 τῷ
1797 1407 1999 1481 λέοντι,

2111 614 2292 676 tatur,
2327 616 2384 665 et
2414 629 2476 666 se
2497 613 2568 666 ad
2621 630 3109 687 unumquemque
3158 621 3462 690 componit
3491 621 3776 694 imagine,

2113 700 2400 768 moribus,
2451 701 2681 755 habitu.
2736 701 3063 775 Unicuique
3113 706 3361 764 dialecto
3409 726 3586 766 suum
3643 729 3776 782 pro-

2113 788 2308 860 prium
2341 790 2586 846 innectit
2617 792 2911 861 mugitum
2945 813 2960 860 ;
3013 794 3347 851 Graecorum
3399 815 3533 854 vero
3579 809 3774 858 orato-

2112 895 2241 932 rum
2277 879 2532 951 quisque
2555 896 2616 935 se
2650 881 2719 935 ad
2747 898 2924 936 unam
2951 884 3235 941 orationis
3267 886 3513 942 formam
3539 906 3774 946 accom-

2113 969 2361 1023 modans
2395 970 2514 1024 sive
2546 969 2836 1025 excelsam
2871 971 2991 1026 sive
3024 974 3276 1030 mediam
3322 976 3444 1030 sive
3473 976 3776 1047 leviorem,

2113 1058 2184 1112 ad
2218 1074 2346 1112 eam
2386 1058 2571 1113 solam
2592 1059 3003 1131 confringitur.
3032 1061 3191 1116 Talis
3212 1069 3338 1119 erat
3355 1064 3636 1136 Gregorio
3649 1084 3779 1124 ora-

2110 1148 2192 1201 tio
2224 1165 2237 1211 ;
2270 1163 2596 1218 omnesque
2628 1149 2939 1204 aemulatur
2969 1156 3268 1207 oratores:
3303 1153 3406 1223 qui
3444 1155 3602 1210 enim
3633 1173 3781 1227 pras-

2112 1241 2203 1290 ter
2233 1235 2367 1291 illos
2421 1238 2792 1301 exstiterunt,
2827 1239 2874 1291 si
2912 1245 3044 1309 post
3092 1240 3224 1296 illos
3257 1242 3522 1312 quidem,
3555 1245 3629 1300 ab
3660 1244 3781 1302 illis

2113 1325 2368 1380 mutuati
2401 1331 2561 1394 sunt,
2594 1326 2643 1381 si
2676 1332 2812 1383 ante
2856 1327 3029 1396 ﬁlios,
3065 1329 3432 1400 pulchriores
3482 1333 3774 1405 imagines

2115 1419 2253 1468 sunt
2286 1431 2464 1485 quam
2497 1415 2788 1486 exempla.

341 1503 734 1577 ἀξιωματικός,
789 1497 1021 1579 φοϐερὸς
1077 1501 1372 1576 βλοσυρὸς,
1429 1500 1723 1575 ἀπρόσιτος
1791 1505 1911 1562 τοῖς
1986 1498 2226 1563 πολλοῖς
2293 1498 2330 1570 ἤ
2403 1498 2763 1578 δυσπρόσιτος
2797 1523 2809 1537 ·
2871 1499 3057 1560 ἔπειτα
3106 1502 3163 1560 δὲ
3210 1505 3300 1561 καὶ
3352 1513 3523 1563 πᾶσαν
3583 1516 3783 1584 μιμεῖ-

336 1614 425 1649 ται
479 1592 675 1667 θηρίοῦ
734 1592 953 1670 φωνὴν,
1015 1590 1104 1645 καὶ
1162 1591 1298 1662 πρὸς
1358 1585 1580 1644 ἕκαστον
1633 1586 2095 1663 διεσχημάτισται
2148 1595 2228 1660 τῷ
2256 1588 2409 1662 ε’ίδει,
2441 1595 2521 1664 τῷ
2550 1595 2695 1664 ἤθει,
2724 1597 2802 1664 τῷ
2831 1597 3102 1669 σχήματι,
3139 1597 3372 1670 Ἐκάστῃ
3406 1595 3464 1653 δὶ
3495 1597 3764 1674 διαλέκτῳ

335 1684 401 1740 τὸ
459 1682 665 1737 οἰκεῖον
716 1679 1201 1758 παρεμπέπλεκται
1265 1679 1532 1756 βρύχημα
1568 1699 1580 1711 ·
1637 1683 1747 1733 τῶν
1796 1676 1854 1732 δὲ
1903 1680 2029 1752 παρ’
2086 1677 2327 1750 Ἕλλησι
2371 1680 2619 1757 ῥητόρων
2670 1675 2896 1741 ἕκαστος
2947 1685 3070 1756 μίαν
3123 1683 3266 1740 ἰδέαν
3295 1692 3393 1742 τοῦ
3426 1687 3596 1764 λόγου
3651 1703 3780 1764 μεθ-

339 1773 749 1848 αρμοσάμενος,
811 1769 844 1840 ἦ
904 1771 1002 1839 τὴν
1063 1769 1286 1844 ὑψηλὴν
1331 1766 1367 1838 ἤ
1425 1769 1524 1838 τὴν
1578 1769 1745 1842 μέσην
1819 1765 1856 1837 ἤ
1915 1770 2028 1837 τήν.
2094 1767 2322 1841 λεπτὴν,
2380 1771 2516 1846 πρὸς
2595 1771 2765 1845 μόνην
2831 1773 2999 1843 αὐτὴν
3054 1775 3449 1832 ἀπεικόνισται.
3510 1782 3780 1844 Τοιοῦτος

345 1864 440 1936 μὲν
501 1859 592 1917 οὗν
641 1865 720 1932 τῷ
773 1859 1069 1936 Γρηγορίῳ
1128 1860 1156 1914 6
1216 1857 1402 1935 λόγος,
1456 1860 1544 1914 καὶ
1605 1858 1742 1933 πρὸς
1805 1857 2112 1931 ξύμπαντας
2155 1856 2516 1933 διαμιλλᾶται
2573 1861 2705 1926 τοὺς
2763 1863 2999 1937 ῥήτορας
3037 1884 3048 1898 ο
3090 1864 3141 1918 οἰ
3173 1865 3276 1940 γὰρ
3308 1867 3599 1942 παράτοὺς
3633 1868 3787 1944 εῗρη,

345 1951 566 2024 μένους,
616 1949 662 2005 εί
718 1950 812 2023 μὲν
877 1949 993 2023 μετ’
1051 1947 1305 2011 ἐκείνους·
1366 1945 1567 2011 ἐκεῖθεν
1627 1946 1967 2022 ἡρμόσαντο,
1999 1947 2044 2001 εἰ
2077 1945 2134 2002 δε
2182 1949 2290 2025 πρὸ
2348 1949 2592 2022 ἐκείνων,
2623 1949 2893 2016 καλλίους
2921 1955 2977 2009 αἱ
3028 1954 3231 2018 εἰκόνες
3257 1960 3364 2012 τῶν
3397 1955 3775 2034 παραδειγμά-

343 2062 474 2098 των.

409 2148 476 2222 γ’.
509 2147 572 2204 Ὀ
603 2143 661 2200 δέ
715 2166 778 2219 γε
834 2143 1000 2220 μὲγας
1047 2142 1360 2208 Βασίλειος,
1407 2141 1590 2219 ὥσπερ
1643 2141 1709 2212 δὴ
1764 2147 1872 2198 τῶν
1911 2142 2002 2197 ἀν-

2181 2146 2236 2202 3.
2272 2147 2521 2220 Magnus
2571 2154 2767 2206 autem
2828 2151 3105 2218 Basilius,
3140 2157 3203 2209 ut
3259 2155 3460 2211 omnia
3517 2157 3781 2216 humana

341 2238 635 2311 θρωπικῶν
695 2237 913 2290 πάντων
965 2234 1225 2308 ὑπερορᾷ,
1277 2230 1422 2288 οὕτω
1467 2230 1532 2302 δὴ
1587 2227 1732 2287 ἔοικε
1771 2232 2000 2288 καὶτῶν

339 2325 598 2390 ἐπιθέτων
629 2330 730 2394 τῆς
776 2324 981 2398 τὲχνης
1027 2321 1252 2394 κόσμων
1298 2327 1678 2399 καταφρονεῖν,
1740 2321 1832 2376 καὶ
1869 2319 2004 2396 βοό-

341 2413 491 2470 λεται
525 2413 692 2476 αὐτὸς
721 2412 834 2468 οἷον
866 2409 1033 2487 τέχνο
1078 2432 1162 2473 τις
1209 2411 1342 2466 εἶναι
1396 2415 1493 2465 τοῦ
1526 2409 1694 2485 λόγου
1730 2432 1742 2444 ο
1779 2408 1906 2464 ἀλλ’
1938 2409 2001 2463 οὐ

339 2504 477 2580 πρὸς
507 2503 706 2578 τέχνην
738 2500 885 2572 αὐτῷ
914 2499 1208 2556 πλάττεται
1239 2500 1305 2554 τὰ
1339 2499 1760 2575 συγγράμματα.
1783 2504 1911 2560 Τοῖς
1946 2495 2005 2553 δὲ

345 2591 572 2670 ῥήτορσι
604 2590 1012 2665 συνωμιληκὼς
1046 2589 1137 2644 καὶ
1177 2589 1439 2662 ξόμπασι,
1482 2587 1710 2662 δύναμιν
1741 2589 1835 2661 μὲν
1864 2587 2002 2642 ἐκεῖ·

343 2686 430 2738 θεν
462 2682 882 2759 λογογραφικῆς
929 2676 1075 2741 ἲδέας
1126 2678 1414 2745 ἐσπάσατο,
1458 2679 1550 2738 καὶ
1612 2679 1829 2754 μακρῷ,
1871 2678 2010 2732 κατά

345 2794 409 2849 γε
437 2777 599 2828 τοῦτο
620 2772 684 2827 τὸ
719 2771 905 2845 μέρος,
937 2767 1176 2830 ἐκείνους
1230 2762 1599 2843 ὑπερεϐάλετο
1633 2787 1644 2800 ·
1680 2772 2005 2842 κακουργεῖν

349 2861 407 2919 δὲ
451 2863 528 2935 μὴ
577 2862 966 2936 προῃρημένος
1011 2857 1136 2932 περὶ
1189 2857 1316 2920 τοὺς
1364 2855 1585 2933 λόγους,
1637 2857 1700 2912 οὐ
1751 2856 2010 2927 ζηλοῖτά

354 2950 544 3008 πολλὰ
567 2951 664 3012 τὰς
703 2945 1044 3024 ἐμμεθόδους
1088 2946 1296 3002 τούτων
1347 2944 1662 3017 δεινότητας
1697 2965 1708 2979 ·
1757 2946 1845 3001 καὶ
1896 2945 2010 3000 ἔστι

359 3041 455 3112 μὶν
518 3038 667 3108 αὐτῷ
694 3039 721 3091 ὁ
752 3035 916 3112 λόγος
950 3034 1393 3107 ἀνεπιτήδευτος,
1437 3037 1638 3112 βροντᾷ
1668 3033 1725 3090 δὲ
1766 3035 2008 3109 ἀτεχνῶς

367 3125 546 3201 ὥσπερ
601 3124 660 3180 ἐκ
714 3129 906 3204 νεφῶν,
985 3125 1076 3180 καὶ
1160 3130 1330 3180 πᾶσαν
1407 3125 1742 3196 ἀποκρύπτει
1797 3124 2007 3202 φωνήν.

362 3217 516 3273 Ἔστι
549 3212 606 3270 δὲ
653 3213 796 3288 αὐτῷ
847 3215 908 3270 τὸ
956 3219 1172 3288 πνεῦμα
1224 3219 1322 3269 τοῦ
1370 3211 1538 3290 λόγου
1588 3211 2009 3286 Δημοσθενικὸν,

355 3307 480 3361 ὅσον
511 3305 721 3360 εῗκάσαι
753 3303 839 3378 (οὐ
887 3304 987 3381 γὰρ
1039 3305 1176 3359 κατά
1215 3303 1382 3374 ζῆλον
1435 3303 1641 3360 ἐκείνου
1691 3301 1960 3378 πρόεισιν)
1994 3320 2006 3333 ·

356 3391 746 3468 ἆπαράμιλλον
806 3389 885 3466 δὲ,
939 3389 994 3447 εἷ’
1038 3413 1122 3456 τις
1181 3393 1316 3469 πρὸς
1377 3389 1602 3462 ἄλληλα
1641 3391 1766 3453 τοὺς
1811 3389 2015 3464 λόγους

356 3481 654 3559 συγκρίνειν
691 3480 971 3557 βούλοιτο.
1001 3483 1076 3540 Τὸ
1129 3479 1187 3536 δέ
1233 3502 1295 3556 γε
1335 3480 1828 3557 ἐπιχειρηματικὸν
1870 3477 2011 3542 εἶδος

352 3571 500 3644 αὖτῷ
547 3569 608 3626 ἐκ
651 3575 759 3625 τῶν
808 3568 1143 3648 Ἀριστείδου
1191 3567 1375 3645 λόγων
1429 3567 1488 3624 ἄν
1538 3591 1621 3632 τις
1671 3567 2013 3646 χαρακτηρί-

357 3691 493 3725 σειεν
531 3690 542 3702 ·
603 3667 731 3726 ἄλλ’
791 3667 844 3725 εἶ’
893 3690 977 3732 τις
1035 3669 1272 3744 ἑκατερῳ
1311 3662 1621 3744 προσϐάλοι
1689 3669 1788 3737 τήν
1823 3666 2015 3738 ἀκοὴν,

362 3759 552 3833 ἐκείνῳ
613 3759 709 3832 μὲν
759 3763 840 3832 τῷ
892 3758 1085 3835 ῥήτορι
1135 3756 1348 3829 αὐτίκα,
1382 3755 1418 3826 ἤ
1474 3757 1865 3827 ἀποκναισθείη
1925 3756 2015 3810 καὶ

2115 2235 2388 2307 despicit,
2423 2238 2502 2294 ita
2533 2243 2590 2293 et
2619 2241 2868 2307 videtur,
2904 2242 3167 2312 adjectos
3199 2243 3343 2299 artis
3374 2249 3618 2302 ornatus
3677 2248 3782 2303 de-

2117 2325 2358 2396 spicere,
2391 2332 2447 2382 et
2477 2327 2601 2382 vult
2631 2329 2828 2400 ipsum
2862 2331 3031 2402 quasi
3067 2332 3349 2388 orationis
3381 2340 3566 2390 artem
3609 2335 3780 2404 ﬁeri;

2117 2415 2216 2468 sed
2255 2432 2367 2470 non
2402 2419 2728 2472 secundum
2784 2425 2971 2474 artem
3024 2421 3154 2491 ejus
3185 2423 3406 2494 scripta
3453 2423 3778 2496 finguntur.

2117 2502 2261 2557 Cum
2295 2504 2628 2559 oratoribus
2662 2505 2952 2561 universis
2983 2511 3504 2575 conversatus,vim
3538 2511 3779 2582 quidem

2119 2593 2255 2648 inde
2285 2594 2580 2648 scribendi
2614 2595 2833 2660 hausit,
2865 2602 2924 2651 et
2955 2597 3208 2652 multum
3241 2614 3341 2653 eos
3384 2599 3441 2654 in
3475 2599 3585 2656 hac
3615 2604 3782 2672 parte

2121 2683 2456 2752 superavit;
2513 2700 2719 2738 nocere
2777 2691 2974 2740 autem
3032 2703 3165 2740 cum
3230 2688 3356 2743 suis
3415 2689 3784 2746 orationibus

2123 2771 2326 2836 nollet,
2351 2771 2699 2843 plerumque
2721 2791 2835 2828 non
2863 2775 3130 2829 imitatur
3157 2777 3547 2833 methodicam
3580 2795 3783 2834 eorum

2123 2862 2392 2932 peritiam
2420 2879 2432 2916 :
2467 2867 2522 2915 et
2543 2863 2669 2930 ejus
2693 2863 2932 2934 quidem
2955 2865 3140 2920 oratio
3174 2883 3288 2920 non
3313 2882 3518 2923 curam
3541 2867 3784 2935 redolet,

2123 2956 2289 3006 tonat
2337 2957 2531 3006 autem
2579 2952 2750 3021 quasi
2801 2970 2870 3008 ex
2922 2953 3099 3017 nube,
3152 2960 3210 3009 et
3262 2973 3498 3011 omnem
3533 2957 3789 3012 extrahit

2122 3055 2345 3094 vocem.
2381 3039 2677 3095 Orationis
2708 3043 2840 3110 ejus
2871 3043 3118 3113 spiritus
3151 3044 3641 3101 Demosthenicus
3672 3051 3783 3111 est,

2124 3133 2413 3200 quantum
2448 3133 2640 3200 potest
2671 3129 2919 3201 conjici;
2971 3130 3136 3187 nulla
3165 3137 3365 3189 autem
3420 3135 3784 3205 comparatio

2123 3218 2440 3274 statuenda
2469 3223 2581 3285 est,
2613 3217 2664 3274 si
2698 3217 2830 3290 quis
2875 3219 3170 3277 orationes
3217 3221 3582 3278 orationibus
3612 3222 3787 3278 vellet

2125 3323 2484 3380 comparare.
2527 3307 3024 3379 Argumentorum
3077 3315 3271 3366 autem
3321 3312 3450 3381 ejus
3499 3311 3688 3367 forma
3717 3325 3788 3367 ex

2125 3395 2406 3452 Aristidis
2429 3396 2798 3452 orationibus
2831 3397 3093 3470 apprime
3123 3397 3529 3470 insigniretur.
3554 3399 3614 3456 Si
3637 3400 3754 3455 utri
3773 3429 3789 3442 τ

2127 3503 2242 3560 que
2271 3503 2472 3541 aurem
2505 3486 2638 3558 quis
2689 3487 2994 3558 praeberet,
3023 3488 3095 3543 ab
3137 3487 3238 3543 illo
3289 3488 3526 3560 quidem
3558 3493 3790 3545 oratore

2126 3576 2555 3634 obtunderetur
2587 3581 2643 3632 et
2667 3576 2843 3632 aliam
2876 3577 3296 3633 transferretur
3324 3595 3546 3646 vocem,
3578 3578 3790 3634 oratio-

2127 3683 2270 3723 num
2306 3669 2502 3722 autem
2530 3665 2732 3721 Basilii
2763 3666 3080 3723 tonitribus
3102 3667 3346 3723 suavius
3373 3666 3793 3740 disponeretur

2127 3760 2184 3812 et
2213 3757 2284 3811 ad
2317 3772 2522 3811 eorum
2555 3772 2769 3811 sonum
2802 3756 3063 3812 saltaret.

362 3849 497 3924 πρὸς
528 3846 706 3918 ἄλλην
737 3847 1054 3923 μετενέγκοι
1097 3849 1308 3923 φωνὴν,
1343 3847 1479 3924 πρὸς
1520 3843 1576 3902 δὲ
1618 3847 1713 3910 τὰς
1755 3844 2045 3903 Βασιλείου
2093 3848 2200 3898 τῶν
2234 3841 2412 3920 λόγων
2467 3843 2696 3920 βροντὰς
2742 3841 3004 3921 ἠδύτερον
3055 3843 3114 3901 ἂν
3176 3842 3445 3914 διατεθείη
3505 3844 3596 3902 καὶ
3658 3866 3789 3902 συν-

363 3937 726 4015 εξορχήσαιτο
757 3937 880 4013 περὶ
908 3939 1008 4008 τήν
1036 3937 1186 4013 ἠχώ.

435 4043 499 4102 δ’.
531 4049 787 4107 Τοιοῦτος
825 4045 920 4118 μὲν
951 4045 1042 4100 οὖν
1089 4045 1240 4118 αὐτῷ
1286 4044 1375 4100 καὶ
1409 4045 1437 4100 ὁ
1466 4041 1702 4123 ἀδελφὸς
1743 4039 1840 4118 ἔφυ
1874 4048 2018 4117 Γρη-

361 4136 568 4211 γόριος.
604 4132 844 4197 Οὐδένας
893 4135 998 4210 γὰρ
1046 4130 1218 4211 ἔγωγε
1266 4133 1585 4207 ξυμπάντων
1638 4131 1889 4211 ρητόρων
1926 4153 2019 4204 με·

361 4223 851 4302 γαλοφωνοτέρους
887 4227 994 4278 τῶν
1038 4220 1182 4278 δυεῖν
1225 4221 1434 4278 τούτων
1492 4223 1747 4294 ἐγνώκειν
1783 4219 2018 4295 ἀνδρῶν.

365 4313 525 4371 Ἀλλ’
555 4313 584 4368 ’ὁ
615 4317 731 4375 τοῖς
764 4309 962 4376 ἄλλοις
1008 4311 1269 4390 ῥήτορσιν
1316 4313 1344 4367 6
1387 4311 1666 4375 Νυσσαεὺς
1694 4313 2021 4380 καθεστήκοι

365 4402 699 4478 Γρηγόριος,
726 4405 888 4457 τοῦτο
920 4399 988 4471 δὴ
1032 4402 1170 4476 πρὸς
1213 4399 1406 4457 τοῦτον
1445 4402 1473 4456 6
1521 4403 1689 4477 μέγας
1719 4399 2022 4462 Βασίλειος.

365 4492 507 4568 Ηρὸς
544 4493 638 4566 μὲν
667 4493 768 4570 γὰρ
815 4493 915 4562 τήν
967 4491 1260 4549 Βασιλείου
1309 4489 1591 4566 σάλπιγγα
1647 4491 1800 4562 αὐλῴ
1849 4487 1908 4546 ἄν
1939 4511 2024 4552 τις

363 4583 462 4652 τὴν
502 4586 601 4637 τοῦ
648 4579 892 4658 ἀδελφοῦ
939 4581 1191 4657 γλῶσσαν
1251 4580 1510 4636 εἷ’κάσειεν
1543 4599 1556 4612 '
1608 4581 1746 4656 πρὸς
1791 4577 1848 4634 δὲ
1897 4578 2024 4641 τοὺς

365 4671 488 4747 περὶ
537 4673 892 4745 Δημοσθένην
938 4671 1030 4727 καὶ
1081 4667 1418 4748 Ἀριστείδην
1468 4667 1748 4744 σάλπιγγα
1802 4669 1895 4723 τὸν
1934 4668 2026 4724 ἄν·

366 4757 467 4837 δρα
515 4765 707 4817 τοῦτον
750 4760 1196 4834 κατονομάσειεν.
1247 4757 1430 4816 Ἀλλά
1475 4757 1863 4835 πανηγυρίζειν
1931 4758 2026 4830 μὶν

362 4848 595 4922 ἥττηται
641 4849 925 4909 Βασιλείου
974 4851 1122 4928 παρὰ
1157 4849 1304 4906 πολύ
1340 4870 1352 4882 ·
1403 4847 1745 4922 ἀνακαλύψαι
1797 4845 1854 4901 δὲ
1895 4846 2028 4922 βου-

366 4939 598 5014 λόμενος
631 4940 758 5004 σοὺς
792 4939 971 5005 θείους
1020 4940 1311 5017 χρησμοὺς
1357 4941 1444 4995 καὶ
1483 4937 1658 4994 ὁπόσα
1685 4941 1792 4992 τῶν
1821 4934 2024 5012 λογίων

366 5028 683 5105 κέκρυπται.
737 5029 957 5086 ’ίόταται
1018 5032 1114 5104 μὲν
1166 5031 1293 5106 παρ’
1352 5028 1556 5085 ἐκεῖνον
1617 5027 1880 5103 ἀτρέμας,
1936 5025 2028 5080 καὶ

369 5120 398 5174 ὁ
438 5119 736 5196 συγκρίνων
767 5117 936 5198 ἄμφω
961 5121 1096 5175 κατὰ
1142 5124 1312 5174 τοῦτο
1361 5120 1423 5174 τὸ
1470 5118 1636 5195 μέρος
1671 5115 1770 5171 οὐκ
1800 5115 1861 5170 ἄν
1896 5115 2027 5191 ὑπὲρ

368 5208 654 5264 Βασιλείου
685 5209 752 5263 τὰ
775 5209 952 5264 πάντα
972 5207 1300 5285 ψηφίσαιτο.

439 5299 496 5354 ε’.
545 5299 607 5356 Ὁ
659 5295 718 5354 δὲ
757 5301 857 5369 τήν
915 5297 1165 5375 γλῶτταν
1222 5301 1462 5373 χρυσοῦς
1517 5297 1794 5366 Ἰωάννης,
1844 5293 1890 5349 εἰ
1939 5292 2030 5348 καὶ

365 5387 467 5456 τὴν
529 5386 726 5462 ἀρετὴν
769 5387 931 5452 ’θεῖός
988 5388 1100 5444 ἔστι
1155 5388 1242 5442 καὶ
1291 5393 1410 5449 τοῖς
1465 5391 1628 5441 πᾶσιν
1683 5385 2029 5460 ἀσύγκριτος,

364 5473 492 5532 ἀλλ’
521 5475 644 5553 οὐχ’
674 5476 858 5552 ὥσπερ
889 5481 996 5533 τῶν
1041 5473 1254 5546 ἄλλων,
1288 5475 1431 5531 οὕτω
1476 5473 1544 5544 δὴ
1577 5475 1664 5530 καὶ
1698 5477 1805 5528 τῶν
1839 5472 2020 5548 λόγων

365 5565 742 5644 ὖπερεώρακεν
777 5586 791 5600 ·
826 5565 954 5622 ἀλλ’
981 5561 1094 5623 ἔστι
1121 5573 1222 5636 τῆς
1253 5565 1456 5642 τέχνης
1487 5565 1560 5626 ὡς
1593 5563 1819 5635 ἀληθῶς
1846 5559 2024 5638 ἄγαλ-

369 5676 463 5730 μα.
515 5657 616 5712 Ἐκ
665 5657 845 5727 πάσης
887 5676 948 5711 τε
1007 5656 1110 5733 γὰρ
1157 5652 1301 5717 ἰδίας
1349 5654 1719 5728 ξυνήρμοσται
1774 5652 1866 5706 καὶ
1923 5654 2023 5707 τοῦ

365 5741 657 5803 πολιτικοῦ
687 5742 1060 5825 λόγουόίκρος
1105 5743 1214 5802 ἐστὶ
1265 5740 1547 5816 ζηλωτὴς,
1576 5744 1682 5797 τῶν
1711 5760 1769 5797 τι
1790 5745 1893 5811 τῆς
1925 5739 2026 5820 ῥή-

693 5877 957 5941 Ρλτιιοι.
1005 5877 1118 5940 Gs.
1164 5873 1399 5940 CXXII.

2203 4041 2359 4098 Talis
2391 4046 2448 4097 et
2478 4042 2603 4112 ipse
2635 4041 2746 4098 luit
2793 4043 2922 4113 ejus
2955 4043 3132 4098 frater
3177 4044 3514 4115 Gregorius.
3547 4043 3787 4100 Nullum

2132 4132 2371 4204 quidem
2403 4147 2472 4186 ex
2509 4131 2789 4187 omnibus
2839 4133 3173 4187 oratoribus
3206 4133 3394 4204 magis
3437 4131 3790 4204 altiloquum

2131 4222 2264 4277 novi
2294 4237 2474 4292 quam
2526 4219 2660 4276 illos
2691 4221 2839 4276 duos
2895 4221 3072 4276 viros.
3107 4223 3269 4287 Quod
3322 4227 3518 4277 autem
3571 4227 3628 4277 et
3659 4220 3791 4278 aliis

2132 4312 2466 4367 oratoribus
2504 4315 2594 4365 est
2622 4310 2945 4382 Nyssenus,
2979 4311 3088 4366 hoc
3119 4311 3202 4366 illi
3237 4328 3490 4380 magnus
3523 4311 3791 4368 Basilius.

2133 4401 2285 4456 Dum
2308 4401 2466 4457 enim
2491 4399 2708 4470 aliquis
2734 4400 2936 4455 Basilii
2959 4399 3357 4471 eloquentiam
3391 4403 3542 4456 tubae
3574 4403 3796 4458 confer-

2135 4495 2242 4556 ret,
2275 4490 2473 4545 fratris
2504 4505 2701 4545 vocem
2725 4491 2879 4544 tibiae
2901 4490 3291 4557 assimularet;
3319 4492 3419 4546 sed
3449 4491 3794 4546 Demosthe-

2137 4579 2197 4634 ni
2254 4585 2312 4634 et
2367 4577 2610 4633 Aristidi
2667 4585 3073 4649 comparatum
3137 4582 3338 4634 tubam
3399 4579 3557 4635 hunc
3606 4580 3796 4634 virum

2137 4668 2488 4723 nominaret.
2520 4668 2630 4722 Sed
2671 4666 2732 4721 in
2763 4666 3204 4722 laudationibus
3235 4667 3452 4723 Basilio
3485 4667 3668 4723 multo
3703 4668 3796 4722 in-

2137 4757 2310 4813 ferior
2337 4760 2463 4824 est;
2499 4772 2632 4812 cum
2665 4761 2861 4812 autem
2895 4756 3094 4812 divina
3125 4755 3363 4812 oracula
3416 4757 3674 4812 revelare
3707 4757 3796 4812 in-

2138 4847 2325 4903 tendit
2353 4850 2410 4902 et
2435 4862 2804 4916 quaecunque
2835 4845 3083 4917 antiqua
3113 4845 3584 4916 abscondantur,
3620 4862 3798 4918 prope

2137 4934 2305 4991 illum
2340 4939 2459 4991 stat
2491 4933 2842 5006 intrepidus,
2873 4939 2929 4990 et
2955 4936 3003 4990 si
3038 4933 3171 5005 quis
3202 4934 3373 4990 ambo
3401 4934 3458 4988 in
3491 4933 3600 4989 hac
3632 4939 3798 5006 parte

2138 5027 2401 5081 conferre
2431 5024 2586 5095 velit,
2622 5041 2736 5080 non
2768 5024 2967 5080 omnia
2999 5041 3100 5096 pro
3135 5023 3343 5079 Basilio
3393 5024 3558 5079 dabit
3587 5024 3799 5080 sull‘ra-

2138 5131 2253 5186 gia.

2207 5296 2262 5351 5.
2293 5294 2552 5351 Joannes
2583 5298 2779 5350 autem
2811 5292 3284 5365 Chrysostomus,
3315 5292 3365 5348 si
3413 5291 3628 5348 virtute
3651 5292 3802 5351 divi-

2141 5401 2256 5443 nus
2285 5389 2376 5441 est
2404 5389 2462 5439 et
2492 5383 2638 5438 nulli
2670 5381 3110 5454 comparabilis,
3146 5399 3264 5438 non
3297 5382 3802 5453 quemadmodum

2133 5475 2272 5543 alia,
2303 5479 2360 5529 et
2389 5473 2565 5529 verba
2614 5472 2916 5543 despexit;
2952 5472 3054 5528 sed
3102 5477 3194 5526 est
3223 5471 3395 5542 quasi
3449 5471 3598 5527 artis
3629 5488 3808 5529 orna-

2137 5568 2422 5620 mentum.
2483 5560 2773 5617 Omnibus
2829 5561 2988 5616 enim
3047 5560 3255 5616 formis
3314 5560 3704 5617 concinnatur
3750 5567 3811 5617 et

2135 5650 2385 5726 politicae
2412 5647 2760 5722 eloquentia!
2793 5648 3007 5704 ardens
3037 5647 3344 5704 simulator
3372 5653 3464 5704 est
3493 5653 3551 5705 et
3582 5664 3810 5708 unum-

2137 5741 2414 5816 quodque
2469 5756 2538 5797 ex
2597 5737 2902 5796 rhetoricas
2960 5738 3281 5810 generibus
3337 5738 3658 5797 artiﬁciose
3688 5741 3808 5796 tra-

3403 5866 3482 5926 29
