4100 6402
397 384 514 445 907

1745 383 2160 446 MICHAELIS
2207 385 2478 445 PSELLl

3710 387 3832 449 908

401 520 533 573 otat.
570 517 640 570 Et
696 517 855 572 novit
910 517 1147 590 quidem
1207 519 1508 592 oppositas
1565 534 1758 586 voces,
1814 517 1975 573 novit
2005 520 2048 572 e1

2175 518 2406 590 τορικῆς
2437 515 2598 572 εῗδῶν
2641 515 2868 574 ἕκαστον
2921 515 3188 595 ἐντέχνως
3240 515 3698 593 μεταχειρίζεται.
3724 518 3831 576 Καὶ

397 606 731 679 panegyrici
790 607 1020 679 generis
1078 607 1605 680 pulchritudinem.
1669 610 1747 664 Ad
1811 605 2058 662 consilia

398 701 594 750 autem
627 701 946 768 apparatur
976 714 1090 752 non
1126 702 1248 753 arte
1281 704 1344 753 ut
1367 699 1569 772 regula
1597 715 1762 762 usus,
1799 699 1897 751 sed
1931 696 2056 764 ipse

399 784 530 840 aliis
580 785 761 856 hujus
817 786 1048 858 generis
1100 787 1302 860 regula
1363 790 1621 843 effectus.
1660 787 1776 842 Nec
1826 786 2054 858 Lysiam

398 879 689 930 oratorem
721 875 1028 944 imitatur;
1074 879 1205 948 ejus
1249 884 1446 932 tamen
1480 877 1665 932 oratio
1721 875 1901 948 Lysia;
1929 891 2056 930 ora-

397 963 627 1019 tionum
686 965 1060 1021 festivitatem
1130 970 1530 1037 repraesentat,
1602 970 1841 1036 excepto
1901 964 2056 1036 quod

397 1052 496 1107 ille
529 1051 875 1124 simplicior,
911 1054 1001 1110 hic
1035 1055 1432 1111 abundantior
1466 1061 1520 1109 et
1555 1054 1921 1127 splendidior
1951 1058 2061 1109 est.

396 1141 637 1197 Extollit
667 1148 862 1198 autem
895 1144 1218 1198 orationem
1278 1161 1389 1199 non
1424 1143 1610 1216 tropis
1660 1148 1717 1199 et
1765 1143 2060 1214 allegoriis

397 1236 456 1286 et
508 1231 952 1303 periphrasibus
1011 1249 1195 1304 neque
1257 1233 1454 1304 lyricis
1505 1238 1564 1288 et
1610 1231 2064 1305 ditbyrambicis

398 1321 760 1392 nominibus,
794 1321 893 1377 sed
935 1329 1208 1378 accurata
1260 1322 1691 1395 compositione
1722 1325 1778 1376 et
1831 1319 2064 1392 phrasis

400 1409 706 1482 dignitate.

471 1591 526 1645 6.
559 1590 676 1663 Ego
698 1589 877 1661 igitur
895 1590 1101 1647 vellem
1125 1595 1181 1648 et
1223 1596 1485 1663 optarem
1535 1591 1775 1648 laudare
1809 1597 1874 1646 ut
1921 1591 2065 1646 Gre-

403 1679 602 1753 gorius
633 1680 963 1752 theologus,
997 1681 1304 1752 splendide
1352 1681 1514 1753 loqui
1548 1686 1612 1736 ut
1671 1697 1923 1752 magnus
1957 1680 2065 1735 Ba-

402 1769 591 1838 silius,
651 1769 850 1823 divina
922 1770 1163 1825 oracula
1237 1771 1532 1840 explicare
1612 1775 1674 1824 ut
1748 1769 2064 1840 Gregorius

399 1859 722 1931 Nyssenus,
753 1858 1196 1914 deliberativum
1233 1875 1422 1932 genus
1471 1863 1724 1914 tractare
1754 1864 1811 1914 et
1840 1857 2054 1914 oratio-

396 1965 530 2004 nem
563 1948 816 2003 bilarare
837 1949 1210 2020 simplicibus
1231 1954 1288 2004 et
1310 1949 1804 2004 inenarrabilibus
1827 1947 2052 2021 gratiis,

396 2042 462 2095 ut
489 2038 683 2095 divina
711 2037 970 2112 Spiritus
1000 2040 1188 2095 sancti
1220 2038 1344 2109 lyra
1372 2038 1844 2112 Chrysostomus.

2166 601 2276 658 οἶδε
2303 603 2398 675 μὶν
2429 605 2524 664 τὰς
2573 605 2883 670 ἀντιθέτους
2935 608 3137 684 φωνὰς,
3188 605 3304 661 οἶδε
3355 604 3413 661 δὲ
3440 613 3540 675 τῆς
3572 627 3817 682 πανηγυ-

2167 699 2324 766 ρικῆς
2355 690 2496 756 ἰδέας
2525 696 2587 750 τὸ
2631 693 2864 758 κάλλος.
2919 695 3384 771 Διεσχημάτισται
3444 693 3502 751 δὶ
3558 696 3682 771 περὶ
3731 696 3828 759 τὰς

2169 777 2510 853 συμϐουλὰς,
2561 783 2623 838 οὐ
2670 786 2852 839 κανόνι
2898 784 3036 859 πρὸς
3088 789 3247 840 τοῦτο
3293 784 3361 859 τῇ
3398 783 3567 860 τέχνῃ
3611 788 3834 860 χρησά-

2172 891 2353 944 μενος,
2383 870 2510 926 ἀλλ’
2544 871 2703 934 αὐτὸς
2746 874 2951 947 ἑτέροις
2999 874 3177 928 κανὼν
3205 880 3307 943 τῆς
3339 871 3482 936 ἰδέας
3511 875 3834 948 γινόμενος,

2172 961 2267 1016 Καὶ
2303 961 2503 1016 Λυσίαν
2543 963 2635 1034 μὲν
2671 962 2732 1016 οὐ
2788 968 3040 1036 μιμεῖται
3082 964 3173 1018 τὸν
3226 962 3433 1038 ῥήτορα
3465 982 3478 996 ·
3514 964 3542 1018 6
3575 961 3633 1018 δὲ
3663 963 3835 1038 λόγος

2171 1049 2319 1122 αὐτῷ
2376 1052 2512 1126 πρὸς
2565 1053 2665 1119 τὴν
2711 1053 3001 1124 εὐστομίαν
3042 1052 3247 1108 ἐκείνου
3315 1052 3630 1120 είκόνισται,
3681 1053 3833 1122 πλὴν

2173 1138 2296 1193 ὅσον
2345 1141 2372 1193 ὁ
2427 1141 2521 1212 μὲν
2568 1141 2951 1218 ἀφελές-τερος,
3011 1143 3040 1196 6
3098 1138 3156 1196 δὲ
3208 1140 3499 1218 ἀδρότερος
3548 1142 3638 1197 καὶ
3695 1142 3836 1216 λαμ·

2171 1230 2455 1301 πρότερος·
2492 1231 2720 1306 ’Βξαίρει
2781 1228 2839 1286 δὶ
2893 1231 2987 1286 τὸν
3027 1231 3193 1305 λόγον
3250 1231 3314 1285 οὐ
3352 1238 3582 1305 τροπαῖς
3609 1232 3699 1286 καὶ
3731 1231 3837 1287 ἆλ-

2176 1318 2468 1393 ληγορίαις
2523 1319 2614 1374 καὶ
2671 1322 3077 1397 περιφράσεσιν,
3129 1318 3252 1375 οὐδὲ
3306 1327 3425 1383 τοῖς
3486 1316 3834 1398 ὑποϐάκχοις

2173 1408 2264 1462 καὶ
2299 1403 2649 1483 διθυράμϐων
2684 1409 2969 1481 ὀνόμασιν,
3018 1406 3164 1464 ἀλλὰ
3210 1413 3278 1483 τῇ
3330 1409 3566 1484 ἐμμελεῖ
3596 1412 3834 1487 συνθήκῃ

2173 1499 2263 1553 καὶ
2293 1504 2372 1570 τῷ
2403 1506 2502 1568 τῆς
2535 1501 2784 1576 φράσεως
2823 1501 3114 1573 ἀξιώματι,

2247 1591 2311 1652 ς’.
2345 1591 2542 1663 Ἕγωγ¹
2601 1587 2694 1643 οὖν
2755 1587 3067 1664 βουλοίμην
3127 1591 3216 1645 καὶ
3275 1590 3544 1666 ἀγαπώην
3601 1589 3662 1646 ἂν
3694 1612 3835 1646 παν-

2174 1679 2448 1755 ηγυρίζειν
2482 1679 2575 1750 μὲν
2627 1680 2699 1740 ὡς
2731 1679 2760 1734 6
2805 1676 3068 1752 θεολόγος
3122 1680 3456 1756 Γρηγόριος,
3488 1678 3838 1759 λαμπροφωο

2173 1774 2280 1823 νεῖν
2316 1765 2373 1822 δὲ
2410 1768 2485 1830 ὡς
2531 1769 2560 1822 6
2621 1767 2786 1842 μέγας
2842 1767 3150 1841 Βασίλειος,
3202 1767 3507 1844 ἐξηγεῖσθαι
3559 1767 3618 1826 δὲ
3658 1769 3838 1834 θείους

2173 1857 2466 1932 χρησμοὺς
2523 1857 2597 1920 ὡς
2653 1859 2680 1912 6
2740 1856 3016 1919 Νυσσαεὺς
3077 1860 3404 1934 Γρηγόριος,
3459 1857 3713 1924 ’ίστασθαι
3773 1857 3836 1916 δὲ

2167 1949 2302 2022 πρὸς
2332 1949 2395 2001 τὸ
2427 1942 2895 2019 συμϐουλεντικὸν
2946 1946 3088 2010 εἶδος
3140 1948 3229 2002 καὶ
3273 1946 3564 2026 ἀφηδύνειν
3615 1951 3708 2004 τὸν
3741 1947 3840 2004 λόο

2163 2059 2260 2112 γον
2289 2042 2408 2100 ταῖς
2441 2035 2642 2100 ἁπλαῖς
2698 2037 2789 2091 καὶ
2833 2034 3165 2112 ἀδιηγήτοις
3207 2039 3452 2114 χάρισιν,
3488 2038 3564 2101 ὡς
3592 2041 3627 2109 ἡ
3652 2045 3834 2115 χρυσῆ

2165 2125 2307 2204 λύρα
2335 2131 2436 2181 τοῦ
2469 2126 2803 2200 Πνεύματος.

1077 2500 1426 2631 ΤΟΥ
1525 2497 2324 2628 ΙΩΑΝΝΟΥ
2420 2495 3146 2628 ΨΕΛΛΟΥ

1994 2734 2228 2790 ΣΤΙΧΟΙ

878 2916 1077 3010 ΕΙΣ

1187 2914 1506 3011 ΤΟΥΣ
1623 2912 2075 3010 ΑΓΙΟΥΣ

2195 2913 2557 3007 ΤΡΕΙΣ
2687 2912 3340 3008 ΙΕΡΑΡΧΑΣ.

1236 3263 2120 3418 JOANNIS
2219 3263 2941 3416 PSELLI

1947 3507 2226 3565 VERSUS

1055 3673 1189 3768 IN
1262 3669 1826 3767 SANCTOS
1890 3669 2216 3765 TRES
2287 3669 3160 3766 HIERARCHAS.

1371 3867 1543 3940 (Opp.
1576 3864 1864 3922 Theodori
1896 3863 2225 3935 Prodromi,
2257 3865 2335 3933 8°,
2369 3864 2606 3921 Basilec
2642 3865 2826 3937 1536.)

378 4207 551 4272 Tace,
585 4207 896 4276 spectator,
926 4206 983 4258 et
1011 4203 1183 4258 breve
1213 4216 1384 4256 mane
1416 4207 1670 4272 tempus,

378 4296 463 4351 Ne
495 4295 734 4367 quando
764 4293 966 4349 turbes
997 4291 1300 4363 pulchram
1335 4289 1825 4345 consuetudinem

376 4388 446 4440 Et
497 4384 784 4440 mundum
841 4382 1057 4437 damno
1116 4380 1338 4436 afﬁcias
1397 4394 1736 4435 sermonum
1789 4376 2040 4432 Numine

1655 4465 2036 4538 [afﬂatorum.

373 4565 416 4620 E
449 4564 593 4621 coelo
626 4563 781 4618 enim
814 4577 1018 4617 recens
1049 4559 1160 4615 boc
1191 4559 1361 4614 tertio

374 4653 543 4710 Venit
571 4653 819 4709 atterens
847 4649 1063 4706 Paulus
1095 4649 1460 4705 aericursor:

376 4744 569 4800 Movet
621 4747 815 4798 autem
871 4756 1111 4795 manum
1163 4738 1234 4793 ad
1291 4735 1608 4808 Scriptura
1640 4732 2035 4788 ministerium

373 4833 544 4890 Orbis
579 4830 936 4904 prodigium,
973 4844 1217 4884 aureum
1253 4843 1317 4881 os
1347 4842 1360 4879 :

371 4923 666 4981 [Emulare
697 4927 972 4976 czeterum
1006 4934 1177 4988 quem
1213 4921 1348 4970 ante
1371 4915 1588 4986 januas
1620 4911 1804 4980 vides,

378 5016 520 5069 Cum
553 5009 652 5067 illo
684 5014 879 5064 autem
915 5006 1130 5060 mirare
1160 5011 1217 5060 et
1244 5003 1442 5060 animo
1473 5001 1750 5056 consiste.

922 5152 982 5205 In
1018 5150 1484 5219 Chrysostomum.

372 5280 459 5333 An
491 5277 756 5348 linguam
787 5273 1079 5345 repertam
1111 5268 1308 5340 ignem
1341 5269 1685 5341 spirantem,
1721 5267 1924 5340 pictor,

373 5365 570 5421 Solam
601 5362 871 5429 emisisti,
907 5364 1176 5415 metuens
1208 5359 1510 5414 ﬂammam
1533 5357 1560 5411 ?

367 5457 484 5510 Aut
513 5453 710 5508 omnia
739 5452 964 5508 audens
996 5448 1242 5504 ascribis
1274 5449 1428 5518 quod
1464 5464 1639 5503 urens
1671 5451 1780 5514 est,

366 5546 438 5599 Et
467 5546 638 5598 sonat
670 5541 910 5613 quidem
942 5542 998 5594 et
1027 5537 1292 5610 loquitur
1319 5535 1756 5593 exhortationes
1778 5534 1806 5589 ?

364 5633 474 5689 Sed
505 5635 596 5687 est
625 5648 761 5687 voce
793 5627 996 5703 gracili
1027 5643 1096 5683 ex
1124 5627 1238 5683 cibi
1270 5626 1665 5694 abstinentia;

366 5723 556 5781 Meam
587 5725 860 5777 caeterum
893 5717 1051 5773 enim
1085 5733 1288 5773 aurem
1322 5733 1439 5774 non
1471 5715 1801 5790 praebebam
1828 5731 1842 5770 :

2058 5581 2106 5645 D

2072 4199 2115 4266 C
2155 4199 2316 4267 Σῖγα,
2354 4194 2535 4262 θεατὰ,
2565 4195 2656 4250 καὶ
2692 4195 2899 4272 βραχὺν
2934 4202 3119 4270 μεῖνον
3153 4199 3378 4273 χρόνον.

2150 4285 2363 4352 Μήπως
2393 4285 2620 4359 τεράξῃς
2645 4286 2745 4352 τὴν
2783 4284 2957 4354 καλὴν
2993 4287 3294 4354 συνουσίαν,

2151 4373 2252 4429 Καὶ
2287 4373 2576 4447 ζημιώσῃς
2601 4373 2806 4447 κόσμον
2839 4373 3052 4439 ἐνθέους
3083 4374 3304 4452 λόγους.

2149 4551 2234 4621 Ἐξ
2268 4550 2494 4626 οὐρανοῦ
2524 4554 2627 4629 γὰρ
2651 4555 2771 4624 ἄρτι
2801 4553 2999 4610 τούτου
3024 4559 3122 4611 τυῦ
3150 4556 3340 4631 τρίτου

2145 4640 2301 4695 Ἣκει
2332 4643 2578 4714 κομίζων
2611 4642 2830 4707 Παῦλος
2854 4642 3278 4721 αἰθεροδρόμος,

2146 4734 2298 4784 Κινεῖ
2327 4728 2384 4784 δὲ
2414 4737 2578 4807 χεῖρα
2607 4733 2744 4807 πρὸς
2769 4739 2988 4811 Γραφῆς
3021 4734 3321 4809 ὑπουργίαν
3357 4752 3372 4766 ⁶

2147 4818 2492 4892 Οἰκουμένης
2520 4821 2582 4875 τὸ
2613 4823 2792 4894 θαῦμα
2813 4822 2874 4876 τὸ
2905 4827 3144 4897 χρυσοῦν
3177 4823 3375 4896 στόμα,

2146 4907 2328 4978 Ζήλου
2356 4911 2418 4964 τὸ
2453 4909 2670 4978 λοιπὸν,
2705 4911 2762 4964 ὃν
2795 4912 2901 4986 πρὸ
2930 4916 3039 4966 τῶν
3063 4913 3237 4972 θυρῶν
3275 4910 3522 4987 βλέπεις,

2144 4996 2333 5070 Τούτῳ
2365 4997 2422 5052 δὲ
2453 4997 2795 5072 συνθαύμαζε
2822 5001 2915 5055 καὶ
2944 4999 3320 5078 συγκαρτέρει.

2645 5142 2737 5206 Εἰς
2763 5144 2853 5197 τὸν
2883 5142 3298 5219 Χρυσόπομον.

2143 5266 2215 5322 Ἦ
2247 5263 2500 5340 γλῶσσαν
2525 5265 2698 5341 εὑρὼν
2730 5271 2837 5339 πῦρ
2860 5267 3144 5340 πνέουσαν,
3180 5267 3450 5346 ζωγράφε,

2143 5350 2332 5423 Μάνην
2366 5353 2601 5431 ἀφῆκας,
2635 5351 2958 5426 εὐλαϐηθεὶς
2988 5357 3087 5425 τὴν
3122 5355 3305 5435 φλόγα
3337 5375 3351 5425 ;

2142 5445 2212 5500 ’Ἡ
2247 5445 2422 5499 πάντα
2449 5441 2674 5518 τολμῶν
2704 5446 3070 5523 προσγράφεις
3101 5447 3191 5500 καὶ
3221 5447 3285 5500 τὸ
3314 5443 3520 5524 φλέγον
3555 5463 3568 5478 ⁸

2139 5534 2236 5588 Καὶ
2273 5533 2549 5611 φθέγγεται
2586 5535 2679 5607 μὶν
2712 5535 2801 5589 καὶ
2835 5532 2997 5589 λαλεῖ
3025 5537 3392 5611 παραινέσεις,

2134 5621 2294 5679 Ἀλλ’
2323 5619 2467 5678 ἓστιν
2501 5622 2848 5701 ἰσχνόφωνος
2879 5623 2929 5697 ἐξ
2961 5625 3191 5698 ἀσιτίας,

2135 5713 2300 5787 Ἐμὸν
2330 5713 2392 5767 τὸ
2426 5711 2620 5769 λοιπὸν
2647 5713 2709 5768 οὐ
2737 5713 2842 5791 γὰρ
2874 5714 2967 5777 οῦς
2998 5717 3362 5794 παρεσχόμην
3397 5735 3412 5788 ;
