4100 6464
360 417 480 479 909
1537 414 1617 474 ΙΝ
1666 414 1779 474 SS.
1826 413 2027 474 TRES
2073 414 2600 477 HlERARCHAS.
3670 419 3794 482 9l0

362 550 470 603 Νῦν
505 545 597 602 οὗν
630 543 892 622 ὑποσχὼν
920 545 1201 622 γνώσομαι
1230 541 1284 600 τί
1316 565 1410 620 μοι
1441 542 1612 621 λέγει’

362 631 536 695 Βαϐαῖ
563 637 574 693 ί
609 640 960 714 καταφρονεῖν
995 657 1062 710 με
1092 635 1262 691 πείθει
1294 639 1389 690 τοῦ
1417 634 1560 711 βίου.

751 778 846 842 Εἷς
878 778 1180 855 Γρηγόριον
1214 778 1306 833 τὸν
1341 777 1635 853 Θεόλογον.

362 907 424 962 Τί
455 927 538 962 σοι
566 906 630 961 τὸ
663 903 882 960 σύννουν
921 901 1148 979 βλέμμα
1180 901 1456 979 βούλεται,
1490 903 1703 978 Πάτερ;

364 996 546 1068 Λὲξειν
577 1017 630 1051 τι
660 999 849 1050 καινοῦ
881 987 1114 1062 ἐκϐιάζει
1150 1014 1246 1066 μοι
1275 995 1437 1068 τάχα.

363 1085 526 1143 Ἀλλ’
567 1085 670 1141 οὐκ
698 1084 759 1140 ἂν
792 1080 973 1158 εὕρῃς·
1007 1088 1111 1138 πᾶν
1142 1083 1244 1159 γὰρ
1274 1082 1586 1160 ἀνθρώποις
1617 1081 1788 1152 ξενον,

359 1264 689 1343 Ἐγνώρισαν
722 1260 1015 1342 φθάσαντες
1045 1263 1097 1318 οἱ
1129 1262 1214 1318 σοί
1256 1283 1350 1336 μοι
1382 1259 1561 1338 λόγοι.

815 1407 908 1471 Εἰς
934 1406 1026 1461 τὸν
1061 1406 1230 1481 μέγαν
1264 1403 1570 1462 Βασίλειον.

366 1534 688 1610 Ἐπιπρὲπει
716 1554 800 1596 τις
832 1533 1160 1606 σεμνοποιὸς
1187 1530 1446 1607 ὠχρότης

363 1627 455 1698 Ἐξ
489 1622 796 1701 ἐγκρατείας
822 1621 902 1695 τῷ
928 1626 1082 1700 σοφῷ
1113 1618 1448 1693 διδασκάλῳ.

369 1712 525 1772 ⁹Αλλ²
554 1712 600 1769 εἰ
629 1711 862 1783 λαλήσει
898 1714 991 1786 ζῇν
1027 1707 1178 1765 δοκεῖ
1207 1709 1308 1785 γὰρ
1337 1711 1423 1764 καὶ
1456 1708 1626 1773 τύπος

367 1803 564 1879 Τρυφὴ
594 1803 657 1857 τὸ
687 1807 905 1878 χρῆμα,
935 1800 1232 1875 τερπνότης
1263 1801 1297 1869 ἡ
1332 1795 1645 1877 φαιδρότης,

368 1892 580 1950 Οὐκοῦν
611 1892 678 1946 τὰ
707 1889 870 1966 χείλη
905 1891 1041 1965 πρὸς
1074 1887 1270 1964 λόγους
1308 1892 1498 1956 κινεῖς,
1529 1889 1726 1964 Πάτερ,

365 1981 504 2045 Τοὺς
528 1980 618 2036 καὶ
653 1979 839 2042 λίθους
875 1979 1190 2054 θέλγοντας·
1227 1976 1372 2032 ἀλλᾶ
1408 1979 1484 2051 μὴ
1516 1975 1642 2054 λὲγε

364 2075 544 2146 "Amp
578 2067 844 2126 διδάσκων
880 2067 955 2130 εἰς
978 2067 1319 2138 συναίσθησιν
1355 2064 1524 2144 ἄγεις.

369 2160 588 2218 Δάκνειν
619 2159 719 2237 γὰρ
751 2156 870 2214 οἶδα
898 2162 1086 2226 ταῦτα,
1119 2155 1214 2212 κᾶν
1248 2157 1411 2231 στάζῃ
1445 2154 1595 2230 μὲλι,

365 2256 495 2314 Τοῖς
526 2248 712 2306 ἔλκυσι
748 2247 1027 2325 βρύοντας,
1065 2245 1115 2317 ἐξ
1141 2247 1214 2301 ὧν
1250 2244 1577 2322 στυγνότης,

370 2347 514 2420 Πρρς
544 2341 604 2411 ἣν
639 2337 912 2416 ἐπαρθεὶς,
945 2337 1034 2392 καὶ
1064 2335 1288 2414 γράφεις
1321 2335 1463 2390 οὕτω
1500 2337 1689 2410 μόνον.

905 2481 1001 2544 Εἲς
1029 2480 1157 2544 τοὺς
1186 2485 1334 2557 τρεῖς
1357 2482 1491 2555 ἅμα.

373 2612 536 2692 Τριᾶς
571 2612 664 2686 μὲν
699 2609 849 2685 εὗρεν
881 2605 1201 2681 ἰσαρίθμους
1236 2607 1589 2682 συμμάχους.

372 2791 751 2867 Ὑπερμάχους
781 2785 828 2842 δ’
852 2784 1041 2857 ’ίστησι
1073 2785 1257 2850 πίστις
1289 2781 1494 2854 ἐνθάδε,

375 2880 623 2951 Ἀνάξιον
653 2877 878 2956 κρίνασα
904 2876 994 2931 καὶ
1027 2874 1216 2952 πόρρω
1250 2873 1444 2950 λόγου,

375 2973 473 3025 Ὠν
503 2973 622 3031 τοῖς
652 2965 844 3031 ἄλλοις
878 2965 1089 3021 σύνεστι
1121 2963 1262 3040 μηδὲ
1287 2970 1403 3027 τοῖς
1432 2963 1652 3028 τύποις.

386 3147 543 3204 ’Ὀθεν
571 3146 875 3224 γραφέντες,
911 3148 1007 3220 ζῇν
1036 3141 1278 3216 δοκοῦσι,
1308 3144 1397 3199 καὶ
1429 3141 1604 3219 λέγειν

385 3237 556 3312 Ἀπερ
587 3237 836 3313 φέρουσιν
869 3236 925 3291 αἱ
957 3233 1246 3312 θεόγραφοι
1279 3227 1490 3310 βίϐλοι.

379 3323 590 3396 Ταύτην
622 3320 863 3400 ἀμοιϐὴν
892 3328 1012 3386 τοῖς
1044 3319 1394 3387 διδασκάλοις
1423 3321 1574 3397 νέμει

383 3412 590 3478 Εὔνους
625 3415 878 3488 μαθητὴς
909 3411 1126 3484 οἶκέτης
1155 3412 1440 3479 Ἰωάννης.

886 3555 982 3620 Εἷς
1013 3557 1102 3612 τὸν
1135 3556 1413 3632 Χρυσόστο
1423 3577 1547 3630 μον.

385 3686 449 3742 Ὁ
479 3687 719 3760 χρυσοῦς
749 3683 907 3745 οὗτος
937 3682 1096 3750 ἣλιος
1126 3678 1234 3736 τῶν
1269 3678 1585 3756 δογμάτων,

387 3773 648 3830 “Ακτίνεσ’
678 3770 869 3828 ἁπλῶν
895 3772 1100 3841 ἠθικῶν
1137 3767 1507 3846 διδαγμάτων,

389 3859 732 3930 Διασκεδάζει
763 3864 867 3914 πᾶν
896 3857 1233 3938 φιλάργυρον
1265 3859 1444 3935 νέφος,

389 3951 493 4010 Καὶ
521 3954 852 4030 φωταγωγεῖ
879 3953 1011 4004 πᾶσι
1038 3950 1139 4018 τὴν
1174 3948 1468 4024 σωτηρίαν.

817 4093 912 4157 Εἷς
943 4094 1044 4163 τήν
1071 4093 1240 4149 αὐτοῦ
1281 4091 1616 4170 καθαίρεσιν.

388 4221 488 4275 Τὸν
520 4219 684 4290 ἥλιον
710 4218 1002 4296 χραίνουσι
1043 4216 1381 4293 πλασμάτων
1415 4218 1626 4290 σπίλοι,

389 4305 513 4367 ⁹Ὀδ’
542 4306 689 4363 ἀλλὰ
718 4307 970 4386 φαιδρὸς,
1002 4312 1176 4362 πᾶσαν
1212 4306 1428 4383 αὐγάζει
1459 4309 1650 4384 χθόνα.

392 4398 473 4456 Οὐ
501 4397 603 4472 γὰρ
635 4397 952 4474 ἀφανίζουσι
984 4393 1276 4474 φωσφόρον
1309 4397 1461 4473 νὲφη.

394 4482 618 4542 Στίλϐει
649 4507 712 4562 γε
741 4487 970 4562 χρυσὸς,
997 4482 1159 4560 κόίνγε
1189 4482 1403 4560 χαλκὸς
1434 4485 1643 4558 ἐκρίθη.

393 4577 492 4632 Καὶ
522 4577 750 4650 Χριστὸς
777 4576 940 4637 αὐτὸς
972 4573 1256 4649 δαιμονᾷν,
1289 4579 1411 4649 φεῦ,
1441 4574 1654 4649 ἐκρίθη,

395 4667 574 4743 Φάγος
601 4687 681 4736 τε,
711 4667 804 4721 καὶ
833 4664 1084 4744 φίλοινος
1113 4663 1148 4734 ἢ
1179 4668 1392 4739 πορνῶν
1423 4663 1607 4743 φίλος,

393 4755 672 4819 Ἀντίθεος
695 4755 758 4810 τὸ
793 4759 1002 4827 μεῖζον,
1031 4750 1256 4828 ἄνομος,
1284 4753 1517 4818 πλάνος.

395 4845 698 4922 Κατεκρίθη
732 4843 960 4918 σταυρόν
993 4863 1050 4899 τε
1077 4843 1168 4899 καὶ
1200 4842 1410 4919 χλεύην
1447 4842 1615 4914 πόσην
1645 4862 1659 4914 ;

396 5024 495 5080 Καὶ
523 5025 709 5080 καινὸν
740 5019 917 5094 οὐδὲν,
951 5022 997 5076 εἰ
1028 5025 1162 5078 Θεοῦ
1193 5027 1338 5086 θεῖος
1370 5021 1538 5094 θύτης

395 5115 607 5188 ’Όμοια
635 5113 840 5188 πάσχει
867 5112 955 5168 καὶ
987 5116 1322 5187 καθαιριῖται
1357 5112 1575 5187 θρόνου.

2047 546 2101 613 Α
2131 546 2298 603 Nunc
2320 545 2499 620 igitur
2519 546 2876 605 submittens
2898 565 3251 623 cognoscam
3270 549 3412 624 quid
3436 549 3581 608 mihi
3607 550 3787 610 dicit:

2130 637 2294 708 Papae
2321 637 2332 692 ι
2369 639 2666 710 despicere
2701 639 2847 695 mihi
2873 642 3086 696 suadet
3113 641 3264 697 hanc
3295 641 3498 698 vitam.

2555 785 2620 838 In
2651 782 2974 854 Gregorium
3005 783 3359 857 Theologum.

2128 901 2276 970 Quid
2310 906 2422 964 sibi
2457 908 2580 963 vult
2611 908 2806 980 gravis
2832 906 2931 964 ille
2965 915 3263 982 aspectus,
3296 909 3509 966 Pater?

2130 997 2330 1052 Dicere
2355 996 2576 1069 aliquid
2609 999 2739 1053 novi
2771 999 3036 1070 erumpis
3068 998 3214 1054 mihi
3243 999 3460 1054 statim.

2128 1085 2240 1141 Sed
2273 1103 2385 1142 non
2419 1087 2719 1156 invenies;
2753 1088 3039 1160 quidquid
3071 1088 3229 1144 enim
3275 1088 3615 1145 hominibus
3646 1089 3786 1146 alie-

3591 1179 3785 1250 [num,

2129 1265 2345 1322 Notum
2381 1265 2525 1323 mihi
2556 1267 2839 1337 fecerunt,
2873 1268 3316 1341 praevenientes,
3341 1268 3428 1325 tui
3458 1284 3783 1326 sermones.

2621 1412 2682 1466 In
2714 1410 2971 1483 Magnum
3003 1413 3296 1468 Basiliam.

2128 1534 2304 1591 Decet
2329 1535 2572 1608 quidam
2602 1537 2954 1593 venerabilis
2987 1536 3174 1609 pallor

2130 1624 2211 1679 Ex
2240 1623 2602 1681 continentia
2631 1624 2956 1697 sapientem
2991 1626 3366 1698 magistrum.

2130 1716 2203 1769 At
2233 1715 2284 1769 si
2316 1713 2551 1787 loquela
2579 1714 2772 1771 vivere
2800 1714 3030 1771 videtur
3063 1715 3300 1785 (etenim
3331 1719 3503 1789 typus

2133 1804 2410 1876 Voluptas
2441 1804 2676 1870 divitiae,
2708 1807 2882 1876 typus
2915 1803 3249 1876 delectatio)
3279 1804 3547 1861 hilaritas
3574 1821 3589 1863 :

2055 1929 2100 1993 Β
2135 1893 2316 1962 Igitur
2348 1893 2504 1949 labia
2530 1893 2600 1949 ad
2634 1911 2937 1950 sermones
2969 1911 3188 1964 moves,
3224 1895 3412 1966 Pater,

2134 1984 2198 2038 Et
2229 1987 2424 2055 petras
2455 1983 2823 2040 emollientes
2857 2002 2869 2040 :
2906 1985 3006 2041 sed
3044 2001 3112 2040 ne
3144 1983 3305 2040 dicas

2132 2075 2266 2138 Quae
2297 2073 2560 2130 docendo
2594 2073 2664 2129 ad
2696 2089 2981 2130 sensuum
3013 2073 3446 2146 perceptionem
3507 2072 3788 2130 adducis:

2134 2163 2399 2219 Mordere
2428 2163 2587 2219 enim
2618 2163 2740 2218 hinc
2772 2163 2927 2232 novi,
2960 2162 3229 2235 quamvis
3260 2163 3372 2218 mel
3406 2161 3649 2230 stillent,

2131 2252 2593 2308 Attractionibus
2624 2252 2888 2320 refertos,
2920 2269 2990 2307 ex
3021 2252 3237 2324 quibus
3270 2269 3520 2308 maeror:

2133 2342 2430 2398 Adversus
2463 2358 2637 2414 quem
2665 2341 3002 2414 insurgens,
3035 2341 3119 2397 sic
3149 2345 3381 2398 tantum
3416 2341 3650 2398 scribis.

2750 2487 2809 2540 In
2842 2494 2956 2541 (res
2984 2486 3174 2542 simul.

2141 2611 2398 2670 Trinitas
2447 2611 2686 2683 quidem
2729 2609 2954 2666 invenit
2995 2627 3242 2666 numero
3292 2611 3548 2683 aequales
3579 2627 3799 2684 propu-

3459 2699 3758 2773 [gnatores
3785 2715 3800 2757 :

2145 2793 2255 2848 Eos
2286 2793 2483 2846 autem
2516 2787 2762 2845 invictos
2793 2788 2982 2844 effecit
3013 2789 3159 2845 ﬁdes
3196 2790 3300 2858 ibi,

2144 2880 2458 2954 Indignum
2483 2877 2764 2949 judicans
2795 2883 2852 2934 et
2881 2879 3232 2947 absurdum,

2143 2971 2255 3026 Eos
2300 2969 2401 3041 qui
2459 2967 2682 3024 caateris
2739 2967 3040 3038 conjuncti
3098 2973 3262 3036 sunt,
3318 2985 3434 3025 non
3492 2967 3712 3042 pariter
3741 2969 3802 3024 in

2784 3056 3246 3129 [exemplaribus
3275 3073 3405 3115 esse
3436 3059 3803 3130 conjunctos.

2147 3148 2279 3204 Ideo
2310 3147 2528 3219 depicti
2556 3147 2749 3202 vivere
2777 3146 3052 3201 videntur
3080 3151 3139 3202 et
3169 3146 3364 3203 dicere

2148 3242 2284 3305 Quae
2317 3255 2433 3310 praa
2465 3254 2527 3294 se
2559 3237 2755 3293 ferunt
2786 3255 2820 3292 a
2852 3241 2966 3293 Deo
2999 3237 3202 3309 scripti
3233 3237 3410 3294 Libri.

2068 3302 2111 3369 C
2151 3302 2787 3384 lianc-retributionem
2820 3326 2945 3382 suis
2976 3302 3278 3398 magistris
3312 3326 3524 3383 tribuit

2151 3419 2345 3474 Bonus
2376 3415 2708 3488 discipulus
2738 3414 3044 3471 familiaris
3073 3415 3350 3471 Joannes.

2690 3564 2762 3618 In
2797 3560 3263 3632 Chrysostomum.

2149 3692 2380 3745 Aureus
2411 3687 2509 3743 ille
2539 3685 2625 3742 sol
2658 3686 3031 3758 dogmatum,

2155 3778 2371 3834 Radios
2402 3776 2740 3848 expandens
2773 3774 3087 3830 moralium
3119 3773 3592 3847 disciplinarum,

2153 3867 2416 3937 Dissipat
2445 3880 2677 3920 omnem
2710 3881 2942 3919 avaram
2977 3863 3280 3934 nebulam,

2153 3960 2222 4011 Et
2250 3953 2548 4010 illuminat
2577 3954 2854 4009 omnibus
2883 3953 3038 4008 viam
3075 3951 3308 4010 salutis.

2157 4103 2217 4157 In
2273 4097 2518 4168 eiusdem
2573 4096 2869 4166 (Joannis
2917 4095 3368 4169 Chrysostomi)
3418 4096 3814 4168 depositionem

2156 4225 2346 4282 Solem
2379 4222 2698 4294 inquinant
2731 4221 3142 4292 ﬁgmentorum
3175 4217 3418 4275 maculae
3447 4239 3461 4289 ;

2158 4314 2263 4371 Hic
2294 4317 2489 4369 autem
2523 4311 2872 4384 splendidus
2901 4315 3083 4365 totam
3117 4307 3378 4365 illustrat
3407 4313 3621 4364 terram
3647 4325 3660 4364 :

2157 4403 2283 4459 Non
2315 4403 2471 4458 enim
2504 4399 2839 4455 annibilant
2866 4398 3176 4454 luciferum
3211 4397 3537 4453 nubeculae.

2158 4492 2365 4564 Fulget
2391 4507 2625 4554 aurum,
2657 4488 2895 4544 tametsi
2926 4505 3003 4544 aes
3031 4488 3362 4559 judicatum
3395 4493 3504 4555 est,

2158 4582 2228 4636 Et
2256 4580 2525 4636 Christus
2553 4578 2682 4650 ipse
2724 4579 3053 4632 daemonum
3107 4576 3323 4632 habere
3371 4576 3675 4646 judicatus
3706 4581 3819 4648 est,

2080 4677 2126 4741 D
2159 4669 2434 4737 Gulosus,
2467 4668 2731 4733 vinosus,
2767 4670 3098 4722 scortorum
3130 4670 3382 4730 amator,

2161 4759 2278 4814 Deo
2311 4757 2682 4814 adversarius
2715 4755 2927 4826 majus,
2960 4753 3146 4822 exlex,
3179 4753 3505 4809 erraticas:

2163 4852 2489 4903 Damnatus
2519 4849 2610 4902 est
2657 4846 2727 4900 ad
2762 4859 3023 4913 crucem,
3055 4847 3114 4898 et
3157 4844 3229 4898 ad
3281 4842 3605 4898 ludibrium
3637 4859 3826 4914 quan-

3632 4931 3782 5002 [tum
3809 4931 3823 4986 l

2163 5027 2232 5082 Et
2264 5025 2412 5080 nihil
2445 5040 2684 5094 novum,
2711 5021 2760 5078 si
2794 5021 2892 5078 Dei
2924 5021 3156 5077 divinus
3193 5019 3558 5077 sacrificator

2165 5115 2397 5172 Similia
2426 5115 2649 5185 patitur
2675 5118 2733 5168 et
2761 5111 2995 5184 ejicitur
3024 5110 3260 5166 throno.

1569 5339 2140 5437 EJUSDEM
2219 5340 2655 5437 PSELLI

1067 5493 1488 5556 ENCOMIUM
1534 5493 1637 5555 ET
1682 5495 2052 5559 OFFICIUM
2098 5495 2498 5559 SYMEONIS
2546 5491 3156 5554 ΜΕΤΑΡΗΗΑΞΤΑΞ

1541 5625 1686 5683 Vide
1717 5630 1948 5685 tomum
1986 5629 2186 5699 CXIV,
2217 5627 2328 5686 col.
2363 5625 2467 5684 183
2498 5628 2556 5682 et
2587 5625 2709 5681 199.
