4100 6400
387 413 509 474 911

1749 410 2174 471 MICHAELIS
2219 410 2486 470 PSELLl

3703 413 3825 474 912

1105 757 1457 890 ΤΟΥ
1570 755 2274 888 ΑΥΤΤΟΥ
2386 755 3112 888 ΨΕΛΛΟΥ

1937 986 2250 1060 ΜΟΝῼΔΙΑ

756 1153 958 1247 ΕΙΣ
1041 1150 1298 1246 ΤΗΝ
1384 1151 1626 1244 ΤΗΣ
1714 1149 2075 1244 ΑΓΙΛΣ
2157 1148 2615 1244 ΣΟΦΙΑΣ
2703 1148 3447 1244 ΣΥΜΠΤΩΣΙΝ

1203 1356 2154 1633 EJUSDEM
2279 1477 3004 1630 PSELLI

1937 1711 2266 1770 MONODIA

632 1865 770 1961 IN
838 1863 1820 1961 COLLAPSIONEM
1885 1862 2371 1958 TEMPLI
2442 1863 2976 1960 SANCTE
3036 1862 3570 1961 SOPHUE.

1284 2051 1422 2123 (Leo
1453 2048 1705 2107 Allatius
1735 2048 1794 2105 in
1827 2051 1950 2104 not.
1984 2046 2059 2105 ad
2088 2050 2296 2121 Georg.
2329 2046 2646 2120 AcrOpolit.
2680 2063 2738 2119 p.
2769 2047 2921 2120 281.)

450 2352 578 2408 Fuit
607 2351 787 2423 igitur
844 2357 902 2407 et
949 2351 1255 2408 calamitas
1312 2350 1668 2417 calamitate,
1730 2355 1789 2407 et
1837 2349 2036 2422 passio
2065 2355 2118 2420 Α

369 2442 661 2513 passione,
694 2447 752 2497 et
797 2441 994 2496 luctus
1042 2439 1227 2507 luctu,
1261 2447 1318 2496 et
1365 2441 1710 2497 lamentatio
1743 2440 2029 2496 lamenta-

367 2529 546 2597 tione,
583 2535 642 2585 et
669 2529 924 2598 ejulatus
971 2530 1196 2599 ejulatu
1231 2531 1421 2599 major
1450 2538 1509 2584 et
1558 2528 1880 2584 molestior.
1909 2528 2032 2582 Cas-

366 2623 524 2674 teras
558 2619 800 2690 quidem
834 2618 1224 2686 calamitates,
1274 2623 1530 2689 quantas
1563 2620 1675 2673 fert
1723 2618 2030 2683 memoria,

369 2707 608 2762 urbium
665 2708 1020 2773 eversiones,
1072 2705 1428 2777 templorum
1479 2706 1894 2771 desolationes,
1927 2706 2031 2759 do-

371 2812 606 2851 morum
666 2796 896 2867 lapsus,
952 2795 1404 2851 simulacrorum
1438 2813 1632 2862 casus,
1689 2796 2028 2862 seditiones,

370 2885 777 2947 abductiones,
827 2885 1194 2954 captivitates
1242 2886 1624 2955 cognovimus
1668 2889 1725 2939 et
1782 2885 2024 2939 scimus.

371 2973 632 3030 Vidimus
664 2990 791 3045 quas
823 2990 940 3029 non
999 2989 1466 3044 speraveramus,
1501 2989 1690 3044 neque
1719 2980 2027 3044 exspecta-

369 3079 661 3130 veramus,
687 3079 876 3134 neque
898 3079 1158 3134 unquam
1181 3062 1237 3116 in
1264 3071 1520 3117 mentem
1544 3062 2022 3119 induxissemus:

368 3169 561 3225 neque
613 3153 809 3223 majus
883 3151 1108 3207 malum
1185 3152 1380 3207 videre
1456 3158 1581 3208 erat
1652 3154 1810 3222 (ante
1868 3154 2022 3223 quod

367 3241 610 3298 omnino
668 3257 908 3298 necesse
963 3241 1174 3297 fuisset
1223 3256 1519 3314 quemque
1576 3241 1783 3310 mori),
1843 3258 2022 3313 quam

363 3331 533 3401 illud,
567 3335 836 3388 nostrum
869 3331 1186 3402 mundum,
1239 3329 1475 3400 coelum,
1509 3329 1718 3402 solem,
1752 3337 2021 3388 nostrum

366 3420 728 3494 prasidium,
789 3421 1156 3493 confugium,
1220 3428 1483 3476 nostram
1545 3437 1733 3492 spem,
1785 3422 2021 3478 unicam

365 3510 700 3566 animarum
757 3508 1196 3579 adductionem,
1257 3509 1493 3565 unicam
1550 3510 2020 3582 opitulationem,

367 3599 801 3665 lulcimentum,
853 3598 1356 3671 propitiatorium,
1389 3599 1811 3670 perpulchrum
1874 3607 2019 3656 tem-

367 3687 555 3761 plum,
612 3687 1132 3760 incomparabilem
1194 3688 1434 3742 domum
1483 3704 1657 3759 quam
1717 3690 2023 3747 aedificavit

369 3777 588 3849 Sophia
619 3777 679 3833 in
713 3794 818 3833 suo
870 3778 1126 3845 nomine,
1161 3782 1218 3832 et
1271 3779 1441 3848 cujus
1474 3784 1698 3850 septem
1734 3779 1863 3834 illas
1895 3782 2022 3836 suf-

368 3867 535 3923 fulsit
564 3868 910 3936 columnas;
945 3884 1128 3939 supra
1171 3884 1346 3939 quam
1403 3884 1542 3922 suas
1588 3869 1775 3939 ipsius
1807 3871 2021 3927 immo-

369 3957 511 4013 lavit
555 3957 848 4024 victimas,
899 3963 955 4012 et
1013 3958 1288 4027 poculum
1350 3957 1610 4012 miscuit.
1659 3958 1702 4013 Ο
1756 3959 1955 4015 dolorl
1989 3977 2022 4016 o

367 4043 712 4102 calamitas!
748 4063 780 4101 ο
815 4046 1163 4118 magnitudo
1216 4044 1543 4100 malorum!
1600 4047 1643 4102 Ο
1681 4045 1850 4104 Ilias!
1885 4049 2021 4120 quis

366 4154 482 4192 non
515 4145 570 4193 et
599 4154 769 4193 suam
802 4136 1069 4209 linguam
1110 4136 1390 4202 dedisset,
1424 4142 1490 4191 ut
1541 4153 1612 4192 ne
1644 4138 2018 4210 loqueretur:

366 4226 499 4298 quis
557 4243 673 4282 non
705 4226 881 4282 etiam
942 4227 1129 4281 libens
1187 4227 1398 4282 fuisset
1427 4227 1768 4292 suffocatus.
1828 4229 2020 4300 prius-

365 4333 543 4388 quam
573 4332 714 4372 voce
762 4315 1115 4388 exprimeret
1162 4315 1272 4371 hoc
1319 4315 1465 4370 illud
1518 4317 1673 4388 quod
1719 4322 1872 4373 Deus
1903 4323 2019 4374 ele-

363 4410 548 4478 gerat,
601 4407 757 4477 quod
807 4406 1234 4477 frequentabat,
1287 4407 1346 4460 in
1396 4422 1533 4477 quo,
1590 4412 1653 4462 ut
1705 4409 1899 4478 potius
1933 4408 2021 4462 di-

363 4495 640 4563 cendum,
688 4494 1009 4561 habitabat,
1058 4493 1117 4548 in
1167 4510 1282 4566 quo
1340 4495 1453 4550 sibi
1504 4496 1926 4568 complacebat,
1959 4497 2020 4553 in

364 4601 478 4657 quo
509 4584 875 4650 versabatur,
903 4584 961 4639 in
1014 4585 1169 4655 quod
1205 4584 1463 4654 seposita
1500 4590 1668 4640 erant
1721 4586 2021 4656 pretiosis-

363 4676 539 4743 sima,
569 4673 766 4730 oleum
811 4674 1144 4740 odoratum,
1204 4672 1483 4740 chrisma,
1535 4674 1728 4746 regale
1777 4675 2018 4747 inquam

363 4770 422 4822 et
471 4764 855 4828 sacerdotale,
906 4764 1035 4818 dico
1095 4761 1522 4834 prodigiosum,
1565 4763 1665 4819 Dei
1722 4781 1933 4836 corpus
1964 4772 2022 4822 et

365 4853 648 4928 sanguis:
681 4853 742 4909 in
774 4870 890 4924 quo
949 4851 1373 4907 immolabatur
1430 4851 1528 4906 ille
1573 4852 1717 4922 ipse.
1759 4855 1899 4917 Quis
1929 4855 2017 4910 di-

364 4959 493 4999 cere
525 4941 765 4997 audebit
791 4938 1107 4995 eventum?
1138 4941 1274 5003 Quae
1307 4939 1508 4994 tulerit
1532 4939 1732 4995 anima
1764 4944 2019 5012 proferre

357 5029 606 5087 vocem?
660 5029 810 5086 Illud
871 5030 1185 5094 famosum,
1245 5029 1596 5098 percelebre,
1661 5029 2015 5101 inviolabile,

2224 2348 2316 2403 Ἠν
2397 2347 2499 2418 ἄρα
2568 2347 2657 2401 καὶ
2735 2346 2990 2425 συμφορὰ
3064 2352 3382 2426 συμφορᾶς,
3467 2346 3556 2403 καὶ
3638 2348 3813 2411 πάθος

2142 2436 2370 2505 πάθους,
2419 2435 2511 2489 καὶ
2561 2433 2708 2506 λύπη
2745 2434 2946 2506 λύπης,
2979 2435 3068 2490 καὶ
3127 2436 3380 2510 οἰμωγῆς
3439 2437 3805 2513 οἶμωγὴ,καί

2142 2531 2341 2598 θρῆνος
2393 2526 2596 2598 θρήνου
2648 2523 2849 2596 μείζων
2895 2545 2953 2579 τε
3000 2523 3089 2579 καὶ
3135 2524 3569 2600 ἀργαλεώτερος.
3606 2527 3706 2583 Καὶ
3738 2528 3809 2582 τὰ

2146 2614 2238 2685 μὲν
2295 2610 2439 2667 ἄλλα
2492 2617 2597 2665 τῶν
2631 2612 2990 2685 παθημάτων,
3026 2613 3124 2668 ὅσα
3175 2615 3266 2668 καὶ
3303 2616 3538 2686 μνῆμαι,
3579 2615 3802 2692 φέρουσι

2140 2701 2356 2756 πόλεων
2397 2704 2764 2779 κατασκαφὰς,
2816 2707 2958 2756 ναῶν
3007 2701 3336 2778 έρημώσεις,
3371 2702 3536 2758 οἷ’κων
3568 2703 3801 2780 ἐρειπώ-

2141 2811 2272 2856 σεις,
2335 2790 2664 2864 ἀγαλμάτων
2725 2792 3104 2863 συμπτώσεις,
3160 2790 3411 2866 στάσεις,
3480 2792 3798 2870 ἀπαγωγὰς,

2142 2877 2533 2955 αΐχμαλωσίας
2582 2878 2892 2956 ἐγνώκαμέν
2935 2900 2994 2935 τε
3049 2881 3136 2935 καὶ
3181 2877 3429 2954 οἷ’δαμεν.
3465 2878 3702 2955 Εῗδομεν
3764 2882 3798 2938 ἃ

2139 2969 2238 3023 οὐκ
2293 2965 2630 3040 ἠλπίσαμεν,
2691 2967 2816 3024 οὐδὲ
2871 2967 3377 3046 προσεδοκήσαμεν,
3411 2971 3513 3026 οὐκ
3544 2969 3604 3026 ἃν
3660 2993 3794 3029 ποτε

2136 3057 2213 3119 εἷς
2271 3063 2392 3111 νοῦν
2452 3057 2898 3131 ἆόετυπὼσαμεν·
2961 3058 3050 3113 καὶ
3110 3058 3172 3113 οὐ
3229 3065 3414 3132 μεῖζον
3461 3061 3625 3115 κακὸν
3693 3061 3795 3118 οὐκ

2133 3146 2198 3214 ἦν
2261 3144 2392 3201 ἰδεῖν
2446 3147 2536 3200 καὶ
2597 3147 2660 3202 οὗ
2713 3153 3113 3222 προαποθανεῖν
3161 3147 3377 3210 πάντως
3409 3147 3465 3203 ἃν
3526 3149 3793 3227 ἠνέγκατο

2131 3257 2238 3307 τις,
2296 3237 2330 3307 ἢ
2370 3240 2552 3308 τοῦτο,
2592 3235 2686 3291 τὸν
2733 3235 2940 3309 κόσμον
3000 3239 3186 3309 ἡμῶν,
3242 3238 3334 3293 τὸν
3387 3237 3642 3315 οὐρανὸν,
3695 3241 3786 3295 τὸν

2132 3323 2316 3396 ἥλιον,
2374 3326 2473 3394 τὴν
2522 3326 2749 3396 σκέπην,
2809 3326 2899 3380 καὶ
2957 3326 3270 3404 καταφυγήν
3329 3327 3516 3401 ἡμῶν,
3549 3329 3652 3398 τὴν
3696 3327 3786 3384 έλ-

2131 3411 2284 3483 πίδα,
2344 3416 2443 3484 την
2509 3415 2680 3488 μόνην
2714 3414 3096 3491 ψυχαγωγίαν,
3131 3417 3229 3486 τὴν
3266 3414 3438 3490 μόνην
3473 3416 3788 3492 ἀντίληψιν,

2128 3505 2192 3557 τὸ
2246 3499 2492 3577 ἔρεισμα,
2544 3504 2606 3558 τὸ
2639 3502 2982 3578 ἱλαστήριον,
3013 3506 3104 3561 τὸν
3157 3503 3468 3581 περικαλλῆ
3502 3506 3658 3574 νεὼν,
3691 3507 3786 3562 τὸν

2132 3591 2451 3668 ἀσύγκριτον
2509 3593 2681 3662 οἶκον,
2716 3593 2774 3647 δν
2832 3591 3188 3668 ᾠκοδόμησεν
3237 3597 3272 3665 ἡ
3333 3594 3510 3674 Σοφία
3561 3593 3646 3651 έπὶ
3704 3605 3789 3670 τῷ

2131 3682 2323 3751 ἑαυτῆς
2377 3681 2648 3755 ὀνόματι,
2708 3684 2796 3736 καὶ
2847 3681 2909 3737 οὗ
2972 3684 3230 3758 ὑπήρεισε
3284 3683 3412 3747 τοὺς
3470 3685 3606 3740 ἑπτὰ
3661 3686 3793 3742 στύ-

2133 3768 2261 3833 λους
2318 3770 2570 3834 ἐκεῖνους’
2631 3772 2762 3844 ὑπὲρ
2820 3773 2881 3827 οὗ
2935 3774 3024 3827 καὶ
3082 3774 3278 3844 ἑαυτῆς
3335 3772 3525 3846 ἔσφαξε
3575 3773 3791 3849 θύματα

2130 3861 2219 3916 καὶ
2277 3862 2368 3916 τὸν
2426 3868 2670 3936 κρατῆρα
2727 3859 2992 3937 ἐκέρασεν·
3029 3859 3074 3916 ὣ
3131 3867 3228 3918 ⁴ιοῦ
3287 3863 3532 3928 πάθουςξ
3587 3863 3632 3919 ὣ
3689 3873 3792 3937 τῆς

2132 3952 2451 4029 συμφορᾶςῐ
2487 3950 2530 4004 ὣ
2561 3955 2656 4005 τοῦ
2694 3952 2955 4027 μεγέθους
3005 3957 3112 4007 τῶν
3159 3957 3338 4008 κακῶν
3370 3955 3382 4008 !
3412 3951 3456 4007 ὣ
3501 3959 3600 4023 τῆς
3660 3952 3793 4012 Ἰλι-

2132 4037 2290 4103 άδοςὲ
2341 4041 2438 4102 Τίς
2473 4040 2570 4094 οὐκ
2602 4041 2660 4095 ἂν
2692 4041 2781 4096 καὶ
2809 4043 2906 4111 τήν
2939 4041 3191 4119 γλῶτταν
3237 4039 3462 4117 ἐνδώκῃ,
3525 4043 3665 4098 ὥστε
3715 4047 3792 4118 μὴ

2131 4128 2338 4197 εἰπεῖν;
2388 4129 2478 4191 Τίς
2522 4128 2621 4184 οὐκ
2667 4127 2725 4183 ἂν
2777 4130 2866 4184 καὶ
2913 4129 3048 4184 ἑκὼν
3101 4129 3415 4206 ὲμπνιγείη,
3465 4131 3590 4206 πρὶν
3636 4130 3794 4188 έκλαο

2133 4216 2295 4286 λῆσαι
2343 4222 2533 4272 τοῦτον
2583 4217 2785 4273 ἐκεῖνον
2846 4219 2904 4273 ὃν
2935 4219 2962 4274 6
2995 4220 3124 4281 Θεὸς
3157 4218 3457 4293 ἐξελέξατο,
3490 4221 3536 4293 ᾧ
3567 4218 3790 4298 ἐπεφοί-

2127 4307 2289 4378 τα,ᾦ
2351 4306 2563 4379 μᾶλλον
2624 4306 2791 4362 εἰπεῖν
2852 4305 3126 4382 ένεδήμει,
3191 4309 3236 4382 ᾦ
3292 4309 3577 4384 ἠρέσκετο,
3612 4308 3789 4382 ᾧέπ-

2130 4396 2401 4470 ετέρπετο,
2450 4396 2524 4458 εἷς
2571 4397 2628 4452 ὃν
2674 4396 2923 4452 ἀπέκειτο
2976 4398 3044 4452 τὰ
3099 4399 3425 4470 τιμιώτατα,
3475 4398 3539 4452 τὸ
3589 4402 3781 4471 μῦρον,

2127 4486 2190 4540 τὸ
2235 4487 2470 4562 χρίσμα,
2520 4487 2580 4542 τὸ
2635 4487 2919 4561 βασιλικὸν
2979 4486 3124 4565 λέγω
3180 4490 3268 4544 καὶ
3331 4489 3614 4564 ἱερατικὸν,
3643 4484 3780 4540 εἷ’πω

2127 4576 2188 4631 τὸ
2245 4574 2545 4651 παράδοξον
2599 4577 2661 4632 τὸ
2717 4581 2815 4632 τοῦ
2875 4581 3008 4632 Θεοῦ
3061 4583 3221 4651 σῶμα
3276 4577 3364 4633 καὶ
3398 4579 3566 4649 αἷμα;
3630 4573 3682 4629 ἐν
3735 4575 3783 4648 ᾦ

2129 4665 2308 4721 έθῦετο
2360 4667 2538 4728 οὗτος.
2597 4667 2686 4728 Τίς
2742 4667 2910 4722 εἰπεῖν
2973 4665 3246 4741 τολμήσει
3270 4669 3332 4723 τὸ
3380 4666 3650 4744 γεγονός;
3681 4665 3783 4729 Τίς

2129 4753 2309 4830 ἐνέγκῃ
2356 4757 2509 4831 ψυχὴ
2564 4763 2912 4832 προενεγκεῖν
2969 4758 3068 4826 τήν
3131 4759 3316 4836 φωνήν
3344 4778 3359 4831 ;
3391 4754 3566 4819 Οὗτος
3599 4755 3626 4811 6
3660 4752 3788 4811 διώο

2125 4866 2317 4918 νυμος,
2367 4845 2395 4900 6
2445 4841 2796 4920 περιϐόητος,
2833 4847 2860 4900 ὁ
2887 4843 3106 4919 ἄσυλος,
3160 4843 3366 4918 ἔπεσεν,
3401 4844 3555 4920 οἷ’μοι
3584 4847 3596 4902 !
3631 4843 3787 4901 ἔπεσε

2128 4938 2335 5006 σεισμῷ
2394 4935 2707 5003 κλονηθεὶς,
2759 4934 2848 4988 καὶ
2907 4936 3139 5009 βρασμῷ
3185 4940 3287 5010 γῆς
3333 4935 3646 5012 τιναχθείς·
3692 4936 3784 4990 καὶ

2128 5023 2155 5076 ὁ
2183 5017 2494 5077 ἐπιϐλέπων
2555 5020 2642 5076 ἐπὶ
2671 5024 2770 5090 τήν
2805 5030 2911 5098 γῆν
2965 5023 3053 5078 καὶ
3087 5029 3262 5079 ποιῶν
3311 5023 3480 5093 αὐτὴν
3539 5025 3782 5099 τρέμειν,

355 5119 586 5186 cecidit,
618 5119 712 5174 hei
744 5118 888 5172 mihi
916 5117 926 5170 l
962 5117 1174 5171 cecidit
1221 5121 1387 5171 terrae
1439 5124 1600 5173 motu
1633 5135 2009 5189 concussum,
2043 5171 2045 5190 Α

2133 5110 2226 5166 οὐκ
2281 5110 2610 5182 ηὐδόκησεν,
2669 5113 2772 5167 οὐκ
2824 5111 3029 5187 ᾐδέσθη
3088 5112 3208 5188 ἄρα,
3273 5113 3372 5168 οὐκ
3427 5112 3637 5183 ἠλέησε
3692 5115 3784 5167 πί-

350 5209 730 5263 succussione
761 5213 926 5261 terrae
959 5205 1225 5261 avulsum
1254 5223 1265 5260 :
1327 5211 1384 5260 et
1415 5207 1516 5276 qui
1567 5208 1805 5280 inspicit
1834 5227 2012 5281 super

350 5301 589 5363 terram,
624 5298 726 5368 qui
775 5313 904 5351 eam
961 5300 1310 5363 commovet,
1362 5313 1478 5350 non
1524 5305 1754 5368 gratum
1783 5299 2011 5368 habuit,

356 5401 472 5440 non
504 5390 817 5440 veneratus
847 5389 956 5453 est,
991 5400 1105 5438 non
1140 5383 1419 5439 misertus
1458 5390 1548 5440 est
1598 5385 1742 5440 illud
1775 5389 2008 5444 cadens.

357 5473 446 5527 Ad
479 5478 532 5528 te
566 5479 783 5540 tamen,
835 5491 867 5527 o
928 5472 1205 5541 Verbum,
1252 5473 1542 5544 templum
1603 5474 1701 5530 Dei
1752 5482 1808 5532 et
1837 5495 2014 5549 agger

361 5561 583 5617 factum
613 5568 673 5618 et
723 5562 1105 5626 dissolutum,
1137 5568 1195 5617 et
1252 5563 1325 5616 ad
1383 5563 1576 5634 ipsum
1632 5582 1838 5620 rursus
1882 5566 2010 5638 pul-

360 5665 558 5708 verem
589 5655 995 5724 assurgentem
1027 5658 1084 5706 et
1131 5667 1368 5708 sursum
1408 5651 1652 5719 elatum,
1703 5671 1817 5710 non
1851 5671 2012 5711 aver-

361 5745 526 5799 satus
559 5745 668 5812 est,
720 5757 836 5796 non
883 5745 1274 5813 compunctus
1323 5745 1414 5798 est
1471 5742 1542 5798 de
1589 5747 1647 5800 tc
1679 5742 2013 5803 misericors

2119 5223 2342 5256 πτονταο
2403 5202 2539 5276 πρὸς
2569 5201 2625 5256 σέ
2673 5203 2799 5276 γὰρ,
2844 5204 2872 5258 6
2934 5203 3128 5279 Λόγος,
3178 5204 3302 5265 ναὸς
3351 5207 3449 5257 τοῦ
3499 5206 3634 5258 Θεοῦ
3691 5202 3784 5257 καὶ

2123 5297 2294 5368 χῶμα
2350 5288 2640 5368 γενόμενον
2697 5294 2787 5348 καὶ
2848 5291 3268 5368 διαλελυμένον,
3301 5295 3568 5371 καὶπρὸς
3619 5292 3780 5348 αὐτὸν

2121 5379 2287 5435 πάλιν
2346 5383 2628 5456 κονιορτὸν
2688 5381 2976 5455 αἰρόμενον
3037 5382 3127 5437 καὶ
3189 5384 3622 5462 ἀναφερόμενον,
3681 5380 3785 5436 οὐκ

2122 5471 2477 5548 ἀπεστράφη,
2540 5470 2600 5524 οὐ
2658 5471 2918 5546 κατενόγη
2981 5470 3069 5526 ἐπὶ
3132 5473 3216 5527 σοὶ
3267 5474 3296 5527 6
3350 5468 3730 5548 εὔσπλαγχνος
3764 5491 3779 5504 ⁶

2121 5557 2312 5622 ἄθυτος
2345 5557 2433 5614 διὰ
2460 5564 2620 5615 τοῦτο
2647 5559 2794 5615 ἔσται
2825 5561 2917 5615 καὶ
2949 5560 3386 5639 ἆκαλλιέργητος
3415 5582 3428 5632 ;
3461 5562 3552 5616 καὶ
3584 5559 3781 5636 διαμε-

2119 5653 2202 5705 νεῖ
2231 5646 2614 5722 ἀμελῴδητος,
2647 5649 2737 5706 καὶ
2761 5647 3025 5726 ἄψαλτος,
3056 5649 3145 5706 καί
3173 5651 3633 5732 ἀπροσφώνητος,
3682 5652 3776 5707 καὶ

2120 5740 2555 5822 ἀπροσαύδητος.
