4100 6388
340 415 464 478 913

1293 417 1374 479 IN
1421 413 2019 479 COLLAPSIONEM
2062 413 2350 475 TEMPLl
2397 416 2462 476 S.
2510 415 2842 478 SOPHlIE.

3655 417 3774 478 9M

411 549 555 606 ⁹Δνθ’
589 545 664 606 ὥν
692 550 793 608 οὑκ
844 546 1009 608 ἔπαθᾶ
1055 572 1109 607 τι
1169 549 1257 606 ἐπὶ
1302 552 1372 626 τῇ
1419 543 1680 625 συντριϐῇ
1726 568 1844 604 σου·
1877 545 2003 604 ἀλΛ’

2116 546 2234 604 ille.
2265 547 2403 605 Sine
2434 549 2722 606 sacriﬁcio
2754 554 3062 624 propterea
3085 551 3197 608 erit
3225 555 3284 608 et
3329 550 3457 608 sine
3504 547 3769 622 pulchris

340 638 502 711 ἔθηκε
524 641 588 696 τὸ
617 642 909 718 πρόσωπον
943 642 1108 698 αὑτοῦ
1136 643 1211 704 ὼς
1241 641 1482 717 στερεὰν,
1514 640 1735 716 πέτραν,
1761 635 1836 692 ’ἶν’
1877 634 1996 711 εἰδῇ

337 729 429 785 καὶ
456 731 646 803 αὐτὸς,
677 731 723 788 εὶ
761 731 852 787 καὶ
882 733 996 801 νῦν,
1047 731 1124 794 ὡς
1156 729 1351 799 ἔοικεν,
1388 727 1768 798 ἐπιλέλησται,
1814 725 1884 782 τίν’
1917 729 2004 782 ἀν-

337 819 627 895 θρωπίνως
704 818 842 877 εἷ’πω
915 822 1008 877 καὶ
1065 822 1402 897 περιπαθῶς·
1477 819 1551 882 ὡς
1608 815 1891 893 ἄνθρωπός
1945 837 2002 871 τε

338 907 542 986 ἐγένετο
591 911 683 966 καὶ
757 913 825 966 τά
897 911 1188 985 σωματικά
1243 907 1543 980 ἀνεδέξατο’
1608 907 1763 981 ὑμεῖς
1821 903 1878 961 δὶ
1948 905 2000 960 0i

275 990 280 994 ’
339 999 449 1054 υἱοὶ
511 1001 654 1055 Σιὼν
714 1002 769 1057 οἱ
809 1000 1010 1074 τίμιοι,
1064 1001 1116 1055 οἱ
1175 999 1507 1076 λειτουργοὶ,
1546 997 1636 1053 καὶ
1693 998 1880 1072 ἱερεῖς,
1910 995 2000 1052 καὶ

337 1090 490 1154 θόται
520 1095 620 1146 τοῦ
654 1089 896 1166 μεγάλου
943 1091 1031 1146 καὶ
1083 1093 1272 1146 καινοῦ
1314 1088 1576 1161 θύματος,
1609 1087 1697 1142 καὶ
1733 1084 1786 1142 εἶ’
1809 1107 1859 1141 τι
1885 1081 1998 1140 ἓτε-

337 1201 428 1256 ρον
488 1180 540 1235 ἐν
601 1177 894 1252 διακόνοις,
956 1182 1043 1236 καὶ
1109 1177 1489 1241 ὑποδιακόνοις
1520 1184 1640 1240 τοῖς
1690 1176 1998 1252 αῖρουσιτά

336 1268 499 1340 σκεύη
534 1269 622 1325 καὶ
673 1270 995 1347 καθαίρουσι
1041 1271 1132 1326 καὶ
1167 1268 1516 1346 μελουργοῖς,
1559 1267 1648 1324 καὶ
1697 1263 1992 1339 μελῳδοῖς,

333 1358 420 1412 καὶ
455 1356 688 1432 ψάλταις
742 1358 995 1432 σὺστημά
1037 1379 1115 1426 τε,
1148 1358 1238 1412 καὶ
1292 1356 1598 1433 πλήρωμα,
1632 1356 1707 1422 οἳ,
1740 1355 1812 1416 ὡς
1842 1355 1997 1428 Ἱερε-

335 1446 462 1520 μίας
495 1449 651 1526 φησί,
681 1449 778 1511 τάς
812 1448 1047 1523 ὑψώσεις
1099 1452 1196 1502 τοῦ
1227 1451 1361 1502 Θεοῦ
1392 1444 1445 1500 ἐν
1472 1449 1551 1517 τῷ
1583 1443 1810 1520 λάρυγγι
1838 1463 1992 1516 περι-

331 1534 604 1614 φέροντες,
658 1541 764 1592 ποῦ
815 1541 909 1592 νῦν
964 1537 1320 1610 μετετέθητες
1355 1538 1467 1590 ποῦ
1515 1537 1602 1587 νῦν
1635 1531 1990 1606 ἀθροίζεσθε;

330 1636 450 1695 πῶς
507 1631 745 1712 ἐστράφη
807 1633 885 1696 εἲς
942 1634 1137 1696 πένθος
1193 1635 1227 1702 ἡ
1289 1631 1436 1708 χαρᾶ
1495 1631 1644 1704 ὑμῶν
1697 1648 1710 1698 ;
1761 1633 1880 1692 πῶς
1935 1628 1990 1683 αἱ

332 1720 513 1798 ἑορταὶ
571 1719 648 1783 εἲς
697 1728 901 1796 θρῆνον
938 1741 951 1790 ;
986 1720 1049 1776 οὑ
1106 1719 1275 1776 καλὸν
1321 1721 1386 1790 ἦν
1447 1720 1575 1792 ὑμῖν
1606 1718 1700 1773 κπὶ
1733 1715 1886 1771 ὅσιον
1914 1715 1990 1779 ὠς

331 1813 422 1868 καὶ
481 1812 606 1888 ἐμοὶ
637 1814 728 1869 καὶ
765 1819 925 1868 πᾶσιν
977 1810 1124 1883 ἔδοξε
1171 1813 1594 1887 προαποθανεῖν,
1627 1809 1661 1878 ἢ
1717 1812 1987 1872 συνθανεῖν

331 1903 411 1976 τῷ
467 1904 834 1977 συμπτώματι
867 1921 882 1972 ;
916 1903 1062 1960 Ἐπεὶ
1117 1899 1175 1957 δὲ
1222 1902 1250 1955 ὁ
1300 1902 1428 1963 Θεὸς
1482 1903 1576 1974 ζῇν
1608 1902 1744 1972 ἡμῖν
1794 1894 1984 1968 ἔδωκε,

331 1993 422 2048 καὶ
470 1992 882 2068 ἐγκατάλειμμα
933 1994 1082 2066 ἡμᾶς
1143 1992 1272 2065 ὑμῖν
1330 1987 1710 2066 ἐγκατελέξατο
1745 2031 1758 2057 ,
1815 1991 1984 2058 ζητῶ,

330 2086 437 2138 ποῦ
468 2081 530 2136 τὸ
555 2082 700 2158 ἱερὸν
735 2083 887 2156 ὑμῶν
935 2083 1165 2152 κάθηται
1207 2083 1298 2135 νῦν
1331 2081 1366 2151 ἢ
1391 2078 1606 2134 ’ίσταται
1639 2076 1985 2153 σεμνολόγη-

333 2195 428 2249 μα,
461 2177 568 2229 ποῦ
614 2175 650 2244 ἡ
704 2171 1034 2243 συνέλευσις,
1067 2178 1172 2228 ποῦ
1220 2175 1254 2242 ἡ
1307 2174 1603 2242 συζήτησις
1643 2175 1748 2225 τῶν
1799 2190 1988 2247 γραφι-

323 2267 432 2319 κῶν
491 2261 805 2339 ῥητῶνςτί
866 2262 988 2338 περὶ
1050 2268 1150 2331 τῆς
1208 2266 1494 2338 συμφορᾶς
1552 2259 1764 2331 ἐκείνης
1824 2259 1985 2336 φιλο-

321 2365 536 2437 σοφεῖτε
589 2387 620 2430 ς,
650 2360 777 2436 περὶ
857 2356 1228 2431 εὐδοκήσεως,
1286 2359 1408 2430 περὶ
1489 2359 1985 2435 παραχωρήσεως;

322 2455 343 2476 ⁶
375 2449 571 2523 νομίας
606 2471 620 2520 ;
652 2447 779 2524 περὶ
811 2452 921 2502 τῶν
953 2447 1249 2525 ἀνεφίκτων
1281 2446 1545 2525 ῥημάτων
1583 2466 1597 2516 ;
1630 2444 1684 2501 εἷ’
1718 2467 1800 2510 τις
1822 2444 1980 2516 ἐδόθη

325 2541 477 2613 ὑμῖν,
525 2537 560 2608 ἢ
621 2536 976 2609 ἀπεκαλὺφην
1039 2537 1238 2613 λόγος,
1297 2535 1483 2591 εἷ’πατε
1523 2536 1614 2591 καὶ
1664 2537 1741 2609 μὴ
1793 2535 1986 2604 ἐάσητε

323 2629 478 2702 μόνῳ
559 2632 641 2700 τῷ
725 2627 1116 2699 ἀποσπάσματι
1201 2631 1299 2680 τοῦ
1377 2627 1528 2702 ἰεροῦ
1601 2623 2000 2701 προσανέχεινο-

318 2717 419 2773 οὑκ
459 2717 599 2773 ἔστιν
631 2715 685 2772 ἐν
717 2720 798 2789 τῷ
821 2720 996 2790 καιρῷ
1024 2715 1204 2789 τούτῳ
1228 2718 1250 2740 "
1280 2713 1492 2792 ἅρχων,
1533 2736 1624 2770 και
1673 2716 1985 2793 προφήτης,

318 2806 408 2862 καὶ
449 2805 780 2883 ἡγούμενος,
833 2803 959 2861 οὐδὲ
1010 2803 1409 2876 ὁλοκαύτωσις,
1460 2803 1585 2860 οὐδὲ
1631 2804 1806 2873 θυσία,
1858 2801 1987 2859 οὐδὲ

323 2895 630 2974 προσφορὰ,
698 2893 829 2951 οὐδὲ
894 2895 1344 2969 θυμίαμαθπῶς
1408 2899 1486 2964 τῷ
1543 2898 1830 2971 καρπῶσαι
1896 2892 1985 2948 ἐν-

335 2985 506 3038 ώπιόν
566 3004 660 3038 σου
714 2983 804 3040 καί
861 2985 1034 3060 εὑρεῖν
1093 2978 1269 3047 ἔλεος·
1307 2983 1465 3040 Ἀλλ’
1523 2983 1680 3057 ὑμεῖς
1741 2984 1834 3057 μὲν
1892 2982 1982 3038 καὶ

337 3072 618 3144 σώζοισθε,
647 3073 734 3128 καὶ
784 3070 951 3130 ἴδοιτε
992 3075 1092 3144 τήν
1144 3072 1262 3128 νέαν
1314 3071 1682 3150 Ἰερουσαλὴμ
1719 3071 1980 3149 ἐναγομέ-

330 3182 422 3229 νην
470 3181 528 3218 τε
575 3160 651 3225 εἷς
702 3162 861 3238 ὕψος,
907 3163 996 3220 καὶ
1046 3164 1560 3237 ἀνακαινιζομένην,
1609 3163 1697 3218 καὶ
1740 3169 1858 3226 ταῖς
1891 3161 1982 3217 εὐ-

326 3255 456 3328 χαῖς
514 3251 866 3328 συγκάμοιτε,
937 3253 1026 3309 καὶ
1105 3250 1529 3325 δσξασθήσοισθε
1581 3251 1634 3308 ἐν
1694 3252 1830 3328 αὐτῇ
1889 3251 1976 3308 καὶ
2011 3261 2049 3328 n‘

326 3338 877 3418 λαμπρυνθήσοισθε.
930 3341 1006 3398 Σὺ
1085 3339 1164 3410 δὲ,
1240 3340 1398 3416 ἥλιε,
1454 3342 1544 3398 καὶ
1603 3340 1832 3414 σελήνη,
1888 3344 1978 3398 καὶ

323 3428 542 3506 ἀστέρες
573 3474 588 3501 ,
649 3431 807 3506 ὑμεῖς
857 3435 964 3488 ποῦ
1023 3453 1158 3489 ποτε
1213 3429 1334 3510 ἄρτι
1393 3433 1643 3510 φαίνεσθε
1689 3437 1844 3502 ;ποῦ
1896 3437 1985 3488 νῦν

324 3519 583 3598 αὑγάζετε
640 3541 654 3592 ;
715 3525 822 3577 ποῦ
880 3521 974 3585 τὰς
1026 3524 1243 3586 ἀκτῖνας
1315 3521 1628 3599 ἀνίσχοντες
1700 3523 1986 3596 πέμπετε;

325 3615 486 3674 ποῖος
549 3610 689 3684 ὑμᾶς
741 3613 893 3675 οἶκος
942 3612 1143 3684 ἀρτίως
1193 3610 1496 3688 ἐκδέχεται,
1549 3613 1583 3681 ἢ
1619 3610 1990 3689 ἀποδέχεται;

326 3698 433 3755 τίνι
477 3697 886 3776 ἀντιλάμπετε;
917 3702 1066 3776 ποίῳ
1123 3697 1270 3779 ἔργω
1325 3701 1650 3776 σεμνύνεσθε
1682 3723 1698 3774 ;
1726 3702 1808 3765 τίς
1858 3700 1990 3757 ἰδεῖν

334 3785 476 3863 ὑμᾶς
508 3786 622 3845 ἅνω
673 3789 893 3866 βλέπων
926 3789 1105 3856 ἐθέλοι
1140 3810 1153 3861 ;
1185 3792 1266 3855 τίς
1309 3792 1445 3868 οὐχὶ
1483 3789 1697 3866 μᾶλλον
1729 3791 1780 3847 ἐν
1813 3790 1994 3846 σκότει

330 3878 550 3935 κόπτων
595 3877 1000 3956 διαπορεύεται,
1061 3879 1151 3938 καί
1211 3886 1328 3957 φῶς
1387 3881 1827 3960 ἀποστρέφεται;
1879 3881 1997 3939 Οὐκ

333 3965 440 4023 ἔδει
499 3989 558 4024 σε
632 3964 1023 4044 περιϐαλέσθαι
1099 3971 1289 4034 σκότος
1341 3972 1404 4026 τὸ
1463 3972 1731 4044 πένθιμον
1789 3969 1995 4026 ἐκείνου

329 4056 526 4113 τούτου
588 4055 699 4130 ἤδη
765 4056 1035 4133 δεύτερον·
1071 4061 1117 4116 ὦ
1173 4063 1477 4140 φωστήρων
1531 4059 1714 4135 ἄριστε
1760 4061 1850 4116 καὶ
1907 4060 1994 4134 μέ-

331 4168 503 4224 γιστε,
576 4147 728 4221 ¹ἥλιε,
785 4147 920 4225 οὐχὶ
995 4149 1076 4222 σὶ,
1155 4148 1484 4222 πανσέληνε,
1543 4147 1836 4206 κονιοειδεῖ
1889 4171 1996 4205 τινι

337 4235 631 4311 σκιάσματι
689 4235 1026 4315 ὑποδραμεῖν
1085 4239 1177 4294 καὶ
1241 4235 1616 4315 ὑποκρυϐἦναι
1651 4287 1666 4312 ,
1725 4240 1760 4309 ἢ
1822 4238 1995 4294 ἐκλεῖ-

333 4328 429 4400 ψαι
466 4346 480 4396 ;
514 4324 642 4384 ἀλλ’
687 4326 832 4383 οὕτω
882 4325 1168 4404 παρείδετε
1195 4329 1258 4383 τὸ
1291 4330 1516 4405 γεγονὸς
1549 4329 1624 4394 ὠς
1648 4328 1943 4405 ἀγγὺνητον
1981 4348 1995 4398 ;

333 4423 423 4480 καὶ
483 4425 590 4480 ποῦ
651 4422 1088 4500 δοξασθήσεσθε;
1141 4427 1280 4502 Ἐγὼ
1333 4431 1466 4502 γοῦν
1524 4425 1799 4489 πολλάκις
1857 4427 1995 4500 ὑμᾶς

335 4511 476 4570 εἶδον
511 4511 562 4569 ἐν
613 4517 694 4588 τῷ
743 4511 1066 4594 σελασφόρῳ
1121 4514 1311 4588 ἐκεινῷ
1358 4521 1492 4588 ναῷ,
1525 4517 1611 4571 καὶ
1663 4513 1794 4571 ἰδὼν
1842 4515 1996 4581 ἐθαύ-

340 4623 504 4676 μασα,
566 4605 657 4658 καὶ
700 4605 799 4674 τὴν
861 4605 1038 4660 αἲτίαν
1085 4604 1384 4682 ἡρεὺνησα,
1446 4602 1516 4659 δι’
1574 4606 1640 4675 ἢν
1697 4603 1859 4660 τοῦτο
1903 4605 1997 4660 ὑπο

2113 638 2540 704 oblationibus,
2573 644 2631 694 et
2659 640 2923 696 manebit
2953 641 3080 697 sine
3112 640 3405 705 melodiis,
3437 640 3564 696 sine
3611 639 3766 711 psal-

2113 729 2249 797 mis,
2302 728 2429 784 sine
2479 729 2968 786 invocationibus.
3015 735 3126 786 Pro
3157 731 3373 802 quibus
3404 729 3552 785 nihil
3582 729 3770 787 doluit

2112 819 2184 874 de
2237 823 2340 874 tua
2402 819 2819 890 confractione,
2871 820 2970 875 sed
3032 819 3228 891 posuit
3291 817 3521 874 vultum
3589 835 3767 874 suum

2111 907 2281 981 quasi
2310 909 2520 964 duram
2555 913 2806 980 petram,
2827 912 2891 964 ut
2922 907 3111 963 videat
3141 912 3198 964 et
3229 908 3580 979 ipse,utrum
3612 924 3769 964 nunc

2110 997 2286 1053 etiam
2345 996 2568 1052 oblitus
2628 1001 2737 1064 est,
2792 1001 2856 1052 ut
2905 997 3163 1051 humane
3218 996 3406 1050 dicam
3460 999 3516 1051 et
3563 997 3767 1054 aﬁ'ecto

2109 1085 2307 1142 animo
2343 1103 2355 1140 :
2393 1090 2457 1142 ut
2486 1085 2662 1142 homo
2696 1087 2884 1142 factus
2916 1089 3026 1153 est,
3057 1089 3114 1140 et
3144 1084 3466 1155 corporalia
3511 1084 3621 1140 sibi
3670 1101 3767 1141 ac-

2108 1176 2307 1248 cepit:
2343 1192 2443 1232 vos
2487 1179 2708 1241 autem,
2763 1175 2864 1230 filii
2913 1176 3048 1231 Sion
3099 1175 3280 1242 chari,
3330 1191 3432 1230 vos
3481 1173 3763 1246 ministri,

2106 1278 2164 1331 et
2185 1275 2545 1342 sacerdotes,
2579 1277 2637 1329 et
2665 1273 3092 1330 sacriﬁcatores
3123 1272 3284 1329 illius
3316 1271 3516 1345 magni
3546 1275 3603 1327 et
3634 1273 3767 1328 novi

2106 1362 2404 1433 sacriﬁcii,
2439 1368 2497 1418 et
2526 1363 2572 1418 si
2608 1379 2735 1435 quae
2769 1361 2891 1418 alia
2923 1363 2982 1418 in
3034 1362 3298 1418 diaconis
3347 1365 3405 1418 et
3455 1361 3762 1418 subdiaco-

2105 1453 2198 1509 nis
2224 1452 2634 1508 attollentibus
2665 1469 2803 1508 vasa
2833 1456 2890 1507 et
2936 1450 3409 1525 puriﬁcantibus,
3459 1453 3518 1506 et
3562 1455 3765 1507 canto.

2103 1543 2292 1613 ribus,
2324 1545 2381 1598 et
2412 1541 2745 1598 carminum
2780 1541 3270 1607 modulatoribus,
3305 1539 3654 1614 compositio
3705 1544 3765 1596 et

2101 1631 2429 1706 plenitudo,
2480 1649 2582 1688 vos
2635 1633 2761 1704 qui,
2813 1635 2878 1688 ut
2924 1631 3006 1688 ait
3033 1630 3345 1697 Jeremias,
3376 1629 3765 1688 exaltationes

2095 1723 2198 1780 Dei
2249 1720 2308 1778 in
2362 1721 2633 1777 faucibus
2686 1721 2899 1776 vestris
2967 1719 3384 1789 circumferlis,
3433 1735 3550 1792 quo
3599 1737 3758 1776 nunc

2100 1811 2413 1885 migratis?
2446 1828 2562 1883 quo
2593 1828 2752 1867 nunc
2782 1809 3263 1884 congregamini?
3293 1810 3596 1876 Quomodo
3625 1827 3758 1866 ver-

2021 1927 2067 1991 Β
2099 1922 2233 1960 sum
2264 1909 2354 1960 est
2385 1903 2442 1959 in
2474 1903 2778 1991 tristitiam
2812 1904 3095 1975 gaudium
3127 1905 3432 1991 vestrum?
3461 1902 3754 1991 quomodo

2098 1991 2444 2048 festivitates
2517 1991 2576 2046 in
2649 1990 3174 2048 lamentationem?
3243 1994 3367 2046 Non
3433 1989 3751 2062 pulchrum

2097 2085 2222 2138 erat
2253 2081 2418 2137 vobis
2456 2097 2562 2136 nec
2611 2084 2905 2146 sanctum,
2955 2084 3019 2136 ut
3067 2084 3125 2136 et
3173 2079 3319 2134 mihi
3371 2084 3427 2135 et
3474 2079 3752 2135 omnibus

2093 2171 2285 2228 visum
2336 2178 2447 2236 est,
2495 2169 2784 2225 antemori
2848 2175 2950 2224 aut
3013 2167 3296 2224 commori
3351 2167 3487 2224 huic
3535 2167 3751 2240 lapsui.

2095 2271 2586 2343 Quandoquidem
2631 2287 2765 2326 vero
2813 2276 2969 2326 Deus
3017 2273 3209 2324 vivere
3239 2269 3411 2324 nobis
3442 2267 3752 2335 concessit,

2096 2365 2155 2417 et
2187 2361 2466 2432 reliquias
2499 2376 2606 2415 nos
2637 2359 2803 2414 vobis
2833 2357 3166 2429 dereliquit,
3194 2374 3389 2429 quaero
3441 2356 3541 2413 ubi
3587 2373 3759 2413 sacra

2093 2457 2287 2506 vestra
2313 2452 2473 2505 sedet
2502 2447 2588 2505 vel
2639 2448 2944 2520 reponitur
2989 2447 3186 2520 gravis
3235 2445 3604 2518 eloquentia:
3655 2445 3756 2501 ubi

2096 2543 2440 2604 conventus,
2510 2537 2610 2592 ubi
2685 2535 2992 2607 inquisitio
3061 2536 3373 2606 Scriptura
3438 2535 3754 2591 dictorum.

2097 2629 2245 2694 Quid
2277 2628 2349 2683 de
2380 2625 2714 2682 calamitate
2746 2625 2847 2680 illa
2880 2624 3427 2696 philosopbamini?
3459 2624 3530 2679 de
3579 2624 3756 2679 bene-

2093 2715 2393 2774 volentia?
2441 2716 2512 2770 de
2561 2712 2984 2770 concessione?
3034 2713 3493 2769 distributione?
3542 2712 3612 2767 de
3661 2712 3756 2768 in-

2095 2805 2352 2864 accessis
2382 2801 2614 2860 verbis?
2646 2803 2705 2859 Si
2738 2803 2873 2875 quis
2904 2803 3079 2858 datus
3108 2805 3198 2858 est
3226 2801 3391 2858 vobis
3443 2805 3548 2857 aut
3595 2815 3756 2857 reve-

2094 2895 2253 2952 latus
2300 2899 2390 2950 est
2438 2909 2654 2958 sermo,
2702 2892 2900 2963 dicite,
2944 2907 3133 2962 neque
3180 2890 3392 2947 sinatis
3445 2889 3622 2946 unico
3667 2889 3754 2946 la-

2094 2985 2247 3043 cinio
2295 2983 2501 3056 templi
2551 2982 2865 3039 conﬁdere.
2915 2986 3040 3038 Non
3092 2984 3182 3036 est
3223 2979 3281 3035 in
3332 2980 3442 3036 hoc
3492 2983 3754 3053 tempore

2092 3075 2387 3147 princeps,
2421 3089 2527 3128 nec
2558 3071 2862 3144 propheta,
2896 3087 3002 3127 nec
3049 3070 3446 3144 hegumenus,
3495 3085 3602 3125 nec
3648 3069 3753 3126 ho-

2091 3162 2338 3220 locausti
2371 3160 2750 3226 sacriﬁcium,
2801 3177 2906 3215 nec
2956 3158 3306 3227 immolatio,
3361 3175 3467 3216 nec
3513 3159 3754 3229 oblatio,

2092 3270 2200 3310 nec
2229 3251 2422 3309 thuris
2469 3250 2819 3307 combustio.
2870 3250 3172 3316 Quomodo
3229 3248 3479 3305 ferretur
3524 3248 3754 3304 fructus

2095 3344 2155 3400 in
2215 3345 2535 3415 conspectu
2593 3345 2719 3410 tuo,
2779 3337 3302 3412 misericordiaque
3357 3337 3758 3396 obtineretur?

2098 3443 2211 3499 Sed
2263 3458 2365 3498 vos
2408 3440 2648 3513 quidem
2693 3439 2843 3496 salvi
2874 3441 3083 3510 estote,
3117 3441 3176 3494 et
3202 3437 3392 3494 videte
3423 3453 3633 3494 novam
3659 3437 3758 3495 Je-

2100 3532 2358 3590 rusalem
2393 3531 2698 3586 inductam
2729 3529 2790 3585 in
2822 3527 3198 3585 altitudinem
3230 3531 3287 3584 et
3318 3529 3683 3596 renovatam,
3703 3530 3761 3583 et

2103 3623 2376 3696 precibus
2447 3620 2794 3689 incumbite,
2845 3622 2901 3674 et
2947 3616 3360 3690 gloriﬁcemini
3417 3616 3477 3672 in
3531 3615 3660 3689 ipsa
3705 3619 3764 3673 et

2103 3711 2397 3784 fulgentes
2463 3707 2825 3765 efﬁciamini.
2886 3709 2972 3763 Tu
3043 3724 3200 3775 vero,
3234 3705 3321 3762 sol
3370 3711 3430 3762 et
3493 3705 3656 3773 luna,
3705 3709 3764 3762 et

2104 3805 2283 3868 astra,
2319 3799 2416 3855 ubi
2447 3816 2603 3854 nunc
2633 3815 2735 3854 vos
2767 3796 3131 3870 splendetis?
3166 3796 3263 3852 ubi
3297 3811 3451 3852 nunc
3483 3795 3762 3868 fulgetis?

2106 3889 2204 3945 ubi
2239 3889 2436 3944 radios
2461 3887 2807 3944 cohibentes
2841 3885 3120 3942 mittitis?
3149 3884 3348 3951 Qualis
3396 3901 3497 3940 vos
3545 3885 3759 3942 domus

2106 3996 2295 4050 nuper
2341 3976 2557 4049 excipit
2603 3981 2707 4032 aut
2755 3975 3059 4031 admittit?
3109 3975 3202 4030 cui
3254 3973 3606 4046 refulgetis?
3636 3976 3759 4040 Quo

2107 4085 2281 4141 opere
2313 4064 2756 4139 magniﬁcatis?
2780 4065 2921 4130 Quis
2952 4065 3146 4120 videre
3176 4081 3276 4119 vos
3308 4079 3545 4120 sursum
3599 4063 3759 4134 aspi-

2108 4158 2270 4214 ciens
2319 4155 2531 4213 vellet?
2580 4154 2722 4220 Quis
2771 4173 2886 4210 non
2933 4154 3128 4226 potius
3177 4154 3236 4209 in
3284 4153 3542 4210 tenebris
3600 4152 3765 4209 incli-

2107 4251 2282 4303 natus
2332 4245 2617 4318 pervadit,
2670 4250 2728 4301 et
2777 4243 2967 4300 lucem
3000 4242 3342 4300 aversatur?
3375 4243 3500 4299 Non
3532 4246 3765 4316 Oporte-

2107 4336 2210 4391 bat
2237 4339 2294 4391 te
2325 4333 2716 4390 circumindui
2744 4332 3003 4389 tenebris
3033 4330 3325 4388 luctuosis
3357 4331 3538 4402 hujus
3594 4329 3766 4387 istius

2099 4425 2226 4497 jam
2297 4423 2575 4480 secundo.
2626 4426 2670 4479 Ο
2718 4428 3014 4478 astrorum
3080 4420 3642 4494 praestantissimum
3709 4424 3768 4477 et

2111 4512 2436 4568 maximum
2484 4511 2592 4581 sol,
2661 4528 2855 4567 nonne
2916 4527 2998 4582 se,
3049 4510 3234 4583 plena;
3305 4510 3458 4566 lunaa
3529 4508 3764 4580 similis,

2109 4615 2220 4668 sub
2269 4611 2542 4684 pulverea
2591 4612 2846 4682 quadam
2879 4610 3330 4666 obumbratione
3360 4625 3594 4665 currere
3624 4613 3682 4664 et
3710 4613 3767 4665 te

339 4691 528 4762 ἑστητε
555 4693 648 4748 καὶ
676 4694 741 4748 τὸ
777 4697 875 4749 τοῦ
904 4697 996 4749 νῦν
1029 4693 1271 4757 κάλλους
1305 4691 1478 4750 α’ίτιον
1521 4692 1718 4768 ἔμαθον
1751 4701 1850 4764 τῆς
1884 4692 2001 4749 δια-

2111 4665 2899 4769 abscdndere,autdeficere
2939 4699 3330 4770 (oportebat)?
3372 4698 3483 4754 Sed
3530 4697 3615 4754 sic
3665 4698 3764 4753 de-

339 4777 538 4858 τριϐἧς
592 4782 824 4855 ἐκείνης,
872 4785 1051 4839 καίτοι
1102 4781 1409 4860 δυσέρωτας
1460 4786 1600 4858 ὑμᾶς
1647 4781 1808 4858 ᾤμην
1868 4785 1999 4840 εἶναι

336 4872 425 4927 καὶ
460 4871 753 4948 ἀνέρωτας.
790 4873 928 4929 Ποτὶ
977 4871 1035 4928 δὲ
1075 4875 1164 4929 καὶ
1214 4871 1286 4929 δι’
1335 4872 1476 4946 ὅλης
1526 4873 1736 4950 ἡμέρας
1780 4873 1998 4952 ἐφάνης,

335 4959 485 5034 ἥλιε,
545 4959 996 5038 συμφιλοχωρῶν
1060 4963 1262 5032 ἐκεῖσε,
1323 4963 1412 5018 καὶ
1470 4963 2001 5042 στρεφόμενος,καὶ

339 5048 603 5124 λάμπων,
662 5050 751 5106 καὶ
811 5051 948 5106 ἐκὼν
1009 5051 1108 5107 οὐκ
1165 5050 1428 5131 ἀφίστασο
1487 5053 1522 5122 ἢ
1577 5053 1862 5126 μεθίστασο
1903 5054 2004 5122 τὴν

339 5136 606 5216 διάδοχόν
639 5160 736 5195 σου
782 5138 1019 5212 σελήνην
1070 5140 1271 5219 φέρων.
1304 5143 1402 5197 Καὶ
1439 5147 1604 5198 τοῦτο
1639 5141 1746 5217 ἐγὼ
1782 5141 2000 5218 βλέπων

337 5225 699 5305 ἐλογιζόμην,
757 5227 884 5284 ὅταν
940 5229 1030 5285 καὶ
1089 5230 1322 5306 γίγαντα
1378 5232 1466 5286 καὶ
1524 5231 1752 5311 νυμφίον
1803 5230 1862 5286 ἐκ
1907 5235 2003 5286 τοῦ

338 5315 546 5381 παςτοῦ
606 5315 990 5396 ἐξερχόμενον,
1053 5318 1080 5374 ὁ
1143 5317 1392 5394 μελῳδὸς
1471 5319 1635 5376 Δαυῖδ
1696 5342 1753 5376 σε
1804 5342 2005 5397 προαν-

343 5407 610 5488 εφώνησε⁸
691 5405 914 5487 προεῖδε
995 5407 1096 5486 γάρ
1184 5431 1243 5465 σε
1317 5409 1569 5474 κάκεῖνος
1604 5455 1618 5479 ,
1693 5415 1791 5467 τοῦ
1855 5431 2003 5484 παμ-

344 5501 516 5573 φαοΰς
572 5496 780 5554 ἐκείνου
837 5503 968 5554 ναοῦ
1026 5497 1258 5576 ἐρῶντα·
1313 5499 1403 5555 καὶ
1455 5497 1624 5574 ἐπῇδέ
1683 5521 1766 5556 σοι
1817 5505 2004 5557 ταῦτα.

347 5595 454 5653 Καὶ
507 5599 599 5651 ν’ύν
652 5600 844 5651 τοῦτον
903 5595 1003 5654 οὐκ
1059 5597 1331 5676 ἐκτράπῃς
1383 5597 1674 5665 πίπτοντα,
1725 5595 1795 5653 δι’
1838 5600 1896 5654 ’όν
1937 5599 2006 5668 ἦς

355 5686 582 5761 μείζων,
637 5683 710 5740 δι’
747 5685 807 5741 ’ὀν
855 5683 1221 5766 ἐνδοξότερος,
1279 5685 1348 5742 δι’
1396 5689 1455 5743 ὃν
1507 5684 1860 5766 φαιδρότερος
1891 5682 2004 5763 ἔσῃ·

351 5776 444 5835 καὶ
492 5775 555 5832 σὺ
606 5778 823 5840 πάντως
870 5773 1186 5851 ἐνδόξαστος
1226 5779 1609 5851 ταπεινωθήση
1673 5779 1866 5853 μικρὸν
1917 5781 2004 5836 καὶ

2110 4790 2388 4864 spexistis
2420 4796 2693 4846 eventum
2748 4794 2811 4845 ut
2856 4789 3124 4861 ignotum
3171 4784 3499 4862 (ἄγνωτον)ἰ
3547 4787 3617 4842 Et
3661 4786 3768 4842 ubi

2111 4879 2631 4953 gloriﬁcabimini?
2680 4879 2796 4951 Ego
2847 4877 3029 4950 igitur
3079 4894 3230 4950 saepe
3277 4892 3381 4931 vos
3427 4875 3544 4930 vidi
3578 4875 3637 4931 in
3669 4874 3762 4931 lu-

2112 4969 2288 5025 cifero
2361 4969 2472 5024 hoc
2541 4969 2780 5038 templo,
2831 4973 2888 5023 et
2937 4966 3139 5022 videns
3203 4965 3454 5021 miratus
3502 4981 3658 5033 sum,
3709 4970 3767 5020 et

2112 5075 2350 5129 causam
2398 5057 2688 5129 exquisivi
2757 5061 2994 5129 propter
3049 5071 3226 5128 quam
3299 5053 3406 5111 hoc
3475 5053 3767 5123 subiistis,

2112 5153 2169 5205 et
2195 5148 2373 5219 hujus
2406 5164 2563 5203 nunc
2613 5145 3074 5219 pulchritudinis
3112 5161 3350 5202 causam
3407 5143 3584 5200 didici
3638 5161 3769 5218 pro-

2114 5237 2554 5294 crastinationis
2592 5235 2776 5306 illius,
2835 5240 2894 5292 et
2942 5239 3097 5292 certe
3139 5233 3455 5291 infeliciter
3501 5239 3768 5291 amantes

2112 5344 2215 5384 vos
2246 5327 2527 5400 putabam
2560 5343 2690 5383 esse
2718 5330 2774 5381 et
2803 5326 3021 5381 amoris
3068 5329 3355 5398 expertes.
3408 5325 3770 5397 Quandoque

2112 5435 2249 5474 vero
2283 5435 2384 5490 per
2412 5422 2594 5474 totam
2626 5416 2781 5472 diem
2811 5414 3161 5489 apparuisti,
3193 5417 3302 5485 sol,
3351 5413 3548 5471 locum
3596 5413 3769 5471 illum

2117 5525 2345 5576 amans,
2379 5512 2436 5564 et
2465 5509 2734 5563 versatus
2763 5505 2881 5560 illic
2912 5509 2968 5561 et
2992 5504 3333 5577 splendens,
3365 5521 3551 5577 neque
3581 5503 3772 5562 libens

2117 5597 2474 5658 abscedebas
2494 5595 2582 5652 vel
2609 5595 2958 5668 migrabaris
2990 5595 3400 5652 succedentem
3433 5595 3536 5651 tibi
3568 5594 3771 5651 lunam

2119 5690 2332 5746 terens.
2386 5687 2452 5743 Et
2499 5686 2609 5744 hoc
2665 5703 2770 5760 ego
2837 5685 3061 5753 videns,
3132 5701 3332 5741 meum
3399 5685 3766 5756 reputabam,

2119 5779 2355 5853 quando
2388 5783 2444 5834 et
2492 5777 2791 5851 gigantem
2841 5782 2899 5833 et
2945 5791 3234 5848 sponsum
3285 5790 3315 5831 e
3358 5772 3620 5830 thalamo
3668 5789 3770 5830 ex-
