4100 6396
293 436 416 497 915
1644 435 1960 497 MICHAE;

2115 435 2385 498 PSELLI
3605 429 3727 489 916

293 571 531 624 euntem
567 571 775 624 cantor
809 568 982 623 David
1017 572 1073 624 te
1105 568 1320 624 atratus
1351 574 1479 624 est:
1508 569 1774 641 praevidit
1801 568 1958 624 enim

2080 567 2364 642 συχνάσεις
2422 564 2509 621 ἐπὶ
2566 569 2647 638 τῷ
2701 567 2978 639 πτώματι·
3034 562 3124 620 ’ἱνα
3176 565 3352 639 μάθῃς
3419 560 3731 624 ἀλλοιωτὸς

298 663 356 712 te
398 656 495 713 ille
544 656 934 728 perfulgentis
1002 657 1185 726 hujus
1251 657 1458 728 templi
1507 664 1855 724 amatorem,
1903 662 1959 713 et

2080 656 2226 717 ιύτὸς
2274 656 2364 710 καὶ
2412 655 2643 730 τρεπτὸς
2695 656 2937 730 γεγονὼς
2983 655 3074 710 καὶ
3121 659 3296 729 φθορᾷ
3347 651 3729 726 ὓποκείμενος.

292 747 416 803 hac
449 748 555 802 tibi
592 748 826 803 cecinit.
860 748 930 801 Et
964 764 1120 803 nunc
1153 765 1223 802 ne
1255 753 1311 803 te
1339 755 1566 804 avertas
1597 750 1668 804 ab
1719 749 1818 804 illo
1869 748 1954 804 la-

2080 746 2238 807 )ὖτος
2295 743 2353 799 δὲ
2410 744 2459 800 εἴ
2534 745 2627 817 μὶν
2681 745 3075 815 ἀναστήσεται,
3135 743 3170 812 ἢ
3227 740 3728 813 συντελεσθήσεται,

291 837 489 908 bente,
545 843 785 908 propter
833 853 1010 908 quem
1055 853 1185 892 eras
1237 839 1446 908 major,
1499 844 1733 909 propter
1780 853 1954 908 quem

2080 833 2676 904 ἣκαλλωπισοήσεται,
2722 835 2824 888 οὐκ
2874 833 3004 906 ἐμόν
3055 831 3271 889 εἰδέναι·
3320 833 3383 887 τὸ
3434 829 3491 886 δὶ
3523 831 3652 904 ἐμὸν
3681 831 3728 886 εἰ

287 925 604 993 illustrior,
639 932 878 998 propter
910 943 1081 996 quem
1112 925 1324 981 clarior
1371 927 1489 982 eris
1524 945 1535 982 :
1571 931 1626 982 et
1672 931 1735 980 tu
1785 926 1956 981 valde

2080 920 2370 996 ἑπιϐιώσω,
2433 923 2478 978 εἰ
2537 922 2786 992 εἰσέλθω,
2829 923 2873 978 εἰ
2933 921 3083 992 εἶ’δω,
3143 923 3189 978 εἴ
3241 923 3626 998 προσκυνήσω,
3679 919 3727 976 εἰ

289 1014 682 1086 glorificatus,
715 1014 1126 1070 humiliaberis
1159 1015 1469 1087 paululum
1503 1019 1560 1069 et
1600 1015 1955 1085 spissaberis

2080 1012 2442 1083 )εοκλυτήσω,
2479 1017 2613 1068 Θεοῦ
2644 1010 2746 1088 ἄρα
2774 1017 2939 1068 τοῦτο
2968 1013 3187 1066 κάγεῐνο
3222 1009 3452 1073 εἰδότος.

290 1104 362 1160 ιι]
389 1103 548 1159 hunc
580 1103 849 1176 lapsum;
887 1109 951 1158 ut
981 1103 1174 1159 discas
1205 1111 1258 1158 te
1287 1106 1479 1176 ipsum
1516 1105 1885 1174 mutabilem,
1915 1110 1973 1159 et
2001 1104 2334 1161 versatilem
2371 1105 2613 1171 factum,
2646 1110 2699 1160 et
2752 1103 3113 1176 corruptioni
3163 1103 3520 1174 subjectum.
3576 1100 3725 1156 Illud

289 1197 490 1248 autem
541 1197 744 1248 utrum
797 1198 1287 1261 resurrecturum,
1337 1200 1440 1248 aut
1489 1194 1936 1264 perﬁciendum,
1988 1200 2092 1250 aut
2139 1196 2548 1249 exornandum
2602 1193 2696 1255 sit.
2750 1211 2866 1249 non
2917 1209 3114 1249 meum
3148 1198 3240 1249 est
3269 1209 3443 1248 nosse
3477 1209 3490 1248 :
3527 1208 3726 1247 meum

294 1286 491 1338 autem
525 1287 727 1337 utrum
763 1284 1156 1354 supervixero,
1190 1289 1386 1338 utrum
1416 1282 1716 1350 introiero,
1752 1290 1953 1339 utrum
1985 1285 2207 1355 videro,
2250 1287 2453 1340 utrum
2501 1284 2836 1351 adoravero,
2873 1287 3073 1340 utrum
3125 1287 3306 1338 Deum
3357 1283 3729 1348 invocavero,

292 1374 409 1428 Deo
439 1370 696 1444 profecto
726 1376 784 1427 et
812 1371 970 1427 istud
1003 1375 1412 1444 cognoscente.

851 1713 1201 1843 ΤΟΥ
1290 1711 2351 1845 ΣΟΦΩΤΑΤΟΥ
2439 1712 3167 1844 ΨΕΛΛΟΥ

1813 1956 2220 2013 ΑΝΤΙΓΡΑΦΗ

859 2117 1041 2172 ΠΡΟΣ
1081 2115 1440 2175 ΕΡΩἸἪΣΙΝ
1481 2115 1695 2174 ΤΙΝΟΣ
1736 2115 2068 2173 ΜΟΝΑΧΟΥ
2105 2116 2268 2172 ΠΕΡΙ
2306 2116 2615 2174 ΟΡΙΣΜΟΥ
2645 2115 2774 2173 ΤΟΥ
2812 2115 3164 2173 ΘΑΝΑΤΟΥ.

1032 2460 2295 2586 SAPIENTISSIMI
2390 2459 2988 2585 PSELLI

1822 2683 2215 2741 RESPONSIU

507 2832 610 2892 AD
657 2832 1069 2895 CUJUSDAM
1115 2836 1475 2896 MONACHI
1521 2836 2282 2899 INTERROGATIONEM
2331 2837 2432 2898 DE
2478 2834 2775 2898 MORTIS
2821 2836 3522 2898 DETERMINATIONE

383 3164 434 3218 1.
467 3163 592 3220 Non
614 3168 895 3239 tanquam
921 3169 1172 3226 obscura
1194 3173 1348 3225 esset
1370 3186 1403 3224 a
1425 3173 1482 3225 te
1505 3168 1800 3241 proposita
1822 3184 1960 3239 quae.

2154 3169 2217 3223 α’.
2250 3166 2373 3242 Οὐχ
2404 3167 2476 3229 ὠς
2507 3167 2784 3243 ἠπόρηται
2834 3168 2894 3223 τὸ
2944 3166 3089 3242 παρᾶ
3137 3171 3234 3222 σοῦ
3279 3161 3594 3242 προϐληθὲν
3631 3168 3735 3238 ζή-

313 3253 427 3309 stio
463 3254 805 3312 doctissime
835 3259 1028 3328 Pater,
1061 3276 1154 3314 me
1202 3259 1612 3330 interrogasti;
1665 3258 1963 3330 quomodo

309 3341 466 3398 enim
499 3360 625 3399 eam
662 3347 1033 3418 proposuisti,
1068 3349 1196 3417 ejus
1228 3349 1400 3403 obvia
1431 3355 1518 3403 est
1550 3347 1784 3402 solutio.
1811 3345 1968 3401 Nihil

307 3431 466 3486 enim
498 3432 612 3488 Deo
644 3434 1018 3490 indefinitum
1053 3442 1373 3508 est,neque
1405 3436 1542 3501 vita,
1568 3451 1755 3507 neque
1787 3452 1970 3502 mors,

309 3535 500 3590 neque
519 3523 841 3592 generatio,
877 3541 1066 3597 neque
1086 3526 1364 3588 essentia,
1400 3541 1589 3594 neque
1611 3541 1810 3580 eorum
1841 3539 1970 3594 qua

308 3608 602 3664 exsistunt
631 3611 981 3682 quidquam.
1001 3614 1059 3668 Si
1084 3616 1235 3668 enim
1264 3614 1551 3668 Divinitas
1583 3614 1848 3669 omnium
1881 3618 1969 3667 est

308 3697 622 3766 terminus,
675 3702 970 3771 quomodo
1024 3719 1089 3758 ex
1146 3703 1238 3759 his
1304 3703 1580 3758 omnibus
1647 3702 1968 3774 quidquam

309 3783 834 3844 indeterminatum
885 3791 1087 3846 esset?
1136 3795 1224 3856 Et,
1274 3792 1322 3847 si
1355 3808 1525 3846 omne
1553 3796 1784 3862 tempus
1816 3807 1970 3845 com-

311 3874 644 3946 prehendit,
677 3877 796 3932 imo
830 3880 876 3933 si
910 3885 1045 3935 ante
1076 3886 1310 3953 tempus
1341 3885 1399 3936 et
1429 3897 1611 3934 aevum
1649 3897 1747 3951 per
1772 3896 1831 3934 se
1871 3896 1967 3934 ex-

311 3962 489 4033 sistit,
522 3967 815 4036 quomodo
863 3985 1118 4038 praesens
1166 3971 1399 4040 quidem
1451 3970 1647 4038 sciret,
1703 3969 1965 4024 futurum

309 4067 444 4108 vero
493 4053 830 4126 ignoraret?
877 4059 960 4113 Ad
1009 4075 1115 4114 nos
1165 4060 1284 4114 haec
1331 4059 1663 4131 ignorantia
1696 4059 1966 4130 pertinet,

310 4141 528 4212 quibus
559 4149 794 4215 tempus
825 4146 1078 4202 divisum
1113 4154 1222 4218 est,
1257 4149 1356 4219 qui
1389 4149 1699 4220 praesentia
1728 4147 1970 4219 quidem

309 4229 582 4286 novimus
614 4235 853 4304 quando
886 4237 1055 4292 nobis
1089 4237 1145 4291 in
1201 4237 1470 4292 notitiam
1513 4237 1759 4292 veniunt
1807 4235 1970 4290 futu-

310 4334 440 4374 rum
466 4337 600 4376 vero
623 4323 863 4380 omnino
887 4325 1253 4396 ignoramus,
1279 4327 1419 4398 quia
1443 4344 1573 4381 cum
1603 4327 1821 4382 futuris
1853 4341 1968 4380 non

308 4406 582 4477 vivimus,
616 4412 717 4466 sed
751 4414 824 4467 ab
853 4413 924 4470 iis
956 4432 1058 4486 per
1087 4433 1214 4471 eam
1251 4417 1306 4470 in
1347 4417 1617 4487 praesenti
1650 4416 1830 4470 vitam
1879 4428 1969 4470 se-

2076 3277 2250 3328 τημα,
2307 3255 2609 3332 λογιώτατε
2666 3257 2861 3330 ΙΙάτερ,
2912 3256 3085 3319 οὕτως
3132 3257 3444 3331 ἠρώτησας⁸
3498 3257 3574 3319 ὡς
3630 3259 3729 3331 γὰρ

2081 3342 2146 3413 δὴ
2209 3367 2529 3421 προετεινω,
2579 3352 2675 3400 τοῦ
2731 3345 3094 3421 ἐρωτηθέντος
3134 3347 3167 3415 ἡ
3211 3345 3365 3407 λύσις
3411 3347 3730 3422 πρόχειρος.

2079 3433 2241 3490 Οὐδὲν
2293 3435 2395 3509 γὰρ
2444 3436 2696 3511 ἀόριστον
2739 3440 2820 3506 τῷ
2865 3439 3002 3506 Θεῷ,
3050 3432 3173 3489 οὔτε
3220 3437 3356 3504 ζωὴ,
3409 3432 3533 3490 οὔτε
3571 3435 3731 3490 θάνα-

2079 3544 2192 3590 τος,
2236 3523 2297 3578 οὐ
2337 3526 2562 3599 γένεσις,
2598 3525 2697 3578 οὐκ
2741 3523 2914 3591 οὐσία,
2961 3521 3084 3577 οὔτε
3113 3528 3221 3578 τῶν
3271 3519 3442 3577 ὄντων
3471 3522 3593 3578 οὔτε
3620 3527 3729 3578 τῶν

2076 3618 2382 3688 γινομὲνων
2435 3611 2610 3668 οὐδὲν.
2650 3613 2710 3670 Εἰ
2748 3614 2850 3689 γὰρ
2897 3609 2964 3681 δὴ
3009 3613 3072 3669 τὸ
3119 3615 3262 3667 θεῖον
3311 3610 3437 3687 ὅρος
3487 3612 3596 3667 ἐστὶ
3636 3618 3735 3668 τοῦ

2079 3703 2299 3770 παντὸς,
2350 3708 2466 3765 πῶς
2519 3701 2583 3773 δή
2618 3724 2669 3757 τι
2721 3707 2828 3757 τῶν
2861 3709 3077 3756 πάντων
3124 3701 3311 3774 ἐκείνῳ
3343 3703 3684 3776 ἀοριστήσειε
3718 3721 3732 3772 ;

2080 3793 2191 3859 καὶ,
2225 3791 2273 3847 εἷ
2304 3793 2365 3847 τὸ
2405 3798 2507 3846 πᾶν
2561 3791 2853 3869 συνείληφε
2889 3796 2985 3846 τοῦ
3032 3787 3261 3866 χρόνου,
3298 3789 3508 3864 μᾶλλον
3556 3789 3614 3846 δὲ
3640 3791 3733 3846 καὶ

2079 3883 2185 3956 πρὸ
2223 3882 2430 3958 χρόνου
2475 3882 2565 3936 καὶ
2615 3883 2720 3956 πρὸ
2769 3880 2967 3942 αἶ’ὦνος
3015 3880 3093 3958 ἐφ’
3140 3881 3331 3934 ἑαυτοῦ
3367 3877 3583 3951 ἕστηκε,
3615 3884 3736 3944 πῶς

2078 3973 2141 4026 τὸ
2203 3973 2296 4044 μὲν
2336 3972 2504 4045 παρὸν
2557 3969 2748 4042 εἴδείη,
2794 3975 2901 4025 τῶν
2955 3967 3012 4024 δὲ
3063 3969 3382 4042 μελλόντων
3423 3990 3475 4024 τι
3521 3969 3735 4045 ἀγνοή-

2083 4081 2238 4132 σειε;
2278 4060 2400 4136 περὶ
2443 4063 2591 4134 ἡμᾶς
2651 4062 2755 4135 γὰρ
2801 4064 2988 4127 ταῦτα,
3038 4062 3119 4120 οἷς
3164 4060 3192 4114 ὁ
3243 4058 3446 4134 χρόνος
3493 4079 3734 4132 καταμε-

2085 4151 2354 4224 μὲρισται,
2407 4151 2458 4204 οἳ
2511 4152 2573 4204 τὸ
2621 4151 2714 4223 μὲν
2770 4148 2995 4210 ἐνεστὼς
3049 4145 3200 4221 ἴσμεν
3249 4147 3448 4203 ὁπόσον
3481 4151 3618 4221 ἡμῖν
3651 4148 3732 4212 εἷς

2078 4243 2276 4316 γνῶσιν
2310 4233 2487 4309 ἔλθοι,
2519 4240 2580 4293 τὸ
2631 4237 2688 4294 δὶ
2739 4237 2944 4312 μέλλον
2985 4239 3319 4293 παντάπασιν
3351 4240 3728 4312 ἡγνοήκαμεν,

2081 4330 2163 4384 ὅτι
2214 4325 2355 4402 μηδὲ
2404 4332 2649 4401 συζῶμεν
2700 4332 2780 4399 τῷ
2831 4325 3062 4393 ἐπιόντι,
3122 4324 3267 4382 ἀλλᾶ
3318 4330 3414 4381 τοῦ
3470 4325 3730 4400 ἐσομένου

2077 4422 2158 4490 τῷ
2200 4417 2335 4472 κατὰ
2391 4417 2456 4472 τὸ
2517 4416 2740 4480 ἐνεστὼς
2799 4421 2893 4491 ζῇν
2957 4416 3294 4470 παντάπασιν
3348 4415 3720 4488 ἀπῳκίσμεθα.

309 4512 608 4568 paramur.
645 4501 944 4558 Facillime
989 4504 1173 4576 igitur
1222 4506 1364 4561 adeo
1415 4522 1539 4576 quae
1591 4503 1960 4575 interrogasti

2080 4507 2271 4578 Ῥᾴστη
2340 4511 2626 4583 τοιγαροῦν
2683 4507 2818 4582 πρὸς
2884 4505 3014 4580 ὅπερ
3069 4506 3362 4579 ἠρώτησας
3414 4507 3448 4576 ἡ
3496 4505 3724 4578 ἀπόκρι-

309 4588 636 4659 responsio.

379 4677 433 4732 2.
468 4678 850 4736 Notissimam
885 4687 1079 4738 autem
1113 4700 1239 4739 eam
1275 4685 1657 4755 quaestionem
1691 4685 1776 4753 (ut
1809 4696 1970 4737 sum“

311 4768 516 4823 matim
549 4769 654 4824 tibi
687 4775 745 4826 et
775 4770 832 4826 in
884 4771 1142 4843 epistola;
1199 4776 1386 4828 forma
1430 4779 1617 4829 totum
1665 4756 1969 4842 colligam)

311 4855 393 4910 ita
424 4865 764 4930 proponunt
796 4861 1104 4932 peritiores
1139 4868 1203 4916 ut
1251 4879 1365 4916 non
1417 4865 1485 4917 de
1534 4862 1784 4917 termino
1838 4861 1965 4916 vitae

305 4949 561 5016 tantum,
593 4950 694 5004 sed
729 4958 786 5004 et
814 4951 888 5005 de
913 4950 1046 5006 aliis
1079 4950 1356 5007 omnibus
1387 4968 1514 5022 qua:
1549 4956 1690 5007 sunt
1737 4967 1964 5006 sermo-

307 5049 442 5090 nem
475 5039 848 5108 protendant.
1848 5111 1854 5117 _

373 5124 428 5178 3.
463 5126 835 5199 Interrogant
862 5129 1018 5184 enim
1051 5146 1189 5185 num
1226 5130 1379 5185 Deus
1414 5130 1678 5184 futurum
1712 5129 1959 5199 noverit,

303 5227 438 5266 cum
461 5220 658 5271 autem
684 5218 894 5272 annuit
914 5217 1408 5288 colloquens(non
1431 5220 1587 5274 enim
1606 5225 1958 5290 potestcom-

303 5299 469 5353 muni
493 5303 692 5358 sensui
716 5307 1136 5375 contradicere)
1169 5309 1414 5362 addunt:
1439 5331 1466 5357 «
1498 5307 1700 5363 Utrum
1737 5307 1818 5362 illi
1854 5309 1956 5363 de-

301 5384 470 5440 ﬁnita
489 5395 580 5444 est
602 5390 782 5446 futuri
809 5393 1119 5463 notitia,an
1144 5395 1390 5451 utnobis
1417 5397 1960 5452 indeﬁnituConce‘

301 5472 574 5531 dentibus
605 5485 803 5536 autem
837 5483 1007 5539 nobis
1038 5485 1154 5539 Deo
1188 5485 1453 5540 notitiam
1505 5486 1954 5540 determinatam

302 5563 713 5633 esee(alterum
731 5570 884 5626 enim
904 5572 1158 5628 solidum
1176 5581 1305 5642 est),
1333 5575 1534 5629 statim
1551 5575 1780 5646 aliquod
1813 5591 1955 5630 con-

306 5667 560 5721 sequens
591 5657 869 5714 stolidum
901 5660 1404 5720 aiferunt.Dicunt
1425 5664 1581 5720 enim
1617 5682 1629 5720 :
1666 5687 1693 5713 «
1725 5665 1778 5719 Si
1813 5664 1953 5720 deﬁ-

304 5739 426 5796 nite
453 5742 629 5800 sciret
659 5747 792 5817 quis
823 5749 1057 5807 futurus
1087 5753 1388 5824 eitjustus
1419 5759 1475 5810 et
1506 5754 1641 5826 quis
1671 5754 1953 5826 injustus,

2079 4618 2184 4659 σις.

2153 4687 2217 4761 β’.
2249 4686 2318 4741 Τὸ
2358 4683 2416 4741 δί
2451 4683 2858 4760 θρυλλούμενον
2916 4684 3066 4739 τουτί
3108 4686 3351 4758 ζήτημα,
3386 4682 3478 4739 ’ἕνα
3532 4680 3597 4754 δή
3641 4705 3728 4739 σοι

2077 4773 2472 4854 κεφαλαιωδῶς
2545 4774 2635 4829 καὶ
2711 4773 2762 4829 ἦν
2841 4771 3138 4838 ἐπιπολῆς
3197 4775 3444 4848 σχήματι
3503 4773 3730 4846 ξυνείρω

2075 4865 2136 4918 τὸ
2167 4869 2294 4930 πᾶν,
2335 4864 2478 4919 οὕτω
2520 4861 2586 4932 δή
2628 4857 3040 4938 προϐάλλονται
3073 4863 3123 4916 οἱ
3165 4859 3484 4938 δεινότεροι,
3515 4863 3579 4918 οὐ
3601 4863 3728 4938 περὶ

2075 4954 2205 5023 δρου
2239 4953 2404 5026 μόνον
2450 4958 2618 5021 ζωῆς,
2651 4949 2798 5006 ἀλλὰ
2835 4951 2925 5005 καὶ
2975 4951 3098 5026 περὶ
3146 4951 3345 5012 παντὸς
3399 4952 3585 5027 ἑτέρου
3615 4956 3726 5007 τῶν

2072 5044 2377 5118 γινομένων
2404 5043 2495 5097 τὸν
2529 5041 2693 5118 λόγον
2725 5041 3073 5117 προάγοντες.

2141 5135 2424 5208 Ἐρωτῶσι
2482 5131 2584 5206 γὰρ
2641 5130 2686 5184 εἰ
2737 5128 2850 5185 οἶδε
2901 5131 2962 5185 τὸ
3017 5127 3222 5202 μὲλλον
3262 5131 3289 5185 ὁ
3323 5130 3456 5192 Θεός
3514 5130 3627 5186 εἶτα
3657 5128 3728 5201 δὴ

2071 5221 2617 5294 συνομολογήσαντος
2675 5223 2773 5274 τοῦ
2830 5217 3374 5294 προσδιαλεγομένου
3426 5217 3580 5290 (οὐδὲ
3625 5221 3728 5296 γὰρ

2067 5312 2133 5379 ἧν
2172 5309 2470 5385 ἀντιλέγειν
2519 5309 2652 5383 πρὸς
2701 5310 2889 5376 κοινὴν
2943 5306 3198 5381 ἔννοιαν),
3257 5309 3538 5386 ἐπάγουσι·
3570 5335 3600 5362 ‹‹
3633 5310 3730 5366 πό.

2066 5419 2222 5473 τερον
2272 5396 2330 5452 δὲ
2379 5398 2604 5472 ὥρισται
2657 5395 2805 5468 αὐτῷ
2851 5399 2885 5465 ἡ
2935 5400 3135 5472 γνῶσις
3181 5401 3277 5450 τοῦ
3330 5396 3657 5470 μὲλΛοντος,
3690 5399 3727 5469 ἢ

2066 5487 2394 5563 ἀορισταίνει
2456 5485 2636 5560 ὥσπερ
2696 5488 2830 5557 ἡμῖν
2865 5505 2878 5553 ;
2913 5511 2940 5536 ››
3001 5483 3202 5540 δόντων
3273 5484 3330 5540 δὲ
3379 5489 3540 5559 ἡμῶν
3592 5487 3725 5561 ὡρί-

2066 5579 2184 5631 σθαι
2238 5576 2386 5647 αὺτῷ
2432 5576 2530 5643 τὴν
2582 5579 2781 5648 γνῶσιν
2834 5575 3076 5649 (θάτερον
3123 5576 3226 5649 γὰρ
3273 5574 3523 5646 ἄτοπον),
3569 5577 3728 5643 εὐθὺς

2065 5665 2138 5726 ὡς
2193 5663 2456 5736 ἐπόμενόν
2503 5685 2555 5717 τι
2615 5663 2815 5718 ἄτοπον
2871 5662 3205 5742 ἰπιφὲρουσιο
3264 5664 3404 5721 Φασὶ
3461 5665 3562 5742 γὰρ
3619 5665 3719 5737 ὠς,

2066 5753 2114 5810 εἶ’
2161 5753 2480 5829 ὡρισμένως
2529 5750 2695 5823 εἰδείη
2739 5753 2829 5808 τόν
2863 5774 2921 5807 τε
2956 5751 3211 5826 ἐσόμενον
3245 5752 3454 5813 δίκαιον
3491 5755 3582 5810 καὶ
3625 5757 3718 5813 τὸν
