4100 6392
325 412 444 473 917

1428 414 1530 475 DE
1573 414 1870 475 MORTIS
1915 414 2650 480 DETERMINATIONE.

3631 423 3754 484 918

333 543 594 620 εσόμενον
649 540 860 614 ἄδικον,
908 543 1000 600 τόν
1055 566 1114 601 τε
1169 541 1342 609 οὕτως
1391 544 1426 616 ἦ
1478 544 1696 608 ἐκείνως
1735 543 1981 617 τεθνηξό-

2099 549 2231 621 quis
2262 549 2371 605 hoc
2398 550 2484 606 vel
2517 550 2617 607 illo
2649 554 2824 609 modo
2859 554 3181 613 moriturus
3211 558 3306 625 sit,
3341 558 3752 629 nequejustus

328 656 514 710 μενον,
577 635 693 700 οὐθ’
750 636 779 689 ὁ
834 632 1043 697 δίκαιος
1099 635 1190 714 ἀφ’
1248 637 1440 691 ἑαυτοῦ
1495 633 1747 708 δίκαιος,
1803 636 1918 700 οὗθ’
1957 637 1986 690 ὁ

321 723 508 788 ἄδικος
569 725 747 801 ἀρχὴν
810 721 1022 788 ἀδικίας
1075 726 1173 796 τήν
1229 727 1544 803 προαίρεσιν
1602 723 1980 800 ἐκληρώσατοο

317 813 447 872 ἀλλ’
494 812 610 872 οὐδ’
655 817 683 870 ὁ
731 813 928 894 φονεὺς
989 811 1196 878 ἄδικος·
1249 815 1605 888 περιώρισται
1636 816 1740 891 γᾶρ
1792 819 1868 888 τῷ
1896 835 1983 870 τε·

329 904 552 977 θνηκότι
584 906 613 960 ὁ
655 911 756 975 τῆς
809 909 954 975 ζωῆς
998 901 1227 982 χρόνος,
1279 905 1395 976 καὶ,
1445 901 1612 961 εἷ’δότι
1646 910 1761 978 Θεῷ
1793 905 1867 967 ὡς
1899 903 1986 959 οὕ-

320 1015 427 1058 τως
480 995 825 1068 τεθνήξεται,
881 992 1325 1067 ἐπηκολούθησεν
1386 997 1421 1065 ἡ
1480 995 1748 1069 ἀναίρεσις
1784 1039 1797 1053 .
1862 997 1984 1056 Πῶς

320 1085 424 1163 γὰρ
481 1086 548 1155 ἦν
607 1081 804 1140 εῗδέναι
861 1085 956 1160 μὲν
1025 1084 1347 1160 ὡρισμένως
1414 1085 1505 1140 τὸν
1566 1086 1693 1141 Θεὸν
1772 1083 1978 1140 ἐκεῖνον

319 1175 788 1252 ἀναιρεθήσεσθαι,
832 1172 1086 1253 ἐκφυγεῖν
1147 1172 1206 1229 δὲ
1263 1178 1455 1230 τοῦτον
1512 1176 1605 1230 τὸν
1637 1176 1840 1251 τρόπον
1882 1182 1984 1246 τῆς

317 1262 639 1339 ἀναιρέσεως
693 1286 707 1335 ;
760 1263 900 1320 ὣστε
971 1265 1064 1320 καὶ
1123 1266 1151 1320 ὁ
1226 1264 1421 1341 φονεὺς
1493 1263 1804 1341 προγνώσει
1866 1263 1982 1338 θείᾳ

321 1355 680 1431 ὑπουργηκιὶκ
731 1353 792 1409 οὐ
853 1353 1020 1428 μόνον
1080 1355 1259 1417 ἀθῶος
1300 1355 1604 1410 παντάπασι
1656 1354 1978 1431 λογισθήσε-

322 1464 430 1512 ται,
489 1441 638 1499 ἀλλᾶ
690 1442 780 1499 καὶ
832 1439 1074 1517 ἀμοιϐῆς
1107 1439 1279 1518 ἄξιος,
1338 1444 1413 1508 ὡς
1469 1445 1532 1499 τὸ
1579 1449 1675 1499 τοῦ
1715 1440 1980 1499 δεσπότου

319 1531 452 1604 θὲλη
462 1553 538 1607 μα
567 1531 944 1596 ἐκτετελεκώς.

391 1635 456 1696 δ’.
487 1640 563 1694 Τὸ
621 1639 718 1712 μὲν
779 1636 870 1694 οὗν
933 1641 1157 1713 ζήτημα
1209 1639 1352 1695 οὕτω
1411 1637 1478 1710 δή
1538 1641 1872 1695 συντιθὲασιν
1926 1640 1979 1694 οἱ

319 1728 442 1804 περὶ
481 1731 652 1783 ταῦτα
710 1725 896 1783 δεινοί·
930 1731 966 1798 ἡ
1023 1726 1080 1784 δέ
1108 1749 1169 1806 γε
1217 1727 1375 1792 λύσις
1425 1727 1597 1792 οὕτως
1647 1728 1801 1794 αὖθις
1831 1731 1981 1804 παρὰ

317 1821 426 1874 τῶν
479 1817 805 1896 σοφωτιρων
851 1816 1106 1894 ἐπάγεται
1153 1819 1290 1894 πρὸς
1336 1819 1398 1873 τὸ
1437 1814 1764 1896 πρόϐλημα’
1814 1821 1889 1882 ὡς
1940 1822 1976 1890 ἡ

2095 654 2201 710 per
2229 655 2290 694 se
2335 641 2536 711 justus
2567 647 2676 712 est,
2703 659 2890 714 neque
2941 643 3165 714 injusto
3195 645 3498 717 injustitite
3532 647 3752 720 princi-

2095 727 2260 799 pium
2289 734 2378 784 est
2408 731 2646 802 propria
2677 731 2994 788 voluntatis
3017 733 3242 790 electio.
3271 735 3382 791 Sed
3406 752 3595 807 neque
3627 737 3755 809 ipse

2095 817 2399 874 homidida
2430 819 2692 890 injustus
2713 825 2823 876 est.
2849 821 3080 878 Mortuo
3111 823 3266 879 enim
3299 826 3754 882 determinatum

2095 913 2186 962 est
2213 907 2344 963 vitaa
2378 913 2634 981 tempus,
2660 916 2736 978 et,
2762 911 2877 966 Deo
2903 911 3121 968 sciente
3141 929 3277 968 eum
3307 913 3411 969 tali
3441 917 3612 971 modo
3638 932 3758 971 mo-

2095 997 2350 1052 riturum
2378 1014 2527 1066 esse,
2555 1003 2754 1055 secuta
2778 1005 2869 1055 est
2891 1001 3240 1058 interfectio.
3265 1005 3566 1069 Quomodo
3599 1005 3755 1061 enim

2095 1087 2218 1142 ﬁeri
2268 1092 2470 1158 posset
2520 1093 2702 1144 Deum
2737 1089 3126 1146 determinate
3170 1091 3322 1148 scire
3371 1092 3492 1147 fore
3537 1096 3604 1148 ut
3656 1093 3755 1150 ille

2093 1175 2480 1247 occideretur,
2513 1176 2803 1250 illumque
2847 1195 2983 1234 eum
3033 1180 3459 1237 interfectionis
3509 1183 3752 1239 modum

2090 1265 2375 1339 effugere;
2411 1267 2495 1322 ita
2542 1271 2607 1323 ut
2656 1267 2954 1324 homicida
2982 1268 3188 1324 divinae
3225 1270 3607 1328 Providentia;
3639 1273 3746 1328 ob-

2091 1373 2345 1428 sequens
2378 1374 2494 1413 non
2529 1358 2701 1413 modo
2735 1358 3020 1415 innocens
3046 1361 3481 1432 computandas
3513 1361 3753 1419 omnino

2089 1445 2186 1514 sit,
2222 1446 2324 1502 sed
2375 1450 2466 1502 est
2518 1449 2787 1504 mercede
2817 1448 3065 1522 dignus;
3101 1450 3320 1523 quippe
3368 1450 3472 1523 qui
3517 1451 3756 1510 Domini

2090 1535 2452 1593 voluntatem
2487 1537 2816 1609 perfecerit.

2162 1645 2212 1700 4.
2247 1644 2639 1709 Quaestioan
2691 1646 2874 1719 igitur
2903 1647 2987 1703 sic
3017 1652 3381 1720 componunt
3419 1648 3631 1706 harum
3662 1665 3754 1706 re-

2087 1751 2220 1791 rum
2266 1734 2712 1808 periti.Solutio
2763 1741 2960 1793 autem
3009 1755 3249 1794 rursum
3299 1755 3333 1794 a
3379 1739 3752 1809 sapientibus

2088 1824 2160 1880 ad
2212 1826 2578 1896 pr0positum
2630 1827 2964 1883 adducitur.
3003 1828 3246 1897 Notitia,
3279 1829 3578 1901 inquiunt,
3611 1847 3749 1886 cum

315 1911 540 1984 γνῶσις,
575 1904 712 1979 μὲση
759 1906 892 1961 οὗσα
937 1912 1036 1962 τοῦ
1086 1907 1496 1984 γινωσκομένου
1546 1909 1637 1963 καὶ
1684 1913 1782 1964 τοῦ
1812 1909 1980 1983 γινώ-

2094 1915 2166 1970 sit
2195 1915 2390 1970 media
2419 1915 2571 1970 inter
2601 1916 2904 1989 cognitum
2952 1922 3009 1974 et
3036 1923 3512 1990 cognoscentem,
3541 1918 3750 1992 incipit

318 2017 564 2068 σκοντος,
619 1992 873 2072 ὥρμηται
930 1998 1024 2070 μὲν
1068 1998 1174 2052 ἀπὸ
1226 2001 1322 2052 τοῦ
1376 1999 1764 2072 γινώσκοντος,
1809 1997 1981 2054 εἱλεῖ-

321 2107 413 2142 ται
474 2083 533 2141 δὶ
607 2085 732 2160 περὶ
799 2087 864 2141 τὸ
933 2086 1332 2162 γινωσκόμενον
1395 2087 1484 2142 καὶ
1558 2087 1842 2161 ὡμοίωται
1899 2091 1982 2160 τῷ

324 2175 674 2253 γινώσκοντιο
735 2174 927 2231 ὁποῖόν
980 2197 1033 2232 τι
1089 2175 1258 2252 λέγω⁶
1321 2173 1466 2248 ἄλλη
1527 2180 1714 2252 ψυχῆς
1757 2181 1980 2252 γνῶσις,

322 2265 413 2322 καὶ
460 2263 608 2337 ἄλλη
665 2268 783 2336 νοῦ,
833 2265 924 2320 καὶ
974 2263 1120 2337 ἄλλη
1154 2269 1312 2321 Θεοῦ·
1363 2267 1399 2336 ἡ
1457 2266 1550 2338 μὲν
1604 2263 1696 2321 οὗν
1729 2269 1979 2342 ψυχικῶς

320 2349 488 2423 οἶδεν,
537 2349 654 2408 ὁιδὶ
701 2356 931 2428 νοερῶς,
962 2353 992 2408 ὁ
1023 2350 1081 2407 δὲ
1127 2353 1261 2430 ὑπὲρ
1287 2357 1411 2408 νοῦν
1444 2353 1534 2409 καὶ
1565 2353 1832 2412 ἐπέκεινα.
1864 2354 1983 2412 Οὐκ

317 2441 608 2500 ἀλλοιοῦσι
638 2440 698 2499 δὶ
726 2445 783 2499 αἱ
802 2444 1032 2520 γνώσεις
1052 2443 1120 2500 τὰ
1141 2445 1459 2521 πράγματα,
1484 2443 1610 2500 ἀλλ’
1637 2447 1691 2499 αἱ
1723 2447 1815 2520 μὲν
1843 2445 1980 2500 κατὰ

308 2533 376 2589 τὰ
429 2534 771 2609 γινώσκοντα
811 2531 1082 2602 ἵστανται,
1127 2535 1196 2590 τὰ
1238 2531 1296 2589 δὲ
1341 2533 1598 2609 γινόμενα
1645 2541 1746 2604 τῆς
1776 2533 1978 2596 οἰκείας

311 2622 412 2679 οὐκ
459 2622 757 2697 ἐξίστανται
809 2623 1043 2702 φύσεως.
1077 2625 1139 2682 Ὀ
1198 2625 1294 2697 μὲν
1338 2622 1428 2679 οὖν
1476 2625 1628 2696 Θεὸς,
1664 2624 1792 2699 ὅρος
1843 2623 1916 2678 ὣν
1951 2625 1978 2679 ὁ

317 2716 535 2769 πάντων
585 2713 906 2791 ἀκρότατος,
950 2714 1086 2769 κατὰ
1135 2715 1235 2784 τήν
1293 2713 1493 2769 οἰκείαν
1543 2713 1818 2790 ἀκρότητα
1865 2711 1981 2769 οἶδε

314 2804 383 2859 τὰ
440 2805 756 2880 πράγματα,
817 2803 1136 2880 ὡρισμένως
1197 2805 1292 2877 μὲν
1351 2803 1420 2859 τὰ
1476 2804 1700 2880 ἀόριστα
1738 2849 1752 2876 ,
1812 2804 1979 2880 ἀναγ-

319 2894 492 2956 καίως
553 2891 611 2948 δὲ
659 2894 726 2949 τὰ
781 2891 1135 2970 ἐνδεχόμενα·
1199 2892 1260 2948 οὐ
1308 2893 1408 2970 γὰρ
1453 2888 1972 2968 συμμεταϐάλλεται

326 2985 446 3044 τοῖς
475 2981 800 3055 γινομένοις,
833 2981 962 3039 ἀλλ’
1014 2983 1089 3048 ὡς
1139 2979 1256 3059 ἔχει
1305 2981 1517 3060 φύσεως
1559 2984 1658 3052 τὴν
1691 2981 1837 3053 τάξιν
1867 2979 1980 3037 οἶδε

330 3071 437 3124 τῶν
471 3063 661 3124 ὄντων’
699 3070 766 3126 τὰ
814 3069 868 3128 δὶ
915 3072 1054 3128 κατὰ
1097 3074 1196 3142 τὴν
1239 3070 1442 3126 οἰκείαν
1486 3069 1640 3148 φύσιν
1692 3070 1775 3148 ῥεῖ
1803 3092 1861 3126 τε
1888 3069 1978 3126 καὶ

331 3158 566 3236 φέρεται.

2091 2021 2124 2059 a
2171 2009 2579 2076 cognoscente,
2612 2006 3090 2063 circumvolvitur
3137 2009 3293 2064 circa
3343 2009 3644 2081 cognitum
3693 2012 3752 2064 et

2091 2093 2306 2148 similis
2336 2094 2711 2165 cognoscenti
2743 2096 3027 2164 efﬁcitur;
3060 2102 3117 2152 et
3148 2101 3214 2152 ut
3245 2114 3432 2153 meam
3466 2097 3753 2170 explicem

2092 2181 2465 2253 sententiam,
2499 2182 2615 2238 alia
2643 2189 2733 2238 est
2781 2185 2992 2240 anima:
3044 2185 3317 2256 cognitio,
3349 2185 3465 2242 alia
3511 2187 3751 2254 mentis,

2091 2275 2148 2326 et
2178 2269 2294 2326 alia
2321 2270 2423 2326 Dei
2457 2288 2471 2326 :
2505 2271 2608 2327 illa
2659 2272 2898 2344 quidem
2949 2273 3304 2343 animaliter,
3339 2291 3505 2332 mens
3554 2280 3754 2332 autem

2091 2359 2488 2430 mutabiliter;
2521 2362 2676 2432 quod
2711 2366 2909 2417 autem
2939 2379 3121 2434 supra
3145 2369 3404 2420 mentem
3433 2368 3545 2434 est,
3577 2366 3756 2420 modo

2091 2448 2205 2506 sibi
2247 2449 2503 2521 proprio.
2536 2451 2914 2524 Cognitiones
2946 2456 3143 2508 autem
3193 2469 3286 2508 res
3335 2470 3448 2508 non
3485 2458 3753 2524 mutant;

2090 2539 2191 2594 sed
2223 2537 2335 2594 illae
2381 2537 2439 2594 in
2471 2540 2964 2612 cognoscentibus
2997 2547 3176 2611 stant,
3207 2559 3333 2613 quae
3384 2547 3580 2598 autem
3616 2547 3760 2598 sunt

2093 2627 2390 2700 propriam
2426 2633 2696 2684 naturam
2751 2647 2864 2684 non
2897 2631 3197 2687 amittunt.
3225 2631 3380 2687 Deus
3429 2631 3629 2704 igitur,
3663 2633 3760 2688 ul-

2091 2717 2274 2773 timus
2305 2717 2572 2773 omnium
2605 2719 3270 2788 terminus,‘secundum
3303 2723 3598 2794 propriam
3634 2721 3755 2777 cel-

2090 2806 2413 2862 situdinem
2467 2824 2560 2862 res
2609 2809 2934 2880 cognoscit,
2965 2808 3208 2865 deﬁnite
3256 2827 3385 2881 quae
3438 2809 3754 2866 indeﬁnite;

2091 2902 2252 2962 sunt,
2289 2897 2617 2952 necessario
2651 2914 2779 2969 quae
2813 2903 2955 2954 sunt
2980 2899 3416 2972 contingentes;
3452 2917 3563 2956 non
3593 2900 3753 2957 enim

2091 2988 2360 3041 mutatur
2390 2985 2571 3041 simul
2603 3002 2737 3041 cum
2768 2988 2854 3042 eis
2883 3004 3012 3059 quae
3060 2989 3232 3056 ﬁunt,
3265 2989 3364 3046 sed
3415 3006 3517 3062 pro
3548 3005 3752 3045 earum

2091 3079 2302 3130 natura
2335 3079 2736 3130 creaturarum
2770 3077 3036 3131 ordinem
3082 3077 3271 3145 novit;
3305 3094 3387 3133 eae
3429 3082 3625 3134 autem
3658 3094 3754 3134 se-

2090 3164 2351 3218 cundum
2386 3165 2686 3236 propriam
2722 3169 2996 3221 naturam
3027 3166 3221 3222 ﬂuunt
3251 3171 3308 3223 et
3336 3167 3624 3223 feruntur.

395 3272 451 3324 ε’.
509 3267 649 3341 Φέρε
702 3268 807 3344 γὰρ
863 3269 1002 3344 πρὸς
1049 3273 1202 3325 Θεοῦο
1262 3273 1371 3324 τῶν
1431 3269 1699 3341 σωμάτων
1761 3265 1975 3339 διεστη-

2161 3271 2214 3325 5.
2253 3271 2515 3342 Agedum
2547 3272 2704 3326 enim
2759 3289 2861 3343 per
2909 3275 3126 3340 Deum;
3157 3290 3292 3329 cum
3345 3275 3466 3330 sint
3513 3291 3759 3346 corpora

321 3354 520 3425 κὸτων,
570 3361 685 3419 πῶς
733 3355 848 3413 οἶδε
897 3363 1066 3413 ταῦτα
1113 3359 1242 3421 Θεός
1275 3378 1288 3428 ;
1321 3355 1621 3419 διαστατῶς
1654 3357 1689 3427 ἢ
1724 3355 1977 3413 ἀδιαστά-

317 3466 427 3508 τως
462 3465 476 3516 ;
512 3446 615 3501 οὐκ
670 3443 1003 3510 ἀδιαστάτως
1035 3468 1050 3518 ;
1083 3448 1161 3506 Οὐ
1220 3448 1324 3524 γὰρ
1384 3446 1524 3522 ἐρεῖς
1573 3469 1679 3502 που
1731 3453 1975 3524 θάτερον·

319 3535 383 3590 οὗ
414 3536 518 3611 γὰρ
569 3532 834 3592 διίσταται
882 3543 1002 3600 τοῖς
1055 3537 1239 3614 βάθεσι
1298 3537 1504 3592 τούτων
1549 3536 1583 3605 ἢ
1632 3542 1749 3599 τοῖς
1811 3539 1979 3610 μήκε-

318 3645 399 3678 σιν
459 3625 494 3695 i}
546 3630 665 3688 τοῖς
731 3624 1012 3681 πλάτεσιν’
1075 3624 1202 3683 ἀλλ’
1259 3623 1579 3681 ἀδιάστατον
1641 3627 1819 3681 αὐτῶν
1879 3627 1976 3695 τὴν

317 3716 519 3787 γνῶσιν
575 3709 878 3790 προέλαϐεν
921 3757 934 3772 .
989 3716 1109 3792 Ἆρ’
1160 3716 1252 3770 οὗν
1310 3716 1372 3770 τὸ
1430 3715 1602 3777 οὕτως
1661 3712 1857 3770 εἰδέναι
1917 3713 1983 3768 τὰ

319 3803 548 3876 σώματα
576 3804 665 3858 τὸν
698 3804 828 3859 Θεὸν
880 3803 976 3869 τὰς
1028 3802 1330 3866 διαστάσεις
1361 3803 1580 3859 ἐκείνων
1626 3807 1757 3878 μετή
1771 3807 1930 3876 μειψε
1965 3823 1978 3874 ;

321 3891 471 3946 Κατὰ
519 3890 612 3946 τὸν
675 3890 833 3947 αὐτὸν
894 3890 1084 3967 λόγον,
1115 3893 1205 3947 καὶ
1257 3894 1354 3961 τὴν
1417 3893 1573 3969 φύσιν
1636 3891 1769 3966 ὑπὲρ
1823 3890 1978 3968 φύσιν

321 3977 481 4042 εἰδὼς
533 3980 623 4035 καὶ
678 3981 742 4036 τὸ
802 3981 1050 4057 ἀόριστον
1112 3983 1457 4058 ὡρισμένως,
1503 3977 1626 4035 οὔτε
1672 3981 1774 4048 τήν
1828 3979 1982 4057 φύσιν

324 4069 685 4144 μετήλλαξεν,
759 4068 883 4128 οὔτε
960 4074 1060 4142 τὴν
1114 4072 1391 4149 ἀοριστίαν
1452 4076 1557 4126 τῶν
1636 4071 1974 4144 πραγμάτων

324 4160 680 4233 μετήμειψιψ
741 4161 806 4215 οὐ
835 4160 939 4237 γὰρ
984 4160 1127 4215 αἴτία
1175 4165 1278 4215 τῶν
1320 4161 1624 4237 γινομένων
1657 4161 1691 4228 ἡ
1724 4159 1982 4232 πρόγνω-

318 4267 423 4310 σις.
457 4247 534 4305 Οὐ
582 4248 789 4317 τοίνυν,
826 4249 871 4304 εἷ
920 4255 1027 4305 τῶν
1088 4251 1182 4324 μὲν
1220 4251 1535 4324 προέγνωκε
1570 4250 1670 4318 τὴν
1701 4245 1981 4318 φαυλότη-

315 4357 402 4405 τα,
434 4342 543 4392 τῶν
576 4335 634 4393 δὲ
681 4340 782 4409 τὴν
841 4336 1188 4410 δικαιοσίωην
1238 4333 1534 4414 προέλαϐε,
1587 4336 1679 4393 διὰ
1731 4344 1900 4393 ταῦτα
1931 4338 1980 4410 ἐξ

317 4426 555 4503 ἀνάγκης
616 4428 668 4482 οἱ
731 4429 825 4501 μὶν
895 4427 1120 4506 φαῦλοι,
1181 4429 1233 4482 οἱ
1287 4424 1344 4482 δὲ
1390 4429 1711 4502 γεγένηνται
1759 4424 1979 4481 δίκαιοι·

320 4512 448 4571 ἀλλ’
506 4515 710 4579 ἐκεῖνός
768 4539 827 4573 τε
884 4517 1022 4572 κατό⁴
1077 4518 1173 4586 τήν
1227 4515 1425 4571 οἰκείαν
1467 4517 1624 4590 φύσιν
1656 4519 1755 4585 τήν
1789 4520 1986 4591 γνῶσιν

321 4597 451 4681 ἔσχε
505 4609 612 4660 τῶν
666 4610 997 4681 γινομένων,
1047 4608 1267 4663 κάκεῖνα
1315 4607 1451 4661 κατὰ
1503 4607 1592 4660 τὸν
1626 4602 1760 4659 ἴδιον
1793 4605 1981 4679 εἶρμὸν

2093 3360 2398 3429 distantia,
2458 3363 2752 3431 quomodo
2811 3379 2880 3417 ea
2939 3363 3100 3418 novit
3157 3363 3362 3419 Deus?
3424 3363 3632 3419 Utrum
3693 3368 3760 3419 ut

2090 3449 2376 3507 distantia
2435 3451 2675 3505 annon?
2725 3451 2849 3506 Non
2907 3452 3238 3508 distantia?
3285 3452 3549 3508 Alterum
3600 3453 3758 3508 enim

2093 3558 2210 3596 non
2244 3540 2426 3595 dices.
2460 3539 2586 3594 Non
2620 3540 2774 3595 enim
2827 3541 2898 3596 ab
2952 3541 3071 3596 illis
3103 3542 3284 3597 distat
3331 3541 3642 3597 altitudine
3669 3541 3759 3597 vel

2091 3629 2466 3701 longitudine
2492 3629 2582 3684 vel
2632 3629 2976 3698 latitudine;
3010 3648 3127 3686 non
3180 3631 3502 3687 distantem
3553 3647 3760 3687 eorum

2092 3719 2488 3791 cognitionem
2541 3720 2835 3790 praecepit.
2876 3720 3029 3775 Num
3093 3721 3274 3791 igitur
3325 3737 3392 3776 eo
3441 3721 3598 3791 quod
3648 3720 3761 3776 scit

2093 3813 2246 3863 Deus
2285 3822 2554 3878 corpora,
2580 3824 2785 3863 eorum
2837 3809 3083 3864 mutavit
3130 3809 3490 3864 distantias?
3541 3810 3756 3865 Eadem

2091 3896 2340 3963 ratione,
2394 3900 2667 3950 naturam
2719 3898 3250 3968 superuaturaliter
3299 3913 3549 3952 noscens
3581 3902 3638 3952 et
3667 3897 3758 3952 in-

2092 3984 2404 4041 deﬁnitum
2438 3985 2612 4039 modo
2643 3985 2908 4055 definito,
2944 4003 3133 4057 neque
3175 3992 3447 4041 naturam
3485 3986 3757 4056 mutavit,

2092 4092 2280 4146 neque
2302 4090 2498 4128 rerum
2545 4073 3191 4142 indeterminationem;
3234 4092 3349 4130 non
3374 4074 3529 4129 enim
3552 4091 3758 4129 eorum

2091 4181 2223 4235 qua:
2280 4167 2420 4218 sunt
2481 4161 2852 4234 praescientia
2905 4180 3084 4220 causa
3141 4170 3249 4219 est.
3283 4165 3408 4219 Non
3465 4164 3665 4236 igitur,
3710 4163 3760 4218 si

2093 4253 2342 4309 aliorum
2411 4253 2704 4323 praescivit
2771 4252 3097 4318 malitiam,
3154 4253 3403 4308 aliorum
3459 4252 3762 4324 justitiam

2095 4341 2514 4415 praesumpsit,
2577 4359 2692 4396 non
2767 4348 3075 4414 pr0pterea
3129 4360 3199 4398 ex
3255 4342 3606 4399 necessitate
3665 4341 3765 4399 alii

2095 4431 2236 4488 mali
2293 4431 2430 4487 facti
2491 4435 2654 4500 sunt,
2715 4432 2816 4486 alii
2865 4433 3051 4502 justi;
3113 4433 3214 4487 sed
3275 4432 3373 4487 ille
3433 4432 3764 4488 secundum

2095 4520 2391 4594 propriam
2425 4524 2696 4576 naturam
2744 4536 2814 4574 ea
2860 4537 2987 4591 quae
3041 4526 3183 4576 sunt
3230 4520 3522 4593 cognovit,
3555 4525 3613 4576 et
3643 4520 3767 4575 haec

2092 4609 2420 4665 secundum
2456 4609 2760 4680 pr0prium
2811 4625 3025 4664 nexum
3061 4610 3353 4664 feruntur.
3389 4609 3459 4663 Et
3487 4608 3598 4664 scit
3629 4625 3763 4664 eum

324 4675 560 4770 φέρεται·
623 4675 716 4750 καὶ
790 4675 882 4751 τὸν
935 4696 1148 4772 ἀγχόνῃ
1222 4695 1402 4751 τοίνυν
1463 4675 1981 4770 χρησάμενον-οἶδε

2094 4698 2193 4770 qui
2226 4696 2436 4769 laqueo
2482 4713 2546 4752 se
2601 4698 2933 4769 suspendit,
2969 4699 3053 4753 sic
3105 4698 3461 4753 moriturum
3512 4714 3636 4753 esse
3666 4700 3764 4765 (ne

331 4781 426 4853 μὶν
482 4783 557 4846 ὡς
627 4783 772 4839 οὕτω
827 4789 1144 4859 τεθνήξαιτο
1199 4786 1300 4860 (μή
1359 4785 1458 4860 γὰρ
1519 4805 1576 4839 σε
1631 4781 1862 4858 διαλάθῃ
1920 4784 1983 4838 τὸ

325 4871 591 4948 πρότερον
639 4872 1000 4950 ὁμολόγημα,
1049 4876 1122 4938 ὡς
1153 4877 1186 4946 ἡ
1221 4879 1420 4950 γνῶσις
1471 4874 1756 4946 ὡμοίωται
1787 4877 1864 4944 τῷ
1898 4893 1985 4947 γι-

325 4961 616 5036 νώσκοντι)
675 4965 740 5020 οὐ
783 4962 872 5020 διὰ
921 4967 1021 5036 τὴν
1066 4971 1264 5042 γνῶσιν
1311 4961 1368 5019 δὲ
1415 4962 1620 5025 ἐκεῖνος
1667 4962 1858 5038 βιαίως
1898 4960 1984 5016 ἐκ·

324 5049 630 5122 πέπτωκεν,
677 5050 824 5110 ἀλλᾶ
872 5052 958 5110 διὰ
994 5055 1092 5124 τήν
1139 5052 1451 5130 προαίρεσιν
1485 5056 1713 5126 πονηρῷ
1767 5051 1985 5127 χρησά-

328 5160 488 5212 μενος
519 5137 761 5214 δαίμονι.
814 5143 942 5217 Καὶ,
976 5145 1038 5200 τὸ
1087 5143 1304 5217 σύμπαν
1356 5141 1524 5197 εἰπεῖν
1578 5136 1717 5196 ὥστε
1744 5162 1828 5196 σοι
1865 5139 1984 5195 ἑπι-

322 5226 586 5294 λελύσθαι
615 5231 680 5287 τὸ
724 5235 966 5307 ζήτημα,
1017 5238 1095 5306 τῷ
1135 5235 1230 5307 μὲν
1281 5237 1396 5304 Θεῷ
1425 5231 1560 5287 κατὰ
1588 5232 1688 5301 τὴν
1736 5229 1987 5306 πρόγνω-

324 5339 406 5374 σιν
466 5319 528 5374 τὸ
581 5328 683 5391 τῆς
765 5321 994 5378 ἑκάστου
1069 5328 1213 5393 ζωῆς
1295 5322 1661 5396 συμπέρασμα
1715 5318 1983 5396 ὥρισται’

323 5404 600 5484 προέλαϐε
656 5411 760 5488 γὰρ
813 5412 1020 5476 ἐκεῖνος
1093 5414 1194 5483 τὴν
1253 5417 1453 5488 γνῶσιν
1521 5414 1618 5465 τοῦ
1679 5409 1940 5483 ἐσομένου
1971 5429 1984 5443 ·

324 5501 464 5573 ἡμῖν
521 5496 579 5554 δὲ
633 5500 964 5576 ἀορισταίνει
1006 5501 1068 5557 τὸ
1119 5496 1563 5576 συμϐησόμενον·
1600 5498 1739 5554 ὥστε
1784 5499 1984 5572 τρόπον

335 5590 432 5662 μὲν
491 5610 613 5644 τινα
671 5589 921 5667 ὥρισται,
951 5595 1158 5668 τρόπον
1222 5588 1279 5645 δὲ
1337 5589 1426 5644 καὶ
1483 5587 1590 5664 οὐχ
1640 5583 1884 5662 ὥρισται*
1943 5589 1988 5661 ᾧ

341 5679 439 5752 μὶν
488 5679 592 5755 γὰρ
644 5677 758 5736 οἶδε
807 5682 935 5745 Θεὸς
981 5681 1230 5758 ὥρισται,
1262 5681 1308 5754 ᾧ
1357 5677 1415 5734 δὶ
1460 5681 1495 5748 ἡ
1541 5677 1851 5754 πρόγνωσις
1884 5677 1991 5756 οὐχ

338 5768 510 5845 ὁρίζει
568 5770 630 5826 τὸ
688 5771 1080 5848 γενησόμενον,
1115 5772 1224 5848 οὐχ
1265 5765 1515 5848 ὥρισται.
1565 5766 1886 5824 Ἐπιδεαιτῶ
1933 5766 1990 5826 δὶ

2095 4793 2151 4843 te
2195 4786 2383 4858 fugiat
2431 4787 2587 4857 quod
2646 4786 2904 4858 primum
2968 4787 3221 4843 contessi
3283 4803 3518 4856 sumus,
3552 4801 3765 4858 nempe

2095 4875 2495 4947 cognitionem
2539 4874 2916 4946 cognoscenti
2961 4875 3220 4931 similem
3268 4880 3441 4945 esse),
3474 4892 3590 4931 non
3624 4891 3764 4945 pro—

2095 4971 2224 5038 pter
2271 4964 2424 5020 banc
2473 4964 2866 5036 cognitionem
2918 4963 3014 5020 ille
3060 4964 3346 5020 violenter
3395 4964 3626 5031 cecidit,
3660 4966 3763 5020 sed

2096 5072 2198 5127 per
2224 5053 2586 5110 voluntatem
2622 5053 2778 5110 malo
2811 5071 2954 5110 usus
2987 5053 3244 5127 ingenio.
3271 5053 3340 5109 Et
3373 5057 3436 5109 ut
3467 5051 3616 5109 nihil
3649 5068 3766 5108 non

2097 5143 2290 5198 dicam
2323 5143 2476 5213 quod
2510 5143 2616 5198 tibi
2648 5141 2799 5198 hanc
2833 5143 3218 5215 quaestionem
3251 5141 3459 5212 solvat,
3482 5141 3601 5197 Deo
3633 5141 3766 5214 qui-

2095 5232 2229 5287 dem
2262 5248 2365 5303 per
2413 5231 2842 5303 prmscientiam
2880 5231 3010 5288 vita)
3062 5231 3532 5302 uniuscujusque
3565 5229 3769 5286 termi-

2099 5338 2211 5377 nus
2238 5310 2518 5378 d‘eﬁnitus
2549 5325 2668 5390 est;
2711 5322 3090 5394 praesumpsit
3120 5321 3275 5377 enim
3335 5320 3517 5376 futuri
3572 5319 3770 5376 scien-

2098 5411 2276 5479 tiam;
2312 5411 2478 5467 nobis
2521 5416 2718 5468 autem
2771 5412 3033 5467 futurum
3086 5410 3466 5468 indeﬁnitum
3513 5413 3652 5466 est:
3687 5409 3770 5466 ita

2101 5507 2166 5556 ut
2210 5501 2648 5571 quodammodo
2707 5500 3020 5556 deﬁnitum
3083 5501 3180 5572 sit,
3222 5505 3278 5556 et
3326 5499 3767 5572 quodammodo

2099 5591 2510 5660 indeﬁnitum;
2546 5591 2719 5646 modo
2769 5591 2926 5646 enim
2978 5609 3094 5663 quo
3148 5590 3304 5646 novit
3353 5594 3523 5656 Deus,
3559 5589 3768 5645 deﬁni-

2102 5685 2228 5737 tum
2261 5685 2378 5749 est;
2415 5685 2588 5753 prout
2613 5686 2807 5736 autem
2843 5681 3208 5754 praescientia
3231 5697 3346 5736 non
3371 5679 3580 5735 deﬁnit
3608 5679 3767 5735 tutu-

2107 5790 2268 5844 rum,
2293 5771 2658 5828 indeﬁnitum
2685 5775 2792 5828 est.
2813 5772 3061 5829 Attende
3083 5777 3138 5829 ct
3163 5772 3401 5828 Patrum
3433 5774 3769 5829 nostrorum
