4100 6396
284 426 402 485 919

1629 428 2052 489 MICHAELIS
2096 429 2368 488 PSELLI

3603 426 3725 521 92c

291 559 482 632 libris,
513 564 578 617 ut
621 560 666 617 ἱ
701 563 1056 634 quibusdam
1107 563 1432 619 occurreris
1465 563 1561 635 qui
1598 563 1667 618 de
1700 563 1950 618 termino

2075 560 2152 615 καὶ
2184 565 2301 624 τοῖς
2343 565 2452 617 τῶν
2500 563 2746 635 πατέρων
2800 565 2961 636 ἡμῶν
3018 560 3231 639 λόγοις,
3277 561 3352 616 ’ἐν’
3380 559 3428 616 εἴ
3473 581 3582 614 τισι
3627 526 3721 632 μὶν

294 651 422 706 vitae
455 656 667 708 nostrae
697 653 936 709 definito
983 653 1331 725 loquuntur,
1366 658 1420 708 et
1452 653 1805 724 quibusdam
1852 651 1952 723 qui

295 740 368 796 de
398 742 602 796 eodem
639 748 701 797 ut
746 742 1075 809 indeﬁnito,
1111 759 1224 797 non
1274 747 1446 814 putes
1477 742 1773 796 doctrinas
1806 741 1956 795 inter

297 847 361 886 se
381 831 715 900 dissentire,
743 835 842 888 sed
871 834 1106 904 judices
1137 832 1280 887 illud
1307 831 1543 904 quidem
1569 831 1758 903 priore
1782 831 1954 887 modo

297 918 568 989 exprimi,
600 918 710 974 hoc
743 924 940 975 autem
973 919 1180 976 altero.

365 1100 420 1154 6.
455 1103 739 1155 Prmterea
767 1104 822 1156 te
852 1099 981 1155 volo
1021 1100 1171 1155 scire
1221 1104 1482 1155 nostram
1534 1104 1805 1154 naturam
1840 1115 1956 1154 non

297 1205 428 1244 esse
458 1188 812 1259 simplicem,
845 1191 945 1245 sed
991 1205 1097 1244 nos
1145 1189 1348 1260 plenos
1379 1205 1507 1243 esse
1539 1194 1595 1243 et
1627 1188 1962 1243 substantia

297 1281 356 1332 et
411 1277 816 1349 generatione,
868 1294 1159 1350 agereque
1210 1283 1336 1332 tum
1388 1276 1783 1348 providentia,
1834 1283 1960 1331 tum

298 1370 532 1431 natura,
563 1371 687 1421 tum
735 1366 1057 1422 voluntate.
1119 1366 1390 1438 Illudque
1439 1367 1568 1421 dico
1629 1382 1744 1420 non
1803 1365 1958 1436 quod

299 1453 522 1526 aliquid
571 1455 723 1528 fugit
773 1456 1204 1512 Providentiam
1236 1462 1292 1512 et
1321 1457 1528 1521 Deum,
1564 1455 1665 1510 sed
1715 1455 1869 1526 quod
1905 1458 1961 1509 et

299 1544 416 1601 alia
446 1563 572 1618 quae
621 1547 754 1602 inde
801 1547 1206 1603 exsistentiam
1261 1553 1629 1618 receperunt,
1665 1546 1784 1602 sive
1815 1545 1960 1618 phy-

301 1636 420 1691 sice
452 1637 572 1693 sive
619 1637 800 1693 libere
847 1639 907 1693 in
958 1655 1066 1693 nos
1116 1643 1456 1709 operantur.
1511 1638 1644 1692 Ideo
1695 1637 1875 1708 igitur
1904 1641 1963 1692 et

297 1726 524 1797 frigora
550 1735 602 1782 et
635 1727 859 1783 calores
893 1745 1000 1784 nos
1032 1745 1062 1782 e
1091 1728 1208 1782 vita
1249 1727 1545 1792 auferunt,
1569 1727 1707 1798 quia
1738 1733 1960 1782 natura;

301 1815 618 1888 participes
661 1833 894 1885 sumus,
925 1823 982 1872 et
1014 1833 1250 1872 rursum
1297 1815 1514 1872 stolida
1544 1816 1790 1872 consilia
1821 1832 1960 1872 nos-

298 1907 448 1960 tram
479 1905 664 1959 vitam
716 1905 1102 1977 exstinguunt
1157 1921 1228 1960 ex
1283 1905 1566 1960 electione
1617 1903 1957 1960 voluntatis.

296 1991 506 2048 Omnia
535 1994 775 2064 quidem
809 1994 1052 2049 definite
1104 1995 1266 2049 novit
1294 1994 1480 2061 Deus;
1530 1993 1632 2049 illa
1678 2010 1812 2050 vero
1860 2010 1954 2050 se~

295 2082 559 2136 cundum
594 2098 764 2138 suam
797 2087 1071 2138 naturam
1104 2088 1442 2154 operantur.

364 2259 530 2316 Nunc
561 2261 796 2318 brevem
828 2262 1012 2318 habes
1042 2267 1155 2318 tua:
1197 2261 1543 2334 quaestionis
1577 2261 1952 2334 solutionem,

299 2349 536 2406 Patrum
567 2352 907 2408 doctissime
936 2357 994 2407 et
1023 2352 1532 2408 reverendissime.

2063 649 2314 726 ἐντύχοις
2386 651 2462 715 ὡς
2536 653 2658 726 περὶ
2734 651 3042 727 ὡρισμένου
3096 655 3194 706 τοῦ
3264 648 3722 726 συμπεράσματος

2061 743 2161 804 τῆς
2210 746 2354 811 ζωῆς
2388 743 2547 814 ἡμῶν
2601 740 2848 817 λέγουσι,
2901 743 3012 797 τισὶ
3046 738 3103 796 δὲ
3154 739 3228 802 ὠς
3277 738 3400 815 περὶ
3447 737 3723 814 ἀορίστου,

2068 832 2145 903 μή
2207 828 2493 907 διαφωνεῖν
2553 832 2691 907 πρὸς
2745 830 2970 900 ἅΑληΛα
3034 829 3280 901 οἰηθείης
3333 829 3399 884 τὰ
3457 825 3722 904 δόγματα,

2065 918 2192 976 ἀλλ’
2225 920 2522 996 ἐπικρίνοις
2555 923 2630 984 ὡς
2659 925 2825 976 ταῦτα
2862 922 2955 994 μὲν
2987 920 3123 976 κατά
3169 924 3364 975 τοῦτον
3396 919 3487 973 τὸν
3519 917 3722 993 τρόπον

2066 1009 2424 1080 ἐξενήνεκται,
2458 1008 2636 1064 ἐκεῖνα
2667 1007 2724 1064 δὶ
2753 1009 2889 1064 κατὰ
2917 1010 3009 1064 τὸν
3041 1006 3245 1084 ἕτερον.

2140 1101 2202 1161 ς’.
2264 1100 2403 1173 Πρὸς
2458 1095 2515 1152 δε
2573 1098 2788 1160 τούτοις
2844 1096 3036 1154 εἰδέναι
3098 1119 3154 1152 σε
3189 1097 3464 1173 βούλομαι
3514 1095 3589 1160 ὠς
3618 1095 3728 1172 οὐχ

2068 1187 2217 1257 ἁπλῆ
2276 1209 2357 1248 τις
2416 1187 2556 1242 ἐστὶν
2617 1191 2651 1256 ἡ
2711 1189 2830 1242 καθ’
2861 1190 3009 1260 ἡμᾶς
3065 1186 3242 1264 φύσις,
3293 1185 3438 1241 ἀλλὰ
3489 1183 3728 1259 πλήρεις

2069 1277 2228 1350 ἐσμὲν
2284 1279 2373 1332 καὶ
2420 1281 2516 1332 τοῦ
2566 1273 2721 1338 ὄντος
2773 1277 2860 1331 καὶ
2915 1278 3012 1348 τῆς
3053 1276 3334 1351 γενέσεως,
3368 1273 3729 1348 διοικούμεθά

2066 1387 2125 1422 τε
2153 1367 2219 1422 τὰ
2267 1368 2361 1439 μὲν
2425 1367 2526 1421 ὑπὸ
2585 1365 2868 1442 προνοίας,
2902 1367 2968 1420 τὰ
3026 1363 3072 1421 δ’
3132 1367 3235 1420 ὑπὸ
3297 1365 3530 1441 φύσεως,
3581 1363 3649 1417 τὰ
3679 1360 3726 1417 δ’

2071 1456 2130 1511 ἐκ
2186 1457 2576 1532 προαιρέσεως,
2641 1456 2741 1512 Καὶ
2802 1455 2863 1510 ού
2921 1460 3082 1510 τοῦτο
3144 1454 3308 1530 λέγω,
3361 1454 3436 1515 ὡς
3477 1448 3728 1522 διέστηκέ

2066 1567 2118 1600 τι
2171 1553 2269 1614 τῆς
2326 1545 2581 1620 προνοίας
2633 1547 2724 1600 καὶ
2768 1549 2863 1600 τοῦ
2915 1549 3077 1615 Θεοῦ,
3120 1541 3362 1599 ἀλλ’ὅτι
3406 1543 3495 1598 καὶ
3545 1538 3728 1597 τᾶλλα

2071 1634 2270 1690 ἐκεῖθεν
2321 1636 2419 1704 τὴν
2479 1635 2660 1690 οὐσίαν
2713 1633 2956 1709 λαχόντα
3014 1633 3049 1702 ἢ
3101 1637 3343 1712 φυσικῶς
3389 1633 3513 1706 περὶ
3575 1633 3727 1704 ἡμᾶς

2070 1725 2276 1801 ἐνεργεῖ
2331 1724 2365 1794 ἢ
2411 1728 2807 1800 προαιρετικῶς
2844 1768 2856 1780 .
2914 1724 3010 1778 Δια
3064 1727 3232 1777 ταῦτα
3286 1724 3576 1798 τοιγαροῦν
3635 1721 3727 1775 καὶ

2068 1814 2270 1890 κρυμοὶ
2302 1815 2392 1869 καὶ
2444 1812 2626 1884 θάλπη
2679 1813 2994 1890 ἐκφέρουσιν
3027 1815 3177 1885 ἡμᾶς
3207 1815 3305 1881 τῆς
3347 1817 3494 1880 ζωῆς
3525 1809 3609 1866 8τὶ
3634 1808 3726 1864 καὶ

2071 1903 2280 1980 φύσεως
2359 1905 2770 1978 μετεσχήκαμεν
2805 1921 2816 1935 ·
2875 1901 2964 1956 καὶ
3049 1902 3202 1964 αὖθις
3262 1897 3458 1955 ἄτοποι
3507 1903 3725 1976 γνῶμαι

2070 1987 2408 2046 σϐεννύουσιν
2461 1994 2621 2064 ἡμῶν
2652 1992 2754 2060 τήν
2789 1992 2958 2060 ζωὴν,
2988 1991 3138 2067 παρά
3163 1991 3227 2045 τὸ
3262 1989 3425 2064 μέρος
3452 1995 3552 2059 τῆς
3585 2009 3724 2064 προ-

2066 2082 2344 2157 αιρέσεως.
2377 2084 2621 2138 Ἂπαντα
2671 2078 2784 2135 οἶδε
2818 2081 2912 2153 μὲν
2947 2079 3269 2156 ὡρισμένως
3300 2081 3328 2134 ὁ
3368 2079 3498 2142 Θεὸς
3541 2077 3723 2134 ἐκεῖνα

2068 2169 2126 2227 δὲ
2152 2171 2287 2226 κατᾶ
2316 2173 2413 2240 τὴν
2447 2172 2648 2226 ἑαυτῶν
2682 2169 2836 2248 φύσιν
2863 2171 2963 2238 τὴν
2995 2169 3267 2246 ἐνέργειαν
3295 2167 3538 2243 ἔχουσιν.

2135 2263 2323 2338 Ἔχεις
2356 2257 2475 2316 ἰδοὺ
2500 2262 2598 2330 τὴν
2632 2257 2788 2314 λύσιν
2818 2258 2904 2314 ἐπὶ
2941 2260 3180 2335 βραχέος
3213 2259 3377 2332 οὗπερ
3403 2258 3724 2332 ἠρώτησας,

2069 2350 2322 2425 Πατέρων
2355 2349 2479 2424 ἐμοὶ
2513 2344 2815 2425 λογιώτατέ
2849 2349 2938 2404 καὶ
2971 2343 3400 2422 σεϐασμιώτατε.

1058 2703 2164 2870 MICHAELIS
2281 2705 2991 2870 PSELLI

728 2983 1565 3109 OPERUM
1692 2984 2213 3108 PARS
2356 2984 3300 3110 SECUNDA

1808 3195 2228 3242 COMPLECTBNS

1352 3323 1836 3410 LEGALIA
1917 3325 2064 3410 ET
2124 3322 2687 3411 CANONICA

591 3626 1046 3774 OBLATIO
1123 3626 1861 3774 NOlIOCANONIS
1933 3630 2072 3774 All
2151 3628 2363 3776 lllP.
2438 3629 3040 3775 MICIMELEM
3115 3627 3461 3774 llUCllll

676 3861 997 3935 (Meerman
1028 3861 1369 3920 Tbesaurus
1398 3861 1577 3934 Juris,
1601 3864 1644 3930 Ι,
1678 3878 1736 3934 p.
1757 3862 1852 3933 77,
1873 3862 2098 3933 Graece;
2129 3862 2677 3934 interpretationem
2709 3867 2973 3921 nostram
3005 3860 3390 3933 addidimus.)

391 4157 742 4230 Cognosces,
777 4177 998 4233 quaeso,
1029 4160 1370 4232 imperator,
1403 4162 1579 4217 etiam
1619 4160 1954 4217 Nomocano

2094 4161 2232 4235 Ἔχε
2266 4180 2355 4232 μοι
2384 4165 2610 4236 γνῶσιν,
2645 4159 2899 4233 δέσποτα,
2931 4159 3020 4214 καὶ
3048 4163 3146 4215 τοῖ’)
3179 4157 3590 4232 Νομοκανόνος.

1751 4266 1910 4306 nem.

324 4337 433 4400 Qui
463 4337 614 4394 liber
643 4342 869 4395 constat
899 4339 1131 4412 legibus
1161 4343 1218 4395 et
1249 4340 1600 4407 canonibus,
1725 4251 1743 4320 [

325 4425 660 4482 (lenonibus
691 4428 1072 4498 synodalibus
1103 4434 1162 4483 et
1195 4429 1423 4500 legibus
1452 4428 1652 4493 variis,

326 4514 623 4588 Praecipue
654 4520 849 4572 autem
885 4517 1190 4590 praeceptis
1222 4518 1556 4573 recentibus
1587 4516 1986 4588 sapientibus-

1781 4606 1918 4677 [συθ
2023 4664 2032 4673 .

327 4692 461 4755 Quae
493 4693 729 4766 scriptis
761 4696 1093 4752 canonibus
1123 4696 1342 4768 optime
1375 4694 1840 4767 patrocinentur.

327 4781 430 4837 Est
459 4785 657 4837 autem
689 4785 952 4855 synodu
993 4784 1187 4856 prima
1217 4789 1273 4838 et
1304 4783 1525 4838 honore
1555 4790 1610 4837 et
1641 4781 1848 4838 ordine

328 4869 570 4926 Patrum
603 4871 832 4943 piorum
867 4874 965 4945 qui
999 4877 1397 4928 convenerunt
1426 4872 1703 4941 Nicaeam,

329 4960 450 5016 Sub
482 4959 639 5016 ﬁdeli
669 4960 1024 5033 imperatore
1054 4962 1434 5018 Constantino

330 5051 439 5113 Qui
470 5065 724 5122 magnus
754 5052 1124 5123 eximiusque
1157 5052 1362 5106 merito
1395 5049 1848 5122 cognominatus
1871 5055 1987 5120 est;

332 5142 705 5210 Fueruntque
737 5155 982 5196 numero
1013 5141 1255 5196 trecenti
1281 5143 1312 5195 d
1326 5139 1704 5210 uodeviginti.

334 5225 472 5280 Post
503 5227 652 5282 hanc
691 5230 953 5284 secunda
982 5230 1113 5297 fuit,
1147 5230 1416 5300 quamvis
1448 5235 1708 5300 tempore
1741 5228 1919 5301 prior,

338 5315 641 5371 Beatorum
677 5316 911 5374 Patrum
944 5321 1175 5391 Ancyra
1210 5319 1588 5375 collectorum

335 5403 443 5467 Qui
474 5404 677 5476 viginti
713 5413 967 5477 quatuor
996 5424 1253 5465 canones
1285 5410 1617 5473 ediderunt,

337 5496 479 5547 Cum
511 5495 772 5565 synodus
801 5497 1033 5553 Nicaana
1062 5499 1298 5553 nonnisi
1329 5497 1533 5569 viginti
1567 5497 1869 5554 edidisset.

337 5580 536 5637 Tertia
565 5581 767 5638 habita
797 5590 884 5639 est
914 5585 1298 5642 Neocaesareaa
1331 5587 1590 5659 synodus

340 5670 476 5733 Quae
507 5671 684 5726 etiam
715 5672 1010 5729 Nicenam
1043 5677 1360 5746 precessit,

339 5757 600 5815 Tertium
632 5763 828 5816 autem
859 5766 1018 5818 tenet
1048 5761 1265 5837 locum,
1298 5770 1363 5821 ut
1396 5765 1626 5823 duabus
1657 5766 1851 5822 minor

2096 4335 2360 4398 Σύνθετος
2392 4331 2583 4410 βίϐλος
2614 4323 2819 4414 πέφυκε
2847 4336 3032 4410 νόμων
3073 4357 3131 4392 τε
3160 4335 3250 4391 καί
3277 4335 3534 4391 κανόνων.

2095 4426 2348 4482 Κανόνων
2381 4426 2474 4499 μὲν
2509 4424 2830 4496 συνοδικῶν,
2863 4427 2954 4480 καὶ
2985 4426 3170 4500 νόμων
3201 4424 3500 4505 διαφόρων,

2094 4519 2216 4570 Τῶν
2247 4520 2444 4592 νεαρῶν
2475 4514 2532 4572 δὲ
2565 4516 2804 4590 μάλιστα
2834 4517 3126 4594 πανσόφων
3158 4517 3557 4589 θεσπισμάτων,

2100 4700 2534 4769 Συνηγορνῦνται
2565 4693 2836 4750 κάλλιστα
2863 4700 2981 4756 τοῖς
3013 4699 3267 4772 γραφεῖσι
3295 4689 3536 4749 κανόσιν.

2097 4785 2251 4840 Ἐστι
2285 4781 2342 4838 δὲ
2372 4785 2564 4858 πρώτη
2601 4781 2824 4845 σύνοδος
2844 4787 2911 4857 τῇ
2942 4787 3081 4857 τιμῇ
3113 4785 3199 4838 καὶ
3228 4783 3298 4855 τῇ
3326 4782 3491 4853 τάξει,

2096 4875 2219 4930 Τῶν
2255 4872 2620 4928 συνελθόντων
2655 4867 2886 4927 εὐσεϐῶν
2921 4873 2996 4935 εἰς
3027 4873 3254 4929 Νικαίαν
3289 4873 3570 4947 Πατέρων,

2098 4962 2219 5018 Ἐπὶ
2247 4967 2344 5017 τοῦ
2377 4963 2782 5036 αὐτοκράτορος
2815 4963 2905 5016 καὶ
2936 4967 3132 5016 πιστοῦ
3163 4959 3590 5031 Κωνσταντίνου,

2099 5054 2193 5114 ’³ος
2230 5050 2412 5128 μέγας,
2446 5052 2504 5113 ὃς
2541 5051 2806 5126 ἐξαίρετος
2835 5048 3020 5113 καλῶς
3055 5049 3441 5124 ἐπωνομάσθη.

2099 5143 2193 5195 Ὧν
2227 5140 2370 5195 ὀκτὼ
2401 5140 2490 5194 καὶ
2520 5137 2630 5197 δέκ.
2667 5141 2896 5215 ἀριθμὸς
2926 5143 3064 5216 πρὸς
3088 5145 3207 5201 τοῖς
3235 5136 3594 5212 τριακοσίοις.

2103 5229 2329 5305 Δευτὲρα
2356 5229 2558 5298 ταύτης
2590 5229 2816 5302 πέφυκε,
2848 5233 2928 5300 τῷ
2959 5229 3149 5304 χρόνῳ
3180 5225 3238 5283 δὲ
3268 5225 3528 5302 προτέρα,

2102 5322 2215 5372 Τῶν
2251 5317 2522 5372 ἐλθόντων
2554 5317 2630 5381 εἷς
2657 5320 2933 5393 ’Ἄγκυραν
2968 5319 3220 5394 Ματέρων
3258 5316 3562 5390 μακαρίων,

2103 5409 2166 5461 Οἳ
2196 5408 2455 5480 τέσσαρας
2487 5407 2622 5479 πρὸς
2656 5404 2826 5460 ετόιοσι
2855 5406 3091 5476 ἐξέθεντο
3130 5406 3380 5473 κανόνας,

2021 5521 2069 5585 D
2104 5497 2166 5550 Ol
2199 5493 2243 5550 δ’
2276 5494 2558 5585 ὲνῄΝικαίᾴ
2589 5493 2759 5550 εἷόιοσι
2793 5494 3028 5585 έξέθεντο
3054 5494 3143 5549 καὶ
3179 5494 3407 5585 μόνους.

2100 5585 2262 5660 Τρίτη
2298 5582 2522 5647 σύνοδος
2550 5586 2769 5659 γέγονεν
2799 5583 2848 5637 ἐν
2884 5583 3290 5658 Νεοκαισαρείᾳ·

2101 5674 2252 5744 Αὕτη
2288 5679 2504 5749 πρῶτον
2535 5675 2737 5752 πέφυκε
2767 5673 2856 5728 καὶ
2880 5680 2982 5743 τῆς
3013 5671 3064 5727 ἐν
3095 5673 3162 5748 τῇ
3187 5673 3403 5744 Νικαίᾳ,

2101 5762 2307 5838 Τρίτην
2334 5760 2391 5819 δὲ
2419 5762 2563 5836 τάξιν
2598 5761 2844 5842 εἴληφεν,
2874 5762 2947 5826 ὠς
2977 5766 3084 5819 τῶν
3115 5760 3262 5819 δυοῖν
3294 5760 3506 5820 ἐλάττω
