4100 6394
333 432 449 493 921

335 568 455 637 Τῆς
489 563 584 639 μὶν
610 569 710 636 τῆς
738 563 1069 642 ἁγιωτάτης,
1095 571 1197 637 τῆς
1229 563 1288 622 δὲ
1316 565 1522 644 ’χρόνου
1547 561 1824 646 πρεσϐείᾳ.

338 654 574 718 Κανόνες
608 652 670 710 ιδ’
693 655 783 710 καὶ
813 654 1016 727 ταύτης
1047 661 1146 727 τῆς
1179 654 1429 714 συνόδου.

333 837 580 909 Τετάρτῃ
613 841 714 905 τῆς
748 833 800 891 ἒν
832 831 1076 911 Σαρδικῇ
1115 837 1250 910 μετά
1273 836 1400 899 τοὺς
1430 835 1483 892 ἐν
1512 835 1712 908 Νικαίᾳ

335 926 566 989 Κανόνες
594 927 672 986 εἷς
703 924 838 1000 πρὸς
871 922 1044 980 εἵκοσι
1068 927 1156 980 καὶ
1188 925 1390 996 ταύτης
1416 933 1518 996 τῆς
1546 923 1795 982 συνόδου·

334 1018 398 1074 Ἥ
457 1015 684 1089 πέμπτη
741 1020 850 1071 τῶν
905 1015 957 1070 ἐν
1031 1017 1300 1094 Γάγγραις
1365 1016 1424 1073 δὲ
1489 1017 1742 1093 Πατέρων
1802 1016 1990 1073 συνελ-

1665 1108 1915 1182 [θόντων,

325 1199 418 1250 Ὧν
452 1195 504 1248 οἷ
536 1191 756 1256 κανόνες
785 1194 958 1250 εἳκοσι
989 1196 1328 1272 τυγχάνουσι
1358 1197 1447 1252 καὶ
1485 1196 1664 1270 μόνοι.

325 1283 490 1353 Ἐκτη
522 1285 632 1338 τῶν
663 1282 740 1345 είς
775 1282 1079 1339 Θεούπολιν
1114 1288 1273 1359 κοινῇ
1308 1282 1751 1360 δεδραμηκότων,

325 1369 482 1429 Οὕτω
510 1373 614 1447 γὰρ
651 1371 982 1445 ὀνομάζουσι
1014 1375 1115 1443 τὴν
1147 1374 1436 1451 Ἀντιόχου
1466 1375 1653 1446 πόλιν,

320 1467 415 1517 Ὧν
443 1462 600 1517 πέντε
629 1463 767 1538 πρὸς
794 1468 910 1526 τοῖς
943 1463 1118 1519 εἴκοσι
1145 1466 1481 1542 τυγχάνουσι
1513 1465 1751 1529 κανόνες.

315 1545 562 1624 Ἑϐδόμη
595 1553 806 1607 τούτων
835 1552 1040 1630 πέφυκε
1067 1557 1179 1608 τῶν
1209 1553 1260 1608 ἐν
1295 1553 1604 1628 Λαοδικείᾳ.

323 1641 436 1716 Ὑφ’
469 1642 544 1695 ὧν
574 1640 988 1720 ἐξεφωνήθησαν
1023 1640 1346 1718 δογματικοὶ
1379 1640 1599 1706 κανόνες

319 1731 508 1786 Ἐννέα
537 1732 674 1805 πρὸς
706 1733 1044 1802 πεντήκοντα
1072 1734 1306 1796 πίστεως
1339 1733 1463 1790 ὃλοι
1489 1734 1744 1810 πλήρεις.

319 1821 439 1876 Τῶν
475 1816 522 1873 δ’
555 1817 633 1881 είς
667 1820 1071 1875 Κωνσταντίνου
1093 1819 1257 1876 πόλιν
1303 1824 1555 1896 ΙΙατὲρων
1588 1822 1980 1898 συνελθόντων,

319 1905 525 1982 Ὀγδόη
556 1910 765 1964 τούτων
798 1907 1024 1972 σύνοδος
1061 1911 1136 1965 ὧν
1165 1911 1300 1967 ἑπτα
1329 1913 1380 1967 οἱ
1409 1913 1646 1978 κανόνες.

314 1998 378 2054 Ἣ
412 1993 468 2052 δέ
505 1998 554 2072 γ’
587 1997 776 2069 ἐννάτη
812 1997 1037 2063 σύνοδος
1067 2001 1284 2076 γέγονεν
1313 2001 1364 2057 ἐν
1398 2003 1606 2081 Ἐφέσῳ

317 2085 434 2162 Ὑφ’
466 2088 532 2155 ἧς
562 2084 975 2165 ἐξεφωνήθησαν
1005 2087 1157 2144 ἐννέα
1185 2090 1405 2153 κανόνες
1439 2093 1618 2164 μόνοι.
1692 2105 1696 2110 ’

324 2174 530 2247 Δεκάτη
564 2173 622 2231 δὲ
651 2181 730 2250 τῷ
756 2177 975 2254 ἀριθμῷ
1005 2183 1112 2234 τῶν
1146 2179 1199 2234 ἐν
1228 2184 1297 2255 τῇ
1325 2178 1636 2254 Χαλκηδόνι

317 2372 434 2447 Πάρ
465 2372 539 2426 ὦν
571 2372 706 2428 ἒπτὰ
734 2373 872 2449 πρὸς
903 2373 1107 2430 εἴκοσιν
1139 2375 1395 2448 ἐτέθησαν
1427 2379 1660 2444 κανόνες.

314 2462 376 2519 Ὁ
411 2459 580 2537 μέγας
610 2459 668 2517 δὲ
700 2463 728 2517 6
759 2461 1041 2526 Βασίλειος
1076 2467 1110 2535 ἡ
1148 2465 1301 2542 βάσις
1331 2471 1437 2522 τῶν
1470 2465 1785 2544 δογμάτων,

317 2550 494 2606 Ὀκτὼ
525 2552 662 2628 πρὸς
691 2557 810 2614 τοῖς
844 2553 1105 2624 ἐξήκοντα
1133 2554 1382 2612 ἐθέσπισε
1410 2557 1655 2621 κανόνας.

325 2642 417 2708 Εἷς
447 2640 504 2698 δὲ
536 2643 940 2699 Κωνσταντίνου
970 2641 1132 2700 πόλιν
1165 2646 1254 2702 καὶ
1289 2645 1370 2710 δὲς
1399 2648 1488 2705 καὶ
1513 2649 1631 2726 τρὶς
1654 2650 1920 2727 ἠθροίσθη

322 2732 502 2808 Λογᾶς
525 2733 782 2811 Πατὲρων
815 2729 1048 2789 εὐσεϐῶν
1083 2733 1156 2790 ὦν
1191 2737 1242 2791 o't
1271 2737 1491 2802 κανόνες
1524 2737 1708 2808 δῆλοι.

327 2818 531 2878 Ἄλλοι
559 2843 618 2878 τε
649 2823 902 2879 πλεῖστοι
931 2824 1038 2879 τῶν
1071 2831 1275 2882 πιστῶν
1312 2825 1520 2905 ἀνδρῶν
1549 2824 1858 2905 σεϐασμίων

323 2910 563 2971 Κανόνας
594 2908 910 2984 ἐκτεθήκασι
941 2915 1295 2992 κρατύναντες
1324 2920 1423 2989 τὴν
1455 2918 1656 2978 πίστιν.

325 2999 534 3072 Ὠνπερ
567 2999 594 3053 6
624 3000 899 3066 Διονύσιος
931 3003 960 3059 6
989 3007 1090 3070 τῆς
1123 3005 1551 3085 Ἀλεξανδρείας,

329 3086 632 3163 Γρηγόριος
656 3087 943 3156 ἐπίσκοπος
977 3094 1004 3149 6
1036 3097 1479 3173 Νεοκαισαρείας,

325 3174 614 3248 Τιμόθειος
647 3177 674 3233 6
706 3176 955 3256 εὐσεϐὴς,
989 3183 1077 3238 καὶ
1110 3185 1388 3258 Κύριλλος
1419 3189 1446 3243 ὁ
1477 3190 1639 3261 πάνυ,

322 3261 609 3330 Γεννάδιος
639 3267 667 3324 6
699 3272 1007 3345 θαυμαστὸς
1037 3273 1291 3339 θεσπίσας
1319 3275 1649 3353 ἐγκυκλίως.

322 3355 438 3432 Πρὸ
466 3355 673 3414 τούτων
706 3355 797 3416 διὰ
825 3361 1147 3438 Κλήμεντος
1177 3364 1550 3448 ἐνεγράφησαν
1581 3371 1816 3444 κανόνες,

317 3553 440 3642 Τῶν
473 3548 783 3630 σεϐασμίων
815 3558 905 3615 καὶ
937 3567 1144 3618 σεπτῶν
1176 3565 1266 3620 καὶ
1289 3565 1448 3630 θείων
1478 3566 1826 3642 ἀποστόλων,

321 3639 486 3699 Πέντε
514 3644 651 3720 πρὸς
685 3644 1032 3723 ὀγδοήκοντα
1060 3647 1349 3728 σεϐάσμιοι
1374 3657 1618 3721 κανόνες.

323 3729 400 3822 Οὐ
427 3731 622 3822 πάντες
654 3732 713 3791 δὲ
743 3738 1054 3810 θεσπίζουσι
1087 3744 1210 3818 περὶ
1245 3744 1569 3822 Θεολογίας,

323 3820 483 3915 Ἀλλ’
509 3824 561 3879 οἱ
596 3826 691 3899 μὲν
721 3827 790 3883 τὰ
816 3836 918 3900 τῆς
950 3831 1183 3896 πίστεως
1213 3820 1567 3911 κρατύνουσιν
1601 3837 1870 3915 εὐλόγως,

321 3911 389 4000 O't
420 3908 478 3967 δὲ
506 3919 622 3976 τοῖς
652 3916 1056 3994 ἁμαρτάνουσιν
1094 3908 1263 3999 μέτρα
1290 3931 1393 3996 τῆς
1430 3928 1735 4000 μετανοίας,

323 3998 540 4090 Εὐθέως
565 4006 907 4090 κανονίζουσι
937 4009 1065 4074 τοὺς
1097 3998 1643 4090 χειροτονουμένους.

320 4089 527 4153 Πάντες
555 4089 615 4181 δὲ
647 4091 992 4154 λυσιτέλειαν
1024 4098 1304 4177 εἷ’σάγουσι
1336 4089 1556 4181 τῷνβίῳ

318 4181 378 4235 Ὁ
407 4179 660 4246 κανοίσας
685 4181 734 4238 δ’
763 4187 998 4251 ἅπαντας
1028 4188 1294 4267 ἐντέχνως
1325 4179 1461 4259 τοὺς
1481 4195 1726 4268 κανόνας,

318 4268 520 4331 ⁸Ὀσους
547 4267 756 4348 ἐφεῦρε,
791 4272 1044 4346 δέσποτα,
1078 4280 1305 4343 κανόνας
1337 4287 1443 4337 τῶν
1468 4286 1742 4360 Πατέρων,
1799 4339 1803 4342 .

320 4356 466 4451 ligo:
489 4359 603 4451 τὴν
633 4361 799 4451 αὐτὴν
835 4366 1086 4423 ὑπόθεσιν
1121 4368 1384 4445 εὐκαίρως
1414 4356 1851 4451 γεγραμμένους,

320 4445 532 4510 Πάντας
565 4449 642 4512 εἶς
672 4448 726 4507 ἓν
762 4456 1063 4531 συνήγαγεν
1099 4457 1280 4532 ὥσπερ
1315 4459 1418 4515 ὑπὸ
1445 4461 1558 4517 τίτ)
1578 4485 1692 4525 ους.

320 4532 473 4592 Ἀλλ’
551 4535 1082 4618 κληρονομουμένον
1163 4543 1418 4620 Stena-ca;
1505 4550 1711 4607 πολλοὶ
1788 4551 1875 4610 διά
1925 4577 1979 4612 τι

1620 4650 1904 4721 [πταῖσμα,

319 4717 572 4778 Ἀδεκτοι
602 4727 998 4797 καθεστήκασιν
1030 4727 1106 4794 εἰς
1138 4729 1196 4785 ὃν
1231 4728 1451 4807 ἄγονται
1483 4732 1717 4809 κλῆρον,

324 4808 541 4867 Πολλοὶ
573 4817 703 4890 γοῦν
734 4813 1042 4873 ἐκανόνισαν
1073 4821 1140 4874 τὰ
1168 4820 1293 4896 περὶ
1322 4826 1430 4877 τῶν
1459 4808 1719 4896 ἀδὲκτων,

321 4900 456 4957 Ἦτε
478 4903 650 4979 Αογᾶς
675 4907 784 4960 τῶν
812 4900 1086 4963 σεϐαστῶν
1117 4908 1207 4966 καί
1240 4910 1396 4976 θείων
1426 4913 1802 4988 Ἀποστόλων,

320 5077 384 5135 Ὀ
418 5078 591 5154 μέγας
619 5101 678 5136 τε
717 5081 1008 5147 Βασίλειος
1039 5083 1243 5162 ἔγραψε
1274 5089 1398 5166 περὶ
1428 5091 1655 5148 τούτων.

317 5167 399 5223 ’Ἰν
429 5168 522 5224 οὗν
559 5171 636 5244 μὴ
671 5169 1099 5249 δυσχεραίνηται
1129 5177 1359 5252 ἐρευνῶν
1391 5181 1518 5245 τοὺς
1547 5181 1798 5256 κανόνας,

316 5346 379 5404 Ὁ
407 5348 765 5426 συναθροίσας
798 5353 1034 5416 ἅπαντας
1067 5354 1143 5418 εἰς
1171 5354 1227 5412 ἓν
1258 5359 1508 5430 πυκτίον,
1540 5362 1690 5436 ἄναξ,

317 5434 534 5514 Τέχνην
569 5438 1002 5516 ἐδημιούργησεν
1035 5443 1085 5500 ἐν
1117 5446 1297 5521 τούτῳ
1329 5451 1654 5523 θαυμασίαν,

317 5527 466 5603 Πρὸς
492 5529 590 5599 τήν
627 5530 990 5605 ὑποκειμένην
1016 5533 1116 5612 γὰρ
1147 5537 1237 5592 καὶ
1271 5541 1610 5614 ζητουμένην
1644 5540 1799 5620 φύσιν

321 5706 558 5772 Κανόνας
583 5708 711 5772 τοὺς
735 5712 1110 5787 προσήκοντας
1139 5717 1490 5794 συνήθροισεν
1519 5717 1802 5796 ἐντέχνως.

318 5797 469 5853 Ἐστι
501 5799 591 5855 καὶ
621 5800 791 5876 τάξις,
825 5797 1074 5879 δέσποτα,
1107 5805 1197 5862 καὶ
1229 5807 1437 5884 βαθμὸς
1465 5812 1573 5867 τῶν
1604 5811 1864 5871 κανόνων.

1422 433 1527 493 DE
1570 431 2114 496 NOMOCANONE
2155 434 2259 497 ET
2309 434 2667 499 SYNODIS.

3637 439 3757 502 922

2026 572 2081 640 Α
2113 572 2242 636 Qum
2274 573 2487 646 partim
2521 573 2855 643 sanctitate,
2904 573 3118 648 partim
3145 575 3435 630 vetustate
3482 572 3761 632 eminent.

2103 661 2292 732 Hujus
2338 680 2574 736 quoque
2622 665 2831 737 synodi
2880 663 3326 737 quatuordecim
3383 668 3614 720 exstant
3664 681 3758 721 ca-

3454 755 3474 826 ι’
3479 771 3682 812 nones.

2102 844 2320 908 Quarta
2351 844 2605 901 Serdicae
2638 844 2932 901 celebrata
2962 849 3052 901 est
3083 847 3215 916 post
3235 843 3531 900 Nicmnam

2101 933 2170 988 Et
2200 949 2457 990 canones
2489 936 2685 990 sanxit
2712 934 2916 1008 viginti
2947 951 3157 990 unum.

2101 1025 2318 1091 Quinta
2346 1030 2702 1097 congregata
2733 1025 2843 1080 fuit
2874 1024 3146 1096 Gangris,
3179 1022 3280 1078 ubi

2099 1202 2321 1276 Viginti
2353 1203 2725 1260 solummodo
2759 1220 3015 1260 canones
3056 1199 3502 1274 promulgavere
3533 1200 3754 1257 Patres.

2098 1293 2181 1347 Ad
2215 1297 2440 1349 sextam
2472 1309 2792 1349 convenere
2820 1292 3183 1365 Theopolim,

2097 1382 2192 1438 Sic
2223 1382 2380 1438 enim
2408 1383 2707 1456 appellant
2737 1383 3004 1439 Antiochi
3037 1384 3243 1438 urbem
3269 1397 3285 1436 :

2096 1471 2334 1528 Exstant
2354 1476 2550 1528 autem
2568 1472 2744 1543 huius
2766 1473 2972 1545 synodi
2988 1471 3194 1542 viginti
3213 1470 3477 1544 quinque
3497 1485 3750 1526 canones

2095 1562 2361 1634 Septima
2389 1561 2681 1618 celebrata
2711 1567 2799 1618 est
2829 1564 3089 1635 synodus
3124 1561 3436 1626 Laodiceae,

2092 1651 2499 1724 Publicatique
2529 1656 2670 1708 sunt
2701 1669 2957 1708 canones
2989 1650 3309 1722 dogmatici

2092 1741 2534 1814 Quinquaginta
2565 1757 2770 1798 novem
2803 1743 2916 1798 ﬁde
2947 1741 3188 1797 omnino
3219 1738 3588 1796 excellentes.

2091 1831 2299 1888 Habita
2328 1837 2417 1888 est
2445 1832 2945 1904 Constantinopoli
2979 1849 3011 1886 a
3041 1830 3313 1885 Patribus
3343 1828 3712 1901 congregatis

2009 1955 2057 2021 Β
2091 1921 2305 1977 Octava
2335 1923 2597 1995 synodus
2628 1923 2800 1994 cujus
2830 1925 3058 1993 septem
3092 1935 3350 1976 canones
3381 1921 3632 1975 exstant.

2087 2014 2251 2070 Nona
2281 2019 2475 2070 autem
2510 2013 2770 2088 synodus
2800 2013 3012 2086 Ephesi
3046 2018 3136 2069 est
3165 2011 3368 2067 habita

2085 2106 2122 2159 Α
2156 2121 2272 2176 qua
2305 2104 2539 2160 nonnisi
2572 2118 2775 2159 novem
2810 2103 3164 2175 promulgati
3197 2105 3339 2157 sunt
3369 2114 3645 2155 canones.

2083 2193 2344 2258 Decima,
2377 2193 2700 2249 secundum
2735 2207 3070 2259 numerum,
3102 2189 3333 2262 collegit
3374 2188 3742 2246 Chalcedone

3447 2279 3670 2350 [Patres

2087 2388 2195 2456 Qui
2224 2388 2430 2462 viginti
2463 2393 2688 2462 septem
2721 2404 2972 2444 canones
3004 2390 3346 2443 sanxerunt.

2158 2478 2411 2535 Basilius
2439 2479 2711 2551 Magnus,
2744 2479 3086 2550 dogmatum
3121 2476 3595 2547 fundamentum,

2084 2568 2394 2641 Sexaginta
2421 2573 2549 2624 octo
2579 2568 2763 2624 edidit
2791 2583 3064 2623 canones.

2087 2657 2591 2731 Constantinopoli
2622 2662 2816 2714 autem
2847 2657 2938 2712 bis
2969 2661 3174 2728 terque
3205 2655 3476 2711 convenit

2088 2749 2296 2806 Manus
2319 2747 2502 2804 electa
2525 2747 2754 2821 piorum
2774 2748 3014 2804 Patrum
3037 2762 3287 2818 quorum
3319 2761 3575 2802 canones
3597 2744 3742 2802 noti.

2089 2836 2322 2910 Aliique
2353 2837 2592 2910 plurimi
2627 2838 3087 2894 venerandorum
3118 2836 3376 2892 virorum
3411 2834 3673 2891 fidelium

2089 2927 2356 2984 Canones
2386 2927 2824 2984 constituerunt
2855 2926 2986 2983 ﬁdei
3023 2926 3324 2982 firmandae
3355 2923 3562 3000 gratia.

2089 3018 2245 3075 Inter
2275 3033 2418 3090 quos
2450 3017 2767 3090 Dionysius
2796 3015 3181 3083 Alexandriae,

2090 3106 2407 3180 Gregorius
2437 3107 2817 3162 Neocaesareaa
2847 3105 3182 3178 episcopus,

2087 3198 2438 3256 Timotheus
2462 3199 2597 3271 pius
2627 3203 2684 3254 et
2713 3196 2966 3269 Cyrillus
2999 3195 3358 3269 praecellens,

2010 3322 2055 3391 α
2092 3288 2346 3361 Insignis
2377 3287 2718 3346 Gennadius
2749 3287 2849 3360 qui
2881 3286 3206 3360 encyclicas
3234 3285 3650 3360 promulgavit.

2089 3380 2238 3436 Ante
2267 3378 2376 3436 hos
2406 3383 2601 3436 autem
2634 3395 2736 3451 per
2763 3377 3124 3436 Clementem
3146 3377 3458 3450 compositi
3490 3383 3630 3433 sunt
3660 3392 3749 3434 ca-

3467 3467 3676 3540 [nones

2086 3574 3305 3645 Venerandorum,sanctorum,divinorum
3325 3574 3747 3648 apostolorum,

2089 3666 2399 3739 Octoginta
2429 3666 2692 3738 quinque
2720 3682 2974 3722 canones
3004 3665 3174 3723 sacri.
3571 3662 3582 3668 ”

2087 3760 2215 3812 Non
2247 3760 2445 3811 tamen
2476 3771 2682 3811 omnes
2712 3757 2784 3811 de
2813 3756 3108 3828 theologia
3137 3759 3459 3827 exponunt,

2085 3847 2198 3903 Sed
2231 3845 2446 3918 partim
2476 3850 2612 3916 apto
2644 3861 2912 3901 sermone
2942 3845 3117 3900 ﬁdem
3152 3845 3556 3913 corroborant,

2089 3937 2308 3992 Partim
2331 3935 2732 4007 peccatoribus
2759 3935 3115 4007 poenitentia
3142 3935 3426 3992 terminos
3459 3935 3745 4002 iudicant,

2087 4024 2310 4081 Partim
2343 4024 2402 4078 in
2434 4022 2655 4079 clerum
2689 4031 2952 4096 receptos
2980 4023 3323 4080 instruunt:

2089 4115 2306 4171 Omnes
2336 4115 2533 4169 tamen
2566 4112 2884 4169 utilitatem
2916 4114 3168 4169 afferunt
3201 4114 3350 4169 vita.

2088 4203 2197 4269 Qui
2228 4207 2424 4258 autem
2456 4218 2661 4258 omnes
2694 4218 2948 4257 canones
2981 4202 3281 4274 ingeniose
3313 4202 3567 4274 collegit,

2088 4295 2385 4363 Quotquot
2414 4291 2694 4346 nimirum
2728 4291 2946 4362 reperit
2975 4291 3216 4347 Patrum
3249 4307 3504 4348 canones

2087 4381 2168 4437 De
2197 4381 2400 4437 eodem
2433 4385 2782 4453 argumento
2813 4383 3140 4452 opportune
3174 4381 3568 4454 conscriptos,

2087 4469 2306 4527 Omnes
2339 4470 2396 4525 in
2431 4486 2614 4525 unum
2645 4468 2872 4542 redegit
2901 4469 3210 4542 titulisque
3240 4469 3528 4527 distinxit.

2085 4561 2215 4617 lam
2246 4576 2380 4616 vero
2411 4559 2759 4616 clericorum
2792 4559 2949 4616 haud
2973 4559 3253 4632 pauci,ob
3275 4559 3511 4632 lapsum
3536 4576 3747 4632 quem-

3493 4650 3676 4721 [dam,

2016 4701 2062 4766 D
2095 4738 2562 4796 Inadmissibiles
2583 4739 2730 4794 fiunt
2747 4739 2802 4793 in
2823 4755 2996 4810 quem
3018 4739 3271 4811 cooptati
3285 4739 3446 4794 fuere
3458 4701 3748 4795 ordinem.

2093 4831 2281 4896 Quare
2301 4828 2470 4886 multi
2494 4844 2748 4885 canones
2773 4828 3083 4884 ediderunt
3113 4829 3186 4883 de
3207 4844 3324 4884 non
3347 4827 3751 4901 admittendis,

2091 4918 2163 4974 Et
2194 4935 2404 4975 manus
2432 4918 2616 4976 electa
2645 4918 3111 4974 venerandorum
3138 4934 3206 4974 ac
3236 4921 3578 4974 sanctorum
3613 4933 3754 4990 apo-

2468 5080 2471 5082 _
3337 5005 3671 5081 [stolorum,

2091 5097 2160 5154 Et
2189 5096 2442 5155 Basilius
2475 5098 2726 5171 Magnus
2759 5099 2831 5154 de
2857 5097 2954 5154 his
2984 5098 3270 5155 tractavit.

2091 5187 2175 5247 Ne
2203 5188 2339 5261 quis
2369 5187 2552 5261 igitur
2581 5188 2638 5244 in
2669 5186 3005 5246 evolvendis
3058 5188 3384 5246 canonibus
3415 5186 3745 5246 molestiam

3414 5277 3672 5352 [sentiat,

2089 5366 2191 5424 Ille
2223 5368 2324 5441 qui
2356 5372 2600 5425 cunctos
2631 5367 2687 5424 in
2721 5383 2904 5426 unum
2935 5367 3235 5442 congessit
3265 5368 3560 5438 volumen,

2085 5458 2459 5515 Admiranda:
2491 5459 2600 5515 hac
2630 5458 2691 5515 in
2723 5476 2782 5516 re
2813 5459 2957 5516 artis
2991 5460 3176 5516 edidit
3205 5458 3523 5533 specimen.

2087 5548 2423 5606 Secundum
2457 5550 2614 5606 enim
2671 5548 2753 5606 rei
2800 5549 3060 5622 quaesitae
3110 5553 3526 5623 argumentum
3569 5552 3740 5606 natu-

3400 5639 3670 5711 [ramque

2085 5729 2350 5788 Oenones
2380 5729 2480 5804 qui
2507 5727 2623 5786 huc
2653 5727 2950 5802 pertinent
2979 5729 3172 5802 coegit
3199 5728 3680 5803 prudentissime.
3767 5801 3778 5810 _

2084 5819 2188 5878 Est
2217 5819 2392 5877 etiam
2424 5819 2589 5891 ordo,
2617 5817 2874 5889 domine,
2907 5823 2966 5877 et
2993 5818 3329 5894 progressio
3369 5829 3661 5874 canonum
