4100 6396
305 453 424 516 923
1649 449 1698 508 Μ
1713 447 1924 508 lCHAl

2119 446 2389 508 PSELLI
3611 446 3731 505 924

305 585 707 644 Diversimode
761 589 966 640 contra
1017 583 1277 639 diversas
1325 581 1630 654 passiones
1678 596 1919 652 compos

1787 579 1970 652 lposi-
2001 583 2055 647 Α
2083 579 2215 642 Τοῖς
2245 575 2527 656 διαφόροις
2555 580 2747 642 πάθεσι
2777 578 3079 654 τεχθέντων
3113 575 3406 651 διαφόρων.

305 680 456 732 Sunt
486 675 642 731 enim
677 674 778 746 qui
809 674 1008 729 divina
1039 672 1298 728 Ecclesia
1328 672 1590 742 ejiciant,
1714 671 1924 741 [torum

1875 687 1959 725 tn.
2079 669 2145 725 Οἱ
2183 669 2276 739 μὶν
2309 669 2408 743 γὰρ
2441 667 2806 724 ἀπελαύνουσι
2836 672 2936 734 τῆς
2970 668 3113 732 θείας
3134 667 3487 740 Ἐκκλησίας,

305 766 416 822 Alii
469 771 666 822 autem
717 763 962 819 clericos
1011 761 1386 818 solummodo
1433 775 1673 816 munere
1719 759 1919 831 privan

1895 763 1969 813 ut.
2084 757 2151 813 Οἱ
2183 755 2241 812 δὶ
2271 758 2470 830 μόνους
2499 759 2816 833 καθαίρουσι
2849 758 2975 820 τοὺς
3001 758 3514 833 χειροτονηθέντας.

307 854 588 911 Nonnulli
645 853 773 925 pios
833 852 1458 908 excommunicationis
1508 867 1681 921 paena
1729 855 1918 904 terren

1867 853 1968 914 ant,
2083 847 2149 902 Οἱ
2187 847 2281 920 μὶν
2313 847 2652 921 προστίμους
2682 845 2917 922 ἄγχουσι
2947 854 3046 916 τῆς
3072 845 3486 916 ἀκοινωνησίας.

309 947 420 1003 Alii
451 947 523 1002 de
555 944 869 1018 suppliciis
894 944 1191 1015 judiciose
1222 948 1503 999 tractant.

2082 940 2151 996 Οἱ
2184 934 2240 992 δέ
2273 936 2373 992 εἶσι
2408 937 2681 1014 σώφρονες
2705 937 2755 992 ἐν
2797 943 2914 999 τοῖς
2944 936 3264 1010 ἐπιτιμίοις.

309 1041 393 1090 En
423 1035 608 1091 habes
641 1033 937 1090 concisam
957 1049 1260 1088 sacrorum
1291 1049 1584 1088 canonum
1617 1031 1928 1086 doctrinam

1774 1031 1968 1086 -inam.
2083 1026 2292 1101 Δίδαξτς
2327 1027 2463 1098 αὕτη
2493 1027 2768 1100 σύντομος
2799 1032 2907 1082 τῶν
2937 1027 3098 1103 ἱερῶν
3130 1025 3393 1082 κανόνων.

1066 1375 2168 1544 MICHAELIS
2282 1375 2988 1543 PSELLI

1273 1670 2090 1796 SYNOPSIS
2211 1670 2785 1796 LEGUM

527 1894 722 1954 Graece
751 1895 929 1970 edita,
961 1895 1174 1970 Latina
1222 1895 1704 1970 interpretatione
1734 1900 1791 1970 et
1821 1897 1974 1954 notis
2027 1897 2342 1970 illustrata,
2372 1913 2549 1970 opera
2577 1900 2634 1953 et
2691 1896 2894 1970 studio
2921 1893 3214 1970 Francisci
3245 1890 3523 1966 Bosqueti

960 1967 1827 2040 Narbonensis]urisconsulti,
1858 1987 1926 2026 ex
1959 1967 2764 2042 bibliothecaarchiepiscopi
2798 1968 3096 2036 Tolosani,

773 2113 1012 2186 Adjectae
1042 2123 1170 2171 sunt
1198 2115 1300 2171 hac
1344 2117 1544 2171 iterata
1571 2115 1816 2174 editione
1848 2117 2265 2174 Observationes
2312 2117 2561 2173 Cornelii
2590 2117 2840 2174 Siebenii
2859 2115 3270 2189 jurisconsutti.

1451 2260 1790 2334 (MEERMAN,
1831 2261 2148 2321 Thesaurus
2169 2262 2342 2334 juris,
2375 2278 2433 2334 p.
2482 2262 2596 2333 36.)

1716 2558 2151 2647 PRIEFA'I
2182 2559 2345 2650 ΙΟ,

390 2755 666 2812 Succedit
695 2755 998 2811 Michaelis
1050 2756 1227 2812 Pselli
1289 2756 1552 2829 Synopsis
1584 2759 1807 2827 Legum,
1866 2759 2138 2815 versibus
2167 2759 2382 2814 iambis
2439 2763 2495 2814 et
2541 2757 2798 2830 politicis
2855 2755 3215 2828 conscripta,
3249 2770 3424 2825 quam
3460 2753 3758 2821 integram

323 2844 554 2916 primus
612 2846 670 2900 in
723 2844 913 2899 lucem
973 2845 1159 2900 edidit
1220 2846 1445 2902 Franc.
1509 2847 1856 2918 Bosquetus,
1916 2848 2320 2904 Narbonensis
2375 2850 2586 2914 JCtus,
2653 2847 2886 2902 Parisiis
2917 2846 3073 2915 apud
3129 2845 3420 2900 Joannem
3478 2844 3762 2897 Camusat

324 2933 695 3000 MDCXXXII,
731 2933 788 2987 in
821 2936 902 2988 8°.
941 2935 1068 2989 Haec
1101 2951 1233 2989 vero
1266 2936 1452 2991 Editio
1503 2953 1637 2992 cum
1671 2953 1955 3009 perquam
2003 2955 2137 2994 rara
2165 2939 2436 3004 evaserit,
2487 2954 2646 2992 nova:
2676 2945 2727 2990 et
2759 2935 3142 2992 accuratioris
3193 2932 3530 2989 emittendae
3559 2930 3759 2986 consi-

327 3021 472 3077 lium
505 3029 739 3094 ceperat
768 3021 872 3076 Vir
901 3023 1140 3079 Clariss.
1174 3024 1480 3080 Cornelius
1513 3027 1864 3094 Siebenius;
1897 3033 1953 3082 at
1984 3043 2109 3100 quas
2142 3044 2299 3099 spes,
2330 3027 2465 3081 Viro
2499 3025 2850 3082 Doctissimo
2895 3025 3040 3080 vivis
3070 3028 3291 3095 erepto,
3345 3019 3584 3077 omnino
3617 3035 3757 3075 eva-

330 3111 480 3166 nuit.
513 3111 622 3165 Sed
657 3111 804 3166 bene
836 3112 1074 3182 factum,
1110 3114 1263 3182 quod
1300 3115 1489 3170 varias
1521 3116 2080 3172 Animadversiones
2110 3117 2169 3171 in
2204 3118 2436 3172 Poetam
2471 3121 2737 3170 nostrum
2771 3113 3089 3186 separatim
3123 3117 3296 3167 antea
3317 3109 3758 3180 ediderit,quas

335 3215 403 3255 ex
435 3200 795 3255 Misceltaneis
829 3200 1316 3258 Observationibus
1350 3205 1410 3258 in
1440 3206 1700 3260 Auctor-es
1734 3206 1942 3261 Veteres
1972 3215 2023 3262 et
2051 3209 2381 3261 recentiores
2418 3207 2523 3260 Vol.
2564 3204 2642 3273 Vl,
2672 3220 2798 3275 pag.
2835 3203 2954 3258 199.
3001 3217 3145 3273 seqq.
3178 3202 3562 3273 depromptas
3592 3197 3754 3254 Notis

330 3287 609 3360 Bosqueti
637 3289 886 3360 subjeci,
919 3290 1076 3362 quod
1109 3292 1179 3346 ad
1208 3292 1570 3348 intellectum
1605 3294 1774 3350 Pselli
1807 3313 1902 3350 eas
1933 3296 2172 3350 omnino
2205 3295 2569 3350 necessarias
2596 3292 3006 3363 judicaverim.
3040 3295 3241 3362 Neque
3279 3289 3433 3345 enim
3471 3286 3747 3358 Bosqueti

334 3377 526 3434 versio
558 3379 740 3433 menti
779 3378 1051 3434 Auctoris
1085 3381 1302 3452 ubique
1333 3384 1774 3439 accommodata
1804 3385 1934 3449 fuit,
1969 3392 2033 3439 ut
2063 3384 2122 3439 in
2167 3401 2285 3456 qua
2315 3400 2544 3439 crassos
2574 3382 2872 3437 interdum
2905 3397 3131 3436 errores
3162 3378 3482 3448 commisit,
3515 3381 3575 3433 et
3603 3375 3758 3446 quod

327 3469 498 3538 pejus
529 3472 639 3533 est,
674 3467 932 3539 integros
964 3467 1141 3523 etiam
1173 3486 1376 3525 versus
1411 3471 1781 3541 interpretari
1811 3473 2098 3545 neglexit;
2128 3473 2400 3544 quocirca
2432 3478 2626 3528 tamen
2658 3471 2758 3525 Vir
2787 3474 2993 3526 caetera
3027 3469 3306 3523 Eruditus
3335 3467 3567 3523 veniam
3600 3464 3762 3537 apud

331 3571 533 3625 (equos
567 3572 760 3611 rerum
815 3557 1072 3612 arbitros
1104 3565 1382 3628 meretur,
1440 3564 1640 3630 utpote
1673 3562 1773 3631 qui
1810 3562 1956 3616 hanc
2007 3562 2546 3634 interpretationem
2600 3561 2804 3632 paucis
2859 3559 3070 3614 diebus
3100 3557 3371 3620 absolvit,
3417 3557 3626 3628 vixque
3658 3571 3765 3610 no-

335 3642 660 3698 vemdecim
695 3647 822 3697 tum
856 3645 1140 3716 temporis
1174 3663 1362 3700 annos
1396 3646 1760 3718 impleverat.
1792 3649 1920 3704 Vid.
1954 3650 2200 3707 Niceron
2239 3653 2382 3706 Tom.
2418 3650 2507 3705 XII
2557 3649 2621 3705 de
2647 3665 2728 3704 ses
2760 3649 3073 3713 Memoires,
3101 3663 3232 3718 pag.
3268 3646 3389 3700 168.
3433 3644 3601 3700 Hunc
3629 3658 3766 3698 vero

331 3732 628 3788 delectum
663 3731 934 3804 pluribus
969 3734 1026 3788 in
1061 3733 1203 3789 locis
1237 3737 1552 3808 supplevit,
1605 3744 1662 3792 et
1693 3741 2042 3805 versionem,
2078 3741 2175 3795 ubi
2233 3741 2542 3795 manifeste
2585 3738 2732 3794 l'alsa
2766 3738 2852 3793 vel
2887 3736 3097 3793 mutila
3154 3742 3300 3804 erat,
3333 3733 3670 3791 emendavit
3699 3748 3767 3788 ae

333 3822 594 3878 restituit
624 3823 726 3878 Vir
757 3823 1130 3880 Reverendus
1161 3831 1336 3897 atque
1385 3827 1845 3884 Eruditissimus
1894 3830 2209 3886 Archibald
2242 3829 2551 3895 Maclaine,
2583 3831 2642 3884 in
2693 3829 2950 3884 Ecclesia
2981 3826 3250 3900 Anglice,
3295 3842 3423 3897 quas
3453 3823 3626 3896 Hage
3655 3822 3764 3878 Co-

331 3911 544 3968 mitum
597 3918 710 3980 est,
742 3913 902 3969 verbi
954 3913 1130 3968 divini
1167 3915 1432 3971 Minister
1487 3916 1936 3986 solertissimus,
1971 3920 2071 3991 qui
2103 3919 2253 3975 hanc
2283 3921 2642 3991 provinciam
2671 3923 2879 3990 sponte
2939 3935 3048 3973 sua
3078 3915 3361 3988 suscepit,
3406 3914 3622 3984 cuique
3652 3912 3766 3967 hoc

338 4000 578 4056 nomine
608 4006 802 4073 grates
833 4018 964 4074 ago,
997 4019 1144 4075 quas
1177 4021 1441 4075 possum,
1490 4008 1799 4063 maximas.
1847 4009 2010 4074 Quod
2041 4016 2238 4064 autem
2272 4011 2342 4065 ad
2395 4009 2732 4066 Michaelem
2769 4007 3021 4064 Psellum
3052 4007 3250 4077 ipsum
3305 4003 3535 4072 attinet,
3569 4001 3680 4057 fuit
3713 4001 3766 4056 is

329 4094 479 4162 Imp.
515 4091 816 4148 Michaelis
849 4097 1016 4148 Ducas
1046 4094 1386 4167 Praeceptor,
1413 4097 1854 4169 ejusquejussu
1888 4099 2038 4154 hanc
2067 4101 2357 4172 SynOpsin
2393 4101 2778 4172 conscripsit:
2815 4098 2950 4154 huic
2973 4099 3132 4153 enim
3173 4093 3519 4167 Imperatori
3551 4092 3765 4148 inscri-

329 4177 491 4234 bitur
521 4179 578 4234 id
637 4179 1005 4252 Opusculum
1039 4181 1103 4237 in
1162 4182 1458 4256 plerisque
1490 4186 1805 4242 Codicibus
1864 4188 2312 4259 manuscriptis,
2370 4188 2547 4259 idque
2585 4187 2852 4259 pluribus
2912 4185 3205 4242 adstruxit
3250 4184 3363 4239 Leo
3420 4181 3673 4236 Allatius
3703 4181 3764 4235 in

334 4267 588 4322 Diatriba
617 4268 683 4324 de
710 4270 918 4325 Psettis
948 4275 1000 4326 et
1028 4288 1212 4328 eorum
1263 4276 1501 4347 scriptis,
1535 4279 1562 4344 §
1594 4276 1683 4347 48,
1742 4277 1842 4331 ubi
1873 4277 1944 4332 de
1995 4279 2247 4333 Auctore
2281 4282 2480 4332 nostro
2537 4278 2785 4347 ejusque
2814 4275 3102 4345 Operibus
3162 4271 3508 4345 plenissime
3537 4270 3675 4342 egit,
3707 4273 3768 4325 et

331 4359 359 4424 §
386 4357 456 4410 33
487 4356 852 4414 luculentum
881 4361 952 4415 de
985 4361 1171 4432 ipsius
1203 4365 1536 4420 eruditione
1567 4365 1972 4421 testimonium
2005 4367 2097 4422 his
2131 4367 2323 4422 verbis
2357 4369 2608 4439 praebet:
2645 4368 2740 4422 Hic
2770 4382 2904 4434 ergo
2936 4365 3174 4434 Psetlus,
3207 4373 3267 4419 ut
3293 4363 3549 4418 doctrina
3584 4373 3762 4431 praes-

329 4447 698 4516 tantissimus,
734 4450 816 4504 ita
843 4453 1096 4506 omnium
1126 4452 1632 4530 πολυγραφώτατος
1664 4459 1790 4527 fuit.
1838 4458 2032 4512 Ausim
2076 4456 2277 4527 dicere,
2317 4459 2596 4512 neminem
2643 4473 2705 4512 ea
2735 4455 2826 4511 vet
2873 4457 3228 4526 subsequente
3275 4461 3432 4508 aetate
3462 4455 3648 4507 Graece
3674 4445 3762 4500 vet

333 4537 606 4592 invenisse
634 4540 844 4606 acrius,
877 4541 961 4596 vel
993 4542 1278 4599 ordinasse
1309 4547 1524 4616 aptius,
1577 4545 1664 4602 vei
1696 4551 1938 4601 locutum
1991 4547 2356 4617 eloquentius,
2390 4547 2475 4602 vel
2530 4545 2862 4618 profundius
2894 4561 2976 4599 res
3023 4548 3388 4615 periractasse
3410 4559 3429 4597 :
3455 4536 3621 4594 nulla
3651 4535 3765 4606 fuit

331 4627 631 4692 sententia,
663 4644 830 4699 quam
861 4631 972 4702 ipse
1001 4633 1080 4686 vet
1111 4636 1258 4688 notis
1287 4650 1397 4689 non
1421 4635 1814 4701 ittustraverit,
1850 4635 1930 4690 vel
1957 4635 2274 4708 compendio
2303 4651 2408 4691 non
2440 4637 2784 4703 tractaverit,
2814 4635 2895 4688 vet
2926 4635 3133 4704 Optima
3181 4631 3426 4687 methodo
3453 4643 3559 4683 non
3592 4639 3764 4696 expe~

339 4715 526 4772 dierit.
557 4718 718 4780 Quod
753 4723 947 4775 tamen
977 4721 1292 4792 judicium,
1325 4722 1461 4779 licet
1491 4723 1718 4780 Psellus
1751 4741 1866 4780 non
1900 4727 2141 4780 omnino
2173 4724 2346 4780 laude
2377 4741 2485 4780 sua
2514 4724 2956 4779 defraudandus
3003 4722 3102 4788 sit,
3135 4721 3326 4793 quoad
3361 4720 3513 4775 hanc
3541 4717 3768 4789 Synep-

334 4804 424 4860 sin
456 4804 662 4861 multis
695 4810 841 4862 l'orte
903 4811 1082 4865 nimis
1114 4811 1435 4882 benignum
1489 4798 1816 4883 videbitur,
1867 4831 2000 4870 cum
2032 4821 2089 4870 et
2137 4815 2306 4871 aliter
2361 4815 2431 4870 de
2461 4831 2527 4870 ea
2579 4813 2830 4870 senserit
2889 4817 3105 4866 Anton.
3138 4809 3509 4882 Augustinus
3541 4807 3658 4862 Lib.
3694 4807 3768 4862 IV

332 4895 629 4951 Emendat.
663 4913 784 4968 cap.
817 4899 870 4953 3.
905 4900 1192 4956 Caeterum
1224 4903 1318 4958 Jo.
1355 4903 1744 4959 Leunclavius
1767 4905 1892 4974 jam
1923 4910 2058 4960 ante
2088 4905 2445 4976 Bosquetum
2482 4921 2670 4975 pauca
2700 4919 2768 4958 ex
2799 4902 2908 4957 hac
2955 4901 3203 4974 Synepsi
3236 4900 3505 4954 ediderat
3537 4898 3690 4952 Tomo
3721 4896 3775 4951 11

332 4986 484 5042 luris
516 4985 992 5058 GraecaBomani,
1026 5007 1208 5060 eaque
1241 4998 1522 5062 tanquam
1554 4992 1788 5049 Scholia
1817 4995 2072 5064 subjecit
2105 4994 2478 5066 Pragmatius
2511 4992 2690 5048 Mich.
2748 4991 3056 5057 Attaliate,
3089 4990 3191 5062 qui
3221 4989 3334 5045 sub
3373 4987 3578 5044 eodem
3614 4989 3773 5040 Duca

337 5074 555 5146 ﬂoruit,
590 5075 674 5130 ita
701 5086 916 5145 tamen,
949 5085 1012 5132 ut
1061 5081 1437 5150 ignoraverit,
1487 5099 1615 5136 eam
1650 5089 1836 5139 metro
1895 5084 2286 5154 conscriptam
2322 5083 2524 5148 fuisse,
2557 5081 2642 5137 uti
2700 5080 2954 5137 Allatius
2983 5081 3041 5136 ά.
3075 5080 3104 5152 §
3162 5079 3231 5134 48
3258 5079 3378 5150 jam
3413 5073 3772 5132 observavit.

335 5162 582 5218 Exstant
612 5181 747 5220 vero
779 5167 1107 5224 etiamnum
1165 5171 1311 5225 varii
1341 5172 1583 5227 Codices
1633 5173 1784 5228 MSS.
1821 5174 1999 5245 hujus
2047 5180 2399 5246 Synopseos,
2430 5179 2497 5226 ut
2528 5174 2584 5226 in
2643 5170 2999 5226 Bibliotheca
3031 5169 3210 5239 Regia
3261 5163 3622 5223 Parisiensi:
3653 5163 3773 5218 vid.

341 5251 487 5306 Tom.
525 5250 570 5305 Il
605 5253 784 5311 Calai.
817 5259 1092 5313 Manuscr.
1139 5276 1196 5315 η.
1233 5261 1358 5325 476,
1390 5277 1446 5315 η.
1501 5262 1640 5316 4482
1669 5263 1793 5333 (ubi
1829 5263 2084 5334 plurima
2135 5261 2250 5318 alia
2281 5261 2456 5316 Pselli
2507 5261 2745 5332 scripta,
2777 5261 2953 5315 etiam
3000 5258 3289 5327 Juridica,
3323 5254 3777 5325 memorantur),

337 5356 395 5394 n.
431 5340 592 5407 1371,
627 5348 683 5398 et
714 5345 893 5413 2749;
924 5349 981 5402 in
1014 5348 1282 5404 Caesarea
1313 5350 1786 5407 Vindobonensi:
1822 5354 1936 5407 vid.
1996 5351 2338 5408 Lambecius
2371 5352 2512 5406 Tom.
2551 5352 2610 5406 νι
2661 5350 2962 5405 Comment.
2991 5365 3125 5419 pag.
3159 5347 3250 5414 46,
3281 5349 3338 5402 et
3385 5341 3685 5401 Nesselius
3715 5340 3776 5397 in

337 5433 594 5486 Breviar.
626 5437 784 5491 Part.
820 5438 891 5503 ll,
920 5455 1051 5508 pag.
1085 5443 1192 5508 28;
1227 5441 1282 5495 in
1313 5442 1588 5507 Medicea,
1621 5442 1736 5498 vid.
1775 5445 1952 5500 Wilh.
2007 5444 2212 5515 Langii
2244 5445 2419 5499 Catal.
2465 5445 2613 5498 Ptut.
2665 5444 2754 5508 80,
2788 5458 2844 5496 n.
2877 5442 2950 5498 6:
2987 5440 3046 5494 in
3096 5437 3401 5504 Vaticana,
3433 5435 3549 5491 vid.
3584 5435 3778 5490 Mont-

335 5519 550 5575 faucon
585 5521 644 5576 in
682 5526 939 5583 Bibtioth.
973 5529 1450 5586 Bz’bttothecarum
1506 5533 1657 5589 MSS.
1701 5535 1840 5590 Tom.
1894 5539 1945 5601 Ι,
1976 5552 2104 5606 pag.
2139 5536 2207 5601 9;
2273 5551 2442 5605 porro
2475 5535 2651 5588 etiam
2703 5532 2760 5587 in
2795 5529 3078 5596 Palatina,
3137 5545 3263 5600 quae
3303 5529 3430 5600 jam
3481 5526 3781 5581 Vaticana:

327 5608 540 5677 juncta
569 5617 677 5678 est,
709 5615 840 5670 Cod.
876 5617 1002 5686 3l6,
1037 5622 1095 5674 et
1145 5621 1816 5693 Constantinopolitana,
1863 5623 2055 5680 indice
2110 5624 2200 5680 J0.
2234 5627 2375 5677 Mar.
2411 5623 2683 5679 Suaresio
2744 5621 2802 5676 in
2832 5621 3010 5677 Notit.
3041 5617 3282 5674 Basilio.
3316 5617 3427 5685 §7,
3459 5632 3530 5672 ex
3554 5613 3778 5688 quibus

335 5696 560 5843 fortissi
593 5701 767 5846 ναξ-ἰῶ
815 5704 1097 5765 lectiones
1125 5709 1197 5765 ad
1249 5727 1461 5766 manus
1491 5711 1768 5782 fuissent,
1819 5713 2019 5784 plures
2052 5712 2163 5768 loci
2216 5712 2276 5767 in
2310 5712 2514 5783 l’sello,
2567 5712 2665 5784 qui
2715 5714 2990 5781 corrupte
3013 5709 3142 5779 jam
3199 5707 3498 5779 leguntur,
3530 5703 3771 5762 restitui

341 5803 416 5846 Do
449 5805 647 5846 mesen
682 5829 696 5845 .

341 5803 696 5858 ponulssent.
