4100 6390
307 458 430 521 925

1665 461 2043 524 SYNOPSIS
2086 461 2382 524 LEGUM.

3617 467 3736 526 926

1411 737 1540 793 ΤΟΥ
1590 737 2005 794 ΣΟΦΩΤΛΤΟΥ
2048 740 2168 795 ΚΛΙ
2211 738 2628 795 ΥΠΕΡἹῚΜΙΟΥ

816 941 1665 1073 ΜΙΧΑΗΛ
1809 945 2216 1076 ΤΟΥ
2363 943 3221 1076 ΨΕΛΛΟΥ

979 1194 1288 1253 ΣΥΝΟΨΙΣ
1332 1197 1479 1253 ΤΟΝ
1509 1199 1771 1269 ΝΟΜΩΝ,
1805 1201 1920 1256 AIA
1950 1201 2201 1256 ΣΤΙΧΩΝ
2237 1200 2509 1257 ΙΑΜΒΩΝ
2539 1205 2658 1255 ΚΑΙ
2687 1203 3062 1256 ΠΟΛΙΤΙΚΩΝ

553 1360 701 1437 Πρὸς
729 1362 821 1417 τὸν
862 1359 1090 1436 βασιλέα
1121 1361 1362 1441 Καίσαρα
1391 1363 1628 1442 Μιχαὴλ
1659 1367 1750 1422 τὸν
1784 1371 2010 1438 Δοῦκαν,
2041 1366 2100 1424 ix
2128 1367 2472 1444 προστάξεως
2499 1371 2596 1424 τοῦ
2625 1369 2830 1445 πατρὸς
2861 1365 3026 1423 αὐτοῦ
3055 1367 3140 1422 καὶ
3181 1364 3473 1446 βασιλέως.

1371 1681 1901 1740 SAPIENTISSIMI
1940 1681 2034 1738 ET
2073 1682 2647 1740 HONORATISSIMI

832 1881 2175 2038 MICHAELIS

2349 1883 3205 2039 PSELLI

1114 2167 1552 2227 COMPENDIUM
1590 2167 1819 2228 LEGUM
1860 2167 2178 2227 VERSIBUS
2216 2167 2442 2225 IAMBIS
2479 2169 2566 2225 ET
2595 2167 2922 2253 ΡοιζΤισιδ

525 2347 625 2409 Ad
653 2345 1107 2428 imperatorem
1141 2351 1449 2413 Caesarem
1479 2349 1858 2414 Michaelem
1897 2353 2162 2424 Ducam,
2200 2365 2278 2410 ex
2313 2346 2496 2430 jussu
2526 2348 2726 2430 patris
2753 2346 2952 2429 ipsius
2979 2353 3042 2410 et
3069 2345 3493 2430 imperatoris.

1066 2549 1105 2572 ες

295 2684 448 2742 Πολὺ
479 2686 566 2742 καὶ
601 2682 1004 2763 δυσθεώρητον,
1031 2689 1093 2744 τὸ
1119 2691 1349 2764 μάθημα
1377 2695 1474 2747 τοῦ
1502 2693 1699 2766 νόμου,

301 2782 391 2833 Ἐν
429 2774 623 2831 πλάτει
658 2773 1122 2850 δυσπερίληπτον,
1156 2779 1355 2858 ἀσαφὲς
1387 2781 1437 2836 ἐν
1472 2783 1710 2858 συνόψει,

299 2865 402 2921 Καὶ
433 2865 588 2940 λόγῳ
620 2863 1071 2940 δυσερμήνευτον·
1107 2865 1236 2924 ἀλλ’
1265 2868 1417 2943 ὅμως
1449 2870 1764 2946 άνάγκαῖον,

309 2953 412 3007 Καὶ
443 2951 524 3008 δεῖ
553 2954 646 3009 τὸν
675 2956 1049 3032 αὐτοκράτορα
1068 2957 1268 3012 τούτου
1304 2957 1518 3031 μᾶλλον
1549 2962 1879 3037 φροντίζειν,

316 3039 546 3103 Δικαίως
575 3041 676 3117 γάρ
702 3064 760 3098 τε
788 3041 992 3100 δίκαιον
1026 3045 1078 3100 ἐν
1113 3044 1288 3112 δίκαις
1317 3048 1638 3126 φυλακτέον.

309 3131 465 3184 ’Ὅθεν
497 3128 606 3206 ἐγώ
637 3153 717 3187 σοι
747 3135 812 3188 τά
840 3133 1028 3190 πολλᾶ
1056 3141 1155 3190 τοῦ
1190 3135 1355 3214 λόγου
1389 3139 1700 3214 συνοψέσας,

306 3217 622 3294 Εὖθήρατόν
652 3242 702 3276 τι
734 3223 1006 3299 σύνταγμα
1037 3225 1312 3296 πεποίηκα
1335 3232 1441 3281 τῶν
1473 3229 1680 3301 νόμων.

302 3311 528 3379 Πρῶτον
561 3306 608 3364 δ’
639 3310 994 3385 ἑρμηνευτέον
1029 3335 1135 3384 σοι,
1170 3315 1310 3370 πόσα
1335 3322 1430 3370 τοῦ
1461 3318 1634 3392 νόμου
1670 3319 1830 3396 μέρη.

297 3397 375 3452 Τό
411 3397 506 3470 μὲν
537 3398 636 3476 γάρ
667 3401 875 3456 τούτων
910 3401 1154 3469 Κώδικος
1185 3403 1356 3468 οὕτως
1387 3406 1798 3484 ὠνομασμένον,

305 3485 541 3562 Πτυχίον
576 3485 1007 3560 δωδεκάϐιϐλον,
1041 3493 1069 3547 ὃ
1100 3515 1225 3571 φασι
1261 3495 1552 3566 Διατάξεις·

293 3575 454 3650 ’Ἔχει
489 3571 546 3630 δὲ
568 3581 732 3632 τοῦτο
764 3575 1034 3654 δόγματα,
1077 3580 1330 3655 δέσποτα,
1369 3583 1662 3659 βασιλέων,

295 3663 660 3744 Ἀντιγραφάς
687 3689 747 3722 τε
777 3669 1027 3741 νομικὰς,
1060 3670 1147 3726 καὶ
1183 3668 1350 3727 δικῶν
1381 3673 1696 3751 ἀποφάσεις.

294 3753 377 3809 Τὸ
410 3749 467 3808 δὲ
495 3761 724 3811 καλοῦσι
757 3757 1000 3833 Δίγεστα,
1033 3761 1314 3834 Ῥωμαική
1350 3759 1397 3816 δ’
1426 3766 1460 3832 ἡ
1494 3749 1714 3828 κλῆσις.

288 3843 552 3919 Ὑπάρχει
589 3842 645 3900 δε
673 3847 734 3900 τὸ
767 3847 1019 3920 Λίγεστα,
1051 3848 1394 3919 Ἑλληνικῶς
1427 3851 1757 3926 Πανδέκτης,

297 3931 424 3987 ’Ότι
454 3933 543 3987 καὶ
575 3933 756 4008 νόμων
789 3936 993 4011 πέφυκε
1023 3937 1382 3994 παντοδαπῶν
1413 3939 1660 4017 δοχεῖον’
1743 3929 1746 3932 ’

295 4021 394 4074 Καὶ
427 4019 677 4079 πλεῖστοι
710 4026 1111 4102 συνεγράψαντο
1141 4028 1269 4092 τοὺς
1292 4030 1494 4104 νόμους
1551 4036 1648 4086 τοῦ
1711 4030 1946 4088 [Ιανδὲκ-

1731 4125 1868 4196 [του.

355 4373 733 4445 Multiplicem
748 4380 838 4431 est
849 4381 1020 4432 etcon
1031 4377 1309 4448 templatu
1326 4380 1939 4454 difﬁcilislegisscieno

284 4462 387 4528 tia,
423 4479 548 4534 quas
605 4468 858 4520 obscura
909 4467 967 4520 in
1027 4469 1396 4538 compendio,
1433 4486 1536 4524 nec
1595 4475 1940 4528 summatim

284 4551 729 4623 comprehendi,
759 4570 866 4609 nec
896 4571 1164 4611 sermone
1197 4557 1365 4612 facile
1395 4559 1670 4629 explicari
1710 4567 1937 4630 potest:

283 4638 387 4696 illa
411 4645 607 4696 tamen
643 4643 975 4698 necessaria
1007 4649 1116 4710 est,
1167 4646 1539 4715 potissimum
1579 4649 1936 4723 imperatori,

283 4743 458 4798 quem
488 4733 617 4801 ejus
665 4746 869 4786 curam
926 4734 1177 4789 maxime
1230 4737 1444 4791 habere
1483 4742 1748 4807 oportet:
1776 4742 1940 4809 juste

281 4817 438 4872 enim
467 4819 524 4872 in
551 4819 794 4888 judiciis
816 4821 920 4890 jus
949 4828 1040 4875 est
1068 4823 1522 4880 observandum.
1574 4826 1940 4898 Quapropter

279 4921 386 4977 ego
418 4907 619 4962 multis
648 4908 708 4961 in
741 4910 1158 4978 compendium
1194 4913 1468 4979 redactis,
1495 4915 1682 4970 facilis
1706 4917 1937 4986 indagi-

280 4995 373 5050 nis
402 4997 678 5051 volumen
710 4997 906 5068 legum
938 4998 1048 5052 tibi
1078 5002 1408 5071 composui.
1443 5003 1510 5058 Et
1540 5005 1796 5075 primum
1816 5009 1939 5075 qui-

276 5084 411 5139 dem
443 5084 548 5139 tibi
579 5083 990 5155 explicandum
1023 5095 1133 5154 est,
1166 5095 1308 5160 quot
1348 5098 1488 5147 sunt
1536 5100 1732 5163 partes
1765 5095 1929 5160 legis.

275 5173 357 5229 Ea
387 5189 514 5245 qua
545 5172 726 5229 Codex
773 5174 1013 5240 dicitur,
1044 5184 1134 5233 est
1164 5195 1378 5250 corpus
1425 5182 1734 5240 duodecim
1766 5184 1932 5242 libris

273 5267 574 5333 constans,
607 5262 1077 5321 Constitutiones
1108 5275 1334 5337 vocant,
1359 5270 1597 5341 quibus,
1621 5289 1652 5327 o
1674 5274 1929 5343 domine,

271 5351 698 5422 imperatorum
734 5353 968 5423 placita,
1001 5354 1266 5426 legitima
1311 5363 1618 5432 rescripta,
1652 5367 1708 5417 et
1736 5362 1929 5419 litium

270 5441 601 5497 decisiones
633 5449 812 5513 atque
865 5445 1164 5501 sententias
1208 5450 1604 5505 continentur.
1654 5452 1934 5523 Sequitur

270 5545 428 5602 pars,
463 5546 643 5601 quam
677 5533 908 5603 Digesta
939 5532 1143 5590 Latina
1197 5551 1356 5602 voce,
1389 5538 1702 5595 Pandecten
1732 5541 1932 5599 Graeca

271 5619 602 5690 nominant,
637 5620 792 5690 quod
824 5619 902 5675 sit
940 5623 1390 5682 omnit’ariarum
1424 5625 1619 5696 legum
1669 5636 1929 5701 recepta-

268 5705 492 5777 ouium,
523 5713 583 5763 et
635 5706 794 5779 leges
839 5707 1158 5767 Pandectes
1205 5713 1376 5770 multi
1426 5716 1926 5788 conscripserunt.

267 5794 667 5868 Digestorum,
700 5813 733 5854 ο
763 5796 1024 5870 domine,
1054 5800 1226 5858 varia
1256 5809 1398 5863 sunt
1427 5809 1645 5878 partes,
1678 5822 1928 5878 quarum

1983 2699 2036 2767 Α
2068 2697 2184 2750 Τῶν
2215 2691 2273 2751 δὲ
2303 2695 2594 2770 Διγέστων,
2629 2690 2884 2760 δέσποτα,
2916 2686 3236 2746 παντοδαπᾶ
3262 2689 3328 2743 τὰ
3363 2687 3525 2764 μέρη⁶

2063 2785 2147 2841 Τά
2184 2785 2280 2858 μὲν
2311 2784 2412 2861 γὰρ
2443 2788 2637 2858 πρῶτα
2666 2781 2912 2857 λέγουσι,
2939 2780 3061 2855 περὶ
3096 2776 3586 2853 συναλλαγμάτων.

2062 2868 2435 2946 Τετράϐιϐλος
2466 2871 2512 2927 δ’
2544 2875 2578 2941 ἡ
2613 2871 2855 2943 σύνταξις
2877 2869 3076 2938 κλῆσις
3103 2872 3212 2922 τῶν
3237 2868 3470 2942 πρώτων
3503 2866 3723 2941 πρώτη.

2067 2963 2145 3019 Τὸ
2181 2963 2315 3035 μετὰ
2337 2967 2505 3017 ταῦτα
2534 2963 2738 3033 πέφυκε
2778 2953 3108 3015 ἐπτάϐιϐλυν
3143 2955 3394 3031 πτυχίον,

2061 3056 2389 3124 Ῥωμαϊκῶς
2421 3051 2718 3128 λεγόμενον
2752 3048 2918 3117 οὕτω,
2950 3047 3015 3102 Δὲ
3047 3045 3340 3116 Ἰουδικῆς,

2064 3142 2223 3196 ἽΙτοι
2253 3146 2363 3195 τῶν
2394 3142 2517 3214 περὶ
2548 3139 2800 3215 κρίσεων,
2836 3135 2890 3191 εἷ’
2908 3159 2992 3198 τις
3024 3134 3385 3207 ἐξελληνίζει.

2063 3232 2142 3287 Τὸ
2167 3230 2348 3305 τρίτον
2382 3228 2440 3284 δὲ
2473 3230 2842 3304 συνάθροισμα
2871 3225 3117 3282 καλεῖται
3151 3231 3216 3279 Δε
3247 3219 3466 3293 Ρεϐους,

2064 3314 2428 3376 Ὀκτάϐιϐλόν
2461 3341 2512 3373 τι
2546 3319 2823 3394 σύνταγμα
2849 3314 3166 3393 χωρητικὸν
3195 3314 3553 3389 πραγμάτων.

2061 3410 2332 3484 Τέταρτος
2359 3410 2530 3474 τόπος
2558 3410 2762 3488 πέφυκε
2791 3411 2898 3462 τῶν
2931 3409 3174 3478 νομικῶν
3199 3403 3464 3479 Διγέστων

2062 3500 2318 3576 Καθάπερ
2352 3497 2406 3553 εἴ
2428 3520 2512 3561 τις
2544 3497 2830 3576 ὀφθαλμὸς
2858 3500 2966 3551 τῶν
3002 3493 3147 3549 ὅλων
3173 3492 3584 3566 συνταγμάτων,

2059 3583 2421 3644 Ὀκτάϐιϐλον
2455 3589 2546 3642 τὸν
2581 3587 2810 3663 ἀριθμὸν
2844 3585 3028 3659 νόμων
3054 3580 3283 3638 πολλῶν
3316 3578 3362 3636 δ’
3395 3581 3716 3653 ὠνομάσθη,

2058 3676 2129 3730 Τὸ
2159 3679 2409 3750 πέμπτον
2442 3675 2489 3732 δ’
2519 3671 2863 3732 ἐννεάϐιϐλον
2901 3675 2960 3730 ἐκ
2992 3673 3189 3746 μέρους
3222 3669 3263 3724 δ’
3289 3669 3607 3743 ὠνομάσθη,

2059 3766 2192 3841 Περὶ
2226 3764 2500 3837 διαθηκῶν
2536 3789 2721 3844 φησιν,
2755 3764 2869 3840 ἔχει
2907 3762 2950 3819 δ’
2985 3759 3132 3818 ἄλλα
3166 3761 3353 3834 μυρία.

2057 3857 2132 3913 Τὸ
2166 3854 2211 3911 δ’
2241 3853 2396 3911 ἕκτον
2430 3854 2569 3931 ἔχει,
2605 3853 2857 3924 δέσποτα,
2897 3855 3030 3927 μόνα
3061 3849 3158 3905 δύο
3192 3844 3404 3924 βιϐλία,

2060 3949 2255 4024 Σοφῶς
2291 3944 2348 4000 δὲ
2379 3943 2707 4022 διαλέγεται,
2743 3944 2874 4018 Περὶ
2912 3944 3134 4019 βαθμῶν
3167 3936 3458 4010 ποικίλων,

2060 4029 2432 4107 Διαλαμϐάνει
2461 4056 2520 4089 τε
2552 4035 2731 4112 σαφῶς
2761 4032 2884 4108 περὶ
2914 4027 3315 4105 κληρονομίας,

2053 4127 2174 4182 Τῶν
2205 4123 2484 4203 Ὀρφιτίου
2519 4123 2814 4197 μέμνηται,
2846 4120 2937 4176 καὶ
2968 4115 3266 4194 Τιρτιλίου
3295 4114 3506 4186 νόμων,
3545 4207 3615 4261 33

3343 4212 3511 4261 Vers.
3546 4208 3558 4225 ‘

3343 4212 3511 4263 Vers.
3545 4208 3634 4262 33.

2053 4389 2275 4460 priores
2306 4389 2376 4444 de
2409 4388 2810 4450 contractibus
2859 4387 3160 4449 dicuntur,
3193 4386 3400 4454 estque
3443 4379 3707 4450 priorum

2051 4478 2242 4550 prima
2272 4478 2536 4534 collectio
2585 4483 2840 4549 quatuor
2881 4475 3048 4529 libris
3097 4471 3446 4545 composita.
3497 4472 3710 4525 Postea

2049 4572 2272 4638 septem
2351 4568 2639 4622 librorum
2714 4566 2988 4622 volumen
3049 4563 3252 4618 Latine
3325 4561 3398 4614 De
3445 4557 3704 4629 judiciis,

2049 4655 2243 4711 Grmce
2303 4654 2430 4728 Περὶ
2496 4653 2749 4728 κρίσεων.
2801 4653 3001 4708 Tertia
3075 4649 3340 4705 collectio
3413 4648 3489 4701 De
3543 4646 3706 4701 rebus

2049 4745 2286 4810 dicitur,
2348 4750 2477 4800 octo
2535 4745 2704 4799 libris
2763 4759 2959 4797 rerum
3016 4743 3332 4794 tractatum
3369 4735 3699 4790 continens.

2047 4836 2331 4900 Quartum
2367 4832 2766 4895 locum,veluti
2794 4831 2998 4886 oculus
3032 4829 3442 4883 universorum
3467 4829 3700 4878 contra-

2045 4928 2273 4987 ctuum,
2305 4929 2434 4978 octo
2463 4939 2666 4978 earum
2708 4921 2839 4976 libri
2893 4918 3217 4974 multarum
3251 4914 3446 4986 legum
3493 4927 3702 4967 conce-

2048 5011 2281 5082 ptacula
2311 5012 2424 5067 sibi
2449 5011 2773 5067 vindicant.
2805 5009 3086 5074 Quintum
3133 5021 3268 5061 vero
3300 5017 3508 5059 novem
3539 4999 3701 5069 libri,

2046 5117 2080 5155 a
2111 5107 2274 5171 parte
2328 5101 2622 5172 praecipua
2673 5100 2746 5154 De
2793 5099 3128 5154 testamentis
3158 5092 3368 5160 vocati,
3423 5089 3558 5145 licet
3587 5090 3704 5146 alia

2047 5191 2358 5245 innumera
2386 5189 2904 5259 comprehendant.
2954 5190 3129 5241 Sexta
3176 5199 3331 5254 pars,
3363 5197 3396 5236 o
3440 5179 3700 5247 domine,

2043 5279 2191 5334 duos
2222 5279 2553 5350 singulares
2584 5277 2766 5332 libros
2793 5276 3070 5341 continet,
3100 5273 3202 5344 qui
3233 5275 3388 5327 recte
3417 5273 3704 5324 vocantur

2042 5368 2114 5422 De
2141 5368 2376 5423 diversis
2404 5367 2697 5438 gradibus,
2731 5372 2788 5419 et
2827 5363 3132 5434 perspicue
3163 5363 3418 5416 tractant
3462 5357 3535 5412 de
3563 5374 3698 5413 suc-

2041 5459 2327 5522 cessione,
2360 5463 2419 5511 et
2443 5452 2974 5511 senatusconsultis
2995 5449 3335 5520 Orpbitiano
3356 5452 3415 5502 et
3435 5444 3701 5502 Tertilia-

2042 5563 2114 5601 no
2145 5552 2203 5602 et
2250 5545 2636 5617 multiplicem
2686 5541 2860 5597 aliam
2909 5541 3104 5612 legum
3157 5536 3588 5594 ordinationem
3630 5549 3700 5590 ea

2040 5651 2178 5705 pars
2207 5633 2639 5706 complectitur.
2687 5629 2949 5700 septima
2977 5635 3035 5683 et
3063 5627 3274 5683 ultima
3324 5625 3697 5695 Digestorum

2037 5723 2304 5795 legitima
2335 5738 2492 5794 pars,
2525 5721 2598 5775 de
2629 5717 2987 5774 firmissimis
3019 5711 3506 5788 stipulationibus
3539 5708 3696 5765 volu-

2038 5827 2172 5870 men
2203 5813 2435 5868 duobus
2493 5808 2662 5866 libris
2719 5804 3126 5879 singularibus
3184 5797 3442 5868 conﬁcit,
3475 5797 3693 5870 quibus
