4100 6396
349 429 466 491 927
1703 423 2120 487 MICHAELIS
2164 425 2438 486 PSELLI

349 559 565 632 ’Ἄλλην
596 581 656 616 τε
684 557 942 630 πλείστην
975 560 1220 632 σύνταξιν
1252 564 1358 614 τῶν
1391 560 1576 632 νόμων
1607 558 1876 635 περιέχει,

353 653 424 710 Τὸ
455 649 501 706 δ’
529 645 764 724 ἕϐδομον
797 651 883 705 καὶ
924 650 1147 704 ὕστατον
1181 650 1418 724 νόμιμον
1450 651 1556 704 τῶν
1593 650 1879 726 Διγέστων,

351 741 482 816 Περῖ
517 741 906 816 έπερωτήσεων
935 738 1352 818 ἀσφαλεστάτων
1387 738 1557 816 λέγει,

349 829 453 890 Καί
485 828 810 904 συμπληροῖ
836 829 898 884 τὸ
931 827 1207 904 σύνταγμα
1239 825 1334 882 δύο
1369 823 1558 904 βιϐλία
1595 828 1751 901 μόνα.

345 920 451 978 Καὶ
490 917 625 992 μετᾶ
653 922 815 973 τοῦτο
848 916 1052 995 πέφυκε
1082 915 1178 972 δύο
1212 918 1410 996 φρικτά
1446 913 1654 991 βιϐλία,

349 1013 463 1080 Τήν
498 1008 793 1081 αὐστηρίαν
822 1003 1023 1085 ἔχοντα
1051 1013 1159 1064 τῶν
1193 1014 1396 1064 ποινῶν
1427 1010 1771 1084 ἐγκειμένην.

348 1099 499 1158 Μετά
530 1097 704 1168 δὲτὴν
737 1099 1045 1173 ὲπτάτομον
1078 1098 1281 1169 ταύτην
1302 1101 1479 1172 τομὴν
1513 1103 1621 1154 τῶν
1649 1099 1859 1173 νόμων,

355 1188 611 1259 Σύνταξις
645 1185 791 1260 ἄλλη
826 1187 1030 1264 πέφυκε
1059 1189 1312 1262 νομίμων
1346 1187 1646 1268 διαφόρων,

353 1279 652 1356 Πληροῦσα
677 1279 744 1334 τὰ
773 1281 1110 1350 πεντήκοντα
1137 1275 1327 1356 βιϐλία
1357 1285 1464 1334 τῶν
1500 1280 1795 1356 Διγέστων.

427 1371 571 1445 Πρὸς
595 1369 817 1432 τούτοις
854 1370 1018 1446 μέρος
1048 1367 1279 1448 πέφυκεν
1303 1371 1357 1424 αἱ
1389 1370 1590 1444 Νεαραῖ
1629 1369 1933 1442 Συντάξεις,

3649 427 3771 488 928

2032 564 2088 630 Α
2118 556 2253 622 Τοὺς
2284 559 2551 633 νομικοὺς
2584 559 2868 631 συνέταξαν
2901 556 2978 622 είς
3015 557 3192 637 βραχὺ
3223 582 3274 616 τι
3311 554 3552 637 βιϐλίον·

2115 651 2312 713 Ῥοπὰς
2372 648 2419 706 δ’
2474 648 2532 706 έκ
2594 651 2793 727 μέρους
2851 650 3094 728 λέγουσι,
3143 652 3285 728 ἓχει,
3336 652 3440 728 γὰρ
3499 650 3589 706 καὶ
3644 649 3773 714 τοὺς

3414 741 3696 819 [χρόνους.

2187 831 2248 890 Ὀ
2283 829 2338 886 δέ
2365 853 2424 907 γε
2455 833 2796 906 περιεκτικὸς
2836 831 3044 887 τούτων
3078 829 3327 888 ἀπάντων
3359 831 3555 907 νόμος,

2115 922 2282 991 Κοίνή
2318 922 2552 992 συνθήκη
2586 921 2790 999 πέφυκε
2821 921 3001 991 πάσης
3027 929 3125 991 τῆς
3157 920 3457 991 πολιτείας,

2116 1007 2638 1085 Πλημμελημάτων
2666 1010 2931 1083 κώλυσις,
2962 1015 3069 1065 τῶν
3105 1011 3238 1066 κατά
3260 1011 3456 1088 γνῶσιν
3491 1011 3684 1082 πλέον,

2119 1099 2474 1171 Δικαιοσύνης
2498 1101 2766 1177 χορηγὸς,
2802 1099 2983 1176 δόγμα
3014 1101 3408 1178 συνετωτέρων.

2189 1199 2513 1262 Δικαιοσύνη
2550 1189 2606 1246 δέ
2636 1189 2745 1246 ἐστι
2783 1193 3164 1267 σταθηροτάτη
3195 1192 3391 1268 γνώμη

2114 1282 2247 1343 Τοῖς
2275 1287 2404 1336 πᾶσι
2439 1278 2768 1354 διανέμουσα
2797 1281 2860 1336 τὸ
2891 1283 3008 1337 κατ’
3035 1281 3184 1352 ἀξίαν
3223 1280 3435 1356 μέτρον·

2115 1371 2191 1429 Τὸ
2213 1370 2448 1445 νόμιμνν
2482 1367 2539 1426 δὲ
2571 1371 2773 1450 πέφυκε
2805 1369 3154 1441 δικαιοσύνης
3191 1372 3375 1448 μέρος.

354 1461 488 1520 Εἶτα
513 1461 976 1535 συνοπτικώτερον
1010 1463 1106 1512 υοῦ
1139 1461 1374 1524 Λέοντος
1409 1456 1648 1536 βιϐλίον,

353 1551 431 1609 Τὸ
457 1554 559 1605 πᾶν
594 1543 1050 1621 έξηκοντάϐιϐλον
1093 1547 1296 1611 πάντας
1336 1571 1462 1605 τους
1495 1549 1698 1623 νόμους
1733 1547 1886 1626 ἕχον,

351 1639 488 1704 Τοὺς
514 1637 785 1710 Κώδικας,
818 1637 882 1693 τὰ
915 1637 1162 1714 Δίγεστα,
1192 1638 1289 1703 τὰς
1318 1638 1524 1711 Νεαρὰς
1555 1640 1854 1714 συντόμως,

352 1729 429 1786 Τὰ
465 1727 742 1808 σύμφυλα,
774 1727 839 1784 τὰ
871 1727 1122 1802 σύμπνοα
1151 1733 1256 1783 τῶν
1293 1727 1567 1808 διαφόρων
1595 1728 1800 1803 νόμῶν,

356 1823 690 1895 Διακρινοῦν,
725 1815 1056 1873 ὑποτιτλοῦν
1091 1816 1309 1881 οἰκείως
1336 1819 1426 1874 καὶ
1457 1819 1719 1894 γνησίως,

353 1907 516 1966 Ἀλλ’
547 1903 660 1964 ἔστι
689 1905 1144 1985 δυσερμήνευτον,
1178 1905 1306 1963 ἀλλ’
1331 1907 1529 1987 ἀσαφὲς
1558 1907 1825 1984 ἐσχάτως.

356 2005 382 2027 ν
617 1997 633 2020 \
861 1994 885 2016 υ
1223 1993 1248 2018 ν
1410 2002 1437 2014 ι..

382 2005 511 2056 Εστι
543 2019 635 2054 και
671 1996 834 2074 μέρος
866 2018 1042 2074 ετερον
1074 1999 1188 2052 οἷον
1220 2001 1344 2073 οψις
1371 2020 1480 2054 των
1511 1998 1718 2072 νόμων,

355 2089 445 2152 Ὧς
469 2087 963 2164 εἷσαγωγικώτερον
990 2091 1095 2142 τῶν
1132 2085 1316 2143 ἄλλων
1348 2085 1692 2165 δεδειγμένη,

358 2181 485 2238 Τῶν
509 2179 696 2251 νόμων
723 2174 871 2254 ἔχων
903 2177 1105 2231 ἅπασαν
1131 2179 1232 2247 τὴν
1259 2176 1622 2255 γενεαλογίαν,

357 2269 432 2325 Ἥ
465 2265 680 2341 μᾶλλον
713 2266 887 2329 οὕτως
919 2266 1134 2340 εἶ’ποιμι
1172 2269 1270 2336 την
1306 2267 1722 2348 ἀρχαιολογίαν.

2115 1461 2262 1533 Αὕτη
2294 1462 2396 1536 γὰρ
2430 1460 2516 1516 καὶ
2549 1460 2610 1516 τὸ
2638 1463 2864 1538 φυσικὸν
2896 1459 3036 1516 ἄλλο
3060 1483 3111 1515 τι
3151 1460 3312 1538 μέρος
3345 1459 3485 1538 ἔχει,

2114 1552 2185 1607 Τὸ
2216 1551 2351 1606 κατᾶ
2379 1553 2478 1621 τὴν
2505 1548 2810 1619 συνείδησιν
2843 1553 3166 1628 κρειττόνων
3198 1551 3285 1606 καὶ
3319 1548 3611 1627 χειρόνων.

2115 1643 2190 1698 T6
2221 1643 2324 1718 γὰρ
2359 1639 2554 1696 λοιπὸν
2584 1641 2648 1696 τὸ
2679 1642 2925 1720 φυσικὸν,
2956 1642 3138 1717 τρίτον
3166 1645 3262 1696 τοῦ
3292 1643 3466 1716 νόμου
3500 1641 3686 1716 μέρος.

2114 1729 2184 1786 Τὸ
2221 1731 2315 1805 μὲν
2347 1733 2446 1804 γὰρ
2478 1731 2684 1785 τούτων
2719 1731 2964 1809 puer/fw,
2997 1731 3057 1786 τὸ
3089 1732 3142 1806 γ’
3173 1729 3380 1795 έθνικὸν
3413 1730 3693 1809 τυγχάνει,

2114 1822 2185 1876 Τὸ
2227 1818 2282 1876 δὲ
2313 1820 2764 1896 πολιτικώτερπ,
2791 1821 2879 1875 καὶ
2916 1821 3280 1895 μερικώτερόν
3310 1842 3448 1895 πως,

2040 1951 2084 2016 Β
2115 1910 2319 2016 Τὸκμὶν
2351 1910 2456 1985 γὰρ
2488 1907 2610 1984 περὶ
2641 1913 2882 1986 φυσικῶν
2905 1908 3239 1986 πραγμάτων
3273 1906 3628 1986 δογματίζον,

2119 1998 2481 2074 Συλλήψεως,
2510 2000 2833 2076 γεννήσεως,
2868 2000 3130 2075 σχέσεως,
3163 1998 3469 2078 συναφείας.

2116 2091 2296 2148 Αὐτοῦ
2327 2087 2493 2163 ψιλοῦ
2523 2092 2620 2142 τοῦ
2652 2088 2997 2164 πράγματος,
3028 2093 3125 2143 τοῦ
3155 2086 3334 2160 τοῦδε,
3365 2088 3454 2144 καὶ
3487 2085 3723 2158 τοιοῦδε,

2120 2179 2376 2253 Νόμιμον
2411 2176 2638 2254 γενικῶς
2671 2179 2804 2251 ἔστι,
2839 2179 3060 2257 φυσικὸν
3088 2176 3131 2233 δ’
3161 2176 3247 2232 ἐπὶ
3284 2178 3500 2255 μέρους.

2121 2272 2201 2328 Τὸ
2235 2269 2435 2346 βλέπον
2467 2266 2512 2324 δ’
2545 2269 2619 2330 εἰς
2655 2263 2966 2342 συμϐόλαια
2997 2267 3154 2347 φῦσιν
3190 2266 3684 2346 συναλλαγμάτων,

359 2359 452 2430 Tag»
483 2354 541 2412 δὶ
575 2351 780 2432 βιϐλίῳ
809 2356 988 2430 τοῦτῳ
1019 2354 1076 2412 δὲ
1103 2359 1136 2426 ἡ
1178 2357 1376 2427 κλῆσις
1409 2360 1756 2417 Ἰνστιτοῦτα.

435 2444 650 2503 Πολλοὶ
681 2445 738 2502 δὶ
771 2445 1167 2521 συλλεξάμενοι
1198 2447 1293 2510 τὰς
1328 2448 1540 2526 ἀγωγὰς
1570 2448 1727 2521 ἰδίας,

368 2535 660 2614 Σύνταγμα
694 2537 1044 2609 συνετάξαντο
1077 2533 1224 2608 ἄξιον
1252 2536 1544 2615 εὐφημίας.

370 2627 478 2695 Τὴν
511 2624 668 2704 φυσῖν
699 2625 804 2702 γὰρ
835 2629 942 2680 τῶν
973 2625 1202 2702 άγῳγῶν
1233 2625 1460 2698 ἑκάστης
1496 2628 1806 2701 έρμηνεῦει,

367 2715 472 2774 Καὶ
502 2713 676 2770 πάντα
704 2713 770 2769 τὰ
799 2715 1108 2788 ζητήματα,
1137 2717 1227 2770 καὶ
1259 2715 1432 2780 πάσας
1468 2718 1770 2793 ὑποθέσεις,

365 2806 459 2867 Εἰς
487 2805 586 2872 τὴν
616 2803 815 2859 οίκείαν
851 2805 1066 2881 ἀγωγὴν
1095 2807 1384 2883 πανσόφως
1411 2807 1682 2885 ἀναφέρει.

365 2897 544 2953 Τοῦτο
573 2891 663 2948 καί
699 2892 860 2966 μόνον
895 2894 1097 2973 πέφυκε
1129 2894 1440 2974 Φιλόσοφον
1463 2902 1570 2953 τῶν
1596 2898 1804 2973 νόμων,

365 2981 473 3040 Κᾶν
506 2981 554 3038 εἲ
580 3003 664 3048 τις
692 2978 993 3060 ἀκριϐώσαι
1023 2985 1244 3040 τοιοῦτο
1279 2983 1344 3054 δὴ
1375 2990 1437 3041 τὸ
1471 2982 1714 3062 βιϐλίον,

366 3072 542 3134 Οὗτος
575 3073 602 3126 ὁ
633 3073 1012 3145 νομικώτατος
1039 3076 1364 3148 νομομαθής
1393 3075 1672 3152 τυγχάνει.

371 3162 584 3237 Ἐτεροι
661 3157 850 3232 πάλιν,
927 3158 1180 3235 δέσποτα,
1255 3164 1352 3226 τὰς
1429 3163 1600 3242 ῥοπὰς
1635 3211 1648 3237 ,
1727 3170 1813 3223 καὶ
1891 3170 2017 3236 τοὺς

1691 3259 1949 3335 [χρόνους

2125 2360 2348 2418 Πάντων
2383 2359 2550 2414 εἰπεῖν
2579 2363 2685 2414 τῶν
2718 2359 2836 2422 καθ’
2874 2360 3022 2431 ἡμᾶς
3051 2355 3251 2412 κοινῶν
3280 2355 3725 2432 πολιτευμάτων,

2125 2451 2382 2523 Νόμιμον
2415 2449 2624 2513 έονικὸν
2659 2447 2817 2520 ἐστιν,
2853 2448 2979 2524 οὖχῖ
3007 2448 3069 2502 τὸ
3107 2442 3484 2523 βαρϐαρῶδες,

2127 2540 2198 2596 Τό
2232 2542 2333 2615 γὰρ
2364 2543 2460 2594 τοῦ
2485 2535 2675 2602 ἓθνους
2706 2534 2877 2611 ὄνομα
2909 2541 3153 2610 νομικῶς
3190 2536 3499 2612 εἰρημένον,

2129 2635 2299 2686 Γενῶν
2329 2628 2704 2699 συλληπτικόν
2727 2626 2836 2682 ἐστι
2865 2623 3059 2700 νόμοις
3087 2627 3480 2700 ὑποκειμένων.

2134 2717 2429 2778 Πολιτικὸν
2465 2715 2521 2772 δὲ
2551 2717 2812 2790 νόμιμον,
2839 2717 3088 2788 τοπικὸν,
3121 2714 3209 2771 καὶ
3241 2711 3526 2792 χρειῶδες.

2123 2810 2204 2868 T6
2226 2806 2398 2864 πάλαι
2428 2805 2682 2883 τριμερές
2717 2805 2827 2862 ἐστι
2852 2805 3048 2861 τούτου
3081 2806 3184 2882 γὰρ
3216 2810 3313 2861 τοῦ
3343 2804 3609 2879 νομίμου,

2127 2903 2311 2958 ’Ἑστιν
2344 2899 2370 2953 6
2403 2894 2806 2961 δωδεκάδελτος
2831 2900 2939 2952 τῶν
2970 2893 3178 2952 δώδεκα
3209 2893 3437 2970 λογίων,

2128 2991 2203 3044 Τὰ
2237 2987 2504 3066 βασιλέων
2539 2987 2812 3065 Δόγματα,
2847 2987 2897 3042 οἳ
2929 2986 3112 3060 Νόμοι
3145 2990 3255 3041 τῶν
3286 2984 3636 3061 πραιτώρων.

2204 3078 2333 3154 Περὶ
2368 3076 2414 3134 δ’
2446 3078 2476 3132 ἃ
2507 3077 2945 3152 πραγματεύεται
2977 3077 3038 3130 τὸ
3067 3075 3308 3149 νόμιμον
3342 3073 3556 3151 ῥητέον.

2132 3169 2249 3226 Εἰσὶ
2283 3167 2340 3224 δὲ
2367 3173 2554 3238 ταῦτα,
2583 3172 2871 3242 πρόσωπα,
2906 3164 3228 3242 πράγματα,
3263 3163 3466 3241 ἀγωγαί
3496 3183 3574 3220 τε.

2136 3257 2374 3317 Πολλῶν
2409 3256 2453 3314 δ’
2485 3256 2658 3314 οὐσῶν
2691 3261 2797 3312 τῶν
2833 3256 3067 3332 ἀγωγῶν
3095 3256 3348 3331 τέσσαρες
3384 3255 3439 3310 αἱ
3473 3251 3721 3330 μητέρες,

3433 3344 3600 3400 Vers.
3631 3342 3724 3398 93.

373 3565 807 3624 subnectuntur
837 3567 954 3622 duo
984 3567 1276 3624 terribiles
1309 3567 1440 3624 libri
1488 3570 1797 3626 severitate
1829 3587 2030 3642 poena-
2061 3571 2103 3639 C
2143 3569 2300 3640 citio,
2334 3586 2536 3626 eorum
2585 3567 2839 3624 maxime
2887 3581 3015 3638 quas
3069 3567 3277 3636 sponte
3325 3562 3804 3628 committuntur,

373 3670 501 3711 rum
537 3654 831 3711 instructi.
879 3657 1020 3712 Huic
1067 3656 1436 3728 septemplioi
1488 3657 1684 3730 legum
1736 3659 2031 3729 divisioni,

374 3743 740 3800 diversorum
786 3744 1013 3814 jurium
1057 3744 1318 3801 collectio
1370 3746 1667 3817 adjicitur,
1702 3766 1830 3820 quas
1862 3748 2031 3820 quin-

376 3833 659 3906 quaginta
689 3832 1061 3904 Digestorum
1089 3833 1256 3889 libris
1287 3835 1464 3891 ﬁnem
1499 3836 1768 3910 imponit.

447 3923 904 3994 Praetereajuris
936 3929 1162 3996 partem
1209 3928 1480 3981 statuunt
1524 3927 1772 3985 Novella:
1803 3929 2035 3986 Consti-

376 4014 656 4069 tutiones.
712 4014 925 4068 Deinde
977 4015 1464 4086 compendiosum
1495 4016 1706 4073 Leonis
1735 4017 2034 4076 volumen.

377 4103 531 4174 quod
565 4102 866 4174 sexaginta
922 4103 1094 4161 libris
1155 4104 1459 4161 universas
1504 4105 1685 4178 leges,
1743 4109 2040 4175 Codicem,

382 4191 640 4262 Digesta,
673 4196 731 4246 et
761 4191 1029 4248 Novellas
1063 4193 1316 4248 breviter
1369 4195 1800 4267 complectitur,
1833 4213 2038 4252 conve-

383 4281 611 4336 nientes
634 4285 690 4336 et
703 4286 983 4352 cognatas
1001 4283 1192 4337 varias
1211 4282 1367 4356 leges
1386 4285 1498 4340 sub
1514 4284 1705 4341 titulis
1718 4303 2044 4342 accommo-

385 4368 520 4424 date
570 4369 928 4442 disponens:
981 4372 1082 4427 sed
1139 4389 1368 4429 summe
1416 4374 1735 4431 obscurum
1779 4380 1890 4443 est,
1937 4393 2043 4431 nec

384 4457 616 4514 facilem
668 4457 1206 4530 interpretationem
1243 4463 1482 4534 patitur.
1533 4464 1635 4519 Est
1672 4469 1730 4520 et
1762 4464 1876 4520 alia
1907 4481 2044 4536 pars

389 4546 559 4622 quasi
587 4547 783 4620 legum
815 4549 997 4619 visus,
1031 4555 1087 4605 et
1136 4550 1496 4623 reliquarum
1544 4553 1809 4624 speciosa
1858 4554 2043 4610 intro-

387 4637 607 4706 ductio,
658 4638 990 4695 universam
1035 4641 1194 4710 juris
1226 4641 1536 4712 originem,
1569 4646 1627 4699 et
1673 4644 2045 4716 antiquitatis

387 4727 698 4784 historiam
729 4728 1058 4796 continens,
1095 4729 1370 4786 Instituta
1399 4735 1704 4788 vocantur.

459 4815 629 4872 Multi
685 4818 925 4888 quidem
1010 4820 1280 4890 proprias
1354 4820 1613 4877 actiones
1681 4821 2044 4896 colligentes,

390 4905 632 4977 dignum
654 4907 938 4962 memoria
956 4914 1268 4980 syntagma
1287 4918 1747 4982 composuerunt
1770 4927 1784 4969 :
1807 4913 2047 4984 cujusli-

390 4995 489 5052 bet
516 4995 672 5051 enim
706 4995 951 5052 actionis
984 5001 1254 5052 naturam
1288 4997 1724 5070 interpretatur,
1758 5006 1818 5058 et
1845 5018 2050 5058 omnes

393 5083 769 5156 quaestiones,
825 5085 1025 5141 omnia
1083 5087 1232 5142 facta
1278 5091 1336 5143 et
1391 5104 1601 5145 causas
1647 5091 1716 5146 ad
1755 5091 2050 5163 propriam

392 5173 681 5230 actionem
713 5175 928 5230 refert:
975 5175 1120 5230 illud
1156 5192 1298 5232 sane
1329 5177 1454 5234 sola
1503 5183 1592 5235 est
1625 5178 1820 5250 legum
1852 5179 2048 5236 Philo-

393 5260 804 5334 sophia,quem
839 5262 1055 5319 librum
1081 5264 1130 5319 si
1164 5266 1297 5336 quis
1319 5270 1474 5322 recte
1505 5265 1790 5338 calluerit,
1815 5267 1970 5339 juris
1993 5271 2051 5323 et

391 5348 584 5421 legum
609 5350 1089 5409 consultissimus
1119 5356 1340 5410 evadet.
1389 5356 1616 5411 Rursus
1645 5355 1765 5426 alii,
1797 5374 1830 5412 ο
1857 5356 2049 5411 domi-

397 5455 490 5508 ne,
523 5445 820 5496 momenta
841 5445 899 5497 et
929 5447 1192 5514 tempora
1216 5444 1477 5518 legitima
1502 5444 1558 5499 in
1585 5443 2045 5503 brevemlibrum

398 5528 769 5598 redegerunt,
801 5532 902 5601 qui
934 5548 966 5586 a
998 5537 1160 5604 parte
1189 5533 1486 5590 Momenta
1513 5536 2049 5606 vocatur,quamvis

399 5621 458 5673 et
487 5633 673 5674 annos
704 5621 1183 5692 comprehendat.

476 5711 586 5762 Lex
611 5724 745 5764 vero
776 5727 903 5781 quae
937 5711 1036 5769 illa
1074 5714 1274 5770 omnia
1317 5711 1745 5787 complectitur,
1776 5720 1862 5772 est
1890 5733 2048 5774 com-

399 5799 598 5856 munis
626 5799 807 5857 totius
838 5802 1170 5876 reipublicae
1220 5804 1480 5878 sponsio,
1514 5803 1860 5865 delictorum
1889 5825 2048 5866 coer-

2081 4953 2129 5018 1)

2134 3660 2383 3734 justitie
2436 3659 2674 3732 praesul,
2726 3654 3152 3729 sapientiorum
3202 3657 3260 3708 et
3309 3650 3806 3724 perspicaciorum

2145 3752 2467 3807 decretum.

2214 3839 2454 3894 Justitia
2483 3841 2573 3894 est
2603 3833 3092 3892 constantissima
3118 3832 3414 3900 voluntas,
3448 3844 3550 3901 pro
3599 3827 3808 3885 merito

2145 3933 2202 3986 et
2231 3928 2516 4000 dignitate
2560 3926 2838 3982 omnibus
2887 3939 3229 3979 mensuram
3280 3918 3666 3976 distribuens.
3697 3919 3808 3974 Jus

2145 4021 2236 4075 est
2262 4016 2500 4086 justitizs
2535 4033 2691 4087 pars,
2725 4031 2853 4086 quae
2902 4017 2961 4068 et
2993 4012 3168 4068 aliam
3223 4014 3445 4080 partem
3482 4008 3682 4079 habet,
3709 4008 3808 4078 jus

2150 4104 2416 4164 naturale
2467 4103 2710 4171 scilicet,
2745 4103 2901 4174 quod
2953 4101 3012 4157 in
3062 4101 3351 4156 bonorum
3403 4102 3461 4154 et
3515 4096 3808 4153 malorum

2150 4193 2511 4252 conscientia
2541 4196 2834 4248 consistit.
2886 4189 3199 4262 Reliquum
3235 4205 3366 4244 vero
3391 4187 3494 4258 jus
3547 4185 3813 4241 naturale

2151 4290 2240 4342 est
2271 4283 2440 4339 tertia
2490 4299 2624 4354 pars
2669 4281 2842 4352 juris,
2895 4281 3051 4352 quod
3106 4277 3394 4333 dividitur
3439 4276 3499 4331 in
3550 4272 3816 4330 naturale

2152 4373 2415 4447 gentium
2449 4377 2505 4427 et
2534 4370 2723 4436 civile,
2751 4386 2850 4426 seu
2885 4367 3087 4423 locale.
3120 4367 3281 4430 Quod
3329 4365 3401 4420 de
3435 4365 3611 4420 rebus
3643 4368 3813 4415 natu-

2154 4462 2380 4519 ralibus
2432 4461 2661 4527 statuit,
2705 4457 3102 4529 conceptione,
3150 4453 3476 4520 nativitate,
3525 4447 3810 4521 appetitu,

2156 4552 2338 4608 maris
2387 4556 2444 4606 et
2492 4550 2722 4606 feminas
2777 4544 3215 4617 conjunctione,
3264 4541 3365 4598 illo
3405 4547 3464 4598 et
3519 4536 3618 4594 illo
3651 4536 3814 4592 nudo

2157 4641 2413 4714 negotio,
2447 4644 2538 4695 est
2596 4640 2652 4693 in
2705 4652 2916 4710 genere
2965 4636 3092 4706 jus,
3145 4633 3202 4687 in
3257 4629 3475 4703 specie,
3523 4624 3816 4683 naturale.

2157 4731 2318 4797 Quod
2351 4745 2484 4786 vero
2515 4731 2743 4800 spectat
2771 4728 3044 4780 naturam
3075 4725 3508 4789 contractuum,
3533 4721 3591 4774 et
3613 4731 3818 4773 earum

2157 4819 2424 4876 omnium
2469 4816 2764 4873 actionum
2815 4829 2942 4886 qua:
2993 4812 3064 4867 ad
3116 4825 3496 4867 communem
3553 4809 3817 4862 nostram

2159 4909 2500 4966 societatem
2536 4904 2850 4976 pertinent,
2875 4903 2976 4972 jus
3008 4899 3272 4972 gentium
3307 4898 3548 4964 dicitur,
3582 4911 3697 4952 non
3727 4897 3820 4949 ta-

2162 5014 2295 5054 men
2347 4994 2756 5052 barbaricum:
2812 5008 3022 5048 nomen
3075 4989 3233 5046 enim
3283 4986 3553 5059 gentium
3613 4983 3710 5040 hic
3740 4983 3825 5038 ita

2169 5087 2343 5142 debet
2372 5084 2576 5156 accipi,
2612 5087 2676 5139 ut
2729 5099 2828 5138 eas
2879 5081 3070 5137 solum
3123 5078 3391 5134 nationes
3434 5092 3566 5147 quae
3594 5071 3827 5146 legibus

2169 5181 2396 5248 parent,
2417 5173 2806 5247 complectatu
2818 5169 3162 5242 r.Civilejus
3177 5171 3268 5224 est
3288 5165 3495 5232 locale,
3519 5168 3576 5220 et
3591 5179 3660 5219 ex
3691 5179 3827 5234 usu,

2167 5267 2322 5338 quod
2349 5263 2707 5338 jampridem
2730 5260 3091 5334 tripertitum
3125 5263 3236 5314 est.
3263 5256 3453 5328 Hujus
3486 5253 3644 5311 enim
3669 5250 3829 5323 juris

2167 5361 2362 5430 partes
2393 5360 2555 5422 sunt,
2602 5356 2782 5428 Leges
2831 5351 3137 5408 duodecim
3189 5347 3552 5417 tabularum,
3586 5347 3830 5401 Decreta

2169 5447 2528 5520 principum,
2559 5444 2760 5500 Edicta
2790 5446 3126 5516 praetorum.

2239 5537 2406 5592 Nunc
2435 5551 2568 5591 vero
2599 5533 2912 5590 dicendum
2947 5533 3034 5586 est
3062 5529 3216 5585 circa
3253 5543 3380 5599 quas
3405 5525 3508 5596 jus
3535 5524 3823 5580 versetur.

2166 5627 2247 5684 Ea
2277 5628 2419 5683 sunt
2449 5641 2735 5697 personae,
2767 5639 2859 5678 res
2911 5625 2967 5676 et
2991 5619 3270 5675 actiones.
3319 5613 3659 5679 Actionum,
3693 5626 3824 5684 quas

2166 5717 2364 5791 plures
2397 5719 2555 5782 sunt,
2590 5719 2842 5786 quatuor
2891 5713 3112 5766 matres
3144 5707 3444 5774 dicuntur,
3476 5718 3626 5776 quas
3673 5697 3824 5791 obli-

2165 5790 2428 5884 gationes
2456 5808 2682 5873 vocant,
2707 5801 2968 5875 legitima
2989 5797 3239 5868 vincula,
3271 5812 3351 5869 re,
3382 5794 3559 5852 verbis
3591 5790 3824 5859 litteris,
