4100 6424
319 412 438 474 929

317 548 418 612 Ἀς
447 542 644 622 ένοχᾶς
675 543 987 618 ὠνόμασαν,
1019 537 1253 616 δεσμούς
1277 562 1428 604 τινας
1460 537 1723 604 δικαίους.

326 637 390 692 Ἣ
421 636 530 704 Ῥὲ,
563 637 599 706 ἡ
633 628 852 708 Βέρῦις,
886 633 1152 707 Δίττερις,
1183 630 1412 709 τετάρτη
1447 634 1482 702 ἡ
1513 631 1830 688 Κονσένσου.

319 726 392 783 Ἠ
427 725 514 780 Ῥὶ
543 727 709 800 γεννᾷ
737 721 1121 798 πραγματικάς
1151 721 1368 798 ἀγωγὰς
1396 725 1523 798 γοῦν
1566 720 1657 776 καὶ
1693 720 1878 794 μόνας.

321 817 523 890 Μήτηρ
553 810 612 870 δὲ
641 807 838 890 Βέρϐις
869 811 1047 891 πέφυκ
1075 812 1088 834 ’
1114 813 1148 882 ἡ
1182 812 1306 888 περὶ
1339 809 1391 882 ἐξ
1424 809 1777 869 στιπουλάτο.

327 901 564 962 Πλάττει
593 903 684 960 καὶ
711 904 746 974 ἦ
781 903 1086 960 Κονσένσου
1119 899 1177 957 δὲ
1203 901 1298 964 τὰς
1320 899 1644 964 συναινέσεις
1675 897 1809 975 ἅμα.

325 996 394 1052 Ἦ
424 992 672 1068 Λίττερις
701 991 769 1048 τὰ
791 991 1090 1068 γράμματα
1115 991 1296 1068 γυμνά
1320 988 1655 1068 πραγμάτων
1681 989 1888 1066 τεύχει,

329 1085 392 1143 Εἰ
421 1085 523 1162 γὰρ
551 1103 636 1146 τις
670 1079 836 1158 χρέος
865 1082 1123 1158 γράψειεν
1157 1079 1460 1157 ἆνάργυρον
1492 1079 1542 1135 έν
1575 1079 1811 1148 τούτοις,

330 1173 430 1230 Καὶ
465 1173 542 1247 μῆ
573 1172 900 1247 προσθήσει,
934 1167 1188 1238 δέσποτα,
1226 1168 1430 1243 μέμψιν
1464 1167 1810 1244 ἀναργυρίας,

332 1262 430 1319 Καὶ
462 1259 645 1332 διετῆς
678 1259 946 1335 έκρεύσειε
976 1258 1178 1336 χρόνος
1210 1256 1262 1314 έν
1299 1259 1448 1332 μέσῳ
1479 1255 1668 1328 πάλιν,

334 1353 648 1430 Γράμμασι,
681 1349 934 1420 δέσποτα,
965 1347 1159 1406 λοιπὸν
1194 1352 1604 1422 κατακρατεῖται
1641 1367 1848 1422 μονοις.

333 1443 445 1512 Τὴν
477 1441 682 1517 λίτεριν
717 1437 774 1497 δὲ
795 1438 1124 1496 πλάττουσιν
1157 1437 1208 1510 έξ
1247 1437 1480 1514 ἡσυχίας
1516 1437 1707 1511 μόνης,

336 1533 523 1603 ἩῬὶ,
565 1529 819 1606 σημαίνει
851 1529 1163 1607 πράγματα,
1199 1531 1232 1598 ἡ
1288 1521 1504 1603 Βέρϐις,
1537 1525 1736 1602 ψιλοὺς
1775 1524 1996 1602 λόγους.

338 1624 404 1682 Ἡ
435 1621 703 1697 Λίττερις,
733 1621 802 1676 τὰ
831 1619 1154 1696 γράμματα,
1177 1616 1456 1686 κονσένσο,
1490 1615 1841 1678 συναινέσεις.

340 1711 574 1784 Ἑκάστη
608 1707 666 1766 δέ
694 1715 802 1766 τῶν
834 1709 1067 1785 ἀγωγῶν
1102 1708 1320 1784 ἀγωγὰς
1353 1703 1568 1768 πολλὰς
1597 1705 1795 1764 τίκτει.

344 1803 466 1860 Ἐπὶ
498 1798 554 1858 δέ
580 1821 664 1864 τις
695 1799 937 1878 ἐνέχεται
959 1795 1338 1872 πλημμελῶν.
1369 1793 1406 1867 ἤ
1440 1790 1802 1870 συμϐάλλων,

341 1894 410 1950 Ἠ
441 1891 812 1971 φανερώτερον
839 1889 1032 1958 εἰπεῖν,
1066 1886 1203 1963 πρός
1234 1908 1383 1952 τινας
1409 1883 1821 1942 συναλλάσσων.

343 1983 482 2040 Ἀπὸ
514 1979 572 2038 δέ
591 1980 706 2052 πλη
718 1977 906 2055 μμελή
918 1997 1087 2054 ματος
1116 1977 1334 2056 ἀγωγὰς
1363 1974 1542 2053 εὕροις
1569 1975 1790 2045 ταύτας,

339 2074 450 2144 Τῆν
508 2070 788 2148 Φούρτην,
837 2071 935 2138 τήν
998 2069 1124 2146 περὶ
1180 2065 1417 2137 κλοπῆς,
1467 2073 1533 2122 Βι
1595 2067 1874 2144 βονορουμ
1903 2085 2004 2144 ρα-

1595 2160 1602 2226 Ι
1618 2177 1824 2232 πτορου
1833 2178 1893 2230 μ,

340 2251 498 2313 Ἤτις
531 2248 708 2327 βιαίαν
743 2249 992 2325 ἁρπαγὴν
1037 2247 1372 2322 πραγμάτων
1407 2243 1719 2323 έρμηνεύει,

342 2342 456 2410 Τὴν
491 2340 898 2414 Ἰνιουριάρουμ
925 2338 1005 2408 τὲ,
1035 2336 1158 2408 ἥτις
1191 2331 1344 2412 ὕϐριν
1373 2337 1656 2409 σημαίνει,

339 2431 444 2489 Τὸν
474 2451 535 2486 τε
568 2429 660 2504 μὲν
691 2426 1027 2498 ’Δκουίλιον,
1059 2427 1150 2481 τὸν
1179 2425 1302 2500 περῖ
1333 2429 1432 2491 τῆς
1467 2425 1667 2498 ζημίας
1700 2441 1712 2456 ·

340 2520 426 2592 Ἐξ
458 2521 532 2574 ὢν
560 2517 725 2574 πάλιν
760 2517 833 2580 ὡς
865 2521 1152 2590 ποταμῶν,
1187 2515 1468 2592 ῥευμάτων
1496 2535 1553 2568 τε
1585 2511 1876 2588 δευτέρων,

341 2606 612 2685 Κρουνοὺς
645 2605 892 2682 εύρήσεις
925 2605 1149 2681 ἀγωγῶν
1183 2604 1511 2681 προσφόρως
1545 2601 1892 2678 ἐκχυθέντας.

411 2699 578 2774 Ὅρος
610 2693 667 2752 δὲ
697 2694 1175 2770 συναλλᾳγματος,
1209 2695 1285 2758 ὡς
1307 2691 1471 2769 ἤρεσε
1499 2698 1616 2754 τοῖς
1648 2691 1865 2765 νόμοις,

342 2787 675 2850 Συναίνεσις,
707 2785 798 2840 καὶ
827 2785 1100 2844 σύννευσις
1130 2781 1402 2838 πλειόνων
1435 2777 1784 2854 θελημάτων,

338 2879 411 2935 ’Ἡ
439 2874 536 2932 δύο
564 2876 628 2930 τὸ
659 2874 976 2950 ἐλάχιστον,
1009 2874 1086 2935 εἷς
1119 2871 1248 2926 αὐτὸ
1280 2868 1726 2944 συνδραμόντων.

339 2966 488 3021 ’¹Ωστ’
521 2963 716 3038 ένοχῆς
749 2963 1081 3034 ποιήσασθαι
1114 2957 1342 3032 δύναμιν
1376 2959 1681 3036 παραυτίκα
1714 2977 1726 2992 ⁸

347 3055 440 3115 Εἲς
469 3053 630 3128 χάριν
658 3049 714 3107 δὶ
743 3051 932 3130 ῥητέον
965 3073 1061 3106 σου
1093 3055 1199 3105 τῶν
1230 3049 1434 3125 ένυχῶν
1469 3049 1720 3120 ἑκάστην,

347 3142 460 3206 Τὰς
490 3141 756 3218 φυομένας
783 3141 1002 3218 ἀγωγὰς
1028 3139 1100 3194 ἵν’
1129 3134 1259 3215 ἔχῃς
1288 3137 1627 3213 ἀσυγχύτως.

341 3231 446 3290 Καὶ
476 3231 574 3294 τὰς
608 3231 842 3304 μητέρας
863 3225 1124 3306 ἀκριϐῶς,
1157 3228 1293 3305 πρὸς
1328 3225 1386 3283 δὶ
1413 3227 1508 3289 τὰς
1539 3225 1850 3302 θυγατέρας.

341 3323 460 3392 Τῆς
489 3319 550 3398 ῥὲ
576 3326 676 3392 τῆς
700 3319 754 3376 έν
782 3325 900 3382 τοῖς
930 3319 1236 3396 πράγμασιν
1263 3313 1398 3390 ἔστι,
1431 3319 1466 3387 ἡ
1499 3316 1796 3386 Δεποσίτης

337 3627 546 3696 quarta
602 3621 901 3678 Consensu.
961 3619 1252 3694 Obligatio
1309 3636 1438 3692 quae
1495 3636 1556 3674 re
1608 3618 1999 3689 contrahitur,

344 3713 538 3785 gignit
569 3711 725 3768 solas
757 3711 944 3766 reales
976 3711 1257 3767 actiones.
1290 3713 1425 3777 Quae
1467 3710 1662 3774 verbis,
1698 3713 1886 3764 mater
1916 3713 2006 3764 est

343 3802 594 3858 actionis
623 3818 692 3858 ex
723 3799 1031 3873 stipulatu.
1065 3801 1201 3864 Quae
1222 3799 1731 3864 consensu,l'ormat
1761 3813 2005 3853 conven-

344 3891 556 3947 tiones.
589 3891 723 3957 Qua:
759 3890 984 3956 litteris,
1010 3889 1232 3945 nudam
1256 3903 1452 3943 rerum
1485 3887 1837 3959 scripturam
1861 3902 2004 3941 con-

343 3981 537 4036 struit.
573 3980 632 4036 Si
666 3979 798 4052 quis
830 3978 986 4035 enim
1018 3978 1282 4033 debitum
1317 3993 1430 4032 non
1493 3979 1803 4031 numerata
1830 3991 2005 4046 pecu-

344 4070 442 4125 nia
473 4068 795 4140 scripserit,
849 4083 1059 4138 neque,
1111 4083 1143 4122 o
1188 4067 1446 4134 domine,
1501 4065 1659 4121 intra
1697 4063 2004 4120 biennium

344 4160 414 4214 de
445 4158 695 4232 pecunia
726 4175 839 4213 non
875 4161 1188 4213 numerata
1216 4155 1512 4228 querelam
1549 4155 1815 4218 moverit,
1848 4151 2008 4208 dein-

345 4263 483 4319 ceps
513 4247 667 4314 quod
719 4247 861 4304 solis
908 4245 1122 4302 litteris
1174 4246 1432 4300 debitum
1469 4247 1580 4314 est,
1627 4242 2002 4314 prmvalebit:

347 4335 470 4393 solo
503 4335 736 4392 silentio
784 4335 1066 4408 obligatio
1112 4333 1324 4389 litteris
1371 4333 1761 4389 contrahitur.
1793 4333 1888 4398 Ke,
1920 4331 2007 4388 si-

346 4425 591 4498 gniﬁcat
649 4441 742 4481 res
809 4425 1020 4490 Verbis,
1083 4423 1274 4478 nudos
1333 4437 1694 4477 sermones:
1755 4423 2004 4492 Litteris,

349 4515 705 4587 scripturam
735 4529 749 4569 :
783 4515 1081 4583 Consensu,
1128 4515 1318 4584 pacta.
1375 4511 1589 4566 Deinde
1619 4511 1752 4582 quis
1781 4509 2007 4584 obliga-

347 4607 467 4672 tur,
499 4603 586 4660 vel
619 4603 992 4676 delinquens,
1025 4601 1114 4658 vel
1146 4599 1520 4668 contrahens,
1547 4597 1659 4672 vel,
1693 4603 1758 4654 ut
1789 4599 2007 4655 clarius

349 4692 565 4759 dicam,
599 4707 723 4748 rem
775 4691 1031 4762 aliquam
1092 4706 1224 4746 cum
1258 4688 1392 4744 aliis
1425 4705 1625 4760 agens.
1683 4688 1765 4744 Ex
1794 4687 2006 4744 delicto

353 4783 458 4837 has
518 4781 780 4837 actiones
859 4779 1224 4852 comperies,
1283 4779 1478 4848 Furti,
1538 4775 1667 4851 Περὶ
1722 4772 1938 4845 κλοπῆς
1989 4794 2004 4834 :

359 4871 419 4926 Vi
476 4871 741 4926 bonorum
797 4877 1120 4941 raptorum,
1181 4885 1358 4940 quam
1430 4866 1751 4922 violentum
1807 4882 2004 4922 rerum

350 4965 584 5033 raptum
617 4961 1041 5032 interpretare:
1074 4959 1443 5027 Iniuriarum,
1477 4973 1604 5030 quae
1649 4955 2008 5028 petulantem

349 5049 772 5106 contumeliam
834 5048 1167 5120 signiﬁcat:
1227 5046 1641 5120 Aquiliaslegie
1693 5045 2006 5114 actionem,

350 5139 472 5196 sive
503 5141 579 5195 De
606 5139 826 5194 danmo.
871 5139 954 5193 Ex
983 5137 1194 5208 quibus
1247 5143 1531 5208 tanquam
1587 5136 1922 5206 ﬂuviorum,
1952 5140 2012 5191 et

349 5233 639 5286 ﬂuctuum
673 5229 1072 5283 secundorum
1104 5227 1495 5298 scaturigines
1526 5224 1827 5280 actionum
1859 5240 2012 5280 com-

351 5319 524 5373 mode
556 5317 832 5374 salientes
864 5317 1136 5388 reperies.

423 5405 694 5462 Deﬁnitio
707 5411 1064 5472 contractus,
1091 5409 1151 5460 ut
1166 5404 1396 5475 legibus
1415 5402 1754 5476 placuit,est
1770 5419 2012 5459 consen-

351 5513 458 5554 sus
489 5501 546 5550 et
573 5495 932 5568 conspiratio
965 5494 1248 5566 plurium,
1281 5493 1366 5549 vel
1413 5493 1486 5547 ad
1517 5493 1716 5548 minus
1757 5493 2010 5548 duarum

351 5584 724 5641 voluntatum
759 5583 832 5638 ad
863 5583 1019 5638 idem
1062 5580 1560 5638 concurrentium.
1614 5579 2010 5644 Quemadmo-

356 5675 499 5731 dum
549 5672 833 5747 obligatio
890 5672 1072 5729 robur
1125 5671 1407 5739 obtineat,
1467 5669 1666 5726 statim
1725 5669 2010 5728 dicemus.

355 5765 526 5827 Nunc
556 5764 713 5823 enim
749 5761 836 5822 tui
880 5761 1070 5840 gratia
1113 5759 1360 5838 singulas
1403 5757 1790 5836 obligationes
1828 5759 2008 5836 expli-

1677 407 2059 472 SYNOPSIS
2105 407 2400 470 LEGUM.

3629 405 3754 469 930

2002 543 2056 612 Α
2089 538 2401 610 Ἑλληνιστῖ
2436 537 2488 594 δὶ
2509 537 2711 618 πέφυκε
2731 542 2766 612 ἡ
2799 539 3224 617 παρακαταθήκη
3261 558 3274 573 ³

2092 633 2155 690 Ἡ
2178 626 2520 704 Κομμοδάτη
2555 627 2823 704 δεύτερον,
2848 637 3048 708 χρῆσις
3074 633 3182 685 τῶν
3218 627 3518 705 δεδομένων
3552 649 3566 666 ·

2097 722 2160 779 Ἠ
2193 718 2574 798 Πιγνερατικία
2601 739 2680 789 τε,
2713 721 2748 790 ἡ
2770 721 2893 796 περὶ
2918 717 3190 796 ἐνεχύρων
3219 739 3232 752 ·

2095 811 2162 869 Ἡ
2191 811 2315 886 περὶ
2347 811 2688 880 ἀπαιτήσεως
2721 807 3102 886 κληρονομίας
3131 807 3302 883 ἄλλη,

2097 902 2200 958 ’Ήν
2232 897 2579 977 Ἑρεδιτάτης
2611 898 2834 976 λέγουσι
2865 899 3110 976 περίτζιο
3142 905 3361 955 Λατῖνοι
3397 920 3409 934 ο

2099 990 2242 1066 Πρὸς
2275 986 2332 1045 δὲ
2360 987 2424 1044 αδ
2457 983 2780 1063 εξιϐεύδουμ
2807 988 3052 1053 Λατίνιος
3074 988 3361 1065 εἰρημένη,

2099 1081 2164 1138 Ἡ
2195 1079 2320 1156 περὶ
2345 1079 2732 1154 παραστάσεως
2758 1079 3092 1156 πραγμάτων
3126 1079 3535 1155 κεκρυμμένων.

2099 1171 2205 1234 Τῆς
2235 1167 2293 1246 ῥέ
2321 1165 2673 1238 κονδικίκιος,
2707 1169 2771 1238 ἠν
2801 1167 2906 1244 ῥὲμ
2935 1165 2993 1223 δὲ
3021 1169 3056 1238 ἡ
3088 1167 3327 1224 καθόλου
3352 1186 3364 1200 ·

2101 1258 2245 1334 Πρὸς
2273 1257 2488 1321 τούτοις
2517 1259 2584 1313 τὰ
2615 1255 2962 1336 Ἰντέρδικτα,
2994 1256 3118 1328 ἤτοι
3151 1258 3538 1336 παραγγελίαι.

2100 1353 2207 1418 Τῆς
2269 1341 2462 1422 Βερϐις
2523 1344 2580 1402 δὲ
2635 1354 2736 1418 τῆς
2801 1347 3005 1424 ένοχῆς
3083 1347 3249 1422 ἐστιν,
3326 1351 3361 1418 ἡ
3425 1346 3478 1420 ἐξ
3535 1368 3756 1406 στιπου-

3472 1439 3653 1514 [Λάτο,

2103 1527 2226 1604 Ἀφ’
2247 1527 2314 1596 ἦς
2346 1527 2374 1581 6
2404 1526 2622 1603 τζέρτος
2654 1525 2856 1605 πέφυκε
2887 1525 3257 1594 κονδικτίκιος
3285 1529 3494 1604 τρέχει,

2107 1615 2248 1691 Πρὸς
2273 1615 2474 1686 ταύτης
2499 1616 2588 1671 καὶ
2622 1615 2650 1670 ὁ
2684 1613 2978 1693 ἵντζερτος,
3013 1616 3221 1692 ἀῦωγαὶ
3250 1613 3296 1672 δ’
3325 1607 3483 1674 αὗται
3511 1615 3632 1691 δύο,

2111 1707 2198 1779 Ἐξ
2231 1704 2566 1762 στιπουλάτο
2600 1701 2656 1760 δέ
2688 1705 2856 1774 ἐστιν,
2886 1705 3248 1784 ἐπερώτησις,
3277 1703 3424 1779 ἄναξ.

2115 1799 2265 1853 Πᾶσα
2298 1791 2358 1852 δέ
2380 1797 2432 1872 γ’
2458 1793 2818 1872 ἐπερώτησις,
2849 1793 2884 1866 ἤ
2917 1793 3128 1870 δήλων,
3161 1794 3198 1867 ἤ
3231 1797 3496 1873 κρυφίων,

2115 1887 2168 1908 ’Π
2199 1887 2230 1908 ,9
2260 1887 2332 1908 κγ-
2371 1885 2384 1908 ς
2425 1907 2477 1908 ηε
2530 1883 2553 1908 δ
2624 1885 2668 1908 η’
2738 1907 2748 1908 κ
2777 1907 2784 1908 ,
2846 1883 2876 1908 )I
2913 1886 3022 1908 ,vl,
3209 1885 3236 1908 Ἰ
3267 1886 3288 1907 3-
3357 1888 3402 1908 νυ

2036 1929 2082 1993 Β
2115 1887 2230 1964 Ἐφ’
2252 1887 2334 1948 οἷς
2364 1885 2392 1940 6
2424 1881 2809 1958 κονδικτίκιος,
2840 1883 2876 1954 ἤ
2907 1886 3169 1962 τζέρτων,
3200 1885 3236 1956 ἤ
3267 1886 3576 1964 ἷντζέρτων.

2115 1977 2179 1993 In.
2302 1971 2346 1993 δῖ
2483 1973 2507 1993 δ
2608 1976 2620 1993 Ι
2786 1975 2798 1993 9
2965 1977 2976 1993 1
3209 1976 3220 1993 Ι

2115 1977 2266 2032 Ἔστι
2299 1971 2356 2030 δὲ
2377 1973 2746 2040 κονδικτίκιος
2775 1975 3122 2048 ἀπαιτήσεως
3155 1976 3336 2054 φύσις,

2112 2067 2182 2124 ’Ἠ
2213 2065 2456 2141 τζέρτος,
2475 2062 2602 2135 ἤτοι
2633 2067 2880 2144 φανερὸς,
2905 2063 3184 2140 ’ίντζερτος
3217 2067 3614 2142 κεκρυμμένος.

2115 2157 2230 2224 Τῆς
2264 2149 2448 2232 βερϐίς
2482 2154 2684 2230 ένοχῆς
2719 2154 2858 2210 ἐστιν
2891 2155 2926 2224 ἣ
2961 2155 3379 2232 Ἐξστιματόρια

2110 2246 2274 2302 Ὃταν
2305 2241 2715 2319 διατιμύσωμαι
2747 2249 2978 2320 πρᾶγμα
3001 2243 3093 2299 καί
3115 2264 3202 2302 σοι
3235 2243 3468 2320 παρέξω,

2112 2333 2321 2405 Εἰπὼν,
2355 2335 2430 2397 ὡς
2462 2333 2692 2410 πράσας,
2727 2335 2972 2408 Κόμισον
2997 2333 3312 2408 νομίσματά
3344 2356 3440 2408 μοι
3468 2333 3622 2406 τόσα,

2110 2424 2172 2480 Εἰ
2205 2423 2262 2478 δὲ
2297 2425 2373 2497 μῆ
2397 2423 2530 2479 τόσα
2561 2421 2682 2494 δοίη
2717 2445 2818 2490 τις,
2857 2421 3006 2478 δίδου
3036 2426 3098 2478 τὸ
3132 2421 3441 2499 διδομένον.

2110 2519 2218 2584 Τῆς
2251 2507 2437 2590 βερϐις
2469 2513 2620 2577 αὗθις
2653 2511 2858 2588 ένοχῆς
2890 2512 2992 2588 ἦγε
3019 2513 3207 2586 Δάμνη
3239 2514 3480 2592 ἱνφάκτι,

2108 2606 2266 2666 ’Ἦτις
2299 2609 2525 2659 κινεῖται
2559 2601 2857 2667 πίπτοντος
2887 2603 3130 2679 γείτονος
3163 2601 3461 2678 δωματίου.

2109 2697 2218 2762 Τῆς
2245 2687 2429 2769 βέρϐις
2459 2692 2626 2747 πάλιν
2657 2693 2859 2770 πέφυκε
2891 2691 2992 2768 ἥγε
3019 2691 3378 2770 Πρεγατορία,

2109 2787 2178 2851 ᾚ
2208 2783 2297 2837 τὸν
2328 2781 2829 2857 κληρονομήσαντα
2861 2779 3110 2857 εὐλόγως
3143 2783 3229 2836 καὶ
3263 2782 3591 2860 προσφόρως

2110 2872 2204 2926 Ἐκ
2232 2871 2404 2925 πόσου
2439 2869 2637 2945 μέρους
2671 2869 2845 2945 ἐρωτᾷ
2873 2875 3050 2942 ζητεῖν
3082 2870 3481 2948 κληρονομίαν.

2106 2960 2170 3017 Ἡ
2203 2960 2579 3036 Λεγατόρουμ,
2611 2957 2757 3030 ἄλλη
2791 2981 2872 3021 τις
2903 2959 3168 3038 ἀσφάλεια
3198 2959 3453 3036 λεγάτου.

2107 3049 2172 3104 Ἢ
2204 3070 2264 3104 τε
2299 3049 2392 3120 μὲν
2419 3048 2711 3104 ΙΙεκνυνίαε
2741 3049 3120 3104 κονστιτούταε
3152 3049 3324 3120 αὖθις,

2103 3141 2259 3199 ’Ἠτις
2290 3138 2388 3206 τῆν
2422 3137 2810 3214 ἁντιφώνησιν,
2837 3137 2925 3192 καὶ
2959 3139 3060 3206 τήν
3093 3137 3288 3214 ἐγγύην
3319 3136 3486 3216 λέγει.

2106 3229 2221 3295 Τῆς
2251 3223 2298 3279 δ’
2321 3223 2519 3300 ἆνογῆς
2547 3232 2648 3294 τῆς
2673 3223 2916 3300 Λίττερις
2942 3227 3126 3302 ἀγωγὴ
3161 3221 3394 3283 Νοϐάτιο

2025 3301 2069 3368 C
2104 3316 2182 3372 T6
2210 3314 2373 3391 χρέος
2396 3316 2768 3394 μεταφέρουσα
2794 3316 2857 3370 τὸ
2879 3301 3112 3371 παλαιὸν
3143 3315 3220 3380 εἲς
3243 3318 3387 3375 νέον.

3361 3406 3532 3464 Vers.
3567 3407 3693 3464 155.

2113 3618 2312 3675 caudae
2344 3620 2586 3684 sunt,ut
2616 3616 2894 3672 distincte
2923 3622 2980 3673 et
3007 3623 3228 3690 exacte,
3259 3623 3477 3677 matres
3509 3625 3566 3677 et
3593 3621 3770 3695 ﬁlias,

2113 3713 2283 3764 natas
2313 3707 2534 3764 scilicet
2581 3707 2866 3776 actiones,
2913 3707 3150 3764 habeas.
3208 3709 3500 3782 Obligatio
3548 3729 3678 3784 quae
3709 3729 3772 3770 re

2111 3797 2480 3852 contrahitur
2511 3796 2566 3850 in
2600 3797 2777 3852 rebus
2833 3801 2940 3866 est,
2973 3813 3041 3853 ex
3100 3815 3216 3869 qua
3247 3798 3436 3854 oritur
3483 3801 3634 3857 actio
3664 3803 3772 3858 De-

2111 3887 2298 3957 positi,
2351 3885 2546 3942 Graece
2593 3885 3068 3960 παρακαταθήκητ
3119 3887 3482 3954 Commodati,
3516 3907 3644 3961 quae
3685 3895 3775 3947 est

2113 3991 2259 4030 usus
2317 3974 2398 4030 rei
2453 3974 2685 4029 tradite
2744 3979 2800 4029 et
2858 3975 3307 4032 commodatis:
3367 3979 3772 4049 Pignoratitia,

2113 4081 2242 4136 qua:
2272 4068 2361 4119 est
2392 4065 2462 4118 de
2493 4063 2859 4136 pignoribus.
2911 4063 3044 4119 Alia
3093 4061 3388 4134 ἀπαίτησις
3434 4071 3534 4134 τῆς
3562 4063 3773 4142 κληρο-

2112 4152 2349 4224 νομίας,,
2399 4171 2572 4225 quam
2625 4151 2813 4208 Latini
2866 4153 3208 4225 petitionem
3259 4155 3619 4214 haereditatis
3671 4174 3773 4212 vo-

2114 4249 2289 4299 cant:
2323 4243 2476 4298 actio
2508 4242 2686 4298 etiam
2738 4241 2810 4297 ad
2847 4243 3242 4312 exhibendum,
3295 4249 3359 4299 ut
3399 4247 3596 4302 Latine
3627 4246 3773 4302 dici-

2117 4337 2231 4402 tur,
2266 4349 2396 4404 quae
2423 4331 2496 4388 de
2527 4331 2703 4387 rebus
2733 4329 3002 4402 occultis,
3036 4337 3102 4387 ut
3135 4337 3330 4404 palam
3362 4334 3773 4406 exhibeantur,

2115 4426 2320 4478 contra
2350 4421 2498 4476 clam
2535 4421 2939 4492 possidentem
2989 4419 3267 4478 instituta
3315 4427 3441 4479 est:
3487 4425 3616 4496 ejus
3647 4441 3776 4496 quas

2116 4527 2177 4566 re
2208 4509 2578 4566 contrahitur
2625 4514 2716 4564 est
2771 4509 3083 4582 condictio,
3136 4527 3266 4582 quae
3319 4513 3669 4586 generaliter
3714 4514 3776 4570 in

2117 4617 2241 4655 rem
2294 4599 2530 4656 dicitur.
2582 4599 2694 4655 Eas
2743 4599 3006 4655 actiones
3057 4607 3392 4672 sequuntur
3439 4603 3775 4672 interdicta,

2117 4691 2238 4747 sive
2295 4689 2795 4746 denuntiationes.
2849 4695 2926 4744 Ex
2978 4689 3332 4762 obligatione
3380 4709 3504 4763 quas
3555 4693 3772 4764 verbis,

2116 4779 2274 4835 venit
2302 4797 2370 4836 ex
2417 4777 2730 4852 stipulatu,
2765 4795 2794 4833 e
2845 4795 2962 4849 qua
2993 4779 3120 4833 duae
3174 4781 3437 4838 actiones
3480 4782 3774 4853 oriuntur,

2118 4869 2409 4926 condictio
2440 4871 2586 4924 certi
2636 4871 2693 4923 et
2739 4865 2967 4922 incerti.
3003 4867 3081 4922 Ex
3129 4867 3407 4940 stipulato
3439 4876 3529 4928 est
3568 4867 3777 4945 ἐπερώ-

2115 4975 2296 5027 τησις,
2329 4957 2448 5014 sive
2496 4956 2900 5029 interrogatio,
2957 4973 2989 5011 o
3039 4957 3378 5030 imperator.
3435 4959 3642 5016 Omnis
3671 4977 3774 5017 au-

2115 5051 2230 5103 tem
2264 5046 2569 5119 stipulatio
2618 5050 2708 5101 est
2755 5061 2950 5101 rerum
3003 5046 3476 5114 manifestarum,
3521 5049 3611 5106 vel
3667 5051 3775 5106 ob-

2118 5152 2447 5204 scurarum,
2483 5135 2637 5192 unde
2670 5135 2810 5190 certi
2865 5137 2922 5190 et
2970 5135 3173 5190 incerti
3226 5137 3554 5195 condictio:
3603 5143 3778 5195 natu-

2118 5241 2241 5280 ram
2300 5223 2603 5296 petitionis
2651 5224 2942 5279 condictio
2990 5225 3376 5297 demonstrat,
3428 5229 3567 5283 certi
3621 5227 3777 5284 dilu-

2121 5314 2340 5382 cidum,
2373 5313 2579 5370 incerti
2629 5313 2928 5368 occultum
2963 5313 3276 5386 signiﬁcat.
3309 5319 3389 5371 Ex
3421 5315 3780 5390 obligatione

2119 5402 2335 5472 verbis,
2371 5403 2636 5459 nascitur
2663 5403 2838 5458 etiam
2897 5403 3284 5460 zEstimatoria
3313 5423 3331 5458 :
3364 5405 3414 5460 si
3445 5423 3568 5462 rem
3619 5407 3769 5462 aesti-

2121 5509 2300 5563 mem,
2333 5495 2390 5547 et
2415 5492 2522 5547 tibi
2555 5491 3018 5561 tradam,dicens
3050 5509 3116 5547 ac
3145 5493 3194 5548 si
3224 5495 3534 5550 venderem
3561 5511 3573 5551 :
3603 5496 3778 5552 Dabis

2123 5581 2269 5637 mihi
2319 5585 2407 5636 tot
2454 5597 2755 5650 nummos,
2806 5587 2862 5636 et
2912 5579 3026 5636 nisi
3080 5581 3331 5652 dederis,
3383 5585 3594 5640 reddes
3653 5599 3778 5641 rem

2119 5671 2422 5728 traditam.
2455 5673 2675 5728 Iterum
2707 5686 2777 5727 ex
2826 5669 3177 5743 obligatione
3207 5671 3401 5730 verbis
3447 5671 3776 5745 descendit,

2121 5761 2330 5820 Damni
2357 5761 2570 5834 infecti,
2602 5777 2730 5837 qua
2780 5757 2973 5818 vicina
3021 5759 3197 5820 domo
3244 5759 3480 5818 ruinam
3511 5761 3776 5823 minante
