4100 6400
375 359 485 419 931

376 488 595 556 Ταύτης
624 487 660 554 ὴ
693 481 1006 558 Δελεγάτιο,
1038 479 1164 550 ἤτοι
1196 477 1320 554 περῖ
1353 477 1604 554 λεγάτου.

373 581 482 647 Τῆς
515 575 566 632 δῖ
595 573 851 630 κονσένσο
883 573 1085 646 ἐνοχῆς
1117 569 1257 624 ἐστιν
1290 571 1325 638 ἡ
1360 568 1409 640 ἐξ
1444 564 1685 634 Βενδίτο,

370 670 472 724 ’Ἦν
507 663 679 727 οὕτως
711 662 1074 739 ὲρμηνεύουσι
1106 659 1229 736 περὶ
1255 660 1529 734 πράσεως,
1562 655 1711 726 ἄναξ,

372 757 460 826 Ἐξ
487 755 692 827 δμπτο,
723 752 847 828 περὶ
879 751 1077 826 ἀγορᾶς
1110 769 1122 784 ⁸
1152 749 1378 816 Λοκάτι,
1415 744 1677 820 μίσθωσίς
1705 765 1788 806 τις
1824 763 1836 777 ·

373 843 696 912 Κονδούκτι,
729 845 763 912 ἠ
798 840 1130 914 ἐκμίσθωσις
1165 859 1178 873 ο
1214 835 1434 907 ἐντολὴ,
1467 838 1502 904 ἡ
1534 830 1773 889 Μανδάτι
1809 852 1821 866 ·

370 936 437 991 Ἠ
469 934 583 1008 Πρὸ
615 954 768 987 σοκιο
800 928 858 986 δὲ
888 930 1030 984 ἐστιν
1060 932 1094 998 ἡ
1128 929 1249 1002 περὶ
1284 925 1570 986 κοινωνίας
1604 944 1615 956 ·

372 1027 526 1094 Ἤτε,
560 1022 683 1098 περὶ
714 1019 1128 1092 Μνηστεύσεως,
1160 1019 1248 1072 καὶ
1283 1020 1528 1090 Δωρεῶν,
1554 1013 1644 1068 καὶ
1677 1013 1896 1084 Γάμων.

373 1115 474 1170 Καί
503 1134 665 1168 τινων
701 1110 888 1166 ἄλλων
922 1109 1182 1184 ἀγωγῶν,
1215 1106 1304 1161 καὶ
1330 1110 1496 1181 τριῶν
1530 1101 1875 1179 ἷντερδίκτων
1909 1121 1922 1134 ’

375 1204 664 1276 Σύμπασαι
697 1201 850 1255 αὗται
883 1197 1096 1272 ἀγωγαὶ
1127 1195 1330 1270 ἐνοχῆς
1357 1201 1458 1262 τῆς
1489 1196 1798 1248 κονσὲνσου.

371 1295 482 1361 Τὴν
517 1291 642 1366 περὶ
676 1289 1002 1365 προστασίας
1035 1284 1091 1340 δὲ
1117 1286 1458 1361 πραγμάτων
1491 1281 1828 1355 ἀλλοτρίων,

371 1383 528 1436 Τοῦτ’
561 1380 670 1436 ἔστι
707 1381 781 1452 μή
811 1378 1176 1452 γινώσκοντος
1209 1372 1470 1447 μηδόλως
1497 1377 1594 1427 τοῦ
1628 1369 1912 1438 δεσπότου,

373 1471 758 1545 Νεγοτιόρουμ
787 1466 1012 1542 λέγουσι
1043 1465 1246 1532 ταύτην
1273 1465 1409 1524 τινὲς
1444 1461 1780 1534 Γεστόρουμ,

374 1562 564 1617 Ἔοικε
595 1557 1044 1628 συναλλάγματος
1067 1552 1426 1627 συνάλλαγμα
1446 1551 1722 1626 τυγχάνον
1756 1570 1767 1583 ·

370 1649 616 1722 Ὁμοίως
648 1651 682 1717 ἡ
715 1644 1010 1712 Τουτέλαε,
1043 1646 1078 1712 ἡ
1111 1643 1246 1697 κατᾶ
1273 1641 1609 1717 ἐπιτρόπων.

371 1740 438 1796 Ἦ
469 1739 592 1812 περὶ
626 1737 949 1810 Διαιρέσεως
979 1732 1312 1808 πραγμάτων
1344 1729 1656 1798 ἐπικοίνων,

370 1829 432 1886 Ἦ
464 1827 588 1902 περὶ
613 1823 914 1881 Πεκουλίου
943 1845 1021 1895 τε,
1054 1821 1089 1891 ἤ
1123 1842 1180 1876 τε
1210 1819 1269 1875 ἐκ
1296 1817 1585 1891 διαθήκης,

372 1918 440 1973 ⁶Η
471 1914 795 1989 Ἰνστιτορία
822 1935 902 1982 τε,
936 1911 1022 1981 ἤτ’
1056 1911 1476 1986 ἐξκερτκιτορία,

372 2010 438 2062 Ἦ
467 2007 604 2059 κατά
630 2008 727 2058 τοῦ
755 2005 1162 2077 προστήσαντος
1191 1999 1315 2054 τινὰ
1346 1997 1724 2074 ἐργαστηρίου,

375 2095 476 2150 Καὶ
498 2094 634 2149 κατὰ
666 2097 762 2148 τοῦ
791 2093 1200 2167 προστήσαντος
1240 2089 1356 2142 τινά
1383 2088 1471 2142 ἐπὶ
1499 2085 1794 2156 θαλάσσην.

375 2185 456 2242 Τὸ
489 2182 782 2256 Κουόρουμ
809 2179 1155 2255 λεγατόρουμ
1183 2199 1240 2232 τε
1270 2174 1620 2250 Ἰντέρδικτον
1652 2175 1942 2250 τυγχάνον,

372 2273 618 2340 Ὅοῦσος,
652 2273 680 2326 ὁ
708 2270 1170 2347 οὐσούφρουκτος,
1205 2265 1370 2322 ἄλλαι
1402 2269 1449 2319 τ’
1494 2265 1702 2341 ἀγωγαὶ
1753 2264 2025 2321 πλεῖσται.

374 2368 494 2418 Τῶν
527 2361 716 2415 ὡσανεὶ
750 2360 1079 2434 τυγχάνουσι
1112 2363 1275 2411 πᾶσαι
1312 2353 1806 2429 συναλλαγμάτων.

373 2453 447 2509 Ai
481 2449 527 2506 δ’
557 2449 765 2525 ἀγωγαὶ
795 2454 904 2504 τῶν
939 2447 1128 2502 ὡσανεὶ
1162 2445 1325 2500 πάλιν
1361 2445 1797 2518 ἁμαρτημάτων,

371 2543 436 2597 Ἣ
459 2540 595 2596 κατᾶ
622 2543 717 2593 τοῦ
751 2535 1088 2602 δικάσαντος,
1123 2536 1211 2590 καὶ
1245 2533 1730 2608 παρανομηκότος,

371 2632 387 2654 ι
699 2631 725 2642 ~
837 2625 849 2644 ν
875 2625 888 2645 ς
1155 2622 1176 2644 ν
1611 2621 1624 2641 ι

390 2637 440 2686 Η
471 2629 606 2685 κατὰ
634 2649 730 2682 σου
759 2626 1120 2702 συρρήξαντος
1153 2622 1360 2678 εδικτον
1397 2624 1796 2697 ἀναισχύντως.

374 2716 579 2776 Ἀλλαι
612 2718 668 2772 τὲ
696 2737 838 2778 τινες
872 2715 1101 2789 ἀγωγαὶ,
1133 2712 1222 2767 καί
1251 2733 1392 2774 τινες
1423 2716 1530 2766 τῶν
1567 2710 1924 2788 ’Ῑμφάκτουμ.

375 2809 552 2883 Δέχου
584 2804 750 2862 πάλιν
787 2803 1047 2876 διαίρεσιν
1081 2807 1188 2857 τῶν
1215 2803 1449 2876 ἀγωγῶν
1482 2799 1766 2870 ποικίλην.

379 2901 504 2956 Τῶν
538 2897 764 2971 ἀγωγῶν
797 2895 851 2949 ai
889 2893 982 2965 μὲν
1016 2891 1119 2946 εἶσι
1148 2891 1252 2946 ἀπὸ
1284 2887 1776 2963 συναλλαγμάτων.

376 2987 446 3046 Αἰ
478 2983 536 3041 δὲ
560 2984 724 3040 πάλιν
752 2984 1073 3058 κατάγονται
1103 2980 1210 3035 ἀπὸ
1236 2979 1452 3054 ἆμαρτη
1464 2980 1670 3051 μάτων.

373 3075 448 3135 Ai
480 3074 574 3150 μέν
611 3074 714 3130 εἱσι
743 3069 1141 3148 πραγματικαὶ,
1167 3070 1222 3124 αἱ
1255 3066 1312 3123 δὲ
1341 3068 1477 3124 κατά
1506 3067 1838 3143 προσώπων,

385 3163 455 3223 Δί
489 3165 582 3240 μὲν
617 3163 721 3219 εἰσι
745 3165 924 3218 πίστει
954 3159 1122 3234 καλῇ,
1153 3159 1209 3215 αἱ
1241 3155 1297 3214 δέ
1322 3156 1425 3214 εἶσί
1451 3179 1568 3222 πως
1597 3156 1860 3232 στοίκται,

384 3462 668 3517 movetur.
721 3457 951 3514 Rursus
996 3472 1064 3512 ex
1117 3471 1186 3510 ea
1232 3452 1498 3509 nascitur
1553 3453 1890 3518 Precatoria,
1923 3470 2042 3526 qua

384 3549 603 3605 directe
661 3547 974 3602 institutus
1021 3545 1208 3600 haeres
1266 3548 1506 3614 rogatur
1553 3559 1620 3598 ex
1669 3547 1849 3606 quota
1880 3548 2042 3613 parte

385 3639 550 3694 adire
577 3635 1000 3691 hereditatem.
1050 3633 1170 3689 Alia
1217 3637 1306 3688 est
1339 3635 1686 3703 Legatorum,
1735 3631 1929 3686 cautio
1959 3631 2040 3686 le-

382 3726 504 3799 gati
535 3724 793 3781 nomine.
829 3722 1090 3778 Pecuniae
1130 3723 1456 3782 constitutae,
1489 3736 1616 3790 quae
1661 3719 2038 3791 sponsionem

381 3822 440 3872 et
460 3813 981 3887 expromissicnem
1017 3809 1276 3882 pecuniae
1307 3809 1618 3880 signiﬁcat.
1652 3807 2041 3880 Obligationis

379 3922 516 3962 vero
548 3920 672 3976 quae
708 3903 928 3958 Litteris
958 3899 1324 3956 contrahitur
1351 3898 1502 3954 actio
1533 3902 1618 3953 est
1649 3897 2039 3968 Novatio,quae

377 4000 549 4050 vetus
580 3992 844 4048 debitum
894 3991 950 4045 in
1005 4003 1217 4045 novum
1271 3987 1588 4043 transfert:
1636 3991 1693 4040 et
1736 3986 2038 4054 Delegatio,

380 4085 502 4141 sive
532 4083 602 4138 de
630 4081 842 4154 legalo.
889 4078 1277 4150 Obligationis
1305 4093 1378 4132 ex
1418 4081 1717 4140 Consensu,
1750 4079 1858 4144 est,
1892 4073 2040 4130 actio

377 4192 452 4231 ex
484 4174 726 4243 Vendito,
762 4189 963 4244 quam.
988 4187 1020 4226 ο
1053 4169 1198 4242 imp,
1231 4166 1355 4241 περὶ
1386 4163 1634 4240 πράσεως
1655 4169 2041 4238 interpretan-

379 4269 496 4321 tur.
558 4265 640 4318 Ex
695 4270 916 4333 empto,
973 4257 1096 4332 περὶ
1157 4255 1392 4330 ἀγορᾶς.
1452 4257 1666 4323 Loculi,
1732 4252 2038 4326 μίσθωσις.

382 4353 671 4423 Conducti,
723 4347 1076 4421 ἐκμίσθωσις.
1130 4345 1406 4412 Μαηιίαιί,
1457 4341 1652 4412 ἐντολή
1681 4359 1694 4399 :
1724 4360 1827 4415 pro
1873 4343 2039 4412 socio,

378 4442 504 4518 περὶ
533 4437 857 4500 κοινωνίαςε
891 4442 1170 4511 ριιωιοεθα
1221 4436 1293 4490 de
1345 4431 1733 4506 Sponsalibus,
1785 4433 2041 4487 Donatio-

1716 341 2144 406 MICHAELIS
2189 341 2461 402 PSELLI

2049 485 2103 551 Α
2137 471 2203 527 Ai
2253 473 2346 545 μὲν
2403 475 2629 548 πρᾶγμα
2674 469 3114 545 εἰσπράττουσιν,
3172 471 3228 525 αἱ
3287 467 3344 526 δὶ
3401 471 3620 543 ποινῆν,
3667 471 3723 526 αἱ
3754 467 3802 526 δ’

3681 343 3804 404 932

3493 559 3705 638 [ἄμφω.

2139 651 2210 706 Ai
2246 651 2340 720 μὶν
2370 655 2643 705 κινοῦνται
2676 650 2756 714 εἷς
2785 652 2848 707 τὸ
2880 657 3008 721 πᾶν,
3032 652 3084 706 ai
3119 647 3177 705 δὲ
3217 649 3292 713 εἰς
3331 651 3492 726 μέρος
3529 650 3718 722 μόνον,

2151 741 2222 795 Ai
2269 741 2362 813 μὲν
2415 739 2624 795 άπλοῦν
2674 740 3106 818 εἰσπράττουσιν,
3157 741 3212 795 αἱ
3280 737 3337 794 δὲ
3396 735 3648 812 διπλοῦν,
3680 760 3800 816 τρι-

3407 835 3604 911 [πλοῦν
3626 857 3708 910 τε,

2145 928 2216 984 Ai
2247 929 2341 1000 μὲν
2371 929 2460 983 καὶ
2490 927 2912 1003 τετραπλάσιον,
2946 930 2998 982 αὶ
3025 924 3080 982 δὲ
3101 928 3189 982 καὶ
3221 925 3388 981 πλέον
3418 926 3637 983 τούτου.

2147 1018 2213 1071 Ai
2245 1017 2451 1072 τούτων
2481 1015 2538 1072 δὶ
2569 1018 2856 1093 βαρύτεραι
2889 1017 3025 1090 πρὸς
3056 1016 3273 1079 τούτοις
3310 1015 3620 1088 ἀτιμοῦσιν,

2143 1107 2211 1162 Ai
2247 1106 2340 1177 μὲν
2378 1106 2509 1160 εἰσιν
2544 1106 2837 1181 ἐπίκαιροι,
2871 1107 3014 1167 τινες
3047 1103 3103 1160 δὲ
3131 1109 3238 1159 τῶν
3273 1105 3538 1180 χρονίων,

2143 1195 2210 1251 Ai
2243 1192 2300 1249 δὲ
2329 1196 2730 1271 περιορίζονταί
2758 1197 3156 1269 τεσσαράκοντα
3186 1194 3441 1269 χρόνοις.

2144 1286 2302 1347 Τινὲς
2332 1282 2388 1339 δὲ
2411 1280 2750 1340 διαϐαίνουσι
2783 1283 2872 1340 καὶ
2902 1285 3040 1338 κατὰ
3069 1283 3458 1357 κληρονόμων.

2144 1374 2216 1429 Ai
2251 1375 2344 1446 μὲν
2371 1374 2471 1429 εἰσι
2504 1376 2579 1437 ὡς
2619 1373 2842 1448 λέγουσι
2871 1373 3078 1428 τούτων
3114 1369 3486 1448 ἀρϐιτραρίαι,

2142 1463 2271 1518 Ὑπό
2301 1485 2359 1517 τε
2389 1466 2487 1532 τῆς
2521 1461 2836 1525 δικασταῖς
2866 1461 3130 1537 ἤρτηνται
3169 1461 3466 1534 μεσιτείας,

2143 1557 2278 1614 Ταῖς
2307 1550 2363 1607 δὲ
2393 1559 2493 1621 τῆς
2528 1551 2859 1626 ὑπολήψεως
2885 1556 2982 1605 τοῦ
3009 1552 3289 1625 κρίνοντος
3321 1551 3365 1606 εἰ
3401 1549 3616 1624 μέλλει.

2215 1640 2398 1712 Ἀλλη
2432 1663 2490 1697 τε
2520 1642 2750 1711 πλείστη
2783 1643 2988 1718 πέφυκε
3017 1639 3273 1716 διαίρισις
3309 1645 3416 1694 τῶν
3449 1641 3656 1714 νόμων,

2143 1731 2247 1787 Καὶ
2278 1735 2439 1786 τοῦτο
2464 1728 2520 1785 δέ
2557 1751 2649 1803 μοι
2681 1725 2963 1804 πρόσλαϐε
2992 1731 3266 1804 τυγχάνον
3298 1730 3619 1804 ἀναγκαῖον.

2142 1821 2230 1882 Ὠς
2263 1821 2315 1874 oi
2345 1821 2564 1881 κανόνες
2598 1819 2827 1880 ἅπαντες
2855 1823 2964 1872 τῶν
2984 1819 3188 1890 νόμων,
3222 1819 3554 1897 στεφηιρόρε,

2141 1909 2463 1983 Ὑπόσαθροι
2497 1910 2855 1984 τυγχάνουσι,
2888 1905 3176 1981 ψευδονται
3208 1908 3308 1984 γὰρ
3341 1907 3392 1962 ἐν
3429 1907 3600 1983 μὲρει.

2139 1998 2326 2054 Κανῶν
2370 1995 2427 2052 δὲ
2462 1996 2574 2051 ἐστι
2603 2002 2699 2052 τοῦ
2730 1999 3048 2072 πράγματος
3079 1998 3509 2070 συντετμημὲνος
3541 1996 3732 2074 λόγος.

2139 2091 2310 2160 Ὅπερ
2345 2089 2416 2150 ὡς
2451 2088 2802 2159 ὑποκείμενον
2835 2086 3101 2162 τυγχάνει
3129 2091 3208 2158 τῷ
3236 2087 3448 2154 κανόνι,

2142 2175 2380 2256 Σφειλας
2407 2174 2452 2231 δ’
2484 2177 2755 2235 ἐκπίπτει.
2789 2174 3042 2244 δέσποτα,
3076 2176 3164 2230 καὶ
3195 2180 3291 2230 τοῦ
3328 2178 3690 2250 ὑποκειμενου

2141 2272 2284 2331 Τοὺς
2318 2269 2522 2342 νόμους
2549 2267 2605 2323 δὲ
2645 2267 2984 2344 βουλόμενος
3017 2270 3220 2331 πάντας
3249 2289 3332 2322 σοι
3365 2271 3696 2343 συνοψίζειν,

2141 2360 2472 2434 Ὀριστικοῖς
2502 2360 2930 2433 προσχρήσομαι
3046 2378 3199 2430 μασι,
3228 2358 3318 2412 καὶ
3346 2357 3660 2433 συντόμοις.

2218 2447 2540 2517 Δικαιοσύνη
2576 2448 2778 2524 πέφυκε
2799 2446 3036 2520 νόμησις
3067 2451 3167 2500 τοῦ
3199 2443 3434 2501 δικαίου.

2217 2547 2434 2592 Δικαιον
2465 2536 2686 2615 φυσικόν
2722 2535 2832 2591 ἐστι
2863 2535 3046 2590 κοινὸν
3074 2541 3204 2589 πᾶσι
3235 2541 3351 2598 τοῖς
3388 2536 3568 2605 ζώοις.

2143 2629 2268 2683 Τῶν
2299 2625 2485 2697 νόμῶν
2517 2627 2545 2680 ὁ
2581 2627 2674 2698 μὲν
2706 2623 2993 2702 ἔγγραφος,
3027 2625 3054 2679 ὁ
3088 2621 3135 2678 δ’
3166 2622 3404 2702 ἄγραφος
3438 2625 3514 2688 ὡς
3546 2619 3696 2690 ἔθος.

2143 2715 2475 2786 Ἐλευθερία,
2509 2713 2740 2789 πέφυκεν
2777 2711 2926 2769 ἄδεια
2957 2715 3154 2790 φυσική
3188 2735 3270 2776 τις
3304 2733 3316 2747 ·

2147 2803 2378 2858 Δουλεία
2404 2802 2461 2858 δὲ
2493 2804 2735 2879 ὑποταγή
2775 2805 3034 2878 τυγχάνει
3068 2800 3401 2872 δεσποτείας,

2145 2896 2324 2965 ’11τις,
2357 2894 2432 2956 ὡς
2461 2891 2776 2971 ἀδιάφορος,
2809 2890 3010 2966 ἄτομόν
3042 2915 3093 2948 τι
3119 2895 3395 2969 τυγχάνει.

2144 2984 2205 3039 Ἣ
2232 2984 2486 3061 συμφορά
2518 2981 2574 3038 δὲ
2591 2990 2690 3052 τῆς
2727 2982 3119 3057 μητρὸς,τοῦτ’
3152 2979 3294 3037 ἔστιν
3327 2984 3361 3051 ἡ
3389 2984 3638 3058 πορνεία,

2145 3072 2221 3131 Οὐ
2281 3072 2510 3149 βλάπτει
2558 3074 2650 3128 τὸν
2707 3071 2758 3127 ἐν
2804 3075 2873 3147 τῇ
2942 3071 3154 3149 γαστρὶ,
3213 3077 3472 3149 περοῦσα
3529 3077 3638 3129 τῶν
3696 3094 3809 3129 πα-

3498 3162 3732 3239 [τρῴων.

3419 3255 3577 3311 Vers.
3607 3253 3731 3310 214.

2150 3454 2406 3512 edictum
2439 3455 2816 3527 impudenter
2864 3454 3144 3528 corrupit.
3198 3456 3348 3512 Sunt
3389 3458 3446 3510 et
3493 3452 3617 3510 alia!
3649 3471 3808 3526 quaa-

2151 3545 2286 3599 dam
2320 3544 2582 3600 actiones
2635 3545 2693 3598 in
2754 3545 2996 3600 factum.
3063 3546 3279 3600 Iterum
3334 3544 3534 3616 accipe
3583 3543 3809 3601 variam

2152 3634 2446 3688 actionum
2481 3633 2870 3689 divisionem:
2932 3635 3198 3705 quaedam
3250 3634 3527 3690 oriuntur
3569 3651 3638 3689 ex
3668 3651 3812 3690 con-

2150 3723 2461 3788 tractibus,
2516 3723 2778 3795 quadam
2828 3740 3034 3778 rursus
3085 3739 3153 3778 ex
3203 3723 3472 3779 delictis:
3536 3725 3810 3794 quadam

2150 3817 2291 3866 sunt
2325 3812 2530 3882 reales,
2583 3814 2850 3883 quaedam
2902 3817 3107 3868 contra
3160 3828 3486 3884 personas:
3539 3814 3810 3884 quaedam

2151 3906 2291 3957 sunt
2319 3903 2482 3958 bones
2535 3903 2688 3971 ﬁdei,
2741 3903 3009 3974 quaedam
3063 3901 3319 3958 stricte:
3373 3903 3645 3974 quaedam
3690 3919 3813 3960 rem

2151 3991 2429 4064 exigunt:
2490 3992 2758 4063 quasdam
2821 4009 3076 4064 pcenam,
3129 3992 3397 4062 quaedam
3450 3995 3810 4064 utrumque:

2151 4080 2274 4135 aliae
2355 4097 2457 4152 pro
2531 4085 2651 4136 toto
2747 4086 3104 4148 moventur,
3188 4079 3316 4136 alia:
3394 4097 3496 4153 pro
3583 4086 3811 4153 parte:

2151 4169 2278 4224 aliae
2337 4168 2619 4242 simplum
2678 4170 2970 4242 exigunt,
3025 4169 3152 4225 aliis
3212 4169 3482 4241 duplum,
3541 4170 3814 4243 triplum,

2151 4257 2574 4330 quadruplum,
2621 4258 2745 4314 alia:
2777 4263 2834 4314 et
2882 4259 3177 4330 amplius:
3212 4258 3339 4314 alie
3389 4259 3690 4332 graviores
3719 4259 3810 4315 in-

2152 4349 2375 4403 famant
2424 4365 2523 4404 eos
2572 4365 2718 4420 quos
2767 4348 3071 4404 afﬁciunt:
3126 4347 3334 4420 aliqua:
3384 4354 3524 4404 sunt
3579 4353 3808 4418 tempo-

2152 4433 2325 4502 rales,
2361 4433 2569 4508 aliquis
2603 4442 2915 4508 perpetuae,
2952 4435 3162 4508 aliqua:
3215 4436 3388 4492 annis
3420 4435 3810 4509 quadraginta

379 4532 565 4598 nibus,
597 4538 648 4586 et
675 4529 912 4600 Nuptiis,
945 4530 1002 4581 et
1051 4525 1176 4582 aliae
1225 4524 1514 4592 actiones,
1547 4528 1604 4577 et
1633 4523 1747 4576 tria
1799 4520 2040 4576 interdi-
2073 4528 2119 4591 D
2152 4523 2758 4597 deﬁniuntur,aliquae
2775 4525 3279 4581 transeuntetiam
3297 4531 3499 4581 contra
3515 4523 3808 4582 heredes:

379 4627 509 4677 cta:
545 4635 751 4676 omnes
784 4617 898 4672 illae
927 4615 1188 4670 actiones
1221 4616 1360 4668 sunt
1390 4610 1768 4682 obligationis
1799 4627 1870 4664 ox
1901 4626 2038 4664 con-

380 4728 582 4768 sensu.
615 4709 750 4773 Quae
781 4708 853 4763 ob
887 4720 1090 4761 curam
1140 4717 1336 4758 rerum
1383 4699 1712 4756 alienarum
1741 4698 2041 4754 nesciente

379 4800 620 4856 domino
671 4800 1032 4867 susceptam,
1097 4797 1380 4856 movetur,
1442 4788 1619 4860 quam
1680 4789 2041 4860 Negotiorum

377 4894 653 4960 gestorum
705 4890 934 4954 vocant,
985 4885 1323 4939 contractus
1372 4878 1604 4932 videtur
1633 4893 1763 4932 esse
1809 4881 2038 4931 contra-

379 4988 530 5034 ctus.
585 4975 888 5041 Similiter,
952 4972 1174 5036 Tutelae,
1226 4985 1352 5040 quae
1412 4972 1615 5022 contra
1672 4971 1933 5021 tutores:
1969 4967 2042 5021 De

378 5069 758 5125 communium
807 5079 996 5119 rerum
1042 5060 1328 5127 ditisione,
1379 5056 1446 5111 de
1474 5057 1711 5124 peculio,
1746 5071 1816 5110 ex
1862 5059 2038 5110 testa-

381 5165 605 5222 mento,
640 5153 958 5219 Institoria,
1005 5146 1381 5216 Exercitoria,
1416 5162 1544 5218 quae
1593 5151 1798 5200 contra
1828 5149 2039 5200 nautas

381 5251 436 5300 et
467 5260 785 5316 caupones,
841 5246 906 5296 ut
962 5241 1021 5295 in
1070 5236 1265 5293 navim
1323 5234 1412 5289 vel
1467 5235 1773 5289 tabernam
1806 5237 2042 5306 recepta

381 5334 716 5390 restituant.
781 5330 1164 5387 Interdiutum
1223 5325 1377 5396 quod
1440 5326 1683 5392 Quorum
1733 5323 2041 5394 legatorum

381 5422 617 5491 dicitur,
651 5422 822 5489 Usus,
859 5419 1258 5485 ususfructus,
1290 5418 1348 5469 et
1379 5413 1503 5468 alia:
1545 5411 1746 5467 multa
1778 5411 2040 5468 actiones

381 5515 523 5567 sunt
552 5527 757 5567 omnes
805 5527 875 5565 ex
905 5507 1074 5581 quasi
1125 5502 1547 5561 contractibus.
1602 5502 1877 5557 Actiones
1911 5518 2039 5556 rur-

382 5615 516 5656 sum
550 5598 723 5673 quasi
753 5615 823 5654 ex
867 5597 1129 5654 delictis:
1164 5609 1294 5666 quas
1316 5592 1492 5646 datur
1520 5594 1726 5646 contra
1753 5589 2039 5662 judicem,

386 5690 486 5766 qui
517 5691 720 5747 contra
769 5686 928 5762 leges
968 5681 1293 5760 judicavit:
1345 5697 1472 5756 qua
1521 5683 1726 5738 contra
1769 5695 1905 5738 eum
1937 5678 2040 5752 qui

2149 4618 2290 4667 sunt
2320 4617 2375 4668 et
2407 4613 2517 4668 illis
2561 4631 2710 4686 quas
2759 4615 3095 4670 arbitraria:
3123 4619 3354 4684 vocant,
3388 4631 3516 4687 quis
3540 4612 3814 4686 judiciali

2150 4702 2393 4758 arbitrio
2418 4703 2796 4760 instruuntur
2817 4703 3117 4774 exjudicis
3138 4703 3564 4759 aestimationes
3580 4702 3632 4758 si
3651 4702 3813 4759 velit.

2221 4791 2320 4845 Est
2378 4791 2686 4863 multiplex
2744 4792 2861 4846 alia
2912 4792 3105 4864 legum
3167 4792 3402 4848 divisio.
3463 4793 3625 4858 Quod
3679 4808 3816 4850 vero

2149 4895 2306 4932 nunc
2339 4878 2480 4932 mihi
2517 4878 2914 4934 necessarium
2970 4881 3221 4948 videtur,
3275 4879 3511 4952 accipe:
3564 4884 3630 4935 ut
3657 4881 3815 4953 quod

2149 4967 2563 5039 omneelegum
2581 4985 2858 5038 canones,
2879 4986 2911 5024 o
2934 4968 3103 5041 imp.,
3125 4969 3462 5041 subputridi
3490 4974 3816 5037 sunt,men-

2147 5055 2382 5109 tiuntur
2411 5057 2564 5110 enim
2597 5073 2665 5111 ex
2697 5062 2879 5128 parte.
2934 5061 3128 5112 Canon
3176 5061 3374 5112 autem
3428 5074 3532 5114 seu
3567 5057 3819 5130 Regula,

2149 5149 2238 5200 est
2267 5159 2464 5199 sermo
2519 5161 2641 5200 rem
2701 5145 2950 5202 breviter
3005 5147 3294 5213 dividens,
3331 5163 3459 5218 quis
3517 5152 3607 5202 est
3646 5147 3819 5220 quasi

2149 5233 2484 5303 subjectum
2542 5233 2777 5306 regulae,
2826 5251 2954 5307 quas
3003 5235 3104 5291 ubi
3155 5234 3214 5290 in
3269 5233 3467 5306 aliquo
3512 5236 3751 5304 titubat,
3784 5253 3818 5294 ο

2149 5323 2333 5390 dom.,
2368 5337 2400 5377 e
2430 5322 2695 5390 subjecto
2744 5323 2977 5379 excidit.
3013 5325 3085 5378 At
3133 5323 3271 5394 quia
3328 5326 3495 5380 sedet
3527 5324 3584 5380 in
3618 5325 3818 5382 animo

2147 5409 2255 5465 tibi
2289 5425 2496 5465 omnes
2528 5409 2684 5483 leges
2727 5410 2786 5464 in
2838 5409 3258 5482 compendium
3303 5411 3591 5482 redigere,
3623 5411 3821 5469 verbis

2150 5504 2287 5553 utar
2314 5497 2632 5555 deﬁnitivis
2664 5503 2720 5555 et
2763 5500 3035 5555 brevibus
3061 5524 3075 5568 ;
3106 5499 3348 5556 Justitia
3377 5504 3469 5556 est
3508 5500 3659 5572 justi
3691 5500 3820 5558 dis-
3849 5575 3856 5578 _

2149 5586 2415 5644 tributio.
2445 5587 2554 5644 Jus
2586 5586 2854 5644 naturale
2893 5591 2982 5644 est
3012 5603 3326 5644 commune
3375 5588 3652 5645 omnibus
3683 5589 3818 5646 ani-

2151 5676 2473 5735 mantibus.
2527 5678 2746 5752 Legum
2793 5676 2910 5735 alia
2939 5681 3029 5734 est
3077 5679 3319 5751 scripta,
3351 5677 3468 5735 alia
3515 5696 3630 5736 non
3664 5680 3814 5738 scri-
