4100 6396
343 369 465 431 933

346 499 518 565 Οὖθὶν
547 495 604 554 εἴ
619 518 703 560 τις
735 498 810 571 (1)
843 494 1158 571 ἐλευθεροῦν
1193 491 1468 556 δανειστὰς
1512 496 1889 574 περιγράφων,

346 589 498 647 Μετά
524 590 624 657 τήν
647 582 815 658 ἥϐην,
847 586 1074 660 γράψειν
1096 605 1182 646 τις
1215 582 1435 638 δύναται
1470 581 1760 655 διαθήκην·

349 680 706 756 ἘΛευθεροῦν
738 673 797 731 δὶ
828 673 1047 730 δύναται
1082 675 1109 729 6
1141 670 1612 744 ἑπτακαιδεκέτης.

341 773 460 825 Τῶν
493 766 703 824 παίδων
739 763 1068 836 ὑπεξούσιοι,
1103 764 1155 818 οἱ
1186 761 1246 818 ἐκ
1274 763 1528 836 νομίμων
1561 767 1782 838 γάμων,

347 859 513 916 Οὗτοι
546 855 647 932 γὰρ
684 854 844 930 μόνοι
874 857 1121 926 νομικῶς
1155 851 1420 908 ὑπάκουσι
1451 851 1734 926 πατράσιν.

349 945 418 1006 Εῗ
441 967 528 1009 τις
560 945 620 1002 ἐκ
649 945 843 1024 φίσκου
869 937 1036 999 λάϐοι
1063 963 1115 998 τι
1149 939 1456 1017 δωροῦντος
1501 938 1790 1016 βασιλέως,

343 1040 408 1094 Ἦ
443 1034 826 1092 συναλλάττων
861 1034 997 1110 πρὸς
1031 1031 1215 1103 αὐτοῦ,
1249 1031 1406 1096 εὐθὺς
1432 1029 1629 1086 τούτου
1662 1027 1934 1101 δεσπόζει,

349 1128 591 1189 Ἐκεῖνος
625 1123 683 1180 δὲ
714 1123 956 1199 ἐνάγεται
995 1123 1159 1198 μέχρι
1190 1123 1516 1197 τετραετίας,

346 1219 409 1274 Ἡ
440 1237 632 1292 μορτις
663 1234 834 1270 καυσα
866 1211 1063 1288 δωρεὰ,
1096 1207 1241 1267 ἔοικε
1269 1216 1348 1284 τῷ
1380 1209 1614 1286 λεγάτῳ.

347 1305 426 1362 Τά
453 1312 553 1376 τῆς
581 1304 812 1382 προικὸς
843 1301 1070 1374 ἀκίνητα
1101 1301 1210 1376 οὐχ
1242 1299 1532 1370 ὑποτίθησι
1561 1321 1669 1365 τις,

347 1393 490 1452 Οὗδε
519 1396 840 1469 πιπράσκειν
877 1391 1120 1459 δύναται,
1150 1388 1268 1446 οὐδ’
1299 1391 1534 1445 ἐκποιεῖν
1568 1386 1836 1452 οὒδόλως.

348 1481 669 1554 Ἐκποίησιν
703 1483 731 1536 6
763 1478 1038 1541 πούπιλος
1072 1477 1408 1555 πραγμάτων
1439 1477 1500 1532 οὐ
1533 1481 1791 1544 ποιεῖται,

350 1569 493 1631 Οὗδέ
520 1593 572 1626 τι
604 1570 859 1646 πράττειν
893 1567 1110 1624 δύναται
1145 1568 1322 1644 χωρὶς
1341 1571 1450 1621 τῶν
1479 1565 1808 1642 ἐπιτρόπων,

354 1661 450 1717 Καὶ
483 1662 601 1723 υἱὸς
635 1657 952 1730 ὗπεξούσιος
981 1657 1072 1713 καὶ
1105 1655 1304 1718 δοῦλος
1332 1655 1714 1734 προσπορίζει,

343 1752 407 1809 Ὀ
441 1750 536 1824 μέν
567 1770 626 1824 γε
663 1753 744 1821 τῷ
775 1745 1116 1816 δεσπόζοντι,
1149 1747 1177 1801 6
1213 1743 1270 1800 δὲ
1298 1750 1378 1818 τῷ
1411 1741 1763 1822 φυτοσπὸρῳ.

346 1838 459 1897 Κᾶν
498 1841 574 1912 μὴ
605 1838 948 1915 τυγχάνωσιν
982 1836 1136 1892 αὐτοὶ
1167 1837 1266 1906 τήν
1297 1835 1488 1910 πρᾶξιν
1521 1832 1839 1910 ἐγνωκότες,

345 1929 474 1990 Υἱὸς
505 1925 563 1983 δὲ
596 1925 726 2003 δίχα
755 1931 854 1982 τοῦ
884 1926 1112 2000 πατρὸς,
1145 1926 1179 1996 ἢ
1215 1922 1414 1985 δοῦλος
1440 1927 1537 1978 τοῦ
1569 1921 1855 1991 δεσπότου,

350 2018 429 2077 Οὖ
459 2017 680 2073 δύναται
711 2015 1108 2090 κληρονομεῖν,
1142 2013 1266 2069 ἀλλ’
1303 2011 1430 2068 οὐδὲ
1461 2009 1747 2085 ἀδιτεύειν,

349 2106 459 2163 Κᾶν
485 2127 569 2169 τις
598 2105 1127 2183 οὖσουιρρουκτάριος
1159 2106 1296 2178 ἡμῖν
1328 2101 1472 2158 ἐστιν
1505 2099 1742 2171 οἰκέτης,

352 2197 574 2273 Εἲσάγει
603 2197 695 2251 τὸν
724 2194 1167 2271 προσπορισμὸν,
1203 2191 1384 2267 ὥσπερ
1418 2193 1446 2248 ὁ
1482 2193 1614 2268 βονα
1640 2188 1783 2269 φιδε.

349 2288 415 2345 Ὀ
447 2283 894 2365 φιδικομισάριος
925 2283 1017 2339 σὺν
1048 2288 1129 2355 τῷ
1161 2282 1487 2358 λιγαταρίῳ,

349 2372 701 2450 Ὁλόκληρον
731 2370 996 2448 διαδοχὴν
1030 2373 1133 2428 οὐκ
1156 2366 1346 2448 ἔχουσι
1381 2369 1612 2440 δικαίου,
1685 2395 1693 2399 ·

346 2470 408 2524 ’0
436 2463 794 2542 κληρονόμος
829 2463 998 2536 μόνος
1022 2463 1124 2539 γὰρ
1155 2463 1219 2517 τὸ
1251 2459 1460 2517 δῖκαιον
1488 2463 1636 2518 τοῦτ’
1668 2458 1808 2537 ἔχει.

349 2554 639 2633 Ἀγράφως
670 2549 998 2616 διατίθεσθαι
1031 2550 1131 2606 οὐκ
1161 2549 1429 2627 εἴργουσιν
1465 2553 1518 2606 οἱ
1548 2551 1733 2624 νόμοι.

348 2642 676 2708 Οῗκειακοὺς
706 2641 765 2698 δὶ
796 2643 1076 2718 μάρτυρας
1108 2640 1334 2703 εἰκότως
1363 2641 1662 2706 ἀθετοῦσιν.

346 2732 414 2790 ΕῚ
437 2755 521 2797 τις
555 2730 798 2788 διάθοιτο
819 2731 988 2806 τυχὸν
1019 2735 1127 2786 τῶν
1160 2729 1690 2807 έκστρατευομένων,

347 2825 411 2879 Ἦ
443 2820 679 2893 διαθήκη
711 2815 941 2897 Eppium
983 2819 1061 2882 εἰς
1094 2817 1406 2895 ὁλόκληρον
1439 2821 1665 2896 χρόνον.

350 2912 450 2966 Καὶ
488 2911 621 2985 μετὰ
647 2911 744 2979 τὴν
777 2910 1027 2979 ἀθέτησιν
1060 2915 1158 2979 τῆς
1185 2910 1454 2984 προτέρας
1485 2908 1789 2984 στρατείας.

379 3005 424 3056 Ο
453 2997 496 3053 δ’
533 2999 839 3069 ὑπεξούσιος
872 2999 987 3061 υἱὸς
1020 2998 1084 3054 οὑ
1113 3005 1263 3054 ποιεῖ
1294 2995 1576 3070 διαθήκας,

1704 363 2082 426 SYNOPSlS
2130 367 2414 427 LEGUM.

3659 381 3780 442 931

2030 499 2082 565 Α
2113 495 2220 554 Κᾶν
2254 497 2281 552 ό
2312 500 2491 572 πατὴρ
2521 499 2815 574 κελεύσειε,
2848 503 3028 578 χωρὶς
3065 508 3172 558 τῶν
3197 507 3580 583 καστρενσίων,

2117 586 2232 644 Οὐκ
2258 587 2539 665 ἀνατρέπει
2571 586 2793 653 ἕκαστος
2822 587 3097 666 προϐἆσαν
3132 593 3422 668 διαθήκην.

2119 675 2178 731 Εἰ
2213 674 2270 731 δέ
2297 699 2379 740 τις
2404 678 2822 755 ἰμμαγκιπατος
2853 678 3369 757 κοντραταϐούλλας
3402 685 3540 764 ἔχει.

2117 765 2216 819 Καὶ
2250 763 2450 822 δοῦλον
2480 763 2535 822 εἶ’
2554 789 2638 831 τις
2673 768 2933 843 βούλοιτο
2966 771 3144 836 ἐνίοτα
3169 771 3545 850 κληρονόμον.

2118 855 2458 931 Οὖγκίασμοι
2491 855 2549 912 δὶ
2580 855 2814 925 δώδεκα,
2843 859 3038 935 μέτρον
3078 861 3486 936 κληρονομίας.

2116 945 2202 1001 Ὠς
2234 945 2262 999 ὁ
2288 944 2583 1022 τεστάτωρ,
2617 945 2861 1015 δύναται,
2903 948 3120 1019 οῗκέτης
3148 950 3522 1028 κληρονόμος.

2119 1031 2314 1096 Οὐδεὶς
2342 1032 2738 1109 διατιθέμενος,
2767 1037 2817 1092 εἴ
2849 1040 2924 1111 μὴ
2952 1038 2988 1112 ᾗ
3017 1052 3378 1114 στρατιώτης,

2119 1123 2284 1207 Μέρει
2320 1125 2414 1198 μὲν
2451 1123 2766 1195 διατίθεται,
2803 1128 2955 1201 μέρει
2983 1124 3030 1182 δ’
3061 1129 3148 1198 οὐ,
3181 1137 3281 1199 τῆς
3313 1131 3521 1195 οὐσίας.

2118 1213 2302 1270 Ἔστιν
2336 1215 2790 1284 ἀποκατάστασις,
2828 1216 2970 1271 οὕτω
3005 1214 3071 1287 δὴ
3102 1219 3439 1292 τυπουμένη,

2117 1301 2546 1376 Κληρονομείτω
2579 1305 2761 1368 Τίτιος
2788 1311 2896 1361 τῶν
2928 1305 3168 1378 ἐμαυτοῦ
3202 1309 3559 1384 πραγμάτωνο

2120 1390 2181 1445 Εἰ
2213 1389 2258 1446 δ’
2289 1391 2444 1454 οὗτος
2474 1393 2536 1447 οὐ
2572 1391 2935 1470 βεϐούληται,
2967 1395 3174 1471 πρίμος
3208 1396 3656 1474 κληρονομείτω.

2118 1482 2635 1557 Ἀθεμιτογαμήσας
2661 1505 2744 1546 τις
2772 1485 2860 1539 καὶ
2890 1482 3079 1546 δεινῶς
3101 1493 3450 1559 τιμωρεῖται,

2117 1569 2215 1624 Καὶ
2245 1575 2352 1624 τῶν
2379 1571 2680 1647 τεχθέντων
2713 1573 2765 1643 ἐξ
2797 1575 2966 1628 αὐτοῦ
2999 1574 3065 1628 οὐ
3093 1578 3520 1648 κατεξουσιάζει.

2115 1659 2179 1714 Εἰ
2212 1656 2269 1714 δέ
2297 1681 2378 1722 τις
2407 1659 2601 1723 παῖδας
2631 1660 2804 1718 ἔτεκεν
2835 1663 2894 1718 ἐκ
2922 1664 3176 1734 παλακῆς
3207 1671 3500 1742 προτέρας,

2117 1749 2405 1822 Νομίμους
2443 1751 2814 1828 ἀπεργάσηται
2845 1755 3140 1828 πρεικῴοις
3170 1754 3224 1810 ἐν
3269 1759 3612 1836 συμφώνοις.

2114 1837 2383 1916 Τέταρτον
2418 1842 2584 1913 μέρος
2615 1848 2883 1918 χρεωστεῖ
2905 1848 2983 1914 τῷ
3013 1844 3408 1918 υἱοθετηθέντι⁹

2118 1929 2444 2000 Υἱοθετήσας
2475 1931 2558 1994 τίς
2583 1952 2704 1986 τινα
2732 1936 2840 1986 τῶν
2868 1932 3060 1988 ἑαυτοῦ
3091 1935 3448 2011 πραγμάτων.

2117 2015 2347 2086 Ἀτελής
2376 2020 2800 2095 συγγινώσκεται
2833 2023 3040 2098 μήτηρ,
3079 2023 3154 2095 μὴ
3187 2023 3491 2079 ἀπαιτοῦσα

2117 2110 2230 2164 Τοῦ
2254 2105 2452 2183 ἀνδρὸς
2478 2107 2906 2180 τελευτήσαντος
2937 2110 3229 2184 ἐπίτροπον
3260 2118 3380 2176 τοῖς
3409 2115 3641 2177 τέκνοις.

2117 2198 2420 2272 Ἐπιτροπὴ
2455 2195 2512 2253 δὲ
2541 2197 2745 2276 πέφυκε
2773 2201 2976 2274 νομικὴ
3012 2199 3222 2273 ἐξουσία

2116 2287 2248 2343 Κατ’
2279 2286 2564 2363 ἐλευθέρας
2593 2287 2860 2366 κεφαλῆς,
2895 2289 2970 2352 εἷς
3004 2290 3260 2365 βοήθειαν
3290 2291 3516 2363 ταύτης.

2115 2373 2453 2452 Ἑπίτροπος
2483 2374 2541 2431 δὲ
2571 2373 2768 2432 διοικεῖ
2797 2376 2963 2454 μέχρι
2993 2386 3094 2448 τῆς
3121 2375 3261 2451 ἣϐης
3299 2381 3486 2454 μόνον.

2117 2463 2388 2528 Ἐντεῦθεν
2422 2462 2480 2519 δὲ
2509 2464 2816 2535 αὐθέξονται
2847 2487 3177 2544 κουρατορες
3209 2473 3306 2523 τοῦ
3335 2469 3480 2528 νέου.

2115 2553 2410 2627 Ἃγνάτους
2442 2555 2536 2626 μὲν
2567 2554 2817 2627 ὠνόμαζε
2844 2556 2970 2617 τοὺς
3001 2555 3054 2626 ἐξ
3084 2556 3322 2632 ἀρρένων
3355 2557 3556 2616 τόκων.

2117 2643 2426 2716 Κογνατους
2456 2640 2500 2697 δ’
2527 2641 2848 2717 ἐπωνόμαζε
2875 2644 3004 2708 τοὺς
3033 2644 3092 2700 ἐκ
3123 2645 3476 2720 θηλυγονίας.

2116 2726 2364 2806 Ἐφηϐος
2391 2729 2597 2807 γίνεται
2620 2733 2648 2786 ὁ
2677 2738 2805 2795 παῖς
2834 2732 2967 2788 ἐτῶν
3001 2732 3428 2812 δεκατεσσάρων,

2113 2815 2357 2898 Ἔφηϐος
2389 2818 2445 2876 δέ
2465 2842 2523 2876 τε
2553 2821 2750 2892 θήλεια
2780 2822 2914 2877 οὗσα
2945 2819 3311 2896 δωδεκαέτης,

2113 2911 2209 2982 Τῷ
2239 2906 2426 2985 ἔχοντι
2456 2909 2747 2985 ἐπίτροπον
2775 2913 3061 2987 κουράτῳρ
3096 2911 3306 2970 δίδοταί
3334 2937 3441 2979 τις.

2112 3005 2446 3076 Κατηγορεῖν
2479 2999 2542 3055 οὐ
2576 2997 2790 3056 δύναται
2824 2996 3026 3072 ἄνηϐος
3056 3001 3376 3080 ἐπιτρόπου,

3359 3098 3504 3153 Vers
3531 3096 3659 3154 272.

352 3390 547 3461 pta,ut
575 3387 964 3444 consuetudo.
997 3386 1264 3444 Libertas
1312 3388 1403 3442 est
1423 3385 1696 3458 quaedam
1730 3382 2017 3440 naturalis
2047 3385 2089 3450 C
2128 3381 2255 3438 rius
2275 3384 2334 3437 et
2388 3379 2709 3452 legatarius
2755 3380 2816 3437 in
2867 3382 3210 3438 universum
3253 3382 3355 3454 jus
3404 3399 3519 3440 non
3579 3401 3782 3442 succe-

347 3475 620 3534 licentia:
669 3475 920 3533 servitus
951 3480 1042 3532 est
1091 3475 1384 3548 subjectio
1441 3472 1854 3542 dominationi,
1884 3489 2012 3544 qua

347 3571 414 3623 ut
445 3564 675 3621 nullam
704 3564 930 3621 habens
959 3564 1378 3633 diﬂerentiam,
1435 3563 1808 3619 individuum
1868 3562 2010 3633 quid

305 3721 308 3724 ,
349 3655 516 3710 dicit.
549 3653 865 3710 Calamitas
899 3653 1124 3723 matris,
1185 3653 1242 3708 id
1275 3658 1365 3708 est
1394 3651 1764 3708 meretricius
1799 3650 2009 3718 coitus,

349 3761 468 3800 non
503 3749 673 3801 nocet
703 3744 755 3800 ei
787 3743 889 3817 qui
921 3748 1012 3799 est
1041 3743 1101 3798 in
1140 3750 1362 3813 ventre,
1415 3743 1654 3814 privans
1705 3741 1878 3797 bonis
1917 3758 2013 3812 pa-

346 3833 1061 3891 ternis.Circumscribens
1093 3833 1413 3888 creditores
1446 3830 1863 3887 manumittere
1894 3846 2010 3885 non

347 3927 564 3996 potest.
587 3923 724 3979 Post
760 3922 1126 3995 pubertatem
1187 3925 1381 3994 potest
1425 3919 1560 3992 quis
1609 3919 1866 3975 scribere
1922 3924 2010 3974 te-

351 4017 738 4069 stamentum.
768 4013 970 4067 Annos
1000 4015 1176 4066 natus
1207 4011 1409 4066 decem
1440 4016 1498 4065 et
1536 4014 1761 4081 septem
1796 4025 2008 4064 manu-

351 4103 587 4158 mittere
617 4107 831 4174 potest.
867 4101 1056 4157 Liberi
1117 4101 1177 4156 in
1234 4103 1521 4172 potestate
1581 4105 1742 4168 sunt,
1796 4099 1899 4171 qui
1941 4115 2010 4154 ex

348 4190 630 4264 legitimis
655 4190 880 4263 nuptiis
911 4191 1222 4263 procreati,
1273 4189 1359 4244 illi
1389 4189 1548 4245 enim
1601 4187 1709 4245 soli
1749 4187 2008 4259 legitime

347 4281 698 4352 parentibus
729 4279 1033 4335 obediunt.
1067 4278 1128 4334 Si
1161 4278 1296 4350 quis
1328 4295 1398 4333 ex
1447 4277 1828 4350 imperatoris
1858 4277 2006 4332 libe-

347 4369 584 4424 ralitate
613 4385 648 4423 a
675 4369 820 4424 ﬁsco
853 4384 976 4422 rem
1002 4365 1275 4438 accipiat,
1311 4370 1415 4420 aut
1462 4366 1578 4422 alio
1610 4367 1786 4421 modo
1817 4365 1890 4421 ab
1940 4382 2006 4421 eo

347 4472 472 4514 rem
521 4463 841 4530 comparet,
900 4457 1099 4512 statim
1161 4455 1351 4527 ipsius
1433 4455 1500 4510 fit
1555 4454 1853 4522 dominus,
1901 4471 2007 4510 nec

345 4551 481 4620 post
502 4545 960 4619 quadriennium
1021 4545 1383 4600 convenitur.
1414 4543 1618 4598 Mortis
1664 4559 1846 4598 causa
1901 4543 2004 4599 do-

347 4636 532 4702 natio,
559 4635 890 4712 similisest
913 4635 1124 4706 legato.
1186 4632 1524 4688 Immobilia
1557 4632 1710 4688 bona
1761 4631 2003 4702 dotalia,

347 4741 538 4797 neque
571 4724 816 4824 pignori.
854 4729 930 4824 et-
962 4723 1302 4824 hypothecae
1363 4721 1512 4786 dari,
1563 4737 1753 4822 neque
1809 4721 2004 4821 vendi,
2031 4759 2080 4824 D

347 4830 541 4886 neque
579 4813 843 4882 alienari,
903 4813 1108 4868 fraude
1164 4813 1342 4868 etiam
1411 4829 1526 4868 non
1578 4811 2000 4870 interveniente

347 4907 618 4975 possunt.
653 4901 922 4975 Pupillus
983 4919 1087 4958 nec
1140 4917 1232 4958 res
1289 4918 1430 4957 suas
1486 4900 1763 4970 alienare,
1809 4916 2000 4972 neque

347 4993 572 5064 aliquid
608 5009 780 5065 agere
810 4997 1005 5064 potest
1043 4991 1170 5046 sine
1191 4991 1512 5046 tutoribus.
1538 4990 1724 5047 Filius
1747 4989 2000 5046 familias

347 5087 408 5138 et
462 5097 668 5137 servus
712 5080 1046 5154 acquirunt,
1106 5079 1203 5135 hic
1254 5079 1516 5149 domino,
1594 5079 1691 5135 ille
1750 5078 1998 5150 parenti,

345 5169 581 5227 etiamsi
607 5175 851 5243 uterque
880 5186 1004 5226 rem
1030 5168 1529 5240 gestamignoret:
1566 5169 1726 5225 ﬁlius
1761 5169 1998 5241 quidem

345 5264 406 5317 et
445 5277 671 5328 servus,
725 5261 854 5317 sine
910 5259 1096 5332 patris
1152 5263 1209 5314 et
1255 5259 1478 5314 domini
1523 5274 1814 5315 consensu
1864 5275 2002 5315 suc-

346 5349 551 5406 cedere
575 5368 688 5407 non
740 5353 1011 5422 possunt,
1037 5363 1143 5403 nec
1198 5347 1601 5404 hereditatem
1651 5348 1834 5404 adire.
1868 5348 1998 5404 Ser-

341 5455 455 5496 vus
479 5441 958 5497 usufructuarius
989 5439 1161 5495 nobis
1195 5439 1464 5509 acquirit,
1496 5439 1997 5508 quemadmodum

343 5528 494 5586 liber
515 5530 690 5588 homo
722 5529 825 5603 qui
881 5529 1038 5584 bona
1089 5527 1205 5583 fide
1233 5527 1432 5584 servit.
1469 5526 1628 5584 Fidei
1658 5527 2000 5584 commissa-

417 5701 496 5777 (1)
527 5699 605 5759 Οὐ
637 5698 809 5756 σθένει
838 5718 944 5762 τις.

2122 3474 2273 3529 dunt
2306 3489 2319 3528 :
2351 3471 2411 3527 id
2441 3471 2600 3526 enim
2623 3471 2728 3542 jus
2784 3471 2947 3528 solus
3001 3472 3188 3529 haares
3231 3472 3431 3530 habet.
3462 3474 3598 3531 Sine
3638 3476 3783 3533 scri-

2121 3566 2222 3634 pto
2270 3560 2474 3618 testari
2555 3561 2714 3632 leges
2764 3577 2881 3617 non
2962 3562 3278 3633 prohibent
3328 3581 3341 3618 :
3423 3564 3782 3621 domesticos

2120 3653 2354 3725 quidem
2385 3657 2570 3709 testes
2613 3653 2854 3709 meritos
2913 3653 3270 3725 improbant.
3315 3655 3376 3711 Si
3433 3655 3564 3727 quis
3611 3661 3784 3714 testa-

2119 3749 2220 3800 tus
2253 3742 2428 3798 fuerit
2472 3742 2544 3797 de
2596 3742 3020 3810 castrensibus,
3071 3747 3493 3800 testamentum
3526 3746 3585 3802 in
3611 3761 3783 3803 omne

2118 3835 2354 3901 tempus
2411 3829 2587 3900 valet,
2644 3830 2820 3886 etiam
2896 3834 3027 3902 post
3074 3831 3506 3888 abdicationem
3569 3834 3783 3906 prioris

2121 3920 2368 3977 militias.
2401 3919 2728 3974 Filiusfam.
2775 3923 3199 3975 testamentum
3233 3937 3350 3975 non
3374 3921 3530 3990 facit,
3566 3939 3782 3995 quam-

2116 4007 2205 4064 vis
2237 4012 2402 4079 pater
2424 4007 2656 4079 jubeat,
2689 4007 2804 4063 nisi
2862 4007 2934 4063 de
2983 4009 3406 4066 castrensibus.
3457 4011 3634 4067 Furor
3673 4013 3778 4068 ad-

2113 4097 2356 4153 veniens
2387 4114 2502 4153 non
2536 4097 2743 4153 evertit
2771 4097 2938 4169 prius
2970 4097 3275 4154 conditum
3326 4104 3774 4157 testamentum.

2117 4187 2322 4255 Filius,
2349 4187 2400 4242 si
2429 4187 2859 4258 emancipatus,
2891 4187 3071 4243 habet
3116 4188 3402 4245 bonorum
3450 4190 3781 4262 possessio-

2116 4292 2252 4331 nem
2279 4280 2482 4332 contra
2531 4275 2783 4331 tabulas.
2845 4277 3083 4332 Servum
3134 4279 3330 4348 etiam,
3383 4279 3432 4336 si
3491 4280 3627 4352 quis
3685 4297 3779 4337 ve-

2115 4363 2206 4435 lit,
2238 4370 2430 4436 potest
2486 4365 2775 4421 hazredem
2823 4365 3154 4422 instituere.
3213 4367 3533 4424 Duodecim
3595 4369 3780 4424 uncia

2116 4461 2258 4511 sunt
2323 4472 2605 4512 mensura
2653 4455 3034 4512 hereditatis.
3091 4456 3163 4512 Ut
3247 4463 3518 4528 testator,
3587 4463 3781 4532 potest

2116 4545 2302 4602 haeres
2333 4561 2464 4600 esse
2493 4545 2876 4601 domesticus.
2911 4545 3096 4602 Nemo
3149 4546 3262 4604 nisi
3293 4548 3465 4606 miles
3513 4566 3582 4605 ex
3612 4553 3777 4620 parte

2114 4635 2186 4691 de
2217 4652 2277 4690 re
2307 4651 2415 4690 sua
2469 4638 2743 4705 testatur,
2793 4652 2898 4706 pro
2957 4643 3120 4706 parte
3166 4653 3278 4692 non
3314 4643 3589 4702 testatur,
3623 4637 3777 4693 Sub-

2115 4724 2344 4779 stitutio
2366 4723 2450 4779 sic
2481 4725 2770 4780 formatur
2793 4741 2806 4778 :
2841 4724 3059 4780 Rerum
3093 4743 3359 4782 mearum
3381 4727 3569 4782 Titius
3587 4725 3773 4782 haeres

2097 4817 2236 4868 ~esto
2269 4813 2357 4880 ;si
2390 4812 2488 4868 ille
2519 4812 2794 4878 noluerit,
2852 4813 3087 4869 Primus
3145 4815 3328 4871 haeres
3385 4821 3527 4871 esto.
3587 4815 3762 4871 Nefa-

2108 4898 2225 4956 rias
2279 4900 2519 4972 nuptias
2577 4899 2930 4956 contrahens
2988 4901 3261 4958 atrociter
3316 4902 3585 4975 punitur,
3645 4917 3779 4958 necl

2107 4991 2326 5047 liberos
2383 5007 2452 5045 ex
2502 4989 2621 5046 illis
2671 4995 2840 5045 natos
2916 4990 3096 5047 habet
3146 4991 3206 5047 in
3285 4999 3594 5065 potestate.
3653 4994 3741 5056 Qu

2109 5083 2262 5138 ﬁlios
2292 5081 2496 5154 genuit
2527 5098 2596 5137 ex
2626 5081 2831 5153 pellice
2865 5082 3080 5153 priore,
3131 5083 3420 5156 legitimat
3475 5101 3575 5140 eos
3606 5085 3769 5140 dota-

2109 5171 2266 5228 libus
2337 5169 2772 5226 instrumentis.
2834 5176 3116 5238 Quartam
3188 5189 3426 5228 suorum
3479 5174 3772 5229 bonorum

2111 5262 2338 5332 partem
2362 5259 2639 5330 adoptato
2689 5258 2884 5324 debet,
2934 5259 2985 5315 is
3046 5260 3144 5330 qui
3177 5261 3494 5333 adoptavit.
3525 5259 3772 5317 Infamis

2112 5351 2178 5404 fit
2207 5353 2416 5413 mater,
2449 5365 2577 5420 quae
2630 5354 2864 5404 mortuo
2920 5350 3044 5405 viro
3085 5350 3284 5406 liberis
3335 5356 3592 5408 tutorem
3657 5369 3776 5410 non

2112 5438 2502 5510 petit.Tutela
2532 5442 2623 5492 est
2643 5435 2910 5508 legitima
2941 5444 3200 5510 potestas
3233 5441 3292 5495 in
3315 5446 3491 5513 caput
3519 5441 3773 5499 liberum

2113 5527 2186 5586 ad
2243 5528 2372 5600 ejus
2429 5525 2852 5584 defensionem.
2913 5531 3095 5585 Tutor
3141 5529 3526 5588 administrat
3579 5531 3773 5590 solum
