4100 6438
391 385 517 467 '935

397 529 644 614 Ἕφηϐος
671 537 769 588 τοῦ
798 553 1148 610 κουρατωρος
1179 539 1452 611 συγγενῶν
1488 537 1908 612 συνεργούντων.

399 623 476 679 Τὰ
507 619 739 697 μηδενός
769 643 827 677 τε
857 622 1141 699 πρότερον,
1173 629 1271 678 τοῦ
1301 620 1841 696 προκαταλαϐόντος.

402 715 481 771 Τὸ
511 717 656 786 κῦμα
685 713 748 768 τὸ
779 713 1089 790 χειμέριον,
1121 711 1374 788 αἰγιαλὸν
1415 715 1605 788 ὁρίζει.

401 799 553 860 Ε’ίκει
581 805 649 858 τὰ
678 801 992 876 ἐπικείμενα
1019 808 1136 868 τοῖς
1165 825 1224 878 γε
1257 804 1662 877 ὑποκειμένοις.

399 895 539 968 ’Ἰτερ
571 891 712 950 ἐστὶν
747 891 872 957 ὁδὸς
902 895 1084 963 στενή,
1119 892 1302 957 ἄκτοις
1331 897 1366 964 ἡ
1398 894 1732 970 πλατυτέρα.

397 981 460 1039 Ὀ
500 987 726 1058 πρᾶγμα
753 983 814 1037 τὸ
844 980 1138 1057 ἀλλότριον
1192 982 1424 1038 έκποιῶν
1460 983 1510 1038 ἐν
1545 982 1773 1054 είδήσει,

399 1072 474 1128 ’Ἠ
505 1069 695 1134 ἄλλως
722 1069 1051 1145 τραδιτεύων
1083 1093 1189 1145 τις,
1222 1073 1296 1136 ὡς
1327 1073 1542 1144 κλοπὴν
1572 1075 1892 1150 ἁμαρτάνει.

401 1161 630 1236 Δευτέρα
664 1158 998 1225 διατόπωσις
1029 1162 1259 1238 ῥήγνυσι
1288 1165 1388 1232 τὴν
1420 1163 1712 1239 προτέραν.

400 1252 513 1319 Τὴν
543 1247 601 1304 δὲ
634 1249 960 1329 ἷνοφικιόζο,
993 1248 1182 1314 παῖδες
1213 1257 1418 1306 κινοῦσι
1455 1252 1636 1325 μόνοι.

399 1337 595 1402 Οὐδείς
625 1341 1048 1403 ὑποκαθίσταται
1081 1338 1234 1395 παιδέ
1269 1339 1702 1416 ποιιπιλιαρίως,

411 1428 473 1486 Εἴ
509 1431 583 1502 μὴ
616 1431 836 1499 ποιήσει
866 1430 1128 1504 πρότερον
1162 1429 1236 1491 είς
1265 1431 1424 1484 αὐτὸν
1458 1428 1744 1501 διαθήκην.

406 1519 470 1575 Ὁ
501 1517 644 1594 ἔχων
675 1519 774 1587 τήν
802 1519 1106 1594 ἐναγωγήν,
1139 1517 1409 1590 ἀποδείξει
1440 1521 1707 1596 βαρεῖται.

406 1607 486 1663 Τὰ
511 1610 608 1672 τῆς
637 1608 863 1681 προικὸς
889 1609 1085 1676 κινητὰ
1117 1607 1492 1682 εἰσπράττεται
1524 1608 1736 1681 αὐτίκα,

405 1701 532 1758 Τοῖς
564 1695 844 1766 ἀκινήτοις
878 1694 1190 1772 ὁλόκληρος
1225 1697 1300 1760 εἰς
1330 1699 1622 1770 ἀπαίτησιν
1654 1699 1876 1774 γρόνος,

402 1788 508 1855 Τῆς
540 1783 805 1856 διαθήκης
838 1788 873 1856 ἡ
905 1787 1111 1862 κρηπὶς
1143 1785 1389 1850 ἔνστασις
1419 1786 1796 1862 κληρονόμου.

403 1874 500 1930 Καὶ
530 1876 676 1948 τομή
709 1876 800 1929 καὶ
837 1875 1118 1948 μετάθεσις
1144 1876 1348 1950 γίνεται
1380 1881 1476 1931 τοῦ
1510 1875 1761 1953 λεγάτου,

402 1964 488 2020 Ἐν
521 1985 579 2019 τε
609 1963 1022 2022 διατυπώσεσιν.
1046 1961 1100 2019 ἓν
1131 1986 1189 2019 τε
1217 1970 1333 2028 τοῖς
1365 1963 1753 2028 κωδικέλλοις.

397 2053 475 2110 Τὸ
503 2054 686 2128 τρίτον
720 2054 747 2106 ὁ
779 2051 1069 2131 φαλκίδιος
1100 2052 1261 2124 σώζει
1295 2059 1373 2111 τῶ
1403 2053 1770 2130 κληρονόμῳ,

401 2144 497 2201 Ἐκ
524 2148 632 2198 τῶν
665 2142 908 2219 λεγάτων
942 2145 1199 2216 ἁμάντων
1233 2145 1368 2198 κατά
1397 2144 1716 2220 ἀναλογίαν,

399 2234 456 2287 Ὀ
487 2230 795 2308 Αὔγουστος
820 2233 1136 2308 προσέταξε,
1167 2233 1319 2311 φασὶ,
1351 2234 1479 2296 τοὺς
1509 2231 1911 2306 κωδικέλλους,

396 2323 483 2377 Ἐν
519 2325 600 2386 οἷς
630 2319 752 2377 οὕτε
783 2322 1051 2392 ἐνίστησιν
1086 2323 1112 2376 ὀ
1143 2325 1364 2398 γράφων
1405 2325 1792 2399 κληρονόμον,

397 2409 524 2469 Οὕτ⁹
555 2413 775 2488 ἀφαιρεῖ
802 2413 860 2466 ’ὀν
891 2408 1124 2488 ἔγραψεν
1159 2413 1210 2466 ἐν
1243 2417 1311 2486 τῇ
1348 2411 1697 2469 διατυπώσει.

394 2502 472 2558 Τὸ
508 2502 600 2575 μὲν
630 2499 1068 2577 Τερτουλιάνειον
1102 2499 1291 2576 δόγμα
1319 2501 1482 2556 καλεῖ
1511 2501 1843 2577 προσφόρως

397 2589 492 2651 Εἰς
522 2591 590 2644 τὰ
609 2595 720 2644 τῶν
745 2591 944 2645 τέκνων
979 2590 1276 2665 πράγματα
1306 2591 1400 2654 τὰς
1431 2590 1646 2645 ἐκείνων
1686 2590 1946 2666 μητέρας.

397 2679 471 2735 Τὸ
504 2676 562 2733 δέ
591 2680 642 2753 γ’
675 2680 1066 2754 ὐρφιτιάνειον
1106 2679 1258 2742 αὖθις
1290 2679 1348 2733 έκ
1377 2685 1474 2733 τοῦ
1501 2679 1766 2748 ἐναντίου,

400 2767 494 2829 Εἷς
525 2769 591 2822 τὰ
625 2770 876 2843 μητέρων
909 2769 1204 2842 πράγματα
1240 2767 1367 2830 τοὺς
1399 2766 1596 2832 παῖδας
1616 2768 1994 2845 προκαλεῖται.

397 2857 460 2910 Ἡ
497 2858 682 2931 μήτηρ
712 2855 829 2931 ἕχει
862 2855 1169 2928 πρόκλησιν
1199 2857 1446 2911 ἁπάντων
1478 2863 1586 2912 τῶν
1624 2860 1888 2934 ἀγνάτων,

395 2944 490 3006 Εἰς
519 2946 586 2999 τὰ
622 2949 730 2999 τῶν
759 2944 961 2999 τέκνων
993 2944 1311 3020 πράγματα,
1342 2947 1518 3020 χωρὶς
1547 2951 1655 3000 τῶν
1689 2947 1990 3024 ὁμογνίων.

393 3033 542 3088 Μετὰ
568 3035 670 3108 γὰρ
703 3033 906 3089 τούτων
938 3031 1159 3109 ἔρχεται
1192 3033 1269 3097 είς
1298 3037 1396 3104 τήν
1425 3035 1826 3110 κληρονομίαν.

399 3121 562 3180 Ἀλλ’
588 3125 632 3180 εἰ
669 3125 764 3198 μὲν
793 3122 1024 3203 ἀδελφαί
1053 3123 1153 3179 εἶσι
1180 3125 1242 3180 τὸ
1274 3124 1445 3198 ἥμισυ
1479 3121 1776 3199 λαμϐάνες’

1747 401 2166 466 MICHAELIS
2213 399 2480 464 PSELLI

2084 539 2140 605 Α
2169 535 2234 591 Εἰ
2263 532 2310 588 δ’
2343 531 2574 611 ἀδελφαὶ
2603 533 2693 589 καὶ
2725 531 2976 612 ἀδελφοὶ,
3005 536 3099 591 ἳσα
3127 533 3591 610 κληρονομοῦσιν.

3707 401 3832 470 936

2167 623 2436 691 Ὑπούσης
2472 620 2807 698 διακατοχῆς
2839 629 2966 686 παῖς
2996 624 3086 680 καὶ
3114 625 3299 700 γονεὺς
3332 625 3616 696 ὡσαύτως,

2170 712 2446 769 Ἐνιαυτὸν
2482 711 2795 789 ὁλόκληρον
2820 711 3011 790 ἔχουσι
3047 716 3374 790 βοηθοῦντα.

2167 801 2406 876 Ἡμέρας
2439 808 2607 875 μόνας
2637 802 2823 858 έκατὸν
2857 808 2967 859 τῶν
3001 809 3272 880 συγγενῶν
3299 804 3560 881 ἐχόντων’

2171 892 2338 959 Ποινὴ
2367 891 2578 968 ὀφείλει
2604 893 2846 947 τίθεσθαι
2880 893 2956 957 εἷς
2978 893 3072 956 τὰς
3105 893 3491 966 ἐπερωτήσας.

2168 980 2239 1037 Ἥ
2271 980 2576 1056 περπέτουα
2609 982 2896 1055 μίσθωσις,
2931 981 3253 1061 ἐμφύτευσις
3285 985 3566 1059 τυγχάνει,

2171 1069 2250 1126 Τὸ
2280 1067 2807 1143 διαπλασιαζόμενον
2835 1068 2897 1126 Ex
2922 1094 3069 1134 τινος
3099 1072 3428 1146 ἡρνηκότος,

2171 1154 2520 1230 Καταϐληθὶν
2555 1155 2820 1216 ῗνδέῦιτον
2854 1161 3141 1232 ἀπαίτησιν
3175 1161 3274 1216 οὐκ
3299 1159 3443 1238 ἕχει.

2169 1250 2368 1319 Κλοπή
2403 1249 2514 1304 ἐστι
2547 1248 2870 1326 ψηλάφησις
2901 1253 3238 1326 πραγμάτων
3273 1253 3407 1306 κατά
3437 1248 3626 1324 δόλον,

2170 1338 2352 1412 Χωρὶς
2383 1345 2554 1407 κακῆς
2582 1340 2888 1414 προθέσεως
2919 1339 3135 1410 κλοπὴν
3169 1341 3278 1416 οὐχ
3304 1341 3655 1414 ἁμαρτάνεις,

2169 1427 2320 1482 Κατὰ
2348 1431 2442 1481 τοῦ
2469 1427 2732 1494 κλέπτου,
2765 1425 3084 1506 φούρτιϐον,
3117 1428 3213 1484 κᾶν
3251 1431 3326 1502 μή
3361 1428 3592 1502 νέμηται
3621 1426 3827 1502 δώσας,

2166 1517 2254 1588 Τῷ
2283 1515 2563 1572 ἐκπεσόντι
2595 1516 2912 1590 πράγματος
2945 1513 3288 1572 πουϐλίκανα
3317 1518 3570 1591 ἁρμόζει.

2168 1606 2452 1675 ΙΙαυλιανή
2483 1603 2541 1660 δὲ
2570 1604 2779 1661 δίδοται
2811 1611 2890 1678 τῷ
2922 1608 3440 1684 περιγεγραμμένῳ,

2169 1695 2262 1758 Εἷς
2295 1702 2490 1770 πρᾶσιν
2523 1695 2597 1757 εἷς
2632 1695 2916 1766 ἐκποίησιν
2949 1702 3057 1751 τῶν
3093 1697 3285 1751 ἑαυτοῦ
3312 1696 3673 1774 πραγμάτων.

2168 1788 2285 1855 Τήν
2315 1785 2552 1862 φούρτην
2588 1783 2911 1855 δὶπλασίάζε
2942 1786 3034 1840 σὺν
3064 1791 3145 1858 τῷ
3174 1786 3492 1860 Ἀκουιλίῳ.

2169 1877 2351 1949 Νόμος
2384 1878 2411 1931 ὁ
2439 1873 2843 1937 δωδεκάδελτος
2871 1878 2972 1942 τήν
2996 1874 3249 1946 νοξαλίαν
3285 1877 3550 1951 φούρτην,

2168 1966 2270 2022 Καὶ
2298 1966 2387 2019 τὸν
2421 1963 2672 2035 νοξάλιον
2705 1964 2865 2019 αὐτὸν
2901 1963 3214 2022 Ἀκουίλιον
3241 1967 3457 2045 γράφει.

2167 2056 2504 2129 Παραγραφή
2543 2054 2650 2108 ἐστι
2678 2054 2854 2126 σαφὴς
2887 2055 2921 2122 ἡ
2957 2051 3326 2128 δικαιολογία,

2167 2147 2278 2200 Τοῦ
2305 2143 2426 2218 ῥέου
2455 2145 2592 2217 πρὸς
2618 2144 2708 2197 τὸν
2743 2144 2946 2218 ἄκτορα
2975 2146 3091 2198 κατ’
3123 2143 3345 2218 ἀγωγῆς
3383 2137 3623 2218 βεϐαίας,

2166 2236 2254 2305 Τῷ
2282 2232 2438 2305 νόμῳ
2473 2230 2564 2304 μέν
2597 2236 2712 2292 πῶς
2740 2231 2988 2306 ἰσχυρᾶς,
3011 2236 3078 2305 τῇ
3113 2234 3267 2309 φύσει
3305 2230 3351 2286 δ’
3380 2229 3696 2294 ἀδικούσας.

2169 2322 2332 2388 Δίκην
2363 2319 2409 2375 δ’
2443 2319 2621 2382 οὐδεὶς
2650 2321 2958 2390 συνίστησιν
2991 2322 3287 2396 ἀγνώστων
3315 2318 3644 2380 αὐτοδίκων.

2169 2409 2393 2481 Ἐπίσης
2418 2413 2496 2482 (2)
2519 2408 2855 2473 δικαιώσεως
2888 2411 2916 2464 ὁ
2949 2407 3254 2482 νεμόμενος
3287 2411 3570 2484 κρείττων.

2166 2502 2222 2553 '0
2253 2499 2472 2578 φθείρας
2507 2499 2598 2573 βίᾳ
2625 2500 2723 2567 την
2759 2500 2986 2571 σεμνὴν,
3019 2497 3251 2576 εὔπορος
3288 2500 3382 2572 μὶν
3407 2501 3714 2575 τυγχάνων,
3744 2509 3752 2518 ⁵

2165 2589 2421 2662 Ἣμίσεος
2453 2589 2727 2665 ἀφαίρεσιν
2754 2585 2870 2663 ἔχει
2900 2593 3007 2644 τῶν
3043 2610 3205 2658 κεκτη
3218 2588 3414 2661 μένων,

2163 2681 2225 2737 Ὀ
2259 2678 2304 2734 δ’
2336 2681 2562 2754 ἄπορος,
2597 2678 2867 2753 ἐξόριστος
2897 2678 3097 2753 γίνεται
3128 2679 3455 2750 παραυτίκα.

2163 2772 2254 2839 ’ΐῷ
2288 2764 2562 2840 Κορνελίῳ
2591 2762 2786 2841 ἓνοχυς
2818 2772 2920 2827 πᾶς
2951 2766 3144 2844 φονεὺς
3173 2767 3455 2842 τυγχάνει,

2161 2861 2248 2928 Τῷ
2272 2851 2642 2918 Ῥεπετοῦνδις
2672 2854 2868 2929 ἔνοχος
2901 2853 3159 2922 δικαστὴς
3191 2852 3523 2929 δωροδόκος.

2163 2947 2250 3018 Τῷ
2282 2943 2340 3000 δὶ
2371 2943 2627 3022 δελφάσις
2767 2941 2963 3020 ἓνοχος
2994 2945 3053 3006 ὃς
3085 2943 3250 3014 ἁλοίη
3283 2943 3619 3000 αλαστεύων.

2162 3038 2242 3093 Τὸ
2274 3037 2494 3111 χρόνιον
2525 3032 2582 3088 δὲ
2607 3035 2834 3104 σύνηθες
2869 3034 3042 3106 νόμου
3075 3029 3342 3106 λαμϐάνει
3363 3034 3554 3090 τόπον.

2162 3127 2231 3184 Οἱ
2260 3126 2464 3202 γενικοὶ
2493 3129 2600 3180 τῶν
2634 3122 2851 3179 εἰδικων
2883 3122 3284 3200 ἐγκρατέστεροι
3319 3124 3528 3195 νόμων.

3512 3216 3655 3273 Vere
3682 3216 3810 3284 332.

389 3517 579 3574 usque
609 3501 683 3556 ad
717 3501 1083 3572 pubertatem
1109 3515 1122 3554 :
1147 3499 1358 3555 exinde
1389 3504 1693 3556 curatores
1725 3501 1784 3556 in
1844 3502 2037 3559 adole-
2067 3504 2111 3572 (Γ,
2149 3503 2456 3560 commode
2485 3505 2650 3557 vocat
2710 3504 2928 3556 matres
2950 3500 3020 3555 ad
3075 3499 3225 3555 bona
3259 3498 3513 3556 ﬁliorum
3547 3515 3564 3554 :
3598 3514 3811 3556 rursus

387 3595 647 3646 scentem
690 3593 1037 3661 potestatem
1097 3594 1388 3644 exercent.
1449 3595 1708 3658 Agnatos
1763 3607 1903 3645 voca
1935 3592 2042 3647 de-

386 3679 733 3736 scendentes
764 3693 833 3732 ex
863 3679 1147 3747 maribus,
1196 3682 1472 3748 cognatos
1501 3694 1571 3733 ex
1602 3679 1857 3735 feminis.
1887 3681 2039 3736 Ado-

387 3768 615 3823 lescens
646 3767 884 3834 dicitur,
911 3767 1356 3838 quatuordecim
1391 3783 1577 3823 annos
1608 3768 2039 3824 natuszmulier

387 3872 524 3912 vero
540 3861 631 3912 est
660 3856 847 3928 puber
871 3871 1026 3910 anno
1048 3855 1416 3912 duodecimo.
1439 3856 1806 3912 Adolescenti
1824 3859 2037 3930 quitu-

389 3951 572 4004 torem
605 3945 801 4012 habet,
821 3951 1054 4001 curator
1082 3947 1274 4001 datur.
1309 3945 1573 4017 Pupillus
1596 3951 1845 4002 tutorem
1861 3965 2034 4003 accu-

387 4053 520 4092 sare
539 4051 657 4090 non
690 4033 1264 4106 potest.Adolescens
1294 4050 1427 4090 vero
1458 4041 1786 4092 curatorem
1820 4042 2033 4108 potest,

383 4125 649 4197 cognatis
673 4123 1037 4193 juvantibus.
1071 4125 1206 4188 Quae
1229 4129 1364 4178 ante
1397 4123 1618 4180 nullius
1651 4130 1810 4193 sunt,
1846 4125 2033 4196 primo

381 4213 724 4284 occupantis
755 4213 925 4266 ﬁunt.
964 4212 1153 4267 Littus
1207 4212 1384 4267 ﬂuctu
1433 4213 1676 4268 hiberno
1727 4215 2031 4269 deﬁnitur.

380 4303 656 4374 Subjecto
689 4300 813 4356 solo
866 4301 1021 4355 cedit
1052 4300 1418 4372 superﬁcies.
1465 4303 1580 4357 iter
1609 4308 1698 4358 est
1719 4301 1812 4357 via
1841 4318 2033 4373 augu-

381 4395 519 4447 sta:
557 4394 737 4444 Actus
763 4388 1014 4460 amplior
1061 4389 1170 4443 via.
1233 4388 1341 4455 Qui
1394 4405 1517 4444 rem
1565 4390 1808 4445 alterius
1839 4391 2034 4446 sciens

381 4479 618 4542 alienat,
677 4477 762 4533 vel
795 4477 965 4532 aliter
992 4477 1194 4542 tradit,
1227 4479 1398 4548 quasi
1438 4479 1658 4534 furtum
1690 4480 2032 4535 committit.

381 4567 682 4624 Posterius
728 4571 1147 4622 testamentum
1199 4567 1364 4637 prius
1415 4569 1682 4640 rumpit:
1731 4569 2032 4639 querelam

378 4657 450 4713 de
483 4656 806 4712 inofﬁcioso
838 4654 946 4711 soli
996 4654 1102 4709 ﬁlii
1155 4662 1411 4710 movent.
1445 4661 1626 4711 Nemo
1677 4673 1857 4728 puero
1898 4659 2033 4712 sub-

375 4748 527 4802 stitit
549 4744 939 4819 pupillariter,
991 4743 1105 4799 nisi
1137 4743 1299 4815 prius
1350 4745 1553 4812 fecerit
1584 4750 2030 4803 testamentum.

375 4834 568 4892 Actori
624 4833 988 4905 probationis
1069 4850 1221 4889 onus
1281 4834 1586 4889 incumbit.
1644 4838 1756 4890 Res
1804 4835 2032 4893 dotales

377 4925 627 4981 mobiles
657 4924 815 4979 illico
859 4921 1612 4994 petuntur;immobilium
1668 4941 1803 4981 vero
1862 4941 2030 4997 repe-

372 5015 568 5071 titioni
618 5013 846 5084 integer
875 5029 1069 5066 annus
1099 5011 1270 5066 cedit.
1317 5013 1676 5069 Testamenti
1726 5015 1887 5070 basis
1943 5019 2032 5071 est

379 5102 625 5160 heredis
655 5100 972 5157 institutio.
1022 5101 1233 5172 Legata
1281 5101 1629 5156 adimuntur
1688 5108 1745 5158 et
1777 5105 2030 5159 transfe-

374 5198 590 5248 runtur
635 5195 988 5246 testamento
1044 5195 1102 5245 et
1147 5189 1451 5246 codicillis.
1507 5192 1622 5247 Lex
1672 5192 1932 5248 Falcidia
1959 5209 2030 5249 ex

374 5281 649 5336 omnibus
678 5279 890 5352 legatis
942 5295 1048 5349 pro
1099 5283 1226 5334 rata
1283 5287 1471 5335 servat
1519 5282 1754 5336 tertiam
1800 5288 2027 5353 partem

374 5368 1060 5440 haeredi.Augustusjus
1104 5368 1508 5424 codicillorum
1563 5370 1844 5439 instituit,
1895 5373 2027 5443 qui-

380 5461 488 5516 bus
514 5459 817 5515 necbsares
875 5459 1108 5514 institui
1169 5464 1380 5530 potest,
1435 5477 1540 5516 nec
1567 5462 1626 5516 in
1671 5466 2025 5520 testamento

369 5548 625 5622 scriptus
673 5546 874 5604 deleri.
945 5547 1536 5607 Senatusconsultum
1587 5550 2019 5609 Tertullianum

442 5748 524 5840 (2)
549 5745 668 5803 Ἐπ’
703 5741 845 5816 ἴσης.

2150 3608 2180 3647 e
2212 3597 2410 3647 contra
2430 3589 2846 3662 Orpbitianum
2882 3588 3034 3644 ﬁlios
3067 3589 3138 3643 ad
3176 3589 3329 3644 bona
3363 3592 3640 3643 matrum.
3675 3587 3805 3643 Ma-

2148 3687 2236 3736 ter
2264 3681 2324 3736 in
2378 3678 2752 3735 successione
2810 3679 3094 3732 bonorum
3159 3675 3260 3732 ﬁlii
3297 3676 3568 3749 praecedit
3597 3691 3807 3732 omnes

2147 3775 2417 3841 agnatos,
2441 3766 2698 3838 exceptis
2728 3765 3208 3837 consanguineis,
3240 3766 3598 3836 quibuscum
3644 3765 3808 3821 venit

2146 3861 2216 3914 ad
2255 3858 2650 3914 hereditatem
2688 3872 2700 3910 :
2736 3856 2838 3911 sed
2872 3855 2924 3910 si
2989 3871 3220 3910 sorores
3280 3855 3562 3910 defuncto
3593 3871 3806 3926 super-

2145 3949 2286 4017 sint,
2319 3947 2634 4003 dimidium
2666 3945 2824 4018 capit
2855 3961 2871 4012 ;
2929 3945 2980 4000 si
3014 3961 3148 4000 vero
3199 3946 3406 4000 fratres
3463 3949 3520 3999 et
3551 3959 3806 4012 sorores,

2145 4036 2428 4108 exsequis
2503 4034 2770 4106 partibus
2827 4034 3171 4089 succedunt.
3229 4033 3312 4088 Ad
3370 4033 3806 4106 agnoscendum

2142 4129 2430 4181 bonorum
2499 4124 2959 4196 possessionem,
3019 4122 3244 4189 liberis,
3338 4127 3398 4176 et
3456 4123 3808 4194 parentibus

2142 4230 2336 4268 annus
2375 4213 2600 4282 integer
2660 4210 2999 4278 auxiliatur,
3032 4211 3167 4266 aliis
3225 4210 3493 4281 cognatis
3563 4217 3801 4266 centum

2144 4301 2269 4357 dies
2299 4302 2515 4358 solum.
2550 4301 2722 4356 Pmna
2752 4299 3116 4371 stipulationi
3151 4299 3580 4372 apponidebet.

2215 4389 2633 4463 Empbyteusis
2683 4395 2774 4445 est
2805 4395 3090 4462 perpetua
3119 4389 3352 4444 locatio.
3387 4388 3643 4460 Duplum
3701 4403 3798 4442 so-

2141 4481 2330 4536 lutum
2373 4482 2446 4536 ab
2503 4495 2570 4536 eo
2629 4479 2729 4552 qui
2787 4479 3086 4535 inﬁciatus
3133 4485 3244 4549 est,
3303 4478 3548 4534 indebiti
3589 4475 3791 4532 condi-

2143 4569 2332 4625 ctione
2384 4587 2500 4625 non
2545 4569 2848 4640 repetitur.
2913 4568 3156 4623 Furtum
3201 4573 3290 4622 est
3338 4568 3538 4624 dolosa
3595 4580 3796 4621 rerum

2141 4659 2566 4715 contrectatio:
2627 4662 2757 4713 sine
2816 4657 2970 4714 mala
3015 4657 3354 4713 admotione
3394 4659 3614 4712 furtum
3675 4672 3797 4710 non

2142 4748 2306 4804 facis.
2367 4747 2708 4803 Publiciana
2767 4746 3048 4818 competit
3121 4747 3171 4802 ei
3231 4747 3331 4817 qui
3386 4738 3508 4801 rem
3570 4743 3801 4811 amisit,

2142 4853 2275 4894 cum
2309 4844 2424 4892 nOn
2449 4835 2768 4908 possideat,
2804 4852 2922 4890 rem
2959 4835 3235 4889 furtivam
3269 4837 3554 4890 adversus
3585 4834 3797 4888 furem.

2142 4927 2424 4982 Pauliana
2480 4927 2658 4980 datur
2708 4924 3154 4996 circumscripto
3213 4926 3270 4980 in
3326 4924 3682 4989 venditione,
3742 4928 3801 4980 et

2139 5016 2492 5071 alienatione
2523 5029 2718 5068 rerum
2751 5029 3016 5068 suarum.
3039 5014 3218 5079 Furti,
3250 5018 3308 5068 et
3335 5029 3405 5068 ex
3437 5012 3564 5084 lege
3621 5013 3802 5084 Aqui-

2138 5103 2218 5160 lia
2247 5104 2306 5158 in
2339 5103 2587 5174 duplum
2621 5101 2875 5172 agimus.
2923 5103 3036 5158 Lex
3083 5102 3404 5157 Duodecim
3455 5101 3799 5157 tabularum

2139 5193 2274 5248 furti
2319 5199 2378 5248 et
2426 5191 2666 5264 Aquilise
2719 5191 3001 5261 actiones,
3055 5191 3291 5247 noxales
3341 5191 3566 5246 scribit.
3625 5191 3804 5247 Exce-

2137 5283 2257 5354 ptio
2287 5287 2378 5338 est
2406 5287 2564 5336 certa
2593 5285 2648 5338 et
2679 5280 2994 5336 manifesta
3015 5281 3274 5353 exceplio
3291 5281 3372 5336 rei
3408 5281 3479 5338 ad
3512 5287 3798 5336 actorem.

2135 5375 2340 5427 contra
2397 5371 2688 5426 actionem
2737 5369 2864 5440 lege
2895 5369 3135 5440 quidem
3189 5370 3443 5436 ﬁrmam,
3496 5371 3596 5426 sed
3630 5379 3801 5426 natu-

2135 5462 2242 5518 rali
2267 5463 2404 5532 jure
2435 5460 2742 5531 injustam.
2794 5459 2980 5514 Litem
3043 5476 3216 5515 nemo
3268 5460 3528 5516 instituit
3559 5459 3801 5516 nescius

2135 5549 2424 5622 suijuris.
2462 5551 2523 5606 In
2573 5551 2710 5622 jure
2763 5548 2975 5622 aequali
3035 5549 3229 5621 potior
3257 5554 3349 5607 est
3379 5549 3479 5623 qui
3509 5549 3798 5624 possidet.

2167 5735 2180 5750 ’
2203 5747 2280 5824 (3)
2311 5747 2376 5804 Δὶ
2407 5743 2628 5828 φάλσις.
