4100 6388
303 444 420 506 937

298 577 515 632 Ἰῐττων
549 575 661 632 ἐστὶ
687 579 797 632 τῶν
828 573 1064 649 θηλειῶν
1099 574 1303 654 αἵρεσις
1338 578 1447 633 τῶν
1479 574 1743 654 άρῥένων.

300 667 365 721 Οἱ
399 667 492 740 μὲν
521 666 802 743 τεχθὲντες
829 667 1065 742 νόμιμοι
1094 665 1316 724 ἕπονται
1346 673 1465 730 τοῖς
1495 669 1777 743 πατράσιν.

301 756 371 813 Οἱ
397 755 588 834 φύντες
623 753 669 811 δ’
695 756 754 812 lx
782 757 1179 832 πορνεόματος,
1210 753 1432 813 ἕπονται
1462 762 1580 819 ταῖς
1614 757 1850 831 μητράσι

298 842 372 900 Τὸ
404 843 556 923 φύσει
589 846 1042 922 χρεωστούμενον
1073 842 1415 918 καταϐληθὲν
1449 845 1549 902 οὐκ
1576 845 1694 923 ἔχει

295 934 460 998 Αὖθις
488 933 852 1012 ρεπετιτίονα,
895 935 970 1001 ὠς
1000 931 1151 1008 ἔδοξε
1174 941 1254 1008 τῷ
1277 933 1453 1010 νόμῳ.

297 1023 479 1082 Ηάντα
509 1026 574 1080 τά
606 1022 858 1080 ἰδιωτικὰ
889 1023 1158 1099 δημόσιον
1193 1025 1255 1080 οὐ
1292 1025 1548 1102 βλάπτει,

298 1112 717 1179 ’Δποκαθίστατ’
749 1109 1001 1185 ἀϐλαϐὴς
1036 1116 1063 1170 ὁ
1097 1115 1211 1178 νέος
1237 1115 1375 1171 κατὰ
1404 1116 1634 1189 νόμους.

298 1205 465 1280 Ὅπερ
497 1203 608 1260 ἐστὶ
640 1209 756 1268 τοῖς
787 1204 978 1274 ἥττοσι
1008 1204 1072 1260 τὸ
1105 1205 1555 1273 ἀποκαθιστάναι,

295 1296 472 1350 Τοῦτο
503 1293 740 1368 μείζοσιν
774 1291 1038 1370 ἔγκλητπ
1071 1295 1208 1370 πρὸς
1237 1294 1438 1371 λόγους
1473 1292 1792 1368 ἀναλόγους.

293 1383 506 1461 Πατρὸς
527 1383 618 1439 καὶ
651 1381 859 1439 παίδων
898 1382 1093 1458 μεταξὺ
1122 1389 1233 1440 τῶν
1260 1405 1324 1460 γε
1358 1383 1683 1456 ὖπεξουσίων

293 1472 372 1530 Οὐ
405 1473 609 1550 πέφυκε
639 1473 985 1538 συνίστασθαι
1018 1471 1175 1545 δίκης
1207 1467 1550 1550 ἀμφιϐολίας

292 1562 472 1619 ’Όπου
499 1558 557 1617 δὲ
585 1564 620 1633 ἡ
660 1563 1037 1639 προκάταρξις,
1071 1561 1182 1619 ἐκεῖ
1210 1563 1300 1619 καὶ
1331 1560 1595 1634 καταδίκη

293 1651 366 1705 Τὸ
398 1656 584 1725 μεῖζον
618 1649 968 1727 δικαστήριον
1000 1653 1064 1708 τὸ
1091 1650 1316 1709 ἔλαττον
1351 1651 1651 1728 προκρίνει.

293 1751 351 1804 Ὀ
383 1747 567 1816 διδοὺς
589 1750 652 1806 τὸ
685 1745 951 1807 ῗνδὲϐιτον
981 1749 1124 1828 ἔχων
1161 1747 1367 1822 εἷ’δησιν
1398 1749 1595 1805 τούτου

291 1837 408 1896 Οὐκ
434 1834 552 1916 ἔχει
582 1837 750 1895 πάλιν
777 1836 1054 1917 εἷ’σπραξιν
1085 1844 1182 1896 τοῦ
1217 1833 1583 1915 βεϐλημένου,

289 1927 510 1992 Ὁσάκις
542 1927 875 2000 ἐξετάζοντες
907 1929 1032 2005 περὶ
1062 1933 1288 2006 καρπῶν
1319 1933 1652 2002 σκοποῦμεν,

289 2017 432 2075 ’Όσα
461 2013 649 2073 λάϐειν
679 2016 914 2089 ἠδύνατο
946 2020 974 2074 ὁ
1013 2018 1230 2092 νομεὺς,
1263 2012 1617 2092 άκριϐοὖμεν,

292 2106 384 2170 Εἷς
416 2103 613 2184 ἔδαφος
646 2106 918 2164 ἐπίκοινον
949 2109 976 2163 ὁ
1006 2108 1268 2170 κοινωνὸς
1300 2108 1364 2164 οὑ
1395 2108 1587 2176 κτίζει.

292 2197 582 2270 Ἐξωτικὸς
616 2198 678 2253 οὗ
710 2195 929 2253 δύναται
955 2194 1202 2253 δουλείαν
1231 2196 1641 2272 προσπορίζειν.

292 2287 407 2365 Ἐφ’
439 2287 513 2342 ὧν
543 2288 571 2342 ὁ
603 2286 912 2351 ’Δκουίλιος
948 2287 1194 2361 θεμάτων
1230 2286 1339 2363 οὐχ
1367 2286 1619 2363 ἁρμόζει,

292 2374 521 2439 Τούτοις
581 2373 628 2432 δ’
688 2375 995 2456 ἲνφάκτουμ
1046 2373 1282 2448 δίδοται,
1338 2375 1536 2451 σαθρὸς
1598 2371 1644 2430 δ’
1696 2373 1723 2428 ὁ
1770 2369 1944 2428 κανὼν

1743 2462 1945 2536 [οὗτος.

290 2563 492 2618 Ὁπόσα
523 2557 579 2618 δὲ
613 2562 690 2636 μὴ
722 2558 941 2638 ἔχουσιν
975 2562 1134 2639 ἰσχὺν
1167 2563 1304 2618 κατὰ
1330 2567 1436 2618 τῶν
1465 2561 1675 2636 νόμων,

289 2651 482 2727 Χωρὶς
513 2649 950 2726 ἀποτελέσματος
979 2648 1206 2717 δοθίντα
1225 2653 1363 2708 κατᾶ
1392 2649 1629 2722 πλάνην,

289 2739 404 2800 Οὔκ
438 2734 557 2816 ἕχει
591 2739 914 2818 ῥεπετίτιον,
948 2737 1063 2796 οὔδ’
1089 2739 1368 2819 ,εἶ’σπραξιν
1402 2739 1600 2796 ὀπίσω.

289 2831 523 2909 Χείρονα
551 2837 727 2888 ποιεῖν
761 2829 965 2905 α’ίρεσιν
993 2834 1130 2909 γυνή
1164 2833 1392 2909 προικὸς
1426 2829 1588 2900 ἰδίας,

295 2925 493 2998 Σαφῶς
523 2921 622 2976 οὑκ
650 2916 764 2998 ἔχει
799 2919 1027 2996 δύναμιν
1060 2921 1114 2977 ἐν
1145 2925 1435 2978 συνεστῶτι
1475 2920 1658 2996 γάμῳ.

295 3012 385 3081 Τῷ
408 3005 594 3084 ἔχοντι
622 3009 934 3087 ἆπίτροπον,
962 3007 1148 3087 ἕτερος
1180 3010 1242 3068 οὐ
1271 3008 1480 3073 δοτὲος.

298 3097 369 3152 Τὸ
402 3103 586 3173 μεῖζον
617 3095 984 3176 δικαστήριον,
1011 3105 1256 3178 κρεῖττον
1288 3103 1396 3156 τῶν
1431 3097 1763 3168 ἐλαττόνων,

1670 445 2047 508 SYNOPSIS
2094 445 2389 538 LEGUM.

3613 451 3733 513 938

1986 587 2042 654 Α
2073 579 2232 636 Ἤτοι
2262 579 2326 635 τὸ
2355 576 2527 655 ἒγκλη
2539 578 2789 652 ματικὸν,
2819 579 2918 636 τοῦ
2944 579 3068 657 περῖ
3098 582 3205 636 τῶν
3232 600 3344 658 χρη
3356 582 3563 657 μάτων.

2076 666 2382 741 Ἐκδίκησιν
2417 667 2740 746 ἐγκλήματα
2771 664 3037 744 λαμϐάνει
3075 673 3178 740 τήν
3212 669 3442 730 δικαίαν.

2075 759 2162 815 Ἐν
2193 758 2387 821 τόποις
2419 761 2501 821 οἷς
2534 757 2873 834 ἡμάρτηται,
2907 755 3028 815 ἔνθα
3058 760 3314 836 κρείττων
3349 765 3384 832 ἡ
3417 767 3640 839 γνῶσις.

2071 848 2251 905 ’Όπου
2284 845 2340 903 δὲ
2369 851 2403 918 ἡ
2431 848 2814 925 προκάταρξις,
2847 846 2959 903 ἐκεῖ
2984 849 3075 904 καὶ
3105 848 3394 922 καταδίκη.

2141 937 2419 995 Ἐντεῦθεν
2451 938 2539 993 καὶ
2570 937 2800 1000 κανόνας
2829 959 2912 993 σοι
2943 943 3052 993 τῶν
3082 945 3300 1014 Νεαρῶν
3333 940 3586 1018 εἰσφέρω,

2070 1024 2398 1095 Δηλούντων
2425 1026 2490 1081 τὰ
2526 1023 2700 1100 βουλή
2714 1047 2856 1100 ματα
2885 1028 3101 1081 πάντων
3136 1028 3243 1082 τῶν
3271 1026 3668 1099 τελευτώντων,

2069 1117 2203 1170 Ὅσα
2233 1116 2308 1189 μὴ
2346 1113 2714 1192 διαμάχονται
2741 1121 2860 1179 τοῖς
2892 1116 3087 1190 νόμοις
3116 1121 3233 1179 τοῖς
3272 1117 3566 1191 κειμένοις.

2068 1209 2278 1282 Προῖκα
2356 1206 2449 1280 μὲν
2531 1206 2710 1280 γάμος
2792 1205 3018 1283 ἐνεργεῖ,
3079 1208 3256 1281 γάμον
3318 1203 3365 1261 δ’
3423 1207 3486 1262 οὗ
3561 1204 3730 1284 δρῶσι

3458 1298 3726 1374 [προῖκες.

2063 1384 2236 1460 ’Όπερ
2267 1384 2294 1439 ὁ
2325 1383 2492 1458 νόμος
2523 1382 2739 1455 δίδωσι,
2769 1387 2870 1442 οὑκ
2898 1383 2960 1440 ἂν
2985 1383 3250 1464 ἀφίλοιτό
3280 1407 3383 1450 τις.

2064 1477 2429 1550 Παραγραφῆς
2462 1474 2734 1540 ἀντίθεσις
2767 1475 2867 1531 οὐκ
2892 1473 3003 1532 ἔστι
3036 1473 3312 1549 δημοσίῳ.

2063 1567 2126 1622 Ἣ
2155 1562 2682 1642 δευτερογαμήσασα
2710 1567 2816 1644 πρὸ
2845 1571 2943 1622 τοῦ
2973 1566 3238 1641 πενθίμου
3272 1568 3500 1645 χρόνου,

2064 1655 2287 1711 Πάντων
2326 1654 2576 1712 ἐκπίπτει
2636 1656 2723 1712 καὶ
2784 1657 3053 1734 προικῶν,
3111 1656 3201 1712 καὶ
3269 1653 3474 1734 κερδῶν
3507 1678 3725 1735 παραυ-

3571 1747 3719 1821 τίκα,

2059 1833 2145 1905 Ἐξ
2176 1832 2461 1911 ἐλευθέρας
2492 1835 2754 1913 θυγατρὸς
2787 1836 2849 1892 οὐ
2879 1834 3116 1892 τίκτεταί
3146 1857 3229 1899 τις
3257 1833 3476 1898 δοῦλος.

2059 1928 2174 1978 Τῶν
2205 1923 2584 1981 τελευτώντων
2618 1925 2882 2002 βούλησιν
2916 1924 3108 2000 μηδεὶς
3141 1927 3503 2002 ἀνατρεπὲτω.

2061 2012 2246 2087 Γάμος
2276 2011 2322 2069 δ’
2355 2013 2413 2070 ἐκ
2443 2011 2732 2077 διαθέσεως
2765 2017 3076 2072 συνίσταται
3102 2017 3192 2072 καὶ
3228 2015 3418 2090 μόνης,

2055 2100 2160 2157 Κᾶν
2196 2104 2272 2176 μὴ
2305 2099 2554 2181 προδῶσι
2587 2106 2800 2181 γαμικὰ
2832 2102 3146 2179 συμϐόλαια
3176 2106 3313 2182 πρὸς
3345 2106 3572 2177 ταύτης.

2057 2192 2338 2269 Δεφὲνσωρ
2371 2191 2699 2265 ἐπιτήδειος,
2734 2191 2912 2257 οὐδεὶς
2946 2193 3121 2270 χωρὶς
3155 2193 3374 2271 ιγγόης.

2055 2281 2112 2335 '0
2142 2278 2326 2337 δοῦναι
2358 2280 2733 2358 προελόμενος
2765 2282 2877 2346 ἴσος
2903 2289 2983 2356 τῷ
3012 2281 3294 2339 δεδωκότι·

2055 2371 2464 2443 Ἐπιτροπεόειν
2490 2370 2738 2428 δύνανται
2767 2377 2876 2428 τῶν
2902 2373 3102 2428 τὲκνων
3137 2374 3190 2428 αἱ
3225 2374 3477 2447 μητέρες.

2056 2459 2145 2516 Ἐν
2179 2460 2327 2534 μέσῳ
2358 2458 2517 2528 δίκης
2549 2459 2729 2518 ἄδικον
2762 2462 2994 2538 γίνεσθαι
3027 2461 3201 2524 θείους
3228 2462 3454 2525 τόπους.

2055 2550 2116 2607 Ἦ
2151 2552 2349 2625 γνώμη
2380 2557 2477 2607 τοῦ
2505 2552 2845 2630 τεστάτιὸρος
2876 2553 3090 2608 πάντων
3123 2555 3493 2630 προκιμητὲα.

2055 2638 2221 2703 Τόκος
2255 2640 2683 2716 ἂνεπερώτητος,
2718 2643 2792 2705 εἷς
2826 2641 3036 2698 δάνειον
3071 2643 3134 2698 οὐ
3164 2643 3373 2718 τρέχει.

2055 2731 2163 2800 Τὴν
2194 2733 2300 2786 τῶν
2336 2736 2514 2786 κακῶν
2548 2731 2848 2808 εἰσαγωγὴν
2884 2731 2944 2787 οὐ
2976 2729 3190 2810 σφίγγει
3225 2731 3431 2807 μακρὸς
3463 2729 3666 2808 χρόνος

2057 2820 2182 2876 Τῶν
2215 2821 2409 2894 γάμων
2435 2821 2487 2876 οἱ
2518 2819 2792 2894 ἀθέμιτοι,
2827 2826 3036 2883 ποιναῖς
3065 2820 3428 2895 τιμωρητὲοι.

2057 2907 2125 2965 Οἱ
2150 2906 2612 2982 πλημμελοῦντες
2646 2911 2863 2984 κόλασι,
2898 2908 3198 2966 διδότωσαν
3234 2909 3484 2981 δικαίως,

2058 2994 2479 3073 Φυλαττόμενον
2511 3005 2755 3074 νομικῶς
2786 3000 3048 3074 νομίμοις
3080 2997 3387 3076 διαδόχοις,

2053 3087 2148 3141 Ὧν
2177 3082 2397 3164 ἔχουσιν
2431 3089 2483 3144 οἳ
2515 3089 2836 3152 πταίσαντες
2861 3089 3115 3164 νομίμων
3147 3088 3239 3144 καί
3277 3108 3638 3165 πραγμάτων.

3310 3178 3477 3236 Vers.
3516 3180 3644 3237 387.

291 3386 401 3454 Qui
433 3386 486 3444 vi
535 3388 870 3464 religiosam
926 3391 1216 3466 virginem
1262 3389 1546 3463 corrupit,
1595 3388 1645 3446 si
1674 3387 1939 3463 locuples
1971 3388 2015 3458 C
2053 3387 2218 3445 locus
2250 3385 2378 3443 erit.
2413 3383 2621 3440 Mulier
2663 3385 2968 3439 constante
3013 3381 3412 3451 matrimonio,
3465 3381 3715 3440 faculta-

288 3478 386 3550 sit,
421 3481 710 3539 bonorum
767 3500 1011 3540 suorum
1062 3482 1397 3540 medietatis
1435 3482 1732 3554 jacturam
1792 3479 1943 3554 pati-

286 3573 422 3626 tur:
458 3587 680 3643 pauper
710 3589 844 3630 vero
875 3573 1078 3630 statim
1111 3574 1173 3629 in
1195 3572 1470 3630 exsilium
1503 3571 1781 3626 mittitur.
1818 3569 1948 3626 Om-

287 3658 380 3714 nis
412 3659 705 3717 homicida
762 3662 1058 3736 obligatus
1116 3669 1205 3720 est
1262 3662 1376 3735 legi
1423 3660 1722 3717 Corneliae.
1756 3659 1947 3716 Judex

287 3749 584 3820 sordidus,
605 3757 664 3808 et
689 3769 938 3810 munera
957 3752 1271 3826 accipiens,
1299 3752 1759 3824 repetundarum
1783 3754 1944 3804 tene-

284 3844 403 3898 tur.
443 3844 576 3916 Legi
625 3859 761 3901 vero
806 3845 877 3901 de
906 3843 1072 3901 falsis
1123 3843 1434 3915 obligatur,
1468 3844 1570 3915 qui
1618 3841 1805 3898 variat
1836 3839 1946 3895 fal-

286 3947 421 3987 sum
471 3931 755 3991 scribens.
806 3933 1099 3990 Diuturna
1151 3933 1514 3990 consuetudo
1575 3931 1720 4003 legis
1750 3931 1946 3986 locum

284 4018 514 4092 implet.
550 4022 727 4094 Leges
757 4022 1062 4095 generales
1095 4022 1350 4096 potiores
1402 4025 1542 4077 sunt
1571 4019 1632 4075 in
1677 4019 1944 4090 judiciis.

289 4107 455 4178 Pejor
509 4115 598 4166 est
655 4110 1010 4168 feminarum
1077 4111 1356 4180 conditio,
1416 4125 1593 4181 quam
1654 4106 1936 4163 marium.

283 4195 556 4270 Legitimi
586 4198 756 4256 liberi
791 4203 1019 4273 patrem
1069 4204 1422 4272 sequuntur,
1455 4198 1574 4254 nati
1607 4214 1675 4254 ex
1718 4200 1946 4252 scorta-

284 4287 446 4344 tione
479 4293 750 4346 matrem.
801 4289 963 4356 Quod
1018 4293 1232 4346 natura
1279 4288 1526 4344 debetur
1570 4286 1828 4343 solutum
1861 4302 1947 4342 re-

281 4375 405 4449 peti
460 4394 578 4434 non
636 4383 852 4452 potest,
887 4383 952 4435 ut
1007 4379 1240 4452 legibus
1295 4377 1536 4450 placuit.
1598 4375 1772 4435 Nulla
1830 4374 1948 4448 pri-

281 4471 418 4523 vata
448 4466 684 4540 publico
706 4471 941 4526 nocent.
976 4467 1331 4525 Restituitur
1360 4466 1578 4523 illaasus
1605 4465 1948 4522 adolescens

283 4557 616 4614 secundum
647 4557 829 4630 leges,
876 4559 1031 4631 quod
1078 4558 1136 4614 in
1189 4555 1520 4613 minoribus
1552 4554 1729 4613 efficit
1775 4553 1948 4611 resti-

277 4645 458 4718 tutio,
490 4645 546 4703 id
581 4647 643 4703 in
675 4647 1002 4720 majoribus
1042 4647 1381 4721 appellatio,
1436 4646 1639 4702 eadem
1701 4660 1948 4717 propor-

278 4735 628 4793 tione.lnter
641 4742 860 4810 patrem
882 4737 1106 4795 etﬁlios
1121 4735 1643 4810 quosillehabetin
1663 4737 1950 4807 potestate

276 4823 407 4882 litis
437 4824 755 4883 discrimen
786 4827 1017 4884 institui
1070 4845 1183 4884 non
1218 4831 1432 4900 potest.
1480 4824 1830 4896 Ubicunque
1860 4829 1950 4878 est

277 4913 406 4970 litis
435 4917 804 4988 contestatio,
838 4916 959 4973 illic
989 4921 1046 4972 et
1066 4917 1355 4989 judicatio
1386 4920 1498 4972 est.
1534 4914 1725 4986 Majus
1759 4913 1948 4968 tribu-

278 5003 382 5060 nal
413 5005 485 5060 de
511 5004 721 5062 minori
747 5006 992 5077 judicat.
1020 5007 1130 5072 Qui
1161 5007 1356 5062 sciens
1389 5004 1563 5061 solvit
1593 5003 1948 5070 indebitum,

274 5093 458 5151 soluti
511 5094 788 5168 deinceps
820 5095 1255 5153 condictionem
1319 5111 1435 5150 non
1469 5095 1666 5150 habet.
1720 5092 1958 5158 Quoties

275 5183 645 5240 aestimantes
703 5184 992 5241 rationem
1067 5185 1368 5241 fructuum
1429 5184 1744 5251 habemus,
1806 5198 1958 5254 quos

276 5289 594 5346 possessor
621 5273 921 5346 percipere
972 5278 1222 5347 poterat,
1271 5279 1473 5330 exacte
1523 5271 1956 5344 perquirimus,

273 5363 347 5420 In
380 5361 504 5419 solo
554 5363 857 5418 communi
909 5364 1110 5420 socius
1137 5380 1254 5419 non
1306 5363 1577 5419 aediﬁcat.
1625 5365 1959 5417 Extraneus

274 5468 401 5511 non
434 5457 627 5525 potest
672 5453 1013 5510 servitutem
1063 5451 1386 5526 acquirere.
1424 5453 1504 5508 Ex
1549 5450 1768 5524 quibus
1801 5450 1954 5506 casi-

275 5543 399 5599 bus
427 5541 662 5614 Aquilia
711 5558 828 5597 non
881 5542 1186 5616 competit,
1233 5541 1409 5598 datur
1459 5539 1676 5597 actioni
1707 5539 1959 5608 factum,

277 5629 561 5706 putribus
608 5635 809 5687 autem
857 5637 947 5690 est
995 5632 1094 5689 ille
1151 5647 1362 5688 canon.
1395 5631 1480 5686 Ex
1527 5628 1620 5686 his
1675 5627 1956 5685 omnibus

279 5720 480 5778 causis
512 5737 642 5795 quas
664 5721 802 5793 jure
832 5738 950 5778 non
973 5722 1312 5789 valuerunt,
1344 5719 1431 5776 vel
1465 5735 1584 5775 non
1615 5718 1962 5774 habuerunt

284 5812 585 5881 eﬂ‘ectum,
617 5813 822 5868 secuta
847 5827 947 5884 per
969 5825 1230 5868 errorem
1259 5808 1578 5876 solutione,
1601 5805 1960 5864 condictioni

615 5944 886 6005 ΡΑτιιοι.
934 5942 1048 6004 Gn.
1093 5939 1336 6003 CXXII.

2054 3482 2172 3534 tem
2205 3471 2320 3532 non
2353 3475 2532 3530 habet
2584 3473 2934 3528 deteriorem
2969 3471 3223 3528 faciendi
3278 3471 3434 3528 dotis
3464 3471 3714 3545 proprie

2055 3566 2474 3623 conditionem.
2508 3564 2784 3619 Tutorem
2820 3561 3062 3618 habenti
3093 3561 3247 3617 alius
3286 3565 3450 3617 tutor
3478 3577 3593 3617 non
3625 3565 3718 3618 est

2055 3657 2309 3712 dandus.
2345 3654 2537 3724 Majus
2567 3650 2826 3708 tribunal
2859 3653 3054 3724 potius
3084 3655 3176 3706 est
3208 3649 3561 3717 minoribus,
3594 3649 3718 3706 sive

2055 3745 2382 3813 criminale,
2417 3741 2774 3816 pecuniario.
2827 3741 3089 3797 Crimina
3115 3740 3342 3811 justam
3394 3739 3716 3794 vindictam

2053 3835 2292 3892 habent.
2327 3836 2452 3897 Quo
2483 3831 2609 3887 loco
2638 3831 2768 3902 quis
2820 3829 3074 3901 deliquit
3105 3830 3176 3884 de
3225 3828 3468 3884 crimine
3497 3843 3713 3900 cogno-

2055 3925 2262 3982 scitur.
2296 3922 2643 3993 Ubicunque
2687 3924 2777 3976 est
2803 3918 2925 3974 litis
2959 3917 3329 3988 contestatio,
3375 3915 3456 3971 ibi
3486 3921 3544 3972 et
3572 3933 3714 3972 con-

2055 4011 2373 4071 demnatio.

2127 4103 2350 4161 Deinde
2379 4100 2486 4156 tibi
2519 4100 2695 4156 affero
2740 4097 3113 4155 Novellarum
3164 4089 3398 4170 regulas
3447 4112 3577 4168 quae
3609 4096 3712 4152 de-

2056 4195 2284 4252 clarant
2310 4191 2502 4247 valere
2536 4188 2918 4245 morientium
2960 4188 3316 4254 voluntates,
3348 4202 3716 4258 quaecunque

2056 4284 2287 4359 legibus
2345 4279 2552 4354 positis
2609 4295 2726 4334 non
2812 4280 3166 4350 repugnant.
3229 4275 3459 4348 Nuptiae
3516 4277 3714 4331 dotem

2058 4374 2478 4436 constituunt,
2540 4369 2778 4440 nuptias
2836 4382 2970 4422 vero
3028 4367 3192 4422 dotes
3248 4381 3367 4420 non
3425 4363 3715 4420 efﬁciunt.

2058 4464 2221 4533 Quod
2252 4461 2345 4518 lex
2376 4461 2477 4516 dat
2506 4474 2674 4514 nemo
2725 4457 2937 4512 aufert.
2971 4454 3436 4526 Praescriptionis
3483 4452 3718 4526 opposi-

2056 4555 2140 4610 tio
2198 4569 2313 4608 non
2349 4553 2439 4606 est
2496 4549 2660 4605 ﬁsco.
2716 4545 2922 4602 Mulier
2981 4545 3242 4600 secundo
3299 4542 3720 4598 nubensintra

2054 4643 2252 4699 luctus
2285 4644 2540 4711 tempus,
2597 4636 2818 4692 amittit
2866 4634 3026 4690 illico
3076 4637 3132 4689 et
3185 4634 3380 4688 dotem
3430 4637 3489 4686 et
3519 4629 3721 4686 omnia

2059 4733 2242 4789 lucra.
2275 4730 2358 4785 Ex
2393 4728 2516 4782 tilia
2547 4725 2728 4780 libera
2761 4741 2878 4779 non
2911 4723 3176 4778 nascitur
3204 4737 3431 4777 servus.
3463 4718 3720 4774 Morien-

2055 4822 2202 4878 tium
2237 4818 2602 4874 voluntatem
2635 4830 2805 4869 nemo
2853 4811 3197 4867 subvertito.
3231 4809 3368 4865 Sola
3416 4806 3722 4862 affectione

2057 4909 2278 4982 nuptiae
2329 4906 2776 4965 contrahuntur,
2813 4901 2946 4956 licet
2976 4900 3138 4954 illam
3182 4897 3472 4970 nuptialia
3501 4897 3722 4950 instru-

2068 5002 2271 5056 menta
2326 5012 2444 5052 non
2512 4992 2956 5067 praecesserint.
3019 4988 3228 5044 Nullus
3302 4987 3578 5042 defensor
3633 4990 3724 5040 est

2067 5090 2316 5144 idoneus
2347 5087 2474 5141 sine
2525 5082 2929 5138 satisdatione.
2977 5079 3060 5133 Ad
3111 5077 3454 5132 donandum
3490 5089 3724 5146 progre-

2069 5179 2238 5235 diens
2291 5173 2506 5231 similis
2537 5178 2626 5228 est
2684 5170 2767 5224 illi
2820 5170 2920 5241 qui
2981 5168 3141 5223 dedit
3207 5169 3424 5220 Matres
3477 5165 3730 5235 possunt

2069 5269 2325 5324 ﬁliorum
2376 5279 2619 5319 suorum
2671 5260 2918 5315 tutelam
2970 5271 3188 5328 gerere.
3248 5256 3311 5310 In
3363 5253 3554 5308 medio
3603 5251 3729 5307 litis

2073 5361 2278 5413 contra
2333 5355 2428 5425 ius
2487 5353 2638 5407 ﬁunt
2719 5365 2895 5405 sacrae
2955 5350 3190 5402 formes.
3250 5341 3576 5400 Testatoris
3629 5356 3728 5396 v0-

2070 5447 2270 5502 luntas
2300 5441 2578 5500 omnibus
2619 5441 2710 5494 est
2759 5436 3189 5508 anteponenda.
3223 5433 3425 5489 Usuraa
3475 5447 3591 5487 non
3627 5429 3732 5486 sti-

2070 5534 2286 5609 pulatze
2317 5533 2376 5587 in
2409 5529 2677 5586 debitum
2730 5542 2845 5580 non
2894 5524 3158 5580 veniunt.
3191 5521 3600 5594 Improborum
3633 5533 3730 5609 ac-

2069 5606 2298 5683 cusatio
2353 5622 2527 5692 longo
2575 5622 2842 5688 tempore
2895 5630 3013 5669 non
3060 5611 3452 5669 concluditur.
3503 5606 3732 5680 Nuptiis

2071 5713 2307 5773 nefaria
2356 5709 2546 5784 poenis
2594 5709 2735 5762 sunt
2791 5702 3132 5775 plectendm.
3194 5700 3303 5768 Qui
3352 5697 3734 5784 deliquerunt

2073 5781 2397 5876 dentjuste
2427 5799 2543 5856 reis
2587 5792 2868 5854 ambitus.
2920 5789 3226 5864 Legitimis
3280 5781 3730 5844 successoribus

3325 5911 3407 5971 30
