4100 6416
421 469 542 530 939

418 602 483 659 '0
514 597 700 677 ἅρχων
737 597 1026 675 ὑπερόριος
1048 588 1267 664 οῗκοθεν
1298 594 1605 655 δαπανάτω.

419 691 635 766 Μοιχὸς
667 687 725 745 δέ
752 711 836 755 τις
866 686 1218 765 ἀποδειχθεὶς
1244 691 1340 752 τὰς
1370 689 1563 751 ποινὰς
1596 688 1868 765 ὑπεχέτω,

417 777 661 835 Διδόσθω
693 778 749 836 δὲ
778 779 848 855 τῇ
878 781 1088 856 γυναικὶ
1124 779 1183 835 ἐκ
1212 783 1319 835 τῶν
1353 778 1517 834 αὐτοῦ
1547 778 1881 854 πραγμάτων

411 870 474 926 Ἦ
508 870 674 946 προὶξ
705 870 797 925 σὺν
830 867 1010 933 ἕδνοις
1037 870 1237 941 ἅπασα,
1272 870 1319 924 εἰ
1346 866 1393 923 δ’
1422 865 1690 941 ἅπροικος
1717 865 2000 943 τυγχάνει,

409 960 585 1030 Μέρος
616 959 790 1036 ἐχέτω
818 960 1077 1035 τέταρτον
1105 963 1214 1015 τῶν
1249 958 1458 1014 έκείνυυ
1487 958 1845 1034 πραγμάτων·

414 1050 498 1106 Τὰ
528 1047 585 1105 δὲ
616 1049 786 1105 λοιπᾶ
812 1053 915 1105 τοῦ
944 1048 1268 1109 πταίσαντος
1299 1048 1595 1123 πράγματα
1631 1047 1931 1122 μεριζέσθω

412 1138 512 1202 Εἷς
569 1137 790 1211 παῖδας,
849 1139 924 1202 εἷς
979 1138 1109 1203 τοὺς
1160 1137 1449 1214 φύσαντας,
1510 1134 1642 1213 ἄχρι
1707 1136 1923 1212 βαθμοῦ
1975 1136 2076 1189 τοῦ

1840 1223 2071 1299 [τρίτου.

410 1317 481 1373 Εἴ
510 1316 556 1373 δ’
587 1317 710 1374 οὕτε
740 1323 886 1385 παῖς,
912 1316 1032 1373 οὔτε
1065 1316 1255 1392 γονεὺς
1293 1314 1608 1392 ὑπάρχουσι
1638 1318 1719 1387 τῷ
1751 1313 2003 1387 πταίστῃ,

408 1413 498 1481 Τῷ
530 1406 704 1486 φίσκῳ
732 1408 1260 1485 προσκυρούσθωσαν
1292 1405 1545 1461 τάκείνου
1583 1402 1997 1481 προσηκόντως.

410 1502 519 1567 Τῆς
551 1498 942 1573 μοιχευθείσης
971 1496 1248 1573 γυναικὸς,
1284 1490 1528 1571 ἀκριϐῶς
1564 1490 1939 1569 τηρουμένης,

411 1586 477 1644 Εἰ
508 1589 537 1642 ὁ
571 1586 821 1650 σύνοικος
853 1585 1139 1663 βούλοιτο,
1168 1584 1515 1661 θαρρούντως
1548 1580 1874 1657 λαμϐανέτω

409 1678 525 1747 Τήν
558 1676 851 1733 πταίσασαν
883 1675 1120 1749 ἀζήμιον
1153 1673 1304 1737 ἐντὸς
1331 1679 1433 1743 τῆς
1467 1671 1685 1735 διετίας·

410 1765 628 1837 Χρόνου
660 1762 718 1821 δὲ
748 1763 1162 1841 διαρῥεόσαντος
1191 1767 1289 1819 τοῦ
1330 1759 1785 1837 διηγορεομένου,

411 1857 475 1911 Ἣ
508 1857 603 1929 μὲν
632 1854 709 1918 εἷς
749 1857 1113 1930 μοναστήριον
1146 1850 1374 1915 ἐνδίκως
1407 1849 1660 1926 διαγέτω,

407 1942 863 2023 Μελαμιροροῢσα
891 1943 1122 1998 πάντοτε
1150 1940 1287 1997 κατὰ
1305 1941 1399 2003 τὰς
1429 1940 1781 2017 κεκαρμένας

404 2033 476 2090 Εἴ
507 2032 694 2096 παῖδες
725 2033 852 2105 εἰσὶ,
882 2032 946 2088 τὸ
978 2030 1230 2109 δίμοιρον
1273 2029 1543 2106 ἒχέτωσαν
1575 2032 1648 2085 ὧν
1678 2026 1816 2107 ἔχει,

404 2124 476 2179 Τὸ
506 2122 563 2178 δέ
595 2144 660 2200 γε
692 2124 1058 2199 μοναστήριον
1088 2122 1151 2176 τὸ
1182 2120 1363 2197 τρίτον
1399 2115 1742 2194 λαμϐανέτω.

406 2213 477 2270 Αἱ
504 2213 731 2285 κλήσεις
760 2217 867 2268 τῶν
899 2209 1211 2288 ἐγκλήματι
1242 2209 1473 2266 θανάτου
1503 2212 1870 2269 πεπτωκότων

412 2306 546 2367 Τοῖς
577 2308 708 2358 πᾶσι
738 2303 1122 2378 ἆρμοζέτωσαν
1156 2300 1190 2370 ἢ
1224 2301 1335 2355 ἂνω
1364 2305 1480 2363 τοῖς
1511 2306 1746 2375 γονεῦσι.

409 2394 510 2455 Τὰς
542 2390 693 2456 δίκας
719 2394 814 2456 τὰς
846 2391 898 2449 ἐν
931 2394 1185 2468 χρήμασι
1213 2389 1309 2454 τὰς
1340 2389 1474 2447 κατᾶ
1502 2395 1611 2446 τῶν
1644 2390 1694 2446 ἐν
1724 2389 1922 2468 κλήρῳ

410 2482 730 2539 Ἐπίσκοποι
760 2481 1082 2561 κρινέτωσαν
1111 2475 1482 2557 ἡκριϐωμένῳ
1512 2480 1684 2556 λόγῳ.

406 2573 560 2635 Ἐνὸς
593 2570 651 2627 δὶ
684 2574 759 2647 μὴ
795 2573 1194 2647 στοιχήσαντος
1223 2574 1320 2625 τοῦ
1348 2571 1625 2642 κρίνοντος
1653 2574 1723 2638 τῆ
1762 2573 1953 2650 ψήφῳ,

406 2664 468 2720 Ὁ
505 2661 693 2739 ἄρχων
719 2662 979 2733 ἐξετάσειε
1005 2660 1208 2731 ταύτην
1243 2654 1657 2736 ἆκριϐεστέρως.

408 2754 496 2809 Ἐν
530 2748 589 2807 δὲ
614 2757 731 2814 τοῖς
760 2753 1119 2826 ἁμαρτήμασι
1146 2754 1264 2812 τοῖς
1293 2748 1767 2826 πολιτικωτέροις,

408 2843 476 2900 Οἱ
506 2840 766 2918 κληρικοὶ
795 2845 913 2905 τοῖς
943 2837 1177 2915 ἄρχουσι
1208 2837 1514 2895 ὑπόκεινται
1550 2837 1793 2904 δικαίως.

409 2930 554 2995 Τοὺς
586 2929 823 2994 εὐτελεῖς
856 2928 915 2986 δὲ
947 2930 1220 3006 μάρτυρας
1253 2930 1281 2983 ὁ
1313 2932 1505 3006 κριτὴς
1532 2928 1841 3000 κολαζέτω,

406 3023 549 3097 Πρὸς
576 3020 838 3093 ἀληθείας
866 3020 1070 3093 εὕρεσιν
1102 3017 1190 3075 καὶ
1221 3019 1414 3098 μηρεῖς
1445 3017 1721 3080 αἷτιάσοω.

408 3113 530 3169 Ἐπὶ
559 3115 666 3167 τῶν
693 3108 1059 3188 ἐγκλημάτων
1095 3106 1152 3165 δὲ
1189 3113 1299 3165 τῶν
1332 3107 1384 3164 ἐν
1415 3105 1770 3185 δικαστηρίῳ,

407 3202 470 3257 Oi
504 3203 770 3280 μάρτυρες
798 3206 916 3265 τοῖς
950 3196 1225 3263 δικασταῖς
1252 3197 1595 3277 προσίτωσαν
1625 3197 1678 3255 ἐν
1709 3198 1887 3274 νόμῳ.

1756 466 2178 528 MICHAELIS
2220 465 2495 527 PSELLl

2107 599 2158 667 Α
2188 594 2508 670 Κηδεμόνας
2537 601 2655 659 τοῖς
2686 596 2944 676 ὀρφανοῖς
2974 597 3002 653 ὁ
3034 594 3223 675 ἅρχων
3251 600 3561 677 παρεχέτω.

3713 474 3837 535 940

2188 688 2301 762 Χρὴ
2332 688 2427 742 τὸν
2460 686 2510 758 ἐξ
2542 686 2829 749 αῗτιάσεως
2863 689 3276 761 ὑπομνησθέντα
3297 692 3547 766 πρώτης,

2185 771 2419 833 Βιϐλίου
2450 774 2810 852 ὑποδέχεσθαι
2842 784 2944 847 τῆς
2974 776 3307 851 κινουμένης
3332 776 3508 849 δίκης,

2186 867 2289 943 Καὶ
2319 867 2657 944 προθεσμίαν
2688 870 2913 943 ἡμερῶν
2946 866 3117 924 εἴκοσι
3147 865 3617 945 προσλαμϐάνειν.

2183 957 2247 1014 Ὀ
2275 954 2333 1012 δὲ
2362 955 2423 1012 ἐκ
2449 958 2814 1031 περιστάσεως
2847 952 3030 1012 λαϐὼν
3064 955 3315 1033 δευτέραν
3343 961 3545 1036 κρίσιν,

2174 1045 2261 1109 ,Οὐ
2292 1043 2510 1102 δύναται
2540 1046 2632 1101 τὸν
2662 1044 2912 1118 δεύτερον
2945 1044 3203 1116 δικαστὴν
3236 1052 3643 1124 παραιτεῖσθαι,

2185 1134 2333 1191 Μετὰ
2362 1132 2648 1207 διομοσίαν
2682 1132 2741 1189 δὲ
2766 1140 2864 1190 τοῦ
2904 1134 3026 1210 ῥέου
3054 1136 3462 1211 κρυπτομένου,

2187 1224 2288 1280 Καὶ
2325 1225 2401 1296 μὴ
2433 1225 2983 1298 προσαπαντήσαντος
3012 1227 3149 1280 κατὰ
3180 1227 3281 1294 τὴν
3307 1229 3668 1303 προθεσμίαν,

2185 1312 2277 1375 Εἲς
2308 1314 2377 1367 τὰ
2405 1312 2615 1368 ἐκείνου
2645 1313 2943 1386 πράγματα
2970 1313 3268 1386 πεμπέσθω
3299 1317 3328 1371 ὁ
3361 1315 3588 1393 ένάγων.

2181 1403 2300 1459 Οὐκ
2329 1400 2516 1463 ἄλλως
2548 1398 2596 1456 δ’
2626 1398 2922 1457 ἀναδίδωσι
2953 1403 3021 1457 τὰ
3050 1404 3346 1477 πράγματα
3372 1411 3451 1478 τῷ
3481 1406 3590 1483 ρέῳ

2184 1492 2247 1548 Εἰ
2282 1492 2358 1563 μὴ
2388 1492 2490 1560 τὴν
2521 1495 2693 1546 πᾶσαν
2724 1491 2989 1566 πρότερον
3020 1489 3264 1561 δαπάνην
3296 1494 3617 1567 ἀπαιτήσω.

2184 1584 2322 1652 Γυνή
2353 1602 2438 1643 τις
2469 1579 2604 1643 ἴσως
2626 1580 2832 1654 ἄπορος
2864 1579 2953 1636 ἐπὶ
2983 1579 3139 1656 ἀνδρὶ
3170 1584 3393 1659 εὐπόρῳ

2181 1674 2427 1728 Θανοῦσα
2452 1668 2586 1746 δίχα
2613 1675 2865 1744 γαμικῶν
2893 1669 3122 1736 τελείως
3154 1668 3537 1749 συμϐολαίων,

2179 1762 2270 1825 Ὠς
2300 1758 2357 1816 δὲ
2384 1758 2480 1816 κᾶν
2513 1759 2721 1835 ἄπορος
2749 1760 2888 1835 ἀνὴρ
2917 1758 3005 1815 ἐπὶ
3035 1760 3255 1837 εὖπόρῳ
3283 1765 3458 1824 Θάνοι.

2178 1848 2273 1912 Εἷς
2309 1850 2474 1923 μόνον
2510 1848 2675 1925 μέρος
2703 1848 2962 1924 τέταρτον
2991 1854 3102 1906 τῶν
3130 1852 3323 1909 ἑαυτοῦ
3350 1858 3673 1931 κτημάτων,

2180 1939 2317 1994 Ἀπὸ
2346 1942 2444 1993 τοῦ
2472 1942 2680 2009 ζῶντος
2711 1939 2740 1994 ὑ
2771 1938 2946 2002 θανὼν
2971 1937 3158 2005 καλῶς
3185 1940 3628 2019 κληρονομείτω.

2177 2028 2238 2085 Ὁ
2264 2028 2384 2102 τρὶς
2414 2028 2648 2102 κομίσας
2685 2026 2960 2102 μάρτυρας
2991 2030 3143 2092 αὖθις
3178 2032 3254 2104 μή
3282 2036 3593 2110 παραγέτω.

2174 2117 2234 2174 '0
2268 2116 2429 2190 μέσος
2463 2115 2521 2172 δὲ
2547 2122 2665 2180 τοῖς
2698 2116 2880 2192 μέρεσι
2910 2119 3147 2192 γεγονὼς
3173 2123 3371 2197 γνώμη
3403 2125 3639 2203 τούτων,

2174 2207 2290 2284 Ἐφ’
2321 2209 2406 2270 οἷς
2438 2207 2587 2263 οὗτοι
2622 2205 2928 2276 δικάζονται
2958 2207 3047 2263 καὶ
3078 2205 3221 2265 ἄκων
3250 2215 3612 2291 μαρτυρείτω.

2177 2298 2268 2365 Μὴ
2301 2298 2473 2358 πάσας
2505 2293 2550 2351 δ’
2582 2295 2727 2369 οἶόυ,
2760 2294 3013 2367 δέσποτα,
3046 2297 3140 2362 τὰς
3170 2303 3365 2374 νεαρὰς
3400 2304 3750 2381 εὐχρήστους

2172 2385 2245 2442 Αἱ
2276 2387 2371 2459 μὲν
2402 2387 2503 2461 γὰρ
2535 2385 2633 2442 οὐκ
2670 2384 2927 2457 ἐτέθησαν
2957 2392 3072 2450 τοῖς
3104 2388 3338 2454 Λέοντος
3372 2388 3617 2467 βιϐΑίοις

2171 2478 2267 2532 ’Ὠν
2298 2480 2333 2547 ἡ
2369 2478 2463 2550 μὶν
2486 2482 2686 2553 γνῶσις
2712 2475 2989 2556 ἀσφαλὴς,
3029 2479 3286 2555 βασιλική
3320 2480 3367 2538 δ’
3396 2485 3431 2555 ἡ
3462 2483 3662 2556 κλῆσις

2118 2562 2134 2576 ’
2171 2568 2241 2625 Αἱ
2274 2565 2320 2621 δ’
2354 2567 2398 2622 εἶ
2431 2568 2521 2623 καὶ
2553 2568 3009 2643 κατεστρώθησαν
3042 2568 3346 2645 ἐσχόλασαν
3375 2578 3457 2647 τῷ
3486 2577 3697 2653 χρόνῳ,

2174 2657 2244 2713 Ai
2275 2652 2322 2711 δ’
2350 2654 2600 2733 ἤργησαν
2631 2655 2932 2713 ἀλλοίωσιν
2964 2661 3064 2713 τοῦ
3098 2659 3221 2735 βίου
3248 2652 3561 2737 δεξαμένου.

2171 2748 2300 2805 Οἷον
2333 2748 2400 2802 τά
2430 2747 2554 2823 περὶ
2592 2744 2924 2821 βουλευτῶν,
2956 2749 3024 2803 τὰ
3054 2748 3179 2823 περὶ
3209 2754 3318 2805 τῶν
3350 2756 3705 2832 πραιτώριον,

2172 2836 2256 2894 Τὰ
2285 2836 2407 2911 περὶ
2442 2834 2847 2911 μοδεράτωρος,
2877 2837 2943 2892 τὰ
2970 2837 3095 2913 περὶ
3125 2843 3528 2918 κοιαιστώρων,

2169 2929 2250 2984 Τά
2277 2928 2402 3003 περὶ
2432 2932 2541 2984 τῶν
2573 2927 2856 3005 ἐπαρχιῶν
2887 2930 2995 2987 τῶν
3026 2930 3521 3009 ἀπηριθμημένων.

2167 3018 2302 3073 Ὅσα
2329 3020 2466 3074 κατὰ
2496 3017 2788 3074 συναίνεσιν
2819 3018 2912 3075 τὸν
2942 3023 3120 3094 γάμον
3154 3019 3447 3098 διαιροῦσι,

2166 3106 2241 3162 Τὰ
2270 3107 2394 3183 περὶ
2425 3109 2835 3184 συγχωρήσεων
2861 3107 3142 3166 λοιπάδων
3176 3107 3483 3188 δημοσίων,

2169 3196 2244 3253 Τὰ
2271 3197 2395 3273 περὶ
2422 3201 2530 3253 τῶν
2562 3196 2869 3269 ἐκκλησιῶν
2905 3201 2983 3275 (4)
3008 3203 3116 3256 τῶν
3144 3198 3198 3256 ἐν
3229 3204 3299 3278 τῇ
3334 3201 3584 3278 Σικελίᾳ,

3419 3295 3586 3355 Vers.
3629 3297 3754 3356 446.

402 3555 691 3614 servanda
727 3553 869 3625 jura
923 3556 981 3609 et
1035 3567 1131 3608 res
1177 3567 1305 3623 quae
1361 3551 1586 3609 habent
1620 3549 2050 3622 delinquentes.
2083 3550 2127 3618 C
2168 3550 2614 3623 questionibus,
2659 3551 2984 3609 secundum
3033 3551 3195 3627 leges
3249 3552 3310 3611 in
3360 3555 3588 3628 judicio
3645 3561 3832 3620 testes

402 3645 785 3717 Magistratus
816 3645 978 3698 extra
1006 3639 1368 3714 provinciam
1415 3640 1486 3696 de
1518 3638 1752 3712 proprio
1781 3642 2057 3712 sumptus

402 3734 620 3790 facito.
680 3732 943 3789 Moechus
1000 3732 1357 3786 manifestus
1436 3730 1623 3798 poenis
1690 3729 2052 3801 subjicitur:

398 3841 468 3880 ex
498 3824 687 3895 ipsius
718 3821 888 3878 bonis
937 3821 1065 3891 dos,
1110 3836 1243 3874 cum
1297 3820 1458 3875 omni
1505 3818 1850 3890 sponsalitia
1880 3818 2053 3889 largi-

396 3918 515 3969 tate
567 3911 799 3968 mulieri
849 3911 1057 3965 dator:
1109 3908 1160 3964 si
1208 3924 1343 3964 vero
1392 3906 1495 3964 illa
1542 3908 1824 3977 indotata,
1872 3925 2053 3981 quar-

392 4006 515 4058 tam
559 4006 781 4073 partem
813 4001 1103 4055 bonorum
1137 3998 1299 4053 illius
1333 3997 1585 4055 habeat:
1634 3997 1893 4068 reliquas
1923 3998 2053 4070 ejus

391 4091 495 4163 qui
526 4090 777 4163 deliquit
805 4091 959 4145 bona
981 4088 1133 4144 inter
1164 4087 1379 4143 liberos
1401 4092 1459 4144 et
1481 4093 1753 4159 parentes
1782 4087 2053 4142 dividun-

390 4186 485 4236 tor
514 4196 704 4252 usque
734 4180 807 4235 ad
839 4178 1079 4234 tertium
1113 4178 1362 4248 gradum
1391 4195 1403 4231 :
1438 4177 1484 4232 si
1519 4192 1651 4232 vero
1684 4175 2052 4248 delinquenti

391 4286 584 4342 neque
615 4269 795 4335 filius,
846 4284 1039 4339 neque
1087 4283 1301 4339 parens
1346 4266 1443 4335 sit,
1477 4266 1891 4322 convenienter
1920 4266 2049 4337 ejus

387 4359 544 4414 bona
589 4360 728 4415 ﬁsco
776 4359 1144 4413 addicuntur.
1198 4355 1502 4412 Mulierem
1552 4355 1879 4411 adulteram
1911 4354 2048 4409 dili-

385 4452 590 4519 genter
641 4447 1032 4516 observatam,
1082 4446 1354 4513 maritus,
1386 4446 1436 4499 si
1484 4445 1645 4513 velit,
1693 4444 1853 4498 intra
1882 4443 2047 4499 bien-

2158 3641 2465 3712 judicibus
2515 3641 2938 3713 producuntor.
2990 3642 3238 3715 Pupillis
3287 3652 3589 3703 curatores
3640 3650 3836 3722 magi-

2166 3735 2388 3786 stratus
2412 3731 2570 3786 dato.
2603 3730 2845 3803 Oportet
2872 3747 3007 3787 eum
3042 3734 3143 3804 qui
3190 3750 3259 3790 ex
3289 3735 3483 3806 prima
3526 3738 3835 3799 vocatione

2165 3821 2542 3877 submonitus
2591 3830 2702 3883 est.
2749 3821 3013 3877 libellum
3065 3823 3187 3879 litis
3247 3841 3375 3897 qua
3430 3833 3703 3884 movetur
3732 3846 3830 3887 ac—

2164 3910 2375 3981 cipere,
2409 3915 2466 3967 et
2496 3910 2700 3983 viginti
2744 3913 2971 3967 dierum
3027 3912 3298 3970 inducias
3343 3913 3580 3973 habere.
3615 3918 3722 3984 Qui
3756 3936 3830 3976 ex

2164 4000 2530 4056 recusatione
2559 4002 2886 4056 secundum
2924 4001 3221 4072 judicium
3272 4004 3584 4077 acceperit,
3619 4008 3831 4080 nequit

2161 4090 2490 4145 secundum
2540 4090 2802 4158 judicem
2864 4107 3167 4147 recusare.
3228 4091 3367 4147 Post
3413 4094 3827 4163 juramentum

2161 4176 2244 4232 rei
2303 4178 2628 4246 latitantis,
2690 4195 2880 4249 neque
2937 4179 3095 4234 intra
3170 4180 3326 4235 diem
3407 4186 3699 4239 statutum
3760 4201 3826 4242 se

2158 4266 2527 4337 exhibentis,
2588 4270 2752 4322 actor
2810 4267 2870 4323 in
2929 4268 3061 4338 ejus
3123 4284 3319 4325 rerum
3380 4274 3821 4341 possessionem

2158 4354 2450 4411 mittitor:
2486 4372 2673 4427 neque
2703 4356 2850 4412 aliae
2896 4374 2994 4412 reo
3023 4357 3154 4426 eius
3205 4358 3358 4415 bona
3407 4360 3817 4431 restituantur,

2157 4459 2334 4514 quam
2396 4444 2443 4499 si
2477 4446 2697 4500 damna
2753 4450 2812 4501 et
2850 4461 3058 4502 omnes
3116 4445 3341 4517 priores
3390 4454 3664 4520 sumptus
3712 4462 3814 4503 re-

386 4537 553 4593 nium
584 4536 939 4609 impunitam
971 4536 1252 4607 recipito:
1288 4533 1505 4590 efﬂuxo
1558 4549 1692 4588 vero
1724 4531 2045 4588 constituto

382 4632 669 4701 tempore,
721 4626 823 4681 illa
854 4627 913 4681 in
960 4623 1386 4680 monasterium
1442 4621 1654 4677 merito
1694 4621 2046 4692 detruditor,

381 4734 517 4774 cum
553 4715 911 4774 monialibus
943 4714 1104 4770 omni
1135 4713 1268 4768 vitae
1301 4717 1566 4783 tempore
1618 4715 1813 4765 vestes
1844 4711 2043 4782 nigras
2154 4710 2368 4766 mulier
2395 4710 2515 4766 viro
2547 4712 2791 4782 pauperi
2839 4713 2916 4767 sit
2945 4719 3269 4783 superstes,
3305 4714 3365 4769 in
3414 4714 3604 4772 solam
3636 4732 3816 4789 quar-

379 4806 627 4864 induta:
660 4806 710 4861 si
741 4805 911 4861 liberi
945 4804 1185 4872 iuerint,
1212 4803 1344 4871 ejus
1390 4800 1678 4856 bonorum
1722 4801 1872 4856 duas
1902 4816 2042 4871 par-
2150 4802 2270 4855 tam
2302 4799 2595 4856 demortui
2644 4800 2937 4856 bonorum
2987 4807 3214 4874 partem
3269 4809 3571 4875 superstes
3604 4821 3813 4863 succe-

376 4901 467 4953 tes
496 4897 772 4963 habento,
807 4892 1234 4950 monasterium
1287 4890 1520 4945 tertiam
1576 4889 1788 4961 capito.
1824 4889 2036 4946 Eorum
2067 4939 2115 5005 Β
2150 4887 2271 4943 dat.
2321 4888 2429 4952 Qui
2488 4894 2578 4945 ter
2625 4890 2869 4945 adduxit
2925 4895 3124 4961 testes,
3180 4892 3396 4950 iterum
3457 4912 3530 4951 ne
3587 4896 3814 4967 produ-

378 4988 521 5005 'L-___
566 5002 697 5005 UH-
749 4984 953 5005 -4---‘
996 4981 1166 5005 _._-a:
1202 4979 1439 5005 --.L::-:a
1486 4978 1686 5005 I:I..--:..
1713 4977 1798 5005 ..-1
1833 4994 2002 5005 --.υηι
2148 4977 2258 5005 ..ειη
2316 4978 2601 5005 λεηλζηεη-
2651 4979 2973 5005 -..ε,...ι;1...--
3029 4986 3080 5005 ,ι
3135 4982 3467 5005 ---1--ιει.---
3514 4984 3787 5005 ---ιει---

377 4988 530 5043 bona
556 5002 706 5057 quos
736 4984 961 5041 crimen
996 4981 1167 5037 morti
1201 4979 1463 5051 subjicit,
1486 4978 1687 5035 liberis
1713 4977 1801 5034 vel
1832 4994 2036 5035 ascen-
2067 4977 2114 5005 υ
2146 4977 2280 5034 cito.
2316 4978 2601 5035 Mediator
2650 4979 2975 5036 scientibus
3024 4986 3083 5038 et
3135 4982 3469 5039 volentibus
3513 4984 3812 5055 partibus,

378 5074 659 5131 dentibus
689 5077 1051 5145 competunt.
1086 5069 1446 5127 Clericorum
1500 5068 1868 5140 pecuniarias
1897 5085 2035 5125 cau-
2143 5083 2210 5123 ea
2242 5067 2314 5122 de
2337 5084 2399 5123 re
2453 5067 2524 5122 de
2557 5085 2674 5139 qua
2728 5066 2984 5140 litigant,
3041 5070 3220 5126 etiam
3277 5072 3499 5129 invitus
3546 5074 3817 5131 testimo-

380 5179 478 5218 sas
509 5167 709 5219 exacto
731 5162 957 5233 judicio
989 5157 1244 5231 episcopi
1288 5156 1636 5228 judicanto:
1687 5156 1870 5213 altera
1897 5173 2032 5213 vero
2145 5155 2308 5210 nium
2340 5156 2540 5212 dicito.
2573 5156 2657 5211 Ne
2688 5160 2887 5212 tamen
2919 5174 3122 5215 omnes
3156 5160 3437 5233 novellas,
3468 5177 3503 5217 ο
3546 5162 3811 5231 domine,

376 5250 633 5323 partium
666 5245 1304 5319 sententiaejudicantis
1329 5262 1439 5300 non
1465 5244 2031 5317 acquiescente,eam
2142 5243 2317 5301 utiles
2374 5246 2563 5301 crede.
2625 5246 2902 5312 Quaedam
2953 5249 3110 5304 enim
3145 5249 3350 5322 positas
3408 5268 3525 5308 non
3576 5252 3810 5309 suntin

376 5339 638 5395 exactius
667 5338 930 5395 locorum
963 5337 1351 5410 magistratus
1387 5332 1702 5389 examinet.
1736 5336 1799 5389 In
1830 5332 2030 5387 crimi-
2141 5334 2352 5390 Leonis
2381 5333 2570 5404 libris,
2622 5352 2876 5407 quorum
2919 5336 3164 5395 scientia
3208 5338 3577 5406 ﬁrmissima,
3611 5344 3668 5395 et
3704 5356 3811 5398 no-

378 5427 551 5484 nibus
601 5427 874 5484 civilibus
920 5426 1115 5483 clerici
1164 5423 1612 5497 magistratibus
1652 5422 1861 5477 merito
1891 5421 2028 5477 sub-
2139 5440 2271 5479 men
2332 5423 2575 5495 Regium
2629 5429 2760 5481 est:
2820 5427 3113 5499 quaedam,
3170 5427 3305 5485 licet
3335 5428 3415 5484 ibi
3474 5428 3800 5502 collocatae,

369 5516 681 5591 jioiuntur.
742 5515 1004 5573 Humiles
1058 5519 1240 5572 testes
1296 5517 1527 5586 reperta
1570 5510 1810 5568 veritate
1845 5511 2029 5582 judex
2134 5518 2400 5588 tempore
2430 5514 2646 5570 feriata:
2678 5519 2837 5586 sunt,
2869 5517 3138 5588 quaedam
3170 5518 3370 5574 otiosae
3402 5523 3569 5588 sunt,
3600 5525 3803 5577 muta-

372 5606 658 5681 castigato
688 5648 707 5679 ,
764 5616 821 5667 et
876 5622 1049 5665 nemo
1109 5607 1387 5663 censetur
1419 5645 1435 5662 .
1496 5603 1559 5661 In
1615 5600 2027 5661 criminalibus
2132 5604 2355 5663 tionem
2385 5604 2504 5663 vita
2534 5604 2870 5682 recipiente.
2904 5605 3118 5673 Quales
3170 5623 3298 5684 qua
3329 5608 3402 5667 de
3449 5608 3801 5668 Deourioni-

2157 4532 2393 4603 pendat.
2441 4532 2497 4587 Si
2528 4533 2635 4588 viri
2695 4532 3008 4606 locupletis
3060 4551 3285 4606 pauper
3340 4553 3485 4593 uxor
3530 4553 3645 4591 non
3676 4542 3814 4608 per-

2154 4621 2320 4676 fectis
2371 4621 2664 4677 dotalibus
2724 4623 3137 4679 instrumentis
3192 4626 3460 4694 decedat,
3517 4624 3607 4681 vel
3650 4627 3815 4685 dives

443 5816 522 5892 (4)
551 5809 891 5889 Ἕκκλήτων.
