4100 6430
377 507 488 569 941
1743 503 2117 566 SYNOPSIS
2161 502 2456 564 LEGUM.

376 633 456 690 Τὰ
483 632 606 710 περὶ
637 634 737 689 τοῦ
771 632 846 707 μὴ
873 629 1114 708 γίνεσθαι
1147 631 1291 689 οἳκοι
1320 630 1417 695 τὰς
1457 628 1823 708 λειτουργίας,

375 725 457 779 Τὰ
483 724 607 800 περὶ
637 727 734 778 τοῦ
767 721 1037 794 διηνεκῶς
1067 727 1242 777 ποιεῖν
1269 723 1364 784 τὰς
1398 719 1772 798 ἐμφυτεύσεις,

376 815 456 869 Τὰ
484 813 608 888 περὶ
639 817 745 868 τῶν
783 812 838 868 ἐν
869 815 1124 891 Ἀφρικῇ,
1158 810 1314 866 θείων
1348 809 1760 888 ἀφιδρυμάτων.

375 901 674 980 Εόχρηστα
700 901 758 958 δὲ
790 902 882 958 καὶ
919 902 1222 976 θαυμαστὰ,
1251 902 1320 956 τὰ
1348 900 1471 976 περὶ
1499 898 1806 955 Φαλκιδίου

375 993 457 1052 Τὰ
486 995 610 1070 περὶ
647 992 838 1070 γάμων
873 991 1082 1056 λύσεως
1111 996 1227 1053 τοῖς
1259 991 1556 1062 καθήκουσι
1595 990 1845 1065 τρόποις,

373 1085 448 1139 Τὰ
477 1083 600 1160 περὶ
637 1079 954 1142 ἀποδόσεως
983 1081 1318 1157 πραγμάτων
1355 1080 1745 1154 προικιμαίων,

374 1175 456 1232 Τὰ
484 1172 610 1249 περὶ
640 1173 1034 1244 καινοτομιῶν,
1065 1169 1133 1225 τὰ
1161 1169 1285 1245 περὶ
1315 1167 1663 1242 κηδεμόνων,

371 1263 448 1318 Τὰ
476 1261 553 1326 είς
583 1259 849 1337 ἀμέτρους
883 1259 1091 1334 δωρεὰς
1123 1258 1606 1332 ἀποτετοξευμένα,

371 1352 446 1408 Τὰ
475 1351 598 1425 περῖ
629 1357 730 1420 τῆς
761 1351 810 1405 ἐν
843 1354 912 1423 τῇ
944 1351 1128 1425 προικὶ
1154 1369 1362 1427 compage
1393 1347 1722 1423 ἀναργυρίας

370 1442 448 1498 Οὐ
473 1439 654 1496 τοίνυν
686 1439 816 1495 ὅλον
852 1436 1158 1515 εὔχρηστον
1187 1443 1297 1494 τῶν
1329 1441 1532 1514 νεαρῶν
1572 1431 1813 1511 βιϐλίον,

367 1529 527 1591 Ἀλλ’
559 1532 632 1585 ὧν
663 1533 698 1600 ἡ
732 1531 926 1606 πρᾶξις
961 1528 1191 1603 συνεχὴς
1219 1528 1414 1600 νόμοις
1445 1524 1860 1602 κεκροτημὲνημ

439 1625 558 1678 Τῶν
593 1617 642 1674 δ’
665 1619 898 1696 ἀγωγῶν
1000 1616 1242 1688 σύνταξις
1277 1615 1461 1688 πολλή
1496 1637 1554 1672 τε
1578 1615 1668 1670 καὶ
1700 1614 1954 1684 ποικίλη,

367 1709 660 1771 Ἰταλικοῖς
695 1706 923 1781 ὀνόμασι
965 1708 1056 1780 μὲν
1089 1705 1585 1780 κατωνομασμένη,

367 1799 723 1870 Ἑλληνικαῖς
755 1795 813 1852 δὲ
839 1796 1100 1867 κλήσεσιν
1132 1795 1284 1857 αὖθις
1312 1793 1719 1865 ἇντικληθεῖσα,

369 1889 592 1948 Τούτων
625 1885 1050 1962 ἠτυμολόγηται
1071 1887 1140 1940 τὰ
1168 1883 1348 1940 πλείω
1377 1884 1712 1958 Θαυμασίως.

367 1977 763 2056 Ἀδουλτερίης
797 1971 970 2049 ὄνομα
999 1979 1172 2030 κεῖται
1195 1975 1316 2051 περὶ
1355 1973 1628 2050 μοιχείας,

367 2070 469 2124 Καὶ
501 2067 776 2142 θαύμασον
813 2067 910 2134 τήν
948 2063 1190 2130 σύνθεσιν
1214 2067 1312 2119 τοῦ
1344 2063 1760 2136 ὀνοματοθὲτουο

362 2159 420 2214 '0
451 2157 659 2220 Ἰταλὸς
681 2157 780 2226 τὴν
808 2156 1048 2210 νόθευσιν
1080 2151 1243 2209 καλεῖ
1270 2158 1387 2216 πῶς
1417 2151 1774 2228 ἀδουλτέραν,

361 2250 550 2314 Ἔνθεν
581 2251 712 2323 γοῦν
745 2243 1187 2317 κατωνόμασται,
1217 2244 1282 2298 τὸ
1314 2247 1596 2318 στρῶπτον
1624 2249 1723 2312 τῆς
1746 2237 2018 2318 μοιχείας,

361 2339 428 2396 Ἥ
458 2337 561 2414 γὰρ
597 2334 824 2412 μοιχεία
851 2335 1120 2402 νόθευσις,
1145 2335 1232 2387 καὶ
1259 2330 1637 2408 παραχάραξίς
1663 2353 1766 2394 τις.

359 2432 577 2484 Κινοῦσι
611 2425 670 2482 δὲ
691 2425 756 2481 τὸ
789 2423 1045 2500 μοιχικὸν
1083 2423 1241 2496 ἀνὴρ,
1275 2423 1480 2498 πατὴρ,
1506 2421 1596 2476 καὶ
1638 2423 1803 2490 θεῖος,

357 2520 500 2594 Πρὸς
531 2523 632 2588 τῆς
665 2515 897 2592 μητρὸς,
929 2512 1066 2586 πρὸς
1096 2516 1194 2568 τοῦ
1225 2511 1454 2587 πατρὸς,
1488 2509 1752 2587 σύγγονὸς
1799 2531 1858 2564 τε
1883 2508 2018 2584 πρὸς

3681 517 3803 576 942

2063 635 2118 702 Α
2147 630 2226 702 Τῇ
2251 635 2352 700 τῆς
2382 627 2762 710 ἆρνογατίονος
2784 633 2980 705 κλήσει
3007 653 3068 692 τε
3094 637 3184 693 καὶ
3215 633 3463 714 δυνάμει,

2147 720 2211 774 Ὁ
2243 716 2300 774 δέ
2328 741 2388 795 γε
2409 721 2745 792 υίοθετηθεὶς
2780 719 2984 794 ἄνηϐος
3017 725 3296 795 ἑκουσίως,

2147 806 2488 881 Ἐξερεὸάτος
2518 812 2759 886 γεγονὼς
2787 814 2970 884 τρίτον
3003 811 3270 889 λαμϐάνει
3305 818 3488 893 μέρος.

2145 897 2206 953 Ὁ
2237 895 2294 953 δέ
2322 920 2382 975 γε
2412 900 2726 963 Ἀκουίλιος
2757 901 2948 978 ἀγωγή
2979 925 3062 966 τις
3091 904 3375 981 τυγχάνει,
3535 973 3544 980 _

2146 987 2296 1042 Κατᾶ
2324 993 2420 1042 τοῦ
2451 989 2526 1062 μὴ
2559 989 2899 1066 παρέχοντος
2927 997 3007 1066 τῷ
3038 989 3321 1068 σεϐασμίῳ
3349 995 3527 1070 τόπῳ,

2144 1078 2316 1152 *Ὀπερ
2357 1076 2580 1152 λεγάτον
2615 1079 2780 1156 ὥρισε
2807 1087 2992 1146 σαφῶς
3025 1085 3052 1138 ὁ
3083 1083 3436 1158 τελευτήσας,

2143 1171 2300 1242 Ἔχει
2333 1166 2380 1221 δ’
2411 1168 2699 1240 ἀπαίτησιν
2732 1176 2956 1246 καρπῶν
2987 1170 3138 1248 εἰπερ
3174 1175 3464 1249 ὑπερθοῖτό
3495 1197 3600 1239 τις.

2141 1256 2204 1312 Ἡ
2237 1253 2294 1311 δέ
2321 1279 2380 1331 γε
2409 1254 2828 1334 Ἀὂεξιϐἐνδουμ
2859 1261 2979 1317 λίαν
3013 1261 3124 1318 ἐστῖ
3151 1262 3453 1340 χρειώδης,

2140 1346 2482 1423 Ηραγμάτων
2540 1346 2588 1403 δ’
2660 1346 2802 1404 ἔστιν
2877 1349 3130 1429 ἕκπραξις
3199 1355 3307 1409 τῶν
3375 1355 3796 1430 ἀποκεκρυμμέ-

3573 1451 3694 1515 [νων
3706 1493 3721 1518 ,

2139 1525 2478 1601 Περσοναλία
2505 1525 2563 1582 τὲ
2601 1528 2732 1601 ἐστι,
2765 1531 2900 1605 πρὸς
2931 1527 3008 1604 δὲ,
3041 1527 3386 1609 ἀρϐιτραρια,

2137 1615 2461 1692 Εἷσπράττει
2495 1613 2550 1672 δὲ
2582 1617 2891 1696 ὁλόκληρον
2925 1621 2986 1675 τὸ
3017 1625 3246 1697 πρᾶγμα
3276 1622 3694 1699 προσηκόντως,

2137 1705 2289 1762 Μετὰ
2317 1709 2518 1780 γονῶν,
2549 1707 2638 1763 καὶ
2669 1714 2928 1781 τοκετῶν,
2965 1711 3098 1784 μετᾶ
3125 1711 3326 1774 αἶ’τίας.

2137 1794 2464 1868 Ἀμμίτους,
2495 1796 2666 1871 νόμος
2694 1793 3000 1863 πούϐλικος
3030 1803 3350 1874 κινούμενος
3393 1801 3529 1879 πρὸς
3561 1801 3790 1875 πάντας,

2134 1883 2244 1938 Οὑκ
2272 1880 2382 1940 ἔστι
2413 1885 2732 1960 κεφαλικὸς,
2764 1886 2860 1943 κᾶν
2895 1891 3066 1964 ἀτιμῇ
3094 1888 3340 1961 τελείως,

2057 1961 2370 2087 Βῖίινεῖται
2404 1973 2452 2029 δ’
2483 1973 2533 2030 εἷ’
2553 1997 2634 2039 τις
2665 1979 2766 2048 τήν
2799 1979 2980 2054 ἀρχὴν
3006 1982 3287 2056 χρήμασιν
3320 1981 3602 2058 ἀγοράσοι.

2139 2063 2232 2087 If“!
2276 2065 2418 2087 (In.
2465 2065 2480 2087 Ι
2543 2086 2546 2087 ,
2692 2063 2774 2087 "\
3015 2067 3027 2087 ἱ
3101 2069 3157 2087 \l
3289 2075 3317 2086 no
3505 2067 3598 2087 D‘l

2139 2063 2234 2117 Καὶ
2265 2065 2300 2134 ἡ
2328 2065 2572 2136 Ἀννόνα,
2603 2063 2908 2123 πούϐλικον
2938 2067 3027 2124 καί
3058 2069 3223 2126 πλέον
3251 2075 3358 2126 τῶν
3391 2067 3736 2146 πουϐλίκων,

2131 2157 2350 2207 Κινοῦσι
2382 2155 2486 2229 γὰρ
2511 2157 2610 2225 τήν
2643 2156 2858 2234 ἀγωγὴν
2891 2159 2978 2213 καὶ
3018 2156 3210 2215 δοῦλοι
3244 2161 3332 2216 καὶ
3365 2167 3635 2237 γυναῖκες,

2131 2247 2362 2297 Κινεῖται
2391 2241 2438 2297 δ’
2471 2242 2623 2307 εἷ’τις
2651 2252 2905 2321 τυραννεῖ
2930 2249 3030 2317 τὴν
3065 2249 3314 2322 εὐθηνίαν
3355 2250 3602 2324 Ῥώμης,

2130 2331 2226 2386 Καὶ
2260 2335 2839 2408 καταπραγματεύεται
2871 2338 3008 2411 πρὸς
3039 2337 3198 2414 χάριν
3232 2343 3339 2394 τῶν
3373 2335 3680 2418 βαρϐάρων.

2129 2423 2228 2476 ’Ἢν
2256 2417 2312 2475 δὲ
2341 2443 2423 2484 τις
2455 2423 2766 2490 Ἀκουίλιος
2796 2423 3088 2503 δήμαρχος
3118 2426 3169 2483 ἐν
3201 2430 3271 2501 τῇ
3299 2429 3510 2506 Ῥώμην

2129 2511 2228 2564 Καὶ
2261 2511 2431 2584 νόμον
2469 2511 2781 2589 εἰσηγάγετο
2813 2515 2936 2592 περὶ
2964 2515 3164 2590 ζημίας
3191 2517 3337 2588 τότε,

1685 2597 1948 2673 [τούτοις,
2129 2597 2369 2671 Ἐκλήθη
2405 2597 2448 2655 δ’
2480 2601 2794 2668 Ἀκουίλιος
2824 2605 2851 2657 ὁ
2878 2603 3044 2677 νόμος
3068 2605 3426 2684 φερωνύμως.

363 2697 494 2756 Μετ’
561 2693 846 2772 ἔγγραφῶν
907 2692 960 2748 οἳ
1020 2691 1333 2766 σύμπαντες
1359 2733 1374 2760 ,
1432 2691 1530 2745 κᾶν
1590 2689 1636 2744 εί
1693 2689 1816 2775 τὸν,
1855 2684 2022 2761 ἄνδρα
2133 2685 2314 2742 Διεῖλε
2345 2686 2402 2743 δε
2431 2690 2494 2744 τὸ
2522 2694 2866 2769 προσταχθὲν
2900 2693 2953 2748 ἐν
2983 2696 3130 2770 τρισὶ
3155 2695 3500 2775 κεφαλαίοις,

1737 2773 1946 2850 [λέγῃς.
2131 2777 2226 2830 Ὧν
2260 2777 2538 2854 ἄχρηστον
2566 2781 2628 2836 τὸ
2657 2779 2905 2857 δεύτερον
2938 2789 3055 2847 τοῖς
3089 2773 3373 2861 πράγμασι
3393 2785 3678 2862 τυγχάνει,

359 2881 424 2932 Ἦ
454 2871 782 2942 Ἀδοπτίων,
817 2869 1078 2938 δέσποτα,
1111 2871 1310 2931 θὲσιως
1345 2862 1524 2941 ὅνομά
1550 2887 1634 2938 τι,

364 2963 462 3026 Εἲς
492 2961 588 3018 δύο
620 2961 676 3017 δὲ
705 2961 944 3034 ὀνόματα
971 2961 1074 3028 τήν
1108 2957 1368 3034 διαίρεσιν
1397 2954 1542 3032 ἕχει,

369 3053 470 3106 Ὧν
496 3051 561 3106 τὸ
590 3052 680 3124 μὶν
713 3048 1054 3126 ἆδρογάτων,
1084 3049 1148 3104 τὸ
1179 3047 1240 3104 δὲ
1263 3043 1522 3103 ἀδόπτιον
1555 3044 1698 3119 λέγε.

369 3141 469 3198 Τὸν
499 3139 678 3196 τοίνυν
710 3139 1016 3212 αὐτεξοόσω
1053 3132 1319 3213 λαμϐάνει
1345 3157 1429 3200 τις
1461 3135 1537 3199 εἷς
1567 3135 1735 3204 θέσιν,

2132 2867 2308 2929 Οὗτος
2340 2866 2386 2922 δ’
2417 2869 2444 2923 ὁ
2475 2870 2664 2944 νόμος,
2695 2867 2950 2942 δέσποτα,
2984 2873 3379 2950 πολύχρηστος
3419 2877 3677 2954 ὑπάρχει,

2133 2957 2229 3010 Καὶ
2263 2957 2386 3032 περὶ
2417 2959 2585 3037 φόνου
2613 2959 2834 3030 πολλὴν
2870 2959 3148 3037 ἀκρίϐειαν
3181 2965 3408 3041 εἰσάγει,

2133 3044 2234 3099 Καὶ
2267 3045 2322 3100 εἷ’
2341 3068 2424 3110 τις
2453 3050 2513 3103 τὸ
2537 3047 2901 3125 στρατόπεδον
2931 3055 3012 3127 (5)
3038 3049 3343 3127 νεμόμενον
3370 3054 3640 3133 φονεύσεί,

2130 3140 2194 3190 ’Π
2222 3134 2408 3213 ἀγωγὴ
2442 3135 2500 3193 δὲ
2527 3139 2759 3216 πέφυκεν
2789 3139 2926 3212 αὕτη
2956 3141 3048 3198 καὶ
3077 3143 3363 3212 ποιναλία,

3409 3237 3568 3292 Vers.
3593 3235 3720 3293 501.

371 3468 504 3540 bus,
539 3468 612 3526 de
634 3466 1016 3534 Pratoribus,
1066 3466 1138 3522 de
1169 3464 1556 3530 Moderatore,
1590 3461 1662 3518 de
1715 3460 2029 3526 Quaestori-
2062 3463 2106 3531 α
2143 3461 2320 3520 etiam
2353 3462 2480 3538 ipse
2509 3465 2758 3524 maritus
2781 3467 3040 3540 Adoptio,
3081 3485 3116 3525 ο
3146 3468 3406 3538 domine,
3437 3485 3652 3526 nomen
3702 3485 3796 3542 ge-

369 3557 506 3630 bus,
540 3558 612 3614 de
643 3556 966 3614 Provinciis
1007 3553 1391 3622 enumeratis,
1426 3570 1554 3625 quas
1611 3552 1684 3608 de
1741 3551 2034 3608 solutione

369 3647 716 3720 nuptiarum
747 3663 814 3703 ex
863 3661 1179 3712 consensu,
1230 3646 1302 3700 de
1359 3641 1730 3715 indulgentia
1783 3640 2035 3712 reliquo-

376 3755 508 3794 rum
539 3737 940 3810 publicorum,
999 3735 1070 3792 de
1127 3731 1640 3806 Appellationibus
1689 3729 1920 3801 biciliaa,
1952 3729 2036 3785 Ne

372 3827 546 3884 Domi
577 3827 766 3883 Missas
797 3825 1180 3894 celebrent'ir,
1215 3825 1286 3878 de
1337 3821 1718 3894 Emphyteusi
1753 3825 2034 3892 perpetuo

378 3916 672 3987 faciendo,
704 3917 774 3972 de
796 3915 1012 3970 divinis
1054 3913 1330 3970 domibus
1385 3911 1610 3966 Africa.
1671 3909 1849 3966 Utilia
1898 3925 2036 3964 sane

377 4011 437 4064 et
460 4007 750 4073 miranda,
784 4022 912 4078 quae
971 4004 1041 4058 de
1071 4003 1200 4075 lege
1229 4001 1504 4070 Falcidia,
1537 4017 1668 4072 quze
1699 3999 1770 4055 de
1797 3999 2036 4070 nuptia—

379 4113 516 4153 rum
547 4095 862 4165 solutione,
885 4093 1366 4152 convenientibus
1387 4091 1532 4148 locis
1564 4091 1634 4146 de
1667 4088 2036 4146 restitutione

379 4203 578 4242 rerum
611 4183 920 4254 dotalium,
954 4183 1023 4238 de
1055 4181 1186 4238 novi
1217 4181 1410 4254 operis
1433 4179 1910 4250 nuntiatione,de
1934 4195 2036 4233 cu-

377 4275 696 4344 ratoribus,
755 4275 824 4330 de
873 4272 1172 4329 immensis
1221 4270 1667 4340 donationibus,
1743 4267 2042 4326 collimata

378 4370 582 4423 sunt:
643 4381 774 4437 qua:
823 4365 992 4419 docte
1054 4363 1126 4418 de
1182 4362 1316 4416 dote
1400 4377 1516 4416 non
1580 4363 1909 4416 numerata.
1966 4361 2041 4414 At

375 4472 496 4512 non
539 4459 700 4512 totus
784 4451 1156 4508 Novellarum
1241 4449 1391 4505 liber
1481 4447 1644 4504 utilis
1733 4457 1844 4520 est,
1933 4448 2034 4504 sed

377 4561 634 4620 quarum
708 4543 860 4600 actio
924 4545 982 4599 et
1049 4539 1247 4614 praxis
1296 4537 1580 4595 continua
1635 4536 1868 4611 legibus
1951 4541 2041 4594 est

379 4635 780 4708 comprobata.

449 4724 761 4782 Actionum
791 4739 926 4780 vero
956 4719 1222 4778 collectio
1247 4716 1557 4792 multiplex
1577 4720 1692 4786 est,
1746 4719 1804 4772 et
1851 4715 2040 4780 varia,

379 4813 601 4872 Italicis
623 4812 960 4870 nominibus
989 4813 1281 4879 vocata,et
1309 4825 1517 4864 rursus
1547 4805 1790 4863 vocibus
1821 4804 2037 4862 Graecis

376 4904 641 4962 vicissim
675 4900 1221 4976 nuncupata.Multa
1242 4899 1460 4955 mirum
1489 4897 1548 4953 in
1572 4897 1813 4953 modum
1837 4910 2040 4952 earum

379 5000 616 5068 etymon
639 4995 934 5050 enarrant.
966 4989 1248 5047 Adulterii
1279 5004 1492 5044 nomen
1527 4985 1771 5059 ponitur
1799 5001 1904 5059 pro
1926 5003 2046 5057 μοι-

380 5081 532 5159 χεία,
563 5087 622 5139 et
649 5084 718 5138 ad
733 5083 944 5138 mirare
991 5078 1480 5151 compositionem
1543 5076 1671 5146 ejus
1704 5075 1800 5146 qui
1832 5091 2042 5130 nomen

385 5172 688 5246 imposuit.
727 5171 974 5228 Latinus
1003 5168 1242 5223 νόοευσιν
1275 5171 1444 5224 vocat
1478 5165 1828 5222 adulterium
1857 5183 1870 5233 ;
1895 5168 2051 5220 recte

383 5263 568 5336 igitur
598 5266 870 5333 stuprum
905 5259 1173 5316 adulterii
1207 5257 1657 5314 denominatur:
1691 5254 2047 5310 adulterium

387 5353 548 5408 enim
581 5357 670 5406 est
699 5349 924 5406 vitiatio
957 5367 1058 5406 sen
1091 5345 1354 5418 νόθευσις,
1388 5351 1446 5402 et
1470 5347 1616 5400 falsa
1649 5344 1900 5416 signatio
1933 5343 2052 5399 sive

386 5437 786 5517 παραχάραξις.
845 5441 1141 5496 Accusant
1214 5453 1348 5493 vero
1423 5436 1493 5490 de
1565 5433 1877 5502 adulterio,
1942 5432 2053 5499 vir,

386 5535 578 5606 pater,
628 5546 794 5600 avus,
841 5534 976 5602 post
1013 5531 1240 5602 patrem
1301 5528 1358 5581 et
1414 5527 1680 5591 matrem,
1743 5525 1892 5600 post
1923 5521 2054 5578 illos

388 5619 582 5680 caeteri
623 5617 876 5694 cognati,
942 5633 1150 5676 omnes
1207 5618 1406 5674 tamen
1463 5629 1598 5670 cum
1645 5611 2056 5686 inscriptione,

466 5857 541 5930 (5)
564 5849 936 5932 Τετράποδον.

2143 3552 2301 3609 neris
2324 3552 2381 3608 in
2413 3553 2529 3611 duo
2561 3556 2887 3628 specierum
2914 3558 3156 3615 nomina
3187 3557 3496 3627 dividitur,
3543 3577 3798 3633 quorum

2145 3639 2392 3698 alterum
2426 3643 2753 3716 adrogatio,
2806 3643 3056 3702 alterum
3106 3647 3363 3718 adoptio.
3397 3649 3544 3704 Cum
3577 3646 3804 3705 scilicet

2145 3731 2278 3802 quis
2305 3731 2362 3787 in
2397 3730 2584 3787 ﬁlium
2619 3751 2790 3806 quem
2825 3741 3036 3790 natura
3066 3737 3318 3808 negavit,
3353 3736 3535 3793 alium
3587 3738 3686 3810 qui
3709 3736 3803 3794 sui

2136 3819 2294 3891 juris
2326 3823 2415 3876 est
2445 3821 2688 3892 recepit,
2716 3823 2768 3878 vi
2790 3828 2847 3878 et
2880 3823 3119 3880 nomine
3168 3824 3571 3897 adrogationis
3603 3825 3801 3898 impn-

2146 3909 2248 3966 bes
2272 3913 2478 3982 sponte
2509 3911 2851 3983 adOptatur:
2875 3912 3288 3970 .exheeredatus
3319 3915 3552 3970 tertiam
3575 3920 3802 3986 partem

2145 3997 2317 4070 capit.
2351 3999 2575 4070 Aquilia
2605 4001 2756 4056 actio
2789 4002 2968 4057 datur
2999 4006 3202 4059 contra
3261 4021 3375 4061 non
3421 4007 3802 4076 praestantem

2147 4086 2273 4144 loco
2305 4088 2622 4145 venerabili
2655 4089 2938 4163 legatum,
2973 4092 3129 4164 quod
3181 4092 3317 4164 quis
3369 4092 3630 4150 moriens
3662 4092 3799 4150 reli-

2149 4177 2297 4250 quit,
2331 4179 2504 4234 babet
2537 4179 2938 4250 repetitionem
2975 4181 3293 4250 fructuum,
3337 4183 3385 4238 si
3410 4183 3542 4256 quis
3567 4199 3801 4255 procra-

2148 4267 2471 4324 stinaverit.
2503 4268 2582 4323 Ad
2617 4269 2989 4327 exhibendum
3039 4272 3189 4328 actio
3239 4273 3564 4329 admodum
3605 4277 3696 4330 est
3739 4271 3804 4331 in

2148 4374 2280 4424 usu,
2322 4360 2484 4414 etest
2514 4375 2712 4414 rerum
2762 4360 3187 4417 absconsurum
3247 4362 3514 4434 repetitio
3549 4381 3562 4418 :
3599 4379 3800 4436 perso-

2149 4446 2300 4503 nalis
2327 4451 2454 4516 est;
2486 4449 2864 4520 postmodum
2892 4450 3226 4508 arbitraria.
3263 4451 3332 4508 Et
3355 4469 3478 4508 rem
3511 4451 3804 4526 integram

2149 4537 2562 4594 convenienter
2591 4537 2930 4612 exigit,cum
2964 4540 3382 4612 fetu,partu,et
3412 4541 3574 4598 omni
3604 4557 3804 4598 causa.

2149 4625 2416 4695 Ambitus,
2449 4625 2540 4682 lex
2565 4627 2914 4699 publica,ab
2947 4631 3224 4687 omnibus
3259 4635 3550 4699 movetur,
3584 4647 3697 4686 non
3722 4634 3809 4686 ta-

2151 4731 2284 4771 men
2317 4715 2589 4790 capitalis
2611 4721 2720 4786 est,
2755 4718 2893 4774 licet
2923 4722 3184 4774 extrema
3207 4720 3452 4776 infamia
3485 4723 3662 4775 notet.
3695 4719 3815 4775 Mo-

2148 4809 2317 4861 vetur
2343 4809 2537 4862 autem
2572 4809 2779 4862 contra
2801 4823 2934 4862 eum
2959 4807 3059 4880 qui
3085 4809 3354 4879 pecuniis
3401 4808 3812 4878 magistratum

2152 4895 2380 4951 emerit.
2419 4900 2494 4950 De
2522 4911 2746 4951 annona
2776 4896 2950 4952 etiam
2987 4896 3289 4967 publicum
3319 4897 3608 4968 judicium
3642 4901 3816 4964 est,et

2155 4985 2473 5056 plusquam
2509 4984 2623 5040 alia
2652 4984 2978 5056 publicum,
3013 5001 3148 5040 nam
3173 4985 3464 5042 actionem
3499 4989 3736 5044 movent
3761 4989 3820 5043 et

2157 5072 2308 5129 servi
2339 5077 2396 5128 et
2417 5073 2711 5130 mulieres.
2749 5075 3016 5130 Movetur
3068 5079 3290 5146 autem,
3349 5076 3400 5130 si
3437 5076 3571 5148 quis
3601 5080 3818 5132 Roma-

2160 5179 2295 5218 nam
2327 5161 2654 5218 ubertatem
2685 5169 2870 5230 vexet,
2893 5169 2950 5219 et
2972 5165 3039 5220 ad
3066 5169 3384 5237 egestatem
3419 5165 3816 5221 inducendam

2160 5251 2220 5306 in
2281 5252 2532 5323 gratiam
2595 5252 2985 5308 Barbarorum
3050 5255 3399 5324 negotietur.
3461 5255 3595 5311 Fuit
3627 5256 3817 5311 Roma:

2161 5341 2436 5397 tribunus
2461 5341 2649 5413 plebis
2679 5343 2972 5414 Aquilius,
3015 5343 3114 5415 qui
3151 5345 3222 5400 de
3253 5345 3470 5400 damno
3503 5345 3692 5418 legem
3727 5348 3822 5401 tu-

2161 5431 2251 5502 lit,
2287 5449 2415 5503 quas
2448 5433 2520 5487 ab
2552 5433 2680 5502 ejus
2719 5433 2958 5488 nomine
2989 5433 3078 5490 lex
3101 5434 3335 5506 Aquilia
3368 5450 3626 5508 congrue
3649 5451 3822 5492 voca-

2164 5527 2281 5576 tur.
2321 5525 2394 5576 Ea
2423 5521 2614 5577 tribus
2665 5521 2940 5593 capitulis
2971 5523 3274 5590 dividitur,
3327 5539 3581 5594 quorum
3615 5540 3826 5580 secun-

2166 5611 2308 5667 dum
2345 5611 2562 5668 nostris
2610 5611 2670 5666 in
2706 5609 2959 5684 negotiis
3015 5611 3075 5670 in
3125 5628 3238 5671 usu
3287 5629 3402 5672 non
3434 5617 3546 5674 est.
3587 5612 3694 5672 Illa
3737 5611 3834 5671 lex
