4100 6398
293 471 410 531 943

290 603 446 659 Ἔστι
480 598 537 656 δὲ
565 600 654 655 καὶ
686 597 956 669 οὑτίλιος,
988 595 1101 655 ἔστι
1133 596 1190 654 δὶ
1217 601 1307 655 καὶ
1339 597 1576 678 διρὲκτα.

299 689 362 747 El
398 690 494 762 μὲν
523 711 606 752 τις
637 695 800 764 σῶμα
831 691 1044 764 σώματι
1077 688 1298 766 βλάψει,
1331 691 1455 746 τότε
1487 688 1724 766 διρὲκτα,

305 779 368 835 Εἴ
399 777 456 833 δέ
484 801 569 842 τις
594 777 780 842 ἄλλως
814 775 1065 856 ἔϐραψεν,
1103 779 1344 842 οὑτίλιος
1373 781 1653 857 τυγχάνει.

300 868 363 925 Εἰ
397 865 453 923 δὲ
481 866 612 942 μηδ’
643 866 816 931 οὑτως
843 864 1068 944 ἔϐλαψε,
1106 871 1244 942 μήτε
1273 869 1484 942 σώματι
1519 873 1698 943 σῶμα,

301 957 480 1031 Ζημία
511 955 568 1012 δὲ
597 959 959 1034 προσγέγονεν
993 961 1029 1028 ἡ
1063 959 1386 1034 ίμφάκτουμ
1413 965 1664 1015 κινεῖται.

298 1048 356 1101 '0
388 1044 446 1103 δέ
475 1067 537 1124 γε
567 1047 882 1111 Ἀκουίλιος
916 1048 1052 1103 κατὰ
1085 1049 1179 1122 μὶν
1212 1047 1560 1124 ἀρνουμένων

301 1133 512 1206 Διπλῆν
545 1141 780 1192 ποιεῖται
817 1137 1117 1214 εἶ’σπραξιν,
1147 1139 1275 1199 τοὺς
1309 1135 1365 1192 δὲ
1395 1137 1810 1212 ὁμολογοῦντας

297 1224 622 1301 Εἰσπράττει
659 1226 822 1300 μόνον
849 1228 911 1282 τὸ
944 1226 1174 1300 ἁπλοῦν,
1207 1223 1331 1282 οὑδὶ
1360 1231 1507 1296 ζητῶ
1537 1247 1588 1281 τι
1621 1225 1806 1283 πλέον.

295 1316 360 1370 Ἡ
392 1319 451 1368 Βι
489 1315 762 1391 βενορουμ
794 1312 840 1369 δ’
868 1317 1056 1392 ἀγωγή
1093 1335 1414 1391 ραπτορουμ
1442 1315 1784 1389 κεκλημένη,

295 1407 539 1460 Κινεῖται
572 1403 708 1459 κατὰ
739 1406 980 1481 ἅρπαγας
1012 1406 1349 1480 πραγμάτων
1385 1403 1718 1480 ἀλλοτρίων,

294 1494 478 1555 Ἐντὸς
511 1494 608 1567 μὶν
641 1495 845 1570 χρόνου
877 1493 1073 1549 ἔσωθεν
1110 1493 1446 1571 τετραπλοῦν
1474 1493 1794 1566 ἀπαιτοῦσα,

296 1585 410 1640 Τοῦ
433 1584 755 1660 πράγματος
785 1588 865 1656 τῷ
894 1582 1188 1660 τετραπλῷ
1219 1584 1444 1639 ἐνταῦθα
1472 1584 1864 1659 προκειμενου,

299 1672 460 1728 Ὠστε
519 1668 801 1746 συμϐαίνει
857 1674 957 1742 τὴν
1007 1673 1204 1742 ποινὴν
1262 1673 1337 1735 εἷς
1397 1673 1460 1727 τὸ
1512 1673 1776 1748 τριπλοῦν
1824 1693 1954 1749 τυγ-

1647 1764 1880 1838 [χάνειν,

303 1850 489 1911 Ἐκτὸς
523 1846 580 1903 δὲ
612 1850 816 1924 χρόνου
847 1849 1080 1924 πέφυκεν
1111 1847 1320 1905 ἂπλουν
1350 1849 1654 1924 εἰσπράττει
1691 1849 1879 1923 μόνον.

302 1937 406 1996 Καὶ
435 1939 718 2008 κινηθεῖσα
742 1939 1004 2015 πρότερον
1037 1940 1140 2007 τὴν
1171 1938 1411 2016 φούρτην
1444 1938 1740 1994 καταπαύει

303 2026 373 2084 El'
398 2024 454 2082 δὶ
485 2027 582 2096 τὴν
617 2027 857 2106 φούρτην
892 2027 1156 2102 πρότερον
1189 2029 1397 2098 κινήσει
1426 2049 1509 2091 τις
1543 2027 1866 2106 ῥαπτόρουμ

302 2115 444 2173 Κίνει
474 2115 565 2172 καὶ
595 2115 798 2188 ταύτην
833 2114 1090 2189 δέσποτα,
1125 2116 1223 2172 οὑκ
1255 2111 1564 2192 ὑπερϐαίνει
1597 2115 1654 2173 δέ
1681 2139 1741 2195 γε

303 2208 416 2264 Τοῦ
445 2204 754 2283 τετραπλοῦ
783 2207 883 2276 τὴν
923 2204 1194 2282 εἴσπραξιν
1223 2204 1318 2260 κᾶν
1345 2202 1509 2286 ἄμφω
1539 2229 1622 2272 τις
1649 2208 1882 2279 κινήσει.

301 2295 364 2350 Ἠ
396 2297 694 2367 Δεποζίτῃς
725 2293 870 2351 ἐστὶν
901 2297 936 2366 ἡ
968 2299 1091 2373 περί
1123 2297 1471 2372 παραθήκης.

299 2387 374 2442 ’Ἡ
403 2407 485 2450 τις
515 2386 605 2441 καὶ
640 2383 803 2442 δόλον
838 2386 1057 2442 ἀπαιτεῖ
1085 2387 1218 2464 πρὸς
1251 2384 1308 2441 δὲ
1336 2386 1426 2442 καὶ
1459 2385 1622 2443 λάταν
1650 2384 1896 2442 κοῦλπᾶν

303 2475 408 2532 Καὶ
435 2475 596 2540 τόκος
631 2475 965 2552 ὑπερθέσεως
995 2477 1084 2532 καὶ
1117 2476 1431 2554 συγχύσεως
1465 2479 1597 2551 ἅμα,

305 2567 404 2621 Καὶ
435 2567 811 2642 κληρονόμοις
837 2565 1063 2642 δίδοται,
1096 2568 1184 2624 καὶ
1209 2567 1344 2624 κατὰ
1367 2566 1759 2645 κληρονόμων,

309 2655 425 2715 Οὐκ
453 2654 564 2712 ἔστι
593 2656 695 2734 γὰρ
725 2656 1065 2734 ἆτιμουργὸς
1097 2657 1141 2713 εί
1178 2659 1254 2732 μὴ
1287 2657 1472 2731 οἰκείῳ
1503 2655 1669 2733 δόλῳ.

309 2747 375 2803 Ἡ
406 2746 530 2822 περὶ
562 2743 730 2802 δόλου
763 2744 820 2802 δὲ
851 2745 961 2802 ἐστι
993 2748 1158 2816 ποινὴ
1189 2746 1278 2802 καὶ
1311 2746 1593 2819 ποιναλία,

313 2835 530 2894 Δίδοται
555 2841 725 2893 καῦσα
754 2837 994 2913 κόγνιτα,
1019 2835 1130 2894 ἔστι
1160 2837 1514 2916 περσοναλία,

313 2929 400 2986 Ἐν
427 2933 545 2991 τοῖς
577 2924 696 2983 δυσὶ
731 2925 775 2984 δ’
805 2928 1072 2992 ἐνιαυτοῖς
1105 2929 1330 3006 ἄρχεται
1362 2930 1448 2984 καὶ
1482 2928 1819 3005 πληροῦται,

308 3014 530 3089 Ἀλλης
565 3014 612 3072 δ’
645 3017 889 3088 ὑπούσης
922 3016 1166 3096 ἀγωγῆς,
1201 3017 1264 3075 οὑ
1294 3024 1460 3082 κινεῖς
1492 3019 1590 3089 τήν
1628 3015 1684 3074 δὲ
1715 3015 1885 3092 δόλῳ.

306 3105 439 3165 Ἦδε
479 3105 536 3164 δε
565 3107 775 3173 Φαλσις
807 3109 998 3188 ἀγωγὴ
1028 3109 1198 3186 νόμος
1229 3108 1550 3188 Κορνελίου,

1629 468 1685 529 Μ
1695 468 2053 531 IOHAELIS
2100 467 2368 529 PSELLI

1973 605 2025 672 Α
2061 599 2300 656 Κινεῖται
2335 593 2392 653 δὶ
2420 598 2558 653 κατά
2585 617 2734 661 τινος
2766 594 3005 652 πλαστὸν
3038 593 3432 668 πεποιηκότος.

2058 692 2164 743 Τοῦ
2196 685 2254 744 δι
2284 682 2611 756 πουϐλίκου,
2645 685 2901 759 δεσποτα,
2943 689 2978 756 ἡ
3012 684 3070 742 δὶ
3099 686 3300 765 φάλσις
3329 684 3595 760 τιμωρίαο

2061 779 2186 832 Κατ’
2216 775 2514 852 ιλευθέρων
2547 777 2644 851 μὲν
2677 771 2818 832 ἔστιν
2847 774 2882 846 ἢ
2913 796 2970 832 τε
3003 772 3358 850 δεπορτατίον
3387 777 3464 848 (6)

2060 869 2165 926 Καὶ
2189 871 2223 939 ἠ
2253 866 2436 924 τελεία
2467 866 2752 941 δήμευσιςο
2787 868 2922 924 κατὰ
2953 864 3011 922 δὶ
3043 864 3255 922 δούλων
3287 865 3478 938 πάλιν,

3601 463 3726 523 944

2063 960 2336 1035 Ἐσχάτην
2370 956 2484 1035 ἔχει
2515 962 2753 1014 κάκωσιν
2780 955 3064 1014 πάνδεινον
3097 954 3391 1032 τιμωρίαν.

2062 1049 2249 1122 Νόμος
2277 1049 2417 1103 ἐστὶν
2453 1046 2687 1110 Ἰούλιος
2719 1050 2747 1102 ὁ
2775 1047 2832 1104 δέ
2862 1069 2925 1124 γε
2952 1045 3302 1103 Πεκουλάτου

2060 1141 2247 1200 Ὅστις
2278 1140 2416 1193 κατᾶ
2439 1143 2536 1193 τοῦ
2565 1137 2868 1213 κλέψαντος
2899 1137 2951 1208 ἐξ
2981 1139 3141 1213 ἱερῶν
3170 1134 3404 1205 ἀδύτων,

2062 1229 2122 1282 Ἣ
2158 1226 2216 1282 ἐκ
2249 1229 2552 1301 μνημάτων
2593 1227 2852 1302 ἀσφαλῶν
2881 1225 3005 1297 ἤτοι
3041 1224 3373 1302 ῥελεγιόσων

2065 1322 2318 1388 Κινεῖται,
2350 1318 2436 1372 καὶ
2469 1316 2795 1392 τραχύνεται
2826 1317 2916 1371 καὶ
2946 1321 3184 1390 τιμωρεῖ
3211 1311 3533 1377 πανδείνως·

2064 1407 2284 1482 Ἐπάγει
2315 1409 2415 1484 γὰρ
2449 1406 2760 1482 ἰναλλαγὴν
2791 1407 2990 1477 τάξεως
3020 1409 3120 1471 τῆς
3143 1406 3432 1481 προτερας.

2063 1498 2470 1574 Δερποτατεύει,
2505 1495 2760 1568 δέσποτα,
2789 1499 2881 1551 τὸν
2915 1493 3369 1571 ὲξεληλεγμὲνον,

2061 1590 2222 1662 Ἔχει
2257 1585 2314 1642 δὲ
2342 1587 2431 1641 καὶ
2461 1587 2562 1656 τὴν
2592 1583 2820 1659 δύναμιν
2853 1584 3002 1647 ἐντὸς
3031 1583 3364 1648 πενταετίας.

2063 1678 2126 1734 Ἡ
2160 1675 2215 1731 δὲ
2245 1671 2659 1738 Δονατιονιϐους
2691 1675 2888 1750 ἀγωγὴ
2922 1672 3229 1750 διαιροῦσα,

2063 1769 2181 1825 Τῶν
2216 1764 2560 1840 δωρημὰτων
2593 1766 2655 1820 τὸ
2686 1762 2888 1834 διττὸν,
2923 1761 3134 1838 δόνουμ
3161 1765 3266 1839 γάρ
3298 1783 3385 1818 τοι
3417 1763 3478 1818 τὸ
3511 1760 3716 1840 δῶρον,

2062 1856 2134 1909 Τὸ
2167 1854 2262 1929 μὲν
2290 1853 2430 1910 ἐστιν
2463 1853 2607 1930 ἴντερ
2643 1848 2837 1929 βίϐων,
2867 1851 3139 1908 τουτέστιν
3167 1852 3504 1922 ἆπεντεῦθεν,

1987 1979 2035 2046 Β
2064 1945 2135 2000 Τὸ
2167 1942 2222 2000 δὲ
2247 1965 2310 2021 γε
2343 1944 2533 2021 μόρτις
2564 1943 2736 1998 καῦσά
2766 1964 2883 2006 πως
2905 1942 3265 2046 θανάτρυῃγάρ
3295 1940 3462 2046 atria,

2067 2035 2272 2111 Μόρτις
2300 2034 2400 2111 γὰρ
2433 2035 2462 2089 ὁ
2496 2035 2742 2102 θάνατος,
2775 2033 2837 2088 τὸ
2866 2037 3035 2088 καῦσα
3066 2029 3112 2086 δ’
3141 2027 3197 2086 ἓν
3229 2029 3422 2087 ὶκάτου
3454 2033 3554 2105 (7),

2065 2127 2226 2184 ’Ἤτοι
2253 2125 2316 2180 τὸ
2349 2122 2418 2180 δι’
2451 2123 2706 2180 ὑπονοίαν
2741 2125 2972 2188 θανάτου
3005 2119 3322 2195 δεδομένον.

2064 2215 2244 2291 Τυχὸν
2274 2215 2374 2291 γὰρ
2406 2209 2610 2288 ἔμελλὲ
2637 2235 2725 2276 τις
2751 2211 2908 2268 πλεῖν
2945 2210 3121 2267 πλοῦν
3153 2207 3572 2282 ἐπικινδυνώδη,

2068 2305 2170 2360 Καὶ
2205 2301 2485 2359 δεδωκὲτω
2517 2305 2784 2379 χρήματα
2812 2307 2893 2375 τῷ
2925 2296 3083 2377 φόϐῳ
3113 2304 3210 2356 τοῦ
3243 2301 3495 2369 θανάτου,

2068 2393 2326 2458 Ἐνταῦθα
2356 2393 2457 2469 γὰρ
2490 2389 2815 2466 ἀπαλλαγὰς
2848 2392 2876 2446 ὁ
2909 2387 3167 2452 δεδωκὼς
3198 2393 3295 2444 τοῦ
3325 2384 3501 2468 φόϐου

2069 2478 2344 2552 Δεσπότης
2374 2479 2540 2536 πάλιν
2569 2481 2773 2558 πέφυκε
2800 2485 2916 2535 τῶν
2950 2501 3013 2554 γε
3044 2476 3463 2553 δεδωρημὲνων.

2068 2575 2128 2631 Ὀ
2162 2570 2228 2641 δὴ
2263 2569 2446 2628 λαϐὼν
2478 2573 2577 2641 τήν
2607 2569 2811 2648 δωρεὰν
2844 2573 3074 2650 φυσικὴν
3098 2571 3271 2644 νομήν
3299 2565 3438 2646 ἔχει.

2069 2663 2133 2720 Ἦ
2165 2659 2221 2717 δέ
2250 2683 2310 2738 γε
2341 2661 2677 2736 ἐπερώτησις
2707 2660 2814 2717 τινὶ
2845 2664 3331 2736 προσπορισθεῖσα,

2072 2754 2166 2814 Εἲς
2197 2751 2548 2827 κληρονόμον
2578 2750 2783 2826 πᾶφυκε
2812 2751 2900 2804 καὶ
2934 2750 3098 2823 μόνον
3136 2749 3563 2823 μεταπεμπτειν.

2067 2844 2129 2899 Ἥ
2163 2839 2220 2896 δὲ
2250 2843 2576 2916 Ἰνοφικιοσο
2608 2842 2643 2910 ἡ
2678 2836 2946 2910 διαθήκης
2982 2837 3211 2913 μέμψις,

2071 2932 2368 3007 Εἰσαγωγὴ
2401 2931 2535 3007 πρὸς
2564 2931 2815 3005 ἀγωγὴν,
2848 2928 2949 2984 οὐκ
2979 2928 3167 3004 ἀγωγή
3189 2926 3474 3005 τυγχάνει,

2070 3023 2176 3090 Τὴν
2211 3020 2332 3095 περὶ
2362 3020 2710 3092 ἀπαιτιίσεως
2743 3016 2887 3094 λόγω
2917 3015 3322 3094 κληρονομίας,

2074 3107 2301 3168 Δίδοται
2333 3107 2379 3166 δ’
2438 3109 2573 3182 αὕτη
2631 3109 2721 3166 καὶ
2779 3107 2936 3165 παισὶ
2996 3107 3131 3164 κατὰ
3179 3108 3384 3184 πατρὸς
3443 3105 3495 3162 εἴ
3519 3105 3586 3183 γό
3611 3127 3734 3172 πως

3329 3197 3497 3256 Vers.
3527 3198 3655 3255 558.

309 3484 485 3551 certe,
547 3498 580 3538 ο
626 3479 884 3551 domine,
946 3481 1199 3539 multum
1255 3480 1420 3539 utilis
1449 3486 1560 3553 est,
1599 3485 1655 3540 et
1684 3483 1840 3540 circa
1869 3497 1962 3541 ea-
1993 3489 2035 3556 C
2073 3485 2170 3553 lis,
2202 3485 2378 3542 datur
2402 3499 2580 3541 causa
2615 3481 2871 3558 cognita,
2921 3485 2980 3540 et
3006 3484 3096 3539 est
3153 3477 3525 3555 personalis;
3570 3477 3731 3537 intra

313 3572 446 3628 dem
476 3574 740 3628 exactam
770 3570 1030 3644 regulam
1081 3571 1329 3642 inducit,
1380 3572 1430 3629 si
1488 3573 1622 3646 quis
1679 3573 1966 3646 pecudem

314 3661 601 3733 gregatim
631 3665 967 3733 pascentem
993 3661 1235 3718 occidat.
1295 3661 1466 3718 Actio
1498 3662 1619 3718 haec
1649 3668 1738 3719 est
1764 3681 1965 3736 pcnna-

315 3749 410 3818 lis,
434 3755 526 3806 est
549 3749 730 3818 utilis,
791 3755 850 3806 et
907 3750 1128 3806 directa
1160 3767 1174 3806 :
1203 3751 1253 3806 si
1303 3751 1437 3823 quis
1468 3768 1708 3824 corpore
1739 3753 1965 3825 corpori

319 3839 602 3895 damnum
637 3838 921 3906 intulerit,
955 3843 1098 3896 tunc
1139 3840 1247 3896 erit
1294 3841 1515 3896 directa
1547 3856 1560 3896 :
1597 3840 1646 3896 si
1677 3841 1849 3898 aliter
1871 3860 1966 3898 no-

318 3930 526 3998 cuerit,
550 3929 711 3984 utilis
747 3945 757 3985 :
814 3929 864 3985 si
897 3945 1029 3986 vero
1090 3947 1195 3986 nec
1227 3945 1294 3985 eo
1342 3929 1536 4000 modo,
1571 3947 1675 3986 nec
1724 3947 1966 4004 corpore

312 4019 540 4090 corpori
574 4019 859 4075 damnum
883 4020 1086 4074 datum
1135 4024 1246 4085 est,
1277 4019 1427 4075 actio
1458 4018 1518 4074 in
1552 4019 1770 4076 factum
1805 4037 1963 4077 com-

312 4112 489 4179 petet.
523 4109 637 4164 Lex
667 4107 900 4179 Aquilia
926 4109 999 4163 ab
1031 4107 1435 4164 inticnantibus
1483 4108 1729 4182 duplum
1763 4111 1962 4183 exigit,

311 4213 346 4252 a
367 4197 786 4253 conﬁtentibus
818 4197 1127 4269 simplum,
1152 4214 1342 4268 neque
1372 4198 1526 4254 enim
1579 4198 1835 4270 amplius
1868 4216 1962 4271 pe-

216 4354 222 4360 _
309 4285 473 4343 titur.
506 4287 670 4342 Actio
727 4292 930 4342 vocata
990 4291 1045 4342 υἱ
1102 4287 1367 4343 bonorum
1425 4297 1731 4359 raptorum,
1767 4305 1962 4344 move-

308 4379 406 4432 tur
435 4380 637 4431 contra
668 4380 928 4448 raptores
961 4392 1150 4432 rerum
1185 4376 1709 4444 alienarum,intra
1738 4394 1960 4433 annum

306 4464 704 4538 quadruplum
733 4465 1026 4536 repetit,re
1059 4470 1224 4537 rapta
1248 4466 1304 4520 in
1327 4466 1657 4538 quadruplo
1691 4482 1960 4538 compre-

303 4553 510 4624 hensa,
545 4562 718 4627 atque
745 4555 889 4611 adeo
917 4571 1286 4627 consequens
1327 4563 1409 4611 est
1460 4559 1524 4610 ut
1568 4572 1738 4626 pcena
1769 4557 1828 4611 in
1860 4556 1960 4616 tri.

301 4643 396 4717 plo
423 4643 752 4702 consistat:
788 4648 848 4699 at
868 4649 1033 4701 extra
1056 4660 1279 4699 annum
1301 4643 1585 4715 simplum
1649 4643 1842 4701 solum
1875 4661 1958 4702 re-

299 4734 506 4807 poscit.
541 4735 609 4791 Et
639 4733 688 4790 si
713 4735 876 4807 prius
895 4740 1090 4790 actum
1123 4737 1213 4790 est
1234 4733 1284 4788 vi
1316 4734 1602 4792 bonorum
1624 4739 1948 4806 raptorum,

298 4829 490 4881 cessat
539 4826 690 4881 actio
741 4825 879 4880 furti
917 4823 1008 4880 :si
1062 4824 1200 4879 furti
1255 4827 1388 4880 ante
1438 4823 1572 4894 quis
1593 4823 1732 4896 egit,
1766 4839 1956 4880 move-

297 4913 383 4970 bit
412 4914 802 4972 nihilominus
835 4915 1124 4969 bonorum
1150 4917 1450 4985 raptorum
1479 4911 1768 4969 actionem
1803 4931 1816 4982 ;
1848 4931 1951 4986 po-

297 5005 602 5061 teritenim
629 5005 784 5077 quis,
817 5021 846 5060 o
867 5004 1108 5067 domine,
1151 5003 1230 5057 ita
1261 5003 1499 5057 demum
1534 5019 1725 5075 agere,
1779 5005 1950 5060 modo

293 5110 410 5150 non
441 5096 681 5150 excedat
711 5092 1028 5166 quadrupli
1058 5092 1627 5162 exactionem,etiam
1651 5092 1698 5147 si
1725 5099 1948 5149 utram-

292 5197 407 5254 que
437 5183 576 5238 l‘urti
607 5189 664 5239 et
695 5183 983 5239 bonorum
1017 5188 1321 5254 raptorum
1383 5187 1629 5238 moveat.
1663 5183 1819 5238 Actio
1841 5184 1947 5238 De-

285 5271 452 5342 positi
497 5277 739 5328 vocatur
789 5270 913 5346 περὶ
972 5271 1459 5345 Παρακαταθήκης,
1527 5288 1595 5326 ex
1638 5288 1756 5344 qua
1809 5273 1944 5345 quis

292 5357 489 5413 dolum
523 5367 781 5432 praestat,
815 5367 871 5416 et
918 5360 1090 5416 latam
1151 5359 1408 5432 culpam,
1457 5365 1514 5415 et
1553 5377 1763 5416 usuras
1811 5378 1942 5433 pro-

286 5450 415 5516 pter
437 5463 661 5504 moram
694 5455 750 5504 et
772 5467 968 5520 usum,
1001 5457 1060 5506 et
1089 5450 1420 5505 haeredibus
1450 5450 1644 5517 datur,
1665 5455 1721 5505 et
1737 5457 1942 5507 contra

289 5534 570 5608 heredes,
600 5556 714 5594 non
747 5539 904 5595 enim
941 5540 1205 5608 infamat,
1267 5540 1380 5597 nisi
1440 5541 1712 5613 proprius
1765 5540 1938 5599 dolus

287 5623 686 5686 intervenerit.
733 5630 896 5686 Actio
935 5629 1000 5688 de
1027 5630 1186 5702 Dolo,
1224 5635 1316 5689 est
1343 5633 1401 5688 et
1429 5647 1622 5706 poena,
1657 5635 1715 5704 et
1743 5647 1938 5704 poena-

357 5806 434 5883 (6)
464 5806 847 5888 Δεπορτατίον.

2074 3575 2380 3632 biennium
2414 3574 2635 3647 incipit,
2697 3579 2754 3630 et
2785 3572 2914 3629 finit
2945 3588 2958 3628 :
2993 3571 3042 3628 si
3077 3570 3192 3627 alia
3221 3569 3370 3627 actio
3419 3572 3727 3641 competat,

2076 3683 2188 3722 non
2221 3666 2348 3739 agis
2381 3665 2451 3720 de
2493 3663 2646 3720 dolo.
2680 3662 2842 3719 Actio
2883 3663 2947 3719 de
2988 3661 3165 3717 Falsis
3217 3677 3285 3716 ex
3327 3659 3454 3732 lege
3509 3659 3727 3715 Corne-

2075 3755 2152 3810 lia
2185 3759 2453 3811 movetur
2481 3759 2683 3808 contra
2712 3768 2848 3808 eum
2873 3751 2970 3822 qui
2995 3750 3206 3806 falsum
3226 3749 3378 3816 fecit,
3405 3748 3534 3820 ejus
3556 3764 3732 3820 piens.

2075 3861 2104 3902 ο
2133 3845 2375 3912 domine,
2402 3844 2635 3916 publica
2660 3847 2770 3908 est,
2806 3843 2866 3897 in
2926 3840 3201 3913 ingenuis
3253 3837 3597 3894 hominibus
3636 3837 3731 3894 de-

2075 3933 2409 4007 portatio,et
2440 3931 2783 3988 omnimoda
2813 3931 3096 3987 bonorum
3123 3928 3442 4002 publicatio
3471 3943 3485 3995 ;
3518 3942 3729 3982 rursus

2075 4024 2133 4078 in
2167 4039 2332 4079 servo
2361 4021 2716 4094 gravissima
2765 4037 2952 4093 pmna,
3003 4023 3060 4075 et
3115 4023 3441 4074 extremum
3500 4015 3726 4088 suppli-

2073 4113 2252 4168 cium.
2286 4111 2390 4166 Est
2421 4110 2595 4165 etiam
2638 4109 2729 4165 lex
2757 4109 2918 4165 Julia
2942 4108 3008 4164 de
3057 4106 3333 4164 Paculam
3357 4110 3558 4161 contra
3588 4120 3725 4160 eum

2072 4202 2173 4274 qui
2207 4202 2433 4256 furatus
2465 4206 2552 4256 est
2577 4217 2644 4254 ex
2675 4199 2860 4256 sacris
2920 4196 3343 4270 penetralibus,
3373 4199 3431 4250 et
3481 4211 3550 4250 ex
3579 4194 3726 4250 tutis

2075 4289 2471 4346 monumentis
2502 4289 2622 4345 sive
2653 4288 2977 4359 religiosis:
3016 4292 3297 4351 movetur,
3333 4285 3597 4348 damnat,
3667 4288 3723 4338 et

2072 4380 2242 4451 punit
2271 4378 2882 4451 gravissime,inducit
2911 4377 3064 4433 enim
3100 4375 3312 4449 prioris
3342 4373 3567 4430 ordinis
3589 4387 3718 4426 mu-

2069 4469 2348 4525 tationem
2383 4488 2397 4538 ;
2429 4469 2718 4541 deportat,
2747 4485 2779 4523 o
2806 4466 3062 4537 domine,
3095 4481 3229 4522 eum
3272 4463 3372 4536 qui
3419 4460 3713 4518 convictus

2069 4564 2178 4626 est,
2202 4563 2258 4613 et
2288 4558 2467 4614 robur
2498 4558 2726 4613 obtinet
2755 4558 2911 4613 intra
2958 4553 3452 4630 quinquennium.
3503 4554 3578 4606 De
3610 4549 3716 4604 Do-

2065 4649 2384 4703 nationibus
2416 4646 2565 4703 actio
2616 4646 2806 4702 divisa
2859 4650 2971 4715 est,
3003 4644 3240 4700 donatio
3297 4645 3455 4698 enim
3504 4637 3718 4712 duplex

2065 4743 2155 4793 est
2186 4754 2199 4804 ;
2235 4738 2457 4793 donum
2511 4741 2600 4792 est
2631 4732 2808 4810 δῶρον
2840 4752 2853 4791 :
2889 4733 3004 4791 alia
3032 4738 3122 4790 est
3169 4733 3322 4788 inter
3348 4732 3531 4800 vivos,
3589 4745 3717 4801 que

2064 4827 2372 4884 confestim
2402 4825 2590 4882 valet:
2617 4825 2732 4880 alia
2760 4829 2849 4881 est
2880 4823 3086 4880 mortis
3118 4838 3318 4891 causa,
3365 4817 3602 4883 θανάτου
3631 4814 3717 4871 αἶ-

2058 4914 2167 4986 τίᾳ.
2201 4917 2356 4972 Mors
2392 4915 2549 4971 enim
2583 4911 2824 4984 θάνατος,
2857 4930 3058 4983 causa,
3109 4912 3280 4983 cujus
3328 4909 3560 4981 gratia:
3595 4907 3716 4964 sive

2062 5007 2216 5078 quod
2253 5007 2456 5061 datum
2480 5009 2570 5059 est
2599 5003 2672 5059 ob
2721 5003 3121 5076 suspicionem
3175 5000 3405 5056 mortis.
3458 4999 3519 5054 Si
3578 4995 3716 5069 quis

2059 5095 2216 5150 enim
2243 5093 2636 5166 periculosam
2665 5091 3096 5164 navigationem
3131 5089 3710 5162 ingressurus,metu

2061 5185 2266 5240 mortis
2299 5185 2396 5239 det
2428 5182 2730 5254 pecunias.
2757 5186 2814 5237 et
2844 5181 3101 5237 dimittat
3133 5196 3226 5235 res
3258 5180 3447 5245 datas,
3509 5177 3559 5232 is
3611 5173 3710 5246 qui

2057 5279 2216 5330 metu
2249 5274 2447 5339 donat,
2502 5272 2780 5327 dominus
2835 5288 3038 5327 earum
3095 5272 3378 5337 remanet,
3425 5265 3525 5339 qui
3573 5281 3711 5320 vero

2053 5364 2274 5419 donum
2308 5359 2819 5434 cepit,naturalem
2844 5358 3278 5432 possessionem
3303 5353 3704 5428 consequitur.

2051 5452 2345 5524 Stipulatio
2366 5450 2844 5522 alicuiacquisita
2867 5450 2937 5504 ad
2971 5447 3161 5505 solum
3195 5445 3487 5502 heredem
3512 5449 3705 5500 trans-

2050 5543 2324 5600 mittitur.
2382 5544 2452 5599 De
2510 5543 2840 5613 Ino/ﬁctam,
2898 5545 2988 5597 est
3070 5537 3310 5612 querela
3364 5539 3437 5594 de
3523 5539 3704 5592 testa-

2048 5638 2268 5707 mento,
2301 5631 2661 5690 introductio
2683 5631 2756 5690 ad
2787 5630 3079 5688 actionem
3111 5645 3226 5687 non
3283 5627 3520 5703 proprie
3550 5623 3704 5684 actio

2116 5815 2195 5893 (τ)
2226 5807 2536 5873 Ένεκάτοο.
