4100 6388
409 380 528 441 945

410 505 785 586 Ἐξερεδάτους
815 504 1020 584 ἔγραψε
1049 510 1276 577 τούτους
1308 510 1362 568 έν
1397 509 1657 590 διαθήκῃ,

409 600 517 657 Καὶ
547 599 684 656 κατὰ
710 599 921 656 παίδων
947 607 1030 676 τῷ
1059 604 1220 680 πατρὶ
1263 602 1316 675 ἐξ
1348 605 1545 678 ὁμοίας
1585 603 1780 668 αἰτίας.

408 690 471 748 Ἦ
505 687 564 746 δὶ
599 688 647 746 ἰν
679 692 815 764 Ῥεμ
842 690 1220 768 πολυσχεδὴς,
1254 694 1344 748 καὶ
1375 692 1746 767 πολυώνυμός
1769 715 1876 767 τις,

411 779 660 846 Καθόλου
689 782 790 856 γὰρ
821 782 909 836 καὶ
949 784 1146 857 μερική
1183 781 1318 856 ἐστι,
1349 781 1418 856 ἴμ
1448 782 1584 858 βόνα
1613 781 1753 862 φίδι,

409 872 473 927 Ἦ
502 870 596 944 μὶν
630 871 732 948 γὰρ
761 870 984 927 οὖτιλία
1013 893 1094 935 τις
1122 870 1428 936 δανεισταῖς
1460 870 1746 947 διδομένη,

410 962 476 1020 Ἦ
510 958 568 1016 δὶ
597 960 938 1038 κόμφεσορία
965 983 1075 1031 τις,
1107 965 1142 1033 ἡ
1176 960 1234 1018 δὲ
1257 964 1565 1040 νεγατορία,

407 1051 473 1108 Ἦ
505 1047 562 1106 δὶ
592 1045 914 1127 πριϐιτορία
941 1054 1022 1127 (8)
1054 1073 1156 1122 τις,
1189 1055 1224 1123 ἡ
1259 1051 1315 1108 δὲ
1339 1052 1652 1124 σπεκιαλία,

405 1139 600 1216 Ἑτέρα
629 1161 712 1202 τις
747 1135 1029 1215 σερϐιανὴ,
1062 1139 1210 1212 ἄλλη
1245 1138 1638 1201 πουϐλικιάνα.

411 1231 515 1288 Καὶ
547 1231 601 1285 οἱ
635 1229 958 1308 ῗμφάκτουμ
988 1231 1198 1307 ἀγωγαὶ
1230 1231 1437 1288 πολλαί
1466 1253 1542 1300 τε,
1561 1231 1653 1286 καὶ
1683 1230 1958 1300 ποικίλαι,

406 1318 623 1375 Τούτων
656 1321 712 1375 αἱ
747 1320 841 1393 μὲν
875 1320 1227 1398 πραιτώριαι,
1254 1323 1309 1376 αἱ
1343 1318 1401 1376 δὲ
1426 1319 1810 1396 πουπι).αρίαι·

407 1409 480 1466 Al
513 1409 609 1482 μὲν
638 1407 698 1464 ἐκ
716 1409 891 1482 νόμου
921 1411 1236 1486 τρέχουσιν,
1267 1412 1322 1466 αἱ
1354 1408 1410 1466 δὶ
1441 1405 1812 1486 ἁρϐιτραρίαι,

408 1497 478 1556 Αἱ
512 1498 608 1572 μὶν
642 1496 874 1568 ἁπλοῦν,
907 1500 963 1554 αἱ
996 1497 1054 1555 δὶ
1085 1497 1338 1573 διπλοῦν,
1365 1500 1422 1555 αἱ
1452 1497 1510 1555 δὶ
1537 1501 1599 1555 τὸ
1633 1496 1910 1576 διαφέρον,

411 1587 471 1646 Αἱ
507 1585 566 1644 δὶ
595 1588 658 1643 τὸ
687 1586 1082 1663 τετραπλάσιον
1108 1594 1206 1644 τοῦ
1239 1589 1440 1666 χρέους
1471 1589 1813 1656 ἀπαιτοῦσιν,

407 1677 478 1733 Δί
513 1675 608 1750 μὶν
639 1676 816 1733 αὐτῶν
848 1677 1090 1750 ἀναλίαι,
1117 1679 1172 1733 αἱ
1204 1676 1263 1735 δὲ
1291 1679 1381 1735 καὶ
1411 1682 1762 1755 περπετοῦαι,

407 1766 475 1822 Ἠ
506 1772 708 1842 χρῆσις
739 1770 848 1822 τῶν
881 1766 1204 1846 ίμφακτοὺμ
1231 1766 1601 1846 πολύμλρφος
1634 1766 1916 1844 τυγχάνειο

407 1856 470 1910 'll
503 1852 792 1911 ἰουδικατι
824 1853 872 1911 δ’
897 1856 1087 1932 ἀγωγή
1124 1862 1311 1930 μηνῶν
1338 1856 1610 1933 τεσσάρων
1648 1858 1773 1933 ὅρον

409 1945 552 2020 Πρὸς
579 1942 873 2016 καταδίκην
904 1943 1067 2002 ἔλαϐε
1096 1947 1242 2024 παρὰ
1271 1952 1366 2002 τοῦ
1395 1946 1715 2021 ναμοθέτου”

403 2033 464 2090 Ἢ
499 2030 558 2089 δέ
588 2055 650 2110 γε
675 2035 798 2109 περὶ
828 2030 1034 2111 ὕϐρεως
1057 2037 1252 2113 ἀγωγή
1283 2036 1500 2110 ἀναλία,

409 2122 618 2179 Γίνεται
652 2121 711 2179 δὲ
737 2125 830 2180 καὶ
862 2123 1165 2202 πράγμασι,
1199 2126 1288 2182 καὶ
1312 2125 1514 2202 ῥήμαςι
1545 2126 1608 2181 τὸ
1638 2125 1830 2199 πλέον,

406 2211 501 2277 Εἰς
533 2217 713 2288 σῶμα,
747 2213 823 2270 είς
855 2213 1004 2286 ἀξίαν
1035 2236 1113 2284 τε,
1145 2216 1282 2292 πρὸς
1305 2213 1363 2272 δὲ
1391 2214 1479 2271 καὶ
1512 2215 1754 2289 ἆτιμίαψ

410 2305 648 2361 Κινεῖται
676 2300 724 2358 δ’
753 2303 1202 2380 έγκληματικῶς,
1235 2309 1601 2382 χρηματικῶς
1650 2303 1719 2374 δ’,
1764 2304 1813 2360 εἷ’
1860 2302 2056 2379 θέλεις,

405 2391 507 2448 Καὶ
533 2387 811 2448 σϐέννυται
843 2389 1174 2469 παραδρομῇ
1214 2395 1331 2457 ἑνὸς
1359 2393 1448 2449 καὶ
1484 2393 1655 2468 μόνου
1685 2393 1912 2470 χρόνου.

404 2479 493 2545 Ὠς
524 2485 632 2537 τῶν
671 2480 722 2536 ἲν
768 2480 873 2558 ῥὶμ
922 2487 1037 2540 τῶν.
1093 2481 1435 2562 ίμφακτοὺμ,
1497 2481 1640 2538 οὕτω
1689 2488 1799 2538 τῶν
1858 2486 2058 2556 Ἰντερ-

1741 2569 1987 2645 [δικτων,

399 2661 464 2717 Ἡ
495 2666 700 2737 χρῆσις
731 2656 1147 2736 πολυδύναμος,
1175 2660 1393 2726 πολλὰς
1423 2657 1625 2741 ἔχουσα
1649 2661 1896 2734 κλήσεις.

401 2750 556 2807 ’Ἐστι
589 2746 648 2805 δὲ
676 2750 739 2804 τὸ
772 2747 1127 2826 ίντέρδικτον,
1159 2751 1472 2828 πραίτωρος
1502 2751 1719 2827 ὁμίλια,

403 2838 484 2897 Οὐ
513 2840 695 2913 τέμνει
729 2835 786 2895 δὲ
819 2839 1095 2910 ὑπόθεσιν,
1124 2839 1270 2897 ἀλλὰ
1303 2841 1547 2918 ῥυθμίζει
1587 2843 1773 2916 μόνον,

409 2932 536 2990 Πῶς
567 2929 680 3005 χρὴ
713 2929 802 2984 τὸν
855 2927 1114 3001 δικαστὴν
1165 2934 1350 3005 τεμεῖν
1391 2933 1489 3002 τήν
1519 2932 1846 3006 κινουμένην
1881 2927 2058 3003 δίκην,

415 3013 482 3072 Et
507 3037 646 3080 τινες
675 3013 1085 3098 ἁμφιϐάλλουσι
1114 3019 1238 3098 περὶ
1265 3027 1442 3095 νομῆς
1465 3019 1760 3092 ἀλλήλοις.

410 3106 730 3184 Καίφυσική
760 3109 856 3184 μέν
916 3131 1000 3174 τις
1057 3111 1217 3186 νομὴ
1266 3111 1482 3188 κατοχὴ
1540 3115 1648 3166 τῶν
1701 3111 2060 3188 πραγμάτων,

1779 381 2156 445 SYNOPSIS
2197 381 2493 444 LEGUM.

2097 517 2148 584 Α
2183 513 2247 571 Ἥ
2281 509 2328 567 δ’
2357 510 2554 568 ὡσανεὶ
2583 513 2730 586 νομὴ
2763 520 2968 591 χρῆσις
3001 513 3126 572 ἀλλ’
3157 516 3482 592 ἀσωμάτων.

3727 393 3848 453 946

2178 604 2302 661 Τῶν
2336 600 2382 657 δ’
2416 599 2760 678 ίντερδίκτων
2793 605 2998 682 πέφυκε
3026 607 3096 661 τὰ
3129 606 3222 681 μὶν
3269 609 3408 683 πρὸς
3453 609 3842 685 παραστάσεις,

2177 692 2253 748 Τὰ
2284 689 2330 747 δ’
2360 691 2438 747 εἷς
2473 693 2924 763 ὑποκατάστασιν,
2955 694 3022 750 τὰ
3052 692 3110 750 δὲ
3135 694 3409 753 πολυτικά
3439 720 3579 770 πως,

2178 781 2258 841 Τὰ
2292 780 2386 855 μέν
2419 781 2522 836 ιίσι
2555 778 2799 855 διηνεκῆ,
2831 783 2896 838 τὰ
2932 780 2978 838 δ’
3011 784 3329 860 ἐνιαυσιαῖα,

2177 869 2252 924 Τὰ
2284 867 2379 942 μέν
2412 867 2516 924 εἶσι
2549 865 2846 942 δημοτικὰ,
2876 871 2944 924 τὰ
2975 867 3033 926 δὲ
3061 874 3202 926 τισὶν
3236 875 3484 949 ἁρμόζει.

2179 954 2533 1030 Ἰντέρδικτον
2564 958 2626 1012 τὸ
2658 956 2816 1014 οὗνδε
2851 961 2928 1034 βι,
2961 961 3067 1036 πρὸ
3101 959 3270 1017 δὲκαὶ
3300 964 3360 1018 τὸ
3385 961 3726 1040 αἶ’δορέϐους,

2176 1045 2529 1122 Ἰντέρδικτον
2563 1048 2624 1103 τὸ
2655 1045 2820 1103 κουοδ
2857 1049 2935 1124 βι,
2969 1071 3099 1105 αουτ
3130 1050 3302 1126 κλαμ,
3345 1053 3764 1130 ὠνομασμένον,

2174 1139 2349 1214 ’Ὀπερ
2381 1136 2801 1216 ἐφερμηνεῦεται
2827 1140 2888 1194 τὸ
2932 1139 3026 1214 βίᾳ
3052 1139 3089 1210 ἢ
3117 1141 3180 1195 τὸ
3214 1141 3412 1217 λάθρα.

2176 1227 2278 1286 Καὶ
2313 1228 2389 1302 μὴ
2423 1228 2674 1302 μηκύνω,
2708 1225 2968 1298 δέσποτα,
3001 1229 3244 1304 ὀνόματα
3275 1231 3580 1310 συλλεγων,

2175 1315 2492 1379 Καθολικῶς
2526 1317 2694 1372 εἰπεῖν
2727 1317 2817 1372 καὶ
2845 1320 2950 1394 γὰρ
2986 1317 3317 1396 ίντέρδικτον
3348 1323 3629 1398 τυγχάνει,

2170 1406 2531 1481 Ῥυθμίζουσα
2559 1408 2650 1462 τὸν
2681 1403 2938 1478 δικαστὴν
2964 1409 3100 1484 πρὸς
3135 1406 3294 1482 δίκης
3329 1410 3551 1485 ὁμιλίας

2173 1495 2272 1552 Καὶ
2304 1493 2453 1552 ἄλλα
2481 1498 2597 1552 κατ’
2629 1493 2939 1573 ἐπιδρομὴν
2973 1497 3116 1554 οὕτω
3150 1497 3206 1556 δέ
3245 1521 3330 1555 σοι
3364 1499 3579 1578 ῥητέον.

2171 1592 2489 1654 Κονουκτιο,
2515 1589 2550 1657 ἠ
2587 1586 2876 1661 μίσθωσις,
2909 1596 3134 1658 Λοκατι,
3164 1590 3354 1666 ἀγωγή
3381 1612 3488 1661 τις,

2171 1677 2244 1734 Ἥ
2273 1697 2356 1739 τις
2388 1676 2635 1751 ἁρμόζει,
2665 1673 2918 1751 δέσποτα,
2951 1682 3029 1750 τῷ
3057 1700 3118 1756 γε
3155 1680 3576 1756 μισθωσαμένῳ,

2171 1765 2319 1821 Κατά
2337 1769 2434 1820 τοῦ
2467 1764 2922 1840 έκμισθώσαντος,
2954 1765 3049 1822 τοῦ
3079 1769 3446 1842 μισθωθέντος
3475 1773 3657 1847 χάριν,

2175 1853 2444 1926 Μανδατι,
2477 1855 2600 1931 περὶ
2637 1854 2886 1926 ἐντολῆς,
2921 1850 3032 1912 ἔστι
3065 1855 3122 1912 δὲ
3150 1865 3248 1927 τῆς
3281 1861 3558 1932 κονσένσο,

2166 1945 2230 2002 Ἠ
2260 1951 2469 2006 Μετους
2499 1966 2690 2018 καυσα,
2723 1947 2980 2022 πρόσεστι
3008 1951 3089 2020 τῷ
3118 1942 3272 2024 φόϐῳ
3305 1945 3638 2021 δυναστείας,

2165 2034 2236 2092 ’Ἠ
2270 2031 2414 2089 δόντι
2449 2039 2676 2111 πρᾶγμα
2703 2039 2813 2090 τῶν
2845 2035 3031 2104 αὐτοῦ,
3135 2038 3299 2112 χρέος
3333 2038 3602 2117 ἀφεικότι,

2167 2122 2510 2200 Περσοναλία
2540 2121 2598 2179 δέ
2626 2123 2733 2178 ἐστι
2765 2125 2852 2179 καὶ
2891 2125 3074 2201 χρόνῳ
3103 2132 3451 2200 περατοῦται.

2166 2214 2228 2272 Ὁ
2259 2216 2582 2281 Μαεστατις,
2617 2211 2868 2280 δέσποτα,
2899 2215 3070 2288 νόμος
3097 2215 3164 2284 ἦν
3199 2214 3458 2272 ’ίουλίουο

2167 2307 2403 2358 Κινεῖται
2431 2300 2480 2358 δ’
2510 2301 2564 2357 εἷ’
2583 2323 2666 2365 τις
2698 2301 2894 2378 ἔπραξέ
2921 2325 2972 2358 τι
3003 2303 3140 2359 κατᾶ
3169 2303 3459 2379 βασιλέων,

2168 2393 2558 2454 Καθοσιώσεώς
2590 2390 2730 2447 ἔστιν
2763 2386 3021 2467 ἔγκλημα
3051 2397 3214 2448 τοῦτο
3250 2395 3408 2468 μέγα,

2168 2489 2207 2537 K
2251 2482 2266 2502 ‘
2384 2478 2426 2535 ’δ
2541 2476 2567 2500 ”
2746 2478 2774 2535 δ
3044 2477 3068 2502 ”
3256 2487 3284 2499 “

2215 2503 2268 2536 αι
2298 2502 2393 2536 παι
2433 2503 2504 2535 ων
2539 2502 2710 2536 οντων
2780 2484 3008 2554 ήμευσιν
3042 2503 3158 2558 εχει
3191 2504 3288 2538 υου
3318 2482 3702 2550 κολασθέντος.

2168 2567 2498 2646 Ἑρεδιτατις
2531 2567 2588 2625 δέ
2618 2567 2727 2624 ἐστι
2749 2569 2873 2645 περὶ
2903 2570 3300 2646 κληρονομίας,

2173 2659 2292 2716 Εὕτ⁹
2331 2657 2430 2712 οὐκ
2459 2653 2565 2712 ἔσει
2598 2655 2831 2738 διαφορὰ
2869 2655 3111 2714 ἀδνάτων
3149 2660 3239 2715 καὶ
3271 2663 3576 2738 κογνάτων,

2169 2747 2340 2804 νΔλλ’
2365 2745 2490 2803 οὐδὲ
2521 2747 2717 2818 σούων,
2754 2746 3007 2818 δέσποτα,
3040 2750 3128 2805 καὶ
3159 2754 3266 2805 τῶν
3302 2749 3715 2828 έμαγκιπάτων,

2169 2838 2238 2896 Αἱ
2271 2835 2528 2908 Νοξαλιοι
2560 2836 2768 2913 ἀγωγαὶ
2801 2844 2986 2908 πᾶσαι,
3015 2839 3102 2894 καὶ
3134 2843 3454 2916 πραιτωίαι,

2171 2932 2455 2983 Κινοῦντειι
2485 2927 2622 2982 κατὰ
2652 2925 2925 2983 δεσποτῶν
2957 2927 3180 2984 οὶκετῶν
3213 2927 3328 3001 πλη
3340 2930 3715 3004 μμεκούντων,

2168 3019 2230 3077 Ἠ
2260 3013 2633 3080 Ῥεπετουνδις
2666 3019 2881 3095 φέρεται
2915 3019 3051 3074 κατᾶ
3077 3023 3187 3075 τῶν
3222 3017 3572 3097 δωροδόκων,

2171 3106 2277 3166 Καὶ
2311 3105 2550 3182 μάλιστα
2577 3110 2683 3162 τῶν
2718 3105 2768 3162 ἐν
2802 3106 3022 3183 ἀρχαῖς,
3045 3108 3133 3164 καὶ
3165 3107 3301 3165 κατᾶ
3329 3110 3436 3166 τῶν
3458 3105 3755 3188 συνέδρων,

3427 3199 3595 3258 Vere.
3627 3202 3757 3259 617.

402 3461 498 3530 (de
527 3461 810 3535 petitione
839 3462 1201 3522 hereditatis
1246 3465 1498 3538 loquor).
1546 3466 1628 3523 Ea
1684 3467 1861 3523 datur
1919 3464 2056 3522 ﬁliis
2086 3465 2130 3534 C
2167 3462 2335 3521 litem
2365 3465 2589 3520 motam
2648 3461 2926 3518 dirimere
2967 3461 3016 3518 si
3067 3461 3165 3534 qui
3199 3462 3450 3520 invicem
3503 3465 3574 3520 de
3597 3479 3834 3538 posses-

401 3554 609 3607 contra
641 3555 892 3624 patrem,
945 3553 996 3609 si
1046 3570 1147 3610 eos
1203 3555 1598 3612 exbaaredatos
1656 3555 1964 3628 scripserit
2003 3555 2062 3610 in

402 3643 784 3710 testamento,
817 3645 876 3697 et
904 3647 1108 3698 contra
1139 3643 1290 3700 ﬁlios
1337 3644 1486 3717 patri
1544 3661 1612 3701 ex
1643 3643 1824 3701 simili
1862 3661 2064 3701 causa.

407 3729 563 3784 Actio
595 3732 654 3786 in
700 3731 851 3802 Rem,
897 3732 1276 3789 multiformis
1307 3738 1416 3800 est,
1476 3738 1535 3789 et
1579 3734 2062 3802 multinominis;

404 3816 465 3873 in
493 3833 706 3891 genere
734 3821 892 3876 enim
927 3826 984 3877 et
1011 3821 1284 3894 specialis
1307 3826 1397 3878 est
1426 3823 1590 3878 bona;
1621 3823 1753 3878 ﬁdei
1788 3840 1800 3878 :
1834 3837 1903 3878 ea
1932 3822 2061 3894 qui-

406 3907 542 3964 dem
574 3912 665 3964 est
696 3909 882 3977 utilis,
934 3927 1062 3983 quas
1107 3911 1498 3968 creditoribus
1531 3912 1725 3980 datur,
1773 3913 2065 3968 confesso-

408 3995 521 4066 ria,
551 3999 1272 4071 negatoria,probibitoria
1303 4000 1597 4073 specialis,
1629 4001 1812 4057 altera
1842 4001 2063 4058 servia-

408 4102 506 4153 na,
537 4087 653 4143 alia
693 4087 1053 4160 publicisne.
1088 4091 1155 4146 Et
1188 4092 1247 4146 in
1277 4095 1509 4148 Factum
1567 4091 1829 4147 actiones
1866 4091 2064 4163 plures

406 4180 464 4232 et
491 4175 734 4233 diversas
766 4183 926 4247 sunt,
980 4180 1252 4251 quaedam
1308 4181 1612 4252 praetoriae,
1653 4181 1919 4253 quaedam
1954 4197 2062 4252 pu-

405 4263 672 4337 pillariae,
705 4269 973 4340 quaedam
1006 4284 1074 4324 ex
1105 4267 1228 4340 lege
1257 4269 1643 4337 descendunt,
1669 4270 1934 4341 quaedam
1967 4285 2061 4324 ar-

405 4355 663 4412 bitrariae
686 4364 864 4413 sunt:
892 4359 1164 4430 quaedam
1186 4357 1769 4431 simplum,quedam
1791 4359 2062 4432 duplum,

401 4443 665 4516 triplum,
697 4451 755 4502 et
786 4447 1186 4519 quadruplum
1211 4447 1393 4502 debiti
1431 4453 1741 4519 repetunt;
1802 4449 1928 4504 alite
1959 4465 2061 4504 an-

404 4533 570 4590 nales
601 4540 761 4605 sunt,
795 4536 921 4592 alia;
954 4543 1269 4609 perpetuae.
1295 4535 1448 4593 Usus
1499 4536 1799 4593 actionum
1868 4539 1927 4593 in
1978 4538 2064 4593 fa-

405 4626 566 4679 ctum
599 4629 689 4680 est
711 4625 1116 4682 multiformis.
1148 4625 1406 4683 Judicati
1435 4625 1586 4682 actio
1628 4632 1879 4697 quatuor
1895 4643 2063 4682 men-

405 4710 571 4769 sibus
602 4714 879 4786 ajudicis
933 4716 1422 4772 condemnatione
1470 4717 1890 4772 enumerandis
1921 4717 2064 4772 deﬁ-

2174 3555 2339 3610 sione
2369 3553 2733 3609 contendunt
2763 3570 2777 3621 ;
2815 3551 3102 3608 naturalis
3142 3553 3378 3624 quidem
3420 3553 3715 3626 possessio
3745 3557 3838 3612 est

2174 3659 2373 3699 rerum
2401 3642 2678 3704 detentio.
2735 3642 2835 3697 sed
2888 3641 3056 3713 quasi
3121 3642 3415 3713 possessio
3447 3647 3537 3700 est
3564 3661 3711 3700 usus
3740 3645 3835 3700 in-

2174 3730 2592 3805 corporalium.
2647 3730 2960 3786 Interdicta
3008 3730 3122 3786 alia
3153 3735 3294 3787 sunt
3318 3733 3386 3787 ad
3421 3733 3834 3801 exhibitiones,

2174 3821 2441 3893 quaedam
2473 3821 2544 3876 ad
2579 3820 3036 3886 restitutionem,
3070 3819 3184 3876 alia
3213 3821 3640 3893 probibitoria:
3675 3840 3834 3895 quae-

2173 3911 2308 3966 dam
2345 3913 2626 3982 perpetua
2648 3910 3084 3979 sunt,quaadam
3116 3909 3372 3978 annalis,
3400 3911 3670 3982 quaedam
3722 3928 3835 3984 pu-

2171 4000 2346 4066 blica,
2380 3999 2649 4067 quaedam
2685 3997 2990 4070 aliquibus
3039 4002 3402 4069 competunt,
3452 4000 3833 4056 interdictum

2171 4090 2326 4146 unde
2357 4088 2433 4156 vi,
2469 4091 2670 4160 postea
2700 4092 2756 4142 et
2787 4087 2890 4142 illa
2923 4104 3048 4160 quae
3103 4088 3174 4144 de
3206 4088 3404 4159 rebus,
3446 4088 3833 4146 interdictum

2174 4179 2329 4251 quod
2353 4177 2406 4232 vi
2437 4180 2539 4233 aut
2558 4176 2709 4233 clam
2743 4182 3169 4249 nuncupatum,
3203 4177 3480 4250 quodque
3523 4178 3704 4234 Graeci
3740 4177 3830 4234 in-

2172 4271 2569 4341 terpretantur
2622 4265 2685 4320 τὸ
2749 4265 2839 4340 βίᾳ
2886 4263 3014 4334 ἤτὸ
3046 4263 3241 4341 λάθρα.
3293 4267 3494 4339 Neque
3550 4267 3836 4325 verbosus

2173 4375 2330 4422 sum,
2352 4357 2644 4419 odomine,
2679 4355 2921 4411 nomina
2981 4355 3262 4429 colligens
3294 4373 3306 4423 ;
3368 4373 3526 4424 nam,
3561 4361 3626 4412 ut
3657 4373 3834 4430 gene-

2172 4446 2379 4504 raliter
2407 4447 2624 4517 dicam,
2646 4445 3026 4500 interdictum
3057 4449 3148 4501 est
3179 4445 3626 4518 colloquium,et
3651 4463 3834 4502 enun-

2172 4533 2684 4608 tiatum,judicem
2717 4535 2971 4591 edocens
3028 4535 3100 4590 de
3131 4534 3250 4591 lito.
3281 4536 3393 4593 Sed
3454 4536 3565 4590 alia
3592 4552 3829 4593 rursum

2172 4626 2278 4682 tibi
2310 4624 2562 4680 dicenda
2595 4628 2754 4680 sunt.
2787 4623 3081 4680 Conductz’o
3112 4622 3432 4694 Μίσθωσις;
3465 4625 3629 4681 Actio
3650 4626 3835 4683 Locafi

2173 4713 2456 4786 competit
2486 4711 2699 4786 illi,qui
2732 4729 2852 4768 rem
2891 4713 3156 4768 mercede
3187 4713 3420 4782 locavit,
3453 4713 3514 4768 in
3545 4730 3704 4781 eum,
3730 4715 3828 4787 qui

407 4802 588 4858 nitur.
624 4804 782 4860 Actio
842 4805 916 4860 de
966 4806 1184 4876 lnjuria
1223 4805 1454 4862 annalis
1485 4809 1611 4874 est;
1646 4805 1711 4860 ﬁt
1742 4807 1937 4874 rebus,
2006 4810 2066 4862 at
2099 4835 2143 4900 Β
2175 4803 2551 4900 conduxit,ut
2581 4801 3130 4900 mercedem-solvat
3161 4823 3174 4871 ;
3202 4803 3480 4900 Mandati,
3512 4801 3828 4900 περὶῖΕντο-

410 4907 582 4964 mage
613 4893 806 4949 verbis
839 4893 895 4949 in
927 4911 1139 4967 corpus
1170 4901 1225 4952 et
1254 4894 1748 4952 existimationem
1807 4897 1878 4951 ad
1924 4894 2069 4951 infa-

412 4979 593 5036 miam
627 4981 1068 5056 prolatis:ages
1091 5001 1160 5040 ea
1216 4989 1274 5040 et
1297 4984 1634 5057 pecuniaria
1682 4991 1739 5040 et
1795 4985 2068 5041 crimina-

411 5067 569 5136 liter,
621 5071 670 5127 si
729 5073 897 5137 velis,
954 5079 1011 5129 et
1069 5073 1246 5130 unius
1300 5091 1365 5130 ac
1417 5074 1604 5131 solius
1665 5074 1803 5130 anni
1862 5075 2064 5146 elapsu

412 5159 844 5231 comprimitur.
869 5160 941 5217 Ut
978 5163 1276 5218 actionum
1307 5163 1366 5218 in
1428 5181 1574 5232 rem,
1603 5168 1661 5220 et
1710 5164 1767 5220 in
1822 5164 2066 5234 factum,

412 5247 494 5303 ita
523 5250 947 5307 Interdictorum
996 5269 1144 5308 usus
1206 5251 1578 5325 pluripotens
1635 5258 1744 5321 est,
1799 5258 1856 5310 et
1883 5252 2068 5309 multa

413 5339 655 5395 nomina
685 5340 928 5396 obtinet.
958 5341 1061 5397 Est
1089 5345 1285 5398 autem
1359 5342 1743 5399 Interdictum
1799 5343 2068 5416 praetoris

411 5427 775 5501 colloquium
833 5433 891 5486 et
936 5430 1328 5500 denuntiatio,
1391 5447 1509 5503 quo
1558 5431 1721 5488 litem
1754 5449 1869 5487 non
1918 5432 2064 5488 diri-

414 5515 543 5592 mit,
573 5519 676 5575 sed
708 5518 880 5576 docet
904 5518 1099 5577 solum
1149 5521 1446 5592 quomodo
1493 5520 1760 5592 judicem
1803 5525 2069 5593 oporteat

488 5732 571 5810 (8)
599 5725 979 5812 Προιϐιτορία.

2179 4889 2304 4962 λῆς,
2338 4896 2525 4948 estex
2554 4908 2866 4948 consensu.
2901 4891 3070 4946 Metus
3103 4907 3272 4948 causa
3327 4891 3378 4948 ei
3410 4892 3691 4964 competit
3729 4895 3829 4964 qui

2175 4981 2388 5038 timore
2418 4981 2725 5054 potestatis
2757 4997 2878 5037 rem
2909 4997 3077 5036 suam
3111 4980 3293 5048 dedit,
3323 4981 3412 5037 vel
3435 4981 3698 5038 debitum
3733 4999 3828 5040 ac-

2177 5075 2344 5141 cepto
2373 5070 2558 5140 tulit;
2619 5069 2946 5144 personalis
2981 5075 3090 5140 est,
3132 5073 3190 5126 et
3245 5087 3399 5127 anno
3455 5071 3829 5129 terminatur.

2175 5160 2493 5233 Majestatis,
2547 5175 2578 5215 ο
2656 5159 2916 5229 domine,
2969 5164 3059 5216 est
3115 5159 3206 5216 lex
3256 5160 3413 5216 Julia
3460 5177 3576 5232 qua
3635 5161 3833 5235 agitur

2177 5254 2382 5306 contra
2410 5265 2542 5305 eum
2580 5249 2680 5322 qui
2741 5250 3020 5305 adversus
3053 5265 3217 5322 reges
3277 5249 3496 5320 aliquid
3556 5251 3828 5322 patravit.

2175 5339 2362 5398 Grave
2422 5343 2510 5395 est
2567 5339 2716 5395 lisse)
2776 5355 2952 5395 sacras
3011 5340 3334 5410 Majestatis
3384 5339 3829 5408 crimen,etiam

2176 5430 2600 5487 exsistentibus
2629 5429 2832 5486 liberis
2863 5429 3129 5485 damnati
3179 5429 3331 5485 bona
3361 5429 3831 5502 proscribuntur.

2173 5519 2530 5579 Hereditatis
2579 5522 2668 5576 est
2723 5520 2794 5575 de
2834 5519 3208 5577 successione
3262 5519 3384 5575 sive
3440 5517 3564 5595 περὶ
3622 5516 3830 5596 κληρο-

2248 5739 2327 5816 (9)
2354 5697 2468 5818 Ῑίρδ
2497 5733 2656 5814 δίκης
2684 5734 2903 5815 ὁμιλία.
