4100 6414
254 361 373 421 947

248 491 489 547 Κινεῖται
520 484 568 542 δ’
599 486 644 541 εἰ
674 482 764 540 καί
793 484 1053 553 τὲθνηκεν
1085 481 1114 535 6
1146 476 1623 555 κατηγορημένος.

244 580 309 637 Ἡ
334 579 567 652 τριρουμ
598 576 650 631 Ἀ
664 593 953 647 μοταρουμ
985 567 1042 625 δὲ
1070 566 1445 631 κονδικτίκιος
1468 567 1655 645 λόγος.

243 668 505 743 ’Λρμόζει
539 662 597 719 δὲ
627 664 715 719 καὶ
748 660 957 738 γυναιξὶ
984 659 1120 714 κατᾶ
1148 662 1259 713 τῶν
1292 656 1712 725 συνοικούντων,

244 753 430 831 Ἀνδρί
456 775 517 809 τε
544 752 682 808 κατὰ
710 751 972 827 γυναικὸς
1003 746 1331 821 κλέψαντος,
1361 747 1397 816 ἢ
1429 745 1725 820 κλεψάσης,

248 844 639 904 Στιλιονατους
670 838 727 896 δέ
760 840 871 895 ἐστι
902 838 1147 914 πράξεως
1170 836 1426 908 πονηρία·

246 936 472 991 Ὀποῖον
505 931 552 988 εἰ
584 930 874 1008 χρεώστης
902 927 986 989 τίς
1015 948 1120 981 τινι
1152 929 1260 980 τῶν
1295 923 1676 996 δανεισάντων,

252 1022 349 1087 Εἰς
382 1024 669 1092 ὑποθήκην
701 1024 927 1095 πρᾶγμα
959 1014 1037 1089 δῷ
1066 1015 1615 1093 προϋποτεθειμὲνον·

246 1114 402 1187 Ἔχει
436 1108 482 1165 δ’
514 1104 985 1184 ἒξτραορδινάριον
1011 1110 1171 1160 τοῦτο
1202 1105 1298 1174 τήν
1330 1104 1623 1180 τιμωρίαν.

252 1201 472 1277 Ἀγωγὴ
506 1196 811 1273 διαιρετικὴ
844 1193 943 1272 ἥγε
971 1189 1357 1269 Τριϐουτορια.

241 1292 307 1349 Ἥ
340 1288 396 1345 δέ
424 1310 484 1365 γε
518 1289 624 1362 μὴν
655 1285 942 1352 Τουτελαε,
975 1283 1011 1353 ἢ
1041 1285 1158 1339 κατ’
1184 1282 1512 1359 ἐπιτρόπωνο

256 1380 327 1434 Τὸ
358 1376 417 1433 δὲ
445 1373 894 1452 Τερτουλιανειον
926 1371 1104 1449 δόγμα
1133 1373 1269 1448 πρὸς
1300 1370 1654 1451 συκοφάντας.

243 1470 337 1538 ,Τὸ
368 1466 427 1525 δὲ
457 1466 731 1546 φαμιλίας
760 1462 1144 1542 ἒρκισκοόνδαε
1174 1462 1367 1529 τύπος,

279 1564 352 1615 Εν
383 1559 429 1631 ᾧ
459 1558 526 1613 τὰ
558 1555 884 1630 δικαστήρια
913 1550 1117 1619 διπλῆν
1152 1551 1269 1629 ἕχει
1297 1554 1397 1621 τὴν
1431 1551 1614 1630 φύσιν,

245 1652 368 1703 Τῶν
406 1645 778 1724 ἐγκαλούντων
811 1642 857 1698 δ’
886 1640 1110 1705 ἕκαστος
1145 1638 1326 1718 ἄκτωρ
1357 1640 1467 1696 ἐστὶ
1498 1642 1589 1697 καὶ
1623 1639 1776 1717 ρἱς.

247 1739 318 1794 Ἡ
349 1743 709 1814 Φυνερατικια
741 1731 821 1801 δὲ,
852 1734 1070 1787 ἀπαιτεῖ
1092 1733 1192 1801 τὴν
1224 1728 1489 1803 δαπάνην,

256 1831 379 1885 Τῶν
411 1827 464 1882 ἒν
494 1829 640 1902 ταφῇ
672 1822 819 1900 παρά
844 1843 989 1884 τινος
1020 1818 1208 1884 καλῶς
1234 1816 1715 1892 καταϐληθέντων,

254 1918 358 1974 Καὶ
389 1920 724 1991 προτιμᾶται
747 1917 855 1967 τῶν
889 1914 1093 1987 χρεῶν,
1125 1906 1253 1978 ἤτοι
1277 1908 1412 1978 αὐτή
1456 1906 1690 1980 δαπάνη.

259 2001 450 2081 Δόγμα
481 2002 539 2060 δὲ
565 2004 630 2059 τὸ
651 2000 1004 2068 Ἀτιλανειον,
1035 2000 1131 2055 τὸν
1162 1994 1360 2075 ἀκριϐῆ
1392 1999 1565 2073 νομέα

261 2096 423 2167 Μήτε
445 2090 745 2169 κερδαίνειν
779 2088 1056 2167 περιττὸν,
1092 2091 1233 2164 μήτε
1266 2089 1360 2161 μὲν
1396 2090 1760 2162 ζημιοῦσθαι.

255 2184 447 2260 Δόγμα
475 2183 539 2239 τὸ
568 2182 926 2261 Ἀμφιάνειον
960 2177 1241 2239 παντελῶς
1268 2177 1527 2255 ἀνηρὲθη.

253 2276 445 2350 Δόγμα
463 2274 526 2329 τὸ
558 2269 892 2348 Ἀδριάνειον
926 2267 1213 2333 παντελῶς
1242 2270 1507 2340 ἠθετήθη.

250 2364 435 2439 Δόγμα
465 2360 524 2418 δὶ
551 2364 613 2417 τὸ
647 2360 910 2419 Ἀτίλειον
944 2357 1150 2415 κωλύει
1183 2359 1249 2413 τά
1277 2357 1576 2429 κλαπέντα,

250 2454 350 2510 Διὰ
377 2459 557 2526 νομῆς
590 2449 938 2520 δεσπόζεσθαι
970 2447 1197 2525 χρονίας
1222 2440 1635 2524 προσηκόντως.

246 2545 308 2602 Ὁ
337 2541 507 2617 νόμος
536 2539 581 2597 δ’
612 2540 865 2618 ὁγνάριος
900 2541 1013 2612 (ΙΟ)
1044 2539 1134 2594 τὸν
1170 2536 1330 2614 ὅρους
1372 2538 1687 2611 μεταθέντα,

246 2633 492 2708 Χρυσοῦς
522 2628 837 2705 εἰσπράττει
870 2623 1186 2703 ἒκατὸν,ἒφ’
1218 2624 1426 2697 ἑκάστῳ
1455 2629 1562 2679 τῶν
1593 2626 1757 2701 ὅρων.

246 2721 311 2779 Ὀ
338 2719 510 2793 νόμος
543 2719 571 2774 6
607 2718 878 2793 βοκώνιος
916 2712 1201 2776 παντελῶς
1234 2713 1498 2785 ἀνηρέθη,

248 2808 439 2884 Δόγμα
466 2804 512 2862 δ’
539 2804 1007 2879 ’Λσουμνιάνειον,
1041 2798 1151 2858 ἔστι
1181 2807 1453 2869 τοιοῦτον,
1485 2799 1632 2873 ἅναξ.

245 2897 375 2957 Ἐάν
404 2917 489 2960 τις
525 2896 631 2952 ὑπὸ
661 2892 885 2972 α’ίρεσιν,
918 2892 953 2964 ἢ
981 2890 1117 2956 ’ίσως
1152 2892 1254 2948 ὑπὸ
1286 2890 1439 2968 ὅρον,

1598 347 2024 412 MIGHAELIS
2073 345 2342 409 PSELLI

1940 482 1992 547 Α
2023 475 2364 553 Ἐλευθερίαν
2396 478 2654 551 χρεωστῇ
2684 470 3190 554 φιδικομισσαρίαν,

3554 340 3676 404 948

2012 568 2222 626 Ἔπειτ’
2252 565 2707 637 ἀπολιμπάνηται
2740 561 2810 619 δι’
2841 563 3070 641 εὔλογον
3102 564 3303 637 αἰτίαν,

2016 656 2168 727 Αὕτη
2208 656 2301 727 μὶν
2330 653 2419 711 ἵνα
2445 657 2720 731 προχωρῇ
2761 652 2829 709 δι’
2859 652 3085 731 εὔλογον
3113 654 3288 710 αἰτίαν
3320 658 3457 729 (ll),

2016 744 2187 807 Αὐτὸς
2219 742 2262 799 δ’
2293 744 2435 800 ἐστὶν
2461 743 2804 807 ἀνέκπτωτος
2835 749 3192 820 πατρωνικῶν
3227 742 3477 804 δικαίων.

2020 835 2205 907 Νόμος
2236 836 2264 889 6
2299 834 2531 896 ’[οόΛιός
2558 833 2668 889 ἐστι
2703 831 2827 908 περί
2862 836 3138 910 μοιχείας.

2022 924 2156 993 Περὶ
2188 923 2591 991 καθοσιώσεως,
2624 924 2747 999 περὶ
2782 922 2903 999 βίας
2931 923 3188 983 ἐνόπλου.

2025 1016 2212 1089 Δόγμα
2239 1014 2301 1068 τὸ
2335 1010 2726 1069 Κλαυδιάνειον
2754 1011 2981 1077 τελείως
3013 1014 3276 1088 ἀνηρὲθη.

2024 1102 2101 1159 Τὸ
2130 1100 2187 1156 δὲ
2221 1097 2652 1178 Καρϐωνιάνειον
2688 1103 2881 1176 βοηθεῖ
2906 1108 3025 1166 τοῖς
3053 1099 3304 1175 ἀνήϐοις,

2023 1192 2082 1244 Ὀ
2113 1192 2282 1264 νόμος
2309 1189 2355 1245 δ’
2387 1193 2414 1246 ὁ
2452 1189 2763 1264 Κορνήλιος
2788 1191 2924 1247 κατᾶ
2953 1198 3063 1247 τῶν
3094 1192 3556 1272 πλαστογράφων.

2026 1280 2215 1356 Δόγμα
2247 1279 2650 1355 Λαργιτιάνειον
2679 1279 2950 1354 ἐσχόλασε
2978 1281 3222 1346 τελείως

2028 1371 2219 1444 Δόγμα
2246 1370 2308 1424 τὸ
2335 1367 2635 1426 Νινιάνειον
2666 1374 2829 1424 τανῦν
2860 1369 2959 1425 οὐκ
2985 1367 3103 1447 ἔχει
3133 1378 3360 1448 χρῆσιν.

2028 1459 2107 1516 T6
2139 1456 2197 1513 δὲ
2224 1459 2619 1534 Ὀρφιτιάνειον
2648 1465 2879 1534 παρέχει
2909 1465 3027 1524 τοῖς
3056 1455 3321 1536 ἐκγόνοιςο

2030 1548 2259 1622 Νόμιμα
2290 1544 2470 1602 δίκαιά
2495 1569 2617 1602 τινα
2648 1545 2937 1623 διαδοχαῖς
2967 1550 3244 1625 μητέρων.

2028 1638 2091 1695 Ὀ
2121 1636 2288 1710 νόμος
2323 1635 2370 1691 δ’
2400 1639 2428 1691 6
2460 1637 2671 1699 Πάπιος
2702 1635 2987 1701 παντελῶς
3026 1638 3286 1712 άνηρὲθη.

2032 1727 2222 1801 Δόγμα
2246 1727 2308 1781 τὸ
2344 1724 2651 1781 Σιλιάνειον
2680 1723 2956 1798 ἐκδίκησιν
2991 1726 3217 1803 εἰσάγει,

2033 1814 2206 1878 Εἷ’τις
2239 1817 2412 1889 βίαιον
2439 1817 2700 1871 πέπονθεν
2734 1812 3035 1894 αἰφνιδίως.

2020 1906 2210 1981 Δόγμα
2239 1905 2648 1981 Τερτυλιανειον
2683 1906 2875 1982 βοηθεῖ
2899 1911 3021 1968 ταῖς
3052 1908 3356 1982 μητράσιν,

2022 1996 2112 2058 Εἰς
2143 1996 2245 2064 τὴν
2276 1999 2386 2050 τῶν
2418 1991 2628 2049 παίδων
2657 1995 2896 2069 νόμιμον
2919 1995 3138 2059 πάντως
3166 1996 3571 2071 κληρονομίαν.

2012 2087 2076 2143 Ὀ
2105 2084 2273 2157 νόμος
2305 2085 2333 2138 ὁ
2365 2080 2667 2145 Φαλκίδιος
2695 2083 2890 2139 αὐτίκα
2917 2105 3005 2139 σοι
3040 2084 3257 2163 ῥητέος,

2015 2177 2177 2249 Ἔχει
2207 2174 2312 2250 γὰρ
2342 2173 2480 2249 πρὸς
2515 2172 2822 2248 κατάληψιν
2858 2174 2922 2229 οὐ
2957 2176 3154 2250 μικράν
3188 2171 3505 2234 δυσκολίαν.

2084 2266 2146 2323 Ὁ
2179 2263 2649 2337 εἷκοστόπεμπτος
2679 2267 2866 2341 καιρὸς
2897 2271 3006 2321 τῶν
3042 2265 3312 2337 ἐνηλίκων
3337 2260 3495 2339 ἅναξ,

2011 2337 2154 2429 ξΑπὸ
2189 2353 2366 2431 ῥοπῆς
2395 2356 2563 2431 μέχρι
2597 2337 2784 2431 ῥοπῆς⁷
2800 2360 3043 2429 νομικῶς
3073 2356 3408 2431 ἀριθμεῖται·

2044 2451 2120 2499 Av
2154 2441 2360 2519 αἵρεσις
2388 2445 2518 2518 τεθῇ
2547 2444 2653 2499 τινὶ
2686 2448 2883 2518 καιροῦ
2917 2445 2995 2519 μὴ
3031 2446 3366 2521 ὁρισθέντος,

2011 2532 2107 2597 Εἰς
2132 2532 2421 2610 πλήρωσιν
2458 2535 2711 2605 αἰρὲσεως
2733 2533 2943 2609 ἡμέρας
2978 2529 3096 2611 ἔχει
3128 2532 3247 2594 δύο.

2007 2624 2081 2680 '0
2110 2622 2338 2695 νομικὸς
2372 2622 2767 2701 συμψηφισμὸς
2797 2622 2889 2677 τὸν
2922 2624 3145 2698 χρόνον,
3179 2624 3517 2704 Στεφηφόρε,

2007 2707 2292 2783 «Εϐδόμης
2326 2710 2469 2785 ὥρας
2498 2709 2546 2766 δ’
2576 2712 2801 2787 ἄρχεται
2831 2712 3045 2785 νυκτὸς,
3080 2712 3170 2769 καὶ
3206 2716 3374 2792 μέχρι
3400 2713 3530 2787 ἕκης

2012 2801 2225 2864 Νυκτὸς
2254 2806 2354 2871 τῆς
2385 2799 2563 2871 ἄλλης
2585 2796 2824 2877 ἀκριϐῶς
2864 2803 2964 2871 τήν
2996 2803 3287 2879 περαίωσιν
3317 2799 3455 2881 ἔχει.

2010 2891 2076 2946 Ἠ
2110 2883 2386 2959 ἔκκλητος
2417 2887 2692 2946 ἐκδίδοται
2721 2889 2870 2954 ἐντὸς
2901 2893 3124 2967 ἡμερῶν
3160 2889 3308 2950 δέκα.

3300 2985 3459 3045 Vers.
3496 2984 3603 3042 673

241 3212 463 3286 νομίας,
485 3214 547 3269 in
596 3229 713 3286 qua
744 3212 907 3270 nulla
940 3216 1031 3269 est
1078 3171 1407 3267 differentia
1454 3212 1801 3282 agnatorum
1841 3211 1901 3265 et
1930 3209 1973 3278 C
2013 3212 2251 3265 centum
2290 3225 2498 3266 aureos
2550 3209 2748 3283 exigit.
2791 3212 2904 3267 Lex
2949 3186 3207 3270 Voconia.
3243 3230 3489 3286 prorsus
3530 3173 3672 3273 sub-

242 3308 631 3376 cognatorum
667 3318 984 3368 suorum,o
1015 3300 1339 3367 domine,et
1369 3298 1897 3370 emancipatorum.

241 3392 458 3448 Omnes
495 3393 731 3448 Nemetes
786 3393 1027 3447 actiones
1081 3389 1390 3456 Praetorius,
1423 3390 1731 3443 moventur
1758 3403 1900 3443 con-

240 3485 335 3537 tra
357 3481 630 3536 dominos
689 3495 993 3537 servorum
1048 3476 1541 3549 delinquentium.
1593 3476 1674 3531 De
1733 3478 1898 3546 Repe-

240 3570 434 3625 tundis
481 3570 667 3624 fertur
695 3572 898 3624 contra
942 3584 1193 3623 munera
1239 3565 1613 3638 accipientes,
1646 3564 1901 3620 maxime

243 3659 651 3731 magistratus,
676 3663 734 3714 et
786 3675 986 3714 eorum
1021 3672 1355 3713 assessores
1386 3673 1399 3723 ;
1436 3661 1702 3711 movetur
1720 3657 1898 3710 etiam

242 3749 294 3804 si
347 3762 484 3803 reus
536 3752 810 3803 mortuus
848 3747 940 3802 sit.
985 3747 1183 3801 Rerum
1232 3744 1555 3800 Amotarum
1611 3743 1900 3800 condictio

242 3838 604 3908 competitet
658 3837 1009 3892 mulieribus
1068 3840 1275 3890 contra
1333 3834 1633 3905 conjuges,
1692 3839 1748 3888 et
1776 3833 1899 3889 viro

242 3931 445 3982 contra
470 3927 779 3982 mulierem
813 3928 1128 3990 furantem,
1160 3925 1247 3979 vel
1282 3925 1556 3979 furatum.
1595 3921 1898 3979 Stelliona-

241 4023 332 4070 lus
383 4019 475 4070 est
544 4017 793 4071 actionis
839 4015 1211 4086 improbitas,
1262 4013 1769 4085 quemadmodum
1849 4014 1897 4069 si

240 4102 470 4159 debitor
498 4104 597 4158 uni
620 4120 687 4158 ex
710 4103 1101 4159 creditoribus
1134 4119 1255 4157 rem
1283 4102 1446 4172 prius
1475 4100 1638 4156 alteri
1672 4100 1897 4171 obliga-

238 4196 357 4247 tam
381 4191 717 4263 bypothecaa
777 4192 1027 4258 dederit,
1084 4196 1247 4246 extra
1297 4190 1564 4245 ordinem
1598 4189 1897 4261 plectitur.

242 4282 553 4337 Tributoria
596 4280 749 4335 actio
805 4285 896 4336 est
946 4280 1243 4336 divisoris.
1308 4280 1513 4335 Tutelae
1568 4282 1770 4334 contra
1800 4283 1899 4333 tu-

239 4375 417 4425 tores.
479 4369 893 4424 Terlullz'anum
933 4369 1518 4424 senatusconsultum
1548 4372 1752 4422 contra
1803 4382 1898 4421 ca-

240 4457 629 4513 lumniatores
678 4458 938 4514 Familia:
1000 4457 1342 4513 erciscundae
1393 4456 1665 4524 formula,
1725 4457 1898 4526 cujus

233 4546 530 4618 judicium
563 4545 857 4618 duplicem
888 4546 1068 4601 habet
1116 4553 1409 4612 naturam,
1455 4544 1895 4615 provocantium
1928 4578 1975 4642 D

243 4635 399 4691 enim
432 4639 702 4707 uterque,
735 4641 825 4691 est
848 4642 1008 4691 actor
1037 4639 1095 4690 et
1125 4652 1281 4690 reus.
1334 4635 1683 4690 Funeratitz’a
1730 4650 1892 4689 sum-

243 4730 379 4796 ptus
405 4726 463 4780 in
497 4725 748 4796 alicujus
797 4727 999 4781 funere
1037 4725 1175 4796 jure
1233 4724 1417 4779 factos
1460 4723 1732 4795 reposcit,
1792 4722 1893 4793 qui

240 4820 518 4886 sumptus
548 4813 663 4870 alia
691 4814 893 4869 omnia
911 4814 1108 4868 debita
1131 4799 1894 4885 praecedunt.Senatuscon-

239 4902 466 4959 sultum
505 4904 818 4959 Atilianum
847 4902 1013 4957 bonas
1063 4902 1198 4957 ﬁdei
1241 4916 1645 4973 possessorem
1705 4916 1895 4973 neque

238 4993 387 5062 quod
447 4998 719 5064 superest
788 4990 1157 5060 lucrifacere,
1217 5006 1409 5062 neque
1467 4990 1684 5045 damno
1738 4989 1891 5044 affici

236 5081 521 5136 decernit.
544 5082 732 5137 SCum
766 5080 1167 5146 Amphianium
1190 5080 1431 5135 omnino
1462 5078 1761 5134 sublatum
1776 5084 1890 5144 est,

234 5168 420 5223 SCum
453 5168 786 5223 Adrianium
813 5168 1056 5224 omnino
1080 5169 1137 5222 in
1174 5185 1282 5222 usu
1307 5167 1603 5223 est.SCum
1635 5168 1891 5223 Attilium

234 5271 431 5309 rerum
455 5255 609 5311 furto
638 5258 1050 5328 subreptarum
1074 5256 1424 5326 dominium,
1457 5255 1633 5328 longa
1666 5272 1892 5328 posses-

234 5342 398 5399 sione
421 5344 666 5414 acquiri,
698 5347 1114 5401 convenienter
1168 5345 1462 5417 probibet.
1496 5345 1608 5400 Lex
1639 5344 1761 5400 ϐειίί
1815 5347 1888 5401 ab

235 5444 303 5485 eo
335 5429 438 5502 qui
469 5431 752 5489 terminos
809 5434 1138 5502 transtulit,
1198 5433 1257 5488 in
1290 5433 1562 5507 singulos
1608 5434 1889 5491 terminos

311 5640 428 5716 (10)
457 5638 638 5704 Γάϊος.

2009 3296 2130 3354 lata
2162 3304 2272 3353 est.
2305 3298 2490 3354 SCum
2522 3301 2924 3356 Asuma'anium
2972 3306 3061 3357 est
3086 3301 3453 3376 hujusmodi,
3487 3321 3519 3360 ο
3551 3322 3670 3371 rex,

2010 3386 2059 3443 si
2090 3386 2225 3457 quis
2255 3387 2365 3443 sub
2426 3388 2782 3458 conditione,
2842 3389 2930 3445 vel
2990 3407 3154 3463 atque
3185 3392 3295 3447 sub
3325 3392 3441 3461 die,
3501 3394 3670 3451 ﬁdei-

2011 3476 2482 3532 commissariam
2507 3476 2835 3533 libertatem
2867 3479 3096 3549 debeat,
3120 3486 3177 3535 et
3207 3496 3276 3536 ex
3297 3483 3469 3553 juxta
3492 3499 3673 3541 causa

2011 3564 2186 3632 absit,
2218 3570 2372 3621 utea
2407 3566 2682 3637 procedat
2739 3566 2833 3622 die
2881 3567 2968 3624 vel
3029 3569 3363 3625 conditione
3401 3570 3667 3643 impleta,

2010 3653 2237 3722 statuit,
2279 3658 2337 3709 et
2384 3654 2511 3727 ipse
2550 3653 2754 3728 lapsus
2805 3672 2918 3711 non
2970 3662 3059 3713 est
3112 3658 3249 3729 jure
3300 3667 3666 3732 patronatus.

2010 3744 2122 3798 Lex
2145 3743 2301 3799 Julia
2327 3748 2437 3809 est,
2498 3744 2570 3799 de
2601 3744 2933 3815 adulteriis,
2986 3745 3133 3802 lassae
3178 3747 3526 3818 Majestatis,
3595 3751 3670 3809 de

2007 3832 2059 3886 vi
2089 3838 2337 3888 armata.
2396 3832 2583 3889 SCum
2649 3833 3024 3891 Claudianum
3081 3838 3320 3893 omnino
3366 3838 3667 3896 sublatum

2008 3926 2119 3977 est.
2177 3923 2596 3979 Carbonianum
2650 3924 2760 3980 fert
2817 3940 2984 3999 opem
3055 3926 3489 3998 impuberibus.
3552 3928 3671 3985 Lex

2009 4011 2263 4066 Cornelia
2311 4016 2402 4067 est
2450 4017 2654 4068 contra
2687 4012 2979 4069 falsarios.
3029 4015 3218 4071 SCum
3267 4016 3672 4087 Largitianum

2007 4100 2249 4155 omnino
2281 4101 2337 4154 in
2362 4101 2807 4157 desuetudinem
2854 4103 3019 4158 abiit.
3079 4104 3384 4159 Ninianum
3430 4122 3546 4162 non
3579 4112 3673 4163 est

2008 4186 2069 4241 in
2119 4204 2252 4243 usu.
2325 4189 2720 4260 Orphitiunum
2781 4193 2997 4262 praebet
3044 4191 3180 4248 ﬁliis
3231 4195 3370 4265 jura
3398 4195 3666 4265 quaedam

2007 4274 2275 4347 legitima
2303 4278 2364 4331 in
2424 4280 2903 4335 successionibus
2962 4286 3239 4338 matrum.
3295 4284 3407 4338 Lex
3481 4284 3667 4356 Papia

2007 4366 2249 4421 omnino
2290 4366 2523 4422 sublata
2564 4373 2674 4425 est.
2723 4369 2908 4425 SCum
2958 4371 3324 4427 Silanz’anum
3378 4371 3657 4430 ultionem

2007 4453 2256 4520 inducit,
2313 4457 2362 4512 si
2423 4457 2558 4527 quis
2611 4456 2930 4514 violentum
2985 4461 3127 4531 quid
3178 4468 3417 4533 repente
3450 4478 3655 4535 passus

2008 4549 2115 4597 est.
2183 4548 2365 4600 SCum
2430 4547 2809 4602 Tertulianum
2886 4549 3180 4605 succurrit
3228 4552 3538 4621 matribus,
3595 4550 3657 4605 in

2006 4631 2338 4688 universam
2372 4633 2696 4705 legitimam
2759 4636 3011 4692 filiorum
3070 4638 3488 4695 hereditatem.
3547 4641 3661 4697 Ex-

2005 4719 2276 4791 plicanda
2307 4728 2397 4778 est
2428 4724 2625 4779 statim
2662 4725 2766 4779 tibi
2803 4725 2893 4780 lex
2927 4725 3197 4797 Falcidia,
3230 4727 3468 4800 cognitu
3501 4729 3659 4784 enim

2004 4826 2119 4864 non
2153 4827 2360 4883 parum
2397 4812 2655 4869 difﬁcilis
2676 4819 2785 4869 est.

2073 4898 2290 4970 Viginti
2353 4902 2616 4974 quinque
2668 4902 2807 4957 anni
2857 4904 3176 4973 minorum,
3209 4921 3242 4961 o
3274 4922 3392 4977 rex,
3455 4924 3488 4962 a
3537 4923 3664 4963 rno-

2003 4995 2201 5045 mento
2257 4992 2316 5045 in
2386 4996 2755 5046 momentum
2822 4991 3082 5065 legitime
3116 5001 3555 5066 computantur.
3606 4996 3664 5053 Si

1999 5078 2257 5135 conditio
2291 5079 2461 5135 alicui
2527 5081 2795 5152 apposita
2828 5082 2904 5136 sit
2957 5099 3074 5139 non
3106 5084 3347 5140 deﬁnito
3377 5090 3661 5158 tempore,

2001 5167 2071 5222 ad
2105 5167 2465 5240 implendam
2491 5169 2888 5225 conditionem
2925 5172 3173 5228 biduum
3204 5172 3544 5230 babet.Hsec
3573 5178 3666 5231 est

1999 5255 2265 5328 legitima
2313 5263 2645 5329 temporum
2706 5260 3076 5331 supputatio,
3125 5278 3159 5317 o
3230 5262 3569 5334 imperator,
3628 5280 3664 5319 a

1999 5345 2254 5418 septima
2284 5347 2472 5402 noctis
2503 5346 2645 5402 hora
2677 5348 2804 5404 dies
2838 5349 3062 5422 incipit,
3109 5357 3167 5406 et
3197 5368 3387 5424 usque
3420 5353 3490 5407 ad
3525 5368 3660 5409 sex-

1999 5438 2123 5490 tam
2157 5434 2401 5491 alterius
2436 5437 2626 5493 noctis
2659 5443 2857 5495 exacte
2888 5440 3118 5496 transit.
3156 5440 3314 5496 Intra
3369 5441 3496 5498 dies
3554 5442 3660 5501 de-

2073 5649 2187 5724 (11)
2218 5650 2333 5707 Τοῦ
2359 5647 2491 5724 ὅρου
2521 5647 2933 5730 πληρωθᾶντος.
