4100 6406
281 386 406 447 949

279 518 432 574 Μετὰ
461 513 726 590 διάζευξιν
761 515 954 596 ἀνδρὸς
986 517 1038 576 έν
1069 519 1343 596 τριάκονθ’
1373 517 1612 594 ἡμέραις

277 609 624 667 Διαλαλείτω
650 613 684 680 ἡ
720 611 856 687 γυνή
889 612 964 674 ὡς
997 611 1226 688 πέφυκεν
1261 610 1536 684 έκκύμων.

279 701 390 758 Καὶ
427 701 562 773 μετά
593 700 694 768 τὴν
719 699 1020 777 φανέρωσιν
1051 703 1149 770 τῆς
1181 699 1474 772 διαθήκης,
1509 697 1658 770 ἅναξ,

277 792 342 848 Ὁ
373 788 730 866 κληρονόμος
764 785 1004 846 ξ’νϐεντον
1039 790 1090 845 έν
1120 792 1264 866 τρισὶ
1301 792 1434 864 μησὶ
1467 788 1668 866 δράτω.

284 877 410 939 Τῶν
445 879 504 934 ἐκ
532 877 771 954 πλαγίου
805 884 1072 955 συγγενῶν
1106 881 1160 934 αἱ
1193 878 1517 955 διακατοχαὶ
1550 877 1627 952 δὲ,

276 975 532 1046 Ἦμερὼν
565 973 746 1047 ψῆφον
779 970 966 1024 ἑκατὸν
1001 967 1194 1045 ἔχουσι
1223 969 1578 1044 προθεσμίαν.

281 1061 556 1134 Τέσσαρας
590 1065 760 1132 μῆνας
791 1053 1012 1133 ἔχουσιν
1041 1060 1093 1114 οἱ
1121 1060 1590 1133 κατακεκριμένοι,

282 1151 505 1206 ’Ἑνεκεν
538 1148 898 1224 ὑπερθέσεως,
931 1147 1024 1203 καὶ
1055 1150 1190 1203 κατά
1218 1153 1385 1204 ταῦτα
1413 1149 1614 1211 τόπους

283 1233 504 1292 Διδοῦσι
539 1240 657 1298 τοῖς
685 1235 968 1311 ἐνάγουσιν
1003 1235 1404 1304 ἐκατονταίους,
1441 1237 1588 1307 ἅναξ.

282 1331 344 1386 Ἦ
378 1323 718 1404 ῥεδιϐιτόρια
750 1325 808 1383 δὲ
831 1328 1047 1404 ἀγωγὴ,
1083 1330 1422 1406 Στεφηφόρε,

279 1420 442 1472 ’Ἤτοι
474 1420 509 1487 ἡ
539 1417 944 1492 ἀναστρέφουσα
972 1422 1202 1493 πρᾶγμα
1229 1419 1290 1472 τὸ
1319 1417 1722 1494 πεπραγμένον,

289 1509 500 1577 Μητῶν
529 1502 582 1577 ἓξ
613 1507 826 1570 πάντως
855 1504 1050 1562 ἔσωθεν
1081 1514 1310 1562 κινεῖται
1339 1507 1618 1566 οὐτιλίων.

281 1595 384 1650 Κατ
417 1597 452 1666 ἡ
486 1600 711 1668 μειοῦσα
738 1595 958 1669 τίμημα
989 1596 1177 1672 ἀγωγὴ
1211 1602 1307 1652 τοῦ
1339 1596 1657 1671 πραθέντος,

279 1687 417 1747 Τοῖς
446 1683 500 1756 ’ἐξ
526 1685 894 1760 περιορίζεται
928 1685 1098 1758 μησὶν
1129 1685 1204 1749 εἷς
1232 1687 1594 1760 προθεσμίαν·

280 1773 350 1832 Εἰ
385 1770 431 1828 δ’
464 1774 492 1828 6
523 1773 790 1844 πωλήσας
817 1775 879 1828 τὸ
911 1775 1110 1850 πραθὲν
1144 1776 1436 1850 ἀντιφωνεῖ
1469 1771 1727 1852 βεϐαίως,

277 1863 491 1939 Χρόνος
526 1865 554 1918 6
587 1862 856 1925 ἐνιαύσιος
885 1865 987 1918 οὐκ
1017 1862 1094 1918 ἔτι
1125 1864 1451 1938 περαιτέρω.

275 1953 562 2018 Ἐνιαυτὸς
593 1955 896 2032 ἀφώρισται
929 1958 997 2028 τῇ
1031 1952 1176 2010 δόσει
1206 1960 1304 2010 τοῦ
1336 1953 1592 2029 λεγάτου,

273 2045 454 2119 ’Όπερ
481 2063 566 2105 τις
597 2041 996 2098 καταλέλοιπεν
1032 2043 1110 2108 είς
1136 2039 1428 2116 σεϐάσμιον
1462 2045 1632 2104 οἶκον.

275 2133 560 2196 Ἐνιαυτὸς
587 2131 893 2207 ἀφώρισται
923 2138 1004 2206 τῷ
1037 2133 1449 2207 ἀντιτιθεμένῳ,

277 2222 434 2278 Μετὰ
461 2222 720 2276 συνοίκου
748 2220 1036 2292 τελευτὴν,
1064 2223 1190 2300 περὶ
1220 2223 1570 2299 ἀναργυρίας,

275 2309 728 2387 Ἀντεγκαλοῦντι
760 2317 863 2380 τῆς
893 2313 1120 2385 προικὸς
1145 2313 1282 2386 πρὸς
1311 2313 1403 2368 τὸν
1436 2320 1866 2392 κατηγοροῦντα.

275 2401 338 2458 Ὁ
371 2398 428 2456 δὲ
458 2401 600 2476 μέγα
629 2399 886 2476 ἔγκλημα
915 2401 1247 2475 ζητούμενος
1278 2401 1354 2467 εἷς
1385 2402 1566 2474 δίκην,

275 2490 344 2547 Ei‘
371 2493 448 2565 μὴ
482 2490 629 2553 ἐντὸς
659 2489 907 2546 ἐνιαυτοῦ
940 2492 1192 2564 νομίμως
1225 2493 1542 2566 ἀπαιτήσοι,

278 2581 409 2655 Περὶ
441 2579 628 2642 οὐσίας
657 2574 926 2636 ἔκπτωσιν
960 2582 1244 2659 ὑφίσταται
1276 2580 1523 2646 δικαίως.

271 2670 336 2726 Ἡ
365 2669 506 2726 κατὰ
532 2674 632 2726 τοῦ
665 2669 1005 2745 ἁρπάσαντος
1036 2670 1222 2747 ἀγωγή
1256 2673 1484 2748 πρὰγμα
1515 2671 1684 2747 ξένον,

275 2759 344 2814 Ἢ
378 2759 482 2813 ἀπὸ
513 2757 850 2833 ἐμπρησμοῦ
876 2780 1048 2828 τινος,
1079 2759 1116 2829 ἢ
1150 2759 1254 2815 ἀπὸ
1284 2762 1562 2837 ναυαγίου,

275 2841 469 2921 Χρόνῳ
495 2847 860 2924 περιορίζεται
889 2852 987 2904 τοῦ
1016 2851 1520 2924 τετραπλασιάζειν,

273 2937 447 3012 ’Ὁπερ
476 2937 632 2999 οὗτος
661 2937 976 3016 ἀφήρπασεν
1009 2935 1134 2994 οὐδέ
1162 2960 1222 3013 γε
1251 2942 1610 3015 περαιτέρως,

282 3025 432 3080 Μετᾶ
461 3021 519 3079 δὶ
547 3027 750 3100 χρόνου
778 3025 1065 3104 πλήρωσιν
1096 3028 1160 3084 τὸ
1193 3027 1400 3084 ἁπλοῦν
1435 3029 1750 3090 έκδικεῖται.

279 3117 433 3168 Πᾶσα
461 3115 593 3188 γυνή
623 3115 952 3192 χηρεύουσα,
985 3119 1250 3174 πενθιίτω
1283 3118 1450 3192 μόνον
1483 3119 1702 3195 χρόνον·

274 3202 338 3258 Ἦ
365 3201 488 3278 περί
521 3200 686 3260 δόλου
720 3205 930 3282 ἀγωγὴ,
962 3207 1183 3282 χρόνοις
1215 3208 1438 3284 ὥρισται
1473 3207 1594 3265 δύο.

273 3293 401 3370 Περί
435 3292 764 3372 ἀναργυρίας
796 3293 854 3352 δὲ
882 3297 1372 3376 παραγραφόμενός
1400 3321 1508 3368 τις,

271 3381 376 3437 Δύο
405 3378 510 3456 ἕξει
544 3385 808 3455 συναπτᾶ,
842 3386 917 3451 ὡς
943 3387 1078 3463 πρὸς
1105 3387 1200 3450 τὰς
1234 3387 1544 3454 ἀντιθέσεις.

268 3471 645 3551 Ἐμφυτευτής
672 3473 764 3529 καὶ
809 3476 1089 3549 μισθωτὴς
1119 3475 1342 3554 εύαγοῦς
1369 3478 1538 3554 τυχὸν
1569 3479 1762 3552 τόπου,

278 3707 408 3747 cem
442 3691 794 3765 appellatur.
828 3693 1040 3751 Mulier
1070 3694 1228 3752 intra
1248 3696 1376 3752 dies
1406 3697 1651 3769 triginta
1682 3716 1714 3754 a
1739 3700 1934 3755 divor-

277 3780 600 3850 tio,marito
623 3781 853 3836 nuntiet
883 3783 1039 3854 quod
1077 3800 1387 3855 praagnans
1417 3786 1514 3842 sit.
1539 3786 1676 3842 Post
1703 3791 1936 3858 apertas

275 3871 622 3926 testamenti
646 3871 902 3942 tabulas,
926 3890 958 3926 ο
991 3889 1110 3938 rex,
1141 3873 1322 3929 haeres
1379 3875 1772 3932 inventarium
1829 3877 1936 3932 tri-

271 3959 384 4014 bus
440 3961 746 4016 mensibus
823 3960 1018 4016 facito.
1087 3961 1382 4018 Bonorum
1461 3965 1937 4034 possessionibus

271 4064 406 4120 quae
439 4048 790 4120 propinquis
816 4066 850 4105 a
881 4049 1059 4106 latere
1116 4052 1486 4120 deferuntur,
1523 4059 1759 4108 centum
1810 4055 1937 4109 dies

268 4137 482 4193 statuti
533 4142 693 4194 sunt.
725 4137 1112 4194 Condemnati
1146 4140 1447 4198 dilationis
1478 4159 1656 4198 causa
1687 4147 1939 4214 quatuor

267 4241 508 4282 menses
533 4225 758 4282 habent
789 4245 801 4283 :
837 4227 1058 4299 quibus
1085 4227 1304 4300 elapsis
1338 4247 1552 4287 usuras
1582 4232 1938 4288 centesimas

264 4315 574 4372 actoribus
596 4317 855 4384 solvunt,
892 4317 1054 4373 Actio
1087 4318 1496 4388 redhibitoria,
1530 4337 1562 4376 ο
1596 4322 1934 4392 imperator,

266 4421 402 4476 qua)
455 4421 578 4460 rem
637 4407 937 4462 venditem
979 4407 1264 4472 restituit,
1325 4410 1568 4466 omnino
1621 4411 1777 4466 intra
1837 4429 1940 4468 sex

264 4510 508 4550 menses
569 4495 743 4551 utiles
806 4500 1096 4551 movetur.
1155 4497 1321 4551 Actio
1379 4515 1508 4568 quae
1561 4500 1812 4570 pretium
1856 4503 1938 4556 rei

260 4585 518 4640 vendita
549 4584 786 4652 minuit,
813 4585 872 4640 id
921 4589 1016 4642 est
1044 4591 1268 4656 quanto
1319 4588 1589 4658 minoris,
1615 4605 1714 4644 sex
1743 4591 1936 4644 fatali-

257 4675 384 4730 bus
414 4673 724 4730 mensibus
752 4674 998 4732 ﬁnitur:
1032 4677 1082 4730 si
1133 4692 1268 4730 vero
1311 4676 1582 4732 venditor
1613 4679 1685 4734 de
1707 4693 1766 4734 re
1798 4697 1936 4735 ven-

266 4763 398 4818 dita
421 4763 670 4819 ﬁrmiter
702 4763 1014 4835 promittit,
1065 4764 1215 4820 actio
1265 4781 1490 4820 annum
1538 4771 1770 4838 tempus
1819 4785 1936 4824 non

263 4851 766 4924 transgredietur.
829 4855 990 4908 Intra
1038 4870 1260 4908 annum
1316 4855 1438 4910 dari
1472 4856 1645 4912 debet
1675 4855 1934 4928 legatum

264 4941 432 5013 quod
465 4942 599 5012 quis
643 4940 886 5013 reliquit
946 4941 1221 5014 religioso
1272 4943 1416 5000 loco.
1478 4946 1678 5000 Annus
1745 4947 1936 5016 praefi-

263 5028 436 5086 nitur
464 5030 779 5102 excipienti
831 5035 964 5102 post
1012 5031 1286 5104 conjugis
1343 5039 1612 5100 mortem,
1647 5035 1718 5090 ad
1750 5052 1934 5107 oppo-

269 5120 532 5176 nendam
587 5136 704 5175 non
763 5125 1088 5176 numeratae
1143 5121 1300 5178 dotis
1345 5124 1768 5195 exceptionem.
1827 5124 1936 5190 Qui

265 5214 510 5282 propter
561 5225 844 5278 magnum
877 5209 1101 5265 crimen
1158 5211 1232 5266 ad
1256 5212 1550 5281 judicium
1594 5214 1935 5286 requiritur,

266 5297 390 5354 nisi
458 5313 588 5354 sese
644 5299 799 5354 intra
865 5315 1089 5354 annum
1157 5299 1382 5371 offerat,
1437 5303 1717 5359 omnibus
1766 5303 1937 5360 bonis

267 5386 401 5446 suis
434 5388 643 5443 merito
674 5387 931 5458 ejicitur.
963 5387 1130 5443 Actio
1162 5405 1289 5460 quas
1341 5395 1517 5447 datur
1549 5397 1754 5448 contra
1800 5409 1935 5448 eum

271 5477 379 5550 qui
407 5493 476 5533 ex
507 5476 782 5533 incendio
812 5477 898 5532 vel
927 5476 1235 5549 naufragio
1259 5496 1384 5534 rem
1429 5480 1680 5537 alienam
1717 5483 1936 5554 rapuit,

269 5583 430 5624 anno
461 5565 670 5622 ﬁnitur
700 5566 891 5637 quoad
916 5566 1462 5640 quadruplum,non
1485 5570 1733 5626 ulterius
1759 5592 1772 5638 ;
1800 5588 1937 5626 nam

277 5673 435 5713 anno
467 5655 760 5728 completo
809 5656 872 5711 in
927 5655 1213 5727 simplum
1246 5659 1694 5716 condemnatur.
1731 5661 1940 5718 Omnis

279 5745 496 5804 matter
522 5745 762 5804 viduata
791 5743 982 5803 solum
1010 5763 1232 5805 annum
1253 5747 1473 5821 lugeto.
1505 5749 1670 5808 Actio
1702 5750 1774 5809 de
1801 5751 1938 5811 dolo

1663 385 2040 450 SYNOPSIS
2083 388 2379 452 LEGUM.

1977 524 2034 592 Α
2062 521 2256 594 Χεῖρον
2284 524 2458 576 ποιῶν
2488 521 2552 576 τὸ
2578 522 2869 594 μισθωθέν,
2901 525 2936 594 ἢ
2973 521 3114 596 δρῶν
3148 522 3566 599 ἀγνωμοσύνην,

3610 393 3730 454 950

2060 608 2148 663 Ἐν
2180 607 2276 665 δύο
2300 608 2456 675 ὅλοις
2483 604 2646 668 ἔτεσι.
2677 617 2774 665 τοῦ
2804 614 3121 688 πράγματος
3151 618 3438 688 στερεῖται.

2059 699 2181 754 Ἐὰν
2211 699 2262 755 ἰν
2297 697 2435 755 ἔτεσι
2469 698 2618 756 δυσὶν
2655 702 2682 755 ὁ
2711 701 2887 776 γάμος
2917 701 3133 776 ἐξετάθη

2058 789 2165 845 Καὶ
2201 791 2335 862 μετὰ
2361 794 2532 845 ταῦτα
2563 788 2788 846 λέλυται
2821 791 2872 846 ἐν
2903 793 3058 865 νόμῳ
3083 794 3268 868 τυχὼν
3302 791 3474 862 λύσει,

2059 880 2476 952 Ἀπαιτουμὲνῳ
2507 884 2586 952 τῷ
2619 877 2770 955 ἀνδρὶ
2799 882 2898 950 τὴν
2927 881 3316 956 γεγραμμένην
3345 889 3546 955 προῖκα

2056 969 2264 1038 Ἔξεστι
2297 970 2740 1044 παραγράφεσθαι
2774 971 2848 1032 ὡς
2883 970 2934 1040 ἐξ
2965 971 3308 1046 ἀναργυρίας·

2059 1057 2121 1114 Εἰ
2155 1054 2200 1112 δ’
2234 1057 2322 1112 ἐπὶ
2355 1056 2482 1112 δέκα
2515 1056 2684 1113 ἔτεσιν
2719 1060 2746 1113 6
2778 1057 2954 1136 γάμος
2981 1061 3282 1136 παρετάθη,

2055 1153 2210 1223 Τρεῖς
2243 1147 2400 1222 μόνοι
2437 1156 2604 1221 μῆνες
2635 1145 2875 1212 δίδονται
2911 1149 3090 1222 τούτῳ
3123 1155 3288 1204 κινεῖν
3321 1151 3420 1219 τὴν
3454 1147 3632 1222 δίκην.

2058 1237 2191 1308 Δίκη
2225 1243 2369 1292 πᾶσα
2401 1238 2725 1313 χρηματική
2759 1234 3001 1312 ἐννόμως
3034 1239 3354 1312 κινουμένη,

2056 1326 2171 1384 Ούκ
2200 1325 2412 1405 ὀφείλει
2447 1327 2778 1400 μηκύνεσθαι
2809 1333 2917 1384 τῶν
2947 1333 3112 1402 τριῶν
3144 1329 3362 1405 χρόνων
3396 1328 3588 1388 πλέον.

2053 1416 2204 1473 Μετὰ
2230 1417 2322 1472 τὸν
2351 1415 2812 1491 εἷκοστόπεμπτον
2847 1423 2963 1480 τοῖς
2995 1416 3224 1495 ἀφήλιξι
3256 1419 3454 1494 χρόνον

2053 1505 2150 1569 Εἰς
2182 1506 2279 1575 τὴν
2311 1504 2746 1561 ἀποκατάστασιν
2778 1506 3085 1580 τετραετίαν
3121 1504 3290 1564 δίδου.

2051 1599 2157 1663 Τῆς
2189 1593 2246 1651 δὶ
2285 1595 2587 1674 ίνοφικιόσο
2619 1597 2820 1672 χρόνος
2849 1597 3156 1655 πενταετία.

2051 1685 2338 1742 Πενταετία
2368 1679 2670 1755 σϐέννυται,
2701 1686 2762 1741 τὸ
2793 1685 2917 1762 περὶ
2943 1689 3039 1756 τῆς
3073 1686 3347 1763 μοιχείας.

2051 1775 2150 1830 Καὶ
2181 1775 2244 1830 τὸ
2268 1773 2326 1830 δὲ
2354 1775 2726 1840 πεκουλάτους
2757 1773 2813 1830 δὲ
2844 1773 3096 1852 ἔγκλημα
3125 1777 3280 1832 πέντε
3305 1776 3553 1852 χρόνοις,

1971 1902 2021 1968 Β
2050 1864 2316 1941 Ὀρίζεται
2337 1865 2472 1939 πρὸς
2500 1864 2750 1940 ἀγωγὴν,
2783 1865 2964 1920 οὐκέτι
2997 1867 3322 1942 περαιτέρω.

2048 1957 2106 1968 ,η
2144 1953 2166 1968 η
2356 1951 2380 1968 ,ι
2549 1956 2560 1968 .
2730 1954 2743 1968 .
2791 1957 2818 1968 ..
2895 1954 2910 1968 .
3003 1956 3014 1968 .
3208 1953 3217 1968 .

2048 1957 2110 2012 Ὁ
2144 1953 2312 2030 ἴμφας
2345 1951 2469 2024 ἤτοι
2496 1956 2694 2026 νήπιος
2725 1954 2857 2009 έτῶν
2891 1954 3026 2010 ἑπτὰ
3046 1953 3326 2031 τυγχάνει.

2047 2045 2227 2103 Ὀκτὼ
2258 2043 2316 2100 δὲ
2344 2045 2562 2120 χρόνων
2605 2041 2802 2110 ἔσωθεν
2837 2045 2935 2100 οὐκ
2963 2041 3105 2100 ἔστιν
3141 2045 3511 2122 ἀναγνώστης.

1975 2147 1980 2150 “
2047 2138 2168 2192 Τῶν
2201 2135 2472 2205 ἀκινήτων
2504 2137 2758 2212 πέφυκεν,
2793 2133 2940 2206 ἅναξ,
2972 2139 3006 2206 ἡ
3041 2135 3367 2208 προθεσμία,

2047 2229 2179 2288 Τοῖς
2213 2225 2305 2297 μὶν
2337 2228 2568 2296 παροῦσι
2601 2223 2820 2286 δέκατος
2851 2223 3092 2286 ἐνιαυτὸς
3121 2225 3212 2279 καὶ
3247 2226 3433 2298 μόνος,

2045 2319 2170 2376 Τοῖς
2205 2311 2262 2368 δὲ
2290 2313 2517 2368 ἀποῦσιν
2551 2313 2812 2384 εἷ’κοστὸς,
2847 2313 3024 2368 οὐκέτι
3057 2315 3386 2390 περαιτέρω,

2047 2405 2131 2460 Τὰ
2160 2399 2252 2474 ἔτη
2284 2407 2382 2468 τῆς
2412 2403 2535 2476 περὶ
2567 2405 2794 2478 προικὸς
2827 2402 3154 2478 ἀναργυρίας
3180 2401 3329 2474 δέκα,

2045 2495 2106 2548 Ἡ
2128 2493 2234 2568 πρὸ
2263 2497 2371 2547 τῶν
2405 2490 2616 2547 δώδεκα
2639 2491 2771 2548 ἐτῶν
2805 2491 3052 2564 ἀθέσμως
3083 2493 3408 2566 γαμουμένη

2045 2582 2155 2638 Ούκ
2183 2583 2243 2636 ἂν
2275 2581 2452 2656 γάμον
2483 2584 2783 2651 ποιήσειεν,
2819 2582 2864 2636 εί
2891 2579 2948 2634 δὲ
2976 2589 3227 2656 προϋπῆν
3265 2579 3546 2654 μνηστεία,

2051 2671 2192 2742 Αὕτη
2225 2671 2314 2726 καὶ
2345 2669 2510 2724 πάλιν
2544 2672 2748 2748 πέφυκε
2774 2675 2854 2742 τῷ
2882 2670 3038 2742 νόμῳ
3063 2673 3407 2744 παραμένει-ἶ

2045 2761 2108 2818 Εἰ
2143 2762 2218 2834 μή
2247 2783 2332 2824 τις
2361 2757 2542 2814 λύσειν
2573 2758 2830 2834 βούλοιτο
2860 2759 3063 2829 ταύτην
3098 2759 3172 2820 ὡς
3203 2759 3307 2814 ἀπὸ
3338 2759 3534 2834 νόμου.

2042 2855 2174 2912 Ταῖς
2212 2849 2304 2923 μὲν
2335 2847 2583 2920 θηλείαις
2615 2845 2824 2903 δώδεκα
2855 2847 2930 2910 εἷς
2963 2843 3191 2926 έφηϐίαν
3223 2849 3480 2925 χρόνους,

2041 2941 2108 2998 O't
2142 2937 2198 2994 δὲ
2225 2938 2477 3013 τέσσαρες
2506 2937 2594 2992 καὶ
2623 2935 2748 2992 δέκα
2777 2941 2892 3000 τοῖς
2927 2936 3112 3014 ἄῤῥεσι
3142 2937 3400 3014 κριττέοι,

2042 3033 2376 3105 Συνηγορεῖν
2409 3025 2466 3083 δὲ
2499 3024 2713 3081 δύναται
2748 3028 2776 3080 6
2807 3023 3326 3097 ὀκτωκαιδεκαέτης.

2037 3120 2100 3177 '0
2129 3116 2186 3173 δὲ
2215 3119 2474 3182 υἱοθετῶν
2502 3137 2621 3171 τινα
2655 3117 2854 3188 μείζων
2881 3114 3086 3194 ὀφείλει
3120 3117 3280 3184 εἶναι,

2037 3208 2270 3282 Χρόνοις
2301 3206 2352 3262 ἐν
2389 3203 2759 3261 ὀκτωκαίδεκα
2787 3209 2883 3259 τοῦ
2915 3203 3351 3277 υἱοθετουμένου·

1958 3279 2000 3345 C
2035 3279 2241 3369 Θήλεια
2276 3297 2369 3372 μὲν
2402 3295 2681 3366 αἰτήσεται
2709 3295 3037 3372 συγγνώμην
3071 3292 3318 3365 ἡλικίας,

2031 3387 2312 3462 Ἐννόμως
2342 3385 2503 3442 τοῦτο
2535 3387 2845 3462 πράττουσα
2878 3381 3401 3454 ὀκτωκαιδεκαέτης·

2033 3479 2203 3553 ’Λνήρ
2237 3474 2284 3533 δ’
2315 3476 2629 3547 εἰκοσαέτης
2660 3471 2796 3531 ἔστω
2825 3474 2962 3551 πρὸς
2992 3475 3092 3544 τὴν
3125 3474 3473 3551 συγγνώμην.

3317 3563 3486 3620 Vers.
3516 3564 3625 3618 ’742

2045 3697 2282 3754 biennio
2313 3697 2539 3752 ﬁnitur.
2591 3694 2900 3766 Excipiens
2935 3695 3006 3748 de
3063 3709 3179 3748 non
3231 3697 3544 3748 numerata
3601 3709 3700 3763 pe-

2045 3787 2240 3852 cunia,
2274 3785 2582 3841 biennium
2615 3785 2965 3840 continuum
3015 3781 3276 3846 habebit,
3334 3786 3538 3853 postea
3585 3799 3703 3838 non

2046 3873 2812 3947 excipiet.Emphyteuta,et
2841 3873 3164 3927 conductor
3191 3870 3540 3926 venerabilis
3569 3870 3704 3940 loci,

2045 3967 2394 4021 deteriorem
2426 3963 2648 4018 faciens
2682 3979 2806 4017 rem
2837 3961 3216 4028 conductam,
3257 3959 3347 4015 vel
3379 3977 3495 4015 non
3527 3976 3704 4032 agno-

2046 4071 2217 4110 scens
2250 4052 2514 4108 debitum
2547 4051 2779 4106 duobus
2811 4051 2984 4106 annis
3014 4049 3284 4118 integris,
3339 4067 3398 4104 re
3423 4047 3710 4120 privatur.

2045 4144 2101 4198 Si
2134 4142 2368 4200 biennio
2413 4139 2855 4196 matrimonium
2906 4137 3256 4204 constiterit,
3281 4143 3339 4193 et
3370 4142 3573 4208 postea
3616 4155 3712 4194 so-

2047 4233 2271 4290 lutione
2325 4230 2589 4303 legitima
2647 4228 2906 4284 solutum
2967 4228 3062 4293 sit,
3093 4229 3218 4282 viro
3249 4227 3535 4298 repetenti
3563 4228 3708 4284 scri-

2049 4327 2212 4394 ptam
2243 4322 2442 4376 dotem
2473 4319 2754 4388 competit
2805 4317 3068 4388 exceptio
3119 4316 3190 4370 de
3249 4333 3364 4371 non
3397 4321 3712 4372 numerata

2050 4410 2302 4484 pecunia
2333 4409 2420 4466 :si
2475 4424 2607 4463 vero
2658 4408 2728 4464 ad
2762 4407 2964 4462 decem
3019 4421 3208 4462 annos
3239 4409 3575 4477 porrectum
3608 4404 3707 4476 sit,

2051 4505 2170 4558 tres
2194 4515 2428 4556 menses
2461 4495 2654 4553 solum
2685 4495 3007 4552 illidantur
3033 4495 3106 4551 ad
3141 4495 3483 4550 movendam
3498 4493 3662 4549 litem
3693 4511 3706 4550 :

2048 4590 2255 4646 Omnis
2287 4586 2629 4660 pecuniaria
2659 4603 2836 4642 causa
2866 4583 3128 4656 legitime
3149 4582 3494 4650 mota,ultra
3523 4583 3708 4639 trien-

2049 4679 2214 4734 nium
2246 4675 2494 4750 produci
2520 4692 2636 4730 nun
2669 4674 2860 4729 debet.
2894 4674 3034 4729 Post
3082 4688 3308 4728 annum
3358 4671 3707 4728 vicesimum

2049 4768 2346 4840 quintum,
2392 4766 2463 4821 ad
2525 4764 2959 4820 restitutionem
3013 4761 3347 4818 minoribus
3393 4761 3710 4832 quadrien-

2049 4859 2216 4914 nium
2240 4857 2399 4912 dato.
2435 4853 2692 4920 Querelas
2753 4851 3069 4908 inofﬁciosi
3111 4856 3344 4922 tempus
3377 4850 3710 4922 quinquen-

2047 4948 2236 5002 nium.
2269 4944 2560 5001 Adulterii
2591 4942 2815 4997 crimen
2855 4940 3262 5012 quinquennio
3295 4939 3708 5010 exstinguitur.

2047 5036 2360 5092 Peculatus
2390 5033 2614 5089 crimen
2646 5031 2910 5103 quinque
2943 5029 3115 5086 annis
3145 5028 3370 5098 linitur,
3413 5044 3518 5084 nec
3559 5027 3710 5084 ulte-

2049 5126 2172 5180 rius
2195 5125 2345 5180 actio
2378 5121 2676 5194 competit.
2736 5121 2940 5176 Infans
2997 5123 3086 5175 est
3116 5134 3410 5176 annorum
3457 5121 3708 5189 septem.

2047 5215 2208 5270 Intra
2238 5218 2367 5270 octo
2397 5229 2586 5268 annos
2629 5211 2814 5267 lector
2869 5227 3001 5266 esse
3053 5225 3170 5264 non
3228 5211 3438 5279 potest.
3487 5206 3705 5264 Rerum

2045 5302 2466 5370 immobilium,
2518 5319 2550 5358 ο
2583 5301 2754 5373 imp.,
2811 5301 2964 5356 inter
3014 5302 3334 5371 praesentes
3359 5297 3710 5369 usucapioni

2047 5397 2336 5449 statutum
2397 5395 2488 5448 est
2543 5389 2921 5454 decennium,
2979 5388 3129 5444 inter
3176 5389 3452 5444 absentes
3500 5386 3712 5458 viginti

2049 5484 2269 5540 anniet
2301 5500 2416 5538 non
2441 5481 2615 5537 ultra.
2649 5481 2806 5535 Anni
2839 5497 2956 5535 non
2998 5483 3324 5534 numeratis
3358 5477 3512 5533 dotis
3567 5480 3712 5533 sunt

2047 5575 2273 5631 decem.
2306 5573 2442 5637 Quae
2484 5575 2621 5628 ante
2681 5569 3098 5626 duodecimum
3124 5585 3346 5624 annum
3377 5566 3552 5624 nuhit
3593 5585 3710 5624 non

2049 5664 2342 5722 contrahit
2373 5660 2859 5730 matrimonium;
2891 5661 2942 5716 si
2974 5659 3213 5732 quidem
3244 5657 3547 5731 sponsalia
3563 5657 3706 5714 sub-

2047 5759 2235 5825 erant,
2266 5754 2368 5811 illa
2387 5769 2595 5810 rursus
2625 5753 2754 5825 lege
2783 5751 3140 5822 consistunt,
3178 5748 3295 5806 nisi
3325 5749 3462 5820 quis
3491 5765 3559 5806 ea
3590 5745 3706 5804 sol-
