4100 6418
339 399 454 458 951

339 529 404 586 Ὀ
434 527 612 598 ἥττων
647 523 818 582 ε’ίκοσι
849 525 1000 594 έτῶν,
1031 524 1092 579 οὐ
1118 520 1336 579 δύναται
1370 521 1629 593 δικάζειν.

342 617 684 692 Περαέτωσις
715 613 1060 690 ἐγκλήματος
1093 615 1221 686 ὅρος
1253 611 1423 668 εἰκοσι
1457 614 1692 688 χρόνων,

343 705 636 766 Πενταετία
673 701 812 777 μὸνη
848 702 905 758 δὲ
935 697 1173 758 σϐεννύει
1203 703 1303 770 τήν
1339 702 1618 777 μοιχείαν,

343 795 527 866 Ταύτη
557 795 660 870 γὰρ
691 794 1072 866 πεπεράτωται
1103 791 1195 846 καὶ
1225 788 1350 846 τόδε
1381 790 1742 847 πεκουλάτου.

339 887 400 943 '0
433 883 633 960 χρόνον
669 881 1138 954 είκοστόπεμπτον
1176 878 1477 951 πληρώσας
1509 877 1753 949 ﬁlum!"

346 974 634 1052 Ἐρχέσθω
665 973 801 1047 πρὸς
836 969 1110 1041 διοίκησιν
1142 975 1250 1024 τῶν
1278 971 1469 1024 ἑαυτοῦ
1501 970 1860 1044 πραγμάτιον.

345 1063 581 1142 Ἀφῆλιξ
615 1060 976 1133 αἰτησάμενος
1011 1061 1341 1135 συγγνώμην
1365 1057 1612 1131 ἡλικίας,

351 1151 544 1225 Εἴπερ,
573 1149 893 1228 δωρήσηταί
920 1171 1022 1204 τινι
1057 1149 1312 1219 ἀκίνητόν
1341 1171 1390 1203 τι
1423 1155 1670 1224 πρᾶγμα,

350 1243 416 1300 Ἥ
451 1239 628 1316 δωρεὰ
658 1239 756 1295 οὐκ
788 1237 1044 1316 ἔῤῥωται,
1078 1239 1121 1294 εἰ
1158 1240 1232 1311 μὴ
1273 1236 1479 1303 διέλθοι
1515 1239 1736 1314 χρόνος,

351 1331 499 1388 Μετᾶ
525 1330 618 1385 τὸν
655 1329 1124 1402 εἱκοστόπεμπτον
1160 1326 1378 1398 δεκέτης
1411 1327 1445 1397 ἢ
1477 1329 1567 1382 καὶ
1599 1327 1787 1386 πλέον.

2027 527 2081 593 Α

351 1423 468 1490 Τὴν
500 1419 586 1474 ἰπὶ
619 1418 811 1494 πράσει
838 1418 1065 1492 ἀγωγὴν
1101 1417 1308 1490 μακρὸς
1338 1416 1540 1493 χρόνος
1570 1418 1775 1490 τέμνει,

349 1511 413 1567 'H
443 1508 568 1578 περὶ
603 1509 947 1577 ἀπαιτήσεως
978 1508 1158 1578 πάσης
1187 1504 1588 1582 κληρονομίας,

355 1597 688 1672 Προσωπική
717 1616 776 1651 τε
811 1595 1066 1668 σύμπασα
1094 1595 1526 1672 τριακονταετία,

358 1682 651 1742 Σϐέννυταί
680 1706 738 1740 τε
767 1686 854 1740 καὶ
893 1686 1166 1764 φθείρεται
1198 1682 1458 1758 οὐδαμῶς
1489 1685 1812 1759 περαιτέρω.

357 1776 432 1834 Τὸ
464 1772 704 1847 Φινιοῦμ
734 1771 1158 1848 ῥεγουνδόρουμ,
1191 1770 1314 1844 ἤτοι
1337 1773 1399 1828 τὸ
1431 1775 1555 1847 περὶ
1585 1774 1728 1848 ὅρων

359 1863 587 1940 Χρόνοις
617 1863 667 1918 ἐν
699 1869 820 1926 τοῖς
850 1864 1142 1938 τριάκοντα
1168 1868 1286 1924 τοῖς
1317 1861 1769 1941 άνεπιφωνήτοις.

363 1948 652 2008 Σϐέννυταί
681 1973 738 2007 τε
766 1952 857 2007 καὶ
888 1953 1155 2030 φθείρεται
1187 1949 1448 2025 οὐδαμῶς
1480 1953 1798 2028 περαιτέρω.

355 2043 575 2118 ’Δγωγή
610 2063 668 2097 τε
697 2041 1027 2116 προσωπική
1059 2040 1228 2117 ταύτῃ
1261 2045 1328 2107 τῆ
1359 2041 1683 2116 προθεσμίᾳ,

352 2130 416 2188 Ei
455 2132 532 2204 μὴ
560 2135 748 2205 τμηθῇ
779 2131 844 2185 τὸ
879 2131 1073 2205 μεταξὺ
1105 2125 1384 2186 σϐέννυται
1415 2131 1822 2204 προσηκόντως.

346 2220 582 2298 Ἀγωγαῖ
612 2218 985 2296 τεμποράλιαι
1017 2219 1182 2295 ταύτῃ
1213 2216 1490 2276 σϐέννυται
1529 2221 1665 2296 μόνῃ

345 2309 524 2366 Διπλᾶ
556 2309 613 2365 δὶ
645 2307 994 2385 δικαστήρια,
1022 2314 1190 2365 ταῦτα
1219 2311 1286 2366 τὰ
1315 2310 1435 2386 τρία
1469 2311 1632 2385 μόνα,

340 2401 414 2456 Τὸ
445 2400 569 2477 περὶ
603 2398 917 2477 διαιρέσεως
949 2405 1146 2456 κοινῶν
1186 2406 1344 2456 τινῶν
1377 2401 1734 2478 πραγμάτων,

334 2490 406 2544 Τὸ
438 2491 562 2563 περὶ
595 2488 862 2568 φαμιλίας
888 2512 967 2557 τε,
999 2492 1061 2546 τὸ
1093 2490 1215 2567 περὶ
1241 2489 1382 2566 ὅρων
1413 2491 1619 2568 τρίτον.

338 2575 479 2635 Οὔτε
507 2579 542 2648 ἡ
577 2578 782 2656 φούρτη
819 2579 1037 2654 ἀγωγὴ,
1072 2576 1196 2634 οὔτε
1226 2583 1259 2650 ἡ
1293 2601 1399 2656 προ
1433 2579 1607 2648 σοκίο,

339 2661 474 2719 Οὕτε
501 2664 626 2738 περὶ
661 2666 914 2741 ἁρπαγῆς
946 2671 1211 2737 κινητῶν,
1243 2668 1303 2735 ἣν
1337 2669 1389 2721 o't
1417 2671 1640 2720 Λατῖνοι

343 2751 499 2809 Ωῧτω
529 2755 949 2827 κατωνομάκασι
986 2756 1040 2830 βι
1074 2755 1353 2832 βονόρουμ
1388 2754 1730 2831 ῥαπτόρουμ,

343 2843 514 2899 Ἐτῶν
548 2842 716 2898 πλέον
749 2843 1042 2917 τριάκοττα
1075 2844 1148 2906 εἷς
1183 2845 1402 2920 ἀγωγὴν
1437 2844 1640 2920 ἰσχύει,

341 2932 407 2989 Ἡ
439 2928 486 2986 δ’
519 2933 820 2987 ἀπαιτοῦσα
850 2932 912 2986 τὸ
945 2929 1172 2987 διπλοῦν
1203 2931 1288 2987 ἐπὶ
1323 2938 1416 2988 τοῦ
1445 2932 1787 3006 κλοπιμαίου

342 3024 430 3094 Τῷ
460 3019 646 3097 χρόνῳ
677 3020 1052 3097 παρατείνεται
1077 3026 1173 3077 τοῦ
1202 3019 1505 3097 κλέψαντος
1535 3024 1597 3078 τὸ
1627 3028 1874 3100 πρᾶγμα.

349 3111 530 3168 "Exeat
559 3109 959 3188 τεσσαράκοντα
989 3113 1024 3181 ἡ
1065 3111 1403 3189 ὑποθηκάρια

1684 391 2104 455 MICHAELIS
2149 391 2240 452 PS
2253 385 2422 450 ELLI

3647 384 3770 447 952

2119 521 2339 596 Ἀγωγή
2372 517 2777 593 παρεκτείνεται
2806 518 2869 573 τὸ
2899 523 3128 592 πρᾶγμα
3155 521 3252 574 τοῦ
3277 515 3582 593 χρεώστου,

2110 613 2378 686 Ἕχοντος
2408 610 2497 664 καὶ
2528 609 2860 684 κατέχοντος
2881 611 2970 664 καὶ
3006 613 3190 686 σαφῶς
3211 607 3538 681 νεμομένου.

2185 699 2342 774 Καλῇ
2371 697 2428 754 δί
2457 699 2634 754 πίστει
2663 699 2874 775 ἀγωγαὶ
2901 703 3157 753 τοσαῦται
3189 699 3275 753 καὶ
3309 701 3556 752 τοιαῦται

2114 793 2340 863 Πρᾶσις,
2373 789 2642 863 ἀγορασία
2670 809 2748 854 τε,
2787 787 3073 861 μίσθωσις,
3106 787 3382 859 κοινωνία,

2115 877 2497 949 Ἐκμίσθωσις,
2531 873 2801 947 διοίκησις
2835 879 3170 952 πραγμάτων
3203 876 3538 952 ἀλλοτρίων,

2115 968 2240 1022 Κατ’
2271 965 2578 1040 έπιτρόπιυν
2605 967 2813 1042 ἀγωγὴ,
2845 965 3062 1036 έντολή,
3094 968 3409 1040 παραθήκη,

2116 1059 2336 1135 Ἀγωγή
2370 1059 2494 1134 περὶ
2525 1058 2587 1112 τὸ
2617 1059 2878 1132 χρησθὲν,
2912 1061 2947 1128 ἡ
2981 1058 3104 1132 περὶ
3137 1057 3419 1134 ἐνεχύρου,

2119 1150 2179 1204 Ἢ
2211 1149 2334 1223 περὶ
2362 1145 2674 1223 διαιρέσεως
2700 1152 2808 1202 τῶν
2838 1147 3435 1224 συγκληρονομούντων

2116 1240 2178 1296 Ἥ
2214 1236 2496 1313 διαιροῦσα
2523 1238 2589 1290 τὰ
2626 1238 2803 1305 κοινὰ,
2833 1237 2922 1292 καὶ
2949 1237 3127 1312 χωρὶς
3157 1238 3470 1309 κοινωνίας,

2114 1329 2181 1383 Ἢ
2213 1323 2604 1401 πραεσκρίπτις
2640 1321 2824 1402 βέρϐις
2855 1347 2910 1382 τε
2939 1331 3046 1381 τῶν
3078 1325 3630 1400 αὐταλλαττομένων,

2117 1417 2304 1486 Ἀλλη
2337 1413 2382 1470 δ’
2423 1414 2575 1491 αὐθις
2617 1416 2910 1488 ὁμώνυμος
2939 1417 2974 1485 ἠ
3007 1415 3069 1470 οὐ
3102 1415 3478 1491 έστιματόρια,

2117 1506 2180 1561 Ἤ
2213 1503 2268 1560 δὲ
2300 1487 2593 1581 έρεδιῧτις
2623 1525 2678 1560 τε
2706 1504 2972 1575 κληθεῖσα
3001 1504 3261 1575 πετίτιον,

2118 1597 2180 1654 'H
2214 1597 2532 1665 ἀπαιτοῦσα,
2563 1593 2817 1662 δέσποτα,
2850 1595 2916 1649 τὰ
2942 1602 3042 1664 τῆς
3070 1594 3472 1668 κληρονομίας.

2121 1684 2353 1761 Στρίκτα
2389 1707 2440 1742 τε
2469 1684 2594 1760 πρὶν
2629 1683 2910 1759 έτύγχανε,
2943 1684 3031 1739 καὶ
3063 1686 3098 1753 ἡ
3122 1683 3171 1756 ἐξ
3205 1682 3558 1740 στιπουλάτο.

2190 1775 2248 1831 'O
2278 1774 2446 1846 νόμος
2474 1770 2520 1827 δ’
2551 1775 2578 1827 ὁ
2609 1770 2908 1833 Φαλκίδιος
2932 1771 3189 1843 τοιαύτην
3223 1771 3338 1848 ἔχει
3371 1773 3545 1850 φύσιν,

2039 1895 2089 1960 Β
2123 1861 2287 1936 Εἷ¹περ
2317 1883 2398 1924 τις
2427 1860 2768 1932 τελευτήσειε
2797 1863 2978 1936 πατὴρ
3010 1863 3128 1923 ένὸς
3159 1860 3401 1930 παιδίου,

2119 1951 2332 2028 Γράψας
2364 1971 2422 2005 τε
2455 1947 2808 2022 διατύπωσιν,
2840 1955 2937 2005 τοῦ
2966 1947 3161 2013 παιδὸς
3194 1951 3292 2006 οὐκ
3323 1951 3593 2024 έμνήσθη,

2113 2038 2278 2098 Ἀλλ’
2304 2037 2499 2102 ἄλλοις
2526 2037 2922 2094 καταλέλοιπεν
2953 2039 3202 2116 ἀκέραιον
3233 2040 3324 2094 τὸν
3354 2037 3588 2116 κλῆρον,

2114 2129 2172 2184 '0
2229 2133 2354 2190 παῖς
2408 2125 2469 2182 τὸ
2539 2128 2725 2203 τρίτον
2796 2127 3029 2201 λήψεται
3096 2130 3433 2204 πραγμάτων
3492 2132 3602 2183 τῶν
3662 2149 3770 2184 πα-

3465 2218 3700 2292 ίτρῷων·

2117 2308 2179 2366 Εἰ
2212 2306 2256 2363 δ’
2286 2307 2412 2365 ὅταν
2443 2307 2692 2385 ἐγέννησε
2721 2304 2917 2369 παῖδας
2947 2305 2999 2362 ἐν
3038 2307 3143 2382 βίῳ
3175 2305 3294 2377 δύο,

2113 2395 2239 2453 Οὐδ’
2270 2399 2384 2461 ἑνὸς
2417 2397 2792 2471 ἐμνημόνευσε
2819 2398 3057 2467 ποιήσας
3087 2394 3374 2469 διαθήκην,

2111 2489 2373 2550 Ἕκαστος
2402 2484 2558 2542 ἕκτον
2591 2485 2825 2560 λήψεται
2855 2489 2962 2540 τῶν
2993 2490 3269 2560 πατρικῶν
3303 2488 3660 2562 πραγμάτων

2113 2575 2174 2632 Εἰ
2208 2573 2264 2630 δέ
2293 2596 2352 2651 γε
2372 2581 2518 2651 τρεῖς
2550 2575 2917 2650 τυγχάνουσιν
2951 2575 3004 2628 οἱ
3034 2572 3227 2637 παῖδες
3255 2580 3351 2630 τοῦ
3384 2575 3663 2646 θανόντος,

2113 2666 2375 2726 Ἕκαστος
2410 2661 2510 2734 ἕξει
2543 2661 2762 2718 ἔννατον
2791 2669 2890 2732 τῆς
2915 2669 3184 2738 πατρικῆς
3218 2663 3424 2727 οὐσίας·

2114 2750 2426 2807 Δωδέκατον
2463 2749 2531 2819 δ’,
2565 2751 2607 2807 εἰ
2639 2751 2892 2827 τέσσαρες
2922 2752 3283 2827 τυγχάνουσιν
3314 2755 3365 2808 οἱ
3397 2751 3606 2816 παῖδεςο

2111 2841 2180 2898 Ei’
2210 2839 2267 2896 δέ
2292 2841 2515 2904 πλείους
2546 2842 2905 2917 τυγχάνουσι,
2938 2839 3193 2911 δέσποτα,
3225 2847 3335 2898 τῶν
3365 2844 3664 2919 τεσσάρων,

2111 2932 2335 2994 Τοότοις
2369 2929 2824 3004 ἀποκεκλήρωται
2855 2937 2956 3000 τῆς
2987 2935 3256 3006 πατρικῆς
3288 2931 3497 3001 οὐσίας,

2113 3022 2287 3096 Μερῖς
2317 3020 2531 3075 πάντων
2564 3020 2814 3093 ἡμίσεια,
2839 3017 3030 3075 δοκοῦν
3062 3025 3142 3093 τῷ
3173 3018 3479 3095 Φαλκιδίῳ.

2185 3110 2253 3168 Οἱ
2286 3107 2410 3166 ἄνευ
2445 3107 2799 3189 δεφενσίωνος
2830 3109 3022 3187 πρᾶσιν
3053 3131 3201 3175 τινος
3228 3115 3538 3180 ποιοῦντες,

3399 3201 3566 3259 Vers.
3597 3203 3695 3259 801

344 3327 636 3385 verevelit
686 3331 971 3401 tanquam
1032 3347 1100 3386 ex
1157 3329 1301 3404 lege.
1366 3330 1626 3388 Feminis
1683 3330 1993 3388 duodecim
2026 3339 2069 3408 α
2107 3327 2402 3400 agendum
2447 3329 2629 3383 robur
2681 3327 2971 3384 obtinent.
3019 3328 3101 3384 Ea
3144 3345 3279 3385 vero
3331 3344 3459 3402 qua:
3523 3329 3772 3402 duplum

343 3417 505 3486 anni,
565 3419 831 3474 maribus
889 3420 1332 3490 quatuordecim
1367 3421 1437 3476 ad
1489 3422 1856 3492 pubertatem
1890 3421 2007 3477 suf-

345 3507 569 3562 ﬁciunt.
611 3507 795 3562 Natus
825 3525 1014 3563 annos
1045 3509 1242 3564 decem
1287 3515 1342 3564 et
1371 3515 1498 3565 octo
1530 3511 1845 3566 advocatus
1879 3526 2008 3566 esse

347 3599 562 3667 potest.
601 3595 895 3666 Adoptans
929 3597 1120 3668 major
1141 3613 1271 3652 esse
1302 3598 1475 3653 debet
1525 3600 1801 3670 adoptato
1834 3599 2006 3654 annis

347 3683 692 3740 octodecim.
753 3684 962 3739 Mulier
1011 3685 1322 3756 postulans
1363 3687 1826 3758 veniam‘mtatis,
1859 3688 2005 3761 legi~

345 3773 489 3828 time
520 3772 578 3827 id
637 3783 791 3845 aget,
853 3773 900 3828 si
953 3778 1090 3829 nata
1137 3775 1215 3828 sit
1272 3776 1473 3830 decem
1505 3781 1563 3831 et
1594 3782 1723 3833 octo
1771 3794 2004 3834 annos:

350 3864 408 3915 at
442 3860 530 3915 vir
582 3861 902 3917 vicennalis
949 3869 1075 3918 esto
1133 3864 1205 3918 ad
1263 3863 1517 3921 veniam.
1572 3867 1770 3922 Minor
1799 3866 2006 3940 viginti

350 3948 813 4020 annisjudicare
850 3968 964 4005 non
997 3957 1206 4023 potest.
1273 3953 1485 4025 Viginti
1537 3954 1708 4009 annis
1757 3955 2008 4011 crimina

348 4037 661 4108 ﬁniuntur,
691 4040 883 4094 solum
919 4040 1395 4111 quinquennium
1429 4043 1750 4115 exstinguit
1779 4046 2006 4100 adulte-

346 4127 498 4182 rium
528 4133 587 4183 et
618 4127 979 4199 peculatum.
1041 4130 1148 4192 Qui
1209 4132 1555 4187 vicesimum
1596 4135 1869 4205 quintum
1903 4151 2004 4188 an-

347 4233 490 4270 num
549 4216 814 4287 implevit
861 4219 1020 4273 venit
1073 4219 1145 4273 ad
1206 4221 1774 4278 administrationem
1811 4239 2005 4279 rerum

347 4320 612 4360 suarum.
649 4306 841 4361 Minor
872 4306 1166 4377 postulata
1192 4311 1383 4364 astatis
1412 4312 1661 4378 vcnia,si
1695 4311 2007 4367 alicuirem

348 4393 717 4449 immobilem
751 4395 998 4464 dederit,
1032 4412 1148 4451 non
1201 4397 1352 4453 valet
1400 4399 1657 4470 donatio,
1703 4400 1818 4455 nisi
1875 4404 2010 4472 post

351 4480 700 4536 vicesimum
750 4483 1026 4555 quintum
1081 4502 1326 4554 annum,
1388 4488 1737 4544 decennium
1782 4493 1841 4544 et
1890 4505 2010 4544 am-

355 4569 514 4642 plius
542 4572 862 4628 transierit.
893 4573 1196 4629 Actionem
1229 4577 1450 4632 venditi
1485 4577 1727 4649 longum
1778 4583 2008 4649 tempus

357 4665 601 4716 resecat.
661 4661 870 4717 Petitio
920 4663 1205 4718 universas
1255 4665 1613 4722 hereditatis
1671 4671 1729 4722 et
1815 4667 2008 4721 omnis

359 4749 688 4821 personalis
717 4751 866 4806 actio
889 4751 1132 4824 triginta
1163 4755 1334 4808 annis
1383 4755 1779 4828 exstinguitur
1809 4761 1865 4811 et
1889 4773 2015 4811 cor-
2045 4733 2091 4799 D

359 4840 680 4908 rumpitur,
732 4840 893 4896 nullo
946 4841 1115 4896 modo
1149 4841 1417 4898 ulterius.
1454 4844 1684 4899 Finium
1720 4847 2008 4918 regundo-

357 4943 489 4983 rum
529 4928 776 5001 triginta
825 4929 999 4984 annis
1047 4929 1210 4986 nulla
1257 4931 1706 4989 denuntiatione
1759 4935 2010 4990 interru-

356 5022 475 5086 pta,
496 5017 911 5088 exstinguitur.
948 5021 1014 5071 Et
1055 5018 1206 5073 actio
1239 5020 1566 5089 personalis
1597 5023 1800 5078 eodem
1825 5024 2010 5096 prasti-

354 5107 476 5160 nito
526 5110 790 5178 tempore
867 5106 981 5161 nisi
1063 5105 1555 5180 interrumpatur,
1600 5112 2014 5168 convenienter

352 5191 608 5248 tolletur.
648 5194 924 5250 Actiones
981 5195 1359 5266 temporales,
1407 5214 1474 5253 eo
1506 5199 1681 5254 etiam
1713 5201 1839 5256 solo
1870 5206 2014 5256 tem-

351 5296 488 5351 pore
515 5283 994 5354 exstinguuntur.
1031 5283 1103 5339 Ut
1123 5289 1180 5340 et
1211 5285 1466 5356 duplicia
1493 5289 1739 5358 judicia,
1766 5290 2014 5346 hsectria

354 5368 728 5427 solummodo
807 5389 936 5443 quas
998 5378 1324 5444 sequuntur
1371 5392 1384 5431 :
1432 5376 1654 5432 scilicet
1711 5379 2012 5435 communi

356 5456 700 5527 dividundo,
760 5461 995 5516 familias
1071 5463 1451 5533 erciscundae,
1513 5467 1750 5522 tertium
1805 5469 2010 5524 ﬁnium

359 5548 779 5616 regundorum.
813 5555 1012 5622 Neque
1069 5551 1230 5622 furti,
1281 5569 1470 5626 neque
1517 5571 1621 5628 pro
1679 5556 1858 5629 socio,
1909 5573 2010 5614 ne-

361 5650 475 5706 que
506 5635 577 5691 de
609 5643 781 5710 raptu
816 5639 1145 5710 mobilium,
1201 5657 1380 5714 quam
1431 5644 1619 5701 Latini
1648 5651 1932 5704 vocarunt
1956 5647 2012 5705 vi

364 5723 650 5783 bonorum
683 5731 1013 5800 raptorum,
1042 5728 1175 5801 plus
1207 5747 1384 5803 quam
1441 5734 1612 5792 annis
1643 5735 1886 5809 triginta
1935 5739 2007 5795 ad

2118 3415 2359 3486 exigite
2391 3414 2516 3469 fure
2549 3414 2608 3469 in
2668 3432 2905 3472 omnem
2967 3417 3114 3472 furis
3167 3417 3344 3473 vitam
3405 3417 3775 3490 producitur.

2115 3503 2543 3577 Hypothecaria
2575 3503 2725 3560 actio
2749 3505 3031 3562 debitoris
3063 3523 3185 3562 rem
3219 3507 3578 3579 habentis,et
3599 3509 3782 3581 probe

2118 3593 2497 3666 possidentis,
2531 3594 2600 3648 ad
2637 3611 2821 3650 annos
2854 3595 3247 3669 quadraginta
3276 3598 3630 3652 extenditur.

2189 3684 2283 3740 Hae
2315 3701 2447 3740 vero
2481 3691 2622 3740 sunt
2677 3685 2940 3758 actiones
2990 3687 3157 3743 bonas
3215 3688 3373 3759 ﬁdei,
3431 3689 3674 3762 emptio,
3724 3695 3784 3746 et

2115 3774 2396 3845 venditio,
2430 3775 2764 3844 conductio,
2800 3775 3073 3845 societas,
3113 3777 3343 3844 locatio,
3402 3778 3783 3836 administra-

2114 3864 2196 3919 tio
2249 3881 2443 3919 rerum
2498 3863 2849 3935 alienarum,
2881 3867 3030 3921 actio
3081 3867 3298 3934 tutela,
3332 3868 3615 3935 mandati,
3687 3870 3785 3926 de-

2117 3953 2315 4025 positi,
2351 3953 2732 4026 commodati,
2792 3955 2863 4009 de
2921 3955 3189 4027 pignore,
3251 3957 3324 4012 de
3367 3957 3657 4014 divisione
3689 3961 3780 4013 in-

2115 4045 2206 4098 ter
2238 4043 2568 4097 cohaeredes
2622 4059 2750 4113 quae
2784 4043 2994 4099 dividit
3035 4045 3378 4101 communia
3410 4047 3590 4102 etiam
3649 4047 3782 4105 sine

2116 4131 2392 4186 societate
2457 4131 2816 4202 praescriptis
2878 4133 3093 4199 verbis,
3148 4135 3267 4190 sive
3342 4137 3420 4189 sit
3477 4137 3546 4192 de
3605 4139 3783 4194 rebus

2117 4219 2494 4291 permutatis,
2523 4221 2642 4275 sive
2673 4237 2880 4278 rursus
2903 4222 3017 4278 alia
3067 4223 3284 4280 similis
3329 4224 3590 4282 nominis
3619 4227 3782 4283 aesti-

2121 4308 2778 4373 matoria,hzsreditatis
2819 4311 3040 4382 petitio,
3073 4329 3201 4384 qua
3259 4313 3539 4384 postulat,
3591 4332 3624 4371 o
3681 4317 3780 4371 do-

2119 4396 2296 4465 mine,
2330 4414 2398 4453 ea
2431 4413 2559 4470 quae
2592 4404 2729 4454 sunt
2762 4399 3124 4457 hazreditatis
3160 4417 3173 4457 :
3216 4418 3286 4458 ex
3337 4403 3614 4476 stipulatu
3665 4403 3778 4459 fuit

2119 4495 2344 4551 stricta.

2190 4585 2305 4639 Lex
2341 4585 2595 4641 Falcidia
2624 4585 2775 4642 hanc
2807 4591 3077 4643 naturam
3111 4587 3288 4645 habet
3319 4605 3333 4647 :
3367 4592 3418 4646 si
3451 4591 3582 4663 quis
3614 4593 3781 4664 pater

2120 4673 2298 4730 unius
2323 4673 2426 4729 filii
2463 4681 2732 4730 mortuus
2765 4676 2862 4741 sit,
2915 4677 3182 4733 scribens
3224 4682 3419 4734 autem
3453 4684 3782 4736 testamen-

2122 4766 2247 4818 tum
2277 4762 2376 4818 ﬁlii
2413 4781 2528 4819 non
2562 4764 2862 4834 meminit,
2922 4765 3020 4820 sed
3054 4766 3334 4822 infectam
3380 4768 3514 4825 aliis
3545 4768 3786 4841 reliquit

2120 4850 2544 4923 hereditatem,
2579 4852 2738 4908 ﬁlius
2761 4855 2990 4909 tertiam
3017 4860 3241 4926 partem
3262 4857 3552 4914 bonorum
3587 4863 3784 4930 pater-

2124 4958 2335 4996 norum
2371 4942 2661 5013 accipiet;
2696 4943 2742 4999 si
2797 4943 2968 4998 Pater
3015 4945 3267 5000 duorum
3321 4945 3572 5002 ﬁliorum
3625 4964 3784 5004 mor-

2123 5033 2262 5084 tuus
2293 5030 2390 5097 sit,
2430 5048 2557 5096 nec,
2617 5036 3038 5087 testamentum
3094 5035 3338 5104 faciens,
3397 5052 3600 5092 eorum
3662 5053 3785 5093 me-

2124 5119 2385 5186 minerit,
2447 5122 2702 5192 quisque
2750 5125 2924 5176 sextae
2992 5123 3178 5194 partis
3246 5124 3536 5181 bonorum
3589 5131 3784 5198 pater-

2124 5223 2336 5263 norum
2401 5211 2692 5280 particeps
2768 5210 2878 5266 erit
2950 5211 3056 5278 ;si
3106 5227 3243 5267 vero
3299 5217 3418 5269 tres
3485 5215 3606 5270 sint
3674 5215 3785 5270 filii

2122 5297 2705 5369 demortuo,quisque
2725 5315 2934 5354 nonam
2969 5306 3191 5370 partem
3218 5300 3567 5358 substantia:
3585 5307 3786 5374 pater-

2125 5402 2215 5440 nas
2238 5386 2498 5455 habebit,
2533 5388 2880 5443 duodecima
2916 5403 3049 5442 vero
3082 5390 3139 5443 in
3172 5396 3428 5460 quatuor
3462 5391 3609 5448 filios
3641 5392 3787 5448 divi-

2122 5475 2296 5530 detur
2331 5492 2343 5530 :
2371 5477 2416 5532 si
2451 5478 2648 5548 plures
2679 5479 2857 5547 sint,o
2887 5476 3328 5550 domine,quam
3363 5486 3637 5552 quatuor,
3662 5481 3784 5539 illis

2124 5571 2350 5637 partem
2403 5566 2748 5623 substantias
2833 5565 3020 5639 patris
3069 5566 3379 5625 dimidiam
3436 5568 3616 5626 dividi
3663 5569 3781 5644 legi

2125 5653 2390 5710 Falcidiaa
2422 5653 2629 5728 placet.

2193 5743 2336 5802 Rem
2369 5745 2626 5820 aliquam
2658 5747 2788 5807 sine
2817 5746 3158 5808 defensione
3178 5750 3586 5825 vendente-,in
3607 5749 3791 5812 solem
