4100 6412
393 401 517 466 953

397 533 491 596 Εἷς
519 531 690 606 μόνην
723 528 1136 607 κατακρίνονται
1165 531 1266 601 τήν
1295 529 1466 605 τιμὴν
1497 533 1594 584 τοῦ
1621 527 1941 604 πραθέντος,

401 625 471 684 Οἱ
502 620 560 678 δέ
587 644 650 697 γε
681 618 1085 700 δεφενδεύοντες
1116 621 1205 676 καὶ
1233 623 1335 691 τήν
1365 621 1534 694 τιμὴν
1566 615 1800 690 διδοῦσι,

395 716 509 774 Τοῦ
549 709 844 768 διπλασίου
873 732 932 766 τε
961 712 1186 782 ποινὴν,
1218 708 1361 765 οὕτω
1392 711 1495 785 γὰρ
1529 708 1804 778 ἐτυπώθη.

393 803 470 859 Τὸ
511 798 894 876 ἀντάλλαγμα,
921 797 1180 870 δέσποτα,
1210 804 1291 872 τῷ
1323 795 1548 870 δικαστῇ
1578 795 1808 852 δικτὲον.

395 898 505 962 Τῆς
532 892 856 966 παραθήκης
894 889 1065 963 μόνης
1099 887 1156 944 δὲ
1187 886 1549 964 ἀντάλλαγμα
1574 887 1673 942 οὐκ
1703 884 1836 944 ἔστι.

395 983 512 1051 Τήν
542 976 841 1049 καταδίκην
871 978 967 1034 τὸν
1001 977 1185 1048 ἀπλῆν
1219 976 1362 1054 ἔχει,
1395 977 1445 1048 ἐξ
1474 974 1826 1044 στιπουλάτο,

393 1069 461 1127 Ἥ
493 1069 598 1123 ἀπὸ
626 1071 724 1123 τοῦ
755 1063 1136 1140 δανείσματος,
1167 1069 1202 1136 ἡ
1236 1067 1287 1138 ἐξ
1318 1065 1634 1144 ἀγορασίας,

391 1159 458 1216 Ἥ
491 1157 597 1213 ἀπὸ
626 1163 726 1226 τῆς
764 1157 1107 1230 μισθώσεως,
1140 1159 1175 1227 ἡ
1211 1158 1316 1213 ἀπὸ
1349 1156 1727 1230 ἑνταλμάτων.

393 1246 606 1316 Διπλῆν
641 1243 686 1302 δ’
717 1242 936 1323 ἔχουσιν
977 1242 1270 1322 ε’ίσπραξιν,
1305 1249 1341 1317 ἡ
1371 1247 1468 1301 τοῦ
1502 1243 1837 1309 ’Δκουιλίου,

388 1339 453 1397 'H
475 1337 688 1415 ἀφανὴς
719 1335 1022 1411 ἀφαίρεσις,
1065 1335 1099 1406 ἡ
1133 1337 1591 1412 παρακαταθήκη.

393 1427 465 1482 Τὸ
497 1423 554 1481 δὲ
578 1446 642 1502 γε
669 1423 1076 1500 τεπραπλάσιον
1105 1423 1326 1495 κλοπῆς
1357 1423 1470 1478 ἐστι
1501 1420 1811 1499 προδήλου,

394 1512 626 1570 ’Ἄλλων
658 1535 716 1570 τε
745 1513 1017 1570 πλείστων
1043 1515 1272 1591 ἀγωγῶν
1294 1513 1380 1569 καὶ
1407 1511 1730 1591 ἷμφακτοὺμ
1753 1509 2050 1581 πλειόνων,

400 1600 610 1671 Φόϐου,
642 1603 1000 1678 συκοφαντίας
1027 1625 1105 1674 τε,
1137 1604 1224 1658 καὶ
1259 1601 1425 1658 δικῶν
1450 1599 1635 1658 ἄλλων
1668 1600 1857 1656 πάλιν.

395 1691 636 1749 Διπλοῦι
667 1689 724 1747 δὶ
760 1691 1159 1766 τετραπλάσιον
1196 1693 1224 1746 6
1257 1692 1362 1746 ἀπὸ
1393 1691 1655 1766 ναυαγίου

394 1781 674 1858 Ἀρπάσας
704 1785 952 1856 πρᾶγμα,
987 1778 1242 1854 δέσποτα,
1276 1780 1647 1856 εἰσπράττεται
1680 1777 1922 1842 δικαίως·

286 1889 294 1892 ’
399 1875 498 1928 Καὶ
522 1873 584 1928 τὸ
619 1871 716 1945 μὶν
747 1869 1144 1947 τετραπλάσιον
1175 1875 1575 1947 προσ-κυροῦται
1605 1868 1684 1942 τῷ
1707 1869 1904 1946 φίσκῳ,

397 1962 477 2021 Τὸ
509 1960 555 2016 δ’
587 1959 729 2017 ἄλλο
754 1959 1150 2037 τετραπλάσιον
1185 1961 1213 2015 6
1246 1962 1553 2034 ναυαγήσας
1585 1953 1724 2034 ἔχει.

396 2048 593 2114 Οὐδεὶς
627 2048 672 2106 δ’
705 2049 1024 2125 ἔναγόμενος
1055 2049 1279 2124 ὀνόματι
1313 2049 1521 2122 οῑκείῳ,

393 2142 458 2200 Ἠ
490 2137 537 2196 δ’
567 2139 863 2215 ἀλλοτρίαν
897 2140 1120 2216 ἀγωγὴν
1149 2139 1202 2195 ἐν
1235 2137 1512 2201 δικασταῖς
1543 2138 1855 2215 γυμνάζων,

394 2231 482 2300 Μὴ
516 2229 813 2308 ἐμφανίσας
843 2226 1113 2306 ἔγγραφον
1145 2227 1372 2298 ἐντολὴν
1406 2227 1770 2304 πρωτοτύπου

391 2319 589 2382 Καλῶς
619 2319 1053 2390 ἀπαιτηθήσεται
1081 2319 1171 2373 τὸν
1205 2315 1569 2373 ἱκανοδοσίαν.

392 2408 461 2465 Δί’
494 2410 588 2483 μὲν
624 2409 683 2464 ἐκ
706 2407 882 2482 νόμου
911 2407 1138 2485 ἀγωγαὶ,
1173 2406 1228 2463 αἵ
1258 2429 1316 2463 τι
1347 2408 1452 2463 ἀπὸ
1486 2405 1795 2482 δογμάτων,

390 2496 459 2555 Αἵ
485 2519 544 2554 τε
575 2497 635 2554 ἐκ
665 2496 957 2568 διατάξεων
989 2502 1097 2553 τῶν
1133 2495 1607 2574 βασιλικωτάτων,

388 2592 661 2659 Διηνεκεῗς
691 2591 1050 2664 τυγχάνουσιν
1080 2587 1154 2650 ὡς
1185 2583 1348 2663 ἤρισε
1370 2593 1488 2650 τοῖς
1519 2585 1736 2660 νόμοις.

387 2678 457 2735 Οἱ
487 2674 652 2752 νόμοι
681 2681 788 2732 τῶν
817 2677 1126 2752 πραιτόρων
1162 2673 1220 2732 δὲ
1253 2677 1587 2753 μονόχρονοι
1618 2675 1710 2730 τὸν
1745 2674 1922 2754 φύσιν,

388 2767 512 2826 Εἰσὶ
545 2764 602 2823 δὲ
627 2767 716 2822 καὶ
748 2767 1078 2843 πραιτώριαι
1113 2763 1381 2836 διηνεκεῖς
1412 2765 1616 2842 ὀλίγαι,

387 2856 480 2917 Ὠς
510 2859 546 2926 ἡ
578 2855 702 2932 περὶ
731 2860 830 2910 τοῦ
856 2853 1197 2929 κλέμματος,
1229 2857 1264 2926 ἡ
1294 2861 1410 2919 τοῖς
1436 2853 1788 2932 διακατόχοις

394 2946 861 3021 Παριρχομὲνοις,
889 2943 1144 3016 δέσποτα,
1173 2949 1291 3010 τοῖς
1319 2966 1382 3020 γε
1405 2946 1825 3023 νομικωτέροις.

398 3033 468 3091 Al.
501 3030 558 3088 δὲ
584 3055 648 3108 γε
679 3034 771 3108 μὶν
800 3033 1084 3092 ποινάλιαι
1116 3035 1326 3112 ἀγωγαὶ
1346 3035 1705 3110 κεκλημέναι,

401 3123 535 3187 Τοῖς
562 3121 930 3202 κληρονόμοις
963 3122 1227 3198 δίδονται,
1261 3124 1324 3181 οὐ
1352 3126 1488 3182 κατὰ
1517 3122 1910 3203 κληρονόμων,

1754 391 2133 465 SYNOPSIS
2177 391 2469 456 LEGUM.

2077 529 2133 596 Α
2161 526 2385 586 Ὁποῖόν
2418 525 2530 584 ἔστι
2560 526 2595 596 ἡ
2623 524 2807 596 κλοπή
2842 526 3054 602 ἁρπαγή
3087 544 3146 579 τε
3173 519 3537 599 πραγμάτων,

2079 1915 2127 1980 Β

3691 386 3812 449 954

2159 618 2335 681 Αὐτὸς
2369 618 2396 673 6
2426 616 2764 688 Ἀκουίλιος,
2800 617 2827 671 6
2861 615 2984 690 περὶ
3015 622 3113 686 τῆς
3147 613 3344 688 ζημίας

2158 709 2222 765 Ἡ
2256 705 2313 763 δέ
2340 729 2402 783 γε
2431 707 2551 784 περὶ
2587 700 2814 782 ὕϐρεως,
2847 703 2960 760 οὐδ’
2992 704 3042 760 ἐν
3074 709 3191 766 τοῖς
3219 701 3595 780 κληρονόμοις

2161 797 2225 855 El
2258 793 2420 853 λάϐοι
2454 795 2511 852 δὲ
2539 794 2902 873 προκάταρξιν
2938 794 2989 849 ἐν
3020 799 3137 858 τοῖς
3167 790 3539 869 δικαστηρίοις

2163 888 2265 945 Καὶ
2295 886 2669 962 κληρονόμοις
2705 881 2938 950 δίδοται,
2969 882 3058 938 καὶ
3089 883 3226 937 κατὰ
3255 881 3623 956 κληρονομων

2163 979 2306 1048 Γυνὴ
2341 974 2397 1031 δὲ
2432 977 2567 1050 μετὰ
2596 977 2859 1052 χήρευσιν
2894 974 2970 1048 μὴ
3006 970 3475 1047 δευτερογαμοῦσα

2164 1065 2268 1120 Σύν
2295 1070 2411 1126 τοῖς
2442 1063 2596 1119 παισὶ
2622 1062 2898 1137 μερίζεται
2930 1059 3022 1116 τὸν
3055 1066 3264 1136 κλῆρον
3290 1059 3381 1114 τὸν
3411 1060 3686 1133 πατρῷον,

2162 1149 2443 1228 Λαμϐάνει
2468 1175 2526 1210 τε
2557 1151 2842 1230 ἰσάριθμον
2881 1156 3076 1228 μοῖραν
3112 1150 3189 1205 ἑνὶ
3218 1153 3326 1204 τῶν
3367 1144 3595 1216 παίδων,

2072 1302 2085 1310 _
2163 1245 2263 1300 Καὶ
2291 1244 2428 1299 κατά
2457 1251 2656 1319 χρῆσιν
2690 1243 2805 1298 κατ’
2837 1241 2968 1297 αὐτὸ
2998 1239 3086 1296 καὶ
3117 1237 3252 1294 κατὰ
3283 1235 3615 1293 δεσποτείανο

2161 1335 2226 1392 Ἦ
2260 1332 2317 1389 δὶ
2339 1333 2476 1402 αὗτή
2508 1333 2835 1410 ἀντιστροφή
2867 1332 2955 1386 καὶ
2989 1335 3068 1404 τῷ
3096 1326 3248 1405 ἀνδρὶ
3282 1327 3566 1404 τυγχάνει.

2161 1424 2223 1481 Ὁ
2254 1423 2594 1497 αὖτεξούσιος
2629 1424 2744 1485 υἱὸς
2775 1420 2995 1483 ἄτεκνος
3028 1421 3408 1489 ἀποθνήσκων,

2161 1513 2419 1588 Νόμιμον
2451 1513 2813 1586 ποστιμόριον
2844 1513 2958 1585 (12)
2987 1515 3103 1572 τοῖς
3135 1513 3357 1583 γονεῦσι
3389 1503 3612 1564 διδότω.

2161 1605 2217 1660 Ὀ
2241 1603 2412 1678 κόρην
2448 1603 2774 1679 βιασάμενος
2803 1601 2893 1656 καὶ
2930 1599 3121 1675 βιαίως
3150 1598 3416 1673 ἀρπάσας,

2161 1695 2308 1750 Μετὰ
2338 1693 2504 1772 ξιφῶν
2540 1687 2912 1768 βαρϐαρικῶν,
2944 1688 3081 1768 ξίφει
3108 1687 3473 1762 τιμωρητέος.

2161 1783 2224 1840 Εἰ
2257 1781 2314 1839 δὲ
2341 1803 2425 1845 τις
2457 1780 2644 1837 ὅπλων
2677 1779 2894 1845 ἄνευθεν
2920 1780 3176 1853 ἁρπάσειε
3202 1779 3301 1848 τὴν
3332 1775 3528 1852 κόρην,

2163 1872 2264 1930 Καὶ
2297 1869 2560 1944 δήμευσιν
2600 1869 2902 1939 ὑφίσταται,
2933 1867 3023 1923 καὶ
3051 1869 3299 1940 τὲμνεται
3329 1867 3428 1934 τήν
3461 1869 3648 1940 χεῖρα,

2158 1963 2224 2019 Ἥ
2263 1961 2474 2036 μᾶλλον
2510 1959 2572 2015 οὗ
2605 1957 2920 2032 δημεύεταιο
2952 1959 3024 2029 τῇ
3053 1954 3109 2011 δὲ
3137 1977 3198 2032 γε
3232 1954 3510 2030 βιασθείσῃ

2155 2051 2216 2108 Ἦ
2250 2058 2442 2120 κτῆσις
2468 2047 2666 2106 τούτου
2698 2048 2954 2122 σύμπασα
2983 2045 3347 2122 προσάπτεναι
3381 2040 3625 2106 δικαίωςο

2158 2141 2252 2198 Ἐκ
2283 2137 2338 2195 δὲ
2365 2161 2427 2215 γε
2454 2143 2551 2195 τοῦ
2579 2137 2946 2211 τολμήματος
2976 2136 3153 2210 γάμος
3183 2135 3248 2190 οὐ
3281 2131 3581 2195 τελεστὲος.

2155 2235 2246 2286 Δεῖ
2273 2229 2412 2285 κατά
2437 2230 2538 2298 τὴν
2567 2228 2850 2297 συνήθειαν
2882 2225 2983 2294 τὴν
3013 2221 3184 2279 πάλαι
3213 2224 3575 2292 τυπωθεῖσαν,

2154 2321 2273 2390 Τὴς
2304 2318 2510 2393 ἐποχὰς
2538 2317 2862 2392 ἀφίστασθαι
2893 2311 3158 2385 ἀλλήλων
3187 2312 3238 2367 ἒν
3265 2309 3508 2386 θαλάσσῃ

2155 2413 2290 2472 Ταῖς
2331 2403 2606 2484 ἀκριϐέσιν
2641 2406 2905 2480 ὀργυιαῖς,
2938 2404 3029 2458 καὶ
3060 2398 3575 2479 προδιαταχθείσαις

2155 2497 2320 2555 Πὲντι
2346 2498 2484 2572 πρὸς
2512 2500 2632 2558 ταῖς
2665 2494 2931 2565 ἐξήκοντα
2959 2493 3049 2548 καὶ
3077 2496 3196 2554 ταῖς
3226 2488 3582 2568 τριακοσίαις·

2154 2589 2242 2651 Ὧς
2271 2589 2407 2643 εἶναι
2437 2586 2500 2642 τὸ
2537 2586 2630 2659 μὶν
2658 2583 2831 2657 ἥμισυ
2859 2582 3055 2638 τούτου
3085 2581 3285 2645 παντὸς
3313 2584 3410 2636 τοῦ
3445 2577 3644 2658 μέτρου

2155 2680 2251 2734 Ἐκ
2274 2681 2382 2732 τῶν
2417 2675 2603 2751 ὁρίων,
2628 2672 2884 2744 δέσποτα,
2920 2677 3016 2727 τοῦ
3041 2693 3105 2748 γε
3135 2670 3360 2746 θατίρου
3395 2669 3614 2746 μέρους,

2155 2768 2334 2845 Μέχρι
2365 2771 2462 2822 τοῦ
2492 2763 2938 2842 γειτονεύσαντος
2969 2767 3067 2818 τοῦ
3089 2761 3288 2818 λοιποῦ
3317 2760 3636 2834 τιταμένου.

2155 2859 2310 2934 Ἔχει
2339 2857 2437 2925 τήν
2467 2854 2861 2918 ταυτοπάθειαν
2887 2849 2934 2906 έί
2963 2872 3045 2915 τις
3071 2849 3346 2928 τυφλώσει
3378 2849 3566 2923 κόρας,

2155 2947 2310 3018 Πλήν
2345 2944 2632 3026 ὀφθαλμὸν
2659 2943 2773 3000 ἀντ’
2802 2940 3091 3018 ὀφθαλμοῦ
3124 2940 3349 3003 εἰκότως
3378 2936 3674 3009 ἀποδώσει,

2153 3037 2220 3096 Εἰ
2254 3034 2310 3092 δέ
2337 3057 2419 3097 τις
2452 3034 2741 3110 ἐξορύξειεν
2775 3032 3019 3106 ὄμματα,
3052 3032 3188 3112 φεῦί
3218 3030 3285 3087 τὰ
3314 3027 3434 3100 δύο,

2152 3127 2329 3191 Αὐτὸς
2358 3125 2790 3203 ἐξορυχθήσεται
2823 3119 3108 3202 ὀφθαλμὸν
3138 3118 3230 3179 ἶνα
3261 3121 3453 3197 μόνον,

3411 3211 3576 3271 Vers.
3607 3210 3733 3270 862.

386 3475 835 3534 astimatienem
868 3478 951 3534 rei
981 3479 1229 3535 venditas
1282 3481 1772 3537 condemnantur.
1820 3480 1880 3537 Si
1910 3498 2044 3539 vero
2075 3483 2119 3552 (ζ
2155 3499 2273 3539 non
2331 3485 2535 3538 contra
2591 3480 2881 3548 heredes,
2941 3480 3443 3553 quemadmodum
3502 3481 3594 3535 est
3649 3476 3810 3551 furti,

386 3566 731 3638 defendant,
763 3567 1215 3626 mstimationem
1261 3574 1320 3625 et
1368 3587 1602 3642 pmnam
1653 3571 1818 3644 dupli
1861 3572 2046 3644 dant;

389 3653 472 3711 sic
530 3657 690 3712 enim
751 3661 1042 3713 statutum
1101 3662 1214 3715 est.
1275 3658 1818 3732 Compensationes,
1869 3678 1901 3717 ο
1942 3661 2048 3717 do-

389 3743 634 3812 mine,a
686 3746 888 3817 judice
945 3752 1086 3803 sunt
1143 3748 1568 3820 suscipiendas:
1629 3749 1814 3806 solius
1870 3752 2046 3822 depo-

391 3832 490 3888 siti
521 3836 926 3906 compensatio
975 3853 1090 3894 non
1135 3842 1242 3894 est.
1291 3838 1574 3910 Simplam
1606 3839 2047 3896 condemnatio-

391 3940 523 3980 nem
557 3925 801 3994 habent,
854 3943 923 3982 ex
983 3927 1290 3999 stipulatu,
1344 3930 1556 3996 mutui,
1608 3945 1678 3984 ex
1731 3935 1929 4001 empto
1962 3931 2047 3986 lo-

389 4009 529 4076 cati,
545 4012 831 4068 mandati.
855 4012 1027 4086 Dupli
1051 4014 1413 4070 exactionem
1437 4015 1911 4089 habent,Aquilia
1934 4016 2046 4084 lex,

389 4099 613 4156 furtum
648 4118 759 4157 non
795 4103 1198 4170 manifestum,
1251 4104 1606 4176 depositum.
1642 4105 2048 4177 Quadruplum

387 4206 522 4246 vero
558 4190 698 4246 furti
735 4192 1056 4263 manifesti,
1099 4192 1226 4248 aliis
1275 4208 1510 4265 quoque
1540 4194 1741 4250 multae
1789 4196 2050 4253 actiones

391 4280 450 4335 in
483 4280 724 4346 factum,
761 4286 979 4350 metus,
1013 4281 1320 4337 calumniis
1362 4299 1591 4352 rursus,
1625 4288 1680 4338 et
1711 4283 1842 4340 alias
1871 4285 2049 4342 actio-

388 4386 515 4426 nes.
551 4373 658 4437 Qui
691 4387 760 4427 ex
791 4371 1097 4445 naufragio
1131 4388 1250 4428 rem
1285 4374 1503 4444 rapuit,
1535 4391 1567 4428 ο
1607 4375 1863 4445 domine,
1886 4375 2051 4447 juste

387 4460 656 4532 rependit
704 4459 955 4533 duplum
1004 4460 1446 4533 quadruplum:
1481 4461 1640 4518 aliud
1691 4463 1846 4519 enim
1899 4481 2048 4536 qua-

389 4549 668 4622 druplum
730 4550 870 4606 ﬁsco
903 4550 1299 4621 adjudicatur,
1355 4549 1514 4606 aliud
1575 4551 1754 4608 habet
1812 4554 2050 4610 naufra-

389 4639 552 4712 gium
589 4657 824 4712 passus.
874 4641 1056 4696 Nemo
1117 4640 1350 4712 proprio
1382 4641 1619 4696 nomine
1669 4641 1724 4695 in
1751 4642 2046 4712 judicium

388 4733 632 4785 vocatus
681 4731 783 4786 dat
830 4730 1276 4786 satisdationem
1320 4729 1650 4801 judicatum
1691 4730 1870 4786 solvi:
1905 4732 2050 4789 alie-

391 4835 526 4874 nam
563 4835 696 4875 vero
726 4817 890 4874 litem
942 4819 999 4874 in
1042 4819 1268 4891 judicio
1315 4836 1612 4889 exercens,
1670 4837 1854 4892 neque
1884 4820 2049 4876 exhi-

389 4905 537 4964 bens
604 4907 912 4979 scriptum,
968 4909 1315 4963 mandatum
1395 4908 1738 4980 principalis
1814 4910 2048 4977 actoris,

388 4999 543 5051 recte
573 4994 948 5069 compellitur
979 4997 1048 5051 ad
1083 4997 1832 5065 satisdationemQuasdam
1866 4999 2047 5054 actio-

393 5101 494 5142 nes
524 5102 592 5140 ex
619 5085 768 5158 lege,
825 5086 1094 5158 quadam
1155 5101 1225 5141 ex
1273 5087 1803 5150 constitutionibus
1859 5088 2048 5161 impe-

386 5174 636 5232 rialibus
696 5180 990 5248 perpetuae
1048 5180 1208 5243 sunt,
1267 5182 1334 5232 ut
1392 5176 1622 5250 legibus
1672 5177 1910 5250 placuit.
1949 5184 2049 5234 Le-

385 5279 489 5337 ges
517 5269 832 5337 praetorum
890 5269 1101 5320 natura
1146 5283 1356 5321 annuae
1387 5274 1547 5336 sunt,
1598 5273 1656 5323 et
1685 5284 1884 5339 pauca:
1916 5268 2047 5338 qui-

387 5353 519 5410 dem
555 5354 837 5426 pmtorias
868 5353 1127 5410 actiones
1159 5361 1454 5428 perpetuae
1481 5361 1638 5426 sunt,
1675 5361 1739 5412 ut
1766 5357 1836 5413 de
1869 5357 2046 5426 furto,

385 5447 446 5498 et
487 5458 616 5514 qua
667 5443 844 5499 datur
900 5443 1189 5500 bonorum
1246 5446 1692 5516 possessoribus
1744 5446 2045 5519 legitimis.

385 5531 652 5590 Pmnales
683 5548 818 5589 vero
864 5533 1128 5590 actiones
1168 5539 1383 5591 vocatis
1428 5535 1646 5591 dantur
1690 5534 2046 5608 heredibus,

462 5711 576 5787 (i2)
608 5712 863 5786 Ποστημ.

2156 3571 2448 3627 bonorum
2481 3575 2806 3642 raptorum,
2839 3569 3108 3643 Aquilius,
3161 3569 3384 3639 damni,
3417 3567 3768 3640 injuriarum
3795 3585 3809 3623 :

2158 3660 2208 3716 si
2239 3661 2374 3732 quis
2405 3659 2528 3716 litis
2573 3661 3061 3717 contestationem
3107 3661 3326 3731 ceperit
3354 3660 3415 3714 in
3455 3657 3722 3730 judiciis,
3754 3661 3814 3714 et

2157 3749 2512 3820 heredibus,
2547 3755 2605 3806 et
2652 3757 2854 3806 contra
2906 3749 3166 3805 heredes
3197 3750 3391 3804 datur.
3443 3747 3652 3804 Mulier
3682 3751 3814 3819 post

2156 3839 2498 3894 viduitatem
2527 3840 2785 3895 secundo
2833 3857 2949 3894 non
3000 3839 3230 3895 nubens
3258 3854 3393 3894 cum
3426 3837 3564 3893 ﬁliis
3603 3837 3815 3892 dividit

2158 3928 2556 3984 hereditatem
2589 3933 2920 4000 paternam,
2954 3932 3010 3982 et
3037 3926 3321 3999 aequalem
3355 3926 3454 3981 uni
3491 3924 3812 3981 liberorum

2158 4021 2384 4089 partem
2417 4016 2591 4088 capit,
2637 4017 2829 4089 quoad
2883 4032 3077 4084 usum,
3107 4019 3165 4071 et
3212 4015 3402 4086 quoad
3439 4013 3809 4070 dominium:

2156 4105 2312 4162 idem
2347 4122 2376 4161 e
2406 4122 2685 4162 converso
2720 4105 2931 4161 marito
2971 4103 3271 4175 competit.
3323 4103 3508 4158 Filius
3540 4101 3631 4159 sui
3655 4101 3811 4173 juris

2157 4194 2285 4251 sine
2314 4194 2516 4250 liberis
2546 4194 2856 4264 decedens,
2903 4193 3227 4266 legitimam
3262 4196 3534 4265 quartam
3584 4195 3811 4264 partem

2156 4283 2502 4356 parentibus
2559 4284 2716 4339 dato.
2778 4282 3039 4339 Puellam
3095 4281 3364 4350 violans,
3422 4285 3480 4337 et
3527 4279 3814 4337 violenter

2158 4390 2291 4430 cum
2343 4373 2588 4430 ensibus
2635 4373 2960 4429 barbaricis
3009 4373 3266 4444 rapiens,
3318 4369 3664 4444 plectendus
3721 4374 3812 4426 est

2157 4479 2333 4521 ense:
2368 4464 2416 4520 si
2465 4463 2593 4520 sine
2641 4461 2821 4519 armis
2870 4462 3150 4535 rapuerit,
3203 4461 3492 4518 bonorum
3549 4459 3810 4533 publica-

2156 4554 2374 4610 tionem
2437 4554 2749 4623 sustineat,
2807 4556 2864 4608 et
2919 4553 2970 4609 ei
3034 4568 3246 4608 manus
3306 4550 3663 4608 scindatur:
3721 4547 3810 4605 vel

2159 4644 2354 4716 potius
2387 4643 2541 4698 bona
2569 4659 2683 4698 non
2745 4641 3141 4714 publicentur,
3184 4639 3283 4696 sed
3333 4638 3558 4695 violata:
3606 4642 3665 4694 et
3693 4637 3810 4692 vim

2158 4749 2345 4805 passae
2386 4733 2547 4804 juste
2595 4731 2795 4787 omnia
2847 4729 3234 4804 applicentur,
3287 4745 3354 4784 ex
3386 4743 3452 4783 eo
3500 4743 3634 4783 vero
3673 4726 3811 4782 faci-

2159 4837 2300 4876 nore
2333 4821 2549 4893 nuptiae
2581 4837 2695 4876 non
2731 4826 2862 4875 sunt
2910 4817 3296 4892 perficiendae.
3332 4817 3571 4889 Oportet
3599 4831 3807 4872 secun-

2157 4911 2300 4967 dum
2376 4910 2866 4967 consuetudinem
2943 4907 3082 4964 olim
3151 4907 3483 4962 institutam
3547 4920 3808 4962 remoras

2156 5000 2375 5055 distare
2404 4999 2654 5055 invicem
2704 4999 2762 5054 in
2815 4997 2983 5067 mari,
3032 4997 3252 5054 exactis
3283 4999 3343 5052 et
3400 4994 3808 5068 praeordinatis

2155 5087 2434 5144 trecentis
2464 5088 2770 5161 sexaginta
2791 5088 3054 5160 quinque
3082 5087 3261 5153 ulnis,
3285 5086 3369 5141 ita
3398 5088 3464 5140 ut
3491 5083 3805 5140 dimidium

2155 5178 2351 5234 omnis
2399 5179 2528 5251 ejus
2577 5194 2873 5234 mensura
2921 5178 2992 5234 ab
3039 5176 3220 5232 unius
3268 5174 3452 5248 partis
3501 5174 3740 5242 ﬁnibus,
3774 5189 3808 5230 ο

2156 5267 2413 5335 domine,
2447 5268 2742 5340 reliquum
2793 5267 2864 5323 ad
2915 5267 3173 5321 vicinum
3220 5281 3412 5337 usque
3456 5263 3808 5336 porrigatur.

2153 5355 2208 5411 Si
2238 5355 2372 5429 quis
2403 5356 2658 5429 pupillas
2688 5356 2842 5412 oculi
2889 5355 3272 5421 occsecaverit,
3314 5353 3455 5410 talio
3484 5357 3614 5423 est;
3644 5353 3808 5408 dabit

2155 5446 2312 5502 enim
2345 5450 2412 5501 ut
2440 5463 2548 5518 par
2576 5451 2666 5502 est
2716 5445 2951 5502 oculum
2983 5462 3086 5517 pro
3135 5442 3341 5500 oculo:
3384 5444 3432 5500 si
3484 5459 3618 5499 vero
3649 5443 3806 5515 quis,

2155 5535 2271 5593 heu
2296 5534 2310 5592 Ι
2342 5535 2541 5594 oculos
2589 5537 2796 5594 ambos
2826 5534 3110 5606 oﬁ‘oderit,
3141 5535 3194 5592 ei
3243 5533 3457 5592 unicus
3485 5531 3692 5591 oculus
3720 5532 3806 5590 ef-
