4100 6440
252 348 370 410 955

253 477 405 537 ’Δντὶ
436 476 494 534 δέ
523 498 583 554 γε
601 481 698 532 τοῦ
726 476 1033 549 λείποντος,
1068 476 1209 533 δότω
1238 480 1338 549 τήν
1373 476 1672 558 διμοιρίαν,

253 571 348 641 Τῷ
376 565 717 643 τυφλωθέντι
756 567 883 644 παρ’
914 566 1081 621 αὑτοῦ
1111 570 1219 622 τῶν
1256 565 1412 623 ίδίων
1439 570 1799 646 πραγμάτων,

254 657 319 717 Εἰ
351 655 395 712 δ’
426 653 566 712 ἔστιν
596 654 950 733 ἀπορώτατος
976 656 1259 734 έξορὺχθω
1289 659 1357 712 τὰ
1388 655 1507 716 δ’ἴιο.

254 749 323 805 Αἱ
355 747 549 822 ἄποροι
583 745 675 801 καὶ
709 743 963 822 ἄπροικοι
1000 748 1075 821 μή
1111 745 1629 824 δευτερογαμοῦσαι,

255 838 521 912 Τέταρτον
559 836 726 911 μέρος
756 835 1029 912 λήψονται
1048 841 1156 892 τῶν
1186 834 1453 910 ἀνδρικῶν
1477 836 1835 916 πραγμάτων,

257 926 360 985 Καὶ
390 925 586 981 τούτου
618 923 1049 997 δεσποζέτωσαν,
1080 926 1169 982 καὶ
1201 925 1408 982 παίδων
1441 928 1824 1005 ὑπαρχόντων.

255 1016 537 1087 Ἐξαετοῦς
571 1016 632 1071 οὐ
662 1016 866 1092 γίνεται
904 1017 1170 1091 μνηστεία
1193 1017 1328 1072 κατά
1369 1019 1590 1092 νόμους.

254 1106 314 1161 ⁸0
342 1106 434 1160 τὸν
468 1102 682 1183 φυγάδα
713 1103 910 1161 δοῦλον
944 1103 1001 1161 δὲ
1031 1105 1353 1182 πιπράσκων
1383 1106 1731 1183 παρανόμως,

256 1196 329 1251 Τὸ
360 1194 614 1272 διαφέρον
646 1191 887 1265 δίδωσιν,
920 1195 955 1265 ἢ
986 1192 1219 1251 διπλοῦν
1255 1197 1580 1253 ἀπαιτεῖται·

331 1286 690 1363 Ἀτιμουργοὶ
722 1284 1084 1363 τυγχάνουσιν
1110 1287 1344 1363 ἀγωγαὶ,
1375 1285 1610 1343 δέσποτά
1641 1309 1770 1363 μου,

255 1378 320 1435 Ἡ
347 1370 524 1452 ὕϐρις,
554 1376 589 1446 ἡ
624 1375 746 1453 περὶ
777 1375 1013 1448 κλοπῆς,
1049 1375 1372 1452 ἐπιτροπῆς,
1401 1378 1489 1432 καὶ
1524 1376 1715 1452 δόλου,

259 1466 324 1523 Ἥ
357 1465 480 1539 περὶ
506 1466 972 1541 παρακαταθήκης
1004 1486 1082 1537 τε,
1113 1467 1202 1521 καὶ
1233 1468 1479 1544 ἁρπαγῆς
1514 1467 1717 1543 β·.αίας,

260 1556 392 1632 Περῖ
417 1552 635 1626 κλοπῆς
663 1577 741 1627 τε,
778 1552 1032 1629 δέσποτα,
1062 1557 1152 1611 καὶ
1182 1551 1413 1633 ὕϐρεως,
1443 1556 1533 1612 καὶ
1557 1554 1747 1632 δόλου,

261 1644 364 1701 Καὶ
393 1651 495 1716 τῆς
532 1643 710 1720 βιαίας
739 1645 991 1722 ἁρπαγῆς
1020 1648 1357 1722 πραγμάτων
1387 1645 1721 1723 ἀλλοτρίων,

264 1732 370 1791 Κᾶν
407 1736 485 1809 μή
510 1755 594 1799 τις
622 1732 1014 1811 καταδικασθῇ,
1046 1733 1195 1791 ἀλλά
1223 1755 1274 1790 τι
1307 1732 1434 1799 δοὺς
1466 1734 1677 1813 ἀπέλθῃ

264 1826 379 1895 Τῆς
418 1821 735 1895 καταδίκης,
762 1825 1002 1904 ⁴πέφυκεν
1036 1824 1189 1888 έντῦς
1220 1831 1320 1895 τῆς
1341 1825 1583 1900 ἀτιμίας.

264 1915 379 1990 Πρὸ
407 1919 510 1984 τῆς
544 1911 597 1968 ἐν
628 1912 913 1990 πράγμασι
942 1920 1144 1987 νομῆς,
1176 1920 1352 1989 νομῆς
1383 1917 1538 1991 ψυχῇ
1568 1913 1658 1971 καὶ
1694 1914 1832 1993 μόνῃ

264 2000 457 2066 Οὐδεὶς
491 1997 948 2077 ἐπιλαμϐάνεται,
979 2004 1152 2077 νομὴν
1187 2001 1244 2059 δὲ
1277 2004 1492 2079 σώματί
1522 2027 1615 2079 μοι

265 2090 668 2167 Ποραδοθεῖσαν
701 2089 929 2167 δύναμαι
961 2095 1115 2169 ψυχῇ
1151 2092 1291 2170 μόνῃ
1325 2093 1629 2174 φυλάττειν.

266 2183 341 2238 Τὸ
376 2176 587 2237 οὑνδεϐἶ
625 2179 953 2257 ἲντέρδικτον
987 2187 1187 2238 νοεῖται
1220 2186 1635 2261 προσηκόντως,

267 2269 344 2329 Ei’
364 2292 449 2336 τις
476 2271 571 2327 τὸν
598 2266 800 2349 ἔχοντα
828 2273 1004 2346 νομὴν
1033 2273 1356 2351 πράγματος
1387 2273 1669 2349 ἀκινήτου,

268 2363 387 2431 Τῆς
416 2362 594 2436 νομῆς
634 2361 977 2436 ἀπελάσειεν,
1009 2364 1083 2426 ὡς
1119 2363 1299 2440 βίαιος
1328 2365 1429 2434 τῆυ
1460 2366 1712 2443 γνώμην,

268 2448 375 2507 Κᾶν
403 2452 496 2526 μὶν
523 2453 588 2522 ἦν
616 2453 651 2523 ἡ
686 2452 938 2525 ἀκίνητος
966 2461 1159 2524 κτῆσις
1186 2459 1283 2510 τοῦ
1313 2458 1619 2531 νεμομένου

268 2540 659 2617 Εἰσπράττεται
701 2542 788 2598 καὶ
820 2544 919 2612 τὴν
950 2545 1128 2618 νομὴν
1156 2545 1256 2615 τήν
1287 2545 1617 2619 ἀποτί;.ο.ησίν
1647 2566 1723 2603 τε.

270 2629 339 2688 Εἴ
366 2628 412 2687 δ’
442 2634 511 2700 ἦν
538 2632 698 2691 αὑτὸς
731 2634 759 2687 ὁ
796 2632 970 2710 βίαιος
997 2637 1092 2687 τοῦ
1122 2633 1443 2711 πράγματος
1473 2631 1763 2705 δεσπότης,

267 2719 376 2791 Τὴν
423 2719 621 2777 τούτου
676 2723 892 2785 πάντως
937 2723 1187 2799 στέρησιν
1216 2719 1333 2801 ἔχει
1391 2724 1586 2794 ποινὴν
1640 2726 1739 2795 τῆς
1792 2723 1925 2781 τόλ-

1694 2816 1854 2886 [μηςο

339 2901 557 2974 Ὄνομα
583 2897 794 2975 γενικόν
822 2898 963 2956 ἐστιν
998 2901 1026 2957 ὁ
1057 2898 1340 2972 δανειστὴς
1369 2907 1450 2975 τῷ
1481 2900 1638 2976 νόμῳ
1694 2836 1760 2890 [μ

269 2993 383 3052 Πᾶς
414 2988 516 3066 γὰρ
548 2989 577 3044 ὁ
607 2989 1061 3065 χρεωστοὺμενος
1084 2989 1135 3061 ἐξ
1160 2991 1376 3047 οἱασοῦν
1409 2989 1588 3053 αῗτίας

270 3078 368 3136 Ἐκ
395 3078 569 3153 νόμου
601 3075 883 3150 δανειστής
912 3079 1023 3135 ἐστι
1057 3083 1156 3135 τοῦ
1184 3081 1698 3157 κεχρεωστημένου·

266 3166 367 3222 Καὶ
398 3166 563 3225 πάλιν
592 3165 768 3231 ἄλλος
798 3164 1079 3239 δανειστὴς
1108 3167 1293 3233 ἷδικῶς
1323 3168 1691 3244 κεκλημένος,

1600 348 2024 413 MICHAELIS
2065 351 2341 414 PSELLI

3561 352 3682 415 956

1938 484 1995 553 Α
2021 485 2203 548 Ὅστις
2236 483 2668 559 ἀπηριθμήσατο
2697 487 2777 558 τῷ
2810 483 3066 562 χρεώστῃ
3100 480 3354 563 χρυσίον,

2019 576 2090 633 Ἠ
2121 574 2344 653 πρᾶγμά
2367 596 2421 630 τι
2453 574 2862 650 σταθμώμενον,
2896 573 2983 630 καὶ
3018 573 3386 650 μετρούμενον
3420 574 3598 653 φὺσει,

2018 667 2193 743 Ὅπερ
2225 666 2364 721 ἐστὶν
2404 663 2461 721 δὲ
2495 664 2743 744 πόνδερε,
2777 664 3038 742 νοὺμερο,
3072 667 3341 740 μενσουρά
3367 687 3448 739 τε,

2021 758 2161 815 ’Ὀσα
2222 753 2489 831 σταθμοῖ),
2546 757 2635 812 καὶ
2698 755 2902 834 μέτρου
2956 776 3055 826 τε,
3114 754 3203 811 καὶ
3264 755 3502 834 ἀριθμοῦ
3554 778 3683 834 τυγ-

3403 846 3607 924 [χάνει,

2022 933 2255 1011 Πόνδερε
2287 934 2383 1010 μὶν
2418 939 2534 992 οἷον
2568 935 2795 1013 χρυσὸς,
2830 934 3082 1014 ἂργυρὸς,
3119 930 3362 1009 μόλυϐός
3391 956 3471 1007 τε,

2022 1027 2285 1100 Νοῦμμοι
2313 1024 2507 1082 λεπτοῖ
2538 1025 2606 1081 τὰ
2635 1026 2873 1101 νοῦμερο
2908 1025 3053 1088 οἶνος
3080 1024 3146 1081 τᾶ
3171 1023 3439 1103 μένσουρά
3459 1046 3535 1083 τε.

2024 1119 2147 1173 Τῶν
2183 1113 2239 1171 δὲ
2271 1114 2494 1171 δανείων
2530 1116 2764 1195 πέφυκεν
2796 1119 2832 1187 ἡ
2856 1114 3121 1193 διαίρεσις
3153 1114 3311 1189 αὕτη,

2022 1207 2101 1262 Ti
2130 1206 2223 1280 μὶν
2255 1206 2356 1281 γαρ
2388 1204 2717 1278 ένυπόθηκα,
2750 1208 2816 1261 τά
2848 1203 2895 1261 δ’
2926 1203 3047 1261 ἄνευ
3083 1205 3386 1277 ὑποθήκης·

2024 1296 2131 1353 Καὶ
2162 1299 2267 1351 τῶν
2298 1293 2647 1367 ἐνυποθῆκων
2684 1293 2741 1350 δὲ
2771 1292 2994 1350 δανείων
3024 1293 3357 1371 λεγομένων,

2023 1388 2099 1442 Ti
2132 1386 2229 1462 μὲν
2261 1380 2375 1463 ἔχει
2409 1384 2706 1462 προνόμια,
2737 1384 2802 1440 τά
2833 1382 2879 1440 δ’
2910 1381 3030 1440 ἄνευ
3062 1385 3405 1460 προνομίων·

2028 1475 2124 1533 Καὶ
2156 1475 2223 1532 τὰ
2256 1476 2348 1550 μὶν
2385 1475 2702 1547 ἀνυπόθηκα
2735 1473 3060 1551 προσωπικᾶ
3094 1496 3186 1549 μοι
3221 1472 3365 1551 λέγε,

2024 1566 2105 1623 Τὰ
2137 1562 2182 1620 δ’
2216 1567 2495 1638 ὑποθήκην
2531 1560 2730 1641 ἔχοντα
2760 1566 3109 1642 πραγματικᾶ
3137 1565 3395 1637 κλητέον,

2026 1655 2126 1711 Καὶ
2165 1654 2230 1711 τά
2260 1656 2353 1730 μὲν
2389 1657 2777 1732 προγενέστερα
2806 1652 3051 1730 δημόσια
3079 1658 3155 1728 τῷ
3183 1652 3373 1732 χρόνῳ

2028 1744 2379 1821 Προτιμητὲα
2409 1744 2613 1823 πέφυκε
2644 1749 2824 1820 χρεῶν
2860 1744 3231 1817 ἐνυποθήκων,

2030 1835 2131 1892 Καὶ
2161 1840 2261 1905 τῆς
2285 1834 2509 1908 προικὸς
2540 1835 2732 1904 αὐτῆς,
2766 1833 2909 1913 φημῖ
2938 1840 3038 1904 τῆς
3072 1834 3542 1912 μεταγενεστέρας,

2031 1925 2317 1994 Δανειστής
2349 1921 2395 1979 δ’
2426 1922 2758 1994 ἐνυπόθηκος
2789 1921 2933 2000 ἔχων
2964 1922 3337 2000 προγενεσίαν,

2028 2012 2136 2070 Κᾶν
2166 2015 2400 2090 γενικὴν,
2434 2011 2529 2068 κᾶν
2558 2010 2759 2082 ίδικὴν,
2791 2017 2888 2067 τοῦ
2913 2013 3359 2091 μεταγενεστέρου

2031 2102 2407 2181 Ηροτιμητέος
2438 2104 2641 2181 πέφυκε
2671 2102 2900 2158 πάντοτε
2932 2097 3225 2175 δημοσίου.

2030 2196 2095 2251 Ἡ
2125 2194 2282 2271 προῖξ
2316 2190 2373 2249 δὲ
2402 2192 2621 2248 καὶτῶν
2652 2188 2939 2247 δανειστῶν
2969 2195 3078 2247 τῶν
3107 2192 3493 2269 ὑποθηκαρίων

2032 2281 2358 2359 Προτμητέα
2387 2282 2589 2360 πέφυκε
2617 2281 2707 2336 καὶ
2744 2281 3184 2359 μεταγενεστέρα.

2032 2373 2155 2433 Εἰσὶ
2188 2369 2410 2447 δ’ἷέτερα
2440 2370 2623 2427 δάνεια
2650 2375 2758 2426 τῶν
2795 2370 3276 2448 μεταγενεστέρων,

2031 2464 2139 2533 Τὴν
2174 2461 2401 2536 δύναμιν
2433 2463 2724 2533 κινήσαντα
2753 2469 2851 2531 τῆς
2882 2461 3108 2539 προικὸς
3140 2458 3484 2538 παραδόξως

2031 2556 2251 2611 Ὀποῖον
2280 2552 2343 2608 τὸ
2376 2549 2659 2625 διδόμενον
2689 2551 3027 2615 ἀκοντισταῖς
3052 2555 3171 2615 τοῖς
3203 2552 3471 2629 πρώτοις,

2036 2642 2133 2699 Καὶ
2165 2643 2226 2698 τὸ
2258 2640 2520 2720 προφάσει
2557 2637 2825 2705 δανεισθὲν
2855 2640 3135 2715 στρατείας
3170 2641 3514 2716 ὠνουμένης.

2036 2734 2126 2806 Ἐξ
2155 2734 2279 2810 λέγε
2308 2729 2689 2803 κονδικτίκιος,
2725 2728 3001 2806 εἴσπραξίς
3028 2752 3111 2795 τις
3135 2730 3194 2787 ἐκ
3225 2732 3423 2807 νόμουυ

2037 2824 2328 2893 Δανειστὴς
2358 2819 2403 2877 δ’
2433 2819 2767 2892 ἐνυπόθηκος
2796 2825 2906 2875 τῶν
2942 2821 3428 2900 μεταγενεστέρων,

2033 2917 2179 2985 Νικᾷ
2206 2911 2295 2968 τὸν
2328 2910 2671 2982 ἀνυπόθηκον
2701 2910 2792 2966 καὶ
2823 2910 3245 2987 προγινέστερόν
3277 2932 3419 2976 πως.

1951 3043 1957 3049 ν
2035 3004 2256 3080 Μάρτυς
2287 2999 2427 3057 ἐστὶν
2460 2995 2778 3070 ἀπόϐλητος
2808 3004 2911 3063 πᾶς
2943 3002 2973 3055 ὁ
3004 2997 3419 3078 διεφθαρμένος,

2033 3098 2093 3186 :9
2123 3097 2318 3186 μῖμοςν
2347 3092 2376 3147 δ
2407 3088 3317 3186 meum.“‘_é_°ra€9tix<ze

2036 3159 2139 3223 Καὶ
2170 3159 2708 3239 ὅσοικατεκρίθησαν
2741 3161 2792 3218 έν
2824 3168 2940 3225 τοῖς
2974 3159 3369 3239 δικαστηρίοις,

3351 3254 3518 3312 Vers.
3550 3254 3677 3310 922.

264 3474 542 3544 fodiatur,
575 3482 637 3531 at
662 3475 714 3532 is
765 3491 868 3548 pro
916 3475 1144 3548 reliquo
1192 3476 1498 3534 dimidiam
1553 3480 1781 3549 partem
1820 3477 1922 3533 bo-
1956 3477 2001 3545 C
2038 3474 2198 3532 enim
2244 3490 2314 3529 ex
2369 3486 2724 3544 quacunque
2780 3486 2961 3527 causa
3006 3469 3252 3526 debetur
3308 3470 3566 3528 creditor
3606 3476 3703 3530 est

268 3580 477 3622 norum
527 3568 811 3621 occecato
862 3565 1038 3623 dato:
1099 3564 1149 3621 si
1184 3566 1264 3621 sit
1318 3565 1756 3638 pauperrimus,
1808 3566 1925 3622 duo

266 3653 639 3710 eﬂ'odiantur.
691 3654 971 3709 Indotataa
1019 3658 1078 3709 et
1126 3670 1414 3727 pauperes
1465 3653 1765 3723 mulieres,
1798 3671 1926 3727 quas

268 3742 339 3798 ad
383 3743 674 3797 secundas
726 3742 962 3814 nuptias
1014 3759 1127 3798 non
1178 3742 1585 3810 convolarunt,
1638 3745 1926 3800 bonorum

269 3830 466 3887 mariti
525 3834 798 3902 quartam
880 3836 1107 3903 partem
1183 3832 1511 3903 accipiant,
1568 3834 1739 3903 cujus
1797 3850 1927 3906 pro-

269 3920 576 3993 prietatem
626 3921 800 3975 etiam
853 3920 1054 3977 liberis
1104 3920 1528 3978 exsisteutibus
1559 3939 1925 3996 consequan-

269 4015 386 4066 tur.
468 4009 748 4066 Sexennis
825 4010 1153 4066 secundum
1230 4011 1389 4083 leges
1445 4011 1745 4083 sponsalia
1812 4030 1927 4069 non

269 4097 583 4155 contrahit.
616 4103 858 4154 Servum
908 4100 1222 4171 fugitivum
1267 4104 1472 4156 contra
1514 4100 1674 4174 leges
1705 4119 1928 4170 emene,

268 4189 328 4245 id
363 4189 516 4260 quod
549 4187 797 4245 interest
839 4188 1033 4252 solvit,
1067 4193 1124 4245 et
1153 4189 1226 4244 ab
1257 4206 1324 4245 eo
1375 4188 1623 4262 duplum
1654 4191 1928 4263 exigitur.

341 4275 613 4332 Actiones
644 4292 767 4346 quae
816 4276 1130 4344 infamant,
1158 4277 1241 4331 mi
1284 4278 1543 4346 domine,
1595 4284 1736 4335 sunt
1772 4281 1930 4351 inju-

270 4365 519 4431 riarum,
572 4365 734 4429 furti,
786 4365 1004 4434 tutelae,
1051 4365 1192 4435 doli,
1243 4367 1516 4439 depositi,
1546 4367 1601 4423 vi
1644 4370 1931 4425 bonorum

270 4457 613 4525 raptorum.
676 4455 837 4510 Furti
894 4456 1176 4526 quidem,
1236 4456 1495 4525 domine,
1552 4457 1931 4528 injuriarum,

271 4540 412 4609 doli,
445 4545 501 4597 et
530 4541 581 4595 vi
617 4540 756 4596 bon.
791 4546 945 4614 rapt.
996 4542 1173 4598 etiam
1217 4544 1267 4599 si
1320 4544 1454 4616 quis
1503 4545 1933 4602 condemnatus

271 4647 387 4687 non
440 4630 537 4698 sit,
593 4631 692 4687 sed
752 4631 892 4701 quid
943 4632 1138 4687 dando
1186 4633 1734 4690 condemnationem
1788 4634 1932 4689 etfu-

271 4720 441 4794 gerit,
502 4725 743 4778 notatur
798 4721 1061 4778 infamia.
1123 4723 1273 4778 Ante
1331 4722 1543 4779 realem
1606 4722 1930 4796 possessio-

271 4826 431 4882 nem,
462 4828 636 4867 nemo
689 4812 815 4867 solo
865 4812 1064 4867 animo
1114 4811 1551 4883 possessionem
1604 4816 1930 4886 recuperat.

270 4901 707 4958 Possessionem
739 4916 874 4957 vero
921 4917 1164 4972 corpore
1215 4899 1359 4955 mihi
1412 4900 1761 4972 acquisitam
1798 4919 1932 4976 pos-

272 5006 406 5047 sum
453 4989 575 5047 solo
633 4989 831 5046 animo
890 4989 1162 5045 retinere.
1229 4989 1612 5046 Interdiclum
1665 4992 1818 5048 unde
1868 4995 1935 5048 ut

272 5080 684 5137 convenienter
712 5077 1088 5151 intelligitur,
1120 5077 1169 5135 si
1202 5078 1337 5150 quis
1368 5094 1499 5135 eum
1538 5080 1640 5152 qui
1672 5081 1936 5153 possidet

271 5185 393 5225 rem
444 5169 834 5236 immobilem,
892 5168 1268 5241 possessione
1321 5169 1635 5241 dejecerit;
1685 5171 1737 5227 si
1774 5171 1929 5228 enim

273 5257 423 5313 sciat
450 5256 501 5313 is
532 5258 632 5329 qui
660 5259 779 5313 vim
827 5257 1004 5313 infert
1034 5274 1162 5313 eam
1218 5272 1340 5314 rem
1392 5258 1758 5316 immobilem
1806 5276 1936 5318 esse

273 5344 653 5418 possidentis,
685 5345 982 5418 possessio
1015 5351 1070 5403 et
1099 5346 1412 5404 aestimatio
1439 5348 1511 5403 ab
1543 5365 1609 5405 eo
1640 5348 1931 5423 exigitur:

275 5433 326 5490 si
356 5449 490 5491 vero
522 5433 623 5505 qui
656 5434 767 5490 vim
825 5435 1023 5507 infert,
1056 5436 1136 5493 rei
1190 5452 1479 5510 possessa
1510 5438 1585 5494 sit
1634 5439 1931 5510 dominus,

275 5525 521 5579 conatus
551 5538 784 5594 poenam
818 5525 1098 5594 sustinet,
1123 5525 1528 5585 omnimodam
1556 5527 1781 5585 scilicet
1806 5530 1935 5602 ejus

274 5612 357 5669 rei
389 5610 795 5684 privationem.

344 5699 661 5759 Creditoris
691 5718 907 5761 nomen
936 5703 1065 5779 lege
1114 5706 1385 5778 generale
1421 5710 1549 5780 est;
1600 5707 1934 5783 cuicunque

2038 3562 2323 3620 debitoris
2354 3578 2422 3617 ex
2453 3559 2617 3632 lege:
2676 3563 2735 3616 et
2764 3575 2973 3615 rursus
3018 3559 3250 3631 preprie
3297 3563 3542 3617 vocatur
3570 3577 3697 3619 cre-

2036 3653 2211 3723 ditor,
2243 3650 2344 3723 qui
2379 3648 2689 3723 pecuniam
2723 3647 2970 3704 debitori
3014 3648 3365 3715 numeravit,
3399 3650 3519 3707 sive
3548 3667 3699 3719 rem,

2037 3759 2165 3815 quae
2197 3746 2407 3796 natura
2437 3738 2716 3813 penditur
2746 3742 2847 3793 aut
2891 3742 3293 3807 mensuratur,
3335 3739 3393 3794 id
3426 3742 3535 3809 est,
3568 3756 3699 3813 qua

2037 3833 2315 3905 pondere,
2349 3844 2617 3895 numero,
2676 3830 2778 3883 aut
2827 3842 3107 3883 mensura
3155 3831 3402 3884 constat.
3436 3829 3699 3888 Pondere

2039 3921 2298 3993 quidem,
2323 3917 2696 3990 qualiasunt,
2720 3920 3051 3987 argentum,
3081 3932 3316 3983 aurum,
3341 3916 3694 3988 plumbum:

2039 4024 2306 4077 numero,
2340 4006 2551 4061 minuti
2586 4006 2851 4061 nummi:
2897 4020 3197 4075 mensura,
3246 4005 3471 4061 vinum.
3522 4007 3698 4064 Debi-

2040 4104 2234 4155 torum
2272 4097 2387 4152 hac
2417 4100 2506 4152 est
2538 4094 2769 4165 divisio,
2801 4093 2929 4150 alias
2977 4099 3119 4149 sunt
3165 4111 3298 4150 cum
3350 4095 3697 4169 hypotheca,

2040 4187 2155 4244 alia
2185 4186 2313 4242 sine
2365 4184 2731 4257 hypotheca'.
2765 4200 2968 4239 eorum
3013 4200 3144 4255 qua
3185 4200 3323 4240 cum
3372 4184 3703 4258 hypotheca

2040 4279 2204 4342 sunt,
2235 4273 2348 4330 alia
2397 4273 2617 4329 habent
2676 4271 2999 4344 privilegia,
3045 4271 3159 4328 alia
3215 4274 3342 4329 sine
3401 4273 3699 4348 privilegio

2042 4368 2202 4420 sunt.
2236 4364 2369 4428 Quae
2401 4361 2529 4418 sine
2567 4361 2892 4433 hypotheca
2924 4364 3085 4429 sunt,
3116 4361 3448 4432 personalia
3479 4362 3695 4420 dicito:

2043 4472 2174 4529 quae
2201 4453 2586 4526 hypothecam
2618 4452 2838 4508 habent
2866 4451 3045 4508 realia
3073 4454 3353 4511 vocanda.
3379 4455 3445 4510 Et
3474 4453 3696 4511 ﬁscalia

2043 4545 2278 4618 quidem
2320 4543 2518 4600 debita
2552 4541 2749 4615 priora
2770 4546 3052 4613 tempore,
3079 4541 3306 4613 potiora
3322 4542 3697 4601 suntdehitis

2042 4651 2177 4691 cum
2208 4633 2558 4707 hypotheca,
2591 4632 2710 4687 imo
2739 4634 2797 4685 et
2832 4630 2986 4700 dote,
3023 4630 3151 4686 dico
3200 4635 3396 4687 autem
3427 4631 3475 4688 si
3506 4636 3700 4707 poste-

2042 4724 2199 4781 riora
2245 4723 2386 4779 sint.
2445 4721 2711 4778 Creditor
2765 4718 3221 4791 hypothecarius
3269 4719 3493 4778 habens
3543 4722 3701 4795 prio-

2043 4815 2296 4885 ritatem,
2332 4811 2454 4869 sive
2487 4829 2552 4868 ex
2602 4809 2883 4883 generali,
2933 4810 3055 4866 sive
3104 4827 3172 4867 ex
3219 4811 3559 4883 particulari
3591 4813 3703 4888 hy-

2044 4903 2311 4977 potheca,
2358 4902 2499 4957 fisco
2549 4898 2871 4972 posteriore
2917 4914 3150 4971 semper
3207 4900 3399 4973 potior
3440 4905 3550 4959 est.
3584 4902 3703 4961 Dos

2042 4992 2180 5049 licet
2242 4991 2566 5065 posterior,
2628 4988 2825 5062 potior
2896 4992 2987 5046 est
3041 4992 3238 5046 tamen
3309 4991 3705 5051 creditoribus

2041 5080 2502 5157 hypotheoariis.
2562 5079 2713 5134 Sunt
2768 5076 2884 5133 alia
2950 5081 3274 5151 posteriora
3321 5080 3520 5137 debita
3575 5099 3704 5155 quas

2039 5173 2320 5227 virtutem
2355 5168 2510 5226 dotis
2542 5168 2759 5224 mirum
2811 5168 2868 5222 in
2905 5169 3147 5224 modum
3205 5174 3459 5243 movent,
3492 5187 3703 5245 quem-

2044 5262 2360 5319 admodum
2397 5257 2550 5333 quod
2585 5256 2926 5330 primipilis,
2961 5261 3018 5312 et
3055 5258 3209 5330 quod
3246 5258 3472 5316 militia
3502 5277 3704 5319 emen-

2043 5353 2130 5408 dae
2160 5366 2339 5405 causa
2370 5347 2651 5403 creditur.
2706 5346 3012 5403 Condictio
3051 5363 3121 5403 ex
3167 5347 3293 5420 lege
3341 5349 3581 5423 dicitur,
3612 5368 3705 5409 re-

2043 5440 2245 5513 petitio
2290 5438 2560 5511 quaedam
2610 5454 2645 5493 a
2700 5436 2827 5510 lege
2874 5437 3133 5493 inducta.
3196 5437 3462 5495 Creditor
3517 5439 3702 5516 hypo-

2042 5527 2342 5586 thecarius
2371 5527 2548 5583 etiam
2600 5525 2907 5599 posterior,
2955 5525 3141 5582 vincit
3185 5527 3532 5586 creditorem
3583 5547 3702 5589 non

2041 5618 2501 5693 hypothecarum
2533 5614 2808 5688 priorem.
2843 5612 3222 5687 Rejiciendus
3252 5620 3347 5674 est
3370 5617 3542 5678 testis
3572 5635 3700 5677 cor-

2040 5712 2275 5782 ruptus,
2308 5705 2551 5777 mimus,
2598 5702 2975 5778 thymelicus,
2997 5702 3307 5778 gladiator,
3336 5706 3441 5779 qui
3492 5711 3699 5769 contra
