4100 6390
251 352 372 416 951

253 490 346 548 Ὧς
379 483 710 556 συκοφάνται
743 479 848 554 μὶν·
875 477 1092 554 μοιχοὶ.
1187 475 1404 546 κλοπὴν
1437 471 1812 550 εἰργασμένοι,

257 575 376 632 Οὐκ
401 567 512 628 ἔστι
549 571 754 646 μάρτυς
787 565 1018 638 ἄνηϐος,
1053 565 1178 623 οὐδὲ
1205 571 1316 622 τῶν
1347 569 1612 640 γυναικῶν
1635 585 1741 638 τις,

261 665 324 720 Εἰ
357 661 402 718 δ’
427 662 539 718 ἔστι
571 661 634 716 τὸ
661 660 951 737 γενόμενον
988 657 1064 732 μὴ
1097 655 1396 730 δυνάμενον
1428 655 1547 719 θέαν

263 751 562 828 ’Δνδρικήν
591 745 980 820 καταδέξασθαι
1011 752 1260 824 γυναῖκες
1295 747 1650 820 μαρτυροῦσι,

257 846 364 905 Καὶ
400 841 604 905 δοῦλος
633 840 710 896 ἔτι
749 844 1013 916 μαρτυρεῖ
1043 836 1094 892 ἐν
1139 835 1324 892 σπάνει
1358 841 1464 890 τῶν
1500 833 1786 909 μάρτύρων

261 933 355 992 Εἲς
387 929 524 988 ἅπαν
560 929 702 986 ἆΛλο
734 928 1052 1006 πρόσωπον,
1087 927 1212 982 ἄνευ
1243 924 1406 980 αὐτοῦ
1439 922 1722 979 δεσπότου.

257 1025 325 1082 Οἱ
357 1021 405 1078 δ’
437 1021 705 1086 ἀσθενεῖς,
737 1019 828 1075 καὶ
859 1017 1132 1094 γέροντες,
1174 1015 1267 1070 σύν
1310 1035 1374 1090 γε
1401 1017 1518 1076 τοῖς
1541 1011 1920 1088 στρατιώταις,

259 1112 358 1168 Καὶ
391 1112 444 1166 οἱ
466 1108 976 1186 πρωτοσπαθάριοι,
1005 1106 1140 1179 μετά
1166 1109 1273 1160 τῶν
1309 1105 1522 1180 ἱερέων,

259 1201 336 1260 Οὐ
371 1202 736 1274 μαρτυροῦσιν
765 1193 1006 1268 ἄκοντες,
1043 1192 1169 1250 ἀλλ’
1195 1193 1453 1254 ἑκουσίως
1491 1189 1680 1264 μόνον.

257 1287 578 1365 Ἀρχιερεὺς
612 1286 672 1342 οὐ
710 1290 994 1362 μαρτυρεῖ,
1020 1281 1132 1338 οὔτ’
1164 1280 1331 1352 ἄκων,
1365 1279 1478 1345 οὔθ’
1509 1281 1644 1336 έκών
1678 1301 1819 1342 πως.
1863 1297 1868 1300 ·

254 1377 394 1440 Τοὺς
424 1373 469 1430 δ’
501 1371 706 1436 ἄλλους
740 1371 1092 1448 ἀναγκάσειας
1127 1373 1414 1444 μαρτυρεῖν
1448 1367 1740 1434 ἀκουσίως,

255 1470 358 1528 Καὶ
396 1465 612 1542 μᾶλλον
645 1464 1003 1540 εἲτυγχάνων
1033 1484 1115 1526 τις
1144 1467 1251 1517 τῶν
1281 1457 1732 1536 καταδεεστέρων,

259 1558 402 1634 Πρὸς
434 1553 600 1630 ἄνδρα
623 1551 782 1624 δίκην
812 1552 982 1627 ἔλαχε
1012 1557 1121 1607 τῶν
1154 1550 1242 1606 ἐπὶ
1276 1548 1632 1620 δυναστείαις,

256 1649 548 1710 Κάντεῦθεν
578 1643 949 1713 ὑποκλάζουσι
1125 1646 1205 1714 τῷ
1247 1635 1402 1718 φόϐῳ
1429 1643 1526 1694 τοῦ
1561 1636 1844 1706 δυνάστου,

258 1737 358 1792 Καὶ
390 1740 487 1790 τοῦ
517 1735 752 1806 πένητος
789 1733 842 1787 οἱ
875 1730 1164 1807 μάρτυρες,
1193 1730 1316 1786 τότε
1347 1730 1450 1806 γΞιρ
1483 1729 1573 1783 καὶ
1605 1727 1742 1803 πρὸς
1775 1726 1916 1803 βίαν,

255 1825 348 1889 Εἷς
385 1823 682 1900 μαρτυρίαν
716 1821 994 1889 ἕλκονται,
1026 1820 1115 1876 καὶ
1143 1821 1190 1874 τ’
1223 1817 1426 1890 ἀληθὲς
1457 1819 1684 1882 τιθέναι.

254 1919 544 1990 Ἀρκοῦσιν
577 1912 652 1976 εἷς
683 1905 995 1980 καταϐολὴν
1026 1908 1120 1964 δύο
1154 1909 1329 1977 φωναὶ
1365 1907 1678 1984 μαρτύρων,

257 2003 328 2062 Ei
360 2002 524 2078 λίτρα
555 2001 696 2076 μόνη
729 1999 960 2078 πέφυκεν
987 2001 1021 2070 ἡ
1045 1994 1530 2072 καταϐαλλομένη.

257 2092 324 2152 El.
349 2089 408 2148 δέ
430 2113 482 2147 τι
509 2090 677 2147 πλέον
707 2091 934 2168 πέφυκε,
966 2093 1110 2164 τρεῖς
1147 2087 1420 2164 μάρτυρας
1459 2086 1692 2146 δεκτέον.

260 2183 386 2240 Ἐπὶ
419 2179 478 2237 δὲ
507 2183 844 2244 καταθέσεως
866 2177 1025 2235 πέντε
1059 2175 1340 2254 μάρτὸρας
1371 2175 1560 2253 δέχου,

260 2273 374 2334 Τὰς
410 2269 468 2326 δέ
494 2271 544 2346 γ’
567 2271 627 2326 έκ
649 2274 748 2325 τοῦ
777 2271 1122 2344 παρήκοντος
1157 2267 1332 2332 ἀθέτει
1367 2267 1691 2344 μαρτυρίας,

265 2361 327 2419 Εἰ
362 2355 526 2416 λάϐοι
551 2381 634 2422 τις
666 2358 716 2414 ἐν
743 2359 1060 2434 γράμμασιν
1095 2356 1156 2414 ἐκ
1186 2354 1462 2413 δανειστοῦ
1489 2379 1542 2412 τι
1574 2355 1760 2434 χρέος,

265 2445 622 2522 Ἀποδιδοὺς,
654 2445 928 2521 ἀπόδειξιν
955 2446 1227 2526 ἔγγραφον
1262 2441 1610 2520 λαμϐανέτω,

259 2543 434 2616 Τριῶν
473 2537 764 2616 μαρτύρων
797 2535 1030 2614 έχουσαν
1067 2537 1380 2616 ὑπογραφάς
1413 2531 1632 2613 βεϐαίας
1665 2555 1676 2570 ·

261 2629 326 2686 Εἰ
355 2627 413 2685 δέ
447 2629 524 2704 μὴ
554 2633 718 2684 τοῦτο
753 2625 1016 2704 δράσειεν,
1048 2623 1198 2688 αὖθις
1222 2622 1414 2702 ἔνοχος
1441 2620 1606 2698 ἔσται,

259 2718 326 2776 Εἰ
363 2721 442 2794 μή
477 2740 540 2794 γε
569 2716 727 2774 πέντε
759 2715 1028 2792 μάρτυρες
1058 2713 1261 2771 εἷ’ποιεν
1289 2714 1686 2792 παραχθέντες,

257 2810 346 2870 Ὦς
367 2806 582 2882 γέγονεν
617 2804 891 2879 ἀπόδειξις
917 2810 1012 2860 τοῦ
1042 2825 1358 2882 κεχρεωστη
1371 2807 1558 2878 μένου,

259 2900 330 2953 ’Ἢ
353 2895 560 2951 τούτων
579 2897 691 2951 κατ’
723 2895 980 2966 ἐνώπιον,
1015 2895 1048 2949 ά
1079 2891 1362 2964 δανειστὴς
1387 2893 1610 2965 ἐξείποι,

257 2979 594 3040 ’Δπολαϐεἶν
619 2983 682 3042 τὰ
713 2983 848 3042 ἴδιον
877 2985 1046 3062 χρέος
1078 2983 1137 3040 ἐκ
1163 2988 1262 3040 τοῦ
1304 2985 1612 3061 χρεώστου,

1609 339 1988 404 8ΥΝΟΡ818
2036 339 2328 402 LEGUM.

1953 477 2010 545 Α
2041 471 2106 530 Εἴ
2139 469 2424 542 δανειστὴς
2451 469 2722 543 ἀπόδειξιν
2752 471 3040 543 ποιήσεται
3063 473 3160 526 τοῦ
3189 467 3409 547 χρέους,

3570 333 3704 432 95a

2035 562 2132 618 Καὶ
2169 563 2308 636 μετὰ
2335 567 2506 618 ταῦτα
2536 562 2782 639 ῥεύσουσι
2811 563 3100 638 τριάκοντα
3126 561 3330 638 ἡμέραι

2031 652 2358 710 Αὐτεκαλεῖν
2386 651 2448 708 οὐ
2483 649 2700 708 δύναται
2725 651 2848 728 περὶ
2875 650 3220 728 ἀναργυρίας,

2033 743 2131 797 Καὶ
2166 742 2369 818 λέγειν,
2403 743 2475 805 ὡς
2511 740 2788 815 ἀποδειξιν
2825 739 3090 818 ἔγγραφον
3121 739 3402 812 ἐξεθέμην,

2031 831 2146 906 Πρὸ
2175 829 2230 886 δέ
2261 839 2359 902 τῆς
2390 829 2717 902 ἀποδείξεως
2747 831 2846 885 οὐκ
2877 824 3077 886 ἔλαϐον
3110 827 3359 905 χρυσίον.

2031 920 2097 975 Ei’
2128 919 2186 976 δὲ
2217 921 2365 984 ἐντος
2397 923 2692 998 τριάκοντα
2729 923 2954 996 ἡμερῶν
2989 919 3258 994 ἐναγάγει,

2031 1007 2170 1068 Τότε
2191 1011 2649 1088 καταναγκάζεται
2683 1012 2711 1066 ὁ
2743 1009 3030 1087 χρεώστης
3060 1007 3348 1082 δεικνύειν,

2029 1100 2118 1164 Ὦς
2149 1098 2372 1172 ἀληθῶς
2393 1097 2608 1155 διέλυσε
2635 1103 2714 1172 τῷ
2747 1097 2999 1172 δανέιστῇ
3029 1099 3091 1152 τὸ
3125 1106 3314 1174 χρέος.

2033 1187 2130 1242 Καὶ
2158 1187 2386 1262 προικός
2419 1210 2500 1252 τις
2533 1186 2804 1260 ἀπόδειξιν
2835 1187 3122 1262 ἐκθέμενος
3141 1185 3418 1260 νομίμως,

2029 1281 2104 1338 Τὸ
2124 1287 2228 1336 πᾶν
2259 1281 2656 1355 ἀναταξάμενος
2685 1287 2801 1337 κατ’
2837 1278 2978 1344 εἶδος
3004 1284 3112 1336 τῶν
3147 1279 3500 1356 πραγμάτων,

2029 1371 2196 1432 Οὗτος
2225 1371 2324 1426 οὐκ
2351 1368 2411 1428 ἂν
2435 1373 2646 1442 τιΟησιν
2671 1369 2995 1448 ἀναργυρίαν
3029 1369 3199 1432 ὅλως.

2028 1460 2096 1517 Εἴ
2126 1457 2182 1515 δέ
2211 1481 2293 1524 τις
2326 1459 2658 1538 ὡμόλογησε
2685 1459 3022 1516 δανείσασθαι
3050 1457 3358 1538 ἐγγράφως,

2029 1551 2156 1605 Δυσὶ
2191 1550 2417 1626 χρόνοις
2443 1552 2678 1625 ὁρίζεναι
2707 1556 2874 1606 κινεῖν
2905 1549 3222 1626 ἀναργυρίαν
3259 1571 3271 1582 ·

2028 1640 2126 1694 Καὶ
2156 1639 2282 1696 τότε
2300 1661 2380 1702 τις
2409 1642 2502 1696 τὸν
2530 1637 2808 1710 δανειστὴν
2845 1637 3076 1708 δικάζων
3109 1639 3414 1714 ἀναγκάζει,

2028 1729 2298 1785 Δεικνύειν
2332 1732 2431 1801 τήν
2461 1725 2774 1799 καταϐολὴν
2803 1728 3046 1804 ἐννόμως
3073 1733 3174 1784 τοῦ
3206 1726 3442 1785 δανείου.

1949 1861 1994 1926 Β
2030 1819 2094 1874 Εἰ
2127 1815 2185 1873 δέ
2212 1840 2294 1882 τις
2331 1816 2700 1894 ὡμολόγησεν
2731 1818 2780 1874 ἐν
2814 1817 3098 1894 γράμμασί
3128 1839 3180 1873 τι
3208 1818 3398 1894 χρέος,

2025 1907 2180 1926 ’Δῖἴν
2252 1909 2262 1924 ἱ
2349 1906 2445 1926 ὐἱ
2515 1910 2541 1926 Λ
2614 1911 2626 1926 Ι
2835 1907 2950 1926 1“!
2986 1908 3031 1926 τ’
3075 1905 3160 1926 V“
3317 1907 3330 1924 ¹Ι
3379 1905 3390 1924 1

2025 1907 2180 1964 Ἀλλ’
2214 1909 2314 1963 οὒκ
2343 1906 2396 1979 ἐξ
2421 1909 2792 1983 ἀριθμήσεως,
2824 1907 2950 1964 ἀλλ’
2981 1908 3032 1978 ἐξ
3065 1905 3245 1976 ἄλλης
3281 1905 3478 1978 αἰτίας,

2033 1997 2208 2072 Τυχὸν
2245 1998 2317 2060 ὡς
2349 1997 2456 2053 ἀπὸ
2487 1998 2736 2072 πράσεως
2763 1997 2850 2054 καὶ
2883 1998 3195 2076 φανερώσας
3224 1999 3408 2069 τοῦτο,

2031 2087 2280 2162 Ὕστερον
2313 2087 2621 2162 ἀπαρνῆσαι
2651 2087 2714 2142 τὸ
2749 2089 2826 2161 μὴ
2859 2091 3152 2164 χρεωστῶς
3183 2083 3435 2155 ἐκθεῖναι,

2033 2177 2176 2250 Πρὸς
2207 2176 2297 2232 τὸν
2329 2178 2634 2252 κατήγορον
2665 2176 2824 2232 αὐτὸν
2858 2175 3160 2252 ὁμολογίαν
3195 2174 3416 2252 χρέους,

2031 2264 2206 2328 Αὐτὸς
2243 2267 2489 2343 βαρεῖται
2522 2263 2762 2338 μάλιστα
2785 2270 2968 2344 σαφῶς
2997 2262 3392 2334 ἀποδεικνύειν,

2031 2357 2150 2414 Ὀτι
2177 2357 2620 2432 καθωμολόγησε
2653 2358 2729 2431 μή
2761 2361 3054 2433 χρεωστῶς
3079 2378 3130 2412 τι
3161 2355 3353 2430 χρέος,

2027 2445 2134 2502 Καὶ
2164 2448 2302 2502 κατὰ
2337 2448 2453 2522 βίαν
2487 2443 2740 2523 ἔγραψεν,
2833 2445 2979 2524 τῦχῃ
3011 2446 3148 2502 κατὰ
3176 2443 3362 2502 δόλον.

2029 2537 2146 2591 Υἱοί
2179 2534 2234 2591 δὲ
2266 2537 2577 2610 ίδπεξξοόσιοι¹
2611 2537 2701 2592 καὶ
2733 2537 2912 2611 πατὴρ
2945 2541 3306 2614 μαρτυροῦσιν

2029 2625 2124 2690 Εἷς
2142 2627 2240 2696 τὴν
2274 2625 2439 2698 αὐτὴν
2475 2625 2751 2694 ὑπόθεσιν,
2781 2625 2876 2684 κᾶν
2899 2629 2968 2700 τῇ
3001 2623 3330 2680 διατυπώσει
3356 2643 3368 2656 ·

2025 2717 2088 2772 Ἡ
2122 2713 2178 2771 δέ
2203 2737 2265 2792 γε
2295 2713 2626 2778 διατύπωσις
2657 2716 2814 2771 πέντε
2841 2715 3000 2792 χερσὶ
3035 2713 3346 2790 μαρτύρων.

2023 2805 2442 2884 Ὑπογραφέσθω
2466 2809 2585 2862 κατ’
2608 2803 2736 2860 αὐτὸ
2758 2804 2942 2868 καλῶς
2963 2805 3051 2860 καὶ
3079 2803 3478 2882 σφραγιζέσθω.

2022 2895 2079 2948 Ὀ
2110 2891 2167 2948 δὲ
2193 2895 2255 2950 τὸ
2289 2891 2494 2950 δάνειον
2527 2891 2736 2957 δεικνὺς
2766 2894 3061 2970 χρεωστῶν
3097 2891 3464 2970 ἀρνουμένων.

2021 2983 2226 3061 Χρόνον
2257 2983 2525 3062 ἀρκοῦντα
2555 2983 2750 3064 εἷ’ληφε
2775 2981 3242 3058 τριακονταετίαν.

3269 3073 3436 3132 Vers.
3469 3073 3600 3132 980.

256 3311 482 3369 bestias
521 3317 764 3386 pugnat,
798 3319 855 3370 el
885 3313 1222 3386 quicunque
1268 3313 1326 3368 in
1371 3313 1618 3386 judiciis
1648 3313 1912 3370 damnati
1943 3315 1986 3383 α
2024 3312 2274 3370 debitori
2343 3311 2526 3370 fuisse
2593 3312 3022 3385 conscriptam,
3093 3319 3152 3369 et
3215 3311 3364 3384 ipsis
3429 3327 3682 3384 praesen-

252 3405 414 3474 suut,
449 3406 512 3460 ut
561 3403 1044 3471 calumniatores,
1083 3406 1262 3468 fures,
1313 3403 1585 3460 adulteri.
1637 3405 1912 3476 Impubes

248 3491 422 3548 testis
473 3508 590 3548 non
641 3495 748 3560 est,
783 3508 970 3563 neque
1016 3491 1246 3550 mulier.
1280 3493 1335 3548 Si
1369 3511 1503 3550 vero
1555 3509 1646 3548 res
1678 3494 1754 3549 sit
1783 3511 1910 3565 quae

249 3581 676 3654 spectationem
702 3586 758 3638 et
777 3582 972 3637 visum
1005 3581 1315 3638 hominum
1349 3583 1609 3656 effugiat,
1634 3583 1912 3640 mulieres

245 3669 656 3726 testimonium
709 3671 928 3727 ferunt.
977 3676 1188 3728 Servus
1241 3671 1434 3728 adhuc
1483 3673 1652 3728 testis
1703 3677 1790 3728 est
1838 3673 1910 3728 ob

247 3761 561 3831 penuriam
613 3759 878 3828 testium,
932 3765 1135 3816 contra
1184 3777 1418 3818 omnem
1475 3761 1653 3817 aliam
1707 3778 1908 3834 perso-

245 3866 424 3920 nam,
487 3855 725 3920 excepto
785 3849 1020 3922 proprio
1079 3851 1338 3906 domino.
1389 3851 1663 3912 lnvalidi.
1716 3868 1908 3918 senes,

243 3938 488 4002 milites,
537 3939 1012 4011 protospatharii,
1047 3942 1400 4006 sacerdotes,
1433 3940 1599 3996 inviti
1643 3941 1908 3996 testimo-

239 4027 406 4082 nium
478 4044 590 4082 non
663 4027 996 4099 perhibent,
1056 4029 1154 4084 sed
1218 4029 1408 4084 solum
1487 4035 1716 4102 sponte.
1777 4029 1906 4101 Epi-

238 4133 462 4187 scopus
495 4134 686 4188 neque
732 4116 974 4184 invitus,
1008 4135 1198 4190 neque
1245 4119 1443 4174 volens
1491 4121 1600 4174 fert
1645 4119 1908 4174 testimo-

237 4205 428 4260 nium.
485 4205 595 4259 Alii
638 4206 814 4261 etiam
869 4205 1036 4260 inviti
1089 4207 1492 4263 testimonium
1541 4209 1732 4262 dicere
1780 4208 1907 4280 cogi

237 4299 496 4366 possunt
529 4311 540 4348 :
581 4294 834 4349 maxime
872 4295 918 4349 si
971 4311 1194 4366 pauper
1223 4297 1320 4360 sit,
1355 4302 1410 4350 et
1440 4297 1571 4352 vilis
1620 4298 1909 4352 conditio-

235 4381 358 4446 nis,
388 4383 488 4453 qui
541 4385 819 4438 adversus
871 4385 1257 4454 potentiorem
1312 4385 1569 4456 aliquem
1613 4386 1909 4456 judicium

233 4471 508 4538 dictavit,
541 4474 720 4542 cujus
761 4471 1069 4542 potestatis
1102 4477 1344 4536 terrore,
1377 4480 1434 4528 et
1475 4481 1655 4540 metu,
1690 4493 1907 4546 paupe-

233 4562 326 4616 ris
357 4565 540 4616 testes
592 4561 910 4630 suliticent,
944 4563 1012 4616 ad
1049 4562 1158 4616 hoc
1205 4569 1271 4616 ut
1321 4563 1376 4616 id
1431 4566 1582 4634 quod
1617 4569 1672 4618 ct
1702 4579 1904 4619 verum

232 4655 332 4753 est
380 4651 730 4732 deponatur,
763 4651 818 4704 vi
868 4651 938 4704 ad
989 4651 1394 4706 testimonium
1443 4652 1774 4706 trahuntur.
1819 4654 1902 4707 Ad
1941 4690 1984 4753 Β

231 4725 598 4796 solutionem
643 4739 772 4793 dum
820 4741 1060 4794 testium
1114 4755 1282 4794 voces
1331 4741 1656 4808 sufficiunt,
1692 4741 1742 4794 si
1789 4757 1907 4796 una

229 4827 431 4885 solum
493 4828 644 4883 libra
703 4827 900 4883 soluta
960 4829 1036 4884 sit
1089 4845 1100 4882 :
1153 4829 1202 4882 si
1262 4845 1395 4884 vero
1449 4829 1728 4899 amplius,
1783 4809 1904 4885 tres

227 4921 420 4972 testes
482 4923 616 4972 sunt
679 4916 1015 4972 exhibendi.
1077 4923 1264 4988 Super
1317 4919 1586 4989 deposito
1645 4919 1906 4990 quinque

226 5011 418 5062 testes
465 5006 763 5061 exhibeto.
796 5005 1164 5062 Testimonia
1195 5023 1329 5061 vero
1373 5009 1786 5064 convenienter
1815 5023 1904 5062 re-

221 5095 542 5167 jiciuntur,
591 5095 640 5152 si
696 5095 828 5164 quis
882 5095 1174 5162 debitum,
1224 5097 1376 5165 quod
1419 5113 1452 5151 a
1498 5097 1786 5152 creditore
1844 5097 1902 5152 in

227 5186 472 5256 scriptis
527 5191 803 5256 cceperat,
857 5185 1152 5254 persolvit,
1195 5185 1572 5241 securitatem
1625 5187 1902 5258 scriptam

222 5276 447 5345 capiat,
481 5273 664 5328 trium
713 5271 956 5328 testium
997 5274 1534 5342 subscriptionibus
1585 5275 1903 5330 firmatam.

224 5363 274 5418 si
310 5362 470 5418 enim
523 5361 668 5417 illud
721 5379 834 5416 non
889 5361 1113 5426 fecerit,
1143 5361 1358 5417 iterum
1406 5363 1704 5434 obligatus
1755 5370 1902 5442 esto,

225 5451 346 5508 nisi
378 5451 646 5524 quinque
685 5455 866 5506 testes
907 5451 1177 5522 producti
1208 5451 1486 5518 dixerint,
1520 5452 1901 5509 securitatem

305 5683 421 5760 (13)
452 5678 952 5759 Ὑποσχολάζουσι.

2019 3403 2182 3460 tibus
2248 3401 2596 3460 creditorem
2667 3402 2916 3466 dixisse,
2985 3419 3050 3458 se
3115 3420 3150 3458 a
3217 3401 3480 3457 debitore
3545 3417 3683 3472 pro-

2021 3493 2216 3565 prium
2251 3492 2512 3548 debitum
2559 3492 2842 3564 accipere.
2876 3491 2935 3548 Si
2967 3492 3222 3547 creditor
3253 3489 3432 3546 debiti
3463 3490 3684 3547 securi-

2019 3587 2200 3638 tatem
2245 3582 2471 3653 fecerit,
2503 3587 2818 3654 postquam
2865 3581 3108 3653 triginta
3155 3581 3278 3635 dics
3327 3579 3684 3650 efﬂuxerint,

2021 3689 2137 3728 non
2179 3675 2370 3744 potest
2400 3673 2664 3744 excipere
2695 3673 2764 3726 de
2797 3689 2910 3726 non
2955 3675 3262 3727 numerata
3293 3669 3560 3740 pecunia,
3597 3669 3686 3723 di-

2022 3777 2180 3831 cens,
2205 3761 2358 3832 quod
2410 3761 2782 3816 securitatem
2818 3762 3052 3832 quidem
3107 3759 3366 3831 scripsit,
3399 3760 3499 3814 sed
3550 3763 3685 3814 ante

2023 3850 2402 3906 securitatem
2452 3850 2764 3922 pecuniam
2796 3867 2914 3906 non.
2945 3849 3162 3922 recepit
3193 3867 3206 3904 :
3239 3849 3288 3904 si
3343 3864 3476 3902 vero
3529 3847 3685 3904 intra

2020 3939 2146 3995 dies
2178 3941 2422 4012 triginta
2453 3939 2595 4011 agit,
2627 3944 2768 3994 tunc
2810 3939 3036 4012 cogitur
3081 3939 3310 3994 debitor
3340 3936 3589 4009 probare
3622 3951 3683 3992 se

2017 4045 2149 4084 vere
2180 4028 2444 4084 debitum
2479 4029 2752 4083 creditori
2785 4028 3051 4084 solvisse.
3083 4029 3188 4092 Qui
3223 4026 3376 4082 dotis
3407 4025 3688 4080 securita-

2019 4121 2136 4172 tem
2170 4117 2432 4188 legitime
2463 4117 2835 4187 conscripsit,
2859 4121 2916 4172 et
2945 4118 3001 4170 in
3031 4134 3097 4172 ea
3131 4133 3250 4171 rem
3287 4131 3684 4184 unamquam-

2021 4223 2133 4279 que
2185 4205 2510 4261 secundum
2560 4205 2860 4277 propriam
2912 4205 3170 4276 speciem
3221 4203 3532 4268 ordinavit,
3567 4217 3685 4262 non

2019 4299 2390 4352 numeratam
2441 4295 2748 4368 pecuniam
2802 4295 2964 4348 nullo
3015 4294 3189 4348 modo
3241 4293 3415 4347 dicat.
3447 4292 3502 4346 Si
3549 4292 3686 4363 quis

2020 4393 2216 4442 autem
2261 4386 2319 4440 in
2353 4384 2592 4456 scriptis
2624 4384 2831 4437 debere
2868 4400 2930 4440 se
2973 4385 3282 4438 confessus
3314 4381 3410 4450 sit,
3445 4379 3688 4452 querela
3727 4371 3730 4374 i

2019 4491 2136 4532 non
2187 4481 2502 4530 numerals:
2551 4473 2810 4545 pecunia
2857 4473 3090 4527 duobus
3142 4472 3314 4527 annis
3367 4471 3591 4536 finitur,
3623 4473 3683 4526 et

2017 4569 2159 4620 tunc
2209 4565 2392 4634 judex
2425 4563 2578 4635 cogit
2635 4564 3004 4626 creditorem,
3032 4563 3168 4632 jure
3227 4561 3439 4616 factam
3501 4559 3680 4614 debiti

2019 4653 2487 4709 numerationem
2539 4652 2804 4722 probare.
2838 4651 3000 4714 Quod
3036 4651 3086 4704 si
3119 4649 3251 4720 quis
3301 4649 3564 4704 debitum
3619 4648 3678 4701 in

2017 4743 2254 4812 scriptis
2287 4743 2596 4796 confessus
2646 4740 2844 4802 fuerit,
2879 4757 2992 4794 non
3027 4739 3268 4808 quidem
3301 4754 3370 4792 ex
3401 4752 3679 4792 numera-

2017 4831 2194 4894 tione,
2229 4831 2330 4884 sed
2379 4847 2448 4885 ex
2494 4829 2608 4884 alia
2659 4845 2859 4888 causa.
2895 4827 3073 4882 veluti
3122 4843 3192 4880 ex
3235 4826 3590 4888 venditione,
3622 4827 3682 4879 et

2017 4921 2160 4974 illud
2221 4919 2710 4974 manifestissime
2768 4917 3124 4978 ostenderit.
3183 4917 3292 4970 hoc
3350 4914 3679 4969 secundum

2015 5009 2280 5065 debitum
2329 5025 2446 5062 non
2494 5023 2624 5063 esse
2671 5006 2873 5074 actori,
2908 5013 2966 5060 et
2999 5005 3222 5060 nullam
3272 5003 3681 5076 esseconl'es-

2015 5099 2244 5154 sionem
2283 5097 2505 5160 dicens,
2538 5101 2814 5167 gravatur
2858 5096 3128 5166 probare,
3161 5093 3318 5164 quod
3367 5109 3484 5147 non
3516 5091 3679 5146 debi-

2015 5193 2140 5242 tum
2173 5185 2481 5241 confessus
2511 5188 2612 5246 sit,
2641 5190 2698 5238 et
2727 5187 2880 5252 quod
2917 5199 3018 5254 per
3046 5183 3162 5237 vim
3201 5188 3257 5238 et
3288 5183 3488 5238 dolum
3533 5179 3682 5236 scri-

2018 5277 2148 5347 psit.
2189 5273 2624 5330 Filiusl‘amilias
2665 5278 2722 5328 et
2765 5281 2930 5344 pater
2971 5273 3162 5328 eidem
3213 5271 3447 5342 negotio
3497 5275 3679 5326 testes

2016 5363 2282 5420 adhiberi
2317 5369 2586 5435 possunt,
2617 5362 2794 5417 etiam
2826 5366 3201 5417 testamento.
3233 5361 3680 5416 Testamentum

2013 5454 2276 5526 quinque
2297 5451 2540 5510 testium
2566 5451 2838 5508 manibus
2861 5451 3294 5519 subscribatur,
3310 5457 3366 5506 et
3385 5449 3676 5522 signetur.
