4100 6410
377 367 498 431 959

375 501 442 559 Εἰ
465 496 512 556 δ’
532 497 669 560 ἵσως
699 497 836 574 πρὸς
863 496 1200 567 παράστασιν
1229 491 1463 564 ἠτόνησε
1491 490 1802 568 μαρτύρων,

377 595 578 665 Ὅρκον
605 587 819 663 ἐπάγειν
851 582 1070 640 δύναται
1100 584 1254 645 οὗτος
1285 587 1364 655 τῷ
1395 581 1671 661 ἁφειλὲτῃ,

379 677 485 737 [ἄν
511 679 668 742 οὗτος
695 675 1039 750 ἐπομόσηται
1067 675 1094 729 ὁ
1123 670 1405 742 δανειστὴς
1435 674 1659 742 ἡττᾶται
1689 689 1702 702 ·

378 770 444 827 Εἰ
468 765 524 824 δὶ
555 769 583 823 ὁ
614 765 942 842 ἆ-αγόμενος
977 765 1136 839 ὅρκον
1168 762 1529 837 ἀντεπαγάγῃ,

379 860 442 918 Ὀ
476 855 756 928 δανειστὴς
783 853 828 910 δ’
856 854 1096 928 ὀμόσειε,
1130 847 1400 925 λαμϐάνει
1432 851 1494 906 τὸ
1525 849 1778 926 χρυσίον.

380 949 600 1025 Ὠραῖον
631 944 689 1002 δὲ
719 946 1024 1019 σημείωσαι
1056 943 1143 998 καὶ
1183 942 1513 1015 ζητούμενον
1546 946 1791 1016 πρᾶγμα,

381 1039 472 1102 Ὠς
499 1033 666 1109 ἔξεστι
701 1031 1002 1108 μεταπεδᾷν
1038 1031 1098 1088 lx
1124 1028 1499 1106 δικαιολογίας

381 1125 592 1197 Ταύτης
624 1125 760 1200 πρὸς
806 1122 1009 1195 ἄλλην,
1070 1119 1322 1193 δέσποτα,
1385 1120 1646 1194 μεμψεώς
1703 1140 1849 1182 τινος
1883 1114 2035 1194 δίχα,

385 1216 451 1274 Ἥ
481 1208 840 1288 κομϐεντίων,
873 1209 1125 1278 δέσποτα,
1157 1207 1234 1273 εἷς
1265 1208 1388 1283 τρία
1417 1205 1726 1284 διαιρεῖται.

384 1306 455 1363 Ἦ
481 1304 582 1382 γὰρ
611 1298 888 1358 πουόλίκα
917 1321 1168 1378 πεφυκεν,
1201 1297 1245 1354 εί
1275 1295 1461 1374 τύχοι,
1491 1294 1529 1366 ἤ
1561 1291 1800 1374 πριϐάτα
1833 1314 1846 1326 ’

384 1395 492 1465 τὴν
527 1391 584 1448 δὶ
613 1387 875 1468 πριεάταν
909 1387 1083 1444 δίελεν
1119 1387 1193 1451 εἷς
1227 1384 1323 1443 8-50
1355 1384 1517 1442 πάλιν
1555 1387 1721 1461 μέρη,

386 1483 484 1548 Εἷς
515 1481 826 1558 λεγιτίραν,
857 1481 1128 1555 κράτιστε,
1159 1476 1247 1533 καὶ
1280 1475 1357 1542 εἷς
1387 1473 1823 1554 ίουρισγεντίαμ.

384 1574 477 1643 Μὴ
509 1570 685 1628 τοίνυν
714 1569 848 1634 τίθει
879 1569 1128 1643 τέσσαρα,
1165 1566 1306 1641 μόνα
1335 1563 1394 1621 δὲ
1421 1564 1545 1640 τρία
1577 1563 1723 1641 λέγε,

384 1662 448 1722 Ἦ
482 1659 740 1738 λεγιτίμα
769 1661 872 1736 γὰρ
903 1658 1064 1728 αὐτὴ,
1097 1657 1189 1713 καὶ
1218 1657 1252 1727 ἠ
1287 1653 1648 1732 ἷουρισγεντία
1679 1674 1692 1726 ;

384 1756 570 1809 Ηᾶσαν
599 1747 1040 1820 κατεδαπάνησαν
1067 1749 1168 1817 τὴν
1201 1746 1423 1822 γενικὴν
1455 1738 1720 1820 πριϐάταν
1753 1763 1764 1774 ’

386 1841 590 1900 Οὐκοῦν
624 1843 720 1912 τὴν
744 1834 1108 1914 λομΕεντίονα
1131 1835 1207 1900 εἲς
1237 1835 1361 1912 τρία
1388 1833 1556 1890 ταῦτα
1580 1836 1764 1909 τέμνε,

389 1925 726 2003 Πουϐλίκαν,
758 1927 1048 2004 λεγίτιμάν
1078 1947 1158 1998 τε,
1189 1925 1278 1980 καὶ
1322 1925 1420 1993 τὴν
1457 1923 1867 1999 ἴουρισγεντίαν,

388 2022 498 2082 Καῖ
519 2013 820 2074 ποὺελικον
855 2017 951 2090 μὶν
981 2016 1244 2092 πέφυκεν,
1278 2014 1468 2091 εῗρήνη
1501 2010 1740 2087 δημοσία
1773 2031 1785 2044 ⁸

388 2110 709 2188 Δεγίτιμον,
739 2115 818 2183 τῷ
851 2107 1012 2183 ὶδικῷ
1037 2108 1190 2183 νόμῳ
1218 2107 1595 2185 κεκυρωμένον
1631 2127 1644 2140 ·

391 2201 470 2264 Τὸ
493 2198 550 2258 δί
579 2202 655 2276 μή
678 2221 735 2256 τε
764 2198 1069 2276 λεγίτιμον,
1107 2200 1245 2272 μήτε
1274 2198 1381 2272 μήν
1412 2201 1520 2252 τῶν
1553 2190 1893 2271 πουϐλίκων,

391 2291 803 2368 Ἰουρισγὲντιον
835 2293 961 2364 γοῦν
995 2287 1127 2356 ἐσνι,
1159 2282 1481 2362 κομϐἐντιον
1507 2284 1558 2343 ἕν
1587 2288 1752 2364 γένει.

387 2385 504 2439 Τῶν
533 2376 591 2437 δὶ
618 2378 908 2449 τοιούτων,
943 2376 1200 2452 δέσποτα,
1234 2376 1399 2434 πάλιν
1431 2372 1860 2451 κομϐεντιόνων,

385 2472 456 2532 Αἱ
490 2471 584 2545 μὶν
612 2473 869 2546 γεννῶσιν
905 2469 1151 2544 ἀγωγὴν,
1194 2466 1256 2522 αἶ’
1270 2465 1327 2523 δὶ
1358 2469 1720 2545 παραγραφήν
1753 2487 1894 2538 πως,

387 2558 547 2618 Ἀλλ’
581 2561 701 2615 δσαι
739 2559 835 2633 μὶν
868 2559 1168 2632 ὁμώνυμον
1197 2558 1556 2636 παραγραφὴν
1588 2560 1871 2632 γεννῶσιν,

395 2649 555 2725 Φημῖ
584 2654 702 2713 τοῖς
735 2645 1184 2724 συναλλάγμασιν
1218 2648 1305 2725 ὑφ’
1335 2647 1409 2701 ὧν
1441 2646 1867 2722 ἀπογεννῶνται,

390 2738 516 2800 Εῗσὶ
551 2739 646 2812 μὶν
679 2731 1079 2812 κομϐεντίωνες
1105 2742 1332 2813 γενικῶς
1364 2735 1726 2811 κεκλημέναι,

393 2828 493 2892 Εἷς
524 2825 707 2898 ΐδικὴν
741 2825 800 2883 δὲ
829 2825 1086 2882 πίπτουσι
1119 2823 1582 2902 συναλλάγματος
1601 2823 1821 2896 κλῆσιν,

395 2916 496 2981 Εἲς
526 2923 745 2994 πρᾶσιν,
778 2915 855 2981 εἷς
882 2917 980 2985 τὴν
1012 2915 1303 2989 μίσθωσιν,
1335 2913 1371 2983 ἤ
1402 2916 1490 2970 καὶ
1520 2915 1621 2984 τήν
1651 2912 1961 2971 κοινωνίαν.

393 3006 461 3066 Et
491 3003 539 3062 8’
566 3003 697 3068 ἶ¹σως
728 3005 1122 3079 ἀμετάπτωτος
1153 3004 1228 3066 εἷς
1266 3000 1437 3058 ἷδικόν
1457 3025 1509 3059 τι
1545 3003 1740 3076 μείνοι,

392 3095 494 3152 Καὶ
527 3091 764 3170 μᾶλλον,
787 3093 833 3150 εί
856 3087 1228 3170 προϐέϐηκεν,
1262 3089 1300 3163 ἤ
1331 3090 1482 3156 δόσις
1515 3091 1602 3149 ἰπὶ
1634 3090 1803 3162 δόσει,

1733 355 2153 419 MIGHAELIS
2195 354 2467 416 PSELLI

2058 491 2114 559 Α
2143 488 2216 546 ’Ἥ
2251 485 2338 542 ἰπὶ
2371 483 2514 543 δόσει
2540 488 2785 561 ποιήσις,
2820 485 2856 560 ἤ
2889 486 2944 544 ἐν
2976 486 3194 558 ποίησει
3227 485 3400 558 δόσις,

3685 357 3820 419 960

2144 579 2214 636 Ἥ
2247 575 2396 640 δόσις
2429 575 2518 634 διὰ
2547 599 2796 650 ποιησιν,
2827 577 3195 654 τετράτροπον
3217 577 3318 654 γὰρ
3347 583 3535 636 τοῦτο.

2143 669 2390 724 Τίκτεται
2421 667 2586 724 πάλιν
2620 667 2811 744 ἀγωγὴ
2843 668 2877 738 ἠ
2912 667 3308 744 πραεσκρίπτις
3337 663 3522 745 βάρεις

2147 759 2237 828 Μὴ
2269 760 2371 834 γὰρ
2405 758 2634 833 εὑροῦσα
2666 755 2921 834 εὔλογον,
2954 761 2989 828 ἡ
3020 752 3364 831 κομϐεντίων
3397 755 3560 832 αὕτη,

2147 849 2457 926 Ἐναγωγῆν
2489 849 2788 922 ὁμώνυμον
2819 851 2897 920 τῷ
2929 845 3351 922 συναλλάγματί
3396 868 3536 919 πως,

2146 943 2233 1011 Τῷ
2257 937 2457 1013 γενικῷ
2491 938 2718 1012 ὀνόματι
2751 936 3112 1014 συνάλλαγμα
3143 942 3415 1006 καΛεῖται,

2149 1029 2244 1084 Καὶ
2281 1025 2499 1083 δῖδωσιν
2525 1027 2803 1104 ἕναγωγήν
2832 1030 2929 1098 τὴν
2964 1026 3358 1102 πραεσκρίπτις
3405 1020 3609 1105 βέρόις,

2147 1119 2210 1176 Ἦ
2244 1118 2294 1173 ἐν
2328 1115 2756 1194 δομιστρατίωνι
2785 1118 2848 1174 τὸ
2879 1123 3104 1194 πρᾶγμα
3138 1115 3431 1193 διηγεῖται,

2147 1209 2208 1266 Ἦ
2245 1205 2300 1264 δὶ
2333 1209 2436 1264 ἀπὸ
2469 1208 2792 1270 ῗντεντίονος
2824 1205 3045 1281 ἷνκὲρτα
3077 1201 3416 1280 καλουμὲνη,

2148 1287 2242 1362 Εἷς
2269 1299 2362 1354 τὸν
2391 1296 2784 1373 κοδεμνατίόνα
2811 1299 2874 1354 τὸ
2909 1295 3072 1360 τελος
3102 1295 3426 1372 καταλήγει.

2146 1394 2262 1444 Τῶν
2296 1386 2353 1444 δὲ
2382 1410 2444 1464 γε
2474 1389 2694 1443 πάκτων
2726 1389 2952 1467 πέφυκε,
2984 1386 3053 1442 τὰ
3088 1385 3182 1461 μὲν
3212 1384 3263 1457 ἐξ
3293 1382 3607 1444 κόντινὲντι.

2147 1480 2290 1537 Ὅσα
2314 1481 2431 1542 τοῖς
2454 1474 2874 1552 συναλλάγμασι
2908 1473 3184 1553 σόγχρονά
3218 1496 3334 1538 πως
3365 1472 3646 1552 τυγχάνει.

2147 1569 2229 1626 Τὰ
2269 1564 2326 1623 δέ
2358 1588 2515 1646 φασιν
2542 1567 2593 1621 οἱ
2625 1566 2850 1622 παλαιοῖ
2884 1565 2935 1638 ἐξ
2970 1559 3314 1640 ἷντερϐάλλω
3347 1564 3534 1638 νόμοι,

2148 1659 2303 1714 Ἤτοι
2341 1656 2757 1733 μεταγενὲστερα
2787 1657 2893 1711 τῶν
2930 1654 3055 1733 πρὶν
3091 1651 3585 1730 συναλλαγμάτων.

2146 1751 2329 1806 Ταῦτα
2361 1748 2835 1822 κατονομάζουσιν
2866 1746 3067 1802 ἰκεῖνοι
3099 1742 3262 1801 νοῦδα
3283 1743 3459 1800 πάκτα

2075 1879 2122 1944 Β
2151 1841 2412 1898 Τουοιστι
2446 1837 2708 1917 σύμφωνα
2747 1835 2904 1913 ψιλά,
2940 1836 3164 1914 ἅγωγῆν
3199 1835 3276 1910 μὴ
3311 1838 3594 1892 ποιοῦντα.

2161 1930 2225 1944 -.
2317 1929 2328 1944 .
2621 1927 2635 1944 κ
2765 1928 2778 1944 ,
2946 1927 2958 1944 .
3013 1925 3034 1944 ε
3133 1926 3147 1943 .
3338 1926 3352 1944 ι
3540 1923 3551 1942 ρ

2157 1930 2232 1986 Οὐ
2265 1929 2367 2005 γάρ
2398 1951 2480 1992 τις
2513 1927 2645 2002 μετὰ
2674 1928 2901 2004 χρόνιον
2936 1925 3184 2002 ὀχληρὸν
3218 1926 3452 1995 ποιήσας
3482 1923 3713 1994 πάκτον,

2157 2021 2428 2084 Ἐντεῦθεν
2450 2015 2553 2090 ἕξει
2587 2018 2807 2094 ἀγωγην
2839 2019 2938 2086 τὴν
2967 2016 3088 2092 περὶ
3119 2021 3215 2071 τοῦ
3243 2016 3562 2093 συμφώνου.

2158 2109 2222 2168 Et
2255 2107 2311 2164 δὲ.
2351 2130 2432 2174 τις
2451 2111 2846 2184 περιστατικῶς
2879 2106 3230 2182 ἆντεναγάγοι
3259 2103 3462 2178 τούτῳ,

2157 2199 2434 2256 Ἐντεῦθεν
2466 2217 2877 2272 παραγραφεται
2902 2195 2992 2250 τὸν
3023 2193 3478 2271 ἆντεναγαγόντα.

2161 2290 2345 2365 Σάκρα
2374 2288 2466 2362 μὶν
2500 2286 2843 2360 κανονόμαζε
2872 2285 3033 2350 ναοὺς
3061 2284 3188 2347 τοὺς
3219 2282 3548 2359 δημοσίους,

2157 2379 2293 2443 Τοὺς
2320 2376 2545 2457 τάφους,
2577 2375 2886 2453 ῥελεγίοσα,
2918 2374 3046 2439 τοὺς
3076 2369 3404 2449 σεϐασμίους
3431 2372 3609 2433 κάλει.

2159 2467 2258 2524 Καὶ
2306 2460 2604 2535 πούϐλικα,
2638 2462 2902 2539 δημόσια,
2931 2467 3187 2541 χρήσεως
3219 2470 3318 2535 τῆς
3348 2462 3644 2539 παγκοίνου
3675 2463 3820 2537 (1-4),

2160 2561 2272 2627 Σήν
2302 2553 2589 2628 θάλασσαν,
2622 2552 2750 2616 τοὺς
2800 2553 3083 2628 ποταμοὺς
3133 2551 3365 2628 ὅρμους,
3412 2551 3501 2608 καὶ
3549 2549 3678 2614 τοὺς
3725 2549 3822 2606 λι-

3463 2641 3671 2717 [μίνας.

2159 2737 2242 2796 Τὰ
2272 2733 2328 2792 8t
2356 2757 2418 2812 γε
2448 2733 2853 2811 πουπουλάρια,
2880 2731 3156 2807 δημοτικᾶ
3178 2735 3464 2810 τυγχάνει,

2161 2829 2241 2885 Τὰ
2271 2825 2484 2902 Θὲατρα,
2514 2824 2603 2880 καὶ
2637 2821 2848 2893 στάδια,
2880 2822 2971 2879 καὶ
3007 2820 3377 2900 βουλευτήριά
3405 2843 3487 2881 τε.

2161 2920 2340 2974 Κινῶν
2374 2913 2431 2970 δὲ
2457 2910 2595 2976 ἅπας
2628 2910 2908 2982 δυνειστὴς
2933 2913 3034 2984 τήν
3073 2910 3472 2988 ὑποθηκαρίαν.

2160 3004 2294 3062 Κατ’
2323 3000 2518 3079 ἀνδρὸς
2551 3001 2828 3075 ὲξωτικοῦ,
2861 3002 2923 3057 τὸ
2953 3006 3182 3077 πρᾶγμα
3210 2999 3532 3075 νεμομὲνου,

2163 3095 2512 3172 Παραγραφῷ
2543 3092 2638 3166 μὶν
2673 3090 2904 3169 εἷ’ργεται
2933 3095 3042 3148 τῶν
3085 3091 3402 3166 ὡοισμὲνων
3435 3089 3676 3168 χρόνων,

3398 3179 3560 3238 Vere.
3592 3175 3744 3235 ιοιο.

398 3421 508 3490 Qui
536 3437 674 3478 vero
713 3418 985 3494 probavit
1013 3417 1126 3476 sibi
1179 3419 1253 3474 ab
1302 3417 1705 3474 inﬂeiantibus
1736 3431 1864 3474 esse
1894 3415 2056 3473 debi-
2087 3417 2132 3487 α
2169 3415 2412 3490 quidem
2471 3415 2887 3473 conventiones
2933 3419 3239 3487 vocantur,
3271 3415 3372 3472 sed
3420 3415 3481 3472 in
3531 3411 3834 3487 propriam

398 3514 552 3580 tum,
595 3509 896 3565 sufﬁciens
946 3507 1187 3580 triginta
1246 3524 1535 3564 annorum
1594 3511 1832 3578 tempus
1888 3505 2060 3578 cepit.

401 3599 505 3656 Sin
555 3606 751 3653 autem
798 3597 1042 3652 testium
1095 3597 1408 3669 praesentia
1459 3594 1836 3662 destituatur,
1875 3599 2064 3668 potest

393 3687 823 3760 jusjurandum
884 3685 1110 3740 deferre
1169 3684 1452 3751 debitori,
1514 3683 1617 3756 qui
1675 3684 1722 3739 si
1773 3685 2066 3755 juraverit

402 3776 656 3832 creditor
697 3776 894 3831 debito
925 3773 1134 3830 cecidit
1165 3790 1177 3828 :
1213 3775 1262 3829 si
1292 3789 1430 3829 vero
1481 3790 1614 3828 reus
1656 3775 2063 3844 juramentum

405 3866 642 3930 referat,
671 3869 728 3920 et
757 3864 1012 3920 creditor
1053 3862 1363 3934 juraverit,
1399 3862 1706 3934 pecuniam
1739 3863 1914 3934 capit.
1947 3863 2065 3919 0b-

407 3969 596 4020 serva,
629 3951 884 4023 domine,
919 3951 1233 4024 pulchrum
1284 3949 1424 4022 quid
1457 3956 1514 4006 et
1545 3956 1938 4023 opportunum
1985 3950 2067 4007 rei

407 4044 482 4100 de
532 4059 650 4116 qua
696 4042 1047 4114 disputatur,
1095 4041 1253 4113 quod
1304 4041 1439 4097 licet
1489 4039 1787 4097 transilire
1829 4042 1900 4096 ab
1952 4057 2070 4097 una

408 4131 765 4204 allegatione
812 4131 880 4186 ad
933 4131 1131 4198 aliam,
1157 4131 1378 4202 absque
1429 4129 1548 4186 ulla
1592 4130 2066 4202 reprehensione.

409 4219 749 4290 Conventio,
785 4237 817 4276 o
849 4220 1108 4287 domine,
1142 4220 1204 4276 in
1253 4220 1367 4276 tria
1414 4219 1716 4287 dividitur,
1771 4237 1906 4275 nam
1957 4219 2073 4276 alia

411 4308 648 4383 publica
678 4314 786 4376 est,
817 4309 933 4366 alia
964 4310 1191 4381 privata
1219 4325 1231 4364 :
1268 4311 1557 4382 privatam
1591 4325 1801 4365 rursus
1833 4309 1890 4364 in
1922 4309 2072 4365 duas

411 4405 607 4474 partes
655 4399 949 4466 dividunt,
985 4399 1045 4454 in
1095 4399 1447 4473 legitimam,
1498 4400 1642 4472 imp.
1679 4404 1736 4455 et
1779 4399 2072 4472 jurisgen-

2171 3511 2510 3562 contractus
2552 3505 3092 3562 denominationem
3142 3505 3432 3574 incidunt,
3454 3501 3834 3570 venditionis,

2171 3594 2500 3662 locationis,
2532 3595 2833 3651 societatis
2867 3611 2880 3650 :
2913 3597 2962 3651 si
2994 3611 3132 3650 vero
3171 3594 3232 3650 in
3285 3593 3589 3666 proprium
3617 3607 3837 3648 nomen

2173 3703 2290 3742 non
2323 3685 2554 3752 cadant,
2589 3688 2646 3740 et
2677 3685 2929 3740 maxime
2962 3684 3009 3740 si
3049 3687 3368 3757 praecessit,
3390 3683 3478 3740 vel
3509 3684 3582 3739 do
3614 3688 3678 3739 ut
3708 3682 3839 3752 des,

2173 3775 2264 3830 vel
2315 3774 2460 3830 facio
2493 3779 2558 3829 ut
2588 3775 2713 3840 des,
2745 3773 2830 3829 vel
2861 3775 2934 3829 do
2967 3779 3032 3829 ut
3063 3775 3266 3844 facias,
3298 3774 3386 3829 vel
3439 3773 3587 3828 facio
3639 3775 3702 3827 ut
3751 3771 3839 3827 fa-

2176 3864 2317 3928 cias,
2346 3863 2502 3935 quod
2557 3863 2928 3935 quadruplex
2975 3869 3085 3929 est,
3116 3881 3323 3919 rursus
3374 3862 3639 3935 gignitur
3687 3860 3839 3917 actio

2177 3952 2536 4027 praescriptis
2567 3953 2758 4008 verbis
2791 3968 2806 4007 :
2841 3952 2943 4008 illa
2981 3953 3138 4008 enim
3174 3953 3479 4009 conventio
3525 3968 3640 4007 non
3674 3952 3840 4006 inve-

2178 4045 2348 4101 niens
2377 4044 2663 4100 actionem
2698 4043 2874 4098 alicui
2905 4043 3234 4099 contractui
3267 4043 3707 4123 homonymam,
3738 4056 3839 4114 ge-

2179 4132 2365 4190 nerali
2395 4137 2734 4188 contractus
2775 4133 3015 4189 nomine
3043 4136 3305 4201 vocatur,
3337 4137 3395 4188 et
3423 4135 3521 4187 dat
3550 4132 3840 4188 actionem

2181 4221 2523 4295 prescriptis
2579 4221 2805 4289 verbis,
2857 4238 2986 4294 quae
3046 4222 3103 4277 in
3162 4222 3666 4278 demonstratione
3713 4235 3840 4276 rem

2181 4317 2438 4373 enarrat,
2469 4316 2526 4366 et
2564 4312 2635 4366 ab
2666 4311 2990 4367 intentione
3022 4312 3243 4367 incerta
3274 4311 3636 4378 nominatur,
3668 4310 3843 4380 cujus

2184 4401 2321 4457 ﬁnis
2386 4400 2444 4456 in
2503 4400 2993 4456 condemnatione
3052 4401 3290 4457 desinit.
3350 4401 3656 4456 Pastorum
3722 4397 3840 4453 alia

410 4489 586 4545 tium.
645 4489 813 4545 Nunc
869 4505 1004 4544 vero
1077 4496 1332 4561 quatuor
1389 4505 1462 4545 ne
1520 4489 1743 4560 ponito,
1802 4489 1903 4544 sed
1962 4487 2076 4544 tria
2184 4495 2326 4547 sunt
2355 4506 2424 4546 ex
2453 4489 2948 4562 continenii,quaz
2983 4507 3098 4546 una
3129 4506 3260 4546 cum
3285 4483 3671 4546 contractibus
3702 4502 3840 4542 nas-

411 4581 644 4634 tantum
674 4578 871 4645 dicito,
905 4595 1042 4634 nam
1075 4577 1338 4650 legitima
1368 4577 1490 4644 illa,
1526 4583 1583 4634 et
1621 4576 2072 4650 jurisgentium,

2186 4584 2433 4647 cuntur;
2469 4579 2583 4635 alia
2613 4597 2741 4651 quae
2787 4581 3046 4652 antiqua
3095 4579 3254 4651 leges
3302 4596 3369 4635 cx
3419 4574 3720 4636 intervallo
3753 4576 3846 4631 di-

412 4683 650 4724 omnem
689 4668 978 4740 privatam
1030 4665 1361 4738 generalem
1410 4671 1928 4738 consumpserunt.
1961 4666 2077 4737 Igi-
2187 4676 2351 4736 cunt,
2383 4670 2503 4724 sive
2546 4668 2866 4740 posteriora
2914 4669 3212 4740 prioribus
3241 4668 3642 4725 contractibus
3677 4683 3692 4723 :
3722 4666 3850 4722 hec

411 4762 511 4815 tur
553 4755 1001 4814 conventionem
1053 4756 1112 4810 in
1156 4755 1260 4812 illa
1312 4755 1424 4810 tria
1453 4755 1722 4821 dividito,
1752 4754 2071 4826 publicam,

411 4847 764 4921 legitimam,
806 4851 864 4902 et
912 4844 1362 4916 jurisgentium.
1416 4848 1484 4898 Et
1540 4843 1780 4916 publica
1835 4845 2073 4916 quidem

412 4943 522 5006 est,
558 4953 671 5006 pax
711 4935 947 5006 publica
979 4951 992 4989 :
1025 4933 1308 5005 legitima,
1343 4950 1469 5004 quas
1502 4933 1738 5004 propria
1781 4933 1904 5002 lege
1933 4949 2074 4988 con-

415 5025 630 5082 stituta
664 5041 680 5081 :
715 5041 843 5095 quis
877 5039 1012 5078 vero
1046 5039 1236 5093 neque
1267 5023 1533 5094 legitima
1563 5038 1754 5094 neque
1782 5040 1851 5078 ex
1882 5023 2077 5094 publi-

415 5115 502 5172 cis
558 5119 681 5174 est.
735 5111 1160 5183 jurisgentium
1214 5117 1306 5166 est
1361 5113 1669 5168 conventio
1729 5112 1788 5167 in
1845 5127 2076 5184 genere.

419 5204 633 5258 Earum
684 5201 897 5257 iterum
949 5201 1424 5269 conventionum,
1459 5217 1491 5256 ο
1533 5201 1790 5269 domine,
1822 5200 1949 5256 alia:
1995 5200 2077 5271 gi-

420 5297 612 5364 gnunt
659 5290 970 5358 actionem,
1004 5287 1129 5343 alia
1181 5288 1604 5360 exceptionem,
1650 5291 1751 5345 sed
1803 5306 2077 5362 quiscun-

2190 4759 2347 4816 nuda
2411 4763 2580 4829 pacta
2637 4757 2748 4812 illas
2798 4763 3004 4814 vocant
3030 4759 3109 4830 (id
3143 4763 3233 4813 est
3290 4773 3619 4814 consensus
3674 4754 3848 4826 meri)

2185 4865 2313 4921 quae
2358 4847 2651 4904 actionem
2708 4864 2822 4902 non
2874 4847 3145 4920 gignunt.
3181 4846 3306 4903 Non
3357 4847 3511 4902 enim
3558 4846 3660 4917 qui
3714 4849 3852 4917 post

2184 4943 2420 5009 tempus
2453 4944 2660 5008 pactus
2692 4937 2886 5006 fuerit,
2919 4937 3074 4994 illico
3105 4954 3172 4992 ex
3206 4941 3374 5007 pacto
3415 4935 3706 4993 actionem
3737 4934 3850 4991 ba-

2188 5027 2350 5082 bebit
2381 5044 2394 5080 :
2429 5025 2478 5080 si
2511 5026 2652 5096 quia
2682 5042 2814 5083 vero
2855 5043 2957 5098 per
3003 5025 3316 5082 circuitum
3368 5029 3427 5082 et
3457 5024 3593 5082 dolo
3635 5025 3850 5096 egerit,

2189 5115 2477 5187 excipitur
2531 5113 2729 5170 statim
2783 5115 2854 5170 de
2915 5121 3082 5186 pacto
3140 5115 3421 5170 adversus
3478 5130 3636 5170 eum.
3671 5114 3856 5170 Sacra

2187 5209 2397 5259 vocant
2442 5201 2664 5274 templa
2718 5202 2974 5273 publica,
3007 5202 3282 5274 sepulcra
3329 5203 3660 5258 veneranda
3711 5202 3855 5258 reli-

2189 5292 2356 5365 giosa
2395 5292 2620 5348 dicunt.
2660 5291 2898 5348 Publica
2941 5309 3069 5362 quis
3104 5293 3371 5348 omnium
3418 5292 3478 5348 in
3529 5309 3640 5349 usu
3689 5296 3858 5360 sunt,

421 5396 536 5452 que
567 5377 855 5434 actionem
879 5377 1094 5434 similis
1125 5378 1387 5434 nominis
1416 5379 1690 5451 gignunt,
1721 5379 1852 5436 dico
1883 5384 2080 5436 autem
2193 5399 2373 5449 mare,
2408 5381 2675 5449 ﬂumina,
2728 5383 2910 5454 ripas,
2944 5387 3002 5438 et
3053 5383 3267 5439 littora.
3321 5381 3654 5454 Popularia,
3685 5379 3859 5439 thea-

420 5484 555 5526 cum
604 5466 1006 5525 contractibus
1056 5482 1088 5524 e
1134 5468 1354 5541 quibus
1402 5467 1692 5538 derivant,
1731 5467 2084 5541 generaliter
2193 5470 2326 5542 tria,
2385 5471 2598 5540 stadia,
2659 5470 2935 5530 basilice.
2998 5470 3204 5530 Omnis
3271 5471 3525 5532 creditor
3589 5487 3860 5529 movens.

494 5716 612 5792 (14)
639 5709 720 5774 Τὰ
745 5706 1028 5789 πάνδημα.
