4100 6400
281 463 399 525 961

1635 463 2013 526 SYNOPSIS
2063 466 2353 529 LEGUM.

3590 468 3707 531 962

285 594 656 672 Προσωπικὴν
735 591 799 683 δ’⁸
861 592 1136 670 έναγωγήν
1178 558 1181 559 ν
1214 585 1330 667 ἔχει
1400 591 1539 668 πρὸς
1610 592 1704 647 τὸν
1763 593 1943 669 χρεώ·
1973 599 2026 667 Α
2058 595 2156 651 Καὶ
2184 592 2410 676 ἀδελφοὶ
2443 594 2500 652 δέ
2535 598 2841 676 μέμφονται
2874 598 3148 674 συγγόνων
3181 595 3488 671 διαθήκαις,

1726 683 1870 756 [σηνο

284 776 346 834 Ὀ
387 769 591 847 ἄνηϐος
622 772 698 836 είς
729 768 986 850 ἔγκλημα
1017 768 1253 848 εἷ’ργεται
1291 769 1610 848 μαρτυρίας.

286 864 434 921 Κατᾶ
462 854 710 926 πολλοὺς
745 860 801 917 δὶ
833 859 1045 939 λέγεται
1078 858 1358 924 ἀδιάθετος
1390 861 1648 938 τρόπους,

284 956 343 1009 Ὀ
373 953 475 1030 γὰρ
502 953 579 1027 μή
613 949 954 1025 διαθέμενος,
989 949 1078 1005 καὶ
1113 950 1140 1005 ὁ
1176 951 1251 1024 μὴ
1284 951 1421 1005 κατὰ
1448 950 1674 1024 νόμους,

287 1044 382 1099 Καὶ
418 1044 447 1098 ὁ
474 1043 574 1113 τὴν
609 1039 941 1097 διατύπωσιν
975 1036 1120 1117 ἔχων
1150 1040 1621 1115 σπαραττομένην,

284 1134 385 1189 Καὶ
407 1130 531 1187 όταν
566 1130 708 1186 ἐστὶν
742 1127 963 1206 ἄκυρος,
998 1127 1088 1183 καὶ
1121 1128 1300 1205 χωρὶς
1330 1126 1712 1204 κληρονόμου,

286 1222 382 1277 Καὶ
416 1221 445 1275 ὃ
481 1221 557 1295 μὴ
593 1217 912 1293 διαθέμενος
941 1223 1095 1274 ποιεῖ
1116 1215 1457 1273 κωδίκελλόν
1489 1240 1629 1290 πως,

284 1311 385 1367 Καὶ
418 1310 525 1388 πρὸ
557 1307 946 1373 διατυπώσεως
974 1304 1316 1363 κωδίκελλόν
1348 1328 1431 1369 τις
1462 1309 1681 1386 γράφει,

287 1399 637 1478 Ἀπόκληρος
667 1399 730 1455 ού
761 1397 1019 1477 γράφεται
1051 1397 1213 1476 φησὶν
1245 1396 1295 1453 έν
1324 1395 1674 1471 κωδικέλλῳ,

283 1487 428 1549 Οὐδὲ
456 1488 798 1565 κληρονομία
820 1510 905 1551 τις
937 1485 1438 1567 φιδεικομισσαρία’

287 1577 425 1636 Ούδὶ
453 1577 829 1655 κληρονομίαν
849 1600 931 1640 τις
963 1577 1014 1633 ἐν
1044 1574 1374 1651 κωδικέλλῳ
1404 1576 1619 1656 γράφει,

288 1666 422 1735 Οὕθ⁹
452 1666 657 1746 α’ίρεσις
686 1668 1033 1743 προστίθεται
1064 1664 1161 1721 κᾶν
1184 1666 1330 1729 ὅλως
1361 1665 1760 1744 κληρονόμοις.

286 1764 405 1815 Τῶν
436 1757 492 1814 δέ
521 1760 574 1835 γ’
603 1756 993 1835 έπερωτήσεων
1026 1755 1230 1827 ταύτην
1262 1758 1361 1827 τὴν
1394 1762 1588 1833 γνῶσιν
1622 1753 1761 1834 ἔχει.

286 1848 353 1905 Ἥ
386 1849 481 1923 μέν
515 1847 627 1904 έστι
654 1845 961 1918 δικαπική,
993 1844 1176 1922 ὥσπερ
1207 1848 1240 1914 ἡ
1274 1844 1396 1922 περί
1424 1844 1613 1919 δόλου,

288 1940 353 1997 Ἠ
387 1936 445 1994 δέ
474 1936 585 1993 ἐστι
615 1941 711 1993 τοῦ
740 1934 1074 2013 πραίτωρος,
1106 1938 1141 2005 ἡ
1177 1932 1233 1991 δὲ
1267 1937 1434 2009 μικτή
1466 1938 1564 2005 τήν
1598 1935 1778 2013 φύσιν,

287 2029 351 2087 Ἥ
385 2025 444 2083 δὶ
474 2027 534 2083 έκ
563 2027 913 2089 συναινέσεως
944 2030 1051 2081 τῶν
1085 2030 1262 2099 μερῶν
1295 2026 1583 2100 ὶκατέρων.

288 2117 586 2187 Αὗθεντικὴ
620 2115 883 2193 όρφανική
919 2113 1252 2178 διατύπωσις
1289 2114 1407 2189 μία,

290 2206 683 2284 Κληρονομίαι
716 2202 773 2260 δέ
805 2202 978 2260 διτταί
1009 2211 1116 2275 τῆς
1153 2205 1282 2279 μίας
1312 2202 1601 2276 διαθήκης.

290 2297 722 2375 Ἀκυρουμένης,
755 2292 1010 2363 δέσποτα,
1041 2291 1292 2370 δευτέρας
1326 2292 1611 2367 διαθήκης,

292 2388 391 2445 Καὶ
423 2392 527 2456 τῆς
556 2385 843 2462 προτέρας,
875 2382 945 2439 δι’
975 2383 1105 2439 αὐτὸ
1136 2383 1361 2445 εἲκότως
1394 2383 1764 2460 ῥηγνυμένης,

288 2473 696 2536 ’Δδιατύπωτός
728 2473 867 2529 έστιν
912 2474 939 2527 ὁ
972 2474 1204 2544 ποιήσας
1234 2474 1329 2536 τὰς
1363 2470 1480 2528 δύο·

291 2566 353 2621 Ὁ
378 2561 739 2641 κληρονόμος
769 2561 870 2637 γὰρ
904 2562 1131 2638 γραφεὶς
1175 2560 1394 2638 δευτέρᾳ
1425 2562 1680 2639 διαθήκῃ,

291 2654 510 2723 Ταύτην
549 2653 641 2726 μὶν
678 2651 1059 2727 ὑπερχόμενος
1094 2652 1290 2724 ἀκυροῖ
1320 2653 1646 2729 παραυτίκα,

293 2745 473 2801 Τοῦτο
493 2740 637 2798 ἐστιν
669 2737 943 2809 ἀκύρωσις
976 2740 1201 2804 εἰκότως
1233 2738 1525 2812 διαθήκης·

292 2830 506 2889 Πολλοὶ
538 2830 629 2886 καὶ
660 2828 827 2886 ἄλλοι
859 2830 1055 2906 τρόποι
1093 2828 1151 2885 δὶ
1178 2838 1277 2900 τῆς
1307 2853 1367 2907 γε
1400 2834 1476 2904 μὴ
1508 2833 1872 2907 κυρουμὲνης.

294 2918 491 2977 Πολλὰ
521 2922 623 2997 γὰρ
647 2923 792 2986 πάθη
822 2920 1028 2998 πέφυκε
1056 2926 1160 2990 τῆς
1192 2917 1478 2991 διαθήκης,
1512 2919 1658 2993 ἅναξ.

294 3008 623 3081 Ἀκύρωσις,
656 3009 892 3079 ἀτέλεια,
926 3010 1097 3085 ῥῆξις,
1129 3010 1266 3084 πρὸς
1298 3007 1354 3065 Si
1383 3010 1473 3065 καὶ
1509 3011 1736 3086 μέμψις.

296 3098 365 3154 Ἦ
399 3098 607 3172 μέμψις
636 3095 691 3154 δέ
714 3103 817 3155 τῶν
854 3103 1094 3177 φυσικῶν
1127 3103 1307 3172 μόνων
1336 3099 1588 3175 τυγχάνει
1618 3099 1852 3171 παίδων,

286 3186 523 3245 Ὀπόταν
553 3188 959 3264 άμνημόνευτοι
991 3188 1244 3266 γίνωνται
1275 3194 1392 3253 τοῖς
1421 3189 1674 3265 πατράσιο

1974 1981 2023 2046 Β

2054 685 2119 743 El
2144 685 2530 763 κληρονόμους
2558 686 2819 767 γράφουσι
2850 688 3023 760 πάντη
3056 690 3553 765 κατεγνωσμένους·

2052 776 2123 830 Τὸ
2179 777 2297 853 τρὶς
2351 775 2408 832 δὲ
2468 777 2635 854 μέρος
2693 780 2898 853 πέφυκε
2953 782 3050 834 τοῦ
3100 779 3339 851 παντὸς,
3397 780 3543 850 ἅναξ,
3605 777 3702 834 λό-

3338 869 3462 943 [γου
3494 870 3631 943 (ιδ).

2127 957 2315 1012 Κοινὺν
2375 957 2477 1033 γάρ
2538 956 2671 1028 έστι,
2724 954 2985 1031 δέσποτα,
3032 956 3123 1013 καὶ
3153 961 3420 1031 γυναικῶν
3465 957 3553 1012 καὶ
3602 957 3704 1035 ἆῤ-

3418 1046 3631 1124 [ῥένων,

2052 1138 2122 1192 Τό
2150 1158 2233 1199 τις
2264 1136 2365 1214 γὰρ
2397 1136 2584 1206 εἰπὼν,
2620 1133 2716 1191 δύο
2749 1137 2876 1212 γένη
2912 1136 3076 1212 λέγει,

2052 1224 2233 1297 Ἀλλη
2270 1224 2364 1299 μέν
2394 1224 2503 1281 ἐστι
2535 1232 2632 1295 τῆς
2662 1225 2880 1303 ἀγωγῆς
2910 1228 2944 1296 ἠ
2979 1226 3155 1303 φύσις,

2052 1313 2239 1385 1Ἀλλη
2276 1312 2332 1369 δέ
2361 1313 2472 1370 έστι
2499 1321 2598 1385 τῆς
2627 1322 2987 1393 παραγραφῆς
3019 1315 3209 1371 πάλιν

2055 1402 2158 1458 Κᾶν
2188 1401 2552 1479 ἐγκαλοῦντος
2572 1404 2633 1466 ὃς
2663 1404 3023 1481 παραγραφὴν
3056 1402 3196 1481 ἔχει,

2053 1494 2138 1548 Ἐν
2170 1498 2292 1557 ταῖς
2320 1490 2497 1556 δίκαις
2528 1491 2726 1573 εἷ’ληφε
2753 1494 2901 1564 τάξιν
2924 1493 3013 1548 καὶ
3045 1493 3232 1551 τόπον.

2053 1582 2219 1638 Φύσει
2252 1587 2523 1659 χρεωστεῖ
2549 1588 2653 1646 πᾶς
2686 1578 2890 1651 ἄνηϐος
2920 1584 2980 1638 τὸ
3006 1582 3198 1659 χρέος,

2053 1674 2155 1731 Καὶ
2182 1679 2285 1735 πᾶς
2319 1670 2598 1743 δανειστὴς
2628 1678 2736 1728 τῶν
2769 1668 2984 1743 ἀνήϐων
3015 1673 3328 1750 τυγχάνων,

2053 1762 2219 1819 Φύσει
2253 1760 2533 1834 δανειστής
2564 1762 2724 1834 ἐστὶν,
2758 1761 2886 1839 οὐχὶ
2915 1764 2995 1836 τῷ
3024 1762 3198 1837 νόμῳ.

2052 1853 2130 1910 Τὸ
2160 1859 2259 1922 τῆς
2292 1850 2632 1925 κλοπιμαίας
2656 1849 2713 1907 δὲ
2745 1849 2951 1924 δούλης
2975 1850 3217 1926 παιδίον,

2051 1941 2162 1997 Οὐκ
2191 1936 2332 1998 ἔστιν
2362 1942 2527 2008 αὐτῆς
2558 1941 2609 1997 έν
2634 1940 2818 2017 κλοπῇ
2848 1943 3040 2019 τεχθὲν
3072 1941 3257 2019 μέρος·

2052 2032 2221 2101 Ποινή
2251 2032 2352 2109 γὰρ
2384 2032 2447 2088 οὐ
2478 2032 2709 2109 πέφυκεν
2736 2030 2904 2087 αὐτού
2929 2036 3024 2087 τοῦ
3049 2031 3235 2091 τόκου.

2048 2126 2104 2176 '0
2136 2119 2463 2195 συμπλοκὴν
2493 2119 2637 2199 ἔχων
2671 2119 2729 2176 δὲ
2761 2122 2836 2194 μὴ
2867 2122 3051 2197 τομὴν
3077 2119 3269 2197 λόγος,

2051 2213 2149 2268 Ἐκ
2178 2216 2273 2266 τοῦ
2303 2211 2726 2287 προενέγκαντος
2757 2209 2834 2273 εἷς
2864 2214 3061 2287 γνῶσιν
3088 2209 3266 2267 πέσοι·

2051 2299 2121 2357 Ei‘
2150 2301 2252 2375 γάρ
2283 2321 2365 2362 τις
2398 2298 2586 2369 οἷ’κων,
2619 2298 2841 2375 χωρίων
2874 2320 2931 2354 τε
2964 2297 3251 2371 δεσπότης,

2052 2391 2309 2469 Γράφειεν
2340 2389 2503 2459 olim,
2537 2388 2827 2465 ληγατεύω
2857 2393 2936 2461 τῷ
2967 2387 3137 2467 φίλῳ,

2052 2477 2254 2542 Οἴειους
2288 2478 2506 2556 ἀγροὺς,
2536 2476 2767 2552 ἄδεσμον
2794 2478 2961 2534 εἰπὼν
2990 2479 3089 2547 τὴν
3118 2479 3334 2554 φράσιν,

2057 2566 2488 2641 Συμπλεκτικῶς
2520 2564 2772 2643 ἔγραψενο
2809 2567 2858 2622 εἷ’
2886 2565 2933 2621 δ’
2961 2567 3102 2622 ούτω
3131 2568 3344 2646 φράσει,

2053 2654 2255 2721 Οἷ¹κους
2285 2659 2474 2732 Πέτρῳ
2506 2655 2705 2730 δίδωμι
2740 2656 2935 2732 ἀγροὺς
2965 2655 3168 2720 ἆδέτως
3204 2722 3205 2725 η

2056 2745 2260 2820 Παύλῳ
2292 2744 2387 2802 δ’ὁ
2418 2748 2621 2822 Πέτρος
2651 2744 2885 2820 ἐκλογὴν
2920 2746 3227 2817 ποιησάτω,

2056 2835 2285 2905 Διεῖλεν,
2319 2835 2419 2891 ούκ
2446 2829 2634 2907 ἔπλεξε
2656 2839 2736 2908 τῷ
2766 2834 2986 2890 Παύλου
3014 2833 3207 2911 λόγῳ.⁶

2055 2923 2346 3000 Πρόδηλόν
2381 2923 2492 2980 ἐστι
2522 2923 2787 2995 πλήθεσιν
2816 2923 3076 2996 ἐναντίον,

2055 3019 2147 3069 Δεῖ
2173 3015 2273 3090 γὰρ
2305 3015 2587 3089 παρόντων
2620 3018 2726 3068 τῶν
2755 3015 3006 3068 ἁπάντων
3043 3012 3360 3091 μαρτύρων,

2052 3106 2121 3160 Ἥ
2156 3102 2296 3176 λέξιν
2331 3104 2527 3174 εἰπεῖν,
2554 3102 2589 3172 ἢ
2621 3102 2817 3177 πρᾶξαί
2840 3124 2893 3156 τι
2926 3104 3232 3175 συντόμως.

2050 3193 2118 3249 Ἡ
2144 3198 2245 3263 τῆς
2269 3191 2493 3269 ἀγωγῆς
2523 3189 2720 3263 κλῆσις
2750 3188 3022 3268 εἴσπραξιν
3052 3191 3224 3271 φέρει,
3714 3244 3717 3245 ,

3345 3286 3512 3341 Vere.
3547 3284 3711 3348 1097.

293 3552 499 3607 contra
528 3549 720 3607 virum
768 3548 1007 3607 tertium
1057 3554 1398 3606 extraneum
1450 3548 1550 3621 qui
1599 3565 1720 3606 rem
1754 3548 1945 3622 possi-
1977 3550 2021 3619 C
2059 3565 2093 3605 o
2145 3565 2263 3621 rex,
2320 3546 2535 3604 irritati
2590 3546 2978 3620 imperfectio,
3036 3546 3253 3620 ruptio,
3303 3548 3513 3608 deinde
3568 3569 3720 3625 que-

295 3640 396 3696 det
423 3638 926 3712 hypothrcariam,
959 3639 1334 3695 deﬁnilornm
1389 3640 1627 3711 quidem
1662 3654 1950 3695 annorum

291 3729 736 3801 prascriptione
784 3728 1135 3797 excluditur,
1188 3727 1550 3799 personalem
1599 3744 1731 3783 vero
1769 3727 1950 3784 actio-

292 3832 427 3872 nem
461 3816 639 3873 habet
669 3824 872 3874 contra
902 3818 1243 3874 debitorem.
1282 3817 1559 3889 Impubes
1610 3816 1669 3872 in
1703 3815 1950 3872 crimine

291 3905 695 3976 prohibetura
741 3908 1097 3964 testimonio.
1148 3907 1347 3964 Multis
1392 3906 1584 3962 modis
1629 3906 1948 3961 intestatus

290 3995 425 4065 quis
456 3995 691 4062 dicitur,
726 3997 825 4069 qui
879 4014 1067 4069 neque
1116 4002 1366 4052 testatus
1415 4000 1524 4063 est,
1578 3996 1676 4068 qui
1708 4012 1821 4051 non
1857 4011 1948 4051 se-

288 4083 550 4139 cundum
583 4083 872 4157 leges,qui
895 4091 1319 4142 testamentum
1342 4085 1520 4141 habet
1540 4085 1946 4150 dilaceratum,

287 4177 345 4227 et
376 4189 513 4229 cum
543 4179 634 4230 est
664 4175 920 4244 irritum,
957 4181 1013 4232 et
1043 4192 1174 4231 cum
1209 4176 1335 4231 sine
1365 4174 1728 4241 haerede.Qui
1761 4178 1947 4229 testa-

290 4270 386 4318 tus
417 4279 533 4319 non
565 4269 654 4319 est
683 4264 821 4320 facit
849 4264 1207 4331 codicillum,
1256 4268 1313 4320 et
1344 4269 1478 4320 ante
1526 4267 1945 4319 testamentum

288 4350 426 4423 quis
456 4353 661 4409 scribit
691 4354 1065 4410 codicillum:
1116 4354 1382 4409 Exheres
1422 4354 1478 4408 in
1527 4353 1795 4409 codicillo
1827 4370 1944 4409 non

284 4439 609 4513 scribitur,
670 4461 863 4515 neque
916 4443 1277 4500 hereditatis
1334 4441 1882 4499 ﬁdeicommissaria
1925 4458 1941 4498 :

284 4545 477 4602 neque
507 4530 565 4587 in
596 4532 871 4589 codicillo
903 4532 1301 4589 hereditatem
1336 4533 1468 4604 quis
1494 4531 1721 4602 scribit,
1753 4547 1943 4603 neque

280 4619 540 4676 conditio
572 4620 749 4677 etiam
783 4622 1074 4679 universis
1106 4622 1437 4678 heredibus
1476 4620 1769 4691 adjicitur.
1827 4620 1941 4676 Sti-

283 4706 657 4779 pulationum
690 4728 823 4768 vero
852 4712 1000 4768 hanc
1032 4711 1302 4767 notitiam
1340 4711 1508 4767 habe.
1545 4710 1821 4776 Quaedam
1854 4715 1943 4765 est

274 4796 606 4868 judicialis,
632 4805 698 4856 ut
720 4816 852 4872 quas
873 4801 945 4857 de
976 4801 1146 4870 dolo;
1173 4802 1439 4873 quedam
1462 4799 1729 4872 preteria
1752 4823 1766 4865 ;
1789 4815 1940 4870 quis-

280 4885 421 4940 darn
456 4891 666 4944 natura
687 4890 865 4945 mista
889 4907 902 4945 :
928 4890 1194 4961 quaedam
1222 4907 1291 4946 ex
1314 4888 1700 4945 conventione
1721 4886 1940 4944 utrius-

2060 3638 2200 3695 rela.
2237 3637 2481 3703 Querela
2512 3637 2749 3709 quidem
2794 3641 2883 3694 est
2912 3636 3103 3693 solum
3159 3638 3513 3696 naturalium
3563 3640 3713 3699 libe-

2058 3744 2277 3793 rorum,
2309 3743 2442 3782 cum
2493 3726 2770 3797 preteriti
2820 3732 2961 3782 sunt
2990 3743 3024 3781 a
3065 3727 3431 3799 parentibus.
3482 3729 3714 3789 Fratres

2058 3815 2298 3887 quidem
2352 3820 2699 3887 quaeruntur
2755 3816 2827 3870 de
2878 3816 3459 3888 consanguineorum
3526 3824 3712 3877 testa-

2059 3904 2296 3971 mentis,
2344 3905 2392 3960 si
2443 3905 2707 3959 scribant
2762 3903 3022 3959 haeredes
3075 3904 3313 3959 omnino
3373 3906 3709 3966 damnatos.

2057 3995 2240 4064 Atque
2300 3993 2420 4049 hinc
2478 4001 2602 4064 est,
2662 4010 2694 4048 o
2752 4009 2870 4061 rex,
2929 3992 3102 4048 tertia
3153 4010 3289 4065 pars
3347 3996 3527 4051 totius
3580 4014 3713 4053 ser-

2057 4083 2268 4139 monis.

2126 4175 2449 4227 Commune
2478 4175 2566 4225 est
2597 4169 2855 4226 hominis
2890 4187 3129 4241 nomen,
3180 4172 3435 4242 domine,
3471 4174 3709 4232 feminis

2056 4267 2112 4318 et
2143 4263 2428 4327 maribus,
2462 4261 2617 4333 quod
2664 4260 2760 4332 qui
2794 4261 2935 4315 dicit
2981 4262 3129 4317 duos
3185 4279 3359 4319 sexus
3390 4263 3548 4319 dicit.
3582 4265 3710 4323 Alia

2053 4355 2143 4407 est
2174 4351 2421 4406 actionis
2453 4354 2683 4419 natura,
2708 4349 2825 4405 alia
2846 4351 3059 4406 iterum
3088 4352 3708 4423 exceptionis,etiamsi

2053 4439 2155 4512 qui
2185 4438 2583 4511 exceptionem
2631 4438 2824 4506 habet,
2880 4440 3096 4495 actoris
3151 4440 3209 4494 in
3253 4441 3477 4511 judicis
3508 4442 3704 4500 locum

2053 4532 2110 4585 et
2138 4529 2405 4586 ordinem
2435 4527 2648 4601 capiat.
2683 4527 2884 4583 Debito
2935 4533 3146 4584 natura
3188 4530 3483 4603 obligatur
3512 4532 3706 4590 omnis

2051 4619 2362 4690 impubes:
2414 4622 2471 4673 et
2518 4619 2711 4673 omnis
2761 4618 3136 4690 impuberum
3189 4620 3461 4687 creditor,
3494 4629 3705 4679 natura

2050 4725 2166 4764 non
2198 4707 2324 4781 lege
2353 4707 2611 4764 creditor
2638 4706 2993 4762 est.Ancilla
3024 4707 3425 4779 furtivae,quod
3458 4709 3515 4764 in
3550 4711 3705 4768 furto

2048 4802 2225 4853 natus
2282 4801 2393 4863 est,
2455 4796 2649 4851 infans
2707 4796 2898 4867 ipsius
2960 4812 3075 4851 non
3107 4808 3194 4853 est
3252 4814 3423 4868 pars:
3480 4798 3566 4855 sio
3598 4817 3704 4857 nec

2049 4903 2241 4942 usurae
2283 4903 2471 4958 poma.
2528 4886 2723 4941 Oratio
2782 4902 2909 4957 quas
2953 4901 3142 4957 neque
3199 4888 3699 4961 conjunctionem,

279 4989 393 5043 que
425 4975 628 5046 partis.
660 4976 1082 5034 Authenticum
1113 4982 1171 5035 et
1201 4977 1506 5051 pupillare,
1542 4994 1719 5033 unum
1752 4980 1935 5032 testa-
1966 4974 2012 4991 ν
2048 4992 2234 5047 neque
2265 4975 2608 5031 divisionem
2651 4974 2847 5045 habet,
2896 4991 2964 5030 ex
3013 4980 3208 5031 mente
3259 4978 3700 5048 pronuntiantis

280 5068 570 5133 mentum,
600 5064 971 5123 haareditates
1002 5084 1136 5124 vero
1183 5068 1311 5123 duze
1346 5068 1526 5124 unius
1574 5065 1933 5123 testamenti.
2044 5064 2532 5139 signiﬁcationem
2585 5064 2841 5120 habeat:
2896 5065 2945 5121 si
2994 5066 3129 5136 quis
3177 5066 3334 5122 enim
3386 5067 3698 5127 domorum

277 5150 471 5220 Irrito,
505 5154 766 5225 domine,
799 5157 1055 5212 secundo
1086 5160 1458 5224 testamento,
1490 5160 1546 5213 et
1578 5156 1766 5228 primo
1800 5171 1935 5227 pro-
2044 5160 2102 5211 et
2156 5172 2427 5225 agrorum
2486 5154 2765 5211 dominus
2819 5155 2899 5210 ita
2955 5154 3275 5227 scripserit,
3325 5156 3452 5229 lego
3508 5159 3699 5218 amico

278 5242 407 5310 pter
437 5240 579 5297 illud
605 5242 741 5315 jure
774 5250 963 5316 rupto,
1012 5246 1329 5301 intestatus
1360 5250 1450 5302 est
1496 5246 1595 5317 qui
1628 5246 1744 5300 duo
1777 5242 1932 5299 fecit.
2046 5246 2253 5301 domos
2303 5262 2495 5317 agros,
2546 5246 2809 5317 phrasim
2860 5245 3216 5316 disjunctam
3267 5248 3489 5316 dicens,
3532 5266 3698 5309 com-

274 5327 471 5386 Haares
528 5332 684 5388 enim
746 5334 1003 5405 scriptus
1056 5335 1313 5391 secundo
1365 5338 1757 5403 testamento,
1818 5349 1934 5388 non
2044 5333 2267 5407 plexive
2297 5334 2531 5391 locutus
2580 5340 2709 5391 est:
2756 5335 2806 5391 si
2853 5352 2987 5391 vero
3042 5336 3121 5391 ita
3162 5336 3439 5407 loquatur
3468 5339 3697 5397 solute:

274 5420 600 5477 succedens
635 5422 815 5489 illico,
850 5422 995 5479 illud
1045 5423 1279 5479 irritum
1327 5424 1482 5480 facit.
1536 5424 1639 5480 Illa
1685 5427 1775 5479 est
1804 5421 1934 5477 irri-
2044 5422 2259 5479 Domos
2291 5423 2363 5478 do
2398 5427 2586 5490 Petro,
2642 5439 2813 5494 agros
2860 5422 3061 5491 Paulo,
3111 5427 3319 5479 Petrus
3352 5424 3698 5485 electionem

271 5506 419 5564 tatio
450 5507 716 5583 legitima
761 5513 1123 5569 testamenti.
1173 5513 1286 5569 Sed
1338 5516 1395 5568 et
1443 5512 1541 5567 alii
1585 5517 1727 5568 sunt
1777 5509 1935 5566 modi
2044 5511 2255 5581 facito;
2291 5511 2512 5581 divisit,
2544 5529 2659 5567 non
2693 5512 2999 5583 conjunxit
3026 5512 3191 5568 Pauli
3222 5530 3510 5571 sermone.
3534 5515 3697 5580 Quod

272 5595 501 5657 nullius
548 5602 915 5671 testamenti,
973 5601 1158 5660 multa
1207 5602 1361 5660 enim
1408 5600 1551 5658 vitia
1593 5599 1935 5659 testamenti
2043 5600 2239 5675 palam
2266 5606 2356 5659 est
2386 5601 2446 5659 in
2499 5604 2815 5675 conspectu
2866 5600 3261 5661 multitudinis
3303 5608 3415 5675 est,
3469 5609 3700 5679 oportet

345 5798 463 5876 (15)
491 5791 713 5877 Ἴαμϐοι
746 5796 798 5857 οἱ
829 5797 951 5875 ὶξῆς
975 5798 1183 5880 στίχοι.
