4124 6398
407 491 524 553 963

403 624 470 682 Ὀ
497 623 601 699 γὰρ
632 617 957 696 πιπράσκων
985 615 1084 685 τὴν
1117 611 1343 688 ἀγωγὴν
1375 609 1436 680 ἢν
1469 605 1609 685 ἔχει,

402 716 480 789 Τῇ
511 719 615 783 τῆς
646 708 864 786 ἀγωγῆς
896 705 948 761 ἰν
977 701 1265 781 πρατηρίῳ
1296 701 1508 779 φράσει,

401 807 562 859 Δοκεῖ
588 798 909 877 πιπράσκειν
944 796 1042 864 τὴν
1074 791 1368 863 ἀπαίτησιν
1390 790 1558 864 τάχα.

395 893 466 948 Τὸ
498 897 599 962 τῆς
628 887 782 960 δίκης
813 882 990 958 ὄνομα
1017 880 1223 947 κυρίως
1254 879 1433 957 γένος.

400 978 580 1054 Δηλοῖ
608 1001 666 1036 τε
694 983 867 1034 πᾶσαν
895 975 994 1044 τὴν
1027 973 1243 1049 ἀγωγὴν
1275 970 1499 1046 κυρίως.

396 1051 612 1130 ’Ὁπλον
639 1089 722 1130 τις
756 1065 921 1123 εἰπὼν
954 1062 1043 1119 καὶ
1077 1060 1265 1123 λίθους
1297 1051 1734 1135 προσλαμϐάνει.

397 1159 716 1228 Ἐλευθερία
742 1159 813 1222 τῆ
845 1153 991 1210 δόσει
1017 1153 1183 1208 ταυτὸ
1216 1148 1391 1229 φύσει,

396 1250 460 1309 Εἰ
492 1249 594 1327 γάρ
624 1269 705 1311 τις
734 1245 878 1302 ε’ίποι
914 1241 1201 1319 μαρτύρων
1237 1236 1530 1315 παρουσίᾳ,

394 1326 719 1414 Ἐλεύθερός
754 1357 850 1411 μοι
878 1336 906 1389 ὁ
933 1332 1221 1410 χρεώστης
1249 1333 1347 1385 τοῦ
1384 1326 1613 1404 χρέους,

391 1428 627 1505 Ε’ίρηκεν
656 1428 729 1489 ὡς
760 1422 954 1502 ε’ίληφε
984 1425 1167 1500 σαφῶς
1199 1419 1260 1474 τὸ
1292 1417 1484 1505 χρέος.

392 1502 571 1578 Ἀπαν
607 1517 742 1591 μέγα
773 1514 1013 1591 ῥᾴθυμον
1045 1506 1301 1586 τυγχάνει
1336 1502 1523 1568 δόλος.

391 1608 640 1668 Βάλανον
673 1605 837 1662 εἶπὼν
868 1595 1251 1673 παντὰίκαρπὸν
1290 1619 1383 1671 μοι
1419 1594 1619 1671 λέγεις,

390 1699 490 1753 Καὶ
526 1698 699 1752 πάντα
730 1691 926 1770 δένδρα
951 1698 1052 1762 τῆς
1077 1687 1237 1765 δρυὸς
1267 1684 1529 1761 μνησθεῖς
1565 1682 1760 1758 μόνης.

390 1788 514 1843 Υἱόν
547 1806 630 1848 τις
661 1783 827 1839 εἷ’πὼν
860 1781 950 1838 καὶ
980 1781 1072 1835 τὸν
1105 1774 1326 1854 ἔγγονον
1360 1775 1509 1851 λέγει

389 1874 495 1936 Καὶ
526 1874 695 1955 φύντα
732 1874 951 1948 φάσκων
978 1870 1071 1925 τόν
1102 1889 1163 1924 τε
1188 1865 1411 1922 πάππον
1445 1865 1675 1940 εἰσάγει.

384 1967 645 2023 Ἀπεστιν
674 1959 1042 2037 αἰχμάλωτος
1076 1955 1339 2031 οὐδαμῶς
1383 1954 1595 2031 χρόνῳ,

387 2058 617 2132 Λῃστῶν
652 2050 697 2107 δ’
728 2051 779 2107 ἐν
815 2050 1005 2127 χερσὶν
1042 2047 1309 2124 ἐγκρατὴς
1340 2042 1701 2118 δεδειγμένος.

388 2131 519 2203 Κατ’
551 2141 926 2220 αἰχμαλώτων
961 2135 1142 2201 οὐδεὶς
1170 2136 1270 2214 γάρ
1303 2134 1504 2211 χρόνος
1535 2131 1717 2209 τρέχει

388 2238 521 2296 Τοῖς
553 2232 601 2290 δ’
630 2232 696 2289 αὖ
720 2254 785 2309 γε
815 2230 1186 2308 λῃστευθεῖσιν
1222 2226 1449 2288 εἷ’κόιως
1484 2224 1611 2302 ῥέει.

385 2329 502 2381 Τῶν
532 2324 839 2401 χρημάτων
874 2324 909 2392 ἠ
941 2318 1141 2389 κλῆσις
1170 2318 1244 2382 ὡς
1274 2315 1459 2394 γένους
1488 2314 1685 2388 τύπος,

384 2414 492 2471 Καὶ
522 2418 633 2469 τῶν
670 2414 901 2483 κινητῶν
932 2414 1039 2464 τῶν
1068 2429 1129 2464 τε
1163 2407 1256 2481 μέν
1292 2407 1584 2476 ἀκινήτων,

382 2509 501 2560 Τῶν
532 2505 857 2577 σωματικῶν
887 2503 993 2555 τῶν
1024 2519 1082 2554 τε
1117 2497 1211 2571 μὲν
1246 2496 1579 2569 ἀσωμάτων,

382 2596 543 2669 Ἔχει
577 2590 761 2649 δίκαια
788 2590 868 2663 τῷ
902 2591 1196 2660 συνεκτικῷ
1222 2585 1395 2662 λόγῳ.

388 2682 594 2745 Φίλους
629 2679 861 2757 λέγομεν
892 2677 1021 2754 οὐχὶ
1043 2676 1170 2739 τοὺς
1207 2674 1580 2752 ἐγνωσμένους

384 2774 474 2831 Ἐν
504 2775 600 2827 τοῦ
624 2769 913 2846 τυχόντος,
945 2765 1091 2822 άλλὰ
1118 2764 1246 2828 τοὺς
1277 2761 1649 2836 κεκτημένους

386 2866 586 2939 Σαφεῖς
614 2858 884 2937 προφάσει
916 2854 1276 2930 εὐπροσώπου
1307 2850 1516 2932 φιλίας.

382 2952 458 3006 Τά
490 2947 662 3024 δεσμὰ
691 2951 887 3004 κοινῶν
922 2944 1032 3001 ἐστι
1062 2947 1262 2999 κοινῶν
1296 2940 1478 3012 ἱδίων,

380 3042 445 3097 Ἦ
479 3036 527 3095 δ’
555 3039 619 3094 αὐ
650 3036 867 3113 φυλακή
902 3033 1141 3110 δημοσία
1171 3032 1261 3089 καὶ
1299 3034 1464 3107 μόνη.

384 3129 785 3199 Ἀποκαθιστᾷν
816 3122 928 3181 ἔστι
958 3122 1360 3200 κυριοτρέπως,

384 3214 845 3283 Ἀποκατάστασίς
875 3236 959 3279 τις
992 3206 1381 3291 ἀκριϐεστάτη,

2076 1987 2121 2052 Β

385 3506 585 3548 coram
616 3487 893 3546 omnibus
925 3485 1175 3543 testibus
1203 3482 1292 3540 vel
1321 3481 1465 3556 quid
1495 3479 1633 3547 dici,
1660 3477 1749 3535 vel
1789 3476 2043 3533 breviter
2070 3476 2115 3548 α

384 3558 535 3636 fieri.
569 3575 824 3634 Actionis
851 3592 991 3632 voce
1020 3571 1349 3647 persecutio
1380 3570 1735 3635 continetur,
1754 3564 1855 3639 qui
1876 3565 2034 3621 enim

380 3667 583 3725 vendit
612 3666 901 3725 actionem
923 3680 1101 3738 quam
1125 3662 1322 3730 habet,
1349 3660 1460 3716 hoc
1492 3657 1741 3716 actionis
1774 3655 2033 3724 nomine,

380 3756 489 3813 fori
524 3756 834 3823 locutione,
854 3752 1320 3829 persecutionem
1356 3749 1512 3805 illico
1542 3746 1757 3805 vendit.
1776 3744 2036 3802 Actionis

379 3863 592 3903 nomen
624 3844 855 3918 proprie
892 3860 1075 3916 genus
1120 3846 1229 3912 est,
1280 3856 1413 3896 nam
1461 3853 1693 3894 omnem
1744 3835 2034 3892 actionem

379 3935 614 4009 proprie
644 3933 957 4007 significat.
992 3934 1170 3988 Arma
1212 3930 1439 3995 dicens,
1472 3932 1529 3983 et
1559 3926 1786 3999 lapides
1817 3923 2034 3980 intelli-

377 4025 485 4099 git,
543 4024 834 4081 Liberatio
894 4022 1157 4079 eamdem
1212 4026 1486 4075 naturam
1545 4033 1676 4073 cum
1740 4014 2035 4071 solutione

375 4113 594 4171 habet:
631 4130 766 4170 nam
798 4113 848 4171 si
896 4114 1033 4185 quis
1076 4126 1275 4167 coram
1324 4108 1577 4165 testibus
1620 4104 1855 4172 dixerit,
1887 4103 2037 4160 liber

373 4203 453 4259 sit
478 4203 709 4260 debitor
738 4221 770 4259 a
799 4202 1018 4271 debito,
1051 4200 1263 4256 dixerit
1295 4198 1536 4273 perinde
1583 4213 1650 4253 ac
1681 4196 1732 4252 si
1764 4192 2029 4250 debitum

374 4298 529 4350 recte
559 4292 899 4365 accepisset.
954 4289 1161 4347 Omnis
1212 4305 1425 4361 magna
1476 4284 1835 4360 negligentia
1864 4282 2036 4337 dolus

376 4386 488 4438 est.
549 4381 837 4438 Glandem
895 4381 1116 4445 dicens,
1152 4394 1386 4434 omnem
1444 4377 1703 4432 fructum
1760 4371 1928 4437 dicis,
1979 4375 2036 4426 et

374 4487 582 4528 omnes
614 4471 874 4539 arbores,
906 4485 1159 4541 quercus
1178 4465 1537 4523 mentionem
1571 4459 2035 4519 faciens.Filium

375 4559 597 4629 dicens,
630 4564 689 4615 et
717 4565 990 4632 nepotem
1012 4557 1186 4626 dicit;
1211 4562 1268 4612 et
1300 4560 1599 4627 parentem
1633 4551 1833 4608 dicens
1860 4565 2033 4606 avum

371 4650 624 4706 inducit.
686 4647 860 4708 Nullo
920 4653 1183 4721 tempore
1239 4646 1428 4711 abest,
1477 4642 1579 4714 qui
1632 4641 1705 4698 ab
1760 4639 2033 4695 hostibus

371 4745 581 4813 captus
610 4744 721 4808 est,
757 4739 856 4795 sed
889 4737 992 4810 qui
1031 4738 1091 4792 in
1141 4736 1438 4791 latronum
1489 4731 1766 4802 manibus
1802 4728 2034 4784 vinctus

372 4834 484 4884 est.
516 4829 731 4885 Contra
780 4827 1041 4899 captivos
1095 4824 1324 4880 nullum
1369 4832 1604 4916 tempus
1655 4818 1859 4916 currit,
1891 4833 2031 4916 con-
2065 4851 2111 4916 Β

370 4920 464 4973 tra
493 4934 591 4973 eos
641 4917 809 4989 quia
852 4914 1183 4971 latronibus
1231 4910 1385 4982 capti
1435 4915 1576 4966 sunt
1622 4907 2036 4965 convenienter

373 5006 525 5062 ﬂuit.
559 5005 826 5062 Pecuniae
860 5020 1072 5061 nomen
1104 5000 1375 5073 generale
1406 5005 1518 5067 est,
1550 5015 1684 5053 nam
1721 4994 2031 5054 mobilium

374 5100 433 5150 et
490 5094 918 5165 immobilium,
994 5090 1385 5164 corporalium
1445 5094 1501 5144 et
1573 5086 2030 5158 incorporalium

373 5186 507 5255 jura
536 5185 967 5256 signiﬁcatione
998 5199 1108 5238 sua
1154 5177 1621 5251 comprehendit.
1671 5177 1901 5232 Amicos
1932 5192 2030 5230 vo-

374 5288 579 5346 camus
614 5290 728 5329 non
760 5289 901 5328 casu
948 5270 1235 5344 cognitos,
1267 5268 1369 5325 sed
1423 5271 1612 5323 certos
1643 5270 1701 5321 et
1755 5264 2032 5338 speciose

374 5360 649 5417 amicitias
674 5361 980 5418 occasione
1029 5375 1354 5431 possessas.
1401 5354 1654 5412 Vincula
1695 5353 2035 5409 communia

373 5455 514 5507 sunt
541 5454 596 5507 et
627 5450 874 5524 privata,
908 5448 1177 5506 custodia
1206 5463 1339 5503 vero
1370 5448 1602 5501 tantum
1634 5440 1887 5517 publica.
1923 5441 2031 5497 Re-

372 5539 617 5599 stituere
648 5541 880 5612 proprio
912 5538 1107 5610 modo,
1140 5542 1233 5594 est
1279 5534 1655 5593 exactissima
1693 5532 1887 5590 omnis
1921 5531 2032 5588 uti-

373 5620 577 5700 litatis,
611 5645 802 5685 oausaa
833 5632 891 5685 et
937 5643 1248 5701 corporum
1297 5623 1616 5683 restitutio.
1648 5622 1811 5679 Juris
1859 5622 2032 5694 igno-

374 5718 567 5778 rantia
594 5718 825 5777 veniam
874 5733 993 5775 non
1040 5717 1258 5775 habet:
1315 5714 1448 5773 facti
1505 5729 1639 5772 vero
1687 5710 2031 5785 ignorantiae

372 5821 632 5886 congrue
662 5804 820 5882 leges
862 5806 1200 5881 ignoscunt.
1231 5803 1605 5877 Rescriptum
1652 5800 2032 5876 imperatoris

1756 469 2173 534 MICHAELIS
2220 468 2487 532 PSELLI

2086 606 2139 675 Α
2171 601 2366 679 Τύχης
2397 601 2635 676 ἁπάσης,
2666 601 2845 668 αἰτίας
2881 625 2941 660 τι
2970 604 3262 679 σωμάτων.

3708 468 3838 529 964

2170 695 2281 751 Τοῦ
2309 695 2484 769 νόμου
2519 696 2613 769 μὲν
2646 696 2681 765 ἠ
2717 696 2910 772 ἄγνοια
2939 695 3270 772 συγγνώμης
3303 693 3367 749 οὐ
3398 686 3667 766 λαμϐάνει

2167 783 2278 841 Τοῦ
2360 782 2577 840 Φάκτου
2666 786 3087 863 συγγινώσκεται
3165 788 3286 847 τοῖς
3362 781 3557 857 νόμοις
3610 802 3831 859 προση-

3502 872 3753 945 [κόντως.

2168 961 2495 1038 ΙΙαράνομος
2527 965 2826 1046 άντιγραφῆ
2862 964 3122 1044 ἒρρώσθω
3154 961 3444 1042 βασιλέως,

2167 1051 2511 1124 Ἐπεξουσίας
2539 1058 2779 1131 νέμουσα
2811 1053 2995 1135 ἄφεσιν
3020 1054 3308 1133 τιμωρίας.

2163 1146 2272 1211 Τῆς
2304 1140 2600 1218 ἀκριϐείας,
2634 1142 2890 1216 δέσποτα,
2922 1146 2985 1202 τὸ
3016 1142 3224 1201 δίκαιον
3256 1144 3523 1221 προτίμα.

2162 1232 2377 1307 Ἕγκλη
2391 1256 2464 1309 μα
2494 1236 2850 1313 περατούσθω
2882 1257 2966 1291 σοι
2999 1234 3148 1298 ἐντὸς
3178 1241 3279 1306 τῆς
3311 1231 3533 1297 διετίας.

2162 1324 2220 1379 Ὀ
2250 1328 2575 1404 προσφυγὼν
2608 1333 2725 1392 τοῖς
2760 1325 3010 1390 δυνατοῖς
3039 1327 3117 1390 εῗς
3150 1324 3309 1400 δίκης
3340 1326 3690 1402 προστασίαν,

2162 1416 2348 1486 Πάσης
2382 1414 2651 1487 ἐκπίπτει,
2686 1414 2941 1488 δέσποτα,
2969 1420 3069 1487 τῆς
3101 1414 3259 1488 δίκης
3285 1417 3424 1473 κατὰ
3451 1416 3646 1490 νόμον.

2159 1505 2218 1561 Ὀ
2247 1502 2746 1580 καταδικαζόμενος
2771 1506 2919 1570 ἐντὸς
2947 1510 3048 1573 τῆς
3080 1508 3451 1581 τετραμήνου,

2160 1592 2450 1670 Ε’ίσπραξιν
2481 1595 2587 1672 οὐχ
2619 1595 2899 1676 ὑφίσταται
2930 1600 3039 1653 τῶν
3064 1595 3171 1652 ἀπὸ
3202 1593 3518 1668 καταδίκης.

2156 1682 2307 1747 Ε”ίτις
2334 1683 2551 1759 ψευδέσι
2585 1685 2815 1762 μάρτυσι
2838 1688 3127 1763 κρατήσειε
3153 1688 3252 1755 τῆς
3284 1682 3463 1757 δίκης,

2154 1773 2253 1829 Καὶ
2286 1773 2508 1831 κόλασιν
2544 1776 2828 1852 ὑφίσταται
2858 1775 2950 1831 καὶ
2983 1775 3137 1832 λύσιν
3169 1780 3276 1831 τῶν
3309 1775 3630 1850 κριθέντων.

2153 1864 2231 1921 Τὸ
2258 1864 2394 1919 κατᾶ
2424 1860 2591 1940 φόϐον
2626 1867 2854 1941 γεγονὸς
2888 1866 2988 1921 οὐκ
3017 1863 3157 1921 ἔστιν
3192 1865 3530 1941 έριὲωμένον.

2149 1954 2324 2015 Ἀπας
2352 1954 2379 2008 ὁ
2414 1954 2741 2029 βιασάμενος
2776 1954 3049 2011 εὐθύνεται
3076 1956 3167 2010 καὶ
3203 1952 3373 2029 δόλῳ,

2151 2043 2212 2098 Ἡ
2244 2043 2367 2119 περὶ
2402 2041 2569 2099 δόλου
2602 2042 2812 2100 δίδοται
2849 2045 3023 2108 αἰτίας
3055 2044 3107 2116 ἐξ
3140 2042 3399 2121 εὐλόγου,

2152 2130 2367 2203 Ἀλλης
2394 2133 2646 2205 ἀπούσης
2678 2134 2927 2210 ἀγωγῆς,
2961 2134 3165 2211 ἐσχάτη
3188 2135 3288 2212 γὰρ
3320 2132 3600 2213 τυγχάνει.

2149 2223 2364 2279 Ἤττων
2398 2218 2711 2294 ἀϐοήθητος
2743 2222 2830 2279 ἐπὶ
2864 2228 2971 2280 τῶν
3008 2222 3392 2300 ἑγκλημάτων.

2157 2311 2461 2390 Σύμφωνον
2493 2312 2631 2368 κατὰ
2660 2309 2866 2389 δωρεὰν
2900 2310 3087 2385 δήλων
3122 2311 3232 2369 έστῖ
3264 2315 3623 2392 πραγμάτων.

2151 2405 2269 2455 Τῶν
2302 2396 2631 2480 ἀμφιϐόλων
2666 2399 2723 2458 δέ
2754 2403 2895 2458 ἔστιν
2926 2405 2961 2472 ἡ
2994 2400 3246 2468 διάλυσις
3266 2400 3446 2471 λύσις,

2154 2491 2275 2547 Ἐπὶ
2309 2496 2425 2554 τοῖς
2456 2490 2549 2546 συν
2581 2491 2845 2568 αἱρέσεσιν
2879 2495 2915 2563 ἡ
2950 2488 3197 2555 διάλυσις
3233 2492 3446 2567 μόνοις.

2152 2580 2273 2635 Ἐπὶ
2308 2579 2402 2653 μὲν
2434 2584 2540 2635 τῶν
2577 2577 2647 2635 δι’
2678 2579 2911 2654 α’ίματος
2941 2580 3183 2659 ἐχόντων
3213 2582 3505 2659 τιμωρίαν,

2148 2668 2356 2739 Ἔξεστι
2390 2666 2707 2725 διαλύεσθαι
2739 2666 2927 2742 ἔξωθεν
2960 2679 3061 2742 τῆς
3093 2672 3372 2748 μοιχείαςο

2146 2757 2269 2815 Ἐπὶ
2299 2763 2405 2814 τῶν
2439 2758 2780 2832 ἀναιμάκτων
2809 2757 2866 2815 δὶ
2897 2760 3077 2836 χωρὶς
3107 2758 3578 2840 πλαστογραφίας,

2148 2848 2258 2902 Οὐκ
2288 2843 2454 2920 ἔξεστι
2489 2846 2739 2905 διάλυσιν
2769 2849 2898 2913 τοὺς
2927 2849 3236 2914 ἀντιδίκους
3268 2852 3514 2928 γράφειν’

2147 2936 2485 3013 Ὁμολογίας
2518 2935 2565 2993 δ’
2596 2936 2832 3008 ἄνευθεν,
2864 2940 2901 3011 ἢ
2927 2936 3128 3003 δόσεως
3159 2941 3516 3017 πραγμάτων,

2150 3026 2410 3092 Διάλυσις
2441 3028 2544 3083 οὐκ
2574 3027 2732 3085 ε’ίωθε
2761 3024 3079 3104 προϐαίνειν
3110 3031 3247 3085 κατά
3275 3029 3501 3104 νόμους·

2147 3117 2251 3174 Καὶ
2283 3116 2614 3195 πρόσκαιρος
2646 3118 2739 3175 καὶ
2770 3119 3002 3175 πάντοτε
3021 3113 3306 3196 προϐαίνει
3334 3119 3612 3178 κοινωνία.

2145 3201 2405 3283 Προϐἆσα
2434 3205 2492 3264 δὶ
2522 3205 2802 3285 διαίρεσις,
2840 3205 3096 3270 δέσποτα.
3122 3209 3261 3267 κατᾶ
3287 3205 3477 3281 δόλον,

3438 3300 3607 3359 Vera.
3641 3300 3804 3359 1156.

2152 3480 2357 3534 contra
2409 3477 2569 3552 leges
2616 3478 2879 3536 elicitum
2927 3478 3149 3548 valeat,
3209 3479 3259 3537 si
3317 3497 3505 3554 paena
3560 3479 3815 3537 incursu

2146 3566 2393 3638 gratiam
2450 3567 2641 3623 faciat.
2700 3568 2954 3625 Justitim
3012 3569 3161 3626 ratio
3221 3568 3411 3643 potior
3468 3567 3546 3625 sit
3602 3569 3812 3625 stricto

2139 3664 2295 3735 jure,
2329 3681 2361 3719 ο
2393 3664 2647 3721 domine.
2682 3665 2873 3723 Causa
2913 3666 3235 3725 criminalis
3288 3667 3443 3723 intra
3501 3665 3812 3724 biennium

2145 3751 2406 3808 finiatur.
2467 3752 2825 3828 Confugiens
2884 3757 2953 3811 ad
3016 3756 3376 3829 potentiores
3419 3760 3659 3829 propter
3687 3755 3812 3813 litis

2146 3842 2565 3916 patrocinium,
2623 3845 2784 3901 omni
2844 3862 3043 3912 causa,
3103 3845 3423 3913 odomine,
3480 3846 3811 3904 secundum

2145 3930 2302 4004 leges
2335 3933 2524 3987 cadat.
2556 3933 2994 3990 Condcmnatus
3017 3936 3172 3990 intra
3202 3934 3635 4007 quadrimestre
3665 3940 3816 3991 tem-

2145 4038 2255 4093 pus
2289 4038 2402 4076 non
2455 4022 2771 4093 subjicitur
2816 4024 3105 4079 exactioni
3152 4042 3347 4080 rerum
3399 4040 3527 4095 qua:
3577 4024 3634 4079 in
3669 4042 3809 4081 con-

2145 4111 2521 4167 demnatione
2570 4116 2732 4167 sunt.
2768 4112 2826 4169 Si
2876 4112 3012 4185 quis
3062 4112 3227 4170 falsis
3282 4114 3534 4170 testibus
3566 4130 3811 4171 causam

2146 4198 2491 4264 obtinuerit,
2543 4205 2600 4256 et
2646 4202 3038 4274 punitioncm,
3092 4207 3150 4258 et
3200 4203 3280 4259 rei
3334 4203 3613 4274 judicataa
3644 4203 3808 4261 solu-

2143 4288 2364 4344 tionem
2397 4288 2879 4357 sustineat.Quod
2913 4296 3074 4348 metu
3106 4291 3324 4348 factum
3350 4283 3464 4362 'est,
3487 4293 3665 4349 robur
3684 4290 3802 4349 non

2144 4376 2388 4433 obtinet.
2437 4378 2784 4451 Quicunque
2834 4381 2951 4437 vim
3003 4381 3226 4446 intulit,
3278 4381 3576 4455 obligatur
3624 4381 3802 4439 dolo:

2145 4483 2214 4522 ex
2244 4466 2579 4523 rationabili
2604 4485 2783 4526 causa
2804 4470 2980 4527 datur
3000 4472 3152 4527 actio
3176 4472 3247 4527 de
3267 4469 3422 4541 dolo,
3443 4471 3557 4529 alia
3577 4469 3808 4529 actione

2145 4555 2473 4614 deficiente.
2508 4557 2721 4614 Minori
2774 4559 2833 4615 in
2884 4560 3236 4617 criminibus
3268 4577 3383 4616 non
3416 4559 3809 4617 succurritur.

2143 4643 2387 4701 Pactum
2433 4651 2523 4703 est
2568 4648 2639 4703 de
2670 4648 2847 4705 rebus
2896 4648 3093 4713 certis,
3129 4653 3187 4704 et
3241 4648 3572 4705 manifestis
3621 4649 3809 4707 dona-

2143 4735 2322 4791 tionis
2354 4752 2569 4793 causa:
2620 4740 2942 4793 transactio
2990 4742 3080 4794 est
3129 4754 3322 4795 rerum
3356 4740 3719 4795 incertarum
3752 4745 3812 4797 et

2142 4824 2459 4880 dubiarum
2514 4826 2867 4883 dissolutio:
2930 4830 3248 4884 transactio
3304 4832 3391 4883 est
3438 4832 3671 4885 tantum
3734 4830 3812 4888 de

2144 4913 2361 4984 quibus
2392 4915 2545 4970 inter
2570 4916 2980 4973 convenientes
3014 4916 3255 4987 placuit.
3303 4922 3385 4974 De
3419 4916 3510 4973 his
3541 4917 3813 4974 crimini-

2142 5001 2278 5067 bus,
2311 5003 2529 5075 quibus
2561 5021 2724 5075 pcena
2756 5006 3064 5078 sanguinis
3095 5007 3412 5078 irrogatur,
3443 5006 3582 5063 licet
3610 5011 3809 5064 trans-

2143 5090 2322 5163 igere,
2354 5097 2592 5165 excepto
2638 5093 2927 5151 adulterio
2956 5112 2968 5149 :
3003 5096 3074 5152 de
3108 5095 3198 5151 his
3248 5112 3378 5151 vero
3410 5112 3538 5168 quas
3572 5112 3808 5167 poenam

2141 5180 2408 5237 criminis
2442 5198 2554 5237 non
2589 5181 2887 5255 ingerunt,
2922 5201 3037 5240 non
3070 5184 3226 5251 licet,
3258 5191 3498 5257 excepto
3533 5186 3665 5242 falsi
3697 5186 3816 5242 cri-

2142 5268 2320 5339 mine,
2356 5271 2624 5341 partibus
2675 5273 3129 5330 transactionem
3180 5272 3471 5330 scribere:
3505 5274 3632 5330 sine
3662 5291 3807 5331 con-

2144 5356 2421 5425 fessione,
2451 5358 2540 5415 vel
2590 5360 2825 5418 datione
2874 5378 3095 5430 rerum,
3140 5379 3256 5419 non
3306 5361 3609 5419 consuevit
3632 5362 3809 5434 juxta

2141 5445 2302 5520 leges
2333 5450 2643 5520 procedere
2700 5453 3042 5509 transactio.
3096 5452 3167 5507 Et
3213 5452 3285 5508 ad
3346 5456 3606 5525 tempus,
3639 5457 3697 5508 et
3742 5451 3807 5511 in

2142 5543 2493 5610 perpetuum
2543 5540 2794 5596 societas
2839 5541 3121 5613 procedit.
3176 5540 3414 5611 Divisio,
3465 5558 3497 5597 o
3543 5540 3807 5612 domine,

2147 5641 2274 5698 qua;
2305 5625 2437 5683 dolo
2466 5626 2620 5685 facta
2649 5632 2740 5685 est
2767 5633 2930 5686 extra
2960 5629 3280 5702 judicium,
3328 5629 3563 5704 legibus
3593 5630 3812 5688 intole-

2144 5713 2350 5773 rabilis
2383 5718 2493 5773 est.
2553 5716 2711 5775 Licet
2750 5734 2844 5775 res
2903 5718 3173 5797 deposita
3227 5723 3497 5795 tempore
3545 5718 3808 5794 deterior

2144 5803 2301 5863 facta
2327 5804 2425 5877 sit,
2459 5808 2729 5865 movetur
2752 5807 3209 5883 actio-depositi.
3224 5809 3464 5869 Incerta
3492 5808 3802 5885 stipulatio
