4124 6416
389 497 508 558 965
545 585 550 590 Α

394 633 519 693 Τοῖς
547 628 742 701 νόμοις
767 627 1154 696 ἀνυποστατος,
1191 622 1544 701 δικαστηρίου
1578 624 1729 702 δίχα.

399 717 502 774 Κᾶν
537 723 725 794 χεῖρον
757 717 819 772 τὸ
847 717 1148 791 παραταθὶν
1176 715 1398 791 γένηται
1431 713 1519 771 διὰ
1544 714 1778 792 χρόνου,

397 807 626 865 Κινείτω
655 828 736 870 τις
765 807 864 877 τήν
899 806 1124 882 ἀγωγὴν
1158 807 1258 874 τὴν
1292 807 1416 881 περῖ
1445 807 1792 879 παραϐήκης.

399 898 638 976 Ἀφανής
681 897 1022 974 ἐπερώτησις
1053 894 1342 966 ἀπαίτησιν
1376 893 1475 950 οὐκ
1503 891 1640 970 ἔχει.

403 986 461 1044 Ea
535 987 550 1006 ς
1145 987 1165 1016 ρ
1201 981 1225 1004 ν
1474 986 1488 1002 1
1601 1005 1618 1016 ρ
1685 981 1734 1004 ,σς

451 1009 466 1040 ι
496 1007 559 1042 το
590 984 910 1060 τικτόμενόν
941 984 1082 1042 ἐστιν
1115 983 1166 1059 ἐς
1204 1006 1370 1040 ιππου
1401 1007 1490 1040 και
1523 979 1818 1060 φορϐαοος,

398 1077 461 1134 Ὀ
489 1084 589 1148 τῆς
624 1071 902 1156 φορϐάδος
933 1075 1121 1154 κύριος
1153 1079 1250 1130 τοῦ
1279 1075 1443 1130 τόκου
1475 1072 1800 1144 δεσποζὲτω.

397 1167 462 1222 Εἰ
503 1167 757 1244 ἀγοράσω
789 1161 988 1245 ἔδαφος
1017 1163 1164 1240 καλῇ
1194 1165 1261 1220 τὰ
1285 1169 1476 1242 πρῶτα
1504 1164 1702 1220 πίστει.

395 1258 530 1313 Εἶτα
567 1257 756 1328 μαθὼν
791 1251 1088 1331 ἀλλότριον
1124 1254 1480 1329 οἰκοδομήσω
1509 1259 1694 1324 τοῦτο,

399 1351 514 1402 Τῶν
550 1344 1032 1420 οῗκοδομηθὲντων
1066 1345 1160 1420 μὲν
1191 1343 1430 1408 δαπάνας
1464 1344 1524 1400 οὐ
1558 1338 1846 1418 λαμϐάνω,

401 1437 484 1495 Τὰ
517 1434 561 1491 δ’
597 1436 885 1510 ἐκτισμένα
917 1433 1150 1510 δύναμαι
1184 1430 1482 1510 λαμϐάνειν
1516 1435 1792 1508 ἀζημίως.

402 1526 830 1602 Ἐκδικουμὲνου
868 1530 965 1582 τοῦ
999 1527 1166 1602 ἀγροῦ
1199 1527 1227 1582 ὁ
1258 1525 1455 1600 νομεὺς
1486 1525 1547 1582 οὐ
1580 1520 1870 1600 λαμϐάνει,

403 1619 509 1676 Τὸν
541 1619 745 1696 σπόρον
780 1617 840 1673 ὃν
872 1616 1220 1692 κατέσπειρεν
1258 1615 1332 1678 εἷς
1361 1616 1450 1671 τὸν
1483 1615 1649 1692 ἀγρὸν
1681 1614 1900 1671 ἐκεῖνον.

399 1707 457 1761 Ὀ
489 1714 688 1783 χρῆσιν
722 1703 865 1784 ἔχων
895 1709 1002 1761 τῶν
1036 1710 1256 1781 καρπῶν
1291 1701 1482 1760 δίδωσι
1518 1706 1607 1760 καὶ
1631 1705 1699 1760 τὰ
1723 1707 1857 1776 τέλη
1893 1723 1906 1738 ο

396 1801 456 1854 Ὀ
488 1795 632 1874 ἔχων
661 1804 862 1873 χρῆσιν
903 1801 1145 1870 νομικῶς
1171 1795 1341 1872 τυχόν
1371 1817 1518 1851 τινος
1553 1794 1750 1868 οἰκίας,

398 1886 634 1963 Οἰκείοις
665 1885 993 1960 ἀναλώμασι
1018 1885 1220 1957 ταύτην
1268 1885 1660 1956 ἐπισκευάσοω,

397 1978 554 2032 ’Ήτοι
583 1976 651 2032 τὰ
679 1977 1089 2052 κατακεράμενα
1118 1974 1320 2046 ταύτης
1355 1975 1792 2051 ἐπανορθούσθω,

399 2065 465 2122 Ei’
493 2063 550 2121 δέ
580 2087 631 2121 τι
661 2065 1018 2120 κατανάλωσε
1044 2065 1242 2120 τούτου
1263 2086 1316 2119 τι
1346 2065 1669 2141 περαιτέρω,

397 2155 644 2219 Εἰκότως
673 2155 1018 2230 ἀπολήψεται
1050 2159 1212 2209 τοῦτο
1245 2155 1380 2226 πρὸς
1410 2159 1508 2208 τοῦ
1540 2151 1830 2210 δεσπότου.

399 2246 749 2320 ’Δπείργεται
786 2242 1116 2314 δανείζεσθαι
1146 2251 1246 2314 τῆς
1278 2248 1387 2299 τῶν
1425 2245 1778 2314 ὑπεξουσίων,

404 2335 632 2391 Μᾶλλον
658 2333 1049 2408 ἀξιωματικὸς,
1094 2335 1264 2407 μόνος
1299 2331 1344 2387 δ’
1376 2334 1403 2388 ὁ
1443 2333 1781 2406 κεκτημένος

405 2421 712 2480 ΙΙεκοῦλὊν
736 2421 1054 2494 δανείζεται,
1085 2423 1176 2477 καὶ
1206 2425 1367 2477 τοῦτο
1390 2424 1525 2476 κατὰ
1547 2422 1772 2496 νόμους.

406 2513 736 2590 Ἐπίτροπος
765 2512 1054 2590 ὀρφανικὸν
1087 2511 1186 2567 οὐκ
1224 2511 1496 2583 ἐξωνεῖται
1527 2517 1770 2588 πρᾶγμα.

407 2605 506 2659 Διά
540 2603 732 2680 μικρόν
764 2623 814 2656 νι
845 2600 1017 2657 αἷ¹τιον
1050 2607 1246 2677 πρᾶσιν
1280 2602 1384 2656 οὐκ
1412 2601 1746 2677 ἀνανρὲψεις.

401 2694 467 2751 Ὃ
499 2698 648 2748 σῖτον
679 2691 1032 2764 ὠνησάμενος
1070 2690 1294 2756 κανόνος
1321 2688 1613 2764 δημοσίου,

406 2781 722 2861 Κεφαλικήν
758 2780 1067 2858 ὑφίσταται,
1101 2777 1353 2852 δέσποτα,
1384 2781 1678 2856 τιμωρίαν,

397 2873 455 2926 ⁸0
484 2873 696 2947 πράτης
733 2871 810 2943 μὴ
843 2867 1176 2945 παραδιδοὺς
1209 2870 1485 2944 ἀγοραστῇ
1517 2870 1578 2924 τὸ
1611 2875 1869 2946 πρᾶγμα,

395 2962 468 3014 Τὸ
499 2959 752 3036 διαφὲρον
782 2957 974 3014 δίδωσι
1005 2958 1230 3021 εἰκότως
1254 2959 1393 3014 κατὰ
1422 2959 1651 3032 νόμους.

399 3049 488 3105 Ἐν
519 3053 598 3121 τῷ
628 3047 961 3125 δικαστηρίῳ
993 3045 1060 3118 δὴ
1086 3054 1186 3119 τῆς
1214 3054 1416 3121 νομῆς,
1460 3046 1702 3103 δὲσποτά
1751 3071 1878 3123 μου,

401 3135 594 3202 Διδοὺς
623 3139 652 3193 ὁ
681 3139 888 3214 πράτης
920 3139 982 3196 τὸ
1015 3135 1244 3193 διπλοῦν
1278 3137 1378 3193 οὐκ
1407 3137 1711 3194 ἀπαιτεῖται
1743 3139 1929 3213 πλέον,

1745 494 2122 556 SYNOPSlS
2169 495 2458 558 LEGUM.

2075 628 2439 702 ΑΙΙροφάσ-ει
2495 633 2604 684 τῶν
2659 595 2710 702 ἐξ
2779 625 2930 695 ἔθους
3003 653 3120 696 πως
3193 637 3263 704 τῇ
3333 636 3528 712 πράσει
3585 658 3824 716 γεγραμ-

3697 507 3816 569 966

3453 725 3653 800 [μένων
3669 771 3681 785 .

2173 807 2238 861 Οἱ
2271 809 2407 882 μετὰ
2425 807 2488 864 τὸ
2520 807 2882 885 συνάλλαγμα
2910 809 3109 888 καρποὶ
3145 807 3601 889 βεϐλαστηκότες,

2169 901 2258 970 Τῷ
2281 898 2373 952 τὸν
2403 898 2564 974 ἀγρὸν
2584 901 2923 974 προσήκουσι
2955 904 3168 966 πάντως
3194 903 3512 978 ἠγορακότι.

2174 990 2286 1044 Τοῦ
2317 987 2640 1063 πράγματος
2674 985 2744 1044 δι’
2769 985 2953 1044 ἄδικον
2989 991 3430 1056 ἀποσπασοέντος
3464 996 3714 1070 γνώμην,

2173 1077 2325 1132 Κατὰ
2353 1081 2450 1132 τοῦ
2481 1077 2688 1153 πράτου
2714 1077 2936 1156 ἀγωγὴν
2969 1079 3273 1156 ἀγοραστής
3306 1082 3406 1138 οὐκ
3431 1079 3546 1160 ἔχει
3579 1102 3592 1116 ⁸

2174 1167 2239 1224 Εἰ
2273 1167 2330 1224 δὲ
2349 1190 2432 1233 τις
2460 1169 2524 1224 τὸ
2553 1167 2848 1246 ἀλλότριον
2880 1172 2953 1233 ὡς
2987 1168 3146 1234 εἰδὼς
3175 1171 3462 1249 ἠγόρασεν,

2175 1255 2455 1316 Οὐδεποτε
2485 1256 2552 1313 δι’
2584 1255 2791 1330 εἴδησιν
2819 1259 2921 1314 τοῦ
2953 1263 3278 1338 πράγματος
3303 1260 3547 1320 δεσπόσει
3578 1283 3592 1299 ο

2173 1346 2245 1404 Ei’
2272 1344 2328 1402 δέ
2355 1369 2436 1410 τις
2469 1347 2790 1420 ἐξωνήσεται
2824 1348 3119 1424 ἀλλότριόν
3148 1373 3200 1406 τι
3230 1359 3454 1430 πρᾶγμα

2175 1437 2285 1493 Οὐκ
2317 1435 2476 1500 εἷ’δὼς
2507 1439 2580 1501 ὡς
2613 1437 2930 1514 ἀλλότριον,
2966 1439 3076 1495 ἐστὶ
3108 1442 3170 1495 τὸ
3201 1443 3603 1519 πεπραγμένον,

2174 1527 2343 1592 Αὐτὸς
2377 1529 2468 1602 μὲν
2502 1525 2590 1582 διὰ
2617 1529 2870 1604 χρήσεως
2894 1533 2990 1584 τοῦ
3021 1531 3341 1606 πράγματος
3377 1529 3648 1610 δεσπόσει,

2174 1618 2230 1671 Ὁ
2261 1617 2550 1694 πεπρακὼς
2582 1614 2627 1672 δ’
2659 1617 2906 1694 ἐνέχετπι
2941 1615 3162 1682 δικαίως
3189 1625 3270 1693 τῷ
3301 1619 3550 1698 δεσπότῃ.

2173 1708 2237 1765 Εἰ
2274 1704 2330 1762 δὲ.
2357 1729 2440 1772 τις
2469 1713 2694 1782 πρᾶγμα
2722 1706 2952 1782 λήψεται
2987 1707 3074 1764 ἐπι
3094 1731 3202 1764 τινι
3231 1709 3397 1783 αἶτίᾳ,

2175 1796 2483 1868 Πληρούτῶ
2513 1797 2610 1866 τήν
2649 1797 2896 1862 ὑπόθεσιν
2925 1801 3036 1873 (16)
3133 1799 3194 1854 τὸ
3217 1799 3439 1877 πράγμα
3469 1800 3689 1862 διδότω.

2174 1889 2236 1945 Ὀ
2265 1886 2344 1960 τῷ
2375 1885 2686 1964 ἐγκλήματι
2719 1886 2946 1964 ληφθεὶς
2977 1895 3057 1964 τῷ
3085 1889 3208 1963 περὶ
3242 1887 3472 1962 ἀδικίας,

2095 2009 2144 2073 Β
2175 1977 2252 2034 Οὐ
2283 1975 2502 2032 δύναταί
2531 1999 2583 2032 τι
2621 1971 2874 2052 βεϐαιοῦν
2905 1976 3081 2050 οἷ’κείᾳ
3114 1980 3404 2057 μαρτυρίᾳ.

2176 2069 2230 2120 '0
2262 2065 2528 2143 ἀγοράσας
2563 2064 2796 2122 δείκνυσι
2827 2067 2919 2122 τὸν
2953 2065 3152 2124 δοῦλον
3181 2071 3507 2148 πεφευγότα,

2174 2156 2238 2214 Εἰ
2284 2155 2434 2232 λέγει
2483 2157 2620 2232 πρὸς
2668 2163 2768 2226 τῆς
2817 2157 3090 2231 πράσεως,
3140 2154 3284 2213 οὕτω
3338 2156 3530 2216 δοκοῦν
3579 2168 3695 2226 τοῖς
3738 2163 3824 2221 νό-

3563 2253 3714 2326 [μοις

2174 2334 2651 2412 Ἐπικράτεστερός
2685 2335 2826 2390 ἐστιν
2862 2336 2889 2389 ὁ
2920 2340 3116 2405 κῆνσος
3140 2339 3250 2392 τῶν
3286 2338 3596 2416 μαρτύρων,

2172 2423 2288 2483 Οὕκ
2316 2425 2464 2482 ἔστιν
2493 2425 2803 2497 ἀξιόπιστος
2833 2430 2930 2480 τοῦ
2962 2427 3161 2501 χρέους
3193 2429 3480 2504 μαρτυρία,

2172 2515 2340 2591 Εἷ’περ
2370 2537 2452 2578 τις
2486 2515 2592 2570 ὀιπὸ
2621 2519 2728 2571 τῶν
2765 2513 2928 2570 αὐτοῦ
2960 2513 3188 2570 δεικνύει
3223 2511 3598 2593 συμϐολαίων,

2171 2605 2624 2678 Τελευτησάντων
2659 2601 2717 2660 δέ
2743 2625 2878 2660 ποτε
2909 2604 3234 2678 συμπάντων
3267 2611 3372 2661 τῶν
3407 2609 3694 2688 μαρτύρων

2170 2697 2354 2752 Αὐτοῦ
2384 2717 2442 2750 τε
2467 2689 2839 2758 ταϐελλίωνος
2869 2716 3152 2770 σπγκρισις
3190 2691 3551 2773 προϐαινέτω.

2168 2787 2364 2861 Ὅρκος
2393 2783 2782 2860 ἐπιφερόμενος
2813 2777 3224 2858 ἀμφισϐήτησιν
3266 2787 3476 2859 τέμνει.

2168 2877 2230 2932 Ὁ
2273 2871 2506 2948 μηδενὸς
2539 2873 2832 2949 ἐπάγοντος
2862 2872 3030 2947 ἆμνὺς
3056 2873 3155 2928 οὐκ
3185 2873 3496 2952 ὠφελεῖται.

2167 2965 2406 3038 Ὀμόσας
2429 2961 2486 3018 δέ
2513 2984 2594 3025 τις
2623 2959 2767 3017 ’ἰδιον
2799 2963 2861 3016 τὸ
2891 2983 3121 3038 πραγμα
3143 2963 3458 3041 πεφυκέναι,

2165 3052 2270 3110 Καὶ
2326 3051 2454 3116 τοὺς
2531 3052 2774 3127 καρποὺς
2847 3049 3211 3128 εἰσπράξεται,
3295 3054 3386 3108 καὶ
3464 3056 3630 3130 γονὴν
3705 3059 3813 3114 τῶν

3381 3143 3734 3220 Θρεμμάτων.

3369 3233 3536 3292 Vere.
3587 3237 3745 3293 1211.

402 3469 812 3544 repetitionem
871 3485 986 3525 non
1037 3466 1236 3524 habet.
1279 3465 1340 3524 Si
1389 3466 1528 3538 quid
1591 3470 1796 3524 natum
1846 3472 1938 3524 est
1995 3485 2064 3526 ex
2092 3471 2136 3540 (Γ.
2175 3469 2370 3528 sciens
2393 3467 2802 3540 emit,propter
2822 3465 3130 3522 scientiam
3157 3466 3436 3526 dominus
3467 3471 3550 3528 rei
3581 3489 3698 3528 non
3725 3473 3823 3532 ﬁt:

398 3577 550 3632 equo
598 3564 658 3616 et
703 3575 872 3630 equa,
925 3557 1200 3614 dominus
1253 3572 1415 3628 equae
1464 3555 1666 3612 foetum
1719 3555 1951 3612 habeat.
1999 3557 2060 3613 Si

397 3650 590 3722 primo
623 3649 780 3705 bona
811 3647 923 3702 ﬁde
947 3663 1078 3702 emo
1101 3645 1314 3716 solum,
1348 3644 1560 3701 deinde
1584 3645 1844 3701 alienum
1869 3646 2062 3702 sciens

393 3739 456 3794 in
489 3738 592 3794 illo
641 3737 888 3803 mdiﬁco,
923 3741 1200 3807 sumptus
1246 3735 1478 3789 aediﬁcii
1523 3751 1636 3790 non
1687 3734 1926 3806 recipio,
1960 3735 2062 3792 sed

395 3829 708 3884 materiam
757 3826 886 3882 sine
935 3825 1161 3896 injuria
1208 3840 1417 3896 capere
1451 3840 1719 3895 possum.
1753 3824 2068 3880 Possessor

396 3919 522 3990 agri
554 3917 724 3973 evicti
779 3932 896 3971 non
946 3915 1103 3985 capit
1153 3915 1382 3968 fructus
1429 3929 1578 3984 quos
1629 3913 1689 3968 in
1742 3912 1841 3968 illo
1895 3913 2062 3969 sevit.

399 4006 850 4064 Usuml‘ructum
898 4004 1126 4060 habens
1178 4007 1414 4075 praestat
1465 4002 1728 4058 l‘usiones
1762 4003 1923 4060 ﬁsco.
1956 4002 2065 4068 Qui

394 4099 532 4168 jure
561 4096 740 4152 habet
767 4095 1020 4166 alicujus
1044 4095 1258 4150 domus
1281 4109 1483 4162 usum,
1517 4092 1772 4165 propriis
1812 4092 2064 4164 sumpti-

402 4190 516 4242 bus
545 4201 676 4242 eam
709 4183 950 4254 reﬁciat,
985 4183 1104 4238 sive
1149 4185 1380 4256 tegulas
1428 4181 1592 4237 illius
1642 4183 1936 4237 instauret
1967 4199 1979 4236 :
2015 4180 2065 4237 si

399 4293 540 4332 vero
571 4275 710 4346 quid
749 4274 902 4330 ultra
933 4277 1212 4344 sumptus
1262 4271 1679 4342 insumpserit,
1725 4271 2069 4326 solemniter

401 4384 436 4421 a
467 4363 704 4420 domino
727 4362 991 4434 recipiat.
1031 4360 1382 4416 Prohibetur
1407 4359 1623 4416 Christi
1667 4359 2070 4416 ﬁliisfamilias

397 4453 578 4510 etiam
605 4453 654 4508 si
687 4452 747 4508 in
780 4451 1069 4524 dignitate
1100 4449 1223 4504 sint
1257 4465 1269 4503 :
1303 4448 1386 4504 illi
1417 4450 1572 4503 enim
1608 4448 1800 4504 solum
1836 4449 1936 4520 qui
1969 4464 2066 4520 pe-

398 4543 628 4600 culium
663 4542 884 4597 habent
933 4539 1192 4596 mutuari
1245 4543 1496 4610 possunt
1529 4539 1854 4594 secundum
1887 4537 2066 4610 leges.

396 4632 580 4687 Tutor
625 4647 747 4686 rem
774 4628 1126 4703 pupillarem
1171 4643 1365 4683 emere
1393 4643 1506 4681 non
1531 4631 1744 4696 potest.
1783 4631 1854 4680 Ex
1893 4643 2072 4699 parva

399 4737 578 4776 causa
597 4719 994 4776 venditionem
1045 4736 1114 4773 ne
1152 4719 1479 4774 subvertas.
1515 4719 1896 4771 Frumentum
1931 4732 2068 4771 ven-

401 4811 550 4867 dens
579 4827 650 4866 ex
695 4825 920 4866 canone
949 4808 1188 4879 publico
1221 4805 1456 4878 capitali
1508 4821 1710 4876 poenas,
1745 4821 1776 4860 ο
1809 4804 2067 4875 domine,

405 4899 744 4971 subjicitur.
779 4899 836 4954 Si
873 4898 1141 4953 venditor
1171 4914 1294 4952 rem
1345 4897 1594 4968 emptori
1646 4909 1759 4948 non
1811 4894 2067 4949 tradide-

403 4991 504 5059 rit,
554 4987 970 5044 convenienter
1021 4987 1351 5042 secundum
1399 4983 1557 5056 leges
1607 4985 1865 5056 prmstat,
1917 4982 2069 5053 quod

404 5077 691 5150 emptoris
719 5077 984 5132 interest.
1023 5075 1088 5132 In
1113 5074 1344 5146 judicio
1398 5072 1816 5145 possessionis,
1846 5071 1924 5128 mi
1971 5071 2071 5128 do-

409 5167 586 5234 mine,
644 5165 917 5222 venditor
977 5165 1223 5236 duplum
1287 5164 1544 5230 solvens,
1607 5161 1864 5234 amplius
1924 5159 2071 5216 nihil

407 5260 649 5329 prestat
678 5270 882 5310 earum
917 5271 1113 5309 rerum
1151 5253 1411 5320 nomine,
1445 5269 1572 5323 quae
1627 5251 1686 5305 in
1737 5249 2074 5306 venditione

405 5345 586 5402 scribi
620 5346 833 5400 solent.
867 5343 1007 5398 Post
1060 5346 1427 5398 contractum
1478 5341 1704 5395 fructus
1737 5339 1882 5406 nati,
1915 5355 2074 5394 com-

405 5441 618 5508 petunt
670 5433 912 5489 omnino
973 5431 1223 5502 emptori
1296 5429 1441 5502 agri.
1519 5430 1766 5500 Emptor
1821 5427 1914 5484 cui
1973 5445 2076 5500 per

405 5523 752 5582 violentiam
813 5539 908 5578 res
964 5526 1162 5595 empta
1221 5521 1418 5576 ablata
1459 5523 1568 5590 est,
1623 5517 1846 5573 nullam
1899 5517 2076 5574 habet

413 5613 705 5674 actionem
745 5612 1030 5670 adversus
1077 5609 1463 5668 venditorem.
1498 5607 1608 5676 Qui
1654 5623 1777 5664 rem
1818 5607 2072 5665 alienam

486 5803 604 5882 (16)
633 5797 981 5881 Ὑπόσχεσιν.

2177 3560 2428 3632 quivere
2449 3557 2595 3614 emit
2624 3573 2744 3612 rem
2782 3555 3039 3612 alienam
3071 3557 3342 3614 nesciens
3372 3561 3530 3631 quod
3563 3579 3657 3618 res
3686 3579 3829 3620 ven-

2173 3650 2296 3705 dita
2315 3648 2507 3706 aliena
2523 3647 2623 3715 sit,
2658 3663 2768 3702 usu
2797 3645 2880 3702 rei
2901 3647 3178 3702 dominus
3212 3648 3312 3712 sit.
3343 3650 3609 3707 venditor
3630 3656 3828 3708 autem

2173 3737 2414 3792 domino
2445 3734 2832 3807 obligatur.Si
2862 3734 2993 3805 quis
3023 3741 3264 3806 prepter
3295 3751 3534 3793 causam
3568 3738 3830 3810 aliquam

2173 3843 2296 3882 rem
2328 3826 2539 3896 capiat,
2572 3823 2658 3878 vel
2712 3839 2950 3878 causam
2984 3822 3248 3894 impleat,
3299 3826 3386 3880 vel
3437 3843 3560 3882 rem
3599 3829 3832 3900 reddat,

2173 3915 2501 3970 Damnatus
2545 3914 2790 3968 crimine
2840 3913 3299 3984 repetundarum
3345 3933 3460 3970 non
3495 3922 3688 3987 potest
3717 3917 3829 3974 ali-

2174 4005 2316 4075 quid
2367 4003 2603 4082 prOprio
2657 3999 2993 4056 testimonio
3043 4001 3296 4058 ﬁrmare.
3331 4003 3575 4075 Emptor
3623 4006 3834 4078 probat

2175 4093 2489 4164 fugitivum
2537 4106 2796 4154 servum,
2825 4089 2873 4144 si
2907 4089 3052 4144 dicit
3083 4092 3239 4161 quod
3267 4097 3400 4148 ante
3429 4095 3830 4152 venditionem

2173 4187 2299 4239 erat
2347 4181 2645 4250 fugitivus,
2680 4179 2763 4235 sic
2805 4178 3027 4251 placuit
3071 4179 3326 4251 legibus.
3363 4182 3588 4239 Census
3639 4185 3836 4256 potior

2173 4277 2265 4328 est
2289 4271 2564 4326 testibus.
2595 4269 2718 4326 Non
2753 4271 2843 4324 est
2872 4267 2986 4323 fide
3018 4269 3263 4340 dignum
3297 4271 3368 4326 de
3423 4273 3622 4328 debito
3667 4275 3835 4330 testi-

2177 4361 2464 4429 monium,
2497 4360 2547 4415 si
2578 4359 2712 4431 quis
2743 4359 2800 4412 id
2833 4358 3042 4428 probet
3070 4359 3196 4414 suis
3227 4361 3662 4430 instrumentis,
3697 4379 3832 4419 cum

2176 4466 2381 4506 omnes
2413 4453 2591 4506 testes
2623 4447 2918 4511 obierunt,
2952 4449 3052 4502 sed
3089 4449 3400 4520 prevaieat
3426 4450 3616 4522 ipsius
3649 4452 3834 4510 tabel-

2176 4538 2350 4595 lionis
2398 4538 2780 4609 comparatio.
2812 4540 3238 4613 Jusjurandum
3291 4539 3552 4596 delatum
3603 4547 3835 4598 contro-

2176 4629 2427 4684 versiam
2483 4627 2720 4683 decidit.
2783 4631 2890 4693 Qui
2951 4629 3188 4685 nemine
3263 4628 3559 4684 deferente
3606 4629 3837 4700 juravit

2177 4717 2324 4774 nihil
2371 4717 2632 4788 profecit.
2666 4717 2774 4780 Qui
2800 4719 3024 4787 juravit
3056 4735 3178 4772 rem
3232 4734 3402 4772 suam
3435 4733 3586 4784 esse,
3620 4722 3836 4790 repetit

2177 4808 2429 4876 fructus,
2465 4813 2523 4862 et
2570 4808 2743 4862 ftetus
2776 4825 3076 4879 pecorum.
3109 4807 3170 4862 Si
3219 4807 3354 4877 quis
3395 4807 3614 4874 juravit
3665 4823 3735 4863 ex
3765 4825 3836 4866 ea

2178 4896 2406 4952 actione
2435 4913 2564 4967 quae
2613 4897 2856 4967 duplum
2908 4897 3105 4966 exigit,
3139 4895 3285 4951 forte
3331 4912 3398 4950 ex
3451 4896 3834 4968 inﬁciatione,

2180 5002 2296 5041 non
2347 4985 2532 5056 dupli,
2566 4985 2666 5041 sed
2718 4985 2915 5058 simpli
2967 4986 3159 5042 solum
3212 4985 3682 5055 persecutionem
3727 4987 3834 5044 ha-

2179 5074 2277 5130 bet
2305 5091 2317 5130 :
2353 5079 2484 5145 post
2501 5074 3058 5144 juramentumvcro
3076 5091 3251 5146 agens
3282 5073 3583 5146 principali
3603 5077 3836 5134 actione

2180 5163 2428 5234 duplum
2482 5163 2681 5234 exigit,
2715 5162 2766 5218 si
2815 5163 2926 5219 sibi
2977 5163 3242 5219 debitum
3294 5179 3424 5219 esse
3477 5165 3832 5236 probaverit.

2180 5250 2397 5306 Nolens
2437 5251 2662 5321 jurare,
2712 5267 2902 5323 neque
2955 5254 3186 5318 referre,
3239 5257 3522 5323 tanquam
3571 5268 3637 5308 ex
3687 5271 3834 5312 con-

2181 5341 2436 5396 fessione
2491 5341 2940 5397 condemnatur.
2988 5341 3050 5398 Si
3095 5358 3227 5398 eum
3281 5341 3382 5411 qui
3425 5343 3829 5411 juramentum

2183 5428 2391 5485 detulit
2445 5428 2806 5500 paenituerit,
2848 5435 3130 5501 tanquam
3188 5435 3312 5486 tute
3372 5431 3702 5488 instructus
3759 5435 3838 5490 sit

2184 5518 2314 5574 aliis
2347 5517 2780 5584 instrumentis,
2816 5519 2866 5574 si
2915 5519 3128 5576 deinde
3175 5525 3356 5592 ponat
3383 5523 3666 5590 secundo,
3717 5539 3836 5580 non

2185 5609 2408 5668 deterat
2437 5608 2651 5665 iterum
2675 5607 3109 5680 juramentum,
3135 5625 3168 5666 ο
3194 5608 3453 5680 domine,
3483 5615 3662 5686 atque
3689 5610 3836 5672 illud
