4124 6396
347 441 465 501 967

347 569 420 628 Er
442 590 526 632 τις
559 566 610 640 ιε
640 565 856 643 ἀγωγῆς
884 586 1032 628 τινος
1063 562 1592 639 διπλασιαζομένης,

347 659 526 737 Τυχὸν
555 658 632 722 ὡς
661 657 713 729 ἐξ
745 657 1023 733 ἀρνήσεως
1050 655 1141 712 τὸν
1175 650 1336 733 ὅρκον
1371 653 1672 726 ἀποδώσει,

349 750 426 807 Οὐ
458 752 554 804 τοῦ
587 744 791 804 διπλοῦ
817 747 909 802 τὸν
944 743 1242 822 εἷ’ςπραξιν,
1274 743 1401 801 ἀλλ’
1422 743 1631 800 ἀπλοῦν
1658 745 1830 818 μόνον
1860 738 2000 820 ἔχει.

349 838 502 896 Μετά
525 839 623 906 τὴν
658 831 817 912 ὅρκον
852 833 909 890 δὲ
948 839 1112 890 κινῶν
1143 835 1242 904 τὴν
1277 833 1637 908 ωρωτότυπον
1674 831 1852 905 δίκην,

343 930 597 984 Ἀπαιτεῖ
623 927 685 980 τὸ
713 923 1000 980 διπλάσιον
1031 924 1093 979 τὸ
1125 925 1290 1000 χρὲος
1320 921 1624 994 ἀποδείξας.

345 1019 410 1074 Ὁ
444 1017 572 1090 μήτ’
606 1014 834 1089 ὀμνύναι
871 1014 1163 1089 βουληθεὶς
1196 1015 1336 1087 μήοε
1361 1014 1466 1088 μὴν
1491 1012 1796 1083 ἀντεπάξαι,

343 1106 582 1171 Αὖτοθεν
613 1104 988 1180 κατακρίνεται
1017 1101 1090 1165 ὣς
1120 1102 1171 1173 ἐξ
1193 1101 1518 1179 ὁμολογίας.

338 1198 541 1272 ’Όρκον
565 1193 622 1250 δέ
653 1216 732 1256 τις
755 1193 1080 1268 ἐπενεγκὼν,
1109 1192 1153 1247 εί
1186 1213 1314 1266 μετα
1325 1190 1616 1265 μεληθείη,

336 1286 428 1349 Ὠς
461 1285 771 1361 εὐπορήσας
807 1280 1064 1361 ἀσφαλῶς
1092 1279 1279 1336 ἄλλων
1314 1279 1727 1356 δικαιωμάτων,

339 1373 511 1451 Εἴπερ
539 1373 783 1439 ἐντοῦθεν
815 1375 1027 1446 ἡττηθῇ
1063 1369 1332 1445 δεύτερον,
1365 1367 1525 1448 ὅρκον
1559 1370 1726 1428 πάλιν

341 1466 460 1523 Οὐκ
489 1465 788 1540 ἐπενέγκοι,
817 1459 1070 1534 δεσποτα,
1091 1461 1180 1516 καὶ
1211 1466 1370 1516 τοῦτο
1402 1462 1818 1538 προσηκόντως,

337 1552 519 1630 Μᾶχρι
549 1554 648 1630 γὰρ
683 1551 1001 1631 ἀποφάσεως
1032 1551 1123 1606 τὸν
1157 1547 1316 1625 ὅρκον
1349 1552 1744 1627 παραιτείσθω.

339 1643 455 1702 Οὐκ
484 1642 716 1720 εὐχερὴς
747 1644 782 1711 ἡ
819 1640 1042 1712 ζήτησίς
1071 1636 1212 1695 ἔστιν
1247 1639 1298 1694 ἂν
1326 1637 1448 1716 δίκῃ
1482 1642 1668 1716 ὅρκου.

339 1732 404 1791 Et
434 1733 595 1789 τόκον
625 1753 707 1794 τις
742 1732 1076 1807 ὑπέρμετρον
1102 1727 1241 1794 ’ίσως
1272 1727 1633 1805 ὁμολογήσει.

339 1825 572 1880 Ηαὺεται
601 1824 665 1878 τὸ
693 1822 1010 1898 παράνομον
1043 1817 1134 1874 καῖ
1165 1815 1310 1874 διδοῖ
1337 1819 1400 1873 τὸ
1427 1827 1730 1896 προσῆκον.

335 1911 502 1975 Τόκος
539 1912 615 1985 μὴ
647 1909 1072 1987 χρεωστημὲνος
1103 1908 1152 1964 εἲ
1181 1909 1288 1982 πρὸ
1320 1913 1415 1964 τοῦ
1448 1907 1774 1988 κεφαλαίου,

337 1996 672 2074 Καταϐληθῇ
703 2005 782 2073 τῷ
812 1997 1061 2072 Salvum-ﬁ
1090 2002 1187 2052 τοῦ
1217 1997 1516 2074 γεφαλαίου
1552 1997 1739 2074 μέρος,

339 2091 406 2150 Εἴ
434 2088 491 2146 δὲ
520 2111 582 2166 γε
609 2084 944 2145 καταϐάλλει
976 2109 1062 2150 τις
1095 2086 1182 2142 ἐπὶ
1212 2092 1292 2160 τῷ
1321 2086 1609 2166 κεφαλαίῳ

337 2179 558 2242 Πάντως
582 2173 1040 2253 ἀναλαμϐάνεται,
1075 2173 1232 2247 δόξαν
1265 2173 1408 2232 οὕτω
1438 2181 1518 2250 τῷ
1555 2177 1730 2252 νόμῳ.

337 2270 404 2327 Οἱ
435 2270 570 2324 κατὰ
604 2268 765 2344 μέρος
794 2267 948 2323 τόκοι
981 2265 1037 2322 δὲ
1069 2262 1347 2340 διδόμενοι
1375 2272 1473 2320 τοῦ
1505 2267 1726 2341 χρέους,

336 2358 531 2424 Καλῶς
552 2360 661 2435 οὐχ
691 2353 1076 2434 ὑπερϐαίνουσι
1096 2360 1193 2412 τοῦ
1227 2353 1428 2411 διπλοῦ
1457 2356 1782 2432 περαιτέρω.

335 2451 392 2504 Ὀ
428 2448 617 2525 μόρτις
646 2451 815 2504 καῦσα
845 2444 1049 2524 δωρεὰν
1081 2446 1218 2523 πρός
1242 2466 1362 2500 τινα
1389 2444 1794 2521 πεπραγμένος,

334 2538 585 2600 Ῥωσθείς
617 2532 1056 2611 ἀναλαμϐάνεται
1087 2537 1149 2589 τὸ
1183 2531 1336 2589 δοθὲν
1369 2534 1691 2611 παραυτίκα,

337 2628 484 2685 Μετὰ
511 2630 755 2701 καρπῶν,
787 2624 877 2680 καὶ
906 2628 1166 2691 τοκετῶν,
1199 2623 1288 2678 καὶ
1318 2627 1424 2677 τῶν
1459 2621 1876 2695 ἐπηυξημένων.

335 2719 424 2780 Ὠς
456 2714 814 2790 κληρονόμοσ
844 2711 901 2767 δὲ
923 2734 1006 2775 τις
1041 2711 1165 2774 δοὺς
1199 2713 1226 2766 6
1263 2712 1338 2785 μὴ
1374 2710 1445 2764 ὣν
1468 2710 1844 2786 κληρονόμος.

337 2800 741 2878 Ἀναλαμόάνει
770 2803 834 2858 16
868 2799 1019 2866 δοθὲν
1057 2799 1278 2863 δικαίως
1309 2801 1646 2879 Στεφήφορε.

333 2896 398 2952 Ἦ
429 2894 585 2969 προὶξ
620 2893 748 2968 οὐχὶ
782 2889 1075 2965 δημεύεται
1117 2889 1347 2968 συζύγου
1389 2887 1771 2962 δημευθέντος.

336 2985 666 3060 Ἐπίτροπος
684 2982 773 3038 κιοὶ
806 2986 1132 3060 φροντιστῆς
1163 2977 1326 3058 ἄμφω
1349 2974 1769 3050 καταϐαλόντες,

335 3070 502 3133 Οὐδὲν
538 3069 979 3147 ἀναλαμϐάνουσι
1005 3075 1111 3125 τῶν
1142 3064 1663 3143 καταϐεϐλημένων,

335 3169 436 3221 ’Ἂν
471 3163 500 3219 6
529 3162 820 3240 χρεώστησ
849 3161 1040 3216 ἄτοκον
1073 3157 1204 3223 ἴσως
1234 3154 1339 3236 ἔχῃ
1371 3158 1434 3214 16
1464 3159 1651 3234 χρέος.

1694 431 2116 495 MICHAELIS
2161 433 2404 495 PSELL

2022 565 2078 633 Α
2109 568 2475 642 Παρακρατεῖν
2510 566 2538 621 6
2571 561 2854 634 δανειστὴς
2883 563 2943 620 lx
2969 567 3080 620 τῶν
3109 565 3330 638 καρπῶν
3365 561 3568 640 ίσχῦει,

3653 432 3776 496 968

2116 654 2212 710 Καὶ
2243 658 2403 710 τοῦτο
2433 655 2654 728 πράττει
2686 659 3000 731 προχωρῶς
3033 654 3163 730 ἄχρι
3193 653 3434 727 νομίμου
3462 655 3626 710 τόκου

2112 743 2177 800 El
2209 741 2258 798 δ’
2280 742 2417 806 ’ίσως
2437 744 2500 800 16
2531 743 2788 822 ἐνέχυρον
2817 743 3121 806 πολοῦντος
3154 740 3445 816 δημοσίου,

2115 829 2376 896 Καθεύδει
2405 837 2524 895 πῶς
2555 834 2584 888 6
2617 829 2918 903 δανειστὴς,
2950 831 3222 888 ἀπόλλυσι
3254 832 3316 888 τὸ
3341 836 3586 909 πρᾶγμα.

2113 921 2174 979 Ὀ
2199 919 2483 992 δαδειστὴς
2517 922 2774 1001 ὶνὲχυρον
2813 922 3030 998 μέλλων
3060 920 3198 987 ’ἴσως
3225 922 3571 998 πιπράσκειν,

2116 1010 2298 1081 Δῆλον
2327 1013 2389 1068 τὸ
2428 1012 2828 1090 βουλευόμενον
2860 1011 3085 1068 ποιείτω
3113 1016 3192 1084 τῷ
3221 1011 3492 1088 χρεώστῃ.

2112 1101 2170 1154 Ὃ
2202 1103 2455 1179 πενθερὸς
2485 1102 2574 1158 καὶ
2606 1103 2839 1178 πενθερᾶ
2867 1107 2946 1175 τῷ
2982 1101 3375 1175 μνηστεύσαντι
3405 1100 3574 1177 κόρην

2114 1188 2361 1256 Διδόντες
2391 1191 2452 1246 οὗ
2496 1187 2836 1265 λαμϐάνουσι
2867 1195 2965 1246 τοῦ
2996 1190 3180 1268 γάμοκ
3221 1188 3514 1265 λυομένου.

2109 1281 2215 1337 Τὸν
2249 1282 2424 1356 γάμον
2453 1282 2488 1350 ἡ
2519 1277 2756 1343 διάθεσις
2787 1278 2938 1336 τελεῖ
2961 1281 2996 1350 ἢ
3031 1275 3297 1352 άμοιόαία

2110 1371 2436 1445 Προσθήκης
2466 1369 2568 1447 γάρ
2604 1370 2665 1425 οὐ
2700 1368 2873 1426 δίεται
2900 1369 3194 1442 προικώων
3224 1364 3604 1443 συμϐολαίων,

2110 1457 2171 1515 El
2205 1460 2281 1532 μή
2315 1458 2825 1535 πρωτοσπαθάριος,
2924 1458 3092 1515 πλέον
3122 1479 3205 1520 τις
3234 1463 3513 1534 τυγχάνει.

2107 1545 2170 1603 El
2191 1544 2365 1623 γάμον
2395 1568 2478 1610 τις
2511 1546 2766 1621 ἅθὲμιτον
2803 1549 3020 1618 ποιήσει
3053 1547 3197 1622 παρά
3229 1546 3420 1620 νόμον,

2104 1637 2415 1691 Ἕκπτωσιν
2445 1636 2819 1704 κατακρίνεται
2848 1641 2958 1692 τῶν
2986 1635 3204 1691 οῗκείων
3236 1635 3598 1712 πραγμάτων,

2105 1724 2167 1780 El
2205 1727 2280 1798 μή
2313 1747 2418 1781 που
2447 1721 2632 1802 γέγονε
2660 1727 2841 1802 πατὴρ
2873 1725 2930 1781 ἐκ
2957 1726 3146 1801 γάμων
3181 1726 3308 1798 πρὶν
3339 1727 3614 1801 νομίμων.

2102 1813 2456 1885 Αὖτεξουσίου
2481 1819 2722 1891 γαμετῆς
2751 1819 2848 1870 τοῦ
2878 1817 3060 1891 γάμου
3093 1815 3392 1889 λυομίνου,

2023 1937 2071 2003 Β
2106 1903 2276 1967 Εὐθὺς
2313 1903 2760 1974 ἀποκαθίσταται,
2793 1902 2938 1960 οὕτω
2970 1903 3163 1962 δοκοῦν
3196 1905 3313 1968 τοὶς
3343 1905 3538 1979 νόμοις
3572 1922 3587 1938 ⁸

2103 1989 2233 2050 Οὐδ’
2259 1991 2400 2048 ἔστιν
2434 1993 2749 2064 ὑπεξούσιος
2778 1993 2943 2070 ταύτῃ
2976 1992 3025 2049 δ’
3059 1997 3092 2064 ἡ
3127 1995 3287 2070 προὶξ
3327 1995 3614 2070 πατρόθεν,

2105 2081 2279 2152 Αὐτῆς
2309 2104 2368 2138 τε
2397 2083 2487 2137 καὶ
2518 2087 2614 2138 τοῦ
2647 2084 2914 2162 φύσαντος
2943 2085 3102 2154 κοινή
3133 2085 3443 2140 καθίσταταί
3475 2105 3612 2146 πως.

2103 2170 2320 2227 Δίδοται
2344 2173 2503 2249 προῖξ
2532 2174 2602 2245 τῇ
2631 2172 2843 2249 γνναικὲ
2872 2174 2961 2228 καὶ
2995 2178 3328 2235 συνεστῶτος
3357 2174 3562 2249 γάμου,

2102 2261 2226 2319 Ἐπὶ
2257 2266 2334 2334 τῷ
2365 2260 2550 2317 δοτναι
2585 2260 2883 2326 δανεισταῖς
2913 2261 2950 2333 ἤ
2982 2263 3184 2340 ἀγροὺς
3215 2263 3502 2340 ἀγοράσαι,

2101 2352 2169 2408 Ἥ
2203 2351 2276 2413 ὥς
2303 2372 2362 2407 τε
2391 2354 2798 2427 προνοήσασθαι
2830 2349 3038 2408 παίδων
3068 2349 3251 2428 ἕτερου
3279 2352 3479 2428 γάμου.

2101 2440 2366 2515 Διαίρεσις
2400 2438 2458 2496 δὶ
2488 2440 2718 2518 πέφυκεν
2753 2441 2888 2513 αὕτη
2925 2440 3355 2515 δαπανημάτων,

2098 2530 2173 2584 Τὰ
2209 2530 2302 2603 μὶν
2335 2530 2410 2594 ὡς
2439 2530 2706 2605 ἀναγκαῖα
2735 2531 2858 2608 γάρ,
2890 2532 2956 2586 τὰ
2983 2528 3041 2586 δὲ
3069 2532 3156 2586 καὶ
3193 2528 3280 2586 διὰ
3312 2528 3524 2605 κέρδος,

2097 2621 2178 2676 Τὰ
2219 2616 2276 2673 δὶ
2306 2619 2443 2696 πρὸς
2474 2621 2662 2694 τέρψιν
2694 2621 2923 2698 πέφυκεν
2954 2617 3289 2691 ἰκδεδαπανη
3305 2620 3458 2692 μένα.

2096 2713 2211 2764 Τῶν
2274 2708 2572 2786 ἀναγκαίων
2631 2711 2864 2788 πέφυκεν
2921 2711 2948 2765 6
3009 2709 3182 2784 μόλος
3237 2713 3350 2785 (17)
3407 2716 3507 2780 τῆς
3553 2705 3758 2764 θαλάσ-

3490 2805 3632 2869 [me

2098 2887 2334 2958 Ποιῆσαί
2357 2909 2414 2943 τε
2443 2889 2672 2966 νεόφυτα
2703 2885 2950 2963 ἄμπελόν
2981 2910 3038 2944 τε
3066 2890 3154 2944 καὶ
3186 2886 3402 2963 δένδρα,

2097 2979 2217 3036 Ἐπί
2244 2999 2302 3033 τε
2332 2977 2707 3054 χρησιμότητι
2739 2979 2906 3054 ἀγροῦ
2937 2980 3413 3054 σπερματοθήκας.

2097 3065 2358 3143 Διακερδᾷ
2385 3068 2478 3122 τὸν
2512 3067 2817 3143 πράττοντα
2851 3067 3107 3144 βελτίονα
3135 3068 3228 3124 τὸν
3260 3073 3484 3144 προῖκα,

2093 3159 2316 3216 Ὀποῖον
2337 3157 2400 3214 τὸ
2431 3157 2686 3237 νεόφυτον
2717 3155 2754 3228 ἤ
2786 3157 2848 3213 16
2880 3159 3260 3235 ἀρτοκοπεῖον.

3353 3248 3511 3306 Vers.
3542 3248 3677 3304 1270

328 3465 763 3537 convenienter,
812 3479 1000 3536 usque
1047 3463 1121 3520 ad
1174 3460 1526 3519 sententiam
1569 3462 1978 3533 juramentum
2008 3467 2052 3534 (ζ’,
2089 3461 2341 3530 tharius,
2373 3461 2461 3519 vel
2489 3461 2810 3533 superioris
2841 3461 3151 3535 dignitatis
3183 3462 3278 3519 sit.
3304 3461 3362 3520 Si
3389 3461 3524 3534 quis
3547 3463 3753 3518 contra

325 3560 656 3613 revocetur.
688 3553 816 3612 Non
849 3551 1042 3609 facilis
1071 3555 1162 3608 est
1181 3551 1428 3623 quaestio
1459 3551 1530 3606 de
1554 3552 1897 3622 juramento
1920 3551 1979 3606 in

321 3645 509 3703 litem.
544 3644 605 3700 Si
635 3645 771 3716 quis
815 3644 960 3700 forte
988 3659 1200 3698 usuras
1249 3658 1429 3713 supra
1477 3642 1718 3697 modum
1751 3642 1977 3697 confes-

321 3752 426 3792 sus
473 3740 584 3802 est,
638 3739 832 3790 cessat
879 3732 1103 3788 exactio
1153 3732 1283 3802 ejus
1324 3731 1480 3803 quod
1513 3736 1602 3786 est
1648 3735 1854 3787 contra
1895 3729 1976 3787 le-

321 3841 475 3896 gem,
535 3825 688 3896 quod
749 3838 881 3878 vero
935 3821 1264 3892 legitimum
1325 3826 1414 3875 est
1460 3819 1726 3876 solvitur.
1771 3823 1975 3876 Usuras

319 3913 590 3970 indebita:
648 3912 700 3969 si
759 3917 895 3967 ante
954 3915 1174 3967 sortem
1234 3909 1441 3966 solutis
1499 3909 1619 3965 sint
1673 3909 1972 3978 creditori,

315 4009 544 4076 partem
593 4002 774 4058 sortis
827 4000 1042 4058 faciant
1098 4017 1110 4056 :
1164 3999 1214 4056 si
1262 4017 1397 4055 vero
1447 4000 1581 4072 quis
1624 3998 1797 4056 solvit
1843 4003 1976 4072 post

313 4098 556 4159 sortem,
617 4091 857 4148 omnino
908 4095 1153 4162 repetat,
1207 4090 1291 4145 sic
1338 4089 1531 4146 visum
1585 4089 1722 4162 legi.
1771 4089 1972 4147 Usum

311 4181 494 4238 debiti
529 4179 926 4251 particulatim
975 4177 1180 4234 solutae
1229 4177 1475 4249 duplum
1527 4184 1682 4234 recte
1729 4197 1844 4234 non
1873 4195 1974 4234 ex-

311 4269 546 4325 cedunt.
593 4267 793 4324 Mortis
839 4283 1019 4323 causa
1049 4265 1224 4322 alicui
1257 4267 1507 4332 donans,
1559 4268 1973 4323 convalescens

309 4358 519 4428 repetit
550 4356 706 4412 illico
756 4357 908 4428 quod
958 4355 1137 4424 dedit,
1183 4371 1319 4411 cum
1367 4355 1677 4425 fructibus,
1713 4356 1972 4427 fetibus,

311 4453 367 4504 et
427 4445 890 4503 accessionibus.
951 4445 1058 4509 Qui
1119 4462 1234 4501 non
1293 4453 1380 4500 est
1427 4444 1636 4510 haeres,
1687 4451 1972 4516 tanquam

310 4535 496 4592 haeres
555 4534 778 4606 aliquid
834 4533 1087 4599 solvens,
1149 4535 1360 4605 repetit
1409 4533 1691 4602 solutum,
1742 4550 1774 4589 ο
1835 4533 1976 4605 imp‘,

2090 3551 2278 3624 legem
2337 3551 2590 3608 nefarias
2651 3556 2889 3625 nuptias
2947 3552 3322 3619 contraxerit,
3377 3551 3749 3625 prepriarum

2087 3657 2283 3696 rerum
2309 3641 2604 3713 jacturam
2654 3641 2932 3713 patiatur,
2965 3642 3078 3697 nisi
3127 3659 3197 3697 ex
3230 3641 3520 3713 prioribus
3547 3639 3747 3712 legiti-

2088 3731 2202 3785 mis
2230 3731 2452 3802 nUptiis
2485 3735 2649 3803 pater
2681 3731 2871 3788 factus
2922 3731 3019 3786 sit.
3054 3729 3316 3786 Mulieris
3362 3729 3746 3800 emancipatus

2087 3820 2279 3875 soluto
2322 3820 2698 3876 matrimonio
2747 3821 2854 3876 dos
2887 3827 3038 3877 recte
3088 3820 3456 3887 restituatur,
3505 3819 3585 3875 sic
3618 3816 3745 3891 pla-

2085 3915 2175 3965 cet
2203 3910 2360 3965 enirn
2409 3909 2637 3982 legibus
2674 3927 2687 3965 :
2722 3911 2770 3965 si
2823 3926 2954 3966 vero
2986 3909 3088 3966 illa
3134 3910 3191 3965 in
3225 3913 3507 3982 potestate
3556 3907 3654 3979 sit,
3687 3910 3749 3963 et

2084 3999 2190 4055 dos
2221 4018 2254 4054 a
2285 4004 2448 4072 patre
2500 4001 2756 4072 profecta
2807 4000 3000 4069 fuerit,
3035 3999 3371 4056 communis
3421 4003 3512 4054 est
3557 3995 3745 4070 patris

2082 4095 2140 4144 et
2167 4089 2295 4144 ﬁliae
2328 4089 2614 4161 repetitio.
2639 4089 2824 4144 Datur
2849 4091 2954 4145 dos
2977 4089 3207 4145 mulieri
3232 4089 3408 4145 etiam
3433 4091 3746 4145 constante

2086 4177 2488 4248 matrimonio,
2551 4184 2617 4234 ut
2683 4180 2782 4235 det
2854 4179 3263 4248 creditoribus,
3324 4194 3496 4251 agros
3560 4180 3742 4248 emat,

2083 4266 2171 4322 vel
2206 4271 2269 4322 ut
2301 4265 2502 4323 liberis
2529 4285 2597 4323 ex
2629 4267 2744 4323 alio
2795 4267 3174 4325 matrimonio
3203 4267 3547 4341 prospiciat.
3580 4265 3740 4322 Divi-

2084 4359 2170 4412 sio
2203 4356 2605 4428 impensarum
2635 4357 2767 4428 ,hmc
2798 4362 2908 4425 est,
2955 4359 3224 4429 quaedam
3260 4362 3325 4413 ut
3374 4355 3735 4421 necessaria,

2083 4445 2350 4517 quaedam
2385 4451 2622 4518 propter
2651 4445 2905 4518 lucrum,
2940 4447 3066 4503 aliis
3113 4451 3351 4519 propter
3375 4445 3735 4503 voluntatem

2082 4534 2398 4604 insumptis
2447 4539 2588 4591 sunt
2620 4553 2634 4592 :
2669 4536 3035 4607 necessarias,
3069 4535 3254 4592 moles
3305 4536 3363 4592 in
3417 4551 3577 4592 mare
3607 4549 3738 4606 pro-

308 4625 426 4681 Dos
456 4640 528 4680 ne
559 4623 916 4696 publicetur,
971 4623 1168 4677 mariti
1203 4623 1371 4678 bonis
1417 4622 1756 4694 publicatis.
1789 4623 1973 4678 Tutor
2074 4623 2252 4694 jecta,
2287 4623 2542 4681 inserere
2575 4643 2754 4681 novas
2785 4627 2933 4682 vites
2981 4630 3039 4682 et
3065 4625 3324 4689 arbores,
3355 4629 3412 4680 et
3461 4626 3532 4680 ad
3565 4639 3741 4680 usum

308 4719 366 4770 et
414 4719 652 4770 curator
710 4713 1024 4779 solventes,
1089 4711 1237 4767 nihil
1297 4727 1365 4766 ex
1414 4711 1622 4768 solutis
1677 4715 1966 4783 repetunt.
2082 4712 2207 4783 agri
2256 4713 2640 4770 seminarium
2694 4714 2922 4771 facere:
2959 4714 3135 4770 utiles
3190 4708 3493 4770 meliorem
3538 4714 3738 4769 dotem

303 4803 360 4856 Si
425 4803 659 4857 debitor
710 4801 838 4855 sine
897 4799 1100 4855 usuris
1155 4799 1420 4854 debitum
1480 4793 1715 4864 habeat,
1776 4803 1968 4869 potest
2002 4841 2043 4875 η
2082 4801 2326 4867 faciunt,
2354 4804 2558 4873 quales
2589 4807 2731 4858 sunt
2774 4801 3060 4858 novelleta
3106 4807 3163 4859 et
3211 4802 3528 4875 pistrinum
3565 4819 3578 4858 :
3609 4817 3739 4872 que

303 4891 558 4947 creditor
613 4906 684 4945 ex
759 4888 1055 4944 fructibus
1127 4889 1391 4955 retinere,
1447 4891 1505 4942 et
1583 4886 1731 4941 illud
1793 4887 1966 4944 faciet
2003 4886 2043 4904 υ
2079 4889 2273 4946 dotem
2306 4891 2544 4962 quidem
2591 4909 2707 4946 non
2754 4892 3052 4959 minuunt,
3103 4897 3294 4948 tamen
3350 4897 3737 4966 repetuntur;

306 4980 612 5035 commode
647 4994 834 5049 usque
867 4978 940 5032 ad
971 4976 1273 5048 legitimas
1296 4993 1527 5032 usuras.
1550 4977 1609 5031 Si
1633 4992 1764 5031 cum
1791 4975 1966 5033 fiscus
2076 4978 2232 5034 idem
2291 4980 2446 5035 circa
2504 4979 2930 5052 voluptuarias.
2984 4981 3165 5037 Nemo
3227 4986 3427 5038 contra
3493 4997 3733 5038 uxorem

305 5069 522 5140 pignus
553 5066 850 5134 distrahit,
877 5067 1132 5122 creditor
1153 5065 1306 5136 silet,
1339 5082 1458 5120 rem
1493 5063 1737 5120 remisit.
1763 5065 1964 5122 Credi-
2073 5067 2209 5122 furti
2246 5068 2534 5124 actionem
2566 5076 2812 5140 moveat,
2864 5071 2960 5126 sed
2998 5087 3192 5127 rerum
3225 5077 3581 5126 amotarum.
3615 5073 3733 5124 Ma-

304 5154 1583 5228 torvolenspignusdistrahere,manil‘estam
1603 5155 1961 5211 faciatsuam
2071 5156 2220 5212 ritus
2251 5158 2597 5213 asstilnatam
2633 5160 2825 5215 dotem
2880 5161 3196 5232 accipiens,
3232 5176 3324 5216 res
3356 5161 3585 5218 dotales
3614 5176 3731 5216 non

301 5243 664 5300 voluntatem
697 5244 971 5300 debitori.
1023 5245 1193 5299 Socer
1221 5248 1280 5298 et
1309 5259 1409 5298 soc
1447 5259 1517 5298 us
1548 5259 1764 5314 sponso
1796 5242 1960 5314 puel-
2068 5245 2301 5300 videtur
2325 5246 2609 5317 accipere,
2644 5248 2744 5302 sed
2800 5247 2994 5304 solum
3039 5249 3195 5321 capit
3227 5265 3425 5305 rerum
3476 5249 3733 5305 estima-

302 5331 370 5386 lae
420 5333 647 5405 aliquid
699 5334 928 5399 dantes,
981 5332 1174 5388 soluto
1225 5331 1599 5387 matrimonio
1644 5349 1759 5387 non
1792 5348 1959 5404 repe-
2066 5333 2308 5402 tionem,
2343 5351 2522 5406 quam
2575 5340 2810 5408 prastat
2853 5335 3047 5394 soluto
3099 5338 3500 5394 matrimonio.
3549 5338 3736 5394 Mater

307 5425 455 5476 tunt.
510 5421 715 5478 Mutua
759 5423 988 5478 affectio
1034 5421 1268 5493 nuptias
1316 5421 1544 5494 perﬁcit
1590 5421 1718 5477 sine
1761 5436 1957 5478 acces-
2072 5421 2225 5492 tilia,
2260 5428 2325 5478 ut
2350 5421 2580 5494 legibus
2612 5423 2852 5496 placuit,
2906 5443 3023 5484 non
3075 5426 3306 5499 cogitur
3336 5428 3533 5484 dotem
3567 5427 3730 5485 dare.

304 5509 470 5568 sione
527 5511 814 5568 dotalium
866 5511 1426 5578 instrumentorum,
1477 5511 1592 5568 nisi
1651 5513 1956 5584 protospa-
2065 5511 2276 5569 Mulier
2304 5517 2497 5586 potest
2525 5513 2703 5570 etiam
2747 5515 2943 5572 adhuc
2991 5522 3298 5573 constante
3333 5517 3731 5591 matrimonio,

375 5763 491 5842 (17)
521 5756 770 5827 Μώλως.
