4124 6398
293 237 416 298 969
1653 235 2030 300 SYNOPSIS
2078 238 2341 298 LEGUM
2355 286 2368 300 .
3605 244 3726 304 970

289 373 357 426 Ἃ
381 373 586 444 προῖκα
615 367 680 423 ού
715 370 926 442 μειοῢσι
964 369 1062 442 μὶν
1093 368 1221 424 ἀλλ’
1251 367 1407 444 ὅμως
1438 370 1817 441 ἀπαιτοῦνται,
1984 374 2032 439 Α
2066 369 2126 425 Ὁ
2156 367 2256 442 γάρ
2287 389 2370 421 τοι
2403 365 2620 422 σπάδων
2655 365 2870 423 δύναται
2903 367 3300 440 παιδοποιῆσαι
3341 373 3506 448 τάχα.

291 459 418 532 Περὶ
451 457 518 513 τὰ
550 454 916 530 δαπανήματα
944 457 1010 512 τὰ
1039 457 1226 534 τέρψιν
1272 457 1630 530 ἐμποιοῦντα.
2065 453 2139 514 Ei’
2160 479 2244 520 τις
2272 458 2508 527 ποιήσας
2537 457 2800 533 πρότερον
2831 457 3074 532 ἐννόμως
3107 459 3398 532 διαθήκην,

289 546 506 618 Μηδεὶς
535 549 672 602 κατὰ
698 553 802 616 τῆς
829 549 1084 623 γυναικὸς
1113 546 1335 617 κλοπῆς
1366 547 1586 602 κινείτω
1620 545 1799 618 δίκην,
2067 547 2322 622 Δευτέραν
2356 543 2535 616 ἄλλην
2566 543 2840 622 γράψειεν,
2873 551 2907 618 ἡ
2941 549 3132 623 πρώτη
3167 551 3242 622 μὴ
3287 550 3580 626 ῥηγνύσθω

289 638 608 712 Ἀφαίρεσιν
639 637 856 692 κινείτω
887 635 945 692 δὲ
973 641 1080 692 τῶν
1111 635 1430 692 κλαπέντων
1455 636 1818 714 πραγμάτων.
2064 633 2130 690 Εἴ
2165 637 2238 708 μή
2274 657 2336 711 γε
2365 639 2581 711 πρῶτον
2605 637 2827 710 κυρωθῇ
2858 635 3108 710 νομίμως
3139 641 3172 708 ἡ
3207 637 3447 716 δευτέρα.

287 731 500 800 Προῖκα
531 721 721 780 λαϐὼν
753 727 780 779 ὁ
814 725 1042 802 σύζυγος
1075 725 1362 800 διατετιμη
1377 726 1567 799 μένην,
2065 724 2141 782 Οὐ
2173 721 2464 788 διατίθεται
2499 723 2634 780 ἐτῶν
2665 724 2843 794 ἥττων
2879 724 3305 803 δεκατεσσάρων.

287 815 438 892 Οὐχὶ
470 816 539 870 τὰ
562 815 856 892 πράγματα
889 811 1040 870 δοκεῖ
1071 811 1368 888 Λαμϐανειν
1393 817 1460 871 τὰ
1490 813 1764 888 προικῷα,
2063 814 2124 870 Ὁ
2159 814 2234 886 μὴ
2264 810 2446 875 διδοὺς
2474 819 2595 875 τοῖς
2633 812 2862 886 μάρτυσι
2905 813 3144 890 πάροδον
3183 819 3504 892 μαρτυρίας,

287 905 478 974 Μόνην
510 902 567 960 δὲ
591 902 904 978 διατίμησιν
938 905 1012 960 ὧν
1045 900 1208 960 ἔλαϐε
1236 903 1596 982 πραγμάτων,
2062 901 2371 978 Ὑφίσταται
2401 904 2498 972 τήν
2534 901 2800 957 ἔκπτωσιν
2828 908 2924 957 τοῦ
2957 903 3168 979 κλήρου
3196 908 3516 980 παραυτίκα.

287 997 385 1051 Ὧν
420 996 520 1064 τὴν
552 996 720 1068 τιμὴν
755 991 1130 1069 εἲσπράττεται
1163 999 1262 1048 τοῦ
1291 995 1470 1070 γάίμου
1515 991 1810 1066 λυομένου.
1935 1015 1940 1018 ·
2061 992 2135 1047 Τὰ
2163 993 2696 1068 παραχαραττόμενα
2726 991 2758 1061 ἢ
2793 991 3279 1068 άπαληλειμμένα,

289 1085 358 1141 Ἦ
393 1085 580 1158 μήτηρ
615 1084 746 1157 ὑπὲρ
781 1084 1070 1160 θυγατρὸς,
1104 1083 1178 1138 ὡς
1209 1080 1357 1154 ἔδοξε
1383 1089 1502 1146 τοῖς
1533 1082 1748 1154 νόμοις,
2063 1083 2127 1136 Et
2157 1081 2252 1154 μὶν
2283 1083 2396 1136 κατ’
2429 1079 2634 1152 εἷ’δησίν
2666 1081 2768 1136 εἷ’σι
2800 1086 2895 1136 τοῦ
2929 1079 3323 1156 διατιθεμένου,

290 1174 369 1232 Oil
399 1195 558 1252 φασιν
583 1171 942 1248 ἀναγκάζεται
974 1178 1178 1248 προῖκα
1209 1169 1534 1229 ἐπιδιδόναι.
2063 1172 2274 1245 ’Ἃκυρα
2303 1172 2520 1232 πάντως
2551 1171 2808 1244 πέφυκεν,
2845 1171 2890 1225 εἰ
2925 1169 2968 1225 δ’
3012 1171 3094 1242 οἱ),
3131 1171 3388 1248 ἐῤῥώσθω
3420 1175 3610 1232 πάντα.

295 1263 434 1331 Γυνὴ
463 1266 572 1316 τῶν
603 1262 794 1336 γάμων
839 1259 1058 1316 δύναται
1091 1257 1168 1316 ἔτι
1210 1261 1630 1336 συνισταμένων,
2067 1261 2322 1334 Αἱρετική
2355 1281 2437 1321 τις
2469 1256 2710 1321 ἔνστασις
2746 1257 2799 1314 εἷ’
2823 1281 2906 1321 τις
2939 1261 3083 1314 οὕτω
3117 1261 3430 1340 συγγράφει,

289 1349 579 1410 Βλέπουσά
605 1372 726 1413 πως
755 1352 846 1406 τὸν
880 1351 1109 1426 σύζυγον
1139 1349 1345 1427 ἄπορον
1378 1351 1658 1425 πεφυκότα
2067 1348 2190 1403 Ἐὰν
2217 1349 2382 1410 αὐτὸς
2415 1351 2750 1419 πεντήκοντα
2781 1349 2915 1404 ἐτῶν
2949 1346 3268 1421 ἀποϐιώσω,

287 1442 380 1503 Ὠς
413 1441 748 1510 ἂνυπόθηκον
779 1445 996 1516 κρατεῖν
1012 1441 1114 1509 τὴν
1147 1440 1354 1496 ἐκείνου
1387 1439 1596 1508 οὐσίαν,
2065 1440 2126 1494 ὐ
2157 1439 2474 1516 Νικηφόρος
2504 1433 2640 1492 ἔστω
2677 1460 2780 1511 μου
2809 1443 2905 1494 τοῦ
2940 1438 3064 1514 βίου
3095 1439 3471 1516 κληρονόμος.

287 1529 372 1586 Οὐ
403 1530 588 1603 μόνως
622 1529 756 1604 ὑπὶρ
785 1535 888 1598 τῆς
917 1529 1168 1604 προικὸς,
1195 1529 1343 1586 ἀλλὰ
1371 1530 1462 1585 καὶ
1493 1528 1867 1606 ἑξωπροίκων,
2062 1528 2122 1580 Τί
2147 1527 2259 1582 ἐστι
2290 1525 2676 1604 φιδεκόμισσον
2707 1527 2798 1582 ἐάν
2827 1549 2908 1590 τις
2943 1528 3087 1584 οὕτω
3121 1528 3273 1604 eicit“,

285 1619 450 1695 Ὑπὶρ
479 1617 868 1695 προγαμιαίων
901 1639 958 1673 τε
984 1616 1206 1674 δικαίων
1241 1617 1392 1692 δωρη
1405 1618 1610 1692 μάτων.
2060 1619 2564 1686 Ἀποκατάστησον,
2599 1617 2699 1686 υἱὲ,
2732 1623 2812 1690 τῷ
2843 1616 2976 1672 δεῖνι
3005 1616 3132 1673 τόδε
3161 1625 3406 1696 πρᾶγμα,

285 1707 432 1784 Οὐχὶ
463 1707 762 1769 συναίνεσις
791 1709 1018 1784 πατρὸς,
1053 1706 1198 1763 ἀλλὰ
1225 1708 1466 1781 νόμιμος
1497 1707 1712 1782 πρᾶξις,
1983 1747 2030 1812 Β
2063 1707 2142 1764 Τὸ
2176 1703 2232 1760 δέ
2261 1727 2322 1780 γε
2353 1700 2742 1782 φιδεκόμισσον
2771 1707 2834 1761 τὸ
2863 1710 2984 1772 καθ’
3015 1705 3196 1780 ὁμάδα
3231 1713 3418 1778 τοῦτο,

285 1803 400 1867 Τῆς
435 1797 891 1867 ὁπεξουσιότητος
923 1796 1206 1871 ἐλευθεροῖ
1231 1797 1324 1852 τὸν
1357 1795 1558 1852 παῖδα·
1983 1794 2030 1812 ⁸³
2065 1801 2243 1850 Πᾶσαν
2276 1794 2718 1866 ἀποκατάστησον
2749 1797 2846 1865 τήν
2881 1795 3018 1870 ιμήν
3051 1795 3230 1869 τούτῳ
3259 1805 3469 1868 κτῆσιν.

291 1886 356 1942 El
389 1883 448 1942 δέ
471 1907 554 1950 τις
585 1882 730 1962 ἔχων
772 1885 1032 1964 φυσικοὺς
1065 1884 1262 1948 παῖδάς
1293 1902 1354 1942 τε
1390 1885 1480 1940 καὶ
1509 1885 1806 1958 νομίμους,
2066 1886 2152 1940 Ἐν
2187 1883 2422 1958 διαθήκῃ
2457 1885 2733 1960 ἄχρηστον
2778 1883 2956 1947 οὐδεὶς
2987 1886 3362 1962 κληρονομίαν

291 1975 398 2032 Καὶ
428 1979 530 2041 τῆς
561 1979 670 2030 τῶν
704 1979 944 2054 φυσικῶν
978 1975 1108 2028 υἱῶν
1141 1973 1218 2030 ἔτι
1256 1974 1435 2046 ζώσης
1463 1975 1718 2048 μητέρος,
2065 1976 2151 2032 Ἐν
2185 1973 2546 2036 κωδικέλλοις
2586 1970 2818 2049 βεϐαιοῖ,
2854 1973 3009 2048 δόξαν
3048 1975 3188 2030 οὕτω
3214 1981 3292 2046 τῷ
3323 1977 3503 2050 νόμῳ.

287 2067 421 2126 Τοῖς
457 2069 705 2142 φυσικοῖς
735 2063 901 2134 αὐτῆς
931 2065 1081 2118 παισὶ
1115 2065 1250 2140 πρὸς
1285 2061 1342 2118 δὶ
1372 2065 1461 2118 καὶ
1489 2069 1554 2136 τῇ
1589 2063 1845 2138 τεκούσῃ,
2064 2065 2174 2138 Πρὸ
2207 2062 2264 2118 δὲ
2296 2063 2679 2126 διατυπώσεως
2711 2063 3046 2120 κωδίκελλοι
3087 2067 3402 2142 γραφέντες,

289 2153 371 2211 Οὐ
405 2149 626 2207 δύναται
655 2150 978 2208 καταλιπεῖν
1008 2152 1173 2208 πλέον
1212 2159 1338 2225 μιᾶς
1372 2151 1612 2228 ούγγίας,
2063 2153 2210 2208 Μετὰ
2237 2155 2337 2222 τὴν
2371 2151 2701 2207 διατύπωσιν
2735 2153 2784 2207 εἷ’
2819 2155 2893 2226 μή
2934 2149 3328 2228 βεϐαιωθῶσιν,

293 2239 518 2298 Μαίδων
553 2237 595 2296 δ’
617 2243 717 2296 οὐκ
747 2237 916 2296 ὄντων
951 2246 1218 2320 φυσικῶν,
1249 2245 1284 2312 ἠ
1317 2247 1642 2297 συνοικοῦσα
1675 2243 1878 2316 μόνως,
2063 2241 2230 2300 Οὐδὲν
2264 2242 2406 2304 ὅλως
2441 2241 2722 2317 ἰσχύουσιν
2757 2242 2938 2317 ὥσπερ
2972 2245 3326 2316 ἠθετημένοι.

289 2331 502 2406 Ἐχέτω
533 2329 864 2408 ἡμιούγγιον
896 2336 1007 2386 τῶν
1040 2331 1244 2388 ἐκείνου
1275 2333 1635 2407 πραγμάτων,
2060 2332 2406 2408 Ἐπίτροπος-
2423 2333 2726 2406 ἐπιτροπῆς
2755 2333 3056 2402 παυθείσης
3090 2330 3237 2387 διδοῖ
3263 2333 3483 2403 τόκους,

291 2419 408 2478 Εἰδ’
441 2417 564 2476 οὔτε
591 2417 787 2482 παῖδας
817 2415 940 2496 ἕχοι
970 2442 1054 2483 τις
1083 2421 1340 2494 ἰννόμους
1370 2423 1404 2492 ἢ
1437 2423 1650 2497 γονέας,
2063 2421 2272 2496 Μέχρις
2305 2421 2362 2476 ἂν
2396 2419 2792 2496 ἰλλογιστεύθη
2824 2423 2892 2477 τὰ
2921 2425 3022 2491 τῆς
3055 2423 3409 2497 ἇπιτροπίας.

293 2507 506 2566 Διδότω
535 2515 639 2564 πᾶν
683 2509 732 2564 εἴ
765 2509 1022 2586 βούλεται
1051 2509 1112 2564 τὰ
1150 2511 1344 2586 μέτρον
1379 2517 1480 2579 τῆς
1509 2510 1720 2576 οὐσίας,
2065 2510 2390 2582 Ἐπίτροπος
2423 2511 2757 2583 ὠνούμενος,
2781 2514 3065 2584 προσώπῳ
3103 2514 3436 2588 παρενθέτῳ,

291 2605 418 2662 Τοῖς
461 2604 710 2678 φυσικοῖς
731 2599 895 2654 αὐτοῦ
926 2599 1131 2671 παισὶν,
1167 2598 1348 2662 οὐδεὶς
1379 2601 1480 2676 γὰρ
1514 2602 1541 2655 ὁ
1567 2599 1824 2656 κωλύων.
2063 2599 2178 2657 Οὐκ
2206 2597 2320 2673 ἔχει
2352 2600 2450 2668 τήν
2487 2598 2744 2669 έξώνησιν
2775 2605 2894 2662 τοῖς
2923 2600 3120 2674 νόμοις
3169 2600 3508 2677 έρῥὼμένην.

291 2689 359 2744 EH
389 2687 436 2744 δ’
463 2689 496 2744 ἆ
609 2711 620 2726 ἱ
863 2685 886 2708 Ἰ
1231 2690 1282 2724 ἢ,
1350 2695 1400 2728 τι
1479 2689 1498 2726 ’ν
1557 2690 1568 2710 Ι
1607 2711 1636 2722 ρ
2110 2690 2129 2708 ἱ.
2405 2691 2416 2704 \
2615 2689 2624 2706 Ι
2881 2697 2910 2708 υ
3084 2692 3094 2705 ι
3140 2688 3163 2708 κ

343 2713 356 2744 ι
501 2699 604 2752 ποθ
619 2690 824 2759 μήσκων
861 2708 983 2764 εχοι
1013 2710 1098 2753 τις
1133 2709 1280 2751 τινα,
1307 2711 1414 2744 τωο
1445 2711 1737 2759 αοτονκυν,
2061 2698 2124 2744 b'.
2161 2690 2256 2762 μὲν
2294 2709 2426 2760 μετα
2452 2690 2812 2762 προκαταρξιν
2844 2711 2942 2759 της
2970 2711 3106 2744 κατα
3137 2693 3407 2761 οιαθγςκης

297 2775 503 2833 Διδότω
527 2778 620 2832 τὸν
647 2777 886 2850 νόμιμον
923 2778 1084 2840 οὗτος
1114 2777 1299 2839 αὐτοῖς
1336 2776 1546 2851 μερίδα,
2063 2779 2340 2852 Μὲμψεως
2373 2780 2406 2846 ἡ
2447 2775 2695 2842 διάλυσις
2725 2774 2964 2854 προϐαίη
2997 2779 3134 2834 κατὰ
3160 2781 3390 2852 νόμους,

293 2868 364 2922 Τὸ
397 2865 454 2921 δὲ
483 2865 676 2922 λοιπὸν
707 2873 824 2928 τοῖς
857 2873 1106 2932 φυσικοῖς
1137 2867 1319 2922 παισὶν
1345 2867 1766 2942 ἀποκληρούτω.
2062 2871 2198 2943 Ἔχε
2225 2869 2324 2936 τὴν
2361 2863 2691 2922 διατύπωσιν
2725 2866 2950 2930 τελείως
2983 2868 3325 2944 ἒῤῥωμένην.

301 2954 602 3029 Εὖνοῦχος,
635 2953 850 3010 σπάδων
882 2953 1101 3011 δύναται
1129 2958 1388 3021 υἱοθετεῖν
1421 2957 1510 3012 καὶ
1549 2956 1752 3028 μόνως,
2062 2959 2120 3012 Ὁ
2151 2957 2300 3030 παρά
2331 2957 2587 3031 γυναικός
2617 2977 2764 3019 τινος
2793 2958 3062 3022 υἱοθεσίαν
3097 2953 3268 3032 ἔχων,

302 3045 474 3099 Τοῦτο
505 3045 603 3120 γὰρ
633 3045 1000 3120 ἀπηγόρευται
1027 3043 1350 3123 καπρᾶτοις
1391 3047 1482 3101 καὶ
1513 3041 1776 3118 θλιὸίαις,
2063 3048 2194 3102 Καθ’
2225 3043 2298 3100 ὧν
2329 3047 2465 3116 αύτή
2502 3043 2706 3100 διέθετο
2737 3053 2902 3102 κινεῖν
2938 3046 3036 3102 οὐκ
3067 3047 3324 3123 δξισχύει,

3305 3137 3472 3195 Vers.
3501 3137 3644 3196 l332

289 3333 339 3390 si
373 3334 644 3390 maritum
673 3337 906 3409 inopem
943 3340 1064 3393 ﬁeri
1099 3339 1312 3406 videat,
1348 3338 1511 3394 illius
1552 3339 1944 3394 substantiam
1979 3349 2022 3416 ρ

283 3425 566 3494 tanquam
644 3441 712 3478 ex
739 3426 1068 3497 hypotheca
1127 3427 1240 3482 sibi
1299 3427 1534 3497 habere,
1597 3445 1710 3482 non
1755 3427 1948 3482 solum

288 3529 392 3585 pro
442 3512 599 3580 dote,
646 3515 748 3568 sed
801 3516 976 3571 etiam
1027 3534 1130 3588 pro
1177 3517 1565 3589 paraphernis
1613 3521 1671 3572 et
1708 3517 1950 3588 juribus

286 3601 674 3657 donationum
726 3606 1245 3676 antenuptialium.
1295 3611 1418 3662 Non
1471 3606 1654 3675 patris
1698 3621 1948 3662 consen-

287 3708 416 3756 sus,
466 3693 566 3746 sod
621 3696 790 3746 actus
836 3692 1156 3766 legitimus,
1209 3697 1418 3750 liberat
1469 3695 1654 3749 ﬁlium
1689 3712 1722 3750 a
1761 3695 1952 3766 patria

288 3783 602 3851 potestate.
650 3780 708 3834 Si
760 3787 892 3852 quis
943 3784 1240 3839 naturales
1289 3785 1526 3854 liberos,
1559 3789 1614 3838 et
1658 3783 1952 3856 legitimos

291 3869 528 3939 habeat,
553 3873 611 3924 et
635 3871 992 3926 naturalium
1019 3872 1340 3928 liberorum
1367 3879 1554 3929 mater
1570 3873 1764 3928 adhuc
1777 3873 1951 3939 vivat,

289 3958 406 4030 ipsi
440 3959 613 4014 matri
644 3963 702 4016 et
735 3961 864 4030 ejus
909 3964 1278 4018 naturalibus
1323 3962 1548 4032 liberis,
1597 3981 1712 4018 non
1763 3967 1955 4034 potest

291 4047 630 4117 relinquere
679 4049 833 4105 ultra
883 4067 1058 4106 unam
1093 4053 1326 4107 unciam
1356 4070 1370 4108 :
1399 4053 1449 4107 si
1483 4070 1614 4108 vero
1655 4069 1768 4107 non
1802 4052 1955 4106 exsi-

289 4141 452 4191 stant
502 4138 800 4194 naturales
853 4139 1042 4206 liberi,
1094 4143 1192 4197 sed
1245 4143 1434 4196 solum
1472 4143 1820 4210 concubina,
1855 4139 1956 4195 illa

285 4237 490 4276 rerum
547 4224 674 4294 ejus
733 4224 1038 4282 dimidiam
1099 4227 1333 4283 unciam
1391 4227 1644 4284 habeto:
1715 4228 1764 4283 si
1818 4243 1952 4281 vero

287 4327 486 4384 neque
533 4311 828 4385 legitimos
879 4315 1116 4388 liberos,
1169 4333 1360 4389 neque
1405 4323 1678 4387 parentes
1718 4317 1953 4384 habeat,

283 4417 530 4456 omnem
561 4403 984 4470 substantiam,
1021 4406 1070 4460 si
1097 4403 1252 4472 velit,
1278 4405 1418 4460 ﬁliis
1440 4403 1811 4460 naturalibus
1832 4405 1952 4474 det,

287 4505 471 4544 nemo
529 4491 684 4546 enim
739 4493 1046 4562 prohibet:
1095 4495 1144 4549 si
1192 4509 1328 4549 vero
1380 4494 1666 4549 decedens
1725 4494 1955 4564 aliquos

283 4579 743 4635 ascendentium
794 4581 1026 4652 habeat,
1072 4584 1171 4640 det
1201 4583 1320 4639 illis
1353 4581 1674 4655 legitimam
1711 4587 1954 4654 partem,

283 4667 589 4738 reliquum
639 4687 774 4725 vero
825 4672 1202 4729 naturalibus
1253 4671 1455 4728 liberis
1489 4671 1800 4741 relinquat.
1845 4671 1956 4726 Eu-

285 4723 530 4813 muchus
574 4723 636 4813 ει
684 4723 1453 4834 έρᾲάῖ)”ὲέ›ἰῖι“ιὲῖἐἷαᾷῌιέέὲ
1489 4723 1954 4831 ῥ’δέιξιῖιζῖξίιῖᾱά
1993 4723 2034 4787 D

281 4847 454 4901 enim
505 4849 778 4904 castrati
827 4853 884 4904 et
933 4851 1160 4906 thlibiis
1194 4850 1561 4922 prohibetur,
1605 4867 1736 4904 nam
1772 4849 1954 4918 spado

289 4939 496 5008 potest
545 4937 692 4992 forte
743 4937 961 4994 liberos
1015 4956 1316 5011 generare.
1381 4939 1440 4995 Si
1502 4939 1637 5011 quis
1697 4939 1957 5010 legitime

287 5023 466 5098 prius
497 5029 920 5082 testamentum
961 5027 1311 5098 condiderit,
1346 5035 1403 5083 et
1433 5028 1593 5084 aliud
1627 5029 1955 5082 secundum

292 5112 625 5184 scripserit,
661 5116 822 5184 prius
853 5133 925 5171 ne
953 5125 1286 5189 rumpatur,
1319 5117 1432 5172 nisi
1465 5123 1600 5172 ante
1630 5117 1956 5172 secundum

286 5205 429 5274 jure
479 5205 662 5258 robur
709 5205 992 5262 obtineat.
1049 5207 1245 5262 Minor
1293 5206 1742 5278 quatuordecim
1784 5204 1959 5260 annis

291 5291 502 5346 testari
552 5309 668 5348 non
719 5299 933 5366 potest.
987 5295 1112 5351 Non
1174 5295 1321 5350 dans
1371 5293 1622 5350 testibus
1680 5294 1958 5348 viaticum

293 5379 644 5446 testimonii,
711 5381 869 5439 illico
918 5385 1220 5455 jacturam
1274 5383 1630 5450 hereditatis
1681 5384 1956 5439 sustinet.

294 5472 435 5536 Qum
482 5471 822 5539 cancellata,
853 5473 939 5528 vel
971 5473 1162 5530 deleta
1193 5477 1356 5542 sunt,
1390 5472 1440 5528 si
1471 5473 1710 5544 quidem
1741 5473 1964 5528 sciente

297 5563 605 5632 testatore,
688 5563 930 5619 omnino
1005 5562 1176 5619 irrita
1251 5561 1408 5618 sint:
1473 5562 1522 5617 si
1582 5577 1716 5617 vero
1794 5577 1964 5618 secus

633 5691 894 5750 Parant.
943 5691 1054 5749 Gn.
1101 5689 1338 5751 CXXII.

2059 3339 2260 3393 omnia
2289 3337 2540 3393 valeant.
2569 3337 2872 3393 Institutio
2905 3337 3319 3395 conditionalis
3357 3343 3466 3407 est,
3500 3339 3550 3396 si
3584 3339 3720 3412 quis

2060 3428 2138 3482 ita
2170 3427 2411 3483 scribit:
2448 3427 2494 3482 si
2528 3426 2654 3497 ipse
2688 3443 2978 3481 annorum
3013 3427 3452 3500 quinquaginta
3481 3428 3721 3496 moriar,

2061 3517 2426 3588 Nicephorus
2505 3515 2648 3570 mihi
2707 3516 2890 3572 hazres
2949 3522 3098 3572 esto.
3170 3517 3726 3574 Fideicommissum

2060 3613 2170 3672 est,
2231 3605 2280 3662 si
2340 3605 2474 3678 quis
2525 3605 2605 3659 ita
2663 3604 2831 3666 dixit.
2891 3621 3012 3659 rem
3069 3604 3196 3672 tali,
3255 3605 3356 3668 fili,
3407 3606 3724 3662 restituito.

2059 3693 2400 3750 Universale
2431 3710 2562 3748 vero
2598 3693 2732 3748 fidei
2765 3694 3154 3748 commissum
3181 3699 3266 3748 est
3291 3693 3460 3762 illud,
3487 3711 3726 3750 omnem

2063 3801 2254 3841 meam
2287 3783 2684 3838 substantiam
2719 3781 2800 3835 illi
2835 3783 3148 3838 restituito.
3185 3783 3476 3839 Inutiliter
3525 3785 3727 3839 datam

2060 3875 2411 3928 testamento
2447 3871 2870 3936 haereditatem,
2929 3887 3102 3926 nemo
3163 3871 3454 3926 codicillis
3512 3871 3725 3927 conﬁr-

2065 3967 2204 4022 mat,
2257 3965 2340 4016 sic
2393 3960 2616 4030 placuit
2651 3959 2781 4026 legi.
2837 3959 3102 4014 Codicilli
3135 3960 3342 4030 scripti
3377 3965 3510 4016 ante
3541 3967 3724 4016 testa-

2064 4055 2352 4117 mentum,
2426 4047 2536 4100 nisi
2601 4051 2802 4118 postca
2861 4051 3216 4102 testamento
3278 4049 3723 4120 conﬁrmentur,

2065 4139 2295 4210 penitus
2331 4153 2444 4192 non
2477 4135 2690 4205 valent,
2727 4152 2791 4190 ac
2825 4135 2875 4190 si
2910 4136 3110 4206 scripti
3147 4153 3259 4191 non
3293 4141 3511 4194 essent.
3540 4137 3726 4192 Tutor

2065 4229 2230 4283 ﬁnita
2275 4226 2458 4281 tutela
2509 4225 2609 4280 dat
2661 4241 2896 4294 usuras,
2951 4241 3067 4296 quo
3103 4243 3291 4296 usque
3320 4225 3515 4282 tutelas
3541 4227 3723 4282 ratio-

2065 4335 2167 4373 nes
2217 4317 2554 4372 reddiderit.
2607 4315 2792 4369 Tutor
2838 4330 3041 4370 emens
3073 4331 3195 4370 rem
3242 4315 3592 4387 pupillarem
3625 4333 3730 4388 per

2064 4406 2471 4478 interpositam
2526 4419 2836 4474 personam
2871 4419 2988 4458 non
3033 4403 3210 4459 habet
3257 4404 3617 4476 emptionem
3646 4404 3730 4461 le-

2065 4495 2238 4566 gibus
2287 4493 2642 4548 roboratam.
2705 4490 2860 4544 Licet
2905 4495 3038 4562 post
3085 4490 3204 4546 litis
3236 4493 3730 4548 contestationem

2065 4584 2378 4640 transactio
2410 4597 2586 4650 super
2619 4579 2866 4649 quaerela
2900 4580 2972 4634 de
2993 4579 3320 4636 inofﬁcioso
3347 4581 3498 4637 facta
3523 4597 3727 4636 secun-

2065 4674 2207 4728 dum
2257 4671 2416 4741 leges
2449 4668 2726 4738 procedat
2755 4671 3182 4722 testamentum
3217 4675 3413 4724 tamen
3473 4670 3723 4740 perfecte

2065 4761 2276 4817 valeat.
2307 4761 2352 4814 A
2382 4757 2630 4812 muliere
2661 4757 2977 4826 adoptatus
3009 4761 3213 4811 contra
3245 4759 3374 4826 ejus
3403 4761 3730 4813 testamen-

2066 4857 2192 4905 tum
2225 4846 2538 4919 quzerelam
2573 4861 2804 4900 movere
2837 4861 2948 4900 non
2984 4849 3197 4916 potest.
3223 4847 3412 4900 Tutor
3437 4847 3728 4902 bonorum

2069 4937 2504 5010 possessionem
2539 4937 2730 5006 potest
2763 4938 2979 5004 petere,
3031 4933 3193 4987 nullo
3245 4935 3416 4989 modo
3463 4953 3596 4990 vero
3625 4953 3722 4992 re-

2069 5027 2328 5099 pudiare.
2363 5025 2598 5078 Primus
2630 5023 2848 5092 gradus
2881 5039 2994 5076 non
3027 5027 3118 5078 est
3147 5023 3379 5093 generis
3427 5039 3493 5078 ex
3525 5023 3728 5096 latere,

2067 5115 2231 5171 solus
2280 5113 2438 5170 enim
2487 5112 2586 5167 ille
2635 5119 2724 5166 est
2755 5127 2956 5166 eorum
2988 5112 3088 5182 qui
3120 5127 3320 5182 supra,
3355 5117 3410 5166 et
3444 5113 3542 5184 qui
3577 5113 3732 5171 infra

2069 5209 2245 5260 sunt:
2299 5219 2481 5274 supra
2529 5195 2766 5272 quidem
2825 5205 3120 5274 parentes,
3173 5199 3324 5256 infra
3367 5199 3570 5258 liberi:
3606 5219 3732 5259 am-

2073 5295 2280 5349 borum
2327 5291 2511 5364 patris
2572 5295 2630 5344 et
2679 5288 2782 5344 lilii
2834 5290 3053 5358 primus
3106 5295 3196 5344 est
3245 5291 3504 5362 gradus:
3563 5291 3734 5350 liberi

2071 5384 2463 5454 praeferuntur
2533 5379 2593 5432 in
2644 5379 3068 5434 successione:
3131 5385 3403 5450 parentes
3461 5397 3594 5436 vero
3627 5399 3734 5453 po-

2070 5475 2252 5527 tiores
2301 5473 2442 5525 sunt
2489 5467 2609 5520 illis
2659 5467 2758 5538 qui
2811 5481 2878 5520 ex
2930 5467 3105 5522 latere
3154 5468 3422 5534 veniunt,
3477 5471 3734 5542 exceptis

2075 5561 2360 5616 fratribus
2437 5557 2808 5627 fratrumque
2891 5555 3062 5612 ﬁliis:
3121 5555 3206 5610 illi
3268 5558 3484 5626 quibus
3541 5563 3734 5632 partes

3336 5683 3408 5744 31
