4124 6398
339 227 454 289 971

343 356 530 414 Αίτεῖν
564 356 661 431 μὶν
692 354 1028 431 διακατοχήν
1060 351 1357 429 ἰπίτροπος
1386 353 1590 429 ἴσχύει,

341 448 606 501 ’Υποῦσαν
638 446 1009 521 παραιτεῖσθαι
1043 441 1101 497 δὶ
1129 444 1194 498 ού
1226 440 1446 497 δύναται
1476 440 1576 498 κᾶν
1616 444 1782 505 ὅλως.

342 539 569 605 Ηρῶτος
602 533 808 610 βαθμὸς
838 532 905 586 ού
936 533 1140 610 πέφυκε
1168 536 1267 587 τοῦ
1296 531 1358 587 ἐκ
1379 532 1621 607 πλαγίοτ
1647 530 1855 607 γὲνους,

340 623 525 684 Μόνος
555 623 659 699 γὰρ
692 623 850 684 οὗτος
881 622 1086 700 πέφυκε
1115 624 1225 675 τῶν
1260 622 1391 690 ἄνω,
1425 623 1515 675 καὶ
1542 626 1651 676 τῶν
1678 620 1848 688 κάτω,

338 715 462 769 Τῶν
494 708 605 766 ἄνω
651 711 745 784 μὲν
782 712 833 765 οἱ
866 712 1150 789 φύσαντες,
1185 711 1237 764 o't
1268 710 1461 785 φύντες
1489 708 1547 765 δὲ
1574 714 1681 764 τῶν
1709 710 1878 773 κάτω,

341 802 581 879 Ἀμφοῖν
646 797 704 855 δὲ
759 798 947 856 τέκνου
1002 799 1092 854 καὶ
1146 799 1351 874 πατρὸς
1408 795 1565 860 ὄντος
1635 799 1848 874 βαθμοῦ
1905 800 2000 852 τοῦ

1660 889 1925 964 [πρώτου,

339 980 409 1037 Οἱ
440 975 633 1042 παῖδες
656 976 1085 1053 προτετίμηνται
1118 976 1195 1039 εἷς
1225 977 1324 1046 τήν
1356 976 1754 1052 κληρονομίαν,

341 1069 409 1126 Οἱ
442 1064 499 1122 δὶ
527 1071 703 1143 γονεῖς
730 1066 1069 1142 τυγχάνουσι
1098 1070 1309 1143 πρῶτοι
1340 1067 1448 1121 τῶν
1481 1064 1801 1142 ἑκπλαγίου,

339 1155 726 1231 Ἐξηρημὲνων
758 1153 1009 1234 ἀδελφῶν
1041 1156 1128 1209 καὶ
1173 1159 1279 1209 τῶν
1315 1152 1757 1233 ἀδελφοπαίδων,

343 1244 438 1310 οἷς
470 1242 614 1319 μέλη
645 1243 1024 1321 περισσεύουσι
1054 1240 1245 1306 παῖδες
1277 1243 1407 1299 εῗσὶν
1441 1243 1685 1307 εἶκότως.

342 1332 637 1413 Κεφαλικῷ
667 1336 702 1403 ἡ
736 1332 928 1409 ἔγκυος
959 1330 1488 1409 ἐγκαταδικασθεῖσα.

338 1422 666 1497 Ἐλεύθερον
700 1422 814 1479 υίὸν
845 1427 1025 1498 γεννᾷ,
1060 1418 1214 1493 δόξαν
1250 1420 1394 1477 οὕτω
1425 1427 1543 1484 τοῖς
1571 1421 1785 1494 νόμοις.

345 1514 504 1567 Θείου
536 1511 748 1569 δικαίου
778 1512 1007 1590 πέφυκεν
1040 1506 1156 1567 ἔνια
1181 1516 1289 1567 τῶν
1322 1512 1687 1587 πραγμάτων,

334 1601 427 1664 Ὠς
456 1602 595 1678 ἱερὰ,
628 1602 719 1657 καὶ
753 1603 1026 1674 μνήματα,
1059 1600 1147 1656 καὶ
1176 1600 1395 1676 πόρται,
1427 1601 1517 1655 καὶ
1546 1600 1749 1676 τειχία,

334 1688 522 1748 ’Άλλα
551 1687 608 1747 δέ
637 1690 769 1746 εἶσιν
803 1691 1140 1767 ἀνθρώπινα,
1174 1689 1209 1744 ’ἀ
1237 1688 1304 1759 δὴ
1336 1689 1426 1744 καὶ
1455 1690 1670 1762 τᾶμνων
1709 1686 1888 1759 καλεῖ,

336 1779 412 1834 Τὰ
445 1780 538 1853 μὲν
568 1781 643 1844 ὡς
674 1777 948 1853 ἴδιωτικᾶ,
979 1781 1048 1834 τὰ
1078 1776 1135 1834 δὶ
1167 1775 1411 1852 δημόσιά
1437 1800 1580 1849 πως,

339 1873 515 1924 Ταῦτα
576 1870 669 1942 μὲν
729 1875 830 1938 τῆς
886 1870 1325 1941 κοινωνήματος,
1357 1868 1425 1923 τὰ
1478 1872 1671 1943 πρῶτα
1723 1870 1831 1923 τῶν
1881 1868 1998 1922 καθ’

1790 1952 1924 2027 [ἕνα.

342 2045 441 2109 El;
468 2044 677 2118 πόρνην
704 2042 851 2107 δόσις
881 2042 1113 2118 ἄσεμνος
1147 2040 1382 2121 ἕρῥωται
1409 2044 1546 2100 κατὰ
1573 2044 1800 2118 νόμους,

342 2136 459 2205 Τὴν
492 2131 538 2189 δ’
566 2132 882 2210 ἆρῥωμένην
918 2132 1149 2208 δωρεὰν,
1183 2131 1297 2188 οὐδ’
1329 2133 1678 2208 αὐτοκράτωρ
1709 2134 1887 2193 παύει.

344 2222 522 2279 Πάντα
555 2222 648 2297 μὶν
682 2224 1086 2299 χρησιμώτατα
1112 2224 1180 2279 τὰ
1211 2222 1439 2285 Λεόντος
1476 2217 1684 2299 βιϐλία.

342 2311 751 2388 ΙΙολύχρησ-τον
786 2310 844 2367 δὲ
874 2312 1076 2390 πέφυκε
1099 2312 1307 2367 τούτων
1336 2313 1399 2366 τὸ
1429 2310 1765 2385 τελευταῖον,

340 2405 447 2470 Τῆς
477 2401 783 2478 συγγενείας
816 2402 867 2456 οἱ
898 2402 1095 2477 βαθμοὶ
1134 2406 1434 2477 σταυρικῶς
1467 2403 1861 2477 γεγραμμένοι,

342 2492 490 2546 "Ave:
517 2491 604 2545 καὶ
638 2492 808 2562 κάτω,
838 2489 1089 2557 δέσποτα,
1119 2488 1337 2566 διχόθεν
1372 2488 1417 2544 δ’
1452 2490 1509 2545 ἐκ
1540 2489 1806 2564 πλαγίου,

339 2576 668 2649 Δηλώσουσί
725 2600 809 2634 σοι
867 2578 997 2642 τοὺς
1056 2580 1321 2654 βαθμοὺς,
1374 2577 1500 2639 τοὺς
1556 2578 1828 2655 πρώτους,
1871 2577 2001 2641 τοὺς

1619 2667 1927 2743 [ἐσχάτους,

342 2754 452 2811 Κᾶν
529 2754 705 2820 οὕτως
770 2757 884 2830 (17)
956 2755 1333 2833 παραγράφεις
1406 2755 1625 2819 τούτοις
1702 2755 1848 2828 ἅναξ,
1907 2757 1998 2812 τὸν

1692 2846 1927 2921 [στίχον,

336 2931 692 2991 Εύσύνοπτον
731 2935 950 3005 ποιήσει
981 2954 1065 2989 σοι
1090 2934 1188 3003 τήν
1220 2938 1420 3008 γνῶσιν
1454 2935 1564 2988 τῶν
1590 2936 1925 3013 γραφέντων.

334 3023 489 3079 Μάθε
518 3022 608 3077 καὶ
631 3023 724 3078 τὸν
761 3023 1094 3096 ζητούμενον
1128 3025 1369 3100 σήμερον
1400 3022 1565 3079 πλέον
1600 3024 1789 3096 νόμον.

334 3112 433 3170 ’ον
466 3114 495 3168 ὁ
522 3107 830 3188 πρεσϐύτης
858 3113 1134 3186 Ῥωμανὸς
1169 3112 1445 3188 εἰσήνεγκε
1478 3118 1559 3185 τῷ
1594 3113 1717 3187 βίῳ,

335 3201 527 3265 Οὕτως
559 3202 650 3257 καὶ
680 3201 783 3277 γὰρ
819 3200 1064 3258 ἐκώλυσε
1093 3200 1189 3266 τὰς
1218 3202 1440 3277 πράσεις
1472 3206 1590 3265 τοῖς
1622 3203 1930 3277 χωρήταις,

329 3472 636 3529 abundant
682 3475 834 3528 recte
886 3470 990 3526 lilii
1041 3474 1199 3526 sunt.
1254 3470 1569 3541 Praegnans
1602 3468 1811 3526 ultimo
1843 3487 1986 3541 sup-

330 3559 508 3634 plicio
558 3559 860 3627 damnata,
910 3557 1165 3614 liberum
1218 3555 1406 3612 ﬁlium
1443 3555 1617 3629 parit,
1649 3555 1732 3611 ita
1769 3554 1989 3628 placuit

327 3649 582 3723 legibus.
628 3645 935 3703 Nonnulla:
990 3661 1081 3702 res
1131 3644 1313 3701 divini
1354 3645 1511 3717 juris
1551 3648 1710 3713 sunt,
1745 3650 1809 3701 ut
1837 3648 1985 3701 tem-

331 3736 449 3810 pla,
480 3738 887 3805 monumenta,
921 3739 1123 3807 portae,
1159 3734 1336 3789 muri.
1361 3732 1500 3790 Alias
1524 3738 1665 3790 sunt
1692 3734 1982 3805 humanae,

328 3843 454 3899 qua
502 3825 585 3882 ita
639 3824 1023 3881 dividuntur:
1085 3824 1354 3896 quadam
1414 3824 1671 3896 privatae,
1715 3824 1982 3896 quaedam

327 3914 597 3989 publica.
630 3914 725 3970 Has
754 3921 894 3970 sunt
923 3911 1343 3980 universitatis,
1378 3912 1577 3985 primm
1605 3929 1737 3969 vero
1772 3912 1981 3969 unius-

325 4006 636 4077 cujusque.
688 4002 975 4060 Meretrici
1027 4002 1181 4058 facta
1238 4001 1552 4057 inhonesta
1600 4004 1839 4059 donatio
1889 4020 1979 4059 se-

321 4095 585 4151 cundum
637 4094 797 4167 leges
855 4091 1025 4149 valet.
1086 4091 1475 4149 Donationem
1534 4097 1689 4148 recte
1764 4093 1978 4149 factam

322 4199 513 4255 neque
569 4182 893 4254 imperator
946 4181 1253 4237 rescindit.
1304 4181 1467 4237 Certe
1515 4197 1720 4238 omnes
1775 4181 1977 4238 Leonis

1452 205 1598 283 'An
1642 222 1861 283 MICH.
1907 221 2182 283 PSELLI
2226 221 2613 283 SYNOPSIN

2024 359 2078 423 Α
2105 352 2208 414 Τὰς
2237 353 2376 426 πρὸς
2409 350 2619 428 μεγάλα
2642 350 2914 425 πρόσωπα
2947 351 3011 407 τὸ
3039 357 3259 427 πρῶτον
3290 351 3606 428 γινομίνας,

3641 226 3763 285 972

2110 440 2339 504 Τούτοις
2366 441 2465 516 γὰρ
2498 441 2810 516 ἀπετείχισε
2842 440 3007 517 μέχρὶ
3028 442 3116 496 καὶ
3150 446 3257 496 τῶν
3290 440 3559 518 ἐσχάτων,

2111 531 2441 606 Χωρητικήν
2476 530 2797 606 ἀγροικικῆν
2831 529 2979 593 ὅλως
3011 532 3309 601 κτήσασθαι
3339 539 3554 603 κτῆσιν,

2109 624 2171 674 Ἣ
2205 620 2428 694 ἀγοραῖς
2458 621 2491 690 ἢ
2526 617 2755 693 δωρεαῖς
2787 619 2822 688 ἢ
2854 620 2944 673 καὶ
2976 617 3387 693 κληροδοσίαις.

2109 708 2464 785 Ἀντιστροφή
2493 708 2583 762 καὶ
2612 709 2714 783 γὰρ
2746 707 2932 770 αὐτοῖς
2964 708 3260 785 ἀνάργυρος
3285 708 3514 785 ἐτάχθη.

2110 799 2216 854 Καὶ
2249 802 2367 861 τοῖς
2391 795 2653 863 πωλῆσαι
2688 795 2954 870 μέλλουσι
2983 803 3092 853 τῶν
3126 803 3381 874 χωριτῶν
3411 799 3567 855 ἐνίων

2108 887 2216 955 Τὴν
2249 893 2439 957 κτῆσιν
2471 888 2572 955 τὴν
2605 885 2862 958 ἀκίνητον
2889 888 2951 956 ἣν
2985 882 3150 962 ἔσχον
3180 889 3233 942 ἒν
3262 889 3515 966 χωρίοις,

2110 974 2352 1032 Δὲδωκεν
2387 975 2461 1037 είς
2494 975 2754 1046 ἑξώνησιν
2785 975 2919 1038 τοὺς
2945 977 3516 1053 συμπαρακειμὲνους,

2109 1068 2203 1120 Ὧν
2229 1070 2445 1139 πρῶτον
2482 1066 2577 1138 μὲν
2607 1065 2658 1119 οἱ
2688 1065 2936 1138 κείμενοι
2966 1070 3075 1121 τῶν
3109 1067 3378 1143 συγγενῶν
3399 1065 3661 1139 πλησίον,

2108 1156 2244 1213 Μεθ’
2278 1153 2369 1218 οὓς
2401 1155 2453 1209 οἱ
2488 1155 2649 1228 μόνον
2679 1154 2874 1229 ἀναμὶξ
2901 1155 3122 1218 τούτοις
3154 1151 3624 1232 συμϐεϐλημένοι,

2109 1244 2208 1298 Καὶ
2244 1244 2357 1317 μετ’
2390 1242 2586 1305 αὐτοὺς
2618 1240 2909 1317 ὁμοτελεῖς
2938 1247 3525 1320 συμπαρατεθειμὲνοι,

2110 1333 2245 1390 Μεθ’
2276 1331 2368 1395 οὓς
2402 1333 2452 1387 οἱ
2488 1333 2638 1408 μέρει
2672 1334 2955 1389 συναπτοί’
2984 1333 3136 1388 οὗτοι
3168 1333 3274 1410 γὰρ
3302 1334 3660 1409 τελεόταίων,

2108 1421 2452 1494 Τυγχάνουσι
2487 1417 2534 1473 δ’
2564 1421 2850 1493 ὁμοτελεῖς
2882 1421 2956 1481 ὡς
2985 1417 3149 1497 ἤρεσε
3170 1427 3292 1485 τοῖς
3320 1423 3535 1496 νόμοις,

2108 1510 2282 1582 Ὁμοῦ
2312 1507 2504 1572 πάντες
2539 1510 2590 1564 οἱ
2624 1516 2724 1578 τῆς
2756 1510 2927 1575 αὐτῆς
2963 1510 3237 1587 ὑποταγῆς
3267 1511 3552 1587 τυχύντες,

2110 1598 2219 1655 Κᾶν
2255 1597 2528 1676 διαφόρων
2562 1592 2733 1674 ἔχωσι
2765 1596 3077 1672 τελέσματα
3103 1600 3333 1656 τοπίων.

2108 1688 2169 1743 Ὀ
2203 1684 2259 1741 δὲ
2287 1692 2801 1763 πορφυρογέννητος
2832 1686 3121 1753 Βασίλειος
3152 1686 3442 1762 δεσπότης,

2105 1780 2230 1838 Τοῖς
2260 1772 2507 1839 δυτατοῖς
2537 1772 2826 1831 ἀπέκλεισε
2856 1781 3027 1831 πᾶσαν
3061 1776 3224 1854 ῗσχὺν
3256 1784 3351 1834 τοῦ
3376 1778 3601 1856 χρόνου,

2109 1861 2213 1921 Κᾶν
2247 1862 2421 1927 εἷ’ποις
2449 1866 2868 1940 τεσσαράκοντα,
2901 1863 2995 1920 κᾶν
3030 1864 3204 1929 εἷ’ποις
3235 1865 3316 1930 δὶς
3343 1870 3659 1944 τοσούτους,

2109 1954 2336 2009 ’Δπεῖπε
2368 1951 2424 2009 Si
2450 1959 2569 2018 τοῖς
2598 1951 2847 2017 δυνατοῖς
2878 1956 3043 2028 τιμὰς
3075 1951 3502 2030 ἀναλαμϐάνειν,

2107 2045 2202 2098 Ὧν
2236 2040 2363 2106 ἴσως
2395 2046 2704 2120 ἠγοράκασι
2734 2042 2794 2099 ἐκ
2822 2050 3081 2120 χωριτῶν
3114 2046 3344 2120 τοπίων,

2106 2134 2204 2186 Τὸν
2239 2132 2407 2205 νόμον
2434 2130 2481 2187 δ’
2510 2131 2829 2188 ἀντανέλυσε
2848 2137 3039 2188 τοῦτον
3072 2134 3180 2190 ἀπὸ
3208 2140 3306 2191 τοῦ
3336 2137 3583 2209 πάππου,

2108 2224 2216 2292 Τὴν
2244 2229 2415 2278 πᾶσαν
2448 2217 2595 2298 ἔχειν
2634 2220 2864 2297 δύναμιν
2902 2228 3009 2278 τῶν
3044 2221 3512 2302 διηγορευμὲνων.

2111 2311 2174 2368 Εἰ
2206 2308 2264 2366 δὲ
2292 2331 2431 2373 τινες
2462 2315 2569 2366 τῶν
2600 2316 2858 2387 χωριτῶν
2889 2310 3149 2388 εύκτήρια
3176 2311 3458 2378 τελοῦντες

2113 2399 2354 2479 Κλῆσεις
2387 2400 2734 2473 ἐπιτεθήκασι
2765 2402 2980 2464 τούτοις
3019 2405 3425 2478 μοναστηρίων,

2111 2488 2393 2545 Κίντεῢθεν
2426 2489 2854 2567 ἐκπροφάσιστον
2885 2492 3063 2565 ὁρμὴν
3097 2491 3479 2570 ὲφευρηκότες,

2109 2582 2225 2632 Τῶν
2255 2576 2567 2633 ἐπισκόπων
2594 2576 2727 2633 ἔνιοι
2761 2578 3025 2654 ἐκράτησε
3053 2582 3144 2636 τὸν
3173 2581 3362 2653 τόπον,

2112 2667 2407 2741 Ἐναίρεσιν
2440 2671 2475 2737 ἡ
2510 2668 2669 2735 νεαρά
2705 2667 2913 2723 τούτων
2944 2671 3159 2725 πάντων
3191 2677 3451 2746 ποιεῖται,

2113 2756 2210 2810 Καὶ
2243 2754 2409 2810 πάλιν
2441 2754 2744 2812 ἀποδίδωσι
2777 2757 2870 2819 τὰς
2899 2761 3118 2829 κτήσεις
3145 2765 3263 2824 τοῖς
3296 2763 3583 2838 χωρίταις.

2110 2843 2183 2902 Ei’
2208 2843 2255 2899 δ’
2287 2845 2419 2908 ἴσως
2454 2844 2836 2917 ἕπηυξήθησαν
2869 2848 2923 2901 αἱ
2954 2850 3171 2919 κτήσεις
3204 2851 3259 2905 αἱ
3289 2857 3558 2924 τοιαῦται,

2110 2933 2323 2990 Πολλοί
2358 2956 2415 2991 τε
2445 2935 2793 3012 ἀπεκάρησαν
2822 2938 2931 2992 τῶν
2964 2940 3476 3014 πεπληστιακότων,

2111 3022 2384 3087 Ἐπίδοσίς
2412 3046 2495 3088 τις
2525 3024 2715 3101 γέγονε
2744 3028 2954 3082 τούτων
2986 3032 3093 3083 τῶν
3126 3028 3448 3106 εὐκτηρίων,

2031 3115 2073 3181 C
2113 3113 2283 3168 Ὀκτὼ
2312 3114 2403 3168 καὶ
2438 3112 2565 3169 δέκα
2598 3120 2855 3192 μοναχῶν
2888 3115 3104 3180 τούτοις
3146 3119 3550 3196 άποκαρὲντων,

2114 3202 2328 3257 Τούτων
2367 3201 2519 3259 οὐδὶν
2552 3204 2794 3281 ἀνῄρητο
2825 3202 3010 3269 καλῶς
3043 3207 3403 3282 ὁνομοθέτης.

3362 3302 3520 3359 Vere.
3559 3304 3693 3360 1394

2096 3470 2320 3526 statuit.
2356 3472 2519 3537 Quod
2556 3472 2601 3528 si
2634 3473 2851 3531 vellent
2883 3474 3123 3546 quidam
3161 3479 3366 3534 rustici
3401 3480 3765 3539 immobilem

2097 3558 2433 3630 praedialem
2453 3561 2889 3632 possessionem
2910 3565 3180 3635 vendere,
3197 3566 3767 3642 circumadjacentes

2094 3650 2167 3704 ad
2229 3649 2589 3722 emptionem
2645 3653 2901 3709 vocavit:
2960 3654 3222 3725 primum
3284 3658 3524 3730 quidem
3583 3661 3769 3734 positi

2095 3743 2257 3807 sunt,
2290 3740 2540 3810 cognati,
2574 3740 2785 3797 deinde
2820 3743 2923 3815 qui
2956 3745 3290 3816 promiscue
3314 3763 3451 3805 cum
3477 3748 3598 3807 illis
3621 3768 3765 3823 pos-

2093 3829 2390 3887 sessiones
2440 3830 2635 3899 habet,
2685 3836 2745 3887 et
2794 3838 2927 3905 post
2973 3833 3106 3890 illos
3155 3836 3256 3908 qui
3300 3838 3504 3895 eadem
3539 3841 3765 3901 tribute

2092 3920 2414 3991 pendentes
2447 3919 2848 3993 circumpositi
2880 3926 3041 3989 sunt,
3070 3925 3312 3982 tandem
3335 3930 3439 3999 qui
3466 3945 3570 4000 pro
3594 3936 3764 4003 parte

2089 4007 2265 4064 vicini
2296 4013 2457 4080 sunt,
2489 4008 2573 4064 illi
2613 4009 2771 4066 enim
2807 4010 3025 4068 ultimi.
3060 4012 3356 4072 Vocantur
3386 4034 3519 4075 vero
3559 4019 3761 4091 ὁμοτε-

2091 4093 2227 4169 λεῖς,
2264 4101 2327 4152 ut
2358 4097 2588 4170 legibus
2639 4097 2881 4171 placuit,
2909 4100 3007 4173 qui
3040 4101 3221 4160 simul
3253 4105 3524 4176 ejusdem
3556 4108 3761 4181 subje-

2090 4186 2303 4242 ctionis
2354 4190 2520 4255 sunt,
2551 4185 2689 4243 licet
2717 4205 2821 4260 pro
2856 4189 3105 4248 diversis
3136 4190 3284 4251 locis
3312 4200 3373 4251 et
3416 4196 3615 4253 fundis
3649 4199 3757 4255 tri-

320 4271 454 4329 libri
504 4270 761 4327 multum
814 4270 991 4327 utiles
1039 4275 1198 4340 sunt,
1247 4270 1491 4327 ultimus
1533 4287 1665 4327 vero
1726 4272 1977 4327 maxime
2009 4257 2054 4321 D
2085 4273 2230 4330 buta
2277 4275 2557 4347 pendant.
2612 4280 2687 4332 At
2718 4257 3021 4335 dominus
3070 4280 3324 4339 Basilius
3355 4283 3415 4340 in
3452 4286 3748 4360 Porphyra

319 4360 522 4417 utilis:
572 4378 709 4417 nam
741 4362 801 4416 in
836 4377 901 4416 eo
929 4360 1464 4433 consanguinitatis
1494 4362 1715 4433 gradus
1756 4361 1817 4416 in
1851 4378 1979 4417 mo-
2089 4369 2287 4432 natus,
2337 4364 2766 4437 potentioribus
2819 4384 2993 4425 omne
3046 4373 3326 4443 temporis
3376 4375 3557 4431 robur
3602 4391 3749 4447 prea-

314 4452 453 4507 dum
511 4450 704 4507 crucis
761 4449 1042 4522 descripti
1115 4456 1292 4505 sunt:
1351 4467 1553 4522 supra,
1603 4455 1661 4505 ct
1710 4451 1882 4505 infra.
1932 4450 1975 4506 Ο
2087 4452 2287 4521 clusit,
2340 4453 2455 4508 sive
2506 4471 2693 4511 annos
2743 4457 3141 4530 quadraginta
3198 4462 3381 4535 dicas,
3441 4464 3562 4521 sive
3617 4464 3751 4522 illos

317 4539 576 4608 domine,
601 4539 903 4613 bipartito,
944 4545 999 4594 et
1021 4555 1090 4594 ex
1128 4540 1323 4606 latere,
1351 4539 1847 4595 demonstrabunt
1867 4540 1975 4595 tibi

317 4629 538 4702 gradus
568 4628 790 4702 primos
819 4633 875 4685 et
913 4626 1174 4699 ultimos,
1208 4643 1356 4699 quos
1390 4627 1437 4681 si
1469 4625 1621 4700 quis,
1649 4645 1681 4684 ο
1728 4643 1847 4696 rex,
1881 4628 1974 4683 his

311 4719 583 4775 versibus
658 4716 1063 4790 adscripserit,
1142 4716 1497 4791 scriptorum
1577 4716 1843 4772 notitiam
1913 4717 1971 4773 in

310 4808 710 4882 pulcherrimo
741 4806 1090 4879 compendio
1125 4805 1228 4861 tibi
1262 4805 1444 4861 dabit.
1480 4804 1649 4861 Disce
1690 4805 1885 4873 hodie,
1918 4811 1975 4862 et

311 4898 448 4955 audi
496 4900 965 4971 perscrutantem
1018 4894 1204 4967 legem
1239 4912 1413 4967 quam
1449 4895 1646 4951 senior
1678 4896 1972 4953 Romanus

302 4987 505 5043 vivens
551 4987 856 5058 exposuit:
910 4985 1007 5040 Sic
1065 4983 1224 5041 enim
1281 4983 1546 5039 cohibuit
1603 4984 1969 5042 venditiones

306 5093 341 5132 a
386 5075 627 5131 rusticis
672 5076 838 5147 prius
887 5073 1157 5146 personis
1206 5071 1541 5129 illustribus
1593 5074 1817 5130 factas:
1851 5074 1970 5131 illis

305 5180 496 5236 usque
529 5165 601 5219 ad
633 5164 910 5219 ultimum
944 5160 1270 5234 prohibuit,
1304 5161 1523 5233 praedia
1554 5167 1611 5218 et
1653 5180 1845 5235 agros,
1878 5175 1967 5230 vel

300 5252 621 5324 emptione,
654 5252 743 5309 vel
774 5252 1097 5322 dotatione,
1129 5250 1213 5306 vel
1242 5252 1616 5309 successione
1637 5254 1962 5326 acquirere,

306 5345 366 5397 et
386 5341 819 5398 restitutionem
843 5341 1023 5398 etiam
1050 5357 1170 5399 non
1196 5345 1501 5399 numerato
1524 5344 1711 5415 pretio
1731 5343 1967 5402 villanis

383 5542 590 5617 (1mm
619 5563 724 5605 τις.

2086 4541 2353 4614 duplices
2381 4559 2393 4597 :
2428 4547 2485 4600 et
2515 4544 2821 4617 prohibuit
2850 4548 3288 4619 potentioribus
3324 4553 3586 4626 recipere
3616 4571 3756 4627 pre-

2084 4630 2166 4687 tia
2195 4648 2471 4705 agrorum
2505 4650 2655 4706 quos
2687 4634 2973 4692 avillanis
2996 4644 3268 4696 emerunt
3295 4658 3307 4698 :
3331 4641 3493 4699 illam
3519 4660 3652 4701 vero
3676 4643 3758 4701 le-

2083 4737 2215 4793 gem
2247 4739 2281 4777 a
2311 4739 2524 4793 proavo
2559 4725 2832 4792 retexuit,
2858 4725 3188 4784 edictorum
3213 4746 3449 4788 omnem
3473 4733 3757 4791 virtutem

2084 4811 2439 4868 habituram.
2474 4812 2535 4868 Si
2567 4814 2808 4886 quidam
2844 4815 3049 4872 rustici
3085 4820 3340 4877 oratoria
3362 4822 3747 4895 aediﬁcantes,

2082 4900 2201 4956 illis
2224 4902 2461 4958 nomina
2483 4903 2982 4959 monasteriorum
3008 4905 3443 4982 imposuerunt,
3466 4914 3749 4973 etdeinde

2081 4990 2319 5063 quidam
2370 4990 2631 5063 episcopi
2678 4993 2944 5065 specioso
2989 4997 3248 5067 quodam
3282 4999 3503 5073 impetu
3536 5004 3744 5075 delati,

2081 5077 2274 5134 locum
2325 5077 2382 5133 in
2431 5095 2599 5135 suam
2649 5084 3001 5151 potestatem
3050 5085 3366 5159 redigunt:
3400 5089 3502 5146 illa
3541 5095 3740 5151 omnia

2082 5166 2313 5223 novella
2360 5168 2627 5240 sustulit,
2683 5174 2743 5225 et
2786 5188 2997 5228 rursus
3045 5178 3450 5246 possessiones
3500 5183 3742 5242 rusticis

2079 5256 2294 5313 reddit.
2348 5258 2511 5322 Quod
2544 5258 2595 5315 si
2628 5265 2809 5316 auctis
2842 5261 2962 5317 sint
2994 5262 3104 5319 illas
3135 5269 3564 5339 possessiones,
3600 5289 3745 5332 cum

2080 5346 2252 5402 multi
2304 5346 2480 5403 vicini
2527 5347 2586 5404 in
2638 5348 2756 5407 illis
2797 5350 2955 5408 tonsi
2987 5351 3129 5422 sint,
3161 5359 3220 5411 et
3249 5356 3489 5417 donatio
3528 5361 3744 5421 collata
