4124 6396
408 443 569 506 1009

1605 435 1710 495 DE
1756 432 2164 497 ACTIONUM
2209 431 2671 494 NOMINIBUS.

3679 419 3838 481 1010

408 576 665 650 εὐμαρῶς
725 573 908 648 γνοίη,
972 572 1048 644 μή
1127 569 1382 644 γλώττης
1461 563 1793 622 διδασκάλου
1856 565 2064 640 τυχὼν,

2189 565 2610 638 quaestionibus
2643 561 2848 650 ejectio
2899 565 2957 615 et
3001 557 3288 631 epobelia,
3319 559 3374 612 et
3405 554 3670 626 quaedam
3716 552 3836 609 alia

409 663 554 721 οὕτω
623 660 689 732 δὴ
762 662 851 716 καὶ
909 659 1057 736 παρᾶ
1108 664 1227 723 τοῖς
1283 658 1332 712 ἐν
1395 655 1700 718 πολιτείαις
1761 657 2068 729 ζητήμασιν

408 752 639 827 ἐξούλης
669 753 761 808 καὶ
809 745 1109 818 ἐπωϐελία,
1142 749 1232 804 καὶ
1289 745 1418 803 ἄλλ’
1466 744 1598 802 ἄττα
1654 746 1896 818 ὀνόματα
1951 750 2068 807 τοῖς

407 845 537 918 παρ’
568 843 817 903 ἑκάσταις
844 843 953 895 τῶν
993 836 1290 894 πολιτειῶν
1320 837 1627 913 γνώρισμα.

486 929 1017 1011 β’.1]εφιλοτίμηται
1047 929 1149 1004 γὰρ
1178 931 1269 982 νῦν
1302 929 1437 999 ἡμῖν
1476 927 1549 998 μὴ
1580 925 1680 995 τὴν
1713 921 2066 1002 δικογραφίαν

411 1022 580 1098 μόνην
617 1019 968 1090 ἐνδείξασθαι,
1002 1017 1148 1073 ἀλλὰ
1176 1015 1265 1072 καὶ
1306 1014 1359 1069 εἷ’
1398 1036 1450 1069 τι
1499 1011 1642 1069 ἄλλο
1691 1011 1866 1087 ὄνομα
1920 1014 2069 1087 παρά

403 1117 524 1175 τοῖς
554 1111 826 1170 Ἀττικοῖς
884 1107 1110 1177 σύνηθες
1168 1105 1256 1174 ἦν,
1317 1106 1432 1158 οἷον
1490 1104 1558 1157 τὰ
1614 1102 1917 1176 ἀπατούρια
1974 1099 2064 1155 καὶ

404 1201 472 1257 τὰ
529 1196 901 1278 ἀμφιδρόμια,
952 1195 1044 1251 καὶ
1104 1195 1155 1249 οἱ
1211 1190 1572 1268 τετραδισταὶ,
1623 1191 1713 1246 καὶ
1768 1192 1831 1246 τὸ
1886 1190 2064 1244 ἐπιτε-

401 1287 642 1363 λείωμα,
675 1287 767 1342 καὶ
813 1286 842 1341 ὁ
891 1283 1363 1361 ἀπεψηφισμίνυς,
1394 1279 1462 1336 τά
1516 1301 1575 1336 τε
1632 1279 1924 1355 ὑποφόνια,
1973 1278 2062 1333 καὶ

400 1379 470 1435 τὰ
499 1375 866 1454 ἀνδρολήψια.
897 1373 988 1430 καὶ
1035 1375 1064 1428 ὁ
1108 1372 1284 1448 Πάγος
1310 1372 1337 1427 ὁ
1367 1373 1608 1446 Ἄρειος,
1637 1369 1727 1424 καὶ
1773 1368 1914 1431 τίνες
1967 1367 2061 1441 μὲν

400 1468 454 1523 οἱ
483 1463 694 1534 ἕνδεκα,
725 1464 866 1527 τίνες
929 1460 987 1517 δὲ
1045 1461 1095 1516 oi
1140 1459 1443 1534 ἐπώνυμοι,
1470 1459 1560 1514 καὶ
1608 1457 1708 1513 ὅσα
1765 1455 1910 1512 ἄλλα
1960 1463 2061 1527 τῆς

399 1556 658 1627 τοιαύτης
688 1555 893 1632 πᾶφυκε
919 1551 1141 1624 τάξεως.
1174 1547 1351 1608 Ἀλλὰ
1388 1550 1606 1624 πρῶτόν
1661 1569 1725 1623 γε
1771 1546 1895 1623 περὶ
1951 1551 2059 1602 τῶν

402 1643 572 1702 δικῶν
601 1643 695 1700 τὸν
723 1643 890 1718 λόγον
916 1643 1245 1715 ποιήσομαι.

471 1761 536 1831 τ.
568 1753 637 1808 Τὸ
669 1749 727 1807 δὲ
754 1753 853 1817 τῆς
887 1747 1042 1821 δίκης
1076 1743 1252 1822 ὄνομά
1277 1746 1388 1801 ἐστι
1435 1746 1529 1820 μὶν
1586 1746 1674 1800 καὶ
1727 1748 1842 1800 οἷον
1899 1743 2053 1822 γένος

2183 656 2426 712 nomina
2455 653 2531 708 iis
2562 650 2662 723 qui
2684 649 2743 703 in
2767 647 3018 720 singulis
3050 647 3226 702 rebus
3244 641 3500 716 politicis
3519 644 3831 698 versantur

2180 744 2510 802 notissima.

2246 927 2300 977 2.
2335 921 2687 978 Curavimus
2717 919 2874 975 enim
2907 933 2979 973 ne
3017 915 3314 972 actionum
3366 910 3821 983 descriptionem

2175 1011 2550 1069 solummodo
2583 1004 3159 1074 ostenderemus,sed
3185 1007 3242 1059 et
3266 1001 3381 1058 alia
3401 999 3642 1056 nomina
3668 997 3825 1069 apud

2178 1101 2401 1157 Atticos
2433 1103 2737 1172 usurpata,
2763 1101 2827 1152 ut
2855 1099 2997 1152 sunt
3023 1098 3293 1165 apaturia
3313 1095 3369 1148 et
3391 1086 3826 1162 ampbidromia

2175 1196 2232 1248 et
2261 1190 2604 1256 tetradistte,
2647 1192 2706 1244 et
2752 1184 3125 1258 epiteleioma
3150 1185 3207 1237 et
3235 1178 3821 1252 apepsepbismenos,

2173 1285 2230 1338 et
2255 1279 2636 1354 hypophonia
2666 1281 2722 1333 et
2743 1274 3134 1344 androlepsia,
3168 1277 3224 1326 et
3245 1274 3584 1341 Areopagus
3613 1269 3671 1321 et
3701 1265 3824 1336 qui-

2173 1387 2312 1426 nam
2345 1373 2543 1425 essent
2573 1368 2796 1434 decem,
2828 1363 3074 1435 quinam
3103 1358 3399 1433 eponymi,
3432 1363 3491 1412 et
3537 1371 3816 1428 quascun-

2172 1477 2286 1534 que
2317 1460 2430 1517 alia
2468 1459 2648 1530 hujus
2681 1455 2905 1513 ordinis
2939 1456 3099 1510 sunt.
3131 1451 3244 1522 Sed
3295 1449 3485 1522 primo
3534 1446 3606 1502 de
3637 1443 3820 1500 actio-

2170 1551 2347 1607 nibus
2377 1550 2553 1606 verba
2583 1547 2816 1603 faciam.

2234 1750 2293 1804 3.
2317 1746 2577 1803 Actionis
2607 1759 2821 1800 nomen
2853 1745 2944 1798 est
2971 1744 3257 1811 tanquam
3289 1733 3628 1808 genericum
3661 1748 3811 1787 cun-

397 1844 536 1901 κατᾶ
589 1845 773 1898 πασῶν
833 1839 1062 1916 ἀγωγῶν
1145 1836 1336 1908 ἐπίσης
1387 1833 1889 1912 κατηγορούμενον,
1943 1832 2051 1890 ἔστι

2189 1830 3215 1898 stisinstitutionibusattributum,et
3235 1829 3322 1882 est
3345 1822 3650 1896 proprium
3678 1836 3812 1893 pro-

399 1931 459 1990 δὲ
515 1933 603 1989 καὶ
665 1928 836 1986 ἱδικὸν
919 1928 1226 1993 ὑποθέσεως
1281 1921 1474 2000 ὄνομα.
1535 1909 1686 1982 ’.Επεὶ
1754 1926 1856 2000 γὰρ
1941 1929 2048 1981 τῶν

2189 1926 2474 1984 positionis
2497 1939 2734 1980 nomen.
2768 1921 3059 1992 Posquam
3097 1915 3254 1973 enim
3293 1913 3562 1986 quadam
3594 1909 3814 1980 injuria

395 2020 751 2096 ἀδικημάτων
792 2015 1016 2075 ἕκαστον
1066 2016 1102 2086 ἢ
1161 2014 1429 2090 δημόσιον
1478 2015 1514 2084 ἢ
1563 2012 1836 2070 ἰδιωτικὸν
1881 2014 2050 2094 πέφυ-

2162 2015 2282 2072 sive
2314 2013 2569 2088 publica,
2621 2013 2740 2068 sive
2770 2010 2997 2081 privata
3036 2004 3297 2062 admissa
3325 2005 3435 2071 est,
3470 2000 3540 2055 de
3570 1997 3814 2070 privatis

392 2133 508 2183 κεν,
540 2089 733 2186 περὶ
762 2113 871 2164 τῶν
920 2105 1214 2162 ἰδιωτικῶν
1264 2102 1522 2181 ἕγκλησις
1581 2101 1703 2175 δίκη
1745 2104 1892 2182 παρὰ
1935 2089 2052 2168 τοῖς

2189 2104 2498 2160 ιιιίωἱοθῖὶο
2529 2101 2678 2158 actio
2710 2099 2866 2170 apud
2899 2095 3120 2153 Atticos
3161 2092 3524 2158 nominatur,
3566 2089 3814 2159 ejusque

391 2177 960 2274 Ἀττικοῖςλὲγεται,
993 2197 1082 2252 καὶ
1128 2197 1189 2250 τὸ
1245 2177 1466 2268 τίμημα
1520 2193 1722 2265 ταύτης
1778 2177 2054 2270 ὁρίζονται

2189 2211 2396 2250 ιωηοῐη
2428 2186 3173 2258 determinantjudicantes
3200 2207 3214 2249 ;
3248 2197 3428 2254 paena:
3461 2177 3618 2234 enim
3649 2191 3814 2230 men-

393 2293 447 2348 ol.
481 2290 792 2360 δικάζοντες
825 2308 837 2322 ⁸
867 2288 929 2343 ού
983 2286 1088 2362 γὰρ
1149 2283 1492 2360 ἆνάγραπτόν
1544 2282 1654 2338 ἐστι
1711 2284 1774 2338 τὸ
1832 2283 2052 2360 μέτρον,

396 2379 525 2438 ἀλλ’
557 2382 611 2435 oi.
642 2377 958 2440 διαιτῶντες
986 2377 1126 2450 πρὸς
1154 2375 1218 2430 τὸ
1270 2375 1473 2429 ἑαυτῶν
1509 2371 1772 2449 βούλημα
1825 2374 1921 2435 τὰς
1970 2396 2056 2428 τι..

398 2473 594 2546 μήσεις
646 2471 682 2540 ἢ
739 2465 1054 2546 ὑφαιροῦσιν
1114 2465 1148 2535 ἢ
1202 2459 1604 2540 προστιθέασιν.
1637 2463 1701 2519 Ἥ
1763 2459 1821 2517 δὲ
1873 2463 2055 2541 γραφή

391 2562 596 2636 τρόπον
647 2559 770 2614 τινὰ
814 2557 952 2634 πρὸς
1005 2556 1104 2623 τὴν
1140 2552 1294 2624 δίκην
1327 2550 1781 2624 ἀντιδιὲσταλται,
1808 2553 1898 2607 καὶ
1937 2551 2062 2628 περὶ

413 2648 695 2724 δημοσίων
783 2643 1138 2718 ἀδικημάτων
1209 2647 1619 2718 κατηγορεῖται,
1693 2644 1809 2697 οἷον
1889 2662 2062 2718 παρα-

411 2734 720 2818 πρεσϐείας,
753 2733 1083 2811 ἱεροσυλίας,
1114 2733 1204 2789 καὶ
1244 2730 1297 2788 εἷ’
1317 2754 1370 2788 τι
1401 2730 1548 2788 ἄλλο
1586 2731 1724 2804 πρὸς
1768 2731 1830 2787 τὸ
1885 2730 2062 2806 δημό-

413 2850 528 2885 σιον
558 2829 659 2897 τὴν
687 2824 956 2905 ἀναφορὰν
1004 2822 1228 2898 ἔλαχεν.
1262 2820 1560 2879 Ἀλλά·καὶ
1604 2824 1640 2890 ἡ
1687 2821 1824 2877 κατὰ
1877 2821 2062 2895 νόμων

415 2916 736 2992 εἶσαγομὲνη
807 2913 898 2970 καὶ
967 2910 1333 2991 ψηφισμάτων
1407 2907 1556 2980 δίκη,
1606 2912 1785 2989 γραφὴ
1855 2911 2065 2985 ὁμοίως

415 3007 848 3080 κατωνόμασται,
881 3002 991 3078 οὐχ
1019 3001 1210 3064 ἁπλῶς
1245 2999 1442 3073 οὕτως,
1475 2998 1622 3056 ἁλλὰ
1660 3001 1842 3078 γραφή
1890 3021 2064 3076 παρα-

414 3096 620 3170 νόμων.

485 3183 514 3242 δ
534 3231 545 3244 .
582 3187 727 3244 Ἐπεὶ
763 3183 820 3241 δὲ
855 3186 930 3260 μὴ
962 3185 1259 3256 τηνικαῦτα
1291 3183 1319 3236 ὁ
1347 3181 1520 3254 νόμος
1563 3178 1888 3255 ὑφήπλωτο,
1919 3177 2065 3234 ἀλλὰ

406 3273 578 3333 τῶνδε
611 3277 706 3350 μὲν
760 3280 866 3331 τῶν
897 3273 1331 3349 ’ἁμαρτημάτων
1390 3270 1648 3346 περιοχαί
1706 3290 1844 3331 τινες
1901 3269 2060 3339 ἦσαν,

406 3365 475 3422 τὰ
505 3363 564 3421 δὲ
592 3363 690 3420 οὐκ
737 3366 1131 3442 ἆνεγέγραπτο,
1162 3365 1198 3432 ἡ
1259 3359 1385 3435 περῗ
1428 3357 1618 3415 καινοῦ
1674 3380 1817 3420 τινος
1870 3355 2060 3429 ἀδική-

413 3476 582 3530 ματος
613 3453 886 3530 εἰσαγωγὴ
920 3451 1192 3526 δημοσίου
1228 3449 1434 3524 ὁμοίως
1485 3449 1572 3504 καὶ
1627 3445 1906 3503 ἰδιωτικοῦ
1956 3447 2060 3501 εἷσ-

409 3544 640 3621 αγγελία
703 3541 1147 3616 κατωνομάζετο.
1197 3536 1572 3616 Είσήγγελλον
1639 3535 1696 3592 δὲ
1743 3538 1845 3607 τὴν
1905 3535 2060 3607 δίκην

409 3635 546 3708 πρὸς
575 3635 674 3704 τὴν
712 3631 918 3708 βουλὴν
944 3629 1157 3693 ούδὲνες
1191 3628 1352 3686 ἄλλοι
1384 3629 1419 3699 ἢ
1453 3630 1506 3684 οἱ
1536 3626 1848 3702 πρυτάνεις.

485 3743 540 3798 ε’.
577 3739 785 3809 Εύθύνη
838 3736 896 3794 δὲ
949 3737 1095 3814 παρᾶ
1147 3736 1315 3792 ταῦτά
1372 3734 1512 3790 ἐστιν
1571 3737 1606 3804 ἡ
1656 3733 1792 3788 κατά
1830 3736 1936 3787 τῶν
1987 3733 2062 3806 μή

415 3830 592 3907 ὀρθῶς
625 3831 908 3906 ἀρχόντων
947 3835 1048 3898 τῆς
1097 3825 1316 3888 πόλεως
1362 3823 1642 3901 ἔγκλησις.
1675 3823 1758 3880 Τὰ
1815 3820 1872 3878 δὲ
1929 3824 2066 3877 κατά

411 3920 621 3976 τούτων
668 3916 993 3992 δικαστήρια
1039 3915 1337 3992 κληροῦσιν
1387 3915 1438 3969 οἱ
1486 3914 1743 3990 λογισταί
1779 3931 1792 3945 ⁸
1835 3933 2062 3986 κατηγο-

415 4015 500 4082 ρεῖ
555 4007 611 4065 δὲ
659 4009 687 4064 ὁ
749 4005 1114 4084 βουλόμενος,
1170 4006 1260 4060 καὶ
1335 4009 1454 4067 τοῖς
1530 4000 1805 4068 δικασταῖς
1861 4001 2063 4080 ἐφεῖται

411 4099 674 4173 τιμᾶσθαι
701 4101 819 4160 τοῖς
848 4093 1092 4152 ἁλοῦσιν.

487 4189 552 4252 ς’.
580 4188 642 4246 Ei
675 4183 733 4243 δέ
757 4207 840 4248 τις
870 4187 960 4241 τὸν
996 4183 1366 4260 ὑπορύττοντα
1405 4180 1671 4258 δημόσιον
1723 4181 1995 4258 μέταλλον
2028 4182 2062 4252 ἢ

415 4273 681 4350 δημόσιον
743 4275 890 4337 οἶκος
934 4271 1392 4347 ἐξιδιούμενον,ἣ
1443 4278 1625 4336 κακῶς
1681 4273 2065 4350 ἐπιτετροπευ-

413 4363 570 4438 κότα,
623 4365 840 4440 εῗσῆγεν
901 4364 979 4426 εἰς
1034 4361 1408 4436 δικαστήριον,
1467 4365 1495 4417 ὁ
1552 4367 1804 4424 τοιοῦτος
1860 4364 2064 4441 φαίνειν

415 4453 629 4530 ἐλέγετο
684 4455 777 4512 τὸν
825 4452 1064 4510 ἁλόντα·
1098 4452 1189 4506 καὶ
1235 4453 1270 4521 ἠ
1332 4448 1453 4522 δίκη
1503 4450 1738 4516 ἐντεῦθεν
1793 4451 2067 4527 ἐπονομα-

417 4548 476 4614 ζο
486 4545 620 4618 μὲνη
655 4545 813 4623 φάσις
842 4539 1292 4619 παρωνομάζετο.

491 4636 551 4704 ζ’.
586 4633 649 4690 Ei
680 4631 739 4690 δέ
764 4654 848 4696 τις
879 4631 1016 4688 κατὰ
1037 4632 1243 4704 νόμους
1268 4629 1518 4704 ἠτίμωτο
1548 4625 2068 4708 παραπρεσϐευκὼς,

418 4722 454 4793 ἢ
485 4722 878 4800 ἡταιρηκὼς,ἢ
917 4723 993 4796 μὴ
1026 4720 1306 4799 ὠφληκὼς
1327 4723 1409 4793 τῷ
1437 4717 1691 4794 δημοσίῳ
1719 4719 1781 4775 τὸ
1814 4716 2065 4798 ὄφλημα,

417 4811 455 4883 ἢ
485 4815 622 4869 κατᾶ
647 4817 756 4868 τῶν
791 4809 1225 4887 μετηλλαχότων
1276 4807 1477 4872 ἀδίκως
1520 4810 1696 4887 ἀφιεὶς
1741 4810 1852 4878 τὴν
1887 4807 2068 4886 γλῶτ-

415 4922 536 4975 ταν,
571 4903 648 4964 εἲς
703 4900 1052 4978 δικαστήριον
1111 4898 1296 4976 ἤγετο,
1355 4899 1571 4972 ἐνδείξει
1637 4899 1882 4955 ὑπέκειτο
1917 4917 1929 4931 ·
1980 4898 2070 4954 καὶ

416 4987 594 5068 ὄνομα
619 4996 690 5068 τῇ
719 4989 1028 5068 κατηγορίᾳ
1051 4991 1087 5060 ἡ
1119 4985 1364 5060 ἔνδειξις.

487 5177 558 5244 η’.
591 5173 654 5229 Ἥ
689 5167 747 5226 δὲ
778 5168 1051 5248 ἑφήγησις
1083 5167 1298 5224 ἓδίδοτο
1329 5170 1465 5224 κατὰ
1501 5171 1610 5224 τῶν
1662 5164 2070 5240 ὑποδεξαμένων

416 5262 510 5317 τὸν
544 5258 759 5337 φυγάδα
786 5266 890 5330 τῆς
935 5257 1154 5322 πόλεως
1180 5258 1216 5328 ἢ
1245 5263 1354 5314 τῶν
1403 5256 1751 5335 κεκλοφότων
1802 5255 2076 5332 λαθραίως

414 5354 646 5426 πρᾶγμα
673 5347 966 5422 δημόσιον.

485 5440 552 5496 θ’.
589 5438 720 5512 Ηερὶ
751 5435 809 5494 δὶ
840 5435 1220 5516 διαψηφίσεως
1268 5435 1357 5491 καὶ
1408 5434 1799 5513 ἀποψηφίσεως
1845 5434 1934 5490 καὶ
1984 5432 2075 5512 ἐφ-

415 5525 582 5588 ίσεως
615 5523 758 5580 οὕτω
802 5521 1097 5600 διαιρετέον
1144 5521 1235 5578 καὶ
1284 5524 1664 5596 ἑρμηνευτὲον.
1700 5520 1878 5578 Φυλαί
1933 5541 2076 5582 τινες

414 5612 550 5684 ἦσαν
608 5612 784 5670 πάλαι
835 5615 982 5690 παρὰ
1035 5617 1153 5678 τοῖς
1205 5614 1482 5674 ’Δττικοῖς
1551 5612 1642 5666 καὶ
1701 5613 1932 5690 φράτραι
1987 5611 2076 5665 καὶ

418 5701 590 5776 δῆμοι
622 5703 714 5759 καὶ
751 5702 1020 5778 τριττύες,
1051 5702 1142 5780 ἀφ’
1173 5703 1246 5757 ὧν
1294 5700 1384 5756 καὶ
1418 5701 1446 5756 ὁ
1476 5701 1710 5777 πρώτως
1761 5699 1922 5776 ἄρξας
1977 5705 2078 5768 τῆς

434 5789 638 5867 Ρώμης
694 5793 794 5862 τὴν
842 5791 1243 5866 καθισταμένην
1310 5790 1438 5868 παρ’
1484 5789 1650 5846 αὑτοῦ
1721 5787 1886 5847 πόλιν
1959 5783 2079 5844 ἐκό-

2166 2264 2307 2341 sura
2332 2283 2390 2338 in
2425 2286 2553 2338 acta
2584 2277 2819 2352 publica
2850 2293 2966 2331 non
2989 2271 3276 2329 translata
3322 2269 3434 2324 fuit
3453 2268 3555 2323 sed
3577 2264 3692 2338 ipsi
3715 2265 3812 2335 ju-

2168 2375 2326 2430 dices
2359 2389 2459 2444 pro
2484 2369 2727 2427 arbitrio
2759 2367 2877 2422 sive
2903 2364 3182 2419 minuunt
3210 2359 3330 2415 sive
3351 2357 3666 2428 adaugent.
3697 2355 3810 2408 Ac-

2169 2442 2393 2520 cusatio
2407 2465 2600 2518 autem
2624 2453 3058 2530 quodammodo
3071 2452 3144 2507 ab
3163 2448 3389 2505 actione
3409 2442 3815 2516 distinguitur,

2171 2559 2227 2610 et
2257 2552 2485 2623 injuriae
2517 2529 2764 2622 publicae
2795 2543 3099 2601 occasione
3124 2540 3319 2596 locum
3343 2532 3544 2602 habet,
3560 2538 3626 2589 ut
3662 2529 3817 2586 male

2172 2618 2352 2717 gestae
2387 2618 2722 2713 legationis,
2745 2631 3102 2705 templorum
3131 2623 3498 2700 spolationis,
3521 2626 3580 2677 et
3599 2621 3648 2677 si
3672 2618 3816 2691 quid

2174 2709 2332 2790 aliud
2367 2709 2746 2802 advpopulum
2771 2722 3030 2780 delatum
3054 2715 3367 2774 fuerit.Sed
3394 2711 3542 2768 actio
3565 2711 3637 2766 ob
3658 2709 3818 2781 leges

2174 2831 2277 2880 aut
2305 2799 2782 2877 decretaiviolata
2808 2813 3072 2878 inducta,
3095 2806 3366 2864 similiter
3395 2799 3695 2858 accusatio
3716 2815 3819 2853 no-

2175 2912 2402 2967 minata
2433 2912 2544 2973 est,
2567 2922 2683 2962 non
2706 2901 3058 2972 simpliciter
3078 2897 3338 2968 quidem,
3381 2892 3483 2949 sed
3525 2886 3819 2946 accusatio

2172 3003 2412 3074 propter
2438 2994 2685 3054 violatas
2713 2992 2894 3065 leges.

2243 3179 2298 3233 4.
2331 3175 2571 3241 Quando
2624 3174 2820 3227 autem
2872 3183 2988 3223 non
3046 3165 3138 3220 lex
3193 3162 3494 3218 substrata
3541 3159 3685 3223 erat,
3719 3154 3821 3210 sed

2177 3268 2420 3341 quidam
2455 3261 2920 3320 admittebantur
2940 3255 3246 3327 culparum
3280 3248 3560 3313 ambitus,
3585 3244 3687 3316 qui
3705 3258 3822 3299 non

2176 3333 2237 3411 in
2271 3359 2399 3410 acta
2418 3351 2720 3425 publicata
2736 3345 2904 3403 relati
2922 3334 3561 3410 fuissent,inlroductio
3579 3333 3652 3388 de
3672 3347 3824 3387 nova

2173 3445 2391 3516 injuria
2413 3442 2532 3499 sive
2557 3438 2792 3512 publica
2809 3436 2930 3492 sive
2955 3433 3179 3506 privata
3218 3423 3588 3484 annuntiatio
3628 3419 3823 3477 nomi-

2175 3535 2449 3589 nabatur.
2476 3528 2775 3584 Actionem
2819 3527 3015 3580 autem
3048 3521 3120 3576 ad
3153 3515 3464 3575 consilium
3495 3509 3823 3568 annuntia-

2173 3625 2312 3680 banl
2343 3620 2452 3678 soli
2486 3623 2780 3692 prytanes.

2243 3732 2299 3785 5.
2333 3721 2882 3783 Administrationis
2914 3723 3110 3774 autem
3162 3713 3313 3770 ratio
3367 3716 3457 3768 est
3497 3713 3700 3765 contra
3729 3723 3830 3762 eos

2175 3818 2274 3890 qui
2311 3817 2460 3872 male
2483 3813 2904 3871 administrant
2924 3806 3089 3864 urbis
3117 3795 3829 3861 criminatio.Tribunalia

2172 3924 2307 3964 vero
2339 3907 2397 3960 in
2430 3922 2529 3961 eos
2560 3903 2874 3959 eil‘ormant
2914 3897 3174 3968 logistzs;
3217 3893 3458 3948 accusat
3489 3887 3826 3957 quicunque

2174 3996 2320 4063 vult;
2353 4000 2409 4050 et
2431 3992 2738 4066 judicibus
2770 3987 3095 4044 remittitur
3122 3985 3186 4038 ut
3208 3996 3338 4036 reos
3370 3977 3642 4050 puniant.

2244 4179 2298 4232 6.
2350 4174 2409 4231 Si
2441 4171 2575 4246 quis
2633 4174 2830 4227 autem
2870 4182 3005 4222 sum
3040 4161 3140 4235 qui
3184 4158 3486 4246 publicum
3518 4150 3822 4209 metallum

2176 4265 2415 4324 sulfodit
2442 4239 2529 4318 vel
2575 4259 2880 4334 publicum
2922 4252 3233 4310 aediﬁcium
3267 4247 3381 4305 sibi
3428 4243 3708 4334 vindicat,
3738 4239 3828 4296 vel

2174 4356 2422 4413 tutelam
2442 4331 2882 4423 malegessit,in
2905 4341 3166 4400 tribunal
3207 4336 3472 4406 adduxit,
3491 4333 3589 4390 ille
3611 4331 3828 4387 dicitur

2177 4463 2341 4503 reum
2378 4442 2772 4506 manifestare;
2802 4443 2860 4493 et
2875 4453 2942 4492 ea
2959 4433 3108 4490 actio
3135 4431 3272 4486 inde
3293 4427 3670 4496 nuncupatur
3699 4437 3828 4477 ma-

2178 4536 2237 4592 ni
2247 4533 2474 4591 festatio

2249 4625 2303 4677 7.
2337 4621 2393 4677 Si
2427 4620 2557 4693 quis
2584 4622 2781 4674 autem
2806 4613 3131 4672 secundum
3155 4609 3315 4680 leges
3332 4605 3616 4662 dedecore
3635 4599 3826 4655 afﬁce-

2179 4719 2342 4770 retur
2364 4688 2516 4767 male
2565 4712 2740 4781 gestas
2788 4701 3100 4776 legationis
3124 4715 3304 4756 causa
3326 4699 3429 4750 aut
3454 4688 3826 4764 prostitutio-

2179 4803 2296 4872 nis,
2329 4805 2431 4856 aut
2451 4815 2567 4854 non
2601 4795 2804 4852 solutae
2828 4792 3029 4848 aerario
3061 4787 3281 4854 multa,
3315 4782 3400 4840 vel
3447 4785 3649 4836 contra
3698 4793 3826 4849 per-

2181 4895 2481 4948 mutantes
2512 4887 2748 4958 injustts
2780 4881 2960 4948 vocis,
2985 4884 3043 4936 et
3081 4879 3140 4933 in
3181 4869 3442 4931 tribunal
3490 4863 3830 4932 duceretur,

2180 4977 2524 5037 indicationi
2574 4955 2958 5045 subjaeebat;
2999 4973 3056 5023 et
3085 4967 3266 5037 hujus
3296 4955 3692 5019 accusationis
3721 4971 3830 5010 no-

2183 5085 2317 5125 men
2349 5070 2475 5122 erat
2503 5061 2804 5118 indicatio.

2253 5158 2307 5211 8.
2340 5153 2631 5211 Adductio
2662 5150 2916 5206 dabatur
2945 5147 3147 5201 contra
3185 5156 3286 5196 eos
3333 5135 3431 5209 qui
3459 5131 3717 5191 exsulem
3749 5129 3830 5185 ci-

2183 5245 2387 5303 vitatis
2437 5243 2799 5314 receperant,
2849 5235 2938 5292 vel
2971 5234 3121 5291 clam
3155 5246 3279 5287 rem
3311 5225 3603 5301 publicam
3634 5219 3828 5278 subri-

2185 5337 2456 5409 puerant.

2255 5427 2309 5480 9.
2344 5425 2424 5480 De
2456 5419 2795 5478 recensione
2825 5419 2883 5472 et
2902 5411 3218 5486 rejectione
3243 5413 3300 5466 et
3321 5401 3734 5480 provocatione
3754 5397 3839 5452 sic

2188 5511 2676 5585 distinguendum
2701 5511 2758 5564 et
2779 5502 3192 5577 explicandum
3214 5496 3546 5554 est.Tribus
3569 5489 3838 5565 quaedam

2188 5605 2344 5678 apud
2372 5580 2593 5658 Atticos
2616 5600 2784 5654 erant
2804 5599 2863 5650 et
2893 5591 3071 5649 curias
3115 5594 3172 5645 et
3204 5587 3361 5644 demi
3406 5588 3464 5641 et
3513 5580 3834 5644 terniones,

2189 5709 2444 5765 quarum
2504 5690 2574 5745 ad
2636 5683 2972 5756 exemplum
3031 5680 3263 5753 primus
3321 5675 3421 5747 qui
3479 5673 3672 5728 Romae
3725 5666 3835 5719 im-

2190 5757 2415 5858 peravit
2446 5779 2753 5835 fundatam
2783 5774 2854 5830 ab
2899 5771 3028 5843 ipso
3063 5769 3265 5824 urbem
3298 5762 3580 5820 instituit.
3629 5757 3836 5812 Demo-
