4124 6416
276 427 382 486 101
395 428 423 484 1

1613 413 2030 478 MICHAELIS
2073 412 2346 474 PSELLI

3534 403 3692 462 1012

277 573 409 610 rum
432 571 586 610 unus
608 547 1711 625 quidemAcbarneus,a1terEleusinius
1735 547 1919 604 nomi-

2071 563 2230 616 μησε.
2265 545 2389 599 Τῶν
2450 538 2508 596 δὲ
2567 537 2760 612 δήμων
2824 539 2852 592 ὁ
2907 536 3000 610 μέν
3055 556 3140 599 τις
3199 532 3581 625 ³ᾼχαρνεὺςλδ
3641 529 3702 586 δὶ

280 649 478 714 natus,
522 645 676 698 unde
727 642 883 697 cives
942 646 998 696 et
1055 641 1514 695 nominabantur
1542 639 1839 694 Acharncs
1870 641 1926 692 et

283 731 595 801 Eleusinei;
629 736 684 785 et
716 731 774 785 in
807 730 1099 785 columnis
1126 728 1502 783 versatilibus
1534 728 1746 783 civium
1779 727 1928 782 asci-

281 827 475 876 torum
508 820 746 876 nomina
764 819 1263 875 inscribebantur.
1288 818 1358 872 Et
1380 818 1428 873 si
1452 818 1585 888 quis
1609 817 1930 888 inscriptus

282 908 716 982 peregrinitatis
747 909 1130 980 arguebatur,
1162 924 1295 963 cum
1322 906 1681 961 accusabant
1713 905 1810 976 qui
1836 921 1934 959 su-

281 999 691 1070 spicabantur,
714 1001 771 1052 et
808 997 929 1051 haec
961 995 1257 1050 accusatio
1288 999 1412 1049 erat
1453 992 1734 1048 recensio.
1782 992 1851 1046 Et
1883 990 1932 1046 si

282 1087 454 1158 plura
483 1086 768 1158 suli'ragia
798 1085 1156 1140 recensitum
1173 1082 1564 1154 expellebant,
1586 1082 1707 1136 hanc
1729 1079 1931 1152 expul-

283 1178 371 1231 sio
403 1175 637 1245 rejectio
668 1175 998 1230 dicebatur.
1047 1173 1106 1228 Si
1156 1178 1354 1228 autem
1404 1173 1656 1241 rejectus
1687 1187 1720 1225 a
1749 1168 1937 1224 demis

284 1267 354 1320 ad
404 1280 718 1320 commune
770 1263 1034 1318 tribunal
1091 1261 1578 1326 transferebatur,
1625 1273 1936 1330 provocare

285 1355 629 1420 dicebatur,
688 1356 747 1408 et
804 1369 872 1407 ea
929 1350 1240 1406 translatio
1295 1348 1631 1422 provocatio
1664 1346 1938 1402 nomina-

285 1444 477 1498 batur.

360 1533 446 1586 10.
481 1529 589 1596 Qui
639 1533 832 1585 autem
883 1529 1119 1600 aliquod
1175 1545 1396 1583 munus
1446 1525 1750 1599 publicum
1783 1523 1940 1580 subi-

288 1621 454 1688 bant,
513 1619 610 1690 qui
669 1618 891 1674 triremi
947 1622 1236 1690 praaerant
1284 1616 1377 1671 vel
1437 1615 1749 1670 aedificium
1798 1630 1938 1669 con-

287 1708 616 1774 struebant,
667 1707 934 1763 muneris
980 1707 1070 1762 sui
1123 1712 1361 1778 tempus
1409 1703 1937 1777 procrastinabant,

289 1802 660 1853 accusatores
687 1795 807 1851 illis
851 1794 1340 1868 disceptationem
1374 1807 1606 1849 movere
1636 1790 1939 1848 existima-

287 1887 524 1941 bantur.
1003 1893 1006 1898 '

360 1976 446 2030 11.
481 1973 840 2044 Objectionis
871 1977 1068 2028 autem
1119 1978 1177 2028 et
1217 1989 1321 2044 per
1353 1970 1942 2043 suil'ragiaﬁcondem-

288 2063 546 2117 nationis
567 2062 691 2117 haec
723 2061 1180 2117 estdiﬂ‘erentia.
1207 2061 1468 2133 Objectio
1493 2061 1558 2115 fit
1589 2061 1661 2115 de
1690 2059 1942 2131 cognitis

291 2150 548 2207 accusati
583 2150 853 2222 injuriis;
877 2151 1287 2206 condamnatio
1320 2159 1513 2206 autem
1563 2154 1651 2205 est
1680 2165 1944 2204 commu-

288 2242 378 2296 nis
410 2241 675 2312 suﬂ‘ragii
703 2239 904 2313 populi
937 2245 1138 2296 contra
1163 2256 1296 2294 eum
1334 2237 1674 2294 declaratio.

362 2351 448 2405 12.
482 2349 831 2405 Intentionis
853 2348 1122 2418 depulsio
1154 2355 1211 2403 et
1229 2347 1495 2419 exceptio
1513 2346 1767 2402 multum
1794 2347 1946 2402 inter

290 2455 355 2494 se
384 2438 684 2494 differunt.
713 2437 1589 2507 Discretioenimjudicantium
1614 2435 1946 2491 communis

291 2528 362 2582 de
393 2544 454 2583 re
486 2528 750 2583 nondum
784 2527 856 2582 ad
885 2526 1145 2581 tribunal
1176 2526 1536 2591 introducta,
1565 2524 1946 2580 estintentio-

292 2616 384 2672 nis
416 2616 850 2688 depulsio;quaa
873 2620 1071 2670 autem
1106 2616 1170 2670 fit
1200 2616 1270 2669 de
1306 2631 1365 2669 re
1399 2613 1868 2684 rebusjudicatis
1890 2617 1948 2668 et

293 2706 619 2761 secundum
648 2704 809 2776 leges
841 2704 1238 2776 pronuntiatis
1287 2703 1548 2758 secunda
1590 2703 1861 2757 tractatio
1893 2706 1951 2757 et

292 2794 584 2850 discussio
619 2799 860 2849 vocatur
877 2792 1158 2862 exceptio.
1187 2792 1462 2864 Excipere
1486 2796 1683 2846 autem
1713 2791 1949 2862 permit-

291 2883 436 2938 titur
468 2882 539 2938 iis
573 2882 675 2954 qui
707 2883 778 2938 de
810 2898 876 2937 eo
907 2881 1168 2937 accusati
1217 2885 1358 2936 sunt
1413 2881 1570 2951 quod
1631 2879 1792 2936 nulla
1823 2879 1950 2952 lege

297 2975 586 3027 statutum
621 2975 732 3027 est.

369 3151 454 3204 13.
480 3149 644 3206 Actio
677 3167 795 3206 non
828 3148 1030 3220 scripti
1062 3148 1198 3205 talis
1228 3154 1374 3205 erat.
1425 3147 1648 3204 Tabula
1689 3148 1950 3222 singulo-

298 3257 428 3295 rum
460 3239 848 3296 tribunalium
905 3238 1112 3310 parieti
1147 3239 1379 3294 cuidam
1429 3238 1861 3310 applicabatur,
1894 3242 1952 3294 et

295 3331 422 3400 ejus
445 3330 545 3400 qui
603 3346 671 3386 ex
721 3331 1016 3384 sententia
1067 3328 1302 3400 publico
1353 3328 1555 3384 aerario
1589 3329 1837 3384 debebat
1867 3327 1948 3382 ibi

298 3435 513 3474 nomen
569 3418 921 3488 inscriptum
983 3424 1130 3484 erat,
1165 3423 1222 3472 et
1272 3417 1437 3485 juxta
1494 3433 1708 3472 nomen
1771 3417 1951 3472 debiti

300 3506 619 3578 quantitas.
655 3506 714 3560 Si
748 3507 886 3576 quis
917 3511 1114 3561 autem
1165 3507 1384 3561 debens
1419 3511 1476 3560 et
1509 3504 1831 3576 inscriptus
1863 3505 1951 3560 in-

301 3595 676 3665 scriptionem
705 3595 856 3649 clam
884 3594 1260 3663 abolevisset,
1294 3595 1473 3665 hujus
1500 3594 1684 3666 culpa
1711 3611 1841 3650 reus
1863 3611 1953 3650 ac-

305 3684 464 3738 tione
493 3700 608 3738 non
642 3683 847 3754 scripti
869 3685 1278 3739 accusabatur.

374 3773 462 3827 14.
496 3771 602 3835 Qui
626 3772 876 3828 fundum
907 3778 1008 3827 aut
1055 3773 1297 3828 domum
1349 3789 1419 3828 ex
1463 3773 1949 3830 condemnatione

297 3861 663 3932 excipiebant
693 3877 794 3932 per
827 3860 1122 3916 interdicti
1155 3861 1438 3917 actionem
1474 3864 1948 3918 accusabanteos

297 3949 398 4022 qui
425 3951 587 4021 ipsos
609 3949 744 4006 inde
760 3949 1122 4022 expulerant.
1146 3951 1413 4006 Priscum
1446 3956 1503 4006 et
1529 3952 1782 4006 Atticum
1819 3969 1946 4007 ver-

289 4040 431 4094 bum
456 4043 544 4095 est
565 4056 778 4103 arcere,
805 4040 960 4110 quod
979 4039 1197 4110 posteri
1229 4040 1286 4094 in
1311 4041 1566 4096 Graacum
1597 4042 1786 4113 magis
1814 4058 1945 4096 ver-

291 4130 434 4184 bum
471 4133 869 4197 mutaverunt,
921 4146 1130 4202 nempe
1178 4127 1399 4200 ἐξελεῖν,
1429 4130 1484 4184 id
1538 4135 1628 4185 est
1659 4131 1945 4186 institutis

290 4218 600 4290 expellere.

363 4308 450 4362 15.
483 4307 539 4362 Si
572 4308 707 4380 quis
748 4311 944 4362 autem
997 4324 1204 4364 servus
1254 4308 1429 4364 ﬁebat
1475 4309 1826 4365 insidiarum
1861 4308 1945 4365 le-

286 4395 509 4468 gitimis
532 4395 790 4453 dominis
823 4413 982 4466 reus,
1023 4397 1421 4454 derelictionis
1444 4399 1597 4455 actio
1631 4416 1698 4455 ea
1729 4416 1821 4455 res
1846 4416 1943 4454 no-

289 4485 648 4541 minabatur.

358 4575 448 4630 16.
484 4575 624 4630 Litis
657 4574 987 4646 antiquatio
1021 4577 1092 4631 ab
1126 4575 1352 4633 actione
1409 4576 1677 4632 liberatio
1708 4575 1940 4631 diceba-

1971 1925 2020 1990 B

2040 631 2370 693 Ἐλευσίνιος
2403 629 2816 702 κατωνόμαστο,
2849 626 2938 703 ἀφ’
2985 628 3060 679 ὧν
3107 626 3163 678 οἱ
3219 621 3456 697 δημόται
3513 643 3700 698 παρω-

2037 721 2221 794 νύμως
2273 721 2728 793 κατωνομάζοντο
2780 719 3069 793 Ἀχαρνεῖς
3115 717 3150 785 ἢ
3210 713 3574 772 Ἐλευσίνιοι·
3608 710 3702 766 καὶ

2039 811 2187 885 ποιρά
2216 817 2333 871 ταῖς
2365 804 2585 884 κύρϐεσι
2633 808 2701 862 τὰ
2744 812 2851 862 τῶν
2901 802 3398 878 δημοποιουμένων
3457 801 3700 874 ὀνόματα

2042 899 2426 978 ἀνεγράφοντο.
2469 897 2534 954 Εἰ
2568 895 2624 952 δέ
2665 918 2747 959 τις
2799 894 3123 974 ἀναγραφεὶς
3166 891 3291 963 ἥλω
3344 893 3540 964 ξενίας,
3573 912 3701 945 κατ-

2042 988 2278 1064 ηγόρουν
2330 989 2494 1043 ἀύτοῦ
2545 989 2596 1042 οἱ
2647 985 3060 1047 ὑπωπτευκότες
3097 1004 3109 1016 ·
3161 983 3250 1038 καὶ
3301 985 3336 1052 ἡ
3390 978 3704 1056 κατηγορία

2045 1075 2366 1155 διαψήφισις
2419 1078 2510 1145 ἦν.
2570 1074 2636 1133 Εἰ
2695 1073 2753 1130 δὲ
2802 1079 2910 1129 τῶν
2975 1075 3172 1151 ψήφων
3222 1073 3278 1126 αἰ
3328 1070 3554 1132 πλείους
3609 1069 3701 1124 τὸν

2047 1165 2474 1243 διαψηφισθέντα
2549 1164 2892 1236 ἀπήλαυνον,
2969 1164 3308 1240 ἁποῴήφισις
3378 1159 3595 1234 ἐλέγετο
3669 1160 3705 1227 ἢ

2047 1255 2334 1317 ἀπέλασις.
2369 1255 2432 1312 Εἰ
2475 1253 2520 1308 δ’
2552 1256 2580 1309 6
2613 1253 3014 1329 ἀποψηφισθεὶς
3067 1252 3175 1307 ἀπὸ
3225 1255 3334 1305 τῶν
3390 1247 3581 1322 δήμων
3633 1247 3711 1308 εἷς

2045 1345 2108 1400 τὸ
2158 1345 2339 1400 κοινὸν
2395 1342 2746 1420 δικαστήριον
2812 1343 3140 1417 μετετίθετο,
3192 1340 3397 1418 ἐφιέναι
3473 1338 3715 1415 ἐλέγετο,

2046 1437 2136 1490 καὶ
2170 1438 2204 1504 ἡ
2243 1434 2522 1508 μετάθεσις
2553 1430 2732 1511 ἔφεσις
2765 1432 3101 1506 ὠνομάζετο.

2125 1532 2172 1580 ι’.
2205 1525 2268 1580 Εἰ
2300 1521 2357 1578 δὲ
2407 1523 2747 1598 λειτουργεῖν
2797 1543 2940 1584 τινες
2987 1519 3303 1595 ταχθέντες,
3352 1521 3712 1593 τριηραρχεῖν

2049 1615 2084 1683 ἢ
2139 1611 2476 1686 οἰκοδομεῖν,
2525 1614 2618 1668 τὸν
2674 1612 2863 1686 καιρὸν
2914 1610 3261 1684 ὑπερετίθουν
3308 1615 3408 1678 τῆς
3461 1605 3718 1679 λειτουρ-

2047 1703 2190 1780 γίας,
2225 1704 2276 1758 οἱ
2310 1703 2744 1777 ἀντικρινόμενοι
2775 1700 2992 1764 τούτοις
3025 1697 3354 1755 διαδικασίαν
3386 1702 3553 1753 κινεῖν
3595 1696 3718 1751 κατ’

2051 1793 2226 1848 αὐτῶν
2259 1791 2601 1866 ἐνομίζοντο.

2127 1974 2213 2029 ια’.
2245 1967 2544 2048 Προϐολῆς
2576 1967 2635 2024 δὲ
2663 1970 2753 2024 καὶ
2785 1968 3273 2046 καταχειροτονίας
3306 1967 3565 2021 τοσοῦτόν
3602 1964 3716 2020 ἐστι

2050 2063 2113 2118 τὸ
2147 2059 2426 2140 διάφορον.
2459 2062 2521 2117 Ἡ
2567 2061 2660 2132 μὲν
2714 2053 2969 2134 προϐολὴ
3020 2057 3105 2112 ἐπὶ
3158 2055 3518 2132 ἐγνωσμένοις
3572 2053 3712 2109 ἐστὶν

2053 2149 2355 2222 ἀδικήμασι
2414 2153 2512 2203 τοῦ
2560 2147 3046 2223 κατηγορουμένου
3076 2166 3088 2177 °
3122 2148 3157 2214 ἡ
3213 2143 3269 2199 δὲ
3325 2163 3719 2220 καταχειροτο-

2052 2241 2140 2295 νία
2170 2243 2204 2309 ἡ
2239 2240 2537 2316 σύμψηφος
2567 2243 2665 2293 τοῦ
2699 2235 2880 2311 δήμου
2910 2242 3029 2292 κατ’
3060 2234 3268 2290 ἐκείνου
3300 2234 3587 2311 ἀπόφασις.

2131 2348 2220 2422 ιβ’.
2247 2343 2565 2406 Εὐθυδικίας
2598 2343 2655 2399 δὲ
2709 2345 2800 2399 καὶ
2832 2349 3197 2421 παραγραφῆς
3255 2339 3400 2396 πολὺ
3427 2341 3489 2395 τὸ
3520 2337 3720 2415 διάφο-

2058 2457 2169 2511 ρον.
2202 2437 2264 2493 Ἥ
2323 2436 2417 2508 μὶν
2468 2435 2573 2511 γὰρ
2623 2434 2748 2509 περὶ
2796 2437 2893 2488 τοῦ
2947 2429 3181 2506 μηδέπω
3237 2429 3586 2506 εἰσαχθέντος
3644 2429 3720 2492 εἷς

2058 2523 2408 2600 δικαστήριον
2438 2523 2758 2599 πράγματος
2787 2523 2945 2591 κοινή
2975 2527 3083 2576 τῶν
3118 2518 3546 2576 συνδιαιτώντων
3596 2516 3720 2573 διά-

2055 2635 2255 2689 γνωσις
2317 2610 2591 2668 εύθυδικία
2646 2610 2786 2666 ἐστίν
2825 2633 2837 2645 ο
2872 2614 2907 2681 ἡ
2941 2609 2997 2666 δὲ
3026 2611 3151 2687 περὶ
3207 2615 3315 2666 τῶν
3376 2607 3485 2680 ἤδη
3536 2628 3722 2684 κεκρι-

2063 2703 2235 2777 μένων
2309 2702 2398 2757 καὶ
2479 2703 2615 2757 κατὰ
2697 2702 2898 2774 νόμους
2969 2700 3436 2779 ἀποπεφασμένων
3499 2696 3726 2774 δευτέρα,

2059 2792 2566 2869 πολυπραγμοσύνη
2617 2791 2704 2846 καὶ
2758 2786 3170 2866 ἀμφισϐήτησις
3212 2789 3542 2866 παραγραφὴ
3591 2809 3722 2843 κατ-

2060 2882 2396 2953 ωνόμασται.
2481 2882 2934 2958 Παραγράιρεσθαι
3012 2877 3070 2934 δὲ
3143 2878 3347 2957 ἐφεῖται
3428 2878 3519 2933 καὶ
3604 2883 3725 2939 τοῖς

2057 2971 2304 3027 τοιοῦτόν
2363 2993 2414 3026 τι
2473 2970 2906 3046 ἐγκαλουμένοις
2955 2970 3078 3044 περὶ
3129 2969 3193 3024 οὗ
3246 2967 3306 3024 οὐ
3363 2967 3727 3042 νενομοθέτη-

2059 3083 2168 3116 ται.

2135 3158 2218 3226 ιγ.
2253 3152 2315 3207 Ἠ
2350 3148 2407 3206 δὲ
2437 3148 2534 3205 τοῦ
2564 3148 2831 3228 ἀγραφίου
2867 3147 2992 3219 δίκη
3024 3147 3251 3218 τοιαύτη
3292 3168 3378 3210 τις
3422 3149 3512 3218 ἦν.
3561 3145 3722 3210 Σανές

2064 3240 2145 3318 ἐφ’
2175 3241 2403 3295 ἑκάστου
2449 3245 2549 3296 τοῦ
2596 3238 2950 3314 δικαστηρίου
2995 3237 3178 3313 τοίχῳ
3229 3239 3336 3292 τινὶ
3393 3237 3720 3314 προσηρμὸ-

2067 3336 2206 3399 ζετο,
2238 3331 2328 3383 καὶ
2370 3334 2465 3384 τοῦ
2511 3329 2570 3383 ἐκ
2617 3325 2917 3399 καταδίκης
2957 3327 3284 3406 ὠφληκότος
3333 3331 3414 3399 τῷ
3472 3325 3727 3400 δημοσίῳ

2063 3419 2124 3472 τὸ
2155 3414 2331 3491 ὄνομα
2380 3417 2552 3472 ἐκεῖσε
2603 3417 2942 3492 ἀνάγραπτον
2995 3418 3086 3486 ἦν,
3141 3417 3278 3492 πρὸς
3334 3416 3486 3489 αὐτῷ
3533 3417 3622 3471 καὶ
3665 3415 3730 3473 τὰ

2069 3509 2260 3581 μέτρον
2317 3506 2464 3578 αύτῴ
2520 3511 2616 3561 τοῦ
2679 3507 3026 3584 ὀφλήματος.
3081 3506 3144 3563 Εἰ
3195 3504 3252 3561 δέ
3310 3528 3392 3569 τις
3451 3505 3730 3584 ὠφληκὼς

2062 3595 2149 3649 καὶ
2199 3595 2424 3673 γραφεὶς
2477 3594 2650 3670 λάθρα
2695 3597 2795 3665 τὴν
2843 3597 3058 3670 γραφήν
3118 3595 3476 3670 ἀπετρίψατο,
3509 3597 3536 3650 ὁ
3588 3616 3728 3672 γρα-

2061 3685 2296 3763 φέμενυς
2329 3689 2522 3740 τοῦτον
2554 3684 2824 3761 ἀγραφίου
2858 3682 3012 3755 δίκην
3041 3684 3323 3761 ἐγράφετο.

2135 3789 2301 3848 ιδ’.οἳ
2327 3789 2384 3846 δὲ
2404 3792 2612 3868 χωρίον
2638 3792 2671 3860 ἢ
2702 3790 2910 3864 οἴκημα
2941 3790 3000 3846 ἐκ
3027 3789 3322 3861 καταδίκης
3353 3789 3724 3870 ἀπειληφότες

2057 3879 2286 3952 ἐξούλης
2319 3881 2616 3959 ἐγράφοντο
2648 3880 2776 3942 τοὺς
2808 3880 3006 3944 ἐκεῖθεν
3057 3879 3251 3943 αὐτοὺς
3299 3881 3717 3942 ἀπελαύνοντας.

2058 3972 2323 4046 Ἀρχαῖον
2356 3972 2457 4046 γὰρ
2490 3970 2579 4025 καὶ
2611 3970 2825 4024 ἀττικὸν
2887 3965 3064 4042 ὄνομα
3093 3971 3156 4025 τὸ
3186 3968 3443 4040 ἐξίλλειν,
3474 3970 3606 4046 ὅπερ
3659 3971 3719 4024 οἱ

2060 4058 2498 4134 μεταγενέστεροι
2555 4056 2997 4133 ἑλληνικώτερον
3056 4058 3255 4130 ἐξελεῖν
3305 4057 3548 4134 λέγουσι,
3592 4081 3718 4114 του-

2053 4150 2229 4204 τέστιν
2263 4147 2583 4204 ἀπελαύνειν
2621 4151 2728 4202 τῶν
2759 4147 3184 4222 νενομισμένων.

2127 4327 2203 4382 ιε’.
2224 4326 2288 4382 Ei‘
2321 4323 2376 4380 δέ
2403 4346 2485 4388 τις
2519 4322 2718 4388 δοῦλος
2751 4323 2926 4382 δοκῶν
2957 4333 3074 4390 τοῖς
3107 4326 3498 4402 νομιζομένοις
3525 4324 3718 4384 δεσπό-

2049 4436 2167 4477 ταις
2229 4413 2385 4486 δίκην
2441 4413 2764 4492 ἐλάγχανεν,
2798 4416 3134 4473 ἀποστασίου
3194 4415 3318 4488 δίκη
3376 4418 3439 4474 τὸ
3491 4424 3717 4494 πρᾶγμα

2052 4525 2263 4559 κατωνο
2274 4506 2490 4578 μάζετο.

2125 4600 2208 4657 ις’.
2246 4595 2524 4672 Διαγραφὴ
2559 4591 2616 4649 δὲ
2647 4597 2682 4664 ἡ
2730 4592 3026 4670 ἀπαλλαγὴ
3073 4598 3175 4661 τῆς
3234 4593 3392 4666 δίκης
3449 4594 3668 4671 ἐλέγετο
3699 4615 3712 4628 ·

287 4669 420 4732 tur;
456 4668 606 4720 utet
637 4663 943 4720 dicebatur
987 4665 1235 4721 actionis
1289 4667 1539 4722 cessatio
1587 4666 1941 4721 condemna-

2067 4681 2234 4757 ὅσπερ
2271 4663 2426 4753 λῆξίς
2459 4663 2640 4757 δίκης,
2673 4663 2735 4738 τὸ
2765 4663 3120 4758 καταγγεῖλαι
3170 4663 3354 4758 κρίσιν.
3396 4689 3502 4740 τῶν
3555 4663 3715 4739 ίδιω-

286 4755 465 4810 tionis
487 4754 766 4810 indicatio
797 4754 857 4808 in
892 4755 1138 4826 privatis
1171 4755 1393 4810 litibus.

358 4861 445 4917 17.
477 4861 780 4917 Actionem
804 4860 1068 4916 obtinere
1091 4866 1215 4916 erat
1239 4860 1404 4932 prius
1423 4877 1730 4930 accusare;
1761 4861 1942 4916 actio-

289 4967 422 5006 nem
453 4959 643 5008 contra
673 4950 917 5006 oblmere
937 4955 1064 5005 erat
1093 4949 1458 5005 recriminari
1478 4967 1488 5006 :
1508 4950 1713 5006 sortito
1744 4956 1940 5006 autem

290 5040 551 5096 dividere
583 5041 654 5095 de
687 5039 1024 5096 actionibus
1079 5055 1195 5096 non
1240 5039 1476 5106 dicitur,
1509 5041 1609 5094 sed
1634 5040 1704 5095 de
1743 5056 1940 5095 rerum

289 5129 726 5185 distributione.

357 5218 447 5272 18.
480 5217 768 5282 Quoniam
800 5222 998 5274 autem
1030 5218 1186 5288 apud
1217 5217 1440 5274 Atticos
1463 5218 1792 5290 antiquitus
1815 5237 1939 5277 mos

285 5312 410 5363 erat
443 5306 501 5361 in
526 5306 925 5362 tribunalibus
948 5309 1699 5377 accusantesjurejurando
1727 5310 1938 5365 confir-

285 5413 445 5453 mare
499 5414 666 5452 suam
729 5397 1166 5452 accusationem
1225 5387 1354 5454 esse
1404 5415 1601 5454 veram
1633 5403 1691 5455 et
1715 5417 1845 5455 P608
1877 5419 1938 5456 86

285 5485 512 5542 nullum
532 5485 745 5541 falsum
760 5486 1004 5540 verbum
1025 5485 1094 5542 iis
1108 5487 1485 5558 opposituros
1503 5503 1938 5556 esse,accusan-

285 5575 839 5646 tisjurejurandum
876 5574 1168 5631 diomosia
1210 5576 1538 5643 dicebatur,
1569 5578 1699 5648 ejus
1740 5585 1935 5635 autem

288 5666 390 5740 qui
449 5681 512 5720 se
571 5664 900 5733 defendeat,
933 5664 1288 5721 antomosia.
1338 5666 1398 5722 Si
1428 5683 1562 5722 vero
1599 5668 1783 5738 judex
1812 5669 1938 5740 ipse

289 5759 424 5829 post
446 5771 544 5810 eos
577 5752 1006 5826 jusjurandum
1038 5755 1377 5825 praestabat,
1414 5758 1606 5813 totum
1631 5754 1774 5814 illud
1806 5774 1936 5814 am-

2049 4776 2215 4827 τικῶν
2251 4770 2578 4835 ὑποθέσεων.

2127 4866 2207 4929 ιζ’.
2243 4860 2341 4914 Καὶ
2375 4858 2568 4937 λαχεῖν
2606 4861 2700 4934 μὲν
2735 4858 2893 4932 δίκην
2922 4861 2984 4916 τὸ
3016 4862 3253 4935 πρώτως
3285 4870 3586 4919 κατειπεῖνσ
3621 4865 3715 4918 ἀν-

2047 4948 2301 5023 τιλαχεῖν
2337 4947 2394 5004 δὲ
2420 4951 2484 5005 τὸ
2514 4948 2949 5024 ἀντεγκληθῆναι
2988 4969 3001 4982 °
3049 4952 3111 5005 τὸ
3165 4950 3223 5006 δὲ
3267 4949 3554 5028 διαλαχεῖν
3617 4953 3714 5008 οὐκ

2051 5037 2138 5093 ἐπὶ
2181 5037 2288 5093 τῶν
2337 5036 2502 5094 δικῶν
2553 5037 2789 5116 λέγεται,
2849 5036 2977 5093 ἀλλ’
3032 5038 3120 5094 ἐπὶ
3172 5040 3475 5116 χρημάτων
3532 5041 3716 5097 διανε-

2054 5130 2128 5202 μή
2138 5149 2295 5191 σεως.

2126 5216 2382 5289 ιη’.Ἐπεὶ
2417 5215 2473 5271 δὶ
2502 5213 2673 5271 πάλαι
2705 5221 2828 5278 τοῖς
2851 5216 3120 5279 Ἀττικοῖς
3150 5219 3237 5273 καὶ
3272 5218 3398 5281 τοὺς
3431 5220 3711 5299 γραφομέ-

2048 5329 2172 5369 νους
2207 5307 2542 5380 ἐπόμνυσθαι
2576 5306 2650 5368 ὡς
2701 5305 2916 5376 ἀληθὴς
2963 5309 2996 5376 ἠ
3047 5310 3255 5385 γραφη,
3286 5309 3376 5363 καὶ
3419 5309 3545 5371 τοὺς
3593 5309 3713 5374 καθ’

2051 5399 2124 5451 ὧν
2152 5395 2448 5475 γράφονται
2508 5396 2582 5457 ὡς
2641 5392 2795 5449 οὐδὲν
2849 5395 2924 5457 εἷς
2974 5393 3334 5472 ψευδολογίαν
3389 5399 3712 5468 ἀντιθήσου-

2052 5508 2157 5553 σιν,
2191 5485 2240 5541 ἐν
2300 5492 2418 5548 τοῖς
2480 5483 2855 5560 δικαστηρίοις
2901 5480 3126 5557 εἴθιστο,
3161 5487 3188 5540 ὁ
3242 5485 3335 5558 μὶν
3392 5492 3488 5542 τοῦ
3547 5487 3714 5563 ἐγκα-

2050 5575 2282 5639 λοῦντος
2316 5575 2477 5652 ὅρκος
2511 5573 2784 5648 διωμοσία
2815 5571 3055 5648 ἐλέγετο,
3089 5574 3118 5628 ὁ
3167 5572 3225 5645 δὲ
3278 5579 3374 5629 τοῦ
3405 5574 3714 5650 ἀπολογου-

2052 5666 2218 5739 μένου
2250 5664 2588 5740 ἀντωμοσία.
2613 5663 2677 5721 Ei
2711 5661 2768 5719 δὶ
2793 5663 2933 5739 πρὸς
2965 5661 3184 5726 τούτοις
3234 5663 3325 5719 καὶ
3374 5665 3402 5719 6
3453 5662 3715 5735 δικαστὴς

2048 5755 2338 5831 ἐπώμνυτο
2374 5800 2388 5826 ,
2470 5754 2742 5834 ἁμιριοκία
2824 5755 2887 5809 τὸ
2970 5751 3185 5828 σύμπαν
3266 5757 3710 5830 κατωνομάζετο.
