4124 6390
391 444 552 507 1013

1585 445 1688 505 DE
1733 442 2143 508 AGTIONUM
2189 442 2654 507 NOMINIBUS.

3663 441 3820 504 10H

387 576 492 640 ¹Τὸν
560 571 617 629 δὲ
697 573 1138 646 ὑποπτευόμενον
1191 573 1268 635 εἰς
1323 575 1560 652 γραφὴν,
1624 574 2027 652 ὁπερτιθέμενοτ

2165 575 2438 648 pbiorkia
2490 575 2927 632 nominabatur.
2985 575 3042 629 Is
3101 578 3297 631 autem
3343 573 3446 645 qui
3505 578 3818 645 suspectus

394 661 454 720 δὲ
507 663 598 720 τὸι
636 663 848 738 καιρὸν,
879 663 910 716 6
960 662 1280 718 ὑποπτεύων
1339 662 1497 734 ἠξίου
1521 670 1866 741 κατηγορεῖν⁹
1898 666 1958 733 ἢν
1993 661 2027 719 δ¹

2162 665 2506 720 tradebatur
2536 680 2599 720 se
2630 679 2907 718 accusare
2944 661 3111 732 velle,
3146 669 3384 735 tempus
3417 667 3610 719 autem
3643 680 3818 720 accu-

397 750 574 809 ἐδόκει
621 751 925 827 εἴρωνεύων
981 753 1059 823 μή
1111 749 1446 827 βούλεσθαι,
1496 751 1830 826 ἐπόμνυσθαι
1881 774 2048 822 κατη-

394 844 724 917 ναγκάζετοο
801 841 892 896 καὶ
963 840 1028 895 τὸ
1103 841 1506 915 ὁμωμοσμένον
1579 841 1854 916 ἐξωμοσία
1909 840 2048 896 ὠνό-

399 952 594 1006 μαστο.

469 1112 550 1167 ιϐ’.
585 1110 664 1168 Τὸ
716 1106 774 1164 δὲ
803 1108 1154 1185 καταγγιῖλαι
1185 1129 1306 1164 τινα
1336 1106 1490 1180 δίκην
1525 1109 1852 1184 ἑταιρήσεως
1883 1109 2048 1184 ἐπαγ-

393 1199 552 1276 γελία
583 1198 908 1273 δοκιμασίας
937 1197 1173 1275 ἐλέγετο.

460 1290 528 1345 κ’.
558 1289 664 1358 Τήν
698 1289 882 1361 μέντοι
907 1309 971 1364 γε
1004 1288 1272 1366 ἀπόφασιν
1301 1287 1408 1364 οὐχ
1439 1289 1512 1351 ὡς
1537 1291 1701 1362 ἡμεῖς
1733 1288 1761 1342 ὁ
1794 1289 2044 1349 Ἀττικὸς

388 1377 560 1452 νόμος
617 1373 1032 1451 ἐξελαμϐάνετο·
1081 1375 1208 1434 ἀλλ’
1255 1377 1371 1433 ἐπεὶ
1429 1381 1464 1448 ἡ
1523 1385 1625 1448 τῆς
1677 1376 2044 1454 τριηραρχίας

389 1468 538 1544 ἀρχὴ
601 1464 941 1529 έπικίνδυνός
997 1488 1082 1529 τις
1157 1463 1391 1522 δοκοῦσα
1443 1468 1536 1522 τὸν
1600 1470 2045 1544 τριηραρχοῦντα

387 1558 718 1633 κατήπειγεν
760 1557 1153 1630 ἀντιμετρῆσαι
1205 1560 1285 1627 τῷ
1340 1554 1573 1629 κινδύνῳ
1609 1557 1676 1612 τὰ
1729 1556 1947 1628 ἑαυτοῦ,
2003 1556 2038 1625 ἠ

385 1647 705 1723 καταγραφή
753 1647 963 1702 τούτων
1004 1645 1095 1702 καὶ
1144 1647 1172 1700 6
1217 1645 1304 1700 ἰπὶ
1333 1645 1548 1709 τούτοις
1579 1644 1741 1722 ὅρκος
1774 1644 2043 1724 ἀπόφασις

388 1735 481 1805 ἦν.

456 1826 558 1882 κα’.
603 1826 666 1882 Ἦ
699 1822 758 1880 δὲ
787 1820 1066 1880 ἐπωϐελία
1095 1825 1201 1881 ἀπὸ
1239 1822 1336 1880 τοῦ
1367 1819 1735 1896 συϐεϐηκότος
1783 1825 1882 1895 τήν
1915 1845 2039 1879 συν-

385 1915 562 1985 θήκην
593 1913 838 1990 ε’ίληφεν.
893 1913 1116 1984 Ἐπειδή
1164 1915 1267 1991 γὰρ
1317 1914 1520 1970 πολλοὶ
1579 1919 1687 1969 τῶν
1738 1916 1814 1987 μὴ
1861 1913 2038 1969 ἐπιτι-

382 2001 582 2058 θέντων
609 2007 679 2069 τῆ
728 2001 950 2079 γλώττῃ
979 2001 1212 2080 χαλινὸν
1243 2009 1363 2066 τοῖς
1414 2002 1675 2060 ἐπιεικέσι
1701 2003 1792 2058 καὶ
1825 2004 2040 2080 ἀπράγ-

385 2113 514 2168 μοσι
592 2092 996 2168 προσεφύοντο,
1075 2095 1147 2156 ὡς
1222 2093 1445 2156 πλείους
1528 2093 1724 2156 τόκους
1778 2092 1866 2148 ἐπὶ
1922 2097 2042 2156 τοῖς

378 2188 655 2248 ναυτικοῖς
712 2180 1063 2258 κεκερδακόσι
1119 2185 1447 2256 νομίσμασι,
1508 2185 1598 2238 καὶ
1658 2183 1711 2238 οὶ
1773 2183 1870 2256 μὶν
1915 2182 2038 2237 ἀπε-

380 2270 680 2341 δείκνυσαν,
701 2273 753 2326 οἱ
775 2269 834 2327 δὲ
859 2270 1088 2336 πλείους
1123 2275 1300 2346 μάτην
1328 2274 1444 2328 κατ’
1476 2273 1656 2328 αὐτῶν
1684 2271 2034 2348 ἐκεκράγεσαν

375 2362 468 2418 τὸν
553 2362 649 2434 μὲν
702 2359 1096 2418 ἀποδεικνύντα
1160 2361 1571 2436 ἂπροστίμητον
1633 2359 1783 2431 εἷ’ων,
1840 2362 1933 2417 τὸν
1979 2358 2037 2416 δὶ

378 2451 856 2529 συκοφαντήσαντα
886 2445 1093 2506 ὀϐολοῦ
1124 2446 1408 2526 καταϐολῇ
1441 2451 1706 2526 ἐζημίουν
1740 2453 1828 2507 καὶ
1863 2447 2039 2524 ὄνομα

378 2543 449 2615 τῇ
503 2539 678 2614 ζημίᾳ
705 2541 740 2610 ἡ
773 2534 1071 2598 έπωϐελία.

450 2630 558 2705 κβ’.
590 2630 666 2684 Τὰ
697 2629 792 2702 μὶν
828 2629 922 2684 οὗν
941 2633 1050 2684 τῶν
1086 2627 1252 2684 δικῶν
1285 2628 1530 2704 ὀνόματα
1561 2626 1757 2705 σχεδὸν
1790 2632 2033 2684 τοιαῦταο

377 2718 504 2795 περὶ
535 2715 592 2773 δέ
621 2738 685 2794 γε
710 2721 818 2774 τῶν
852 2715 1066 2773 λοιπῶν
1099 2719 1288 2795 καιρὸς
1321 2718 1382 2773 ἂν
1409 2717 1492 2789 ε’ίη
1546 2715 1750 2794 λέγειν,
1800 2717 2034 2794 ἀρξαμέ-

378 2828 503 2870 νους
531 2807 639 2863 ἀπὸ
667 2810 774 2862 τῶν
807 2808 1165 2880 πρυτανείων.

449 2917 552 2991 κγ’.
577 2917 680 2972 Ἦν
713 2912 772 2970 δὲ
799 2915 863 2969 τὸ
892 2919 1214 2992 πρυτανεῖον
1255 2911 1521 2986 δημόσιον
1550 2911 1674 2984 οἵκη
1686 2935 1780 2986 μα,
1829 2912 2030 2988 λήψεσι

389 3001 743 3078 διωρισμίνον
783 3003 875 3060 καὶ
925 3001 1170 3059 δόσεσιν.
1221 3004 1283 3061 Ἡ
1333 3004 1427 3076 μὲν
1487 3004 1578 3058 οὖν
1631 3001 1800 3077 λῆψις
1854 3003 2033 3076 τούτῳ

389 3092 496 3148 ἀπὸ
544 3097 650 3148 τῶν
671 3091 1016 3165 ἡττηθέντων
1065 3094 1138 3148 ὧν
1183 3091 1518 3166 παρανόμως
1566 3095 2028 3168 κατηγορήκασιν*

381 3183 416 3252 ἡ
475 3179 533 3237 δὲ
558 3179 707 3248 δόσις
760 3183 898 3259 πρὸς
953 3181 1082 3244 τοὺς
1115 3179 1358 3254 δημοσίᾳ
1385 3183 1485 3250 τὴν
1539 3182 1704 3238 πόλιν
1737 3176 2028 3256 ὠφεληκὸ-

372 3293 487 3337 τας.
521 3273 794 3336 Ἐντεῦςεν
846 3271 949 3346 γὰρ
995 3273 1084 3327 καὶ
1130 3268 1458 3347 ἀνδριάντες,
1519 3269 1566 3326 ε’ί
1619 3292 1679 3348 γε
1713 3271 2025 3348 βούλοιντο,
2058 3314 2102 3383 C

391 3367 466 3383 ,,'
552 3361 568 3383 Ὶ
742 3362 756 3383 Ι
974 3358 1202 3383 ’μεηἻνκΙ
1275 3381 1321 3383 με
1429 3382 1432 3383 ,
1498 3360 1513 3379 ‘
1583 3363 1751 3383 ῨνκΙκμ
1825 3382 1833 3383 κ
1909 3361 1987 3383 οων

373 3367 493 3426 τοῖς
541 3361 919 3440 ἀριστεύσασιν
969 3358 1369 3437 ίχαλκεύοντο,
1424 3360 1515 3416 καὶ
1574 3363 1836 3432 σιτήσεως
1892 3361 2029 3436 ὡρι-

377 3453 574 3526 σμένον
638 3454 834 3528 μέτρον
893 3457 1011 3516 τοῖς
1060 3452 1436 3521 ἠριστευκόσιν
1478 3447 1690 3506 ἐδίδοτο
1719 3450 1809 3506 καὶ
1837 3455 1946 3505 τῶν
1975 3448 2026 3506 έν

373 3539 760 3616 στρατοπέδοις
789 3539 848 3596 δὲ
878 3542 931 3596 οἱ
953 3534 1345 3616 παρηϐηκότες
1375 3547 1475 3610 τῆς
1497 3541 1729 3616 ἀρχαίας
1748 3539 2028 3616 στρατείας

374 3630 412 3702 ἢ
445 3629 773 3709 στρατηγίας
820 3630 882 3686 ἐκ
927 3634 1026 3686 τοῦ
1072 3630 1398 3704 πρυτανείου
1448 3631 1781 3708 μισθοφορὰν
1834 3628 2026 3702 ἐκομί-

376 3725 556 3790 ζοντο.
1223 3719 1233 3727 ’

441 3807 542 3868 κδ’.
576 3810 645 3868 Οἱ
677 3806 736 3864 δὲ
763 3808 1098 3882 καλούμενοι
1129 3804 1337 3876 ἕνδεκα,
1371 3804 1683 3870 δικαστικὸς
1704 3809 1773 3877 ἦν
1793 3807 2026 3881 ἀριθμὸς

364 3903 483 3960 τοῖς
515 3897 600 3954 ἔπ’
628 3897 965 3974 ἐγκλήμασιν
992 3897 1188 3953 ἁλοῦσι
1216 3897 1314 3960 τὰς
1340 3897 1613 3971 τιμωρίας
1641 3896 1864 3972 ὁρίζων.
1897 3896 2023 3970 Καὶ,

359 3985 451 4042 ’ίνα
485 3989 559 4059 μή
587 4008 640 4042 τι
669 3987 1021 4063 θρασύνοιντο
1051 3985 1189 4041 κατᾶ
1213 3989 1322 4039 τῶν
1351 3983 1610 4054 έκδότων,
1652 3981 2019 4060 πρεσϐυτικὴν

367 4075 504 4151 ἦγον
532 4079 632 4146 τὴν
678 4075 924 4146 ἡλικίαν.
975 4077 1032 4129 '0
1083 4073 1141 4131 δὲ
1188 4075 1391 4151 χρόνος
1439 4075 1598 4138 οὗτος
1628 4074 1844 4144 καὶτῆς
1874 4074 2022 4145 ἀξίας

365 4163 580 4241 ὑφεῖταί
609 4187 662 4220 τι
690 4169 808 4228 τοῖς
835 4165 1277 4242 τιμωρουμένοις
1304 4162 1606 4226 κολάσεως.
1645 4163 1931 4238 Μέμνηται
1964 4161 2021 4218 δὲ

361 4254 452 4310 καὶ
485 4253 712 4310 Πλάτων
743 4259 841 4310 τοῦ
873 4255 1140 4328 ὀνόματος
1169 4253 1390 4310 τούτου.
1423 4254 1484 4311 Ὁ
1509 4252 1611 4329 γὰρ
1654 4257 1751 4308 τοῦ
1799 4249 2019 4327 δεσμω-

360 4343 562 4420 τηρίου
593 4341 765 4422 φύλαξ
798 4343 948 4416 αύτῷ
986 4343 1041 4398 έν
1090 4343 1136 4415 ᾧ
1180 4339 1592 4398 κατεκέκλειστο
1642 4343 1671 4396 6
1718 4343 2018 4414 Σωκράτης

358 4437 478 4495 τοῖς
509 4432 637 4510 περὶ
660 4431 908 4506 Σιμμίαν
927 4432 1021 4487 καὶ
1043 4427 1260 4502 Κέϐητα
1283 4427 1734 4505 διαλεγόμενος,‹‹
1769 4430 1960 4487 λύουσι
1986 4456 2014 4484 ››

362 4523 520 4600 φησὶ,
553 4547 583 4574 ι(
617 4523 708 4577 τὸν
739 4521 1004 4596 Σωκράτη
1037 4523 1090 4576 οἱ
1120 4517 1333 4578 ἕνδεκα.
1367 4545 1397 4572 ››

429 4629 524 4687 κε’.
554 4629 622 4686 Οἱ
654 4625 710 4683 δὶ
742 4625 1018 4698 διαιτηταί
1070 4629 1180 4701 (καὶ
1211 4625 1685 4697 πεντηκοντούτης
1721 4626 1861 4683 ἐστὶν
1893 4625 2013 4682 ἓκα-

2161 754 2408 810 sationis
2429 753 2752 819 differebat,
2778 752 3092 823 suspicans
3117 769 3253 808 eum
3276 769 3554 809 accusare
3583 769 3817 824 aequum

2159 844 2472 910 censebat;
2525 842 2577 898 si
2626 859 2762 897 voro
2813 841 3112 896 videretur
3149 841 3538 898 dissimulans
3591 859 3654 899 se
3701 859 3819 898 non

2157 931 2324 999 velle,
2359 932 2414 987 id
2440 931 2832 1003 jurejurando
2886 929 3233 986 conﬁrmare
3281 930 3628 1002 cogebatur;
3661 931 3819 1002 quod

2151 1023 2578 1094 jusjurandum
2613 1020 2905 1092 abjuratio
2940 1020 3382 1076 nominabatur.

2231 1113 2317 1168 19.
2353 1111 2712 1168 Renuntiare
2737 1116 2935 1167 autem
2960 1111 3278 1180 quamdam
3308 1109 3694 1183 impudicitiae
3727 1127 3820 1167 ac-

2158 1199 2402 1267 tionem,
2437 1201 2802 1273 probationis
2833 1199 3194 1256 renuntiatio
3226 1199 3548 1256 dicebatur.

2225 1310 2316 1363 20.
2351 1309 2646 1365 Bonorum
2680 1307 3139 1380 descriptionem
3186 1323 3303 1362 non
3352 1312 3420 1362 ut
3468 1324 3576 1363 nos
3625 1307 3815 1364 Attica

2157 1397 2245 1453 lex
2275 1398 2600 1468 excipiebat
2632 1414 2645 1452 :
2680 1399 2778 1453 sed
2814 1413 2950 1452 cum
2998 1395 3238 1468 aliquod
3288 1396 3647 1452 trierarcbiae
3678 1414 3810 1452 mu-

2155 1503 2267 1542 nus
2300 1485 2698 1558 periculosum
2729 1486 3030 1541 videretur
3064 1485 3441 1556 triremisque
3469 1487 3808 1558 praefectum

2151 1575 2411 1648 periculo
2462 1592 2571 1631 sua
2621 1575 2878 1630 remetiri
2930 1579 3183 1647 cogeret,
3226 1575 3377 1630 actio
3421 1579 3627 1630 contra
3670 1591 3807 1631 eum

2150 1669 2208 1720 et
2246 1665 2671 1737 jusjurandum
2721 1667 3117 1738 praestitutum
3169 1663 3459 1720 bonorum
3492 1665 3809 1736 descriptio

2151 1759 2294 1810 erat.

2217 1845 2310 1899 21.
2343 1843 2664 1900 Calumnits
2689 1844 2960 1900 multatio
2992 1844 3064 1900 ab
3085 1851 3297 1902 eventu
3319 1843 3809 1916 compositionem

2070 1953 2120 2024 Β
2153 1933 2505 2024 accipiebat.
2531 1935 2852 2005 Postquam
2893 1934 3050 1990 enim
3085 1935 3256 1991 multi
3297 1934 3512 2024 linguas
3541 1950 3659 1989 sua:
3691 1934 3811 2024 fre-

2151 2040 2293 2079 num
2327 2039 2445 2079 non
2492 2023 2866 2095 imponentes
2920 2024 3166 2080 mitibus
3207 2029 3264 2081 et
3309 2023 3578 2080 laborum
3609 2023 3810 2079 vacuis

2151 2113 2525 2169 adhaerebant
2546 2117 2832 2184 tanquam
2860 2111 3107 2169 multam
3137 2129 3378 2170 usuram
3407 2129 3512 2184 per
3539 2112 3811 2168 nauticos

2150 2218 2428 2258 nummos
2486 2201 2760 2274 operatis,
2791 2206 2850 2258 et
2901 2201 3001 2258 alii
3059 2203 3300 2274 quidem
3351 2201 3804 2268 declaraveram,

2147 2291 2410 2362 plerique
2439 2297 2634 2348 autem
2667 2291 2886 2347 frustra
2911 2291 3375 2358 clamitaverant,
3408 2308 3545 2348 eum
3579 2290 3680 2362 qui
3711 2291 3808 2346 de-

2146 2379 2470 2436 claraverat
2507 2379 2866 2453 impunitum
2901 2379 3332 2452 relinquebant,
3364 2396 3499 2436 eum
3530 2397 3666 2435 vero
3699 2379 3800 2451 qui

2146 2469 2545 2526 calumniatus
2588 2475 2713 2525 erat
2759 2469 2914 2526 oboli
2963 2471 3326 2538 multabant;
3358 2473 3415 2525 et
3462 2468 3662 2525 multa:
3693 2485 3798 2525 no-

2148 2575 2281 2614 men
2311 2563 2438 2614 erat
2466 2551 2764 2617 ἐπωϐελία.

2215 2649 2307 2703 22.
2339 2647 2593 2703 Nomina
2622 2648 2859 2720 quidem
2893 2648 3191 2704 actionum
3221 2648 3364 2704 talia
3391 2652 3552 2704 sunt.
3587 2649 3664 2704 De
3693 2664 3800 2704 cae-

2144 2737 2290 2792 teris
2336 2741 2534 2793 autem
2585 2737 2912 2793 disserendi
2970 2743 3206 2809 tempus
3255 2743 3365 2806 est,
3417 2754 3452 2794 a
3499 2737 3797 2810 prytaneis

2142 2825 2498 2898 incipiendo.

2213 2917 2304 2972 23.
2339 2917 2692 2990 Prytaneum
2724 2921 2851 2973 erat
2879 2917 3030 2974 aedes
3059 2916 3315 2990 publica,
3343 2917 3598 2990 acceptis
3628 2921 3684 2974 et
3704 2919 3802 2974 do-

2143 3005 2236 3062 nis
2294 3005 2772 3062 determinatum.
2813 3006 3146 3079 Accipiebat
3203 3011 3402 3064 autem
3452 3007 3525 3062 ab
3573 3007 3646 3063 iis
3695 3008 3798 3078 qui

2142 3112 2277 3151 cum
2321 3095 2592 3166 improbe
2636 3099 3038 3163 accusassent,
3074 3095 3206 3152 victi
3250 3096 3514 3164 fuerant;
3546 3097 3804 3153 donabat

2139 3201 2276 3240 vero
2326 3184 2399 3239 iis
2433 3183 2530 3253 qui
2575 3184 2807 3256 publice
2857 3185 2928 3239 de
2977 3184 3123 3240 urbe
3172 3185 3320 3240 bene
3368 3185 3558 3241 meriti
3607 3191 3798 3243 erant.

2140 3274 2281 3329 Inde
2339 3272 2496 3330 enim
2558 3290 2726 3329 aenea:
2789 3277 2997 3329 statuae
3055 3273 3477 3331 excellentibus
3533 3274 3696 3342 viris,
3745 3276 3797 3331 si

2139 3362 2373 3428 vellent,
2408 3362 2780 3434 ponebantur
2818 3366 2873 3418 et
2922 3363 3204 3419 frumenti
3253 3363 3463 3419 iisdem
3498 3363 3796 3434 quantitas

2139 3451 2534 3509 determinata
2579 3452 2876 3508 dabatur:
2929 3455 2987 3507 et
3045 3451 3147 3523 qui
3201 3452 3260 3506 in
3319 3452 3531 3508 castris
3578 3454 3797 3509 versati

2139 3545 2336 3610 erant;
2371 3557 2504 3597 cum
2541 3558 2745 3598 earum
2788 3545 2929 3597 aetas
2958 3540 3361 3610 deﬂoruisset;
3392 3541 3605 3598 veteris
3635 3542 3796 3599 mili-

2137 3633 2231 3688 tias
2264 3636 2323 3687 et
2361 3631 2802 3704 expeditionum
2852 3647 2921 3687 ex
2966 3635 3247 3703 prytanea
3278 3631 3606 3688 mercedem
3639 3631 3793 3687 acci-

2137 3720 2398 3792 piebant.

2205 3809 2296 3864 24.
2340 3809 2448 3874 Qui
2493 3813 2692 3866 autem
2739 3810 3104 3865 vocabantur
3151 3808 3446 3875 undecim,
3488 3809 3792 3880 judicialis

2133 3913 2420 3953 numerus
2477 3902 2602 3952 erat
2634 3913 2836 3968 poenas
2867 3899 3186 3954 decernens
3219 3897 3291 3952 iis
3323 3897 3424 3968 qui
3473 3898 3789 3954 criminum

2134 3986 2550 4057 arguebantur.
2583 3988 2662 4040 Ac
2695 4002 2766 4041 ne
2813 3986 3157 4042 audaciores
3207 3990 3406 4042 essent
3457 3990 3660 4042 contra
3690 4003 3790 4042 eos

2133 4073 2232 4145 qui
2291 4073 2438 4145 ipsis
2485 4074 2896 4140 tradebantur,
2931 4072 3176 4128 senilem
3230 4075 3462 4128 aetatem
3513 4073 3787 4144 agebant.

2130 4166 2266 4230 Quae
2297 4168 2436 4218 satas
2489 4163 2822 4218 remittebat
2851 4161 3074 4234 punitis
3126 4161 3303 4217 etiam
3337 4160 3554 4232 aliquid
3605 4179 3788 4234 poene

2129 4253 2358 4310 debitae.
2391 4252 2656 4309 Meminit
2689 4257 2746 4308 et
2776 4251 2938 4307 Plato
2989 4251 3172 4322 hujus
3215 4250 3493 4306 nominis.
3527 4251 3791 4309 Carceris

2127 4343 2286 4400 enim
2319 4343 2378 4397 in
2412 4359 2528 4413 quo
2561 4340 2978 4397 includebatur
3002 4345 3268 4396 Socrates
3298 4344 3500 4397 custos
3529 4341 3788 4397 Simmiaa

2126 4438 2185 4488 et
2213 4432 2408 4488 Cebeti
2440 4431 2525 4487 sic
2555 4431 2820 4503 loquitur
2855 4449 2904 4487 :«
2938 4430 3204 4498 Solvunt,
3236 4429 3451 4504 inquit,
3484 4431 3786 4488 Socratem

2127 4522 2412 4578 undecim.
2449 4543 2478 4571 »

2192 4613 2283 4665 25.
2317 4610 2536 4666 Arbitri
2587 4615 2786 4667 autem
2819 4609 3275 4681 (quinquaginta
3300 4611 3552 4681 quisque
3596 4627 3784 4667 annos

360 4737 506 4790 στος,
571 4712 855 4792 βεϐιωκὼς
904 4689 1096 4794 όὶριστα
1143 4716 1234 4772 καὶ
1278 4689 1455 4788 πάσης
1501 4689 1675 4779 αἲτίας
1723 4714 2012 4793 ἀπηλλαγ-

2150 4706 2302 4756 latus
2340 4705 2450 4768 est,
2485 4700 2704 4772 optime
2732 4699 2877 4754 vixit
2905 4704 2963 4754 et
2990 4699 3188 4754 omnis
3237 4698 3505 4754 criminis
3551 4715 3780 4770 expers,

363 4807 541 4881 μένος,
599 4809 786 4881 νόμων
833 4827 894 4861 τε
943 4804 1191 4881 εἱδήμων
1249 4807 1342 4862 καὶ
1393 4806 1648 4867 καθιστὰς
1676 4807 1771 4868 τὰς
1799 4807 2011 4884 γραφὰς

361 4896 438 4958 εἷς
471 4897 532 4952 τὸ
566 4895 809 4973 μέτριον,
841 4895 930 4952 καὶ
959 4897 1022 4952 τὸ
1065 4894 1195 4951 ὅλον
1229 4893 1594 4973 εἶρηνοδίκης)
1654 4900 1770 4958 τοῖς
1825 4896 2015 4958 αὐτοῖς

363 4983 696 5048 διαιτοῦντες
745 4986 842 5047 τὰς
886 4985 1004 5039 κατ’
1051 4981 1321 5055 ἀλλήλων
1378 4986 1608 5063 γραφάς.
1663 4982 1758 5057 Τῷ
1817 4981 1874 5038 δὶ
1935 4984 2010 5057 μὴ

361 5073 654 5151 αύτόχθονι
706 5075 814 5130 οὐκ
869 5072 1050 5152 ἰφεῖτο
1098 5072 1320 5129 εἰσιέναι
1365 5073 1513 5149 παρᾶ
1559 5074 1650 5128 τὸν
1706 5071 2011 5144 διαιτητὴν,

362 5160 488 5219 οὔτε
519 5162 774 5219 διώκοντι
809 5159 934 5218 οὕτε
961 5161 1237 5238 φεύγοντι.

430 5255 532 5318 κς’.
560 5255 630 5311 Οἱ
660 5251 719 5308 δὲ
739 5251 1016 5326 ἐπώνυμοι
1039 5251 1369 5329 ἀντιστροφή
1401 5251 1491 5314 τίς
1521 5250 1685 5324 ἆστιν,
1716 5253 1790 5314 ὡς
1822 5246 2015 5326 ἔμοιγε

361 5339 534 5410 δοκεῖ,
585 5336 874 5415 ὀνόματος.
923 5340 1060 5395 Δέκα
1101 5341 1204 5416 γὰρ
1245 5337 1442 5416 ἄνδρας
1470 5345 1579 5395 τῶν
1610 5339 2013 5413 πεπολιτευμέ-

357 5435 465 5487 νῶν
517 5432 600 5487 ἐπ’
634 5429 865 5506 εὐτυχίᾳ
909 5437 1011 5500 τῆς
1053 5427 1272 5490 πόλεως
1313 5430 1432 5492 καθ’
1490 5429 1736 5502 ἑαυτοὺς,
1765 5427 2014 5492 ὡς’ἔτυ-

361 5539 459 5596 χεν
525 5518 1018 5593 έπωνομασμένους
1086 5515 1502 5592 παραδείγματα
1568 5525 1686 5580 τοῖς
1757 5517 2012 5580 πολίταις

362 5609 626 5679 έτίθεσαν,
669 5608 915 5671 καὶτοὺς
979 5608 1073 5682 μὶν
1131 5603 1292 5679 τῷδε,
1331 5606 1461 5670 τοὺς
1516 5605 1574 5662 δὲ
1605 5607 1792 5680 ἐκείνῳ
1849 5627 2014 5684 προσ-

363 5699 578 5775 ένεμον,
607 5698 700 5754 καὶ
750 5697 841 5753 ἀπ’
891 5695 1111 5753 έκιίνων
1146 5693 1456 5771 ὠνόμαζον,
1513 5697 1548 5766 ἢ
1614 5697 1831 5765 ζώντων
1881 5701 2014 5766 ζῶν-

363 5807 479 5860 τας,
513 5790 549 5861 ἢ
583 5789 920 5860 τεθνηκότων
965 5784 1056 5841 καὶ
1102 5782 1345 5862 χαλκαῖς
1376 5783 1750 5858 ἀνεστηκότων
1818 5785 2011 5858 εἰκόσι,

2123 4789 2442 4861 legumque
2491 4788 2717 4860 peritus
2749 4795 2858 4857 est,
2889 4791 2947 4842 et
2994 4786 3402 4843 accusationes
3451 4787 3780 4843 secundum

2123 4879 2459 4951 aequitatem
2510 4877 2834 4950 componit,
2866 4881 2924 4933 ct
2972 4875 3134 4946 pacis
3187 4881 3389 4932 custos
3413 4874 3524 4947 est)
3554 4875 3593 4930 ii
3641 4879 3783 4931 sunt

2123 4967 2221 5038 qui
2256 4967 2666 5024 accusationes
2687 4967 2758 5022 ad
2780 4963 3031 5020 invicem
3055 4963 3436 5020 arbitrantur.
3466 4962 3554 5019 Illi
3581 4968 3781 5020 autem

2123 5058 2224 5128 qui
2258 5074 2372 5112 non
2405 5061 2530 5112 erat
2558 5055 2836 5128 indigena
2875 5071 2990 5110 non
3035 5053 3248 5109 licebat
3277 5055 3564 5109 arbitrum
3597 5053 3778 5122 adire,

2123 5146 2245 5202 sive
2278 5151 2751 5218 persequeretur,
2785 5145 2910 5200 sive
2939 5160 3074 5200 reus
3104 5148 3278 5199 esset.

2191 5253 2282 5308 26.
2316 5252 2438 5308 Vox
2478 5251 2879 5324 cognominati
2926 5255 3016 5305 est
3063 5249 3332 5320 quaedam
3379 5248 3639 5306 nominis
3685 5249 3781 5305 in-

2122 5341 2336 5410 versio,
2369 5346 2435 5396 ut
2466 5341 2610 5396 mihi
2665 5341 2919 5396 videtur.
2955 5345 3157 5394 Decem
3199 5338 3357 5392 enim
3387 5337 3542 5394 viros
3590 5356 3657 5395 ex
3709 5339 3784 5396 iis

2123 5430 2224 5502 qui
2248 5445 2525 5502 prospere
2548 5447 2669 5486 rem
2680 5429 2974 5502 publicam
3000 5444 3101 5498 per
3122 5443 3185 5484 se
3206 5426 3783 5496 administraverant,

2123 5524 2182 5576 et
2210 5519 2474 5591 quolibet
2515 5519 2753 5574 nomine
2787 5517 3100 5588 insignitos
3146 5521 3210 5570 ut
3255 5514 3613 5588 exemplaria
3643 5519 3783 5573 civi-

2123 5609 2236 5664 bus
2283 5609 2722 5680 proponebant;
2757 5611 2815 5663 et
2843 5605 2990 5662 alios
3021 5605 3261 5676 quidem
3293 5603 3453 5674 huic,
3485 5605 3616 5661 aliis
3647 5622 3779 5662 vero

2122 5696 2209 5752 illi
2232 5696 2624 5762 ascribebant,
2651 5701 2710 5751 et
2732 5696 2806 5751 ab
2827 5693 2948 5750 illis
2969 5692 3468 5766 cognominabant
3487 5693 3611 5749 sive
3631 5694 3778 5750 vivis

2123 5785 2244 5842 sive
2276 5786 2526 5841 mortuis
2557 5793 2612 5840 et
2632 5801 2823 5840 aeneas
2849 5787 3076 5840 statuas
3097 5782 3420 5852 erigentes;
3445 5782 3600 5838 unde
3628 5781 3774 5837 alios
