4124 6392
353 433 508 495 1015

1689 444 2118 507 MICHAELIS
2159 445 2430 508 PSELLI

3618 453 3782 514 1016

350 566 639 622 vocabant
669 567 944 638 Pericles,
966 569 1110 626 alios
1155 588 1289 628 vero
1327 573 1654 646 Agesilaos.
1686 576 1841 640 Quos
1888 576 2006 632 ele-

2136 576 2445 653 [Ῑερικλέας,
2479 580 2523 635 εἷ
2553 582 2739 658 τύχοι,
2771 584 2861 638 καὶ
2889 581 3262 659 ’Ᾱγησιλάους
3291 585 3778 657 κατανομάζοντες.

349 659 555 724 gerant
607 655 818 711 heroas
890 659 1301 730 appellabant;
1360 679 1681 736 eponymos
1727 682 1861 722 vero
1913 682 2010 721 eos

353 759 502 813 quos
554 743 636 798 ita
685 747 1268 818 cognominaverant.
1321 752 1387 805 Et
1440 753 1801 825 quicumque
1853 753 2012 827 leges

354 831 829 903 introducebant,
864 839 1103 893 attentis
1134 841 1463 912 eponymis,
1498 843 1924 914 proponebant,
1958 848 2015 899 et

355 920 594 977 omnino
627 923 796 994 quasi
827 924 900 980 iis
944 926 1418 999 inspicientibus,
1453 931 2013 1004 rempublicamZad-

356 1009 800 1068 ministrabant.

425 1101 516 1153 27.
551 1101 758 1158 Scriba
808 1108 1002 1160 autem
1035 1111 1094 1162 et
1124 1109 1316 1164 scriba
1346 1110 1733 1166 secundarius
1775 1110 2016 1166 humilis

353 1189 605 1245 actionis
654 1208 868 1247 nomen
923 1199 1033 1249 est.
1066 1195 1304 1252 Judices
1352 1199 1509 1253 enim
1561 1203 2016 1269 praetercurrens

347 1277 597 1348 justitiaa
639 1297 810 1337 voces
868 1285 1126 1340 notabat.
1162 1285 1326 1343 Unde
1373 1292 1430 1343 et
1476 1289 1902 1346 Demosthenes
1956 1291 2012 1345 in

355 1367 740 1432 responsione
796 1371 1078 1428 irridebat
1123 1374 1456 1432 [Eschinem
1509 1377 1618 1432 hoc
1677 1383 1852 1435 utens
1909 1396 2015 1435 no-

356 1472 536 1511 Πὶιῐιθ.

423 1547 514 1600 28.
547 1547 758 1602 Contra
789 1550 1016 1622 sciptor
1043 1549 1449 1629 (ἀντιγραφεύς)
1473 1556 1676 1611 eadem
1710 1557 1920 1630 agebat
1949 1574 2015 1614 ac

356 1635 552 1689 scriba
583 1638 994 1710 secundarius,
1019 1647 1258 1714 excepto
1291 1645 1444 1714 quod
1477 1644 1576 1700 ille
1607 1650 1762 1701 sorte
1792 1645 2015 1702 electus

360 1723 740 1795 magistratus
783 1732 927 1783 erat.
961 1730 1030 1784 Et
1059 1748 1425 1804 quacunque
1456 1739 1699 1791 senatus
1730 1735 2014 1792 adminis-

357 1813 554 1868 trabat
583 1820 787 1872 contra
817 1817 1071 1890 scriptor
1099 1820 1324 1877 calamo
1359 1824 1620 1880 notabat.

426 1903 518 1956 29.
547 1903 714 1959 Sorte
735 1904 901 1961 electi
925 1909 1313 1980 magistratus
1334 1916 1502 1968 erant
1528 1917 1868 1985 quaestores,
1891 1932 2015 1972 vec-

354 1989 626 2064 tigalium
658 1999 956 2051 exactores
989 2001 1045 2051 et
1073 2000 1618 2073 contrascriptores.

423 2099 539 2153 29‘.
576 2101 704 2156 Haec
733 2106 806 2157 de
845 2106 1461 2178 contrascriptoribus.
1494 2109 1800 2168 Exactores
1842 2128 2012 2184 porro

352 2203 388 2242 a
419 2193 628 2243 senatu
661 2187 1036 2262 eligebantur
1064 2197 1298 2265 quando
1330 2197 1470 2253 belli
1502 2203 1766 2271 tempore
1796 2201 2012 2257 civium

351 2275 754 2346 opulentiores
785 2280 854 2336 de
885 2298 992 2338 suo
1035 2284 1405 2341 contribuere
1459 2288 1768 2344 debebant.
1802 2291 1864 2345 Id
1913 2306 2014 2362 pe-

350 2363 541 2420 cuniae
571 2367 673 2437 qui
704 2367 1016 2440 exigebant
1044 2380 1346 2430 exactores
1376 2376 1759 2434 vocabantur.

419 2542 511 2597 30.
544 2547 873 2607 Quaestores
917 2565 1054 2605 vero
1085 2553 1402 2620 quotannis
1436 2554 1664 2610 fructus
1697 2557 2016 2614 referentes

349 2636 520 2686 erant
564 2638 623 2688 et
670 2652 928 2692 annuam
981 2640 1355 2712 vectigalium
1403 2642 1759 2699 solutionem
1812 2647 2016 2702 aerario

355 2718 705 2777 inferebant.

424 2809 516 2864 3l.
549 2810 760 2868 Ternio
793 2830 994 2870 recens
1041 2833 1252 2872 nomen
1296 2823 1385 2874 est
1415 2821 1571 2890 apud
1602 2821 2014 2895 Athenienses,

357 2896 686 2955 Clisthenes
718 2901 874 2957 enim
909 2905 1148 2974 quinam
1183 2905 1242 2961 in
1277 2907 1519 2979 triginta
1551 2917 1748 2982 partes
1780 2929 2009 2968 omnem

354 2986 610 3042 Atticam
644 2989 978 3061 distribuit;
1013 3011 1268 3067 cumque
1306 2998 1499 3054 Attica
1529 3001 1742 3072 partim
1776 3009 2015 3074 propter

354 3091 513 3131 mare
555 3079 768 3148 jaceat,
803 3081 1017 3152 partim
1068 3086 1278 3142 mediis
1311 3087 1369 3142 in
1401 3089 1596 3157 terris,
1631 3091 1844 3162 partim
1877 3109 2011 3148 vero

352 3163 506 3221 circa
540 3167 745 3224 urbem
780 3173 1130 3243 extenditur,
1156 3175 1355 3232 decem
1385 3179 1622 3250 quidem
1659 3187 1854 3252 partes
1888 3199 2009 3237 ma-

353 3254 563 3309 ritimae
595 3260 817 3329 regioni
846 3262 1080 3331 tribuit,
1113 3266 1313 3321 decem
1347 3283 1479 3323 vero
1510 3269 1558 3324 ei
1594 3286 1720 3341 quae
1776 3271 1834 3326 in
1888 3289 2008 3328 me-

354 3342 468 3398 diis
500 3346 673 3400 terris
698 3349 876 3418 jacet,
907 3351 1225 3422 decemque
1249 3355 1299 3410 ei
1332 3373 1458 3427 quae
1488 3374 1666 3428 pr0pe
1695 3361 1894 3416 urbem
1928 3366 2019 3416 est

351 3431 594 3502 tribuit;
630 3437 688 3490 et
719 3453 1088 3511 unaquaeque
1119 3442 1292 3497 tertia
1324 3461 1460 3514 pars
1492 3447 1681 3503 ternio
1716 3450 2019 3508 nominata

361 3523 472 3575 est.

429 3610 520 3664 32.
555 3611 844 3676 Quoniam
873 3632 1006 3672 vero
1053 3618 1112 3673 in
1161 3621 1369 3677 Atticis
1419 3629 1861 3684 commentariis
1908 3629 2016 3687 hoc

359 3695 579 3752 dictum
614 3715 848 3772 quoque
880 3703 1360 3775 frequentissime
1398 3715 1671 3780 occurrit,
1708 3715 2016 3790 lutropho-

356 3801 490 3840 rum
545 3789 774 3846 tumulo
833 3809 1150 3864 apponero,
1187 3814 1302 3854 non
1354 3801 1590 3859 silentio
1643 3805 1752 3861 hoc
1800 3789 2012 3866 nomen

356 3879 828 3945 praetereundum
856 3886 964 3936 est.
989 3883 1386 3957 Lutrophoros
1407 3907 1508 3946 vas
1531 3897 1620 3947 est
1643 3894 1712 3948 ad
1738 3895 2012 3955 balneum

354 3963 429 4018 iis
460 3965 560 4036 qui
595 3969 856 4025 nondum
891 3974 1186 4029 connubio
1208 3976 1400 4046 juncti
1427 3985 1567 4036 sunt
1595 3993 2011 4061 praeparatum,

354 4056 892 4144 connuliiojunctis
912 4065 1297 4122 confractum.
1321 4067 1406 4123 Illi
1427 4070 1607 4142 igitur
1623 4056 1730 4144 qui
1750 4056 2010 4133 nondum

351 4142 626 4214 conjugio
651 4147 898 4214 junctus
931 4156 1057 4206 erat
1086 4157 1143 4208 et
1175 4156 1274 4225 qui
1305 4162 1472 4213 natos
1508 4142 1879 4220 non—habens
1910 4165 2009 4220 de-

349 4229 591 4319 functus
623 4240 866 4292 eratvas
899 4238 1046 4296 illud
1079 4243 1310 4300 tumulo
1342 4249 1749 4319 apponebatur
1779 4257 1844 4308 ut
1873 4259 2010 4310 teta-

349 4317 429 4374 tis
461 4325 518 4374 et
549 4320 868 4381 liberorum
903 4329 1172 4386 orbitatis
1203 4317 1564 4403 symbolum.

419 4407 511 4461 33.
548 4407 694 4465 Illud
730 4418 927 4471 autem
962 4439 990 4468 «
1024 4418 1292 4477 elationis
1324 4427 1584 4496 tempore
1613 4425 1878 4485 lanceam
1925 4432 2010 4488 ef-

347 4494 498 4552 ferre
531 4521 558 4547 ››
591 4505 796 4558 contra
845 4520 944 4560 eos
1001 4508 1098 4578 qui
1157 4511 1514 4582 occiderant,
1566 4520 1668 4571 aut
1723 4519 2011 4577 occidisse

345 4587 740 4657 putabantur,
800 4593 1124 4652 dicebatur.
1182 4600 1467 4658 Elationis
1525 4607 1684 4661 enim
1748 4613 2010 4680 tempore

2121 665 2384 722 Ἐκάλουν
2420 666 2476 723 δὲ
2505 670 2632 733 τοὺς
2684 671 3031 748 ἐπιλεγέντας
3078 673 3288 748 ἥρωας,
3340 671 3665 747 ἐπωνύμους
3721 673 3781 730 δὶ

2121 753 2250 816 τοὺς
2279 757 2397 811 κατ’
2427 757 2665 821 ἐκείνους
2697 759 3121 834 ὠνομασμένους
3155 758 3299 815 οὕτω
3331 758 3542 818 καλεῖν.
3595 759 3692 816 Καὶ
3727 763 3780 816 οἱ

2121 842 2249 898 τοὺς
2283 845 2488 919 νόμους
2521 848 2902 925 εἰσηγούμενοι
2936 849 3025 904 ἐπί
3055 855 3174 912 τοῖς
3224 848 3537 924 ἐπωνύμοις
3565 851 3783 915 τούτοις

2125 930 2383 1007 ἐτίθεσαν,
2415 937 2506 991 καὶ
2553 938 2765 1000 πάντως
2815 938 2894 994 ἐπ’
2939 939 3166 1002 ἐκείνοις
3211 939 3286 1001 ὡς
3315 938 3554 1016 ἐφορῶσι
3583 939 3650 994 τὰ
3676 947 3778 1010 τῆς

2123 1021 2407 1087 πολιτείας
2441 1024 2670 1100 διῴκουν
2700 1034 3016 1105 πράγματα.

2198 1115 2296 1182 κζ’.
2347 1115 2407 1172 Ὁ
2449 1113 2505 1171 δὶ
2554 1120 2912 1193 γραμματεὺς
2944 1122 2979 1190 ἢ
3014 1118 3476 1195 ὑπογραμματεὺς
3533 1121 3783 1198 πράξεως

2127 1200 2378 1266 εὐτελοῦς
2428 1204 2566 1261 ἐστιν
2617 1203 2830 1280 ὄνομα.
2883 1207 3023 1271 Τοὺς
3081 1209 3187 1284 γὰρ
3239 1206 3493 1272 δικαστὰς
3545 1211 3780 1287 ὑποτρέ-

2125 1311 2242 1368 χων
2274 1293 2369 1356 τὰς
2416 1302 2516 1364 τῆς
2561 1295 2784 1370 θέμιδος
2830 1297 3156 1372 ἐσημειοῦτο
3205 1300 3406 1376 φωνάς.
3456 1301 3640 1356 Ἔνθεν
3689 1301 3779 1356 τοὶ

2125 1381 2213 1436 καὶ
2272 1384 2626 1456 Δημοσθένης
2679 1386 2729 1441 ἐν
2789 1393 2908 1450 ταῖς
2959 1387 3318 1464 ἀντικρίσεσιν
3372 1389 3654 1464 ἐπέσκωψε
3699 1394 3780 1462 τῷ

2124 1470 2366 1546 Αἰσχίνῃ
2397 1474 2458 1528 τὸ
2492 1469 2668 1547 ὄνομα
2684 1522 2686 1525 ,

2196 1582 2288 1631 κη.
2321 1563 2381 1618 Ὀ
2413 1560 2470 1616 δὲ
2501 1563 2857 1642 ἀντιγραφεὺς
2886 1564 3054 1620 ταύτά
3089 1567 3183 1639 μὶν
3217 1564 3348 1643 ἕδρα
3375 1569 3455 1641 τῷ
3497 1569 3778 1644 ὑπογραμ-

2129 1655 2308 1722 ματεῖ,
2341 1649 2488 1721 πλὴν
2534 1651 2659 1708 ὅσον
2713 1651 2871 1716 οὗτος
2899 1652 3192 1731 κληρωτὸς
3239 1654 3420 1732 ἄρχωι
3478 1656 3776 1734 ἐτύγχανεν

2125 1736 2222 1796 ὢν.
2258 1741 2352 1794 Καὶ
2387 1742 2541 1811 δσαὴ
2581 1741 2756 1817 βουλὴ
2790 1739 2974 1816 διῴκει
2994 1748 3280 1820 γράμματι
3314 1744 3777 1820 ἐνσημαινόμενος

2123 1829 2476 1908 ἀντιγραφεὺς
2507 1831 2845 1905 ὠνομάζετο.

2043 1949 2094 2018 Β
2195 1921 2291 1975 κθ’.
2331 1919 2621 1994 Κληρωταὶ
2655 1918 2712 1976 δὲ
2742 1922 2936 1998 ἀρχαὶ,
2957 1922 3260 2002 πράκτορες
3290 1923 3536 2002 ἐκλογεῖς
3566 1926 3656 1982 καὶ
3688 1925 3778 1982 ἀν-

2121 2027 2428 2080 τιγραφεις.

2462 2100 2555 2172 μὲν
2591 2097 2682 2154 οῦν
2709 2105 2816 2155 τῶν
2851 2100 3219 2178 ἀντιγραφέων
3253 2100 3510 2172 δηλώσας
3551 2102 3777 2182 ἔφθασα.

2122 2186 2185 2240 Ol
2217 2183 2275 2240 δὲ
2306 2185 2556 2263 ἐκλογαῖς
2585 2189 2731 2265 παρά
2757 2197 2857 2259 τῆς
2893 2191 3103 2266 βουλῆς
3151 2191 3510 2268 ἐκληροῦντο,
3546 2194 3784 2264 ὁπηνίκα

2123 2274 2175 2329 ἐν
2209 2275 2442 2350 πολέμῳ
2461 2278 2852 2348 καθεστηκότες
2882 2280 3010 2342 τοὺς
3046 2281 3458 2358 εὐπορωτέρους
3489 2288 3599 2339 τῶν
3621 2283 3784 2340 πολι·

2121 2370 2232 2420 τῶν
2263 2360 2449 2442 ἔρανόν
2482 2389 2599 2422 τινα
2627 2373 2787 2443 κοινῇ
2821 2376 3234 2448 συνεισενεγκεῖν
3255 2369 3383 2427 ἔδειο
3402 2373 3491 2428 καὶ
3517 2375 3568 2429 οἱ
3590 2373 3783 2430 τοῦτον

2124 2451 2506 2529 ἐπιλεγόμενοι
2537 2455 2784 2533 έκλογεῖς
2812 2458 3186 2532 ὠνομάζοντο.

2197 2541 2264 2600 λ’.
2300 2545 2366 2601 Ol
2401 2543 2457 2599 δὲ
2505 2547 2807 2621 πράκτορες
2859 2547 3232 2628 ἐπετειοφόροι
3280 2550 3441 2620 ἦσαν,
3481 2553 3581 2622 τὴν
3605 2551 3785 2608 ἐνιαύ-

2125 2651 2240 2686 σιον
2288 2638 2395 2687 τῶν
2449 2634 2728 2690 ὑποτελῶν
2761 2636 3070 2693 συντέλειαν
3102 2644 3183 2712 τῷ
3217 2637 3471 2714 δημοσιῳ
3505 2662 3782 2697 συνεισκο-

2128 2721 2396 2795 μίζοντες.

2196 2809 2298 2867 λα’.
2333 2809 2459 2868 Ἰἰδὶ
2484 2813 2702 2891 τριττὺς
2731 2819 3010 2893 νεωτέρων
3040 2813 3215 2891 ὄνομα
3252 2821 3400 2896 παρά
3442 2826 3560 2885 τοῖς
3612 2823 3782 2892 Ἀθη-

2121 2899 2295 2963 ναίοις
2329 2901 2458 2956 ἐστί.
2495 2903 2822 2976 Κλεισθένης
2875 2906 2977 2983 γὰρ
3013 2928 3118 2979 τις,
3152 2907 3230 2970 εἰς
3256 2911 3546 2984 τριάκοντα
3584 2911 3786 2986 μοίρας

2120 2990 2220 3056 τήν
2251 2991 2504 3061 Ἀττικὴν
2534 2993 2741 3048 ἅπασαν
2798 2991 3100 3068 διανείμας,
3153 2994 3342 3067 ἐπειδή
3384 2998 3446 3053 τὸ
3480 3001 3575 3072 μὶν
3610 2999 3783 3070 αὐτῆς

2122 3078 2566 3144 ἐπιθαλαττίδιον
2599 3086 2690 3153 ἧν,
2721 3084 2782 3140 τὸ
2815 3083 2873 3140 δέ
2904 3085 2990 3141 ἐπὶ
3035 3092 3132 3142 τοῦ
3181 3088 3347 3161 μέσου
3395 3096 3636 3160 καθῆστο
3677 3097 3781 3160 τῆς

2122 3170 2331 3246 χώρας,
2358 3176 2422 3226 τὸ
2454 3169 2511 3227 δὲ
2541 3174 2687 3248 παρά
2715 3175 2778 3228 τὸ
2810 3171 2939 3230 ἄστυ
2967 3176 3326 3251 συνέστρωτο,
3364 3175 3492 3234 δέκα
3521 3179 3619 3252 μὲν
3652 3180 3774 3252 μοί-

2131 3280 2223 3336 ρας
2254 3265 2323 3326 τῆ
2356 3260 2614 3336 παραλίῳ
2644 3265 2982 3340 συντέτευχε,
3036 3262 3165 3321 δέκα
3211 3263 3268 3322 δὶ
3315 3268 3638 3338 κατέστησεν
3689 3267 3777 3323 ἐπὶ

2046 3320 2090 3388 C
2281 3320 2595 3426 μεσόγειον,
2633 3349 2760 3407 δέκα
2813 3350 2868 3407 δὲ
2901 3320 3262 3429 Λἀστυνόμους

2125 3439 2487 3512 τριτημόριον
2514 3438 2731 3513 τριττὺς
2764 3439 3072 3514 ὠνόμαστο.

2199 3613 2308 3692 λβ’.
2339 3617 2487 3672 Ἐπεὶ
2522 3615 2579 3672 δὶ
2609 3617 2661 3673 ἐν
2690 3623 2810 3683 ταῖς
2829 3621 3102 3682 Ἀττικαῖς
3130 3621 3466 3701 ἀναγραφαῖς
3492 3623 3583 3678 καὶ
3613 3628 3778 3679 τοῦτο

2123 3710 2230 3760 τῶν
2272 3705 2568 3783 πολλαχοῦ
2619 3707 2932 3783 λεγομένων
2971 3710 3103 3782 ἐστὶ,
3150 3709 3523 3789 λουτροφόρον
3567 3711 3781 3778 ἐπιθεῖ-

2123 3817 2208 3850 ναι
2264 3798 2442 3873 τάφῳ,
2517 3795 2658 3871 μηδὲ
2714 3797 2874 3855 τοῦτο
2933 3799 3292 3876 παρέλθωμεν
3351 3799 3612 3876 τοῦνομα.
3651 3804 3777 3878 Ἀγ-

2121 3893 2268 3961 γεῐον
2323 3889 2351 3942 ὁ
2407 3887 2779 3966 λουτροφόρος
2832 3888 2944 3944 ἐστὶ
2997 3894 3112 3951 τοῖς
3171 3892 3341 3962 μήπω
3401 3892 3777 3965 μεγαμηκόσιν

2123 3976 2210 4031 ἐπὶ
2235 3977 2302 4031 τὰ
2334 3976 2537 4052 λοῦτρα
2557 3978 3093 4052 παρακομιζόμενον,
3128 3981 3480 4049 συνοικήσασι
3513 3979 3570 4035 δὲ
3599 4001 3776 4058 παρα-

2122 4065 2456 4140 θραυύμενον
2485 4068 2579 4137 Τῷ
2603 4067 2782 4121 τοίνυν
2815 4066 3013 4141 ἀγάμῳ
3040 4067 3131 4122 καὶ
3168 4064 3356 4122 ἅπαιδι
3387 4067 3774 4140 τελευτήσαντι

2119 4155 2271 4209 τουτὶ
2303 4156 2366 4209 τὸ
2414 4155 2632 4230 ἀγγεῖον
2677 4160 2755 4227 τῷ
2800 4156 2957 4234 τάφῳ
2989 4155 3190 4212 ἐτίθετο
3221 4152 3504 4230 σύμϐολον
3536 4159 3648 4232 ἅμα
3676 4166 3778 4229 τῆς

2119 4265 2179 4298 τε
2209 4243 2434 4313 ἡλικίας
2467 4244 2557 4299 καὶ
2586 4251 2692 4314 τῆσ
2721 4243 3001 4308 ἀπαιδίας.

2194 4423 2293 4498 λγ’.
2326 4423 2396 4478 Τὸ
2427 4421 2484 4479 δὲ
2514 4423 2595 4478 ἐπ’
2628 4423 2830 4502 ἐκφορᾷ
2859 4423 2990 4498 δόρυ
3014 4424 3303 4501 ἐξενεγκεῖν
3323 4427 3458 4482 κατὰ
3476 4431 3584 4481 τῶν
3605 4428 3776 4482 ἀποκ-

2118 4511 2381 4568 τενόντων
2433 4513 2653 4590 ἐλέγετο
2789 4514 2932 4569 οὕτω
2971 4517 3371 4589 νομιζομένων.
3423 4518 3540 4575 Ἐπ’
3570 4515 3774 4595 ἐκφορᾷ

2120 4603 2223 4677 γὰρ
2255 4602 2536 4678 προϊόντες
2569 4605 2620 4657 οἱ
2653 4603 2866 4659 ἐκείνων
2884 4601 3142 4673 κηδεσταὶ
3174 4602 3306 4679 δόρυ
3339 4603 3768 4682 λελογχωμένον

343 4682 675 4746 praeeuntes
707 4689 1077 4741 mortuorum
1111 4693 1427 4746 necessarii
1473 4693 1737 4751 lanceam
1770 4700 2008 4770 cuspide

2136 4691 2209 4746 Eni
2239 4699 2341 4762 τῆς
2371 4691 2561 4759 κλίνης
2609 4693 2872 4758 ἐπέσειον,
2923 4691 3120 4768 δεῖγμα
3166 4698 3265 4763 τῆς
3317 4695 3638 4771 ἀναιρέσεως
3689 4691 3772 4749 liv-

345 4770 616 4859 ornatam
636 4787 816 4841 super
836 4772 1101 4831 lecticam
1125 4778 1450 4851 agitabant,
1468 4783 1528 4836 i'n
1552 4785 1724 4840 caedis
1747 4786 2008 4859 signum.

340 4851 563 4911 Deinde
593 4859 770 4915 caedis
792 4862 1086 4920 actionem
1117 4865 1479 4924 inducebant
1500 4870 1556 4925 in
1582 4888 1681 4928 eos
1707 4851 1857 4946 quos
1881 4894 2010 4936 reos

340 4956 472 4999 esse
501 4947 838 5006 credebant.
873 4951 1058 5008 Aliter
1087 4972 1204 5010 non
1238 4957 1325 5012 eis
1355 4956 1571 5015 licebat
1601 4978 1898 5021 accusare.

411 5048 500 5103 34.
535 5052 968 5113 Colacretorum
1002 5064 1199 5116 autem
1249 5080 1462 5120 nomen
1496 5071 1584 5122 est
1615 5069 1837 5141 absque
1867 5072 2006 5146 rhy-

340 5138 617 5226 rnologia.
651 5144 717 5198 Hi
751 5151 891 5201 sunt
920 5149 1108 5204 aerarii
1141 5153 1440 5222 custodes,
1465 5138 1756 5226 judiciale
1784 5138 2003 5219 triobo-

338 5223 486 5280 lium
520 5227 592 5283 iis
620 5233 720 5302 qui
744 5235 1019 5304 judicare
1051 5239 1256 5296 volunt
1286 5223 1735 5303 distribuentes.

409 5314 498 5368 35.
531 5318 866 5379 Hellanicus
913 5333 1173 5397 quaestor
1201 5332 1472 5402 generale
1501 5337 1737 5405 quidem
1785 5356 1997 5398 nomen

336 5407 448 5471 est,
481 5405 551 5459 ad
593 5412 896 5481 proprium
931 5421 1128 5473 tamen
1171 5425 1366 5476 actum
1400 5429 1647 5494 spectat.
1680 5427 1996 5487 Athenien-

334 5507 430 5549 ses
461 5494 640 5567 enim,
675 5515 807 5556 cum
865 5504 1123 5574 primum
1164 5508 1393 5567 insulas
1445 5513 1790 5571 invaserunt
1837 5535 1997 5576 mare

333 5590 710 5655 occupantes,
742 5591 963 5648 tributa
995 5612 1194 5653 annua
1239 5599 1603 5659 insularibus
1637 5606 1990 5680 imposuere,

333 5674 390 5726 et
418 5672 779 5733 tributorum
811 5686 1137 5740 exactorem
1170 5687 1401 5746 Graeciae
1423 5672 1777 5764 quaestorem
1809 5672 1995 5754 nomi;

332 5769 645 5822 naverunt.

2122 4783 2233 4836 εἶτα
2260 4785 2360 4852 τὴν
2389 4781 2485 4837 τοῦ
2513 4782 2679 4861 φόνου
2729 4783 2940 4861 γραφὴν
2999 4783 3221 4860 εἰσῆγον
3270 4791 3388 4848 καθ’
3438 4786 3511 4840 ὧν
3571 4782 3773 4857 ᾤοντο·

2119 4869 2308 4948 ἄγλως
2337 4875 2438 4948 γὰρ
2468 4872 2688 4950 γράφειν
2723 4871 2823 4927 οὐκ
2850 4872 3053 4947 ἐφεῖτο.

2188 5047 2270 5105 λδ¹
2316 5052 2386 5104 Τὸ
2436 5049 2492 5105 δὲ
2539 5055 2646 5106 τῶν
2697 5049 3048 5125 κολακρετῶν
3091 5048 3266 5126 ὄνομα
3295 5050 3774 5127 ἀνετυμολόγητόν

2116 5140 2280 5196 ἐστιν.
2340 5139 2460 5195 Εἰσὶ
2518 5137 2575 5193 δὲ
2633 5141 2783 5193 οὗτοι
2835 5139 3293 5218 ταμειοφύλακες,
3340 5143 3404 5196 τὸ
3463 5139 3772 5196 δικαστικὸν

2115 5229 2482 5302 ἀπονέμοντες
2513 5233 2627 5290 τοῖς
2658 5227 2961 5306 ἐφειμένοις
2992 5227 3228 5300 δικάζειν
3257 5225 3587 5307 τριώϐολον.

2184 5336 2280 5393 λε’.
2315 5338 2370 5390 Ὀ
2405 5333 2461 5391 δὲ
2493 5335 2902 5410 ἐλληνοταμίας
2933 5338 3145 5413 γενικὸν
3183 5338 3277 5411 μὶν
3302 5336 3445 5392 ἐστὶν
3464 5335 3661 5409 ὄνομα,
3695 5336 3772 5398 εἷς

2108 5425 2291 5496 ἱδικήν
2353 5423 2410 5481 δὲ
2464 5427 2718 5504 κφάτεισι
2778 5429 2989 5502 πρᾶξιν.
3055 5427 3342 5497 Ἀθηναῖοι
3397 5427 3524 5500 γὰρ,
3577 5422 3768 5494 ἐπειδὴ

2106 5521 2322 5590 πρῶτον
2373 5521 2492 5579 ταῖς
2538 5518 2729 5586 νήσοις
2781 5511 3050 5585 ἐπέϐησαν
3115 5513 3765 5588 θαλαττοκρατήσαντες,

2107 5605 2309 5682 φόρους
2354 5612 2471 5670 τοῖς
2526 5606 2823 5676 νησιώταις
2876 5604 3124 5675 ἐτησίους
3184 5605 3461 5678 ἐτάξαντο,
3520 5603 3612 5659 καὶ
3669 5604 3763 5658 τὸν

2105 5695 2514 5773 φορολογοῦνται
2569 5696 2636 5751 τὰ
2688 5697 2954 5770 χρήματα
2986 5691 3389 5768 ἐλληνοταμίαν
3447 5692 3760 5768 ὠνόμαζον.
