4124 6394
363 432 522 500 1017

1545 445 1649 506 DE
1694 442 2101 508 ACTIONUM
2147 437 2613 503 NOMINIBUS.

3631 439 3788 504 1018

437 569 540 635 λς’.
557 571 884 646 ⁹Αριθμοῦσι
917 571 975 629 δὶ
1004 574 1098 638 τὰς
1122 577 1336 653 ἡμέρας
1364 581 1462 632 τοῦ
1495 580 1667 651 μηνὸς
1697 581 1750 634 οἱ
1781 575 2018 635 Ἀττικοῖ

2207 575 2298 630 36.
2329 572 2425 630 Sic
2455 579 2647 630 autem
2685 573 2908 630 mensis
2933 574 3059 631 dies
3092 575 3264 632 Attici
3297 579 3629 632 munerant.
3653 577 3790 633 Sin;

365 658 561 724 οὕτως.
621 662 1104 740 Τριακονθημερον
1162 661 1387 721 ἕκαστον
1463 672 1572 722 τῶν
1635 672 1826 740 μηνῶν
1884 663 2029 722 οἴον-

361 771 474 805 ται.
526 749 652 821 Καὶ,
686 751 763 814 εἱς
809 757 958 825 τρεῖς
1007 749 1232 819 δεκάδας
1273 759 1466 810 τοῦτον
1519 753 1877 832 διαιροῦντες,
1925 757 2026 824 τὴν

370 838 465 911 μὶν
517 838 742 914 πρώτην
793 848 896 910 τῆς
945 843 1174 916 πρώτης
1225 842 1449 910 δεκάδος
1476 845 1776 919 νουμηνίαν
1831 845 2028 900 ἐπονο-

373 929 602 1001 μάζουσι
635 932 775 992 ’τὰς
829 928 888 986 δὲ
936 931 1058 1005 ἑξῆς
1121 932 1286 1009 μέχρι
1342 942 1442 1005 τῆς
1501 922 2029 1010 δεκάδος,δευτ¹εραν

361 1019 454 1071 καί
491 1017 706 1089 τρίτην,
738 1019 830 1075 καὶ
874 1019 1064 1093 ἐνάτην
1127 1021 1380 1080 καλοῦσι.
1414 1024 1565 1082 Μετά
1613 1021 1672 1079 δὲ
1711 1025 1815 1094 τὴν
1868 1024 2026 1099 πρώ-

362 1126 462 1176 την
519 1104 722 1164 δεκαδα
781 1107 1176 1188 ἀναστρέφουσι
1260 1112 1388 1176 τοὺς
1454 1113 1744 1190 ἀριθμοὺς,
1801 1117 2025 1190 πρώτην

367 1193 455 1250 ἰπὶ
507 1193 637 1252 δέκα
687 1197 958 1275 λέγοντες,
990 1201 1080 1256 καὶ
1117 1199 1373 1278 δευτέραν
1430 1205 1517 1259 καὶ
1568 1204 1756 1280 τρίτην
1815 1202 2026 1278 ὁμοίως

360 1279 494 1359 ἄχρι
523 1292 625 1356 τῆς
683 1286 922 1352 εἰκάδος.
956 1292 1074 1360 Τὴν
1135 1287 1193 1345 δὶ
1253 1289 1440 1347 εῗκᾶδα
1501 1279 1784 1370 ὑστεραίαν
1833 1289 2030 1347 δεκάδα

360 1373 674 1452 φάσκοντες,
739 1379 1033 1454 γηράσκειν
1113 1379 1294 1455 ὥσπερ
1384 1381 1625 1446 ἐντεῦθεν
1703 1383 1794 1438 τὸν
1883 1390 2030 1456 μῆνα

357 1465 643 1540 ἡγοῦνται⁹
690 1467 778 1522 καὶ
830 1471 954 1546 φασί
1002 1470 1232 1544 πρώτην
1292 1471 1576 1549 φθίνοντος
1629 1473 1721 1527 καὶ
1774 1470 2024 1550 δευτέραν

357 1553 662 1631 φθίνοντος,
699 1557 787 1612 καὶ
839 1556 1066 1629 έννάτην
1125 1559 1362 1634 ὁμοίως.
1407 1562 1522 1631 Τὴν
1571 1559 1628 1617 δέ
1673 1583 1737 1638 γε
1760 1560 2027 1637 τριακάδα

356 1637 484 1715 ἔνην
516 1646 607 1700 καὶ
633 1644 752 1702 νέαν
787 1646 1186 1722 ὀνομάζουσιν.

436 1749 702 1821 λζ’.Ἐπεῖ
735 1751 794 1809 δὲ
817 1756 905 1810 καὶ
937 1757 1000 1811 τὸ
1023 1762 1124 1828 τῆς
1159 1754 1480 1832 δοκιμασίας
1510 1755 1686 1833 ὄνομα
1715 1758 1861 1816 πολὺ
1879 1763 2027 1837 παρά

358 1846 479 1903 τοῖς
535 1840 888 1912 Ἑλληνικοῖς
949 1845 1356 1923 συγγράμμασι,
1416 1853 1634 1924 πρῶτον
1698 1851 1792 1923 μὲν
1861 1853 2023 1905 τοῦτο

2138 663 2310 735 gulos
2341 680 2574 719 menses
2624 663 2870 736 triginta
2909 665 3118 721 diebus
3163 669 3502 722 constantes
3549 665 3786 723 habent.

2136 753 2208 807 Et
2253 753 2437 809 intres
2489 753 2743 809 decadas
2789 769 3057 808 mensem
3116 754 3466 824 dividentes,
3528 756 3789 826 primum

2138 842 2292 897 diem
2354 841 2552 912 primae
2600 842 2841 898 decadis
2913 841 3283 899 novilunium
3343 843 3790 916 cognominant,

2138 929 2401 1002 aliosque
2431 947 2619 1003 usque
2639 932 2706 987 ad
2741 932 2920 988 finem
2955 932 3196 988 decadis
3225 934 3558 989 secundum
3581 938 3640 989 et
3671 938 3787 990 ter-

2136 1020 2285 1076 tium
2337 1025 2394 1076 et
2439 1039 2658 1077 nonum
2708 1026 2936 1078 vocant.
2988 1025 3128 1078 Post
3175 1024 3427 1096 primam
3458 1039 3591 1079 vero
3622 1023 3791 1079 deca-

2135 1112 2268 1168 dem
2302 1112 2602 1169 invertunt
2646 1129 2945 1183 numeros,
2981 1113 3240 1187 primum
3273 1118 3330 1169 et
3376 1113 3670 1170 decimum
3705 1114 3788 1168 di-

2137 1205 2354 1273 centes,
2383 1207 2439 1258 et
2459 1203 2787 1260 secundum
2822 1207 2879 1259 et
2915 1204 3155 1260 tertium
3188 1202 3483 1259 decimum
3515 1201 3791 1259 similiter

2137 1306 2327 1363 usque
2376 1293 2446 1348 ad
2492 1293 2858 1349 vicesimum.
2911 1293 3182 1349 Eicadem
3249 1297 3446 1349 autem
3516 1291 3787 1348 ultimam

2137 1380 2415 1437 decadem
2452 1381 2841 1454 appellantes,
2878 1383 3250 1440 insenescere
3270 1382 3440 1455 quasi
3464 1382 3600 1438 inde
3621 1397 3752 1437 men
3768 1412 3789 1424 -

2137 1485 2258 1526 sem
2292 1472 2632 1543 opinantur,
2680 1477 2736 1528 et
2783 1472 2990 1529 dicunt
3040 1475 3302 1546 primum
3333 1473 3490 1529 diem
3524 1471 3787 1526 ﬁnientis

2135 1565 2190 1614 et
2220 1561 2546 1616 secundum
2580 1561 2865 1630 finientis,
2913 1566 2970 1619 et
3009 1579 3232 1619 nonum
3257 1561 3552 1618 similiter.
3589 1559 3788 1616 Trice-

2136 1647 2358 1704 simum
2387 1665 2524 1705 vero
2557 1649 2716 1706 diem
2747 1655 3000 1707 veterem
3032 1655 3090 1706 et
3119 1667 3330 1706 novam
3353 1650 3685 1706 nominant.

2205 1752 2294 1806 37.
2324 1752 2612 1816 Quoniam
2645 1758 2839 1810 autem
2877 1754 3239 1826 probationis
3278 1770 3492 1811 nomen
3517 1754 3788 1825 frequen-

2135 1845 2223 1898 ter
2261 1843 2411 1914 apud
2461 1842 2774 1900 historicos
2823 1843 3098 1915 occurrit,
3146 1843 3404 1916 primum
3437 1843 3678 1915 quidem
3711 1844 3783 1900 de

358 1927 449 2020 ἐπὶ
506 1929 614 1986 τῶν
674 1930 1189 2010 ἐπιτροπευομένων
1244 1937 1452 1993 παίδων
1500 1939 1726 1996 τίθεται.
1767 1941 1866 1997 Ἢν
1920 1940 2018 2015 γὰρ

2135 1932 2335 2005 pueris
2385 1933 2496 1988 sub
2544 1932 2727 1989 tutela
2756 1933 3101 1990 constitutis
3157 1933 3418 2006 ponitur.
3453 1933 3577 1989 Illic
3623 1932 3782 1989 enim

356 2017 544 2082 αὐτοῖς
603 2021 910 2097 ὡρισμένος
963 2024 1185 2100 χρόνος,
1243 2024 1326 2106 ἐφ’
1382 2027 1444 2082 οὗ
1521 2029 1839 2105 γενομένοις
1904 2034 2021 2092 τοῖς

360 2107 617 2194 ὀρφανοῖς
674 2111 846 2185 νόμος
901 2114 1048 2188 παρᾶ
1102 2118 1212 2170 τῶν
1281 2115 1589 2192 ἐπιτρόπων
1655 2119 1722 2173 τὰ
1794 2123 2024 2194 πατρῷα

357 2192 682 2272 λαμϐάνειν,
731 2200 822 2255 καὶ
873 2202 902 2256 6
945 2201 1034 2258 ἐπὶ
1082 2207 1178 2259 τοῦ
1226 2205 1481 2262 τοιούτου
1529 2205 1736 2282 χρόνου
1795 2192 2020 2284 ἀκρίϐει-

357 2287 497 2360 σμὸς
568 2285 865 2362 δοκιμασία
937 2290 1174 2367 ἐλέγετο.
1229 2296 1456 2351 Ἔπειτα
1522 2297 1852 2371 κυριώτερον
1932 2296 2022 2352 ἐπὶ

354 2379 462 2432 τῶν
511 2377 588 2440 εἷς
637 2379 817 2455 ἀρχὴν
869 2375 1320 2456 ἐμϐιϐαζομένων
1367 2387 1402 2456 ἢ
1465 2384 1811 2462 λειτουργίαν
1857 2385 2020 2443 πολι-

351 2466 512 2535 τικήν
599 2469 634 2537 ἡ
717 2464 1012 2542 δοκιμασία
1093 2467 1569 2547 παρελαμϐάνετο.
1630 2473 2020 2549 Ἐδοκιμάζετο

350 2554 456 2630 γάρ
505 2555 533 2610 6
585 2559 891 2632 στρατηγὸς
938 2561 1028 2614 καὶ
1083 2562 1111 2614 6
1161 2557 1497 2638 πρεσϐευτὴς
1547 2563 1638 2618 καὶ
1686 2566 1714 2620 6
1747 2562 2022 2641 δᾳδοῦχος

351 2643 441 2699 καὶ
496 2644 524 2698 6
571 2644 922 2721 ἱεροφάντης,
972 2647 1105 2726 ὅπερ
1145 2649 1313 2721 ἇστὶν,
1367 2651 1653 2724 ἆξητάζετο
1704 2654 1749 2708 εἱ
1804 2657 2016 2728 προσή-

357 2752 469 2787 κων
503 2731 615 2790 έστὶ
638 2738 720 2807 τῷ
748 2734 1052 2811 πράγματι.

429 2819 536 2892 λη’.
563 2823 639 2879 Τὸ
671 2821 728 2879 δὲ
753 2821 807 2889 ές
835 2825 1179 2904 Κυνόσαργες
1222 2829 1396 2884 τόπου
1449 2831 1545 2903 μέν
1592 2829 1733 2887 ἐστιν
1795 2828 1972 2907 ὄνομα
2002 2853 2015 2868 ⁸

358 2908 465 2964 ἀπὸ
526 2909 590 2999 δέ.
637 2933 785 2976 τινος
839 2915 1082 2992 ἱστορίας
1133 2919 1487 2982 συντέθειται.
1524 2919 1700 2976 Πάλαι
1755 2923 1850 2994 μὶν
1913 2925 2018 2999 γὰρ

357 3005 475 3061 τοῖς
531 2997 710 3066 νόθοις
767 3001 988 3068 οὐδενὸς
1047 3009 1213 3078 μετῆν
1269 3004 1391 3063 οὔτε
1442 3013 1550 3063 τῶν
1602 3010 1859 3084 μετρίων,
1894 3009 2018 3067 οὔτε

361 3092 471 3177 τῶν
515 3089 814 3148 πολιτικῶν
847 3095 1149 3170 Ἀθήνῃσιο
1184 3101 1446 3173 χρησμοῦ
1495 3095 1553 3153 δὶ
1603 3098 1870 3177 Δελφόθεν
1928 3100 2016 3156 έκ-

357 3175 604 3244 δοθέντος
654 3183 744 3237 τὸν
797 3183 857 3239 ἐκ
910 3183 1037 3248 Διὸς
1084 3185 1175 3240 καὶ
1225 3185 1546 3260 Ἀλκμήνης
1592 3175 1818 3253 τούτους
1869 3189 2012 3264 ἐξευ-

357 3269 687 3341 μενίζεσθαι.
759 3273 948 3348 βωμόν
1005 3296 1064 3330 τε
1140 3276 1560 3353 ἀνεγηγέρκασιν
1617 3279 1880 3353 Ἡρακλεῖ
1923 3281 2012 3336 καὶ

353 3356 660 3416 συντέλειαν
693 3361 932 3418 ἐπέτειον
982 3361 1072 3420 ἐπὶ
1118 3371 1238 3428 ταῖς
1290 3366 1496 3432 θυσίαις
1549 3367 1728 3442 τούτῳ
1786 3373 2018 3445 συνεψη-

352 3445 598 3538 φίσαντο.
634 3451 964 3524 Ὠνόμασται
1011 3451 1068 3510 δὶ
1121 3455 1184 3510 τὸ
1245 3457 1459 3532 χωρίον
1521 3455 1604 3538 ἐφ’
1635 3459 1698 3513 οὗ
1753 3459 1816 3514 τὸ
1872 3460 2018 3535 ἱερὸν

339 3534 538 3611 ’ίδρυτο
617 3540 976 3618 Κυνόσαργες.
1031 3545 1210 3601 Τοῦτο
1291 3542 1348 3601 66
1413 3534 1727 3621 νενόμισται
1792 3551 1875 3604 ὅτι
1927 3534 2016 3606 καὶ

348 3628 631 3704 Ἡρακλῆς
718 3633 820 3688 οὐκ
890 3631 1112 3709 ἐγγενής
1190 3634 1299 3690 ἰστι
1352 3637 1471 3700 Θεὸς
1530 3635 1645 3693 οὐδ’
1703 3639 2017 3714 ἀγέννητος,

352 3715 500 3773 ἀλλὰ
553 3720 819 3795 πατρόθεν
883 3723 978 3794 μὲν
1035 3725 1266 3794 ἁπλοῦς,
1324 3725 1595 3801 μητρόθεν
1654 3725 1712 3782 δὲ
1767 3728 2020 3792 σύνθετος

350 3808 442 3862 καὶ
499 3807 657 3873 νόθος
716 3810 792 3874 εἰς
844 3812 936 3865 τὸν
995 3812 1231 3888 ἀριθμὸν
1287 3814 1380 3868 καὶ
1442 3816 1859 3892 παράγραπτος.
1922 3820 2018 3874 Διά

350 3898 512 3953 τοῦτό
573 3919 735 3976 φασιν
782 3901 1019 3958 Ἀττικοὶ
1059 3900 1113 3966 ἐς
1168 3903 1508 3982 Κυνόσαργες
1563 3905 1834 3962 συντελεῖν
1889 3906 2018 3971 τοὺς

350 3985 566 4052 νόθους.

429 4074 528 4134 λθ’.
560 4080 683 4135 Τῶν
715 4079 1026 4150 Ἀθηναίων
1065 4081 1355 4146 ἀκούοντες
1385 4082 1438 4138 έν
1481 4088 1599 4148 τοῖς
1629 4083 2016 4161 συγγράμμασι

349 4164 478 4228 τοὺς
539 4169 634 4239 μὲν
709 4167 913 4231 ἄλλους
971 4170 1126 4232 θεοὺς
1190 4171 1472 4244 ὀμνύντων
1535 4171 1747 4244 ἁπλῶς,
1807 4176 1896 4230 τὸν
1959 4174 2016 4232 δὲ

350 4253 688 4313 Ἀπόλλωνα
735 4260 1100 4335 προτιθέντων
1143 4259 1226 4316 ὅτι
1285 4263 1537 4336 πατρῷός
1599 4262 1710 4318 έστι
1753 4266 1852 4333 τήν
1913 4267 2013 4320 πό-

353 4341 466 4414 λιν,
495 4345 697 4418 ταύτην
759 4350 983 4423 ἡγεῖσθε
1037 4351 1136 4419 τὴν
1200 4349 1398 4409 αἰτίαν.
1447 4357 1672 4427 Πρῶτον
1727 4351 2010 4430 ἄνθρωπον

350 4432 412 4489 ἐκ
460 4441 561 4503 τῆς
609 4437 862 4507 Ἀττικῆς
922 4445 1246 4513 γεγενῆσθαι
1306 4441 1644 4515 νομίζουσιν,
1705 4445 1819 4498 οἷον
1881 4464 2013 4520 συγ-

349 4522 648 4597 γενομένου
701 4525 868 4595 ἡλίου
920 4531 988 4601 τῇ
1043 4531 1136 4603 γῇ,
1171 4529 1205 4598 ἢ
1243 4530 1609 4606 φυσικώτερον
1659 4536 1778 4593 ταῖς
1834 4533 2010 4588 ἀκτῖσι

352 4610 753 4684 διαθάλψαντος
801 4615 892 4670 καὶ
962 4617 1114 4672 τουτὶ
1187 4619 1250 4672 τὸ
1323 4622 1460 4688 ζῶον
1521 4619 2010 4694 ἀπογεννήσαντος.

351 4701 502 4757 Ἐπεὶ
553 4700 611 4757 δὶ
665 4701 956 4777 ἐπώνυμον
1018 4710 1115 4761 τοῦ
1167 4705 1333 4775 ἡλίου
1392 4709 1453 4762 τὸ
1512 4712 1610 4763 τοῦ
1645 4708 2010 4774 Ἀπόλλωνος
2041 4703 2089 4768 D

354 4786 550 4865 ὄνομα,
581 4797 836 4867 πατρῷον
866 4793 1105 4860 ἐντεῦθεν
1137 4796 1230 4852 τὸν
1267 4795 1533 4853 Ἀπόλλω
1565 4795 1796 4857 οἷόνται.

429 4901 502 4973 μ’.
533 4901 608 4956 Τὰ
638 4898 696 4956 δὶ
725 4901 1028 4978 ἀπατούρια
1059 4904 1254 4980 ἑορτῆς
1289 4905 1384 4977 μέν
1417 4904 1557 4960 ἐστιν
1586 4905 1764 4980 ὄνομα
1809 4906 1868 4962 ἐκ
1909 4915 2010 4978 τῆς

349 4987 560 5062 ἀπάτης
611 4990 986 5063 πεποιημένον
1021 5013 1034 5026 ο
1087 4991 1138 5063 έξ
1193 4992 1434 5068 ἱστορίας
1496 4991 1554 5048 δὲ
1617 4991 1836 5050 τοιᾶσδε
1894 4992 2010 5071 ἔχει

352 5079 452 5147 τὴν
503 5077 774 5154 γέννησιν.
811 5081 1120 5156 Ἐμάχοντο
1169 5081 1306 5158 πρὸς
1359 5079 1649 5154 ἀλλήλους
1689 5085 1822 5139 ποτὶ
1852 5084 2013 5154 Ἀθη-

353 5169 497 5222 ναῖοί
541 5189 600 5223 τε
646 5169 735 5224 καὶ
769 5164 1000 5240 Θηϐαῖοι
1035 5189 1048 5202 ο
1085 5170 1197 5240 καὶ,
1231 5171 1259 5226 ὃ
1312 5169 1378 5242 δή
1430 5169 1706 5236 πολλάκις
1754 5172 1906 5252 φιλεῖ
1957 5173 2010 5229 έν

353 5261 470 5318 ταῖς
533 5258 741 5333 μάχαις
801 5257 1064 5334 γίνεσθαι,
1113 5260 1174 5314 τὸ
1229 5259 1359 5323 τοὺς
1417 5262 1757 5338 ἡγουμένους
1816 5261 2012 5326 αὐτοὺς

354 5345 477 5420 περὶ
506 5352 614 5402 τῶν
663 5341 1195 5425 ἀμφισϐητηθὲντων
1239 5348 1377 5425 πρὸς
1419 5348 1708 5422 ἀλλήλους
1761 5373 2015 5426 μονομα-

353 5441 495 5511 γεῖν,
529 5433 677 5509 ἔδοξε
732 5437 822 5491 καὶ
879 5437 1003 5492 τότε
1057 5442 1174 5499 τοῖς
1236 5437 1514 5512 βασιλεῦσι
1571 5441 1663 5496 τὸν
1719 5441 1852 5517 ὑπὲρ
1901 5445 2010 5496 τῶν

352 5523 732 5602 στρατοπέδων
760 5525 897 5599 πρὸς
929 5523 1216 5596 ἀλλήλους
1247 5528 1472 5601 ἅρασθαι
1504 5527 1772 5603 πόλεμον.
1795 5531 2010 5604 Ἡγεῖτο

354 5611 412 5670 δὲ
467 5619 575 5670 τῶν
640 5616 736 5687 μὲν
767 5613 1065 5682 Ἀθηναίων
1121 5616 1568 5692 Ὑπερθύμοιτος,
1625 5621 1733 5674 τῶν
1787 5615 1844 5674 δὶ
1898 5625 2010 5690 Θη-

355 5699 526 5760 ϐαίων
558 5705 790 5769 Ξάνθος.
815 5704 920 5760 Καὶ
952 5701 1142 5775 ἐπειδή
1173 5705 1237 5761 τὸ
1273 5707 1600 5784 μεταίχμιον
1633 5705 2007 5781 ἀποδέδεικτο,

357 5798 386 5852 ὁ
426 5798 519 5872 μὲν
579 5798 790 5860 Ξάνθος
841 5797 1037 5854 αὐτίκα
1081 5797 1416 5874 προσῆλθεν,
1463 5802 1491 5858 6
1543 5797 1602 5857 δὲ
1649 5800 2012 5879 Ὑπερθύμοι-

2133 2021 2589 2079 determinatum
2623 2027 2857 2097 tempus
2899 2027 3043 2093 erat,
3094 2040 3212 2095 quo
3242 2023 3489 2096 orphani
3539 2027 3787 2096 paterna

2131 2111 2286 2168 bona
2335 2128 2368 2168 a
2415 2113 2714 2170 tutoribus
2762 2115 3020 2187 recipere
3068 2119 3355 2186 poterant,
3408 2118 3465 2170 ct
3511 2116 3787 2170 accurata

2133 2218 2260 2274 qua:
2293 2217 2397 2274 per
2427 2202 2484 2258 id
2507 2205 2744 2275 tempus
2791 2203 3101 2275 inquisitio
3151 2204 3419 2274 probatio
3450 2204 3781 2260 dicebatur.

2135 2291 2352 2347 Deinde
2384 2293 2572 2364 magis
2602 2293 2835 2365 proprie
2856 2294 2928 2348 de
2973 2292 3047 2349 iis
3099 2293 3198 2365 qui
3249 2293 3663 2365 magistratum
3694 2291 3781 2348 vel

2134 2397 2352 2437 munus
2386 2381 2686 2453 publicum
2719 2383 3002 2454 gerebant
3044 2382 3166 2438 hare
3194 2398 3304 2439 vox
3342 2378 3634 2454 δοκιμασία
3683 2399 3780 2438 as-

2133 2471 2496 2526 sumebatur.
2535 2471 2902 2527 Probabatur
2930 2475 2986 2526 et
3017 2476 3331 2541 strategus,
3359 2478 3418 2527 et
3449 2471 3678 2545 legatus
3727 2476 3785 2528 et

2131 2559 2441 2616 daduchus
2471 2561 2678 2630 (facem
2712 2566 2994 2633 gestans),
3025 2565 3082 2616 et
3111 2577 3412 2617 sacrorum
3444 2561 3772 2633 praefectus,

2131 2649 2190 2703 id
2222 2654 2332 2717 est,
2367 2649 2780 2721 inquirebatur
2809 2667 2880 2706 an
2916 2651 3144 2706 muneri
3179 2667 3288 2706 suo
3314 2654 3487 2722 aptus
3519 2658 3692 2705 esset.

2201 2828 2291 2884 38.
2325 2828 2476 2884 Illud
2509 2845 2644 2886 vero
2683 2849 2704 2878 ι
2737 2829 2794 2885 in
2825 2833 3186 2903 Cynosarges
3223 2851 3250 2876 ιδ
3279 2829 3393 2884 loci
3426 2845 3637 2884 nomen
3671 2832 3778 2884 est.

2128 2917 2208 2973 Ex
2257 2919 2512 2990 quadam
2565 2923 2760 2975 autem
2807 2919 3054 2976 historia
3103 2919 3432 2992 profectum
3483 2922 3591 2974 est.
3625 2917 3779 2974 Olim

2129 3008 2315 3079 spurii
2361 3008 2542 3064 nullis
2565 3007 3034 3065 admittebantur
3064 3008 3279 3064 ofﬁciis
3313 3006 3401 3064 vel
3435 3007 3782 3063 muneribus

2126 3097 2382 3168 publicis
2414 3099 2568 3169 apud
2602 3099 3010 3154 Athenienses.
3035 3099 3116 3154 Ex
3149 3097 3350 3169 Delphi
3383 3101 3581 3153 autem
3609 3097 3780 3169 adyto

2127 3203 2260 3242 cum
2314 3187 2616 3242 oraculum
2652 3191 3017 3259 reportatum
3053 3193 3212 3243 esset
3241 3187 3366 3241 Jovi
3400 3191 3458 3241 et
3490 3184 3776 3242 Alcmenes

2133 3275 2321 3331 ﬁlium
2354 3277 2439 3332 eis
2469 3294 2598 3333 esse
2622 3277 2966 3349 propitium,
2990 3293 3152 3332 aram
3188 3275 3414 3331 Herculi
3447 3280 3781 3344 erexerunt,

2136 3381 2526 3438 annuumque
2580 3367 2870 3422 tributum
2923 3366 3298 3422 victimarum
3346 3364 3778 3420 oti'ercndarum

2131 3471 2332 3525 causa,
2364 3456 2766 3512 decreverunt.
2799 3455 3184 3511 Nominatum
3217 3459 3305 3510 est
3335 3458 3532 3509 autem
3565 3457 3780 3525 Cynos-

2131 3561 2300 3618 arges
2330 3545 2493 3601 locus
2525 3546 2586 3600 in
2618 3562 2734 3617 quo
2790 3545 3077 3616 templum
3121 3544 3453 3600 dedicatum
3503 3547 3612 3598 est.
3665 3544 3781 3598 Hoc

2131 3639 2327 3689 autem
2379 3635 2636 3690 creditur
2667 3633 2985 3690 Herculem
3033 3650 3226 3705 neque
3269 3632 3609 3703 indigenam
3652 3647 3782 3686 esse

2129 3724 2306 3779 deum
2339 3741 2530 3796 neque
2587 3724 3004 3797 alienigenam,
3059 3724 3160 3778 sed
3214 3739 3284 3778 ex
3343 3725 3506 3793 patre
3537 3721 3778 3792 quidem

2129 3812 2560 3884 simplicem,ex
2581 3819 2771 3869 matre
2787 3829 2920 3868 vero
2940 3812 3330 3883 compositum
3351 3815 3407 3865 et
3426 3808 3695 3881 spurium
3721 3809 3779 3864 in

2129 3918 2444 3958 numerum
2463 3907 2520 3958 et
2541 3901 3100 3974 ascriptitium.ldeo
3115 3899 3293 3954 Attici
3317 3899 3522 3954 dicunt
3542 3897 3780 3970 spurios

2127 3990 2185 4046 in
2211 3991 2574 4064 Cynosarges
2592 3990 2982 4047 contribuere.

2197 4099 2286 4154 39.
2312 4099 2554 4165 Quando
2580 4097 2963 4153 Athenienses
3003 4095 3220 4152 auditis
3243 4096 3299 4150 in
3334 4093 3601 4150 historiis
3623 4091 3770 4150 alios

2126 4189 2363 4260 quidem
2411 4190 2550 4244 deos
2593 4186 2856 4244 attestari
2898 4185 3247 4258 simpliciter
3278 4183 3612 4257 Apollinem
3637 4201 3777 4241 vero

2125 4285 2478 4350 anteponere
2537 4277 2677 4350 quia
2733 4277 2866 4332 urbi
2940 4276 3164 4348 patrius
3227 4276 3374 4330 deus
3445 4278 3555 4339 est,
3617 4274 3770 4330 hanc

2125 4384 2252 4423 esse
2285 4384 2526 4423 causam
2559 4367 2798 4422 credite.
2833 4366 3092 4422 Primum
3143 4365 3440 4421 hominem
3488 4381 3558 4420 ex
3588 4365 3774 4421 Attica

2124 4462 2328 4512 natum
2359 4473 2489 4511 esse
2523 4459 2827 4528 putant,ex
2861 4454 3002 4510 solis
3043 4471 3176 4510 cum
3225 4457 3380 4510 terra
3424 4469 3770 4525 congressu,

2120 4544 2232 4615 vel,
2267 4550 2329 4600 ut
2350 4545 2591 4619 physico
2627 4545 2854 4616 loquar,
2895 4545 3074 4600 solem
3112 4561 3239 4600 eam
3266 4543 3447 4599 radiis
3469 4543 3592 4598 suis
3621 4541 3772 4598 cale-

2122 4635 2353 4704 fecisse,
2386 4641 2444 4692 et
2476 4636 2584 4691 hoc
2617 4634 2835 4691 animal
2867 4635 3163 4707 genuisse.
3189 4633 3300 4690 Sed
3331 4633 3608 4704 quoniam
3631 4630 3774 4688 solis

2121 4725 2345 4781 nomini
2366 4725 2636 4781 additum
2658 4729 2748 4781 est
2771 4723 3086 4796 Apollionis
3108 4722 3494 4791 nomen,inde
3514 4720 3770 4793 patrium

2119 4813 2449 4886 Apollinem
2473 4816 2740 4872 credunt.
3685 4801 3694 4808 ’

2194 4906 2281 4960 40.
2320 4905 2604 4977 Apaturia
2651 4905 2782 4960 festi
2812 4919 3024 4959 nomen
3057 4908 3149 4958 est
3175 4918 3244 4958 ex
3273 4901 3500 4957 fraudis
3531 4899 3771 4956 nomine

2122 4991 2302 5060 ἀπάτη
2336 4996 2577 5060 factum;
2603 5010 2672 5049 ex
2694 4992 2962 5064 sequenti
2989 4996 3186 5047 autem
3208 4989 3460 5046 historia
3479 4987 3770 5061 originem

2122 5085 2304 5140 ducit.
2331 5083 2554 5139 Bellum
2591 5083 2744 5138 inter
2792 5098 2854 5138 se
2876 5082 3157 5154 gerebant
3205 5081 3345 5136 olim
3384 5078 3769 5134 Athenienses

2122 5178 2180 5228 et
2201 5172 2488 5242 Thebani;
2512 5176 2567 5227 et
2604 5172 2758 5243 quod
2791 5171 3023 5226 evenire
3065 5169 3409 5242 plerumque
3448 5167 3508 5222 in
3553 5164 3771 5239 praaliis

2123 5262 2289 5329 solet,
2313 5278 2526 5334 nempe
2544 5261 2726 5318 duces
2752 5261 2913 5332 ipsos
2944 5257 3230 5331 singulari
3274 5257 3592 5314 certamine
3619 5256 3773 5312 inter

2122 5368 2184 5409 se
2216 5368 2336 5408 rem
2370 5351 2670 5416 dirimere,
2702 5351 2899 5406 visum
2947 5353 3037 5405 est
3096 5353 3154 5405 et
3205 5357 3342 5404 tunc
3393 5346 3632 5429 regibus
3665 5362 3769 5420 pro

2123 5441 2478 5498 exercitibus
2530 5441 2684 5496 inter
2732 5457 2796 5496 se
2846 5441 3164 5496 decertare.
3232 5441 3490 5494 Praeerat
3571 5440 3768 5492 autem

2120 5530 2580 5586 Atheniensibus
2655 5528 3189 5601 Hyperthymmtus.
3265 5526 3561 5582 Thebanis
3635 5541 3770 5580 vero

2121 5619 2418 5676 Xanthus.
2454 5623 2520 5674 Et
2551 5623 2858 5690 postquam
2891 5617 3149 5690 spatium
3172 5615 3628 5672 determinatum
3658 5616 3768 5683 est,

2120 5712 2356 5766 Xantus
2399 5708 2639 5781 quidem
2697 5706 2896 5763 statim
2926 5707 3198 5772 accurrit,
3254 5705 3768 5778 Hyperthymmtus

2123 5808 2317 5858 autem
2350 5797 2587 5872 ignavia
2616 5796 2936 5869 desperans
2959 5795 3274 5854 Melanthio
3300 5796 3403 5851 uni
3433 5810 3503 5852 ex
3529 5789 3767 5848 comiti-
