4124 6390
317 432 469 496 1021

1492 443 1596 503 DE
1641 440 2053 505 AGTIONUM
2097 440 2564 504 NOMINIBUS.

3581 433 3747 499 1021

318 567 416 639 μὲν
459 566 651 641 ἄριστα
699 568 762 621 τὸ
817 569 953 637 ἦθος
998 569 1439 642 ἐξομοιώσωνται
1468 573 1607 644 πρὸς
1631 571 1762 635 τοὺς
1789 573 1956 648 ἥρωας

2093 573 2370 647 quideme
2400 571 2585 645 optim
2617 570 2862 626 heroum
2891 571 3142 625 naturas
3187 567 3521 635 imitantur,
3562 569 3735 639 prot-

314 656 778 731 πρωταγωνισταὶ
827 656 1213 731 ὀνομάζονται,
1266 661 1332 730 ἢν
1381 657 1440 715 δὲ
1494 662 1594 734 μή,
1646 659 1978 738 δευτεραγω-

313 745 489 800 νισταί
521 765 534 778 ·
568 746 639 817 ἢν
699 743 756 801 δὲ
802 748 978 818 πάντη
1032 746 1313 822 ἀδοκίμως
1367 750 1752 826 ὑποκριθῶσιν,
1797 752 1848 806 ἐν
1906 756 1976 826 τῇ

311 836 474 912 τρίτῃ
504 836 648 905 τάξει
681 841 1167 912 καταριθμοῦνται.

391 932 496 999 μθ’.
531 926 660 1000 Περῖ
701 923 758 980 δὲ
804 931 901 981 τοῦ
943 925 1196 1002 πέμπτου
1249 928 1447 1005 μέρους
1492 927 1772 995 πολλάκις
1818 928 1978 1004 λεγο-

319 1015 483 1088 μένου
541 1014 688 1092 παρὰ
740 1021 858 1080 τοῖς
917 1015 1199 1093 ῥήτορσιν,
1250 1017 1418 1074 εἰπεῖν
1497 1020 1784 1096 ἀναγκαῖον
1867 1019 1974 1078 ὅτι,

316 1102 685 1159 πεντακοσίων
746 1101 1076 1174 δικαζόντων
1135 1109 1280 1182 παρά
1336 1113 1452 1172 τοῖς
1511 1109 1824 1181 Ἀθηναίοις
1882 1108 1974 1164 καὶ

321 1193 608 1269 τριάκοντα
653 1195 743 1249 καὶ
798 1191 945 1264 δέκα,
981 1197 1036 1250 αἱ
1081 1199 1256 1272 ψῆφοι
1295 1203 1402 1253 τῶν
1453 1194 1785 1274 κεκριμὲνων
1843 1198 1976 1254 ποτὶ

315 1283 415 1356 μὶν
474 1281 768 1354 ξ’σαι,ποτὶ
825 1281 883 1340 δὲ
930 1287 1078 1360 παρά
1130 1291 1296 1342 τοῦτο
1343 1286 1604 1362 ἐγίνοντο,
1654 1288 1744 1344 καὶ
1802 1288 1972 1362 νόμος

313 1372 412 1434 τάς
440 1371 672 1436 πλείους
712 1379 952 1449 κρατεῖν.
980 1373 1046 1428 Ei‘
1095 1372 1152 1430 δὲ
1198 1377 1226 1430 ὁ
1267 1377 1670 1452 κατηγορηκὼς
1726 1382 1974 1441 τοιοῦτος

307 1461 457 1538 παρὰ
504 1461 767 1524 τοσαύτας
814 1464 1032 1538 ψήφους
1082 1462 1297 1538 ἐγενετο
1345 1465 1468 1520 ὅσον
1521 1469 1596 1538 μή
1627 1467 1691 1521 τὸ
1720 1468 1970 1541 πέμπτον

309 1549 531 1625 λαχεῖν,
583 1548 835 1622 ἠτίμωτο
885 1551 978 1605 καὶ
1021 1554 1194 1622 πάντη
1248 1550 1700 1629 καταδεδιῄτητο,
1730 1555 1819 1610 καὶ
1877 1555 1970 1611 αὖ-

307 1641 392 1702 θις
422 1644 750 1714 κατηγορεῖν
786 1638 886 1694 οὐκ
916 1637 1192 1698 ἐδέδοκτο.

378 1729 446 1786 ν’.
477 1729 552 1783 Τά
602 1726 660 1784 δὲ
703 1727 1052 1808 ἀμφιδρόμια
1107 1731 1445 1796 ἐπιτοκίδιός
1509 1733 1651 1789 ἐστιν
1697 1736 1880 1811 ἑορτὴ,
1915 1734 1966 1790 ἐν

304 1820 346 1890 ᾖ
401 1817 728 1895 χορεύοντες
782 1819 835 1873 οἱ
891 1817 1193 1890 ἐπιτήδειοι
1252 1826 1321 1896 τῇ
1363 1823 1734 1898 γεννησαμένη
1783 1825 1968 1879 ἐκατέ-

2089 664 2367 736 agnnistze
2403 661 2820 726 nominantur;
2853 657 2904 714 si
2934 658 3157 727 minus,
3204 656 3734 728 deuteragonistaa;

2088 753 2137 808 si
2169 752 2410 808 omnino
2441 750 2592 807 male
2615 751 3054 821 repraesentant,
3089 748 3148 802 in
3180 747 3352 802 tertio
3395 747 3598 802 ordine
3626 761 3733 799 nu-

2088 845 2412 897 merantur.

2157 931 2244 985 49.
2278 930 2359 986 De
2390 931 2601 1002 quinta
2640 933 2834 986 autem
2863 937 3025 1002 parte
3047 927 3201 1000 apud
3226 929 3485 982 oratores
3516 922 3733 995 saepius

2087 1024 2391 1092 usurpata,
2448 1019 2640 1074 dicere
2683 1019 2828 1074 illud
2879 1022 3129 1091 oportet.
3179 1020 3319 1071 Cum
3371 1013 3524 1086 apud
3557 1012 3733 1067 Athe-

2087 1110 2320 1166 nienses
2343 1109 2570 1178 judices
2601 1109 2723 1164 sint
2753 1125 3001 1164 numero
3023 1105 3356 1180 quingenti,
3391 1108 3450 1159 et
3489 1101 3733 1174 triginta

2084 1203 2141 1254 et
2169 1199 2392 1270 decem,
2422 1199 2494 1255 de
2526 1197 2918 1255 controversis
2950 1196 3231 1268 suffragia
3262 1209 3417 1249 nunc
3459 1194 3597 1247 sunt
3626 1206 3732 1246 nu-

2085 1304 2245 1344 mero
2276 1287 2532 1360 aqualia,
2565 1304 2722 1343 nunc
2770 1286 3105 1360 inaequalia,
3139 1289 3198 1341 et
3243 1283 3334 1340 lex
3362 1286 3451 1338 est
3494 1279 3734 1353 plurali-

2081 1382 2262 1432 tatem
2312 1377 2560 1433 vincere.
2612 1377 2670 1434 Si
2724 1382 2920 1434 autem
2965 1379 3274 1432 accusator
3312 1389 3430 1430 non
3463 1370 3731 1444 quintam

2081 1465 2498 1538 suffragiorum
2531 1471 2757 1538 partem
2788 1465 3105 1533 obtineret,
3137 1463 3495 1538 puniebatur
3524 1463 3582 1516 et
3611 1475 3734 1514 om-

2080 1555 2218 1611 nino
2249 1555 2775 1625 condemnabatur,
2817 1571 3006 1628 neque
3037 1570 3272 1611 rursum
3308 1551 3358 1608 ei
3391 1550 3605 1606 licebat
3633 1563 3728 1605 ac-

2081 1661 2306 1701 CUStil‘B.

2148 1737 2239 1792 50.
2272 1737 2723 1810 Amphidromia
2746 1751 2883 1792 vero
2931 1736 3120 1792 festus
3167 1735 3292 1790 dies
3332 1736 3424 1789 est
3469 1729 3727 1804 partium

2077 1829 2402 1896 occasione,
2429 1845 2545 1900 quo
2573 1826 2884 1900 propinqui
2907 1825 3191 1898 parientis
3214 1824 3425 1879 choros
3447 1821 3728 1875 ducentes

306 1909 480 1984 ρωθεν
525 1912 623 1963 τοῦ
668 1905 864 1971 παιδὸς
917 1907 1214 1986 ὀρχοῦνταί
1251 1932 1310 1966 τε
1338 1912 1427 1966 καὶ
1460 1912 1833 1989 συντρέχουσι.
1868 1914 1956 1970 Καῖ

2077 1917 2300 1974 circum
2331 1917 2615 1973 infantem
2644 1915 2862 1972 saltant
2892 1921 2950 1972 et
2981 1915 3365 1972 concurrunt.
3399 1909 3506 1976 Qui
3557 1912 3727 1965 actus

303 1994 656 2077 άμιριδρόμια
683 1997 747 2053 τὸ
773 1999 1150 2076 πραττόμενον
1185 1997 1420 2076 λέγεται.

373 2089 472 2142 να’.
506 2088 576 2142 Τὸ
630 2085 688 2142 δὲ
726 2087 784 2143 εὗ
844 2090 920 2158 οἴ,
972 2087 1082 2162 ὕῖς,
1132 2087 1273 2160 ἅτις,
1305 2090 1412 2161 ὕϊς,
1467 2094 1783 2167 συνθήματα
1839 2094 1965 2149 ὄνο-

305 2178 490 2251 μάτων
551 2176 662 2233 ἐστῖ
727 2173 1166 2255 βαρϐαριζόμενα
1225 2180 1314 2236 ἐπὶ
1362 2181 1626 2246 τελεταῖς.
1656 2185 1804 2240 Ἔστι
1859 2185 1962 2260 γὰρ

302 2267 332 2321 ὁ
373 2267 469 2340 μὶν
495 2266 612 2329 ἅτις
642 2270 710 2341 τῇ
742 2267 945 2344 φρυγίᾳ
991 2268 1218 2345 γλώσσῃ
1265 2271 1293 2324 ὁ
1342 2270 1489 2341 Ζεὺς,
1520 2272 1583 2326 τὸ
1633 2269 1691 2327 δὲ
1736 2273 1820 2338 ῧϊς
1877 2273 1964 2328 εὖ·

299 2355 487 2411 κτικόν
518 2355 652 2426 ἐστι,
685 2355 748 2412 τὸ
781 2355 840 2412 δὲ
869 2352 1006 2412 σάϐα
1037 2357 1246 2413 ἐθνικόν
1282 2379 1296 2392 ·
1327 2360 1403 2424 ὡς
1460 2363 1558 2432 τήν
1618 2359 1755 2433 ὅλην
1787 2363 1960 2439 εὐχὴν

297 2446 561 2516 τοιαύτην
597 2447 727 2502 εἶναι
763 2465 776 2478 ·
816 2470 843 2499 ι(
875 2447 982 2519 ὕϊς,
1024 2448 1070 2501 ὧ
1119 2453 1218 2503 Ζεῦ
1269 2444 1510 2520 σαϐάζιε,
1552 2449 1658 2513 ὕϊς,
1693 2475 1721 2503 ››
1753 2453 1816 2505 0i
1864 2453 1959 2525 μὲν

296 2535 399 2612 γὰρ
460 2535 517 2591 εὖ
568 2538 626 2592 οἴ
670 2557 796 2613 φασι
846 2535 1122 2612 λέγεσθαι,
1155 2539 1207 2592 οἱ
1256 2536 1333 2609 δὲ,
1367 2537 1422 2594 εὖ
1470 2541 1582 2617 βοῖ.
1613 2542 1689 2598 Τὸ
1746 2542 1838 2614 μὲν
1905 2540 1962 2596 εὖ

299 2627 356 2680 οἴ
397 2622 838 2701 ἐλληνικώτερόν
893 2625 1026 2695 ἐστι,
1074 2627 1137 2682 τὸ
1189 2624 1248 2682 δὲ
1300 2627 1356 2683 εὗ
1408 2631 1503 2701 βοῖ
1553 2626 1962 2705 βαρϐαρικώτε-

299 2735 395 2790 ρον
432 2737 443 2749 ·
499 2716 616 2771 κατ’
664 2710 913 2790 ἔλλειψιν
963 2717 1027 2771 τὸ
1078 2715 1134 2771 εὖ
1184 2716 1268 2780 ὕϊς
1319 2724 1601 2782 Βοιωτοῖς.
1651 2725 1766 2775 Τῶν
1808 2719 1854 2776 δ’
1905 2721 1957 2778 ἐν

305 2805 628 2880 μυστηρίοις
690 2802 1014 2876 ἒλληνικοῖς
1081 2803 1389 2882 λεγομένων
1448 2808 1539 2862 καὶ
1607 2811 1962 2888 γραφομένων

303 2889 429 2948 οὔτε
457 2894 524 2948 τά
554 2893 795 2968 ὀνόματα
826 2890 1162 2969 ἂπακριϐοῢν
1219 2893 1320 2968 δεῖ,
1355 2894 1478 2951 οὔτε
1524 2899 1589 2952 τά
1641 2899 1955 2976 γράμματα.

306 2982 377 3036 Οἱ
432 2981 533 3055 γὰρ
587 2981 756 3038 πάλαι
815 2983 882 3039 τὰ
938 2986 1256 3057 συνθήματα
1305 2983 1650 3062 ἐξευρηκότες
1695 2985 1754 3043 ἔκ
1808 3010 1958 3054 τινος

308 3066 592 3143 δαιμονίας
641 3069 940 3144 ἐπιϐουλῆς
989 3074 1362 3150 ἀνερμήνευτα
1407 3079 1574 3131 ταῦτα
1628 3077 1955 3134 καταλελοί-

303 3179 487 3229 πασιν,
523 3159 649 3224 ἴσως
695 3162 785 3217 καὶ
835 3162 992 3219 αὐτοὶ
1043 3164 1407 3240 ἀγνοήσαντες
1453 3166 1660 3222 τούτων
1711 3168 1813 3238 τήν
1863 3165 1954 3224 δύ-

297 3269 460 3322 ναμιν
499 3247 630 3306 ’διὸ
672 3252 763 3306 καὶ
813 3251 890 3317 εἷς
934 3255 1084 3327 ἡμᾶς
1134 3252 1420 3328 ἐξήρκεσαν
1468 3255 1642 3334 φωναί
1693 3257 1752 3312 τέ
1811 3279 1954 3321 τινες

296 3338 388 3393 καὶ
447 3340 746 3414 γράμματα
795 3339 930 3414 ἔνια,
972 3344 1040 3397 τὰ
1100 3343 1192 3416 μὶν
1254 3341 1470 3400 ἐοικότα
1524 3351 1643 3409 τοῖς
1702 3349 1955 3420 σημείοις

297 3425 404 3483 τῶν
464 3429 693 3500 τάσεων,
752 3432 820 3486 τά
875 3428 932 3486 δὲ
988 3432 1346 3509 ἀτακτότερον
1433 3435 1794 3511 ἐκτεθειμένα.
1850 3436 1953 3492 Κᾶν

302 3518 398 3590 μὶν
431 3517 754 3594 ἐξελληνίσῃ
781 3542 864 3584 τις
896 3523 931 3592 ἢ
962 3523 1062 3592 τήν
1101 3525 1287 3598 φωνὴν
1339 3523 1374 3593 ἢ
1418 3525 1480 3580 τὸ
1530 3525 1764 3602 γράμμα
1812 3525 1957 3604 διαρ-

299 3612 442 3680 θρῶν
498 3609 534 3679 ἢ
595 3607 1102 3686 ἐπιδιορθούμενος,
1152 3613 1227 3676 ὡς
1297 3613 1349 3668 ἐν
1418 3620 1538 3680 ταῖς
1591 3614 1955 3681 Φιλοκαλίαις

292 3697 603 3772 Ὤριγὲνους
667 3699 1085 3776 ἀναγέγραπται,
1137 3703 1470 3775 άσυμπαθῶς
1543 3705 1679 3777 πρὸς
1735 3706 1798 3760 τὸ
1874 3705 1957 3761 ἐκ·

291 3784 542 3859 κείμενον
603 3788 693 3842 καὶ
750 3787 863 3864 ἐρεῖ
916 3791 1006 3846 καὶ
1061 3791 1276 3866 γράψει,
1311 3789 1426 3846 οὐδ’
1473 3793 1646 3855 οὕτως
1702 3794 1776 3856 ὡς
1835 3792 1950 3871 ἔχει

293 3875 789 3952 συμπεπνιγμένως
840 3878 1166 3958 ἐκφωνήσει,
1211 3880 1246 3950 ἢ
1305 3881 1442 3936 κατὰ
1506 3883 1568 3937 τὸ
1624 3878 1951 3962 φαινόμενον

292 3963 596 4031 ἀκόλουθον
641 3966 859 4044 γράψει,
916 3966 1129 4044 δράσειέ
1175 3991 1226 4024 τι
1277 3971 1312 4040 ἢ
1363 3974 1576 4044 πνεῦμα
1624 3966 1810 4027 ἔνυλον
1871 3973 1954 4028 ἐκ·

289 4053 632 4128 καλούμενος
684 4058 719 4127 ἢ
771 4059 832 4112 τὸ
883 4057 1219 4135 φλεγμαῖνον
1252 4060 1645 4136 καταμαγεόων
1700 4069 1800 4132 τῆς
1855 4065 1955 4137 ψυ-

289 4149 402 4218 χῆς
434 4145 468 4215 ἢ
499 4149 595 4200 τοῦ
626 4146 904 4219 σώματος.
935 4149 1011 4202 Τὰ
1053 4147 1156 4223 γάρ
1199 4169 1283 4204 τοι
1319 4147 1482 4204 ὑλικᾶ
1520 4150 1804 4225 πνεύματα
1860 4153 1950 4208 καὶ

291 4231 626 4306 ὠνόμασται,
663 4235 736 4298 ὡς
792 4241 900 4290 τῶν
962 4234 1282 4315 φιλοσόφων
1340 4236 1475 4294 ἔνιοί
1530 4261 1681 4319 φασι,
1739 4241 1829 4296 καὶ
1883 4241 1951 4297 τά

289 4328 538 4398 στοιχεῖα
587 4328 698 4380 τῶν
751 4325 1040 4398 ὀνομάτων
1080 4327 1288 4382 τούτων
1319 4330 1649 4408 γεγράφαται
1682 4349 1696 4361 ·
1748 4332 1883 4407 πρὸς
1917 4331 1950 4386 ἃ

290 4407 359 4480 δὴ
393 4413 530 4467 κατὰ
561 4413 716 4491 φύσιν
749 4412 1020 4490 λεγόμενα
1051 4414 1227 4470 ἐκεῖνά
1257 4417 1414 4495 φασὶν
1447 4407 1786 4496 ἐφέλκεσθαι.

357 4501 460 4577 νβ’.
492 4501 674 4558 Ἀλλὰ
709 4505 834 4579 περὶ
888 4506 982 4577 μὲν
1023 4504 1232 4561 τούτων
1287 4509 1363 4579 μὴ
1396 4507 1571 4563 πλείω
1614 4508 1757 4580 ὑμῖν.
1795 4511 1946 4568 Ἐστι

287 4587 346 4645 δέ
392 4611 445 4646 τι
497 4592 643 4668 παρὰ
687 4593 957 4656 Ἀττικοῖς
1007 4595 1098 4649 καὶ
1143 4597 1516 4672 Ξυμμαχικὸν
1567 4605 1946 4674 γραμματεῖον

2074 2024 2166 2063 am
2179 2006 2509 2080 phidromia
2539 2005 2778 2062 dicitur.

2143 2097 2232 2153 5i.
2266 2099 2358 2152 lla}
2389 2113 2558 2152 voces
2592 2114 2604 2152 :
2632 2096 2739 2161 Eu,
2772 2094 2848 2166 oi,
2881 2094 2996 2162 uis,
3030 2093 3164 2159 atis,
3199 2091 3312 2159 uis,
3346 2086 3725 2161 compositio-

2075 2203 2177 2243 nes
2209 2187 2467 2242 barbarm
2501 2185 2813 2241 nominum
2845 2183 3068 2240 suntin
3100 2178 3537 2237 initiationibus
3559 2175 3727 2233 adhi-

2074 2277 2227 2331 bitae.
2273 2274 2399 2330 Atis
2430 2274 2586 2330 enim
2637 2272 2891 2345 Phrygia
2913 2273 2972 2327 in
2994 2270 3199 2342 lingua
3231 2274 3322 2325 est
3357 2267 3601 2340 Jupiter,
3636 2266 3727 2320 uis

2072 2381 2207 2421 vero
2254 2363 2576 2437 optativum
2609 2367 2721 2432 est,
2753 2366 2811 2418 et
2855 2361 2990 2418 saba
3031 2359 3283 2432 gentile;
3335 2358 3419 2413 ita
3471 2361 3537 2412 ut
3584 2353 3722 2411 talis

2072 2453 2271 2525 aliqua
2300 2455 2377 2510 sit
2397 2458 2518 2510 tota
2539 2451 2827 2508 invocatio
2853 2469 2866 2507 :
2891 2475 2918 2501 «
2938 2449 3060 2517 Uis,
3084 2467 3116 2506 ο
3138 2451 3252 2504 Zeu
3277 2446 3528 2514 sabazie,
3557 2445 3718 2500 uis.»

2069 2542 2180 2597 Alii
2205 2543 2362 2598 enim
2400 2560 2468 2598 eu
2506 2543 2560 2597 oi
2597 2541 2711 2596 dici
2749 2540 3132 2605 contendunt,
3165 2537 3266 2593 alii
3298 2553 3368 2592 cu
3413 2536 3519 2590 boi.
3553 2535 3634 2588 Eu
3663 2535 3719 2588 oi

2071 2632 2306 2703 quidem
2341 2631 2531 2702 magis
2574 2635 2840 2685 Graecum
2887 2633 2996 2698 est,
3029 2644 3096 2682 cu
3147 2627 3234 2682 boi
3281 2630 3476 2680 autem
3527 2622 3718 2693 magis

2071 2721 2423 2787 barbarum;
2458 2737 2559 2792 per
2597 2718 2850 2790 ellipsim
2889 2718 3106 2773 dicitur
3137 2732 3204 2771 eu
3245 2717 3334 2770 uis
3367 2712 3519 2784 apud
3553 2715 3717 2765 Boeo-

2070 2810 2205 2866 tios.
2233 2810 2443 2865 Eorum
2487 2812 2686 2864 autem
2729 2824 2856 2879 quae
2885 2806 2949 2862 in
2980 2804 3195 2862 Graecis
3235 2801 3531 2876 mysteriis
3570 2799 3722 2856 dice-

2068 2901 2288 2956 bantur
2316 2897 2403 2954 vel
2435 2899 2868 2967 scribebantur,
2901 2912 3091 2968 neque
3125 2893 3364 2950 nomina
3403 2907 3593 2963 neque
3623 2889 3719 2945 lit-

2066 2995 2224 3045 teras
2253 2988 2543 3061 explicare
2577 2992 2822 3061 oportet.
2843 2986 2948 3051 Qui
2974 2985 3131 3042 enim
3155 2983 3295 3040 olim
3318 2983 3532 3038 horum
3557 2996 3718 3036 com-

2067 3079 2420 3152 positionem
2449 3078 2740 3147 invenere,
2776 3077 2973 3132 divino
3015 3075 3270 3148 quodam
3311 3070 3558 3128 consilio
3599 3086 3717 3125 non

2065 3167 2553 3240 interpretatione
2592 3165 2879 3238 explicata
2924 3181 2992 3220 ea
3045 3163 3432 3235 reliquerunt,
3465 3161 3612 3215 torte
3660 3163 3721 3214 et

2065 3257 2178 3329 ipsi
2207 3273 2408 3312 eorum
2433 3256 2550 3311 vim
2593 3256 2952 3328 ignorantes.
2993 3255 3080 3308 Αει
3113 3269 3221 3308 nos
3252 3251 3406 3307 enim
3434 3264 3715 3322 pervene-

2069 3351 2207 3402 runt
2234 3363 2402 3402 voces
2429 3345 2696 3417 quaedam
2721 3351 2778 3400 et
2799 3345 3066 3416 quaedam
3091 3341 3320 3404 litterae,
3353 3339 3485 3395 aliis
3507 3353 3716 3393 accen-

2069 3442 2234 3492 tuum
2259 3436 2448 3508 signis
2466 3433 2713 3504 similes,
2751 3433 2878 3489 alim
2901 3432 3232 3488 inordinate
3256 3431 3547 3502 expositae.
3572 3434 3642 3489 Et
3663 3425 3713 3482 si

2067 3527 2200 3600 quis
2248 3529 2316 3582 ad
2362 3527 2694 3582 Graecorum
2727 3524 2904 3578 ritum
2937 3521 3230 3594 explicare
3262 3527 3363 3577 aut
3393 3525 3709 3582 emendare

2063 3632 2232 3671 voces
2262 3620 2318 3671 et
2349 3614 2575 3670 litteras
2606 3613 2962 3680 institueret,
3015 3617 3076 3667 ut
3118 3611 3176 3666 in
3221 3611 3490 3684 Origenis
3523 3615 3717 3670 Philo-

2063 3705 2209 3760 calia
2241 3703 2541 3770 scribitur,
2592 3703 2740 3758 nihil
2790 3703 2862 3757 de
2911 3701 3227 3773 propositis
3275 3702 3467 3756 verbis
3500 3718 3716 3760 curans

2065 3794 2286 3848 diceret
2305 3797 2406 3847 aut
2427 3793 2728 3861 scriberet,
2755 3807 2943 3863 neque
2964 3795 3092 3846 tum
3117 3790 3355 3862 quidem
3381 3794 3443 3844 ut
3477 3796 3619 3846 sunt
3647 3810 3716 3848 ea

2062 3881 2152 3937 vel
2178 3881 2496 3936 suffocatus
2530 3881 2935 3952 pronuntiaret
2959 3883 3061 3935 aut
3092 3878 3373 3934 scriberet
3398 3879 3478 3934 ita
3501 3885 3561 3934 ut
3595 3880 3710 3934 evi-

2064 3971 2263 4026 dentia
2293 3974 2661 4043 apparerent,
2694 3968 2812 4024 sive
2843 3967 3112 4041 spiritum
3147 3967 3509 4022 materialem
3545 3967 3712 4023 invo-

2063 4077 2196 4117 care
2225 4060 2384 4126 velit,
2422 4060 2539 4115 sive
2561 4055 2828 4115 ar‘dorem
2851 4057 3061 4112 anima:
3102 4057 3483 4128 autcorporis
3509 4057 3710 4112 incan-

2060 4155 2206 4205 tare.
2231 4148 2566 4205 Materiales
2595 4147 2752 4204 enim
2806 4145 3050 4216 spiritus
3103 4147 3344 4201 nomina
3373 4145 3610 4212 habent,
3645 4152 3713 4202 ut

2063 4239 2300 4311 quidam
2335 4239 2503 4293 aiunt
2526 4236 2884 4310 philosophi,
2917 4242 2974 4291 et
3007 4235 3310 4291 nominum
3343 4251 3544 4290 eorum
3599 4233 3712 4291 ele-

2061 4335 2260 4384 menta
2288 4328 2508 4400 scripta
2536 4331 2715 4396 sunt;
2743 4329 2811 4382 ad
2846 4343 2972 4398 quae
2995 4325 3342 4382 naturaliter
3371 4325 3712 4398 pronuntia-

2059 4425 2121 4474 ta
2151 4435 2250 4474 eos
2281 4417 2498 4472 attrahi
2529 4417 2755 4472 dicunt.

2127 4510 2218 4564 52,
2253 4508 2362 4563 Sed
2395 4508 2468 4562 d'e
2513 4506 2607 4561 his
2657 4507 2803 4560 nihil
2865 4504 3122 4577 amplius
3174 4505 3555 4560 disseremus.
3605 4506 3709 4562 Est

2059 4603 2254 4653 autem
2288 4597 2442 4668 apud
2477 4595 2696 4652 Atticos
2728 4595 2970 4666 quidam
3012 4593 3250 4649 libellus
3280 4594 3516 4650 socialis
3545 4597 3707 4666 Ξυμ-

285 4676 610 4755 λεγόμενον.
643 4683 743 4738 Ἦν
806 4679 866 4737 δὶ
913 4688 1074 4740 τοῦτο
1136 4683 1186 4740 ἐν
1230 4686 1276 4758 ᾧ
1304 4684 1433 4750 τοὺς
1465 4684 1686 4758 ἠλικίαν
1719 4686 1947 4763 ἔχοντας

2073 4685 2300 4760 ,ιαχικὸς
2331 4687 2545 4742 dictus.
2580 4685 2683 4740 Hic
2703 4689 2830 4740 erat
2858 4682 3095 4739 libellus
3138 4685 3196 4738 in
3240 4700 3355 4755 quo
3403 4699 3502 4740 eos
3550 4684 3705 4740 cives

281 4773 392 4823 τῶν
440 4770 614 4825 ἀστῶν
663 4770 801 4847 πρός
853 4793 911 4827 τε
959 4769 1249 4849 πρεσϐείαν
1299 4774 1388 4829 καὶ
1441 4775 1786 4852 στρατηγίαν,
1818 4799 1947 4834 ναυ-

285 4859 486 4934 αρχίαν
517 4881 576 4916 τε
621 4860 710 4916 καὶ
760 4861 1154 4938 τριηραρχίαν,
1185 4863 1237 4917 οἱ
1286 4863 1574 4940 πρυτάνεις
1617 4865 1944 4944 ἀνέγραφον,

281 4947 548 5033 πατρόθεν
639 4948 698 5004 ἐκ
783 4955 968 5024 γενεᾶς
1040 4946 1264 5008 ἕκαστον
1347 4953 1765 5033 ἀναγράφοντες.
1821 4957 1942 5029 Καὶ,

283 5031 404 5091 δέον
438 5036 778 5113 στρατηγοὺς
811 5039 1252 5116 προχειρίζεσθαι
1308 5041 1342 5112 ἢ
1400 5031 1618 5116 ταμίας,
1649 5049 1758 5099 τῶν
1812 5046 1944 5101 ἀνα-

280 5126 676 5202 γεγραμμένων
728 5125 819 5190 οὓς
861 5125 921 5182 ἂν
973 5127 1260 5204 βούλοιντο
1311 5130 1399 5186 ἐπὶ
1447 5136 1555 5188 τῶν
1616 5129 1938 5206 διοικήσεων

279 5209 519 5274 ἔταττον.
605 5217 980 5294 Ληξιαρχικὸν
1064 5216 1121 5274 δέ
1203 5227 1582 5295 γραμματεῖον
1665 5222 1885 5300 ἐλέγετο
1920 5243 1934 5257 ο

277 5313 659 5380 γραμματεῖον
696 5307 791 5380 μὲν
848 5309 931 5363 ὅτι
992 5305 1259 5381 δημόσιον
1315 5311 1384 5380 ἦν
1437 5307 1776 5385 συμϐόλαιον
1837 5321 1940 5384 τῆς

275 5392 497 5458 πόλεως
530 5414 542 5428 ·
601 5394 962 5472 ληξιαρχικὸν
1017 5395 1095 5470 δὲ,
1149 5399 1232 5454 ὅτι
1295 5399 1574 5472 σύμπασαι
1629 5403 1684 5456 αἱ
1742 5403 1934 5478 ἀρχαὶ,

273 5481 331 5538 α’ί
388 5505 446 5539 τε
502 5486 882 5560 χειροτονηταί
939 5486 1030 5542 καὶ
1089 5488 1142 5541 αἱ
1214 5485 1522 5565 κληρωταὶ,
1582 5489 1754 5546 ἐκεῖσε
1809 5513 1934 5547 κατ-

274 5572 500 5649 ἔληγον.

2057 4791 2308 4847 quorum
2342 4779 2480 4830 astas
2505 4775 2576 4830 ad
2605 4773 2927 4846 legationes
2959 4777 3061 4828 aut
3101 4772 3365 4845 imperia,
3389 4773 3461 4828 ad
3494 4789 3703 4829 navar-

2055 4864 2246 4920 chiain
2278 4869 2334 4920 et
2365 4863 2769 4920 trierarchiam
2800 4867 2934 4934 apta
2951 4868 3096 4933 erat,
3120 4867 3396 4935 prytanes
3425 4861 3705 4918 inscribe-

2054 4953 2218 5022 bant,
2252 4971 2426 5026 quem
2487 4971 2556 5010 ex
2617 4957 2862 5025 paterna
2909 4951 3135 5024 origine
3180 4951 3602 5008 inscribebant.
3633 4951 3704 5007 Et

2051 5045 2286 5114 quando
2308 5043 2442 5116 eligi
2482 5043 2665 5098 duces
2703 5046 2806 5097 aut
2834 5046 3152 5113 quaestores
3177 5057 3420 5097 necesse
3451 5045 3598 5112 erat,
3630 5057 3701 5098 ex

2050 5132 2349 5204 inscriptis
2395 5149 2544 5203 quos
2574 5131 2847 5188 volebant
2869 5130 2962 5186 his
2994 5129 3340 5186 muneribus
3391 5145 3694 5202 praepone-

2050 5221 2212 5277 bant.
2247 5222 2402 5278 Alter
2431 5226 2628 5278 autem
2669 5220 2903 5277 libellus
2927 5219 3334 5276 Lexiarchicus
3365 5218 3695 5294 (Ληξιαρχι-

2047 5313 2160 5383 κὸς)
2192 5314 2772 5382 vocabatur;libellus
2813 5313 3076 5385 quidem,
3101 5311 3244 5384 quia
3273 5311 3514 5383 publica
3553 5311 3692 5368 civi-

2045 5406 2186 5460 tatis
2216 5405 2419 5461 tabula
2464 5410 2621 5472 erat;
2677 5404 3060 5460 lexiarchicus
3111 5419 3266 5467 vero,
3315 5403 3454 5475 quia
3485 5419 3691 5460 omnes

2045 5494 2447 5565 magistratus,
2478 5499 2534 5550 et
2589 5493 2887 5567 sutt‘ragiis
2945 5493 3098 5548 datis
3128 5495 3184 5546 et
3213 5495 3367 5547 sorte
3409 5492 3571 5547 ducti
3610 5491 3691 5546 ibi

2041 5584 2537 5640 terminabantur.
