4124 6390
407 433 566 498 1023
1748 440 2035 502 ΜῙΟΗΛΕ

2217 437 2480 500 PSELLI
3681 439 3845 501 1024

639 962 803 1016 ΠΕΡΙ
844 961 1107 1019 ΚΛΙΝΩΝ
1147 967 1513 1022 ΔΟΓΜΛΤΩΝ
1554 966 1672 1022 ΚΑΙ
1709 968 1889 1022 ΟΡΩΝ
1925 968 2061 1020 ΤΩΝ
2098 965 2421 1023 ΝΟΜΙΚΩΝ
2462 965 2787 1021 ΡΩΜΑΙΣΤΙ
2829 965 3247 1020 ΛΕΓΟΜΕΝΩΝ
3288 961 3588 1018 ΛΕΞΕΩΝ.

1822 1292 2386 1388 EJUSDEM

559 1489 662 1550 DE
710 1493 1270 1557 RECENTIORUM
1317 1497 1582 1560 LEGUM
1631 1498 1728 1558 ΕΤ
1775 1497 2176 1560 LEGALIUM
2222 1493 2797 1557 DEFINITIONUM
2843 1492 3153 1556 LATINIS
3210 1490 3662 1555 NOMINIBUS.

469 1851 712 1907 Adriani
746 1853 1044 1910 decretum
1061 1856 1216 1928 quod
1249 1855 1372 1911 vult
1393 1856 1546 1914 bona
1566 1857 1679 1913 ﬁde
1702 1857 2048 1914 distributo-
2078 1873 2097 1926 Α

2251 1853 2573 1931 Αδριάνειον
2607 1851 2808 1930 δόγμα,
2844 1851 2976 1929 ὅπερ
3013 1849 3269 1929 βούλεται
3296 1852 3388 1907 τὸν
3442 1847 3591 1924 καλῇ
3644 1849 3823 1905 πίστει

397 1954 519 1995 rem
542 1954 734 2011 neque
767 1940 982 1996 lucrari
1013 1958 1202 2015 neque
1233 1942 1492 1999 multari.

2152 1944 2326 2018 νομία
2360 1947 2499 2018 μήτε
2527 1941 2851 2021 κερδαίνειν,
2889 1944 3028 2017 μήτε
3071 1945 3421 2015 ζημιοῦσθαι.

464 2027 682 2099 Aquilii
712 2027 802 2084 lex
825 2029 895 2084 de
919 2029 1144 2102 multis,
1177 2032 1248 2088 ab
1273 2033 1505 2104 Aquilio
1546 2034 1735 2106 plebis
1781 2035 2040 2090 tribuno.

2226 2033 2540 2097 Ἀκουίλιος
2586 2035 2779 2107 νόμος,
2815 2034 2842 2090 6
2890 2031 3013 2108 περῖ
3062 2030 3287 2106 ζημίας,
3335 2030 3441 2085 ἀπὸ
3497 2028 3813 2087 Ἀκουϊλίου

2191 2147 2223 2182 η
2236 2145 2380 2182 μαργ
2392 2146 2475 2182 Ου.

467 2207 878 2277 Apbnianeum
912 2209 1208 2266 decretum
1234 2215 1291 2268 et
1312 2212 1550 2267 Adriani
1572 2211 1746 2268 ambo
1761 2213 2044 2285 abrogata

2191 2123 2475 2201 ημάρχουο

2226 2211 2589 2292 Ἀφνεϊάνειον
2651 2211 2828 2290 δόγμα
2900 2213 2989 2267 καὶ
3047 2208 3380 2287 Ἀδριάνειον
3440 2207 3605 2288 ἄμφω
3662 2210 3813 2264 ἀναι-

397 2299 560 2350 sunt.
2154 2307 2390 2360 οεθέντα.

463 2307 560 2350 μοι.

463 2383 642 2440 Atilia
671 2385 760 2442 lex
791 2386 1064 2459 prohibet
1093 2407 1165 2447 ne
1195 2390 1414 2448 furtiva
1444 2391 1887 2466 usucapiantur.

2179 2307 2390 2370 ιεθέντα.

2222 2393 2463 2456 Ἀτίλιος
2518 2389 2691 2467 νόμος
2742 2394 2770 2447 6
2817 2389 3050 2448 κωλύων
3100 2389 3166 2446 τὰ
3204 2387 3516 2463 κλοπιμαῖα
3545 2388 3807 2443 οὐσουκα·

2150 2483 2480 2548 πιτεύεσθαι.

463 2564 578 2620 Lex
595 2566 828 2638 agarria
848 2571 1054 2624 contra
1074 2585 1173 2624 eos
1198 2569 1298 2640 qui
1329 2575 1565 2626 movent
1592 2569 1820 2641 lapides
1843 2567 2040 2624 termi-

2221 2574 2505 2648 Ἀγράριος
2564 2572 2732 2645 νόμος
2787 2573 2924 2627 κατᾶ
2992 2573 3098 2624 τῶν
3155 2566 3554 2623 ἀποκινούντων
3616 2563 3805 2628 λίθους

388 2651 573 2715 nales,
628 2669 828 2710 servos
876 2656 1207 2728 capitaliter
1255 2658 1529 2728 puniens,
1591 2657 1794 2713 liberis
1839 2661 2016 2712 auten

2185 2663 2412 2736 ριαίους,
2475 2659 2706 2722 δούλους
2781 2659 3090 2737 κεφαλικῶς
3165 2661 3452 2733 τιμωρῶν,
3497 2653 3806 2730 ἐλευθέροις

388 2755 492 2812 pro
546 2741 798 2814 singulis
841 2745 1112 2802 terminis
1166 2763 1394 2818 poenam
1445 2762 1822 2803 nummorum
1861 2745 2016 2818 quin

2181 2752 2207 2806 ὶ
2263 2752 2458 2820 ποινήν
2547 2750 2758 2825 ἐπάγων
2809 2749 3019 2822 ἑκάστῳ
3085 2747 3199 2824 ὅρῳ
3255 2745 3539 2821 νούμμους
3596 2745 3805 2815 πεντή-

388 2828 666 2898 quaginta
692 2831 987 2905 inﬂigens.

705 2831 987 2905 :nﬂigens.
2147 2863 2333 2898 κοντα.

464 2919 860 2977 LexViselina
894 2922 1135 2980 libertos
1157 2925 1440 2996 puniebat
1469 2926 1571 2997 qui
1602 2927 1805 2982 eadem
1833 2943 1898 2982 ac
1931 2943 2034 2982 no-

2218 2930 2500 2994 Βισὲλινος
2545 2931 2714 3004 νόμος
2749 2949 2760 2962 '
2798 2929 2955 2992 οὗτος
3013 2927 3271 3002 ἐτιμώρει
3327 2923 3454 2986 τοὺς
3511 2921 3803 2987 ἀπελευθέ-

388 3005 539 3063 biles
565 3007 873 3077 faciebant,
909 3028 1022 3067 non
1074 3015 1267 3084 petilia
1323 3015 1518 3070 aureis
1568 3014 1834 3082 annulis;
1867 3016 2016 3071 abro‘

2173 3042 2276 3083 ›ους
2334 3024 2666 3092 ποιήσαντας
2722 3017 2788 3073 τὰ
2841 3022 2948 3073 τῶν
3012 3015 3236 3090 εὐγενῶν
3297 3012 3475 3089 χωρὶς
3532 3011 3801 3082 αἰτήσεως

391 3101 524 3166 gata
547 3103 636 3152 est
659 3113 760 3168 per
776 3101 1155 3156 recentiorem
1173 3119 1325 3159 anno
1349 3105 1787 3176 septuagesimo
1811 3110 2010 3160 octavo

2147 3115 2364 3186 χρυσῶν
2400 3107 2703 3165 δακτυλίων
2739 3125 2752 3141 ³
2786 3106 3024 3182 ἀνῃρέθη
3061 3101 3118 3160 δὶ
3151 3104 3253 3159 ὖπό
3282 3110 3383 3173 τῆς
3412 3109 3495 3173 οη¹
3521 3104 3725 3186 “€133:-

459 3185 572 3241 Lex
593 3186 848 3244 Voconia
879 3189 1106 3246 volebat
1126 3191 1259 3264 plus
1279 3193 1624 3265 legatarium
1647 3194 2036 3266 comprehen-
2065 3232 2087 3298 l

2174 3184 2198 3186 Γ
2219 3198 2509 3261 Βωκώνιος
2541 3197 2712 3271 νόμος
2745 3216 2758 3230 ·
2794 3194 2952 3252 οὗτος
2995 3188 3254 3250 ἐϐούλετο
3301 3191 3470 3248 πλέον
3503 3184 3793 3264 λαμϐάνειν

387 3273 521 3329 dere
549 3291 724 3347 quam
761 3277 1072 3335 haeredem.

2065 3273 2114 3298 υ
2145 3290 2237 3346 τὸν
2266 3288 2602 3365 ληγατάριον
2634 3291 2730 3342 τοῦ
2761 3285 3143 3361 κληρονόμου.

455 3362 927 3422 Dasumnianum
945 3370 1266 3439 decretum,
1303 3372 1522 3442 jubens
1538 3376 1623 3444 ut,
1649 3374 1696 3429 si
1722 3373 1854 3445 quis
1877 3372 2035 3430 debi-

2217 3362 2671 3451 Δασουμνιάνειον
2732 3372 2930 3450 δόγμα,
2995 3370 3240 3440 κελεῦον,
3299 3369 3385 3426 ἐάν
3461 3391 3545 3434 τις
3619 3387 3799 3444 χρεω-

385 3454 479 3506 tor
505 3451 828 3526 ingenuum
853 3458 1459 3517 ﬁdeicommissariam
1487 3461 1604 3518 sive
1628 3479 1730 3534 per
1751 3463 2013 3534 oppigne'

2175 3471 2284 3522 τῶν
2327 3465 2632 3540 ἐλευθερίαν
2689 3460 3195 3542 φιδεϊκομισσαρίαν
3261 3458 3439 3515 εἷ’τουν
3513 3459 3615 3513 ὑπὸ
3676 3453 3803 3531 ὅρον

387 3541 676 3598 rationem
708 3543 829 3600 sive
859 3563 963 3618 per
984 3549 1272 3604 actionem
1299 3550 1565 3622 capiendi
1590 3552 1933 3622 constituat,
1952 3552 2011 3606 in

2176 3567 2179 3626 ί
2228 3556 2330 3611 ὑπὸ
2379 3553 2580 3630 α’ίρεσιν
2634 3541 2874 3629 εὐλόγως
2903 3547 3378 3624 ἀπολιμπάνηται,
3409 3549 3443 3618 ἠ
3491 3547 3584 3621 μὲν
3645 3544 3804 3602 ἐλευ-

385 3644 578 3702 genua
619 3633 859 3703 quidem
909 3636 1272 3709 possidebat,
1314 3638 1413 3696 illc
1463 3640 1774 3712 autemjus
1803 3646 2007 3714 patron

2181 3647 2298 3720 ερία
2321 3643 2408 3700 ’ίνα
2458 3646 2754 3720 προχωρῇ,
2788 3640 2946 3704 αὐτὸς
2994 3637 3052 3695 δὲ
3112 3640 3188 3714 μή
3249 3636 3487 3712 ἐκπίπτῃ
3544 3639 3642 3691 τοῦ
3697 3655 3807 3691 πα·-

383 3735 499 3774 non
533 3722 784 3778 amittat.

2140 3739 2407 3813 τρωνικοῦ
2440 3733 2673 3789 δικαίου.

456 3809 571 3865 Lex
600 3811 779 3882 Julia,
812 3813 883 3869 de
914 3817 1203 3873 adulterio
1252 3822 1310 3874 et
1356 3822 1562 3891 stupro
1593 3825 1651 3876 et
1679 3821 2031 3893 expiatione,

2178 3809 2449 3886 ’Ἰούλιος
2511 3822 2706 3897 νόμος,
2757 3823 2786 3876 6
2833 3820 2957 3896 περὶ
3038 3817 3292 3894 μοιχείας
3357 3817 3449 3872 καὶ
3523 3816 3801 3888 στούπρου

388 3902 447 3953 et
476 3899 547 3954 de
578 3900 628 3954 vi
663 3909 900 3959 armata
923 3910 980 3960 et
1001 3905 1128 3962 sine
1151 3909 1335 3963 armis
1357 3913 1412 3964 et
1434 3909 1505 3964 de
1530 3909 1835 3983 sacrilegis
1874 3915 1932 3967 et
1959 3911 2016 3966 ii:

2174 3914 2230 3970 ai
2282 3913 2680 3984 καθοσιώσεως,
2736 3910 2826 3966 καὶ
2875 3908 2998 3984 περὶ
3062 3907 3180 3983 βίας
3241 3904 3473 3962 ἐνόπλου
3529 3904 3564 3974 ἢ
3624 3903 3802 3979 χωρὶς

378 3988 480 4060 qui
513 3991 860 4049 muneribus
887 4002 1372 4069 corrumpuntur,
1396 4004 1453 4054 et
1483 3998 1635 4056 aliis.

2175 4003 2354 4076 πλων,
2412 4002 2503 4058 καὶ
2560 4000 2685 4077 περὶ
2742 3997 3046 4072 ἱεροσύλων
3105 3996 3195 4052 καὶ
3260 3993 3664 4068 δωροληπτῶν,
3708 3993 3799 4048 καὶ

2140 4093 2336 4149 ἐτέοων
2349 4134 2361 4147 .

450 4166 773 4226 Junianum
795 4173 1095 4230 decretum
1118 4176 1188 4231 de
1208 4176 1465 4248 ingenua
1485 4177 2032 4234 ﬁdeicommissaria

2172 4113 2552 4239 τξῗόῗδῒθιάνειον
2611 4177 2794 4254 δόγμα
2840 4177 2967 4252 περὶ
3017 4174 3329 4252 ἐλευθερίας
3386 4171 3800 4252 φιδεϊκομισσα-

380 4271 487 4327 per
517 4260 784 4328 capiendi
817 4262 1104 4319 actionem
1133 4265 1225 4320 vel
1255 4266 1729 4338 oppigneratum.

1431 4272 1729 4322 ‘neratum.
2142 4269 2286 4347 ρίας,
2317 4265 2442 4338 ἤτοι
2477 4269 2578 4323 ὑπὸ
2608 4265 2812 4344 α’ίρεσιν
2842 4267 2877 4336 ἢ
2908 4267 3059 4341 ὅρον.

454 4345 571 4401 Lex
601 4347 780 4404 Junia
811 4351 1130 4422 prohibens
1152 4371 1224 4410 ne
1255 4355 1628 4428 bispossessa
1649 4356 1809 4412 culta
1827 4373 2034 4412 usuca-

2207 4357 2444 4422 Ἰούνιος
2482 4358 2680 4431 νόμος,
2711 4353 2944 4412 κωλύων
2996 4353 3546 4416 ούσουκαπιτεύεσθαι
3593 4351 3661 4404 τὰ
3712 4350 3798 4425 βι-

379 4433 640 4506 piantur.

2141 4448 2344 4504 πόσεσα
2373 4448 2695 4521 νεμηθέντα.

450 4523 835 4585 Claudianum
850 4531 1169 4600 decretum,
1196 4534 1482 4606 impuberi
1502 4551 1688 4606 usque
1712 4535 1783 4590 ad
1812 4534 2026 4607 puber-
2063 4594 2078 4612 ι

2214 4534 2604 4595 Κλαυδιᾶνειον
2635 4533 2837 4612 δόγμα,
2871 4533 3114 4611 παρέχον
3143 4536 3224 4604 τῷ
3253 4526 3444 4604 ἆνήϐῳ
3499 4530 3666 4604 μέχρι
3697 4535 3798 4598 τῆς

379 4617 563 4670 tatem
595 4619 1027 4688 possessionem
1061 4623 1348 4694 praebens.

1061 4593 1348 4694 praebens.
1591 4593 1611 4606 ‘
1812 4593 1830 4607 .
2059 4593 2103 4662 C
2139 4593 2285 4698 ilch
2316 4624 2674 4702 διακατοχήν.

454 4703 572 4761 Lex
601 4705 887 4780 Cornelia,
911 4709 982 4766 de
1005 4709 1174 4785 falso,
1215 4713 1284 4768 de
1310 4711 1644 4784 homicidia,
1680 4714 1752 4770 de
1790 4712 2029 4770 venenis

2211 4715 2495 4794 Κορνίλιος
2525 4715 2718 4788 νόμος,
2751 4715 2778 4768 6
2836 4715 2960 4788 περὶ
3016 4710 3284 4781 πλαστοῦ,
3315 4708 3439 4785 περὶ
3497 4710 3793 4784 φονευτῶν,

381 4799 440 4852 ct
472 4795 946 4856 incantamentis.
1475 4795 1479 4798 ’

1475 4795 1479 4798 ’
2137 4807 2262 4882 περὶ
2287 4809 2588 4884 φαρμακῶν
2622 4804 2712 4859 καὶ
2744 4805 2986 4878 γοήτων.

453 4885 554 4942 Est
581 4893 778 4944 autem
802 4893 860 4945 et
885 4888 978 4945 lex
1008 4889 1254 4948 Caninia
1275 4895 1332 4948 et
1359 4893 1453 4948 lex
1482 4891 1830 4950 Calvisiana.

2207 4880 2370 4954 Ἔστι
2413 4892 2471 4951 δὶ
2511 4893 2602 4949 καὶ
2646 4894 2820 4967 νόμος
2869 4891 3124 4953 Κανίνιος
3175 4890 3262 4945 καὶ
3294 4888 3466 4963 νόμος
3529 4880 3792 4945 Καλϐισι-

2137 4987 2329 5048 άνειος.

450 5063 842 5136 Largitionale
883 5069 1185 5127 decretum
1217 5072 1288 5128 de
1319 5071 1665 5129 Latinorum
1699 5072 2025 5130 manumis-

2209 5071 2612 5152 Λαργιτιόνειον
2700 5069 2900 5148 δόγμα,
2960 5070 3084 5139 περὶ
3169 5067 3413 5124 Λατίνων
3498 5063 3797 5128 ἀπελευθε-

379 5152 567 5210 sione.

2136 5163 2277 5228 ρίας.

447 5185 567 5210 δυσ.

447 5242 835 5303 Libanianum
861 5248 1182 5317 decretum,
1227 5249 1447 5321 jubens
1477 5250 1744 5309 falsarios
1774 5252 2025 5310 infames

2175 5185 2225 5220 ια
2266 5207 2278 5220 .

2207 5186 2582 5308 λειϐανιάνειον
2671 5247 2870 5326 δόγμα,
2945 5245 3168 5304 κελεῦον
3257 5248 3583 5320 ἀτιμοῦσθαι
3661 5240 3797 5304 τοὺς

376 5346 527 5389 8880.

2133 5340 2606 5420 πλαστογράφους.

451 5423 558 5478 Lex
587 5423 810 5482 Licinia
859 5426 1179 5498 prohibens
1227 5446 1299 5486 ne
1343 5431 1541 5487 socius
1587 5429 1762 5487 alicui
1802 5433 2023 5506 potenti

2205 5431 2473 5493 Λικίνειος
2524 5431 2714 5504 νόμος,
2755 5426 2987 5484 κωλύων
3068 5427 3158 5482 τὸν
3235 5423 3496 5481 κοινωνὸν
3555 5421 3793 5477 ἐκποιεῖν

374 5515 602 5582 partem
633 5530 800 5571 suam
830 5517 1060 5572 vendat.

2130 5524 2194 5580 τὸ
2227 5519 2365 5577 ἴδιον
2399 5519 2563 5596 μέρος
2591 5518 2697 5575 τινὶ
2744 5514 2975 5588 δυνατῷ.

448 5600 878 5659 Modestianum
906 5606 1202 5662 decretum
1222 5612 1489 5665 statuens
1511 5609 1796 5666 auxilium
1831 5628 1863 5666 a
1884 5629 2025 5684 pra;-

2204 5608 2616 5668 Μοδεστιάνειον
2648 5605 2845 5684 δόγμα,
2875 5605 3206 5678 νομοθετοῦν
3250 5607 3366 5664 τοῖς
3422 5603 3646 5672 ζητοῦσι
3695 5598 3789 5653 τὸν

375 5689 606 5747 toribus
636 5692 893 5750 dandum
923 5711 1053 5751 esse
1078 5696 1386 5769 fugitivum
1418 5714 1649 5756 servum
1674 5697 2003 5771 inquirenti

2161 5699 2345 5777 ›υγάδα
2375 5698 2572 5756 δοῦλον
2606 5694 2849 5760 δίδοσθαι
2903 5695 3157 5771 βοήθειαν
3203 5693 3350 5770 παρά
3395 5694 3502 5747 τῶν
3553 5707 3789 5766 στρατη-

372 5787 487 5844 bus
516 5785 590 5841 ad
623 5797 760 5838 eum
791 5785 1221 5857 reperiendum.

2131 5796 2240 5868 γῶν
2274 5789 2348 5853 είς
2377 5789 2477 5859 τήν
2507 5786 2704 5843 τούτου
2735 5781 3032 5859 ἀνεύρεσιν.
