4124 6408
309 354 469 420 1028

1560 343 1662 405 DE
1703 339 1978 406 LEGUM
2024 339 2305 404 NOMINI
2317 342 2486 406 BUS.

3578 353 3738 441 {026

381 481 835 543 Μακεδονιάνειον
869 480 1074 558 δόγμα,
1125 472 1432 536 ἀντιϐαἴνον
1482 479 1602 539 τοῖς
1662 472 1965 531 δανείσασιν

2154 475 2642 537 Macedonianum
2671 481 2970 539 decretum
2993 487 3198 541 contra
3227 501 3328 543 eos
3349 485 3448 559 qui
3483 487 3740 545 subditis

312 575 642 634 ὑπεξουσίω.

380 576 688 722 ἓξιῖῖἓὲἷδν
723 658 923 737 δόγμα,
966 659 1099 734 ὅπερ
1148 656 1362 713 ἐκέλευε
1408 652 1686 728 μηδέποτε
1739 653 1973 732 μεταφέ-

309 767 497 830 ρεσθαι
526 752 658 814 τοὺς
690 748 1086 826 ἀπελευθέρους
1118 747 1194 809 είς
1225 746 1516 823 εὐγένειαν.
1567 813 1575 819 _

385 841 783 922 Ὀρφιτιάνειον
842 837 1044 916 δόγμα,
1093 837 1336 912 παρέχον
1389 839 1505 897 τοῖς
1553 832 1710 890 παισὶ
1758 831 1973 906 νόμιμα

313 933 498 991 δίκαια
527 931 603 994 εἷς
631 932 733 1001 τήν
764 933 873 984 τῶν
910 929 1162 1002 μητέρων
1196 923 1557 1000 διακατοχήν.

385 1023 664 1083 Πάππειος
693 1019 888 1094 νόμος,
919 1016 1150 1073 κωλύων
1185 1013 1440 1070 δεσπόσαι
1467 1014 1530 1070 τὸ
1583 1010 1870 1089 βιπόσεσον
1902 1009 1973 1066 δι’

318 1111 792 1172 ούσουκαπίωνος.

390 1203 686 1276 Πομπήϊος
714 1197 904 1272 νόμος,
938 1195 1064 1271 περὶ
1091 1193 1498 1270 πατροκτόνων.

388 1288 781 1367 Πηγασιάνειον
807 1287 1010 1362 δόγμα,
1061 1285 1282 1341 κελεῦον
1341 1283 1434 1340 τὸν
1483 1281 1777 1354 ἀξιωθέντα
1827 1280 1974 1353 κλη-

317 1379 578 1456 ρονομίαν
629 1378 1072 1441 ἀποκαταστῆσαι
1130 1378 1495 1450 παρακρατεῖν
1553 1373 1616 1427 τὸ
1673 1371 1928 1447 τέταρτον
1956 1413 1970 1439 ,

313 1471 407 1526 καὶ
475 1469 836 1538 ὑποκαθιστᾷν
895 1463 1292 1539 ἐννεαούγγιον,
1370 1461 1466 1524 τὰς
1518 1458 1576 1515 δὶ
1651 1459 1865 1536 ἀγωγὰς
1921 1457 1973 1531 ἐξ

314 1557 452 1616 ὅλου
500 1556 714 1633 κλήρου
758 1551 927 1631 ἔχειν’
978 1554 1042 1608 τὸ
1100 1550 1159 1607 δὲ
1201 1546 1604 1627 Τριϐελιάνειον
1637 1547 1808 1606 διεῖλε
1847 1547 1974 1604 ταύ-

313 1668 433 1710 τας.

388 1731 799 1813 Πριϐιλιάνειον
868 1729 1046 1809 δόγμα
1093 1731 1184 1787 καὶ
1242 1728 1723 1807 Τουρπιλιάνειον.
1781 1726 1973 1800 Τούτῳ

318 1825 612 1882 ὑποπίπτει
647 1825 674 1879 ὁ
730 1822 1020 1899 ἐγγράφως
1068 1819 1266 1896 ἐγγύας
1308 1816 1561 1882 δεδωκὼς
1590 1816 1681 1873 καὶ
1737 1818 1974 1888 ποιήσας

316 1916 440 1972 τινὰ
467 1914 825 1988 κατασχεθεῖν
858 1911 1037 1988 χωρὶς
1067 1904 1436 1971 ἀϐολιτίονος.

392 1998 797 2080 Ῥουὸριάνειον
832 1998 1036 2078 δόγμα,
1069 1999 1193 2076 περὶ
1226 1994 1733 2076 φιδεϊκομισσαρίας
1769 1993 1976 2061 ἐλευθε-

363 2093 469 2157 ίας.

363 2116 469 2157 ιας.

324 2116 354 2173 ρ
394 2181 622 2259 Ῥέγειος
657 2183 684 2237 ὁ
715 2181 908 2254 νόμος,
941 2178 970 2234 ὁ
999 2177 1232 2234 κωλύων
1264 2181 1500 2257 ταφῆναι
1525 2178 1625 2248 τὴν
1660 2175 1710 2231 ἐν
1754 2179 1834 2249 τῷ
1857 2175 1976 2232 τίκ-

321 2294 434 2329 τειν
465 2274 748 2343 θανοῦσαν,
781 2269 906 2345 πρὶν
940 2265 1156 2323 ἐκδῦναι
1186 2267 1248 2323 τὸ
1289 2268 1510 2344 βρέφος.

398 2360 704 2416 Σιλιάνειον
755 2356 974 2434 δόγμα,
1021 2356 1145 2431 περὶ
1192 2361 1290 2412 τοῦ
1341 2353 1450 2411 δεῖν
1504 2352 1830 2418 ἑκδικεῖσθαι
1884 2355 1974 2411 τὸν

328 2450 518 2527 βιαίως
545 2447 894 2525 ἀναιρεθέντα
924 2446 1071 2522 παρὰ
1097 2450 1205 2501 τῶν
1232 2442 1385 2501 ἰδίων
1415 2443 1807 2520 κληρονόμων.

397 2628 646 2691 Σέντειος
691 2627 888 2701 νόμος,
936 2623 1168 2682 κωλύων
1221 2622 1349 2688 τοὺς
1400 2622 1487 2680 ἐπὶ
1531 2617 1713 2700 βλάϐῃ
1743 2626 1850 2678 τῶν
1885 2619 1980 2678 δα-

323 2721 550 2775 νειστῶν
583 2714 916 2794 ἱλευθερίας.

396 2804 806 2884 Τερτυλιάνειον
841 2801 1046 2881 δόγμα,
1076 2803 1322 2880 παρέχον
1346 2806 1470 2866 ταῖς
1504 2821 1743 2878 μητρασι
1774 2800 1984 2877 νόμιμα

333 2896 516 2953 δίκαια
545 2894 620 2959 εἲς
652 2895 752 2966 τήν
781 2897 890 2950 τῶν
919 2890 1126 2949 παίδων
1160 2890 1454 2969 διαδοχήν.

404 2979 804 3061 Τριϐελιάνειον
858 2980 1057 3061 δόγμα,
1112 2980 1238 3060 περὶ
1264 2978 1782 3060 φιδεῖκομισσαρίων
1843 2981 1986 3057 ἀγω-

377 3094 473 3131 ων.

338 3096 646 3227 γωιζβδὶϐειος
670 3162 861 3237 νόμος,
892 3161 1014 3238 περὶ
1049 3156 1518 3237 ἀνδραποδιστῶν.

409 3339 742 3408 Φαλκίδειος
793 3340 989 3416 νόμος,
1048 3342 1076 3396 ὁ
1133 3336 1437 3417 πρόδηλος’
1497 3337 1708 3410 ἐξετέθη
1769 3335 1827 3394 δὶ
1883 3339 1986 3394 ὑπὸ

336 3429 620 3489 Πουπλίου
651 3428 954 3486 Φαλκιδίου
985 3427 1050 3501 δη
1063 3433 1424 3506 μαργοῦντος.
1460 3425 1726 3485 Βούλεται
1761 3425 1817 3483 δὶ
1848 3424 1988 3502 λαμ-

338 3517 516 3578 ϐάνειν
542 3521 634 3577 τὸν
666 3519 1018 3596 κληρονόμον
1046 3517 1106 3576 ἐκ
1150 3525 1252 3590 τῆς
1302 3517 1487 3581 οὐσίας
1524 3521 1623 3574 τοῦ
1669 3514 1988 3592 διαθεμένου

335 3610 598 3689 τίσσαρας
629 3608 871 3688 ούγγίας.

410 3789 509 3846 Καὶ
539 3788 605 3845 τὰ
664 3789 760 3862 μὶν
809 3787 934 3863 περῖ
984 3784 1272 3862 δογμάτων
1299 3784 1437 3842 κατᾶ
1467 3789 1742 3861 στοιχεῖον
1799 3788 1988 3843 ταῦτα.

339 3879 425 3938 Ta‘t
474 3877 531 3935 δὶ
578 3877 703 3954 περὶ
751 3881 859 3933 τῶν
929 3875 1213 3949 ὀνομάτων
1264 3873 1660 3952 ἀναγκαιότερα
1730 3874 1989 3938 ὡσαύτως

339 3968 579 4034 ἐντεῦθεν
590 4011 602 4025 .

415 4059 694 4135 Ἀγνάτος,
727 4057 756 4113 ὁ
788 4055 840 4128 te
869 4053 1254 4133 ἀρρενογονιας
1285 4056 1423 4129 ἡμῖν
1455 4055 1882 4129 συναπτόμενος.

413 4238 666 4305 Ἀκτους,
700 4232 826 4300 ὁδὸς
856 4231 903 4289 δ’
934 4255 1000 4306 ης
1031 4231 1252 4290 δυνατὸν
1282 4232 1594 4312 διέρχεσθαι
1627 4235 1762 4310 μετά
1792 4236 1992 4304 ὑποζυ-

340 4326 466 4405 γίου
499 4328 533 4397 ἢ
571 4324 879 4402 ὀχήματος.

412 4416 613 4485 Βίτιον,
645 4415 840 4492 ψόγος,
873 4410 1185 4488 ἐλάοττωμα,
1213 4411 1411 4469 αἴτιον.

415 4591 811 4671 Βρουμάλειον,
845 4591 1122 4670 χειμέριοι
1155 4592 1362 4669 ἓορται.

413 4681 764 4741 Βελλιάνειον
808 4679 1013 4758 δόγμα,
1047 4683 1283 4759 βοηθοῦν
1329 4685 1448 4744 ταῖς
1486 4681 1720 4758 γυναιξὶν
1773 4681 1992 4757 ἐνόχοις

341 4772 731 4852 γεγενημὲναις
762 4772 896 4848 ὑπὲρ
919 4769 1140 4848 ἐτέρων.

416 4864 667 4940 Γραικὸς,
700 4863 728 4918 ὁ
759 4858 1055 4931 Χαλδαῖος,
1083 4859 1318 4932 Ἕλλην.

417 4955 612 5022 Δαττα,
647 4953 675 5008 ὁ
706 4949 1042 5014 κατοικίδιος
1072 4949 1354 5026 α’ίλουρος·

415 5045 623 5108 Γὲνειει,
657 5042 713 5096 αἱ
745 5041 1016 5116 σιαγόνες.

419 5132 700 5210 Δεκρέτον,
730 5131 1000 5208 ἀπόφασις
1027 5127 1294 5206 βασιλέως
1320 5128 1515 5204 μεταξὺ
1540 5126 1635 5185 δύο
1662 5133 1838 5206 μερῶν
1872 5131 2000 5206 παρ’

345 5222 493 5297 αύτῷ
525 5219 892 5295 δικαζομένων
903 5262 916 5277 .

419 5309 831 5390 Δεϊνοφικιόσο’
911 5309 1118 5384 μέμψις
1191 5307 1326 5364 κατὰ
1409 5305 1679 5380 διαθήκης
1754 5306 2001 5385 ἐῤῥωμὲ.

343 5424 444 5474 νης
479 5403 573 5477 μὶν
604 5403 672 5477 τῇ
704 5394 956 5476 ἀκριϐείᾳ
983 5402 1089 5454 τῶν
1121 5397 1330 5472 νόμων,
1374 5397 1757 5469 ἀκαθηκούσης
1788 5395 1845 5453 δὲ
1895 5399 2000 5455 ἀπὸ

345 5497 445 5550 τοῦ
475 5486 671 5570 φόϐου.

369 5651 371 5654 γ
421 5581 693 5658 Δινάριον,
726 5578 968 5652 σταθμὸς
1005 5580 1370 5652 νομίσματος.

425 5671 696 5748 Διγὲστον,
727 5669 790 5723 τὸ
824 5667 1027 5732 ἱθυνθὶν
1056 5667 1145 5722 καὶ
1174 5667 1313 5722 κατὰ
1334 5667 1481 5739 τάξιν
1511 5664 1736 5745 γραφέν.

428 5757 756 5835 Δεπορτάτιο
785 5759 820 5826 ἡ
853 5755 1056 5832 ἐκωορὰ
1088 5756 1179 5811 καὶ
1211 5756 1499 5832 ἀπαγωγή,

2085 566 2401 639 pecuniam
2432 570 2574 626 dant
2606 571 2847 628 femore.

2156 656 2475 714 Ninianum
2495 661 2793 716 decretum
2814 663 2968 734 quod
2995 662 3368 735 praecipiebat
3385 681 3457 721 ne
3474 683 3738 740 unquam

2083 742 2278 800 liberti
2313 746 2370 800 in
2402 746 2829 820 ingenuitatem
2867 752 3350 810 transferrentur.

2156 833 2569 905 Orphitianum
2594 838 2896 894 decretum
2921 838 3059 894 ﬁliis
3081 841 3347 912 praebens
3369 843 3579 916 legalia
3602 846 3742 916 jura

2082 921 2142 977 in
2173 927 2428 980 matrum
2464 927 2890 997 possessiones.

2156 1012 2269 1068 Lex
2299 1014 2536 1086 Pappia,
2572 1016 2890 1089 prohibens
2922 1033 2994 1074 ne
3033 1018 3408 1092 bispossesso
3459 1037 3562 1094 per
3593 1040 3741 1079 usu-

2084 1102 2387 1174 capionem
2421 1105 2556 1176 quis
2588 1106 2867 1178 potiatur.

2155 1192 2272 1248 Lex
2303 1193 2578 1267 Pompeia
2609 1196 2681 1252 de
2711 1196 3046 1268 parricidis.

2154 1281 2544 1354 Pegasianum
2606 1285 2931 1356 decretum,
2981 1303 3093 1357 quo
3153 1287 3287 1361 quis
3339 1288 3740 1347 haereditatem

2085 1371 2393 1428 restituere
2415 1373 2624 1443 jussus
2655 1379 2930 1448 quartam
2953 1377 3082 1447 ejus
3113 1381 3337 1449 partem
3363 1379 3614 1434 retinere
3645 1396 3746 1452 po-

2081 1463 2216 1528 test,
2251 1476 2580 1533 novemque
2625 1463 2830 1518 uncias
2879 1464 3113 1521 solvens
3142 1467 3476 1523 vectionum
3523 1468 3624 1538 jus
3671 1484 3742 1522 ex

2083 1553 2207 1606 tota
2227 1549 2565 1608 haereditate
2585 1551 2792 1622 habet;
2813 1555 2966 1626 quod
2987 1555 3087 1626 jus
3111 1555 3319 1612 statuit
3338 1555 3739 1613 Tribelianum

2082 1640 2407 1696 decretum.

2158 1729 2540 1787 Privilianum
2565 1732 2864 1789 decretum
2887 1740 2941 1789 et
2961 1733 3399 1807 Turpilianum.
3423 1737 3570 1794 Huic
3603 1743 3742 1799 sub-

2078 1819 2270 1890 jectus
2301 1824 2391 1875 est
2419 1821 2517 1890 qui
2550 1823 2900 1894 sponsiones
2932 1825 3150 1897 scripto
3180 1825 3362 1894 dedit,
3396 1829 3570 1886 alicui
3603 1849 3739 1904 pos-

2085 1908 2365 1965 sidendas
2394 1909 2522 1964 sine
2553 1911 2890 1969 abolitione.

2154 1998 2520 2054 Rubrianum
2562 1999 2863 2058 decretum
2915 2002 2984 2059 de
3030 2003 3288 2076 ingenua
3318 2005 3742 2070 fideicommis-

2085 2103 2264 2144 saria.

2159 2178 2273 2232 Lex
2289 2177 2449 2250 regia
2466 2194 2596 2249 quae
2617 2179 2889 2251 prohibet
2905 2197 2976 2237 ne
2995 2181 3210 2238 mulier
3227 2183 3381 2240 inter
3395 2187 3743 2258 pariendum

2088 2271 2322 2323 mortua
2351 2267 2671 2339 sepeliatur
2699 2273 3018 2342 antequam
3052 2271 3251 2328 infans
3281 2290 3558 2345 egressus
3591 2279 3687 2335 sit.

2157 2357 2447 2412 Silianum
2481 2357 2780 2413 decretum
2813 2359 3133 2416 decernens
3160 2378 3295 2418 eum
3332 2364 3432 2436 qui
3464 2365 3748 2424 violenter

2090 2445 2321 2503 occisus
2366 2445 2542 2502 fuerit
2573 2463 2606 2501 a
2634 2447 2888 2519 propriis
2919 2447 3254 2506 haeredibus
3297 2468 3428 2510 esse
3461 2454 3743 2525 judican-

2092 2537 2258 2593 dum.

2163 2625 2280 2681 Lex
2306 2624 2508 2681 Sentia
2545 2618 2874 2682 defendens
2925 2643 3023 2682 eos
3074 2628 3174 2702 qui
3222 2629 3281 2688 in
3330 2631 3546 2689 damno
3579 2639 3748 2691 erant

2093 2719 2297 2771 contra
2327 2714 2742 2771 faeneratorum
2772 2715 3128 2774 libertatem.

2163 2802 2566 2860 Tertulianum
2607 2804 2909 2861 decretum
2949 2811 3236 2878 praestans
3269 2808 3558 2867 matribus
3588 2809 3747 2886 lega-

2094 2891 2173 2948 lia
2197 2893 2338 2962 jura
2369 2891 2428 2947 in
2461 2891 2719 2948 ﬁliorum
2755 2893 3213 2950 successionem.

2165 2980 2565 3038 Tribelianum
2599 2983 2902 3039 decretum
2949 2985 3020 3040 de
3068 2984 3752 3045 ﬁdeicommissariorum

2095 3071 2560 3127 discriminibus.

2169 3167 2281 3216 Lex
2310 3159 2488 3216 Fabia
2516 3160 2590 3215 de
2632 3159 2704 3216 iis
2736 3161 2837 3232 qui
2877 3159 3094 3219 liberos
3123 3162 3183 3218 in
3215 3165 3561 3224 servitutem
3593 3169 3751 3227 redi-

2018 3230 2062 3298 (ἶ
2099 3253 2267 3322 gunt.

2169 3339 2285 3395 Lex
2336 3338 2613 3407 Falcidia,
2645 3343 2782 3396 ante
2826 3344 2983 3410 nota,
3020 3343 3325 3414 proposita
3369 3349 3562 3402 autem
3594 3350 3688 3405 est
3717 3366 3752 3406 a

2096 3427 2307 3486 Publio
2366 3427 2643 3496 Falcidio,
2703 3430 2938 3486 tribuno
2995 3430 3203 3504 plebis.
3245 3431 3388 3489 Vult
3438 3438 3634 3492 autem
3684 3441 3753 3494 ut

2097 3518 2282 3575 haeres
2315 3518 2385 3574 de
2413 3518 2750 3575 substantia
2775 3521 3111 3577 testamenti
3147 3521 3340 3594 capiat
3363 3527 3619 3596 quatuor
3649 3543 3754 3582 un-

2099 3609 2241 3664 cias.
2267 3607 2465 3681 (Uncia
2495 3625 2667 3681 porro
2707 3607 3059 3682 designabat
3088 3610 3491 3670 duocecimam
3524 3618 3754 3688 partem

2099 3696 2503 3770 hereditatis).

2171 3787 2240 3842 Et
2267 3786 2388 3843 haec
2419 3788 2660 3858 quidem
2688 3787 2760 3844 de
2790 3788 3040 3845 decretis
3061 3805 3166 3862 per
3195 3789 3424 3848 litteras
3451 3791 3754 3864 alphabeti

2101 3877 2368 3949 exposita
2409 3883 2572 3934 sunt.
2605 3883 2686 3933 De
2735 3878 3078 3935 nominibus
3128 3896 3259 3937 vero
3303 3880 3516 3937 deinde
3565 3881 3754 3955 magis

2101 3965 2436 4022 necessaria
2466 3969 2852 4038 exponentur.

2174 4059 2458 4126 Agnatus,
2490 4053 2589 4126 qui
2621 4053 2792 4110 nobis
2836 4070 2905 4110 ex
2947 4055 3348 4114 masculorum
3380 4058 3757 4131 generatione

2102 4145 2506 4217 conjungitur.

2175 4239 2384 4300 Actus,
2405 4232 2500 4290 via
2528 4249 2632 4306 per
2657 4249 2836 4306 quam
2859 4233 2998 4292 licet
3027 4251 3156 4291 cum
3173 4237 3446 4308 jumento
3467 4237 3558 4294 vel
3579 4255 3756 4296 curru

2103 4324 2361 4380 transire

2175 4413 2420 4483 Vitium,
2435 4412 2792 4486 vituperium
2819 4410 3054 4489 (ψόγος),
3071 4413 3760 4491 ἁίωἰηιιῑὶο(ιλάττωμα),

2105 4505 2282 4577 culpa
2310 4498 2554 4576 (αἶ’τιον).

2027 4610 2074 4675 D
2177 4593 2571 4661 Brumaleum,
2605 4592 2884 4649 hiemalia
2917 4593 3086 4651 festa.

2175 4683 2545 4740 Velleianum
2572 4683 2896 4751 decretum,
2922 4684 3212 4754 adjuvans
3237 4685 3486 4742 feminas
3507 4702 3635 4758 qum
3659 4702 3763 4758 pro

2107 4773 2240 4830 aliis
2270 4789 2382 4829 reae
2413 4773 2656 4828 ﬁebant.

2178 4865 2435 4931 Grmcus,
2463 4860 2792 4929 Chaldaeus,
2826 4860 3048 4917 Hellen.

2179 4956 2372 5021 Datta,
2400 4951 2542 5007 feles
2573 4949 2918 5005 domestica.

2179 5042 2371 5108 (lenae,
2407 5039 2573 5095 malae
2608 5035 2918 5112 (σιαγόνες).

2179 5130 2514 5200 Decretum,
2542 5127 2914 5201 imperatoris
2936 5126 3252 5186 declaratio
3281 5129 3437 5186 inter
3458 5131 3608 5188 duas
3641 5149 3767 5206 par-

2110 5225 2200 5278 tes
2231 5221 2303 5277 ab
2336 5220 2464 5291 ipso
2488 5218 2812 5288 judicatas.

2183 5311 2264 5366 De
2294 5308 2652 5377 inofficioso;
2705 5307 3080 5382 reprehensio
3129 5310 3469 5366 testamenti
3500 5311 3656 5383 quod
3688 5310 3770 5366 le-

2112 5416 2255 5473 gum
2286 5398 2525 5470 quidem
2579 5397 2955 5454 observantia
2984 5397 3164 5468 valet;
3198 5403 3394 5456 metus
3441 5405 3638 5456 autem
3673 5417 3774 5456 ra-

2113 5490 2272 5546 tione
2305 5486 2722 5544 inconveniens
2753 5491 2862 5543 est.

2185 5577 2530 5643 Denarium,
2566 5575 2717 5632 libra
2754 5581 3022 5633 monetae.

2191 5668 2514 5739 Digestum,
2548 5668 2875 5720 correctum
2911 5670 2970 5721 et
3014 5682 3118 5738 per
3146 5666 3412 5724 ordinem
3461 5669 3768 5741 scriptum.

2188 5754 2544 5830 Deportatio,
2577 5752 2750 5811 elatio
2783 5758 2841 5809 et
2872 5753 3172 5812 abductio.
