4124 6426
461 371 617 432 1027
1792 363 2220 426 MICHAELIS
2268 363 2540 426 PSELLI
3722 375 3882 439 {038

527 502 809 571 Detentio,
842 500 946 570 jus
992 497 1225 570 petendi
1275 500 1329 554 et
1378 495 1646 568 exigendi
1699 499 1756 551 et
1803 493 2155 561 detinendi}

2293 495 2632 570 Διακατοχὴ,
2667 491 2875 552 δίκαιον
2903 501 3000 552 τοῦ
3047 497 3270 556 ιῖσιᾶναι
3319 502 3410 556 καὶ
3459 501 3704 559 ἀπαιτεῖν
3750 503 3882 576 ἤτοι

451 593 846 664 quodcunque
895 587 1152 643 moriens
1203 586 1420 660 aliquis
1463 584 1720 656 reliquit,
1753 588 1812 640 et
1860 585 1906 639 si
1960 583 2079 638 nihi

2257 588 2526 656 ιακρατεῖν
2556 586 2654 654 τὴν
2688 585 3003 660 περιουσίαν
3036 592 3132 642 τοῦ
3162 588 3607 660 τελευτήσαντος·
3639 593 3753 660 καὶ,
3781 592 3878 650 κᾶν

449 680 751 754 corporale
791 678 1132 735 haereditate
1163 677 1482 743 obveniret,
1515 679 1708 730 tamen
1752 673 2075 729 hrereditati

2254 668 2390 740 ,ηδέν
2422 671 2458 746 ᾗ
2488 674 2798 746 σωματικὸν
2825 679 2893 748 τῇ
2925 673 3295 752 κληρονομίᾳ,
3330 680 3484 752 ὅμως
3517 680 3704 744 καλῶς
3736 681 3882 757 λαμ-

449 771 846 828 detcntionem
865 769 1014 824 bene
1031 765 1340 836 accipimus
1359 782 1372 833 ;
1389 762 1716 836 incorporei
1733 764 1889 820 enim
1910 763 2077 834 acqui

2257 761 2454 833 ἀνομεν
2487 763 2657 832 αὐτῆς
2697 764 2797 831 τὴν
2847 761 3213 841 διακατοχήν’
3271 767 3568 841 ἀσωμάτου
3603 770 3703 847 γάρ
3759 755 3878 828 ἑστι

447 861 584 917 sitio
616 860 832 916 melius
864 859 932 914 fit
963 873 1138 928 quam
1169 870 1609 927 corporeorum.

1580 876 1609 909 ι,
2212 856 2404 917 κτῆσις
2439 849 2650 922 μᾶλλον
2684 849 2825 928 ἤπερ
2859 860 3208 927 σωματικῶν·

516 949 802 1022 Epistola,
836 963 1182 1019 responsum
1214 944 1589 1016 imperatoris
1619 944 1690 999 ad
1719 942 2104 1015 magistratus

2287 939 2609 1011 Ἐπιστολὴ,
2661 941 2960 1019 ἀντιγραφή
3039 944 3308 1020 βασιλέως
3384 949 3520 1022 πρὸς
3597 946 3871 1025 ἄρχοντος

444 1038 813 1095 relationem.

2213 1025 2505 1104 ἀναφοράν.

520 1128 672 1183 Illud
707 1150 734 1178 ‹‹
768 1127 850 1182 Ex
880 1125 1216 1181 continente
1249 1145 1278 1173 »
1307 1127 1428 1178 tres
1456 1121 1583 1177 dies
1614 1121 1932 1194 signiﬁcat.

1776 1122 1932 1176 ﬁcat.
2282 1117 2357 1172 Τὸ
2387 1115 2758 1190 ἐξκοντινέντι,
2787 1127 2934 1196 τρεῖς
2965 1123 3177 1198 ἡμέρας
3209 1121 3397 1194 δηλοῖ,

513 1232 972 1291 Extraordinarii
1000 1249 1013 1289 :
1039 1231 1137 1302 qui
1168 1247 1282 1286 non
1315 1229 1642 1285 secundum
1677 1229 1938 1284 ordinem
1971 1245 2100 1301 pro-

2247 1223 2800 1314 iiEEthOpStvéptOt’
2836 1229 2887 1282 οἱ
2937 1231 3012 1302 μή
3059 1231 3192 1286 κατᾶ
3235 1233 3381 1304 ταξιν
3427 1236 3864 1314 προερχόμενοι,

439 1325 644 1394 deunt,
670 1326 770 1380 sed
804 1323 1131 1378 secundum
1163 1321 1243 1375 rei
1273 1318 1801 1375 circumstantiam.

1606 1318 1801 1374 utinm.
2209 1312 2356 1369 ἀλλὰ
2385 1318 2519 1371 κατὰ
2549 1317 2859 1390 περίστασιν
2893 1320 3234 1397 πράγματος.

511 1413 853 1483 Eunuchus,
888 1411 987 1484 qui
1020 1429 1053 1467 a
1085 1414 1272 1466 matre
1299 1408 1388 1465 vel
1427 1409 1656 1465 nutrice
1683 1408 2094 1466 testiculorum

2278 1399 2527 1474 Θλιϐίας,
2563 1407 2761 1482 ὁπαρά
2788 1411 2889 1473 τῆς
2934 1410 3142 1485 μητρὸς
3185 1412 3221 1480 ἢ
3269 1418 3370 1483 τῆς
3415 1419 3623 1494 τροφοῦ
3673 1417 3862 1493 θλίψιν

441 1501 750 1559 elisionem
783 1501 986 1558 subiit.

2204 1497 2308 1546 τῶν
2339 1495 2584 1567 γονίμων
2615 1496 2872 1559 ὑπαστάς.
3208 1564 3212 1568 η

508 1591 887 1663 Impotcstate
922 1608 933 1645 :
969 1606 1205 1647 summa
1244 1593 1503 1661 potestas
1541 1604 1722 1660 quam
1764 1589 2092 1645 secundum

2276 1585 2678 1654 Ἰμποτέστατι·
2710 1587 2745 1655 ἠ
2797 1587 2935 1660 ἄκρα
2983 1587 3194 1658 ἐξουσία
3244 1591 3308 1659 ἦν
3340 1586 3544 1668 ἔχομεν
3572 1597 3710 1650 κατά
3765 1598 3860 1652 τὸν

435 1679 624 1754 legem
661 1681 959 1754 politicam
990 1681 1273 1735 habemus
1307 1679 1365 1733 in
1400 1677 1574 1750 filios,
1597 1679 1924 1734 secundum
1957 1695 2063 1752 gen

2229 1671 2489 1729 πολιτικὸν
2521 1675 2691 1747 νόμον
2725 1677 2801 1739 εἰς
2833 1678 2959 1739 τοὺς
2988 1676 3187 1742 παῖδας
3243 1683 3428 1754 ἡμῶν,
3460 1684 3596 1739 κατά
3656 1683 3713 1741 δὲ
3760 1689 3857 1743 τὸν

432 1769 596 1827 tilem
629 1787 765 1827 vero
795 1771 856 1827 in
888 1787 1106 1827 servos.

2202 1760 2434 1832 ἐθνικόν,
2469 1763 2546 1828 εἷς
2572 1764 2700 1827 τοὺς
2733 1762 2985 1828 δούλους.

500 1861 796 1929 Edictum,
835 1876 1228 1933 programma.
2114 1872 2128 1937 ]

2114 1872 2162 1938 Β
2274 1851 2530 1938 Ἴδᾳ-εον,
2563 1853 2922 1930 πρόγραμμα.

505 1951 758 2022 Imbeta,
789 1955 1043 2023 portata.
2116 1936 2133 1937 ἡ

2116 1936 2146 1938 Ὗ
2268 1936 2511 2014 Ἵμϐετα,
2542 1942 2608 1997 τὰ
2643 1942 3039 2018 βασταζόμενα.

503 2040 696 2107 Illata,
732 2040 1013 2096 animata.

2263 2031 2511 2100 ’Ὶνλατα,
2541 2031 2607 2086 τὰ
2638 2029 2883 2108 ἔμψυχα.

499 2129 708 2198 Judex,
740 2126 1169 2201 interpretatio.

2263 2117 2488 2191 Ἵούδεξ,
2522 2123 2556 2190 ἡ
2591 2121 2646 2194 ἕρ
2657 2121 2870 2194 μηνεία.

497 2219 729 2287 Justus,
761 2235 987 2289 aequus.

2265 2210 2520 2282 Ἰοῦστος,
2555 2211 2584 2264 ὀ
2616 2208 2843 2274 δίκαιος.

495 2307 747 2366 Intentio
775 2306 1046 2363 voluntas
1076 2309 1344 2364 conatus.

2263 2298 2530 2369 Ἰντέντιο,
2565 2301 2712 2374 ὁρμή
2746 2298 2976 2363 ἔντασις.

496 2397 627 2465 Jus,
661 2397 817 2469 quod
845 2397 1073 2468 justum
1109 2400 1217 2451 est.

1159 2400 1217 2451 It.
2261 2394 2429 2454 Ἵους,
2461 2388 2524 2443 τὸ
2555 2385 2787 2447 δίκαιον,

493 2488 559 2542 In
591 2486 805 2558 capita,
843 2487 1169 2542 secundum
1204 2488 1400 2556 caput.

1393 2528 1400 2539 .
2261 2477 2560 2546 Ἰνκάπιτα,
2592 2481 2729 2533 κατά
2756 2479 3021 2556 κεφαλήν.

492 2576 714 2649 Capitis
746 2575 1094 2645 diminutio;
1129 2590 1302 2647 pmna
1344 2589 1414 2629 ex
1456 2572 1602 2645 legis
1632 2573 2078 2630 circumstantia

2259 2569 2487 2628 Κάπιτις
2519 2565 2895 2640 διμινουτίων·
2930 2570 3102 2631 πάθος
3143 2571 3202 2626 ἐκ
3251 2575 3619 2647 περιστάσεως
3664 2577 3844 2652 νόμου

417 2665 700 2736 patientis
741 2668 960 2719 statum
995 2667 1232 2718 mutans
1264 2666 1367 2718 aut
1396 2662 1692 2718 minuens.

2183 2654 2505 2710 κατάστασιν
2535 2652 2765 2730 ἀμεῖϐον
2795 2658 2830 2726 ἢ
2865 2657 3123 2714 ἐλαττοῦν
3155 2665 3251 2716 τοῦ
3281 2663 3614 2739 πάσχοντος.

493 2752 692 2824 Legio,
727 2752 985 2809 militum
1020 2751 1292 2825 phalanx.

2255 2745 2490 2821 Λεγεὼν,
2526 2743 2734 2822 φάλαγξ
2761 2752 3131 2822 στρατιωτῶν.

490 2842 662 2915 Legis
693 2843 865 2912 actio,
897 2841 1181 2914 (invictio)
1208 2841 1520 2916 permissio
1549 2841 1873 2899 servitutis.

2255 2833 2660 2910 Λεγισακτίων,
2729 2837 2763 2906 ἡ
2815 2830 3036 2909 ἒνόήκτι
3093 2840 3494 2918 παραχώρησις
3549 2851 3652 2914 τῆς
3709 2844 3837 2902 δου-

2184 2922 2354 2987 λείας.

487 3020 791 3093 Legatum,
823 3021 1191 3092 deputatum.

2252 3014 2512 3090 Λεγσὶτον⁹
2543 3009 2855 3089 πρεσϐεῖον.

488 3109 780 3182 Urbanus,
816 3110 980 3166 urbis
1010 3115 1233 3166 custos.

2251 3099 2550 3178 Οὐρϐανὸς,
2584 3106 2612 3159 6
2644 3104 2817 3180 φύλαξ
2847 3109 2948 3172 τῆς
2977 3103 3218 3170 πόλεως.

491 3199 891 3268 Plebiscitum,
926 3198 1114 3271 plebis
1142 3215 1208 3254 su
1219 3197 1444 3271 ll‘ragia.
2104 3193 2119 3258 ί

2104 3190 2148 3259 C
2256 3188 2637 3266 Πλεϐίσκιτον,
2672 3192 2854 3267 δήμου
2883 3199 3160 3273 ψήφισμα.

490 3288 950 3356 Postliminium,
975 3290 1076 3361 jus
1109 3288 1416 3345 redeundi.

2247 3281 2662 3355 Ποστλιμίνιον,
2696 3281 2903 3340 δίκαιον
2942 3286 3306 3364 ὑποστροφῆς.

488 3376 921 3450 Praajudicium,
959 3379 1111 3434 actio
1141 3394 1210 3434 ex
1239 3377 1363 3434 sola
1399 3377 1723 3436 intentione
1764 3385 2063 3438 constans.

2243 3369 2649 3447 Πραεοοδίκιον,
2681 3372 2849 3436 τόπος
2872 3375 2978 3430 ἀπὸ
3005 3375 3329 3440 ἷντιντίονος
3363 3379 3536 3452 μόνης
3606 3402 3821 3458 συγκει-

2178 3458 2360 3532 μένος.
3549 3476 3554 3482 ”

483 3555 825 3614 Ριιοὶιωνθάθ
857 3558 959 3629 qui
991 3557 1177 3613 credit
1204 3574 1266 3614 se
1295 3573 1426 3614 esse
1456 3559 1766 3616 haeredem.

2245 3547 2527 3624 Προὲρεδε,
2569 3551 2597 3605 6
2628 3551 2868 3624 νομίζων
2899 3552 3086 3608 ἑαυτὸν
3118 3555 3246 3610 εἶναι
3278 3553 3655 3636 κληρονόμον.

485 3645 962 3718 Propossessore,
994 3646 1096 3718 qui
1127 3645 1412 3704 violenter
1440 3647 1675 3720 abripit.

1521 3647 1675 3720 ripit.
2244 3639 2645 3716 Προποσὲσορε,
2679 3642 2707 3695 ὁ
2743 3641 2921 3716 βίαιος
2952 3640 3144 3718 ἅρπαξ.

483 3751 808 3825 Peculium,
840 3769 934 3810 res
973 3753 1322 3811 naturaliter
1376 3759 1532 3812 sorte
1576 3755 1829 3814 subditis
1885 3757 2060 3828 adjuo

2239 3745 2586 3817 Ηεκούλιον,
2685 3747 2839 3804 οὐσία
2941 3756 3179 3827 φυσικῶς
3274 3756 3818 3837 προσκεκληρωμένη

407 3840 622 3898 dicata.

2169 3839 2527 3912 ὑπιξουσίοις.

477 3933 739 4000 Pactum,
767 3932 1068 4004 quantitas
1097 3935 1286 4006 pacta.

2236 3928 2470 4001 Πάκτον,
2499 3950 2834 4009 συμπεφωνη
2846 3931 3006 4005 μένον
3044 3936 3231 3994 ποσόν.

473 4020 791 4095 Relegatio,
823 4022 1120 4078 exsilium.

2236 4017 2614 4096 Ῥελεγατίων,
2647 4022 2682 4090 ἡ
2716 4018 2915 4098 ἒεορία,

475 4107 747 4176 Senatus,
780 4109 1072 4181 gerousia,
1106 4109 1340 4183 legatio.

1266 4111 1340 4166 io.
2239 4108 2520 4177 Σεννᾶτον,
2543 4113 2579 4178 ἠ
2611 4109 2891 4185 γερουσία.

473 4195 736 4265 Sactum,
768 4196 1035 4254 libsratio
1067 4200 1139 4254 ab
1171 4199 1411 4270 injuria.

2239 4196 2468 4267 Σάκτον,
2497 4199 2560 4253 τὸ
2594 4197 3022 4274 ἀπηλλαγμένον
3067 4197 3297 4280 ὕϐρεως.

473 4283 676 4341 Otiosa
705 4286 1068 4355 distributio,
1101 4288 1387 4344 seditione
1418 4306 1644 4346 carens.

1539 4307 1644 4345 ins.
2236 4285 2490 4363 Σχολαία
2517 4290 2688 4360 νομὴ,
2719 4292 2755 4359 ἡ
2789 4289 3167 4356 ἀστασίαστος.

471 4374 790 4446 Separatio,
832 4377 1102 4433 custodia
1151 4377 1652 4436 hereditariarum
1701 4396 1899 4438 rerum
1950 4399 2054 4455 per

2235 4377 2608 4453 Σεπαρατίων,
2642 4381 2676 4448 ἦ
2711 4379 2927 4458 φυλακή
2959 4382 3049 4437 τὸν
3081 4382 3534 4459 κληρονομιαίων
3565 4391 3822 4464 πραγμά-

400 4459 837 4520 ᾗωτθόίῐεινίυω
868 4466 1236 4522 creditorem.
2158 4488 2267 4522 των
2301 4464 2390 4522 διὰ
2415 4468 2507 4522 τὸν
2542 4466 2978 4544 κληρονομιαῖον
3012 4469 3314 4544 δονιιστήν.

473 4552 807 4622 Superstes,
841 4569 1163 4611 successor.
2081 4562 2101 4630 ]

2081 4562 2130 4630 D
2235 4556 2608 4631 Σουπὲρστης,
2640 4558 2667 4611 6
2700 4555 2988 4634 διάδοχος.

471 4641 830 4710 Satisfactio,
864 4645 1173 4702 satisdatio
1205 4643 1587 4719 (ἶκανοδοσία).

1430 4644 1587 4719 οσία).
2239 4644 2626 4717 Σατισφᾶκτιο,
2656 4649 2691 4716 ἠ
2729 4645 3058 4708 ἷκανοδοσία.

469 4732 757 4801 Tacitum,
792 4735 944 4805 quod
979 4752 1090 4791 non
1123 4740 1213 4791 est
1244 4740 1444 4791 notum
1471 4753 1556 4807 ex
1601 4739 1934 4794 testamenti
1966 4739 2049 4796 lc-

2233 4734 2488 4800 Τᾶκιτον,
2519 4737 2582 4790 τὸ
2617 4738 2691 4808 μὴ
2723 4737 3124 4813 γινωσκόμενον
3161 4740 3268 4796 ἀπὸ
3319 4749 3420 4812 τῆς
3469 4744 3820 4821 ἀναγνώσεως

396 4820 610 4879 cﬁone.

2161 4833 2261 4897 τῆς
2284 4824 2573 4896 διαθήκης.

468 4911 721 4981 Titulus,
755 4913 1064 4985 dignitatis
1098 4914 1427 4987 inscriptio.

2231 4915 2456 4983 Τίτλος,
2485 4918 2520 4980 ἡ
2554 4919 2846 4994 προγραφῆ
2879 4922 2977 4973 τοῦ
3012 4920 3339 4994 ἀξιώματος.

469 5003 830 5068 Tractatum,
862 5002 1218 5074 explanatio,
1252 5004 1694 5076 compendium,
1728 5006 2002 5079 epitome.

1919 5025 2002 5064 ne.
2231 5002 2562 5079 Τρακτᾶἱτον,
2596 5003 2975 5082 ἀνακᾶἱθαρσις,
3010 5009 3254 5085 σύνοψις,
3284 5013 3547 5087 ἐπιτομή.

471 5089 781 5156 Tribunal,
815 5091 1190 5148 dicasterion.

2230 5091 2654 5170 Τριϐουνάλιον,
2677 5092 3049 5172 δικαστήριον.

474 5175 736 5244 Factum,
770 5195 940 5251 opus,
973 5181 1144 5237 actio.

2232 5185 2468 5251 Φάκτον,
2502 5184 2564 5237 τὸ
2596 5179 2774 5257 ἔργον,
2803 5186 2837 5253 ἡ
2873 5188 3082 5261 πρᾶξις.

470 5261 812 5337 Flagellum,
847 5267 1038 5324 lorum
1071 5270 1450 5343 implicitum.

2230 5271 2564 5349 Φραγέλιον,
2605 5273 2632 5326 6
2665 5270 3135 5350 ἐπιπεπλεγμένος
3164 5279 3313 5351 ἱμάς.

467 5370 547 5425 Ea
577 5377 666 5465 est
697 5375 935 5465 quidem
973 5378 1276 5434 nominum
1329 5395 1432 5450 per
1479 5379 1705 5437 litteras
1753 5381 2047 5456 alphabeti

2232 5380 2378 5449 Αὕτη
2439 5380 2532 5452 μὶν
2589 5379 2680 5433 καὶ
2734 5381 2768 5448 ἠ
2826 5385 2935 5435 τῶν
2997 5383 3282 5457 ὀνομάτων
3340 5389 3477 5444 κατὰ
3535 5396 3813 5465 στοιχεῖον

398 5461 688 5557 expositio
718 5463 730 5516 ί
765 5464 1124 5538 Explicanda
1155 5484 1389 5542 quoque
1422 5469 1529 5526 tibi
1577 5476 1719 5528 sunt
1775 5473 1895 5529 haec
1946 5492 2019 5532 no

2189 5472 2434 5548 ξήγησις.
2493 5469 2888 5541 Ἑρμηνευτέον
2949 5469 3006 5526 δέ
3064 5495 3147 5528 σοι
3197 5475 3290 5529 καὶ
3338 5482 3504 5532 ταῦτα
3559 5461 3813 5536 τὰῠόνό-

398 5562 582 5602 mina.

2163 5581 2324 5636 ματα.

463 5634 574 5692 Jus
623 5638 811 5733 civile,
841 5642 1266 5733 Romanorum,
1313 5663 1520 5722 nempe
1569 5649 1728 5725 leges
1781 5653 2049 5725 politicias

2229 5654 2375 5713 Ἴους
2403 5643 2610 5712 κίϐιλις
2641 5649 3063 5727 Ῥωμανόρουμ,
3121 5649 3246 5723 ἤτοι
3283 5655 3496 5733 νόμιμα
3551 5657 3815 5716 πολιτικᾶ

391 5723 666 5782 Romanae
703 5728 1116 5803 legislationis.
1636 5723 1652 5725 ἡ
1782 5723 1800 5725 “

1636 5723 1652 5725 ἡ
1782 5723 1800 5725 “
2159 5749 2258 5811 τῆς
2286 5745 2391 5796 τῶν
2424 5740 2714 5813 Ῥωμαίων
2748 5723 3090 5814 νομοθεσίας.
