4124 6416
343 359 505 424 1039

409 489 758 566 Λιγισὼιτιο,
787 489 1036 564 νόμιμος
1063 488 1286 565 ἀγωγή.

415 573 642 651 Πλὲϐις,
674 579 704 634 ὁ
733 575 985 653 χυδαῖος.

412 665 824 738 Κονστιτούταε,
856 667 912 722 αἱ
943 663 1208 736 διατάξεις
1233 661 1343 721 τῶν
1398 662 1693 740 βασιλὲων,
1743 662 1994 741 διαιρού..

342 777 500 833 μεναι
531 756 610 818 είς
641 753 913 830 δέκρετον,
944 755 1022 820 εἰς
1049 749 1284 823 ἕδικτον,
1318 753 1394 817 είς
1428 751 1749 825 ἰπιστολήν.

409 845 752 915 Ῥεσπόνσον,
793 847 828 914 ἡ
861 847 972 899 τῶν
1012 848 1190 921 σοφῶν
1223 843 1536 917 ἀπόκρισις.

413 934 514 991 Καὶ
571 937 739 990 ταῦτα
798 934 892 1006 μὲν
969 954 1056 988 σοι
1128 936 1240 987 τῶν
1295 929 1382 986 ἐπὶ
1446 933 1673 1006 μνήμης
1730 932 1994 1006 κειμένων

339 1027 497 1098 ἡμῖν.
557 1023 732 1081 Οἶσθα
783 1021 888 1098 γὰρ
945 1021 1018 1083 ὡς
1076 1017 1230 1076 οὐδέν
1263 1019 1374 1077 ἐστι
1433 1024 1543 1076 τῶν
1599 1022 1994 1097 γεγραμμένων

342 1117 480 1188 ἡμῖν
531 1111 568 1182 ἢ
622 1112 1120 1188 συγγεγραμμένων
1181 1110 1210 1164 ὃ
1274 1110 1352 1183 μὴ
1402 1106 1768 1185 ἐσχεδίασται·
1796 1109 1913 1166 ὅθεν
1943 1111 1996 1165 οἱ

343 1201 564 1265 πλείους
592 1205 702 1256 τῶν
733 1194 1188 1274 ἐκλαμϐανόντων
1235 1198 1304 1254 τὰ
1345 1199 1591 1273 ἡμέτερα
1639 1195 1833 1274 σχὲδια
1876 1196 1997 1254 δελ-

337 1295 520 1370 τᾶρια,
557 1291 654 1353 τὰς
687 1287 942 1368 διφθέρας
989 1292 1298 1359 ποιοῦντες,
1351 1287 1510 1352 εὐθὺς
1560 1281 1750 1363 ἔχουσι
1806 1282 1998 1363 βιϐλία

336 1382 404 1438 τὰ
450 1378 823 1457 γεγραμμένα.
873 1379 977 1435 Καὶ
1009 1377 1288 1441 πλείστοις
1342 1379 1435 1452 μὲν
1495 1376 1747 1454 ἐντύχοις
1794 1380 1995 1453 ἡμετέ-

338 1492 454 1548 ροις
503 1464 743 1546 βιϐλίοις
770 1469 844 1523 ὧν
881 1465 1256 1544 ὀγδοηκοστὸν
1289 1469 1448 1541 οἶμαι
1503 1471 1667 1522 τοῦτο
1698 1469 1857 1524 εἶναι.
1913 1467 1998 1527 Τὰ

340 1557 400 1616 δὲ
456 1557 690 1616 πλεῖστα
747 1558 822 1612 ὧν
894 1555 1321 1632 ἡρμηνεύκαμεν
1381 1557 1416 1628 ἢ
1477 1556 1886 1634 συνεγράψαμιν
1939 1557 1994 1613 ἐν

339 1647 681 1724 εἷληταρίοις
710 1641 788 1702 ἔτι
816 1650 988 1703 κεῖται
1017 1650 1136 1708 τοῖς
1165 1644 1406 1702 πλείοσιο
1456 1645 1526 1702 τὰ
1554 1644 1613 1701 δὲ
1643 1643 1876 1703 πλεῖστα
1903 1645 1994 1702 καί

341 1737 681 1818 διέφθαρται,
713 1731 896 1813 ὥσπερ
922 1737 959 1807 ἡ
988 1742 1090 1807 τῆς
1131 1735 1419 1810 συμπάσης
1451 1735 1781 1817 φιλοσοφίας
1811 1735 1899 1792 ἐπὶ
1930 1737 1992 1792 τὸ

1847 357 1951 419 DE
1994 357 2265 420 ANIMA.

2031 490 2086 559 Α
2187 490 2353 564 Legis
2385 491 2557 561 actio,
2589 491 2798 566 legalis
2828 492 3127 553 abductio.

3609 364 3766 426 1030

2177 580 2405 652 Plebes,
2437 580 2724 654 vulgaris.

2177 669 2542 741 Constitutaa,
2575 671 3028 728 constitutiones
3077 673 3500 745 imperatorum
3548 673 3608 731 in
3658 675 3759 732 de-

2105 763 2355 827 cretum,
2387 760 2665 831 edictum,
2696 759 3005 832 epistolam
3038 761 3383 818 distribute.

2176 851 2572 920 Responsum,
2605 848 2944 920 sapientum
2975 851 3281 923 apocrisis.

2176 937 2282 992 Est
2330 937 2455 993 haec
2485 938 2725 1010 quidem
2759 954 2890 1011 quae
2918 939 2978 994 in
3011 939 3357 995 memoriam
3388 941 3752 999 reducimus.

2107 1025 2233 1082 Seis
2264 1026 2420 1083 enim
2452 1027 2600 1083 nihil
2629 1044 2762 1084 esse
2790 1027 2851 1084 in
2882 1028 3100 1085 nostris
3121 1029 3362 1102 scriptis
3384 1030 3473 1086 vel
3497 1030 3760 1089 historiis

2107 1116 2261 1187 quod
2286 1133 2400 1172 non
2421 1133 2488 1173 eo
2511 1121 2773 1189 tempore
2795 1117 3082 1190 scriptum
3107 1117 3205 1174 sit.
3238 1117 3402 1175 Unde
3425 1120 3525 1191 qui
3560 1125 3763 1178 nostra

2106 1203 2191 1260 sic
2212 1221 2281 1262 ex
2299 1210 2560 1278 tempore
2581 1207 2802 1280 scripta
2823 1223 3002 1280 epera
3022 1213 3431 1280 susceperunt,
3464 1211 3763 1267 membra‘

2106 1311 2214 1350 nas
2228 1295 2507 1352 facientes
2537 1295 2738 1352 statim
2751 1296 3052 1353 habentex
3064 1296 3290 1354 nostris
3303 1297 3542 1370 scriptis
3555 1298 3760 1357 libros.

2103 1383 2174 1440 Et
2193 1383 2382 1440 multa
2404 1389 2607 1441 nostra
2621 1387 2842 1458 scripta
2860 1387 2968 1442 tibi
2993 1391 3247 1460 possunt
3275 1403 3584 1445 occurrere
3613 1406 3765 1461 quo-

2105 1489 2236 1529 rum
2270 1473 2378 1531 hoc
2411 1476 2580 1548 quasi
2628 1475 3059 1548 octogesimum
3109 1491 3238 1532 esse
3265 1478 3448 1548 (puto.
3498 1477 3766 1536 Plurima

2105 1567 2303 1619 autem
2335 1580 2538 1620 eorum
2571 1582 2700 1637 quae
2732 1565 3103 1638 interpretati
3135 1581 3346 1621 sumus
3367 1565 3454 1621 vel
3485 1566 3766 1624 historice

2104 1654 2479 1711 narravimus
2511 1655 2569 1710 in
2599 1654 3004 1712 voluminibus
3035 1654 3230 1710 adhuc
3261 1653 3432 1712 multi
3468 1655 3528 1711 in
3574 1658 3762 1713 mani-

2102 1742 2217 1800 bus
2246 1743 2496 1814 habent;
2531 1743 2720 1802 multa
2751 1747 2949 1800 autem
2981 1746 3259 1814 corrupta
3287 1745 3451 1814 sunt,
3482 1750 3549 1799 ut
3578 1744 3764 1802 totius

342 1829 505 1909 σαφὶς
540 1825 1017 1903 μεταποίησις,καὶ
1047 1825 1147 1882 ὅσα
1175 1827 1301 1903 περὶ
1328 1825 1457 1891 τοὺς
1488 1828 1775 1902 καθ’ἠμᾶς
1791 1826 1856 1882 ἐπ
1895 1847 1991 1904 αγ-

343 1917 720 1972 ιιατιυσόμεθα
753 1913 1021 1972 ϐασιλεῖς·
1054 1916 1121 1972 τὰ
1149 1911 1196 1970 δ’
1245 1913 1391 1971 ἄλλα
1442 1916 1548 1972 ἀπὸ
1600 1920 1709 1972 τῶν
1760 1848 1990 1972 βιϐλίων
2027 1878 2039 1945 1

2118 1831 2492 1906 philosophiae
2523 1833 2592 1888 ad
2627 1832 2980 1890 evidentiam
3031 1829 3364 1899 translatio,
3415 1835 3474 1887 et
3513 1848 3643 1905 qua
3686 1835 3760 1891 de

2118 1921 2323 1972 nostris
2357 1922 2640 1972 lemnoris
2671 1923 2999 1972 rectoribus
3030 1920 3433 1972 tractavimus.
3465 1925 3682 1972 αδδιδι-ιι
3703 1925 3760 1972 in

342 1917 720 1994 ματιυσόμεθα
752 1913 1021 1993 βασιλεῖς·
1054 1916 1121 1972 τὰ
1149 1911 1196 1970 δ’
1245 1913 1391 1971 ἄλλα
1442 1916 1548 1972 ἀπὸ
1600 1920 1709 1973 τῶν
1759 1911 1851 1994 βιϐ

339 2008 505 2072 αὐτὸς
537 2006 853 2083 ἀναΛὲγοιο.

875 2374 2195 2545 MICHAELIS

1899 1915 1990 1972 ίων
2028 1915 2074 1945 ⁸³
2105 1921 2323 1977 nostris
2357 1922 2640 1995 temporis
2671 1923 2999 1979 rectoribus
3030 1920 3433 1978 tractavimus.
3465 1925 3682 1980 Castora
3703 1925 3764 1981 in

2103 2007 2272 2066 libris
2303 2009 2431 2084 ipse
2459 2011 2644 2085 legas.

2383 2377 3231 2546 PSELLI

1409 2683 1888 2799 OPERUM
1935 2682 2231 2798 PARS
2279 2685 2702 2797 TERTIA

1797 2925 2315 2984 COMPLECTENS

1247 3127 2858 3254 PHILOSOPHICA

841 3571 1542 3747 ΔΟΞΑΙ
1735 3569 2291 3744 ΠΕΡΙ
2477 3570 3331 3748 ΨΥΧΗΣ.

1575 4023 1812 4153 DE
1945 4023 2568 4156 ANIMA

1127 4277 1889 4376 CELEBRES
2005 4278 2819 4378 OPINIONES
2873 4282 3006 4410 (ἀ).

419 4657 542 4715 Ὀτι
589 4659 698 4712 τῶν
746 4656 1002 4732 ψυχικῶν
1036 4650 1343 4726 δυνάμεων,
1390 4651 1446 4706 αἱ
1493 4651 1587 4725 μέν
1623 4649 1754 4706 εἰσιν
1786 4647 2005 4726 ἄλογοι,

2189 4653 2563 4710 Facultatum
2594 4654 2806 4710 animae
2836 4655 2962 4711 alia
2995 4655 3126 4713 sine
3173 4657 3422 4728 ratione,
3473 4657 3601 4714 alias
3645 4675 3780 4716 cum

349 4746 405 4800 αἱ
437 4742 494 4800 δὲ
541 4742 781 4822 λογικαίθ
813 4748 923 4799 τῶν
954 4740 1014 4798 δὲ
1061 4740 1323 4819 λογικῶν,
1383 4741 1437 4796 αἱ
1472 4742 1569 4814 μὲν
1627 4739 1850 4809 ζωτικαὶ
1908 4741 1996 4795 καὶ

353 4831 651 4911 ὄρεκτικαὶ,
697 4834 754 4889 αἱ
806 4830 864 4889 δὲ
899 4831 1213 4910 γνωστικαί,
1265 4830 1506 4905 Ὁμοίως
1555 4826 1613 4885 δὲ
1671 4825 2004 4904 διαιροῦνται

350 4923 442 4978 καὶ
496 4926 551 4979 αἱ
599 4921 815 5000 ἄλογοιο
859 4921 1025 4978 πάλιν
1069 4919 1128 4977 δὶ
1175 4922 1232 4975 αἱ
1287 4920 1507 4995 λογικαὶ
1564 4919 1656 4974 καὶ
1709 4917 2007 4994 γνωστικαὶ

353 5010 687 5090 διαιροῦνται
740 5019 956 5089 τριχῆ,
1017 5010 1094 5074 εἲς
1156 5008 1352 5082 δόξαν,
1419 5010 1510 5065 καὶ
1576 5006 1858 5076 διάνοιαν,
1913 5007 2006 5063 καὶ

354 5107 502 5161 νοῦν.
559 5104 623 5161 Ἡ
673 5104 770 5178 μὶν
831 5103 922 5157 οὖν
976 5098 1103 5172 δόξα
1130 5101 1474 5175 καταγίνεται
1501 5098 1627 5172 περὶ
1674 5098 1737 5153 τὸ
1765 5095 2007 5162 καθόλου

350 5191 416 5246 τὸ
445 5191 470 5248 ἆ
499 5197 648 5254 ντοῖς
699 5191 1005 5263 αΐσθητοῖς,
1036 5186 1167 5247 Οἵδε
1210 5189 1313 5265 γὰρ
1359 5186 1443 5243 ὅτι
1505 5189 1610 5242 πᾶν
1661 5185 1855 5242 λευκὸν
1918 5184 2008 5241 καὶ

348 5282 592 5357 κριτικὸν
650 5277 852 5357 ὅψεως,
900 5280 987 5336 καὶ
1041 5277 1255 5341 ὅτιπᾶς
1286 5274 1572 5347 ἄνθρωπος
1623 5273 1836 5338 δίπους.
1887 5277 2007 5330 "Eu

348 5390 410 5447 γε
443 5372 574 5445 μὴν,
615 5371 705 5426 καὶ
732 5375 840 5426 τῶν
873 5367 1180 5440 διανοητῶν
1233 5363 1376 5422 οἶδεν
1409 5363 1534 5421 ἄνευ
1568 5364 1744 5440 λόγου
1777 5365 1845 5420 τὰ
1867 5386 2006 5438 συμ-

348 5461 690 5535 περάσματα,
724 5462 848 5523 οἷος
875 5457 960 5516 ὅτι
989 5461 1025 5529 ἡ
1074 5458 1230 5532 ψυχὴ
1281 5456 1567 5521 ἀθάνατος,
1618 5451 1750 5509 οἶδε’
1812 5451 1902 5509 διὰ
1955 5452 2008 5510 τί

351 5547 412 5607 δὲ
466 5548 752 5620 ἀθάνατος,
807 5549 985 5606 οὐκέτι
1039 5547 1181 5603 ὥστε
1239 5543 1468 5616 δοξαστά
1524 5542 1657 5618 ἐστι,
1717 5544 1786 5598 τά
1842 5564 1901 5599 τε
1953 5543 2006 5599 ἐν

2117 4743 2342 4798 ratione
2365 4746 2525 4799 sunt.
2559 4742 2775 4798 Harum
2806 4743 2930 4799 alia:
2951 4744 3160 4801 vitales
3181 4749 3238 4801 et
3262 4751 3621 4818 appetentes,
3651 4746 3778 4803 alia

2117 4836 2538 4903 cognoscentes
2585 4839 2746 4889 sunt.
2794 4831 3076 4888 Similiter
3123 4851 3356 4906 quoque
3406 4834 3775 4903 dividuntur,

2119 4936 2247 4992 quae
2279 4920 2407 4976 sine
2436 4921 2662 4978 ratione
2688 4922 3082 4978 sunt.Rursus
3104 4923 3388 4980 trifariam
3413 4924 3778 4996 dispertiun-

2117 5012 2215 5064 tur
2242 5026 2370 5080 quae
2401 5026 2536 5065 cum
2568 5009 2794 5066 ratione
2821 5017 2959 5066 sunt
2989 5014 3047 5066 et
3076 5019 3520 5082 cognoscentes,
3555 5013 3614 5068 in
3648 5013 3778 5086 opi-

2119 5098 2377 5164 nionem,
2439 5097 2828 5166 intellectum,
2878 5104 2938 5155 et
2995 5105 3275 5155 mentem.
3325 5101 3536 5173 Opinio
3591 5101 3778 5175 igitur

2118 5186 2391 5243 universe
2441 5189 2501 5242 in
2533 5187 2606 5243 iis
2636 5193 2906 5244 versatur
2936 5205 3064 5261 qua
3095 5205 3274 5245 sensu
3303 5190 3714 5262 percipiuntur
3765 5208 3779 5246 :

2119 5277 2280 5332 novit
2307 5276 2467 5332 enim
2503 5293 2680 5333 omne
2711 5279 2937 5344 album,
2957 5278 3153 5334 visum
3187 5279 3538 5346 discernere,
3563 5283 3622 5336 et
3651 5297 3784 5338 om-

2120 5382 2254 5422 nem
2278 5365 2582 5422 hominem
2609 5366 2880 5439 bipedem
2903 5383 3065 5436 esse;
3097 5383 3299 5423 eorum
3323 5373 3622 5440 prseterea,
3655 5387 3784 5442 quas

2120 5455 2234 5512 sub
2265 5455 2725 5512 intellectionem
2761 5457 2999 5524 cadunt,
3034 5456 3472 5530 conclusiones,
3505 5459 3605 5515 sed
3656 5459 3786 5514 sine

2119 5545 2347 5601 ratione
2380 5544 2710 5617 novit;puta
2741 5545 3003 5603 animam
3036 5545 3434 5604 immortalem
3468 5563 3598 5605 esse
3651 5548 3782 5615 scit,

429 5698 499 5772 (')
530 5699 610 5757 De
639 5699 750 5757 hoc
778 5697 951 5768 libro,
983 5711 1158 5770 quem
1190 5710 1334 5752 mss.
1367 5691 1556 5750 Psello
1583 5691 1906 5762 vindicant,
1936 5691 2069 5749 vide
2100 5690 2346 5749 Leonem
2382 5689 2666 5747 Allatium
2698 5707 2880 5764 supra
2909 5690 3017 5748 col.
3048 5692 3176 5762 504,
3210 5707 3376 5747 num.
3404 5691 3570 5749 XLII.
