4124 6394
368 351 517 411 1031

1709 337 2130 402 MICHAELIS
2175 338 2444 402 PSELLI

3633 347 3790 408 1032

369 483 470 539 sed
506 497 608 536 cur
636 479 714 535 sit
741 474 1120 546 immortalis,
1153 473 1362 543 nescit,
1395 473 1539 529 adeo
1573 476 1636 527 ut
1665 471 1776 527 sub
1807 470 2028 543 opinio-

2142 475 2254 532 τοῖς
2312 470 2594 542 αἰσθητοῖς
2624 472 2886 543 καθόλου,
2919 476 3005 530 καὶ
3062 479 3169 530 τῶν
3221 473 3520 546 διανοητῶν
3547 477 3616 532 τά
3645 499 3792 551 συμ-

371 588 502 627 nem
537 567 773 624 veniant
825 564 1024 621 omnia
1072 580 1200 635 quae
1251 579 1430 618 sensu
1484 560 1914 633 percipiuntur,
1970 563 2028 614 et

367 659 777 716 conclusiones
844 671 1072 710 eorum.
1123 670 1249 724 qua
1317 651 1619 707 intellectu
1691 649 2025 720 capiuntur,

367 751 705 819 horumque
735 744 992 818 cognitio
1024 743 1222 815 opinio
1254 746 1344 797 est
1366 758 1378 796 :
1400 757 1504 796 cur
1533 739 1690 795 enim
1723 739 1801 794 sit
1831 738 2030 793 anima

368 835 749 903 immortalis,
781 836 1012 907 ignorat
1041 831 1276 904 opinio;
1326 831 1436 886 hoc
1484 829 1638 885 enim
1691 827 2028 883 intellectus

369 935 461 986 est
490 944 660 998 opus.
690 929 880 992 Quare
928 923 1266 994 opinionem
1321 917 1595 990 praeclare
1642 918 1701 972 in
1753 917 2029 988 Sophiste

371 1017 532 1075 Plato
564 1014 790 1082 definit,
824 1029 955 1068 cum
988 1009 1322 1067 intellectus
1372 1007 1691 1064 terminum
1746 1005 2024 1078 appellat.

367 1113 672 1172 Intellectu
699 1115 856 1168 enim
890 1107 1278 1165 concludente
1309 1104 1707 1160 immortalem
1741 1119 1870 1159 esse
1897 1103 2026 1158 ani-

371 1221 552 1271 mam,
584 1201 767 1257 solam
801 1197 1237 1255 conclusionem
1274 1194 1522 1250 facultas
1564 1194 1745 1248 novit.
1798 1192 2028 1249 Intelle-

369 1299 500 1349 ctus
546 1297 740 1347 autem
770 1294 879 1356 est,
911 1289 1065 1342 viam
1097 1285 1275 1342 veluti
1309 1284 1624 1355 quamdam
1656 1283 1962 1352 conﬁcere,
1995 1302 2030 1338 ιι

370 1378 874 1455 propositionibus
907 1377 978 1430 ad
1027 1373 1468 1430 conclusionem
1520 1371 2027 1440 transgrediendo,

369 1472 527 1527 unde
557 1473 614 1525 et
643 1484 854 1524 nomen
909 1465 1082 1520 traxit
1118 1481 1130 1520 :
1162 1468 1338 1535 atque
1371 1462 1500 1531 _boc
1552 1467 1643 1516 est
1693 1460 2030 1517 intellectus

369 1577 551 1632 opus;
586 1556 802 1612 mentis
833 1553 1248 1624 vero,simplici
1283 1551 1664 1624 aggressione
1693 1553 1752 1605 et
1781 1549 2030 1622 impres-

369 1649 555 1718 sione,
592 1645 803 1702 melius
835 1661 1010 1714 quam
1045 1660 1146 1715 per
1176 1639 1766 1705 demonstrationem,
1801 1639 1870 1694 ad
1905 1654 2028 1693 rem

371 1739 692 1795 accedere:
728 1734 1018 1806 quomodo
1067 1737 1125 1786 et
1175 1747 1410 1795 sensus,
1461 1729 1560 1800 qui
1615 1729 1664 1784 si
1712 1729 1771 1783 in
1826 1727 2028 1784 album

367 1828 536 1893 forte,
572 1824 656 1880 vel
691 1825 748 1878 in
782 1823 933 1878 hanc
984 1822 1233 1892 ﬁguram
1287 1818 1582 1884 inciderit,
1633 1816 1847 1917 melius
1877 1834 2024 1917 .eam
2060 1852 2108 1917 Β

369 1933 549 1990 quam
581 1911 1086 1970 demonstratione
1118 1908 1368 1981 percipit
1399 1923 1411 1962 :
1438 1923 1551 1962 non
1584 1906 1738 1962 enim
1773 1906 1844 1962 ad
1877 1905 2030 1962 hanc

369 2004 764 2079 cognitionem
788 1999 1237 2056 ratiocinatione
1263 1996 1438 2052 habet
1458 2013 1626 2068 opus;
1649 1997 1864 2051 mentis
1895 2013 2028 2052 vero

369 2094 521 2152 actio
556 2093 614 2148 in
646 2091 766 2147 illis
794 2094 904 2156 est,
941 2090 1160 2161 quibus
1192 2087 1261 2142 ad
1295 2102 1591 2142 summam
1627 2085 1942 2158 puritatem
1974 2090 2032 2141 et

373 2182 682 2242 scientiam
718 2180 1018 2252 pervenire
1036 2179 1239 2234 datum
1265 2177 1485 2248 est,qui
1509 2193 1610 2246 per
1634 2180 2029 2248 expurgantes

373 2274 642 2341 virtutes,
675 2270 801 2327 sine
831 2269 1022 2339 specie
1054 2267 1302 2338 objecta,
1352 2270 1410 2321 et
1456 2265 1582 2320 sine
1633 2281 1810 2320 sensu
1860 2281 2030 2336 agere

372 2365 752 2420 consuerunt.
790 2360 891 2414 Est
921 2358 1077 2412 enim
1121 2373 1287 2412 mens
1329 2354 1509 2410 veluti
1561 2353 1800 2410 habitus
1846 2355 2030 2409 animi

371 2450 866 2525 perfectissimus.
900 2449 965 2502 In
997 2446 1173 2502 rebus
1203 2445 1379 2516 igitur
1410 2461 1537 2517 qua
1571 2447 1766 2500 mente
1798 2443 2028 2515 perspi-

371 2542 630 2605 ciuntur,
663 2555 834 2594 mens
865 2539 1185 2607 occupatur
1217 2550 1230 2588 ε
1265 2533 1598 2588 intellectus
1648 2533 1706 2586 in
1754 2533 1850 2601 iis,
1902 2550 2029 2604 quas

374 2629 685 2702 cogitando
718 2625 1097 2697 assequimur
1129 2639 1142 2677 :
1178 2621 1376 2694 opinio
1407 2622 1645 2676 demum
1680 2621 1738 2676 in
1783 2621 1854 2676 iis
1902 2638 2029 2692 quae

374 2719 485 2774 sub
517 2716 916 2790 opinationem
948 2711 1415 2769 cadunt.Harum
1450 2715 1648 2766 autem
1673 2715 2028 2781 potestatum

373 2807 698 2881 principem
727 2804 923 2860 locum
951 2819 1118 2857 mens
1139 2799 1383 2867 obtinet,
1421 2803 1785 2871 postremum
1810 2799 2028 2871 opinio,

376 2896 640 2952 medium
667 2889 1214 2961 intellectus,menti
1239 2893 1452 2945 nostras
1469 2889 1678 2944 intime
1701 2888 2028 2958 familiaris,

379 2993 596 3066 quippe
627 2991 728 3063 qui
761 2989 1022 3045 medium
1056 2988 1274 3059 ubique
1311 2986 1505 3042 locum
1556 2991 1712 3042 tenet
1765 3003 1777 3041 :
1823 2991 1880 3042 et
1928 3003 2032 3059 per

377 3083 557 3150 hunc,
574 3079 937 3137 intellectum
961 3078 1112 3145 dico,
1132 3078 1203 3133 ad
1226 3093 1428 3132 eorum
1454 3075 2026 3148 contemplationem,

377 3187 502 3244 quae
536 3174 729 3226 mente
764 3168 1186 3242 percipiuntur,
1223 3165 1454 3222 animus
1493 3169 1691 3220 noster
1739 3165 2022 3235 evehitur,

376 3226 505 3335 qum
537 3262 665 3332 ejus
697 3226 989 3316 absolutio
1020 3261 1076 3313 et
1104 3226 1380 3329 perfectio
1411 3259 1520 3311 est.
1543 3255 1684 3310 Cum
1719 3255 1874 3310 enim
1909 3226 2025 3326 hic,
2057 3226 2100 3293 Ο

373 3351 550 3409 rebus
581 3349 654 3406 iis
685 3365 813 3422 qua:
841 3346 1040 3404 sensui
1071 3346 1492 3417 subjiciuntur,
1526 3345 1722 3400 socius
1752 3348 1809 3400 et
1858 3345 2029 3416 quasi

376 3439 615 3515 gentilis
647 3439 755 3507 sit;
790 3442 1026 3511 propter
1055 3452 1339 3491 sensuum
1392 3434 1906 3502 consuetudinem,
1957 3435 2029 3490 ad

378 3527 840 3603 speculationem
875 3543 1102 3592 eorum,
1131 3542 1260 3598 qua:
1289 3528 1484 3580 mente
1516 3522 1947 3594 intelliguntur,
1977 3527 2032 3578 et

383 3618 634 3675 materia
663 3621 885 3687 carent,
919 3614 1181 3671 attollere
1212 3613 1474 3686 seipsum
1509 3628 1625 3668 non
1659 3616 1872 3684 potest.
1920 3612 2031 3667 Sed

377 3714 435 3766 et
469 3709 590 3772 illa,
623 3723 870 3779 corpora
899 3708 1083 3777 putat,
1101 3708 1158 3760 et
1187 3703 1398 3759 molem
1425 3703 1725 3766 habere,et
1757 3719 2032 3775 quaecun-

377 3817 493 3872 que
523 3798 802 3854 sensibus
832 3815 895 3853 se
926 3797 1201 3866 offerunt,
1238 3795 1296 3850 in
1329 3793 1446 3848 illis
1479 3811 1607 3849 esse
1640 3793 1752 3849 sibi
1802 3794 1970 3867 ﬁngit
2018 3811 2030 3848 :

379 3897 878 3971 quemadmodum
912 3899 969 3950 et
1000 3893 1166 3949 Plato
1207 3892 1265 3948 in
1317 3891 1606 3961 Phaedone,
1651 3891 1803 3947 hanc
1851 3908 2033 3948 unam

375 4005 505 4044 esse
536 4003 657 4043 rem
691 3985 749 4041 in
783 3985 952 4041 nobis
983 3981 1393 4038 difﬁcillimam
1429 3981 1867 4055 afﬁrmat,quod
1898 3998 2035 4038 cum

375 4094 410 4133 a
438 4075 700 4148 corporis
730 4073 1126 4130 avocamentis
1161 4071 1402 4143 paulum
1437 4070 2037 4142 conquieverimus,et

375 4182 572 4222 rerum
600 4164 931 4220 divinarum
959 4160 1324 4216 meditationi
1350 4177 1456 4215 nos
1493 4161 1814 4232 adjungere
1837 4159 2036 4215 volue-

377 4255 583 4317 rimus,
615 4271 648 4308 a
678 4252 953 4308 sensibus
985 4251 1244 4324 profecta
1274 4248 1552 4322 impulsio
1585 4248 1920 4320 interpellat
1969 4265 2036 4305 ac

375 4343 701 4417 perturbat,
734 4350 788 4397 el
817 4339 1156 4412 cogitationi
1191 4345 1399 4394 nostra:
1433 4339 1660 4409 objicit,
1696 4343 1874 4394 Deum
1907 4355 2036 4394 esse

375 4451 613 4506 corpus,
655 4433 1059 4504 magnitudine
1112 4435 1168 4484 et
1219 4431 1413 4501 ﬁgura
1462 4429 1795 4502 prmditum,
1846 4445 2036 4501 neque

380 4541 488 4579 nos
519 4541 552 4578 a
582 4537 821 4594 corpore
869 4525 925 4576 et
976 4520 1161 4589 ﬁgura
1211 4525 1395 4574 Deum
1448 4518 1682 4590 penitus
1731 4534 2034 4573 secernere

2138 560 2481 633 περάσματα,
2531 563 2621 616 καὶ
2650 562 2858 618 τούτων
2894 563 3038 618 ἐστὶν
3070 566 3104 633 ἡ
3159 561 3285 635 δόξα
3315 570 3540 640 γνῶσις.
3594 568 3692 621 Διά
3736 566 3791 622 τί

2139 645 2197 702 δὲ
2228 648 2489 710 ἀθάνατος
2535 652 2570 719 ἡ
2630 653 2808 726 ψυχὴ,
2843 651 3025 706 οὐκέτι
3070 649 3208 706 οἶδεν
3263 655 3297 721 ἡ
3357 651 3504 722 δόξα·
3545 651 3790 715 διανοίας

2135 737 2237 812 γάρ
2287 734 2449 814 ἔργον
2479 739 2589 794 ἐστὶ
2641 745 2824 796 τοῦτο.
2877 742 3035 798 ’Όθεν
3077 743 3166 796 καὶ
3215 741 3402 805 καλῶς
3431 743 3667 812 ὁρίζεται
3693 745 3795 812 τὴν

2139 825 2295 895 δόξαν
2338 827 2567 884 Πλάτων
2619 829 2672 883 ἐν
2716 834 2796 901 τῷ
2849 834 3114 906 Σοφιστῇ,
3151 828 3388 892 διανοίας
3417 830 3594 906 λέγων
3657 833 3794 887 ἀπο-

2135 915 2496 986 τελεύτησιν.
2550 924 2658 988 Τῆς
2718 919 2822 995 γὰρ
2883 916 3129 982 διανοίας
3184 918 3667 994 συλλογιοαμένης
3708 922 3792 976 δτι

2139 1005 2402 1068 ἀθάνατος
2463 1009 2496 1076 ἡ
2549 1010 2746 1083 ψυχὴ,
2794 1009 2856 1062 τὸ
2913 1010 3279 1085 συμπέρασμα
3336 1010 3500 1082 μόνον
3556 1008 3695 1065 οἶδεν
3753 1013 3790 1081 ἡ

2139 1091 2391 1167 δύναμις.
2443 1098 2690 1162 Διανοίας
2719 1095 2776 1153 δέ
2808 1097 2918 1153 ἐστι
2948 1099 3011 1154 τὸ
3043 1101 3157 1153 οἷον
3192 1096 3320 1154 ὁδόν
3365 1121 3484 1154 τινα
3532 1097 3791 1171 διανύειν,

2142 1189 2566 1265 μεταϐαίνουσαν
2633 1197 2737 1250 ἀπὸ
2787 1198 3100 1270 προτάσεων
3154 1197 3229 1260 εἰς
3291 1199 3678 1272 συμπέρασμα,
3739 1197 3793 1269 ἐξ

2139 1281 2201 1337 οὗ
2231 1283 2320 1338 καὶ
2349 1285 2448 1352 τὴν
2479 1283 2676 1353 κλῆσιν
2711 1284 2944 1342 ε’ίλκυσε.
2975 1287 3073 1341 Καὶ
3111 1293 3211 1356 τῆς
3266 1287 3360 1360 μὶν
3412 1285 3651 1350 διανοίας
3700 1283 3794 1362 ἔρ-

2137 1393 2230 1446 γον
2290 1377 2472 1430 τοῦτο.
2532 1376 2642 1431 Τοῦ
2701 1372 2758 1429 δὲ
2814 1379 2909 1430 νοῦ
2957 1371 3116 1450 ἔργον
3167 1375 3371 1438 ἁπλαῖς
3427 1371 3794 1451 προσϐολαῖς,

2139 1463 2228 1516 καὶ
2285 1468 2528 1536 κρεῖττον
2588 1463 2623 1532 ἢ
2683 1465 2818 1520 κατά
2894 1463 3207 1536 ἀπόδειξιν,
3297 1460 3620 1521 ἐπιϐάλλειν
3676 1472 3792 1530 τοῖς

2138 1553 2472 1628 πράγμασιν,
2529 1554 2708 1628 ὥσπερ
2766 1556 2800 1624 ἠ
2862 1554 3134 1625 αἶ’σθησις.
3187 1550 3583 1630 Προσλαϐοῦσα
3620 1557 3794 1632 τυχὸν

2136 1642 2200 1695 τὸ
2231 1639 2423 1696 λευκὸν
2472 1641 2507 1710 ἢ
2541 1639 2664 1697 τόδε
2692 1643 2753 1697 τὸ
2785 1645 2980 1719 σχῆμά
3015 1665 3066 1698 τι
3100 1649 3369 1720 κρεῖττον,
3400 1643 3436 1712 ἢ
3494 1645 3630 1699 κατά
3660 1645 3794 1700 ἀπό-

2139 1728 2323 1801 δειξιν,
2383 1730 2547 1786 αὐτοῦ
2576 1733 2678 1802 τήν
2726 1739 2924 1808 γνῶσιν
2977 1730 3158 1809 ἔσχεν.
3192 1733 3269 1791 Οὐ
3319 1733 3422 1810 γάρ
3452 1731 3623 1789 δεῖται
3655 1735 3795 1810 πρὸς

2138 1819 2337 1892 ταύτην
2369 1819 2771 1898 συλλογισμοῦ·
2823 1825 2858 1892 ἡ
2892 1820 2949 1877 δέ
2979 1844 3042 1898 γε
3067 1827 3164 1878 τοῦ
3207 1827 3302 1878 νοῦ
3351 1822 3609 1900 ἐνέργεια,
3655 1823 3794 1880 ὲκεί-

2137 1931 2252 1972 νοις
2281 1912 2659 1986 παραγίνεται,
2713 1915 2798 1975 οἷς
2847 1911 2922 1974 εἷς
2955 1911 3118 1989 ἄκρον
3171 1915 3480 1989 καθάρσεως
3532 1914 3623 1969 καὶ
3671 1912 3796 1969 ἔπι-

2141 2002 2356 2074 στήμης
2402 1999 2622 2075 γέγονεν
2684 2001 3005 2079 ἀφικέσθαι·
3075 2002 3164 2058 καὶ
3225 2000 3312 2057 διὰ
3366 2008 3473 2058 τῶν
3531 2015 3795 2077 καθαρτι-

2137 2093 2247 2143 κῶν
2298 2090 2500 2164 ἀρετῶν
2543 2089 2915 2166 ἀφαντάστως,
2967 2092 3053 2145 καὶ
3107 2089 3240 2167 δίχα
3287 2091 3590 2162 αἰσθήσεως
3643 2093 3794 2168 ἔνερ-

2137 2184 2254 2252 γεῖν
2315 2178 2762 2251 συνειθισμένοις.
2799 2181 2948 2234 Ἐστι
2982 2183 3086 2256 γὰρ
3118 2181 3145 2235 6
3194 2185 3340 2250 νοῦς,
3376 2183 3490 2235 οἷον
3539 2180 3643 2252 ἕξις
3691 2188 3796 2251 τῆς

2139 2271 2327 2342 ψυχῆς
2385 2267 2732 2338 τελειοτάτη.
2795 2269 3148 2344 Καταγίνεται
3205 2269 3384 2324 τοίνυν
3446 2271 3474 2325 6
3526 2271 3622 2344 μὶν
3666 2275 3795 2336 νοῦς

2138 2356 2262 2430 περί
2320 2357 2387 2410 τά
2432 2356 2619 2426 νοητά.
2669 2360 2703 2426 ἡ
2753 2355 2810 2412 δὶ
2855 2355 3064 2413 διάνοια
3112 2359 3234 2433 περὶ
3293 2359 3360 2413 τὰ
3409 2356 3692 2430 διανοητά·
3752 2361 3790 2429 ἡ

2140 2441 2197 2499 δὲ
2250 2442 2375 2516 δόξα
2422 2446 2544 2520 περὶ
2575 2446 2643 2500 τὰ
2675 2443 2922 2520 δοξαστά.
2977 2446 3192 2502 Τούτων
3250 2445 3308 2502 δὲ
3349 2452 3458 2503 τῶν
3507 2446 3790 2522 δυνάμεων

2139 2535 2362 2608 πρώτην
2419 2535 2512 2608 μὶν
2565 2534 2750 2612 ἐπέχει
2807 2539 2958 2610 τάξιν
2990 2537 3017 2591 6
3049 2542 3194 2601 νοῦς·
3222 2538 3460 2614 ἐσχάτην
3485 2535 3541 2592 δὲ
3571 2541 3606 2608 ἡ
3642 2535 3790 2609 δόξα·

2144 2632 2313 2700 μέσην
2347 2628 2403 2686 δὲ
2431 2633 2465 2701 ἦ
2520 2629 2750 2701 διάνοια,
2800 2632 2835 2701 ἢ
2869 2654 2950 2695 τις
2982 2634 3070 2688 καὶ
3110 2633 3522 2709 προσῳκείωται
3551 2633 3622 2710 τῇ
3652 2637 3795 2708 ἠμε-

2137 2719 2268 2792 τὲρᾳ
2315 2723 2491 2794 ψυχῇ,
2523 2717 2710 2790 ἐπειδὴ
2771 2723 2858 2776 καὶ
2913 2720 3048 2791 αὐτή
3102 2724 3204 2790 τήν
3257 2723 3424 2795 μέσην
3468 2724 3568 2792 τὴν
3629 2722 3684 2778 ἐν
3713 2729 3795 2797 τῷ

2139 2809 2299 2864 παντὶ
2337 2810 2484 2880 τάξιν
2535 2808 2673 2884 ἔχει.
2723 2810 2822 2866 Καὶ
2873 2808 2960 2865 διὰ
2990 2811 3191 2881 ταύτης
3226 2810 3370 2888 λέγω
3399 2818 3500 2881 τῆς
3554 2809 3794 2876 διανοίας

2141 2897 2391 2974 ἀνάγεται
2444 2901 2478 2968 ἡ
2529 2901 2770 2974 ἡμετέρα
2817 2901 2970 2975 ψυχή
3006 2899 3092 2955 ἐπὶ
3122 2902 3220 2968 τήν
3249 2899 3357 2955 τῶν
3404 2905 3614 2972 νοητῶν
3662 2903 3796 2958 θεω-

2141 2987 2282 3062 ρίαν,
2314 2987 2348 3056 ﬁ
2398 3009 2481 3050 τις
2529 2986 2637 3043 ἐστὶ
2679 2987 2968 3058 τελειότης
3013 2991 3111 3058 τῆς
3158 2991 3362 3065 ψυχῆς.
3414 2987 3637 3061 Ἐπειδή
3687 2992 3791 3069 γὰρ

2141 3075 2439 3153 σύντροφός
2470 3098 2528 3133 τε
2575 3077 2664 3132 καὶ
2717 3077 3002 3154 σῦμῳυλος
3029 3083 3147 3140 τοῖς
3187 3077 3470 3150 αἷσθητοῖς
3498 3081 3533 3150 ἡ
3566 3082 3720 3156 ψυχὴ
3753 3082 3785 3149 ἡ

2139 3165 2400 3242 ἡμετέρα,
2461 3163 2712 3222 ἀδυνατεῖ
2769 3163 2858 3221 διὰ
2911 3167 3002 3222 τὸν
3069 3168 3389 3242 συνεθισμὸν
3437 3172 3544 3224 τῶν
3593 3168 3788 3240 αἰσθή-

2138 3276 2296 3325 σεων,
2345 3255 2431 3310 ἐπὶ
2479 3257 2578 3324 τήν
2627 3257 2856 3332 θεωρίαν
2897 3261 3008 3312 τῶν
3051 3261 3262 3328 νοητῶν
3311 3257 3399 3313 καὶ
3432 3257 3614 3314 ἀΰλων
3665 3259 3793 3314 ἀνά-

2138 3367 2251 3422 γειν
2307 3344 2496 3416 αὐτήν.
2551 3344 2725 3402 Ἀλλὰ
2751 3347 2965 3420 νομίζει
3011 3346 3232 3402 κάκεῖνα
3279 3347 3506 3422 σώματα
3547 3349 3636 3404 καὶ
3688 3370 3787 3423 με·

2141 3436 2271 3512 γέθη
2323 3432 2492 3509 ἔχειν,
2543 3435 2631 3490 καὶ
2663 3434 2763 3490 ὅσα
2805 3435 2891 3490 ἐπὶ
2941 3441 3047 3491 τῶν
3099 3437 3398 3508 αἰσθητῶν,
3461 3443 3618 3494 κακεῖ
3657 3459 3792 3510 φαν-

2141 3525 2377 3592 τάζεται·
2427 3524 2502 3588 ὡς
2549 3526 2638 3579 καὶ
2696 3523 2928 3581 Πλάτων
2982 3525 3034 3580 ἂν
3079 3531 3158 3598 τῷ
3208 3524 3451 3582 Φαίδωνι
3483 3526 3654 3603 λέγει,
3709 3527 3790 3584 ὅτι

2143 3614 2290 3668 τοῦτ’
2339 3612 2448 3668 ἔστι
2496 3614 2558 3669 τὸ
2591 3611 2987 3688 χαλεπώτατον
3016 3621 3124 3670 τῶν
3157 3615 3208 3670 ἐν
3241 3619 3404 3689 ἡμῖν,
3434 3615 3515 3673 ὅτι
3547 3619 3671 3674 ὅταν
3702 3618 3793 3674 καὶ

2145 3701 2360 3779 σχολὴν
2390 3703 2494 3757 ἀπὸ
2524 3707 2631 3757 τῶν
2660 3704 2970 3777 περιολκῶν
3001 3709 3099 3760 τοῦ
3131 3707 3386 3778 σώματος
3433 3707 3628 3781 μικρὸν
3661 3706 3794 3783 ἀγάο

2115 3813 2347 3872 ,γωμεν,
2397 3795 2484 3848 καὶ
2540 3793 2860 3865 θελήσωμεν
2891 3797 2959 3868 τῇ
3011 3794 3212 3869 θεωρίᾳ
3238 3799 3345 3851 τῶν
3380 3795 3537 3859 θείων
3587 3793 3796 3872 σχολά-

2147 3902 2256 3952 σαι,
2305 3882 2393 3936 mi
2438 3882 2895 3956 παρεμπίπτουσα
2943 3884 2976 3953 ἡ
3023 3883 3308 3959 φαντασία,
3369 3880 3600 3958 θόρυϐον
3659 3887 3798 3957 ἡμῖν

2144 3975 2305 4041 κινεῖ,
2343 3971 2594 4026 ὑπονοεῖν
2643 3968 2888 4034 διδοῦσα,
2935 3972 3018 4026 ὅτι
3049 3973 3210 4046 σῶμά
3239 3972 3352 4028 ἐστι
3382 3974 3444 4028 τὸ
3478 3979 3646 4046 θεῖον,
3706 3974 3798 4029 καὶ

2149 4067 2377 4142 μέγεθος
2429 4063 2545 4143 ἔχει
2603 4069 2690 4123 καὶ
2727 4075 2941 4144 σχῆμα,
2991 4071 3079 4124 καὶ
3138 4069 3238 4125 οὐκ
3286 4071 3344 4141 ἐᾷ
3384 4072 3533 4144 ἡμᾶς
3582 4071 3801 4144 ἀσωμά-

2143 4178 2253 4218 τως
2297 4157 2386 4210 καὶ
2435 4156 2866 4232 ἀσχηματίστως
2924 4159 3047 4234 περὶ
3106 4163 3200 4214 τοῦ
3251 4165 3385 4215 Θεοῦ
3417 4159 3639 4218 ἐννοεῖν.
3702 4161 3800 4216 Διά

2142 4250 2306 4302 τοῦτο
2343 4242 2424 4300 δεῖ
2450 4247 2549 4314 τήν
2601 4248 2784 4322 ψυχὴν
2840 4246 3127 4304 ὁδεύουσαν
3180 4248 3266 4303 ἰπὶ
3315 4252 3414 4320 τήν
3471 4251 3666 4321 ἑαυτῆς
3717 4271 3801 4306 τε·

2145 4333 2425 4405 λειότητα,
2467 4341 2685 4412 πρῶτον
2733 4337 3014 4414 ἐνεργῆσαι
3063 4359 3200 4393 κατα
3231 4336 3491 4405 διάνοιαν,
3525 4340 3649 4410 ¹ἥτις
3681 4337 3802 4416 ἔχει

2145 4425 2278 4500 πρὸς
2326 4425 2393 4479 τά
2425 4424 2562 4499 μὲσα
2598 4431 2704 4480 τῶν
2753 4427 3120 4503 πραγμάτων.
3178 4429 3417 4485 Τοιαῦτα
3466 4426 3524 4484 δέ
3577 4429 3688 4484 ἐστι
3735 4430 3804 4484 τὰ

2143 4513 2337 4585 νοητὰ,
2369 4514 2481 4569 οἷόν
2533 4514 2672 4570 ἐστὶν
2718 4514 2816 4584 ἤτε
2861 4517 3014 4592 ψυχή
3069 4519 3104 4586 ἡ
3155 4517 3419 4591 ἡμετέρα,
3469 4519 3558 4573 καὶ
3609 4520 3644 4588 ἡ
3677 4519 3804 4594 περὶ

377 4614 690 4686 cogitando
725 4609 1173 4682 permittit.Eam
1199 4609 1269 4662 ob
1306 4625 1426 4663 rem
1461 4625 1608 4680 opus
1641 4612 1750 4678 est,
1771 4608 2032 4663 animum

2148 4602 2311 4673 αὐτῆς
2374 4604 2589 4680 θεωρία·
2642 4599 2720 4659 ἔτι
2771 4602 2828 4660 δὲ
2883 4606 2972 4660 καὶ
3031 4607 3098 4660 τα
3157 4606 3533 4679 μαθηματικὰ,
3594 4607 3626 4661 ἃ
3683 4629 3804 4664 τινα

378 4703 449 4760 ad
486 4719 654 4758 suam
690 4699 881 4772 ipsius
914 4698 1330 4770 perfectionem
1368 4697 1730 4762 tendentem,
1777 4697 2036 4769 primum

377 4809 548 4865 agere
580 4790 903 4859 intellectu,
938 4788 1038 4860 qui
1071 4787 1131 4842 in
1164 4787 1340 4843 rebus
1375 4787 1812 4858 quodammodo
1858 4787 2038 4842 inter-

377 4881 590 4937 mediis
620 4883 910 4936 versatur.
944 4875 1108 4933 Talia
1155 4892 1290 4931 vero
1340 4879 1501 4945 sunt,
1555 4891 1682 4946 qua
1732 4875 2038 4931 intellectu

378 4969 843 5041 complectimur,
877 4966 1071 5038 qualis
1118 4969 1209 5021 est
1260 4963 1498 5020 animus
1548 4969 1747 5020 noster
1793 4966 2040 5038 ejusque

380 5057 834 5130 contemplatio;
867 5059 994 5110 tum
1025 5059 1083 5110 et
1113 5070 1206 5110 res
1239 5051 1687 5122 mathematice,
1735 5071 1862 5126 quae
1913 5055 2040 5111 sine

381 5147 627 5204 materia
675 5147 915 5217 quidem
965 5148 1126 5211 sunt,
1179 5143 1283 5199 sed
1331 5159 1446 5198 non
1479 5142 1791 5210 exsistunt,
1827 5143 2040 5199 utilli

382 5245 798 5300 consuefactus
828 5243 985 5298 circa
1019 5240 1323 5297 materiam
1348 5245 1484 5311 agat
1512 5240 1584 5296 ad
1617 5257 1685 5296 ea
1707 5257 1835 5312 qua:
1861 5258 1896 5296 a
1924 5258 2046 5298 ma-

380 5333 531 5389 teria
554 5333 794 5404 penitus
815 5331 1111 5403 segregari
1132 5333 1401 5402 possunt,
1422 5329 1516 5384 via
1537 5329 1876 5401 sensimque
1905 5348 2041 5401 pro-

385 5437 650 5495 gressus,
684 5422 756 5477 ad
789 5425 967 5476 Deum
996 5419 1146 5485 dico,
1180 5434 1243 5474 se
1274 5418 1535 5490 recipiat.
1572 5417 1737 5474 Unde
1773 5423 1831 5474 et
1863 5419 2043 5474 Ploti-

382 5515 634 5580 nus,Per
653 5508 982 5578 res,inquit,
1008 5507 1447 5572 mathematicas,
1480 5507 1551 5562 ad
1581 5507 2045 5564 consuetudinem

380 5600 519 5670 ejus,
554 5613 679 5670 quae
709 5600 830 5652 sine
857 5612 1087 5668 corpore
1117 5601 1457 5663 est,aaturae,
1494 5598 1722 5668 juvenes
1771 5597 2044 5654 deducan-

380 5691 493 5744 tur.
529 5690 600 5742 At
630 5685 679 5742 si
721 5685 954 5756 quando
1003 5685 1335 5742 intellectus
1385 5685 1793 5758 ratiocinatur,
1847 5686 1917 5742 de
1971 5687 2046 5744 iis

2145 4695 2244 4762 τὴν
2296 4693 2478 4748 οὐσίαν
2541 4692 2705 4748 ἄϋλον
2757 4693 2896 4768 ἔχει,
2951 4693 3117 4748 εἶκαὶ
3172 4697 3247 4767 μη
3289 4697 3388 4765 τὴν
3439 4695 3683 4771 ὕπαρξιν·
3712 4695 3805 4752 ’ίνα

2147 4785 2517 4838 συνοθισθιῖσα
2543 4781 2593 4836 ἐν
2637 4782 2878 4852 τούτοις,
2920 4781 3114 4858 ἐνεργῇ
3158 4782 3342 4848 ἀῦλως
3393 4781 3508 4857 ὁδῷ
3565 4787 3802 4862 προσελ-

2151 4878 2315 4938 θοῦσα
2362 4872 2451 4928 καὶ
2485 4871 2571 4926 ἐπὶ
2600 4874 2667 4926 τά
2696 4871 2983 4934 παντελῶς
3036 4875 3286 4949 χωριστά
3331 4876 3428 4946 τῆς
3461 4872 3621 4946 ὕλης,
3657 4873 3799 4949 λέγω

2151 4959 2208 5016 δὲ
2236 4962 2303 5017 τὰ
2332 4963 2446 5016 θεῖα
2487 4960 2721 5036 χωρίσῃ.
2768 4962 2926 5018 Ὅθεν
2963 4962 3051 5016 καὶ
3103 4963 3130 5016 ὁ
3185 4961 3489 5034 Πλωτῖνος,
3535 4965 3799 5042 Ἀγὲσθω-

2152 5073 2243 5106 σαν
2295 5052 2345 5106 οἱ
2399 5051 2550 5123 νὲοι,
2594 5051 2748 5128 φησὶ,
2796 5047 2885 5105 διὰ
2930 5057 3039 5106 τῶν
3095 5053 3435 5126 μαθημάτων
3483 5055 3620 5127 πρὸς
3677 5075 3805 5109 συν-

2152 5141 2372 5214 εθισμὸν
2423 5147 2523 5201 τῖς
2575 5140 2866 5212 ἀσωμάτου
2898 5141 3134 5218 φύσεως.
3175 5141 3241 5198 Εἰ
3274 5139 3331 5198 δὲ
3360 5163 3493 5198 ποτε
3523 5145 3557 5214 ἠ
3592 5141 3806 5198 διάνοια

2152 5237 2537 5312 συλλογίζεται
2566 5238 2656 5291 καὶ
2687 5237 2810 5312 περὶ
2843 5242 2953 5292 τῶν
2989 5243 3224 5308 νοητῶν,
3270 5236 3399 5294 ἀλλ’
3430 5240 3492 5294 οὐ
3538 5241 3657 5294 καθ’
3703 5241 3809 5295 αὐ-

2149 5329 2273 5398 τὴν,
2305 5325 2450 5381 ἀλλὰ
2476 5331 2555 5398 τῷ
2584 5330 2663 5398 νῷ
2704 5325 3105 5400 συμπλακεῖσα,
3156 5327 3335 5400 ὥσπερ
3381 5329 3471 5383 καὶ
3515 5329 3640 5405 περὶ
3698 5334 3806 5385 τῶν

2153 5416 2426 5488 αἶσθητῶν
2492 5412 2894 5491 συλλογίζεται,
2970 5415 3350 5488 συμπλακεῖσα
3399 5421 3467 5492 τῇ
3519 5419 3808 5492 φαντασίᾳ.

2154 5506 2368 5564 Τούτου
2398 5503 2581 5559 τοίνυν
2611 5509 2708 5561 τοῦ
2738 5509 2855 5575 νοῦ,
2885 5504 2934 5560 εἴ
2983 5505 3074 5560 καὶ
3127 5506 3204 5579 μὴ
3246 5505 3552 5582 μετέχομεν
3589 5509 3641 5562 ol.
3667 5505 3809 5562 πολ-

2156 5595 2264 5653 λοί·
2323 5594 2449 5650 ἀλλ’
2500 5592 2630 5669 ξ’χνη
2680 5593 2798 5649 τινὰ
2847 5594 2935 5649 καὶ
2987 5592 3295 5668 ἰνδάλματα
3346 5592 3668 5666 διαϐέϐηκεν
3731 5597 3812 5660 εἷς

2155 5688 2323 5757 ἡμᾶς.
2372 5688 2547 5738 Ταῦτα
2589 5680 2644 5739 δέ
2675 5680 2814 5739 ἐστιν
2870 5685 2925 5738 αἱ
2964 5682 3144 5739 κοιναὶ
3206 5681 3430 5759 ἔννοιαι,
3483 5685 3544 5750 ἃς
3600 5686 3811 5742 ἀναπο-
