4124 6460
359 392 517 452 1033

1875 395 1976 453 ΒΗ
2024 392 2303 451 ANIMA.

3635 404 3791 467 1034

355 518 606 589 δείκτως,
669 519 967 595 μᾶλλονδὲ
1015 522 1326 599 κρεῖττονῆ
1376 524 1493 578 κατ’
1546 522 1816 595 ἀπόδειξιν
1874 544 2009 579 παν-

2147 523 2304 580 etiam
2325 541 2451 596 qua:
2476 529 2667 581 mente
2689 528 3163 598 perspiciuntur;
3198 537 3315 587 non
3336 530 3393 587 id
3423 548 3526 606 per
3546 550 3609 591 se
3638 534 3787 608 ipse,

351 632 441 676 τες
466 612 866 688 γιγνώσκομεν.
913 611 1084 669 Αῦται
1146 611 1242 668 οὖν
1303 614 1356 669 αἱ
1409 615 1585 668 κοιναῖ
1640 612 1863 683 ἔννοιαι,
1924 610 2013 668 διά

352 702 569 756 πάντων
611 707 919 778 χωροῦσαι,
952 700 1261 777 ἰνδάλματα
1284 708 1382 758 τοῦ
1413 708 1510 759 νοῦ
1559 703 1693 759 εἶσιν
1754 703 2012 780 ἐναργῶς.

355 791 449 846 Διὸ
481 792 571 845 καὶ
603 791 784 866 ἀρχὴν
844 791 1154 866 ἐπιστήμης
1183 793 1274 848 τὸν
1325 798 1452 848 νοῦν
1503 792 1781 861 καλοῦσιν,
1827 794 1872 864 ᾦ
1906 814 2013 847 τινι

354 883 422 935 τά
466 883 638 952 νοητά
686 879 1043 957 γινώσκομεν.
1095 884 1358 953 Ζητήσειε
1412 880 1458 937 δ’
1507 880 1567 938 ἃν
1596 904 1678 946 τις
1712 883 1757 938 εἰ
1794 885 1870 956 μή
1924 880 2017 937 δυ·

356 970 514 1026 νατὸν
548 969 945 1047 έκμερικώντὸ
994 970 1235 1036 καθόλου
1288 972 1698 1037 πιστώσασθαι”
1737 969 1862 1027 οὐδὲ
1912 970 2015 1047 γάρ

356 1057 545 1129 ἐπειδὴ
607 1060 793 1130 ξανθὸς
826 1062 860 1131 ἢ
927 1059 1122 1123 λευκὸς
1152 1061 1181 1115 ὁ
1216 1058 1389 1123 ἵππος
1448 1059 1581 1132 ἐστὶ,
1617 1058 1705 1116 διά
1733 1066 1893 1117 τοῦτο
1924 1059 2014 1115 καὶ

360 1153 553 1213 πάντες
583 1150 761 1222 ξανθοὶ
794 1150 846 1205 οἱ
872 1147 1037 1205 ’ίπποι
1069 1149 1104 1219 ἢ
1134 1149 1340 1208 λευκοί.

2123 619 2223 673 sed
2249 618 2428 673 menti
2453 618 2854 676 adhaerescens
2873 625 3080 677 etcum
3101 640 3168 679 ea
3191 626 3565 697 conjunctae,
3580 644 3788 700 quem-

2126 707 2443 762 admodum
2478 708 2629 764 etde
2661 708 2837 763 rebus
2861 711 3075 767 sensui
3095 714 3433 786 propositis,
3457 715 3541 771 illi
3563 716 3789 773 extrin-

2127 813 2296 852 secus
2328 796 2535 851 oblataa
2554 796 2896 868 impulsioni
2930 806 3239 858 consertus
3261 808 3317 858 et
3345 809 3654 862 contextus
3674 805 3790 863 col-

2128 884 2259 957 ligit
2291 902 2356 942 ac
2387 886 2705 942 concludit.
2740 889 2930 958 Hujus
2962 888 3162 962 itaque
3194 893 3408 948 mentis
3438 895 3548 950 etsi
3580 912 3789 952 omnes

2128 990 2244 1029 non
2282 990 2492 1029 sumus
2539 980 2857 1047 compotes,
2905 979 3002 1032 sed
3039 980 3168 1049 eius
3198 979 3447 1052 vestigia
3472 985 3704 1039 tantum
3733 988 3791 1041 et

2127 1061 2442 1120 simulacra
2461 1065 2732 1135 quasdam
2759 1066 2827 1120 ad
2853 1083 2957 1121 nos
2981 1083 3312 1138 pervenere,
3332 1069 3416 1125 hae
3434 1075 3632 1127 autem
3650 1078 3792 1128 sunt

2128 1168 2475 1208 communes
2508 1154 2797 1225 notiones,
2830 1170 2979 1226 quas
3022 1157 3168 1213 citra
3198 1158 3788 1231 demonstrationem,

362 1240 571 1297 melius
604 1247 800 1298 tamen
834 1258 1015 1314 quam
1045 1241 1139 1297 vis
1167 1243 1692 1299 demonstrationis
1742 1244 2079 1314 perspectas
2127 1239 2437 1297 habemus.
2488 1243 2838 1300 Communes
2884 1244 3066 1317 igitur
3113 1245 3199 1301 hae
3233 1246 3521 1317 notiones,
3569 1255 3633 1307 ut
3661 1268 3789 1325 quas

358 1331 556 1386 omnia
588 1331 937 1404 pervadunt,
973 1330 1288 1387 manifesta
1316 1335 1457 1388 sunt
1488 1332 1703 1387 mentis
1734 1330 2056 1386 simulacra
2108 1334 2164 1385 et
2210 1331 2434 1401 species
2468 1348 2480 1385 :
2517 1349 2698 1404 quare
2728 1337 2785 1389 et
2836 1334 3090 1389 scientia:
3144 1337 3498 1408 principium
3531 1346 3786 1399 mentem

354 1425 583 1491 vocant,
616 1437 754 1493 qua,
784 1438 853 1477 ea
883 1438 1011 1494 quae
1058 1420 1491 1496 intelliguntur,
1543 1421 1978 1494 cognoscimus.
2009 1419 2311 1484 Quaesierit
2360 1437 2532 1493 porro
2582 1421 2819 1493 aliquis,
2851 1439 2921 1478 an
2972 1440 3088 1480 non
3133 1424 3320 1497 possit
3369 1443 3439 1483 ex
3470 1429 3790 1501 particula-

356 1509 525 1565 ribus
558 1510 829 1566 universe
860 1509 1127 1567 concludi
1164 1528 1177 1567 :
1213 1527 1326 1567 non
1360 1510 1517 1567 enim
1552 1511 1690 1584 quia
1733 1510 1941 1583 spadix
1974 1512 2064 1565 est
2110 1507 2200 1564 vel
2232 1508 2403 1565 albus
2453 1527 2663 1584 equus,
2698 1528 2903 1568 omnes
2952 1512 3168 1571 idcirco
3199 1515 3469 1588 spadices
3519 1526 3619 1574 aut
3649 1520 3792 1577 alibi

356 1604 500 1656 sunt
528 1600 686 1672 equi.

431 1723 496 1782 Ei
526 1721 619 1779 οὖν
657 1725 731 1798 μή
767 1720 1014 1795 δυνατὸν,
1049 1723 1218 1794 δῆλον
1253 1726 1337 1779 ὅτι
1370 1722 1494 1780 οὐδὲ
1533 1727 1567 1795 ἡ
1601 1722 1812 1780 διάνοια
1837 1724 1896 1779 τὸ
1928 1722 2012 1779 αἶ-

362 1813 560 1881 σθητὸν
617 1810 1017 1884 ἀποδείκνυσιν,
1076 1813 1202 1870 ἀλλ’
1261 1811 1374 1869 οὐδ’
1429 1817 1463 1884 ἡ
1498 1814 1780 1893 φαντασία,
1831 1811 2010 1882 οὐδ’-ἡ

360 1902 611 1975 αἶ’σθησις
665 1901 866 1976 πολλῷ
925 1903 1160 1978 μᾶλλονο
1222 1904 1422 1975 ἑκάστη
1471 1905 1573 1980 γάρ
1628 1904 1862 1976 τοότῶν,
1925 1924 2014 1976 με·

2195 1724 2381 1795 Quod,
2410 1726 2460 1782 si
2490 1725 2762 1782 concludi
2803 1743 2918 1783 non
2972 1732 3184 1801 potest,
3220 1735 3445 1788 certum
3478 1739 3569 1789 est
3598 1751 3791 1809 neque

2126 1811 2492 1869 intellectum
2528 1829 2648 1869 rem
2680 1815 2881 1871 sensui
2909 1816 3200 1886 obiectam
3235 1818 3658 1891 demonstrare,
3683 1825 3786 1881 sed

2127 1918 2317 1975 neque
2338 1904 2735 1976 phantasiam,
2762 1920 3001 1961 sensum
3025 1923 3159 1962 vero
3182 1907 3372 1964 multo
3396 1909 3615 1967 minus.
3648 1911 3786 1969 Sin-

362 1993 513 2071 ρικόν
572 2014 626 2049 τι
654 1994 932 2070 γινώσκει.
989 1993 1156 2058 Πόθεν
1188 1991 1278 2048 οὖν
1311 1996 1345 2064 ἡ
1381 1991 1509 2067 δόξα
1536 1994 1600 2048 τὸ
1638 1991 1878 2049 καθόλου
1905 1997 2013 2048 τῶν

2147 1990 2247 2064 ςυιὶ
2279 1992 2439 2047 enim
2470 1992 2530 2047 hi
2562 1992 2915 2065 particulare
2947 1993 3170 2067 aliquid
3205 2002 3585 2069 cognoscunt.
3619 1999 3785 2058 Unde

358 2083 637 2151 αἲσθητῶν
697 2082 1091 2159 ἐπιγινώσκει;
1171 2084 1259 2139 καὶ
1340 2083 1571 2160 λέγομεν
1632 2081 1716 2138 ὅτι
1779 2082 2018 2156 μάλιστα

364 2174 460 2248 μὲν
505 2170 731 2229 δυνατὸν
762 2175 865 2243 τὴν
898 2171 1163 2246 διάνοιαν,
1214 2172 1306 2227 καὶ
1336 2174 1397 2228 τὸ
1454 2172 1506 2227 έν
1559 2179 1678 2236 τοῖς
1736 2172 2019 2242 αἰσθητοῖς

357 2260 598 2318 καθόλου
648 2260 1100 2337 συλλογίσασθαι,
1161 2261 1344 2338 ὥσπερ
1403 2261 1658 2332 ἐποίησεν
1713 2261 2020 2338 Ἀριστοτέ-

360 2350 469 2424 λης
499 2350 588 2407 ἐπὶ
647 2356 755 2407 τῶν
808 2348 1040 2427 ἄστρων.
1093 2349 1440 2424 Βουλόμενος
1487 2352 1592 2428 γάρ
1627 2350 1709 2407 ὅτι
1762 2351 2022 2428 σφαιρικὰ

365 2438 557 2514 δεῖξαι,
615 2441 707 2496 καὶ
764 2439 1177 2514 πιστωσάμενος
1205 2443 1367 2494 τοῦτο
1395 2437 1466 2495 δι’
1524 2440 1664 2510 ένὸς,
1705 2447 1805 2511 τῆς
1861 2437 2022 2510 σελή-

362 2551 483 2602 νης,
534 2529 720 2605 φησίν·
780 2531 870 2594 Ὧς
922 2530 1022 2606 γάρ
1079 2528 1168 2584 ἐπὶ
1215 2533 1324 2584 τῶν
1384 2529 1692 2603 ὁμοουσίων
1744 2528 1826 2607 ἐφ’
1883 2530 2021 2600 ἑνὸς,

366 2620 572 2695 ἀνάγκη
641 2620 733 2674 καὶ
810 2617 897 2673 ἐπὶ
969 2617 1184 2673 πάντων
1263 2619 1419 2687 εἶναι,
1493 2619 1761 2692 ὁμοοῦσια
1818 2616 1876 2673 δὲ
1931 2616 2023 2672 καὶ

366 2709 542 2763 πάντα
597 2709 666 2763 τά
721 2705 913 2785 ἄστρα,
968 2705 1139 2778 δῆλον
1221 2706 1305 2763 ὅτι
1373 2714 1476 2778 τῆς
1550 2709 1806 2779 σελήνης,
1871 2727 2026 2782 σφαι-

372 2804 534 2870 ρικῆς
593 2796 906 2873 δειχθείσης
943 2839 957 2865 ,
1026 2797 1117 2852 καὶ
1191 2800 1258 2852 τά
1338 2794 1483 2854 ἄλλα
1549 2795 2026 2853 συναποδέδεικται

370 2888 629 2965 σφαιρικά
663 2930 677 2944 .
739 2884 920 2943 Ἀλλά
973 2887 1064 2942 καὶ
1121 2888 1325 2942 καπνόν
1378 2908 1465 2950 τις
1527 2885 1657 2942 ἰδὼν
1690 2931 1704 2956 ,
1760 2884 2026 2959 συλλογί-

2126 2081 2310 2153 igitur
2339 2080 2535 2153 opinio
2567 2098 2660 2138 res
2684 2099 2967 2141 sensuum
3001 2083 3270 2143 universe
3301 2088 3650 2161 cognoscit?
3679 2106 3784 2146 cur

2128 2170 2386 2226 diximus
2435 2171 2691 2227 maxime
2740 2188 2913 2245 posse
2962 2173 3327 2232 intellectum
3360 2194 3454 2233 res
3502 2194 3795 2236 sensuum

2130 2259 2400 2315 universe
2446 2259 2815 2329 concludere,
2846 2266 2911 2317 ut
2941 2261 2998 2317 in
3042 2263 3219 2319 astris
3256 2261 3600 2323 Aristoteles
3632 2268 3789 2324 fecit.

2131 2353 2272 2405 Cum
2305 2349 2459 2404 enim
2477 2348 2807 2405 orbiculata
2821 2366 2888 2405 ea
2905 2366 3034 2407 esse
3056 2351 3464 2409 demonstrare
3486 2354 3680 2425 vellet,
3700 2356 3789 2412 id-

2133 2456 2247 2512 que
2279 2456 2379 2511 per
2410 2455 2593 2493 unum
2625 2455 2694 2493 ex
2722 2438 2839 2508 his,
2873 2438 3098 2507 lunam,
3129 2441 3529 2516 continuaret,
3560 2444 3661 2515 ait,
3693 2446 3791 2502 Re-

2132 2546 2255 2584 rum
2304 2528 2542 2598 eiusdem
2588 2529 2921 2585 substantia:
2958 2528 3100 2601 quod
3146 2537 3228 2586 est
3278 2547 3341 2587 ιη
3388 2533 3689 2605 aliqua,~id
3732 2535 3797 2591 in

2133 2617 2382 2673 omnibus
2410 2632 2527 2672 esse
2556 2632 2767 2673 necesse
2796 2626 2875 2673 est
2905 2636 2923 2672 :
2957 2626 3012 2673 at
3041 2619 3285 2691 ejusdem
3322 2636 3437 2677 esse
3464 2623 3797 2682 substantia

2135 2711 2288 2762 astra
2326 2722 2512 2761 omnia
2540 2705 2968 2762 demonstratum
3001 2710 3098 2762 est.
3145 2709 3281 2764 Cum
3315 2709 3489 2780 igitur
3516 2712 3796 2769 orbicula-

2135 2812 2251 2852 rem
2293 2812 2408 2851 esse
2455 2795 2646 2849 tunam
2697 2796 3142 2851 demonstratum
3188 2800 3284 2868 sit,
3316 2798 3382 2854 de
3424 2800 3556 2856 aliis
3604 2801 3798 2859 itidem

2135 2888 2300 2941 astris
2325 2887 2577 2956 confecta
2619 2901 2706 2940 res
2738 2890 2835 2951 est,
2869 2901 2935 2941 ea
2975 2903 3091 2941 esse
3120 2888 3452 2945 orbiculata.
3485 2889 3588 2945 Sed
3615 2894 3673 2946 et
3698 2893 3800 2964 qui

372 2981 516 3044 ζεται
566 2975 648 3031 ὅτι
702 2975 792 3031 καὶ
853 2980 960 3053 πῦρ
1023 2974 1074 3030 ἐν
1124 2980 1205 3048 τῷ
1258 2977 1415 3049 τόπῳ
1479 2977 1743 3053 ὑπάρχεις
1800 2972 2022 3043 Ἐπειδὴ

2147 2979 2354 3029 Γιιηιιιιη
2402 2973 2569 3045 videt,
2619 2975 2702 3029 ibi
2754 2975 2921 3030 etiam
2978 2975 3103 3045 loci,
3162 2978 3346 3047 ignem
3397 2995 3514 3036 esse
3562 2980 3794 3053 colligit.

373 3063 514 3139 γάρ,
574 3065 742 3142 φησὶ,
806 3066 1011 3127 καπνός
1065 3064 1175 3119 ἐστι
1209 3111 1225 3135 ,
1274 3070 1377 3127 πᾶς
1436 3062 1492 3119 δὲ
1548 3064 1752 3126 καπνὸς
1813 3062 1874 3118 ἐκ
1933 3085 2028 3117 πυ-

378 3150 494 3227 ρός’
554 3151 606 3207 ἐν
652 3157 729 3225 τῷ
776 3155 1158 3228 καπνιζομένῳ
1212 3154 1315 3229 ἄρα
1366 3153 1520 3225 τόπῳ
1580 3152 1691 3209 ἐστὶ
1751 3152 1839 3208 καὶ
1894 3156 2023 3225 πῦρ.

373 3242 535 3306 Ἴσως
587 3242 681 3314 μὲν
739 3240 850 3314 οὖν,
889 3244 1021 3317 ὅπερ
1072 3241 1300 3322 ἔφημεν,
1351 3245 1450 3312 τήν
1501 3240 1742 3298 διάνοιαν
1794 3239 2022 3309 δυνατὴν

372 3329 690 3405 περίτινων
742 3329 1038 3403 αἰσθητῶν,
1089 3331 1136 3387 εἰ
1179 3333 1266 3387 καὶ
1320 3333 1395 3405 μή
1455 3331 1542 3386 ἐπὶ
1601 3331 1842 3400 πάντων,
1891 3328 2023 3385 συλ-

372 3418 687 3494 λογίζεσθαι
746 3418 811 3475 τὸ
867 3418 1130 3476 καθόλου.
1192 3420 1344 3489 ΙΙλήν
1393 3421 1480 3475 καὶ
1539 3422 1574 3489 ἡ
1622 3418 1819 3496 λογικὴ
1870 3418 2023 3493 ψυχὴ

378 3509 846 3581 συνουσιωμένοος
896 3506 1012 3585 ἔχει
1042 3509 1172 3571 τοὺς
1200 3507 1399 3586 λόγους
1430 3514 1537 3564 τῶν
1588 3508 1925 3585 πραγμάτων
1978 3506 2031 3562 έν

378 3596 565 3672 ἑαυτῇ.
601 3598 697 3652 Δια
730 3595 787 3653 δὲ
814 3598 878 3652 τὸ
904 3596 1320 3654 καταδεδυκέναι
1349 3596 1403 3653 ἐν
1426 3602 1494 3673 τῇ
1528 3598 1660 3674 ὕλῃ,
1712 3598 1824 3653 οἷον
1855 3595 2036 3671 ἐγκατ-

384 3685 629 3762 εχώσθη,
680 3686 860 3762 ὥσπερ
922 3688 974 3740 οἱ
1028 3686 1079 3741 ἐν
1132 3691 1200 3761 τῇ
1256 3687 1426 3767 τέφρᾳ
1476 3687 1842 3761 κρυπτόμενοι
1880 3705 2036 3740 σπιν-

385 3777 563 3846 θῆρες.
625 3777 828 3850 Ὥσπερ
884 3773 974 3830 οῦν
1038 3774 1164 3831 ὅταν
1206 3797 1289 3838 τις
1340 3777 1532 3851 μικρὸν
1580 3777 1678 3844 τὴν
1708 3775 1910 3851 τέφραν
1952 3771 2037 3827 δι-

385 3863 548 3941 ορόξῃ
607 3866 635 3919 ὁ
685 3866 915 3939 σπινθὴρ
949 3863 1105 3928 εὐθὺς
1134 3863 1466 3938 ἀναλάμπει,
1515 3864 1603 3919 καὶ
1656 3862 1764 3939 οὐχ
1794 3864 1821 3918 6
1855 3860 2039 3938 διορύ-

384 3953 477 4025 ξας
530 3951 631 4008 τὸνπ
681 3960 954 4029 σπινθῆρα
995 3952 1276 4024 ἐποίησεν,
1331 3952 1480 4009 ἀλλά
1514 3952 1678 4026 μόνον
1709 3952 1776 4007 τά
1806 3947 2038 4024 ἐμποδί-

390 4048 547 4112 ζοντα
633 4040 850 4099 ἔπαυσε.
938 4043 1046 4101 Τὸν
1137 4043 1298 4098 αὐτὸν
1375 4043 1580 4116 τρόπον
1646 4041 1737 4096 καὶ
1794 4042 1829 4109 ἡ
1891 4036 2038 4109 δόξα,

391 4130 748 4205 ἐρεθιζομένη
822 4132 926 4187 ὑπὸ
994 4139 1097 4202 τῆς
1163 4132 1488 4203 αἰσθήσεως,
1545 4124 1852 4205 προϐάλλει
1918 4127 2045 4191 τοὺς

388 4220 592 4295 λόγους
639 4225 747 4276 τῶν
803 4216 993 4278 ὄντων.
1052 4220 1211 4278 Οὕτω
1241 4223 1332 4276 καὶ
1360 4220 1490 4284 τοὺς
1521 4217 1885 4280 διδασκάλους
1917 4216 2044 4296 φασὶ

394 4312 471 4384 μὴ
529 4311 630 4380 τὴν
679 4314 879 4386 γνῶσιν
919 4313 1055 4383 ἡμῖν
1114 4308 1402 4382 ἐντιθέναι,
1459 4308 1605 4366 ἀλλὰ
1659 4310 1759 4379 τήν
1826 4306 2048 4363 ἐνοῦσαν

390 4396 530 4473 ἡμῖν
573 4399 664 4455 καὶ
712 4400 826 4455 οἷον
876 4399 1285 4474 κρυπτομένην,
1347 4399 1639 4477 ἐκφαίνειν·
1687 4397 1804 4453 ἐπεὶ
1863 4396 1908 4451 εἰ
1968 4398 2045 4470 μὴ

390 4490 527 4559 ἦσαν
567 4487 625 4544 ἐν
677 4491 815 4562 ἡμῖν
862 4489 915 4543 oi.
946 4493 1053 4543 τῶν
1082 4483 1252 4543 ὄντων
1282 4486 1462 4564 λόγοι,
1524 4486 1668 4542 διατί
1699 4480 2049 4550 συναισθανό-

396 4589 556 4652 μεθα,
612 4576 736 4632 ὅταν
796 4599 879 4638 τις
928 4577 1075 4653 παρὰ
1144 4577 1244 4646 τὴν
1303 4580 1411 4632 τῶν
1489 4575 1822 4652 πραγμάτων
1892 4573 2047 4652 φύσιν

398 4666 424 4685 κ
530 4668 546 4697 ι
885 4667 899 4685 ι
1019 4667 1029 4685 ,
1299 4688 1319 4697 _
1489 4665 1576 4697 __.
1694 4687 1712 4696 _
1830 4665 1852 4701 ,ι

395 4666 761 4743 διαλέγηται,
812 4689 903 4723 και
959 4664 1128 4722 πάλιν
1187 4666 1349 4731 πόθεν
1378 4685 1745 4743 προκρινομιν
1794 4662 1889 4719 δσο
1932 4662 2049 4719 δια-

2136 3064 2383 3132 Quando,
2433 3063 2639 3135 inquit,
2669 3064 2856 3135 fumus
2902 3072 3003 3132 est,
3036 3068 3219 3120 omnis
3265 3074 3450 3123 autem
3495 3073 3683 3140 fumus
3725 3085 3797 3126 ex

2135 3154 2260 3220 igni
2295 3161 2392 3207 est.
2435 3153 2495 3207 In
2540 3154 2790 3222 fumante
2837 3153 3014 3221 igitur
3044 3155 3178 3222 loco,
3232 3156 3377 3226 ignis
3419 3161 3523 3213 est.
3572 3156 3796 3215 Forsan

2136 3240 2336 3312 igitur,
2370 3239 2524 3311 quod
2558 3237 2920 3294 intellectum
2955 3240 3213 3297 diximus
3245 3259 3417 3313 posse
3448 3244 3520 3299 de
3543 3244 3812 3321 quibus:

2139 3329 2276 3385 dam
2303 3327 2505 3383 sensui
2536 3328 2806 3398 objectis,
2830 3327 2938 3384 etsi
2966 3346 3077 3384 non
3105 3330 3175 3386 de
3203 3330 3502 3399 omnibus,
3526 3332 3801 3391 universe

2140 3416 2508 3487 concludere,
2544 3420 2931 3488 praetereaque
2964 3419 3165 3475 anima
3213 3420 3460 3477 rationis
3508 3421 3800 3496 particeps

2145 3523 2339 3563 rerum
2372 3507 2428 3561 in
2461 3523 2524 3562 se
2549 3506 2803 3561 rationes
2828 3506 3004 3563 habet
3034 3508 3244 3578 insitas
3275 3526 3288 3565 :
3321 3512 3475 3582 quod
3505 3528 3639 3568 vero
3670 3527 3803 3569 ma-

2144 3597 2305 3652 teria:
2331 3596 2609 3650 immersa
2629 3595 2728 3662 sit,
2749 3594 2928 3652 veluti
2958 3597 3068 3653 sub
3101 3603 3318 3655 terram
3341 3600 3577 3658 defossa.
3594 3605 3705 3670 est,
3743 3605 3808 3658 ut

2147 3687 2339 3741 cinere
2360 3683 2628 3754 sepultus
2652 3684 2826 3756 ignis.
2851 3685 3359 3750 Quemadmodum
3379 3689 3582 3762 igitur,
3601 3691 3652 3747 si
3671 3688 3807 3761 quis

2149 3776 2403 3830 cinerem
2438 3773 2678 3845 paulum
2726 3773 3058 3844 dimoverit,
3090 3777 3348 3833 scintilla
3377 3777 3534 3835 illico
3564 3780 3758 3837 elucet
3790 3797 3805 3838 :

2150 3862 2470 3919 scintillam
2520 3866 2715 3917 tamen
2767 3880 2882 3918 non
2917 3863 3068 3931 fecit,
3100 3865 3201 3936 qui
3251 3866 3506 3923 cinerem
3537 3869 3806 3937 dimovit,

2150 3953 2251 4007 sed
2289 3954 2518 4005 tantum
2544 3951 2968 4022 impedimenta
2991 3953 3236 4009 removit
3266 3970 3279 4009 :
3316 3957 3386 4011 ad
3407 3973 3543 4012 eum
3567 3957 3809 4015 modum

2151 4045 2209 4096 et
2239 4039 2433 4109 Opinio
2463 4057 2493 4093 a
2519 4056 2697 4096 sensu
2729 4040 2998 4108 excitata,
3048 4058 3244 4098 rerum
3277 4045 3534 4102 rationes
3565 4045 3804 4118 profert.

2154 4133 2242 4187 Ita
2269 4134 2324 4184 et
2357 4129 2676 4201 magistros
2706 4129 2913 4184 dicunt
2942 4132 3333 4203 cognitionem
3365 4134 3535 4190 nobis
3568 4151 3683 4192 non
3715 4135 3813 4190 in-

2155 4220 2311 4287 dere,
2344 4217 2445 4272 sed
2498 4234 2623 4288 quae
2669 4218 2840 4273 nobis
2888 4217 3063 4290 inest,
3113 4226 3171 4276 et
3211 4220 3393 4278 veluti
3445 4223 3658 4279 obruta
3703 4229 3815 4293 est,

2154 4323 2281 4364 eam
2318 4306 2574 4379 proferre
2605 4323 2671 4361 ac
2710 4307 3057 4363 ostendere:
3093 4311 3233 4379 quia
3263 4309 3374 4367 nisi
3419 4312 3588 4368 nobis
3618 4328 3817 4369 rerum

2158 4396 2416 4452 rationes
2446 4395 2726 4465 inessent,
2774 4397 2950 4463 unde,
2982 4414 3115 4453 cum
3167 4398 3384 4472 aliquis
3414 4418 3720 4474 perperam
3752 4418 3821 4458 ac

2161 4491 2371 4560 praeter
2402 4501 2600 4540 rerum
2637 4490 2907 4541 naturam
2953 4488 3211 4557 disserit,
3245 4489 3538 4547 sentimus
3569 4491 3824 4547 omnes?

2163 4592 2392 4640 rursus,
2425 4590 2531 4630 cur
2558 4575 2628 4629 de
2673 4574 2927 4645 duobus,
2961 4576 3063 4648 qui
3110 4578 3431 4649 disserunt,
3465 4579 3567 4652 qui
3594 4579 3826 4651 potiora

2165 4665 2327 4731 dicit,
2368 4681 2502 4721 eum
2536 4664 2705 4720 alteri
2755 4667 3220 4738 anteponimus?
3269 4669 3327 4723 Si
3358 4669 3517 4725 enim
3569 4667 3732 4726 nulla
3760 4668 3822 4724 in

396 4729 871 4833 λεγομένων,’τὸν
921 4757 989 4812 τά
1045 4729 1573 4831 ἀμείνωνλέγόντα;
1628 4729 1689 4812 Et
1717 4754 1819 4831 γάρ
1864 4751 2035 4827 μηδεὶς

2168 4755 2338 4811 nobis
2371 4770 2567 4809 rerum
2600 4754 2749 4810 ratio
2784 4754 3010 4824 fuisset,
3050 4773 3174 4828 quae
3206 4744 3240 4812 ἐι
3268 4756 3698 4815 disserentibus
3727 4774 3824 4814 ex-

395 4848 464 4917 ἧν
511 4848 639 4921 παρ’
695 4848 834 4920 ἡμῖν
884 4850 992 4901 τῶν
1048 4846 1383 4923 πραγμάτων
1435 4845 1602 4921 λόγος
1636 4892 1647 4912 ,
1704 4844 1763 4908 ὃς
1813 4843 2051 4917 ἐρεθιζό-

401 4957 560 5011 μενος
619 4935 726 4991 ὁπὸ
779 4940 888 4990 τῶν
947 4933 1506 5011 προσδιαλεγομένων
1566 4932 1898 5006 ἀνέλαμπεν,
1958 4931 2058 4987 οὑκ

399 5023 461 5080 ἂν
542 5023 831 5096 ἀληθεύειν
908 5022 1069 5079 τόνδε
1148 5021 1308 5079 τοῦδε
1387 5020 1599 5097 μᾶλλον
1678 5021 1712 5092 ἢ
1769 5019 2057 5097 ψεύδεσθαι

398 5120 684 5188 κατανοεῖν
742 5112 1080 5188 ἠδυνάμεθα.
1140 5110 1326 5177 Οὕτως
1387 5110 1478 5167 οὖν
1535 5112 1627 5169 καὶ
1675 5114 1709 5180 ἡ
1774 5109 1903 5182 δόξα
1958 5117 2058 5180 τῆς

402 5184 709 5275 αἰσθήσεως
768 5184 1082 5277 μαθοόσης,
1138 5201 1221 5256 ὅτι
1280 5202 1308 5256 6
1361 5199 1511 5258 δεῖνα
1557 5200 1647 5257 καὶ
1703 5202 1731 5256 6
1784 5198 1931 5255 δεῖνα
1986 5196 2065 5254 δίο

403 5315 512 5350 που
549 5340 562 5363 ,
623 5292 957 5369 ἐρεθισθεῖσα
1016 5291 1105 5347 ὑπ’
1162 5289 1331 5361 αὐτῆς
1399 5291 1711 5365 ἀνεμνήσθη
1747 5334 1761 5362 ,
1830 5290 1915 5345 ὅτι
1973 5290 2063 5344 καὶ

404 5390 509 5439 πᾶν
560 5382 623 5437 τὸ
672 5382 913 5461 ὁμοφυὲς
970 5377 1185 5455 δίπουν,
1242 5379 1458 5454 μᾶλλον
1520 5379 1579 5435 δὲ
1626 5380 2062 5457 προσφυέστερον

407 5472 605 5543 εἶπεῖν,
655 5475 825 5527 ταῦτα
874 5471 1049 5528 κοιναί
1099 5469 1232 5526 εἰσιν
1278 5466 1476 5525 ἔννοιαι
1523 5470 1614 5525 καὶ
1656 5474 1755 5525 τοῦ
1801 5473 1898 5524 νοῦ
1930 5470 2067 5524 ἀπο-

409 5563 740 5634 σκιάσματα.
825 5567 935 5618 Ηᾶν
983 5561 1087 5637 γὰρ
1143 5557 1276 5635 ὅπερ
1319 5556 1481 5631 ἵσμεν
1538 5564 1781 5630 κρεῖττον
1840 5557 1876 5628 ἢ
1934 5559 2069 5613 κατᾶ

409 5648 704 5723 ἀπόδειξιν,
781 5653 942 5706 τοῦτο
992 5648 1130 5705 κατά
1170 5648 1357 5719 κοινὴν
1413 5647 1623 5703 ἔννοιαν
1669 5645 1868 5721 ἴσμεν·
1927 5646 1960 5701 ἂ
2012 5645 2071 5702 δὲ

413 5737 630 5810 δείξεως
703 5735 873 5794 δεῖται
932 5738 1009 5801 εἷς
1063 5738 1127 5795 τὸ
1178 5739 1537 5815 γνωσθῆναι,
1611 5735 1694 5793 ὅτι
1744 5735 1952 5793 τούτων
2005 5734 2073 5791 τά

742 5871 1004 5932 Parant.
1054 5871 1165 5932 Gn.
1211 5867 1444 5932 CXXII.

2165 4844 2343 4898 citata
2362 4841 2712 4912 refulsisset,
2740 4860 3045 4914 nunquam
3069 4844 3294 4901 veriora
3316 4845 3414 4903 illo
3435 4845 3593 4903 hunc
3609 4846 3826 4918 dicere,

2168 4931 2254 4988 vel
2288 4931 2546 4999 mentiri,
2580 4932 3043 4989 animadvertere
3065 4934 3489 5007 potuissemus.
3521 4936 3618 4992 Sic
3647 4936 3829 5009 igitur

2169 5021 2388 5094 opinio,
2425 5020 2767 5092 ubilsensus
2798 5023 3056 5094 percepit
3085 5023 3243 5080 hunc
3273 5028 3330 5081 et
3357 5024 3523 5080 illum
3552 5024 3828 5098 bipedem

2170 5121 2322 5181 esse,
2355 5111 2427 5166 ab
2457 5127 2522 5166 eo
2555 5112 2829 5179 excitata,
2878 5112 3283 5170 reminiscitur
3325 5130 3532 5171 omnes
3560 5115 3830 5187 ejusdem

2171 5201 2409 5275 generis
2439 5199 2679 5273 bipedes
2707 5218 2853 5258 esse.
2889 5204 2955 5257 At
2986 5204 3421 5261 accomodatius
3452 5204 3525 5262 ad
3558 5210 3834 5264 naturam

2174 5290 2426 5358 dicatur,
2461 5290 2566 5346 has
2614 5306 2744 5348 esse
2793 5308 3142 5350 communes
3191 5294 3484 5364 notiones,
3514 5298 3570 5351 et
3617 5293 3838 5352 mentis

2176 5380 2658 5437 adumbrationes
2711 5385 2889 5454 atque
2936 5382 3277 5440 simulacra.
3329 5383 3625 5458 Quidquid
3677 5383 3837 5442 enim

2177 5470 2391 5527 melius
2407 5487 2583 5542 quam
2602 5488 2705 5543 per
2721 5472 3284 5530 demonstrationem
3308 5473 3614 5543 scimus,id
3635 5491 3844 5532 secun-

2177 5560 2318 5616 dum
2353 5576 2728 5617 communem
2763 5562 3061 5618 notionem
3096 5562 3339 5620 scimus.
3367 5565 3505 5631 Quae
3525 5568 3720 5620 autem
3744 5562 3843 5618 de-

2182 5649 2606 5706 monstratione
2652 5649 2921 5723 indigent
2966 5659 3029 5707 ut
3076 5656 3528 5725 cognoscantur,
3558 5650 3839 5725 quoniam

2180 5738 2388 5797 horum
2414 5736 2824 5795 conclusiones
2837 5739 2984 5797 citra
3003 5740 3669 5810 demonstrationem,ea
3691 5736 3845 5794 scire

3445 5870 3524 5928 33
