  <div class='ocr_page' id='page_1' title='image "/cluster/home/n/w/nwhite01/storage/ocr_20150623/122:no.2/coo.31924054870278/526.png"; bbox 0 0 4124 6402; ppageno 0'>
   <div class='ocr_carea' id='block_1_1' title="bbox 359 407 511 469">
    <p class='ocr_par' dir='ltr' id='par_1_1' title="bbox 359 407 511 469">
     <span class='ocr_line' id='line_1_1' title="bbox 359 407 511 469; baseline -0.033 -1"><span class='ocrx_word' id='word_1_1' title='bbox 359 407 511 469; x_wconf 71' lang='grc'>1037</span> 
     </span>
    </p>
   </div>
   <div class='ocr_carea' id='block_1_2' title="bbox 1851 399 2276 464">
    <p class='ocr_par' dir='ltr' id='par_1_2' title="bbox 1851 399 2276 464">
     <span class='ocr_line' id='line_1_2' title="bbox 1851 399 2276 464; baseline 0 0"><span class='ocrx_word' id='word_1_2' title='bbox 1851 405 1952 464; x_wconf 83' lang='lat' dir='ltr'><strong>DE</strong></span> <span class='ocrx_word' id='word_1_3' title='bbox 1997 399 2276 464; x_wconf 75' lang='lat' dir='ltr'>ANIMA.</span> 
     </span>
    </p>
   </div>
   <div class='ocr_carea' id='block_1_3' title="bbox 3641 405 3800 465">
    <p class='ocr_par' dir='ltr' id='par_1_3' title="bbox 3641 405 3800 465">
     <span class='ocr_line' id='line_1_3' title="bbox 3641 405 3800 465; baseline 0 0"><span class='ocrx_word' id='word_1_4' title='bbox 3641 405 3800 465; x_wconf 77' lang='grc'>1038</span> 
     </span>
    </p>
   </div>
   <div class='ocr_carea' id='block_1_4' title="bbox 355 535 2039 614">
    <p class='ocr_par' dir='ltr' id='par_1_4' title="bbox 355 535 2014 614">
     <span class='ocr_line' id='line_1_4' title="bbox 355 535 2014 614; baseline -0.003 -20"><span class='ocrx_word' id='word_1_5' title='bbox 355 541 444 594; x_wconf 87' lang='grc' dir='ltr'>σία</span> <span class='ocrx_word' id='word_1_6' title='bbox 474 537 678 614; x_wconf 79' lang='grc' dir='ltr'>γίνεται</span> <span class='ocrx_word' id='word_1_7' title='bbox 717 546 816 608; x_wconf 81' lang='grc' dir='ltr'>τῆς</span> <span class='ocrx_word' id='word_1_8' title='bbox 851 541 1205 614; x_wconf 80' lang='grc' dir='ltr'>ψυχῆς.”Οσα</span> <span class='ocrx_word' id='word_1_9' title='bbox 1239 540 1332 610; x_wconf 77' lang='grc' dir='ltr'>μὲν</span> <span class='ocrx_word' id='word_1_10' title='bbox 1365 539 1454 592; x_wconf 75' lang='grc' dir='ltr'>οὖν</span> <span class='ocrx_word' id='word_1_11' title='bbox 1489 535 1676 612; x_wconf 72' lang='grc' dir='ltr'>ἔχοοσι</span> <span class='ocrx_word' id='word_1_12' title='bbox 1709 537 1802 598; x_wconf 72' lang='grc' dir='ltr'>τὰς</span> <span class='ocrx_word' id='word_1_13' title='bbox 1836 535 2014 612; x_wconf 82' lang='grc' dir='ltr'>κρείτ-</span> 
     </span>
    </p>
   </div>
   <div class='ocr_carea' id='block_1_5' title="bbox 2153 535 3794 614">
    <p class='ocr_par' dir='ltr' id='par_1_5' title="bbox 2153 535 3794 612">
     <span class='ocr_line' id='line_1_5' title="bbox 2153 535 3794 612; baseline 0.002 -21"><span class='ocrx_word' id='word_1_14' title='bbox 2153 537 2510 593; x_wconf 68' lang='lat' dir='ltr'>)razditorum</span> <span class='ocrx_word' id='word_1_15' title='bbox 2561 543 2651 594; x_wconf 90' lang='lat' dir='ltr'>est</span> <span class='ocrx_word' id='word_1_16' title='bbox 2699 539 2799 604; x_wconf 86' lang='lat' dir='ltr'>ali,</span> <span class='ocrx_word' id='word_1_17' title='bbox 2833 539 3053 610; x_wconf 81' lang='lat' dir='ltr'>augeri,</span> <span class='ocrx_word' id='word_1_18' title='bbox 3088 549 3368 612; x_wconf 85' lang='lat' dir='ltr'>generare</span> <span class='ocrx_word' id='word_1_19' title='bbox 3418 537 3512 594; x_wconf 90' lang='lat' dir='ltr'>sui</span> <span class='ocrx_word' id='word_1_20' title='bbox 3555 535 3794 594; x_wconf 79' lang='lat' dir='ltr'>similia.</span> 
     </span>
    </p>
   </div>
   <div class='ocr_carea' id='block_1_6' title="bbox 355 623 2016 702">
    <p class='ocr_par' dir='ltr' id='par_1_6' title="bbox 355 623 2016 702">
     <span class='ocr_line' id='line_1_6' title="bbox 355 623 2016 702; baseline -0.001 -20"><span class='ocrx_word' id='word_1_21' title='bbox 355 649 481 690; x_wconf 85' lang='grc' dir='ltr'>τους</span> <span class='ocrx_word' id='word_1_22' title='bbox 515 627 673 699; x_wconf 66' lang='grc' dir='ltr'>ζωὰς,</span> <span class='ocrx_word' id='word_1_23' title='bbox 716 625 768 698; x_wconf 75' lang='grc' dir='ltr'>ἐξ</span> <span class='ocrx_word' id='word_1_24' title='bbox 801 627 1036 702; x_wconf 78' lang='grc' dir='ltr'>ἀνάγκης</span> <span class='ocrx_word' id='word_1_25' title='bbox 1088 625 1178 681; x_wconf 83' lang='grc' dir='ltr'>καὶ</span> <span class='ocrx_word' id='word_1_26' title='bbox 1234 627 1332 690; x_wconf 66' lang='grc' dir='ltr'>τὰς</span> <span class='ocrx_word' id='word_1_27' title='bbox 1375 625 1794 702; x_wconf 72' lang='grc' dir='ltr'>καταδεεστέρας</span> <span class='ocrx_word' id='word_1_28' title='bbox 1854 623 2016 700; x_wconf 78' lang='grc' dir='ltr'>ἔχου·</span> 
     </span>
    </p>
   </div>
   <div class='ocr_carea' id='block_1_7' title="bbox 357 713 2020 794">
    <p class='ocr_par' dir='ltr' id='par_1_7' title="bbox 357 713 2020 794">
     <span class='ocr_line' id='line_1_7' title="bbox 357 713 2020 794; baseline -0.002 -22"><span class='ocrx_word' id='word_1_29' title='bbox 357 735 468 772; x_wconf 85' lang='grc' dir='ltr'>σιν·</span> <span class='ocrx_word' id='word_1_30' title='bbox 523 717 704 773; x_wconf 69' lang='grc' dir='ltr'>οὐκετι</span> <span class='ocrx_word' id='word_1_31' title='bbox 767 715 825 772; x_wconf 67' lang='grc' dir='ltr'>δὲ</span> <span class='ocrx_word' id='word_1_32' title='bbox 881 715 972 772; x_wconf 76' lang='grc' dir='ltr'>καὶ</span> <span class='ocrx_word' id='word_1_33' title='bbox 1030 713 1324 771; x_wconf 76' lang='grc' dir='ltr'>ἀνάπαλιν·</span> <span class='ocrx_word' id='word_1_34' title='bbox 1385 716 1448 772; x_wconf 79' lang='grc' dir='ltr'>οὐ</span> <span class='ocrx_word' id='word_1_35' title='bbox 1503 718 1604 794; x_wconf 79' lang='grc' dir='ltr'>γὰρ</span> <span class='ocrx_word' id='word_1_36' title='bbox 1648 714 1868 772; x_wconf 83' lang='grc' dir='ltr'>δυνατὸν</span> <span class='ocrx_word' id='word_1_37' title='bbox 1923 715 2020 774; x_wconf 82' lang='grc' dir='ltr'>τὰς</span> 
     </span>
    </p>
   </div>
   <div class='ocr_carea' id='block_1_8' title="bbox 357 803 2018 884">
    <p class='ocr_par' dir='ltr' id='par_1_8' title="bbox 357 803 2018 884">
     <span class='ocr_line' id='line_1_8' title="bbox 357 803 2018 884; baseline -0.004 -20"><span class='ocrx_word' id='word_1_38' title='bbox 357 807 606 884; x_wconf 69' lang='grc' dir='ltr'>λογικὰς,</span> <span class='ocrx_word' id='word_1_39' title='bbox 659 805 806 884; x_wconf 74' lang='grc' dir='ltr'>ἔχειν</span> <span class='ocrx_word' id='word_1_40' title='bbox 839 803 1118 880; x_wconf 76' lang='grc' dir='ltr'>δυνάμεις,</span> <span class='ocrx_word' id='word_1_41' title='bbox 1155 805 1231 880; x_wconf 79' lang='grc' dir='ltr'>μή</span> <span class='ocrx_word' id='word_1_42' title='bbox 1265 805 1528 884; x_wconf 85' lang='grc' dir='ltr'>πρότερον</span> <span class='ocrx_word' id='word_1_43' title='bbox 1584 805 1890 882; x_wconf 78' lang='grc' dir='ltr'>ἐσχηκότας</span> <span class='ocrx_word' id='word_1_44' title='bbox 1921 803 2018 864; x_wconf 74' lang='grc' dir='ltr'>τὰς</span> 
     </span>
    </p>
   </div>
   <div class='ocr_carea' id='block_1_9' title="bbox 355 889 2019 971">
    <p class='ocr_par' dir='ltr' id='par_1_9' title="bbox 355 889 2019 971">
     <span class='ocr_line' id='line_1_9' title="bbox 355 889 2019 971; baseline -0.004 -19"><span class='ocrx_word' id='word_1_45' title='bbox 355 893 796 971; x_wconf 71' lang='grc' dir='ltr'>καταδεεστέρας·</span> <span class='ocrx_word' id='word_1_46' title='bbox 855 895 1049 970; x_wconf 77' lang='grc' dir='ltr'>ἆμὲλει</span> <span class='ocrx_word' id='word_1_47' title='bbox 1095 895 1186 950; x_wconf 84' lang='grc' dir='ltr'>καὶ</span> <span class='ocrx_word' id='word_1_48' title='bbox 1235 901 1342 951; x_wconf 90' lang='grc' dir='ltr'>τῶν</span> <span class='ocrx_word' id='word_1_49' title='bbox 1399 895 1702 967; x_wconf 72' lang='grc' dir='ltr'>αἰσθήσεων</span> <span class='ocrx_word' id='word_1_50' title='bbox 1755 895 1858 949; x_wconf 84' lang='grc' dir='ltr'>οὐκ</span> <span class='ocrx_word' id='word_1_51' title='bbox 1908 889 2019 947; x_wconf 75' lang='grc' dir='ltr'>ἔστι</span> 
     </span>
    </p>
   </div>
   <div class='ocr_carea' id='block_1_10' title="bbox 360 983 2017 1063">
    <p class='ocr_par' dir='ltr' id='par_1_10' title="bbox 360 983 2017 1063">
     <span class='ocr_line' id='line_1_10' title="bbox 360 983 2017 1063; baseline -0.004 -21"><span class='ocrx_word' id='word_1_52' title='bbox 360 991 658 1063; x_wconf 82' lang='grc' dir='ltr'>ματασχεῖν</span> <span class='ocrx_word' id='word_1_53' title='bbox 713 991 814 1056; x_wconf 81' lang='grc' dir='ltr'>τῆς</span> <span class='ocrx_word' id='word_1_54' title='bbox 869 984 1203 1062; x_wconf 75' lang='grc' dir='ltr'>κρείττονος,</span> <span class='ocrx_word' id='word_1_55' title='bbox 1259 985 1350 1042; x_wconf 83' lang='grc' dir='ltr'>τὸν</span> <span class='ocrx_word' id='word_1_56' title='bbox 1418 985 1493 1060; x_wconf 75' lang='grc' dir='ltr'>μὴ</span> <span class='ocrx_word' id='word_1_57' title='bbox 1559 983 1860 1060; x_wconf 68' lang='grc' dir='ltr'>μετέχοντα</span> <span class='ocrx_word' id='word_1_58' title='bbox 1917 987 2017 1050; x_wconf 83' lang='grc' dir='ltr'>τῆς</span> 
     </span>
    </p>
   </div>
   <div class='ocr_carea' id='block_1_11' title="bbox 357 1071 2021 1152">
    <p class='ocr_par' dir='ltr' id='par_1_11' title="bbox 357 1071 2021 1152">
     <span class='ocr_line' id='line_1_11' title="bbox 357 1071 2021 1152; baseline -0.004 -20"><span class='ocrx_word' id='word_1_59' title='bbox 357 1075 628 1152; x_wconf 78' lang='grc' dir='ltr'>χείρονος.</span> <span class='ocrx_word' id='word_1_60' title='bbox 685 1077 825 1133; x_wconf 84' lang='grc' dir='ltr'>Ὅσα</span> <span class='ocrx_word' id='word_1_61' title='bbox 879 1079 1007 1150; x_wconf 80' lang='grc' dir='ltr'>γοῦν</span> <span class='ocrx_word' id='word_1_62' title='bbox 1053 1073 1273 1151; x_wconf 73' lang='grc' dir='ltr'>μετέχει</span> <span class='ocrx_word' id='word_1_63' title='bbox 1308 1071 1508 1150; x_wconf 71' lang='grc' dir='ltr'>ὅψεως,</span> <span class='ocrx_word' id='word_1_64' title='bbox 1539 1072 1708 1130; x_wconf 69' lang='grc' dir='ltr'>ταῦτα</span> <span class='ocrx_word' id='word_1_65' title='bbox 1739 1073 1824 1128; x_wconf 76' lang='grc' dir='ltr'>καὶ</span> <span class='ocrx_word' id='word_1_66' title='bbox 1852 1073 2021 1140; x_wconf 80' lang='grc' dir='ltr'>ἀκοῆς</span> 
     </span>
    </p>
   </div>
   <div class='ocr_carea' id='block_1_12' title="bbox 358 1161 2018 1240">
    <p class='ocr_par' dir='ltr' id='par_1_12' title="bbox 358 1161 2018 1240">
     <span class='ocr_line' id='line_1_12' title="bbox 358 1161 2018 1240; baseline -0.004 -18"><span class='ocrx_word' id='word_1_67' title='bbox 358 1165 446 1222; x_wconf 65' lang='grc' dir='ltr'>καὶ</span> <span class='ocrx_word' id='word_1_68' title='bbox 485 1170 592 1221; x_wconf 86' lang='grc' dir='ltr'>τῶν</span> <span class='ocrx_word' id='word_1_69' title='bbox 644 1163 880 1222; x_wconf 80' lang='grc' dir='ltr'>λοιπῶν·</span> <span class='ocrx_word' id='word_1_70' title='bbox 930 1167 1018 1220; x_wconf 83' lang='grc' dir='ltr'>καὶ</span> <span class='ocrx_word' id='word_1_71' title='bbox 1052 1163 1151 1220; x_wconf 77' lang='grc' dir='ltr'>ὅσα</span> <span class='ocrx_word' id='word_1_72' title='bbox 1203 1165 1400 1236; x_wconf 82' lang='grc' dir='ltr'>ἀκοῆς,</span> <span class='ocrx_word' id='word_1_73' title='bbox 1449 1170 1617 1220; x_wconf 81' lang='grc' dir='ltr'>ταῦτα</span> <span class='ocrx_word' id='word_1_74' title='bbox 1665 1163 1756 1219; x_wconf 79' lang='grc' dir='ltr'>καὶ</span> <span class='ocrx_word' id='word_1_75' title='bbox 1808 1161 2018 1240; x_wconf 79' lang='grc' dir='ltr'>ἆσφρή-</span> 
     </span>
    </p>
   </div>
   <div class='ocr_carea' id='block_1_13' title="bbox 360 1251 2017 1333">
    <p class='ocr_par' dir='ltr' id='par_1_13' title="bbox 360 1251 2017 1333">
     <span class='ocr_line' id='line_1_13' title="bbox 360 1251 2017 1333; baseline -0.004 -22"><span class='ocrx_word' id='word_1_76' title='bbox 360 1275 492 1320; x_wconf 87' lang='grc' dir='ltr'>σεως</span> <span class='ocrx_word' id='word_1_77' title='bbox 539 1255 626 1311; x_wconf 80' lang='grc' dir='ltr'>καὶ</span> <span class='ocrx_word' id='word_1_78' title='bbox 676 1255 910 1331; x_wconf 78' lang='grc' dir='ltr'>γεύσεως</span> <span class='ocrx_word' id='word_1_79' title='bbox 959 1255 1049 1310; x_wconf 83' lang='grc' dir='ltr'>καὶ</span> <span class='ocrx_word' id='word_1_80' title='bbox 1081 1255 1249 1333; x_wconf 80' lang='grc' dir='ltr'>ἁφῆς,</span> <span class='ocrx_word' id='word_1_81' title='bbox 1299 1255 1408 1331; x_wconf 78' lang='grc' dir='ltr'>οὐχ</span> <span class='ocrx_word' id='word_1_82' title='bbox 1459 1255 1556 1310; x_wconf 76' lang='grc' dir='ltr'>ὅσα</span> <span class='ocrx_word' id='word_1_83' title='bbox 1587 1251 1645 1310; x_wconf 70' lang='grc' dir='ltr'>δὲ</span> <span class='ocrx_word' id='word_1_84' title='bbox 1677 1253 2017 1331; x_wconf 74' lang='grc' dir='ltr'>ὀσφρήσεως,</span> 
     </span>
    </p>
   </div>
   <div class='ocr_carea' id='block_1_14' title="bbox 357 1340 2018 1421">
    <p class='ocr_par' dir='ltr' id='par_1_14' title="bbox 357 1340 2018 1421">
     <span class='ocr_line' id='line_1_14' title="bbox 357 1340 2018 1421; baseline -0.004 -20"><span class='ocrx_word' id='word_1_85' title='bbox 357 1345 448 1401; x_wconf 78' lang='grc' dir='ltr'>καί</span> <span class='ocrx_word' id='word_1_86' title='bbox 495 1345 756 1421; x_wconf 75' lang='grc' dir='ltr'>γεύσεως,</span> <span class='ocrx_word' id='word_1_87' title='bbox 803 1347 892 1400; x_wconf 81' lang='grc' dir='ltr'>καὶ</span> <span class='ocrx_word' id='word_1_88' title='bbox 937 1345 1098 1416; x_wconf 72' lang='grc' dir='ltr'>ἁφῆς,</span> <span class='ocrx_word' id='word_1_89' title='bbox 1159 1343 1375 1409; x_wconf 81' lang='grc' dir='ltr'>πάντως</span> <span class='ocrx_word' id='word_1_90' title='bbox 1431 1344 1520 1399; x_wconf 78' lang='grc' dir='ltr'>καὶ</span> <span class='ocrx_word' id='word_1_91' title='bbox 1575 1343 1777 1418; x_wconf 77' lang='grc' dir='ltr'>ὅψεως,</span> <span class='ocrx_word' id='word_1_92' title='bbox 1838 1340 2018 1415; x_wconf 81' lang='grc' dir='ltr'>ὥσπερ</span> 
     </span>
    </p>
   </div>
   <div class='ocr_carea' id='block_1_15' title="bbox 359 1429 2016 1512">
    <p class='ocr_par' dir='ltr' id='par_1_15' title="bbox 359 1429 2016 1512">
     <span class='ocr_line' id='line_1_15' title="bbox 359 1429 2016 1512; baseline -0.005 -22"><span class='ocrx_word' id='word_1_93' title='bbox 359 1435 386 1490; x_wconf 88' lang='lat'>6</span> <span class='ocrx_word' id='word_1_94' title='bbox 419 1433 684 1505; x_wconf 75' lang='grc' dir='ltr'>ἀσπάλαξ·</span> <span class='ocrx_word' id='word_1_95' title='bbox 740 1431 858 1490; x_wconf 85' lang='grc' dir='ltr'>οὐδ’</span> <span class='ocrx_word' id='word_1_96' title='bbox 890 1433 989 1489; x_wconf 78' lang='grc' dir='ltr'>ὅσα</span> <span class='ocrx_word' id='word_1_97' title='bbox 1045 1434 1210 1512; x_wconf 72' lang='grc' dir='ltr'>ἁφῆς,</span> <span class='ocrx_word' id='word_1_98' title='bbox 1271 1437 1440 1488; x_wconf 76' lang='grc' dir='ltr'>ταῦτα</span> <span class='ocrx_word' id='word_1_99' title='bbox 1488 1433 1578 1488; x_wconf 82' lang='grc' dir='ltr'>καὶ</span> <span class='ocrx_word' id='word_1_100' title='bbox 1636 1437 1742 1488; x_wconf 87' lang='grc' dir='ltr'>τῶν</span> <span class='ocrx_word' id='word_1_101' title='bbox 1805 1429 2016 1496; x_wconf 81' lang='grc' dir='ltr'>ἄλλων,</span> 
     </span>
    </p>
   </div>
   <div class='ocr_carea' id='block_1_16' title="bbox 360 1515 2021 1602">
    <p class='ocr_par' dir='ltr' id='par_1_16' title="bbox 360 1515 2021 1602">
     <span class='ocr_line' id='line_1_16' title="bbox 360 1515 2021 1602; baseline -0.006 -21"><span class='ocrx_word' id='word_1_102' title='bbox 360 1527 476 1581; x_wconf 77' lang='grc' dir='ltr'>οἷον</span> <span class='ocrx_word' id='word_1_103' title='bbox 537 1525 588 1579; x_wconf 76' lang='lat' dir='ltr'>oi</span> <span class='ocrx_word' id='word_1_104' title='bbox 640 1523 892 1601; x_wconf 81' lang='grc' dir='ltr'>σπόγγοι,</span> <span class='ocrx_word' id='word_1_105' title='bbox 928 1525 1068 1602; x_wconf 79' lang='grc' dir='ltr'>ἁφῆς</span> <span class='ocrx_word' id='word_1_106' title='bbox 1125 1525 1219 1597; x_wconf 72' lang='grc' dir='ltr'>μὲν</span> <span class='ocrx_word' id='word_1_107' title='bbox 1264 1521 1615 1600; x_wconf 68' lang='grc' dir='ltr'>μετέχουσιν,</span> <span class='ocrx_word' id='word_1_108' title='bbox 1650 1519 1911 1594; x_wconf 76' lang='grc' dir='ltr'>οὐδεμιᾶς</span> <span class='ocrx_word' id='word_1_109' title='bbox 1965 1515 2021 1572; x_wconf 76' lang='grc' dir='ltr'>δὲ</span> 
     </span>
    </p>
   </div>
   <div class='ocr_carea' id='block_1_17' title="bbox 359 1609 2013 1687">
    <p class='ocr_par' dir='ltr' id='par_1_17' title="bbox 359 1609 2013 1687">
     <span class='ocr_line' id='line_1_17' title="bbox 359 1609 2013 1687; baseline -0.002 -20"><span class='ocrx_word' id='word_1_110' title='bbox 359 1619 464 1668; x_wconf 82' lang='grc' dir='ltr'>τών</span> <span class='ocrx_word' id='word_1_111' title='bbox 515 1613 816 1685; x_wconf 70' lang='grc' dir='ltr'>αἰσθήσεων</span> <span class='ocrx_word' id='word_1_112' title='bbox 847 1631 860 1646; x_wconf 89' lang='grc'><strong>·</strong></span> <span class='ocrx_word' id='word_1_113' title='bbox 911 1609 1100 1676; x_wconf 79' lang='grc' dir='ltr'>ἄλλως</span> <span class='ocrx_word' id='word_1_114' title='bbox 1148 1633 1206 1668; x_wconf 89' lang='grc' dir='ltr'>τε</span> <span class='ocrx_word' id='word_1_115' title='bbox 1256 1613 1358 1668; x_wconf 81' lang='grc' dir='ltr'>οὐκ</span> <span class='ocrx_word' id='word_1_116' title='bbox 1405 1609 1516 1668; x_wconf 79' lang='grc' dir='ltr'>ἔστι</span> <span class='ocrx_word' id='word_1_117' title='bbox 1567 1615 1854 1687; x_wconf 72' lang='grc' dir='ltr'>μετασχεῖν</span> <span class='ocrx_word' id='word_1_118' title='bbox 1913 1615 2013 1678; x_wconf 81' lang='grc' dir='ltr'>τῆς</span> 
     </span>
    </p>
   </div>
   <div class='ocr_carea' id='block_1_18' title="bbox 359 1699 2016 1780">
    <p class='ocr_par' dir='ltr' id='par_1_18' title="bbox 359 1699 2016 1780">
     <span class='ocr_line' id='line_1_18' title="bbox 359 1699 2016 1780; baseline -0.004 -23"><span class='ocrx_word' id='word_1_119' title='bbox 359 1703 690 1780; x_wconf 85' lang='grc' dir='ltr'>κρείττονος,</span> <span class='ocrx_word' id='word_1_120' title='bbox 720 1701 810 1758; x_wconf 76' lang='grc' dir='ltr'>τὸν</span> <span class='ocrx_word' id='word_1_121' title='bbox 849 1701 925 1776; x_wconf 80' lang='grc' dir='ltr'>μὴ</span> <span class='ocrx_word' id='word_1_122' title='bbox 958 1709 1058 1772; x_wconf 79' lang='grc' dir='ltr'>τῆς</span> <span class='ocrx_word' id='word_1_123' title='bbox 1092 1701 1384 1764; x_wconf 77' lang='grc' dir='ltr'>ἐλάττονος</span> <span class='ocrx_word' id='word_1_124' title='bbox 1443 1699 1806 1777; x_wconf 84' lang='grc' dir='ltr'>μετασχόντα.</span> <span class='ocrx_word' id='word_1_125' title='bbox 1840 1701 2016 1756; x_wconf 79' lang='grc' dir='ltr'>Τοῦτο</span> 
     </span>
    </p>
   </div>
   <div class='ocr_carea' id='block_1_19' title="bbox 363 1785 2017 1870">
    <p class='ocr_par' dir='ltr' id='par_1_19' title="bbox 363 1785 2017 1870">
     <span class='ocr_line' id='line_1_19' title="bbox 363 1785 2017 1870; baseline -0.009 -17"><span class='ocrx_word' id='word_1_126' title='bbox 363 1791 442 1862; x_wconf 74' lang='grc' dir='ltr'>δὲ,</span> <span class='ocrx_word' id='word_1_127' title='bbox 490 1793 600 1869; x_wconf 78' lang='grc' dir='ltr'>οὐχ</span> <span class='ocrx_word' id='word_1_128' title='bbox 641 1791 724 1848; x_wconf 77' lang='grc' dir='ltr'>ὅτι</span> <span class='ocrx_word' id='word_1_129' title='bbox 754 1789 966 1847; x_wconf 80' lang='grc' dir='ltr'>δὲονται</span> <span class='ocrx_word' id='word_1_130' title='bbox 993 1795 1098 1847; x_wconf 82' lang='grc' dir='ltr'>τῶν</span> <span class='ocrx_word' id='word_1_131' title='bbox 1147 1787 1415 1870; x_wconf 80' lang='grc' dir='ltr'>χειρόνων</span> <span class='ocrx_word' id='word_1_132' title='bbox 1449 1792 1503 1846; x_wconf 71' lang='grc' dir='ltr'>αἱ</span> <span class='ocrx_word' id='word_1_133' title='bbox 1546 1789 1874 1865; x_wconf 79' lang='grc' dir='ltr'>κρείττονες,</span> <span class='ocrx_word' id='word_1_134' title='bbox 1925 1785 2017 1843; x_wconf 80' lang='grc' dir='ltr'>’ἱνα</span> 
     </span>
    </p>
   </div>
   <div class='ocr_carea' id='block_1_20' title="bbox 2129 625 3799 698">
    <p class='ocr_par' dir='ltr' id='par_1_20' title="bbox 2129 625 3799 698">
     <span class='ocr_line' id='line_1_20' title="bbox 2129 625 3799 698; baseline 0.001 -17"><span class='ocrx_word' id='word_1_135' title='bbox 2129 631 2274 697; x_wconf 65' lang='lat' dir='ltr'>Ipsae</span> <span class='ocrx_word' id='word_1_136' title='bbox 2306 643 2538 698; x_wconf 84' lang='lat' dir='ltr'>quoque</span> <span class='ocrx_word' id='word_1_137' title='bbox 2572 627 2852 682; x_wconf 88' lang='lat' dir='ltr'>dicuntur</span> <span class='ocrx_word' id='word_1_138' title='bbox 2883 628 3071 682; x_wconf 79' lang='lat' dir='ltr'>vivere</span> <span class='ocrx_word' id='word_1_139' title='bbox 3099 631 3172 696; x_wconf 43' lang='lat' dir='ltr'>let</span> <span class='ocrx_word' id='word_1_140' title='bbox 3205 625 3371 683; x_wconf 88' lang='lat' dir='ltr'>mori.</span> <span class='ocrx_word' id='word_1_141' title='bbox 3405 626 3542 682; x_wconf 83' lang='lat' dir='ltr'>Vita</span> <span class='ocrx_word' id='word_1_142' title='bbox 3573 643 3706 684; x_wconf 84' lang='lat' dir='ltr'>vero</span> <span class='ocrx_word' id='word_1_143' title='bbox 3740 633 3799 684; x_wconf 86' lang='lat' dir='ltr'>et</span> 
     </span>
    </p>
   </div>
   <div class='ocr_carea' id='block_1_21' title="bbox 2132 717 3794 789">
    <p class='ocr_par' dir='ltr' id='par_1_21' title="bbox 2132 717 3794 789">
     <span class='ocr_line' id='line_1_21' title="bbox 2132 717 3794 789; baseline 0.002 -20"><span class='ocrx_word' id='word_1_144' title='bbox 2132 733 2310 782; x_wconf 90' lang='lat' dir='ltr'>mors,</span> <span class='ocrx_word' id='word_1_145' title='bbox 2337 717 2542 772; x_wconf 85' lang='lat' dir='ltr'>animae</span> <span class='ocrx_word' id='word_1_146' title='bbox 2569 717 2880 789; x_wconf 69' lang='lat' dir='ltr'>praesentia</span> <span class='ocrx_word' id='word_1_147' title='bbox 2911 721 2968 772; x_wconf 89' lang='lat' dir='ltr'>et</span> <span class='ocrx_word' id='word_1_148' title='bbox 2991 717 3254 772; x_wconf 68' lang='lat' dir='ltr'>absentia</span> <span class='ocrx_word' id='word_1_149' title='bbox 3287 721 3393 773; x_wconf 91' lang='lat' dir='ltr'>est.</span> <span class='ocrx_word' id='word_1_150' title='bbox 3419 717 3794 789; x_wconf 72' lang='lat' dir='ltr'>Quaecunque</span> 
     </span>
    </p>
   </div>
   <div class='ocr_carea' id='block_1_22' title="bbox 2131 803 3790 877">
    <p class='ocr_par' dir='ltr' id='par_1_22' title="bbox 2131 803 3790 877">
     <span class='ocr_line' id='line_1_22' title="bbox 2131 803 3790 877; baseline 0.002 -20"><span class='ocrx_word' id='word_1_151' title='bbox 2131 803 2312 874; x_wconf 80' lang='lat' dir='ltr'>igitur</span> <span class='ocrx_word' id='word_1_152' title='bbox 2345 803 2614 859; x_wconf 91' lang='lat' dir='ltr'>meliores</span> <span class='ocrx_word' id='word_1_153' title='bbox 2644 805 2794 859; x_wconf 83' lang='lat' dir='ltr'>vitas</span> <span class='ocrx_word' id='word_1_154' title='bbox 2827 804 3065 875; x_wconf 81' lang='lat' dir='ltr'>habent,</span> <span class='ocrx_word' id='word_1_155' title='bbox 3091 805 3408 862; x_wconf 77' lang='lat' dir='ltr'>deteriores</span> <span class='ocrx_word' id='word_1_156' title='bbox 3430 821 3664 877; x_wconf 89' lang='lat' dir='ltr'>quoque</span> <span class='ocrx_word' id='word_1_157' title='bbox 3685 805 3790 861; x_wconf 88' lang='lat' dir='ltr'>ha-</span> 
     </span>
    </p>
   </div>
   <div class='ocr_carea' id='block_1_23' title="bbox 2131 893 3790 957">
    <p class='ocr_par' dir='ltr' id='par_1_23' title="bbox 2131 893 3790 957">
     <span class='ocr_line' id='line_1_23' title="bbox 2131 893 3790 957; baseline 0.002 -10"><span class='ocrx_word' id='word_1_158' title='bbox 2131 893 2266 948; x_wconf 84' lang='lat' dir='ltr'>bere</span> <span class='ocrx_word' id='word_1_159' title='bbox 2301 909 2538 949; x_wconf 86' lang='lat' dir='ltr'>necesse</span> <span class='ocrx_word' id='word_1_160' title='bbox 2572 897 2661 948; x_wconf 91' lang='lat' dir='ltr'>est</span> <span class='ocrx_word' id='word_1_161' title='bbox 2694 909 2707 951; x_wconf 91' lang='lat'><strong>:</strong></span> <span class='ocrx_word' id='word_1_162' title='bbox 2743 897 2803 950; x_wconf 88' lang='lat' dir='ltr'>at</span> <span class='ocrx_word' id='word_1_163' title='bbox 2849 911 2961 949; x_wconf 92' lang='lat' dir='ltr'>non</span> <span class='ocrx_word' id='word_1_164' title='bbox 2997 897 3201 950; x_wconf 90' lang='lat' dir='ltr'>contra</span> <span class='ocrx_word' id='word_1_165' title='bbox 3235 913 3248 957; x_wconf 85' lang='lat'>;</span> <span class='ocrx_word' id='word_1_166' title='bbox 3307 893 3428 951; x_wconf 86' lang='lat' dir='ltr'>lierl</span> <span class='ocrx_word' id='word_1_167' title='bbox 3482 893 3638 950; x_wconf 86' lang='lat' dir='ltr'>enim</span> <span class='ocrx_word' id='word_1_168' title='bbox 3674 911 3790 950; x_wconf 88' lang='lat' dir='ltr'>non</span> 
     </span>
    </p>
   </div>
   <div class='ocr_carea' id='block_1_24' title="bbox 2131 983 3791 1058">
    <p class='ocr_par' dir='ltr' id='par_1_24' title="bbox 2131 983 3791 1058">
     <span class='ocr_line' id='line_1_24' title="bbox 2131 983 3791 1058; baseline 0.002 -21"><span class='ocrx_word' id='word_1_169' title='bbox 2131 987 2342 1053; x_wconf 77' lang='lat' dir='ltr'>potest,</span> <span class='ocrx_word' id='word_1_170' title='bbox 2377 989 2442 1039; x_wconf 87' lang='lat' dir='ltr'>ut</span> <span class='ocrx_word' id='word_1_171' title='bbox 2476 983 2722 1040; x_wconf 77' lang='lat' dir='ltr'>rationis</span> <span class='ocrx_word' id='word_1_172' title='bbox 2775 987 3100 1056; x_wconf 79' lang='lat' dir='ltr'>potestates</span> <span class='ocrx_word' id='word_1_173' title='bbox 3141 985 3416 1050; x_wconf 77' lang='lat' dir='ltr'>habeant,</span> <span class='ocrx_word' id='word_1_174' title='bbox 3451 999 3578 1055; x_wconf 66' lang='lat' dir='ltr'>quae</span> <span class='ocrx_word' id='word_1_175' title='bbox 3626 983 3791 1058; x_wconf 84' lang='lat' dir='ltr'>prius</span> 
     </span>
    </p>
   </div>
   <div class='ocr_carea' id='block_1_25' title="bbox 2131 1073 3793 1156">
    <p class='ocr_par' dir='ltr' id='par_1_25' title="bbox 2131 1073 3793 1156">
     <span class='ocr_line' id='line_1_25' title="bbox 2131 1073 3793 1156; baseline 0.002 -28"><span class='ocrx_word' id='word_1_176' title='bbox 2131 1073 2449 1130; x_wconf 80' lang='lat' dir='ltr'>deteriores</span> <span class='ocrx_word' id='word_1_177' title='bbox 2475 1091 2588 1130; x_wconf 88' lang='lat' dir='ltr'>non</span> <span class='ocrx_word' id='word_1_178' title='bbox 2611 1075 2946 1156; x_wconf 84' lang='lat' dir='ltr'>habuerunt</span> <span class='ocrx_word' id='word_1_179' title='bbox 2976 1091 2989 1132; x_wconf 92' lang='lat'>:</span> <span class='ocrx_word' id='word_1_180' title='bbox 3023 1075 3302 1130; x_wconf 86' lang='lat' dir='ltr'>nimirum</span> <span class='ocrx_word' id='word_1_181' title='bbox 3328 1081 3384 1131; x_wconf 88' lang='lat' dir='ltr'>et</span> <span class='ocrx_word' id='word_1_182' title='bbox 3407 1075 3466 1130; x_wconf 89' lang='lat' dir='ltr'>in</span> <span class='ocrx_word' id='word_1_183' title='bbox 3492 1075 3793 1141; x_wconf 85' lang='lat' dir='ltr'>sensibus,</span> 
     </span>
    </p>
   </div>
   <div class='ocr_carea' id='block_1_26' title="bbox 2131 1163 3792 1238">
    <p class='ocr_par' dir='ltr' id='par_1_26' title="bbox 2131 1163 3792 1238">
     <span class='ocr_line' id='line_1_26' title="bbox 2131 1163 3792 1238; baseline 0.001 -20"><span class='ocrx_word' id='word_1_184' title='bbox 2131 1181 2302 1219; x_wconf 90' lang='lat' dir='ltr'>nemo</span> <span class='ocrx_word' id='word_1_185' title='bbox 2335 1163 2594 1221; x_wconf 86' lang='lat' dir='ltr'>melioris</span> <span class='ocrx_word' id='word_1_186' title='bbox 2625 1169 2714 1220; x_wconf 84' lang='lat' dir='ltr'>est</span> <span class='ocrx_word' id='word_1_187' title='bbox 2737 1166 3052 1238; x_wconf 77' lang='lat' dir='ltr'>particeps,</span> <span class='ocrx_word' id='word_1_188' title='bbox 3080 1167 3179 1237; x_wconf 87' lang='lat' dir='ltr'>qui</span> <span class='ocrx_word' id='word_1_189' title='bbox 3213 1165 3428 1238; x_wconf 82' lang='lat' dir='ltr'>pejoris</span> <span class='ocrx_word' id='word_1_190' title='bbox 3457 1177 3572 1220; x_wconf 84' lang='lat' dir='ltr'>non</span> <span class='ocrx_word' id='word_1_191' title='bbox 3597 1163 3792 1221; x_wconf 85' lang='lat' dir='ltr'>fuerit.</span> 
     </span>
    </p>
   </div>
   <div class='ocr_carea' id='block_1_27' title="bbox 2129 1253 3798 1328">
    <p class='ocr_par' dir='ltr' id='par_1_27' title="bbox 2129 1253 3798 1328">
     <span class='ocr_line' id='line_1_27' title="bbox 2129 1253 3798 1328; baseline 0.001 -20"><span class='ocrx_word' id='word_1_192' title='bbox 2129 1253 2500 1325; x_wconf 66' lang='lat' dir='ltr'>Qumcunque</span> <span class='ocrx_word' id='word_1_193' title='bbox 2531 1254 2714 1328; x_wconf 87' lang='lat' dir='ltr'>igitur</span> <span class='ocrx_word' id='word_1_194' title='bbox 2734 1255 2925 1309; x_wconf 86' lang='lat' dir='ltr'>visum</span> <span class='ocrx_word' id='word_1_195' title='bbox 2947 1255 3187 1326; x_wconf 86' lang='lat' dir='ltr'>habent,</span> <span class='ocrx_word' id='word_1_196' title='bbox 3209 1255 3330 1310; x_wconf 77' lang='lat' dir='ltr'>hazc</span> <span class='ocrx_word' id='word_1_197' title='bbox 3363 1257 3419 1311; x_wconf 91' lang='lat' dir='ltr'>et</span> <span class='ocrx_word' id='word_1_198' title='bbox 3449 1255 3716 1311; x_wconf 87' lang='lat' dir='ltr'>auditum</span> <span class='ocrx_word' id='word_1_199' title='bbox 3741 1261 3798 1310; x_wconf 87' lang='lat' dir='ltr'>ct</span> 
     </span>
    </p>
   </div>
   <div class='ocr_carea' id='block_1_28' title="bbox 2130 1341 3794 1418">
    <p class='ocr_par' dir='ltr' id='par_1_28' title="bbox 2130 1341 3794 1418">
     <span class='ocr_line' id='line_1_28' title="bbox 2130 1341 3794 1418; baseline 0.001 -21"><span class='ocrx_word' id='word_1_200' title='bbox 2130 1341 2390 1415; x_wconf 84' lang='lat' dir='ltr'>reliquos</span> <span class='ocrx_word' id='word_1_201' title='bbox 2421 1361 2632 1400; x_wconf 85' lang='lat' dir='ltr'>sensus</span> <span class='ocrx_word' id='word_1_202' title='bbox 2666 1361 2678 1400; x_wconf 90' lang='lat'><strong>:</strong></span> <span class='ocrx_word' id='word_1_203' title='bbox 2714 1361 3081 1418; x_wconf 62' lang='lat' dir='ltr'>quiscunque</span> <span class='ocrx_word' id='word_1_204' title='bbox 3115 1345 3632 1416; x_wconf 79' lang='lat' dir='ltr'>auditum,eadem</span> <span class='ocrx_word' id='word_1_205' title='bbox 3654 1343 3794 1400; x_wconf 86' lang='lat' dir='ltr'>odo-</span> 
     </span>
    </p>
   </div>
   <div class='ocr_carea' id='block_1_29' title="bbox 2133 1433 3792 1506">
    <p class='ocr_par' dir='ltr' id='par_1_29' title="bbox 2133 1433 3792 1506">
     <span class='ocr_line' id='line_1_29' title="bbox 2133 1433 3792 1506; baseline 0.001 -20"><span class='ocrx_word' id='word_1_206' title='bbox 2133 1437 2346 1500; x_wconf 86' lang='lat' dir='ltr'>ratum,</span> <span class='ocrx_word' id='word_1_207' title='bbox 2381 1437 2648 1506; x_wconf 83' lang='lat' dir='ltr'>gustum,</span> <span class='ocrx_word' id='word_1_208' title='bbox 2679 1439 2735 1490; x_wconf 87' lang='lat' dir='ltr'>et</span> <span class='ocrx_word' id='word_1_209' title='bbox 2786 1437 3006 1490; x_wconf 87' lang='lat' dir='ltr'>tactum</span> <span class='ocrx_word' id='word_1_210' title='bbox 3043 1451 3056 1490; x_wconf 91' lang='lat'>:</span> <span class='ocrx_word' id='word_1_211' title='bbox 3093 1451 3219 1506; x_wconf 73' lang='lat' dir='ltr'>quae</span> <span class='ocrx_word' id='word_1_212' title='bbox 3273 1449 3407 1490; x_wconf 76' lang='lat' dir='ltr'>vero</span> <span class='ocrx_word' id='word_1_213' title='bbox 3457 1433 3792 1502; x_wconf 79' lang='lat' dir='ltr'>odoratum,</span> 
     </span>
    </p>
   </div>
   <div class='ocr_carea' id='block_1_30' title="bbox 2130 1521 3794 1596">
    <p class='ocr_par' dir='ltr' id='par_1_30' title="bbox 2130 1521 3794 1596">
     <span class='ocr_line' id='line_1_30' title="bbox 2130 1521 3794 1596; baseline 0.002 -20"><span class='ocrx_word' id='word_1_214' title='bbox 2130 1527 2371 1594; x_wconf 79' lang='lat' dir='ltr'>gustum</span> <span class='ocrx_word' id='word_1_215' title='bbox 2403 1525 2458 1577; x_wconf 90' lang='lat' dir='ltr'>et</span> <span class='ocrx_word' id='word_1_216' title='bbox 2491 1527 2736 1593; x_wconf 88' lang='lat' dir='ltr'>tactum,</span> <span class='ocrx_word' id='word_1_217' title='bbox 2765 1541 2879 1579; x_wconf 92' lang='lat' dir='ltr'>non</span> <span class='ocrx_word' id='word_1_218' title='bbox 2913 1541 3147 1596; x_wconf 86' lang='lat' dir='ltr'>semper</span> <span class='ocrx_word' id='word_1_219' title='bbox 3167 1523 3384 1594; x_wconf 83' lang='lat' dir='ltr'>visum,</span> <span class='ocrx_word' id='word_1_220' title='bbox 3412 1521 3794 1596; x_wconf 81' lang='lat' dir='ltr'>quemadmo-</span> 
     </span>
    </p>
   </div>
   <div class='ocr_carea' id='block_1_31' title="bbox 2129 1607 3792 1690">
    <p class='ocr_par' dir='ltr' id='par_1_31' title="bbox 2129 1607 3792 1690">
     <span class='ocr_line' id='line_1_31' title="bbox 2129 1607 3792 1690; baseline 0.001 -24"><span class='ocrx_word' id='word_1_221' title='bbox 2129 1613 2270 1667; x_wconf 88' lang='lat' dir='ltr'>dum</span> <span class='ocrx_word' id='word_1_222' title='bbox 2317 1611 2475 1684; x_wconf 85' lang='lat' dir='ltr'>talpa</span> <span class='ocrx_word' id='word_1_223' title='bbox 2509 1631 2521 1669; x_wconf 91' lang='lat'>:</span> <span class='ocrx_word' id='word_1_224' title='bbox 2559 1629 2660 1668; x_wconf 91' lang='lat' dir='ltr'>nec</span> <span class='ocrx_word' id='word_1_225' title='bbox 2711 1631 3079 1686; x_wconf 69' lang='lat' dir='ltr'>quaecunque</span> <span class='ocrx_word' id='word_1_226' title='bbox 3127 1619 3377 1690; x_wconf 81' lang='lat' dir='ltr'>tactum,</span> <span class='ocrx_word' id='word_1_227' title='bbox 3410 1615 3614 1669; x_wconf 88' lang='lat' dir='ltr'>eadem</span> <span class='ocrx_word' id='word_1_228' title='bbox 3646 1607 3792 1669; x_wconf 87' lang='lat' dir='ltr'>alios</span> 
     </span>
    </p>
   </div>
   <div class='ocr_carea' id='block_1_32' title="bbox 2130 1701 3792 1776">
    <p class='ocr_par' dir='ltr' id='par_1_32' title="bbox 2130 1701 3792 1776">
     <span class='ocr_line' id='line_1_32' title="bbox 2130 1701 3792 1776; baseline 0.001 -20"><span class='ocrx_word' id='word_1_229' title='bbox 2130 1717 2360 1772; x_wconf 87' lang='lat' dir='ltr'>sensus,</span> <span class='ocrx_word' id='word_1_230' title='bbox 2395 1707 2460 1757; x_wconf 88' lang='lat' dir='ltr'>ut</span> <span class='ocrx_word' id='word_1_231' title='bbox 2507 1703 2784 1775; x_wconf 61' lang='lat' dir='ltr'>spongiae,</span> <span class='ocrx_word' id='word_1_232' title='bbox 2821 1717 2949 1776; x_wconf 68' lang='lat' dir='ltr'>quae</span> <span class='ocrx_word' id='word_1_233' title='bbox 3001 1708 3226 1759; x_wconf 87' lang='lat' dir='ltr'>tactum</span> <span class='ocrx_word' id='word_1_234' title='bbox 3277 1703 3515 1776; x_wconf 88' lang='lat' dir='ltr'>quidem</span> <span class='ocrx_word' id='word_1_235' title='bbox 3551 1701 3792 1772; x_wconf 86' lang='lat' dir='ltr'>habent,</span> 
     </span>
    </p>
   </div>
   <div class='ocr_carea' id='block_1_33' title="bbox 2129 1789 3791 1864">
    <p class='ocr_par' dir='ltr' id='par_1_33' title="bbox 2129 1789 3791 1864">
     <span class='ocr_line' id='line_1_33' title="bbox 2129 1789 3791 1864; baseline 0.002 -19"><span class='ocrx_word' id='word_1_236' title='bbox 2129 1789 2384 1862; x_wconf 87' lang='lat' dir='ltr'>reliquos</span> <span class='ocrx_word' id='word_1_237' title='bbox 2417 1807 2628 1848; x_wconf 89' lang='lat' dir='ltr'>sensus</span> <span class='ocrx_word' id='word_1_238' title='bbox 2677 1791 2840 1847; x_wconf 91' lang='lat' dir='ltr'>nullo</span> <span class='ocrx_word' id='word_1_239' title='bbox 2889 1793 3082 1848; x_wconf 89' lang='lat' dir='ltr'>modo.</span> <span class='ocrx_word' id='word_1_240' title='bbox 3115 1793 3314 1864; x_wconf 86' lang='lat' dir='ltr'>Neque</span> <span class='ocrx_word' id='word_1_241' title='bbox 3359 1809 3493 1848; x_wconf 91' lang='lat' dir='ltr'>vero</span> <span class='ocrx_word' id='word_1_242' title='bbox 3535 1789 3791 1848; x_wconf 84' lang='lat' dir='ltr'>melioris</span> 
     </span>
    </p>
   </div>
   <div class='ocr_carea' id='block_1_34' title="bbox 363 1876 2039 1980">
    <p class='ocr_par' dir='ltr' id='par_1_34' title="bbox 363 1876 2017 1980">
     <span class='ocr_line' id='line_1_34' title="bbox 363 1876 2017 1955; baseline -0.004 -17"><span class='ocrx_word' id='word_1_243' title='bbox 363 1881 692 1955; x_wconf 78' lang='grc' dir='ltr'>ὑποστῶσιν,</span> <span class='ocrx_word' id='word_1_244' title='bbox 754 1880 902 1937; x_wconf 69' lang='grc' dir='ltr'>ἀλλὰ</span> <span class='ocrx_word' id='word_1_245' title='bbox 950 1879 1287 1950; x_wconf 79' lang='grc' dir='ltr'>τούναντίον,</span> <span class='ocrx_word' id='word_1_246' title='bbox 1344 1881 1407 1936; x_wconf 88' lang='grc' dir='ltr'>τὸ</span> <span class='ocrx_word' id='word_1_247' title='bbox 1473 1883 1632 1954; x_wconf 89' lang='grc' dir='ltr'>σῶμα</span> <span class='ocrx_word' id='word_1_248' title='bbox 1684 1877 1744 1934; x_wconf 80' lang='grc' dir='ltr'>οὐ</span> <span class='ocrx_word' id='word_1_249' title='bbox 1798 1876 2017 1933; x_wconf 80' lang='grc' dir='ltr'>δύναται</span> 
     </span>
     <span class='ocr_line' id='line_1_35' title="bbox 607 1961 1981 1980; baseline 0 0"><span class='ocrx_word' id='word_1_250' title='bbox 607 1977 628 1980; x_wconf 81' lang='lat'><em>_</em></span> <span class='ocrx_word' id='word_1_251' title='bbox 751 1975 776 1980; x_wconf 86' lang='lat'><em>_</em></span> <span class='ocrx_word' id='word_1_252' title='bbox 1073 1970 1084 1980; x_wconf 96' lang='lat'>.</span> <span class='ocrx_word' id='word_1_253' title='bbox 1322 1969 1335 1980; x_wconf 85' lang='lat'>.</span> <span class='ocrx_word' id='word_1_254' title='bbox 1490 1969 1500 1980; x_wconf 92' lang='lat'>.</span> <span class='ocrx_word' id='word_1_255' title='bbox 1851 1966 1871 1980; x_wconf 58' lang='grc' dir='ltr'>ς</span> <span class='ocrx_word' id='word_1_256' title='bbox 1927 1961 1981 1980; x_wconf 71' lang='grc' dir='ltr'>ρ.</span> 
     </span>
    </p>
   </div>
   <div class='ocr_carea' id='block_1_35' title="bbox 2153 1876 3789 1980">
    <p class='ocr_par' dir='ltr' id='par_1_35' title="bbox 2162 1881 3789 1954">
     <span class='ocr_line' id='line_1_36' title="bbox 2162 1881 3789 1954; baseline 0 -18"><span class='ocrx_word' id='word_1_257' title='bbox 2162 1897 2339 1936; x_wconf 89' lang='lat' dir='ltr'>ensus</span> <span class='ocrx_word' id='word_1_258' title='bbox 2387 1881 2676 1953; x_wconf 85' lang='lat' dir='ltr'>particeps</span> <span class='ocrx_word' id='word_1_259' title='bbox 2725 1897 2854 1937; x_wconf 89' lang='lat' dir='ltr'>esse</span> <span class='ocrx_word' id='word_1_260' title='bbox 2907 1885 3118 1954; x_wconf 87' lang='lat' dir='ltr'>potest,</span> <span class='ocrx_word' id='word_1_261' title='bbox 3181 1881 3280 1954; x_wconf 91' lang='lat' dir='ltr'>qui</span> <span class='ocrx_word' id='word_1_262' title='bbox 3331 1881 3637 1938; x_wconf 78' lang='lat' dir='ltr'>deterioris</span> <span class='ocrx_word' id='word_1_263' title='bbox 3670 1891 3789 1936; x_wconf 83' lang='lat' dir='ltr'>non</span> 
     </span>
    </p>
   </div>
   <div class='ocr_carea' id='block_1_36' title="bbox 365 1961 2020 2049">
    <p class='ocr_par' dir='ltr' id='par_1_36' title="bbox 365 1961 2020 2049">
     <span class='ocr_line' id='line_1_37' title="bbox 365 1961 2020 2049; baseline -0.004 -22"><span class='ocrx_word' id='word_1_264' title='bbox 365 1977 654 2047; x_wconf 80' lang='grc' dir='ltr'>μετασχεῖν</span> <span class='ocrx_word' id='word_1_265' title='bbox 709 1975 817 2026; x_wconf 89' lang='grc' dir='ltr'>τῶν</span> <span class='ocrx_word' id='word_1_266' title='bbox 871 1970 1218 2049; x_wconf 80' lang='grc' dir='ltr'>κρειττόνων,</span> <span class='ocrx_word' id='word_1_267' title='bbox 1269 1969 1345 2044; x_wconf 81' lang='grc' dir='ltr'>μή</span> <span class='ocrx_word' id='word_1_268' title='bbox 1397 1969 1664 2046; x_wconf 86' lang='grc' dir='ltr'>πρότερον</span> <span class='ocrx_word' id='word_1_269' title='bbox 1710 1961 2020 2023; x_wconf 76' lang='grc' dir='ltr'>καταλαϐὸν</span> 
     </span>
    </p>
   </div>
   <div class='ocr_carea' id='block_1_37' title="bbox 358 2053 2019 2137">
    <p class='ocr_par' dir='ltr' id='par_1_37' title="bbox 358 2053 2019 2137">
     <span class='ocr_line' id='line_1_38' title="bbox 358 2053 2019 2137; baseline -0.005 -19"><span class='ocrx_word' id='word_1_270' title='bbox 358 2067 466 2118; x_wconf 82' lang='grc' dir='ltr'>τῶν</span> <span class='ocrx_word' id='word_1_271' title='bbox 522 2057 974 2137; x_wconf 76' lang='grc' dir='ltr'>μετάδεεστὲρων.</span> <span class='ocrx_word' id='word_1_272' title='bbox 1030 2063 1154 2117; x_wconf 89' lang='grc' dir='ltr'>Ὅτι</span> <span class='ocrx_word' id='word_1_273' title='bbox 1207 2057 1396 2128; x_wconf 77' lang='grc' dir='ltr'>ἐπειδὴ</span> <span class='ocrx_word' id='word_1_274' title='bbox 1457 2055 1627 2132; x_wconf 78' lang='grc' dir='ltr'>μηδὲν</span> <span class='ocrx_word' id='word_1_275' title='bbox 1690 2061 1798 2112; x_wconf 83' lang='grc' dir='ltr'>τῶν</span> <span class='ocrx_word' id='word_1_276' title='bbox 1857 2053 2019 2110; x_wconf 73' lang='grc' dir='ltr'>εἱδῶν</span> 
     </span>
    </p>
   </div>
   <div class='ocr_carea' id='block_1_38' title="bbox 361 2145 2022 2228">
    <p class='ocr_par' dir='ltr' id='par_1_38' title="bbox 361 2145 2022 2228">
     <span class='ocr_line' id='line_1_39' title="bbox 361 2145 2022 2228; baseline -0.005 -20"><span class='ocrx_word' id='word_1_277' title='bbox 361 2149 472 2208; x_wconf 85' lang='grc' dir='ltr'>ἔδει</span> <span class='ocrx_word' id='word_1_278' title='bbox 519 2150 846 2228; x_wconf 74' lang='grc' dir='ltr'>φθείρεσθαι,</span> <span class='ocrx_word' id='word_1_279' title='bbox 871 2147 964 2204; x_wconf 77' lang='grc' dir='ltr'>’ίνα</span> <span class='ocrx_word' id='word_1_280' title='bbox 1018 2151 1091 2223; x_wconf 77' lang='grc' dir='ltr'>μὴ</span> <span class='ocrx_word' id='word_1_281' title='bbox 1140 2147 1328 2210; x_wconf 76' lang='grc' dir='ltr'>ἀτελὲς</span> <span class='ocrx_word' id='word_1_282' title='bbox 1369 2147 1406 2223; x_wconf 76' lang='grc' dir='ltr'>ᾖ</span> <span class='ocrx_word' id='word_1_283' title='bbox 1447 2149 1510 2203; x_wconf 85' lang='grc' dir='ltr'>τὸ</span> <span class='ocrx_word' id='word_1_284' title='bbox 1561 2154 1686 2203; x_wconf 81' lang='grc' dir='ltr'>πᾶν·</span> <span class='ocrx_word' id='word_1_285' title='bbox 1737 2145 2022 2220; x_wconf 75' lang='grc' dir='ltr'>πλήρωμα</span> 
     </span>
    </p>
   </div>
   <div class='ocr_carea' id='block_1_39' title="bbox 358 2233 2022 2317">
    <p class='ocr_par' dir='ltr' id='par_1_39' title="bbox 358 2233 2022 2317">
     <span class='ocr_line' id='line_1_40' title="bbox 358 2233 2022 2317; baseline -0.005 -21"><span class='ocrx_word' id='word_1_286' title='bbox 358 2243 460 2317; x_wconf 77' lang='grc' dir='ltr'>γάρ</span> <span class='ocrx_word' id='word_1_287' title='bbox 521 2240 632 2295; x_wconf 81' lang='grc' dir='ltr'>ἐστι</span> <span class='ocrx_word' id='word_1_288' title='bbox 687 2243 792 2294; x_wconf 88' lang='grc' dir='ltr'>τῶν</span> <span class='ocrx_word' id='word_1_289' title='bbox 849 2236 1010 2294; x_wconf 74' lang='grc' dir='ltr'>εἱδῶν</span> <span class='ocrx_word' id='word_1_290' title='bbox 1069 2239 1096 2293; x_wconf 98' lang='lat'>6</span> <span class='ocrx_word' id='word_1_291' title='bbox 1157 2237 1389 2312; x_wconf 82' lang='grc' dir='ltr'>κόσμος.</span> <span class='ocrx_word' id='word_1_292' title='bbox 1436 2235 1724 2295; x_wconf 83' lang='grc' dir='ltr'>Ἀδύνατον</span> <span class='ocrx_word' id='word_1_293' title='bbox 1760 2233 1817 2292; x_wconf 73' lang='grc' dir='ltr'>δὲ</span> <span class='ocrx_word' id='word_1_294' title='bbox 1861 2235 1923 2310; x_wconf 76' lang='grc' dir='ltr'>ᾖν</span> <span class='ocrx_word' id='word_1_295' title='bbox 1954 2233 2022 2289; x_wconf 72' lang='grc' dir='ltr'>τὰ</span> 
     </span>
    </p>
   </div>
   <div class='ocr_carea' id='block_1_40' title="bbox 363 2321 2024 2404">
    <p class='ocr_par' dir='ltr' id='par_1_40' title="bbox 363 2321 2024 2404">
     <span class='ocr_line' id='line_1_41' title="bbox 363 2321 2024 2404; baseline -0.004 -19"><span class='ocrx_word' id='word_1_296' title='bbox 363 2327 498 2386; x_wconf 75' lang='grc' dir='ltr'>αὐτὰ</span> <span class='ocrx_word' id='word_1_297' title='bbox 540 2329 716 2403; x_wconf 69' lang='grc' dir='ltr'>μένειν</span> <span class='ocrx_word' id='word_1_298' title='bbox 761 2328 852 2383; x_wconf 86' lang='grc' dir='ltr'>τὸν</span> <span class='ocrx_word' id='word_1_299' title='bbox 905 2327 1133 2404; x_wconf 81' lang='grc' dir='ltr'>ἀριθμὸν</span> <span class='ocrx_word' id='word_1_300' title='bbox 1185 2327 1388 2402; x_wconf 78' lang='grc' dir='ltr'>γενητά</span> <span class='ocrx_word' id='word_1_301' title='bbox 1437 2347 1496 2380; x_wconf 92' lang='grc' dir='ltr'>τε</span> <span class='ocrx_word' id='word_1_302' title='bbox 1546 2321 1674 2380; x_wconf 77' lang='grc' dir='ltr'>ὅντα</span> <span class='ocrx_word' id='word_1_303' title='bbox 1720 2323 1808 2379; x_wconf 72' lang='grc' dir='ltr'>καὶ</span> <span class='ocrx_word' id='word_1_304' title='bbox 1859 2334 2024 2401; x_wconf 80' lang='grc' dir='ltr'>φθαρ-</span> 
     </span>
    </p>
   </div>
   <div class='ocr_carea' id='block_1_41' title="bbox 359 2412 2018 2494">
    <p class='ocr_par' dir='ltr' id='par_1_41' title="bbox 359 2412 2018 2494">
     <span class='ocr_line' id='line_1_42' title="bbox 359 2412 2018 2494; baseline -0.005 -19"><span class='ocrx_word' id='word_1_305' title='bbox 359 2419 450 2488; x_wconf 67' lang='grc' dir='ltr'>τὰ,</span> <span class='ocrx_word' id='word_1_306' title='bbox 502 2419 722 2494; x_wconf 70' lang='grc' dir='ltr'>μετέχει</span> <span class='ocrx_word' id='word_1_307' title='bbox 765 2419 1054 2472; x_wconf 69' lang='grc' dir='ltr'>καὶταῦτα</span> <span class='ocrx_word' id='word_1_308' title='bbox 1107 2417 1206 2484; x_wconf 71' lang='grc' dir='ltr'>τῆς</span> <span class='ocrx_word' id='word_1_309' title='bbox 1251 2413 1584 2486; x_wconf 82' lang='grc' dir='ltr'>ἀϊδιότητος,</span> <span class='ocrx_word' id='word_1_310' title='bbox 1645 2414 1719 2476; x_wconf 80' lang='grc' dir='ltr'>ὡς</span> <span class='ocrx_word' id='word_1_311' title='bbox 1762 2412 2018 2483; x_wconf 84' lang='grc' dir='ltr'>ἠδύνατο·</span> 
     </span>
    </p>
   </div>
   <div class='ocr_carea' id='block_1_42' title="bbox 363 2500 2022 2582">
    <p class='ocr_par' dir='ltr' id='par_1_42' title="bbox 363 2500 2022 2582">
     <span class='ocr_line' id='line_1_43' title="bbox 363 2500 2022 2582; baseline -0.006 -16"><span class='ocrx_word' id='word_1_312' title='bbox 363 2508 502 2566; x_wconf 82' lang='grc' dir='ltr'>διότι</span> <span class='ocrx_word' id='word_1_313' title='bbox 551 2505 641 2564; x_wconf 82' lang='grc' dir='ltr'>καὶ</span> <span class='ocrx_word' id='word_1_314' title='bbox 675 2507 847 2562; x_wconf 75' lang='grc' dir='ltr'>πάντα</span> <span class='ocrx_word' id='word_1_315' title='bbox 897 2505 1099 2582; x_wconf 77' lang='grc' dir='ltr'>ἐφίεται</span> <span class='ocrx_word' id='word_1_316' title='bbox 1130 2511 1230 2575; x_wconf 75' lang='grc' dir='ltr'>τῆς</span> <span class='ocrx_word' id='word_1_317' title='bbox 1259 2509 1358 2560; x_wconf 78' lang='grc' dir='ltr'>τοῦ</span> <span class='ocrx_word' id='word_1_318' title='bbox 1403 2505 1626 2580; x_wconf 82' lang='grc' dir='ltr'>πρώτου</span> <span class='ocrx_word' id='word_1_319' title='bbox 1687 2500 2022 2573; x_wconf 81' lang='grc' dir='ltr'>ἀϊδιότητος,</span> 
     </span>
    </p>
   </div>
   <div class='ocr_carea' id='block_1_43' title="bbox 370 2591 2028 2672">
    <p class='ocr_par' dir='ltr' id='par_1_43' title="bbox 370 2591 2028 2672">
     <span class='ocr_line' id='line_1_44' title="bbox 370 2591 2028 2672; baseline -0.005 -18"><span class='ocrx_word' id='word_1_320' title='bbox 370 2601 444 2662; x_wconf 84' lang='grc' dir='ltr'>ὡς</span> <span class='ocrx_word' id='word_1_321' title='bbox 479 2599 686 2660; x_wconf 76' lang='grc' dir='ltr'>οἰκείας</span> <span class='ocrx_word' id='word_1_322' title='bbox 733 2598 934 2672; x_wconf 79' lang='grc' dir='ltr'>ἀρχῆς,</span> <span class='ocrx_word' id='word_1_323' title='bbox 968 2595 1058 2650; x_wconf 76' lang='grc' dir='ltr'>καὶ</span> <span class='ocrx_word' id='word_1_324' title='bbox 1093 2592 1312 2670; x_wconf 68' lang='grc' dir='ltr'>μετέχει</span> <span class='ocrx_word' id='word_1_325' title='bbox 1343 2593 1548 2664; x_wconf 83' lang='grc' dir='ltr'>ταύτης</span> <span class='ocrx_word' id='word_1_326' title='bbox 1595 2591 1842 2662; x_wconf 70' lang='grc' dir='ltr'>ἕκαστον,</span> <span class='ocrx_word' id='word_1_327' title='bbox 1889 2591 2028 2646; x_wconf 68' lang='grc' dir='ltr'>κατὰ</span> 
     </span>
    </p>
   </div>
   <div class='ocr_carea' id='block_1_44' title="bbox 363 2682 2024 2764">
    <p class='ocr_par' dir='ltr' id='par_1_44' title="bbox 363 2682 2024 2764">
     <span class='ocr_line' id='line_1_45' title="bbox 363 2682 2024 2764; baseline -0.007 -20"><span class='ocrx_word' id='word_1_328' title='bbox 363 2690 433 2744; x_wconf 73' lang='grc' dir='ltr'>τὰ</span> <span class='ocrx_word' id='word_1_329' title='bbox 463 2690 659 2744; x_wconf 66' lang='grc' dir='ltr'>ἑαυτοῦ</span> <span class='ocrx_word' id='word_1_330' title='bbox 695 2687 884 2764; x_wconf 84' lang='grc' dir='ltr'>μέτρα.</span> <span class='ocrx_word' id='word_1_331' title='bbox 943 2684 1045 2740; x_wconf 78' lang='grc' dir='ltr'>Καὶ</span> <span class='ocrx_word' id='word_1_332' title='bbox 1101 2684 1262 2740; x_wconf 78' lang='grc' dir='ltr'>τοῦτό</span> <span class='ocrx_word' id='word_1_333' title='bbox 1323 2683 1432 2738; x_wconf 78' lang='grc' dir='ltr'>ἐστι</span> <span class='ocrx_word' id='word_1_334' title='bbox 1491 2683 1553 2736; x_wconf 78' lang='grc' dir='ltr'>τὸ</span> <span class='ocrx_word' id='word_1_335' title='bbox 1603 2682 2024 2756; x_wconf 85' lang='grc' dir='ltr'>σκοπιμώταταν</span> 
     </span>
    </p>
   </div>
   <div class='ocr_carea' id='block_1_45' title="bbox 369 2769 2029 2856">
    <p class='ocr_par' dir='ltr' id='par_1_45' title="bbox 369 2769 2029 2856">
     <span class='ocr_line' id='line_1_46' title="bbox 369 2769 2029 2856; baseline -0.007 -22"><span class='ocrx_word' id='word_1_336' title='bbox 369 2780 524 2856; x_wconf 76' lang='grc' dir='ltr'>ἔργον</span> <span class='ocrx_word' id='word_1_337' title='bbox 587 2783 686 2848; x_wconf 79' lang='grc' dir='ltr'>τῆς</span> <span class='ocrx_word' id='word_1_338' title='bbox 748 2775 980 2854; x_wconf 68' lang='grc' dir='ltr'>φύσεως,</span> <span class='ocrx_word' id='word_1_339' title='bbox 1041 2773 1104 2829; x_wconf 86' lang='grc' dir='ltr'>τὸ</span> <span class='ocrx_word' id='word_1_340' title='bbox 1164 2777 1272 2828; x_wconf 88' lang='grc' dir='ltr'>τῶν</span> <span class='ocrx_word' id='word_1_341' title='bbox 1315 2777 1552 2850; x_wconf 75' lang='grc' dir='ltr'>φυτικῶν</span> <span class='ocrx_word' id='word_1_342' title='bbox 1601 2769 1848 2840; x_wconf 74' lang='grc' dir='ltr'>ἕκαστον,</span> <span class='ocrx_word' id='word_1_343' title='bbox 1904 2791 2029 2845; x_wconf 87' lang='grc' dir='ltr'>γεν-</span> 
     </span>
    </p>
   </div>
   <div class='ocr_carea' id='block_1_46' title="bbox 369 2859 2028 2939">
    <p class='ocr_par' dir='ltr' id='par_1_46' title="bbox 369 2859 2028 2939">
     <span class='ocr_line' id='line_1_47' title="bbox 369 2859 2028 2939; baseline -0.005 -16"><span class='ocrx_word' id='word_1_344' title='bbox 369 2875 524 2939; x_wconf 76' lang='grc' dir='ltr'>νῆσαι</span> <span class='ocrx_word' id='word_1_345' title='bbox 575 2866 739 2934; x_wconf 70' lang='grc' dir='ltr'>ἄλλο,</span> <span class='ocrx_word' id='word_1_346' title='bbox 775 2865 890 2920; x_wconf 80' lang='grc' dir='ltr'>οἷόν</span> <span class='ocrx_word' id='word_1_347' title='bbox 923 2864 1063 2920; x_wconf 82' lang='grc' dir='ltr'>ἐστιν</span> <span class='ocrx_word' id='word_1_348' title='bbox 1098 2861 1248 2919; x_wconf 74' lang='grc' dir='ltr'>αὑτό.</span> <span class='ocrx_word' id='word_1_349' title='bbox 1285 2863 1390 2919; x_wconf 79' lang='grc' dir='ltr'>Καὶ</span> <span class='ocrx_word' id='word_1_350' title='bbox 1421 2859 1608 2930; x_wconf 74' lang='grc' dir='ltr'>ἐπειδὴ</span> <span class='ocrx_word' id='word_1_351' title='bbox 1643 2859 1876 2934; x_wconf 80' lang='grc' dir='ltr'>δεόμεθα</span> <span class='ocrx_word' id='word_1_352' title='bbox 1905 2881 2028 2934; x_wconf 66' lang='grc' dir='ltr'>γενι</span> 
     </span>
    </p>
   </div>
   <div class='ocr_carea' id='block_1_47' title="bbox 375 2949 2029 3030">
    <p class='ocr_par' dir='ltr' id='par_1_47' title="bbox 375 2949 2029 3030">
     <span class='ocr_line' id='line_1_48' title="bbox 375 2949 2029 3030; baseline -0.007 -17"><span class='ocrx_word' id='word_1_353' title='bbox 375 2957 607 3029; x_wconf 74' lang='grc' dir='ltr'>νήσεως,</span> <span class='ocrx_word' id='word_1_354' title='bbox 661 2957 695 3025; x_wconf 83' lang='grc' dir='ltr'>ἡ</span> <span class='ocrx_word' id='word_1_355' title='bbox 751 2953 809 3010; x_wconf 67' lang='grc' dir='ltr'>δι</span> <span class='ocrx_word' id='word_1_356' title='bbox 852 2951 1147 3030; x_wconf 69' lang='grc' dir='ltr'>γεννητική</span> <span class='ocrx_word' id='word_1_357' title='bbox 1195 2949 1424 3026; x_wconf 71' lang='grc' dir='ltr'>δύναμις</span> <span class='ocrx_word' id='word_1_358' title='bbox 1473 2951 1524 3005; x_wconf 78' lang='grc' dir='ltr'>ἐν</span> <span class='ocrx_word' id='word_1_359' title='bbox 1571 2949 2029 3025; x_wconf 65' lang='grc' dir='ltr'>ὡρισμένῳγίνε-</span> 
     </span>
    </p>
   </div>
   <div class='ocr_carea' id='block_1_48' title="bbox 382 3039 2030 3122">
    <p class='ocr_par' dir='ltr' id='par_1_48' title="bbox 382 3039 2030 3122">
     <span class='ocr_line' id='line_1_49' title="bbox 382 3039 2030 3122; baseline -0.006 -21"><span class='ocrx_word' id='word_1_360' title='bbox 382 3067 468 3102; x_wconf 83' lang='grc' dir='ltr'>ται</span> <span class='ocrx_word' id='word_1_361' title='bbox 523 3046 751 3122; x_wconf 72' lang='grc' dir='ltr'>μεγέθει,</span> <span class='ocrx_word' id='word_1_362' title='bbox 785 3041 874 3098; x_wconf 77' lang='grc' dir='ltr'>διὰ</span> <span class='ocrx_word' id='word_1_363' title='bbox 901 3047 1062 3098; x_wconf 78' lang='grc' dir='ltr'>τοῦτο</span> <span class='ocrx_word' id='word_1_364' title='bbox 1091 3040 1326 3115; x_wconf 77' lang='grc' dir='ltr'>δεόμεθα</span> <span class='ocrx_word' id='word_1_365' title='bbox 1371 3045 1469 3110; x_wconf 82' lang='grc' dir='ltr'>τῆς</span> <span class='ocrx_word' id='word_1_366' title='bbox 1502 3040 1800 3113; x_wconf 72' lang='grc' dir='ltr'>αὐξήσεως,</span> <span class='ocrx_word' id='word_1_367' title='bbox 1852 3039 2030 3092; x_wconf 79' lang='grc' dir='ltr'>Ἐπει-</span> 
     </span>
    </p>
   </div>
   <div class='ocr_carea' id='block_1_49' title="bbox 515 3127 2032 3205">
    <p class='ocr_par' dir='ltr' id='par_1_49' title="bbox 515 3127 2032 3205">
     <span class='ocr_line' id='line_1_50' title="bbox 515 3127 2032 3205; baseline -0.005 -16"><span class='ocrx_word' id='word_1_368' title='bbox 515 3131 567 3189; x_wconf 70' lang='grc' dir='ltr'>δέ</span> <span class='ocrx_word' id='word_1_369' title='bbox 645 3137 678 3204; x_wconf 77' lang='grc' dir='ltr'>ἡ</span> <span class='ocrx_word' id='word_1_370' title='bbox 753 3131 976 3204; x_wconf 68' lang='grc' dir='ltr'>αὔξησις</span> <span class='ocrx_word' id='word_1_371' title='bbox 1051 3129 1140 3186; x_wconf 69' lang='grc' dir='ltr'>διὰ</span> <span class='ocrx_word' id='word_1_372' title='bbox 1202 3135 1414 3204; x_wconf 73' lang='grc' dir='ltr'>τροφῆς</span> <span class='ocrx_word' id='word_1_373' title='bbox 1487 3127 1855 3205; x_wconf 78' lang='grc' dir='ltr'>παραγίνεται,</span> <span class='ocrx_word' id='word_1_374' title='bbox 1933 3129 2032 3195; x_wconf 81' lang='grc' dir='ltr'>τῆς</span> 
     </span>
    </p>
   </div>
   <div class='ocr_carea' id='block_1_50' title="bbox 383 3134 567 3205">
    <p class='ocr_par' dir='ltr' id='par_1_50' title="bbox 383 3134 567 3205">
     <span class='ocr_line' id='line_1_51' title="bbox 383 3134 567 3205; baseline -0.011 -14"><span class='ocrx_word' id='word_1_375' title='bbox 383 3134 450 3205; x_wconf 77' lang='grc' dir='ltr'>δὴ</span> 
     </span>
    </p>
   </div>
   <div class='ocr_carea' id='block_1_51' title="bbox 381 3217 2030 3300">
    <p class='ocr_par' dir='ltr' id='par_1_51' title="bbox 381 3217 2030 3300">
     <span class='ocr_line' id='line_1_52' title="bbox 381 3217 2030 3300; baseline -0.007 -20"><span class='ocrx_word' id='word_1_376' title='bbox 381 3231 674 3300; x_wconf 75' lang='grc' dir='ltr'>θρεπτικῆς</span> <span class='ocrx_word' id='word_1_377' title='bbox 741 3221 907 3279; x_wconf 80' lang='grc' dir='ltr'>πάλιν</span> <span class='ocrx_word' id='word_1_378' title='bbox 986 3218 1218 3294; x_wconf 83' lang='grc' dir='ltr'>δεόμεθα</span> <span class='ocrx_word' id='word_1_379' title='bbox 1294 3217 1620 3293; x_wconf 80' lang='grc' dir='ltr'>δυνάμεως·</span> <span class='ocrx_word' id='word_1_380' title='bbox 1704 3217 1803 3272; x_wconf 74' lang='grc' dir='ltr'>Διὰ</span> <span class='ocrx_word' id='word_1_381' title='bbox 1868 3221 2030 3271; x_wconf 79' lang='grc' dir='ltr'>τοῦτο</span> 
     </span>
    </p>
   </div>
   <div class='ocr_carea' id='block_1_52' title="bbox 2129 1969 3786 2044">
    <p class='ocr_par' dir='ltr' id='par_1_52' title="bbox 2129 1969 3786 2044">
     <span class='ocr_line' id='line_1_53' title="bbox 2129 1969 3786 2044; baseline -0.001 -20"><span class='ocrx_word' id='word_1_382' title='bbox 2129 1969 2324 2024; x_wconf 90' lang='lat' dir='ltr'>fuerit.</span> <span class='ocrx_word' id='word_1_383' title='bbox 2359 1975 2556 2044; x_wconf 76' lang='lat' dir='ltr'>Neque</span> <span class='ocrx_word' id='word_1_384' title='bbox 2599 1969 2680 2042; x_wconf 84' lang='lat' dir='ltr'>id,</span> <span class='ocrx_word' id='word_1_385' title='bbox 2713 1971 2865 2043; x_wconf 89' lang='lat' dir='ltr'>quod</span> <span class='ocrx_word' id='word_1_386' title='bbox 2899 1971 3291 2028; x_wconf 80' lang='lat' dir='ltr'>deterioribus</span> <span class='ocrx_word' id='word_1_387' title='bbox 3323 1971 3596 2026; x_wconf 79' lang='lat' dir='ltr'>meliores</span> <span class='ocrx_word' id='word_1_388' title='bbox 3629 1969 3786 2024; x_wconf 89' lang='lat' dir='ltr'>indi-</span> 
     </span>
    </p>
   </div>
   <div class='ocr_carea' id='block_1_53' title="bbox 2129 2055 3782 2133">
    <p class='ocr_par' dir='ltr' id='par_1_53' title="bbox 2129 2055 3782 2133">
     <span class='ocr_line' id='line_1_54' title="bbox 2129 2055 3782 2133; baseline 0.001 -19"><span class='ocrx_word' id='word_1_389' title='bbox 2129 2065 2323 2132; x_wconf 88' lang='lat' dir='ltr'>geant,</span> <span class='ocrx_word' id='word_1_390' title='bbox 2353 2067 2414 2114; x_wconf 87' lang='lat' dir='ltr'>ut</span> <span class='ocrx_word' id='word_1_391' title='bbox 2445 2057 2796 2127; x_wconf 83' lang='lat' dir='ltr'>subsistant,</span> <span class='ocrx_word' id='word_1_392' title='bbox 2827 2055 2928 2116; x_wconf 91' lang='lat' dir='ltr'>sed</span> <span class='ocrx_word' id='word_1_393' title='bbox 2968 2067 3170 2116; x_wconf 79' lang='lat' dir='ltr'>contra</span> <span class='ocrx_word' id='word_1_394' title='bbox 3199 2077 3410 2133; x_wconf 90' lang='lat' dir='ltr'>corpus</span> <span class='ocrx_word' id='word_1_395' title='bbox 3443 2077 3557 2116; x_wconf 89' lang='lat' dir='ltr'>non</span> <span class='ocrx_word' id='word_1_396' title='bbox 3589 2055 3782 2132; x_wconf 85' lang='lat' dir='ltr'>potest</span> 
     </span>
    </p>
   </div>
   <div class='ocr_carea' id='block_1_54' title="bbox 2129 2147 3778 2223">
    <p class='ocr_par' dir='ltr' id='par_1_54' title="bbox 2129 2147 3778 2223">
     <span class='ocr_line' id='line_1_55' title="bbox 2129 2147 3778 2223; baseline 0.002 -20"><span class='ocrx_word' id='word_1_397' title='bbox 2129 2147 2434 2204; x_wconf 88' lang='lat' dir='ltr'>meliorum</span> <span class='ocrx_word' id='word_1_398' title='bbox 2467 2149 2756 2222; x_wconf 86' lang='lat' dir='ltr'>particeps</span> <span class='ocrx_word' id='word_1_399' title='bbox 2787 2165 2936 2218; x_wconf 87' lang='lat' dir='ltr'>esse,</span> <span class='ocrx_word' id='word_1_400' title='bbox 2969 2149 3028 2204; x_wconf 90' lang='lat' dir='ltr'>ni</span> <span class='ocrx_word' id='word_1_401' title='bbox 3059 2151 3349 2207; x_wconf 88' lang='lat' dir='ltr'>deteriora</span> <span class='ocrx_word' id='word_1_402' title='bbox 3379 2149 3546 2223; x_wconf 89' lang='lat' dir='ltr'>prius</span> <span class='ocrx_word' id='word_1_403' title='bbox 3578 2167 3778 2206; x_wconf 84' lang='lat' dir='ltr'>susce-</span> 
     </span>
    </p>
   </div>
   <div class='ocr_carea' id='block_1_55' title="bbox 2133 2237 3780 2312">
    <p class='ocr_par' dir='ltr' id='par_1_55' title="bbox 2133 2237 3780 2312">
     <span class='ocr_line' id='line_1_56' title="bbox 2133 2237 3780 2312; baseline 0.001 -19"><span class='ocrx_word' id='word_1_404' title='bbox 2133 2237 2300 2312; x_wconf 88' lang='lat' dir='ltr'>perit.</span> <span class='ocrx_word' id='word_1_405' title='bbox 2333 2237 2556 2311; x_wconf 88' lang='lat' dir='ltr'>Quippe</span> <span class='ocrx_word' id='word_1_406' title='bbox 2596 2237 2875 2311; x_wconf 87' lang='lat' dir='ltr'>quoniam</span> <span class='ocrx_word' id='word_1_407' title='bbox 2925 2237 3149 2295; x_wconf 90' lang='lat' dir='ltr'>nullam</span> <span class='ocrx_word' id='word_1_408' title='bbox 3195 2241 3447 2312; x_wconf 88' lang='lat' dir='ltr'>speciem</span> <span class='ocrx_word' id='word_1_409' title='bbox 3479 2239 3780 2311; x_wconf 90' lang='lat' dir='ltr'>corrumpi</span> 
     </span>
    </p>
   </div>
   <div class='ocr_carea' id='block_1_56' title="bbox 2131 2329 3781 2404">
    <p class='ocr_par' dir='ltr' id='par_1_56' title="bbox 2131 2329 3781 2404">
     <span class='ocr_line' id='line_1_57' title="bbox 2131 2329 3781 2404; baseline 0.001 -21"><span class='ocrx_word' id='word_1_410' title='bbox 2131 2329 2455 2399; x_wconf 83' lang='lat' dir='ltr'>oportebat,</span> <span class='ocrx_word' id='word_1_411' title='bbox 2481 2343 2549 2383; x_wconf 91' lang='lat' dir='ltr'>ne</span> <span class='ocrx_word' id='word_1_412' title='bbox 2571 2329 2972 2401; x_wconf 87' lang='lat' dir='ltr'>imperfectum</span> <span class='ocrx_word' id='word_1_413' title='bbox 2997 2333 3154 2385; x_wconf 89' lang='lat' dir='ltr'>esset</span> <span class='ocrx_word' id='word_1_414' title='bbox 3175 2330 3538 2402; x_wconf 82' lang='lat' dir='ltr'>universum,</span> <span class='ocrx_word' id='word_1_415' title='bbox 3561 2329 3781 2404; x_wconf 89' lang='lat' dir='ltr'>specie-</span> 
     </span>
    </p>
   </div>
   <div class='ocr_carea' id='block_1_57' title="bbox 2133 2417 3780 2491">
    <p class='ocr_par' dir='ltr' id='par_1_57' title="bbox 2133 2417 3780 2491">
     <span class='ocr_line' id='line_1_58' title="bbox 2133 2417 3780 2491; baseline 0.001 -19"><span class='ocrx_word' id='word_1_416' title='bbox 2133 2435 2265 2472; x_wconf 89' lang='lat' dir='ltr'>rum</span> <span class='ocrx_word' id='word_1_417' title='bbox 2297 2417 2448 2474; x_wconf 90' lang='lat' dir='ltr'>enim</span> <span class='ocrx_word' id='word_1_418' title='bbox 2469 2417 2762 2474; x_wconf 82' lang='lat' dir='ltr'>absolutio</span> <span class='ocrx_word' id='word_1_419' title='bbox 2779 2423 2838 2474; x_wconf 89' lang='lat' dir='ltr'>et</span> <span class='ocrx_word' id='word_1_420' title='bbox 2868 2417 3363 2491; x_wconf 88' lang='lat' dir='ltr'>complementum</span> <span class='ocrx_word' id='word_1_421' title='bbox 3387 2423 3477 2476; x_wconf 86' lang='lat' dir='ltr'>est</span> <span class='ocrx_word' id='word_1_422' title='bbox 3500 2419 3780 2488; x_wconf 86' lang='lat' dir='ltr'>mundus,</span> 
     </span>
    </p>
   </div>
   <div class='ocr_carea' id='block_1_58' title="bbox 2134 2507 3785 2581">
    <p class='ocr_par' dir='ltr' id='par_1_58' title="bbox 2134 2507 3785 2581">
     <span class='ocr_line' id='line_1_59' title="bbox 2134 2507 3785 2581; baseline 0.001 -19"><span class='ocrx_word' id='word_1_423' title='bbox 2134 2523 2388 2579; x_wconf 89' lang='lat' dir='ltr'>cumque</span> <span class='ocrx_word' id='word_1_424' title='bbox 2405 2507 2619 2562; x_wconf 67' lang='lat' dir='ltr'>eaedem</span> <span class='ocrx_word' id='word_1_425' title='bbox 2644 2519 2888 2563; x_wconf 83' lang='lat' dir='ltr'>numero</span> <span class='ocrx_word' id='word_1_426' title='bbox 2905 2523 3136 2562; x_wconf 87' lang='lat' dir='ltr'>manere</span> <span class='ocrx_word' id='word_1_427' title='bbox 3150 2507 3371 2580; x_wconf 83' lang='lat' dir='ltr'>species</span> <span class='ocrx_word' id='word_1_428' title='bbox 3391 2525 3502 2564; x_wconf 91' lang='lat' dir='ltr'>non</span> <span class='ocrx_word' id='word_1_429' title='bbox 3521 2513 3785 2581; x_wconf 88' lang='lat' dir='ltr'>possent,</span> 
     </span>
    </p>
   </div>
   <div class='ocr_carea' id='block_1_59' title="bbox 2138 2599 3789 2669">
    <p class='ocr_par' dir='ltr' id='par_1_59' title="bbox 2138 2599 3789 2669">
     <span class='ocr_line' id='line_1_60' title="bbox 2138 2599 3789 2669; baseline 0.002 -19"><span class='ocrx_word' id='word_1_430' title='bbox 2138 2599 2200 2651; x_wconf 90' lang='lat' dir='ltr'>ut</span> <span class='ocrx_word' id='word_1_431' title='bbox 2233 2613 2358 2667; x_wconf 75' lang='lat' dir='ltr'>qua:</span> <span class='ocrx_word' id='word_1_432' title='bbox 2408 2601 2760 2669; x_wconf 83' lang='lat' dir='ltr'>generentur</span> <span class='ocrx_word' id='word_1_433' title='bbox 2807 2601 2864 2651; x_wconf 89' lang='lat' dir='ltr'>et</span> <span class='ocrx_word' id='word_1_434' title='bbox 2912 2601 3386 2669; x_wconf 88' lang='lat' dir='ltr'>corrumpantur,</span> <span class='ocrx_word' id='word_1_435' title='bbox 3420 2599 3789 2668; x_wconf 81' lang='lat' dir='ltr'>aeternitatis,</span> 
     </span>
    </p>
   </div>
   <div class='ocr_carea' id='block_1_60' title="bbox 2139 2679 3792 2760">
    <p class='ocr_par' dir='ltr' id='par_1_60' title="bbox 2139 2679 3792 2760">
     <span class='ocr_line' id='line_1_61' title="bbox 2139 2679 3792 2760; baseline 0.002 -20"><span class='ocrx_word' id='word_1_436' title='bbox 2139 2688 2328 2757; x_wconf 87' lang='lat' dir='ltr'>quoad</span> <span class='ocrx_word' id='word_1_437' title='bbox 2381 2690 2650 2758; x_wconf 84' lang='lat' dir='ltr'>possunt,</span> <span class='ocrx_word' id='word_1_438' title='bbox 2702 2679 3016 2758; x_wconf 84' lang='lat' dir='ltr'>participes</span> <span class='ocrx_word' id='word_1_439' title='bbox 3060 2693 3218 2742; x_wconf 88' lang='lat' dir='ltr'>sunt.</span> <span class='ocrx_word' id='word_1_440' title='bbox 3272 2689 3461 2754; x_wconf 87' lang='lat' dir='ltr'>Quare</span> <span class='ocrx_word' id='word_1_441' title='bbox 3507 2686 3792 2760; x_wconf 86' lang='lat' dir='ltr'>principis</span> 
     </span>
    </p>
   </div>
   <div class='ocr_carea' id='block_1_61' title="bbox 2140 2773 3794 2849">
    <p class='ocr_par' dir='ltr' id='par_1_61' title="bbox 2140 2773 3794 2849">
     <span class='ocr_line' id='line_1_62' title="bbox 2140 2773 3794 2849; baseline 0.001 -20"><span class='ocrx_word' id='word_1_442' title='bbox 2140 2777 2549 2844; x_wconf 65' lang='lat' dir='ltr'>aeternitatem,</span> <span class='ocrx_word' id='word_1_443' title='bbox 2572 2781 2627 2830; x_wconf 91' lang='lat' dir='ltr'>ul</span> <span class='ocrx_word' id='word_1_444' title='bbox 2656 2791 2828 2830; x_wconf 89' lang='lat' dir='ltr'>suum</span> <span class='ocrx_word' id='word_1_445' title='bbox 2857 2773 3235 2848; x_wconf 89' lang='lat' dir='ltr'>principium,</span> <span class='ocrx_word' id='word_1_446' title='bbox 3264 2793 3467 2832; x_wconf 88' lang='lat' dir='ltr'>omnes</span> <span class='ocrx_word' id='word_1_447' title='bbox 3494 2779 3794 2849; x_wconf 73' lang='lat' dir='ltr'>eXpetunt,</span> 
     </span>
    </p>
   </div>
   <div class='ocr_carea' id='block_1_62' title="bbox 2141 2863 3800 2938">
    <p class='ocr_par' dir='ltr' id='par_1_62' title="bbox 2141 2863 3800 2938">
     <span class='ocr_line' id='line_1_63' title="bbox 2141 2863 3800 2938; baseline -0.001 -17"><span class='ocrx_word' id='word_1_448' title='bbox 2141 2869 2197 2921; x_wconf 90' lang='lat' dir='ltr'>et</span> <span class='ocrx_word' id='word_1_449' title='bbox 2229 2863 2427 2934; x_wconf 88' lang='lat' dir='ltr'>hujus,</span> <span class='ocrx_word' id='word_1_450' title='bbox 2463 2865 2736 2936; x_wconf 71' lang='lat' dir='ltr'>quaelibet</span> <span class='ocrx_word' id='word_1_451' title='bbox 2768 2881 2870 2936; x_wconf 90' lang='lat' dir='ltr'>pro</span> <span class='ocrx_word' id='word_1_452' title='bbox 2899 2863 3070 2920; x_wconf 89' lang='lat' dir='ltr'>modo</span> <span class='ocrx_word' id='word_1_453' title='bbox 3089 2869 3145 2921; x_wconf 89' lang='lat' dir='ltr'>et</span> <span class='ocrx_word' id='word_1_454' title='bbox 3174 2869 3348 2937; x_wconf 87' lang='lat' dir='ltr'>captu</span> <span class='ocrx_word' id='word_1_455' title='bbox 3383 2881 3512 2934; x_wconf 90' lang='lat' dir='ltr'>suo,</span> <span class='ocrx_word' id='word_1_456' title='bbox 3533 2867 3598 2922; x_wconf 82' lang='lat' dir='ltr'>fit</span> <span class='ocrx_word' id='word_1_457' title='bbox 3623 2865 3800 2938; x_wconf 87' lang='lat' dir='ltr'>parti-</span> 
     </span>
    </p>
   </div>
   <div class='ocr_carea' id='block_1_63' title="bbox 2141 2953 3799 3028">
    <p class='ocr_par' dir='ltr' id='par_1_63' title="bbox 2141 2953 3799 3028">
     <span class='ocr_line' id='line_1_64' title="bbox 2141 2953 3799 3028; baseline 0 -18"><span class='ocrx_word' id='word_1_458' title='bbox 2141 2969 2296 3026; x_wconf 84' lang='lat' dir='ltr'>ceps.</span> <span class='ocrx_word' id='word_1_459' title='bbox 2329 2955 2547 3026; x_wconf 84' lang='lat' dir='ltr'>Estque</span> <span class='ocrx_word' id='word_1_460' title='bbox 2569 2953 2625 3008; x_wconf 91' lang='lat' dir='ltr'>id</span> <span class='ocrx_word' id='word_1_461' title='bbox 2663 2953 3034 3026; x_wconf 85' lang='lat' dir='ltr'>potissimum</span> <span class='ocrx_word' id='word_1_462' title='bbox 3064 2959 3284 3010; x_wconf 62' lang='lat' dir='ltr'>natura&quot;:</span> <span class='ocrx_word' id='word_1_463' title='bbox 3307 2972 3476 3028; x_wconf 90' lang='lat' dir='ltr'>opus,</span> <span class='ocrx_word' id='word_1_464' title='bbox 3502 2960 3567 3011; x_wconf 85' lang='lat' dir='ltr'>ut</span> <span class='ocrx_word' id='word_1_465' title='bbox 3589 2973 3799 3011; x_wconf 90' lang='lat' dir='ltr'>unum-</span> 
     </span>
    </p>
   </div>
   <div class='ocr_carea' id='block_1_64' title="bbox 2143 3043 3802 3117">
    <p class='ocr_par' dir='ltr' id='par_1_64' title="bbox 2143 3043 3802 3117">
     <span class='ocr_line' id='line_1_65' title="bbox 2143 3043 3802 3117; baseline 0.001 -19"><span class='ocrx_word' id='word_1_466' title='bbox 2143 3043 2417 3117; x_wconf 81' lang='lat' dir='ltr'>quodque</span> <span class='ocrx_word' id='word_1_467' title='bbox 2448 3061 2649 3098; x_wconf 82' lang='lat' dir='ltr'>eorum</span> <span class='ocrx_word' id='word_1_468' title='bbox 2683 3061 2803 3114; x_wconf 73' lang='lat' dir='ltr'>qua:</span> <span class='ocrx_word' id='word_1_469' title='bbox 2826 3043 3024 3098; x_wconf 88' lang='lat' dir='ltr'>anima</span> <span class='ocrx_word' id='word_1_470' title='bbox 3047 3045 3288 3116; x_wconf 70' lang='lat' dir='ltr'>prazdita</span> <span class='ocrx_word' id='word_1_471' title='bbox 3319 3049 3477 3114; x_wconf 86' lang='lat' dir='ltr'>sunt,</span> <span class='ocrx_word' id='word_1_472' title='bbox 3503 3045 3658 3102; x_wconf 86' lang='lat' dir='ltr'>aliud</span> <span class='ocrx_word' id='word_1_473' title='bbox 3685 3045 3802 3110; x_wconf 78' lang='lat' dir='ltr'>sibi</span> 
     </span>
    </p>
   </div>
   <div class='ocr_carea' id='block_1_65' title="bbox 2143 3133 3796 3208">
    <p class='ocr_par' dir='ltr' id='par_1_65' title="bbox 2143 3133 3796 3208">
     <span class='ocr_line' id='line_1_66' title="bbox 2143 3133 3796 3208; baseline 0.001 -19"><span class='ocrx_word' id='word_1_474' title='bbox 2143 3133 2336 3189; x_wconf 86' lang='lat' dir='ltr'>simile</span> <span class='ocrx_word' id='word_1_475' title='bbox 2353 3133 2558 3205; x_wconf 85' lang='lat' dir='ltr'>gignat</span> <span class='ocrx_word' id='word_1_476' title='bbox 2589 3151 2600 3188; x_wconf 94' lang='lat'>:</span> <span class='ocrx_word' id='word_1_477' title='bbox 2636 3137 2692 3188; x_wconf 89' lang='lat' dir='ltr'>et</span> <span class='ocrx_word' id='word_1_478' title='bbox 2715 3133 2990 3204; x_wconf 90' lang='lat' dir='ltr'>quoniam</span> <span class='ocrx_word' id='word_1_479' title='bbox 3015 3135 3346 3190; x_wconf 86' lang='lat' dir='ltr'>necessaria</span> <span class='ocrx_word' id='word_1_480' title='bbox 3365 3139 3454 3191; x_wconf 88' lang='lat' dir='ltr'>est</span> <span class='ocrx_word' id='word_1_481' title='bbox 3473 3133 3796 3208; x_wconf 84' lang='lat' dir='ltr'>generatio,</span> 
     </span>
    </p>
   </div>
   <div class='ocr_carea' id='block_1_66' title="bbox 2145 3221 3802 3292">
    <p class='ocr_par' dir='ltr' id='par_1_66' title="bbox 2145 3221 3802 3292">
     <span class='ocr_line' id='line_1_67' title="bbox 2145 3221 3802 3292; baseline 0.002 -16"><span class='ocrx_word' id='word_1_482' title='bbox 2145 3223 2326 3292; x_wconf 79' lang='lat' dir='ltr'>hujus</span> <span class='ocrx_word' id='word_1_483' title='bbox 2357 3227 2554 3278; x_wconf 82' lang='lat' dir='ltr'>autem</span> <span class='ocrx_word' id='word_1_484' title='bbox 2603 3221 2691 3278; x_wconf 82' lang='lat' dir='ltr'>vis</span> <span class='ocrx_word' id='word_1_485' title='bbox 2742 3223 2976 3278; x_wconf 89' lang='lat' dir='ltr'>nonnisi</span> <span class='ocrx_word' id='word_1_486' title='bbox 3028 3227 3186 3280; x_wconf 88' lang='lat' dir='ltr'>certo</span> <span class='ocrx_word' id='word_1_487' title='bbox 3236 3229 3294 3280; x_wconf 89' lang='lat' dir='ltr'>et</span> <span class='ocrx_word' id='word_1_488' title='bbox 3341 3225 3580 3281; x_wconf 81' lang='lat' dir='ltr'>definito</span> <span class='ocrx_word' id='word_1_489' title='bbox 3613 3223 3802 3281; x_wconf 70' lang='lat' dir='ltr'>aetatis</span> 
     </span>
    </p>
   </div>
   <div class='ocr_carea' id='block_1_67' title="bbox 376 3289 2039 3388">
    <p class='ocr_par' dir='ltr' id='par_1_67' title="bbox 376 3305 2036 3388">
     <span class='ocr_line' id='line_1_68' title="bbox 376 3305 2036 3388; baseline -0.007 -19"><span class='ocrx_word' id='word_1_490' title='bbox 376 3315 558 3370; x_wconf 76' lang='grc' dir='ltr'>τοίνυν</span> <span class='ocrx_word' id='word_1_491' title='bbox 620 3311 924 3388; x_wconf 79' lang='grc' dir='ltr'>μετὲχομεν</span> <span class='ocrx_word' id='word_1_492' title='bbox 967 3315 1075 3366; x_wconf 90' lang='grc' dir='ltr'>τῶν</span> <span class='ocrx_word' id='word_1_493' title='bbox 1129 3313 1365 3388; x_wconf 75' lang='grc' dir='ltr'>φυτικῶν</span> <span class='ocrx_word' id='word_1_494' title='bbox 1418 3305 1699 3380; x_wconf 76' lang='grc' dir='ltr'>δυνάμεων</span> <span class='ocrx_word' id='word_1_495' title='bbox 1729 3306 1820 3361; x_wconf 86' lang='grc' dir='ltr'>καὶ</span> <span class='ocrx_word' id='word_1_496' title='bbox 1871 3309 2036 3378; x_wconf 77' lang='grc' dir='ltr'>ἡμεῖς</span> 
     </span>
    </p>
   </div>
   <div class='ocr_carea' id='block_1_68' title="bbox 2153 3289 3802 3388">
    <p class='ocr_par' dir='ltr' id='par_1_68' title="bbox 2153 3311 3802 3384">
     <span class='ocr_line' id='line_1_69' title="bbox 2153 3311 3802 3384; baseline 0.002 -16"><span class='ocrx_word' id='word_1_497' title='bbox 2153 3312 2340 3384; x_wconf 87' lang='lat' dir='ltr'>spatio</span> <span class='ocrx_word' id='word_1_498' title='bbox 2371 3311 2544 3380; x_wconf 80' lang='lat' dir='ltr'>valet,</span> <span class='ocrx_word' id='word_1_499' title='bbox 2567 3311 2751 3382; x_wconf 84' lang='lat' dir='ltr'>justis</span> <span class='ocrx_word' id='word_1_500' title='bbox 2771 3311 2900 3368; x_wconf 90' lang='lat' dir='ltr'>ideo</span> <span class='ocrx_word' id='word_1_501' title='bbox 2925 3311 3299 3368; x_wconf 89' lang='lat' dir='ltr'>incrementis</span> <span class='ocrx_word' id='word_1_502' title='bbox 3322 3330 3468 3384; x_wconf 84' lang='lat' dir='ltr'>Opus</span> <span class='ocrx_word' id='word_1_503' title='bbox 3488 3313 3802 3372; x_wconf 87' lang='lat' dir='ltr'>habemus.</span> 
     </span>
    </p>
   </div>
   <div class='ocr_carea' id='block_1_69' title="bbox 378 3393 2042 3478">
    <p class='ocr_par' dir='ltr' id='par_1_69' title="bbox 378 3393 2042 3478">
     <span class='ocr_line' id='line_1_70' title="bbox 378 3393 2042 3478; baseline -0.007 -19"><span class='ocrx_word' id='word_1_504' title='bbox 378 3406 466 3460; x_wconf 76' lang='grc' dir='ltr'>καὶ</span> <span class='ocrx_word' id='word_1_505' title='bbox 516 3403 582 3458; x_wconf 73' lang='grc' dir='ltr'>τὰ</span> <span class='ocrx_word' id='word_1_506' title='bbox 633 3399 814 3478; x_wconf 73' lang='grc' dir='ltr'>ἄλογα</span> <span class='ocrx_word' id='word_1_507' title='bbox 864 3405 994 3472; x_wconf 86' lang='grc' dir='ltr'>ζῶα,</span> <span class='ocrx_word' id='word_1_508' title='bbox 1036 3399 1196 3470; x_wconf 85' lang='grc' dir='ltr'>ὣστε,</span> <span class='ocrx_word' id='word_1_509' title='bbox 1247 3399 1335 3454; x_wconf 83' lang='grc' dir='ltr'>ὅτε</span> <span class='ocrx_word' id='word_1_510' title='bbox 1389 3399 1483 3472; x_wconf 72' lang='grc' dir='ltr'>μὲν</span> <span class='ocrx_word' id='word_1_511' title='bbox 1535 3397 1858 3472; x_wconf 65' lang='grc' dir='ltr'>ἐκδεργοῦμεν</span> <span class='ocrx_word' id='word_1_512' title='bbox 1909 3393 2042 3450; x_wconf 84' lang='grc' dir='ltr'>κατᾶ</span> 
     </span>
    </p>
   </div>
   <div class='ocr_carea' id='block_1_70' title="bbox 383 3482 2044 3568">
    <p class='ocr_par' dir='ltr' id='par_1_70' title="bbox 383 3482 2044 3568">
     <span class='ocr_line' id='line_1_71' title="bbox 383 3482 2044 3568; baseline -0.007 -19"><span class='ocrx_word' id='word_1_513' title='bbox 383 3491 576 3556; x_wconf 80' lang='grc' dir='ltr'>ταύτας</span> <span class='ocrx_word' id='word_1_514' title='bbox 629 3487 726 3556; x_wconf 69' lang='grc' dir='ltr'>τὰς</span> <span class='ocrx_word' id='word_1_515' title='bbox 778 3487 1056 3564; x_wconf 80' lang='grc' dir='ltr'>δυνάμεις,</span> <span class='ocrx_word' id='word_1_516' title='bbox 1115 3487 1190 3552; x_wconf 81' lang='grc' dir='ltr'>ὡς</span> <span class='ocrx_word' id='word_1_517' title='bbox 1249 3489 1387 3568; x_wconf 78' lang='grc' dir='ltr'>φυτὰ</span> <span class='ocrx_word' id='word_1_518' title='bbox 1425 3485 1786 3563; x_wconf 76' lang='grc' dir='ltr'>ἐνεργοῦμεν·</span> <span class='ocrx_word' id='word_1_519' title='bbox 1845 3483 1934 3540; x_wconf 80' lang='grc' dir='ltr'>ὅτε</span> <span class='ocrx_word' id='word_1_520' title='bbox 1986 3482 2044 3538; x_wconf 72' lang='grc' dir='ltr'>δὲ</span> 
     </span>
    </p>
   </div>
   <div class='ocr_carea' id='block_1_71' title="bbox 381 3575 2045 3658">
    <p class='ocr_par' dir='ltr' id='par_1_71' title="bbox 381 3575 2045 3658">
     <span class='ocr_line' id='line_1_72' title="bbox 381 3575 2045 3658; baseline -0.008 -17"><span class='ocrx_word' id='word_1_521' title='bbox 381 3583 522 3642; x_wconf 69' lang='grc' dir='ltr'>κατὰ</span> <span class='ocrx_word' id='word_1_522' title='bbox 578 3583 748 3658; x_wconf 81' lang='grc' dir='ltr'>θυμὸν</span> <span class='ocrx_word' id='word_1_523' title='bbox 800 3581 890 3636; x_wconf 84' lang='grc' dir='ltr'>καὶ</span> <span class='ocrx_word' id='word_1_524' title='bbox 935 3579 1252 3654; x_wconf 81' lang='grc' dir='ltr'>ἐπιθυμίαν,</span> <span class='ocrx_word' id='word_1_525' title='bbox 1301 3580 1375 3641; x_wconf 86' lang='grc' dir='ltr'>ὡς</span> <span class='ocrx_word' id='word_1_526' title='bbox 1425 3578 1491 3633; x_wconf 76' lang='grc' dir='ltr'>τὰ</span> <span class='ocrx_word' id='word_1_527' title='bbox 1539 3577 1716 3653; x_wconf 80' lang='grc' dir='ltr'>ἄλογα</span> <span class='ocrx_word' id='word_1_528' title='bbox 1768 3579 1899 3646; x_wconf 88' lang='grc' dir='ltr'>ζῶα·</span> <span class='ocrx_word' id='word_1_529' title='bbox 1965 3575 2045 3640; x_wconf 43' lang='grc' dir='ltr'>,ὡς</span> 
     </span>
    </p>
   </div>
   <div class='ocr_carea' id='block_1_72' title="bbox 384 3663 2046 3751">
    <p class='ocr_par' dir='ltr' id='par_1_72' title="bbox 384 3663 2046 3751">
     <span class='ocr_line' id='line_1_73' title="bbox 384 3663 2046 3751; baseline -0.008 -20"><span class='ocrx_word' id='word_1_530' title='bbox 384 3673 664 3751; x_wconf 71' lang='grc' dir='ltr'>ἅνθρωποι</span> <span class='ocrx_word' id='word_1_531' title='bbox 711 3670 770 3728; x_wconf 66' lang='grc' dir='ltr'>δὲ</span> <span class='ocrx_word' id='word_1_532' title='bbox 826 3669 988 3744; x_wconf 86' lang='grc' dir='ltr'>μόνον</span> <span class='ocrx_word' id='word_1_533' title='bbox 1034 3667 1356 3746; x_wconf 72' lang='grc' dir='ltr'>ἐνεργοῦμεν</span> <span class='ocrx_word' id='word_1_534' title='bbox 1417 3667 1558 3738; x_wconf 87' lang='grc' dir='ltr'>τότε,</span> <span class='ocrx_word' id='word_1_535' title='bbox 1619 3665 1708 3720; x_wconf 77' lang='grc' dir='ltr'>ὅτε</span> <span class='ocrx_word' id='word_1_536' title='bbox 1762 3669 1842 3738; x_wconf 79' lang='grc' dir='ltr'>τῷ</span> <span class='ocrx_word' id='word_1_537' title='bbox 1891 3663 2046 3739; x_wconf 88' lang='grc' dir='ltr'>λόγῳ</span> 
     </span>
    </p>
   </div>
   <div class='ocr_carea' id='block_1_73' title="bbox 389 3755 2047 3840">
    <p class='ocr_par' dir='ltr' id='par_1_73' title="bbox 389 3755 2047 3840">
     <span class='ocr_line' id='line_1_74' title="bbox 389 3755 2047 3840; baseline -0.008 -20"><span class='ocrx_word' id='word_1_538' title='bbox 389 3765 735 3840; x_wconf 79' lang='grc' dir='ltr'>κεχρήμεθα.</span> <span class='ocrx_word' id='word_1_539' title='bbox 771 3761 865 3816; x_wconf 89' lang='grc' dir='ltr'>Διὸ</span> <span class='ocrx_word' id='word_1_540' title='bbox 894 3760 982 3816; x_wconf 82' lang='grc' dir='ltr'>καὶ</span> <span class='ocrx_word' id='word_1_541' title='bbox 1017 3758 1243 3821; x_wconf 83' lang='grc' dir='ltr'>ἀστείως</span> <span class='ocrx_word' id='word_1_542' title='bbox 1295 3757 1416 3814; x_wconf 75' lang='grc' dir='ltr'>λίαν</span> <span class='ocrx_word' id='word_1_543' title='bbox 1451 3758 1478 3811; x_wconf 91' lang='grc' dir='ltr'>ὁ</span> <span class='ocrx_word' id='word_1_544' title='bbox 1533 3755 1817 3816; x_wconf 83' lang='grc' dir='ltr'>Πλωτῖνος</span> <span class='ocrx_word' id='word_1_545' title='bbox 1877 3755 2047 3821; x_wconf 77' lang='grc' dir='ltr'>εἶπεν,</span> 
     </span>
    </p>
   </div>
   <div class='ocr_carea' id='block_1_74' title="bbox 389 3841 2048 3926">
    <p class='ocr_par' dir='ltr' id='par_1_74' title="bbox 389 3841 2048 3926">
     <span class='ocr_line' id='line_1_75' title="bbox 389 3841 2048 3926; baseline -0.008 -16"><span class='ocrx_word' id='word_1_546' title='bbox 389 3855 464 3918; x_wconf 84' lang='grc' dir='ltr'>ὡς</span> <span class='ocrx_word' id='word_1_547' title='bbox 493 3853 611 3908; x_wconf 71' lang='grc' dir='ltr'>ὅσοι</span> <span class='ocrx_word' id='word_1_548' title='bbox 641 3851 902 3926; x_wconf 70' lang='grc' dir='ltr'>ἑμμανῶς</span> <span class='ocrx_word' id='word_1_549' title='bbox 934 3849 1070 3904; x_wconf 79' lang='grc' dir='ltr'>κατὰ</span> <span class='ocrx_word' id='word_1_550' title='bbox 1118 3848 1212 3910; x_wconf 77' lang='grc' dir='ltr'>τὰς</span> <span class='ocrx_word' id='word_1_551' title='bbox 1245 3845 1538 3921; x_wconf 76' lang='grc' dir='ltr'>θρεπτικὰς</span> <span class='ocrx_word' id='word_1_552' title='bbox 1589 3843 1844 3918; x_wconf 83' lang='grc' dir='ltr'>δυνάμεις</span> <span class='ocrx_word' id='word_1_553' title='bbox 1902 3841 2048 3916; x_wconf 85' lang='grc' dir='ltr'>ἐνερ-</span> 
     </span>
    </p>
   </div>
   <div class='ocr_carea' id='block_1_75' title="bbox 391 3931 1762 4021">
    <p class='ocr_par' dir='ltr' id='par_1_75' title="bbox 391 3931 1762 4021">
     <span class='ocr_line' id='line_1_76' title="bbox 391 3931 1762 4021; baseline -0.006 -23"><span class='ocrx_word' id='word_1_554' title='bbox 391 3947 606 4021; x_wconf 73' lang='grc' dir='ltr'>γοῦσιν,</span> <span class='ocrx_word' id='word_1_555' title='bbox 643 3939 792 3996; x_wconf 75' lang='grc' dir='ltr'>οὗτοι</span> <span class='ocrx_word' id='word_1_556' title='bbox 824 3935 1226 3996; x_wconf 75' lang='grc' dir='ltr'>κινδυνεύουσιν</span> <span class='ocrx_word' id='word_1_557' title='bbox 1259 3931 1762 4010; x_wconf 79' lang='grc' dir='ltr'>ἀποδενδρωθῆναι.</span> 
     </span>
    </p>
   </div>
   <div class='ocr_carea' id='block_1_76' title="bbox 465 4233 2054 4324">
    <p class='ocr_par' dir='ltr' id='par_1_76' title="bbox 465 4233 2054 4324">
     <span class='ocr_line' id='line_1_77' title="bbox 465 4233 2054 4324; baseline -0.009 -21"><span class='ocrx_word' id='word_1_558' title='bbox 465 4249 590 4306; x_wconf 83' lang='grc' dir='ltr'>’Ότι</span> <span class='ocrx_word' id='word_1_559' title='bbox 649 4239 891 4324; x_wconf 66' lang='grc' dir='ltr'>διαφέρει</span> <span class='ocrx_word' id='word_1_560' title='bbox 933 4245 1041 4298; x_wconf 88' lang='grc' dir='ltr'>τῶν</span> <span class='ocrx_word' id='word_1_561' title='bbox 1097 4243 1336 4320; x_wconf 78' lang='grc' dir='ltr'>φυτικῶν</span> <span class='ocrx_word' id='word_1_562' title='bbox 1399 4237 1700 4313; x_wconf 75' lang='grc' dir='ltr'>δυνάμεων,</span> <span class='ocrx_word' id='word_1_563' title='bbox 1756 4241 1900 4292; x_wconf 79' lang='grc' dir='ltr'>τοῦτ’</span> <span class='ocrx_word' id='word_1_564' title='bbox 1943 4233 2054 4291; x_wconf 72' lang='grc' dir='ltr'>ἔστι</span> 
     </span>
    </p>
   </div>
   <div class='ocr_carea' id='block_1_77' title="bbox 395 4325 2056 4414">
    <p class='ocr_par' dir='ltr' id='par_1_77' title="bbox 395 4325 2056 4414">
     <span class='ocr_line' id='line_1_78' title="bbox 395 4325 2056 4414; baseline -0.009 -20"><span class='ocrx_word' id='word_1_565' title='bbox 395 4343 498 4409; x_wconf 77' lang='grc' dir='ltr'>τῆς</span> <span class='ocrx_word' id='word_1_566' title='bbox 559 4335 880 4414; x_wconf 78' lang='grc' dir='ltr'>γεννητικῆς</span> <span class='ocrx_word' id='word_1_567' title='bbox 938 4351 998 4388; x_wconf 88' lang='grc' dir='ltr'>τε</span> <span class='ocrx_word' id='word_1_568' title='bbox 1053 4329 1146 4386; x_wconf 78' lang='grc' dir='ltr'>καὶ</span> <span class='ocrx_word' id='word_1_569' title='bbox 1205 4333 1500 4405; x_wconf 82' lang='grc' dir='ltr'>θρεπτικῆς</span> <span class='ocrx_word' id='word_1_570' title='bbox 1547 4331 1582 4398; x_wconf 80' lang='grc' dir='ltr'>ἡ</span> <span class='ocrx_word' id='word_1_571' title='bbox 1616 4325 1894 4399; x_wconf 76' lang='grc' dir='ltr'>ἐπιθυμία.</span> <span class='ocrx_word' id='word_1_572' title='bbox 1955 4325 2056 4381; x_wconf 81' lang='grc' dir='ltr'>Καὶ</span> 
     </span>
    </p>
   </div>
   <div class='ocr_carea' id='block_1_78' title="bbox 397 4415 2059 4504">
    <p class='ocr_par' dir='ltr' id='par_1_78' title="bbox 397 4415 2059 4504">
     <span class='ocr_line' id='line_1_79' title="bbox 397 4415 2059 4504; baseline -0.008 -22"><span class='ocrx_word' id='word_1_573' title='bbox 397 4429 501 4504; x_wconf 70' lang='grc' dir='ltr'>γὰρ</span> <span class='ocrx_word' id='word_1_574' title='bbox 556 4427 770 4502; x_wconf 83' lang='grc' dir='ltr'>ὁρῶμεν</span> <span class='ocrx_word' id='word_1_575' title='bbox 817 4421 1009 4492; x_wconf 73' lang='grc' dir='ltr'>αὐτὴν,</span> <span class='ocrx_word' id='word_1_576' title='bbox 1059 4425 1180 4482; x_wconf 87' lang='grc' dir='ltr'>ταῖς</span> <span class='ocrx_word' id='word_1_577' title='bbox 1233 4415 1353 4474; x_wconf 83' lang='grc' dir='ltr'>δυσὶ</span> <span class='ocrx_word' id='word_1_578' title='bbox 1404 4417 1623 4479; x_wconf 83' lang='grc' dir='ltr'>ταύταις</span> <span class='ocrx_word' id='word_1_579' title='bbox 1676 4416 2059 4472; x_wconf 76' lang='grc' dir='ltr'>ἐπικοινωνοῦ-</span> 
     </span>
    </p>
   </div>
   <div class='ocr_carea' id='block_1_79' title="bbox 401 4507 2058 4590">
    <p class='ocr_par' dir='ltr' id='par_1_79' title="bbox 401 4507 2058 4590">
     <span class='ocr_line' id='line_1_80' title="bbox 401 4507 2058 4590; baseline -0.008 -18"><span class='ocrx_word' id='word_1_580' title='bbox 401 4537 514 4573; x_wconf 79' lang='grc' dir='ltr'>σαν·</span> <span class='ocrx_word' id='word_1_581' title='bbox 578 4513 702 4588; x_wconf 84' lang='grc' dir='ltr'>περί</span> <span class='ocrx_word' id='word_1_582' title='bbox 759 4527 818 4567; x_wconf 81' lang='grc' dir='ltr'>τε</span> <span class='ocrx_word' id='word_1_583' title='bbox 863 4511 966 4590; x_wconf 75' lang='grc' dir='ltr'>γὰρ</span> <span class='ocrx_word' id='word_1_584' title='bbox 1005 4511 1212 4586; x_wconf 79' lang='grc' dir='ltr'>τροφὰς</span> <span class='ocrx_word' id='word_1_585' title='bbox 1274 4507 1501 4585; x_wconf 78' lang='grc' dir='ltr'>ἐνεργεῖ,</span> <span class='ocrx_word' id='word_1_586' title='bbox 1547 4507 1760 4568; x_wconf 77' lang='grc' dir='ltr'>καὶτὰς</span> <span class='ocrx_word' id='word_1_587' title='bbox 1810 4525 2058 4581; x_wconf 86' lang='grc' dir='ltr'>γεννητι-</span> 
     </span>
    </p>
   </div>
   <div class='ocr_carea' id='block_1_80' title="bbox 399 4593 2063 4677">
    <p class='ocr_par' dir='ltr' id='par_1_80' title="bbox 399 4593 2063 4677">
     <span class='ocr_line' id='line_1_81' title="bbox 399 4593 2063 4677; baseline -0.009 -15"><span class='ocrx_word' id='word_1_588' title='bbox 399 4607 498 4668; x_wconf 78' lang='grc' dir='ltr'>κᾶς</span> <span class='ocrx_word' id='word_1_589' title='bbox 556 4601 833 4676; x_wconf 71' lang='grc' dir='ltr'>δυνάμειςθ</span> <span class='ocrx_word' id='word_1_590' title='bbox 881 4593 1030 4670; x_wconf 76' lang='grc' dir='ltr'>πλὴν</span> <span class='ocrx_word' id='word_1_591' title='bbox 1097 4597 1360 4677; x_wconf 69' lang='grc' dir='ltr'>διαφέρει,</span> <span class='ocrx_word' id='word_1_592' title='bbox 1408 4595 1491 4652; x_wconf 82' lang='grc' dir='ltr'>δτι</span> <span class='ocrx_word' id='word_1_593' title='bbox 1541 4597 1576 4664; x_wconf 80' lang='grc' dir='ltr'><strong>ἡ</strong></span> <span class='ocrx_word' id='word_1_594' title='bbox 1650 4595 1742 4670; x_wconf 71' lang='grc' dir='ltr'>μὲν</span> <span class='ocrx_word' id='word_1_595' title='bbox 1799 4593 2063 4667; x_wconf 80' lang='grc' dir='ltr'>ἐπιθυμία</span> 
     </span>
    </p>
   </div>
   <div class='ocr_carea' id='block_1_81' title="bbox 2153 3401 3806 3475">
    <p class='ocr_par' dir='ltr' id='par_1_81' title="bbox 2153 3401 3806 3475">
     <span class='ocr_line' id='line_1_82' title="bbox 2153 3401 3806 3475; baseline 0.001 -19"><span class='ocrx_word' id='word_1_596' title='bbox 2153 3405 2288 3468; x_wconf 66' lang='lat' dir='ltr'>Qua:</span> <span class='ocrx_word' id='word_1_597' title='bbox 2309 3401 2584 3472; x_wconf 85' lang='lat' dir='ltr'>quoniam</span> <span class='ocrx_word' id='word_1_598' title='bbox 2609 3401 2906 3456; x_wconf 86' lang='lat' dir='ltr'>alimentis</span> <span class='ocrx_word' id='word_1_599' title='bbox 2933 3401 3313 3470; x_wconf 86' lang='lat' dir='ltr'>fiunt,altrice</span> <span class='ocrx_word' id='word_1_600' title='bbox 3336 3420 3542 3460; x_wconf 86' lang='lat' dir='ltr'>rursus</span> <span class='ocrx_word' id='word_1_601' title='bbox 3563 3418 3806 3475; x_wconf 86' lang='lat' dir='ltr'>egemus</span> 
     </span>
    </p>
   </div>
   <div class='ocr_carea' id='block_1_82' title="bbox 2155 3481 3810 3564">
    <p class='ocr_par' dir='ltr' id='par_1_82' title="bbox 2155 3481 3810 3564">
     <span class='ocr_line' id='line_1_83' title="bbox 2155 3481 3810 3564; baseline -0.001 -17"><span class='ocrx_word' id='word_1_602' title='bbox 2155 3495 2478 3564; x_wconf 84' lang='lat' dir='ltr'>potestate;</span> <span class='ocrx_word' id='word_1_603' title='bbox 2511 3489 2840 3562; x_wconf 82' lang='lat' dir='ltr'>vegetantis</span> <span class='ocrx_word' id='word_1_604' title='bbox 2863 3487 3044 3562; x_wconf 87' lang='lat' dir='ltr'>igitur</span> <span class='ocrx_word' id='word_1_605' title='bbox 3061 3491 3266 3546; x_wconf 71' lang='lat' dir='ltr'>animae</span> <span class='ocrx_word' id='word_1_606' title='bbox 3299 3493 3618 3564; x_wconf 87' lang='lat' dir='ltr'>potestates</span> <span class='ocrx_word' id='word_1_607' title='bbox 3640 3481 3810 3547; x_wconf 89' lang='lat' dir='ltr'>nobis</span> 
     </span>
    </p>
   </div>
   <div class='ocr_carea' id='block_1_83' title="bbox 2155 3579 3811 3654">
    <p class='ocr_par' dir='ltr' id='par_1_83' title="bbox 2155 3579 3811 3654">
     <span class='ocr_line' id='line_1_84' title="bbox 2155 3579 3811 3654; baseline 0 -18"><span class='ocrx_word' id='word_1_608' title='bbox 2155 3597 2290 3636; x_wconf 87' lang='lat' dir='ltr'>cum</span> <span class='ocrx_word' id='word_1_609' title='bbox 2323 3579 2515 3634; x_wconf 89' lang='lat' dir='ltr'>brutis</span> <span class='ocrx_word' id='word_1_610' title='bbox 2545 3595 2890 3636; x_wconf 88' lang='lat' dir='ltr'>communes</span> <span class='ocrx_word' id='word_1_611' title='bbox 2923 3584 3083 3647; x_wconf 90' lang='lat' dir='ltr'>sunt,</span> <span class='ocrx_word' id='word_1_612' title='bbox 3107 3583 3432 3637; x_wconf 88' lang='lat' dir='ltr'>secundum</span> <span class='ocrx_word' id='word_1_613' title='bbox 3465 3598 3636 3654; x_wconf 89' lang='lat' dir='ltr'>quas,</span> <span class='ocrx_word' id='word_1_614' title='bbox 3668 3582 3811 3636; x_wconf 91' lang='lat' dir='ltr'>dum</span> 
     </span>
    </p>
   </div>
   <div class='ocr_carea' id='block_1_84' title="bbox 2157 3667 3818 3742">
    <p class='ocr_par' dir='ltr' id='par_1_84' title="bbox 2157 3667 3818 3742">
     <span class='ocr_line' id='line_1_85' title="bbox 2157 3667 3818 3742; baseline 0.001 -18"><span class='ocrx_word' id='word_1_615' title='bbox 2157 3669 2414 3740; x_wconf 84' lang='lat' dir='ltr'>agimus,</span> <span class='ocrx_word' id='word_1_616' title='bbox 2449 3672 2513 3723; x_wconf 91' lang='lat' dir='ltr'>ut</span> <span class='ocrx_word' id='word_1_617' title='bbox 2543 3667 2753 3741; x_wconf 70' lang='lat' dir='ltr'>plantae</span> <span class='ocrx_word' id='word_1_618' title='bbox 2785 3669 3020 3742; x_wconf 85' lang='lat' dir='ltr'>agimus</span> <span class='ocrx_word' id='word_1_619' title='bbox 3055 3687 3067 3724; x_wconf 92' lang='lat'><strong>:</strong></span> <span class='ocrx_word' id='word_1_620' title='bbox 3105 3671 3205 3725; x_wconf 89' lang='lat' dir='ltr'>ubi</span> <span class='ocrx_word' id='word_1_621' title='bbox 3257 3687 3391 3727; x_wconf 82' lang='lat' dir='ltr'>vero</span> <span class='ocrx_word' id='word_1_622' title='bbox 3423 3685 3526 3742; x_wconf 82' lang='lat' dir='ltr'>per</span> <span class='ocrx_word' id='word_1_623' title='bbox 3555 3671 3727 3740; x_wconf 68' lang='lat' dir='ltr'>iram,</span> <span class='ocrx_word' id='word_1_624' title='bbox 3757 3673 3818 3726; x_wconf 84' lang='lat' dir='ltr'>et</span> 
     </span>
    </p>
   </div>
   <div class='ocr_carea' id='block_1_85' title="bbox 2159 3757 3815 3830">
    <p class='ocr_par' dir='ltr' id='par_1_85' title="bbox 2159 3757 3815 3830">
     <span class='ocr_line' id='line_1_86' title="bbox 2159 3757 3815 3830; baseline 0 -16"><span class='ocrx_word' id='word_1_625' title='bbox 2159 3757 2720 3828; x_wconf 85' lang='lat' dir='ltr'>concupiscentiam,</span> <span class='ocrx_word' id='word_1_626' title='bbox 2757 3763 2822 3812; x_wconf 89' lang='lat' dir='ltr'>ut</span> <span class='ocrx_word' id='word_1_627' title='bbox 2869 3757 3086 3814; x_wconf 88' lang='lat' dir='ltr'>bruta:</span> <span class='ocrx_word' id='word_1_628' title='bbox 3121 3759 3358 3814; x_wconf 89' lang='lat' dir='ltr'>demum</span> <span class='ocrx_word' id='word_1_629' title='bbox 3409 3764 3472 3815; x_wconf 90' lang='lat' dir='ltr'>ut</span> <span class='ocrx_word' id='word_1_630' title='bbox 3521 3759 3815 3830; x_wconf 77' lang='lat' dir='ltr'>homines,</span> 
     </span>
    </p>
   </div>
   <div class='ocr_carea' id='block_1_86' title="bbox 2161 3847 3817 3919">
    <p class='ocr_par' dir='ltr' id='par_1_86' title="bbox 2161 3847 3817 3919">
     <span class='ocr_line' id='line_1_87' title="bbox 2161 3847 3817 3919; baseline 0.001 -17"><span class='ocrx_word' id='word_1_631' title='bbox 2161 3852 2388 3903; x_wconf 85' lang='lat' dir='ltr'>tantum</span> <span class='ocrx_word' id='word_1_632' title='bbox 2424 3848 2679 3919; x_wconf 85' lang='lat' dir='ltr'>agimus,</span> <span class='ocrx_word' id='word_1_633' title='bbox 2721 3864 2856 3902; x_wconf 87' lang='lat' dir='ltr'>cum</span> <span class='ocrx_word' id='word_1_634' title='bbox 2911 3847 3136 3904; x_wconf 83' lang='lat' dir='ltr'>ratione</span> <span class='ocrx_word' id='word_1_635' title='bbox 3177 3849 3420 3904; x_wconf 86' lang='lat' dir='ltr'>utimur.</span> <span class='ocrx_word' id='word_1_636' title='bbox 3453 3851 3644 3916; x_wconf 80' lang='lat' dir='ltr'>Quare</span> <span class='ocrx_word' id='word_1_637' title='bbox 3673 3849 3817 3906; x_wconf 84' lang='lat' dir='ltr'>scite</span> 
     </span>
    </p>
   </div>
   <div class='ocr_carea' id='block_1_87' title="bbox 2161 3935 3816 4011">
    <p class='ocr_par' dir='ltr' id='par_1_87' title="bbox 2161 3935 3816 4011">
     <span class='ocr_line' id='line_1_88' title="bbox 2161 3935 3816 4011; baseline 0.001 -18"><span class='ocrx_word' id='word_1_638' title='bbox 2161 3937 2482 3993; x_wconf 86' lang='lat' dir='ltr'>admodum</span> <span class='ocrx_word' id='word_1_639' title='bbox 2513 3935 2801 4006; x_wconf 91' lang='lat' dir='ltr'>Plotinus,</span> <span class='ocrx_word' id='word_1_640' title='bbox 2834 3937 2934 4008; x_wconf 90' lang='lat' dir='ltr'>qui</span> <span class='ocrx_word' id='word_1_641' title='bbox 2979 3937 3241 3994; x_wconf 87' lang='lat' dir='ltr'>altricem</span> <span class='ocrx_word' id='word_1_642' title='bbox 3270 3938 3546 3994; x_wconf 79' lang='lat' dir='ltr'>virtutem</span> <span class='ocrx_word' id='word_1_643' title='bbox 3587 3951 3816 4011; x_wconf 63' lang='lat' dir='ltr'>praecu-</span> 
     </span>
    </p>
   </div>
   <div class='ocr_carea' id='block_1_88' title="bbox 2163 4026 3815 4100">
    <p class='ocr_par' dir='ltr' id='par_1_88' title="bbox 2163 4026 3815 4100">
     <span class='ocr_line' id='line_1_89' title="bbox 2163 4026 3815 4100; baseline 0.001 -18"><span class='ocrx_word' id='word_1_644' title='bbox 2163 4027 2294 4100; x_wconf 89' lang='lat' dir='ltr'>pide</span> <span class='ocrx_word' id='word_1_645' title='bbox 2326 4043 2391 4082; x_wconf 86' lang='lat' dir='ltr'>ao</span> <span class='ocrx_word' id='word_1_646' title='bbox 2421 4027 2639 4082; x_wconf 84' lang='lat' dir='ltr'>furiose</span> <span class='ocrx_word' id='word_1_647' title='bbox 2667 4031 2997 4095; x_wconf 78' lang='lat' dir='ltr'>exerceant,</span> <span class='ocrx_word' id='word_1_648' title='bbox 3021 4026 3346 4100; x_wconf 87' lang='lat' dir='ltr'>periculum</span> <span class='ocrx_word' id='word_1_649' title='bbox 3377 4041 3508 4084; x_wconf 86' lang='lat' dir='ltr'>esse</span> <span class='ocrx_word' id='word_1_650' title='bbox 3537 4039 3610 4084; x_wconf 83' lang='lat' dir='ltr'>ne</span> <span class='ocrx_word' id='word_1_651' title='bbox 3637 4028 3699 4082; x_wconf 89' lang='lat' dir='ltr'>in</span> <span class='ocrx_word' id='word_1_652' title='bbox 3723 4043 3815 4084; x_wconf 86' lang='lat' dir='ltr'>ar-</span> 
     </span>
    </p>
   </div>
   <div class='ocr_carea' id='block_1_89' title="bbox 2165 4115 3004 4188">
    <p class='ocr_par' dir='ltr' id='par_1_89' title="bbox 2165 4115 3004 4188">
     <span class='ocr_line' id='line_1_90' title="bbox 2165 4115 3004 4188; baseline -0.002 -16"><span class='ocrx_word' id='word_1_653' title='bbox 2165 4119 2336 4172; x_wconf 86' lang='lat' dir='ltr'>bores</span> <span class='ocrx_word' id='word_1_654' title='bbox 2363 4115 2600 4171; x_wconf 85' lang='lat' dir='ltr'>tandem</span> <span class='ocrx_word' id='word_1_655' title='bbox 2631 4117 3004 4188; x_wconf 76' lang='lat' dir='ltr'>degenerant.</span> 
     </span>
    </p>
   </div>
   <div class='ocr_carea' id='block_1_90' title="bbox 2239 4241 3826 4316">
    <p class='ocr_par' dir='ltr' id='par_1_90' title="bbox 2239 4241 3826 4316">
     <span class='ocr_line' id='line_1_91' title="bbox 2239 4241 3826 4316; baseline 0.002 -21"><span class='ocrx_word' id='word_1_656' title='bbox 2239 4241 2634 4314; x_wconf 83' lang='lat' dir='ltr'>Avegetantis</span> <span class='ocrx_word' id='word_1_657' title='bbox 2681 4241 2889 4297; x_wconf 57' lang='lat' dir='ltr'>animis</span> <span class='ocrx_word' id='word_1_658' title='bbox 2939 4241 3344 4311; x_wconf 85' lang='lat' dir='ltr'>facultatibus,</span> <span class='ocrx_word' id='word_1_659' title='bbox 3397 4243 3717 4316; x_wconf 82' lang='lat' dir='ltr'>generandi</span> <span class='ocrx_word' id='word_1_660' title='bbox 3767 4243 3826 4299; x_wconf 85' lang='lat' dir='ltr'>et</span> 
     </span>
    </p>
   </div>
   <div class='ocr_carea' id='block_1_91' title="bbox 2169 4331 3824 4404">
    <p class='ocr_par' dir='ltr' id='par_1_91' title="bbox 2169 4331 3824 4404">
     <span class='ocr_line' id='line_1_92' title="bbox 2169 4331 3824 4404; baseline -0.001 -16"><span class='ocrx_word' id='word_1_661' title='bbox 2169 4331 2385 4401; x_wconf 89' lang='lat' dir='ltr'>alendi,</span> <span class='ocrx_word' id='word_1_662' title='bbox 2417 4331 2646 4388; x_wconf 83' lang='lat' dir='ltr'>diversa</span> <span class='ocrx_word' id='word_1_663' title='bbox 2675 4337 2764 4387; x_wconf 91' lang='lat' dir='ltr'>est</span> <span class='ocrx_word' id='word_1_664' title='bbox 2811 4331 3291 4404; x_wconf 79' lang='lat' dir='ltr'>concupiscentia</span> <span class='ocrx_word' id='word_1_665' title='bbox 3323 4349 3335 4388; x_wconf 92' lang='lat'>:</span> <span class='ocrx_word' id='word_1_666' title='bbox 3371 4331 3523 4389; x_wconf 87' lang='lat' dir='ltr'>hanc</span> <span class='ocrx_word' id='word_1_667' title='bbox 3553 4333 3710 4389; x_wconf 89' lang='lat' dir='ltr'>enim</span> <span class='ocrx_word' id='word_1_668' title='bbox 3740 4331 3824 4388; x_wconf 82' lang='lat' dir='ltr'>vi-</span> 
     </span>
    </p>
   </div>
   <div class='ocr_carea' id='block_1_92' title="bbox 2170 4419 3827 4496">
    <p class='ocr_par' dir='ltr' id='par_1_92' title="bbox 2170 4419 3827 4496">
     <span class='ocr_line' id='line_1_93' title="bbox 2170 4419 3827 4496; baseline -0.001 -18"><span class='ocrx_word' id='word_1_669' title='bbox 2170 4423 2399 4488; x_wconf 90' lang='lat' dir='ltr'>demus,</span> <span class='ocrx_word' id='word_1_670' title='bbox 2434 4439 2568 4476; x_wconf 91' lang='lat' dir='ltr'>cum</span> <span class='ocrx_word' id='word_1_671' title='bbox 2599 4421 2832 4477; x_wconf 85' lang='lat' dir='ltr'>duabus</span> <span class='ocrx_word' id='word_1_672' title='bbox 2865 4419 2982 4478; x_wconf 91' lang='lat' dir='ltr'>illis</span> <span class='ocrx_word' id='word_1_673' title='bbox 3017 4423 3475 4479; x_wconf 87' lang='lat' dir='ltr'>communicare.</span> <span class='ocrx_word' id='word_1_674' title='bbox 3503 4423 3640 4496; x_wconf 78' lang='lat' dir='ltr'>Agit</span> <span class='ocrx_word' id='word_1_675' title='bbox 3669 4421 3827 4478; x_wconf 89' lang='lat' dir='ltr'>enim</span> 
     </span>
    </p>
   </div>
   <div class='ocr_carea' id='block_1_93' title="bbox 2172 4511 3828 4584">
    <p class='ocr_par' dir='ltr' id='par_1_93' title="bbox 2172 4511 3828 4584">
     <span class='ocr_line' id='line_1_94' title="bbox 2172 4511 3828 4584; baseline -0.001 -17"><span class='ocrx_word' id='word_1_676' title='bbox 2172 4513 2228 4567; x_wconf 89' lang='lat' dir='ltr'>in</span> <span class='ocrx_word' id='word_1_677' title='bbox 2265 4511 2586 4580; x_wconf 89' lang='lat' dir='ltr'>alimentis,</span> <span class='ocrx_word' id='word_1_678' title='bbox 2618 4515 2673 4566; x_wconf 88' lang='lat' dir='ltr'>et</span> <span class='ocrx_word' id='word_1_679' title='bbox 2722 4513 3040 4584; x_wconf 86' lang='lat' dir='ltr'>generandi</span> <span class='ocrx_word' id='word_1_680' title='bbox 3090 4511 3305 4568; x_wconf 89' lang='lat' dir='ltr'>virtute</span> <span class='ocrx_word' id='word_1_681' title='bbox 3338 4529 3352 4567; x_wconf 89' lang='lat'>:</span> <span class='ocrx_word' id='word_1_682' title='bbox 3387 4511 3583 4568; x_wconf 76' lang='lat' dir='ltr'>differt</span> <span class='ocrx_word' id='word_1_683' title='bbox 3631 4515 3828 4568; x_wconf 86' lang='lat' dir='ltr'>autem</span> 
     </span>
    </p>
   </div>
   <div class='ocr_carea' id='block_1_94' title="bbox 2175 4599 3831 4674">
    <p class='ocr_par' dir='ltr' id='par_1_94' title="bbox 2175 4599 3831 4674">
     <span class='ocr_line' id='line_1_95' title="bbox 2175 4599 3831 4674; baseline -0.001 -18"><span class='ocrx_word' id='word_1_684' title='bbox 2175 4601 2312 4674; x_wconf 87' lang='lat' dir='ltr'>quia</span> <span class='ocrx_word' id='word_1_685' title='bbox 2360 4599 2837 4672; x_wconf 88' lang='lat' dir='ltr'>concupiscentia</span> <span class='ocrx_word' id='word_1_686' title='bbox 2887 4617 3020 4656; x_wconf 85' lang='lat' dir='ltr'>eum</span> <span class='ocrx_word' id='word_1_687' title='bbox 3072 4619 3252 4658; x_wconf 90' lang='lat' dir='ltr'>sensu</span> <span class='ocrx_word' id='word_1_688' title='bbox 3303 4601 3443 4674; x_wconf 84' lang='lat' dir='ltr'>agit,</span> <span class='ocrx_word' id='word_1_689' title='bbox 3493 4605 3831 4674; x_wconf 88' lang='lat' dir='ltr'>vegetantes</span> 
     </span>
    </p>
   </div>
   <div class='ocr_carea' id='block_1_95' title="bbox 408 4665 2039 4769">
    <p class='ocr_par' dir='ltr' id='par_1_95' title="bbox 408 4665 2039 4769">
     <span class='ocr_line' id='line_1_96' title="bbox 408 4665 2039 4769; baseline -0.008 -19"><span class='ocrx_word' id='word_1_690' title='bbox 408 4693 543 4769; x_wconf 79' lang='grc' dir='ltr'>μετὰ</span> <span class='ocrx_word' id='word_1_691' title='bbox 591 4665 893 4763; x_wconf 64' lang='lat' dir='ltr'>eieil-ricam:</span> <span class='ocrx_word' id='word_1_692' title='bbox 945 4685 1150 4764; x_wconf 79' lang='grc' dir='ltr'>ἐνεργεῖ</span> <span class='ocrx_word' id='word_1_693' title='bbox 1183 4665 1212 4721; x_wconf 45' lang='grc'><em>⁸.</em></span> <span class='ocrx_word' id='word_1_694' title='bbox 1261 4665 1441 4742; x_wconf 46' lang='grc' dir='ltr'>ἀἶ’δῖε</span> <span class='ocrx_word' id='word_1_695' title='bbox 1511 4685 1730 4764; x_wconf 81' lang='grc' dir='ltr'>φυτικαὶ</span> <span class='ocrx_word' id='word_1_696' title='bbox 1786 4679 2039 4756; x_wconf 80' lang='grc' dir='ltr'>δυνάμεις</span> 
     </span>
    </p>
   </div>
   <div class='ocr_carea' id='block_1_96' title="bbox 2153 4665 3830 4769">
    <p class='ocr_par' dir='ltr' id='par_1_96' title="bbox 2175 4689 3830 4746">
     <span class='ocr_line' id='line_1_97' title="bbox 2175 4689 3830 4746; baseline 0 -1"><span class='ocrx_word' id='word_1_697' title='bbox 2175 4707 2306 4746; x_wconf 87' lang='lat' dir='ltr'>vero</span> <span class='ocrx_word' id='word_1_698' title='bbox 2338 4691 2464 4745; x_wconf 88' lang='lat' dir='ltr'>sine</span> <span class='ocrx_word' id='word_1_699' title='bbox 2483 4707 2657 4745; x_wconf 90' lang='lat' dir='ltr'>sensu</span> <span class='ocrx_word' id='word_1_700' title='bbox 2695 4705 2707 4744; x_wconf 92' lang='lat'>:</span> <span class='ocrx_word' id='word_1_701' title='bbox 2743 4689 2878 4744; x_wconf 91' lang='lat' dir='ltr'>hinc</span> <span class='ocrx_word' id='word_1_702' title='bbox 2899 4689 3072 4744; x_wconf 87' lang='lat' dir='ltr'>bruta</span> <span class='ocrx_word' id='word_1_703' title='bbox 3099 4691 3224 4745; x_wconf 87' lang='lat' dir='ltr'>visa</span> <span class='ocrx_word' id='word_1_704' title='bbox 3244 4691 3460 4746; x_wconf 80' lang='lat' dir='ltr'>femina</span> <span class='ocrx_word' id='word_1_705' title='bbox 3481 4690 3540 4744; x_wconf 90' lang='lat' dir='ltr'>in</span> <span class='ocrx_word' id='word_1_706' title='bbox 3559 4705 3830 4746; x_wconf 89' lang='lat' dir='ltr'>venerem</span> 
     </span>
    </p>
   </div>
   <div class='ocr_carea' id='block_1_97' title="bbox 407 4771 2064 4852">
    <p class='ocr_par' dir='ltr' id='par_1_97' title="bbox 407 4771 2064 4852">
     <span class='ocr_line' id='line_1_98' title="bbox 407 4771 2064 4852; baseline -0.008 -12"><span class='ocrx_word' id='word_1_707' title='bbox 407 4781 528 4840; x_wconf 79' lang='grc' dir='ltr'>ἄνευ</span> <span class='ocrx_word' id='word_1_708' title='bbox 585 4781 910 4852; x_wconf 73' lang='grc' dir='ltr'>αἰσθήσεως’</span> <span class='ocrx_word' id='word_1_709' title='bbox 961 4773 1046 4833; x_wconf 80' lang='grc' dir='ltr'>διὸ</span> <span class='ocrx_word' id='word_1_710' title='bbox 1103 4778 1194 4834; x_wconf 82' lang='grc' dir='ltr'>καὶ</span> <span class='ocrx_word' id='word_1_711' title='bbox 1249 4776 1316 4831; x_wconf 67' lang='grc' dir='ltr'>τὰ</span> <span class='ocrx_word' id='word_1_712' title='bbox 1353 4771 1548 4850; x_wconf 69' lang='grc' dir='ltr'>ἄλογα,</span> <span class='ocrx_word' id='word_1_713' title='bbox 1582 4773 1647 4828; x_wconf 78' lang='grc' dir='ltr'>τὰ</span> <span class='ocrx_word' id='word_1_714' title='bbox 1678 4771 1852 4844; x_wconf 77' lang='grc' dir='ltr'>θήλεα</span> <span class='ocrx_word' id='word_1_715' title='bbox 1895 4773 2064 4848; x_wconf 72' lang='grc' dir='ltr'>ἑωρα-</span> 
     </span>
    </p>
   </div>
   <div class='ocr_carea' id='block_1_98' title="bbox 407 4861 2065 4943">
    <p class='ocr_par' dir='ltr' id='par_1_98' title="bbox 407 4861 2065 4943">
     <span class='ocr_line' id='line_1_99' title="bbox 407 4861 2065 4943; baseline -0.009 -13"><span class='ocrx_word' id='word_1_716' title='bbox 407 4871 542 4930; x_wconf 81' lang='grc' dir='ltr'>κότα</span> <span class='ocrx_word' id='word_1_717' title='bbox 581 4875 808 4927; x_wconf 86' lang='grc' dir='ltr'>κινεῖται</span> <span class='ocrx_word' id='word_1_718' title='bbox 867 4865 1004 4943; x_wconf 79' lang='grc' dir='ltr'>πρὸς</span> <span class='ocrx_word' id='word_1_719' title='bbox 1036 4863 1232 4942; x_wconf 74' lang='grc' dir='ltr'>ὄρεξιν,</span> <span class='ocrx_word' id='word_1_720' title='bbox 1299 4863 1376 4927; x_wconf 83' lang='grc' dir='ltr'>ὥς</span> <span class='ocrx_word' id='word_1_721' title='bbox 1431 4885 1491 4918; x_wconf 85' lang='grc' dir='ltr'>τε</span> <span class='ocrx_word' id='word_1_722' title='bbox 1541 4862 1674 4938; x_wconf 68' lang='grc' dir='ltr'>μετὰ</span> <span class='ocrx_word' id='word_1_723' title='bbox 1700 4861 1952 4940; x_wconf 85' lang='grc' dir='ltr'>γνώσεώς</span> <span class='ocrx_word' id='word_1_724' title='bbox 1981 4881 2065 4916; x_wconf 88' lang='grc' dir='ltr'>τι-</span> 
     </span>
    </p>
   </div>
   <div class='ocr_carea' id='block_1_99' title="bbox 407 4951 2068 5032">
    <p class='ocr_par' dir='ltr' id='par_1_99' title="bbox 407 4951 2068 5032">
     <span class='ocr_line' id='line_1_100' title="bbox 407 4951 2068 5032; baseline -0.006 -14"><span class='ocrx_word' id='word_1_725' title='bbox 407 4983 500 5026; x_wconf 82' lang='grc' dir='ltr'>νος</span> <span class='ocrx_word' id='word_1_726' title='bbox 555 4963 592 5031; x_wconf 78' lang='grc' dir='ltr'>ἦ</span> <span class='ocrx_word' id='word_1_727' title='bbox 653 4955 932 5032; x_wconf 76' lang='grc' dir='ltr'>ἐπιθυμία,</span> <span class='ocrx_word' id='word_1_728' title='bbox 967 4955 1092 5012; x_wconf 80' lang='grc' dir='ltr'>ἀλλ’</span> <span class='ocrx_word' id='word_1_729' title='bbox 1121 4953 1250 5032; x_wconf 76' lang='grc' dir='ltr'>οὐχὶ</span> <span class='ocrx_word' id='word_1_730' title='bbox 1306 4953 1396 5009; x_wconf 87' lang='grc' dir='ltr'>καὶ</span> <span class='ocrx_word' id='word_1_731' title='bbox 1430 4955 1485 5009; x_wconf 75' lang='grc' dir='ltr'>αἱ</span> <span class='ocrx_word' id='word_1_732' title='bbox 1534 4951 1750 5028; x_wconf 80' lang='grc' dir='ltr'>φυτικαὶ</span> <span class='ocrx_word' id='word_1_733' title='bbox 1785 4951 2068 5028; x_wconf 70' lang='grc' dir='ltr'>ἐνέργειαι.</span> 
     </span>
    </p>
   </div>
   <div class='ocr_carea' id='block_1_100' title="bbox 411 5041 2068 5122">
    <p class='ocr_par' dir='ltr' id='par_1_100' title="bbox 411 5041 2068 5122">
     <span class='ocr_line' id='line_1_101' title="bbox 411 5041 2068 5122; baseline -0.008 -15"><span class='ocrx_word' id='word_1_734' title='bbox 411 5051 600 5112; x_wconf 65' lang='grc' dir='ltr'>Οὕτως</span> <span class='ocrx_word' id='word_1_735' title='bbox 645 5045 840 5122; x_wconf 73' lang='grc' dir='ltr'>ἀμέλει</span> <span class='ocrx_word' id='word_1_736' title='bbox 893 5043 984 5101; x_wconf 76' lang='grc' dir='ltr'>καί</span> <span class='ocrx_word' id='word_1_737' title='bbox 1027 5043 1380 5107; x_wconf 78' lang='grc' dir='ltr'>καθεύδοντες</span> <span class='ocrx_word' id='word_1_738' title='bbox 1425 5041 1698 5104; x_wconf 77' lang='grc' dir='ltr'>πολλάκις</span> <span class='ocrx_word' id='word_1_739' title='bbox 1751 5041 2068 5116; x_wconf 71' lang='grc' dir='ltr'>ἔκκρίνομεν</span> 
     </span>
    </p>
   </div>
   <div class='ocr_carea' id='block_1_101' title="bbox 408 5131 2070 5214">
    <p class='ocr_par' dir='ltr' id='par_1_101' title="bbox 408 5131 2070 5214">
     <span class='ocr_line' id='line_1_102' title="bbox 408 5131 2070 5214; baseline -0.008 -16"><span class='ocrx_word' id='word_1_740' title='bbox 408 5141 472 5198; x_wconf 84' lang='grc' dir='ltr'>τὸ</span> <span class='ocrx_word' id='word_1_741' title='bbox 528 5135 766 5214; x_wconf 78' lang='grc' dir='ltr'>σπέρμα,</span> <span class='ocrx_word' id='word_1_742' title='bbox 831 5131 1109 5210; x_wconf 74' lang='grc' dir='ltr'>μηδεμιᾶς</span> <span class='ocrx_word' id='word_1_743' title='bbox 1154 5135 1457 5205; x_wconf 78' lang='grc' dir='ltr'>αἰσθήσεως</span> <span class='ocrx_word' id='word_1_744' title='bbox 1516 5133 1552 5204; x_wconf 80' lang='grc' dir='ltr'><strong>ἢ</strong></span> <span class='ocrx_word' id='word_1_745' title='bbox 1599 5131 1890 5211; x_wconf 77' lang='grc' dir='ltr'>φαντασίας</span> <span class='ocrx_word' id='word_1_746' title='bbox 1933 5149 2070 5207; x_wconf 88' lang='grc' dir='ltr'>προ--</span> 
     </span>
    </p>
   </div>
   <div class='ocr_carea' id='block_1_102' title="bbox 413 5217 2070 5308">
    <p class='ocr_par' dir='ltr' id='par_1_102' title="bbox 413 5217 2070 5308">
     <span class='ocr_line' id='line_1_103' title="bbox 413 5217 2070 5308; baseline -0.007 -23"><span class='ocrx_word' id='word_1_747' title='bbox 413 5227 792 5308; x_wconf 72' lang='grc' dir='ltr'>ηγησαμένηςο</span> <span class='ocrx_word' id='word_1_748' title='bbox 847 5217 1020 5294; x_wconf 83' lang='grc' dir='ltr'>δῆλον</span> <span class='ocrx_word' id='word_1_749' title='bbox 1073 5223 1155 5308; x_wconf 78' lang='grc' dir='ltr'>δτι</span> <span class='ocrx_word' id='word_1_750' title='bbox 1204 5223 1342 5279; x_wconf 78' lang='grc' dir='ltr'>κατὰ</span> <span class='ocrx_word' id='word_1_751' title='bbox 1385 5221 1760 5308; x_wconf 17' lang='grc' dir='ltr'>τᾶςλφυτικὰς</span> <span class='ocrx_word' id='word_1_752' title='bbox 1815 5218 2070 5308; x_wconf 67' lang='grc' dir='ltr'>δυνσὶμεις</span> 
     </span>
    </p>
   </div>
   <div class='ocr_carea' id='block_1_103' title="bbox 413 5305 2075 5398">
    <p class='ocr_par' dir='ltr' id='par_1_103' title="bbox 413 5305 2075 5398">
     <span class='ocr_line' id='line_1_104' title="bbox 413 5305 2075 5398; baseline -0.008 -22"><span class='ocrx_word' id='word_1_753' title='bbox 413 5305 1053 5398; x_wconf 35' lang='grc' dir='ltr'>ἐνεργήσαντεςηὬσπερ</span> <span class='ocrx_word' id='word_1_754' title='bbox 1086 5307 1176 5370; x_wconf 70' lang='grc' dir='ltr'>οὗν</span> <span class='ocrx_word' id='word_1_755' title='bbox 1211 5313 1334 5369; x_wconf 73' lang='grc' dir='ltr'>ὅταν</span> <span class='ocrx_word' id='word_1_756' title='bbox 1377 5312 1406 5366; x_wconf 90' lang='lat'>6</span> <span class='ocrx_word' id='word_1_757' title='bbox 1439 5305 1608 5387; x_wconf 88' lang='grc' dir='ltr'>λόγος</span> <span class='ocrx_word' id='word_1_758' title='bbox 1667 5307 2075 5385; x_wconf 82' lang='grc' dir='ltr'>ἀνδραποδισθῇ</span> 
     </span>
    </p>
   </div>
   <div class='ocr_carea' id='block_1_104' title="bbox 417 5397 2072 5480">
    <p class='ocr_par' dir='ltr' id='par_1_104' title="bbox 417 5397 2072 5480">
     <span class='ocr_line' id='line_1_105' title="bbox 417 5397 2072 5480; baseline -0.008 -15"><span class='ocrx_word' id='word_1_759' title='bbox 417 5397 522 5466; x_wconf 75' lang='grc' dir='ltr'>ὗπδ</span> <span class='ocrx_word' id='word_1_760' title='bbox 551 5411 650 5478; x_wconf 73' lang='grc' dir='ltr'>τῆς</span> <span class='ocrx_word' id='word_1_761' title='bbox 685 5397 932 5480; x_wconf 73' lang='grc' dir='ltr'>ἀλογίας,</span> <span class='ocrx_word' id='word_1_762' title='bbox 981 5401 1074 5459; x_wconf 68' lang='grc' dir='ltr'>καὶ</span> <span class='ocrx_word' id='word_1_763' title='bbox 1125 5401 1282 5464; x_wconf 77' lang='grc' dir='ltr'>αὐτὸς</span> <span class='ocrx_word' id='word_1_764' title='bbox 1333 5405 1504 5456; x_wconf 81' lang='grc' dir='ltr'>πᾶσαν</span> <span class='ocrx_word' id='word_1_765' title='bbox 1535 5405 1674 5456; x_wconf 86' lang='grc' dir='ltr'>κινεῖ</span> <span class='ocrx_word' id='word_1_766' title='bbox 1707 5399 1962 5477; x_wconf 70' lang='grc' dir='ltr'>μηχανὴν</span> <span class='ocrx_word' id='word_1_767' title='bbox 1997 5398 2072 5461; x_wconf 85' lang='grc' dir='ltr'>είς</span> 
     </span>
    </p>
   </div>
   <div class='ocr_carea' id='block_1_105' title="bbox 419 5485 2079 5571">
    <p class='ocr_par' dir='ltr' id='par_1_105' title="bbox 419 5485 2079 5571">
     <span class='ocr_line' id='line_1_106' title="bbox 419 5485 2079 5571; baseline -0.008 -16"><span class='ocrx_word' id='word_1_768' title='bbox 419 5495 774 5569; x_wconf 67' lang='grc' dir='ltr'>ἐκπλήρωσιν</span> <span class='ocrx_word' id='word_1_769' title='bbox 825 5495 1036 5571; x_wconf 78' lang='grc' dir='ltr'>τρυφῆς</span> <span class='ocrx_word' id='word_1_770' title='bbox 1081 5487 1173 5548; x_wconf 76' lang='grc' dir='ltr'>καὶ</span> <span class='ocrx_word' id='word_1_771' title='bbox 1221 5487 1599 5570; x_wconf 75' lang='grc' dir='ltr'>ἀφροδισίων,</span> <span class='ocrx_word' id='word_1_772' title='bbox 1655 5485 1746 5544; x_wconf 80' lang='grc' dir='ltr'>καὶ</span> <span class='ocrx_word' id='word_1_773' title='bbox 1806 5489 1875 5543; x_wconf 85' lang='grc' dir='ltr'>οὐ</span> <span class='ocrx_word' id='word_1_774' title='bbox 1932 5487 2079 5564; x_wconf 79' lang='grc' dir='ltr'>παρὰ</span> 
     </span>
    </p>
   </div>
   <div class='ocr_carea' id='block_1_106' title="bbox 419 5575 2078 5664">
    <p class='ocr_par' dir='ltr' id='par_1_106' title="bbox 419 5575 2078 5664">
     <span class='ocr_line' id='line_1_107' title="bbox 419 5575 2078 5664; baseline -0.008 -20"><span class='ocrx_word' id='word_1_775' title='bbox 419 5581 584 5644; x_wconf 77' lang='grc' dir='ltr'>τοῦτό</span> <span class='ocrx_word' id='word_1_776' title='bbox 611 5599 786 5664; x_wconf 80' lang='grc' dir='ltr'>φαμεν</span> <span class='ocrx_word' id='word_1_777' title='bbox 842 5583 1034 5637; x_wconf 76' lang='grc' dir='ltr'>ταυτὸν</span> <span class='ocrx_word' id='word_1_778' title='bbox 1097 5575 1230 5637; x_wconf 66' lang='grc' dir='ltr'>εἶναι</span> <span class='ocrx_word' id='word_1_779' title='bbox 1277 5585 1370 5635; x_wconf 82' lang='grc' dir='ltr'>τὸν</span> <span class='ocrx_word' id='word_1_780' title='bbox 1426 5575 1592 5654; x_wconf 89' lang='grc' dir='ltr'>λόγον</span> <span class='ocrx_word' id='word_1_781' title='bbox 1651 5583 1770 5640; x_wconf 85' lang='grc' dir='ltr'>ταῖς</span> <span class='ocrx_word' id='word_1_782' title='bbox 1827 5583 2078 5655; x_wconf 81' lang='grc' dir='ltr'>φυτικαῖς</span> 
     </span>
    </p>
   </div>
   <div class='ocr_carea' id='block_1_107' title="bbox 424 5665 2082 5750">
    <p class='ocr_par' dir='ltr' id='par_1_107' title="bbox 424 5665 2082 5750">
     <span class='ocr_line' id='line_1_108' title="bbox 424 5665 2082 5750; baseline -0.007 -16"><span class='ocrx_word' id='word_1_783' title='bbox 424 5676 735 5750; x_wconf 80' lang='grc' dir='ltr'>δυνάμεσιν.</span> <span class='ocrx_word' id='word_1_784' title='bbox 773 5669 928 5726; x_wconf 69' lang='grc' dir='ltr'>Οὕτω</span> <span class='ocrx_word' id='word_1_785' title='bbox 960 5672 1134 5750; x_wconf 72' lang='grc' dir='ltr'>φαμὲν</span> <span class='ocrx_word' id='word_1_786' title='bbox 1167 5670 1256 5726; x_wconf 85' lang='grc' dir='ltr'>καὶ</span> <span class='ocrx_word' id='word_1_787' title='bbox 1290 5668 1378 5724; x_wconf 78' lang='grc' dir='ltr'>ἐπὶ</span> <span class='ocrx_word' id='word_1_788' title='bbox 1409 5675 1508 5738; x_wconf 83' lang='grc' dir='ltr'>τῆς</span> <span class='ocrx_word' id='word_1_789' title='bbox 1538 5667 1848 5741; x_wconf 78' lang='grc' dir='ltr'>ἐπιθυμίας.</span> <span class='ocrx_word' id='word_1_790' title='bbox 1911 5665 2082 5725; x_wconf 84' lang='grc' dir='ltr'>Ἀλλᾶ</span> 
     </span>
    </p>
   </div>
   <div class='ocr_carea' id='block_1_108' title="bbox 423 5755 2079 5844">
    <p class='ocr_par' dir='ltr' id='par_1_108' title="bbox 423 5755 2079 5844">
     <span class='ocr_line' id='line_1_109' title="bbox 423 5755 2079 5844; baseline -0.007 -21"><span class='ocrx_word' id='word_1_791' title='bbox 423 5771 534 5823; x_wconf 90' lang='grc' dir='ltr'>τῶν</span> <span class='ocrx_word' id='word_1_792' title='bbox 573 5765 667 5840; x_wconf 74' lang='grc' dir='ltr'>μὶν</span> <span class='ocrx_word' id='word_1_793' title='bbox 702 5763 940 5844; x_wconf 87' lang='grc' dir='ltr'>φυτικῶν</span> <span class='ocrx_word' id='word_1_794' title='bbox 972 5757 1252 5835; x_wconf 78' lang='grc' dir='ltr'>δυνάμεῶν</span> <span class='ocrx_word' id='word_1_795' title='bbox 1283 5757 1420 5814; x_wconf 71' lang='grc' dir='ltr'>ἴδιον</span> <span class='ocrx_word' id='word_1_796' title='bbox 1451 5757 1516 5814; x_wconf 78' lang='grc' dir='ltr'>τὸ</span> <span class='ocrx_word' id='word_1_797' title='bbox 1575 5755 1766 5820; x_wconf 85' lang='grc' dir='ltr'>ἀπλως</span> <span class='ocrx_word' id='word_1_798' title='bbox 1821 5755 2079 5835; x_wconf 78' lang='grc' dir='ltr'>ἐφίεσθαι,</span> 
     </span>
    </p>
   </div>
   <div class='ocr_carea' id='block_1_109' title="bbox 2176 4777 3835 4852">
    <p class='ocr_par' dir='ltr' id='par_1_109' title="bbox 2176 4777 3835 4852">
     <span class='ocr_line' id='line_1_110' title="bbox 2176 4777 3835 4852; baseline -0.001 -17"><span class='ocrx_word' id='word_1_799' title='bbox 2176 4777 2600 4846; x_wconf 85' lang='lat' dir='ltr'>stimulantur;</span> <span class='ocrx_word' id='word_1_800' title='bbox 2637 4779 2779 4834; x_wconf 88' lang='lat' dir='ltr'>adeo</span> <span class='ocrx_word' id='word_1_801' title='bbox 2823 4783 2887 4832; x_wconf 90' lang='lat' dir='ltr'>ut</span> <span class='ocrx_word' id='word_1_802' title='bbox 2917 4795 3049 4834; x_wconf 92' lang='lat' dir='ltr'>cum</span> <span class='ocrx_word' id='word_1_803' title='bbox 3101 4779 3435 4851; x_wconf 84' lang='lat' dir='ltr'>cognitione</span> <span class='ocrx_word' id='word_1_804' title='bbox 3465 4779 3722 4852; x_wconf 87' lang='lat' dir='ltr'>quadam</span> <span class='ocrx_word' id='word_1_805' title='bbox 3758 4778 3835 4835; x_wconf 85' lang='lat' dir='ltr'>sit</span> 
     </span>
    </p>
   </div>
   <div class='ocr_carea' id='block_1_110' title="bbox 2178 4867 3835 4938">
    <p class='ocr_par' dir='ltr' id='par_1_110' title="bbox 2178 4867 3835 4938">
     <span class='ocr_line' id='line_1_111' title="bbox 2178 4867 3835 4938; baseline 0 -14"><span class='ocrx_word' id='word_1_806' title='bbox 2178 4867 2673 4938; x_wconf 84' lang='lat' dir='ltr'>concupiscentia,</span> <span class='ocrx_word' id='word_1_807' title='bbox 2707 4867 3034 4937; x_wconf 79' lang='lat' dir='ltr'>vegetantis</span> <span class='ocrx_word' id='word_1_808' title='bbox 3083 4867 3344 4923; x_wconf 87' lang='lat' dir='ltr'>actiones</span> <span class='ocrx_word' id='word_1_809' title='bbox 3393 4885 3508 4923; x_wconf 89' lang='lat' dir='ltr'>non</span> <span class='ocrx_word' id='word_1_810' title='bbox 3537 4868 3712 4936; x_wconf 76' lang='lat' dir='ltr'>item.</span> <span class='ocrx_word' id='word_1_811' title='bbox 3747 4869 3835 4924; x_wconf 87' lang='lat' dir='ltr'>Ita</span> 
     </span>
    </p>
   </div>
   <div class='ocr_carea' id='block_1_111' title="bbox 2177 4955 3832 5029">
    <p class='ocr_par' dir='ltr' id='par_1_111' title="bbox 2177 4955 3832 5029">
     <span class='ocr_line' id='line_1_112' title="bbox 2177 4955 3832 5029; baseline 0 -17"><span class='ocrx_word' id='word_1_812' title='bbox 2177 4957 2445 5012; x_wconf 82' lang='lat' dir='ltr'>videlicet</span> <span class='ocrx_word' id='word_1_813' title='bbox 2465 4955 2892 5012; x_wconf 88' lang='lat' dir='ltr'>dormientibus</span> <span class='ocrx_word' id='word_1_814' title='bbox 2915 4955 3084 5013; x_wconf 89' lang='lat' dir='ltr'>nobis</span> <span class='ocrx_word' id='word_1_815' title='bbox 3106 4973 3306 5012; x_wconf 90' lang='lat' dir='ltr'>semen</span> <span class='ocrx_word' id='word_1_816' title='bbox 3323 4955 3674 5029; x_wconf 85' lang='lat' dir='ltr'>excernitur,</span> <span class='ocrx_word' id='word_1_817' title='bbox 3698 4971 3832 5014; x_wconf 87' lang='lat' dir='ltr'>cum</span> 
     </span>
    </p>
   </div>
   <div class='ocr_carea' id='block_1_112' title="bbox 2181 5043 3836 5118">
    <p class='ocr_par' dir='ltr' id='par_1_112' title="bbox 2181 5043 3836 5118">
     <span class='ocr_line' id='line_1_113' title="bbox 2181 5043 3836 5118; baseline -0.001 -16"><span class='ocrx_word' id='word_1_818' title='bbox 2181 5045 2383 5102; x_wconf 86' lang='lat' dir='ltr'>nullus</span> <span class='ocrx_word' id='word_1_819' title='bbox 2415 5061 2646 5112; x_wconf 89' lang='lat' dir='ltr'>sensus,</span> <span class='ocrx_word' id='word_1_820' title='bbox 2683 5049 2784 5100; x_wconf 87' lang='lat' dir='ltr'>aut</span> <span class='ocrx_word' id='word_1_821' title='bbox 2825 5043 3100 5118; x_wconf 89' lang='lat' dir='ltr'>impulsio</span> <span class='ocrx_word' id='word_1_822' title='bbox 3133 5063 3166 5100; x_wconf 86' lang='lat' dir='ltr'>a</span> <span class='ocrx_word' id='word_1_823' title='bbox 3195 5046 3386 5118; x_wconf 87' lang='lat' dir='ltr'>specie</span> <span class='ocrx_word' id='word_1_824' title='bbox 3437 5045 3836 5118; x_wconf 69' lang='lat' dir='ltr'>praecesserit;</span> 
     </span>
    </p>
   </div>
   <div class='ocr_carea' id='block_1_113' title="bbox 2181 5133 3838 5208">
    <p class='ocr_par' dir='ltr' id='par_1_113' title="bbox 2181 5133 3838 5208">
     <span class='ocr_line' id='line_1_114' title="bbox 2181 5133 3838 5208; baseline 0 -18"><span class='ocrx_word' id='word_1_825' title='bbox 2181 5137 2334 5208; x_wconf 88' lang='lat' dir='ltr'>quod</span> <span class='ocrx_word' id='word_1_826' title='bbox 2370 5151 2402 5189; x_wconf 90' lang='lat' dir='ltr'>a</span> <span class='ocrx_word' id='word_1_827' title='bbox 2433 5135 2756 5206; x_wconf 85' lang='lat' dir='ltr'>vegetantis</span> <span class='ocrx_word' id='word_1_828' title='bbox 2777 5133 3152 5191; x_wconf 83' lang='lat' dir='ltr'>facultatibus</span> <span class='ocrx_word' id='word_1_829' title='bbox 3175 5133 3298 5190; x_wconf 82' lang='lat' dir='ltr'>fieri</span> <span class='ocrx_word' id='word_1_830' title='bbox 3323 5133 3704 5190; x_wconf 83' lang='lat' dir='ltr'>manifestum</span> <span class='ocrx_word' id='word_1_831' title='bbox 3727 5135 3838 5190; x_wconf 88' lang='lat' dir='ltr'>est.</span> 
     </span>
    </p>
   </div>
   <div class='ocr_carea' id='block_1_114' title="bbox 2181 5223 3843 5296">
    <p class='ocr_par' dir='ltr' id='par_1_114' title="bbox 2181 5223 3843 5296">
     <span class='ocr_line' id='line_1_115' title="bbox 2181 5223 3843 5296; baseline 0.001 -17"><span class='ocrx_word' id='word_1_832' title='bbox 2181 5223 2689 5288; x_wconf 82' lang='lat' dir='ltr'>Quemadmodum</span> <span class='ocrx_word' id='word_1_833' title='bbox 2725 5223 2925 5296; x_wconf 89' lang='lat' dir='ltr'>igitur,</span> <span class='ocrx_word' id='word_1_834' title='bbox 2951 5241 3084 5280; x_wconf 90' lang='lat' dir='ltr'>cum</span> <span class='ocrx_word' id='word_1_835' title='bbox 3118 5241 3149 5280; x_wconf 81' lang='grc' dir='ltr'>ει</span> <span class='ocrx_word' id='word_1_836' title='bbox 3182 5223 3504 5296; x_wconf 88' lang='lat' dir='ltr'>cupiditate</span> <span class='ocrx_word' id='word_1_837' title='bbox 3523 5223 3678 5280; x_wconf 87' lang='lat' dir='ltr'>victa</span> <span class='ocrx_word' id='word_1_838' title='bbox 3697 5223 3843 5280; x_wconf 84' lang='lat' dir='ltr'>ratio</span> 
     </span>
    </p>
   </div>
   <div class='ocr_carea' id='block_1_115' title="bbox 2186 5313 3845 5386">
    <p class='ocr_par' dir='ltr' id='par_1_115' title="bbox 2186 5313 3845 5386">
     <span class='ocr_line' id='line_1_116' title="bbox 2186 5313 3845 5386; baseline -0.001 -16"><span class='ocrx_word' id='word_1_839' title='bbox 2186 5315 2382 5379; x_wconf 83' lang='lat' dir='ltr'>fuerit,</span> <span class='ocrx_word' id='word_1_840' title='bbox 2413 5319 2470 5369; x_wconf 91' lang='lat' dir='ltr'>et</span> <span class='ocrx_word' id='word_1_841' title='bbox 2505 5313 2563 5369; x_wconf 91' lang='lat' dir='ltr'>in</span> <span class='ocrx_word' id='word_1_842' title='bbox 2597 5313 2937 5370; x_wconf 86' lang='lat' dir='ltr'>servitutem</span> <span class='ocrx_word' id='word_1_843' title='bbox 2972 5313 3224 5381; x_wconf 87' lang='lat' dir='ltr'>redacta,</span> <span class='ocrx_word' id='word_1_844' title='bbox 3252 5319 3372 5370; x_wconf 87' lang='lat' dir='ltr'>tota</span> <span class='ocrx_word' id='word_1_845' title='bbox 3403 5313 3502 5369; x_wconf 82' lang='lat' dir='ltr'>illa</span> <span class='ocrx_word' id='word_1_846' title='bbox 3531 5313 3756 5386; x_wconf 88' lang='lat' dir='ltr'>impetu</span> <span class='ocrx_word' id='word_1_847' title='bbox 3784 5313 3845 5368; x_wconf 86' lang='lat' dir='ltr'>in</span> 
     </span>
    </p>
   </div>
   <div class='ocr_carea' id='block_1_116' title="bbox 2185 5401 3848 5478">
    <p class='ocr_par' dir='ltr' id='par_1_116' title="bbox 2185 5401 3848 5478">
     <span class='ocr_line' id='line_1_117' title="bbox 2185 5401 3848 5478; baseline 0.001 -19"><span class='ocrx_word' id='word_1_848' title='bbox 2185 5401 2542 5476; x_wconf 86' lang='lat' dir='ltr'>voluptatem</span> <span class='ocrx_word' id='word_1_849' title='bbox 2576 5408 2631 5459; x_wconf 90' lang='lat' dir='ltr'>et</span> <span class='ocrx_word' id='word_1_850' title='bbox 2663 5419 2752 5459; x_wconf 91' lang='lat' dir='ltr'>res</span> <span class='ocrx_word' id='word_1_851' title='bbox 2783 5419 3060 5459; x_wconf 89' lang='lat' dir='ltr'>venereas</span> <span class='ocrx_word' id='word_1_852' title='bbox 3083 5405 3284 5472; x_wconf 80' lang='lat' dir='ltr'>fertur,</span> <span class='ocrx_word' id='word_1_853' title='bbox 3314 5419 3502 5478; x_wconf 87' lang='lat' dir='ltr'>neque</span> <span class='ocrx_word' id='word_1_854' title='bbox 3534 5407 3730 5460; x_wconf 88' lang='lat' dir='ltr'>tamen</span> <span class='ocrx_word' id='word_1_855' title='bbox 3755 5401 3848 5460; x_wconf 90' lang='lat' dir='ltr'>id-</span> 
     </span>
    </p>
   </div>
   <div class='ocr_carea' id='block_1_117' title="bbox 2188 5491 3848 5565">
    <p class='ocr_par' dir='ltr' id='par_1_117' title="bbox 2188 5491 3848 5565">
     <span class='ocr_line' id='line_1_118' title="bbox 2188 5491 3848 5565; baseline 0.001 -18"><span class='ocrx_word' id='word_1_856' title='bbox 2188 5493 2340 5548; x_wconf 89' lang='lat' dir='ltr'>eirco</span> <span class='ocrx_word' id='word_1_857' title='bbox 2372 5495 2640 5549; x_wconf 86' lang='lat' dir='ltr'>eamdem</span> <span class='ocrx_word' id='word_1_858' title='bbox 2690 5491 2884 5549; x_wconf 89' lang='lat' dir='ltr'>inesse</span> <span class='ocrx_word' id='word_1_859' title='bbox 2929 5493 3216 5549; x_wconf 90' lang='lat' dir='ltr'>rationem</span> <span class='ocrx_word' id='word_1_860' title='bbox 3267 5493 3574 5565; x_wconf 83' lang='lat' dir='ltr'>vegetandi</span> <span class='ocrx_word' id='word_1_861' title='bbox 3603 5493 3848 5550; x_wconf 87' lang='lat' dir='ltr'>faculta-</span> 
     </span>
    </p>
   </div>
   <div class='ocr_carea' id='block_1_118' title="bbox 2189 5579 3848 5654">
    <p class='ocr_par' dir='ltr' id='par_1_118' title="bbox 2189 5579 3848 5654">
     <span class='ocr_line' id='line_1_119' title="bbox 2189 5579 3848 5654; baseline 0.001 -17"><span class='ocrx_word' id='word_1_862' title='bbox 2189 5581 2354 5638; x_wconf 84' lang='lat' dir='ltr'>tibus</span> <span class='ocrx_word' id='word_1_863' title='bbox 2387 5583 2639 5638; x_wconf 87' lang='lat' dir='ltr'>dicimus</span> <span class='ocrx_word' id='word_1_864' title='bbox 2674 5599 2688 5637; x_wconf 90' lang='lat'><strong>:</strong></span> <span class='ocrx_word' id='word_1_865' title='bbox 2723 5583 2877 5638; x_wconf 91' lang='lat' dir='ltr'>idem</span> <span class='ocrx_word' id='word_1_866' title='bbox 2909 5587 2966 5639; x_wconf 90' lang='lat' dir='ltr'>et</span> <span class='ocrx_word' id='word_1_867' title='bbox 2989 5583 3059 5638; x_wconf 91' lang='lat' dir='ltr'>de</span> <span class='ocrx_word' id='word_1_868' title='bbox 3089 5583 3543 5654; x_wconf 87' lang='lat' dir='ltr'>concupiscente</span> <span class='ocrx_word' id='word_1_869' title='bbox 3574 5579 3848 5638; x_wconf 88' lang='lat' dir='ltr'>dicimus.</span> 
     </span>
    </p>
   </div>
   <div class='ocr_carea' id='block_1_119' title="bbox 2193 5670 3850 5744">
    <p class='ocr_par' dir='ltr' id='par_1_119' title="bbox 2193 5670 3850 5744">
     <span class='ocr_line' id='line_1_120' title="bbox 2193 5670 3850 5744; baseline -0.001 -18"><span class='ocrx_word' id='word_1_870' title='bbox 2193 5671 2598 5742; x_wconf 82' lang='lat' dir='ltr'>Vegetantium</span> <span class='ocrx_word' id='word_1_871' title='bbox 2631 5689 2762 5727; x_wconf 87' lang='lat' dir='ltr'>vero</span> <span class='ocrx_word' id='word_1_872' title='bbox 2787 5670 3135 5728; x_wconf 76' lang='lat' dir='ltr'>facultatum</span> <span class='ocrx_word' id='word_1_873' title='bbox 3157 5672 3457 5744; x_wconf 87' lang='lat' dir='ltr'>proprium</span> <span class='ocrx_word' id='word_1_874' title='bbox 3481 5675 3590 5740; x_wconf 90' lang='lat' dir='ltr'>est,</span> <span class='ocrx_word' id='word_1_875' title='bbox 3613 5671 3850 5744; x_wconf 80' lang='lat' dir='ltr'>simpli-</span> 
     </span>
    </p>
   </div>
   <div class='ocr_carea' id='block_1_120' title="bbox 2195 5755 3850 5833">
    <p class='ocr_par' dir='ltr' id='par_1_120' title="bbox 2195 5755 3850 5833">
     <span class='ocr_line' id='line_1_121' title="bbox 2195 5755 3850 5833; baseline -0.002 -17"><span class='ocrx_word' id='word_1_876' title='bbox 2195 5763 2338 5818; x_wconf 90' lang='lat' dir='ltr'>citer</span> <span class='ocrx_word' id='word_1_877' title='bbox 2368 5767 2662 5833; x_wconf 89' lang='lat' dir='ltr'>appetere,</span> <span class='ocrx_word' id='word_1_878' title='bbox 2697 5765 2753 5816; x_wconf 90' lang='lat' dir='ltr'>et</span> <span class='ocrx_word' id='word_1_879' title='bbox 2783 5761 2910 5816; x_wconf 87' lang='lat' dir='ltr'>sine</span> <span class='ocrx_word' id='word_1_880' title='bbox 2961 5778 3162 5830; x_wconf 87' lang='lat' dir='ltr'>sensu,</span> <span class='ocrx_word' id='word_1_881' title='bbox 3195 5779 3394 5819; x_wconf 86' lang='lat' dir='ltr'>semen</span> <span class='ocrx_word' id='word_1_882' title='bbox 3445 5755 3712 5817; x_wconf 86' lang='lat' dir='ltr'>emittere</span> <span class='ocrx_word' id='word_1_883' title='bbox 3743 5775 3758 5816; x_wconf 89' lang='lat'><strong>:</strong></span> <span class='ocrx_word' id='word_1_884' title='bbox 3791 5763 3850 5815; x_wconf 84' lang='lat' dir='ltr'>at</span> 
     </span>
    </p>
   </div>
  </div>
