4124 6464
340 418 496 479 1039

1672 409 2099 472 MICHAELIS
2149 410 2416 470 PSELLI

3598 404 3754 465 1040

335 544 802 618 concupiscentis
826 543 983 598 hunc
998 541 1085 597 vel
1107 540 1269 597 illum
1286 542 1570 611 cibum,et
1587 543 1980 611 concubitum,

2103 538 2191 594 καὶ
2223 539 2393 614 γονήν
2421 537 2703 613 προίεσθαι
2743 538 3171 607 ἀνεπαισθήτως·
3205 542 3304 605 τῆς
3355 531 3413 590 δέ
3465 532 3751 606 ἐπιθυμίας

335 642 511 709 atque
536 634 776 690 omnino
806 631 1185 705 voluptatem.
1222 634 1303 686 An
1353 632 1530 703 igitur
1592 650 1745 688 unus
1803 636 1894 687 est
1934 635 1991 685 et

333 725 508 795 idem,
541 724 794 779 duarum
845 720 1189 777 facultatum
1222 719 1990 793 eﬂ‘ectus,'concupiscentis

330 821 390 872 et
415 815 778 889 vegetantis;
812 830 884 868 an
916 811 1159 885 planum
1193 818 1280 867 est
1314 829 1427 869 non
1459 829 1589 869 esse
1619 829 1803 868 unum
1826 813 1853 866 ‘?
1885 810 1986 867 sed

331 904 513 976 hujus
529 907 760 959 tantum
778 907 889 970 est,
914 901 1000 958 vel
1018 901 1207 968 cibus,
1235 902 1321 958 vel
1344 901 1589 959 seminis
1612 903 1832 967 ﬂuxus;
1857 917 1990 956 con-

331 992 690 1067 cupiscentia
734 996 954 1054 autem.
1004 990 1323 1063 voluptas:
1360 997 1425 1047 ut
1476 991 1583 1047 hac
1631 990 1989 1064 appetentis,

333 1082 726 1139 conditionem
761 1084 1021 1136 nostram
1074 1096 1371 1135 servemus
1401 1085 1459 1135 et
1495 1080 1728 1153 generis
1759 1095 1989 1134 succes-

332 1171 582 1228 sionem.
616 1172 761 1227 Cum
801 1185 935 1225 vero
969 1168 1115 1224 ratio
1165 1168 1475 1240 cupiditati
1528 1168 1725 1237 servit,
1758 1166 1988 1223 nullum

333 1275 464 1317 esse
494 1258 675 1331 hujus
702 1258 948 1315 actionis
973 1258 1275 1330 pr0prium
1306 1259 1482 1314 ﬁnem
1509 1258 1661 1327 dico,
1696 1257 1833 1330 quia
1855 1273 1993 1329 prte-

331 1353 422 1406 ter
450 1352 725 1404 naturam
758 1348 1021 1420 ipsorum
1056 1347 1346 1419 ejusmodi
1394 1348 1545 1404 actio
1577 1351 1686 1403 est.
1719 1350 1853 1412 Quae
1886 1362 1989 1401 au-

330 1442 451 1495 tem
476 1442 684 1510 praeter
707 1442 979 1493 naturam
1000 1442 1160 1503 sunt,
1184 1437 1255 1492 ad
1278 1437 1449 1492 tinem
1473 1436 1618 1491 nihil
1639 1436 1989 1492 conterunt:

333 1543 471 1583 nam
508 1532 572 1583 ut
609 1525 843 1597 ancilla,
878 1543 992 1582 non
1042 1543 1243 1595 suum,
1275 1527 1377 1582 sed
1422 1526 1765 1598 cupiditatis
1815 1526 1990 1580 ﬁnem

332 1622 578 1689 spectat,
610 1615 986 1688 voluptatem.
1019 1615 1218 1688 Neque
1238 1633 1372 1673 vero
1403 1633 1512 1672 nos
1543 1614 1858 1687 quisquam
1889 1612 1993 1668 illa

331 1706 742 1778 imperitorum
777 1705 1085 1761 hominum
1113 1704 1483 1761 dubitatione
1508 1702 1838 1776 interpellet
1870 1719 1881 1758 :
1917 1719 1991 1758 an

329 1795 533 1868 igitur,
566 1799 683 1850 tres
714 1795 943 1850 animus
992 1794 1279 1850 habemus
1307 1799 1365 1851 et
1396 1813 1429 1850 ιι
1458 1794 1648 1850 tribus
1690 1790 1994 1866 regimur?

332 1885 680 1957 Respondeo
711 1884 892 1952 enim,
928 1884 1433 1956 quemadmodum
1487 1883 1626 1939 huic
1676 1884 1991 1956 conjuncta

332 1974 561 2047 corpori
594 1973 816 2040 anima,
851 1989 972 2029 rem
1005 1990 1183 2028 unam
1237 1990 1371 2029 cum
1407 1991 1474 2029 eo
1509 1973 1696 2029 facere
1728 1973 1989 2041 videtur;

333 2080 398 2119 re
430 2068 623 2119 autem
657 2060 807 2134 ipsa,
842 2077 1025 2117 unum
1052 2080 1167 2118 non
1200 2066 1326 2118 est:
1355 2063 1438 2118 ita
1466 2079 1602 2119 cum
1634 2061 1879 2118 rationis
1903 2079 1993 2117 ex-

336 2155 520 2225 perte,
553 2153 611 2206 et
640 2154 942 2223 vegetante
962 2150 1279 2221 cohaerens,
1310 2169 1485 2207 unam
1510 2153 1830 2225 quamdam
1855 2167 1992 2207 con-

334 2241 672 2297 tinuitatem
704 2239 840 2294 facit
863 2244 1096 2313 propter
1112 2241 1554 2298 connexionem.
1583 2241 1727 2297 Nam
1758 2258 1789 2296 a
1817 2241 1989 2296 ratio-

337 2329 541 2399 nabili,
574 2328 821 2385 rationis
860 2346 1064 2402 expers
1114 2329 1353 2386 assidue
1399 2331 1709 2403 dependet,
1744 2331 1813 2385 ab
1846 2331 1988 2385 irra-

333 2418 602 2476 tionabili
634 2422 910 2491 vegetans
941 2436 955 2474 :
990 2435 1120 2491 quae
1151 2420 1289 2492 quia
1321 2426 1559 2493 prapter
1608 2419 1765 2476 illam
1801 2420 1987 2476 cohm-

335 2508 586 2566 rentiam
618 2509 821 2564 eadem
843 2526 962 2564 una
989 2508 1318 2580 patiuntur,
1339 2527 1516 2566 unam
1541 2526 1669 2566 esse
1700 2510 1986 2577 dicimus;

332 2598 470 2672 quia
529 2597 754 2655 caeteris
805 2597 1198 2670 potestatibus
1242 2602 1522 2670 tanquam
1576 2599 1987 2655 instrumentis

334 2687 523 2744 utitur
552 2686 793 2743 rationis
823 2703 1061 2758 compos
1092 2687 1317 2745 anima.

404 2777 621 2832 Harum
640 2778 833 2831 autem
854 2778 1234 2846 potestatum,
1256 2792 1454 2831 earum
1477 2774 1604 2830 dico
1623 2792 1745 2845 qua:
1766 2774 1987 2831 ratione

329 2869 552 2932 carent,
575 2868 633 2921 et
653 2863 1077 2936 vegetantium,
1098 2863 1225 2919 alia:
1247 2864 1317 2919 ad
1346 2863 1750 2920 rationabilem
1775 2864 1984 2936 magis,

327 2953 454 3010 aliis
487 2952 688 3008 minus
714 2953 1029 3008 accedunt:
1052 2953 1485 3010 irrationabiles
1506 2953 1744 3026 quidem
1771 2953 1981 3025 magis,

325 3042 462 3114 quia
493 3040 702 3098 rationi
735 3042 1068 3098 auscultare
1100 3041 1308 3098 solent.
1344 3042 1552 3109 Quare,
1586 3059 1721 3099 cum
1753 3042 1982 3114 cupidi-

325 3135 479 3189 tates
508 3132 906 3203 increpamus,
940 3132 1367 3189 mansuetiores
1397 3150 1496 3189 eas
1531 3132 1853 3189 reddimus.

397 3271 624 3324 Pectore
649 3282 924 3340 percusso,
952 3268 1149 3324 cordia
1179 3268 1530 3339 increpitavz’t
1565 3267 1796 3340 Ulysses.

323 3377 404 3445 et,

392 3482 518 3539 Haec
546 3482 751 3553 anime,
781 3482 892 3537 haec
920 3484 1088 3538 etiam
1108 3482 1388 3554 quondam
1418 3484 1677 3553 graviora
1703 3483 1903 3538 tulisti.

320 3709 380 3762 et
407 3704 800 3778 complurima
827 3705 1119 3777 ejusmodi
1154 3722 1167 3760 :
1201 3705 1298 3760 sed
1333 3705 1474 3777 quid
1506 3704 1637 3760 dico
1668 3706 1724 3760 in
1760 3706 1978 3763 nobis?

320 3793 519 3850 multa;
536 3794 790 3850 ferarum
805 3794 1064 3850 humano
1079 3810 1347 3851 sermone
1362 3794 1790 3851 mansuetiores
1806 3797 1974 3852 ﬁunt.

316 3886 392 3938 At
419 3886 774 3956 vegetantes,
799 3888 863 3938 ut
886 3900 1015 3955 quas
1041 3900 1371 3940 sermonem
1394 3901 1509 3939 non
1532 3884 1803 3952 audiunt,
1830 3903 1861 3941 a
1883 3902 1974 3941 ra-

316 3970 494 4029 tionis
525 3976 793 4046 compote
823 3973 1023 4028 anima
1041 3972 1383 4029 remotior-es
1415 3977 1582 4028 sunt:
1608 3989 1797 4046 neque
1818 3974 1973 4030 enim

316 4061 618 4132 praescribi
651 4065 845 4133 potest
887 4061 1075 4117 altrici
1110 4062 1385 4134 potestati
1417 4052 1609 4134 quoad
1660 4062 1817 4133 alat;
1868 4079 1975 4120 ne-

317 4166 432 4221 que
478 4150 747 4218 auctrici,
779 4155 1069 4222 quantum
1123 4155 1374 4223 augeat;
1424 4167 1612 4223 neque
1659 4152 1973 4222 generandi

315 4238 592 4309 potestati
640 4257 653 4294 :
704 4238 987 4295 nimirum
1043 4257 1154 4294 non
1208 4239 1398 4312 ipsam
1447 4246 1818 4312 potestatem,
1866 4228 1972 4297 sed

315 4325 698 4397 cupiditatem
720 4327 1195 4399 comprimimus:
1223 4333 1481 4401 potestas
1502 4330 1654 4386 enim
1682 4329 1975 4385 nihilomi-

317 4431 432 4470 nus
464 4419 685 4486 manet,
719 4415 827 4472 etsi
872 4432 987 4471 non
1020 4422 1172 4487 agat.
1205 4421 1300 4473 Hae
1349 4418 1545 4490 itaque
1590 4424 1731 4474 sunt
1762 4419 1974 4475 anima:

312 4506 656 4576 potestates,
691 4503 1100 4572 rationabiles,
1133 4506 1592 4579 irrationabiles,
1615 4513 1972 4582 vegetantes.

302 4593 563 4651 Animam
584 4593 826 4666 quidam
845 4595 1050 4650 dicunt
1068 4595 1966 4671 incorpoream,quidamcorpus:

2098 630 2182 696 τὸ,
2235 624 2458 684 τοιᾶσδε
2513 635 2743 706 τροφῆς,
2776 626 2866 683 καὶ
2896 623 3116 682 τοιᾶσδε
3167 626 3386 698 μίξεως,
3434 623 3523 678 καὶ
3564 621 3750 684 ἁπλῶς

2097 723 2196 772 τοῦ
2242 715 2422 787 ἡδέος.
2472 717 2540 775 Τί
2591 716 2683 773 οὖν
2734 714 2838 792 ἄρα
2881 712 2937 770 ἓν
2970 714 3082 770 ἐστι
3112 714 3203 770 καὶ
3231 713 3424 769 ταυτὸν
3483 717 3591 767 τῶν
3652 709 3748 766 δύο

2101 805 2380 881 δυνάμεων
2434 804 2802 881 ἀποτέλεσμα,
2841 813 2942 875 τῆς
2969 826 3029 859 τε
3066 803 3354 878 ἐπιθυμίας
3384 803 3473 858 καὶ
3520 809 3619 872 τῆς
3651 823 3749 878 φυ-

2099 901 2297 965 τικῆς;
2329 894 2364 964 ἢ
2398 892 2568 965 δῆλον
2602 893 2684 949 ὅτι
2716 893 2823 968 οὐχ
2849 893 2905 948 ἓν
2934 911 2948 963 ;
2980 888 3126 948 ἀλλὰ
3152 895 3255 957 τῆς
3318 891 3411 964 μὶν
3471 888 3663 952 ἁπλῶς

2098 987 2299 1062 τροφὴ,
2331 986 2366 1054 ἢ
2400 988 2560 1061 γονή·
2610 993 2713 1056 τῆς
2769 982 2829 1039 δὶ
2883 983 3173 1058 ἐπιθυμίας
3220 983 3255 1052 ἠ
3288 979 3487 1053 ἡδονὴ,
3542 980 3634 1036 ’ἶνα
3679 985 3749 1056 τῇ

2101 1074 2272 1149 ἐφέσει
2303 1076 2471 1150 ταύτῃ
2504 1076 2595 1131 τόν
2653 1096 2712 1131 τε
2758 1073 2967 1147 κλῆρον
2996 1076 3158 1146 ἡμῶν
3219 1070 3608 1150 φυλάττωμεν,
3661 1070 3751 1125 καὶ

2099 1166 2197 1233 την
2232 1170 2332 1219 τοῦ
2361 1164 2548 1240 γένους
2593 1163 2886 1240 διαδοχήν·
2939 1167 3044 1217 Τοῦ
3075 1160 3134 1217 δὲ
3173 1159 3342 1237 λόγου
3382 1159 3506 1216 ὅταν
3554 1160 3754 1231 ἐξυπη-

2103 1258 2320 1329 ρετῆται
2366 1256 2466 1324 τήν
2516 1254 2830 1328 ἐπιθυμίαν,
2883 1254 2945 1309 οὐ
2997 1252 3144 1327 λέγω
3175 1249 3315 1307 ἴδιόν
3342 1273 3396 1306 τι
3426 1250 3630 1319 ταύτης
3652 1256 3753 1320 τῆς

2102 1343 2372 1421 ἐνεργείας
2428 1343 2590 1407 τέλος
2638 1345 2815 1418 εἶναι,
2889 1342 2974 1399 ὅτι
3052 1343 3199 1417 παρᾶ
3270 1341 3426 1421 φύσιν
3486 1341 3663 1397 αὐτῶν
3717 1344 3753 1412 ἡ

2099 1434 2327 1505 τοιαύτη
2398 1434 2636 1512 ἐνέργεια
2670 1482 2685 1506 ,
2735 1435 2800 1489 τά
2852 1430 2911 1489 δὲ
2964 1432 3112 1509 παρὰ
3162 1431 3318 1510 φύσιν
3378 1432 3444 1487 οὐ
3500 1431 3756 1509 σύμφορα

2101 1525 2237 1599 πρὸς
2289 1525 2352 1579 τὸ
2408 1524 2590 1587 τέλος·
2652 1526 2741 1587 Ὡς
2801 1525 2904 1599 γὰρ
2966 1522 3266 1598 ὑπηρέτης,
3323 1522 3388 1577 οὐ
3446 1521 3509 1576 τὸ
3540 1522 3754 1588 ἑαυτοῦ,

2101 1612 2247 1669 ἀλλὰ
2282 1620 2383 1683 τῆς
2415 1614 2706 1688 ἐπιθυμίας
2732 1614 2796 1669 τὸ
2822 1612 2983 1675 τέλος
3013 1612 3408 1686 παρασκευάζει
3462 1612 3563 1681 τήν
3616 1606 3755 1679 ἡδο-

2100 1704 2221 1773 νήν.
2254 1706 2345 1774 Μὴ
2378 1704 2653 1777 άπορείτω
2685 1701 2742 1759 δέ
2769 1724 2853 1765 τις
2883 1703 2980 1771 τὴν
3017 1698 3301 1771 ἰδιωτικὴν
3338 1700 3567 1774 ἀπορίαν
3621 1699 3757 1755 ἐκεί-

2099 1814 2222 1862 νην.
2248 1794 2308 1848 Τί
2340 1794 2431 1848 οὗν
2458 1800 2606 1870 τρεῖς
2636 1793 2820 1870 ψυχὰς
2877 1787 3102 1868 ἔχομεν,
3154 1791 3243 1846 καὶ
3278 1789 3381 1845 ὑπὸ
3432 1794 3599 1864 τριῶν
3658 1792 3755 1864 ψυ-

2102 1902 2220 1960 χων
2272 1882 2660 1958 διοικούμεοα;
2694 1882 2855 1957 Λέγω
2906 1882 3011 1958 γὰρ
3058 1880 3141 1936 ὅτι
3169 1880 3349 1951 ὣσπερ
3393 1880 3653 1944 ἑνωθεῖσα
3715 1881 3751 1949 ἡ

2102 1975 2255 2048 ψυχὴ
2315 1978 2394 2046 τῷ
2447 1974 2659 2047 σώματι
2712 1971 2914 2044 τούτῳ,
2972 1967 3121 2025 δοκεῖ
3164 1970 3259 2043 μέν
3308 1966 3364 2024 ἓν
3419 1990 3471 2023 τι
3530 1974 3757 2044 πρᾶγμα

2100 2069 2268 2132 ποιεῖ,
2310 2062 2446 2118 κατᾶ
2497 2063 2756 2134 ἀλήθειαν
2790 2058 2848 2116 δὲ
2900 2059 3007 2136 οὐχ
3053 2056 3106 2114 ἓν
3165 2060 3217 2113 τί
3278 2057 3438 2113 ἐστιν·
3490 2058 3633 2113 οὕτω
3684 2061 3754 2133 τῇ

2099 2174 2158 2207 τε
2188 2152 2378 2228 ἀλόγῳ
2426 2154 2518 2208 καὶ
2687 2154 2885 2227 φυτικῇ
2947 2148 3295 2222 συνημμένη,
3349 2147 3476 2222 μίαν
3514 2149 3609 2221 μέν
3635 2168 3757 2203 τινα

2101 2244 2375 2319 συνέχειαν
2428 2248 2577 2298 ποιεῖ
2632 2238 2722 2297 διὰ
2772 2242 2868 2308 τὴν
2946 2244 3228 2316 συνάφειαν
3266 2256 3278 2269 ·
3354 2236 3577 2309 ἐξῆπται
3650 2238 3753 2315 γάρ

2099 2339 2389 2410 προσεχῶς
2438 2336 2536 2402 τῆς
2590 2333 2682 2405 μέν
2716 2330 2950 2405 λογικῆς
3000 2332 3035 2399 ἡ
3070 2327 3289 2405 ἄλογος,
3327 2334 3428 2397 τῆς
3462 2325 3519 2383 δέ
3549 2325 3753 2404 ἀλόγου

2098 2424 2132 2492 ἠ
2167 2425 2388 2498 φυτική.
2422 2422 2521 2478 Διά
2551 2418 2608 2477 δέ
2635 2422 2735 2489 την
2762 2417 3057 2494 γινομένην
3087 2416 3147 2472 ἐκ
3175 2423 3275 2486 τῆς
3308 2415 3592 2492 συναφείας
3622 2416 3750 2471 ταύ-

2096 2532 2194 2583 της
2226 2512 2582 2585 συμπάθειαν,
2619 2511 2745 2583 μίαν
2773 2509 2972 2588 φαμέν,
3006 2509 3111 2578 ὅτι,
3144 2507 3219 2570 ὡς
3251 2505 3500 2583 ὀργάνοις
3541 2507 3751 2582 κέχρη-

2093 2622 2185 2657 ται
2213 2606 2333 2663 ταῖς
2373 2598 2573 2661 ἄλλαις
2599 2596 2888 2673 δυνάμεσιν
2918 2600 2953 2667 ἡ
2986 2596 3210 2672 λογική.

2168 2779 2389 2839 Τούτων
2424 2777 2481 2834 δέ
2508 2784 2616 2834 τῶν
2646 2775 2951 2851 δυνάμεων,
2984 2776 3132 2852 λέγω
3164 2774 3231 2846 δη
3264 2780 3374 2832 τῶν
3422 2796 3481 2831 τε
3532 2773 3747 2851 ἀλόγων

2094 2872 2181 2926 καὶ
2214 2875 2320 2925 τῶν
2356 2873 2618 2946 φυτικῶν,
2650 2869 2703 2923 αἱ
2736 2868 2831 2940 μὶν
2864 2865 3077 2941 μᾶλλον
3113 2865 3383 2942 ἐγγίζουσι
3435 2869 3503 2940 τῇ
3548 2863 3748 2943 λογικῇ

2094 2963 2270 3036 ψυχῇ,
2305 2961 2359 3014 αἱ
2399 2957 2456 3014 δέ
2485 2960 2668 3028 ἧττον·
2704 2958 2760 3013 αἱ
2794 2958 2888 3030 μέν
2928 2955 3126 3033 ἄλογοι
3179 2954 3394 3029 μᾶλλον
3450 2953 3747 3031 ἐγγίζουσι,

2093 3047 2233 3105 διότι
2273 3048 2540 3127 πεφύκασι
2584 3046 2897 3103 κατακούειν
2950 3046 3143 3121 λόγου.
3198 3046 3291 3100 Διὸ
3321 3042 3749 3116 ἐπιπλήττοντες

2088 3144 2206 3201 ταῖς
2239 3137 2573 3210 ἐπιθυμίαις,
2599 3135 2902 3212 πρᾳοτέρας
2935 3135 3101 3197 αὐτας
3133 3138 3422 3207 ποιοῦμεν.

2166 3275 2373 3342 Στῆθος
2406 3268 2464 3327 δὶ
2493 3273 2706 3343 πλήξας
2735 3267 2966 3345 κραδίην
2993 3268 3233 3340 ἠνίπαπε
3264 3269 3439 3343 μύθῳ·

2090 3381 2201 3451 καὶ,

2159 3486 2391 3553 Τέτλαθι
2470 3485 2536 3558 δὴ
2615 3484 2851 3559 κραδίη,
2924 3485 3015 3540 καὶ
3089 3483 3343 3559 κύντερον
3366 3550 3390 3559 __
3424 3481 3566 3559 ᾇτ’λλο
3624 3485 3747 3540 ποτ’

3342 3550 3528 3627 [ἔτλης
3560 3558 3659 3630 (1),

2615 3484 2810 3562 κραδίη
2835 3530 2851 3555 ,
2924 3485 3015 3540 καὶ

2084 3707 2174 3764 καὶ
2231 3707 2417 3764 πολλὰ
2467 3711 2709 3763 τοιαῦτα.
2771 3705 2870 3760 Καὶ
2921 3704 2975 3759 τί
3029 3702 3174 3782 λέγω
3203 3703 3254 3759 ἐν
3302 3706 3439 3777 ἡμῖν
3469 3723 3483 3775 ;
3516 3704 3738 3760 καὶτῶν

2085 3796 2288 3874 θηρίων
2316 3795 2503 3853 πολλά
2551 3796 2876 3872 ἡμερώτερα
2903 3792 2993 3850 διὰ
3016 3798 3128 3849 ciba
3177 3792 3359 3869 λόγων
3405 3793 3629 3870 γίνεται·
3685 3796 3741 3850 αἱ

2086 3885 2143 3943 δὲ
2189 3886 2431 3965 φυτικαὶ,
2490 3887 2582 3942 ἅτε
2626 3887 2700 3959 μὴ
2733 3883 3135 3940 κατακούουσαι
3168 3882 3377 3960 λόγων,
3408 3882 3742 3960 πόρῥωτέρω

2086 3977 2188 4031 εἶσὶ
2235 3979 2333 4046 τῆς
2407 3975 2638 4052 λογικῆς
2709 3978 2913 4050 ψυχῆς.
2975 3972 3053 4032 Οὐ
3114 3974 3214 4049 γὰρ
3272 3966 3414 4027 ἔστιν
3473 3971 3745 4044 ἐπιτάξαι,

2085 4063 2212 4121 οὔτε
2266 4070 2334 4140 τῇ
2369 4068 2633 4138 θρεπτικῇ
2666 4062 2891 4136 δυνάμει
2945 4064 3111 4139 μέχρι
3140 4062 3320 4117 πόσου
3371 4060 3586 4138 θρέψαι,
3620 4059 3747 4118 οὔτε

2082 4159 2150 4228 τῇ
2203 4154 2468 4228 αὐξητικῇ
2502 4152 2747 4227 αύξῇσαι,
2809 4149 2933 4208 οὔτε
2973 4155 3043 4226 τῇ
3090 4149 3425 4229 γεννητικῇ·
3482 4148 3744 4222 δηλονότι

2085 4244 2196 4319 οὐχ
2236 4242 2428 4306 ἁπλῶς
2474 4243 2642 4311 αὐτὴν
2674 4243 2773 4311 τήν
2807 4238 3064 4314 δύναμιν,
3124 4239 3270 4297 ἀλλά
3297 4240 3398 4310 τήν
3449 4240 3741 4314 ἐπιθυμίαν

2083 4329 2546 4405 καταστέλλομεν·
2649 4332 2753 4408 γὰρ
2787 4327 3013 4404 δύναμις
3056 4329 3210 4386 οὐδὲν
3256 4330 3420 4400 ἦττον
3456 4329 3602 4404 μένει
3652 4330 3743 4385 καὶ

2088 4422 2164 4493 μή
2197 4419 2503 4498 ἐνεργοῦσα.
2559 4418 2727 4478 Αὗται
2761 4421 2857 4493 μὲν
2891 4420 2981 4475 οὗν
3015 4421 3070 4473 αἱ
3113 4416 3370 4493 δυνάμεις
3398 4427 3498 4489 τῆς
3528 4422 3736 4496 ψυχῆς,

2084 4507 2139 4564 αἵ
2167 4531 2225 4564 τε
2256 4509 2494 4583 Λογικαὶ,
2542 4508 2632 4563 καὶ
2664 4509 2719 4563 αἱ
2767 4506 2986 4582 ἄλογοι,
3013 4506 3101 4562 καὶ
3135 4507 3190 4561 αἱ
3236 4505 3456 4584 φυτικαὶ
3506 4507 3590 4561 ὅτι
3641 4508 3744 4577 τὴν

2084 4599 2292 4675 ψυχὴν,
2325 4599 2377 4653 οἱ
2414 4597 2505 4671 μέν
2540 4618 2697 4677 φασιν
2726 4596 3037 4670 ἀσώματον,
3070 4596 3122 4650 oi.
3149 4593 3207 4651 δὶ
3237 4598 3418 4669 σῶμα.
3470 4595 3573 4652 Καὶ
3628 4599 3741 4650 τῶν

306 4698 507 4739 eorum
533 4682 633 4757 qui
657 4683 999 4756 corpus,alii
1025 4668 1298 4757 simplex,
1318 4686 1417 4741 alii
1442 4668 1975 4759 coinpositumieo-

2093 4694 2243 4762 πῶμα
2286 4690 2338 4744 οἱ
2382 4688 2477 4761 μὲν
2525 4688 2758 4756 ἁπλοῦν,
2809 4687 2862 4741 οἱ
2890 4684 2947 4741 δὲ
2978 4685 3253 4750 σύνθετον·
3288 4686 3375 4740 καὶ
3408 4689 3517 4740 τῶν
3549 4685 3739 4739 σύνθε-

306 4789 440 4829 rum
463 4775 726 4847 vero,qui
748 4775 1165 4848 compositum,
1196 4774 1393 4846 alii,ex
1409 4778 1686 4834 connexis
1713 4779 1975 4851 corpori-

306 4863 441 4935 bus,
462 4862 559 4918 alii
582 4880 653 4920 ex
676 4881 789 4920 non
812 4864 1166 4936 conjunctis.
1193 4869 1431 4938 Eorum,
1456 4865 1557 4937 qui
1579 4868 1828 4939 simplex
1852 4885 1974 4925 cor-

307 4967 420 5023 pus
434 4952 689 5009 animam
714 4969 843 5010 esse
861 4953 1264 5020 dixerunt,alii
1287 4954 1742 5023 azthereumJtoc
1759 4962 1850 5014 est
1865 4974 1973 5014 coe-

307 5038 456 5097 leste
485 5041 920 5112 intellexerunt,
957 5047 1017 5097 ut
1053 5042 1389 5099 Heraclides
1417 5044 1697 5102 Ponticus
1729 5064 1743 5103 :
1775 5046 1965 5120 ignem

311 5127 506 5201 alii,ut
525 5129 1023 5205 Heraclitus,quia
1046 5132 1239 5206 ignem
1268 5131 1363 5188 ille
1391 5149 1585 5189 rerum
1611 5136 1967 5208 principium

311 5219 661 5291 appellabat,
695 5226 754 5277 et
782 5221 1040 5277 animam
1087 5223 1322 5295 igneam
1352 5227 1592 5295 propter
1620 5224 1964 5298 agilitatem,

292 5305 410 5360 alii
441 5323 510 5362 ex
539 5325 692 5381 aere,
726 5315 792 5366 ut
821 5309 1240 5383 Anaximenes,
1275 5315 1332 5366 et
1375 5313 1614 5385 quidam
1648 5331 1678 5369 e
1707 5314 1915 5371 Stoicis
1950 5331 1962 5371 :

309 5393 427 5450 Alii
457 5411 526 5453 ex
556 5414 731 5470 aqua,
763 5405 829 5455 ut
873 5399 1089 5457 Thales
1118 5398 1379 5457 Milesius
1428 5408 1485 5457 et
1530 5402 1719 5476 Hippo
1750 5420 1964 5477 cogno-

310 5487 509 5541 mento
538 5486 762 5544 Atheus
788 5504 802 5543 :
833 5489 973 5561 quia
1001 5488 1158 5545 enim
1209 5505 1408 5545 semen
1438 5489 1714 5548 videbant
1741 5509 1810 5549 ex
1853 5493 1961 5549 hu-

310 5570 471 5629 mida
507 5588 638 5630 esse
668 5577 1024 5646 substantia,
1059 5581 1367 5650 propterea
1414 5582 1471 5636 et
1500 5595 1715 5652 aquam
1765 5599 1960 5638 rerum

383 5750 463 5825 (1)
493 5750 680 5823 Odyss.
718 5758 785 5810 V.

2080 4799 2195 4847 τον,
2230 4779 2281 4833 οἳ
2316 4779 2411 4851 μὲν
2457 4776 2517 4832 ἐκ
2570 4777 2931 4849 συνημμένων
2991 4776 3283 4848 σωμάτων,
3344 4774 3396 4829 οἱ
3459 4770 3516 4828 δὲ
3574 4773 3742 4828 ἀσυν-

2083 4869 2301 4925 άπτων.
2361 4871 2477 4922 Τῶν
2534 4865 2591 4921 δὲ
2649 4864 2856 4921 ἁπλοῦν
2909 4869 3066 4937 σῶμα
3123 4863 3423 4942 εἰρηκότων
3461 4908 3474 4933 ,
3523 4864 3575 4919 οἱ
3638 4863 3736 4937 μὲν

2082 4956 2315 5031 αἶθέριον
2376 4957 2528 5012 εἶναι·
2587 4956 2779 5011 ταυτὸν
2845 4951 2903 5009 δὲ
2977 4953 3147 5009 εἰπεῖν
3221 4952 3473 5029 οὐράνιον
3525 4950 3733 5028 ἀπεφή-

2078 5067 2255 5117 ναιτο,
2314 5048 2387 5109 ὡς
2443 5042 2806 5122 Ἡρακλείδης
2865 5045 2893 5099 ὁ
2938 5042 3220 5106 Ποντικός.
3276 5044 3343 5100 Οἱ
3386 5039 3445 5097 δὲ
3495 5046 3600 5117 πῦρ
3658 5039 3732 5102 ὡς

2077 5134 2453 5211 Ἡράκλειτος,
2479 5132 2668 5203 ἐπειδὴ
2733 5134 2822 5189 καὶ
2866 5137 2975 5210 πῦρ
3025 5131 3213 5208 ἔλεγον
3261 5133 3360 5201 τὴν
3395 5131 3576 5207 ἀρχὴν
3624 5133 3731 5185 τῶν

2078 5221 2271 5293 ὄντων,
2322 5224 2411 5279 καὶ
2455 5225 2555 5294 τὴν
2605 5224 2792 5299 ψυχὴν
2848 5219 2906 5278 δέ
2958 5223 3155 5297 πυριᾶν
3191 5219 3370 5277 διὰτὸ
3430 5220 3733 5292 εὐκίνητον·

2076 5315 2130 5369 οἱ
2188 5310 2245 5368 δὲ
2274 5312 2456 5389 ἆερίαν
2489 5314 2561 5375 ὡς
2589 5312 2974 5385 Ἀναξιμένης,
3002 5311 3094 5367 καί
3130 5332 3274 5373 τινες
3304 5315 3412 5366 τῶν
3446 5314 3733 5366 Στωϊκῶν·

2076 5403 2127 5457 οἱ
2190 5399 2247 5457 δὲ
2288 5401 2337 5476 ἐξ
2393 5399 2611 5474 ὕδατος,
2664 5401 2738 5464 ὡς
2798 5399 2982 5471 Θαλῆς
3025 5401 3118 5456 καὶ
3167 5401 3379 5456 Ἵππων
3426 5400 3455 5454 ὁ
3499 5396 3735 5470 ἐπίκλην

2072 5491 2251 5565 ἄθεος.
2285 5489 2506 5561 Ἐπειδὴ
2557 5491 2659 5567 γὰρ
2706 5491 2805 5560 τὴν
2856 5490 3025 5565 γονὴν
3077 5486 3263 5567 ἐώρων
3317 5487 3369 5560 ἐξ
3420 5490 3582 5565 ὑγρᾶς
3639 5488 3733 5544 οὗ·

2073 5601 2165 5635 σαν
2193 5579 2404 5652 οὐσίας,
2439 5578 2528 5636 διὰ
2550 5584 2712 5636 τοῦτο
2745 5579 2836 5635 καὶ
2868 5576 3015 5652 ὕδωρ
3046 5580 3145 5650 τὴν
3197 5579 3377 5654 ἀρχὴν
3418 5582 3527 5634 τῶν
3556 5573 3729 5633 ὄντων
