4124 6404
404 475 555 535 1041

1880 466 1982 526 DE
2027 465 2304 527 ANIMA.

3668 462 3825 526 1012

399 607 675 683 ἐνόμισαν.
708 607 873 665 Οὗτοι
927 606 1021 680 μὲν
1055 606 1146 661 οὗν
1180 605 1233 660 οἱ
1275 602 1485 660 ἁπλοῦν
1545 600 1826 678 εἰρηκότες
1877 603 2052 672 σῶμα.

2180 600 2536 674 principium
2572 618 2701 658 esse
2733 601 2997 657 arbitrati
3023 604 3182 656 sunt.
3209 599 3307 656 Isti
3340 602 3501 669 sunt,
3571 597 3673 670 qui
3704 598 3831 653 ani-

389 703 500 755 τῶν
534 695 592 753 δὲ
652 698 907 760 σόνθετον
944 699 1105 769 σῶμα
1131 696 1233 764 τὴν
1288 694 1479 769 ψυχὴν
1547 689 1957 768 ὑπειληφότων,
2014 689 2066 742 οἱ

400 788 495 862 μὲν
529 787 580 857 ἐξ
612 784 933 841 ἀσυνάπτων
983 781 1276 859 στοιχείων
1337 781 1521 860 φασὶν,
1584 781 1658 843 ὡς
1720 777 2069 853 Δημόκριτος

392 878 483 934 καὶ
516 874 849 946 Λεύκιππος,
893 873 982 928 καὶ
1016 871 1208 935 ἅπλῶς
1238 872 1290 927 οἱ
1340 872 1409 926 τὰ
1459 874 1683 926 τοιαῦτα
1736 867 2067 945 εἲσάγοντες·

397 973 626 1047 Ἔλεγον
668 972 773 1047 γὰρ
825 971 1003 1047 ἀρχὰς
1034 972 1143 1024 τῶν
1178 963 1347 1024 ὄντων
1380 967 1448 1023 τὰ
1498 964 1675 1041 ἄτομα
1721 965 1813 1021 καὶ
1865 965 1929 1019 τὸ
1977 985 2065 1019 κε-

395 1062 509 1118 νόν.
547 1061 696 1115 Εἶναι
724 1060 816 1115 οὖν
850 1062 942 1114 καὶ
991 1060 1089 1127 τήν
1144 1058 1331 1134 ψυχὴν
1390 1056 1451 1112 ἐκ
1477 1060 1780 1132 σφαιρικῶν
1841 1053 2063 1127 ἀτόμων

400 1152 757 1228 συγκειμένην
799 1145 888 1203 διὰ
927 1147 990 1202 τὸ
1045 1147 1330 1218 εὐκίνητον
1353 1168 1366 1181 ο
1416 1146 1469 1201 οῖ
1503 1143 1561 1200 δὲ
1590 1144 1649 1201 ἐκ
1680 1143 2062 1218 συνημμένων,

399 1238 472 1301 ὠς
523 1238 743 1316 Κριτίας
801 1238 829 1292 ὁ
880 1238 957 1299 εἶς
1000 1241 1108 1291 τῶν
1156 1236 1486 1311 τριάκοντα·
1536 1235 1675 1309 αἷμα
1720 1234 1820 1311 γὰρ
1880 1232 2062 1309 ἔλεγεν

392 1329 524 1384 εἶναι
580 1329 679 1397 τὴν
730 1328 939 1403 ψυχήν.
995 1329 1117 1383 Τῶν
1154 1323 1212 1381 δὲ
1270 1326 1563 1400 ἀσώματον
1606 1323 1977 1398 δοξασαντων,
2010 1343 2065 1403 οἱ

397 1418 492 1493 μὲν
556 1418 839 1494 χωριστὴν
900 1419 1008 1472 τῶν
1063 1416 1356 1490 σωμάτων,
1413 1417 1465 1470 οἱ
1497 1412 1555 1471 δὲ
1586 1415 1919 1490 ἀχώριστον.
1957 1414 2060 1481 Καὶ

391 1512 501 1563 τῶν
531 1508 865 1584 ἀχώριστον,
899 1507 952 1561 οἱ
1009 1506 1104 1580 μὲν
1136 1506 1227 1561 τὸν
1282 1504 1444 1582 λόγον
1478 1505 1616 1561 εἶναι
1648 1507 1749 1574 τῆς
1791 1504 2059 1580 κράσεως,

391 1600 511 1653 οἷον
541 1596 625 1652 ὅτι
656 1596 745 1652 ἐᾶν
778 1593 1072 1651 διπλάσιον
1106 1599 1213 1669 πῦρ
1252 1598 1430 1671 μιχθῇ
1462 1599 1540 1666 τῷ
1571 1592 1747 1662 ὕδατι,
1801 1592 1837 1663 ἢ
1884 1593 2057 1667 ἡμιόο

395 1686 542 1756 λιον,
594 1687 680 1756 ἦτι
712 1688 962 1741 τοιοῦτον
997 1690 1146 1740 ποιεῖ
1173 1686 1272 1756 τὴν
1327 1686 1537 1760 ψυχήν.
1572 1684 1650 1741 Οὗ
1695 1683 1797 1759 γὰρ
1856 1679 2057 1737 διπλά-

396 1797 533 1847 σιος,
566 1775 754 1854 φησὶν,
800 1774 835 1845 ἢ
887 1774 1152 1848 ἡμιόλιος
1196 1771 1388 1850 λόγος,
1418 1773 1580 1829 τοῦτό
1613 1771 1725 1828 ἐστι
1756 1773 1932 1848 ψοχή.
1988 1771 2058 1829 Οἱ

399 1863 457 1922 δὲ
487 1867 653 1936 αὑτήν
685 1866 786 1934 τήν
832 1869 1041 1940 κρᾶσιν⁸
1093 1864 1145 1919 ol.
1191 1861 1249 1919 δὲ
1296 1861 1653 1940 ἐντελέχειαν.
1713 1862 2057 1938 Ἐντελέχεια

2186 707 2340 746 mam
2375 691 2625 763 simplex
2654 708 2867 763 corpus
2899 707 3028 746 esse
3070 690 3362 745 dixerunt.
3398 690 3554 743 Inter
3581 704 3680 743 eos
3729 704 3833 743 au-

2182 785 2323 850 tem,
2356 782 2456 853 qui
2490 784 2881 852 compositum
2914 795 3127 851 corpus
3157 794 3286 833 esse
3319 776 3577 832 animam
3629 775 3832 831 existi-

2183 877 2366 940 mant,
2400 870 2495 926 alii
2528 887 2595 925 ex
2625 869 2931 925 elementis
2974 884 3088 924 non
3122 866 3452 936 conjunctis
3508 865 3830 935 afﬁrmant,

2181 976 2245 1026 ut
2278 969 2645 1026 Democritus
2684 972 2741 1023 et
2790 966 3140 1038 Leucippus,
3203 966 3563 1035 demumque
3613 961 3828 1028 cieteri,

2180 1061 2277 1134 qui
2309 1059 2421 1115 ista
2451 1060 2816 1114 invexerunt.
2850 1061 3064 1110 Rerum
3125 1055 3302 1109 etiam
3353 1052 3644 1125 principia
3698 1066 3828 1106 esse

2178 1158 2424 1219 atomos,
2451 1157 2507 1204 et
2528 1164 2779 1203 vacuum
2814 1145 3121 1201 dicebant:
3155 1158 3284 1198 esse
3314 1142 3512 1213 itaque
3566 1138 3825 1195 animam

2176 1257 2245 1295 ex
2278 1240 2547 1295 rotundis
2569 1237 2783 1293 atomis
2815 1233 3127 1291 conﬂatam
3155 1235 3391 1305 propter
3424 1228 3781 1284 velocitatem
3810 1244 3824 1283 :

2174 1331 2273 1386 alii
2307 1347 2375 1385 ex
2418 1326 2773 1399 conjunctis,
2807 1329 2873 1381 ut
2929 1322 3142 1380 Critias
3190 1336 3348 1376 unus
3405 1335 3473 1374 ex
3530 1316 3820 1389 triginta;

2172 1421 2391 1494 quippe
2422 1418 2678 1475 animam
2713 1432 2841 1472 esse
2888 1412 3195 1485 sanginem
3231 1407 3554 1465 dictitabat.
3608 1406 3822 1463 Eorum

2171 1510 2501 1582 autem,qui
2535 1509 2935 1578 incorporeum
2964 1499 3233 1559 arbitrati
3266 1502 3427 1565 sunt,
3459 1495 3558 1552 alii
3590 1511 3823 1568 separa-

2171 1601 2347 1656 bilem
2380 1617 2415 1656 a
2436 1598 2801 1671 corporibus,
2831 1588 3288 1665 inseparabilem
3321 1587 3420 1643 alii
3465 1587 3821 1642 statuerunt.

2170 1704 2381 1755 Eorum
2439 1699 2539 1771 qui
2597 1691 3071 1767 inseparabilem;
3149 1688 3248 1744 alii
3326 1683 3819 1756 contemperatio-

2168 1791 2262 1847 nis
2292 1805 2420 1846 esse
2453 1786 2762 1853 rationem,
2804 1780 2984 1838 veluti
3042 1779 3092 1834 si
3145 1775 3391 1850 duplum
3442 1772 3596 1846 ignis
3654 1788 3819 1844 aqua;

2169 1882 2411 1937 mistum
2456 1875 2649 1943 fuerit,
2676 1873 2759 1929 vel
2787 1870 3145 1943 sesquiplex,
3178 1865 3265 1921 vel
3289 1864 3405 1921 tale
3434 1863 3597 1936 quid,
3630 1862 3818 1916 facere

436 1955 448 1976 ν
514 1953 596 1976 ’γη
694 1957 709 1976 ε
754 1952 866 1976 ,,\,
910 1952 958 1976 I,
1023 1975 1032 1976 κ
1084 1952 1172 1976 μη)
1228 1954 1276 1976 -3
1339 1952 1438 1976 -954
1524 1957 1612 1976 ,ην

397 1952 455 2011 δέ
511 1953 651 2010 ἐστιν
683 1957 719 2024 ἡ
748 1952 1035 2023 τελειότης
1083 1952 1174 2008 καὶ
1222 1954 1286 2009 τὸ
1333 1950 1480 2018 εἶδος
1518 1957 1617 2008 τοῦ
1662 1953 2042 2025 ὑποκειμένου.

2164 1967 2624 2038 animamﬂujus
2655 1955 3238 2032 enim,inquit,dupla
3268 1961 3356 2011 est
3418 1951 3508 2009 vel
3547 1950 3818 2024 sescupla

398 2043 649 2124 Διαφέρει
691 2040 803 2098 δὲὸ
836 2040 1002 2118 λόγος
1051 2049 1153 2114 τῆς
1205 2044 1466 2118 κράσεως·
1526 2042 1608 2098 ὅτι
1659 2043 1686 2096 ὁ
1721 2043 1818 2117 μὲν
1876 2040 2045 2116 λόγος

394 2133 446 2191 ἐν
476 2137 615 2200 αυτῆ
644 2137 713 2209 τῇ
745 2132 1012 2204 ποσότητι
1064 2137 1370 2209 θεωρεῖται,
1432 2131 1485 2188 ἐν
1543 2136 1624 2204 τῷ
1674 2131 1950 2206 ἡμιολίῳ,
2008 2130 2045 2202 ἢ

393 2220 692 2295 διπλασίῳ,
793 2219 954 2294 ἄλλῳ
982 2221 1106 2277 τινί.
1139 2223 1201 2279 Ἢ
1262 2219 1320 2276 δὲ
1356 2228 1547 2298 κρᾶσις
1578 2221 1806 2293 ποιότης
1838 2220 1977 2277 ἐστὶν
2009 2222 2046 2290 ἡ

392 2310 810 2384 ἆποτελουμὲνη
845 2310 906 2366 ἐκ
933 2314 1033 2378 τῆς
1065 2311 1259 2385 μὶξεως
1295 2316 1401 2366 τῶν
1448 2312 1783 2382 ποιοτήτων,
1817 2312 1930 2366 οἷον
1990 2309 2050 2366 bc

391 2405 490 2457 τοῦ
539 2402 746 2476 θερμοῦ
774 2399 864 2455 καὶ
911 2403 1129 2476 ψυχροῦ
1174 2399 1373 2477 γὲγονὲ
1413 2422 1497 2463 τις
1551 2405 1741 2477 κρᾶσις
1768 2401 1832 2456 τὸ
1880 2398 2048 2476 χλια-

396 2489 512 2568 ρόνο
572 2490 609 2560 ἢ
671 2489 732 2547 ἐκ
785 2493 884 2545 τοῦ
915 2486 1115 2545 λευκοῦ
1159 2489 1249 2545 καὶ
1308 2487 1540 2564 μέλανος
1577 2491 1641 2545 τὸ
1698 2489 1875 2569 φαιόν,
1930 2494 2047 2544 Ἐν-

392 2581 649 2656 τελέχεια
679 2577 738 2635 δέ
783 2579 895 2634 ἐστι
947 2580 1223 2647 τελειότης
1268 2584 1365 2635 τοῦ
1426 2580 1788 2653 ὑποκειμένου
1823 2625 1837 2649 ,
1890 2599 2049 2634 τουτ-

399 2669 510 2726 ἐστι
539 2670 604 2725 τὸ
654 2666 795 2732 εἶδος
822 2669 884 2724 τὸ
932 2667 1311 2745 ἔπιγινόμενον
1343 2668 1403 2724 ἐκ
1439 2675 1539 2739 τῆς
1591 2666 1810 2724 τοιᾶσδε
1864 2669 2048 2732 συνθέ-

403 2779 539 2822 σεως
599 2762 708 2813 τῶν
761 2757 1092 2834 στοιχείων,
1149 2762 1220 2833 τῇ
1273 2757 1420 2834 ὕλῃ.
1472 2761 1596 2815 Τῶν
1643 2755 1701 2813 δὲ
1766 2757 2047 2834 χωριστὴν

404 2847 661 2921 σώματος
712 2843 1069 2920 δοξασάντων,
1103 2848 1154 2902 οἱ
1189 2847 1286 2921 μὲν
1315 2852 1488 2903 πᾶσαν
1536 2848 1721 2923 ψυχήν
1767 2848 2049 2923 χωριστὴν

403 2933 622 3013 ἔφασαν,
669 2936 759 2991 καὶ
788 2936 891 3007 τήν
925 2934 1182 3010 λογικὴν,
1228 2933 1319 2991 καὲ
1358 2937 1458 3005 τήν
1520 2934 1747 3012 ἄλογον,
1801 2936 1890 2990 καὶ
1947 2937 2047 3004 τὴν

408 3027 658 3102 φυτικὴν,
712 3028 828 3089 οἶος
884 3026 953 3095 ἧν
1004 3027 1342 3099 Νουμήνιος,
1399 3025 1695 3096 πλανηθεὶς
1730 3025 1833 3080 ὖπὸ
1888 3045 2050 3081 τινων

409 3121 694 3200 ῥησειδίων
735 3123 1030 3188 Πλάτωνος
1072 3122 1321 3187 εἰπόντος
1362 3121 1416 3178 ἐν
1457 3122 1703 3200 Φαίδρῳ,
1744 3130 1888 3179 πᾶσα
1943 3127 2048 3198 ψυ-

401 3214 477 3288 χή
530 3213 809 3287 ἀθάνατος,
857 3218 1040 3291 σαφῶς
1091 3211 1203 3268 ἐκεῖ
1244 3213 1368 3289 περὶ
1418 3220 1519 3284 τῆς
1555 3213 1898 3290 ἀνθρωπὶνης
1955 3214 2046 3268 τὸν

404 3301 565 3377 λόγον
594 3302 953 3411 ποιούμενος.
993 3304 1117 3361 ’Ότι
1148 3305 1253 3379 γὰρ
1284 3304 1484 3374 θνητὴν
1518 3300 1630 3358 οἶδε
1652 3305 1751 3372 τήν
1776 3308 1884 3358 τῶν
1921 3302 2048 3358 ἆλό-
2079 3343 2123 3411 c

698 3397 725 3408 α
967 3397 991 3409 υ
1070 3394 1085 3411 ι
1232 3397 1259 3408 η.
1324 3390 1349 3411 δ
1427 3402 1435 3411 ι
1466 3392 1478 3411 1
1674 3394 1687 3411 ε
1786 3391 1807 3411 ‘
1838 3393 1851 3411 1

394 3413 532 3467 γων,
584 3397 769 3471 σαφῶς
799 3393 852 3448 ἐν
900 3397 1020 3456 τοῖς
1070 3394 1262 3448 ἑαυτοῦ
1321 3390 1601 3469 διαλόγοις
1658 3391 2042 3468 ὡμολόγηται’

393 3482 451 3535 ol
481 3478 558 3549 δὲ,
606 3486 780 3536 πᾶσαν
837 3483 1147 3559 ἀχώριστον
1203 3483 1564 3561 ἀπεφήναντο,
1608 3483 1698 3537 καὶ
1752 3480 1840 3538 διὰ
1886 3487 2048 3538 τοῦτο

394 3571 641 3641 Θνητῆν,
696 3572 769 3625 ὧν
830 3571 1089 3627 ἐστι’καὶ
1149 3569 1506 3648 Ἀλέξανδρος
1561 3574 1588 3627 ὁ
1646 3570 2046 3651 Ἀφροδισιεὺς,

395 3659 455 3724 ὅς
506 3661 598 3715 καὶ
655 3660 747 3715 τὸν
806 3660 1194 3732 Ἀριστοτέλην
1262 3667 1512 3739 πειρᾶται
1567 3661 1642 3725 εἷς
1701 3664 1800 3732 τήν
1856 3663 2048 3717 ἑαυτοῦ

396 3746 551 3820 δόξαν
585 3751 954 3822 immanitle
987 3748 1044 3804 δὲ
1070 3751 1170 3818 τήν
1200 3751 1293 3824 μὲν
1327 3750 1576 3827 λογικὴν,
1607 3753 1889 3826 χωριστὴν
1914 3752 2049 3806 εἶναι

396 3835 639 3914 λέγουσι,
671 3841 772 3908 τήν
806 3837 862 3894 δί
893 3837 1093 3916 ἄλογον
1125 3841 1214 3895 καὶ
1266 3840 1366 3909 τήν
1423 3842 1650 3918 φυτικὴν
1712 3840 2045 3915 ἀχώριστον.

394 3937 617 3995 Τούτων
649 3935 706 3993 δὲ
736 3939 787 3993 οἱ
821 3938 915 4011 μὲν
969 3938 1280 4016 ἀμφοτέρας
1338 3939 1684 4014 ἀχωρίστους
1713 3942 1809 3993 τοῦ
1839 3938 2047 4014 παχέος

392 4026 594 4082 τούτου
627 4028 902 4100 σώματος.
937 4029 1002 4085 Οἱ
1035 4024 1093 4083 δὲ
1129 4028 1230 4097 τὴν
1266 4029 1359 4100 μὲν
1388 4029 1618 4106 φυτικὴν
1651 4023 2048 4100 μὸνην,το·3του

393 4114 730 4192 ἀχώριστον·
760 4118 859 4186 τήν
894 4112 951 4171 δὲ
981 4114 1207 4192 ἄλογον,
1237 4116 1434 4171 τούτου
1468 4117 1561 4190 μὲν
1590 4120 1897 4195 χωριστὴν,
1921 4116 2049 4172 ἀλλ’

395 4206 459 4260 οὐ
495 4206 678 4278 μέντοι
700 4203 848 4267 τινὸς
881 4206 1135 4279 σώματος
1163 4205 1652 4282 ἀχώριστονδλὲγω
1685 4204 1751 4277 δὴ
1773 4212 1871 4262 τοῦ
1897 4229 2049 4263 πνευ-

398 4298 652 4368 ματικοῦ,
683 4295 745 4364 ἣν
776 4294 865 4349 καὶ
898 4293 1130 4351 Πλάτων
1178 4296 1270 4350 καὶ
1329 4294 1717 4372 Ἀριστοτέλης
1767 4292 2049 4365 ἐπρέσϐευ-

397 4405 515 4440 σαν.
556 4387 681 4443 ιὈτι
714 4383 772 4440 δὲ
801 4386 890 4440 καὶ
921 4384 1310 4461 Ἀριστοτέλης
1340 4384 1543 4457 ταύτης
1575 4386 1685 4441 ἐστὶ
1714 4394 1814 4457 τῆς
1868 4384 2048 4459 δόξης,

393 4476 483 4530 καὶ
518 4473 631 4530 οἶδε
653 4477 753 4545 τήν
791 4475 886 4549 μὲν
919 4476 1202 4550 χωριστὴν
1236 4476 1443 4551 ψυχὴν,
1483 4476 1584 4545 τὴν
1617 4475 1674 4531 δὲ
1718 4476 2049 4552 ἀχώριστον,

393 4564 491 4631 κάν
541 4568 621 4636 τῷ
677 4561 823 4618 τέλει
880 4570 981 4628 τ’ἲς
1035 4564 1157 4639 περὶ
1214 4564 1420 4639 μορίων
1466 4564 1621 4633 ζώων
1678 4541 2054 4641 πραγματείας

396 4650 703 4724 ἐδήλωσεν
764 4651 866 4727 ἔφη
919 4653 1020 4728 γὰρ
1081 4652 1165 4708 ὅτι
1220 4650 1447 4708 ἕκαστον
1505 4658 1613 4708 τῶν
1676 4653 1885 4728 μορίων
1940 4661 2050 4710 τῶν

399 4742 555 4812 ζώων
602 4742 740 4798 κατά
775 4762 897 4797 τινα
946 4740 1218 4819 ἐνέργειαν
1270 4744 1507 4813 ζωτικὴν
1564 4743 2048 4820 χαρακτηρίζεται,

397 4842 514 4896 οἷον
564 4837 832 4914 καρδίαν,
901 4839 991 4895 καὶ
1047 4840 1197 4918 ἧπαρ
1232 4885 1247 4911 ,
1307 4840 1396 4896 καὶ
1453 4838 1775 4918 ἐγκέφαλον,
1843 4843 1930 4898 καὶ
1986 4844 2052 4898 τὰ

398 4927 590 4985 λοιπά.
648 4930 778 4985 Εἶτα
830 4928 1073 5000 ταύτην,
1129 4931 1283 5007 φησὶ,
1344 4932 1441 5000 την
1504 4929 1768 5006 ἐνέργειαν
1821 4931 2051 5007 πότερον

399 5021 585 5095 ψυχὴν
641 5016 724 5074 δεῖ
778 5017 1006 5089 καλεῖν,
1067 5018 1103 5089 ἢ
1167 5020 1359 5095 μόριον
1416 5022 1620 5096 ψυχῆς,
1681 5020 1716 5090 ἢ
1776 5021 1874 5076 οὐκ
1928 5019 2052 5077 ἄνευ

399 5112 608 5183 ψυχῆς,
671 5107 953 5179 ζητητέον·
1004 5109 1142 5164 ὥστε
1193 5106 1306 5164 οἶδε
1361 5108 1506 5165 πολὺ
1564 5108 1792 5179 πλάτος,
1838 5110 2051 5184 μᾶλλον

401 5195 460 5252 δὲ
523 5197 688 5273 βάθος
747 5201 964 5273 ψυχῶν.
1025 5198 1127 5254 Καὶ
1184 5199 1436 5274 πότερον,
1497 5200 1651 5277 φησὶ,
1691 5201 1815 5276 περῖ
1875 5198 2053 5272 πάσης

398 5289 587 5362 ψυχῆς
648 5287 758 5343 ἐστι
814 5286 911 5341 τοῦ
970 5291 1198 5364 φυσικοῦ
1256 5283 1654 5363 διαλεχθῆναι,
1727 5291 1762 5358 ἢ
1819 5290 1880 5343 οὗ
1932 5289 2055 5365 περὶ

400 5376 581 5446 πάσης
666 5374 1040 5449 ἀλλοσήμου,
1114 5373 1238 5430 ἄνευ
1310 5378 1408 5446 τῆς
1491 5375 1678 5449 ὕληςο
1748 5379 1886 5433 ὥστε
1945 5377 2056 5435 οἶδε

399 5466 590 5540 ψυχήν
648 5467 930 5541 χωριστήν
989 5471 1091 5536 τῆς
1150 5463 1313 5536 ὕλης·
1372 5466 1466 5521 Καὶ
1519 5465 1686 5522 πάλιν
1733 5466 1785 5522 ἐν
1814 5471 1883 5542 τῇ
1915 5469 2055 5543 αὐτῇ

404 5554 530 5628 περὶ
593 5553 800 5628 μορίων
863 5555 1017 5624 ζώων
1071 5554 1418 5632 πραγματείᾳ
1475 5554 1658 5633 φησίνο
1719 5550 1862 5613 ἔοικε
1920 5554 1977 5612 δὲ
2028 5559 2057 5613 ὁ

398 5647 526 5706 νοῦς
582 5644 808 5720 θύραθεν
865 5641 1204 5714 ἐπεισιέναι,
1282 5644 1372 5698 καὶ
1430 5644 1563 5699 εἶναι
1622 5646 1806 5708 θεῖος.
1887 5645 2055 5704 Οὐδὶν

399 5733 505 5809 γὰρ
567 5731 732 5788 αὑτοῦ
790 5732 1134 5789 ἐπικοινωνεῖ
1182 5734 1218 5804 ἡ
1280 5733 1562 5811 ἐνέργεια,
1613 5739 1733 5798 ταῖς
1792 5739 1889 5791 τοῦ
1947 5736 2058 5791 σώ-

406 5840 582 5896 ματος
640 5822 955 5897 ἐνεργείαις·
987 5823 1075 5878 καὶ
1137 5819 1305 5878 πάλιν
1367 5821 1420 5879 ἐν
1474 5828 1553 5896 τῷ
1609 5821 1845 5901 δευτέρῳ
1885 5820 2058 5901 λόγῳ,

2159 2061 2330 2131 ratio,
2362 2057 2508 2113 illud
2539 2061 2629 2112 est
2668 2053 2885 2109 anima.
2930 2048 3044 2107 Alii
3082 2048 3275 2120 ipsam
3324 2040 3815 2114 contemperatio-

2160 2129 2421 2217 nem,alii
2438 2160 2750 2219 perennem
2768 2140 3082 2197 motionem
3099 2129 3811 2193 entelecbiam.Entelccbi

2156 2256 2293 2297 vero
2323 2243 2411 2294 est
2444 2234 2717 2309 perfectio
2748 2236 2805 2288 et
2835 2231 3024 2285 forma
3070 2224 3342 2296 subjecti.
3376 2223 3581 2278 Diti'ert
3610 2225 3808 2277 autem

2160 2330 2309 2387 ratio
2342 2345 2375 2383 a
2404 2316 3105 2394 contemperatione,quia
3136 2315 3283 2370 ratio
3316 2312 3374 2367 in
3400 2312 3531 2383 ipsa
3572 2309 3807 2381 quanti-

2160 2424 2281 2475 tate
2311 2402 2657 2477 atten‘ditur,
2681 2413 2737 2465 in
2772 2403 3160 2478 sescuplo,vel
3191 2399 3486 2474 duplo,vel
3519 2398 3632 2455 alio
3666 2414 3811 2471 quo-

2161 2508 2420 2582 piam.At
2437 2502 2963 2574 temperamentum
2978 2493 3232 2567 qualitas
3245 2496 3492 2561 est,qum
3513 2487 3815 2560 perﬁcitur

2161 2576 2230 2654 ex
2264 2596 2611 2668 qualitatum
2633 2584 3091 2655 mistione,ve1ut
3107 2599 3177 2638 cx
3205 2580 3392 2636 calido
3410 2583 3469 2634 et
3492 2576 3701 2650 frigido
3726 2576 3810 2631 fa-

2161 2666 2321 2743 ctum
2354 2689 2447 2740 est
2484 2682 3015 2753 temperamentum
3063 2670 3386 2744 quoddam,
3420 2666 3687 2740 tepidum
3715 2685 3728 2735 ;
3754 2669 3812 2720 et

2160 2793 2226 2832 ex
2260 2775 2391 2831 albo
2414 2779 2472 2829 et
2506 2769 2958 2843 nigro,t‘uscum.
2992 2759 3332 2819 Entelechia
3361 2774 3496 2815 vero
3555 2755 3809 2827 subjecti

2163 2864 2438 2939 perfectio
2472 2866 2582 2927 est,
2614 2860 2724 2915 hoc
2756 2860 2845 2911 est
2876 2856 3228 2922 forma,quze
3259 2865 3329 2904 ex
3358 2846 3463 2903 tali
3496 2845 3813 2901 elemento-

2163 2938 2292 3010 rum
2326 2949 2739 3022 conjunctione
2772 2943 3026 3000 materiae
3060 2938 3555 2997 accessit.Eorum
3587 2938 3807 3005 autem,

2161 3044 2261 3117 qui
2306 3060 2338 3096 a
2379 3056 2619 3113 corpore
2675 3031 3065 3107 separabilem
3114 3044 3245 3084 esse
3282 3027 3658 3100 putaverunt,
3708 3020 3809 3077 alii

2161 3148 2395 3188 omnem
2427 3130 2684 3186 animam
2718 3111 3808 3196 separabilem,rationabilem,irratio-

2163 3222 2416 3278 nabilem
2442 3225 2499 3275 et
2528 3218 2911 3289 vegelantem,
2945 3208 3116 3267 sicuti
3147 3204 3499 3269 Numenius,
3560 3199 3807 3273 quibus-

2161 3313 2294 3367 dam
2331 3309 2588 3365 Platonis
2618 3305 2809 3362 verbis
2841 3304 3140 3373 deceptus,
3162 3297 3258 3369 qui
3289 3294 3373 3351 sic
3404 3292 3464 3348 in
3512 3288 3758 3346 Phaedro
3792 3304 3808 3344 :

2161 3410 2350 3465 Omnis
2382 3408 2580 3463 anima
2615 3400 2966 3465 immortalis,
3015 3396 3113 3452 ubi
3164 3395 3362 3466 aperte
3419 3391 3492 3444 de
3545 3387 3811 3443 humana

2160 3500 2357 3555 anima
2372 3497 2545 3554 verba
2560 3488 3025 3548 facit.Mortalcm
3045 3484 3201 3542 enim
3222 3484 3526 3537 brutorum
3547 3476 3808 3532 animam

2158 3587 2468 3662 agnovisse
2491 3584 2788 3665 Platonem
2819 3579 2875 3635 in
2915 3579 3044 3649 ejus
3066 3572 3317 3645 dialogis
3333 3567 3495 3628 omni
3517 3565 3648 3622 luce
3695 3562 3809 3620 cla-

2157 3680 2282 3736 rius
2312 3674 2532 3733 cst.Alii
2554 3652 2689 3731 vero
2711 3684 2947 3726 omnem
2968 3665 3226 3722 animam
3249 3654 3703 3731 inseparabilem
3727 3652 3811 3709 di-

2155 3773 2388 3836 xerunt,
2422 3766 2495 3821 ob
2521 3777 2771 3835 eamque
2807 3778 2929 3816 rem
2989 3752 3403 3822 immortalem,
3453 3764 3603 3821 quos
3659 3746 3812 3801 inter

2157 3864 2250 3917 est
2282 3835 2456 3913 etiam
2491 3852 2815 3909 Alexander
2846 3844 3292 3920 Aphrodisieps,
3315 3838 3417 3912 qui
3438 3835 3807 3893 Aristotelem

2157 3951 2217 4005 in
2249 3964 2417 4004 suam
2443 3941 2776 4016 pertrahere
2807 3935 3161 3993 sententiam
3192 3933 3453 3987 conatur.
3479 3925 3591 3982 Alii
3623 3924 3808 3980 ratio-

2158 4038 2412 4094 nabilem
2438 4023 3115 4098 animam,separabilem
3139 4035 3267 4076 esse
3290 4018 3537 4085 dicunt;
3574 4029 3690 4069 non
3714 4026 3804 4068 se-

2157 4124 2501 4202 parabilem,
2546 4114 3031 4177 irrationabilcm,
3062 4119 3113 4166 et
3152 4110 3559 4181 vegetantem:
3592 4102 3807 4158 horum

2159 4205 2356 4275 autem
2381 4212 2477 4269 alii
2501 4216 2813 4279 utramque
2844 4223 2877 4261 a
2903 4200 3224 4258 crassohoc
3243 4211 3483 4268 corpore
3503 4192 3809 4264 insepara-

2158 4307 2336 4365 bilem
2362 4301 2480 4372 ;alii
2502 4300 2860 4366 vegetantem
2889 4292 3074 4349 solam
3109 4290 3182 4344 ab
3207 4288 3312 4342 hoc
3332 4279 3808 4356 inseparabilem:

2157 4397 2467 4452 brutorum
2502 4394 2695 4444 autem
2723 4381 3088 4449 animum,ab
3114 4378 3224 4433 hoc
3256 4369 3651 4447 separabilem
3675 4367 3809 4440 qui-

2159 4482 2427 4550 dem,sed
2459 4484 2656 4535 tamen
2691 4477 2761 4530 ab
2794 4473 2990 4544 aliquo
3023 4482 3264 4541 corpore
3320 4457 3767 4534 inseparabilem
3794 4474 3808 4511 :

2161 4579 2412 4655 spiritali
2448 4578 2575 4634 dico
2610 4594 2622 4631 :
2659 4590 2833 4647 quam
2869 4567 3220 4626 sententiam
3256 4563 3438 4632 Plato,
3471 4564 3530 4616 et
3586 4556 3811 4655 Aristo-

2158 4642 2306 4728 teles
2341 4642 2793 4725 constituerunt.
2853 4665 3041 4732 Atque
3090 4657 3240 4711 hanc
3297 4667 3426 4707 esse
3482 4642 3812 4703 Aristotelis

2160 4764 2442 4825 mentem,
2476 4771 2655 4827 seque
2687 4751 2859 4807 aliam
2910 4743 3294 4819 separabilem
3346 4738 3521 4795 aliam
3576 4734 3810 4805 insepa-

2161 4849 2406 4907 rabilem
2433 4845 2689 4902 animam
2724 4834 3152 4912 agnoscere,vel
3174 4832 3232 4887 in
3258 4832 3371 4885 ﬁne
3392 4822 3812 4897 disputationis

2162 4941 2234 4995 de
2259 4930 2885 5010 partibusanimalium
2906 4926 3049 4982 satis
3064 4926 3189 4995 ipse
3208 4913 3591 4987 declarat,ubi
3609 4928 3811 4985 quam-

2161 5028 2303 5084 libet
2315 5031 2537 5099 partem
2555 5018 2890 5077 animalium
2908 5032 3042 5072 sccu
3055 5013 3167 5067 ndu
3180 5028 3233 5065 m
3248 5007 3537 5064 actionem
3553 5001 3813 5074 aliquam

2158 5116 2397 5174 vitalem
2417 5109 2764 5169 conformari
2796 5106 2957 5174 dicit,
2985 5111 3047 5159 ut
3069 5119 3188 5168 cor,
3245 5099 3447 5170 bepar,
3507 5093 3812 5149 cerebrum

2163 5210 2221 5262 et
2251 5205 2387 5261 alia.
2435 5201 2673 5267 Deinde,
2709 5201 2852 5266 Haec,
2917 5192 3129 5266 inquit,
3162 5191 3324 5258 actio,
3366 5192 3560 5243 utrum
3594 5183 3814 5248 anima,

2167 5295 2251 5351 vel
2278 5309 2409 5366 pars
2447 5292 2680 5356 animm,
2730 5288 2814 5343 vel
2870 5301 2979 5341 non
3020 5284 3140 5337 sine
3185 5280 3377 5335 anima
3426 5273 3670 5333 vocanda
3724 5272 3816 5339 sit,

2170 5361 2566 5456 quaerendum:
2598 5379 2742 5434 adco
2776 5385 2837 5432 ut
2869 5389 3146 5446 magnum
3183 5369 3280 5426 ille
3336 5365 3648 5429 ambitum,
3702 5361 3820 5417 imo

2166 5452 2536 5528 altitudinem
2561 5469 2895 5523 animarum
2949 5463 3124 5519 norit.
3186 5465 3269 5515 Et.
3330 5462 3539 5525 utrum,
3600 5452 3819 5524 inquit,

2162 5558 2384 5632 physici
2410 5566 2510 5626 est,
2535 5555 2601 5610 de
2629 5556 2781 5611 omni
2798 5554 2988 5607 anima
3018 5550 3325 5609 disserere;
3355 5561 3430 5601 an
3460 5558 3569 5598 non
3623 5540 3689 5597 de
3710 5556 3822 5596 0m-

2165 5649 2231 5704 m‘
2252 5647 2405 5704 alius
2434 5647 2802 5717 generis,sine
2833 5639 3314 5710 materia.ltaque
3347 5634 3603 5689 animam
3638 5647 3671 5685 a
3695 5644 3821 5683 ma-

2168 5738 2318 5794 teria
2348 5734 2741 5809 separabilem
2777 5730 3062 5805 agnoscit.
3102 5728 3173 5782 Et
3201 5726 3260 5781 in
3311 5724 3513 5780 eadem
3572 5719 3643 5773 de
3691 5732 3824 5789 par-

2168 5823 2718 5898 tibuelanimalium
2774 5816 3306 5877 commentatione:
3370 5810 3589 5867 Videtur
3629 5811 3823 5861 autem
