  <div class='ocr_page' id='page_1' title='image "/cluster/home/n/w/nwhite01/storage/ocr_20150623/122:no.2/coo.31924054870278/529.png"; bbox 0 0 4124 6394; ppageno 0'>
   <div class='ocr_carea' id='block_1_1' title="bbox 244 423 404 491">
    <p class='ocr_par' dir='ltr' id='par_1_1' title="bbox 244 423 404 491">
     <span class='ocr_line' id='line_1_1' title="bbox 244 423 404 491; baseline 0.038 -8"><span class='ocrx_word' id='word_1_1' title='bbox 244 423 404 491; x_wconf 69' lang='grc' dir='ltr'><strong><em>10ιό</em></strong></span> 
     </span>
    </p>
   </div>
   <div class='ocr_carea' id='block_1_2' title="bbox 242 558 1698 623">
    <p class='ocr_par' dir='ltr' id='par_1_2' title="bbox 242 558 1698 623">
     <span class='ocr_line' id='line_1_2' title="bbox 242 558 1698 623; baseline 0.001 -8"><span class='ocrx_word' id='word_1_2' title='bbox 242 573 398 621; x_wconf 71' lang='lat' dir='ltr'><strong><em>mens</em></strong></span> <span class='ocrx_word' id='word_1_3' title='bbox 450 558 799 623; x_wconf 60' lang='lat' dir='ltr'><strong><em>extrinsecus</em></strong></span> <span class='ocrx_word' id='word_1_4' title='bbox 852 558 1114 623; x_wconf 74' lang='lat' dir='ltr'><strong><em>advenire</em></strong></span> <span class='ocrx_word' id='word_1_5' title='bbox 1172 564 1223 619; x_wconf 82' lang='lat' dir='ltr'><strong><em>et</em></strong></span> <span class='ocrx_word' id='word_1_6' title='bbox 1275 560 1466 619; x_wconf 69' lang='lat' dir='ltr'><strong><em>divina</em></strong></span> <span class='ocrx_word' id='word_1_7' title='bbox 1511 576 1626 619; x_wconf 74' lang='lat' dir='ltr'><strong><em>esse</em></strong></span> <span class='ocrx_word' id='word_1_8' title='bbox 1683 577 1698 616; x_wconf 89' lang='lat'><strong>:</strong></span> 
     </span>
    </p>
   </div>
   <div class='ocr_carea' id='block_1_3' title="bbox 244 648 1903 723">
    <p class='ocr_par' dir='ltr' id='par_1_3' title="bbox 244 648 1903 723">
     <span class='ocr_line' id='line_1_3' title="bbox 244 648 1903 723; baseline 0.001 -18"><span class='ocrx_word' id='word_1_9' title='bbox 244 649 399 707; x_wconf 82' lang='lat' dir='ltr'><strong><em>enim</em></strong></span> <span class='ocrx_word' id='word_1_10' title='bbox 427 648 547 720; x_wconf 68' lang='lat' dir='ltr'><strong><em>ejus</em></strong></span> <span class='ocrx_word' id='word_1_11' title='bbox 574 650 719 711; x_wconf 76' lang='lat' dir='ltr'><strong><em>actio</em></strong></span> <span class='ocrx_word' id='word_1_12' title='bbox 746 665 873 711; x_wconf 80' lang='lat' dir='ltr'><strong><em>cum</em></strong></span> <span class='ocrx_word' id='word_1_13' title='bbox 897 650 1482 723; x_wconf 75' lang='lat' dir='ltr'><strong><em>corporis&#39;actz&#39;om&#39;bus</em></strong></span> <span class='ocrx_word' id='word_1_14' title='bbox 1538 649 1702 707; x_wconf 84' lang='lat' dir='ltr'><strong><em>habet</em></strong></span> <span class='ocrx_word' id='word_1_15' title='bbox 1749 665 1903 707; x_wconf 87' lang='lat' dir='ltr'><strong><em>com-</em></strong></span> 
     </span>
    </p>
   </div>
   <div class='ocr_carea' id='block_1_4' title="bbox 244 737 1904 809">
    <p class='ocr_par' dir='ltr' id='par_1_4' title="bbox 244 737 1904 809">
     <span class='ocr_line' id='line_1_4' title="bbox 244 737 1904 809; baseline 0.001 -17"><span class='ocrx_word' id='word_1_16' title='bbox 244 737 508 801; x_wconf 77' lang='lat' dir='ltr'><strong><em>mune.Et</em></strong></span> <span class='ocrx_word' id='word_1_17' title='bbox 534 753 744 797; x_wconf 88' lang='lat' dir='ltr'><strong><em>rursus</em></strong></span> <span class='ocrx_word' id='word_1_18' title='bbox 776 739 836 799; x_wconf 92' lang='lat' dir='ltr'><strong><em>in</em></strong></span> <span class='ocrx_word' id='word_1_19' title='bbox 879 740 1142 795; x_wconf 89' lang='lat' dir='ltr'><strong><em>secundo</em></strong></span> <span class='ocrx_word' id='word_1_20' title='bbox 1199 739 1370 808; x_wconf 90' lang='lat' dir='ltr'><strong><em>libro,</em></strong></span> <span class='ocrx_word' id='word_1_21' title='bbox 1424 740 1498 795; x_wconf 86' lang='lat' dir='ltr'><strong><em>De</em></strong></span> <span class='ocrx_word' id='word_1_22' title='bbox 1556 742 1754 809; x_wconf 82' lang='lat' dir='ltr'><strong><em>mente,</em></strong></span> <span class='ocrx_word' id='word_1_23' title='bbox 1811 738 1904 795; x_wconf 81' lang='lat' dir='ltr'><strong><em>in-</em></strong></span> 
     </span>
    </p>
   </div>
   <div class='ocr_carea' id='block_1_5' title="bbox 248 825 1906 900">
    <p class='ocr_par' dir='ltr' id='par_1_5' title="bbox 248 825 1906 900">
     <span class='ocr_line' id='line_1_5' title="bbox 248 825 1906 900; baseline 0.001 -18"><span class='ocrx_word' id='word_1_24' title='bbox 248 825 399 898; x_wconf 84' lang='lat' dir='ltr'><strong><em>quit,</em></strong></span> <span class='ocrx_word' id='word_1_25' title='bbox 441 829 492 885; x_wconf 78' lang='lat' dir='ltr'><strong><em>et</em></strong></span> <span class='ocrx_word' id='word_1_26' title='bbox 536 829 952 900; x_wconf 76' lang='lat' dir='ltr'><strong><em>contemplandi</em></strong></span> <span class='ocrx_word' id='word_1_27' title='bbox 1014 830 1281 899; x_wconf 72' lang='lat' dir='ltr'><strong><em>facultate</em></strong></span> <span class='ocrx_word' id='word_1_28' title='bbox 1342 829 1585 886; x_wconf 84' lang='lat' dir='ltr'><strong><em>nondum</em></strong></span> <span class='ocrx_word' id='word_1_29' title='bbox 1649 830 1906 885; x_wconf 71' lang='lat' dir='ltr'><strong><em>constat:</em></strong></span> 
     </span>
    </p>
   </div>
   <div class='ocr_carea' id='block_1_6' title="bbox 245 916 1904 990">
    <p class='ocr_par' dir='ltr' id='par_1_6' title="bbox 245 916 1904 990">
     <span class='ocr_line' id='line_1_6' title="bbox 245 916 1904 990; baseline 0.001 -18"><span class='ocrx_word' id='word_1_30' title='bbox 245 917 341 974; x_wconf 78' lang='lat' dir='ltr'><strong><em>sed</em></strong></span> <span class='ocrx_word' id='word_1_31' title='bbox 372 916 592 973; x_wconf 79' lang='lat' dir='ltr'><strong><em>videtur</em></strong></span> <span class='ocrx_word' id='word_1_32' title='bbox 617 919 811 974; x_wconf 85' lang='lat' dir='ltr'><strong><em>anima</em></strong></span> <span class='ocrx_word' id='word_1_33' title='bbox 839 918 997 973; x_wconf 80' lang='lat' dir='ltr'><strong><em>aliud</em></strong></span> <span class='ocrx_word' id='word_1_34' title='bbox 1024 935 1197 990; x_wconf 80' lang='lat' dir='ltr'><strong><em>genus</em></strong></span> <span class='ocrx_word' id='word_1_35' title='bbox 1223 935 1356 985; x_wconf 77' lang='lat' dir='ltr'><strong><em>esse,</em></strong></span> <span class='ocrx_word' id='word_1_36' title='bbox 1396 928 1447 974; x_wconf 86' lang='lat' dir='ltr'><strong><em>et</em></strong></span> <span class='ocrx_word' id='word_1_37' title='bbox 1490 920 1604 975; x_wconf 81' lang='lat' dir='ltr'><strong><em>sola</em></strong></span> <span class='ocrx_word' id='word_1_38' title='bbox 1653 934 1904 987; x_wconf 69' lang='lat' dir='ltr'><strong><em>separari</em></strong></span> 
     </span>
    </p>
   </div>
   <div class='ocr_carea' id='block_1_7' title="bbox 242 1004 1908 1080">
    <p class='ocr_par' dir='ltr' id='par_1_7' title="bbox 242 1004 1908 1080">
     <span class='ocr_line' id='line_1_7' title="bbox 242 1004 1908 1080; baseline -0.001 -17"><span class='ocrx_word' id='word_1_39' title='bbox 242 1022 423 1079; x_wconf 77' lang='lat' dir='ltr'><strong><em>posse,</em></strong></span> <span class='ocrx_word' id='word_1_40' title='bbox 453 1004 609 1062; x_wconf 83' lang='lat' dir='ltr'><strong><em>velut</em></strong></span> <span class='ocrx_word' id='word_1_41' title='bbox 627 1013 894 1063; x_wconf 78' lang='lat' dir='ltr'><strong><em>aeternum</em></strong></span> <span class='ocrx_word' id='word_1_42' title='bbox 934 1024 969 1062; x_wconf 89' lang='lat' dir='ltr'><strong><em>a</em></strong></span> <span class='ocrx_word' id='word_1_43' title='bbox 997 1009 1371 1080; x_wconf 63' lang='lat' dir='ltr'><strong><em>corruptibili.</em></strong></span> <span class='ocrx_word' id='word_1_44' title='bbox 1419 1009 1489 1063; x_wconf 89' lang='lat' dir='ltr'><strong><em>Et</em></strong></span> <span class='ocrx_word' id='word_1_45' title='bbox 1523 1008 1580 1063; x_wconf 91' lang='lat' dir='ltr'><strong><em>in</em></strong></span> <span class='ocrx_word' id='word_1_46' title='bbox 1605 1008 1777 1063; x_wconf 88' lang='lat' dir='ltr'><strong><em>tertio</em></strong></span> <span class='ocrx_word' id='word_1_47' title='bbox 1810 1024 1908 1062; x_wconf 92' lang='lat' dir='ltr'><strong><em>ea-</em></strong></span> 
     </span>
    </p>
   </div>
   <div class='ocr_carea' id='block_1_8' title="bbox 249 1095 1911 1173">
    <p class='ocr_par' dir='ltr' id='par_1_8' title="bbox 249 1095 1911 1173">
     <span class='ocr_line' id='line_1_8' title="bbox 249 1095 1911 1173; baseline 0.001 -23"><span class='ocrx_word' id='word_1_48' title='bbox 249 1096 382 1150; x_wconf 85' lang='lat' dir='ltr'><strong><em>dem</em></strong></span> <span class='ocrx_word' id='word_1_49' title='bbox 411 1095 592 1173; x_wconf 84' lang='lat' dir='ltr'><strong><em>ponit,</em></strong></span> <span class='ocrx_word' id='word_1_50' title='bbox 628 1102 883 1152; x_wconf 86' lang='lat' dir='ltr'><strong><em>mentem</em></strong></span> <span class='ocrx_word' id='word_1_51' title='bbox 914 1096 1324 1168; x_wconf 88' lang='lat' dir='ltr'><strong><em>impatibilem,</em></strong></span> <span class='ocrx_word' id='word_1_52' title='bbox 1357 1103 1634 1153; x_wconf 68' lang='lat' dir='ltr'><strong><em>aeternam</em></strong></span> <span class='ocrx_word' id='word_1_53' title='bbox 1696 1101 1754 1152; x_wconf 92' lang='lat' dir='ltr'><strong><em>et</em></strong></span> <span class='ocrx_word' id='word_1_54' title='bbox 1800 1096 1911 1151; x_wconf 86' lang='lat' dir='ltr'><strong><em>im-</em></strong></span> 
     </span>
    </p>
   </div>
   <div class='ocr_carea' id='block_1_9' title="bbox 251 1182 1911 1258">
    <p class='ocr_par' dir='ltr' id='par_1_9' title="bbox 251 1182 1911 1258">
     <span class='ocr_line' id='line_1_9' title="bbox 251 1182 1911 1258; baseline -0.001 -17"><span class='ocrx_word' id='word_1_55' title='bbox 251 1182 561 1249; x_wconf 81' lang='lat' dir='ltr'><strong><em>mortalem</em></strong></span> <span class='ocrx_word' id='word_1_56' title='bbox 579 1202 706 1243; x_wconf 85' lang='lat' dir='ltr'><strong><em>esse</em></strong></span> <span class='ocrx_word' id='word_1_57' title='bbox 721 1184 1109 1254; x_wconf 89' lang='lat' dir='ltr'><strong><em>declarans,et</em></strong></span> <span class='ocrx_word' id='word_1_58' title='bbox 1127 1186 1313 1242; x_wconf 88' lang='lat' dir='ltr'><strong><em>multa</em></strong></span> <span class='ocrx_word' id='word_1_59' title='bbox 1328 1187 1616 1258; x_wconf 84' lang='lat' dir='ltr'><strong><em>ejusmodi</em></strong></span> <span class='ocrx_word' id='word_1_60' title='bbox 1633 1186 1691 1241; x_wconf 91' lang='lat' dir='ltr'><strong><em>in</em></strong></span> <span class='ocrx_word' id='word_1_61' title='bbox 1707 1186 1911 1242; x_wconf 89' lang='lat' dir='ltr'><strong><em>eodem</em></strong></span> 
     </span>
    </p>
   </div>
   <div class='ocr_carea' id='block_1_10' title="bbox 252 1272 1914 1342">
    <p class='ocr_par' dir='ltr' id='par_1_10' title="bbox 252 1272 1914 1342">
     <span class='ocr_line' id='line_1_10' title="bbox 252 1272 1914 1342; baseline 0 -13"><span class='ocrx_word' id='word_1_62' title='bbox 252 1273 405 1329; x_wconf 92' lang='lat' dir='ltr'><strong><em>libro</em></strong></span> <span class='ocrx_word' id='word_1_63' title='bbox 427 1272 779 1329; x_wconf 89' lang='lat' dir='ltr'><strong><em>scribit.Sed</em></strong></span> <span class='ocrx_word' id='word_1_64' title='bbox 801 1278 857 1329; x_wconf 92' lang='lat' dir='ltr'><strong><em>et</em></strong></span> <span class='ocrx_word' id='word_1_65' title='bbox 886 1290 951 1330; x_wconf 86' lang='lat' dir='ltr'><strong><em>ex</em></strong></span> <span class='ocrx_word' id='word_1_66' title='bbox 971 1273 1101 1330; x_wconf 87' lang='lat' dir='ltr'><strong><em>aliis</em></strong></span> <span class='ocrx_word' id='word_1_67' title='bbox 1131 1273 1462 1331; x_wconf 86' lang='lat' dir='ltr'><strong><em>Aristotelis</em></strong></span> <span class='ocrx_word' id='word_1_68' title='bbox 1522 1274 1710 1342; x_wconf 81' lang='lat' dir='ltr'><strong><em>libris,</em></strong></span> <span class='ocrx_word' id='word_1_69' title='bbox 1746 1272 1914 1330; x_wconf 80' lang='lat' dir='ltr'><strong>facile</strong></span> 
     </span>
    </p>
   </div>
   <div class='ocr_carea' id='block_1_11' title="bbox 253 1361 1914 1435">
    <p class='ocr_par' dir='ltr' id='par_1_11' title="bbox 253 1361 1914 1435">
     <span class='ocr_line' id='line_1_11' title="bbox 253 1361 1914 1435; baseline 0.001 -18"><span class='ocrx_word' id='word_1_70' title='bbox 253 1361 628 1435; x_wconf 85' lang='lat' dir='ltr'><strong><em>intelligitur;</em></strong></span> <span class='ocrx_word' id='word_1_71' title='bbox 656 1362 953 1420; x_wconf 87' lang='lat' dir='ltr'><strong><em>Aristoteli</em></strong></span> <span class='ocrx_word' id='word_1_72' title='bbox 1016 1362 1423 1421; x_wconf 80' lang='lat' dir='ltr'><strong><em>rationabilem</em></strong></span> <span class='ocrx_word' id='word_1_73' title='bbox 1481 1364 1740 1420; x_wconf 88' lang='lat' dir='ltr'><strong><em>animam</em></strong></span> <span class='ocrx_word' id='word_1_74' title='bbox 1798 1362 1914 1419; x_wconf 89' lang='lat' dir='ltr'><strong><em>im-</em></strong></span> 
     </span>
    </p>
   </div>
   <div class='ocr_carea' id='block_1_12' title="bbox 255 1449 1913 1527">
    <p class='ocr_par' dir='ltr' id='par_1_12' title="bbox 255 1449 1913 1527">
     <span class='ocr_line' id='line_1_12' title="bbox 255 1449 1913 1527; baseline 0.001 -20"><span class='ocrx_word' id='word_1_75' title='bbox 255 1449 565 1507; x_wconf 84' lang='lat' dir='ltr'><strong><em>mortalem</em></strong></span> <span class='ocrx_word' id='word_1_76' title='bbox 597 1450 799 1520; x_wconf 88' lang='lat' dir='ltr'><strong><em>videri,</em></strong></span> <span class='ocrx_word' id='word_1_77' title='bbox 833 1456 890 1507; x_wconf 88' lang='lat' dir='ltr'><strong><em>et</em></strong></span> <span class='ocrx_word' id='word_1_78' title='bbox 918 1451 990 1511; x_wconf 87' lang='lat' dir='ltr'><strong><em>ab</em></strong></span> <span class='ocrx_word' id='word_1_79' title='bbox 1012 1452 1173 1509; x_wconf 89' lang='lat' dir='ltr'><strong><em>omni</em></strong></span> <span class='ocrx_word' id='word_1_80' title='bbox 1204 1469 1446 1527; x_wconf 85' lang='lat' dir='ltr'><strong><em>corpore</em></strong></span> <span class='ocrx_word' id='word_1_81' title='bbox 1501 1451 1913 1526; x_wconf 81' lang='lat' dir='ltr'><strong><em>separabilem.</em></strong></span> 
     </span>
    </p>
   </div>
   <div class='ocr_carea' id='block_1_13' title="bbox 332 1646 1917 1722">
    <p class='ocr_par' dir='ltr' id='par_1_13' title="bbox 332 1646 1917 1722">
     <span class='ocr_line' id='line_1_13' title="bbox 332 1646 1917 1722; baseline 0.003 -20"><span class='ocrx_word' id='word_1_82' title='bbox 332 1646 441 1711; x_wconf 92' lang='lat' dir='ltr'><strong><em>Sed</em></strong></span> <span class='ocrx_word' id='word_1_83' title='bbox 475 1651 534 1705; x_wconf 86' lang='lat' dir='ltr'><strong><em>et</em></strong></span> <span class='ocrx_word' id='word_1_84' title='bbox 566 1647 1132 1718; x_wconf 84' lang='lat' dir='ltr'><strong><em>Platonem,ratione</em></strong></span> <span class='ocrx_word' id='word_1_85' title='bbox 1154 1649 1463 1722; x_wconf 71' lang='lat' dir='ltr'><strong><em>praeditam</em></strong></span> <span class='ocrx_word' id='word_1_86' title='bbox 1492 1649 1749 1707; x_wconf 86' lang='lat' dir='ltr'><strong><em>animam</em></strong></span> <span class='ocrx_word' id='word_1_87' title='bbox 1808 1649 1917 1706; x_wconf 90' lang='lat' dir='ltr'><strong><em>im-</em></strong></span> 
     </span>
    </p>
   </div>
   <div class='ocr_carea' id='block_1_14' title="bbox 261 1735 1917 1812">
    <p class='ocr_par' dir='ltr' id='par_1_14' title="bbox 261 1735 1917 1812">
     <span class='ocr_line' id='line_1_14' title="bbox 261 1735 1917 1812; baseline 0.002 -20"><span class='ocrx_word' id='word_1_88' title='bbox 261 1735 571 1799; x_wconf 74' lang='lat' dir='ltr'><strong><em>mortalem</em></strong></span> <span class='ocrx_word' id='word_1_89' title='bbox 598 1737 925 1808; x_wconf 78' lang='lat' dir='ltr'><strong><em>censuisse,</em></strong></span> <span class='ocrx_word' id='word_1_90' title='bbox 954 1754 1071 1795; x_wconf 90' lang='lat' dir='ltr'><strong><em>non</em></strong></span> <span class='ocrx_word' id='word_1_91' title='bbox 1101 1742 1193 1796; x_wconf 85' lang='lat' dir='ltr'><strong><em>est</em></strong></span> <span class='ocrx_word' id='word_1_92' title='bbox 1244 1756 1351 1797; x_wconf 90' lang='lat' dir='ltr'><strong><em>cur</em></strong></span> <span class='ocrx_word' id='word_1_93' title='bbox 1398 1739 1740 1812; x_wconf 82' lang='lat' dir='ltr'><strong><em>probemus,</em></strong></span> <span class='ocrx_word' id='word_1_94' title='bbox 1799 1738 1917 1796; x_wconf 92' lang='lat' dir='ltr'><strong><em>imo</em></strong></span> 
     </span>
    </p>
   </div>
   <div class='ocr_carea' id='block_1_15' title="bbox 262 1826 1921 1900">
    <p class='ocr_par' dir='ltr' id='par_1_15' title="bbox 262 1826 1921 1900">
     <span class='ocr_line' id='line_1_15' title="bbox 262 1826 1921 1900; baseline 0.003 -20"><span class='ocrx_word' id='word_1_95' title='bbox 262 1826 508 1887; x_wconf 88' lang='lat' dir='ltr'><strong><em>rationis</em></strong></span> <span class='ocrx_word' id='word_1_96' title='bbox 538 1831 856 1900; x_wconf 80' lang='lat' dir='ltr'><strong><em>expertem,</em></strong></span> <span class='ocrx_word' id='word_1_97' title='bbox 890 1827 1203 1886; x_wconf 88' lang='lat' dir='ltr'><strong><em>mortalem</em></strong></span> <span class='ocrx_word' id='word_1_98' title='bbox 1238 1843 1374 1885; x_wconf 89' lang='lat' dir='ltr'><strong><em>eum</em></strong></span> <span class='ocrx_word' id='word_1_99' title='bbox 1409 1828 1921 1898; x_wconf 82' lang='lat' dir='ltr'><strong><em>existimare,satis</em></strong></span> 
     </span>
    </p>
   </div>
   <div class='ocr_carea' id='block_1_16' title="bbox 1594 420 2335 487">
    <p class='ocr_par' dir='ltr' id='par_1_16' title="bbox 1594 420 2335 487">
     <span class='ocr_line' id='line_1_16' title="bbox 1594 420 2335 487; baseline 0.004 -3"><span class='ocrx_word' id='word_1_100' title='bbox 1594 420 2016 487; x_wconf 78' lang='lat' dir='ltr'><strong><em>MICHAELIS</em></strong></span> <span class='ocrx_word' id='word_1_101' title='bbox 2061 424 2335 487; x_wconf 80' lang='lat' dir='ltr'><strong><em>PSELLI</em></strong></span> 
     </span>
    </p>
   </div>
   <div class='ocr_carea' id='block_1_17' title="bbox 3523 422 3681 489">
    <p class='ocr_par' dir='ltr' id='par_1_17' title="bbox 3523 422 3681 489">
     <span class='ocr_line' id='line_1_17' title="bbox 3523 422 3681 489; baseline 0.032 -5"><span class='ocrx_word' id='word_1_102' title='bbox 3523 422 3681 489; x_wconf 64' lang='lat' dir='ltr'><strong><em>i0“</em></strong></span> 
     </span>
    </p>
   </div>
   <div class='ocr_carea' id='block_1_18' title="bbox 1759 554 3679 641">
    <p class='ocr_par' dir='ltr' id='par_1_18' title="bbox 1759 554 3679 641">
     <span class='ocr_line' id='line_1_18' title="bbox 1759 554 3679 641; baseline 0 -28"><span class='ocrx_word' id='word_1_103' title='bbox 1759 559 1905 617; x_wconf 78' lang='lat' dir='ltr'><strong><em>nihil</em></strong></span> <span class='ocrx_word' id='word_1_104' title='bbox 1934 558 2143 635; x_wconf 62' lang='grc' dir='ltr'>Απερὶ</span> <span class='ocrx_word' id='word_1_105' title='bbox 2211 557 2267 616; x_wconf 61' lang='grc' dir='ltr'><strong><em>δι</em></strong></span> <span class='ocrx_word' id='word_1_106' title='bbox 2319 565 2417 619; x_wconf 76' lang='grc' dir='ltr'>τοῦ</span> <span class='ocrx_word' id='word_1_107' title='bbox 2468 565 2592 632; x_wconf 78' lang='grc' dir='ltr'>νοῦ,</span> <span class='ocrx_word' id='word_1_108' title='bbox 2647 561 2811 641; x_wconf 71' lang='grc' dir='ltr'>φησὶ,</span> <span class='ocrx_word' id='word_1_109' title='bbox 2868 560 2959 627; x_wconf 71' lang='grc' dir='ltr'><strong><em>καὶ</em></strong></span> <span class='ocrx_word' id='word_1_110' title='bbox 3015 565 3117 629; x_wconf 82' lang='grc' dir='ltr'><strong><em>τῆς</em></strong></span> <span class='ocrx_word' id='word_1_111' title='bbox 3147 557 3490 637; x_wconf 69' lang='grc' dir='ltr'><strong><em>θεωρητικῆς</em></strong></span> <span class='ocrx_word' id='word_1_112' title='bbox 3520 554 3679 615; x_wconf 35' lang='grc' dir='ltr'>δυνάν</span> 
     </span>
    </p>
   </div>
   <div class='ocr_carea' id='block_1_19' title="bbox 2021 644 3681 730">
    <p class='ocr_par' dir='ltr' id='par_1_19' title="bbox 2021 644 3681 730">
     <span class='ocr_line' id='line_1_19' title="bbox 2021 644 3681 730; baseline 0.002 -27"><span class='ocrx_word' id='word_1_113' title='bbox 2021 669 2165 721; x_wconf 86' lang='grc' dir='ltr'>μεως</span> <span class='ocrx_word' id='word_1_114' title='bbox 2201 693 2216 720; x_wconf 86' lang='lat'><strong><em>,</em></strong></span> <span class='ocrx_word' id='word_1_115' title='bbox 2277 648 2491 709; x_wconf 71' lang='grc' dir='ltr'><strong><em>οὐδέπω</em></strong></span> <span class='ocrx_word' id='word_1_116' title='bbox 2533 651 2756 730; x_wconf 70' lang='grc' dir='ltr'>φανερὸν</span> <span class='ocrx_word' id='word_1_117' title='bbox 2794 694 2809 725; x_wconf 86' lang='lat'><strong><em>,</em></strong></span> <span class='ocrx_word' id='word_1_118' title='bbox 2872 648 3000 715; x_wconf 79' lang='grc' dir='ltr'>ἀλλ’</span> <span class='ocrx_word' id='word_1_119' title='bbox 3047 646 3221 711; x_wconf 63' lang='lat' dir='ltr'><strong><em>Enim</em></strong></span> <span class='ocrx_word' id='word_1_120' title='bbox 3283 649 3320 721; x_wconf 79' lang='grc' dir='ltr'><strong>ἡ</strong></span> <span class='ocrx_word' id='word_1_121' title='bbox 3379 646 3534 723; x_wconf 79' lang='grc' dir='ltr'>ψυχὴ</span> <span class='ocrx_word' id='word_1_122' title='bbox 3586 644 3681 723; x_wconf 71' lang='grc' dir='ltr'><strong><em>γέ-</em></strong></span> 
     </span>
    </p>
   </div>
   <div class='ocr_carea' id='block_1_20' title="bbox 2017 733 3679 816">
    <p class='ocr_par' dir='ltr' id='par_1_20' title="bbox 2017 733 3679 816">
     <span class='ocr_line' id='line_1_20' title="bbox 2017 733 3679 816; baseline -0.001 -24"><span class='ocrx_word' id='word_1_123' title='bbox 2017 758 2107 802; x_wconf 86' lang='grc' dir='ltr'><strong><em>νος</em></strong></span> <span class='ocrx_word' id='word_1_124' title='bbox 2185 736 2369 816; x_wconf 78' lang='grc' dir='ltr'>ἓτερον</span> <span class='ocrx_word' id='word_1_125' title='bbox 2455 741 2629 810; x_wconf 73' lang='grc' dir='ltr'>εἶναι,</span> <span class='ocrx_word' id='word_1_126' title='bbox 2713 741 2802 800; x_wconf 81' lang='grc' dir='ltr'><strong><em>καὶ</em></strong></span> <span class='ocrx_word' id='word_1_127' title='bbox 2888 743 3053 799; x_wconf 79' lang='grc' dir='ltr'>τοῦτο</span> <span class='ocrx_word' id='word_1_128' title='bbox 3124 737 3284 813; x_wconf 84' lang='grc' dir='ltr'>μόνον</span> <span class='ocrx_word' id='word_1_129' title='bbox 3366 733 3679 813; x_wconf 69' lang='grc' dir='ltr'>ἰνδέχεσθαι</span> 
     </span>
    </p>
   </div>
   <div class='ocr_carea' id='block_1_21' title="bbox 2018 825 3680 905">
    <p class='ocr_par' dir='ltr' id='par_1_21' title="bbox 2018 825 3680 905">
     <span class='ocr_line' id='line_1_21' title="bbox 2018 825 3680 905; baseline -0.026 3"><span class='ocrx_word' id='word_1_130' title='bbox 2018 828 2392 904; x_wconf 73' lang='grc' dir='ltr'><strong><em>χωρίζεσθαι,</em></strong></span> <span class='ocrx_word' id='word_1_131' title='bbox 2456 831 2696 905; x_wconf 80' lang='grc' dir='ltr'>καθάπερ</span> <span class='ocrx_word' id='word_1_132' title='bbox 2753 830 2817 887; x_wconf 86' lang='grc' dir='ltr'>τὸ</span> <span class='ocrx_word' id='word_1_133' title='bbox 2867 826 3040 885; x_wconf 67' lang='grc' dir='ltr'>ἀίδιον</span> <span class='ocrx_word' id='word_1_134' title='bbox 3089 832 3188 884; x_wconf 79' lang='grc' dir='ltr'><strong><em>τοῦ</em></strong></span> <span class='ocrx_word' id='word_1_135' title='bbox 3246 828 3517 904; x_wconf 67' lang='grc' dir='ltr'>φθαρτοῦ,</span> <span class='ocrx_word' id='word_1_136' title='bbox 3577 825 3680 882; x_wconf 63' lang='grc' dir='ltr'>Καὶ</span> 
     </span>
    </p>
   </div>
   <div class='ocr_carea' id='block_1_22' title="bbox 2020 913 3683 998">
    <p class='ocr_par' dir='ltr' id='par_1_22' title="bbox 2020 913 3683 998">
     <span class='ocr_line' id='line_1_22' title="bbox 2020 913 3683 998; baseline -0.002 -26"><span class='ocrx_word' id='word_1_137' title='bbox 2020 916 2074 973; x_wconf 73' lang='grc' dir='ltr'>ἐν</span> <span class='ocrx_word' id='word_1_138' title='bbox 2123 923 2203 992; x_wconf 77' lang='grc' dir='ltr'>τῷ</span> <span class='ocrx_word' id='word_1_139' title='bbox 2229 920 2399 996; x_wconf 82' lang='grc' dir='ltr'><strong><em>τρίτῳ</em></strong></span> <span class='ocrx_word' id='word_1_140' title='bbox 2432 917 2490 979; x_wconf 69' lang='grc' dir='ltr'><strong><em>δὶ</em></strong></span> <span class='ocrx_word' id='word_1_141' title='bbox 2525 920 2593 979; x_wconf 75' lang='grc' dir='ltr'><strong><em>τὰ</em></strong></span> <span class='ocrx_word' id='word_1_142' title='bbox 2639 919 2774 977; x_wconf 74' lang='grc' dir='ltr'>αὐτὰ</span> <span class='ocrx_word' id='word_1_143' title='bbox 2824 918 3137 998; x_wconf 74' lang='grc' dir='ltr'>φιλοσοφεῖ,</span> <span class='ocrx_word' id='word_1_144' title='bbox 3195 917 3393 983; x_wconf 67' lang='grc' dir='ltr'>ἀπαθὲς</span> <span class='ocrx_word' id='word_1_145' title='bbox 3451 915 3540 971; x_wconf 81' lang='grc' dir='ltr'><strong><em>καὶ</em></strong></span> <span class='ocrx_word' id='word_1_146' title='bbox 3592 913 3683 973; x_wconf 69' lang='grc' dir='ltr'><strong><em>ἀΐ-</em></strong></span> 
     </span>
    </p>
   </div>
   <div class='ocr_carea' id='block_1_23' title="bbox 2023 1003 3683 1087">
    <p class='ocr_par' dir='ltr' id='par_1_23' title="bbox 2023 1003 3683 1087">
     <span class='ocr_line' id='line_1_23' title="bbox 2023 1003 3683 1087; baseline 0 -27"><span class='ocrx_word' id='word_1_147' title='bbox 2023 1003 2138 1062; x_wconf 83' lang='grc' dir='ltr'>διον</span> <span class='ocrx_word' id='word_1_148' title='bbox 2209 1010 2297 1065; x_wconf 84' lang='grc' dir='ltr'><strong><em>καὶ</em></strong></span> <span class='ocrx_word' id='word_1_149' title='bbox 2387 1010 2646 1066; x_wconf 82' lang='grc' dir='ltr'>ἀθάνατον</span> <span class='ocrx_word' id='word_1_150' title='bbox 2722 1009 3159 1087; x_wconf 71' lang='grc' dir='ltr'><strong><em>ἀποφαινόμενος</em></strong></span> <span class='ocrx_word' id='word_1_151' title='bbox 3212 1006 3307 1063; x_wconf 83' lang='grc' dir='ltr'><strong><em>τὸν</em></strong></span> <span class='ocrx_word' id='word_1_152' title='bbox 3363 1010 3531 1065; x_wconf 73' lang='grc' dir='ltr'>νοῦν·</span> <span class='ocrx_word' id='word_1_153' title='bbox 3591 1006 3683 1060; x_wconf 82' lang='grc' dir='ltr'><strong><em>καὶ</em></strong></span> 
     </span>
    </p>
   </div>
   <div class='ocr_carea' id='block_1_24' title="bbox 2022 1092 3686 1175">
    <p class='ocr_par' dir='ltr' id='par_1_24' title="bbox 2022 1092 3686 1175">
     <span class='ocr_line' id='line_1_24' title="bbox 2022 1092 3686 1175; baseline 0 -26"><span class='ocrx_word' id='word_1_154' title='bbox 2022 1094 2210 1152; x_wconf 79' lang='grc' dir='ltr'>πολλὰ</span> <span class='ocrx_word' id='word_1_155' title='bbox 2262 1097 2487 1154; x_wconf 67' lang='grc' dir='ltr'>τοιαῦτα</span> <span class='ocrx_word' id='word_1_156' title='bbox 2535 1096 2586 1153; x_wconf 80' lang='grc' dir='ltr'>ἐν</span> <span class='ocrx_word' id='word_1_157' title='bbox 2648 1102 2727 1171; x_wconf 81' lang='grc' dir='ltr'><strong><em>τῷ</em></strong></span> <span class='ocrx_word' id='word_1_158' title='bbox 2783 1096 2930 1175; x_wconf 77' lang='grc' dir='ltr'>αὐτῷ</span> <span class='ocrx_word' id='word_1_159' title='bbox 2978 1098 3273 1174; x_wconf 73' lang='grc' dir='ltr'><strong><em>ἀναγράφει</em></strong></span> <span class='ocrx_word' id='word_1_160' title='bbox 3303 1093 3475 1172; x_wconf 58' lang='grc' dir='ltr'>λόγον</span> <span class='ocrx_word' id='word_1_161' title='bbox 3538 1092 3686 1155; x_wconf 75' lang='grc' dir='ltr'>ἀλλὰ</span> 
     </span>
    </p>
   </div>
   <div class='ocr_carea' id='block_1_25' title="bbox 2021 1175 3682 1263">
    <p class='ocr_par' dir='ltr' id='par_1_25' title="bbox 2021 1175 3682 1263">
     <span class='ocr_line' id='line_1_25' title="bbox 2021 1175 3682 1263; baseline 0 -27"><span class='ocrx_word' id='word_1_162' title='bbox 2021 1184 2112 1236; x_wconf 77' lang='grc' dir='ltr'><strong><em>καὶ</em></strong></span> <span class='ocrx_word' id='word_1_163' title='bbox 2160 1181 2212 1255; x_wconf 80' lang='grc' dir='ltr'><strong><em>ἐξ</em></strong></span> <span class='ocrx_word' id='word_1_164' title='bbox 2270 1184 2466 1263; x_wconf 70' lang='grc' dir='ltr'>ἑτέρων</span> <span class='ocrx_word' id='word_1_165' title='bbox 2526 1184 2691 1241; x_wconf 81' lang='grc' dir='ltr'>αὐτοῦ</span> <span class='ocrx_word' id='word_1_166' title='bbox 2724 1187 3170 1263; x_wconf 76' lang='grc' dir='ltr'><strong><em>συγγραμμάτων</em></strong></span> <span class='ocrx_word' id='word_1_167' title='bbox 3203 1181 3411 1258; x_wconf 80' lang='grc' dir='ltr'>ὁμοίως</span> <span class='ocrx_word' id='word_1_168' title='bbox 3471 1175 3682 1257; x_wconf 77' lang='grc' dir='ltr'>συμϐα-</span> 
     </span>
    </p>
   </div>
   <div class='ocr_carea' id='block_1_26' title="bbox 2026 1268 3685 1361">
    <p class='ocr_par' dir='ltr' id='par_1_26' title="bbox 2026 1268 3685 1361">
     <span class='ocr_line' id='line_1_26' title="bbox 2026 1268 3685 1361; baseline -0.001 -34"><span class='ocrx_word' id='word_1_169' title='bbox 2026 1271 2141 1327; x_wconf 84' lang='grc' dir='ltr'>λεῖν</span> <span class='ocrx_word' id='word_1_170' title='bbox 2184 1270 2348 1330; x_wconf 78' lang='grc' dir='ltr'>ἔστιν·</span> <span class='ocrx_word' id='word_1_171' title='bbox 2412 1276 2494 1331; x_wconf 83' lang='grc' dir='ltr'>δτι</span> <span class='ocrx_word' id='word_1_172' title='bbox 2551 1275 2640 1331; x_wconf 80' lang='grc' dir='ltr'><strong><em>καὶ</em></strong></span> <span class='ocrx_word' id='word_1_173' title='bbox 2688 1274 2951 1340; x_wconf 67' lang='grc' dir='ltr'>ἀθάνατον</span> <span class='ocrx_word' id='word_1_174' title='bbox 3014 1271 3154 1330; x_wconf 80' lang='grc' dir='ltr'>οἶδεν</span> <span class='ocrx_word' id='word_1_175' title='bbox 3213 1275 3243 1333; x_wconf 82' lang='grc' dir='ltr'>ὁ</span> <span class='ocrx_word' id='word_1_176' title='bbox 3298 1268 3685 1361; x_wconf 67' lang='grc' dir='ltr'><strong><em>Ἀριστοτέλης</em></strong></span> 
     </span>
    </p>
   </div>
   <div class='ocr_carea' id='block_1_27' title="bbox 2020 1361 3684 1442">
    <p class='ocr_par' dir='ltr' id='par_1_27' title="bbox 2020 1361 3684 1442">
     <span class='ocr_line' id='line_1_27' title="bbox 2020 1361 3684 1442; baseline -0.001 -26"><span class='ocrx_word' id='word_1_177' title='bbox 2020 1363 2122 1432; x_wconf 72' lang='grc' dir='ltr'>τὴν</span> <span class='ocrx_word' id='word_1_178' title='bbox 2190 1361 2418 1441; x_wconf 69' lang='grc' dir='ltr'>λογικὴν</span> <span class='ocrx_word' id='word_1_179' title='bbox 2472 1365 2687 1441; x_wconf 69' lang='grc' dir='ltr'>ψυχὴν,</span> <span class='ocrx_word' id='word_1_180' title='bbox 2746 1364 2836 1420; x_wconf 85' lang='grc' dir='ltr'><strong><em>καὶ</em></strong></span> <span class='ocrx_word' id='word_1_181' title='bbox 2895 1364 3179 1442; x_wconf 82' lang='grc' dir='ltr'>χωριστὴν</span> <span class='ocrx_word' id='word_1_182' title='bbox 3235 1362 3437 1427; x_wconf 82' lang='grc' dir='ltr'>παντὸς</span> <span class='ocrx_word' id='word_1_183' title='bbox 3497 1361 3684 1435; x_wconf 84' lang='grc' dir='ltr'>σώμα-</span> 
     </span>
    </p>
   </div>
   <div class='ocr_carea' id='block_1_28' title="bbox 2023 1472 2140 1515">
    <p class='ocr_par' dir='ltr' id='par_1_28' title="bbox 2023 1472 2140 1515">
     <span class='ocr_line' id='line_1_28' title="bbox 2023 1472 2140 1515; baseline 0.043 -9"><span class='ocrx_word' id='word_1_184' title='bbox 2023 1472 2140 1515; x_wconf 82' lang='grc' dir='ltr'>τος.</span> 
     </span>
    </p>
   </div>
   <div class='ocr_carea' id='block_1_29' title="bbox 2098 1628 3684 1725">
    <p class='ocr_par' dir='ltr' id='par_1_29' title="bbox 2098 1628 3684 1725">
     <span class='ocr_line' id='line_1_29' title="bbox 2098 1628 3684 1725; baseline -0.001 -19"><span class='ocrx_word' id='word_1_185' title='bbox 2098 1628 2278 1706; x_wconf 79' lang='grc' dir='ltr'>Ἀλλά</span> <span class='ocrx_word' id='word_1_186' title='bbox 2333 1650 2440 1724; x_wconf 79' lang='grc' dir='ltr'>μὴν</span> <span class='ocrx_word' id='word_1_187' title='bbox 2502 1649 2584 1707; x_wconf 79' lang='grc' dir='ltr'><strong><em>ὅτι</em></strong></span> <span class='ocrx_word' id='word_1_188' title='bbox 2644 1650 2733 1709; x_wconf 83' lang='grc' dir='ltr'><strong><em>καὶ</em></strong></span> <span class='ocrx_word' id='word_1_189' title='bbox 2788 1651 2816 1705; x_wconf 86' lang='grc' dir='ltr'><strong>ὁ</strong></span> <span class='ocrx_word' id='word_1_190' title='bbox 2847 1648 3075 1708; x_wconf 84' lang='grc' dir='ltr'>Ηλάτων</span> <span class='ocrx_word' id='word_1_191' title='bbox 3108 1650 3206 1721; x_wconf 76' lang='grc' dir='ltr'><strong><em>τήν</em></strong></span> <span class='ocrx_word' id='word_1_192' title='bbox 3240 1648 3475 1725; x_wconf 72' lang='grc' dir='ltr'>λογικὴν</span> <span class='ocrx_word' id='word_1_193' title='bbox 3497 1648 3684 1724; x_wconf 75' lang='grc' dir='ltr'>ψυχὴν</span> 
     </span>
    </p>
   </div>
   <div class='ocr_carea' id='block_1_30' title="bbox 2026 1736 3690 1815">
    <p class='ocr_par' dir='ltr' id='par_1_30' title="bbox 2026 1736 3690 1815">
     <span class='ocr_line' id='line_1_30' title="bbox 2026 1736 3690 1815; baseline -0.001 -22"><span class='ocrx_word' id='word_1_194' title='bbox 2026 1737 2289 1797; x_wconf 78' lang='grc' dir='ltr'>ἀθάνατον</span> <span class='ocrx_word' id='word_1_195' title='bbox 2345 1736 2510 1809; x_wconf 71' lang='grc' dir='ltr'>οἶδεν,</span> <span class='ocrx_word' id='word_1_196' title='bbox 2568 1738 2820 1815; x_wconf 84' lang='grc' dir='ltr'>περιττὸν</span> <span class='ocrx_word' id='word_1_197' title='bbox 2876 1741 3313 1811; x_wconf 76' lang='grc' dir='ltr'>κατασκευάζειν·</span> <span class='ocrx_word' id='word_1_198' title='bbox 3347 1738 3430 1801; x_wconf 71' lang='grc' dir='ltr'><strong><em>ὅτι</em></strong></span> <span class='ocrx_word' id='word_1_199' title='bbox 3481 1736 3540 1801; x_wconf 71' lang='grc' dir='ltr'><strong><em>δὶ</em></strong></span> <span class='ocrx_word' id='word_1_200' title='bbox 3596 1738 3690 1798; x_wconf 72' lang='grc' dir='ltr'><strong><em>καὶ</em></strong></span> 
     </span>
    </p>
   </div>
   <div class='ocr_carea' id='block_1_31' title="bbox 2025 1824 3688 1904">
    <p class='ocr_par' dir='ltr' id='par_1_31' title="bbox 2025 1824 3688 1904">
     <span class='ocr_line' id='line_1_31' title="bbox 2025 1824 3688 1904; baseline -0.001 -21"><span class='ocrx_word' id='word_1_201' title='bbox 2025 1828 2123 1896; x_wconf 76' lang='grc' dir='ltr'>τὴν</span> <span class='ocrx_word' id='word_1_202' title='bbox 2178 1826 2377 1904; x_wconf 80' lang='grc' dir='ltr'>ἄλογον</span> <span class='ocrx_word' id='word_1_203' title='bbox 2412 1830 2611 1901; x_wconf 77' lang='grc' dir='ltr'>θνητήν</span> <span class='ocrx_word' id='word_1_204' title='bbox 2666 1826 2830 1899; x_wconf 75' lang='grc' dir='ltr'>οἶδεν,</span> <span class='ocrx_word' id='word_1_205' title='bbox 2892 1828 3090 1891; x_wconf 75' lang='grc' dir='ltr'>ἱκανῶς</span> <span class='ocrx_word' id='word_1_206' title='bbox 3122 1830 3150 1884; x_wconf 81' lang='grc' dir='ltr'>ὁ</span> <span class='ocrx_word' id='word_1_207' title='bbox 3208 1829 3447 1902; x_wconf 82' lang='grc' dir='ltr'>Τίμαιος</span> <span class='ocrx_word' id='word_1_208' title='bbox 3478 1824 3688 1885; x_wconf 70' lang='grc' dir='ltr'>ἰκδιδά-</span> 
     </span>
    </p>
   </div>
   <div class='ocr_carea' id='block_1_32' title="bbox 268 1913 1923 2007">
    <p class='ocr_par' dir='ltr' id='par_1_32' title="bbox 268 1913 1915 1991">
     <span class='ocr_line' id='line_1_32' title="bbox 268 1913 1915 1991; baseline 0.004 -23"><span class='ocrx_word' id='word_1_209' title='bbox 268 1915 397 1984; x_wconf 83' lang='lat' dir='ltr'><strong><em>ejus</em></strong></span> <span class='ocrx_word' id='word_1_210' title='bbox 427 1913 684 1975; x_wconf 72' lang='lat' dir='ltr'><strong><em>Timaeus</em></strong></span> <span class='ocrx_word' id='word_1_211' title='bbox 716 1916 1009 1974; x_wconf 89' lang='lat' dir='ltr'><strong><em>ostendit:</em></strong></span> <span class='ocrx_word' id='word_1_212' title='bbox 1044 1934 1182 1975; x_wconf 88' lang='lat' dir='ltr'><strong><em>nam</em></strong></span> <span class='ocrx_word' id='word_1_213' title='bbox 1215 1916 1459 1974; x_wconf 86' lang='lat' dir='ltr'><strong><em>rationis</em></strong></span> <span class='ocrx_word' id='word_1_214' title='bbox 1488 1917 1791 1991; x_wconf 85' lang='lat' dir='ltr'><strong><em>impotem,</em></strong></span> <span class='ocrx_word' id='word_1_215' title='bbox 1824 1935 1915 1975; x_wconf 92' lang='lat' dir='ltr'><strong><em>ra-</em></strong></span> 
     </span>
    </p>
   </div>
   <div class='ocr_carea' id='block_1_33' title="bbox 2036 1913 3689 2007">
    <p class='ocr_par' dir='ltr' id='par_1_33' title="bbox 2036 1916 3689 2007">
     <span class='ocr_line' id='line_1_33' title="bbox 2036 1916 3689 2007; baseline -0.001 -35"><span class='ocrx_word' id='word_1_216' title='bbox 2036 1937 2161 1972; x_wconf 78' lang='grc' dir='ltr'>σκει.</span> <span class='ocrx_word' id='word_1_217' title='bbox 2222 1919 2330 1988; x_wconf 71' lang='grc' dir='ltr'><strong><em>Τὴν</em></strong></span> <span class='ocrx_word' id='word_1_218' title='bbox 2386 1919 2490 1995; x_wconf 68' lang='grc' dir='ltr'><strong><em>γὰρ</em></strong></span> <span class='ocrx_word' id='word_1_219' title='bbox 2547 1917 2747 1993; x_wconf 81' lang='grc' dir='ltr'>ἄλογον</span> <span class='ocrx_word' id='word_1_220' title='bbox 2801 1918 2986 1994; x_wconf 71' lang='grc' dir='ltr'>ψυχὴν</span> <span class='ocrx_word' id='word_1_221' title='bbox 3038 1916 3551 2007; x_wconf 55' lang='grc' dir='ltr'>προσυφαινομινην</span> <span class='ocrx_word' id='word_1_222' title='bbox 3608 1919 3689 2007; x_wconf 50' lang='lat' dir='ltr'><strong><em>xiii</em></strong></span> 
     </span>
    </p>
   </div>
   <div class='ocr_carea' id='block_1_34' title="bbox 269 2003 1919 2069">
    <p class='ocr_par' dir='ltr' id='par_1_34' title="bbox 269 2003 1919 2069">
     <span class='ocr_line' id='line_1_34' title="bbox 269 2003 1919 2069; baseline 0.003 -10"><span class='ocrx_word' id='word_1_223' title='bbox 269 2003 888 2069; x_wconf 76' lang='lat' dir='ltr'><strong><em>tionabiliconnexam</em></strong></span> <span class='ocrx_word' id='word_1_224' title='bbox 946 2011 1004 2064; x_wconf 91' lang='lat' dir='ltr'><strong><em>et</em></strong></span> <span class='ocrx_word' id='word_1_225' title='bbox 1061 2010 1393 2065; x_wconf 83' lang='lat' dir='ltr'><strong><em>contextam</em></strong></span> <span class='ocrx_word' id='word_1_226' title='bbox 1445 2007 1748 2067; x_wconf 83' lang='lat' dir='ltr'><strong><em>mortalem</em></strong></span> <span class='ocrx_word' id='word_1_227' title='bbox 1792 2025 1919 2064; x_wconf 90' lang='lat' dir='ltr'><strong><em>esse</em></strong></span> 
     </span>
    </p>
   </div>
   <div class='ocr_carea' id='block_1_35' title="bbox 274 2094 1927 2172">
    <p class='ocr_par' dir='ltr' id='par_1_35' title="bbox 274 2094 1927 2172">
     <span class='ocr_line' id='line_1_35' title="bbox 274 2094 1927 2172; baseline 0.003 -23"><span class='ocrx_word' id='word_1_228' title='bbox 274 2094 572 2159; x_wconf 75' lang='lat' dir='ltr'><strong><em>evidenter</em></strong></span> <span class='ocrx_word' id='word_1_229' title='bbox 592 2095 851 2161; x_wconf 82' lang='lat' dir='ltr'><strong><em>afﬁrmat</em></strong></span> <span class='ocrx_word' id='word_1_230' title='bbox 882 2101 977 2157; x_wconf 86' lang='lat' dir='ltr'><strong><em>:at</em></strong></span> <span class='ocrx_word' id='word_1_231' title='bbox 1005 2113 1136 2157; x_wconf 88' lang='lat' dir='ltr'><strong><em>eam</em></strong></span> <span class='ocrx_word' id='word_1_232' title='bbox 1167 2102 1549 2172; x_wconf 71' lang='lat' dir='ltr'><strong><em>partem,qua2</em></strong></span> <span class='ocrx_word' id='word_1_233' title='bbox 1574 2098 1815 2159; x_wconf 83' lang='lat' dir='ltr'><strong><em>rationis</em></strong></span> <span class='ocrx_word' id='word_1_234' title='bbox 1838 2103 1927 2155; x_wconf 89' lang='lat' dir='ltr'><strong><em>est</em></strong></span> 
     </span>
    </p>
   </div>
   <div class='ocr_carea' id='block_1_36' title="bbox 275 2185 1923 2263">
    <p class='ocr_par' dir='ltr' id='par_1_36' title="bbox 275 2185 1923 2263">
     <span class='ocr_line' id='line_1_36' title="bbox 275 2185 1923 2263; baseline 0.004 -24"><span class='ocrx_word' id='word_1_235' title='bbox 275 2199 538 2257; x_wconf 78' lang='lat' dir='ltr'><strong><em>compos,</em></strong></span> <span class='ocrx_word' id='word_1_236' title='bbox 571 2189 638 2249; x_wconf 83' lang='lat' dir='ltr'><strong><em>ut</em></strong></span> <span class='ocrx_word' id='word_1_237' title='bbox 681 2185 740 2247; x_wconf 85' lang='lat' dir='ltr'><strong><em>in</em></strong></span> <span class='ocrx_word' id='word_1_238' title='bbox 773 2186 1141 2256; x_wconf 80' lang='lat' dir='ltr'><strong><em>mortalibus,</em></strong></span> <span class='ocrx_word' id='word_1_239' title='bbox 1164 2193 1220 2247; x_wconf 87' lang='lat' dir='ltr'><strong><em>et</em></strong></span> <span class='ocrx_word' id='word_1_240' title='bbox 1250 2188 1677 2259; x_wconf 85' lang='lat' dir='ltr'><strong><em>animantibus,</em></strong></span> <span class='ocrx_word' id='word_1_241' title='bbox 1710 2189 1923 2263; x_wconf 90' lang='lat' dir='ltr'><strong><em>princi-</em></strong></span> 
     </span>
    </p>
   </div>
   <div class='ocr_carea' id='block_1_37' title="bbox 272 2273 1922 2346">
    <p class='ocr_par' dir='ltr' id='par_1_37' title="bbox 272 2273 1922 2346">
     <span class='ocr_line' id='line_1_37' title="bbox 272 2273 1922 2346; baseline 0.005 -18"><span class='ocrx_word' id='word_1_242' title='bbox 272 2290 430 2346; x_wconf 84' lang='lat' dir='ltr'><strong><em>pem,</em></strong></span> <span class='ocrx_word' id='word_1_243' title='bbox 463 2273 745 2343; x_wconf 85' lang='lat' dir='ltr'><strong><em>divinam,</em></strong></span> <span class='ocrx_word' id='word_1_244' title='bbox 777 2281 834 2332; x_wconf 88' lang='lat' dir='ltr'><strong><em>et</em></strong></span> <span class='ocrx_word' id='word_1_245' title='bbox 882 2276 1276 2339; x_wconf 82' lang='lat' dir='ltr'><strong><em>immortalem</em></strong></span> <span class='ocrx_word' id='word_1_246' title='bbox 1327 2295 1475 2337; x_wconf 87' lang='lat' dir='ltr'><strong><em>esse.</em></strong></span> <span class='ocrx_word' id='word_1_247' title='bbox 1539 2280 1650 2337; x_wconf 86' lang='lat' dir='ltr'><strong><em>Sed</em></strong></span> <span class='ocrx_word' id='word_1_248' title='bbox 1700 2279 1922 2337; x_wconf 85' lang='lat' dir='ltr'><strong><em>nullam</em></strong></span> 
     </span>
    </p>
   </div>
   <div class='ocr_carea' id='block_1_38' title="bbox 271 2363 1924 2443">
    <p class='ocr_par' dir='ltr' id='par_1_38' title="bbox 271 2363 1924 2443">
     <span class='ocr_line' id='line_1_38' title="bbox 271 2363 1924 2443; baseline 0.004 -25"><span class='ocrx_word' id='word_1_249' title='bbox 271 2363 469 2431; x_wconf 77' lang='lat' dir='ltr'><strong><em>animo.</em></strong></span> <span class='ocrx_word' id='word_1_250' title='bbox 499 2380 711 2438; x_wconf 87' lang='lat' dir='ltr'><strong><em>corpus</em></strong></span> <span class='ocrx_word' id='word_1_251' title='bbox 735 2382 864 2425; x_wconf 87' lang='lat' dir='ltr'><strong><em>esse</em></strong></span> <span class='ocrx_word' id='word_1_252' title='bbox 913 2383 1106 2441; x_wconf 88' lang='lat' dir='ltr'><strong><em>posse,</em></strong></span> <span class='ocrx_word' id='word_1_253' title='bbox 1166 2384 1356 2441; x_wconf 89' lang='lat' dir='ltr'><strong><em>neque</em></strong></span> <span class='ocrx_word' id='word_1_254' title='bbox 1404 2367 1675 2443; x_wconf 83' lang='lat' dir='ltr'><strong><em>simplex,</em></strong></span> <span class='ocrx_word' id='word_1_255' title='bbox 1735 2385 1924 2441; x_wconf 88' lang='lat' dir='ltr'><strong><em>neque</em></strong></span> 
     </span>
    </p>
   </div>
   <div class='ocr_carea' id='block_1_39' title="bbox 270 2452 1922 2529">
    <p class='ocr_par' dir='ltr' id='par_1_39' title="bbox 270 2452 1922 2529">
     <span class='ocr_line' id='line_1_39' title="bbox 270 2452 1922 2529; baseline 0.004 -22"><span class='ocrx_word' id='word_1_256' title='bbox 270 2452 829 2525; x_wconf 80' lang='lat' dir='ltr'><strong><em>compositum,hinc</em></strong></span> <span class='ocrx_word' id='word_1_257' title='bbox 862 2456 1110 2529; x_wconf 84' lang='lat' dir='ltr'><strong><em>intelligi</em></strong></span> <span class='ocrx_word' id='word_1_258' title='bbox 1143 2462 1372 2529; x_wconf 85' lang='lat' dir='ltr'><strong><em>potest:</em></strong></span> <span class='ocrx_word' id='word_1_259' title='bbox 1407 2474 1577 2515; x_wconf 89' lang='lat' dir='ltr'><strong><em>omne</em></strong></span> <span class='ocrx_word' id='word_1_260' title='bbox 1607 2457 1761 2515; x_wconf 88' lang='lat' dir='ltr'><strong><em>enim</em></strong></span> <span class='ocrx_word' id='word_1_261' title='bbox 1796 2475 1922 2514; x_wconf 87' lang='lat' dir='ltr'><strong><em>cor-</em></strong></span> 
     </span>
    </p>
   </div>
   <div class='ocr_carea' id='block_1_40' title="bbox 268 2544 1922 2619">
    <p class='ocr_par' dir='ltr' id='par_1_40' title="bbox 268 2544 1922 2619">
     <span class='ocr_line' id='line_1_40' title="bbox 268 2544 1922 2619; baseline 0.005 -23"><span class='ocrx_word' id='word_1_262' title='bbox 268 2558 383 2619; x_wconf 85' lang='lat' dir='ltr'><strong><em>pus</em></strong></span> <span class='ocrx_word' id='word_1_263' title='bbox 412 2547 625 2605; x_wconf 85' lang='lat' dir='ltr'><strong><em>natura</em></strong></span> <span class='ocrx_word' id='word_1_264' title='bbox 654 2561 762 2600; x_wconf 89' lang='lat' dir='ltr'><strong><em>sua</em></strong></span> <span class='ocrx_word' id='word_1_265' title='bbox 784 2544 936 2601; x_wconf 87' lang='lat' dir='ltr'><strong><em>adid</em></strong></span> <span class='ocrx_word' id='word_1_266' title='bbox 971 2550 1176 2603; x_wconf 89' lang='lat' dir='ltr'><strong><em>natum</em></strong></span> <span class='ocrx_word' id='word_1_267' title='bbox 1200 2552 1384 2614; x_wconf 86' lang='lat' dir='ltr'><strong><em>est,ut</em></strong></span> <span class='ocrx_word' id='word_1_268' title='bbox 1413 2546 1595 2603; x_wconf 88' lang='lat' dir='ltr'><strong><em>dividi</em></strong></span> <span class='ocrx_word' id='word_1_269' title='bbox 1624 2552 1681 2604; x_wconf 90' lang='lat' dir='ltr'><strong><em>et</em></strong></span> <span class='ocrx_word' id='word_1_270' title='bbox 1722 2547 1922 2604; x_wconf 82' lang='lat' dir='ltr'><strong><em>infini-</em></strong></span> 
     </span>
    </p>
   </div>
   <div class='ocr_carea' id='block_1_41' title="bbox 267 2630 1922 2708">
    <p class='ocr_par' dir='ltr' id='par_1_41' title="bbox 267 2630 1922 2708">
     <span class='ocr_line' id='line_1_41' title="bbox 267 2630 1922 2708; baseline 0.002 -21"><span class='ocrx_word' id='word_1_271' title='bbox 267 2634 360 2691; x_wconf 80' lang='lat' dir='ltr'><strong><em>tas</em></strong></span> <span class='ocrx_word' id='word_1_272' title='bbox 390 2630 449 2693; x_wconf 82' lang='lat' dir='ltr'><strong><em>in</em></strong></span> <span class='ocrx_word' id='word_1_273' title='bbox 473 2636 669 2707; x_wconf 84' lang='lat' dir='ltr'><strong><em>partes</em></strong></span> <span class='ocrx_word' id='word_1_274' title='bbox 697 2633 946 2693; x_wconf 82' lang='lat' dir='ltr'><strong><em>distrahi</em></strong></span> <span class='ocrx_word' id='word_1_275' title='bbox 980 2635 1187 2707; x_wconf 86' lang='lat' dir='ltr'><strong><em>possit,</em></strong></span> <span class='ocrx_word' id='word_1_276' title='bbox 1240 2651 1422 2705; x_wconf 86' lang='lat' dir='ltr'><strong><em>quare</em></strong></span> <span class='ocrx_word' id='word_1_277' title='bbox 1464 2635 1691 2708; x_wconf 78' lang='lat' dir='ltr'><strong><em>indiget</em></strong></span> <span class='ocrx_word' id='word_1_278' title='bbox 1741 2636 1922 2691; x_wconf 84' lang='lat' dir='ltr'><strong><em>conti-</em></strong></span> 
     </span>
    </p>
   </div>
   <div class='ocr_carea' id='block_1_42' title="bbox 272 2720 1924 2797">
    <p class='ocr_par' dir='ltr' id='par_1_42' title="bbox 272 2720 1924 2797">
     <span class='ocr_line' id='line_1_42' title="bbox 272 2720 1924 2797; baseline 0.002 -22"><span class='ocrx_word' id='word_1_279' title='bbox 272 2723 469 2783; x_wconf 72' lang='lat' dir='ltr'><strong><em>nente.</em></strong></span> <span class='ocrx_word' id='word_1_280' title='bbox 503 2720 824 2779; x_wconf 84' lang='lat' dir='ltr'><strong><em>Continens</em></strong></span> <span class='ocrx_word' id='word_1_281' title='bbox 866 2723 1066 2794; x_wconf 83' lang='lat' dir='ltr'><strong><em>igitur,</em></strong></span> <span class='ocrx_word' id='word_1_282' title='bbox 1100 2729 1300 2779; x_wconf 88' lang='lat' dir='ltr'><strong><em>utrum</em></strong></span> <span class='ocrx_word' id='word_1_283' title='bbox 1327 2741 1539 2797; x_wconf 90' lang='lat' dir='ltr'><strong><em>corpus</em></strong></span> <span class='ocrx_word' id='word_1_284' title='bbox 1572 2731 1681 2793; x_wconf 88' lang='lat' dir='ltr'><strong><em>est,</em></strong></span> <span class='ocrx_word' id='word_1_285' title='bbox 1732 2743 1804 2782; x_wconf 90' lang='lat' dir='ltr'><strong><em>an</em></strong></span> <span class='ocrx_word' id='word_1_286' title='bbox 1834 2726 1924 2781; x_wconf 88' lang='lat' dir='ltr'><strong><em>in-</em></strong></span> 
     </span>
    </p>
   </div>
   <div class='ocr_carea' id='block_1_43' title="bbox 274 2809 1928 2891">
    <p class='ocr_par' dir='ltr' id='par_1_43' title="bbox 274 2809 1928 2891">
     <span class='ocr_line' id='line_1_43' title="bbox 274 2809 1928 2891; baseline 0.006 -28"><span class='ocrx_word' id='word_1_287' title='bbox 274 2809 670 2891; x_wconf 82' lang='lat' dir='ltr'><strong><em>corporeum?</em></strong></span> <span class='ocrx_word' id='word_1_288' title='bbox 696 2810 747 2865; x_wconf 87' lang='lat' dir='ltr'><strong><em>si</em></strong></span> <span class='ocrx_word' id='word_1_289' title='bbox 781 2826 1019 2883; x_wconf 86' lang='lat' dir='ltr'><strong><em>corpus,</em></strong></span> <span class='ocrx_word' id='word_1_290' title='bbox 1053 2811 1341 2885; x_wconf 88' lang='lat' dir='ltr'><strong><em>indigebit</em></strong></span> <span class='ocrx_word' id='word_1_291' title='bbox 1370 2818 1426 2870; x_wconf 89' lang='lat' dir='ltr'><strong><em>et</em></strong></span> <span class='ocrx_word' id='word_1_292' title='bbox 1449 2813 1590 2870; x_wconf 90' lang='lat' dir='ltr'><strong><em>illud</em></strong></span> <span class='ocrx_word' id='word_1_293' title='bbox 1626 2814 1928 2873; x_wconf 83' lang='lat' dir='ltr'><strong><em>continen-</em></strong></span> 
     </span>
    </p>
   </div>
   <div class='ocr_carea' id='block_1_44' title="bbox 273 2896 1924 2977">
    <p class='ocr_par' dir='ltr' id='par_1_44' title="bbox 273 2896 1924 2977">
     <span class='ocr_line' id='line_1_44' title="bbox 273 2896 1924 2977; baseline 0.005 -24"><span class='ocrx_word' id='word_1_294' title='bbox 273 2902 353 2964; x_wconf 81' lang='lat' dir='ltr'><strong><em>te,</em></strong></span> <span class='ocrx_word' id='word_1_295' title='bbox 385 2896 565 2977; x_wconf 82' lang='lat' dir='ltr'><strong><em>idque</em></strong></span> <span class='ocrx_word' id='word_1_296' title='bbox 594 2896 652 2959; x_wconf 82' lang='lat' dir='ltr'><strong><em>in</em></strong></span> <span class='ocrx_word' id='word_1_297' title='bbox 684 2898 1007 2963; x_wconf 82' lang='lat' dir='ltr'><strong><em>inﬁnitum.</em></strong></span> <span class='ocrx_word' id='word_1_298' title='bbox 1030 2905 1280 2959; x_wconf 87' lang='lat' dir='ltr'><strong><em>Necesse</em></strong></span> <span class='ocrx_word' id='word_1_299' title='bbox 1312 2901 1494 2974; x_wconf 86' lang='lat' dir='ltr'><strong><em>igitur</em></strong></span> <span class='ocrx_word' id='word_1_300' title='bbox 1514 2909 1622 2975; x_wconf 89' lang='lat' dir='ltr'><strong><em>est,</em></strong></span> <span class='ocrx_word' id='word_1_301' title='bbox 1649 2904 1924 2962; x_wconf 79' lang='lat' dir='ltr'><strong><em>virtutem</em></strong></span> 
     </span>
    </p>
   </div>
   <div class='ocr_carea' id='block_1_45' title="bbox 276 2991 1926 3067">
    <p class='ocr_par' dir='ltr' id='par_1_45' title="bbox 276 2991 1926 3067">
     <span class='ocr_line' id='line_1_45' title="bbox 276 2991 1926 3067; baseline 0.007 -26"><span class='ocrx_word' id='word_1_302' title='bbox 276 3002 407 3047; x_wconf 78' lang='lat' dir='ltr'><strong><em>eam</em></strong></span> <span class='ocrx_word' id='word_1_303' title='bbox 431 2991 490 3042; x_wconf 89' lang='lat' dir='ltr'><strong><em>et</em></strong></span> <span class='ocrx_word' id='word_1_304' title='bbox 518 2992 1021 3065; x_wconf 74' lang='lat' dir='ltr'><strong><em>potestatem,quaa</em></strong></span> <span class='ocrx_word' id='word_1_305' title='bbox 1044 3006 1284 3063; x_wconf 90' lang='lat' dir='ltr'><strong><em>corpora</em></strong></span> <span class='ocrx_word' id='word_1_306' title='bbox 1320 2992 1598 3064; x_wconf 88' lang='lat' dir='ltr'><strong><em>continet,</em></strong></span> <span class='ocrx_word' id='word_1_307' title='bbox 1657 2992 1926 3067; x_wconf 88' lang='lat' dir='ltr'><strong><em>incorpo-</em></strong></span> 
     </span>
    </p>
   </div>
   <div class='ocr_carea' id='block_1_46' title="bbox 279 3078 1930 3156">
    <p class='ocr_par' dir='ltr' id='par_1_46' title="bbox 279 3078 1930 3156">
     <span class='ocr_line' id='line_1_46' title="bbox 279 3078 1930 3156; baseline 0.005 -24"><span class='ocrx_word' id='word_1_308' title='bbox 279 3091 442 3137; x_wconf 85' lang='lat' dir='ltr'><strong><em>ream</em></strong></span> <span class='ocrx_word' id='word_1_309' title='bbox 499 3078 686 3149; x_wconf 67' lang='lat' dir='ltr'><strong><em>esset:</em></strong></span> <span class='ocrx_word' id='word_1_310' title='bbox 739 3083 799 3136; x_wconf 78' lang='lat' dir='ltr'><strong><em>at</em></strong></span> <span class='ocrx_word' id='word_1_311' title='bbox 854 3080 914 3135; x_wconf 90' lang='lat' dir='ltr'><strong><em>in</em></strong></span> <span class='ocrx_word' id='word_1_312' title='bbox 967 3079 1317 3149; x_wconf 85' lang='lat' dir='ltr'><strong><em>viventibus,</em></strong></span> <span class='ocrx_word' id='word_1_313' title='bbox 1369 3099 1614 3156; x_wconf 88' lang='lat' dir='ltr'><strong><em>corpora</em></strong></span> <span class='ocrx_word' id='word_1_314' title='bbox 1669 3085 1930 3143; x_wconf 89' lang='lat' dir='ltr'><strong><em>conlinet</em></strong></span> 
     </span>
    </p>
   </div>
   <div class='ocr_carea' id='block_1_47' title="bbox 279 3165 1929 3243">
    <p class='ocr_par' dir='ltr' id='par_1_47' title="bbox 279 3165 1929 3243">
     <span class='ocr_line' id='line_1_47' title="bbox 279 3165 1929 3243; baseline 0.007 -23"><span class='ocrx_word' id='word_1_315' title='bbox 279 3165 481 3231; x_wconf 63' lang='lat' dir='ltr'><strong><em>animo</em></strong></span> <span class='ocrx_word' id='word_1_316' title='bbox 512 3182 526 3225; x_wconf 87' lang='lat'><strong>:</strong></span> <span class='ocrx_word' id='word_1_317' title='bbox 560 3167 742 3239; x_wconf 85' lang='lat' dir='ltr'><strong><em>igitur</em></strong></span> <span class='ocrx_word' id='word_1_318' title='bbox 783 3168 1119 3243; x_wconf 83' lang='lat' dir='ltr'><strong><em>incorporea</em></strong></span> <span class='ocrx_word' id='word_1_319' title='bbox 1173 3176 1281 3227; x_wconf 88' lang='lat' dir='ltr'><strong><em>est.</em></strong></span> <span class='ocrx_word' id='word_1_320' title='bbox 1345 3173 1626 3231; x_wconf 68' lang='lat' dir='ltr'><strong><em>Praeterea</em></strong></span> <span class='ocrx_word' id='word_1_321' title='bbox 1671 3179 1929 3237; x_wconf 84' lang='lat' dir='ltr'><strong><em>extrema</em></strong></span> 
     </span>
    </p>
   </div>
   <div class='ocr_carea' id='block_1_48' title="bbox 279 3256 1921 3338">
    <p class='ocr_par' dir='ltr' id='par_1_48' title="bbox 279 3256 1921 3338">
     <span class='ocr_line' id='line_1_48' title="bbox 279 3256 1921 3338; baseline 0.006 -28"><span class='ocrx_word' id='word_1_322' title='bbox 279 3256 759 3329; x_wconf 78' lang='lat' dir='ltr'><strong><em>cognoscentium</em></strong></span> <span class='ocrx_word' id='word_1_323' title='bbox 783 3260 993 3317; x_wconf 66' lang='lat' dir='ltr'><strong><em>anima:</em></strong></span> <span class='ocrx_word' id='word_1_324' title='bbox 1026 3260 1635 3332; x_wconf 85' lang='lat' dir='ltr'><strong><em>facultatum,sensus,</em></strong></span> <span class='ocrx_word' id='word_1_325' title='bbox 1660 3263 1921 3338; x_wconf 89' lang='lat' dir='ltr'><strong><em>inquam,</em></strong></span> 
     </span>
    </p>
   </div>
   <div class='ocr_carea' id='block_1_49' title="bbox 279 3344 1921 3424">
    <p class='ocr_par' dir='ltr' id='par_1_49' title="bbox 279 3344 1921 3424">
     <span class='ocr_line' id='line_1_49' title="bbox 279 3344 1921 3424; baseline 0.005 -25"><span class='ocrx_word' id='word_1_326' title='bbox 279 3344 662 3419; x_wconf 82' lang='lat' dir='ltr'><strong><em>incorporeus</em></strong></span> <span class='ocrx_word' id='word_1_327' title='bbox 687 3352 818 3418; x_wconf 79' lang='lat' dir='ltr'><strong><em>est;</em></strong></span> <span class='ocrx_word' id='word_1_328' title='bbox 851 3362 988 3422; x_wconf 87' lang='lat' dir='ltr'><strong><em>ergo</em></strong></span> <span class='ocrx_word' id='word_1_329' title='bbox 1025 3349 1206 3406; x_wconf 88' lang='lat' dir='ltr'><strong><em>multo</em></strong></span> <span class='ocrx_word' id='word_1_330' title='bbox 1225 3351 1416 3424; x_wconf 87' lang='lat' dir='ltr'><strong><em>magis</em></strong></span> <span class='ocrx_word' id='word_1_331' title='bbox 1474 3352 1789 3410; x_wconf 89' lang='lat' dir='ltr'><strong><em>nobiliores</em></strong></span> <span class='ocrx_word' id='word_1_332' title='bbox 1840 3354 1921 3408; x_wconf 83' lang='lat' dir='ltr'><strong><em>fa-</em></strong></span> 
     </span>
    </p>
   </div>
   <div class='ocr_carea' id='block_1_50' title="bbox 279 3434 1929 3515">
    <p class='ocr_par' dir='ltr' id='par_1_50' title="bbox 279 3434 1929 3515">
     <span class='ocr_line' id='line_1_50' title="bbox 279 3434 1929 3515; baseline 0.005 -27"><span class='ocrx_word' id='word_1_333' title='bbox 279 3434 549 3499; x_wconf 73' lang='lat' dir='ltr'><strong><em>cultates,</em></strong></span> <span class='ocrx_word' id='word_1_334' title='bbox 582 3436 833 3499; x_wconf 86' lang='lat' dir='ltr'><strong><em>Sensum</em></strong></span> <span class='ocrx_word' id='word_1_335' title='bbox 862 3454 995 3495; x_wconf 86' lang='lat' dir='ltr'><strong><em>vero</em></strong></span> <span class='ocrx_word' id='word_1_336' title='bbox 1028 3440 1154 3495; x_wconf 85' lang='lat' dir='ltr'><strong><em>sine</em></strong></span> <span class='ocrx_word' id='word_1_337' title='bbox 1187 3457 1426 3515; x_wconf 85' lang='lat' dir='ltr'><strong><em>corpore</em></strong></span> <span class='ocrx_word' id='word_1_338' title='bbox 1449 3458 1577 3497; x_wconf 87' lang='lat' dir='ltr'><strong><em>esse</em></strong></span> <span class='ocrx_word' id='word_1_339' title='bbox 1611 3442 1697 3497; x_wconf 90' lang='lat' dir='ltr'><strong><em>sic</em></strong></span> <span class='ocrx_word' id='word_1_340' title='bbox 1738 3446 1929 3497; x_wconf 82' lang='lat' dir='ltr'><strong><em>osten-</em></strong></span> 
     </span>
    </p>
   </div>
   <div class='ocr_carea' id='block_1_51' title="bbox 274 3522 1926 3601">
    <p class='ocr_par' dir='ltr' id='par_1_51' title="bbox 274 3522 1926 3601">
     <span class='ocr_line' id='line_1_51' title="bbox 274 3522 1926 3601; baseline 0.005 -24"><span class='ocrx_word' id='word_1_341' title='bbox 274 3522 363 3583; x_wconf 88' lang='lat' dir='ltr'><strong><em>dit</em></strong></span> <span class='ocrx_word' id='word_1_342' title='bbox 383 3523 743 3583; x_wconf 83' lang='lat' dir='ltr'><strong><em>Aristoteles.</em></strong></span> <span class='ocrx_word' id='word_1_343' title='bbox 777 3526 1043 3597; x_wconf 86' lang='lat' dir='ltr'><strong><em>Nullum,</em></strong></span> <span class='ocrx_word' id='word_1_344' title='bbox 1077 3528 1292 3601; x_wconf 87' lang='lat' dir='ltr'><strong><em>inquit,</em></strong></span> <span class='ocrx_word' id='word_1_345' title='bbox 1332 3546 1542 3601; x_wconf 88' lang='lat' dir='ltr'><strong><em>corpus</em></strong></span> <span class='ocrx_word' id='word_1_346' title='bbox 1601 3531 1926 3586; x_wconf 84' lang='lat' dir='ltr'><strong><em>secundum</em></strong></span> 
     </span>
    </p>
   </div>
   <div class='ocr_carea' id='block_1_52' title="bbox 276 3611 1929 3692">
    <p class='ocr_par' dir='ltr' id='par_1_52' title="bbox 276 3611 1929 3692">
     <span class='ocr_line' id='line_1_52' title="bbox 276 3611 1929 3692; baseline 0.005 -25"><span class='ocrx_word' id='word_1_347' title='bbox 276 3611 544 3669; x_wconf 88' lang='lat' dir='ltr'><strong><em>eamdem</em></strong></span> <span class='ocrx_word' id='word_1_348' title='bbox 572 3617 795 3687; x_wconf 88' lang='lat' dir='ltr'><strong><em>partem</em></strong></span> <span class='ocrx_word' id='word_1_349' title='bbox 829 3615 1121 3671; x_wconf 84' lang='lat' dir='ltr'><strong><em>contraria</em></strong></span> <span class='ocrx_word' id='word_1_350' title='bbox 1148 3616 1447 3689; x_wconf 85' lang='lat' dir='ltr'><strong><em>suscipere</em></strong></span> <span class='ocrx_word' id='word_1_351' title='bbox 1478 3618 1929 3692; x_wconf 85' lang='lat' dir='ltr'><strong><em>potest.Digitus</em></strong></span> 
     </span>
    </p>
   </div>
   <div class='ocr_carea' id='block_1_53' title="bbox 274 3700 1930 3783">
    <p class='ocr_par' dir='ltr' id='par_1_53' title="bbox 274 3700 1930 3783">
     <span class='ocr_line' id='line_1_53' title="bbox 274 3700 1930 3783; baseline 0.005 -27"><span class='ocrx_word' id='word_1_352' title='bbox 274 3700 432 3757; x_wconf 89' lang='lat' dir='ltr'><strong><em>enim</em></strong></span> <span class='ocrx_word' id='word_1_353' title='bbox 470 3703 675 3757; x_wconf 89' lang='lat' dir='ltr'><strong><em>eodem</em></strong></span> <span class='ocrx_word' id='word_1_354' title='bbox 707 3707 969 3783; x_wconf 86' lang='lat' dir='ltr'><strong><em>tempore</em></strong></span> <span class='ocrx_word' id='word_1_355' title='bbox 992 3704 1166 3777; x_wconf 88' lang='lat' dir='ltr'><strong><em>plane</em></strong></span> <span class='ocrx_word' id='word_1_356' title='bbox 1197 3705 1387 3774; x_wconf 89' lang='lat' dir='ltr'><strong><em>albus,</em></strong></span> <span class='ocrx_word' id='word_1_357' title='bbox 1422 3711 1478 3761; x_wconf 89' lang='lat' dir='ltr'><strong><em>et</em></strong></span> <span class='ocrx_word' id='word_1_358' title='bbox 1537 3706 1706 3779; x_wconf 83' lang='lat' dir='ltr'><strong><em>plane</em></strong></span> <span class='ocrx_word' id='word_1_359' title='bbox 1764 3708 1930 3779; x_wconf 76' lang='lat' dir='ltr'><strong><em>niger</em></strong></span> 
     </span>
    </p>
   </div>
   <div class='ocr_carea' id='block_1_54' title="bbox 276 3794 1926 3867">
    <p class='ocr_par' dir='ltr' id='par_1_54' title="bbox 276 3794 1926 3867">
     <span class='ocr_line' id='line_1_54' title="bbox 276 3794 1926 3867; baseline 0.006 -23"><span class='ocrx_word' id='word_1_360' title='bbox 276 3804 408 3845; x_wconf 88' lang='lat' dir='ltr'><strong><em>esse</em></strong></span> <span class='ocrx_word' id='word_1_361' title='bbox 447 3806 563 3849; x_wconf 89' lang='lat' dir='ltr'><strong><em>non</em></strong></span> <span class='ocrx_word' id='word_1_362' title='bbox 623 3795 853 3864; x_wconf 88' lang='lat' dir='ltr'><strong><em>potest;</em></strong></span> <span class='ocrx_word' id='word_1_363' title='bbox 918 3809 1104 3867; x_wconf 89' lang='lat' dir='ltr'><strong><em>neque</em></strong></span> <span class='ocrx_word' id='word_1_364' title='bbox 1162 3794 1299 3850; x_wconf 91' lang='lat' dir='ltr'><strong><em>item</em></strong></span> <span class='ocrx_word' id='word_1_365' title='bbox 1356 3794 1533 3851; x_wconf 91' lang='lat' dir='ltr'><strong><em>simul</em></strong></span> <span class='ocrx_word' id='word_1_366' title='bbox 1584 3797 1643 3853; x_wconf 92' lang='lat' dir='ltr'><strong><em>in</em></strong></span> <span class='ocrx_word' id='word_1_367' title='bbox 1723 3798 1926 3854; x_wconf 87' lang='lat' dir='ltr'><strong><em>eadem</em></strong></span> 
     </span>
    </p>
   </div>
   <div class='ocr_carea' id='block_1_55' title="bbox 276 3879 1929 3955">
    <p class='ocr_par' dir='ltr' id='par_1_55' title="bbox 276 3879 1929 3955">
     <span class='ocr_line' id='line_1_55' title="bbox 276 3879 1929 3955; baseline 0.005 -22"><span class='ocrx_word' id='word_1_368' title='bbox 276 3879 711 3952; x_wconf 80' lang='lat' dir='ltr'><strong><em>parteealefieri</em></strong></span> <span class='ocrx_word' id='word_1_369' title='bbox 743 3885 798 3938; x_wconf 89' lang='lat' dir='ltr'><strong><em>et</em></strong></span> <span class='ocrx_word' id='word_1_370' title='bbox 832 3882 1162 3955; x_wconf 77' lang='lat' dir='ltr'><strong><em>frigescere.</em></strong></span> <span class='ocrx_word' id='word_1_371' title='bbox 1213 3886 1286 3940; x_wconf 86' lang='lat' dir='ltr'><strong><em>At</em></strong></span> <span class='ocrx_word' id='word_1_372' title='bbox 1343 3902 1555 3941; x_wconf 88' lang='lat' dir='ltr'><strong><em>sensus</em></strong></span> <span class='ocrx_word' id='word_1_373' title='bbox 1611 3886 1788 3942; x_wconf 89' lang='lat' dir='ltr'><strong><em>simul</em></strong></span> <span class='ocrx_word' id='word_1_374' title='bbox 1829 3904 1929 3942; x_wconf 83' lang='lat' dir='ltr'><strong><em>eo-</em></strong></span> 
     </span>
    </p>
   </div>
   <div class='ocr_carea' id='block_1_56' title="bbox 277 3968 1931 4046">
    <p class='ocr_par' dir='ltr' id='par_1_56' title="bbox 277 3968 1931 4046">
     <span class='ocr_line' id='line_1_56' title="bbox 277 3968 1931 4046; baseline 0.006 -23"><span class='ocrx_word' id='word_1_375' title='bbox 277 3968 411 4024; x_wconf 86' lang='lat' dir='ltr'><strong><em>dem</em></strong></span> <span class='ocrx_word' id='word_1_376' title='bbox 443 3972 706 4042; x_wconf 89' lang='lat' dir='ltr'><strong><em>tempore</em></strong></span> <span class='ocrx_word' id='word_1_377' title='bbox 730 3970 1023 4028; x_wconf 87' lang='lat' dir='ltr'><strong><em>contraria</em></strong></span> <span class='ocrx_word' id='word_1_378' title='bbox 1054 3973 1279 4046; x_wconf 87' lang='lat' dir='ltr'><strong><em>recipit,</em></strong></span> <span class='ocrx_word' id='word_1_379' title='bbox 1303 3978 1360 4045; x_wconf 83' lang='lat' dir='ltr'><strong><em>et</em></strong></span> <span class='ocrx_word' id='word_1_380' title='bbox 1418 3976 1575 4030; x_wconf 87' lang='lat' dir='ltr'><strong><em>novit</em></strong></span> <span class='ocrx_word' id='word_1_381' title='bbox 1637 3976 1741 4031; x_wconf 88' lang='lat' dir='ltr'><strong><em>hoc</em></strong></span> <span class='ocrx_word' id='word_1_382' title='bbox 1799 3992 1931 4033; x_wconf 87' lang='lat' dir='ltr'><strong><em>esse</em></strong></span> 
     </span>
    </p>
   </div>
   <div class='ocr_carea' id='block_1_57' title="bbox 277 4058 1927 4136">
    <p class='ocr_par' dir='ltr' id='par_1_57' title="bbox 277 4058 1927 4136">
     <span class='ocr_line' id='line_1_57' title="bbox 277 4058 1927 4136; baseline 0.005 -24"><span class='ocrx_word' id='word_1_383' title='bbox 277 4058 565 4130; x_wconf 78' lang='lat' dir='ltr'><strong><em>primum,</em></strong></span> <span class='ocrx_word' id='word_1_384' title='bbox 600 4064 658 4114; x_wconf 85' lang='lat' dir='ltr'><strong><em>et</em></strong></span> <span class='ocrx_word' id='word_1_385' title='bbox 689 4058 830 4119; x_wconf 88' lang='lat' dir='ltr'><strong><em>illud</em></strong></span> <span class='ocrx_word' id='word_1_386' title='bbox 877 4063 1228 4133; x_wconf 87' lang='lat' dir='ltr'><strong><em>secundum,</em></strong></span> <span class='ocrx_word' id='word_1_387' title='bbox 1292 4064 1619 4136; x_wconf 86' lang='lat' dir='ltr'><strong><em>dijudicare</em></strong></span> <span class='ocrx_word' id='word_1_388' title='bbox 1668 4065 1739 4121; x_wconf 89' lang='lat' dir='ltr'><strong><em>ab</em></strong></span> <span class='ocrx_word' id='word_1_389' title='bbox 1798 4065 1927 4125; x_wconf 80' lang='lat' dir='ltr'><strong><em>albo</em></strong></span> 
     </span>
    </p>
   </div>
   <div class='ocr_carea' id='block_1_58' title="bbox 279 4147 1931 4229">
    <p class='ocr_par' dir='ltr' id='par_1_58' title="bbox 279 4147 1931 4229">
     <span class='ocr_line' id='line_1_58' title="bbox 279 4147 1931 4229; baseline 0.004 -27"><span class='ocrx_word' id='word_1_390' title='bbox 279 4147 541 4223; x_wconf 75' lang='lat' dir='ltr'><strong><em>nigrum,</em></strong></span> <span class='ocrx_word' id='word_1_391' title='bbox 572 4152 699 4204; x_wconf 91' lang='lat' dir='ltr'><strong><em>tum</em></strong></span> <span class='ocrx_word' id='word_1_392' title='bbox 731 4153 788 4204; x_wconf 89' lang='lat' dir='ltr'><strong><em>et</em></strong></span> <span class='ocrx_word' id='word_1_393' title='bbox 819 4167 851 4205; x_wconf 89' lang='lat' dir='ltr'><strong><em>a</em></strong></span> <span class='ocrx_word' id='word_1_394' title='bbox 883 4150 1048 4223; x_wconf 86' lang='lat' dir='ltr'><strong><em>nigro</em></strong></span> <span class='ocrx_word' id='word_1_395' title='bbox 1080 4151 1275 4208; x_wconf 90' lang='lat' dir='ltr'><strong><em>album</em></strong></span> <span class='ocrx_word' id='word_1_396' title='bbox 1308 4153 1647 4225; x_wconf 55' lang='lat' dir='ltr'><strong><em>{secernere</em></strong></span> <span class='ocrx_word' id='word_1_397' title='bbox 1704 4154 1760 4209; x_wconf 84' lang='lat' dir='ltr'><strong><em>Si</em></strong></span> <span class='ocrx_word' id='word_1_398' title='bbox 1793 4171 1931 4229; x_wconf 88' lang='lat' dir='ltr'><strong><em>ergo</em></strong></span> 
     </span>
    </p>
   </div>
   <div class='ocr_carea' id='block_1_59' title="bbox 277 4236 1930 4319">
    <p class='ocr_par' dir='ltr' id='par_1_59' title="bbox 277 4236 1930 4319">
     <span class='ocr_line' id='line_1_59' title="bbox 277 4236 1930 4319; baseline 0.005 -28"><span class='ocrx_word' id='word_1_399' title='bbox 277 4236 605 4301; x_wconf 78' lang='lat' dir='ltr'><strong><em>secundum</em></strong></span> <span class='ocrx_word' id='word_1_400' title='bbox 640 4238 793 4294; x_wconf 87' lang='lat' dir='ltr'><strong><em>idem</em></strong></span> <span class='ocrx_word' id='word_1_401' title='bbox 816 4256 882 4294; x_wconf 84' lang='lat' dir='ltr'><strong><em>ea</em></strong></span> <span class='ocrx_word' id='word_1_402' title='bbox 914 4240 1158 4297; x_wconf 78' lang='lat' dir='ltr'><strong><em>indivise</em></strong></span> <span class='ocrx_word' id='word_1_403' title='bbox 1190 4242 1420 4315; x_wconf 82' lang='lat' dir='ltr'><strong><em>recipit,</em></strong></span> <span class='ocrx_word' id='word_1_404' title='bbox 1453 4251 1510 4297; x_wconf 83' lang='lat' dir='ltr'><strong><em>et</em></strong></span> <span class='ocrx_word' id='word_1_405' title='bbox 1540 4249 1630 4299; x_wconf 86' lang='lat' dir='ltr'><strong><em>est</em></strong></span> <span class='ocrx_word' id='word_1_406' title='bbox 1659 4244 1930 4319; x_wconf 86' lang='lat' dir='ltr'><strong><em>incorpo-</em></strong></span> 
     </span>
    </p>
   </div>
   <div class='ocr_carea' id='block_1_60' title="bbox 275 4325 1930 4405">
    <p class='ocr_par' dir='ltr' id='par_1_60' title="bbox 275 4325 1930 4405">
     <span class='ocr_line' id='line_1_60' title="bbox 275 4325 1930 4405; baseline 0.004 -25"><span class='ocrx_word' id='word_1_407' title='bbox 275 4341 413 4381; x_wconf 91' lang='lat' dir='ltr'><strong><em>reus</em></strong></span> <span class='ocrx_word' id='word_1_408' title='bbox 447 4342 460 4383; x_wconf 89' lang='lat'><strong>:</strong></span> <span class='ocrx_word' id='word_1_409' title='bbox 494 4325 543 4382; x_wconf 89' lang='lat' dir='ltr'><strong><em>si</em></strong></span> <span class='ocrx_word' id='word_1_410' title='bbox 573 4342 710 4387; x_wconf 83' lang='lat' dir='ltr'><strong><em>vero</em></strong></span> <span class='ocrx_word' id='word_1_411' title='bbox 741 4330 1068 4385; x_wconf 89' lang='lat' dir='ltr'><strong><em>secundum</em></strong></span> <span class='ocrx_word' id='word_1_412' title='bbox 1103 4330 1277 4386; x_wconf 85' lang='lat' dir='ltr'><strong><em>aliam</em></strong></span> <span class='ocrx_word' id='word_1_413' title='bbox 1313 4337 1538 4404; x_wconf 88' lang='lat' dir='ltr'><strong><em>partem</em></strong></span> <span class='ocrx_word' id='word_1_414' title='bbox 1565 4332 1730 4405; x_wconf 65' lang='lat' dir='ltr'><strong><em>:dicis</em></strong></span> <span class='ocrx_word' id='word_1_415' title='bbox 1787 4332 1930 4388; x_wconf 79' lang='lat' dir='ltr'><strong><em>reri-</em></strong></span> 
     </span>
    </p>
   </div>
   <div class='ocr_carea' id='block_1_61' title="bbox 280 4418 1636 4491">
    <p class='ocr_par' dir='ltr' id='par_1_61' title="bbox 280 4418 1636 4491">
     <span class='ocr_line' id='line_1_61' title="bbox 280 4418 1636 4491; baseline 0.006 -23"><span class='ocrx_word' id='word_1_416' title='bbox 280 4430 438 4486; x_wconf 87' lang='lat' dir='ltr'><strong><em>pere,</em></strong></span> <span class='ocrx_word' id='word_1_417' title='bbox 486 4419 554 4473; x_wconf 86' lang='lat' dir='ltr'><strong><em>ut</em></strong></span> <span class='ocrx_word' id='word_1_418' title='bbox 612 4432 845 4489; x_wconf 87' lang='lat' dir='ltr'><strong><em>semper</em></strong></span> <span class='ocrx_word' id='word_1_419' title='bbox 903 4418 1059 4474; x_wconf 88' lang='lat' dir='ltr'><strong><em>aliud</em></strong></span> <span class='ocrx_word' id='word_1_420' title='bbox 1128 4436 1254 4489; x_wconf 71' lang='lat' dir='ltr'><strong><em>ego,</em></strong></span> <span class='ocrx_word' id='word_1_421' title='bbox 1318 4420 1478 4476; x_wconf 89' lang='lat' dir='ltr'><strong><em>aliud</em></strong></span> <span class='ocrx_word' id='word_1_422' title='bbox 1551 4427 1636 4491; x_wconf 90' lang='lat' dir='ltr'><strong><em>tu,</em></strong></span> 
     </span>
    </p>
   </div>
   <div class='ocr_carea' id='block_1_62' title="bbox 279 4508 1931 4581">
    <p class='ocr_par' dir='ltr' id='par_1_62' title="bbox 279 4508 1931 4581">
     <span class='ocr_line' id='line_1_62' title="bbox 279 4508 1931 4581; baseline 0.004 -23"><span class='ocrx_word' id='word_1_423' title='bbox 279 4519 470 4575; x_wconf 81' lang='lat' dir='ltr'><strong><em>quens</em></strong></span> <span class='ocrx_word' id='word_1_424' title='bbox 501 4509 634 4560; x_wconf 88' lang='lat' dir='ltr'><strong><em>est:</em></strong></span> <span class='ocrx_word' id='word_1_425' title='bbox 699 4508 849 4578; x_wconf 90' lang='lat' dir='ltr'><strong><em>quod</em></strong></span> <span class='ocrx_word' id='word_1_426' title='bbox 902 4508 1059 4563; x_wconf 90' lang='lat' dir='ltr'><strong><em>enim</em></strong></span> <span class='ocrx_word' id='word_1_427' title='bbox 1103 4509 1357 4581; x_wconf 87' lang='lat' dir='ltr'><strong><em>judicat,</em></strong></span> <span class='ocrx_word' id='word_1_428' title='bbox 1418 4528 1603 4566; x_wconf 88' lang='lat' dir='ltr'><strong><em>unum</em></strong></span> <span class='ocrx_word' id='word_1_429' title='bbox 1665 4516 1721 4566; x_wconf 87' lang='lat' dir='ltr'><strong><em>et</em></strong></span> <span class='ocrx_word' id='word_1_430' title='bbox 1778 4511 1931 4565; x_wconf 90' lang='lat' dir='ltr'><strong><em>idem</em></strong></span> 
     </span>
    </p>
   </div>
   <div class='ocr_carea' id='block_1_63' title="bbox 1724 4437 1934 4477">
    <p class='ocr_par' dir='ltr' id='par_1_63' title="bbox 1724 4437 1934 4477">
     <span class='ocr_line' id='line_1_63' title="bbox 1724 4437 1934 4477; baseline 0.005 -1"><span class='ocrx_word' id='word_1_431' title='bbox 1724 4437 1934 4477; x_wconf 86' lang='lat' dir='ltr'><strong><em>conse-</em></strong></span> 
     </span>
    </p>
   </div>
   <div class='ocr_carea' id='block_1_64' title="bbox 2035 2003 3690 2086">
    <p class='ocr_par' dir='ltr' id='par_1_64' title="bbox 2035 2003 3690 2086">
     <span class='ocr_line' id='line_1_64' title="bbox 2035 2003 3690 2086; baseline -0.001 -24"><span class='ocrx_word' id='word_1_432' title='bbox 2035 2005 2261 2082; x_wconf 79' lang='grc' dir='ltr'><strong><em>λογικῷ,</em></strong></span> <span class='ocrx_word' id='word_1_433' title='bbox 2303 2008 2505 2079; x_wconf 75' lang='grc' dir='ltr'>θνητὴν</span> <span class='ocrx_word' id='word_1_434' title='bbox 2557 2005 2801 2083; x_wconf 75' lang='grc' dir='ltr'><strong><em>ἐναργῶς</em></strong></span> <span class='ocrx_word' id='word_1_435' title='bbox 2825 2007 2956 2063; x_wconf 78' lang='grc' dir='ltr'>εἶναί</span> <span class='ocrx_word' id='word_1_436' title='bbox 3007 2027 3195 2086; x_wconf 75' lang='grc' dir='ltr'>φησιν’</span> <span class='ocrx_word' id='word_1_437' title='bbox 3229 2009 3471 2082; x_wconf 76' lang='grc' dir='ltr'>ἡγεμοῦν</span> <span class='ocrx_word' id='word_1_438' title='bbox 3506 2004 3566 2069; x_wconf 72' lang='grc' dir='ltr'><strong><em>δὶ</em></strong></span> <span class='ocrx_word' id='word_1_439' title='bbox 3595 2003 3690 2071; x_wconf 71' lang='grc' dir='ltr'><strong><em>καὶ</em></strong></span> 
     </span>
    </p>
   </div>
   <div class='ocr_carea' id='block_1_65' title="bbox 2035 2095 3691 2169">
    <p class='ocr_par' dir='ltr' id='par_1_65' title="bbox 2035 2095 3691 2169">
     <span class='ocr_line' id='line_1_65' title="bbox 2035 2095 3691 2169; baseline -0.001 -16"><span class='ocrx_word' id='word_1_440' title='bbox 2035 2101 2177 2160; x_wconf 82' lang='grc' dir='ltr'>θεῖον</span> <span class='ocrx_word' id='word_1_441' title='bbox 2211 2096 2302 2153; x_wconf 82' lang='grc' dir='ltr'>καὶ</span> <span class='ocrx_word' id='word_1_442' title='bbox 2342 2096 2600 2161; x_wconf 84' lang='grc' dir='ltr'>ἀθάνατον</span> <span class='ocrx_word' id='word_1_443' title='bbox 2652 2098 2776 2153; x_wconf 79' lang='grc' dir='ltr'>ὅσον</span> <span class='ocrx_word' id='word_1_444' title='bbox 2825 2097 2877 2152; x_wconf 70' lang='grc' dir='ltr'>ἐν</span> <span class='ocrx_word' id='word_1_445' title='bbox 2920 2103 3037 2163; x_wconf 83' lang='grc' dir='ltr'>τοῖς</span> <span class='ocrx_word' id='word_1_446' title='bbox 3095 2101 3313 2169; x_wconf 76' lang='grc' dir='ltr'>θνητοῖς</span> <span class='ocrx_word' id='word_1_447' title='bbox 3360 2095 3450 2153; x_wconf 77' lang='grc' dir='ltr'><strong><em>καὶ</em></strong></span> <span class='ocrx_word' id='word_1_448' title='bbox 3506 2096 3691 2168; x_wconf 72' lang='grc' dir='ltr'>ζώοις,</span> 
     </span>
    </p>
   </div>
   <div class='ocr_carea' id='block_1_66' title="bbox 2031 2182 3694 2264">
    <p class='ocr_par' dir='ltr' id='par_1_66' title="bbox 2031 2182 3694 2264">
     <span class='ocr_line' id='line_1_66' title="bbox 2031 2182 3694 2264; baseline -0.001 -23"><span class='ocrx_word' id='word_1_449' title='bbox 2031 2186 2096 2241; x_wconf 88' lang='grc' dir='ltr'><strong><em>τὸ</em></strong></span> <span class='ocrx_word' id='word_1_450' title='bbox 2129 2184 2373 2264; x_wconf 84' lang='grc' dir='ltr'>λογικόν.</span> <span class='ocrx_word' id='word_1_451' title='bbox 2424 2184 2602 2244; x_wconf 59' lang='lat' dir='ltr'><strong><em>ulla</em></strong></span> <span class='ocrx_word' id='word_1_452' title='bbox 2631 2186 2734 2263; x_wconf 80' lang='grc' dir='ltr'>γὰρ</span> <span class='ocrx_word' id='word_1_453' title='bbox 2767 2186 2849 2243; x_wconf 81' lang='grc' dir='ltr'><strong><em>ὅτι</em></strong></span> <span class='ocrx_word' id='word_1_454' title='bbox 2886 2188 2980 2261; x_wconf 78' lang='grc' dir='ltr'>μὶν</span> <span class='ocrx_word' id='word_1_455' title='bbox 3014 2184 3276 2260; x_wconf 79' lang='grc' dir='ltr'>οὐδεμίαν</span> <span class='ocrx_word' id='word_1_456' title='bbox 3307 2186 3492 2262; x_wconf 80' lang='grc' dir='ltr'>ψυχὴν</span> <span class='ocrx_word' id='word_1_457' title='bbox 3529 2182 3694 2245; x_wconf 79' lang='grc' dir='ltr'>δυνα-</span> 
     </span>
    </p>
   </div>
   <div class='ocr_carea' id='block_1_67' title="bbox 2031 2272 3692 2350">
    <p class='ocr_par' dir='ltr' id='par_1_67' title="bbox 2031 2272 3692 2350">
     <span class='ocr_line' id='line_1_67' title="bbox 2031 2272 3692 2350; baseline 0.001 -20"><span class='ocrx_word' id='word_1_458' title='bbox 2031 2276 2123 2333; x_wconf 80' lang='grc' dir='ltr'>τὸν</span> <span class='ocrx_word' id='word_1_459' title='bbox 2184 2280 2344 2350; x_wconf 83' lang='grc' dir='ltr'>σῶμα</span> <span class='ocrx_word' id='word_1_460' title='bbox 2392 2278 2547 2345; x_wconf 73' lang='grc' dir='ltr'>εἶναι,</span> <span class='ocrx_word' id='word_1_461' title='bbox 2607 2276 2732 2335; x_wconf 75' lang='grc' dir='ltr'>οὔτε</span> <span class='ocrx_word' id='word_1_462' title='bbox 2787 2276 3021 2349; x_wconf 70' lang='grc' dir='ltr'>ἁπλοῦν,</span> <span class='ocrx_word' id='word_1_463' title='bbox 3055 2274 3179 2333; x_wconf 68' lang='grc' dir='ltr'>οὔτε</span> <span class='ocrx_word' id='word_1_464' title='bbox 3212 2275 3483 2345; x_wconf 66' lang='grc' dir='ltr'>σύνθετον,</span> <span class='ocrx_word' id='word_1_465' title='bbox 3519 2272 3692 2346; x_wconf 71' lang='grc' dir='ltr'>δῆλον</span> 
     </span>
    </p>
   </div>
   <div class='ocr_carea' id='block_1_68' title="bbox 2034 2364 3691 2444">
    <p class='ocr_par' dir='ltr' id='par_1_68' title="bbox 2034 2364 3691 2444">
     <span class='ocr_line' id='line_1_68' title="bbox 2034 2364 3691 2444; baseline 0.002 -24"><span class='ocrx_word' id='word_1_466' title='bbox 2034 2365 2270 2422; x_wconf 68' lang='grc' dir='ltr'>ἐντεῦθεν</span> <span class='ocrx_word' id='word_1_467' title='bbox 2307 2384 2321 2400; x_wconf 90' lang='grc'><strong>·</strong></span> <span class='ocrx_word' id='word_1_468' title='bbox 2391 2370 2492 2425; x_wconf 84' lang='grc' dir='ltr'>πᾶν</span> <span class='ocrx_word' id='word_1_469' title='bbox 2542 2366 2642 2442; x_wconf 83' lang='grc' dir='ltr'>γὰρ</span> <span class='ocrx_word' id='word_1_470' title='bbox 2704 2372 2865 2440; x_wconf 79' lang='grc' dir='ltr'>σῶμα</span> <span class='ocrx_word' id='word_1_471' title='bbox 2920 2368 3059 2424; x_wconf 75' lang='grc' dir='ltr'>κατὰ</span> <span class='ocrx_word' id='word_1_472' title='bbox 3107 2367 3207 2436; x_wconf 78' lang='grc' dir='ltr'>τὴν</span> <span class='ocrx_word' id='word_1_473' title='bbox 3262 2367 3457 2427; x_wconf 64' lang='grc' dir='ltr'>ἑαυτοῦ</span> <span class='ocrx_word' id='word_1_474' title='bbox 3513 2364 3691 2444; x_wconf 72' lang='grc' dir='ltr'>φύσιν,</span> 
     </span>
    </p>
   </div>
   <div class='ocr_carea' id='block_1_69' title="bbox 2033 2451 3692 2533">
    <p class='ocr_par' dir='ltr' id='par_1_69' title="bbox 2033 2451 3692 2533">
     <span class='ocr_line' id='line_1_69' title="bbox 2033 2451 3692 2533; baseline -0.003 -18"><span class='ocrx_word' id='word_1_475' title='bbox 2033 2452 2321 2515; x_wconf 71' lang='grc' dir='ltr'>σκεδαστόν</span> <span class='ocrx_word' id='word_1_476' title='bbox 2373 2453 2484 2511; x_wconf 73' lang='grc' dir='ltr'>ἐστι</span> <span class='ocrx_word' id='word_1_477' title='bbox 2541 2455 2632 2515; x_wconf 84' lang='grc' dir='ltr'><strong><em>καὶ</em></strong></span> <span class='ocrx_word' id='word_1_478' title='bbox 2695 2455 2771 2523; x_wconf 75' lang='grc' dir='ltr'>εἷς</span> <span class='ocrx_word' id='word_1_479' title='bbox 2828 2452 3024 2529; x_wconf 72' lang='grc' dir='ltr'>ἄπειρα</span> <span class='ocrx_word' id='word_1_480' title='bbox 3073 2452 3364 2533; x_wconf 74' lang='grc' dir='ltr'>διαιρετόν·</span> <span class='ocrx_word' id='word_1_481' title='bbox 3409 2452 3493 2513; x_wconf 81' lang='grc' dir='ltr'>διὸ</span> <span class='ocrx_word' id='word_1_482' title='bbox 3520 2451 3692 2515; x_wconf 65' lang='grc' dir='ltr'>δεῖται</span> 
     </span>
    </p>
   </div>
   <div class='ocr_carea' id='block_1_70' title="bbox 2029 2543 3694 2622">
    <p class='ocr_par' dir='ltr' id='par_1_70' title="bbox 2029 2543 3694 2622">
     <span class='ocr_line' id='line_1_70' title="bbox 2029 2543 3694 2622; baseline 0 -21"><span class='ocrx_word' id='word_1_483' title='bbox 2029 2550 2129 2602; x_wconf 78' lang='grc' dir='ltr'><strong><em>τοῦ</em></strong></span> <span class='ocrx_word' id='word_1_484' title='bbox 2183 2546 2529 2622; x_wconf 72' lang='grc' dir='ltr'>συνέχοντος.</span> <span class='ocrx_word' id='word_1_485' title='bbox 2589 2546 2661 2603; x_wconf 84' lang='grc' dir='ltr'><strong><em>Τὸ</em></strong></span> <span class='ocrx_word' id='word_1_486' title='bbox 2716 2545 2896 2603; x_wconf 77' lang='grc' dir='ltr'>τοίνυν</span> <span class='ocrx_word' id='word_1_487' title='bbox 2957 2548 3206 2622; x_wconf 64' lang='grc' dir='ltr'>συνέχον,</span> <span class='ocrx_word' id='word_1_488' title='bbox 3253 2545 3481 2621; x_wconf 68' lang='grc' dir='ltr'>πότερον</span> <span class='ocrx_word' id='word_1_489' title='bbox 3531 2543 3694 2619; x_wconf 71' lang='grc' dir='ltr'>σῶμά</span> 
     </span>
    </p>
   </div>
   <div class='ocr_carea' id='block_1_71' title="bbox 2033 2632 3690 2710">
    <p class='ocr_par' dir='ltr' id='par_1_71' title="bbox 2033 2632 3690 2710">
     <span class='ocr_line' id='line_1_71' title="bbox 2033 2632 3690 2710; baseline 0.001 -22"><span class='ocrx_word' id='word_1_490' title='bbox 2033 2634 2176 2690; x_wconf 76' lang='grc' dir='ltr'>ἐστιν</span> <span class='ocrx_word' id='word_1_491' title='bbox 2233 2634 2269 2704; x_wconf 73' lang='grc' dir='ltr'>ἢ</span> <span class='ocrx_word' id='word_1_492' title='bbox 2329 2635 2619 2708; x_wconf 85' lang='grc' dir='ltr'>ἀσώματον</span> <span class='ocrx_word' id='word_1_493' title='bbox 2649 2654 2663 2707; x_wconf 90' lang='lat'><strong>;</strong></span> <span class='ocrx_word' id='word_1_494' title='bbox 2698 2634 2744 2690; x_wconf 81' lang='grc' dir='ltr'><strong><em>εί</em></strong></span> <span class='ocrx_word' id='word_1_495' title='bbox 2776 2632 2836 2692; x_wconf 70' lang='grc' dir='ltr'><strong><em>δὲ</em></strong></span> <span class='ocrx_word' id='word_1_496' title='bbox 2879 2636 2971 2691; x_wconf 81' lang='grc' dir='ltr'><strong><em>οὗν</em></strong></span> <span class='ocrx_word' id='word_1_497' title='bbox 3017 2637 3200 2710; x_wconf 77' lang='grc' dir='ltr'>σῶμα,</span> <span class='ocrx_word' id='word_1_498' title='bbox 3245 2632 3494 2707; x_wconf 73' lang='grc' dir='ltr'>δεήσεται</span> <span class='ocrx_word' id='word_1_499' title='bbox 3525 2632 3690 2695; x_wconf 69' lang='grc' dir='ltr'>πάλιν</span> 
     </span>
    </p>
   </div>
   <div class='ocr_carea' id='block_1_72' title="bbox 2032 2722 3690 2800">
    <p class='ocr_par' dir='ltr' id='par_1_72' title="bbox 2032 2722 3690 2800">
     <span class='ocr_line' id='line_1_72' title="bbox 2032 2722 3690 2800; baseline 0.001 -21"><span class='ocrx_word' id='word_1_500' title='bbox 2032 2725 2249 2781; x_wconf 77' lang='grc' dir='ltr'>κάκεῖνο</span> <span class='ocrx_word' id='word_1_501' title='bbox 2329 2728 2426 2779; x_wconf 81' lang='grc' dir='ltr'><strong><em>τοῦ</em></strong></span> <span class='ocrx_word' id='word_1_502' title='bbox 2514 2725 2837 2800; x_wconf 69' lang='grc' dir='ltr'>συνάχοντος</span> <span class='ocrx_word' id='word_1_503' title='bbox 2866 2772 2882 2796; x_wconf 86' lang='grc'><strong>,</strong></span> <span class='ocrx_word' id='word_1_504' title='bbox 2940 2725 3029 2781; x_wconf 81' lang='grc' dir='ltr'><strong><em>καὶ</em></strong></span> <span class='ocrx_word' id='word_1_505' title='bbox 3085 2730 3247 2783; x_wconf 71' lang='grc' dir='ltr'>τοῦτο</span> <span class='ocrx_word' id='word_1_506' title='bbox 3304 2723 3387 2783; x_wconf 44' lang='grc' dir='ltr'><strong><em>δέ</em></strong></span> <span class='ocrx_word' id='word_1_507' title='bbox 3448 2722 3690 2800; x_wconf 65' lang='grc' dir='ltr'>ἄπειρον.</span> 
     </span>
    </p>
   </div>
   <div class='ocr_carea' id='block_1_73' title="bbox 2033 2810 3692 2891">
    <p class='ocr_par' dir='ltr' id='par_1_73' title="bbox 2033 2810 3692 2891">
     <span class='ocr_line' id='line_1_73' title="bbox 2033 2810 3692 2891; baseline 0.002 -24"><span class='ocrx_word' id='word_1_508' title='bbox 2033 2815 2272 2889; x_wconf 79' lang='grc' dir='ltr'>’Δνάγκη</span> <span class='ocrx_word' id='word_1_509' title='bbox 2305 2810 2406 2891; x_wconf 75' lang='grc' dir='ltr'>ἄρα</span> <span class='ocrx_word' id='word_1_510' title='bbox 2433 2814 2534 2884; x_wconf 78' lang='grc' dir='ltr'>τήν</span> <span class='ocrx_word' id='word_1_511' title='bbox 2581 2815 2898 2885; x_wconf 76' lang='grc' dir='ltr'><strong><em>συνεκτικὴν</em></strong></span> <span class='ocrx_word' id='word_1_512' title='bbox 2952 2819 3060 2871; x_wconf 77' lang='grc' dir='ltr'><strong><em>τῶν</em></strong></span> <span class='ocrx_word' id='word_1_513' title='bbox 3121 2817 3390 2889; x_wconf 72' lang='grc' dir='ltr'>σωμάτων</span> <span class='ocrx_word' id='word_1_514' title='bbox 3442 2811 3692 2889; x_wconf 76' lang='grc' dir='ltr'>δύναμιν,</span> 
     </span>
    </p>
   </div>
   <div class='ocr_carea' id='block_1_74' title="bbox 2035 2901 3694 2981">
    <p class='ocr_par' dir='ltr' id='par_1_74' title="bbox 2035 2901 3694 2981">
     <span class='ocr_line' id='line_1_74' title="bbox 2035 2901 3694 2981; baseline 0.002 -24"><span class='ocrx_word' id='word_1_515' title='bbox 2035 2903 2324 2975; x_wconf 78' lang='grc' dir='ltr'>ἀσώματον</span> <span class='ocrx_word' id='word_1_516' title='bbox 2364 2901 2518 2961; x_wconf 73' lang='grc' dir='ltr'>εἶναι.</span> <span class='ocrx_word' id='word_1_517' title='bbox 2572 2904 2724 2961; x_wconf 83' lang='grc' dir='ltr'>Ἐστι</span> <span class='ocrx_word' id='word_1_518' title='bbox 2774 2901 2832 2960; x_wconf 81' lang='grc' dir='ltr'>δὶ</span> <span class='ocrx_word' id='word_1_519' title='bbox 2856 2902 2946 2960; x_wconf 75' lang='grc' dir='ltr'><strong><em>ἰπὶ</em></strong></span> <span class='ocrx_word' id='word_1_520' title='bbox 2995 2908 3102 2965; x_wconf 74' lang='grc' dir='ltr'><strong><em>τῶν</em></strong></span> <span class='ocrx_word' id='word_1_521' title='bbox 3150 2903 3418 2981; x_wconf 73' lang='grc' dir='ltr'>ἆμψύχων</span> <span class='ocrx_word' id='word_1_522' title='bbox 3451 2924 3694 2965; x_wconf 76' lang='grc' dir='ltr'>συνεκτι-</span> 
     </span>
    </p>
   </div>
   <div class='ocr_carea' id='block_1_75' title="bbox 2033 2992 3694 3069">
    <p class='ocr_par' dir='ltr' id='par_1_75' title="bbox 2033 2992 3694 3069">
     <span class='ocr_line' id='line_1_75' title="bbox 2033 2992 3694 3069; baseline 0.001 -22"><span class='ocrx_word' id='word_1_523' title='bbox 2033 2994 2105 3063; x_wconf 78' lang='grc' dir='ltr'>κὴ</span> <span class='ocrx_word' id='word_1_524' title='bbox 2155 2997 2259 3049; x_wconf 78' lang='grc' dir='ltr'><strong><em>τῶν</em></strong></span> <span class='ocrx_word' id='word_1_525' title='bbox 2305 2993 2574 3063; x_wconf 84' lang='grc' dir='ltr'>σωμάτων</span> <span class='ocrx_word' id='word_1_526' title='bbox 2621 2996 2658 3063; x_wconf 76' lang='grc' dir='ltr'><strong>ἡ</strong></span> <span class='ocrx_word' id='word_1_527' title='bbox 2712 2994 2889 3069; x_wconf 70' lang='grc' dir='ltr'>ψυχή’</span> <span class='ocrx_word' id='word_1_528' title='bbox 2952 2994 2988 3065; x_wconf 80' lang='grc' dir='ltr'>ἠ</span> <span class='ocrx_word' id='word_1_529' title='bbox 3040 2993 3195 3069; x_wconf 76' lang='grc' dir='ltr'>ψυχὴ</span> <span class='ocrx_word' id='word_1_530' title='bbox 3246 2992 3349 3069; x_wconf 76' lang='grc' dir='ltr'>ἄρα</span> <span class='ocrx_word' id='word_1_531' title='bbox 3402 2992 3694 3069; x_wconf 72' lang='grc' dir='ltr'>ἆσώματός</span> 
     </span>
    </p>
   </div>
   <div class='ocr_carea' id='block_1_76' title="bbox 2036 3080 3694 3160">
    <p class='ocr_par' dir='ltr' id='par_1_76' title="bbox 2036 3080 3694 3160">
     <span class='ocr_line' id='line_1_76' title="bbox 2036 3080 3694 3160; baseline 0.001 -23"><span class='ocrx_word' id='word_1_532' title='bbox 2036 3082 2200 3140; x_wconf 77' lang='grc' dir='ltr'>ἐστιν.</span> <span class='ocrx_word' id='word_1_533' title='bbox 2242 3084 2363 3140; x_wconf 84' lang='grc' dir='ltr'>Ἔτι</span> <span class='ocrx_word' id='word_1_534' title='bbox 2387 3080 2445 3137; x_wconf 74' lang='grc' dir='ltr'><strong><em>δὲ</em></strong></span> <span class='ocrx_word' id='word_1_535' title='bbox 2475 3082 2565 3143; x_wconf 80' lang='grc' dir='ltr'><strong><em>καὶ</em></strong></span> <span class='ocrx_word' id='word_1_536' title='bbox 2597 3085 2631 3153; x_wconf 78' lang='grc' dir='ltr'>ἡ</span> <span class='ocrx_word' id='word_1_537' title='bbox 2665 3082 2870 3160; x_wconf 73' lang='grc' dir='ltr'>ἆσχάτη</span> <span class='ocrx_word' id='word_1_538' title='bbox 2902 3088 3009 3140; x_wconf 78' lang='grc' dir='ltr'>τῶν</span> <span class='ocrx_word' id='word_1_539' title='bbox 3071 3087 3390 3159; x_wconf 78' lang='grc' dir='ltr'>γνωπικῶν</span> <span class='ocrx_word' id='word_1_540' title='bbox 3449 3088 3549 3153; x_wconf 85' lang='grc' dir='ltr'><strong><em>τῆς</em></strong></span> <span class='ocrx_word' id='word_1_541' title='bbox 3597 3085 3694 3156; x_wconf 84' lang='grc' dir='ltr'>ψυ-</span> 
     </span>
    </p>
   </div>
   <div class='ocr_carea' id='block_1_77' title="bbox 2035 3169 3691 3249">
    <p class='ocr_par' dir='ltr' id='par_1_77' title="bbox 2035 3169 3691 3249">
     <span class='ocr_line' id='line_1_77' title="bbox 2035 3169 3691 3249; baseline 0.001 -22"><span class='ocrx_word' id='word_1_542' title='bbox 2035 3180 2146 3249; x_wconf 83' lang='grc' dir='ltr'>χῆς</span> <span class='ocrx_word' id='word_1_543' title='bbox 2206 3169 2512 3247; x_wconf 82' lang='grc' dir='ltr'>δυνάμεων,</span> <span class='ocrx_word' id='word_1_544' title='bbox 2558 3174 2593 3243; x_wconf 78' lang='grc' dir='ltr'>ἠ</span> <span class='ocrx_word' id='word_1_545' title='bbox 2641 3171 2893 3245; x_wconf 66' lang='grc' dir='ltr'>αἴσθησις</span> <span class='ocrx_word' id='word_1_546' title='bbox 2954 3170 3147 3249; x_wconf 66' lang='grc' dir='ltr'><strong><em>λέγω,</em></strong></span> <span class='ocrx_word' id='word_1_547' title='bbox 3202 3171 3495 3249; x_wconf 81' lang='grc' dir='ltr'>ἀσώματός</span> <span class='ocrx_word' id='word_1_548' title='bbox 3554 3170 3691 3244; x_wconf 70' lang='grc' dir='ltr'>ὗστι,</span> 
     </span>
    </p>
   </div>
   <div class='ocr_carea' id='block_1_78' title="bbox 2038 3256 3695 3337">
    <p class='ocr_par' dir='ltr' id='par_1_78' title="bbox 2038 3256 3695 3337">
     <span class='ocr_line' id='line_1_78' title="bbox 2038 3256 3695 3337; baseline -0.002 -21"><span class='ocrx_word' id='word_1_549' title='bbox 2038 3260 2239 3333; x_wconf 84' lang='grc' dir='ltr'>πολλῷ</span> <span class='ocrx_word' id='word_1_550' title='bbox 2319 3259 2534 3335; x_wconf 76' lang='grc' dir='ltr'>μᾶλλον</span> <span class='ocrx_word' id='word_1_551' title='bbox 2572 3262 2626 3316; x_wconf 80' lang='grc' dir='ltr'>αἱ</span> <span class='ocrx_word' id='word_1_552' title='bbox 2688 3259 2966 3337; x_wconf 80' lang='grc' dir='ltr'>κρείττους</span> <span class='ocrx_word' id='word_1_553' title='bbox 3001 3303 3014 3319; x_wconf 94' lang='grc'><strong><em>.</em></strong></span> <span class='ocrx_word' id='word_1_554' title='bbox 3075 3263 3197 3316; x_wconf 85' lang='grc' dir='ltr'><strong><em>Ὅτι</em></strong></span> <span class='ocrx_word' id='word_1_555' title='bbox 3258 3256 3317 3317; x_wconf 63' lang='grc' dir='ltr'><strong><em>δὲ</em></strong></span> <span class='ocrx_word' id='word_1_556' title='bbox 3359 3262 3394 3331; x_wconf 77' lang='grc' dir='ltr'><strong>ἡ</strong></span> <span class='ocrx_word' id='word_1_557' title='bbox 3448 3258 3695 3332; x_wconf 72' lang='grc' dir='ltr'>αἴσθησις</span> 
     </span>
    </p>
   </div>
   <div class='ocr_carea' id='block_1_79' title="bbox 2040 3346 3693 3427">
    <p class='ocr_par' dir='ltr' id='par_1_79' title="bbox 2040 3346 3693 3427">
     <span class='ocr_line' id='line_1_79' title="bbox 2040 3346 3693 3427; baseline 0.001 -21"><span class='ocrx_word' id='word_1_558' title='bbox 2040 3351 2331 3427; x_wconf 73' lang='grc' dir='ltr'><strong><em>ἀσώματος</em></strong></span> <span class='ocrx_word' id='word_1_559' title='bbox 2365 3393 2381 3422; x_wconf 89' lang='lat'><strong><em>,</em></strong></span> <span class='ocrx_word' id='word_1_560' title='bbox 2427 3350 2569 3405; x_wconf 77' lang='grc' dir='ltr'>οὕτω</span> <span class='ocrx_word' id='word_1_561' title='bbox 2624 3347 2890 3411; x_wconf 82' lang='grc' dir='ltr'>δείκνυσιν</span> <span class='ocrx_word' id='word_1_562' title='bbox 2946 3351 2974 3406; x_wconf 79' lang='grc' dir='ltr'>ὁ</span> <span class='ocrx_word' id='word_1_563' title='bbox 3036 3348 3455 3427; x_wconf 67' lang='grc' dir='ltr'>Ἀριστοτέλης·</span> <span class='ocrx_word' id='word_1_564' title='bbox 3518 3346 3693 3408; x_wconf 76' lang='grc' dir='ltr'>Οὖδὶν</span> 
     </span>
    </p>
   </div>
   <div class='ocr_carea' id='block_1_80' title="bbox 2039 3439 3692 3518">
    <p class='ocr_par' dir='ltr' id='par_1_80' title="bbox 2039 3439 3692 3518">
     <span class='ocr_line' id='line_1_80' title="bbox 2039 3439 3692 3518; baseline -0.001 -22"><span class='ocrx_word' id='word_1_565' title='bbox 2039 3446 2221 3515; x_wconf 77' lang='grc' dir='ltr'>σῶμα,</span> <span class='ocrx_word' id='word_1_566' title='bbox 2254 3439 2452 3517; x_wconf 64' lang='grc' dir='ltr'><strong><em>λέγων,</em></strong></span> <span class='ocrx_word' id='word_1_567' title='bbox 2489 3439 2542 3497; x_wconf 73' lang='grc' dir='ltr'>ἐν</span> <span class='ocrx_word' id='word_1_568' title='bbox 2578 3445 2658 3515; x_wconf 80' lang='grc' dir='ltr'><strong><em>τῷ</em></strong></span> <span class='ocrx_word' id='word_1_569' title='bbox 2687 3440 2835 3515; x_wconf 78' lang='grc' dir='ltr'><strong><em>αὐτῷ</em></strong></span> <span class='ocrx_word' id='word_1_570' title='bbox 2872 3439 3063 3518; x_wconf 81' lang='grc' dir='ltr'>χρόνῳ</span> <span class='ocrx_word' id='word_1_571' title='bbox 3115 3439 3253 3499; x_wconf 78' lang='grc' dir='ltr'>κατὰ</span> <span class='ocrx_word' id='word_1_572' title='bbox 3296 3441 3360 3496; x_wconf 80' lang='grc' dir='ltr'>τὸ</span> <span class='ocrx_word' id='word_1_573' title='bbox 3413 3439 3542 3499; x_wconf 80' lang='grc' dir='ltr'>αὐτὸ</span> <span class='ocrx_word' id='word_1_574' title='bbox 3589 3440 3692 3514; x_wconf 85' lang='grc' dir='ltr'>μό-</span> 
     </span>
    </p>
   </div>
   <div class='ocr_carea' id='block_1_81' title="bbox 2039 3526 3693 3607">
    <p class='ocr_par' dir='ltr' id='par_1_81' title="bbox 2039 3526 3693 3607">
     <span class='ocr_line' id='line_1_81' title="bbox 2039 3526 3693 3607; baseline -0.001 -21"><span class='ocrx_word' id='word_1_575' title='bbox 2039 3551 2182 3607; x_wconf 76' lang='grc' dir='ltr'>ριον,</span> <span class='ocrx_word' id='word_1_576' title='bbox 2238 3535 2344 3587; x_wconf 77' lang='grc' dir='ltr'>τῶν</span> <span class='ocrx_word' id='word_1_577' title='bbox 2378 3528 2637 3589; x_wconf 78' lang='grc' dir='ltr'>ἐναντίων</span> <span class='ocrx_word' id='word_1_578' title='bbox 2694 3529 2837 3588; x_wconf 78' lang='grc' dir='ltr'>ἐστὶν</span> <span class='ocrx_word' id='word_1_579' title='bbox 2868 3528 3286 3602; x_wconf 80' lang='grc' dir='ltr'>ἀντιληπτικόν.</span> <span class='ocrx_word' id='word_1_580' title='bbox 3344 3531 3406 3595; x_wconf 81' lang='lat' dir='ltr'><strong><em>&#39;U</em></strong></span> <span class='ocrx_word' id='word_1_581' title='bbox 3461 3530 3564 3607; x_wconf 76' lang='grc' dir='ltr'><strong><em>γὰρ</em></strong></span> <span class='ocrx_word' id='word_1_582' title='bbox 3597 3526 3693 3586; x_wconf 62' lang='grc' dir='ltr'>δάν</span> 
     </span>
    </p>
   </div>
   <div class='ocr_carea' id='block_1_82' title="bbox 2036 3616 3694 3697">
    <p class='ocr_par' dir='ltr' id='par_1_82' title="bbox 2036 3616 3694 3697">
     <span class='ocr_line' id='line_1_82' title="bbox 2036 3616 3694 3697; baseline -0.001 -22"><span class='ocrx_word' id='word_1_583' title='bbox 2036 3618 2238 3684; x_wconf 87' lang='grc' dir='ltr'>κτυλος</span> <span class='ocrx_word' id='word_1_584' title='bbox 2299 3620 2362 3677; x_wconf 86' lang='grc' dir='ltr'>οὑ</span> <span class='ocrx_word' id='word_1_585' title='bbox 2389 3616 2607 3676; x_wconf 71' lang='grc' dir='ltr'>δύναται</span> <span class='ocrx_word' id='word_1_586' title='bbox 2656 3620 2795 3683; x_wconf 82' lang='grc' dir='ltr'>κατὰ</span> <span class='ocrx_word' id='word_1_587' title='bbox 2823 3620 2913 3675; x_wconf 86' lang='grc' dir='ltr'>τὸν</span> <span class='ocrx_word' id='word_1_588' title='bbox 2944 3618 3104 3677; x_wconf 83' lang='grc' dir='ltr'>αὐτὸν</span> <span class='ocrx_word' id='word_1_589' title='bbox 3157 3619 3385 3697; x_wconf 80' lang='grc' dir='ltr'>χρόνον,</span> <span class='ocrx_word' id='word_1_590' title='bbox 3416 3618 3553 3675; x_wconf 70' lang='grc' dir='ltr'>ὅλου</span> <span class='ocrx_word' id='word_1_591' title='bbox 3602 3618 3694 3677; x_wconf 84' lang='grc' dir='ltr'><strong><em>καὶ</em></strong></span> 
     </span>
    </p>
   </div>
   <div class='ocr_carea' id='block_1_83' title="bbox 2039 3702 3696 3784">
    <p class='ocr_par' dir='ltr' id='par_1_83' title="bbox 2039 3702 3696 3784">
     <span class='ocr_line' id='line_1_83' title="bbox 2039 3702 3696 3784; baseline -0.001 -21"><span class='ocrx_word' id='word_1_592' title='bbox 2039 3706 2237 3771; x_wconf 73' lang='grc' dir='ltr'>λευκοῦ</span> <span class='ocrx_word' id='word_1_593' title='bbox 2282 3706 2373 3765; x_wconf 82' lang='grc' dir='ltr'><strong><em>καὶ</em></strong></span> <span class='ocrx_word' id='word_1_594' title='bbox 2438 3704 2671 3784; x_wconf 74' lang='grc' dir='ltr'>μέλανος</span> <span class='ocrx_word' id='word_1_595' title='bbox 2721 3702 3093 3782; x_wconf 79' lang='grc' dir='ltr'>μεταλαϐεῖν·</span> <span class='ocrx_word' id='word_1_596' title='bbox 3163 3704 3289 3763; x_wconf 75' lang='grc' dir='ltr'><strong><em>οὖδὶ</em></strong></span> <span class='ocrx_word' id='word_1_597' title='bbox 3349 3705 3696 3783; x_wconf 70' lang='grc' dir='ltr'>θερμαίνεται</span> 
     </span>
    </p>
   </div>
   <div class='ocr_carea' id='block_1_84' title="bbox 2037 3793 3696 3874">
    <p class='ocr_par' dir='ltr' id='par_1_84' title="bbox 2037 3793 3696 3874">
     <span class='ocr_line' id='line_1_84' title="bbox 2037 3793 3696 3874; baseline 0.002 -22"><span class='ocrx_word' id='word_1_598' title='bbox 2037 3798 2150 3871; x_wconf 78' lang='grc' dir='ltr'><strong><em>ἅμα</em></strong></span> <span class='ocrx_word' id='word_1_599' title='bbox 2177 3798 2313 3855; x_wconf 67' lang='grc' dir='ltr'>κατὰ</span> <span class='ocrx_word' id='word_1_600' title='bbox 2339 3796 2532 3853; x_wconf 82' lang='grc' dir='ltr'>ταύτὸν</span> <span class='ocrx_word' id='word_1_601' title='bbox 2590 3798 2675 3854; x_wconf 86' lang='grc' dir='ltr'>καὶ</span> <span class='ocrx_word' id='word_1_602' title='bbox 2723 3795 2979 3874; x_wconf 76' lang='grc' dir='ltr'>ψύχεται.</span> <span class='ocrx_word' id='word_1_603' title='bbox 3025 3798 3093 3855; x_wconf 84' lang='grc' dir='ltr'>Ἡ</span> <span class='ocrx_word' id='word_1_604' title='bbox 3155 3793 3213 3854; x_wconf 79' lang='grc' dir='ltr'><strong><em>δὶ</em></strong></span> <span class='ocrx_word' id='word_1_605' title='bbox 3269 3793 3520 3868; x_wconf 75' lang='grc' dir='ltr'>α’ίσθησις</span> <span class='ocrx_word' id='word_1_606' title='bbox 3579 3797 3696 3870; x_wconf 75' lang='grc' dir='ltr'><strong><em>ἅμα</em></strong></span> 
     </span>
    </p>
   </div>
   <div class='ocr_carea' id='block_1_85' title="bbox 2037 3880 3693 3967">
    <p class='ocr_par' dir='ltr' id='par_1_85' title="bbox 2037 3880 3693 3967">
     <span class='ocr_line' id='line_1_85' title="bbox 2037 3880 3693 3967; baseline -0.001 -27"><span class='ocrx_word' id='word_1_607' title='bbox 2037 3885 2088 3940; x_wconf 70' lang='grc' dir='ltr'>ἐν</span> <span class='ocrx_word' id='word_1_608' title='bbox 2145 3890 2226 3960; x_wconf 81' lang='grc' dir='ltr'>τῷ</span> <span class='ocrx_word' id='word_1_609' title='bbox 2283 3884 2428 3960; x_wconf 82' lang='grc' dir='ltr'>αὐτῷ</span> <span class='ocrx_word' id='word_1_610' title='bbox 2480 3885 2690 3967; x_wconf 82' lang='grc' dir='ltr'>χρόνῳ,</span> <span class='ocrx_word' id='word_1_611' title='bbox 2731 3890 2837 3945; x_wconf 81' lang='grc' dir='ltr'><strong><em>τῶν</em></strong></span> <span class='ocrx_word' id='word_1_612' title='bbox 2899 3884 3150 3942; x_wconf 74' lang='grc' dir='ltr'>ἐναντίων</span> <span class='ocrx_word' id='word_1_613' title='bbox 3210 3880 3693 3959; x_wconf 70' lang='grc' dir='ltr'>ἀντιλαμϐάνεται,</span> 
     </span>
    </p>
   </div>
   <div class='ocr_carea' id='block_1_86' title="bbox 2036 3970 3697 4055">
    <p class='ocr_par' dir='ltr' id='par_1_86' title="bbox 2036 3970 3697 4055">
     <span class='ocr_line' id='line_1_86' title="bbox 2036 3970 3697 4055; baseline -0.001 -25"><span class='ocrx_word' id='word_1_614' title='bbox 2036 3974 2126 4030; x_wconf 81' lang='grc' dir='ltr'><strong><em>καὶ</em></strong></span> <span class='ocrx_word' id='word_1_615' title='bbox 2185 3972 2329 4029; x_wconf 78' lang='grc' dir='ltr'>οἶδεν</span> <span class='ocrx_word' id='word_1_616' title='bbox 2390 3974 2473 4030; x_wconf 76' lang='grc' dir='ltr'><strong><em>ὅτι</em></strong></span> <span class='ocrx_word' id='word_1_617' title='bbox 2528 3972 2654 4031; x_wconf 81' lang='grc' dir='ltr'>τόδε</span> <span class='ocrx_word' id='word_1_618' title='bbox 2708 3973 2820 4030; x_wconf 78' lang='grc' dir='ltr'>ἐστὶ</span> <span class='ocrx_word' id='word_1_619' title='bbox 2844 3974 2907 4029; x_wconf 82' lang='grc' dir='ltr'>τὸ</span> <span class='ocrx_word' id='word_1_620' title='bbox 2938 3979 3158 4055; x_wconf 82' lang='grc' dir='ltr'>πρῶτον</span> <span class='ocrx_word' id='word_1_621' title='bbox 3190 3975 3276 4030; x_wconf 84' lang='grc' dir='ltr'><strong><em>καὶ</em></strong></span> <span class='ocrx_word' id='word_1_622' title='bbox 3311 3974 3373 4035; x_wconf 85' lang='grc' dir='ltr'>τὸ</span> <span class='ocrx_word' id='word_1_623' title='bbox 3424 3970 3697 4050; x_wconf 79' lang='grc' dir='ltr'>δεύτερον,</span> 
     </span>
    </p>
   </div>
   <div class='ocr_carea' id='block_1_87' title="bbox 2036 4061 3705 4143">
    <p class='ocr_par' dir='ltr' id='par_1_87' title="bbox 2036 4061 3705 4143">
     <span class='ocr_line' id='line_1_87' title="bbox 2036 4061 3705 4143; baseline -0.001 -23"><span class='ocrx_word' id='word_1_624' title='bbox 2036 4065 2100 4125; x_wconf 78' lang='grc' dir='ltr'>τὸ</span> <span class='ocrx_word' id='word_1_625' title='bbox 2131 4061 2425 4143; x_wconf 78' lang='grc' dir='ltr'>διακρίνειν</span> <span class='ocrx_word' id='word_1_626' title='bbox 2458 4063 2517 4120; x_wconf 75' lang='grc' dir='ltr'>ἐκ</span> <span class='ocrx_word' id='word_1_627' title='bbox 2543 4068 2640 4120; x_wconf 74' lang='grc' dir='ltr'><strong><em>τοῦ</em></strong></span> <span class='ocrx_word' id='word_1_628' title='bbox 2670 4063 2871 4119; x_wconf 77' lang='grc' dir='ltr'>λευκοῦ</span> <span class='ocrx_word' id='word_1_629' title='bbox 2899 4064 2961 4119; x_wconf 88' lang='grc' dir='ltr'>τὸ</span> <span class='ocrx_word' id='word_1_630' title='bbox 2997 4062 3193 4139; x_wconf 83' lang='grc' dir='ltr'>μὲλαν,</span> <span class='ocrx_word' id='word_1_631' title='bbox 3226 4065 3344 4123; x_wconf 78' lang='grc' dir='ltr'>καθ’</span> <span class='ocrx_word' id='word_1_632' title='bbox 3394 4063 3616 4135; x_wconf 75' lang='grc' dir='ltr'>ὕστερον</span> <span class='ocrx_word' id='word_1_633' title='bbox 3645 4061 3705 4119; x_wconf 72' lang='grc' dir='ltr'><strong><em>δὲ</em></strong></span> 
     </span>
    </p>
   </div>
   <div class='ocr_carea' id='block_1_88' title="bbox 2041 4151 3703 4228">
    <p class='ocr_par' dir='ltr' id='par_1_88' title="bbox 2041 4151 3703 4228">
     <span class='ocr_line' id='line_1_88' title="bbox 2041 4151 3703 4228; baseline -0.001 -19"><span class='ocrx_word' id='word_1_634' title='bbox 2041 4153 2101 4209; x_wconf 61' lang='lat' dir='ltr'><strong><em>tr.</em></strong></span> <span class='ocrx_word' id='word_1_635' title='bbox 2155 4157 2252 4208; x_wconf 77' lang='grc' dir='ltr'><strong><em>τοῦ</em></strong></span> <span class='ocrx_word' id='word_1_636' title='bbox 2308 4151 2544 4228; x_wconf 68' lang='grc' dir='ltr'>μέλανος</span> <span class='ocrx_word' id='word_1_637' title='bbox 2573 4155 2634 4211; x_wconf 90' lang='grc' dir='ltr'>τὸ</span> <span class='ocrx_word' id='word_1_638' title='bbox 2668 4151 2885 4213; x_wconf 84' lang='grc' dir='ltr'>λευκόν.</span> <span class='ocrx_word' id='word_1_639' title='bbox 2918 4154 2982 4213; x_wconf 76' lang='grc' dir='ltr'><strong><em>Εἰ</em></strong></span> <span class='ocrx_word' id='word_1_640' title='bbox 3012 4155 3106 4228; x_wconf 76' lang='grc' dir='ltr'><strong><em>μὶν</em></strong></span> <span class='ocrx_word' id='word_1_641' title='bbox 3138 4154 3228 4210; x_wconf 78' lang='grc' dir='ltr'><strong><em>οὗν</em></strong></span> <span class='ocrx_word' id='word_1_642' title='bbox 3258 4153 3394 4209; x_wconf 80' lang='grc' dir='ltr'>κατὰ</span> <span class='ocrx_word' id='word_1_643' title='bbox 3419 4153 3482 4209; x_wconf 84' lang='grc' dir='ltr'>τὸ</span> <span class='ocrx_word' id='word_1_644' title='bbox 3543 4153 3703 4221; x_wconf 81' lang='grc' dir='ltr'>αὐτὸ,</span> 
     </span>
    </p>
   </div>
   <div class='ocr_carea' id='block_1_89' title="bbox 2042 4236 3701 4318">
    <p class='ocr_par' dir='ltr' id='par_1_89' title="bbox 2042 4236 3701 4318">
     <span class='ocr_line' id='line_1_89' title="bbox 2042 4236 3701 4318; baseline 0.001 -21"><span class='ocrx_word' id='word_1_645' title='bbox 2042 4240 2212 4306; x_wconf 80' lang='grc' dir='ltr'>δῆλον</span> <span class='ocrx_word' id='word_1_646' title='bbox 2242 4239 2325 4296; x_wconf 77' lang='grc' dir='ltr'><strong><em>ὅτι</em></strong></span> <span class='ocrx_word' id='word_1_647' title='bbox 2371 4241 2590 4318; x_wconf 81' lang='grc' dir='ltr'>ἀμερῶς</span> <span class='ocrx_word' id='word_1_648' title='bbox 2642 4243 2820 4298; x_wconf 80' lang='grc' dir='ltr'>αὐτῶν</span> <span class='ocrx_word' id='word_1_649' title='bbox 2872 4236 3358 4317; x_wconf 77' lang='grc' dir='ltr'>ἀντιλαμϐάνεται,</span> <span class='ocrx_word' id='word_1_650' title='bbox 3414 4241 3505 4303; x_wconf 80' lang='grc' dir='ltr'><strong><em>καὶ</em></strong></span> <span class='ocrx_word' id='word_1_651' title='bbox 3560 4237 3701 4305; x_wconf 80' lang='grc' dir='ltr'>ἔστιν</span> 
     </span>
    </p>
   </div>
   <div class='ocr_carea' id='block_1_90' title="bbox 2039 4328 3703 4411">
    <p class='ocr_par' dir='ltr' id='par_1_90' title="bbox 2039 4328 3703 4411">
     <span class='ocr_line' id='line_1_90' title="bbox 2039 4328 3703 4411; baseline 0.002 -24"><span class='ocrx_word' id='word_1_652' title='bbox 2039 4329 2352 4405; x_wconf 78' lang='grc' dir='ltr'>ἀσώματος·</span> <span class='ocrx_word' id='word_1_653' title='bbox 2411 4330 2461 4385; x_wconf 79' lang='grc' dir='ltr'><strong><em>εἷ’</em></strong></span> <span class='ocrx_word' id='word_1_654' title='bbox 2517 4328 2574 4386; x_wconf 69' lang='grc' dir='ltr'><strong><em>δὲ</em></strong></span> <span class='ocrx_word' id='word_1_655' title='bbox 2629 4330 2745 4397; x_wconf 81' lang='grc' dir='ltr'>καθ’</span> <span class='ocrx_word' id='word_1_656' title='bbox 2802 4328 2985 4407; x_wconf 73' lang='grc' dir='ltr'>ἕτερον</span> <span class='ocrx_word' id='word_1_657' title='bbox 3045 4332 3239 4411; x_wconf 88' lang='grc' dir='ltr'>μόριον</span> <span class='ocrx_word' id='word_1_658' title='bbox 3295 4333 3445 4411; x_wconf 74' lang='grc' dir='ltr'>φής’</span> <span class='ocrx_word' id='word_1_659' title='bbox 3487 4332 3563 4397; x_wconf 75' lang='grc' dir='ltr'>ὡς</span> <span class='ocrx_word' id='word_1_660' title='bbox 3620 4332 3703 4393; x_wconf 80' lang='grc' dir='ltr'>ἀεὶ</span> 
     </span>
    </p>
   </div>
   <div class='ocr_carea' id='block_1_91' title="bbox 2037 4417 3699 4499">
    <p class='ocr_par' dir='ltr' id='par_1_91' title="bbox 2037 4417 3699 4499">
     <span class='ocr_line' id='line_1_91' title="bbox 2037 4417 3699 4499; baseline 0 -24"><span class='ocrx_word' id='word_1_661' title='bbox 2037 4424 2137 4475; x_wconf 77' lang='grc' dir='ltr'>τοῦ</span> <span class='ocrx_word' id='word_1_662' title='bbox 2200 4419 2294 4493; x_wconf 71' lang='grc' dir='ltr'>μὲν</span> <span class='ocrx_word' id='word_1_663' title='bbox 2352 4417 2477 4495; x_wconf 75' lang='grc' dir='ltr'><strong><em>ἐγὼ,</em></strong></span> <span class='ocrx_word' id='word_1_664' title='bbox 2530 4424 2626 4475; x_wconf 84' lang='grc' dir='ltr'>τοῦ</span> <span class='ocrx_word' id='word_1_665' title='bbox 2686 4417 2745 4476; x_wconf 74' lang='grc' dir='ltr'><strong><em>δὶ</em></strong></span> <span class='ocrx_word' id='word_1_666' title='bbox 2802 4419 2887 4491; x_wconf 73' lang='grc' dir='ltr'><strong><em>σὺ,</em></strong></span> <span class='ocrx_word' id='word_1_667' title='bbox 2946 4418 3091 4481; x_wconf 80' lang='grc' dir='ltr'>ἔστιν</span> <span class='ocrx_word' id='word_1_668' title='bbox 3124 4419 3444 4485; x_wconf 82' lang='grc' dir='ltr'>ἀκόλουθον.</span> <span class='ocrx_word' id='word_1_669' title='bbox 3480 4425 3568 4476; x_wconf 83' lang='grc' dir='ltr'>Δεῖ</span> <span class='ocrx_word' id='word_1_670' title='bbox 3598 4422 3699 4499; x_wconf 71' lang='grc' dir='ltr'><strong><em>γὰρ</em></strong></span> 
     </span>
    </p>
   </div>
   <div class='ocr_carea' id='block_1_92' title="bbox 2042 4503 3699 4581">
    <p class='ocr_par' dir='ltr' id='par_1_92' title="bbox 2042 4503 3699 4581">
     <span class='ocr_line' id='line_1_92' title="bbox 2042 4503 3699 4581; baseline 0.001 -20"><span class='ocrx_word' id='word_1_671' title='bbox 2042 4507 2124 4562; x_wconf 84' lang='grc' dir='ltr'><strong><em>τὸ.</em></strong></span> <span class='ocrx_word' id='word_1_672' title='bbox 2158 4507 2366 4581; x_wconf 84' lang='grc' dir='ltr'>κρίνον,</span> <span class='ocrx_word' id='word_1_673' title='bbox 2412 4503 2466 4561; x_wconf 67' lang='grc' dir='ltr'>ἓν</span> <span class='ocrx_word' id='word_1_674' title='bbox 2499 4506 2587 4561; x_wconf 77' lang='grc' dir='ltr'><strong><em>καὶ</em></strong></span> <span class='ocrx_word' id='word_1_675' title='bbox 2618 4508 2680 4563; x_wconf 90' lang='grc' dir='ltr'>τὸ</span> <span class='ocrx_word' id='word_1_676' title='bbox 2711 4506 2841 4562; x_wconf 80' lang='grc' dir='ltr'>αὐτὸ</span> <span class='ocrx_word' id='word_1_677' title='bbox 2891 4508 3046 4576; x_wconf 80' lang='grc' dir='ltr'>εἶναι,</span> <span class='ocrx_word' id='word_1_678' title='bbox 3078 4507 3167 4563; x_wconf 78' lang='grc' dir='ltr'><strong><em>καὶ</em></strong></span> <span class='ocrx_word' id='word_1_679' title='bbox 3197 4506 3333 4563; x_wconf 75' lang='grc' dir='ltr'>κατὰ</span> <span class='ocrx_word' id='word_1_680' title='bbox 3360 4506 3425 4565; x_wconf 80' lang='grc' dir='ltr'>τὸ</span> <span class='ocrx_word' id='word_1_681' title='bbox 3466 4506 3597 4565; x_wconf 79' lang='grc' dir='ltr'>αὐτὸ</span> <span class='ocrx_word' id='word_1_682' title='bbox 3636 4506 3699 4563; x_wconf 83' lang='grc' dir='ltr'>τὸ</span> 
     </span>
    </p>
   </div>
   <div class='ocr_carea' id='block_1_93' title="bbox 279 4590 1923 4674">
    <p class='ocr_par' dir='ltr' id='par_1_93' title="bbox 279 4598 1923 4673">
     <span class='ocr_line' id='line_1_93' title="bbox 279 4598 1923 4673; baseline 0.002 -24"><span class='ocrx_word' id='word_1_683' title='bbox 279 4609 514 4669; x_wconf 86' lang='lat' dir='ltr'><strong><em>semper</em></strong></span> <span class='ocrx_word' id='word_1_684' title='bbox 543 4611 673 4651; x_wconf 86' lang='lat' dir='ltr'><strong><em>esse</em></strong></span> <span class='ocrx_word' id='word_1_685' title='bbox 702 4598 986 4673; x_wconf 75' lang='lat' dir='ltr'><strong><em>[oportet,</em></strong></span> <span class='ocrx_word' id='word_1_686' title='bbox 1044 4603 1101 4653; x_wconf 86' lang='lat' dir='ltr'><strong><em>et</em></strong></span> <span class='ocrx_word' id='word_1_687' title='bbox 1157 4600 1483 4654; x_wconf 89' lang='lat' dir='ltr'><strong><em>secundum</em></strong></span> <span class='ocrx_word' id='word_1_688' title='bbox 1549 4600 1701 4655; x_wconf 82' lang='lat' dir='ltr'><strong><em>idem</em></strong></span> <span class='ocrx_word' id='word_1_689' title='bbox 1750 4599 1923 4673; x_wconf 73' lang='lat' dir='ltr'><strong><em>accipi</em></strong></span> 
     </span>
    </p>
   </div>
   <div class='ocr_carea' id='block_1_94' title="bbox 2036 4590 3700 4674">
    <p class='ocr_par' dir='ltr' id='par_1_94' title="bbox 2042 4590 3700 4674">
     <span class='ocr_line' id='line_1_94' title="bbox 2042 4590 3700 4674; baseline 0.001 -24"><span class='ocrx_word' id='word_1_690' title='bbox 2042 4595 2363 4671; x_wconf 82' lang='grc' dir='ltr'>κρινόμενον</span> <span class='ocrx_word' id='word_1_691' title='bbox 2421 4590 2923 4674; x_wconf 74' lang='grc' dir='ltr'>προλαμϐάνεσθαι.</span> <span class='ocrx_word' id='word_1_692' title='bbox 2988 4602 3162 4671; x_wconf 80' lang='grc' dir='ltr'>Σῶμα</span> <span class='ocrx_word' id='word_1_693' title='bbox 3214 4594 3272 4652; x_wconf 73' lang='grc' dir='ltr'><strong><em>δὲ</em></strong></span> <span class='ocrx_word' id='word_1_694' title='bbox 3336 4596 3388 4653; x_wconf 68' lang='grc' dir='ltr'>ἒν</span> <span class='ocrx_word' id='word_1_695' title='bbox 3431 4601 3512 4670; x_wconf 78' lang='grc' dir='ltr'>τῷ</span> <span class='ocrx_word' id='word_1_696' title='bbox 3551 4594 3700 4671; x_wconf 75' lang='grc' dir='ltr'>αὐτῷ</span> 
     </span>
    </p>
   </div>
   <div class='ocr_carea' id='block_1_95' title="bbox 283 4670 1923 4763">
    <p class='ocr_par' dir='ltr' id='par_1_95' title="bbox 283 4670 1923 4763">
     <span class='ocr_line' id='line_1_95' title="bbox 283 4670 1923 4763; baseline 0.005 -26"><span class='ocrx_word' id='word_1_697' title='bbox 283 4683 441 4755; x_wconf 83' lang='lat' dir='ltr'><strong><em>quod</em></strong></span> <span class='ocrx_word' id='word_1_698' title='bbox 467 4670 790 4763; x_wconf 44' lang='lat' dir='ltr'><strong><em>judicatur,</em></strong></span> <span class='ocrx_word' id='word_1_699' title='bbox 818 4687 1042 4760; x_wconf 87' lang='lat' dir='ltr'><strong><em>Corpus</em></strong></span> <span class='ocrx_word' id='word_1_700' title='bbox 1060 4690 1273 4756; x_wconf 59' lang='lat' dir='ltr'><strong><em>:autem</em></strong></span> <span class='ocrx_word' id='word_1_701' title='bbox 1306 4688 1364 4743; x_wconf 89' lang='lat' dir='ltr'><strong><em>in</em></strong></span> <span class='ocrx_word' id='word_1_702' title='bbox 1388 4689 1611 4761; x_wconf 60' lang='lat' dir='ltr'><strong><em>;eodem</em></strong></span> <span class='ocrx_word' id='word_1_703' title='bbox 1672 4670 1923 4762; x_wconf 68' lang='lat' dir='ltr'><strong><em>tempore</em></strong></span> 
     </span>
    </p>
   </div>
   <div class='ocr_carea' id='block_1_96' title="bbox 2036 4670 3697 4763">
    <p class='ocr_par' dir='ltr' id='par_1_96' title="bbox 2045 4670 3697 4763">
     <span class='ocr_line' id='line_1_96' title="bbox 2045 4670 3697 4763; baseline 0.002 -24"><span class='ocrx_word' id='word_1_704' title='bbox 2045 4670 2251 4761; x_wconf 75' lang='grc' dir='ltr'>χρόνῳ,</span> <span class='ocrx_word' id='word_1_705' title='bbox 2304 4686 2393 4740; x_wconf 81' lang='grc' dir='ltr'><strong><em>καὶ</em></strong></span> <span class='ocrx_word' id='word_1_706' title='bbox 2442 4670 2668 4741; x_wconf 74' lang='grc' dir='ltr'>κατὰτὸ</span> <span class='ocrx_word' id='word_1_707' title='bbox 2718 4685 2847 4741; x_wconf 83' lang='grc' dir='ltr'>αὐτὸ</span> <span class='ocrx_word' id='word_1_708' title='bbox 2895 4686 3110 4763; x_wconf 68' lang='grc' dir='ltr'>μόριον,</span> <span class='ocrx_word' id='word_1_709' title='bbox 3160 4680 3530 4762; x_wconf 77' lang='grc' dir='ltr'>προσϐάλλειν</span> <span class='ocrx_word' id='word_1_710' title='bbox 3580 4670 3697 4759; x_wconf 73' lang='grc' dir='ltr'>τοῖς</span> 
     </span>
    </p>
   </div>
   <div class='ocr_carea' id='block_1_97' title="bbox 284 4775 1931 4850">
    <p class='ocr_par' dir='ltr' id='par_1_97' title="bbox 284 4775 1931 4850">
     <span class='ocr_line' id='line_1_97' title="bbox 284 4775 1931 4850; baseline 0.004 -23"><span class='ocrx_word' id='word_1_711' title='bbox 284 4776 342 4828; x_wconf 86' lang='lat' dir='ltr'><strong><em>et</em></strong></span> <span class='ocrx_word' id='word_1_712' title='bbox 370 4775 697 4831; x_wconf 88' lang='lat' dir='ltr'><strong><em>secundum</em></strong></span> <span class='ocrx_word' id='word_1_713' title='bbox 727 4775 993 4833; x_wconf 74' lang='lat' dir='ltr'><strong><em>eamdem</em></strong></span> <span class='ocrx_word' id='word_1_714' title='bbox 1030 4782 1251 4850; x_wconf 87' lang='lat' dir='ltr'><strong><em>partem</em></strong></span> <span class='ocrx_word' id='word_1_715' title='bbox 1287 4794 1458 4849; x_wconf 81' lang='lat' dir='ltr'><strong><em>agere</em></strong></span> <span class='ocrx_word' id='word_1_716' title='bbox 1509 4778 1566 4832; x_wconf 91' lang='lat' dir='ltr'><strong><em>in</em></strong></span> <span class='ocrx_word' id='word_1_717' title='bbox 1592 4780 1931 4847; x_wconf 80' lang='lat' dir='ltr'><strong><em>contraria,</em></strong></span> 
     </span>
    </p>
   </div>
   <div class='ocr_carea' id='block_1_98' title="bbox 285 4862 1931 4941">
    <p class='ocr_par' dir='ltr' id='par_1_98' title="bbox 285 4862 1931 4941">
     <span class='ocr_line' id='line_1_98' title="bbox 285 4862 1931 4941; baseline 0.003 -24"><span class='ocrx_word' id='word_1_718' title='bbox 285 4863 376 4921; x_wconf 82' lang='lat' dir='ltr'><strong><em>vel</em></strong></span> <span class='ocrx_word' id='word_1_719' title='bbox 407 4862 465 4917; x_wconf 89' lang='lat' dir='ltr'><strong><em>in</em></strong></span> <span class='ocrx_word' id='word_1_720' title='bbox 489 4863 603 4925; x_wconf 85' lang='lat' dir='ltr'><strong><em>alia</em></strong></span> <span class='ocrx_word' id='word_1_721' title='bbox 626 4863 996 4941; x_wconf 84' lang='lat' dir='ltr'><strong><em>simpliciter,</em></strong></span> <span class='ocrx_word' id='word_1_722' title='bbox 1030 4883 1145 4921; x_wconf 88' lang='lat' dir='ltr'><strong><em>non</em></strong></span> <span class='ocrx_word' id='word_1_723' title='bbox 1180 4871 1367 4939; x_wconf 73' lang='lat' dir='ltr'><strong><em>potest</em></strong></span> <span class='ocrx_word' id='word_1_724' title='bbox 1402 4885 1441 4935; x_wconf 76' lang='lat'><strong><em>;-</em></strong></span> <span class='ocrx_word' id='word_1_725' title='bbox 1465 4885 1676 4924; x_wconf 88' lang='lat' dir='ltr'><strong><em>sensus</em></strong></span> <span class='ocrx_word' id='word_1_726' title='bbox 1734 4873 1931 4924; x_wconf 89' lang='lat' dir='ltr'><strong><em>autem</em></strong></span> 
     </span>
    </p>
   </div>
   <div class='ocr_carea' id='block_1_99' title="bbox 283 4953 1933 5028">
    <p class='ocr_par' dir='ltr' id='par_1_99' title="bbox 283 4953 1933 5028">
     <span class='ocr_line' id='line_1_99' title="bbox 283 4953 1933 5028; baseline 0.004 -22"><span class='ocrx_word' id='word_1_727' title='bbox 283 4953 488 5008; x_wconf 87' lang='lat' dir='ltr'><strong><em>eodem</em></strong></span> <span class='ocrx_word' id='word_1_728' title='bbox 511 4957 771 5025; x_wconf 89' lang='lat' dir='ltr'><strong><em>tempore</em></strong></span> <span class='ocrx_word' id='word_1_729' title='bbox 801 4954 859 5009; x_wconf 90' lang='lat' dir='ltr'><strong><em>in</em></strong></span> <span class='ocrx_word' id='word_1_730' title='bbox 884 4954 1081 5010; x_wconf 90' lang='lat' dir='ltr'><strong><em>album</em></strong></span> <span class='ocrx_word' id='word_1_731' title='bbox 1107 4964 1158 5011; x_wconf 88' lang='lat' dir='ltr'><strong><em>et</em></strong></span> <span class='ocrx_word' id='word_1_732' title='bbox 1195 4957 1429 5027; x_wconf 86' lang='lat' dir='ltr'><strong><em>nigrum</em></strong></span> <span class='ocrx_word' id='word_1_733' title='bbox 1464 4958 1582 5028; x_wconf 72' lang='lat' dir='ltr'><strong><em>agﬁt</em></strong></span> <span class='ocrx_word' id='word_1_734' title='bbox 1612 4974 1625 5023; x_wconf 92' lang='lat'><strong>;</strong></span> <span class='ocrx_word' id='word_1_735' title='bbox 1683 4956 1933 5013; x_wconf 88' lang='lat' dir='ltr'><strong><em>indivise</em></strong></span> 
     </span>
    </p>
   </div>
   <div class='ocr_carea' id='block_1_100' title="bbox 280 5041 1931 5117">
    <p class='ocr_par' dir='ltr' id='par_1_100' title="bbox 280 5041 1931 5117">
     <span class='ocr_line' id='line_1_100' title="bbox 280 5041 1931 5117; baseline 0.004 -22"><span class='ocrx_word' id='word_1_736' title='bbox 280 5041 662 5117; x_wconf 83' lang='lat' dir='ltr'><strong><em>igitur,atque</em></strong></span> <span class='ocrx_word' id='word_1_737' title='bbox 687 5043 831 5097; x_wconf 88' lang='lat' dir='ltr'><strong><em>adeo</em></strong></span> <span class='ocrx_word' id='word_1_738' title='bbox 863 5044 991 5098; x_wconf 89' lang='lat' dir='ltr'><strong><em>sine</em></strong></span> <span class='ocrx_word' id='word_1_739' title='bbox 1021 5061 1261 5116; x_wconf 81' lang='lat' dir='ltr'><strong><em>corpore</em></strong></span> <span class='ocrx_word' id='word_1_740' title='bbox 1293 5050 1402 5100; x_wconf 87' lang='lat' dir='ltr'><strong><em>est.</em></strong></span> <span class='ocrx_word' id='word_1_741' title='bbox 1427 5045 1484 5099; x_wconf 86' lang='lat' dir='ltr'><strong><em>Si</em></strong></span> <span class='ocrx_word' id='word_1_742' title='bbox 1525 5046 1684 5102; x_wconf 89' lang='lat' dir='ltr'><strong><em>enim</em></strong></span> <span class='ocrx_word' id='word_1_743' title='bbox 1722 5063 1931 5101; x_wconf 86' lang='lat' dir='ltr'><strong><em>secun-</em></strong></span> 
     </span>
    </p>
   </div>
   <div class='ocr_carea' id='block_1_101' title="bbox 279 5130 1930 5206">
    <p class='ocr_par' dir='ltr' id='par_1_101' title="bbox 279 5130 1930 5206">
     <span class='ocr_line' id='line_1_101' title="bbox 279 5130 1930 5206; baseline 0.006 -23"><span class='ocrx_word' id='word_1_744' title='bbox 279 5130 422 5184; x_wconf 90' lang='lat' dir='ltr'><strong><em>dum</em></strong></span> <span class='ocrx_word' id='word_1_745' title='bbox 448 5130 621 5185; x_wconf 88' lang='lat' dir='ltr'><strong><em>aliam</em></strong></span> <span class='ocrx_word' id='word_1_746' title='bbox 658 5136 716 5187; x_wconf 91' lang='lat' dir='ltr'><strong><em>et</em></strong></span> <span class='ocrx_word' id='word_1_747' title='bbox 737 5131 911 5188; x_wconf 86' lang='lat' dir='ltr'><strong><em>aliam</em></strong></span> <span class='ocrx_word' id='word_1_748' title='bbox 946 5134 1037 5188; x_wconf 85' lang='lat' dir='ltr'><strong><em>sui</em></strong></span> <span class='ocrx_word' id='word_1_749' title='bbox 1071 5138 1290 5204; x_wconf 83' lang='lat' dir='ltr'><strong><em>partem</em></strong></span> <span class='ocrx_word' id='word_1_750' title='bbox 1326 5134 1559 5206; x_wconf 81' lang='lat' dir='ltr'><strong><em>nigrum</em></strong></span> <span class='ocrx_word' id='word_1_751' title='bbox 1610 5139 1668 5190; x_wconf 88' lang='lat' dir='ltr'><strong><em>et</em></strong></span> <span class='ocrx_word' id='word_1_752' title='bbox 1730 5136 1930 5193; x_wconf 86' lang='lat' dir='ltr'><strong><em>album</em></strong></span> 
     </span>
    </p>
   </div>
   <div class='ocr_carea' id='block_1_102' title="bbox 282 5217 1931 5295">
    <p class='ocr_par' dir='ltr' id='par_1_102' title="bbox 282 5217 1931 5295">
     <span class='ocr_line' id='line_1_102' title="bbox 282 5217 1931 5295; baseline 0.006 -25"><span class='ocrx_word' id='word_1_753' title='bbox 282 5217 659 5288; x_wconf 81' lang='lat' dir='ltr'><strong><em>suscepisset,</em></strong></span> <span class='ocrx_word' id='word_1_754' title='bbox 712 5237 1017 5293; x_wconf 81' lang='lat' dir='ltr'><strong><em>nunquam</em></strong></span> <span class='ocrx_word' id='word_1_755' title='bbox 1078 5223 1307 5295; x_wconf 86' lang='lat' dir='ltr'><strong><em>anigro</em></strong></span> <span class='ocrx_word' id='word_1_756' title='bbox 1368 5223 1565 5279; x_wconf 89' lang='lat' dir='ltr'><strong><em>album</em></strong></span> <span class='ocrx_word' id='word_1_757' title='bbox 1629 5241 1931 5281; x_wconf 83' lang='lat' dir='ltr'><strong><em>secernere</em></strong></span> 
     </span>
    </p>
   </div>
   <div class='ocr_carea' id='block_1_103' title="bbox 282 5305 1930 5384">
    <p class='ocr_par' dir='ltr' id='par_1_103' title="bbox 282 5305 1930 5384">
     <span class='ocr_line' id='line_1_103' title="bbox 282 5305 1930 5384; baseline 0.007 -25"><span class='ocrx_word' id='word_1_758' title='bbox 282 5305 569 5374; x_wconf 85' lang='lat' dir='ltr'><strong><em>potuisset</em></strong></span> <span class='ocrx_word' id='word_1_759' title='bbox 602 5326 614 5363; x_wconf 94' lang='lat'>:</span> <span class='ocrx_word' id='word_1_760' title='bbox 647 5324 838 5382; x_wconf 89' lang='lat' dir='ltr'><strong><em>neque</em></strong></span> <span class='ocrx_word' id='word_1_761' title='bbox 867 5310 1022 5367; x_wconf 88' lang='lat' dir='ltr'><strong><em>enim</em></strong></span> <span class='ocrx_word' id='word_1_762' title='bbox 1049 5317 1319 5380; x_wconf 88' lang='lat' dir='ltr'><strong><em>secernit,</em></strong></span> <span class='ocrx_word' id='word_1_763' title='bbox 1345 5314 1498 5384; x_wconf 88' lang='lat' dir='ltr'><strong><em>quod</em></strong></span> <span class='ocrx_word' id='word_1_764' title='bbox 1548 5330 1578 5369; x_wconf 88' lang='lat' dir='ltr'><strong><em>a</em></strong></span> <span class='ocrx_word' id='word_1_765' title='bbox 1620 5330 1681 5370; x_wconf 89' lang='lat' dir='ltr'><strong><em>se</em></strong></span> <span class='ocrx_word' id='word_1_766' title='bbox 1740 5314 1930 5370; x_wconf 84' lang='lat' dir='ltr'><strong><em>visum</em></strong></span> 
     </span>
    </p>
   </div>
   <div class='ocr_carea' id='block_1_104' title="bbox 281 5394 1067 5471">
    <p class='ocr_par' dir='ltr' id='par_1_104' title="bbox 281 5394 1067 5471">
     <span class='ocr_line' id='line_1_104' title="bbox 281 5394 1067 5471; baseline 0.006 -22"><span class='ocrx_word' id='word_1_767' title='bbox 281 5397 389 5464; x_wconf 89' lang='lat' dir='ltr'><strong><em>est,</em></strong></span> <span class='ocrx_word' id='word_1_768' title='bbox 423 5394 495 5449; x_wconf 89' lang='lat' dir='ltr'><strong><em>ab</em></strong></span> <span class='ocrx_word' id='word_1_769' title='bbox 517 5411 603 5461; x_wconf 87' lang='lat' dir='ltr'><strong><em>eo,</em></strong></span> <span class='ocrx_word' id='word_1_770' title='bbox 636 5400 791 5471; x_wconf 90' lang='lat' dir='ltr'><strong><em>quod</em></strong></span> <span class='ocrx_word' id='word_1_771' title='bbox 826 5399 899 5455; x_wconf 89' lang='lat' dir='ltr'><strong><em>ab</em></strong></span> <span class='ocrx_word' id='word_1_772' title='bbox 930 5400 1067 5456; x_wconf 87' lang='lat' dir='ltr'><strong><em>alio.</em></strong></span> 
     </span>
    </p>
   </div>
   <div class='ocr_carea' id='block_1_105' title="bbox 355 5590 1930 5671">
    <p class='ocr_par' dir='ltr' id='par_1_105' title="bbox 355 5590 1930 5671">
     <span class='ocr_line' id='line_1_105' title="bbox 355 5590 1930 5671; baseline 0.003 -22"><span class='ocrx_word' id='word_1_773' title='bbox 355 5590 660 5655; x_wconf 76' lang='lat' dir='ltr'><strong><em>Enimvero</em></strong></span> <span class='ocrx_word' id='word_1_774' title='bbox 698 5596 758 5649; x_wconf 90' lang='lat' dir='ltr'><strong><em>et</em></strong></span> <span class='ocrx_word' id='word_1_775' title='bbox 812 5592 1187 5665; x_wconf 79' lang='lat' dir='ltr'><strong><em>phantasiam</em></strong></span> <span class='ocrx_word' id='word_1_776' title='bbox 1248 5597 1376 5655; x_wconf 88' lang='lat' dir='ltr'><strong><em>sine</em></strong></span> <span class='ocrx_word' id='word_1_777' title='bbox 1443 5614 1681 5671; x_wconf 84' lang='lat' dir='ltr'><strong><em>corpore</em></strong></span> <span class='ocrx_word' id='word_1_778' title='bbox 1729 5603 1786 5659; x_wconf 86' lang='lat' dir='ltr'><strong><em>et</em></strong></span> <span class='ocrx_word' id='word_1_779' title='bbox 1844 5599 1930 5654; x_wconf 83' lang='lat' dir='ltr'><strong><em>in-</em></strong></span> 
     </span>
    </p>
   </div>
   <div class='ocr_carea' id='block_1_106' title="bbox 284 5677 1930 5761">
    <p class='ocr_par' dir='ltr' id='par_1_106' title="bbox 284 5677 1930 5761">
     <span class='ocr_line' id='line_1_106' title="bbox 284 5677 1930 5761; baseline 0.009 -29"><span class='ocrx_word' id='word_1_780' title='bbox 284 5677 533 5745; x_wconf 78' lang='lat' dir='ltr'><strong><em>divisam</em></strong></span> <span class='ocrx_word' id='word_1_781' title='bbox 591 5695 719 5745; x_wconf 83' lang='lat' dir='ltr'><strong><em>esse</em></strong></span> <span class='ocrx_word' id='word_1_782' title='bbox 773 5699 841 5739; x_wconf 85' lang='lat' dir='ltr'><strong><em>ex</em></strong></span> <span class='ocrx_word' id='word_1_783' title='bbox 888 5699 954 5738; x_wconf 92' lang='lat' dir='ltr'><strong><em>eo</em></strong></span> <span class='ocrx_word' id='word_1_784' title='bbox 1015 5684 1239 5743; x_wconf 86' lang='lat' dir='ltr'><strong><em>clarum</em></strong></span> <span class='ocrx_word' id='word_1_785' title='bbox 1327 5691 1436 5759; x_wconf 85' lang='lat' dir='ltr'><strong><em>est,</em></strong></span> <span class='ocrx_word' id='word_1_786' title='bbox 1504 5687 1655 5759; x_wconf 78' lang='lat' dir='ltr'><strong><em>quod</em></strong></span> <span class='ocrx_word' id='word_1_787' title='bbox 1737 5694 1930 5761; x_wconf 86' lang='lat' dir='ltr'><strong><em>poste-</em></strong></span> 
     </span>
    </p>
   </div>
   <div class='ocr_carea' id='block_1_107' title="bbox 283 5766 1927 5851">
    <p class='ocr_par' dir='ltr' id='par_1_107' title="bbox 283 5766 1927 5851">
     <span class='ocr_line' id='line_1_107' title="bbox 283 5766 1927 5851; baseline 0.009 -31"><span class='ocrx_word' id='word_1_788' title='bbox 283 5766 468 5830; x_wconf 76' lang='lat' dir='ltr'><strong><em>riores</em></strong></span> <span class='ocrx_word' id='word_1_789' title='bbox 542 5768 785 5842; x_wconf 72' lang='lat' dir='ltr'><strong><em>Species,</em></strong></span> <span class='ocrx_word' id='word_1_790' title='bbox 868 5772 1200 5843; x_wconf 79' lang='lat' dir='ltr'><strong><em>superiores</em></strong></span> <span class='ocrx_word' id='word_1_791' title='bbox 1255 5792 1368 5833; x_wconf 90' lang='lat' dir='ltr'><strong><em>non</em></strong></span> <span class='ocrx_word' id='word_1_792' title='bbox 1450 5776 1665 5844; x_wconf 83' lang='lat' dir='ltr'><strong><em>delent,</em></strong></span> <span class='ocrx_word' id='word_1_793' title='bbox 1749 5779 1927 5851; x_wconf 82' lang='lat' dir='ltr'><strong><em>quod,</em></strong></span> 
     </span>
    </p>
   </div>
   <div class='ocr_carea' id='block_1_108' title="bbox 2044 4772 3705 4850">
    <p class='ocr_par' dir='ltr' id='par_1_108' title="bbox 2044 4772 3705 4850">
     <span class='ocr_line' id='line_1_108' title="bbox 2044 4772 3705 4850; baseline 0.001 -20"><span class='ocrx_word' id='word_1_794' title='bbox 2044 4775 2303 4836; x_wconf 81' lang='grc' dir='ltr'>ἐναντίοις</span> <span class='ocrx_word' id='word_1_795' title='bbox 2335 4774 2370 4844; x_wconf 72' lang='grc' dir='ltr'><strong>ἢ</strong></span> <span class='ocrx_word' id='word_1_796' title='bbox 2405 4774 2595 4838; x_wconf 83' lang='grc' dir='ltr'>ἀπ)ὧς</span> <span class='ocrx_word' id='word_1_797' title='bbox 2640 4780 2759 4840; x_wconf 91' lang='grc' dir='ltr'>τοῖς</span> <span class='ocrx_word' id='word_1_798' title='bbox 2818 4774 3045 4850; x_wconf 77' lang='grc' dir='ltr'><strong><em>ὲτὲροις²</em></strong></span> <span class='ocrx_word' id='word_1_799' title='bbox 3095 4775 3162 4831; x_wconf 76' lang='grc' dir='ltr'>οὐ</span> <span class='ocrx_word' id='word_1_800' title='bbox 3222 4773 3465 4833; x_wconf 78' lang='grc' dir='ltr'>δύναται.</span> <span class='ocrx_word' id='word_1_801' title='bbox 3524 4775 3585 4832; x_wconf 82' lang='grc' dir='ltr'><strong>Ἦ</strong></span> <span class='ocrx_word' id='word_1_802' title='bbox 3648 4772 3705 4831; x_wconf 75' lang='grc' dir='ltr'><strong><em>δὲ</em></strong></span> 
     </span>
    </p>
   </div>
   <div class='ocr_carea' id='block_1_109' title="bbox 2042 4857 3700 4941">
    <p class='ocr_par' dir='ltr' id='par_1_109' title="bbox 2042 4857 3700 4941">
     <span class='ocr_line' id='line_1_109' title="bbox 2042 4857 3700 4941; baseline -0.002 -22"><span class='ocrx_word' id='word_1_803' title='bbox 2042 4860 2293 4935; x_wconf 64' lang='grc' dir='ltr'>αἴσθησις</span> <span class='ocrx_word' id='word_1_804' title='bbox 2342 4864 2477 4919; x_wconf 77' lang='grc' dir='ltr'>κατὰ</span> <span class='ocrx_word' id='word_1_805' title='bbox 2500 4865 2591 4919; x_wconf 85' lang='grc' dir='ltr'>τὸν</span> <span class='ocrx_word' id='word_1_806' title='bbox 2625 4863 2787 4921; x_wconf 81' lang='grc' dir='ltr'>αὐτὸν</span> <span class='ocrx_word' id='word_1_807' title='bbox 2815 4865 3018 4941; x_wconf 82' lang='grc' dir='ltr'>χρόνον</span> <span class='ocrx_word' id='word_1_808' title='bbox 3059 4857 3404 4940; x_wconf 75' lang='grc' dir='ltr'>προσϐάλλει</span> <span class='ocrx_word' id='word_1_809' title='bbox 3454 4867 3535 4936; x_wconf 80' lang='grc' dir='ltr'><strong><em>τῷ</em></strong></span> <span class='ocrx_word' id='word_1_810' title='bbox 3582 4879 3700 4919; x_wconf 80' lang='grc' dir='ltr'>Λευ-</span> 
     </span>
    </p>
   </div>
   <div class='ocr_carea' id='block_1_110' title="bbox 2040 4948 3694 5031">
    <p class='ocr_par' dir='ltr' id='par_1_110' title="bbox 2040 4948 3694 5031">
     <span class='ocr_line' id='line_1_110' title="bbox 2040 4948 3694 5031; baseline -0.001 -23"><span class='ocrx_word' id='word_1_811' title='bbox 2040 4957 2122 5025; x_wconf 78' lang='grc' dir='ltr'><strong><em>κῷ</em></strong></span> <span class='ocrx_word' id='word_1_812' title='bbox 2179 4952 2271 5009; x_wconf 85' lang='grc' dir='ltr'><strong><em>καὶ</em></strong></span> <span class='ocrx_word' id='word_1_813' title='bbox 2317 4957 2397 5025; x_wconf 82' lang='grc' dir='ltr'>τῷ</span> <span class='ocrx_word' id='word_1_814' title='bbox 2452 4952 2679 5026; x_wconf 65' lang='grc' dir='ltr'>μέλανι.</span> <span class='ocrx_word' id='word_1_815' title='bbox 2728 4955 2979 5031; x_wconf 83' lang='grc' dir='ltr'>’Δμερῶς</span> <span class='ocrx_word' id='word_1_816' title='bbox 3030 4952 3133 5029; x_wconf 74' lang='grc' dir='ltr'>ἄρα</span> <span class='ocrx_word' id='word_1_817' title='bbox 3186 4948 3554 5031; x_wconf 78' lang='grc' dir='ltr'>προσϐάλλει,</span> <span class='ocrx_word' id='word_1_818' title='bbox 3606 4952 3694 5007; x_wconf 86' lang='grc' dir='ltr'><strong><em>καὶ</em></strong></span> 
     </span>
    </p>
   </div>
   <div class='ocr_carea' id='block_1_111' title="bbox 2042 5037 3697 5121">
    <p class='ocr_par' dir='ltr' id='par_1_111' title="bbox 2042 5037 3697 5121">
     <span class='ocr_line' id='line_1_111' title="bbox 2042 5037 3697 5121; baseline -0.001 -24"><span class='ocrx_word' id='word_1_819' title='bbox 2042 5040 2133 5097; x_wconf 74' lang='grc' dir='ltr'><strong><em>διὰ</em></strong></span> <span class='ocrx_word' id='word_1_820' title='bbox 2155 5046 2317 5098; x_wconf 77' lang='grc' dir='ltr'>τοῦτο</span> <span class='ocrx_word' id='word_1_821' title='bbox 2375 5043 2685 5115; x_wconf 82' lang='grc' dir='ltr'>ἀσώματος.</span> <span class='ocrx_word' id='word_1_822' title='bbox 2745 5041 2809 5099; x_wconf 78' lang='grc' dir='ltr'><strong><em>Εἰ</em></strong></span> <span class='ocrx_word' id='word_1_823' title='bbox 2866 5042 2968 5121; x_wconf 73' lang='grc' dir='ltr'>γὰρ</span> <span class='ocrx_word' id='word_1_824' title='bbox 3008 5043 3126 5097; x_wconf 80' lang='grc' dir='ltr'>καθ’</span> <span class='ocrx_word' id='word_1_825' title='bbox 3169 5037 3350 5121; x_wconf 72' lang='grc' dir='ltr'>ἕτερον</span> <span class='ocrx_word' id='word_1_826' title='bbox 3383 5042 3472 5097; x_wconf 85' lang='grc' dir='ltr'><strong><em>καὶ</em></strong></span> <span class='ocrx_word' id='word_1_827' title='bbox 3515 5038 3697 5119; x_wconf 66' lang='grc' dir='ltr'>ἕτερον</span> 
     </span>
    </p>
   </div>
   <div class='ocr_carea' id='block_1_112' title="bbox 2045 5125 3702 5205">
    <p class='ocr_par' dir='ltr' id='par_1_112' title="bbox 2045 5125 3702 5205">
     <span class='ocr_line' id='line_1_112' title="bbox 2045 5125 3702 5205; baseline 0.001 -21"><span class='ocrx_word' id='word_1_828' title='bbox 2045 5131 2257 5205; x_wconf 78' lang='grc' dir='ltr'>μόριον,</span> <span class='ocrx_word' id='word_1_829' title='bbox 2315 5134 2413 5184; x_wconf 75' lang='grc' dir='ltr'><strong><em>τοῦ</em></strong></span> <span class='ocrx_word' id='word_1_830' title='bbox 2469 5128 2702 5202; x_wconf 74' lang='grc' dir='ltr'>μέλανος</span> <span class='ocrx_word' id='word_1_831' title='bbox 2749 5130 2838 5184; x_wconf 86' lang='grc' dir='ltr'><strong><em>καὶ</em></strong></span> <span class='ocrx_word' id='word_1_832' title='bbox 2895 5134 2992 5185; x_wconf 80' lang='grc' dir='ltr'><strong><em>τοῦ</em></strong></span> <span class='ocrx_word' id='word_1_833' title='bbox 3053 5129 3250 5186; x_wconf 74' lang='grc' dir='ltr'>λευκοῦ</span> <span class='ocrx_word' id='word_1_834' title='bbox 3307 5125 3702 5205; x_wconf 76' lang='grc' dir='ltr'>ἀντελάμὸανε,</span> 
     </span>
    </p>
   </div>
   <div class='ocr_carea' id='block_1_113' title="bbox 2043 5216 3704 5297">
    <p class='ocr_par' dir='ltr' id='par_1_113' title="bbox 2043 5216 3704 5297">
     <span class='ocr_line' id='line_1_113' title="bbox 2043 5216 3704 5297; baseline 0 -22"><span class='ocrx_word' id='word_1_835' title='bbox 2043 5219 2142 5275; x_wconf 78' lang='grc' dir='ltr'>οὐκ</span> <span class='ocrx_word' id='word_1_836' title='bbox 2206 5218 2269 5273; x_wconf 77' lang='grc' dir='ltr'><strong><em>ἃν</em></strong></span> <span class='ocrx_word' id='word_1_837' title='bbox 2302 5217 2499 5290; x_wconf 72' lang='grc' dir='ltr'><strong><em>ἐδεήθη</em></strong></span> <span class='ocrx_word' id='word_1_838' title='bbox 2536 5216 2805 5297; x_wconf 84' lang='grc' dir='ltr'>διακρῖναι</span> <span class='ocrx_word' id='word_1_839' title='bbox 2835 5219 2897 5275; x_wconf 88' lang='grc' dir='ltr'>τὸ</span> <span class='ocrx_word' id='word_1_840' title='bbox 2929 5217 3121 5275; x_wconf 86' lang='grc' dir='ltr'>λευκὸν</span> <span class='ocrx_word' id='word_1_841' title='bbox 3150 5220 3257 5276; x_wconf 82' lang='grc' dir='ltr'><strong><em>ἀπὸ</em></strong></span> <span class='ocrx_word' id='word_1_842' title='bbox 3290 5224 3388 5275; x_wconf 77' lang='grc' dir='ltr'><strong><em>τοῦ</em></strong></span> <span class='ocrx_word' id='word_1_843' title='bbox 3443 5217 3704 5296; x_wconf 72' lang='grc' dir='ltr'>μέλανος·</span> 
     </span>
    </p>
   </div>
   <div class='ocr_carea' id='block_1_114' title="bbox 2041 5305 3698 5387">
    <p class='ocr_par' dir='ltr' id='par_1_114' title="bbox 2041 5305 3698 5387">
     <span class='ocr_line' id='line_1_114' title="bbox 2041 5305 3698 5387; baseline 0.001 -23"><span class='ocrx_word' id='word_1_844' title='bbox 2041 5306 2164 5365; x_wconf 74' lang='grc' dir='ltr'>οὔτε</span> <span class='ocrx_word' id='word_1_845' title='bbox 2194 5310 2297 5383; x_wconf 80' lang='grc' dir='ltr'><strong><em>γὰρ</em></strong></span> <span class='ocrx_word' id='word_1_846' title='bbox 2329 5305 2590 5385; x_wconf 82' lang='grc' dir='ltr'>διακρίνει</span> <span class='ocrx_word' id='word_1_847' title='bbox 2621 5309 2683 5366; x_wconf 88' lang='grc' dir='ltr'>τὸ</span> <span class='ocrx_word' id='word_1_848' title='bbox 2717 5309 2806 5366; x_wconf 84' lang='grc' dir='ltr'><strong><em>ὑπ’</em></strong></span> <span class='ocrx_word' id='word_1_849' title='bbox 2836 5308 3003 5365; x_wconf 79' lang='grc' dir='ltr'>αὐτοῦ</span> <span class='ocrx_word' id='word_1_850' title='bbox 3034 5310 3249 5387; x_wconf 75' lang='grc' dir='ltr'>ὁραθὶν,</span> <span class='ocrx_word' id='word_1_851' title='bbox 3280 5314 3377 5364; x_wconf 76' lang='grc' dir='ltr'><strong><em>τοῦ</em></strong></span> <span class='ocrx_word' id='word_1_852' title='bbox 3408 5308 3698 5387; x_wconf 67' lang='grc' dir='ltr'>ὁραθέντος</span> 
     </span>
    </p>
   </div>
   <div class='ocr_carea' id='block_1_115' title="bbox 2045 5396 2358 5455">
    <p class='ocr_par' dir='ltr' id='par_1_115' title="bbox 2045 5396 2358 5455">
     <span class='ocr_line' id='line_1_115' title="bbox 2045 5396 2358 5455; baseline -0.01 0"><span class='ocrx_word' id='word_1_853' title='bbox 2045 5401 2132 5455; x_wconf 85' lang='grc' dir='ltr'><strong><em>ὑπ’</em></strong></span> <span class='ocrx_word' id='word_1_854' title='bbox 2162 5396 2358 5453; x_wconf 79' lang='grc' dir='ltr'>ἄλλου.</span> 
     </span>
    </p>
   </div>
   <div class='ocr_carea' id='block_1_116' title="bbox 2112 5591 3701 5676">
    <p class='ocr_par' dir='ltr' id='par_1_116' title="bbox 2112 5591 3701 5676">
     <span class='ocr_line' id='line_1_116' title="bbox 2112 5591 3701 5676; baseline 0.03 -29"><span class='ocrx_word' id='word_1_855' title='bbox 2112 5599 2232 5651; x_wconf 85' lang='grc' dir='ltr'>Ὅτι</span> <span class='ocrx_word' id='word_1_856' title='bbox 2302 5591 2358 5650; x_wconf 73' lang='grc' dir='ltr'>δὲ</span> <span class='ocrx_word' id='word_1_857' title='bbox 2414 5594 2504 5651; x_wconf 83' lang='grc' dir='ltr'><strong><em>καὶ</em></strong></span> <span class='ocrx_word' id='word_1_858' title='bbox 2552 5598 2588 5667; x_wconf 79' lang='grc' dir='ltr'>ἠ</span> <span class='ocrx_word' id='word_1_859' title='bbox 2647 5594 2908 5676; x_wconf 76' lang='grc' dir='ltr'>φαντασία</span> <span class='ocrx_word' id='word_1_860' title='bbox 2967 5595 3260 5672; x_wconf 67' lang='grc' dir='ltr'><strong><em>ἀσώματος</em></strong></span> <span class='ocrx_word' id='word_1_861' title='bbox 3315 5599 3406 5663; x_wconf 52' lang='grc' dir='ltr'>καὶ</span> <span class='ocrx_word' id='word_1_862' title='bbox 3464 5599 3701 5675; x_wconf 45' lang='lat' dir='ltr'><strong><em>imm&quot;</em></strong></span> 
     </span>
    </p>
   </div>
   <div class='ocr_carea' id='block_1_117' title="bbox 2041 5683 3696 5765">
    <p class='ocr_par' dir='ltr' id='par_1_117' title="bbox 2041 5683 3696 5765">
     <span class='ocr_line' id='line_1_117' title="bbox 2041 5683 3696 5765; baseline 0.002 -24"><span class='ocrx_word' id='word_1_863' title='bbox 2041 5684 2212 5757; x_wconf 83' lang='grc' dir='ltr'>δῆλον</span> <span class='ocrx_word' id='word_1_864' title='bbox 2242 5683 2293 5755; x_wconf 71' lang='grc' dir='ltr'><strong>ἐξ</strong></span> <span class='ocrx_word' id='word_1_865' title='bbox 2347 5684 2419 5738; x_wconf 82' lang='grc' dir='ltr'>ὧν</span> <span class='ocrx_word' id='word_1_866' title='bbox 2482 5685 2537 5740; x_wconf 71' lang='grc' dir='ltr'>οἳ</span> <span class='ocrx_word' id='word_1_867' title='bbox 2589 5683 2955 5765; x_wconf 77' lang='grc' dir='ltr'>ἐπιγινόμεεοι</span> <span class='ocrx_word' id='word_1_868' title='bbox 3012 5684 3175 5745; x_wconf 76' lang='grc' dir='ltr'>τύποι</span> <span class='ocrx_word' id='word_1_869' title='bbox 3214 5687 3319 5747; x_wconf 79' lang='grc' dir='ltr'>οὐκ</span> <span class='ocrx_word' id='word_1_870' title='bbox 3374 5688 3696 5764; x_wconf 70' lang='grc' dir='ltr'>ἀφανίζουσι</span> 
     </span>
    </p>
   </div>
   <div class='ocr_carea' id='block_1_118' title="bbox 2042 5770 3700 5855">
    <p class='ocr_par' dir='ltr' id='par_1_118' title="bbox 2042 5770 3700 5855">
     <span class='ocr_line' id='line_1_118' title="bbox 2042 5770 3700 5855; baseline 0.002 -24"><span class='ocrx_word' id='word_1_871' title='bbox 2042 5776 2169 5843; x_wconf 77' lang='grc' dir='ltr'>τοὺς</span> <span class='ocrx_word' id='word_1_872' title='bbox 2224 5770 2702 5855; x_wconf 74' lang='grc' dir='ltr'>προϋπάρχοντας·</span> <span class='ocrx_word' id='word_1_873' title='bbox 2764 5774 2896 5852; x_wconf 74' lang='grc' dir='ltr'>ὅπερ</span> <span class='ocrx_word' id='word_1_874' title='bbox 2946 5773 3054 5854; x_wconf 47' lang='grc' dir='ltr'>εἷῇε</span> <span class='ocrx_word' id='word_1_875' title='bbox 3099 5777 3165 5847; x_wconf 76' lang='grc' dir='ltr'><strong><em>ἦν</em></strong></span> <span class='ocrx_word' id='word_1_876' title='bbox 3219 5781 3398 5852; x_wconf 80' lang='grc' dir='ltr'>σῶμα,</span> <span class='ocrx_word' id='word_1_877' title='bbox 3455 5773 3700 5837; x_wconf 67' lang='grc' dir='ltr'>συνέϐαι-</span> 
     </span>
    </p>
   </div>
  </div>
