4124 6414
415 455 568 520 1445

1883 449 1981 506 DE
2027 449 2308 508 ANIMA.

3680 457 3841 522 1046

407 605 494 638 νεν
555 580 640 652 ἂν,
702 580 882 658 ὣσπερ
937 577 1026 636 ἐπὶ
1079 583 1176 636 τοῖ’)
1231 581 1428 656 κηροῦ.
1493 578 1840 656 ’Δφανίζουσι
1881 577 1984 656 γὰρ
2017 601 2044 634 ο

2185 583 2234 638 si
2291 600 2360 638 ea
2411 601 2624 658 corpus
2695 586 2922 654 fuisset,
2985 605 3125 644 sane
3183 589 3550 662 contigisset,
3627 594 3694 646 ut
3776 591 3834 646 in

413 671 787 748 ἐπιγενόμενοι
835 670 996 726 τόποι
1036 668 1162 734 τοὺς
1221 668 1696 744 προϋπάρχοντας.
1749 665 1924 726 Ἀλλὰ
1979 669 2068 724 καὶ

407 765 442 833 ἢ
477 762 678 840 φ’φτικὴ
739 760 916 836 ψυχὴ,
957 758 1078 828 ἥτις
1139 757 1441 828 αἰσθήσεώς
1493 755 1603 810 ἐστι
1657 754 2065 831 καταδεεπὲρα⁹

404 852 494 910 καὶ
525 850 662 918 αὐτή
719 849 809 908 καὶ
862 850 914 904 οἱ
967 849 1197 926 φωτικοὶ
1257 846 1418 922 λόγοι
1481 843 1778 900 δείκνυνται
1831 847 2067 922 ἐναργῶς

407 942 632 1017 ἀμερεῖς
700 935 890 1006 ὄντες,
953 937 1041 992 καὶ
1103 934 1191 992 διὰ
1236 940 1398 992 τοῦτο
1455 934 1757 1008 ἀσώματοι.
1818 935 1904 992 Ἑν
1961 937 2063 1012 γὰρ

407 1030 615 1102 ἑκάστῳ
651 1029 831 1104 μορίῳ
860 1031 956 1082 τοῦ
984 1027 1294 1103 σπέρματος
1329 1027 1379 1080 ol
1433 1023 1587 1080 αὐτοὶ
1619 1025 1844 1101 φυσικοὶ
1902 1023 2062 1100 λόγοι

407 1117 710 1194 ἀμερίστως
737 1117 893 1186 εἰσὶν,
929 1111 1109 1192 ὥσπερ
1141 1115 1232 1170 καὶ
1263 1115 1314 1170 ἐν
1342 1118 1423 1188 τῷ
1464 1113 1623 1169 παντὶ
1685 1112 1951 1188 σπέρματι
2011 1115 2062 1170 οἱ

405 1208 684 1285 θρεπτικοί
736 1207 826 1262 καὶ
859 1206 1139 1280 αὐξητικοὶ
1173 1203 1261 1260 καὶ
1309 1206 1360 1259 οἱ
1394 1202 1801 1262 διαπλαστικοί.
1856 1206 2059 1280 ’Ὠσπερ

398 1299 504 1374 γὰρ
530 1303 635 1354 πᾶν
664 1297 726 1352 τὸ
773 1291 1119 1366 καταϐληθὲν
1156 1293 1392 1368 σπέρμα,
1428 1292 1473 1347 εἰ
1532 1294 1895 1367 κατασχεθείη
1957 1294 2058 1348 ὑπὸ

395 1394 496 1456 τῆς
555 1387 790 1462 μήτρας,
823 1387 1031 1440 τὲΛειον
1065 1385 1128 1440 τὸ
1157 1389 1298 1457 ,ζῶον
1328 1381 1606 1440 ἀποτελεῖ⁴
1641 1381 1782 1438 οὕτω
1821 1379 1916 1436 κᾶν
1979 1384 2054 1454 μή

394 1476 456 1532 τὸ
489 1481 614 1546 πᾶν,
643 1474 790 1532 ἀλλὰ
822 1474 1040 1549 μόριον,
1075 1471 1227 1530 οὐδὲν
1287 1476 1448 1542 ἧττον
1483 1473 1726 1542 ποιήσει.
1778 1471 1842 1526 Εἰ
1873 1471 2054 1526 τοίνυν

399 1565 454 1621 οἷ’
501 1565 720 1645 φυσικοὶ
777 1569 876 1622 τοῦ
911 1563 1052 1634 ζώου
1087 1563 1242 1640 λόγοι
1276 1567 1434 1636 σῶμα
1463 1562 1622 1632 ἦσαν,
1655 1561 1758 1616 οὐκ
1790 1560 2054 1638 ἡρόναντο

399 1654 452 1710 ὲν
483 1654 563 1728 τῷ
593 1655 743 1726 αὐτῷ
775 1653 979 1730 μορίῳ,
1041 1653 1154 1726 ἅμα
1183 1651 1272 1708 καὶ
1305 1653 1356 1708 οἱ
1386 1659 1484 1722 τῆς
1533 1650 1798 1729 κεφαλῆς,
1862 1651 1951 1705 καὶ
2001 1651 2054 1705 οἱ

399 1742 508 1798 τῶν
559 1741 742 1800 ποδῶν
777 1742 864 1798 καὶ
914 1744 1130 1800 πάντων
1179 1745 1289 1797 τῶν
1348 1740 1580 1814 μορίων,
1639 1739 1796 1794 εἶναι.
1861 1743 1965 1794 Νῦν
1997 1737 2054 1796 δέ

401 1835 559 1906 εἶσιν,
619 1834 694 1896 ὡς
755 1832 808 1888 ἐν
866 1830 1005 1906 τῷδε
1060 1837 1140 1904 τῷ
1211 1832 1392 1906 μορίῳ
1450 1831 1666 1902 πάντες,
1713 1829 1855 1885 οὕτω
1886 1829 2051 1886 καίὶν

398 1921 558 1996 ἄλλῳ
615 1923 839 1988 πάντες·
905 1922 1216 1998 ἀμερίστως
1271 1919 1376 1994 ἄρα
1430 1919 1797 1995 ἐνυπάρχουσι
1853 1919 2049 1984 πάντες
2081 1957 2128 2024 Β

395 2011 446 2068 ἐν
507 2013 716 2085 ἑκάστῳ
749 2010 946 2088 μορίῳ·
1007 2011 1292 2086 ἀσώματοι
1349 2007 1450 2084 ἄρα
1508 2008 1629 2064 εἷσί⁸
1687 2010 1749 2064 τὸ
1778 2009 1876 2086 γὰρ
1910 2009 2043 2082 ἀμε-

392 2103 505 2179 ρὲς,
537 2101 626 2158 καὶ
686 2101 1001 2176 ἀσώματον·
1059 2102 1262 2176 Ὥσπερ
1309 2103 1438 2176 γοῦν
1471 2098 1523 2156 ἐν
1554 2103 1633 2172 τῷ
1665 2097 1782 2170 ὅλῳ
1841 2096 2046 2173 δένδρῳ

389 2191 530 2247 ἐστὶν
605 2194 640 2262 ἢ
725 2213 783 2246 τε
837 2191 1100 2267 θρεπτικὴ
1156 2189 1245 2244 καὶ
1316 2187 1577 2260 αὐξητικὴ
1631 2189 1720 2244 καὶ
1779 2190 2040 2264 γενητικὴ

389 2279 642 2356 δύναμις,
669 2279 812 2338 οὕτω
842 2282 928 2336 καὶ
963 2279 1016 2336 ἐν
1045 2283 1124 2352 τῷ
1153 2277 1359 2352 κλάδῳ,
1393 2279 1426 2349 ἢ
1456 2277 1506 2338 ὲν
1535 2283 1614 2351 τῷ
1644 2277 1915 2352 κλήματι,
1954 2279 2043 2336 καὶ

387 2374 439 2430 ἐν
469 2375 606 2450 αὐτῇ
632 2380 702 2450 τῇ
735 2371 1088 2452 κεγχραμίδι.

468 2500 623 2558 Ἀλλ’
672 2499 810 2562 θίσιυς
868 2499 1164 2576 ἀπορήσειέ
1219 2519 1325 2572 τις,
1384 2499 1546 2563 πόθεν
1580 2500 1670 2554 οὗν
1715 2501 1944 2574 τὲρατα;
1981 2499 2042 2554 οὐ

391 2581 540 2666 πάρά
585 2590 653 2646 τὰ
711 2588 762 2644 ἓν
825 2585 959 2644 ’δεῖνι
1019 2587 1337 2658 πλεονάζειν
1396 2589 1459 2643 τὸ
1515 2590 1749 2664 σπέρμα.
1785 2587 1934 2642 Διατί
1987 2587 2045 2644 al

389 2679 583 2752 πάλιν,
667 2680 710 2734 εἰ
789 2677 1136 2750 ἀποτμηθείη
1220 2683 1318 2736 τοῦ
1377 2679 1528 2733 σίτου
1589 2678 1804 2754 μόριον,
1866 2677 2043 2734 οὐκέτι

395 2769 684 2846 βλαστάνει
735 2769 796 2823 τὸ
854 2766 1098 2836 λοιπόνς
1161 2764 1304 2822 διατί
1361 2763 1418 2821 δὲ
1477 2768 1504 2822 ὁ
1563 2759 1778 2840 φλοιὸς,
1810 2768 1876 2822 οὐ
1911 2767 2044 2844 βλα-

393 2861 586 2928 στάνει,
643 2859 678 2930 ἢ
713 2857 948 2936 φύλλον.
1008 2855 1044 2928 ἤ
1101 2878 1153 2912 τι
1210 2861 1467 2926 τοιοῦτο;
1523 2856 1701 2912 καίτοι
1733 2857 1822 2914 καὶ
1878 2861 2045 2916 ταῦτα

399 2948 564 3022 μόριά
617 2947 716 3002 εἶσι
768 2951 865 3002 τοῦ
924 2943 1170 3019 δένδρου.
1231 2944 1388 3020 Λέγω
1449 2943 1538 2998 οὖν
1596 2946 1720 3020 περὶ
1781 2947 1874 3019 μὲν
1931 2951 2042 3001 τῶν

391 3038 648 3113 τεράτων,
683 3036 764 3092 ὅτι
794 3036 899 3108 ὕλη
959 3035 1100 3092 ἐστὶν
1131 3038 1167 3106 ἢ
1201 3035 1364 3092 αἰτία·
1411 3032 1596 3105 ἐπειδὴ
1632 3033 1716 3090 δεῖ
1738 3037 1826 3094 καὶ
1859 3035 2046 3106 ἐπιτη-

390 3123 669 3196 δειότητος
697 3131 798 3194 τῆς
829 3127 966 3198 ὕλης
997 3125 1132 3182 κατά
1161 3147 1218 3180 τε
1282 3126 1345 3181 τὸ
1405 3126 1574 3180 ποσὸν
1602 3129 1692 3180 καὶ
1738 3126 1800 3180 τὸ
1858 3127 2039 3184 ποιόν.

385 3216 522 3288 Ὗλη
586 3214 642 3272 δὲ
691 3221 799 3272 τῶν
859 3218 1014 3286 ζώων
1070 3217 1133 3272 τὸ
1185 3218 1522 3289 καταμήνιον
1560 3261 1573 3273 .
1639 3216 1788 3288 Αὕτή
1851 3215 1942 3271 οὖν
2005 3219 2039 3288 ἢ

2178 689 2310 728 cera
2342 675 2636 734 usuvenit.
2671 675 3028 732 Posteriores
3051 677 3204 738 enim
3249 680 3446 750 figurae
3503 679 3836 753 superiore

2177 762 2532 820 tollunt.Sed
2551 771 2606 820 et
2625 771 2902 838 vegeteris
2921 767 3252 836 anima,etsi
3269 785 3446 824 sensu
3468 769 3722 826 deterior
3735 772 3832 838 sit,

2177 853 2324 924 igsa,
2371 853 2634 924 inquam,
2662 862 2712 909 el
2747 856 3052 926 vegetandi
3099 857 3354 912 rationes
3402 857 3528 918 sine
3566 859 3833 930 partibus

2175 959 2326 1010 esse,
2361 948 2538 1014 atque
2569 944 2640 998 ob
2663 961 2790 1000 eam
2819 962 2938 1002 rem
2965 945 3316 1016 incorporea}
3340 946 3484 1002 satis
3515 953 3714 1019 aperte
3736 949 3832 1006 de-

2175 1036 2582 1088 monstrantur
2600 1035 2679 1090 :in
2700 1035 2962 1106 qualibet
2979 1035 3130 1092 enim
3156 1039 3313 1106 parte
3335 1036 3828 1106 seminis,eaadem

2174 1125 2314 1178 sunt
2353 1123 2604 1178 indiviso
2627 1123 2924 1180 naturales
2952 1124 3742 1196 rationes,quemadmodum
3767 1126 3824 1182 in

2171 1213 2292 1264 toto
2323 1211 2566 1280 semine,
2596 1210 2810 1280 alendi,
2843 1212 3093 1284 augendi
3120 1217 3177 1268 et
3199 1210 3604 1268 conformandi
3655 1213 3824 1268 ratio-

2171 1315 2296 1356 nes.
2334 1301 2406 1356 Ut
2436 1301 2592 1356 enim
2638 1317 2812 1356 omne
2871 1302 3210 1358 immissum
3267 1317 3494 1368 semen,
3555 1303 3604 1358 si
3655 1307 3820 1360 utero

2169 1390 2660 1463 comprehensum
2703 1391 2896 1458 fuerit,
2950 1392 3268 1464 perfectum
3329 1391 3547 1448 animal
3599 1392 3815 1462 efﬁcit;

2167 1479 2248 1534 ita
2275 1480 2522 1536 etsinon
2560 1483 2771 1549 totum,
2799 1482 2898 1535 sed
2943 1498 3100 1554 pars,
3136 1481 3522 1538 nihilominus
3571 1481 3816 1540 efﬁciet:

2167 1573 2225 1625 at
2254 1569 2300 1625 si
2334 1569 2631 1626 naturales
2661 1570 2974 1626 animantis
3027 1571 3285 1626 rationes
3332 1588 3546 1643 corpus
3597 1579 3814 1642 essent,

2165 1675 2280 1714 non
2313 1663 2552 1731 possent
2580 1659 2636 1714 in
2658 1660 2858 1716 eadem
2895 1664 3058 1730 parte
3080 1659 3279 1730 simul,
3309 1661 3542 1732 capitis,
3575 1663 3812 1732 pedum,

2163 1753 2220 1804 et
2249 1748 2612 1820 reliquarum
2649 1751 2902 1820 partium
2941 1749 3196 1808 rationes
3235 1750 3449 1806 insse.
3491 1750 3623 1806 Jam
3682 1768 3814 1808 vero

2163 1843 2303 1894 sunt
2325 1837 2484 1896 velut
2513 1838 2571 1894 in
2606 1838 2714 1894 hac
2739 1842 2902 1909 parte
2933 1855 3160 1910 omnes,
3213 1839 3534 1912 itidemque
3583 1840 3642 1898 in
3701 1840 3816 1898 alia

2161 1944 2366 1984 omnes
2402 1946 2415 1996 ;
2447 1928 2700 1986 indivise
2739 1928 2918 2000 igitur
2979 1928 3036 1984 in
3088 1928 3347 2000 qualibet
3397 1933 3562 2001 parte
3609 1927 3818 1988 insunt

2161 2033 2366 2074 omnes
2391 2036 2404 2074 :
2430 2034 2566 2090 ergo
2588 2017 2943 2090 incorporeas
2969 2022 3137 2074 sunt:
3159 2019 3314 2090 quod
3340 2019 3496 2074 enim
3521 2018 3813 2090 partibus,

2161 2109 2216 2164 id
2251 2113 2569 2179 etcorpore
2619 2112 2794 2164 caret.
2845 2108 3356 2172 Quemadmodum
3417 2107 3598 2180 igitur
3655 2111 3712 2162 et
3755 2107 3814 2164 in

2159 2201 2282 2254 tota
2327 2199 2554 2264 arbore,
2608 2195 2798 2264 altrix,
2851 2197 3077 2252 auctrix
3125 2203 3182 2252 et
3230 2198 3509 2270 gignendi
3563 2195 3814 2254 facultas

2156 2293 2287 2342 est.‘
2322 2287 2406 2342 sic
2437 2289 2610 2342 etiam
2649 2287 2704 2342 in
2725 2303 2909 2354 ramo,
2942 2291 2998 2341 et
3027 2287 3084 2341 in
3119 2286 3381 2358 palmite,
3433 2290 3489 2342 et
3535 2289 3590 2354 in
3655 2287 3810 2358 ipso-

2155 2378 2244 2432 fici
2281 2393 2483 2448 grano.

2227 2501 2298 2554 Et
2358 2499 2654 2570 quaesierit
2707 2500 2954 2556 fortasse
3003 2499 3322 2572 quispiam,
3391 2500 3548 2556 unde
3623 2499 3807 2572 igitur

2157 2588 2463 2646 monstra?
2489 2607 2598 2644 non
2617 2589 2772 2644 enim
2800 2590 2956 2660 quod
2982 2589 3036 2644 in
3079 2589 3269 2658 aliquo
3292 2589 3552 2645 abundet
3575 2605 3799 2656 semen.

2155 2680 2266 2734 Sed
2327 2696 2558 2749 rursus,
2611 2695 2716 2732 cur
2755 2679 2901 2732 elisa
2957 2677 3126 2750 grani
3167 2677 3454 2750 particula
3511 2678 3804 2750 reliquum

2155 2769 2366 2823 deinde
2390 2785 2504 2824 non
2540 2767 2831 2838 germinat
2857 2770 3001 2822 Pcur
3033 2771 3226 2822 autem
3251 2772 3466 2836 cortex,
3490 2767 3578 2824 vel
3602 2769 3807 2826 folium

2155 2857 2242 2912 vel
2277 2857 2578 2928 quidpiam
2633 2857 2924 2926 ejusmodi
2982 2873 3096 2912 non
3156 2857 3663 2928 germinatﬂjetsi
3719 2859 3808 2920 bis

2155 2963 2388 3018 quoque
2447 2951 2639 3017 partes
2691 2947 2812 3000 sint
2861 2946 3108 3001 arboris.
3163 2947 3240 3002 De
3291 2947 3576 3004 monstris
3613 2948 3812 3020 itaque

2155 3035 2540 3104 dico,horum
2575 3051 2808 3090 causam
2837 3051 2966 3090 esse
3027 3037 3371 3092 materiam:
3423 3035 3604 3108 hujus
3655 3037 3812 3095 enim

2154 3124 2718 3194 accommodatione,
2752 3129 2878 3178 tum
2914 3125 3290 3195 quantitati,
3331 3129 3458 3181 tum
3512 3127 3812 3199 qualitatis

2155 3231 2302 3286 opus
2326 3212 2684 3270 est.Materia
2706 3217 3304 3281 autem,menstruum
3331 3219 3422 3270 est
3442 3213 3810 3276 animalium:

386 3303 784 3378 πλεονάζουσα,
841 3306 877 3376 ἢ
912 3303 1182 3378 ἐνδέουσα,
1244 3308 1280 3377 ἢ
1313 3305 1458 3381 παρὰ
1483 3307 1640 3384 φύσιν
1669 3327 1868 3376 πεποιη
1884 3307 2041 3380 μὲνη,

2161 3305 2280 3359 hinc
2309 3305 2491 3376 igitur
2521 3303 2566 3358 si
2593 3303 2870 3370 abundel,
2903 3303 2991 3358 vel
3019 3303 3272 3370 deficiat,
3305 3303 3393 3358 vel
3439 3307 3646 3372 prter
3701 3321 3814 3366 ua-

391 3399 498 3450 τῶν
526 3398 766 3472 τεράτων
823 3396 964 3451 ἐστὶν
1031 3399 1065 3467 ἡ
1127 3395 1293 3452 αἰτία.
1351 3397 1451 3450 Καὶ
1499 3397 1741 3450 καθόλου
1769 3393 1826 3450 δέ
1879 3418 2046 3473 φημι,

391 3484 475 3541 ὅτι
529 3487 584 3540 αἱ
646 3483 906 3559 δυτάμεις
966 3484 1146 3553 αὗται,
1203 3485 1369 3540 εἶκαὶ
1417 3484 1699 3560 ἀσώματοί
1732 3485 1888 3540 εῑσιν·
1925 3483 2052 3542 ἀλλ’

393 3575 449 3632 ἂν
511 3575 856 3650 ὑποκειμένῳ
911 3579 990 3646 τῷ
1049 3575 1262 3647 σώματι
1313 3576 1378 3630 τὸ
1439 3576 1570 3632 εἶναι
1602 3572 1814 3651 ἔχουσι,
1847 3574 2051 3630 καὶ¹ίνα

394 3666 496 3718 ὦσι
555 3661 762 3720 δέονται
819 3662 1134 3740 σύμμετρου
1183 3661 1329 3740 ἔχειν
1387 3665 1450 3720 τὸ
1509 3664 1902 3738 ὑποκείμενον,
1959 3666 2049 3719 καὶ

397 3753 652 3824 ποιότητι
709 3753 800 3810 καὶ
857 3753 1143 3825 ποσότητι,
1203 3755 1318 3808 οἷον
1377 3754 1404 3807 ὁ
1462 3750 1664 3814 κύκλος
1694 3753 1784 3807 καὶ
1815 3752 2046 3822 ἁπλοῦς,

394 3843 457 3896 τὸ
519 3846 681 3914 σῶμα
737 3839 1022 3896 δείκνυται·
1085 3839 1214 3895 αὐτὸ
1275 3840 1370 3914 μὲν
1423 3841 1539 3894 καθ’
1568 3841 1700 3894 αὐτὸ
1729 3837 1932 3894 ἅποσον
1991 3839 2050 3894 ὅν

394 3932 484 3986 καὶ
543 3932 824 4006 ἀμὲγεθες,
880 3929 970 3984 καὶ
1031 3929 1220 3992 ἁπλῶς
1282 3929 1591 4002 ἀσώματον,
1626 3928 1740 3986 Οὐκ
1770 3927 1828 3984 ἂν
1863 3927 1920 3982 δὲ
1950 3951 2048 3984 συ..

394 4019 578 4090 σταίη,
639 4019 682 4074 εἰ
743 4020 820 4094 μὴ
882 4013 1222 4076 ὑπολάϐοιτο
1273 4017 1656 4090 ὑποκειμένου,
1713 4017 1802 4074 καὶ
1840 4017 2046 4102 μεγὲθει

393 4109 708 4182 συμμέτρου
753 4107 844 4163 καὶ
875 4105 1154 4184 ποιότητι,
1215 4111 1330 4164 οἷον
1365 4107 1464 4162 οὐκ
1517 4105 1576 4162 ἂν
1631 4106 1681 4162 ἐν
1721 4113 1902 4184 μικρῷ
1957 4108 2047 4162 καὶ

390 4198 660 4272 ἀκαριαίῳ
693 4197 905 4271 σώματι
939 4197 1164 4268 συσταίη
1211 4197 1276 4251 ἃν
1333 4197 1557 4268 κύκλος,
1617 4195 1742 4252 οὐδὲ
1793 4196 1845 4252 ιν
1897 4197 2048 4274 ὑγρῷ

392 4285 640 4364 διαρρέον
665 4309 742 4345 τι.
801 4285 992 4351 Οὕτως
1045 4285 1135 4341 οὖν
1185 4288 1275 4344 καὶ
1335 4286 1550 4345 ἐπὶτοῦ
1579 4285 1848 4362 παρόντος
1903 4285 2046 4360 λέγω

392 4375 498 4449 ὅτι,
532 4376 577 4431 εἷ
607 4379 698 4432 καὶ
730 4376 952 4449 ἀμερεῖς
987 4378 1037 4430 ol
1067 4375 1223 4452 λόγοι
1255 4378 1374 4439 καθ’
1407 4378 1644 4448 ἑαυτοῖς,
1679 4375 1804 4430 ἀλλ’
1855 4373 2042 4445 ἐπειδὴ

393 4467 446 4521 ἐν
481 4467 822 4539 ὑποκειμένῳ
855 4467 1068 4539 σώματι
1125 4465 1188 4519 τὸ
1249 4465 1383 4519 εἶναι
1441 4463 1686 4540 ἔχουσιν,
1715 4464 1828 4540 οὐχ
1855 4463 2046 4524 ἅπλῶς

393 4553 452 4610 δὲ
482 4561 582 4609 πᾶν
645 4560 824 4627 σῶμα,
889 4554 924 4623 ἢ
987 4556 1063 4616 ὡς
1097 4551 1285 4629 ἔτυχεν
1319 4549 1472 4629 ἕχον,
1507 4553 1622 4608 οἷόν
1649 4553 1708 4608 τέ
1738 4552 1847 4607 ἐστι
1879 4575 2042 4608 κατα-

391 4642 640 4717 δέξασθαι
685 4643 815 4706 τοὺς
847 4643 1068 4718 λόγους,
1102 4641 1191 4698 διὰ
1217 4647 1380 4698 τοῦτο
1415 4640 1496 4698 δεῖ
1525 4644 1612 4700 καὶ
1670 4637 2044 4712 ἐπιτηδειότη-

388 4754 480 4796 τος
507 4737 603 4790 τοῦ
663 4731 1047 4806 ὑποκειμένου.
1109 4733 1174 4790 Ei
1235 4730 1292 4790 δὶ
1344 4731 1492 4796 ὅλως
1549 4731 1882 4807 εὑρίσκονται
1914 4731 1967 4786 αὶ
1991 4731 2042 4786 ἐν

384 4827 466 4895 τῷ
505 4821 620 4896 ὅλῳ
673 4819 880 4896 δὲνδρῷ
937 4819 1215 4895 δυνάμεις,
1271 4828 1436 4880 πᾶσαι
1487 4819 1797 4883 ἀνελλιπῶς
1841 4821 1930 4878 καὶ
1986 4818 2040 4880 ἓν

383 4933 495 4967 τισι
558 4911 763 4987 μίρεσι6
825 4907 996 4980 δῆλον
1048 4909 1130 4966 ὅτι
1165 4907 1234 4966 δι’
1279 4907 1532 4982 οὐδεμίαν
1566 4908 1744 4980 ἄλλην
1777 4908 1972 4976 αἰτίαν,
2003 4907 2038 4976 ἢ

388 4997 478 5058 διὰ
505 5001 568 5056 τὸ
627 4999 846 5076 ἀμερεῖς
909 4999 1044 5056 εἶναι
1091 4998 1257 5062 αὐτὰς
1311 5000 1428 5063 καθ’
1459 4997 1638 5060 αὐτάς.
1675 4998 1737 5054 Ei
1778 4997 1878 5073 γὰρ
1907 4999 2042 5066 ἦσαν

388 5091 634 5162 σώματα,
670 5087 793 5146 οὔτε
839 5085 906 5157 δὴ
969 5088 1020 5143 ἐν
1051 5092 1128 5160 τῷ
1157 5087 1526 5160 ἀποτμηθέντι
1576 5085 1764 5159 κλάδῳ
1796 5086 1920 5144 ὅλαι
1981 5085 2039 5144 ἂν

386 5179 546 5248 ἦσαν,
579 5179 667 5236 καὶ
698 5180 760 5234 τὸ
793 5174 1013 5254 δένδρον
1074 5171 1310 5234 κολοϐὸν
1345 5176 1405 5232 ἃν
1433 5181 1521 5248 ἦν.
1573 5177 1632 5234 El
1667 5174 1724 5234 δὲ.
1761 5197 1845 5238 τις
1877 5173 2042 5244 εἴποι,

384 5265 533 5328 ἀλλὰ
563 5265 782 5326 δύναται
838 5265 1042 5340 λέγειν,
1102 5263 1184 5322 ὅτι
1241 5265 1468 5340 σώματά
1517 5267 1648 5322 εἰσιν
1710 5267 2042 5339 ὁμοιομερῆ,

385 5355 457 5414 δι’
501 5353 636 5414 ὅλου
691 5357 917 5427 ἥκοντα.
979 5359 1103 5416 Τῶν
1159 5352 1217 5412 δὲ
1247 5357 1600 5434 ὁμοιομερῶν
1625 5356 1687 5412 τὸ
1719 5355 1847 5412 αὐτό
1901 5354 2042 5410 iam;

385 5443 528 5508 εἶδος
561 5444 612 5502 ὃν
653 5439 732 5519 τῷ
767 5447 942 5522 μέρει,
975 5446 1109 5522 ὅπερ
1139 5445 1226 5500 καὶ
1275 5445 1324 5500 ἐν
1379 5466 1458 5517 τῳ
1517 5443 1654 5517 ὅλῳ·
1691 5446 1764 5506 ὡς
1799 5443 1888 5500 ἐπὶ
1944 5450 2043 5512 τῆς

383 5537 581 5612 σαρκὸς
628 5531 860 5612 ἔχειτὸ
893 5535 1245 5611 ὁμοιομερές.
1289 5535 1534 5608 Λὲγομεν
1594 5535 1730 5608 πρὸς
1759 5540 1944 5604 τοῦτο,
1997 5536 2043 5592 εἰ

382 5626 524 5696 ἦσαν
556 5626 870 5698 ὁμοιομερῆ
921 5623 1169 5696 σώματα,
1212 5621 1312 5678 οὐκ
1363 5621 1424 5678 ἂν
1484 5621 1776 5698 ἐχώρησαν
1823 5623 1928 5682 ὅλα
1976 5621 2045 5682 δι’

385 5711 528 5786 ὃλης
574 5717 673 5783 τῆς
731 5713 1113 5786 ὑποκειμένης·
1160 5715 1320 5785 σῶμα
1374 5711 1480 5787 γὰρ
1512 5709 1600 5766 διὰ
1631 5711 1884 5786 σώματος
1933 5733 2048 5788 χωσ

389 5811 550 5882 ρῆσαι
608 5802 894 5862 ἀδύνατον.
926 5800 997 5874 Εἴ
1021 5803 1202 5859 τοίνυν
1231 5803 1286 5858 αἱ
1314 5799 1723 5878 καταδεέστεραι
1777 5807 1887 5862 τῶν
1942 5808 2043 5879 ψυ-

2161 3399 2356 3450 turam
2399 3392 2594 3460 fuerit,
2628 3397 3025 3448 monstrorum
3067 3409 3247 3448 causa
3275 3397 3385 3448 est.
3438 3395 3620 3464 Atque
3678 3394 3812 3449 uni-

2159 3501 2322 3540 verse
2345 3484 2498 3549 dico,
2524 3483 2693 3538 liasce
2712 3487 3082 3554 posteslates,
3107 3484 3217 3538 etsi
3239 3482 3592 3554 incorporeas
3649 3486 3810 3554 sunt,

2160 3591 2289 3630 esse
2322 3579 2518 3628 tamen
2546 3574 2606 3627 in
2629 3572 2893 3643 subjecto
2925 3577 3368 3645 corpore,atque
3401 3577 3464 3628 ut
3510 3572 3650 3640 sint,
3711 3589 3810 3630 ec-

2159 3663 2533 3718 commodato
2563 3661 2757 3726 sibi,et
2781 3662 3113 3733 quantitate
3142 3667 3199 3716 et
3229 3661 3809 3734 qualitate,subjeeto

2161 3753 2443 3823 indigere.
2482 3753 2992 3817 Quemadmodum
3026 3751 3280 3806 circulus
3313 3752 3489 3806 etiam
3539 3751 3810 3824 simple‘x.

2158 3860 2372 3915 corpus
2404 3844 2681 3912 ostendit,
2717 3843 2816 3914 qui
2852 3861 2953 3915 per
2979 3843 3186 3915 seipse
3210 3843 3448 3913 quidem
3482 3843 3814 3914 quantitate

2159 3951 2223 3988 ac
2259 3934 2667 4005 magnitudine
2689 3939 2864 4000 enrol,
2901 3937 2956 3986 et
2989 3933 3158 4004 plane
3187 3933 3570 4004 incorporeus
3600 3937 3692 3987 est
3715 3949 3728 3988 :
3749 3937 3810 3986 at

2158 4029 2426 4077 constare
2461 4039 2571 4075 nou
2599 4027 2812 4092 potest,
2855 4021 2968 4076 nisi
3005 4021 3338 4092 subjectum
3400 4027 3458 4076 et
3516 4021 3811 4093 magnitu-

2158 4113 2378 4182 dine,ct
2411 4111 2693 4182 qualitate
2726 4112 2837 4166 sibi
2862 4111 3298 4166 accommodem
3349 4115 3560 4166 nactus
3592 4109 3806 4166 fuerit:

2157 4219 2292 4256 nam
2329 4203 2386 4256 in
2423 4218 2591 4270 parvo
2625 4207 2680 4256 et
2707 4201 2836 4254 exili
2869 4217 3106 4270 corpore
3129 4205 3401 4255 constare
3432 4199 3690 4255 circulus
3713 4217 3812 4255 ne-

2159 4291 2307 4362 quit,
2342 4291 2613 4362 nequcin
2659 4290 2901 4344 humido
2953 4289 3174 4361 aliquid
3235 4289 3442 4344 ﬂuens.
3503 4289 3594 4344 Sic
3633 4288 3816 4362 igitur

2157 4385 2214 4434 et
2247 4381 2302 4434 in
2339 4397 2396 4434 re
2433 4374 2696 4450 praesenti
2747 4380 2908 4434 diro:
2958 4380 3066 4434 etsi
3111 4395 3212 4450 per
3271 4396 3332 4434 se
3391 4379 3652 4435 iudivisas
3695 4379 3817 4434 sint

2157 4470 2436 4532 rationes,
2465 4473 2775 4540 postquam
2805 4475 2998 4524 tamen
3017 4469 3075 4524 in
3101 4469 3367 4540 subjecto
3389 4485 3630 4540 corpore
3651 4472 3812 4534 sunt,

2157 4573 2346 4627 neque
2372 4556 2915 4627 simpliciter,omne
2933 4575 3146 4628 corpus
3171 4558 3279 4612 nisi
3308 4561 3370 4612 ut
3401 4560 3809 4629 comparatum

2156 4652 2266 4710 est,
2299 4647 2554 4706 rationes
2586 4647 2884 4718 suscipere
2918 4651 3108 4716 potest
3141 4665 3154 4702 :
3193 4653 3501 4718 propterea
3559 4645 3808 4715 subjecti

2153 4736 2695 4790 accommodatione
2726 4754 2872 4807 opus
2897 4742 3004 4792 est.
3041 4737 3140 4791 Sin
3175 4741 3370 4792 autem
3401 4752 3529 4807 quae
3579 4735 3638 4792 in
3687 4737 3811 4790 tota

2151 4831 2286 4880 sunt
2321 4825 2528 4880 arbore
2557 4829 2891 4896 potestates,
2927 4842 3130 4880 omnes
3155 4826 3338 4896 plenas
3371 4823 3810 4896 atqueintegrw

2154 4915 2329 4968 etiam
2367 4914 2422 4968 in
2459 4915 2814 4984 quibusdam
2849 4915 3115 4984 partibus
3145 4913 3549 4979 inveniuntur,
3581 4910 3807 4970 nullam

2151 5005 2206 5058 id
2243 5003 2416 5058 aliam
2451 5003 2524 5055 ob
2557 5020 2791 5058 causam
2822 5005 2901 5073 lil,
2938 5019 3111 5074 quam
3136 5004 3285 5074 quod
3323 5019 3422 5074 per
3451 5019 3514 5058 se
3547 5001 3809 5058 indivisa

2155 5098 2328 5148 sunt:
2365 5091 2412 5146 si
2436 5093 2590 5148 enim
2621 5109 2862 5162 corpora
2895 5097 3111 5158 essent,
3142 5108 3257 5148 non
3299 5107 3506 5148 omnes
3555 5091 3614 5146 in
3675 5091 3808 5147 abs-

2156 5182 2309 5238 cisso
2336 5199 2496 5236 ramo
2530 5195 2746 5244 essent,
2781 5183 3023 5254 ipsaque
3057 5183 3230 5237 arbor
3265 5199 3472 5238 manca
3511 5186 3568 5236 et
3599 5179 3813 5237 mutila

2163 5273 2328 5330 foret.
2363 5271 2420 5326 Si
2453 5271 2584 5341 quis
2611 5279 2804 5326 autem
2829 5277 3162 5344 retorqueat
3197 5289 3208 5332 :
3245 5273 3344 5327 sed
3381 5269 3632 5343 proclive
3649 5271 3808 5326 dictu

2162 5364 2271 5426 est,
2306 5377 2402 5414 eas
2429 5376 2556 5414 esse
2583 5377 2830 5431 corpora
2863 5362 3146 5417 similium
3169 5361 3448 5433 partium,
3472 5377 3598 5432 quae
3621 5363 3810 5416 totum

2162 5451 2520 5522 pervadunt:
2556 5467 2755 5505 eorum
2815 5467 2948 5506 vero
3006 5467 3132 5523 quae
3191 5450 3490 5508 similibus
3539 5451 3814 5506 constant

2163 5537 2428 5611 partibus
2461 5541 2726 5594 eamdem
2757 5557 2886 5596 esse
2925 5540 3170 5595 formam
3204 5539 3262 5594 in
3321 5547 3504 5612 parte,
3554 5555 3684 5610 qum
3749 5539 3809 5598 in

2157 5631 2304 5694 toto,
2341 5633 2403 5682 ut
2425 5628 2482 5682 in
2509 5645 2682 5684 carne
2703 5646 2764 5684 so
2796 5629 2973 5686 habet
3005 5630 3106 5685 illa
3145 5630 3400 5701 partium
3453 5627 3809 5686 similitudo.

2154 5717 2264 5774 Sed
2298 5719 2762 5789 respondemus:
2797 5719 2846 5774 si
2879 5723 3198 5790 potestates
3220 5717 3336 5774 illm
3367 5715 3652 5772 similium
3679 5731 3810 5786 par-

2154 5805 2304 5862 tium
2333 5822 2578 5879 corpora
2609 5811 2830 5874 essent,
2855 5823 3158 5878 nunquam
3189 5809 3312 5862 tota
3341 5819 3445 5876 per
3473 5807 3650 5858 totam
3685 5819 3812 5860 rem
