4124 6392
299 442 455 504 1047

1646 439 2066 500 hilCllAlilJS
2112 440 2381 501 PSELLI

3568 438 3724 499 1048

297 574 624 644 subjectam
658 573 1369 646 pertransissent.(lorpus
1402 573 1804 643 onim,corpus
1852 587 1949 644 pe-

2077 574 2241 645 ίικῶν
2276 567 2557 644 δυνάμεων
2592 570 2873 643 ἀσώματοι
2905 567 3104 642 πολλῷ
3159 568 3371 643 μᾶλλον
3405 572 3441 639 ἡ
3500 566 3721 645 λογικὴ,

299 667 531 718 netrare
562 678 678 718 non
710 667 920 733 potest.
954 663 1015 718 Si
1048 678 1184 735 ergo
1210 662 1586 733 ignobiliores
1618 661 1728 716 illaa
1748 660 1958 716 anima:

299 756 640 825 potestates,
673 752 799 807 sine
828 768 1070 824 corpore
1104 756 1265 818 sunt,
1301 751 1483 807 multo
1530 750 1723 822 magis
1781 748 1955 805 ratio-

300 841 395 896 nis
424 856 688 913 compos,
719 839 893 913 longe
922 841 1057 896 istis
1088 841 1479 913 prastantior.
1529 845 1601 895 Ac
1652 840 1778 894 sine
1832 854 1957 893 cor-

304 945 441 1001 pore
469 929 1173 1000 esse,communibusillis
1199 930 1567 1002 argumentis
1588 930 1960 984 demonstra-

303 1024 431 1073 tum
453 1023 582 1074 est:
608 1019 710 1073 sed
735 1019 844 1074 hoc
868 1019 1111 1091 insuper
1134 1020 1205 1074 de
1227 1019 1356 1090 ipsa
1378 1018 1668 1089 peculiare
1686 1017 1955 1072 dicimus.

303 1106 543 1163 Nullum
577 1123 790 1179 corpus
831 1107 1091 1178 seipsum
1150 1108 1471 1179 cognoscit,
1520 1123 1708 1178 neque
1762 1105 1959 1177 ipsum

305 1195 378 1251 ad
408 1210 471 1250 se
500 1196 862 1251 convertitur
895 1214 907 1252 :
943 1213 1056 1251 non
1087 1197 1245 1252 enim
1272 1213 1485 1252 manus
1517 1201 1618 1250 aut
1648 1195 1805 1249 aliud
1831 1210 1956 1249 cor-

308 1300 421 1356 pus
451 1300 513 1341 se
545 1285 707 1340 novit
735 1305 750 1355 ;
791 1287 889 1340 sed
928 1301 1114 1358 neque
1148 1285 1372 1341 ratione
1404 1302 1581 1341 cassae
1615 1288 1956 1357 potestates,

308 1373 420 1429 etsi
452 1372 811 1445 incorporea:
841 1374 980 1443 sint,
1014 1375 1240 1446 seipsas
1285 1378 1504 1430 norunt
1537 1392 1551 1442 ;
1606 1391 1720 1429 non
1771 1373 1957 1442 visus,

309 1460 395 1517 vel
428 1462 811 1531 auditus,non
845 1480 1048 1519 omnes
1071 1464 1324 1537 denique
1347 1480 1559 1519 sensus
1585 1478 1797 1535 :neque
1820 1463 1959 1519 item

311 1550 624 1623 inquirunt
655 1552 826 1624 cujus
859 1553 979 1609 sint
1013 1558 1235 1610 naturis
1272 1572 1285 1622 ;
1321 1554 1422 1610 sed
1475 1553 1625 1608 ratio
1675 1557 1784 1619 est,
1834 1569 1960 1624 quas

311 1639 385 1696 de
413 1641 559 1713 ipsis
585 1642 930 1714 inquirit.At
958 1658 1021 1699 se
1052 1644 1181 1716 ipsa
1211 1643 1369 1699 novit
1416 1642 1663 1699 rationis
1722 1658 1962 1715 compos

314 1730 513 1786 anima
545 1756 560 1799 ;
591 1732 722 1803 ipsa
751 1731 932 1804 igitur
950 1737 1060 1801 est,
1101 1750 1229 1805 quae
1254 1732 1518 1805 inquirit,
1552 1736 1609 1787 et
1629 1732 1701 1787 de
1734 1748 1848 1804 qua
1878 1731 1963 1786 in-

315 1819 572 1891 quiritur
604 1838 617 1889 ;
668 1821 798 1894 ipsa
829 1828 940 1889 est,
972 1840 1101 1894 quae
1151 1824 1387 1895 reperit,
1410 1823 1616 1894 etzqua:
1639 1822 1960 1892 reperitur;

314 1925 443 1979 qua:
476 1911 797 1982 cognoscit,
819 1916 876 1967 et
896 1928 1024 1983 quae
1057 1910 1615 1981 cognoscitur.Hanc
1638 1909 1818 1982 igitur
1835 1911 1962 1965 sine

314 2013 554 2069 corpore
583 2015 713 2055 esse
762 2000 1071 2072 perspicue
1101 2000 1491 2056 ostendimus.
1514 1999 1814 2067 Praeterea,
1835 2015 1963 2071 quis

320 2087 377 2140 in
409 2088 670 2159 subjecto
691 2105 933 2161 corpore
960 2093 1117 2158 sunt,
1152 2094 1489 2161 potestates,
1524 2104 1642 2143 una
1669 2103 1803 2143 cum
1844 2103 1963 2143 cor-

318 2176 842 2247 poreinvalescunt
870 2182 928 2234 et
954 2178 1352 2234 obsolescunt.
1386 2177 1561 2233 Tales
1609 2176 1789 2251 igitur
1824 2182 1966 2233 sunt

2067 657 2324 733 κρείττων
2379 659 2511 714 οὖσα
2565 657 2786 731 πολλῷ.
2814 660 2935 716 Ὀτι
2982 658 3083 735 γὰρ
3115 658 3208 714 καὶ
3237 658 3376 727 αὐτὴ
3411 658 3726 731 ἀσώματος,

2069 743 2333 803 δέδεικται
2394 748 2488 821 μὶν
2547 747 2637 802 καὶ
2696 745 2786 802 διὰ
2840 753 2948 802 τῶν
2980 752 3178 803 κοινῶν
3220 746 3419 823 λόγων.
3482 747 3722 821 Λέγομεν

2068 833 2126 890 δὲ
2184 837 2276 892 καὶ
2331 834 2440 892 ἴδια
2497 836 2583 891 ἐπὶ
2616 836 2782 907 αὐτῆς
2835 838 3033 899 οὕτως.
3091 835 3255 892 Οὐδὲν
3316 841 3425 892 τῶν
3455 836 3723 910 σωμάτων

2066 924 2195 980 αὐτὸ
2227 926 2384 980 ἑαυτὸ
2408 927 2687 1001 γινώσκει,
2740 924 2864 981 οὐδὲ
2913 927 3053 1002 πρὸς
3112 927 3270 981 ἑαυτὸ
3328 925 3724 1004 ἐπιστρέφεται.

2067 1015 2147 1071 Οὐ
2177 1016 2279 1091 γὰρ
2311 1013 2452 1070 οἶδεν
2485 1016 2680 1085 ἑαυτὴν
2712 1018 2746 1085 ἡ
2781 1015 2929 1091 χεὶρ,
2959 1016 2995 1085 ἧ
3030 1013 3173 1071 ἄλλο
3201 1036 3253 1071 τι
3286 1020 3394 1070 τῶν
3429 1016 3722 1087 σωμάτων*

2067 1101 2194 1159 ἀλλ’
2227 1102 2353 1159 οὐδὲ
2381 1106 2435 1159 αἱ
2464 1102 2662 1178 ἄλογοι
2694 1102 2972 1177 δυνάμεις,
3004 1105 3181 1160 καίτοι
3233 1105 3516 1178 ἀσώματοι
3549 1103 3724 1173 οὖσαι,

2068 1193 2257 1255 ἑαυτὰς
2290 1191 2485 1250 ἴσασιν.
2520 1193 2598 1249 Οὐ
2630 1193 2734 1269 γὰρ
2765 1192 2907 1248 οἶδεν
2941 1194 3135 1263 ἑαυτὴν
3182 1195 3217 1264 ἡ
3251 1190 3375 1267 ὄψις
3407 1190 3443 1262 ἤ
3474 1195 3510 1262 ἡ
3560 1193 3723 1264 ἀκοή·

2067 1279 2103 1351 ἤ
2165 1281 2355 1346 ἁπλῶς
2414 1279 2685 1353 αἴσθησις·
2744 1280 2872 1337 οὐδὲ
2927 1287 3079 1353 ζητεῖ
3107 1281 3270 1344 ποίας
3329 1282 3439 1337 ἐστὶ
3493 1283 3726 1361 φῦσεως,

2070 1368 2197 1426 ἀλλ’
2230 1371 2258 1424 ὁ
2292 1369 2459 1446 λόγος
2489 1370 2631 1427 ἐστὶν
2663 1372 2692 1426 ὁ
2723 1372 2847 1447 περὶ
2871 1371 3047 1426 αὐτῶν
3072 1373 3315 1442 ζητεῖ)νὼ
3344 1371 3439 1445 μέν
3461 1392 3546 1426 τοι
3571 1372 3726 1446 ψυχή

2071 1461 2105 1529 ἡ
2150 1459 2374 1535 λογικὴ,
2437 1459 2570 1529 αὖτή
2622 1461 2819 1531 ἑαυτὴν
2846 1461 3135 1535 γινώσκει’
3169 1461 3306 1529 αὐτή
3336 1464 3464 1537 γοῦν
3492 1458 3632 1515 ἐστιν
3691 1463 3727 1530 ἡ

2073 1554 2333 1621 ζητοῦσα,
2366 1551 2505 1619 αὐτὴ
2538 1553 2572 1621 ἡ
2609 1552 2938 1624 ζητουμένη⁸
2974 1552 3112 1621 αὐτή
3145 1554 3180 1621 ἡ
3214 1550 3557 1626 εὖρίσκουσα,
3591 1550 3727 1619 αὖτή

2070 1642 2106 1710 ἡ
2158 1640 2541 1716 εὖρισκομένη·
2595 1643 2630 1710 ἡ
2661 1640 3000 1717 γινώσκουσα
3031 1640 3121 1695 καὶ
3152 1642 3552 1717 γινωσκομένη’
3590 1641 3730 1695 ἀσώ-

2075 1749 2244 1802 ματος
2272 1726 2374 1803 ἅρα
2404 1729 2637 1806 ἐναργῶς
2678 1726 3077 1785 ἀποδέδεικται.
3133 1732 3256 1787 Ἔτι
3284 1731 3340 1784 αἱ
3399 1729 3452 1784 ἐν
3509 1730 3730 1785 ὑποκει-

2077 1819 2224 1892 μένῳ
2252 1823 2333 1891 τῷ
2365 1818 2577 1891 σώματι
2638 1817 2919 1891 δυνάμεις,
2974 1818 3375 1892 συνακμάζουσί
3402 1839 3461 1874 τε
3484 1823 3565 1891 τῷ
3617 1820 3729 1873 σώ-

2077 1929 2205 1981 ματι
2235 1908 2326 1963 καὶ
2360 1913 2846 1985 συναμαυροῦνται,
2881 1914 3131 1964 Τοιαῦται
3163 1913 3292 1984 γοῦν
3327 1911 3384 1963 αἱ
3423 1908 3724 1980 αἰσθήσεις,

2076 1998 2267 2070 θυμὸς,
2300 1996 2579 2072 ἐπιθυμία.
2633 2000 2695 2056 Ἡ
2729 1995 2786 2052 δὲ
2816 1996 3017 2073 λογική
3050 2000 3205 2073 ψυχὴ
3238 1999 3299 2053 τὸ
3333 1995 3595 2066 ἐναντίον,
3632 2019 3728 2072 μα-

2075 2088 2398 2161 ραινομένου
2453 2091 2552 2143 τοῦ
2593 2088 2849 2162 σώματος
2899 2087 3035 2158 αὖτή
3078 2088 3340 2162 ἀκμάζει’
3395 2086 3495 2143 οὐκ
3523 2085 3627 2165 ἄρα
3675 2088 3727 2144 ἐν

2078 2175 2423 2250 ὑποκειμένῳ
2454 2176 2564 2233 ἐστὶ
2593 2183 2674 2251 τῷ
2706 2177 2943 2250 σώματι·

315 2280 569 2334 sensus;
602 2271 729 2321 tum
779 2272 836 2323 et
883 2268 1159 2336 irascens,
1214 2272 1271 2323 et
1302 2266 1726 2340 concupiscens
1762 2284 1774 2321 :
1817 2271 2022 2323 contra
2058 2281 2193 2323 vero
2241 2266 2612 2324 rationabilis
2659 2268 2880 2339 anima,
2925 2271 3319 2323 marcescente
3364 2284 3605 2342 corpore
3641 2268 3731 2323 vi-

310 2358 408 2425 get
437 2353 647 2426 ipsa,et
672 2356 855 2412 ﬂoret.
890 2356 1016 2415 Non
1075 2363 1165 2414 est
1224 2357 1404 2430 igitur
1461 2357 1520 2413 in
1568 2372 1809 2430 corpore
1843 2360 2127 2429 tanquam
2180 2355 2239 2412 in
2263 2357 2549 2428 subjecto.
3232 2360 3238 2367 ’

375 2463 596 2520 Deinde
626 2464 774 2520 nihil
806 2465 863 2520 id
900 2465 1160 2538 molitur,
1194 2471 1259 2522 ut
1298 2465 1629 2537 subjectum
1672 2464 1785 2520 sibi
1834 2480 1954 2521 cor-

300 2558 575 2624 rumpat:
599 2554 802 2610 omnia
831 2555 988 2610 enim
1019 2571 1150 2611 esse
1181 2559 1484 2627 expetunt.
1517 2551 1956 2626 Atjjrationabi-

298 2640 373 2696 lis
399 2641 600 2697 anima
629 2659 845 2714 corpus
885 2643 1230 2714 contemnit,
1261 2647 1319 2697 et
1371 2642 1609 2697 virtutis
1670 2640 1955 2697 exercita-

302 2728 519 2786 menlis
557 2730 754 2801 ipsum
807 2732 1112 2801 adamans,
1162 2732 1218 2786 id
1268 2730 1504 2803 penitus
1555 2745 1956 2802 saepenumero

303 2818 661 2890 abjicit.Non
692 2819 872 2891 igitur
901 2820 961 2875 in
993 2820 1258 2892 subjecto
1282 2835 1524 2892 corpore
1547 2818 1725 2875 habet
1747 2824 1812 2873 ut
1859 2818 1955 2875 sit.

310 2907 598 2963 Prmterea
638 2908 1163 2964 demonstrandum
1209 2914 1300 2965 est
1340 2908 1590 2964 rationis
1628 2912 1957 2980 compotem

305 2994 589 3064 animam,
624 2997 1019 3053 substantiam
1052 2997 1266 3054 habere
1295 2998 1368 3053 ab
1410 2998 1847 3071 omni;corpore
1876 3014 1962 3054 se-

305 3088 642 3157 gregatum:
676 3085 935 3159 reliquas
985 3090 1179 3143 autem
1214 3088 1272 3142 in
1315 3103 1555 3160 corpore
1603 3103 1765 3143 esse:
1814 3095 1868 3143 et
1896 3086 1955 3141 in

305 3172 557 3245 spiritali
587 3175 853 3247 quidem,
878 3176 1117 3246 :ratione
1165 3177 1492 3249 praeditam,
1548 3177 1606 3232 in
1666 3176 1774 3232 hoc
1825 3193 1957 3232 vero

303 3264 740 3355 regelatricem.
774 3264 1051 3355 Normam
1076 3270 1133 3321 et
1163 3264 1423 3338 regulam
1461 3265 1636 3355 tradit
1676 3265 1957 3355 Aristote-
1988 3289 2030 3355 ρ

301 3350 389 3408 les
419 3352 489 3409 de
520 3353 738 3420 anima,
762 3358 819 3409 et
845 3354 1070 3410 steteris
1116 3355 1415 3422 omnibus,
1453 3359 1511 3410 et
1542 3354 1638 3426 iis,
1674 3354 1775 3426 qui
1825 3370 1954 3410 eam

301 3440 612 3498 mortalem
637 3447 870 3514 putant,
902 3443 1403 3500 consentientem:
1453 3443 1577 3498 haec
1626 3460 1797 3515 porro
1846 3448 1957 3499 est.

305 3530 391 3585 Ab
420 3530 995 3603 actionibus,inquit,
1027 3533 1098 3588 de
1128 3532 1476 3588 substantiis
1506 3532 1812 3589 ferendum
1842 3534 1962 3602 [est

299 3618 618 3689 judicium,
649 3621 907 3691 {quando
967 3622 1302 3677 substantia
1357 3620 1635 3693 quaelibet
1672 3621 1959 3677 actionem

307 3708 486 3766 habet
516 3708 757 3765 afﬁnem
781 3709 995 3777 aibi,et
1040 3709 1271 3783 generis
1319 3710 1608 3781 ejusdem.
1659 3710 1961 3775 Quomodo

313 3813 474 3869 ergo,
509 3797 721 3868 inquit,
756 3798 1111 3865 substantia,
1137 3818 1265 3870 qua:
1289 3798 1510 3855 nullam
1546 3799 1720 3855 habet
1778 3799 1959 3856 actio-

314 3902 448 3941 nem
482 3903 517 3941 a
545 3903 785 3959 corpore
816 3888 1228 3961 separabilem,
1258 3890 1589 3945 necessario
1613 3904 1802 3960 neque
1827 3890 1963 3946 sub-

314 3975 593 4031 stantiam
661 3976 899 4033 habebit
955 3996 988 4033 a
1052 3994 1293 4049 corpore
1370 3977 1759 4051 separabilem
1810 3977 1838 4033 ‘I
1901 3977 1963 4034 Si

314 4063 496 4132 enim,
559 4080 692 4119 cum
758 4065 1152 4122 substantiam
1216 4066 1429 4122 habeat
1480 4065 1960 4139 inseparabilem,

312 4150 540 4207 nullam
571 4153 699 4208 sine
732 4169 972 4226 corpore
998 4155 1285 4217 actionem
1321 4155 1904 4228 habebit;postquam
1930 4173 1965 4211 a

314 4255 558 4312 corpore
603 4242 872 4312 sejuncta
911 4242 1105 4310 fuerit,
1170 4260 1284 4298 non
1350 4243 1609 4312 habebit,
1668 4245 1727 4299 in
1807 4245 1963 4315 quod

318 4332 473 4400 agat,
497 4328 697 4400 itaque
726 4331 944 4385 frustra
964 4332 1092 4386 erit.
1120 4331 1268 4387 Fieri
1296 4347 1433 4404 ergo
1475 4349 1586 4387 non
1647 4337 1859 4405 potest,
1904 4336 1971 4388 ut

319 4417 668 4488 separabilis
706 4418 1039 4474 substantia
1069 4418 1292 4475 nullam
1328 4419 1697 4492 habeatfsine
1726 4437 1968 4493 corpore

316 4504 627 4560 actionem.

389 4610 582 4667 Altera
628 4611 827 4685 regula
872 4612 993 4669 haec
1042 4619 1149 4669 est.
1193 4615 1394 4670 Omnis
1439 4616 1793 4687 substantia,
1839 4633 1966 4687 quae

320 4700 610 4757 actionem
645 4702 820 4759 habet
846 4719 879 4759 a
909 4720 1150 4777 corpore
1188 4705 1601 4776 separabilem,
1652 4705 1782 4774 ipsa
1825 4722 1972 4777 quo-

323 4806 438 4862 que
468 4808 501 4846 a
526 4807 766 4864 corpore
797 4792 1145 4864 separabilis
1176 4794 1254 4848 sit
1284 4798 1531 4865 oportet.
1566 4789 1622 4848 Si
1647 4811 1779 4849 vero
1804 4811 1972 4866 sepa-

325 4880 530 4936 rabilis
589 4898 705 4937 non
763 4882 958 4952 tuerit,
996 4882 1132 4937 hinc
1180 4888 1480 4955 sequetur,
1518 4882 1787 4938 effectum
1845 4900 1975 4939 esse

327 4986 505 5026 causa
527 4988 631 5027 sua
662 4970 942 5039 nobilius,
962 4975 1020 5026 et
1047 4971 1434 5043 prmstantiori
1470 4970 1851 5028 excellentius
1889 4972 1972 5041 id,

326 5060 479 5129 quod
524 5059 782 5115 deterius
830 5064 917 5115 est
967 5076 980 5114 :
1025 5060 1082 5114 id
1142 5076 1274 5115 vero
1322 5060 1690 5115 absurdum:
1742 5078 1977 5133 semper

322 5148 478 5202 enim
503 5164 740 5205 causam
765 5166 825 5204 re
847 5148 1051 5204 etl‘ecta
1069 5149 1537 5223 prmstantiorem
1571 5166 1700 5206 esse
1724 5155 1974 5223 Oportet,

318 5240 445 5290 tum
479 5242 535 5291 et
557 5238 706 5309 quod
726 5242 944 5294 natura
971 5238 1137 5309 prius
1154 5242 1245 5293 est
1269 5254 1281 5293 :
1310 5221 1429 5293 tie’ri
1454 5254 1591 5310 ergo
1615 5255 1727 5293 non
1760 5221 1975 5311 potest,

322 5328 439 5379 uta
463 5339 703 5397 corpore
736 5326 1086 5399 separabilis
1118 5328 1269 5383 actio
1299 5344 1412 5382 non
1461 5327 1724 5383 dimanet
1753 5345 1786 5382 a
1834 5330 1975 5384 sub-

325 5412 563 5484 stantia,
594 5429 778 5486 eaque
800 5414 1139 5488 separabili.
1167 5420 1234 5472 Et
1264 5416 1570 5488 posteriori
1597 5416 1834 5489 quidem
1888 5435 1978 5473 re-

329 5499 469 5571 gula
500 5505 735 5557 utemur
765 5504 821 5558 in
857 5503 1202 5575 explicanda
1234 5509 1445 5561 natura
1485 5505 1696 5560 animae
1755 5506 1981 5562 ratione

332 5586 624 5657 praeditas:
660 5592 819 5660 prior
841 5597 1037 5648 autem
1079 5594 1149 5648 ad
1196 5592 1451 5666 reliquas
1497 5594 1805 5649 conducet.
1850 5594 1982 5650 Haec

329 5676 518 5748 igitur
542 5679 725 5748 estde
743 5680 1072 5736 rationabili
1104 5681 1302 5738 anima
1329 5682 1735 5755 disputatio.8i
1768 5680 1932 5739 nulla
1949 5700 1984 5740 a

333 5780 575 5837 corpore
598 5765 1011 5839 inseparabilis
1038 5769 1375 5828 substantia
1395 5770 1786 5845 separabilem
1806 5770 1987 5829 habet

2136 2464 2257 2518 Ἔτι
2309 2458 2463 2517 οὐδὲν
2521 2463 2585 2518 τὸ
2640 2464 2831 2518 ἑαυτοῦ
2888 2460 3177 2534 σπουδάζει
3238 2466 3454 2543 φθεῖραι
3510 2463 3727 2520 ὑποκεί⁹

2068 2569 2254 2625 μενον.
2313 2550 2487 2607 πάντα
2543 2552 2648 2627 γὰρ
2703 2556 2800 2607 τοῦ
2856 2552 2989 2607 εἶναι
3050 2553 3273 2631 ἐφίεται.
3305 2553 3367 2606 Ἦ
3409 2550 3466 2608 δὲ
3516 2550 3725 2629 λογικὴ

2065 2642 2219 2714 ψυχὴ
2274 2647 2600 2717 καταφρονεῖ
2648 2644 2747 2697 τοῦ
2780 2642 3055 2715 σώματος·
3114 2647 3231 2705 τοῖς
3289 2662 3348 2697 τε
3396 2639 3469 2697 δι’
3525 2642 3755 2718 ἀρετὴνν

2064 2729 2256 2793 πόνοις
2312 2730 2446 2785 αὑτὸ
2496 2727 2829 2804 δαμάζουσα,
2888 2730 2979 2785 καὶ
3037 2730 3101 2787 τὸ
3159 2730 3389 2787 σύνολον
3449 2729 3727 2796 πολλάκις

2065 2819 2393 2894 προιεμένη-
2454 2818 2555 2874 οὐκ
2612 2818 2714 2895 ἄρα
2762 2819 2817 2875 ἐν
2873 2819 3324 2894 ὑποκειμένῳτῷ
3382 2822 3597 2894 σώματι
3658 2821 3725 2876 τὸ

2068 2907 2200 2962 εἶναι
2240 2905 2379 2983 ἔχει.
2438 2907 2560 2963 Ἐπὶ
2589 2908 2807 2971 τούτοις
2865 2906 2948 2963 δεῖ
2979 2907 3170 2979 δεῖξαι,
3204 2910 3288 2965 ὅτι
3319 2912 3354 2979 ἡ
3392 2910 3487 2982 μὲν
3522 2907 3722 2985 λογικὴ

2066 2997 2221 3072 ψυχὴ
2254 2995 2587 3073 ἐξῃρημένην
2622 2995 2740 3073 ἔχει
2772 2999 2870 3067 τήν
2935 2999 3119 3053 οὐσίαν
3179 3000 3378 3061 παντὸς
3449 3000 3724 3072 σώματος·

2067 3086 2122 3139 αἱ
2154 3083 2213 3140 δὲ
2244 3084 2433 3141 λοιπαὶ
2485 3086 2774 3160 ἐνσώματι
2807 3088 2869 3142 τὸ
2920 3087 3052 3143 εἶναι
3108 3086 3320 3164 ἔχουσι·
3370 3088 3460 3143 καὶ
3515 3088 3565 3144 ἐν
3630 3089 3725 3161 μὲν

2066 3178 2147 3246 τῷ
2179 3174 2445 3248 πνεύματι
2475 3178 2510 3247 ἡ
2546 3174 2771 3251 ἄλογος
2808 3179 2843 3247 ἡ
2876 3173 2934 3231 δὶ
2983 3177 3181 3255 φυτικὴ
3228 3176 3280 3232 έν
3337 3176 3536 3249 τούτῳ.
3597 3180 3720 3234 ’Ὁτι

2067 3265 2265 3319 κανόνα
2295 3263 2665 3342 παραδίδωσιν
2727 3267 2755 3322 ὁ
2814 3265 3202 3339 Ἀριστοτέλης
3246 3264 3298 3321 ἐν
3330 3271 3408 3339 τῷ
3454 3267 3576 3343 περὶ
3612 3268 3722 3341 ψυ-

2068 3359 2202 3427 χῆς,
2233 3359 2353 3417 τοῖς
2379 3374 2438 3409 τε
2466 3352 2661 3417 ἄλλοις
2693 3360 2850 3421 πᾶσι,
2897 3355 2989 3410 καὶ
3019 3359 3135 3415 τοῖς
3166 3356 3370 3426 θνητὴν
3400 3355 3721 3428 νομίζουσιν

2069 3439 2236 3511 αὐτὴν
2270 3441 2679 3520 συναρέσκοντα.
2734 3444 2889 3499 Ἐστι
2946 3441 3004 3498 δὲ
3062 3442 3090 3497 ὀ
3141 3444 3314 3498 κανὼν
3370 3444 3548 3508 οὗτος.
3610 3449 3723 3515 Δεῖ,

2071 3530 2256 3604 φησὶν,
2317 3529 2378 3587 ἐκ
2430 3536 2539 3586 τῶν
2593 3531 2877 3607 ἐνεργειῶν
2909 3532 3004 3594 τάς
3036 3531 3220 3596 οὐσίας
3279 3533 3504 3608 κρίνεινο
3539 3530 3727 3601 ἐπειδὴ

2069 3618 2159 3674 καὶ
2192 3617 2388 3690 ἑκάστη
2422 3619 2579 3675 οὐσία
2609 3620 2899 3695 σῦστοιχον
2945 3614 3063 3695 ἔχει
3108 3621 3208 3690 τὴν
3258 3619 3547 3697 ἐνέργειαν.
3604 3626 3729 3685 Πῶς

2070 3706 2182 3778 οὖν,
2233 3708 2420 3787 φησὶν,
2481 3707 2657 3781 οὐσία,
2719 3706 2991 3782 μηδεμίαν
3044 3702 3248 3785 ἔχουσα
3304 3707 3569 3786 ἐνέργειαν
3602 3729 3727 3785 χω-

2071 3799 2261 3873 ριστὴν
2317 3797 2595 3871 σώματος,
2655 3798 2708 3869 ἒξ
2764 3798 3005 3873 ἀνάγκης
3066 3794 3191 3853 οὐδὲ
3244 3799 3344 3868 τήν
3402 3798 3585 3854 οὐσίαν
3620 3795 3727 3869 ἔξει

2070 3889 2354 3964 χωριστὴν
2403 3888 2695 3960 σώματος;
2753 3886 2818 3942 Εἰ
2877 3888 2981 3963 γὰρ
3038 3888 3319 3962 χωριστὴν
3370 3881 3575 3964 ἔχουσα
3624 3888 3726 3957 τήν

2073 3975 2291 4045 οὐσίαν,
2352 3975 2625 4050 μηδεμίαν
2682 3974 2948 4052 ἐνέργειαν
3008 3972 3131 4051 ἔχοι
3189 3978 3367 4053 χωρὶς
3419 3980 3676 4051 σώματος
3709 3997 3724 4011 ·

2074 4062 2288 4121 ἐπειδᾶν
2348 4067 2604 4141 χωρισθῇ
2659 4065 2934 4139 σώματος,
2994 4065 3102 4141 οὐχ
3132 4062 3236 4138 ἔξει
3292 4070 3416 4141 περί
3447 4064 3731 4142 ’ὀένεργή-

2075 4174 2176 4209 σειο
2212 4154 2351 4210 ὥστε
2385 4156 2558 4226 μάτην
2587 4152 2757 4211 ἔσται.
2817 4155 2931 4209 Οὐκ
2959 4151 3061 4231 ἄρα
3112 4153 3335 4211 δυνατὸν
3394 4157 3494 4225 τήν
3550 4175 3733 4233 χωρι-

2077 4244 2207 4312 στήν
2265 4242 2451 4298 οὐσίαν
2514 4240 2790 4317 μηδεμίαν
2830 4240 2977 4318 ἔχειν
3012 4244 3281 4321 ἐνέργειαν
3314 4244 3491 4320 χωρὶς
3549 4246 3737 4318 σώμα-

2074 4353 2190 4396 τος.

2154 4616 2323 4672 Πάλιν
2383 4614 2564 4691 ἕτερος
2619 4618 2793 4673 κανὼν
2849 4619 3007 4681 οὗτος
3040 4662 3053 4675 .
3119 4625 3265 4675 [Ιᾶσα
3317 4620 3477 4674 οὐσία
3535 4618 3741 4694 ἔχουσα

2085 4704 2349 4781 ἐνέργειαν
2411 4708 2692 4782 χωριστὴν
2746 4708 3041 4780 σώματος,
3088 4706 3140 4779 ἐξ
3185 4708 3426 4785 ἀνάγκης
3458 4709 3548 4764 καὶ
3601 4709 3739 4777 αὐτὴ

2086 4796 2336 4869 χωριστή
2398 4794 2543 4849 ἔσται
2603 4797 2880 4870 σώματος.
2941 4798 3008 4854 Ei‘
3068 4794 3126 4852 δὲ
3184 4798 3259 4872 μή
3319 4796 3403 4868 εἴη
3464 4800 3738 4874 χωριστὴ,

2087 4878 2421 4955 συμϐήσεται
2454 4885 2517 4939 τὸ
2549 4884 2789 4941 αἶ’τιατὸν
2817 4889 2915 4940 τοῦ
2941 4884 3115 4941 critico
3158 4892 3405 4963 κρεῖττον
3434 4887 3591 4957 εἶναι,
3648 4887 3735 4940 καί

2085 4977 2181 5027 τοῦ
2258 4973 2571 5047 κρείττονος
2636 4975 2698 5029 τὸ
2763 4972 3179 5049 καταδεέστερον
3249 4982 3496 5051 κρεῖττον
3531 4998 3544 5012 ο
3608 4975 3737 5049 ὅπερ

2088 5060 2311 5118 ἄτοπον.
2371 5064 2485 5119 Ἀεὶ
2544 5064 2645 5140 γὰρ
2700 5062 2783 5120 δεῖ
2835 5064 2899 5119 τὸ
2953 5064 3131 5120 α’ίτιον
3185 5071 3427 5143 κρεῖττον
3472 5066 3607 5122 εἶναι
3644 5069 3744 5122 τοῖ’)

2087 5150 2354 5223 αἰτιατοῦ,
2387 5151 2476 5206 καὶ
2518 5152 2581 5206 τὸ
2636 5155 2705 5227 τῇ
2768 5152 2920 5230 φύσει
2977 5155 3263 5227 πρότερον·
3323 5152 3589 5211 ἀδύνατον
3643 5152 3748 5231 ἄρα

2089 5241 2355 5317 ἐνέργειαν
2389 5243 2670 5316 χωριστὴν
2718 5243 2995 5316 σώματος,
3060 5245 3135 5316 μή
3171 5244 3261 5299 ἀπ’
3301 5244 3486 5309 οὐσίας
3540 5245 3748 5322 προέρο

2087 5340 2301 5405 χεσθαι,
2353 5329 2443 5384 καὶ
2475 5328 2643 5399 αὐτῆς
2675 5336 2980 5407 χωριστῆς.
3026 5333 3149 5389 Τῶν
3203 5333 3383 5389 τοίνυν
3440 5332 3746 5409 εἷ’ρημένων

2087 5419 2352 5487 κανόνων,
2386 5419 2751 5495 χρησιμεύσει
2815 5420 2943 5495 ὑμῖν
2993 5422 3020 5475 ὁ
3083 5423 3177 5495 μὲν
3238 5421 3462 5499 ὕστερος
3518 5423 3596 5485 εἷς
3652 5423 3748 5478 τὸν

2090 5509 2213 5583 περὶ
2262 5515 2362 5577 τῆς
2414 5506 2649 5583 λογικῆς
2703 5513 2891 5585 ψυχῆς
2943 5509 3133 5585 λόγον’
3196 5512 3224 5565 ὁ
3271 5509 3330 5567 δὲ
3354 5513 3621 5587 πρότερος
3671 5511 3749 5575 εἷς

2088 5597 2179 5652 τὸν
2208 5597 2331 5671 περὶ
2362 5602 2469 5652 τῶν
2504 5597 2737 5656 λοιπῶν.
2795 5601 2856 5655 Ὁ
2917 5599 3011 5672 μὲν
3076 5599 3169 5654 οὖν
3203 5602 3325 5677 περὶ
3380 5609 3480 5672 τῆς
3514 5608 3751 5676 Λογικῆς

2092 5688 2277 5760 ψυχῆς
2313 5684 2420 5741 ἐστι
2451 5690 2724 5749 τοιοῦτος.
2760 5687 2822 5743 Εἰ
2858 5684 3103 5761 μηδεμία
3134 5689 3448 5765 ἀχώριστος
3492 5691 3751 5762 σώματος

2092 5772 2267 5843 οὐσία,
2298 5772 2413 5851 ἔχει
2446 5778 2728 5851 χωριστὴν
2753 5777 2856 5846 τήν
2898 5777 3190 5854 ἐνέργειαν,
3250 5776 3496 5853 δείξομεν
3556 5775 3615 5834 δὲ
3659 5774 3753 5833 ἐπὶ
