4124 6406
359 483 517 543 {019

1828 493 1928 553 DE
1973 496 2249 555 ANIMA.

3620 498 3774 559 1050

349 620 450 682 τῆς
480 617 664 690 ψυχῆς
699 616 980 692 χωριστὴν
1014 616 1282 691 ἐνέργειαν
1312 621 1569 695 σώματος
1588 667 1601 691 ,
1634 627 1779 677 πᾶσα
1809 622 2004 701 ἀνάγκη

2127 628 2440 695 actionem,
2472 633 2529 685 et
2557 629 2613 684 in
2647 631 2846 685 anima
2877 629 3264 702 separabilem
3309 630 3569 704 aliquam
3597 648 3630 687 a
3660 624 3785 687 cori

353 703 442 758 mi
474 702 641 774 αὐτὴν
670 707 955 782 χωριστήν
988 706 1118 762 εἶναι
1150 750 1165 765 .
1217 709 1384 767 ’Όταν
1431 709 1613 766 τοίνυν
1649 717 1826 787 σκοπῇ
1888 719 2013 792 περὶ

349 796 460 847 τῶν
492 795 706 865 νοητῶν
735 796 769 864 ἡ
803 797 981 870 ψυχή,
1039 797 1131 852 καὶ
1160 797 1256 862 τὰς
1285 798 1412 875 περὶ
1442 804 1577 857 Θεοῦ
1630 801 1842 866 ἐννοίας
1873 825 2014 879 προ-

351 882 666 958 χειρίζηται
701 903 714 917 ο

355 970 474 1050 ἔχει
526 977 627 1046 τήν
684 975 977 1054 ἐνέργειαν.
1036 980 1276 1052 Ὁμοίως
1331 982 1422 1037 καὶ
1454 983 1578 1038 ὅταν
1616 983 1810 1055 ἑαυτὴν
1850 990 2011 1060 ζητῇ’

358 1070 606 1146 οὐδαμοῦ
661 1076 763 1151 γὰρ
824 1074 876 1130 ἐν
929 1075 1146 1140 τούτοις
1205 1076 1331 1134 οὐδὲ
1383 1087 1620 1159 συνεργῷ
1675 1091 1878 1159 χρῆται
1934 1089 2014 1157 τῷ

361 1164 600 1235 σώματι,
660 1160 786 1218 οὐδὲ
839 1163 974 1234 σύτῆ
1004 1166 1126 1243 περὶ
1159 1168 1320 1241 σῶμα
1370 1168 1592 1247 ἐνεργεῖ,
1638 1170 1777 1227 ὥστε
1836 1174 2010 1243 πάντη

358 1251 690 1327 κεχώρισται
741 1254 995 1327 σώματος
1053 1258 1089 1325 ἡ
1138 1259 1363 1329 τοιαότη
1419 1259 1677 1337 ἐνέργεια,
1728 1262 1818 1317 καὶ
1850 1261 2015 1333 αὐτῆς

357 1337 416 1395 δέ
444 1347 542 1411 τῆς
574 1343 887 1419 φαντασίας.
952 1343 1013 1398 Εἰ
1064 1341 1121 1399 δὲ
1166 1345 1404 1422 ἐνέργεια
1441 1351 1715 1425 χωριστὴ,
1776 1350 1827 1424 ἐξ
1886 1351 2012 1407 ἀνά-

356 1449 499 1504 γκης
529 1431 617 1484 καὶ
645 1432 679 1500 ἡ
713 1430 867 1486 οὐσία
898 1431 1066 1503 αὐτῆς
1099 1438 1349 1510 χωριστὴ
1391 1433 1560 1495 ἔσται.
1596 1440 1663 1496 Εἴ
1713 1436 1771 1495 δὲ
1836 1461 2012 1517 χωρι-

358 1519 459 1588 στή
492 1521 527 1589 ἡ
562 1520 743 1592 οὐσία,
773 1522 911 1576 κατά
940 1527 1112 1578 πᾶσαν
1146 1523 1409 1600 ἀνάγκην,
1457 1527 1547 1582 καὶ
1592 1526 1789 1592 ἀΐδιος·
1850 1535 2011 1586 τοῦτο

355 1609 461 1683 γὰρ
492 1613 692 1664 κοινῶς
748 1612 938 1674 πάντες
997 1611 1391 1689 ὁμολογοῦσιν,
1446 1615 1529 1671 ὅτι
1586 1621 1732 1673 πᾶσα
1760 1622 2008 1695 χωριστή

355 1702 456 1753 τοῦ
486 1697 739 1772 σώματος
774 1699 930 1755 οὐσία
988 1704 1241 1777 χωριστὴ
1289 1704 1377 1759 xui
1411 1705 1584 1769 ἀΐδιός
1624 1706 1755 1766 ἐττι.
1812 1709 2010 1765 Σκόπει

356 1787 490 1864 γὰρ,
521 1789 565 1843 εἷ
597 1792 847 1865 χωριστή
882 1791 1038 1847 οὐσία
1072 1794 1147 1864 μή
1180 1792 1321 1850 ἐστιν
1350 1794 1545 1865 ἀΐδιος,
1582 1796 1728 1854 ἀλλά
1779 1803 2008 1876 γεννητή

357 1878 447 1932 καὶ
515 1879 750 1953 φθαρτή,
807 1880 933 1955 πρὶν
991 1880 1256 1956 γενέσθαι,
1303 1885 1339 1953 ἢ
1398 1884 1635 1955 ἠδύνατο
1675 1890 1941 1962 γενέσθαι,
1973 1889 2009 1960 ἢ

777 881 947 954 δῆλον
1009 884 1091 941 ὅτι
1153 890 1437 963 χωριστὴν
1499 892 1701 955 παντὸς
1760 892 2017 967 σώματος

2128 735 2267 791 pore
2299 720 2588 774 actionem
2640 720 2946 775 ostendere
2987 737 3348 793 possumus;
3394 720 3634 776 omnino
3684 737 3783 775 ne-

2128 825 2290 864 cesse
2323 807 2498 864 fuerit
2543 809 2695 864 hanc
2734 825 2968 881 quoque
3014 809 3401 881 separabilem
3452 826 3601 865 esse.
3635 811 3780 865 Cum

2129 896 2314 968 igitur
2343 915 2434 953 res
2483 914 2581 953 eas
2614 914 2741 969 quae
2792 896 3085 953 intellectu
3129 897 3547 970 praecipiuntur
3590 902 3649 954 et
3682 898 3779 954 Dei

2129 985 2394 1041 notiones
2428 986 2536 1041 sibi
2571 985 2844 1058 proponit
2864 986 3209 1055 anima,tum
3242 988 3530 1043 actionem
3563 987 3777 1043 habere

2126 1076 2199 1130 ab
2228 1074 2389 1130 omni
2438 1091 2680 1146 corpore
2726 1080 3014 1130 secretam
3066 1076 3445 1131 manifestum
3495 1079 3605 1142 est,
3651 1081 3777 1132 tum

2126 1165 2303 1220 etiam
2335 1181 2466 1219 cum
2503 1165 2559 1219 in
2593 1181 2656 1219 se
2687 1165 2816 1236 ipsa
2837 1164 3140 1220 descendit
3171 1165 3612 1236 investigando;
3638 1170 3778 1221 tunc

2127 1254 2305 1320 enim,
2342 1270 2524 1324 neque
2558 1254 2884 1308 ministerio
2917 1253 3103 1308 utitur
3132 1252 3415 1326 corporis,
3438 1270 3626 1325 neque
3649 1253 3778 1324 ipsa

2123 1344 2182 1398 iu
2216 1361 2428 1415 corpus
2463 1343 2604 1415 agit,
2635 1342 2717 1399 ita
2747 1348 2811 1398 ut
2840 1344 3080 1399 omnino
3112 1343 3188 1398 sit
3218 1361 3251 1399 a
3279 1359 3519 1414 corpore
3552 1348 3777 1399 semota

2124 1433 2416 1505 ejusmodi
2448 1433 2617 1501 actio,
2652 1434 2771 1489 imo
2803 1437 2859 1488 et
2889 1434 2961 1489 ab
2996 1434 3139 1506 ipsis
3170 1433 3414 1506 objectis
3441 1431 3770 1505 speciebus.

2124 1533 2183 1588 Si
2216 1536 2409 1588 autem
2461 1532 2613 1589 actio
2662 1536 2933 1605 separata
2961 1537 3070 1599 est,
3113 1530 3351 1588 omnino
3378 1532 3507 1602 ejus
3538 1547 3772 1603 quoque

2124 1621 2461 1678 substantia
2509 1620 2856 1694 separabilis
2904 1620 3035 1676 erit.
3068 1620 3167 1676 Sin
3199 1626 3394 1676 autem
3425 1618 3773 1690 separabilis

2123 1712 2725 1783 substantia,penitus
2759 1725 2997 1766 necesse
3026 1713 3209 1779 est,ut
3239 1707 3593 1765 immortalis
3625 1724 3774 1779 quo-

2123 1817 2237 1873 que
2257 1800 2424 1856 sit.ld
2448 1800 2605 1855 enim
2629 1800 2783 1872 apud
2808 1816 3012 1856 omnes
3032 1799 3089 1854 in
3115 1799 3384 1855 confesso
3405 1802 3515 1868 est,
3534 1813 3770 1854 omnem

2121 1907 2423 1962 acorpore
2478 1888 2864 1961 separabilem
2922 1888 3318 1944 substantiam
3375 1885 3770 1944 immortalem

359 1965 461 2021 οὐκ
490 1964 746 2037 ἠδύνατο.
783 1967 849 2025 Ei:
882 1970 976 2042 μὲν
1008 1970 1098 2025 οῦν
1131 1972 1208 2044 μή
1240 1969 1500 2043 ἠδύνατο,
1535 1975 1633 2031 οὐκ
1662 1975 1722 2032 ἂν
1778 1977 2004 2055 ἐγένετο·

2122 1979 2340 2052 pariter
2368 1979 2670 2038 esse.Nam
2697 1978 2929 2035 attende
2956 1994 2969 2033 :
2995 1977 3044 2033 si
3066 1976 3413 2050 separabilis
3436 1974 3771 2032 substantia

359 2056 420 2111 τὸ
449 2056 555 2133 γὰρ
588 2054 847 2113 ἀδύνατον
881 2060 979 2114 οὐκ
1025 2058 1087 2114 ἂν
1117 2059 1351 2136 ἐγένετο.
1406 2064 1469 2121 Εἰ
1503 2061 1560 2120 δὲ
1587 2064 1844 2138 ἠδύνατο,
1883 2067 2005 2125 ὑλι-

353 2145 426 2215 κὴ
480 2146 696 2208 πάντως
752 2150 817 2217 ἦν
851 2165 863 2177 ⁸
923 2154 1083 2205 τοῦτο
1111 2150 1237 2226 γὰρ,
1288 2153 1350 2207 τὸ
1401 2150 1658 2220 δύνασθαί
1685 2178 1817 2212 ποτε
1875 2160 2007 2214 εἶναι

352 2234 394 2319 ἢ
427 2235 503 2309 μή
538 2236 691 2293 εἶναι.
727 2237 791 2295 Et
834 2234 892 2292 δὲ
946 2236 1085 2294 ἄϋλα
1141 2241 1207 2295 τὰ
1258 2244 1506 2318 χωριστὰ
1557 2252 1660 2316 τῆς
1714 2246 1852 2319 ὕλης
1909 2248 2009 2303 οὐκ

352 2318 568 2382 ἔσονται
627 2324 686 2381 ἐκ
740 2331 838 2382 τοῦ
893 2325 1117 2403 δυνάμει
1181 2330 1258 2395 εἷς
1310 2333 1374 2387 τὸ
1405 2332 1647 2411 ἐγεργείᾳ
1694 2336 1849 2391 εἶναι·
1882 2337 2009 2394 ἀλλ’

354 2422 440 2479 ἀεὶ
498 2422 745 2513 ἐνεργεςᾳ
795 2421 1030 2497 ἔσονται,
1079 2426 1170 2483 καὶ
1203 2425 1390 2493 ἄλλως
1447 2438 1551 2487 πᾶν
1606 2434 1668 2489 τὸ
1726 2436 2012 2513 φθειρόμε-

350 2531 470 2583 νον,
515 2514 654 2568 κατᾶ
690 2510 786 2569 δύο
816 2514 1055 2590 τρόπους
1102 2517 1395 2594 φθείρεται,
1429 2522 1465 2592 ἢ
1519 2523 1611 2578 τὸν
1659 2510 1766 2580 τῶν
1825 2510 2009 2600 σωμά-

350 2622 465 2657 των
497 2605 567 2676 τῇ
603 2602 679 2665 εἷς
704 2604 771 2658 τὰ
800 2611 1049 2681 στοιχεῖα
1076 2605 1353 2680 ἀναλύσει,
1411 2612 1445 2681 ἢ
1504 2613 1594 2667 τὸν
1627 2617 1735 2669 τῶν
1793 2616 1916 2690 περὶ
1948 2618 2009 2672 τὸ

350 2695 513 2765 σῶμα
552 2686 1024 2766 ἀποσϐεννυμένου
1057 2700 1154 2750 τοῦ
1208 2694 1404 2771 εἷ’δους,
1461 2702 1532 2771 τῇ
1588 2686 1884 2777 ἀναρμονία
1911 2711 2007 2760 τοῦ

356 2780 741 2852 ὑποκειμένου,
794 2781 844 2837 ἐν
875 2784 921 2855 ᾦ
950 2784 1013 2837 τὸ
1045 2784 1181 2839 εἶναι
1225 2780 1364 2862 ἔχει.
1419 2792 1547 2844 Κατ’
1611 2790 1889 2868 οὐδέτερον
1951 2792 2007 2849 δὲ

352 2873 462 2959 τῖον
497 2868 801 2944 εἰρημένων
834 2872 1053 2946 τρόπων
1086 2870 1360 2950 ἐνδέχεται
1405 2879 1674 2955 φθαρῆναι
1703 2883 1804 2951 τήν
1849 2899 2007 2959 Λογι-

354 2958 457 3026 κὴν
516 2961 723 3034 ψυχήν·
783 2960 1074 3034 ἀσώματος
1133 2963 1237 3039 γάρ
1294 2964 1425 3035 ἐστι,
1484 2968 1573 3023 καὶ
1607 2969 1664 3023 τὸ
1722 2958 2003 3048 εἶναιὲχει

360 3044 464 3100 οὐκ
519 3046 571 3100 ἐν
625 3046 962 3124 ὖποκειμένῳ
1018 3052 1282 3124 σώματι,
1353 3053 1429 3117 ὠς
1480 3053 1744 3114 δέδεικται
1782 3079 1796 3093 ⁸
1868 3032 2006 3117 dign

351 3132 528 3229 ἀΐδιος
577 3139 610 3207 ἡ
645 3135 846 3229 λογική
875 3142 1052 3215 ψυχή.
1108 3143 1231 3198 ’Ότι
1265 3140 1323 3198 δὲ
1351 3145 1385 3214 ἡ
1414 3142 1630 3221 ἄλογος,
1682 3149 1770 3203 καὶ
1906 3173 2004 3229 φυ-

347 3225 474 3294 τική
534 3231 631 3281 τοῦ
674 3226 725 3281 ἐν
759 3229 805 3300 ᾧ
840 3229 944 3284 εἶσι
980 3230 1235 3303 σώματος
1295 3233 1597 3309 ἀχώριστοί
1645 3237 1768 3309 εἷ’σι,
1832 3225 2002 3310 δῆλον

345 3311 409 3370 ἐκ
433 3319 534 3370 τοῦ
582 3315 783 3374 λοιποῦ
831 3319 1079 3385 κανόνος.
1131 3326 1301 3377 Πᾶσαι
1330 3323 1506 3380 τοίνυν
1538 3325 1712 3382 αὐτῶν
1743 3327 1999 3406 ἐνέργειαι

347 3400 402 3458 ἒν
435 3405 646 3478 σώματι
677 3407 767 3462 καὶ
800 3408 923 3484 περὶ
956 3410 1119 3483 σῶμά
1170 3411 1294 3470 εἰσι.
1328 3413 1433 3469 Καὶ
1485 3416 1586 3491 γὰρ
1617 3418 1652 3486 ἡ
1713 3400 1999 3494 θρεπτικὴ,

340 3502 433 3557 καὶ
490 3503 776 3575 αὐξητικὴ,
810 3508 902 3562 καὶ
935 3511 1228 3582 γεννητική
1259 3511 1351 3567 καὶ
1389 3511 1442 3567 ἐν
1472 3514 1686 3588 σώματί
1739 3515 1860 3590 εἶσι,
1907 3520 1996 3574 καὶ

344 3586 436 3645 διὰ
495 3593 752 3665 σώματος
828 3594 1138 3673 ἐνεργοῦσι,
1196 3598 1285 3654 καί
1359 3604 1482 3676 περὶ
1541 3586 1798 3677 σώματα⁵
1846 3586 2000 3663 ’ὥστε

340 3685 452 3768 τῶν
486 3681 753 3756 σωμάτων
803 3684 1130 3762 ἀχώριστοι.
1191 3691 1310 3746 Ἔτι
1365 3693 1472 3764 μὴν
1524 3692 1613 3748 καὶ
1647 3695 1674 3749 6
1707 3697 1877 3768 θυμὸς
1910 3697 1997 3752 καὶ

341 3770 379 3839 ἡ
438 3767 717 3858 έπιθυμίαο
768 3780 911 3828 κινεῖ
957 3775 1060 3850 γὰρ
1093 3777 1120 3831 6
1163 3777 1257 3851 μὲν
1310 3780 1373 3834 τὸ
1429 3767 1784 3858 περικάρδιον
1839 3788 1997 3857 αἷμα,

341 3860 378 3927 ἡ
436 3856 493 3913 δὲ
548 3860 611 3914 τὸ
641 3860 790 3937 ἧπαρ
817 3861 1050 3919 τοιῶσδε
1077 3865 1113 3935 ἢ
1148 3864 1380 3922 τοιῶσδε
1412 3856 1737 3940 διατίθησιν.
1770 3874 1855 3930 Ἐν
1890 3856 1995 3928 σώ-

346 3967 475 4021 ματι
511 3948 606 4021 μὲν
640 3948 847 4006 οὖνκαὶ
890 3953 1064 4023 αὗται,
1116 3956 1206 4010 καὶ
1268 3953 1355 4011 διὰ
1404 3958 1676 4031 σώματος,
1727 3962 1816 4017 καὶ
1873 3965 1994 4038 περῖ

342 4035 591 4109 σώματα.
623 4038 817 4115 Ἠγᾶρ
855 4040 1186 4116 βρωμάτων,
1238 4044 1273 4114 ἢ
1324 4048 1653 4120 χρημάτων,
1713 4052 1748 4121 ἢ
1809 4035 1999 4116 ἅπλῶς

339 4130 672 4197 σωματικῶν
702 4129 1036 4204 πραγμάτων
1086 4130 1260 4207 ὄρεξίς
1294 4131 1434 4189 ἐστιν
1466 4137 1501 4206 ἡ
1548 4135 1809 4211 ἐπιθυμία
1835 4159 1846 4170 ·
1907 4140 1996 4196 καὶ

340 4213 368 4268 6
420 4215 617 4286 θυμὸς,
650 4216 724 4278 εἷς
751 4218 816 4271 τὸ
848 4218 1213 4291 ἀντιλυπῆσαι
1244 4223 1335 4277 τὸν
1366 4221 1439 4285 εἷίς
1485 4246 1538 4280 τι
1595 4227 1804 4282 τούτων
1870 4227 2000 4304 βλά-

341 4305 535 4377 ψαντα·
569 4303 706 4359 ὥστε
738 4307 793 4360 αἱ
847 4305 1109 4384 ἐνέργειαι
1171 4309 1378 4366 τούτων
1445 4315 1547 4369 οὐκ
1585 4316 1709 4371 ἄνευ
1742 4303 1997 4390 σώματος

341 4390 393 4466 ἐξ
443 4392 687 4468 ἀνάγκης
721 4416 734 4428 ·
796 4396 873 4459 εἰς
926 4396 981 4451 τί
1043 4395 1099 4453 δὲ
1160 4407 1518 4474 χωρισθεῖσαι
1573 4402 1844 4481 ἕνεργοῦσι
1878 4453 1893 4480 ,
1946 4409 1999 4463 τί

343 4480 651 4556 θρέψουσιν,
706 4483 742 4553 ἢ
793 4485 1142 4556 αὖε-τίσουσιν,
1202 4487 1238 4557 ἢ
1268 4492 1587 4565 γεννήσουσι
1614 4512 1627 4562 ;
1658 4480 1779 4549 τίνα
1820 4493 1876 4550 δὲ
1908 4498 1998 4551 καὶ

342 4569 842 4659 ἀντιλυπήσουσινς
877 4573 1032 4633 Ἀλλ’
1090 4574 1220 4633 οὐδὲ
1370 4577 1633 4653 ἐπιθυμία
1676 4581 1887 4659 ἰσχύσει
1945 4607 1999 4641 τι

342 4663 452 4714 τῶν
510 4657 710 4732 ἡδέων,
768 4667 875 4718 τῶν
932 4664 1224 4721 κινούντων
1286 4667 1455 4737 αὐτὴν
1491 4668 1566 4732 εἷς
1600 4657 1797 4746 ὄρεξιν·
1860 4673 1998 4729 ὥστε

2118 2088 2232 2126 non
2265 2074 2355 2126 est
2382 2069 2758 2133 immortalis,
2794 2069 2895 2124 sed
2927 2067 3321 2141 generationis
3350 2070 3408 2122 et
3436 2065 3766 2139 corruptio-

2117 2161 2209 2215 nis
2258 2175 2459 2231 capax,
2510 2162 2823 2229 antequam
2877 2160 3059 2224 lieret,
3090 2154 3173 2213 vel
3207 2155 3332 2213 ﬁeri
3379 2158 3629 2229 poterat,
3671 2150 3767 2211 vel

2117 2266 2231 2305 non
2254 2252 2499 2321 poterat.
2534 2248 2591 2303 Si
2613 2264 2748 2319 ergo
2769 2263 2882 2302 non
2916 2249 3158 2318 poterat,
3189 2261 3493 2317 nunquam
3513 2245 3758 2300 fuisset:

2118 2347 2273 2418 quod
2296 2347 2454 2402 enim
2493 2345 2618 2401 fieri
2651 2361 2767 2402 non
2792 2335 3002 2415 potest,
3034 2359 3340 2415 nunquam
3368 2342 3545 2398 fuerit
3576 2358 3591 2400 :
3625 2345 3684 2397 at
3712 2341 3763 2397 si

2120 2440 2368 2508 poterat,
2401 2434 2572 2506 plane
2606 2434 2911 2489 maleriata
2940 2439 3103 2501 erat;
3140 2433 3195 2487 id
3246 2431 3403 2486 enim
3455 2434 3545 2487 est
3591 2446 3765 2502 posse

2118 2541 2281 2595 esse;
2308 2532 2365 2581 et
2394 2541 2508 2580 non
2529 2540 2675 2580 esse.
2709 2523 2767 2579 Si
2790 2528 2986 2577 autem
3010 2521 3400 2577 immateriata
3423 2536 3537 2575 non
3568 2524 3764 2587 erunt,

2121 2632 2247 2688 quae
2280 2631 2313 2669 a
2343 2613 2589 2669 materia
2639 2613 2899 2685 separari
2949 2615 3218 2684 possunt,
3269 2627 3385 2665 non
3431 2609 3562 2665 ideo
3611 2610 3767 2680 quod

2121 2705 2310 2777 reipsa
2357 2720 2485 2759 esse
2516 2703 2780 2774 possint;
2814 2702 2915 2757 sed
2967 2702 3158 2773 reipsa
3207 2715 3440 2771 semper
3474 2703 3667 2754 erunt.
3700 2699 3772 2753 Et

2118 2794 2376 2862 aliunde,
2410 2792 2803 2864 quodcunque
2846 2790 3268 2863 corrumpitur,
3298 2789 3530 2844 duobus
3577 2788 3768 2845 modis

2118 2883 2520 2954 corrumpitur
2554 2900 2568 2951 ;
2601 2880 2686 2937 vel
2744 2897 3053 2954 corporum
3118 2879 3475 2935 resolutione
3531 2878 3591 2933 in
3647 2878 3769 2934 elc-

2120 2977 2339 3040 menta,
2374 2970 2461 3027 vel
2488 2971 2775 3026 exstincta
2799 2972 2986 3024 forma
3007 2986 3207 3024 eorum
3245 2986 3369 3040 quas
3393 2971 3530 3023 sunt
3561 2967 3620 3022 in
3651 2982 3772 3022 cor-

2118 3087 2274 3142 pore,
2300 3070 2495 3124 soluta
2525 3084 2735 3140 nempe
2766 3073 2822 3123 et
2853 3068 3089 3123 turbata
3121 3068 3250 3138 ejus
3283 3066 3530 3137 subjecti
3564 3065 3621 3119 in
3656 3081 3774 3136 quo

2117 3165 2224 3229 est,
2251 3158 2532 3230 temperie
2554 3163 2729 3229 atque
2768 3161 3074 3211 concentu.
3109 3160 3183 3210 At
3206 3160 3412 3210 neutro
3442 3153 3783 3225 corrumpi-.

2114 3253 2214 3305 tur
2243 3249 2444 3303 anima
2475 3248 2719 3303 rationis
2752 3251 2976 3319 potens,
3012 3245 3228 3318 quippe
3260 3262 3385 3316 qua:
3431 3244 3771 3316 incorporea

2116 3343 2224 3406 est,
2257 3337 2390 3393 etin
2415 3354 2655 3409 corpore
2679 3341 2954 3406 tanquam
2983 3335 3041 3388 in
3071 3334 3339 3405 subjecto
3363 3349 3477 3388 non
3518 3331 3768 3401 exsistit,

2116 3432 2183 3483 ut
2213 3431 2681 3482 demonstratum
2713 3430 2821 3480 est.
2859 3425 3059 3496 Itaque
3089 3428 3306 3478 aeterna
3326 3426 3415 3477 est
3444 3421 3643 3475 anima
3676 3437 3766 3475 ra-

2112 3517 2290 3573 tionis
2320 3532 2598 3588 compos:
2632 3515 2730 3569 sed
2766 3519 2824 3569 et
2853 3514 3246 3582 brutorum,et
3277 3511 3611 3582 plantarum
3643 3509 3768 3564 ani-

2113 3624 2294 3676 mam,
2329 3606 2401 3661 ab
2432 3623 2518 3670 eo,
2552 3605 2610 3659 in
2652 3620 2765 3676 quo
2817 3607 2975 3670 sunt,
3023 3603 3290 3672 subjecto
3341 3599 3600 3672 separari
3649 3614 3766 3653 non

2110 3712 2380 3766 posse,ex
2410 3693 2717 3764 posteriori
2750 3691 2952 3765 regula
2985 3690 3362 3746 manifestum
3396 3689 3510 3743 fiet.
3546 3688 3763 3744 Omnes

2108 3785 2290 3855 igitur
2319 3784 2555 3838 illarum
2607 3781 2865 3837 actiones
2898 3781 2955 3836 in
2987 3795 3228 3851 corpore
3258 3784 3315 3833 et
3359 3778 3515 3834 circa
3553 3793 3766 3848 corpus

2108 3879 2285 3940 sunt;
2320 3871 2491 3927 altrix
2524 3870 2705 3940 enim,
2738 3874 2793 3926 et
2824 3870 3073 3932 auctrix,
3107 3875 3163 3923 et
3210 3866 3561 3939 generalrix,
3595 3869 3653 3921 et
3701 3865 3760 3920 in

2107 3978 2345 4032 corpore
2377 3965 2537 4022 sunt,
2573 3964 2630 4014 et
2691 3976 2790 4030 per
2822 3975 3035 4029 corpus
3067 3962 3272 4028 agunt,
3326 3959 3383 4010 et
3429 3954 3585 4009 circa
3635 3970 3767 4009 cor-

2109 4067 2251 4123 pora
2281 4068 2292 4105 :
2328 4050 2406 4103 ita
2437 4066 2552 4104 non
2600 4052 2848 4120 possunt
2880 4066 2911 4101 a
2938 4045 3282 4117 corporibus
3336 4042 3619 4115 separari;
3670 4042 3763 4098 Ira

2108 4140 2307 4194 itidem
2341 4144 2397 4193 et
2427 4135 3046 4208 concupiscentiatllla
3077 4134 3233 4188 enim
3265 4131 3639 4204 sanguinem,
3665 4130 3768 4201 qui

2108 4230 2264 4285 circa
2318 4245 2416 4282 cor
2473 4233 2581 4297 est,
2640 4230 3009 4281 commovet:
3045 4222 3145 4278 illa
3198 4224 3367 4294 jecur
3425 4220 3535 4277 hoc
3593 4220 3765 4277 illove

2110 4319 2284 4373 modo
2316 4315 2523 4371 allicit:
2557 4315 2615 4369 in
2648 4330 2887 4386 corpore
2919 4313 3100 4386 igitur
3133 4311 3244 4366 illa:
3277 4326 3510 4382 quoque
3543 4314 3769 4375 sunt,et

2111 4424 2211 4480 per
2259 4423 2492 4477 corpus,
2543 4412 2600 4461 et
2648 4405 2802 4459 circa
2850 4419 3116 4473 corpora.
3151 4401 3424 4456 Ciborum
3469 4398 3622 4454 enim
3675 4398 3765 4455 vel

2108 4494 2605 4569 pecuniarum,vel
2639 4494 2892 4565 denique
2925 4509 3117 4547 rerum
3151 4491 3412 4562 corporis
3432 4487 3768 4561 appetentis

2107 4589 2197 4642 est
2229 4586 2311 4640 vis
2344 4582 2838 4656 concupiscendi:
2873 4582 3134 4637 irascens
3166 4577 3623 4650 vero,cupiditas
3642 4576 3768 4632 vin-

2107 4675 2341 4730 dicandi
2362 4674 2419 4728 in
2439 4672 2702 4744 eum,qui
2724 4672 2784 4726 in
2803 4671 3053 4726 istorum
3074 4667 3274 4740 aliquo
3293 4665 3763 4724 nobisotfecerit.

348 4749 526 4823 μάτην
586 4747 822 4820 ἔσονται,
855 4754 987 4830 ὅπερ
1018 4755 1159 4812 ἐστὶν
1189 4754 1474 4814 ἀδύνατον·
1537 4760 1846 4838 ἀχώριστος
1893 4762 1995 4840 ἄρα

2116 4764 2321 4819 Harum
2348 4764 2544 4834 itaque
2566 4763 2825 4817 actiones
2849 4760 2977 4815 sine
2999 4774 3239 4828 corpore
3289 4771 3417 4811 esse
3440 4757 3763 4826 nequeunt,

343 4850 381 4918 ἡ
415 4848 572 4903 οὑσία
608 4850 896 4923 σωμάτων,
956 4852 1008 4925 ἐξ
1066 4857 1135 4924 ἧς
1195 4856 1249 4910 αἱ
1298 4861 1544 4914 τοιαῦται
1582 4860 1825 4936 πρόεισιν
1858 4860 2001 4938 ἐνέρο

343 4956 509 5014 γειαι.
570 4936 730 4995 Ἀλλ’
758 4940 808 4995 εἴ
841 4942 934 5015 μὲν
992 4946 1189 5022 φυτική
1218 4951 1316 5001 τοῦ
1346 4950 1556 5023 παχέος
1595 4947 1738 5005 ἐστὶν
1792 4936 2002 5029 ἀχώρι-

346 5047 497 5095 στος,
549 5029 638 5083 καὶ
682 5031 1068 5106 συμφθείρεται
1102 5034 1272 5108 αὐτῷ’
1324 5036 1415 5091 καὶ
1464 5035 1633 5108 δῆλον
1666 5038 1716 5111 ἐξ
1745 5037 1818 5095 ὧν
1869 5041 2001 5096 εἰσιν

347 5115 404 5172 αἱ
446 5113 703 5190 δυνάμεις
734 5117 911 5193 αῦται,
962 5121 1051 5177 καὶ
1082 5121 1133 5179 ἐν
1163 5130 1280 5187 τοῖς
1332 5133 1540 5204 φυτοῖς,
1598 5127 1650 5185 ἐν
1712 5132 1794 5193 οἷς
1850 5130 2008 5186 πνεύ-

350 5207 578 5279 ματικὸν
609 5212 771 5283 σῶμα
800 5208 861 5264 οὐ
921 5212 1223 5286 θεωρεῖται.
1267 5215 1572 5273 Δείκνυνται
1627 5216 1685 5275 δὲ
1727 5219 1829 5275 καῖ’
1871 5221 2006 5293 μετᾶ

347 5295 456 5385 τήν
482 5292 665 5385 ἔξοδον
720 5305 823 5368 τῆς
870 5303 1054 5377 ψυχῆς
1100 5297 1179 5356 ἔτι
1229 5300 1579 5376 διαμένουσαι
1617 5308 1825 5385 βραχύν
1874 5292 2005 5364 τινα

346 5382 554 5460 χρόνον
582 5383 636 5440 ἐν
663 5386 844 5461 τούτῳ
868 5393 948 5462 τῷ
976 5391 1213 5464 σώματι’
1257 5389 1452 5470 ὅνυχές
1497 5415 1556 5450 τε
1599 5382 1703 5471 γὰρ
1726 5382 1837 5453 *καὶ
1893 5399 2007 5474 τρί-

347 5492 449 5549 χες
505 5477 604 5560 τοῦ
660 5481 852 5551 νεκροῦ
910 5477 1165 5552 σώματος
1224 5476 1492 5552 αὔξονται.
1531 5483 1709 5541 Ἀλλᾶ
1742 5489 1816 5560 μή
1871 5507 2005 5542 ποτε

349 5560 453 5617 οὐκ
482 5558 701 5633 ἀληθὴς
733 5565 760 5620 6
809 5564 978 5641 λόγος
1025 5565 1221 5630 οὗτος·
1285 5567 1347 5623 οὐ
1400 5569 1502 5645 γὰρ
1561 5558 1796 5645 αὔξεται,
1855 5574 2003 5651 φασῖ,

347 5653 542 5719 ταῦτα,
601 5651 748 5708 ἀλλὰ
801 5656 1124 5729 τηκομένων
1182 5657 1274 5711 καὶ
1335 5658 1673 5732 μειουμένῶν
1731 5666 1839 5716 τῶν
1880 5664 2004 5739 περῖ

351 5737 518 5801 αὐτὰς
551 5745 786 5816 σαρκῶν,
823 5743 1035 5817 μᾶλλον
1069 5744 1530 5821 ἀπογυμνοῦσθαι,
1563 5749 1650 5804 καὶ
1709 5748 1798 5806 διὰ
1841 5737 2004 5809 τοῦτο

353 5823 447 5881 καί
494 5827 661 5899 μείζω
707 5833 797 5887 καὶ
854 5833 1133 5907 ηὐξημένα
1189 5832 1364 5891 δοκεῖν
1426 5838 1748 5916 φαίνεσθαι.
1827 5840 2008 5898 Ἀλλά

2114 4858 2171 4908 at
2204 4853 2259 4907 in
2282 4852 2423 4924 quid
2439 4859 2615 4923 agent
2640 4846 2953 4921 sejunctas?
2980 4846 3120 4919 quid
3141 4843 3414 4909 alent,vel
3441 4844 3766 4915 augebunt,

2112 4949 2198 5005 vel
2230 4949 2621 5021 progignent?
2652 4964 2823 5019 quem
2876 4942 3280 4999 ulciscentur?
3310 4941 3409 4997 sed
3444 4956 3633 5011 neque
3662 4955 3765 4995 cu-

2110 5040 2326 5112 piditas
2358 5038 2475 5093 ulla
2507 5055 2566 5093 re
2597 5037 2854 5109 potietur
2901 5050 3101 5089 earum
3136 5048 3262 5103 qua:
3312 5030 3397 5085 illi
3436 5029 3763 5101 appetitum

2112 5133 2500 5183 commovent.
2539 5128 2776 5182 Frustra
2805 5125 2984 5196 igitur
3025 5128 3198 5178 erunt
3230 5139 3243 5176 :
3277 5120 3434 5192 quod
3465 5136 3607 5174 sane
3640 5116 3766 5173 fieri

2113 5218 2337 5290 nequit.
2369 5216 2638 5289 Separari
2683 5232 2819 5287 ergo
2851 5232 2885 5268 a
2914 5211 3256 5284 corporibus
3307 5226 3420 5265 non
3472 5212 3665 5280 potest
3694 5224 3766 5263 ea

2113 5306 2467 5374 substantia,
2490 5324 2560 5360 ex
2590 5323 2707 5377 qua
2749 5304 2897 5360 tales
2931 5302 3217 5374 prodeunt
3255 5300 3532 5354 actiones.
3569 5297 3680 5353 Sed
3712 5296 3766 5351 si

2113 5406 2387 5469 vegetans
2418 5415 2450 5453 a
2480 5414 2680 5453 crasso
2727 5411 2967 5466 corpore
3017 5391 3247 5464 scjungi
3283 5407 3395 5446 non
3446 5393 3673 5462 potest;
3709 5393 3768 5444 et

2115 5505 2231 5542 una
2262 5504 2395 5541 cum
2423 5503 2489 5542 eo
2521 5488 2954 5557 corrumpitur:
3003 5482 3059 5536 id
3090 5498 3156 5537 ex
3188 5480 3259 5535 iis
3300 5479 3523 5535 clarum
3556 5484 3666 5545 est,
3697 5494 3769 5533 ex

2115 5579 2331 5650 quibus
2362 5583 2502 5633 sunt
2533 5578 2617 5632 ha:
2652 5573 3171 5648 potestates,etiam
3207 5572 3264 5626 in
3300 5568 3604 5643 plantis,in
3636 5569 3765 5639 qui-

2114 5670 2224 5724 bus
2252 5667 2514 5739 spiritale
2544 5684 2757 5738 corpus
2790 5682 2904 5720 non
2953 5662 3232 5718 cernitur.
3267 5661 3377 5717 Sed
3411 5669 3464 5715 et
3506 5662 3637 5731 post
3664 5673 3765 5712 cx-

2114 5775 2342 5813 cessum
2395 5757 2602 5811 animae
2652 5753 2893 5828 paulum
2941 5752 3226 5823 temporis
3257 5753 3314 5805 in
3365 5750 3475 5804 hoc
3522 5761 3763 5816 corpore

2115 5863 2352 5902 manere
2382 5846 2672 5901 videntur.
2708 5844 2944 5915 Ungues
2975 5841 3131 5896 enim
3163 5846 3219 5896 et
3252 5837 3348 5909 pili
3384 5833 3599 5890 mortui
3632 5848 3761 5886 cor-
