4124 6390
348 451 497 516 1Οό1
1689 448 2022 508 MICHAEI

2156 446 2426 508 PSELLI
3611 441 3769 502 1053

348 583 506 656 poris
537 586 846 655 augentur.
881 583 989 638 Sed
1027 599 1226 640 verum
1262 583 1316 638 id
1371 599 1485 640 non
1526 587 1615 639 est
1649 599 1660 638 :
1696 599 1799 640 nec
1845 583 2000 640 enim

2135 579 2240 653 τερὶ
2276 579 2370 652 μὶν
2400 576 2631 651 τούτων,
2664 578 2750 633 καὶ
2797 573 2908 650 ἰδίᾳ
2965 576 3290 649 θιῶρητέον.
3351 571 3504 642 Πλὴν
3558 572 3604 628 εἶ
3656 570 3768 628 ἔστι

351 673 469 728 ιιιεο
501 677 810 745 augentur,
845 672 1146 745 inquiunt,
1174 674 1272 729 sed
1307 673 1613 730 tabefactis
1643 678 1700 730 et
1730 675 2005 731 imminu-

2135 690 2169 723 τι
2199 671 2297 736 τῆς
2330 668 2628 738 αὐξητικῆς
2658 665 2817 743 ’ίχνος
2862 665 2950 722 καὶ
2987 665 3120 738 μετά
3161 664 3386 728 θάνατον
3421 661 3472 717 ἐν
3531 667 3611 734 τῷ
3671 662 3774 715 σώ-

348 763 424 818 tis
456 762 757 828 carnibus,
791 761 1160 816 renudantur
1209 761 1422 831 magis,
1468 761 1540 816 ob
1591 777 1840 833 eamque
1885 779 2004 818 rem

2135 781 2272 829 1.0m,
2337 760 2475 814 ὥστε
2515 759 2733 828 καὶτῆς
2766 760 3079 833 θρεπτικῆς·
3133 753 3221 810 διὰ
3259 755 3359 830 γὰρ
3399 754 3498 823 τὴν
3551 750 3771 822 αὔξησιν

351 851 575 922 majora
606 855 661 905 et
688 851 948 906 auctiora
982 849 1506 921 apparent.Verum
1525 851 1592 906 de
1611 850 1704 905 bis
1724 852 2006 922 peculiari

2135 850 2206 904 ιαὶ
2240 853 2273 919 ἡ
2306 851 2503 926 τροφή.
2538 850 2793 904 Ἐνταῦοα
2824 847 2924 924 ἄρα
2954 845 3123 916 δῆλον
3160 845 3242 900 ὅτι
3275 845 3326 899 ἐν
3358 848 3436 916 τῷ
3468 845 3680 915 σώματι
3711 842 3775 898 τὸ

350 941 576 996 ratione
614 940 998 1010 quaerendum
1033 943 1141 994 est.
1174 939 1234 994 Si
1267 939 1876 1004 auctricisfacultatis
1909 959 2006 995 ve-

2135 941 2252 993 ιῖναι
2285 936 2502 1014 ἔχουσιν
2561 940 2616 994 αἱ
2675 937 2928 1010 δυνάμεις
2975 935 3152 992 αὗται.
3189 934 3253 994 Εἰ
3304 932 3360 990 ὃὶ
3394 932 3570 1002 αὗται,
3601 932 3689 987 καὶ
3739 934 3775 1002 ἡ

349 1030 591 1102 stigium
609 1029 846 1100 aliquod
863 1029 920 1083 in
937 1030 1582 1100 corpore,quemadmod
1595 1036 1745 1084 umet
1762 1031 2006 1099 altricis,

2135 1031 2434 1104 γεννητική
2469 1037 2566 1098 τῆς
2595 1030 2696 1106 γὰρ
2720 1028 2886 1099 αὐτῆς
2917 1026 3026 1086 ἐστι
3060 1024 3426 1100 συστοιχείας.

354 1124 486 1194 post
519 1122 760 1175 mortem
796 1124 1058 1174 remanet
1087 1122 1246 1189 (nam
1281 1123 1519 1192 propter
1549 1121 1978 1177 incrementum
2034 1120 2317 1177 alimenta
2366 1122 2712 1193 sumuntur)
2760 1120 2897 1176 hinc
2949 1118 3328 1176 manifestum
3379 1118 3488 1180 est,
3538 1131 3637 1170 eas
3687 1114 3776 1170 ta-

352 1209 602 1267 cultates
660 1210 714 1265 in
772 1227 1014 1283 corpore
1059 1227 1204 1266 esse.
1258 1210 1357 1265 Sin
1407 1215 1604 1266 autem
1657 1211 1763 1281 1133,
1812 1213 2144 1284 generatrix
2199 1228 2475 1284 quoque;
2531 1211 2797 1282 ejusdem
2859 1209 3016 1268 enim
3077 1212 3167 1264 est
3221 1205 3452 1279 generis
3509 1209 3566 1260 et
3626 1202 3782 1262 ordi-

355 1301 469 1356 nis.

427 1430 615 1500 Hujus
648 1445 778 1484 vero
828 1427 1066 1500 aliquod
1116 1431 1291 1485 etiam
1339 1429 1651 1502 vestigium
1688 1431 1743 1484 in
1783 1434 2012 1486 mortuo

357 1519 810 1592 corpore,videri
838 1519 1068 1591 possint
1098 1536 1223 1590 quae
1255 1519 1391 1574 inde
1420 1524 1764 1591 erumpunt,
1789 1520 2013 1575 anima-

356 1609 457 1678 lia,
490 1625 702 1680 vespae,
733 1608 882 1672 dico,
915 1625 984 1663 ex
1014 1608 1448 1680 equinis,apes,
1483 1625 1550 1663 ex
1583 1609 1857 1679 taurinis,
1891 1625 2016 1664 ver-

359 1715 485 1755 mes
517 1715 580 1754 ex
628 1699 905 1754 humanis
957 1698 1360 1764 cadaveribus,
1395 1702 1452 1752 et
1500 1698 1742 1763 similia,
1789 1715 2012 1768 verum,

356 1789 978 1860 inquiunt,brutorum
1013 1787 1212 1843 anima
1243 1805 1357 1843 non
1382 1789 1506 1859 jam
1537 1788 1770 1844 exsistit
1800 1789 1855 1844 in
1892 1807 2018 1845 cor-

356 1894 535 1950 pore;
581 1881 890 1949 permanet
941 1877 1098 1933 enim
1149 1882 1281 1950 post
1325 1878 1676 1943 discessum,
1728 1880 1900 1935 etiam
1950 1898 2017 1936 ea

2200 1426 2335 1482 Ἴδοι
2372 1426 2429 1481 ἂν
2461 1447 2541 1488 τις
2580 1426 2669 1480 καὶ
2703 1424 2859 1501 ἴχνος
2879 1445 2931 1480 τι
2963 1423 3164 1494 ταύτης
3223 1421 3276 1477 ἐν
3332 1426 3411 1494 τῷ
3455 1424 3631 1494 νεκρῷ
3674 1419 3787 1473 σώ-

2134 1539 2282 1590 ματι,
2315 1517 2380 1572 τὰ
2420 1515 2673 1592 γινόμενα
2734 1519 2864 1584 ζῶα·
2917 1521 3127 1592 σφῆκας
3181 1511 3325 1588 λέγω
3376 1511 3466 1566 καὶ
3529 1507 3788 1584 μελίσσας

2128 1609 2215 1662 καὶ
2281 1605 2572 1673 σκώληκας
2629 1604 2717 1659 καὶ
2749 1606 2816 1659 τὰ
2855 1603 3038 1678 ὅμοια.
3073 1608 3130 1660 Ἦ
3171 1603 3264 1676 μὲν
3295 1623 3380 1656 τοι
3408 1599 3634 1674 ἄλογος,
3694 1619 3792 1677 φα-

2131 1698 2235 1769 σὶν,
2281 1696 2378 1750 οὐκ
2407 1692 2483 1750 ἔτι
2531 1695 2582 1750 ἐν
2615 1699 2692 1765 τῷ
2748 1696 2961 1767 σώματι
3006 1687 3120 1769 ἔχει
3151 1691 3214 1747 τὸ
3247 1693 3402 1747 εἶναι·
3451 1687 3792 1762 ἐπιδιαμένει

2129 1787 2230 1862 γὰρ
2256 1787 2343 1840 καὶ
2381 1785 2515 1858 μετά
2573 1786 2670 1854 τὴν
2732 1780 2912 1855 ἔξοδον
2950 1783 3038 1838 καὶ
3076 1781 3428 1853 ὑποκείμενον
3479 1777 3680 1854 ἔχουσα
3727 1777 3791 1832 τὸ

2133 1875 2496 1949 πνευματικὸν
2553 1878 2732 1946 σῶμα.
2787 1875 2960 1948 ’Όπερ
2993 1870 3104 1926 ἐστὶ
3139 1871 3236 1944 μὶν
3267 1871 3357 1925 καὶ
3389 1867 3518 1924 αὐτὸ
3553 1867 3612 1924 ἐκ
3656 1871 3796 1922 τῶν·

359 1984 486 2039 ᾳυω
533 1966 866 2037 ubjectum
891 1966 1068 2022 habet
1099 1983 1312 2038 corpus
1347 1967 1604 2039 spirans,
1638 1970 1792 2040 quod
1827 1969 2019 2040 ipsum

2135 1964 2209 2022 δε.
2241 1967 2465 2041 Λέγεται
2511 1962 2568 2018 ’δὶ
2627 1963 2686 2018 ἐκ
2735 1967 2832 2018 τοῦ
2884 1961 3284 2030 πλεονάζοντος
3317 1956 3564 2028 ἤτοιτοῦ
3612 1955 3793 2032 ἀέρος’

361 2073 430 2111 ex
461 2055 554 2112 his
587 2071 823 2128 quoque
854 2060 1084 2111 constat
1117 2055 1447 2124 elementis,
1483 2057 1583 2113 sed
1618 2059 1691 2113 ab
1740 2075 1894 2123 aere,
1923 2072 2022 2131 qui

362 2146 421 2200 in
475 2163 542 2202 eo
601 2152 932 2218 exsuperat,
994 2144 1373 2217 appellatur:
1407 2148 1908 2219 quemadmodum
1969 2155 2024 2205 et

361 2251 629 2291 crassum
665 2238 939 2292 terrestre
989 2251 1201 2306 corpus
1233 2253 1264 2291 a
1295 2241 1470 2304 terra,
1505 2254 1631 2308 qua:
1665 2238 1720 2292 in
1756 2253 1821 2293 eo
1853 2255 2023 2295 exsu-

365 2329 549 2397 perat,
585 2323 855 2380 similiter
885 2325 1120 2380 dicitur.
1153 2325 1366 2381 Verum
1415 2327 1536 2381 haec
1586 2327 1784 2399 opinio
1816 2328 2025 2383 Graecae

367 2413 562 2487 potius
593 2417 684 2469 est
705 2414 982 2470 vanitatis
1005 2431 1180 2486 quam
1209 2415 1509 2472 veritatis:
1537 2433 1664 2488 quaa
1688 2418 1736 2472 si
1778 2417 2025 2488 probare

366 2504 578 2559 nititur
599 2504 905 2558 brutorum
954 2505 1212 2559 animam
1239 2510 1294 2558 et
1317 2505 1561 2560 rationis
1597 2511 1890 2576 expertem
1915 2506 2025 2560 hoc

363 2610 580 2664 corpus
600 2593 834 2664 spirans
869 2595 1199 2649 necessario
1231 2594 1470 2661 habere,
1509 2601 1639 2665 post
1668 2596 2020 2665 discessum,

365 2681 664 2753 inquiunt,
698 2682 769 2736 ab
794 2681 901 2736 hoc
927 2699 1171 2753 corpore
1196 2684 1264 2736 ad
1309 2699 1512 2737 orcum
1539 2683 1772 2738 devenit
1803 2683 2022 2753 anima,

363 2771 561 2826 etvitsa
586 2788 699 2826 non
723 2771 961 2826 honeste
980 2776 1290 2827 transacta:
1339 2789 1540 2844 poenas
1567 2773 1861 2844 persolvit.
1898 2779 2022 2830 Non

362 2861 519 2916 enim
557 2860 610 2914 id
660 2865 890 2914 tantum
923 2865 1089 2915 curat
1138 2861 1533 2928 Providentia,
1567 2866 1630 2916 ut
1679 2863 1886 2934 simus,
1921 2864 2020 2918 sed

367 2949 596 3004 utbene
627 2947 838 3004 simus.
873 2951 1061 3015 Quare
1095 2967 1208 3005 non
1241 2949 1555 3022 negligitur
1597 2952 1816 3020 anima,
1851 2953 1959 3008 etsi
1991 2971 2023 3009 a

366 3043 589 3094 natura:
622 3056 736 3094 sum
787 3038 912 3110 lege
956 3039 1256 3108 exciderit,
1311 3041 1411 3094 sed
1462 3058 1720 3113 congrua
1747 3059 1889 3098 cura
1919 3044 2019 3098 ad-

365 3129 754 3186 ministratur.
789 3133 861 3185 Et
893 3133 1205 3200 postquam
1243 3147 1345 3200 per
1395 3129 1745 3188 hilaritatem
1797 3136 1854 3188 et
1881 3134 2022 3188 etfu-

362 3234 490 3274 sam
525 3217 787 3274 laetitiam
823 3219 1102 3290 peccavit,
1142 3222 1471 3276 necessario
1506 3238 1607 3293 per
1636 3222 1897 3279 dolorem
1923 3240 2017 3279 ex-

361 3307 736 3380 purgabitur.
768 3313 909 3365 Cum
945 3325 1077 3364 vero
1103 3311 1445 3382 incorporea
1476 3311 1572 3377 sit,
1606 3310 1868 3368 dolorem
1903 3329 2015 3368 non

364 3397 597 3461 sentiet,
622 3413 813 3468 neque
845 3398 1090 3453 internis
1123 3398 1240 3454 illis
1271 3399 1604 3455 carceribus
1629 3404 1686 3455 et
1713 3402 2022 3456 tormentis

365 3486 665 3556 punietur.
692 3487 776 3541 Ab
828 3503 895 3542 ea
926 3486 1106 3558 igitur
1151 3504 1327 3542 suum
1359 3504 1572 3559 corpus
1624 3489 1873 3560 pendere
1923 3506 2022 3546 ne-

365 3591 532 3630 cesse
563 3580 674 3644 est,
707 3576 862 3646 quod
898 3575 1212 3631 immodice
1254 3582 1567 3644 secretum,
1600 3577 1688 3634 vel
1735 3577 2023 3634 immode-

367 3669 492 3719 rato
525 3664 732 3719 ardore
781 3669 838 3719 et
888 3664 1118 3720 ustione
1167 3671 1524 3732 concretum,
1571 3667 1853 3734 animam,
1889 3669 2026 3739 quia

367 3771 502 3812 cum
538 3754 638 3809 illo
671 3755 910 3826 patitur,
945 3756 1258 3811 excruciat.
1293 3757 1402 3811 Sed
1447 3758 1786 3828 responderi
1833 3763 2026 3829 potest

370 3845 441 3900 ad
492 3842 656 3900 illam
709 3847 1321 3916 argumentationem:
1358 3846 1416 3902 Si
1468 3863 1501 3901 a
1532 3863 1731 3903 crasso
1785 3865 2027 3919 corpore

366 3935 636 4005 sejunota
667 3934 886 4003 anima,
920 3951 1024 4006 per
1072 3934 1333 4006 spiritale
1381 3952 1596 4008 corpus
1648 3938 1763 4008 pati
1811 3943 1866 3993 et
1896 3955 2029 3993 cru-

367 4023 510 4080 ciari
544 4024 868 4090 consuevit,
904 4023 1050 4080 nihil
1082 4026 1313 4080 obstare
1345 4027 1665 4096 quominus
1696 4026 1768 4082 ab
1803 4027 1901 4084 illo
1934 4030 2031 4084 ab-

367 4117 586 4182 stracta
609 4112 866 4185 patiatur
891 4135 904 4182 ;
931 4115 1411 4186 quandoquidem
1438 4132 1680 4186 prorsus
1711 4117 1782 4171 ad
1809 4119 2033 4188 patien',’

366 4203 506 4256 dum
550 4207 722 4257 natas
771 4202 946 4258 habet
996 4203 1326 4273 facultates,
1381 4223 1480 4276 per
1530 4224 1679 4277 quas
1712 4225 1744 4261 a
1776 4189 2028 4278 spiritall

365 4307 608 4362 corpore
641 4291 760 4362 pati
820 4291 987 4347 solet.
1023 4294 1534 4358 Quemadmodum
1601 4296 1757 4350 enim
1807 4297 2030 4353 aerium

362 4380 473 4435 hoc
505 4397 742 4450 corpus,
775 4380 988 4436 inferni
1040 4384 1336 4438 cruciatus
1386 4386 1663 4450 attinent,
1697 4391 1752 4440 et
1798 4403 1900 4458 per
1949 4387 2030 4441 id:

364 4468 665 4525 animam:
703 4470 782 4525 ita
813 4470 919 4526 etsi
953 4471 1181 4527 nullum
1220 4473 1617 4530 intercedebat
1662 4491 1874 4547 corpus
1908 4493 2031 4532 me-

367 4559 557 4628 dium,
590 4558 741 4614 nihil
791 4565 914 4614 erat
962 4561 1390 4631 impedimenti,
1425 4565 1750 4634 quominus
1802 4565 2033 4622 dolores

361 4647 621 4704 animam
656 4647 1029 4720 attingerent.
1063 4650 1192 4706 Sive
1236 4653 1395 4706 enim
1427 4653 1554 4708 sine
1603 4671 1852 4725 corpore
1903 4671 2032 4711 esse

2137 2052 2317 2130 ὤσπερ
2351 2056 2520 2110 καὶτὸ
2552 2053 2702 2129 παχὺ
2733 2056 2922 2130 γήϊνον
2957 2050 3016 2108 ἐκ
3043 2056 3144 2106 τοῦ
3173 2050 3572 2119 πλεονάζοντος
3607 2044 3793 2105 ὡσαύ-

2133 2169 2264 2208 τως.
2301 2145 2448 2216 Αὕτη
2515 2145 2610 2218 μὶν
2670 2144 2760 2198 οὗν
2823 2145 2858 2212 ἡ
2911 2139 3038 2211 δόξα
3068 2138 3404 2211 Ἑλληνικῆς
3437 2139 3546 2194 ἂστι
3582 2135 3798 2210 μᾶλλον

2139 2234 2475 2310 μυθολογίας
2543 2236 2577 2304 ἢ
2640 2232 2897 2302 ἀληθείας
2936 2276 2948 2288 .
3007 2231 3067 2285 El
3122 2228 3179 2285 δὶ
3231 2230 3320 2284 καὶ
3378 2223 3796 2294 κατασκευᾶζειν

2134 2331 2422 2400 πειρᾶται,
2487 2323 2538 2394 ἐξ
2596 2323 2833 2397 ἀνάγκης
2890 2317 3036 2395 ἔχειν
3077 2320 3178 2388 τὴν
3228 2315 3427 2394 ἄλογον
3489 2317 3675 2392 ψυχὴν
3731 2313 3796 2368 τὸ

2134 2415 2501 2488 πνευματικὸν
2558 2417 2718 2467 τοῦτο
2770 2415 2950 2483 σῶμα,
3012 2410 3191 2484 φασὶν,
3246 2407 3329 2463 ὅτι
3392 2406 3524 2481 μετὰ
3579 2405 3678 2472 τὴν
3738 2402 3800 2458 ἔκ

2133 2505 2328 2561 τούτου
2379 2509 2476 2560 τοῦ
2532 2505 2787 2576 σώματος
2843 2499 3053 2572 ἔξοδον,
3115 2499 3191 2563 εἷς
3249 2494 3382 2569 ᾅδου
3408 2499 3710 2577 ἀφικνεῖται
3759 2498 3794 2567 ἡ

2134 2597 2312 2670 ψυχὴ,
2345 2593 2434 2648 καὶ
2466 2595 2656 2654 ποινὰς
2707 2591 2880 2646 ἰκεῖσε
2921 2596 3028 2645 τῶν
3088 2589 3148 2644 οὖ
3207 2589 3392 2650 καλῶς
3456 2581 3794 2664 βεϐιωμινον

2135 2685 2386 2759 παρέχει.
2420 2683 2496 2740 Οὐ
2546 2682 2649 2757 γὰρ
2701 2679 2862 2753 μόνον
2919 2681 2982 2734 τὸ
3037 2680 3170 2734 εἶναι
3230 2681 3390 2751 ἡμῶν
3434 2675 3709 2752 φροντίζει
3757 2678 3793 2745 ἡ

2133 2775 2387 2848 πρόνοια.
2443 2771 2587 2827 ἀλλὰ
2615 2771 2676 2825 τὸ
2711 2769 2766 2824 εὖ
2811 2769 2966 2826 εἶναι.
3003 2769 3096 2823 Διὸ
3129 2768 3228 2822 οὐκ
3252 2764 3536 2840 ἀμελεῖται
3569 2767 3603 2833 ἠ
3637 2766 3792 2839 ψυχὴ

2135 2863 2212 2927 εἰς
2241 2863 2302 2918 τὸ
2334 2861 2479 2938 παρά
2538 2860 2693 2935 φύσιν
2736 2858 3150 2932 ἐξολισθήσασα,
3181 2855 3328 2913 ἀλλὰ
3375 2856 3633 2931 τυγχάνει
3692 2856 3796 2923 τῆς

2132 2952 2520 3030 προσηκούσης
2551 2949 2868 3023 ἐπιμελείας
2905 2967 2918 2981 '
2976 2949 3066 3004 καὶ
3100 2944 3288 3014 ἐπειδὴ
3349 2944 3410 3000 τὸ
3467 2942 3793 3018 ἁμαρτάνειν

2132 3044 2268 3117 αὐτῇ
2326 3039 2414 3096 διὰ
2461 3038 2840 3116 γλυκυθυμίαν
2898 3037 3129 3115 ἐγένετο,
3186 3035 3236 3110 ἕξ
3290 3036 3530 3111 ,ἀνάγκης
3583 3033 3672 3087 καὶ
3729 3033 3794 3088 τὸ

2131 3133 2463 3208 καθαρθῆναι
2527 3128 2595 3185 δι’
2654 3128 2942 3205 ἀλγήσεως
3001 3127 3138 3201 αὐτῇ
3172 3127 3487 3200 γενήσεται.
3544 3123 3801 3195 Ἀσώμα-

2128 3243 2223 3284 τος
2251 3219 2307 3276 δὲ
2349 3219 2499 3287 οὖσα,
2552 3219 2652 3274 οὐκ
2683 3216 2742 3272 ἂν
2780 3216 3098 3291 ἀλγύνοιτο,
3135 3212 3262 3270 οὐδὲ
3291 3219 3408 3276 τοῖς
3445 3212 3553 3267 ὑπὸ
3585 3213 3685 3289 γῆν
3715 3209 3798 3265 δι-

2131 3311 2488 3386 καιωτηρίοις
2566 3309 2901 3377 κολάζοιτο.
2994 3305 3204 3364 Οὔκουν
3293 3305 3494 3380 ἀνάγκη
3576 3303 3795 3375 σώματι

2137 3404 2358 3480 ἐξῆφθαι
2419 3399 2606 3470 αὐτῆς·
2641 3401 2670 3454 ὃ
2703 3397 3116 3473 διακρινόμενον
3150 3395 3426 3470 ἀμέτρως,
3485 3395 3519 3464 ἢ
3569 3412 3797 3467 συγκρι-

2133 3493 2359 3565 νόμενον
2423 3488 2523 3545 ὑπὸ
2558 3487 2822 3566 ,φλέξεως
2875 3489 2910 3558 ἢ
2950 3486 3192 3550 καύσεως
3252 3485 3513 3560 ἀμέτρου,
3573 3483 3795 3557 ἀλγύνει

2134 3585 2232 3650 τήν
2291 3581 2476 3655 ψυχὴν
2507 3577 2598 3634 διὰ
2625 3580 2724 3646 τήν
2781 3575 3142 3650 συμπάθειαν.
3201 3572 3380 3634 Ἀλλᾶ
3428 3573 3530 3649 γὰρ
3563 3570 3672 3646 ipsi
3701 3591 3789 3632 τις

2135 3673 2273 3745 πρὸς
2331 3672 2427 3739 τὴν
2490 3667 2884 3742 πιθανολογίαν
2944 3664 3164 3734 ταύτην.
3226 3664 3299 3725 ὡς
3356 3662 3401 3717 εἷ
3465 3661 3699 3736 πέφυκεν
3757 3663 3793 3728 ἡ

2137 3763 2289 3837 ψυχὴ
2342 3758 2696 3835 χωριζομένη
2730 3761 2828 3811 τοῦ
2884 3757 3094 3830 παχὲος
3126 3755 3403 3826 σώματος,
3446 3749 3675 3826 πάσχειν
3705 3747 3796 3837 διὰ

2288 3852 2657 3922 πνευματικοῦ
2711 3847 2968 3919 σώματος
3036 3845 3127 3900 καὶ
3183 3841 3508 3916 ἀλγύνεσθαι
3545 3858 3558 3876 ο
3637 3835 3794 3894 οὐδὲν

2136 3939 2340 3996 κωλύει
2373 3937 2538 4006 αὐτὴν
2595 3936 2684 3991 καὶ
2718 3935 2893 4012 χωρὶς
2952 3934 3155 3989 ἱκεῖνου
3184 3933 3247 3987 τὸ
3304 3932 3474 3992 πάθος
3538 3926 3792 4004 ἀναδέχε-

2138 4033 2281 4087 σθαιο
2345 4027 2490 4102 εἷ’περ
2552 4024 2699 4088 ὅλως
2730 4025 2820 4080 καὶ
2875 4022 3177 4094 παθητικὰς
3221 4019 3338 4096 ἔχει
3397 4017 3674 4092 δυνάμεις,
3725 4014 3798 4072 δι’

2141 4121 2213 4173 ὧν
2270 4116 2360 4172 καὶ
2417 4113 2646 4189 πάσχειν
2707 4114 2809 4168 ὑπὸ
2867 4118 2962 4169 τοῦ
2992 4114 3362 4184 πνευματικοῦ
3419 4109 3671 4181 σώματος
3704 4105 3798 4162 πὲ-

2142 4228 2325 4285 φυκεν.
2375 4205 2579 4278 ’Ὠσπερ
2608 4205 2708 4278 γὰρ
2741 4206 2837 4257 τοῦ
2896 4198 3175 4275 ἀερώδους
3205 4198 3400 4253 τούτου
3424 4197 3678 4269 σώματος
3727 4193 3796 4249 τὰ

2142 4297 2193 4354 ἐν
2229 4291 2360 4365 ᾅδου
2416 4294 2560 4363 πάθη
2595 4293 2845 4347 ἅπτεται·
2908 4289 2994 4346 διὰ
3041 4287 3099 4345 δὲ
3127 4288 3323 4345 τούτου
3378 4286 3468 4342 καὶ
3529 4292 3630 4355 τῆς
3693 4287 3796 4358 ψυ-

2146 4393 2275 4460 χῆς·
2309 4384 2452 4438 οὕτω
2501 4381 2590 4437 καὶ
2625 4381 2670 4437 εἰ
2706 4383 2780 4456 μὴ
2819 4381 2978 4454 μέσον
3011 4373 3466 4453 παρελαμϐἀνετο
3499 4376 3558 4430 τὸ
3611 4378 3793 4445 σῶμα,

2145 4472 2298 4528 οὐδὲν
2359 4472 2424 4541 ἧν
2479 4468 2756 4544 ἐμποδὼν,
2820 4471 3079 4532 ἅπτεσθαι
3137 4469 3204 4521 τά
3261 4465 3404 4535 πάθη
3457 4471 3554 4533 τῆς
3585 4466 3796 4537 ψυχῆς.

2143 4568 2240 4621 "Av
2295 4582 2353 4617 τε
2407 4560 2507 4636 γὰρ
2566 4560 2853 4632 ἀσώματον
2919 4558 3212 4624 ὑποθῶσιν,
3246 4555 3488 4629 εὐχερῶς
3538 4551 3798 4626 ἰφάψεται

2142 4661 2243 4724 τῆς
2302 4657 2489 4727 ψυχῆς
2525 4695 2538 4709 .
2599 4655 2694 4708 "Av
2743 4652 2790 4705 τ’
2851 4649 3159 4721 ἐνσώματον
3191 4693 3203 4715 ,
3263 4643 3350 4700 διὰ
3398 4647 3494 4699 τοῦ
3545 4642 3798 4716 σώματος

359 4736 636 4807 dixerint,
673 4737 838 4792 facile
861 4738 1118 4795 animam
1145 4741 1437 4811 attingent
1465 4766 1478 4808 ;
1512 4741 1633 4798 sive
1665 4742 1722 4798 in
1755 4761 2020 4816 corpore,

2135 4741 2369 4818 ἔπασχεν
2399 4743 2432 4810 ἠ
2493 4742 2670 4815 ψυχή’
2700 4743 2735 4808 ἡ
2792 4740 2894 4815 γὰρ
2923 4735 3115 4799 ἓνωσις
3148 4734 3304 4791 οὐδὲν
3343 4732 3557 4808 μᾶλλον
3615 4743 3794 4800 παθη-

358 4843 464 4898 per
483 4843 698 4898 corpus
720 4828 919 4884 anima
942 4833 1272 4900 pateretur:
1303 4833 1429 4900 conj
1443 4833 1637 4888 unctio
1660 4832 1816 4888 enim
1844 4834 2026 4890 nihilo

359 4917 550 4987 magis
576 4933 704 4972 eam
731 4917 891 4983 facit,
925 4923 988 4974 ut
1012 4917 1289 4990 patiatur.
1326 4919 1540 4978 Verum
1575 4921 1696 4978 haec
1723 4921 2027 4980 diffusiora

357 5011 521 5074 sunt,
555 5024 732 5079 quam
771 5013 838 5064 ut
885 5009 1240 5066 collectanea
1272 5013 1495 5067 deceat.
1531 5013 1637 5068 Sed
1672 5019 1728 5068 et
1767 5014 1858 5070 bis
1891 5033 2026 5086 pro-

354 5095 493 5152 bare
542 5114 605 5152 se
654 5099 981 5165 confidunt,
1015 5099 1282 5172 spiritale
1325 5118 1560 5174 quoque
1608 5120 1824 5175 corpus
1869 5121 2020 5162 esse,

359 5200 466 5240 nec
497 5187 570 5241 ab
602 5203 668 5242 eo
704 5188 881 5243 etiam
917 5196 1050 5259 post
1099 5196 1369 5261 mortem,
1405 5191 1719 5250 humanam
1763 5195 2021 5251 animam

361 5275 622 5343 separari
659 5292 831 5346 posse
862 5292 874 5332 :
912 5281 1089 5349 atque
1116 5278 1175 5333 in
1207 5285 1368 5345 eo,ut
1399 5280 1456 5335 in
1490 5281 1839 5353 subjecto,et
1872 5284 2021 5340 iram

360 5379 491 5418 esse
523 5369 582 5419 et
629 5365 1149 5438 concupiscentem
1205 5369 1431 5436 dicunt,
1459 5387 1562 5425 nec
1593 5371 1665 5427 ab
1693 5389 1758 5427 eo
1788 5375 2021 5446 sejungi

361 5467 573 5523 posse;
609 5460 741 5524 post
771 5460 1019 5513 mortem
1053 5457 1210 5513 enim
1244 5458 1330 5514 ira
1360 5464 1417 5514 et
1465 5459 1755 5531 cupiditas
1787 5480 2020 5535 perma-

361 5544 525 5606 nent,
559 5559 688 5613 quaa
721 5543 778 5600 in
813 5545 1081 5615 subjecto
1115 5546 1365 5618 spiritali
1411 5565 1650 5620 corpora!
1703 5551 1926 5609 insunt.
1961 5554 2019 5608 Si

359 5629 516 5685 enim
567 5631 746 5688 simul
792 5650 859 5689 ac
890 5651 919 5690 e
950 5652 1191 5708 corpore
1249 5653 1489 5709 egressa
1537 5644 1626 5696 est
1675 5641 1894 5710 anima,
1945 5643 2018 5698 ab

361 5719 521 5774 omni
558 5720 720 5777 ﬁeret
767 5723 1030 5780 eruciatu
1066 5729 1121 5782 et
1151 5742 1302 5782 noxa
1353 5727 1660 5795 immunis,
1690 5747 1832 5803 pura
1864 5737 2019 5788 esset

360 5807 617 5878 penitus,
651 5815 705 5867 et
739 5829 770 5867 a
800 5813 1179 5884 generatione
1228 5815 1408 5874 libera
1443 5834 1455 5873 :
1489 5818 1562 5874 ab
1612 5820 1771 5876 omni
1824 5827 2017 5877 autem

2134 4834 2289 4902 τικὴν
2318 4837 2467 4888 ποιεῖ
2511 4833 2609 4900 τὴν
2645 4832 2852 4905 ψυχήν.
2912 4826 3094 4885 Ἀλλὰ
3123 4829 3288 4886 ταῦτα
3329 4827 3421 4898 μὶν
3480 4830 3580 4894 τῆς
3633 4819 3788 4877 ἆκλο-

2134 4931 2237 5000 γῆς
2273 4923 2462 4998 μείζω.
2511 4919 2664 4990 Πλὴν
2716 4918 2805 4976 διὰ
2834 4923 3022 4988 τοῦτο,
3083 4913 3289 4972 οἷόνται
3321 4915 3408 4970 καὶ
3457 4914 3521 4970 τὸ
3551 4929 3786 4980 πνευμα-

2134 4999 2283 5068 τικὸν
2333 5011 2750 5079 κατασκευάζειν
2783 5009 2864 5066 ὅτι
2924 5007 3035 5062 ἐστι
3067 5010 3247 5079 σῶμα,
3298 5005 3388 5061 καὶ
3438 5002 3520 5058 ὅτι
3582 4999 3789 5076 ἀχώρι-

2137 5124 2259 5166 στος
2292 5103 2459 5159 αὐτοῦ
2517 5101 2607 5156 καὶ
2667 5099 2801 5173 μετὰ
2855 5098 3080 5154 θάνατον
3139 5098 3174 5165 ἡ
3227 5093 3429 5168 λογικὴ
3478 5093 3656 5166 ψυχή.
3706 5089 3794 5146 Ἐν

2130 5192 2312 5264 τούτῳ
2371 5188 2428 5246 δὲ
2485 5189 2559 5250 ὡς
2617 5188 2668 5244 ἐν
2732 5186 3096 5260 ὑποκειμένῳ,
3148 5182 3238 5240 καὶ
3296 5184 3387 5238 τὸν
3441 5181 3611 5253 Θυμόν
3641 5197 3792 5256 φασι,

2132 5281 2222 5338 καὶ
2253 5281 2351 5349 τήν
2400 5277 2689 5352 ἐπιθυμίαν
2748 5276 2907 5344 εἶναι,
2939 5275 3028 5332 καὶ
3060 5273 3349 5350 ἀχώριστα
3393 5270 3560 5326 αὐτοῦ
3586 5266 3790 5342 τυγχάο

2131 5392 2262 5427 νειν·
2297 5369 2388 5425 καὶ
2419 5370 2519 5445 γὰρ
2556 5369 2691 5442 μετά
2736 5367 2828 5422 τὸν
2878 5367 3101 5422 Θάνατον
3161 5363 3188 5418 ὁ
3222 5361 3394 5434 θυμὸς
3439 5360 3529 5415 καὶ
3586 5361 3621 5427 ἡ
3681 5355 3793 5445 ἑπι-

2133 5460 2299 5533 θυμία
2330 5444 2572 5532 διαμένει
2627 5455 2678 5512 ἐν
2739 5454 3102 5529 ὑποκειμὲνῳ,
3157 5447 3358 5527 ἔχοντα
3406 5452 3470 5505 τὸ
3529 5449 3684 5516 εἶναι,
3737 5444 3789 5506 ἐν

2126 5546 2590 5622 τῷπνεύματικῷ
2624 5547 2860 5619 σώματι.
2931 5543 2990 5600 Εἰ
3048 5542 3150 5618 γὰρ
3212 5542 3323 5614 ἅμα
3352 5542 3420 5613 τῇ
3471 5535 3641 5609 ἐξόδῳ
3698 5539 3794 5590 τοῦ

2131 5637 2388 5712 σώματος
2438 5636 2820 5708 ἀπηλλάττετο
2865 5638 2970 5689 τῶν
3029 5631 3211 5685 παθῶν
3262 5627 3470 5684 τούτων
3521 5629 3556 5696 ἠ
3609 5625 3791 5699 ψυχὴ,

2125 5728 2332 5804 καθαρά
2385 5725 2444 5782 ἂν
2496 5727 2562 5797 ἦν
2614 5725 2852 5794 πάντως,
2908 5723 2998 5780 καὶ
3058 5719 3319 5796 γενέσεως
3363 5713 3786 5804 ἀντηλλαγμένη.

2129 5803 2536 5892 ἀπηλλαγμὲνη
2598 5812 2655 5870 δὲ
2713 5812 2846 5870 οὖσι
2876 5811 2964 5868 καὶ
3019 5814 3127 5864 τῶν
3165 5811 3350 5872 παθῶν
3375 5805 3594 5875 καὶτῆς
3643 5803 3792 5878 γενι-
