4124 6408
307 487 467 548 1053

1805 487 1909 549 DE
1953 486 2226 546 ΑΝΙΜΑ.

3576 500 3734 559 1054

303 637 463 686 σεως,
525 617 727 688 ἀνῆκτο
788 619 872 688 ἓν,
935 620 1026 676 καὶ
1080 620 1178 677 οὐκ
1227 619 1288 677 ἄν
1319 627 1436 687 τοῖς
1470 623 1572 678 ὑπὸ
1601 624 1701 698 γῆν
1735 617 1948 675 δικαιω·

2075 618 2518 689 perturbatione
2549 626 2606 678 et
2634 623 3011 695 generatione
3041 625 3259 693 soluta,
3283 625 3528 683 dimissa
3558 638 3734 698 esset,

300 705 519 782 τηρίοις
551 705 899 782 παρεδίδοτο.
935 709 1018 766 Τὰ
1070 708 1128 766 δὲ
1187 708 1550 788 δικαιωτήρια
1607 711 1964 791 ἐπιστρέφου-

307 816 388 849 σιν
449 795 617 865 αὑτῆν
676 797 813 873 πρὸς
867 799 1061 869 ἑαυτὴν
1094 845 1108 870 ,
1179 796 1317 856 ὥστε
1373 801 1566 858 λοιπὸν
1623 805 1966 878 καταγνοῦσα

301 884 524 954 ἑαυτῆς,
575 885 752 958 οἰκείᾳ
797 889 949 963 ὁρμῆ
999 891 1357 966 καθαρθῆναι.
1419 891 1568 948 Δύτᾶι
1619 893 1711 966 μὲν
1767 890 1867 968 γὰρ
1898 889 1964 944 τὰ

302 971 664 1048 δικαιωτήρια
695 975 794 1032 οὐκ
832 977 1015 1054 ἀνάγει
1068 977 1259 1049 αὐτὴν,
1319 980 1466 1037 ἀλλά
1519 982 1783 1056 καθαίρει·
1842 991 1961 1043 καθ-

303 1062 567 1139 αιρομένη
622 1061 680 1121 δὲ
729 1064 1125 1145 ἐπιστρέφεται,
1186 1070 1276 1124 καὶ
1335 1069 1471 1140 αὐτή
1520 1071 1716 1141 ἑαυτὴν
1778 1071 1961 1144 ἀνέχει

303 1151 563 1228 γενέσεως
621 1153 1028 1230 ἀπαλλαγεῖσα.
1081 1157 1213 1214 Τότε
1268 1158 1446 1215 τοίνυν
1505 1160 1594 1215 καὶ
1640 1161 1731 1214 τὸν
1791 1159 1958 1232 θυμὸν

304 1241 515 1311 mitia
547 1241 840 1318 ἐπιθυμίαν
896 1246 1205 1304 ἀποτίθεται
1245 1249 1380 1322 μετά
1408 1249 1606 1305 τούτου
1663 1253 1759 1304 τοῦ
1816 1249 1961 1323 ὀχή-

306 1352 495 1405 ματος,
556 1337 652 1388 τοῦ
710 1341 1080 1405 πνευματικοῦ
1141 1335 1306 1415 λέγω·
1345 1339 1422 1402 ὡς
1454 1339 1586 1394 εἶναί
1623 1361 1672 1394 τι
1703 1339 1792 1394 καὶ
1829 1339 1963 1412 μετά

297 1425 462 1477 τοῦτο
491 1420 634 1479 ἄλλο
662 1444 715 1479 τι
748 1422 940 1483 ἀϊδίως
999 1426 1167 1497 αὐτῆς
1228 1427 1533 1502 ἐξημμένον
1581 1432 1743 1502 σῶμα
1799 1427 1959 1501 οὐρά-

297 1530 436 1577 νιον,
495 1510 586 1568 καὶ
645 1509 732 1567 διὰ
788 1517 950 1569 τοῦτο
980 1512 1178 1585 ἀίδιον,
1210 1516 1300 1571 καὶ
1333 1516 1408 1580 ὥς
1458 1537 1638 1596 φασιν,
1682 1514 1960 1592 αὐγοειδὲς

297 1599 335 1668 ἢ
387 1598 716 1677 ἀστροειδές.
776 1603 899 1660 Τῶν
948 1603 1048 1680 γὰρ
1099 1603 1406 1680 ἐγκοσμίων
1468 1603 1629 1661 οὖσαν
1667 1651 1681 1678 ,
1754 1604 1956 1682 ἀνάγκη

297 1689 516 1752 πάντως
570 1687 717 1766 ἔχειν
776 1692 900 1747 τινὰ
946 1691 1182 1769 κλῆρον,
1216 1694 1272 1749 ὅν
1338 1693 1606 1766 διοικήσει
1644 1694 1808 1771 μέρος
1832 1690 1960 1752 ὄντα

293 1781 394 1833 τοῦ
424 1778 656 1852 κόσμου,
687 1780 776 1835 καὶ
810 1782 855 1836 εί
886 1780 968 1836 ἀεὶ
1026 1782 1283 1854 ἀκίνητός
1331 1783 1466 1855 ἐστι,
1512 1787 1599 1840 καὶ
1655 1783 1736 1840 δεῖ
1790 1785 1955 1853 αὐτὴν

297 1865 558 1944 ἐνεργεῖν,
593 1867 676 1924 δεῖ
731 1869 896 1940 αὐτὴν
927 1870 1075 1947 ἔχειν
1109 1869 1302 1938 ἀϊδίως
1332 1873 1636 1947 ἐξημμένον
1666 1896 1718 1929 τι
1777 1879 1955 1945 σῶμα.

299 1958 482 2015 Ἀλλᾶ
508 1964 675 2016 ταῦτα
709 1962 804 2036 μὲν
841 1964 891 2017 el.
921 1962 1244 2035 Ἑλληνικοί
1312 1965 1405 2020 καὶ
1459 1965 1800 2022 Πλατωνικοὶ
1863 1970 1958 2042 μῦ·
1987 1995 2037 2061 Β

299 2051 406 2107 θοι.

373 2158 523 2229 “Ὀτι,
564 2157 715 2236 φασὶ,
768 2163 866 2214 τοῦ
928 2160 1022 2233 μὶν
1079 2165 1450 2234 πνευματικοῦ
1505 2162 1757 2236 σώματος
1789 2163 1816 2218 ὁ
1866 2175 1956 2228 θυ-

303 2247 406 2319 μὸς
453 2247 544 2302 καὶ
601 2251 637 2320 ἡ
687 2249 949 2326 ἰπιθυμία
1005 2251 1310 2326 ἀχώριστα.
1369 2253 1546 2323 Δῆλον
1617 2251 1674 2308 δὲ
1726 2253 1812 2309 καὶ
1874 2255 1958 2310 ὅτι

301 2334 482 2414 ὥσπερ
531 2339 584 2392 αἱ
647 2338 867 2408 ζωτικαὶ
919 2340 974 2394 αἱ
1032 2343 1310 2415 θρεπτικαὶ
1371 2345 1471 2408 τῆς
1528 2342 1736 2418 ἀλόγου
1799 2341 1957 2398 δυνά-

302 2445 466 2498 μεως,
525 2425 579 2483 ἐν
641 2432 720 2501 τῷ
775 2429 1040 2502 πνεύματι
1075 2427 1342 2507 ἵδρυνται,
1401 2431 1544 2487 οὕτω
1600 2434 1686 2488 καὶ
1729 2434 1786 2488 αἱ
1811 2455 1956 2510 γνω-

297 2514 495 2571 στικαί.
547 2515 610 2570 Εἰ
667 2517 770 2593 γὰρ
803 2518 856 2572 αἱ
917 2517 1138 2594 χείρους
1171 2519 1348 2576 αὐτῶν
1379 2520 1578 2576 τούτου
1607 2525 1705 2576 τοῦ
1746 2522 1957 2598 παχέος

295 2603 551 2677 σώματός
603 2603 706 2660 εἷ’σι
763 2607 1057 2682 χωρισταὶ,
1091 2606 1292 2682 πολλῷ
1320 2608 1534 2683 μᾶλλον
1565 2611 1618 2665 αἱ
1650 2609 1951 2686 κρείττουςο

291 2691 570 2768 κρείττους
604 2692 662 2750 δὲ
719 2697 772 2750 αἱ
833 2699 1147 2772 γνωστικαὶ.
1195 2699 1457 2776 φαντασία
1517 2698 1666 2778 λέγω
1725 2701 1815 2756 καὶ
1870 2698 1954 2756 αἶ’-

293 2793 506 2856 σθησις.
566 2783 721 2841 Ἀλλ’
784 2785 828 2839 εἰ
887 2787 973 2841 καὶ
1036 2785 1089 2841 ἐν
1147 2785 1335 2861 ἐκείνῳ
1394 2783 1583 2865 ἔχουσι
1611 2791 1672 2844 τὸ
1705 2791 1842 2846 εἶναι
1900 2791 1955 2846 αἱ

295 2869 493 2948 ἄλογοι
523 2879 623 2943 τῆς
654 2877 841 2950 ψυχῆς
876 2872 1153 2950 δυνάμεις⁸
1211 2876 1340 2933 ἀλλ’
1397 2879 1489 2932 οὗν
1530 2883 1786 2956 φοιτῶσιν
1823 2878 1950 2956 ἴχνη

300 2962 424 3014 τινὰ
479 2962 567 3015 ἀπ’
628 2963 831 3019 ἑκείνου
886 2965 975 3020 καὶ
1034 2965 1123 3020 ἐπὶ
1177 2966 1241 3021 τὸ
1300 2965 1452 3042 παχὺ
1499 2972 1594 3022 τοῦ
1648 2970 1904 3042 σώματος
1937 2987 1950 3002 ·

307 3048 488 3124 ὥσπερ
544 3051 633 3105 καὶ
687 3053 789 3108 ἀπὸ
845 3058 942 3109 τοῦ
993 3058 1088 3108 νοῦ
1119 3051 1384 3131 ἐλέγομεν
1420 3061 1607 3135 φοιτᾷν
1641 3057 1728 3112 ἐπὶ
1777 3059 1950 3122 πάσας
2014 3125 2021 3132 ⁸

298 3139 394 3202 τᾶς
421 3139 602 3204 κοινὰς
657 3140 882 3206 ἐννοίας.
933 3145 1053 3201 Ὃτι
1111 3143 1211 3220 γὰρ
1266 3146 1558 3223 καὶμέχρι
1605 3146 1800 3202 τούτου
1851 3152 1950 3202 τοῦ

296 3228 554 3301 σώματος
585 3229 889 3307 ἐλλάμψεις
921 3237 1148 3312 φοιτῶσι
1180 3241 1280 3305 τῆς
1309 3233 1516 3312 ἂλόγου
1550 3241 1716 3309 ζωῆς,
1754 3234 1946 3307 δῆλονο

297 3318 326 3372 ὁ
386 3319 481 3392 μὶν
540 3322 642 3397 γὰρ
675 3322 846 3395 θυμὸς
878 3329 1018 3378 κινεῖ
1045 3323 1107 3378 τὸ
1137 3323 1489 3400 περικάρδιον
1524 3327 1682 3399 αἷμα,
1715 3326 1804 3381 καὶ
1866 3325 1948 3396 ζέ-

293 3427 375 3460 σιν
407 3409 528 3462 τινὰ
559 3409 722 3464 αὐτοῦ
753 3416 920 3466 ποιεῖ·
979 3413 1014 3482 ἡ
1049 3409 1107 3468 δὲ
1137 3413 1394 3488 ἐπιθυμία
1423 3414 1485 3468 τὸ
1516 3415 1664 3490 ἦπαρ
1721 3413 1949 3472 τοιῶσδε

290 3496 327 3566 ἢ
374 3495 606 3554 τοιῶσδε
646 3495 915 3570 διατίθησι
973 3503 1110 3575 πρὸς
1167 3502 1261 3565 τὰς
1318 3503 1514 3574 ἑαυτῆς
1560 3505 1822 3576 κινήσεις.
1882 3507 1948 3562 Αἱ

289 3585 569 3657 αίσθήσεις
627 3609 686 3642 τε
741 3595 909 3644 πᾶσαι
963 3595 1044 3664 τῷ
1101 3590 1384 3672 ἐγκεφάλῳ
1443 3591 1845 3668 έλλάμπονται⁸
1896 3595 1946 3668 ἐξ

289 3672 496 3730 ἐκείνου
554 3674 654 3753 γὰρ
701 3675 788 3731 ἐπὶ
846 3679 912 3734 τὰ
943 3679 1274 3758 αἰσθητήρια
1305 3678 1393 3736 διὰ
1437 3686 1545 3738 τῶν
1577 3688 1781 3760 νευρῶν
1812 3701 1948 3759 χορ-

288 3769 502 3838 ηγεῖται
561 3767 596 3835 ἠ
649 3762 880 3840 δύναμις
931 3770 966 3838 ἡ
1028 3768 1348 3843 αἴσθητική·
1385 3771 1476 3825 καὶ
1507 3773 1842 3834 πεπονθότος
1869 3793 1943 3841 τι,

289 3853 364 3916 ὡς
397 3852 572 3930 ἷκτροὶ
606 3852 931 3912 δεικνύουσι.
968 3861 1078 3915 Τοῦ
1129 3859 1236 3939 γὰρ
1282 3857 1628 3934 καλουμένου
1681 3863 1948 3936 μήνιγγος

289 3941 530 4018 φύλακος
578 3943 961 4018 ἐπιτεθέντος,
1039 3947 1083 4002 εἰ
1137 3943 1416 4022 ἒπισυμϐῇ
1474 3969 1526 4003 τι
1576 3954 1657 4022 τῷ
1717 3951 1946 4026 μήνιγγι

289 4029 616 4103 ἀναίσθητον
649 4033 734 4087 καὶ
771 4032 1025 4104 ἀκίνητον
1057 4036 1119 4090 τὸ
1155 4040 1293 4105 ζῶον
1340 4037 1560 4113 γίνεται.
1620 4039 1775 4095 Ἔστι
1806 4035 1863 4093 δὲ
1916 4041 1943 4094 6

291 4119 513 4194 μήνιγξ,
573 4120 719 4192 ὑμήν
779 4142 861 4184 τις
911 4122 1121 4178 σκέπων
1174 4124 1266 4179 τὸν
1323 4123 1649 4204 ἐγκέφαλον,
1706 4127 1796 4182 καὶ
1852 4149 1944 4183 νο-

284 4207 465 4263 τιαίου
522 4208 718 4286 μέρους
761 4211 1133 4285 πεπονθότος,
1193 4215 1256 4268 τὸ
1318 4215 1415 4290 μὲν
1474 4214 1726 4292 ἀνωτέρω
1779 4217 1941 4292 μέρος

281 4300 380 4350 τοῦ
448 4297 713 4361 παθόντος
774 4299 1037 4357 ἀπολαύει
1099 4301 1402 4374 αἰσθήσεως
1433 4319 1449 4335 ⁸
1524 4305 1591 4359 τὰ
1663 4301 1721 4359 δὶ
1793 4308 1942 4361 κάτω

283 4384 576 4458 ἀναίσθητα
625 4387 850 4462 γίνεται,
913 4386 1001 4444 διὰ
1060 4389 1120 4443 τὸ
1179 4391 1253 4463 μὴ
1285 4393 1648 4468 χορηγεῖσθαι
1707 4387 1783 4449 ἔτι
1837 4396 1942 4450 ἀπὸ

277 4472 379 4529 τοῦ
410 4475 714 4554 ἐγκεφάλου
745 4479 844 4548 τὴν
875 4477 1504 4554 αἶ’σθητικὴνξδύναμιν,
1560 4487 1658 4537 τοῦ
1708 4483 1941 4558 ὀργάνου

282 4561 433 4644 λέγω
492 4562 560 4634 δὴ
618 4570 714 4621 τοῦ
765 4566 958 4642 νεύρου
1017 4569 1376 4642 πεπονθότος,
1422 4569 1523 4626 Καὶ
1576 4571 1626 4626 εἲ
1671 4568 1848 4643 δεθείη
1885 4571 1941 4630 δὲ

278 4660 469 4730 νεῦρον
502 4654 690 4725 πάλιν,
723 4656 1046 4729 ἀναίσθητον
1085 4659 1181 4732 μὶν
1210 4659 1272 4714 τὸ
1329 4660 1477 4714 κάτω
1508 4659 1674 4735 μέρος
1713 4661 1938 4742 γίνεται,
1971 4659 1982 4664 ’

2075 723 2265 780 neque
2307 709 2551 767 infernis
2603 713 2914 785 suppliciis
2964 714 3377 786 addicta,quaa
3423 715 3613 788 ipsam
3663 719 3733 775 ad

2074 814 2133 853 se
2183 803 2550 867 convertunt,
2584 807 2648 857 ut
2705 807 2892 858 semet
2943 803 3182 858 demum
3238 805 3366 876 ipsa
3417 806 3732 877 damnans,

2074 889 2310 958 propria
2358 890 2412 944 vi
2465 896 2769 962 purgetur.
2815 895 2964 946 Nam
3021 908 3202 963 pinnae
3260 893 3372 948 illis
3431 912 3548 952 non
3599 914 3729 954 eam

2072 975 2305 1048 tollunt,
2350 979 2449 1034 sed
2502 986 2756 1052 purgant
2789 998 2802 1036 :
2838 985 3086 1052 purgata
3134 996 3268 1036 vero
3311 983 3440 1054 ipsa
3487 1002 3729 1042 conver-

2071 1065 2240 1135 titur,
2272 1073 2328 1123 et
2358 1069 2486 1141 ipsa
2517 1085 2644 1126 sese
2695 1069 2911 1125 attollit
2951 1087 2984 1125 a
3031 1070 3412 1142 generatione
3462 1073 3729 1132 liberata.

2074 1156 2239 1211 Tunc
2272 1156 2454 1228 igitur
2501 1165 2559 1215 et
2607 1161 2755 1214 iram
2806 1165 2864 1214 et
2913 1160 3298 1232 cupiditatem
3349 1162 3550 1233 abjieit
3596 1181 3731 1219 eum

2074 1245 2183 1301 hoc
2213 1246 2502 1316 vehiculo,
2538 1249 2787 1322 spiranti
2820 1250 2949 1305 dico
2999 1266 3259 1322 corpore,
3295 1256 3358 1305 ut
3405 1252 3484 1307 sit
3531 1257 3735 1324 postea

2069 1335 2228 1390 aliud
2264 1338 2696 1408 quodammodo
2741 1339 3168 1411 sempiternum
3219 1357 3288 1395 ex
3338 1340 3465 1412 ipsa
3512 1343 3732 1414 depen-

2072 1425 2218 1481 dens
2249 1442 2464 1498 corpus
2493 1428 2756 1499 caeleste,
2792 1434 2969 1501 atque
3014 1429 3156 1484 adeo
3202 1432 3507 1496 aeternum,
3531 1436 3731 1504 atque,

2070 1517 2136 1570 ut
2164 1513 2511 1588 loquuntur,
2546 1517 2902 1590 pellucidum
2939 1522 2997 1573 et
3029 1517 3323 1574 sidereum
3360 1535 3374 1576 :
3407 1536 3542 1576 cum
3574 1521 3731 1579 enim

2071 1621 2101 1660 e
2133 1621 2329 1661 rerum
2371 1611 2584 1663 natura
2634 1608 2730 1676 sit,
2766 1624 3003 1664 necesse
3051 1612 3141 1664 est
3187 1613 3405 1664 sortem
3440 1613 3496 1665 et
3525 1613 3732 1668 condi-

2069 1693 2291 1750 tionem
2337 1694 2596 1768 aliquam
2631 1697 2865 1764 babeat,
2899 1714 3098 1769 quam,
3133 1702 3198 1752 ut
3238 1701 3463 1769 partem
3499 1700 3729 1773 mundi,

2070 1783 2445 1841 administrat
2491 1801 2504 1842 :
2557 1793 2613 1842 et
2664 1786 2713 1842 si
2764 1802 2997 1858 semper
3046 1785 3293 1842 immota
3341 1791 3450 1855 est,
3485 1804 3731 1861 eamque

2069 1888 2240 1944 agere
2271 1877 2519 1946 oportet,
2553 1892 2766 1948 corpus
2800 1875 2972 1932 etiam
3026 1875 3264 1949 aliquod
3297 1880 3582 1933 aeternum
3615 1878 3728 1934 sibi

2069 1962 2404 2019 devinctum
2440 1965 2653 2021 habeat
2683 1969 2930 2038 oportet.
2965 1965 3076 2021 Sed
3130 1965 3216 2022 hae
3266 1971 3406 2022 sunt
3435 1968 3640 2023 Graecae
3673 1971 3729 2024 et

2069 2051 2377 2109 Platonicae
2408 2053 2642 2110 fabulae.

2139 2162 2288 2216 Iram
2323 2167 2379 2217 et
2409 2162 2790 2235 cupiditatem
2825 2181 2857 2218 a
2899 2162 3147 2236 spiritali
3189 2180 3426 2237 corpore
3472 2165 3731 2236 separari

2070 2265 2183 2303 non
2245 2267 2436 2322 posse,
2499 2249 2764 2306 nonnulli
2827 2251 3158 2308 afﬁrmant:
3215 2255 3275 2307 at
3331 2258 3557 2309 certum
3617 2259 3728 2323 est,

2069 2340 2568 2410 quemadmodum
2602 2339 2808 2395 vitales
2831 2345 2888 2395 et
2918 2340 3204 2395 auctrices
3235 2341 3385 2397 vires
3417 2341 3730 2401 irrationa-

2068 2427 2204 2497 bilis
2235 2427 2553 2498 facultatis,
2584 2429 2644 2484 in
2679 2429 2890 2500 spiritu
2937 2430 3060 2485 sita:
3111 2436 3270 2498 sunt,
3305 2431 3388 2486 sic
3419 2432 3598 2488 etiam
3633 2448 3726 2488 co-

2066 2522 2438 2588 gnoscentes.
2471 2519 2528 2572 Si
2558 2518 2716 2573 enim
2751 2535 2878 2590 quae
2920 2523 3060 2573 sunt
3103 2520 3249 2592 ipsis
3281 2520 3621 2588 deteriores,
3653 2521 3728 2576 ab

2068 2606 2173 2661 hoc
2200 2623 2400 2662 crasso
2431 2624 2672 2680 corpore
2715 2607 3078 2680 separabiles
3109 2614 3270 2679 sunt,
3305 2610 3491 2666 multo
3539 2610 3728 2682 magis

2066 2696 2537 2766 praestantiores;
2599 2701 2657 2751 at
2714 2696 3030 2751 nobiliores
3086 2702 3227 2752 sunt
3280 2703 3727 2770 cognoscentes,

2065 2785 2400 2856 phantasia,
2435 2785 2588 2852 dico,
2629 2790 2686 2840 et
2739 2801 2972 2842 sensus.
3007 2787 3116 2840 Sed
3169 2787 3278 2842 etsi
3329 2788 3578 2842 rationis
3632 2803 3730 2842 ex-

2065 2879 2256 2945 pertes
2290 2875 2502 2930 animm
2533 2878 2875 2947 potestates,
2907 2874 2964 2929 in
3005 2874 3106 2930 illo
3137 2875 3356 2932 habent
3387 2883 3451 2932 ut
3480 2876 3620 2945 sint,
3654 2876 3726 2931 ab

2063 2962 2164 3018 illo
2196 2968 2390 3020 tamen
2435 2965 2494 3018 in
2545 2981 2811 3019 crassum
2863 2963 2970 3020 hoc
3001 2969 3057 3018 et
3089 2969 3458 3036 compactum
3511 2982 3724 3038 corpus

2063 3052 2308 3125 vestigia
2341 3054 2650 3125 prodeunt,
2679 3057 2740 3108 ut
2771 3069 2803 3107 a
2835 3057 3050 3122 mente,
3074 3054 3132 3108 in
3162 3070 3509 3111 communes
3542 3055 3726 3111 notio-

2062 3159 2165 3197 nes
2224 3143 2457 3214 prodire
2524 3143 2890 3197 dicebamus.
2949 3143 3034 3197 Ad
3094 3143 3204 3200 hoc
3268 3143 3423 3199 enim
3483 3161 3721 3218 corpus,

2061 3231 2380 3288 scintillam
2452 3232 2767 3303 quamdam
2824 3231 2952 3286 vitae
3012 3232 3359 3298 brutorum,
3422 3233 3722 3305 pervenire

2061 3325 2310 3376 constat.
2344 3321 2490 3376 Nam
2542 3321 2624 3374 ita
2677 3319 3029 3391 sanguinem
3081 3321 3240 3376 cordi
3291 3321 3719 3378 circumfusum

2063 3415 2278 3476 movet,
2327 3411 2582 3481 facitque
2636 3413 2698 3463 ut
2746 3409 3185 3480 quodammodo
3235 3407 3499 3465 ebulliat.
3551 3411 3722 3486 Cupi-

2061 3499 2214 3555 ditas
2247 3516 2403 3566 vero,
2428 3500 2598 3570 jecur
2645 3497 2755 3553 hoc
2795 3497 2878 3553 vel
2912 3497 3011 3555 illo
3044 3500 3216 3554 modo
3263 3499 3446 3555 afﬁcit
3476 3500 3548 3556 ad
3581 3517 3721 3557 suas

2061 3589 2370 3659 motiones,
2403 3594 2460 3645 et
2490 3588 2773 3660 disponit.
2804 3588 2874 3643 Et
2911 3605 3118 3645 omnes
3149 3605 3358 3644 sensus
3391 3589 3451 3644 in
3483 3590 3721 3646 cerebro

2059 3676 2422 3734 elucescunt.
2455 3679 2539 3733 Ab
2568 3677 2666 3732 illo
2698 3677 2854 3733 enim
2888 3677 2948 3733 in
2981 3678 3379 3734 instrumenta
3408 3695 3719 3752 sensuum,

2058 3768 2348 3823 sentiendi
2382 3767 2467 3823 vis
2511 3784 2616 3839 per
2663 3783 2870 3822 nervos
2905 3766 3278 3835 diﬂ‘uuditur,
3311 3766 3422 3822 etsi
3470 3767 3718 3823 illaesum

2059 3873 2175 3910 non
2209 3856 2305 3926 sit,
2341 3860 2406 3910 ut
2435 3855 2650 3910 medici
2682 3856 3112 3910 demonstrant.
3145 3855 3290 3910 Cum
3322 3872 3456 3911 vero
3488 3855 3718 3912 involu-

2056 3961 2219 4000 crum
2256 3946 2492 4001 cerebro
2525 3962 2627 4000 seu
2659 3944 3029 4018 [membrana
3058 3943 3240 4000 veluti
3285 3950 3487 4000 custos
3535 3962 3716 4018 appo-

2056 4034 2169 4089 sita
2217 4035 2322 4104 sit;
2361 4034 2478 4089 haec
2527 4034 2575 4089 si
2629 4035 2767 4089 laesa
2815 4033 3011 4099 fuerit,
3044 4050 3257 4088 sensus
3306 4033 3370 4088 ﬁt
3415 4039 3472 4089 et
3521 4039 3718 4091 motus

2054 4140 2260 4196 expers
2300 4124 2541 4179 animal.
2578 4123 2674 4178 Est
2718 4126 2913 4177 autem
2967 4123 3205 4178 meniux
3253 4121 3526 4196 pellicula
3557 4141 3715 4197 quaa-

2053 4214 2183 4269 dam
2235 4213 2538 4269 cerebrum
2600 4212 2904 4267 involvens
2964 4216 3020 4266 et
3079 4217 3414 4284 protegens,
3447 4213 3618 4284 cujus
3664 4213 3715 4269 si

2054 4303 2378 4375 posteriora
2409 4301 2675 4374 perculsa
2721 4302 2961 4370 fuerint,
2994 4318 3132 4372 pars
3166 4302 3407 4373 quidem
3457 4302 3718 4358 anterior

2054 4409 2294 4448 sensum
2329 4378 2559 4462 retinet,
2592 4396 2652 4446 at
2681 4391 2924 4446 inferior
2953 4390 3175 4446 amittit
3207 4407 3218 4444 :
3255 4392 3408 4463 quod
3445 4408 3558 4446 non
3593 4408 3715 4448 am-

2054 4481 2210 4553 plius
2249 4498 2282 4536 a
2335 4482 2573 4536 cerebro
2610 4480 2700 4534 vis
2751 4478 3041 4535 sentiendi
3094 4480 3524 4552 suppeditetur,
3575 4480 3714 4537 laeso

2052 4570 2332 4625 nimirum
2366 4575 2423 4625 et
2458 4569 2660 4624 affecto
2691 4568 3087 4623 instrumento
3121 4585 3333 4624 sensus
3366 4568 3468 4640 qui
3501 4585 3714 4624 nervus

2052 4665 2161 4714 est.
2197 4662 2265 4714 Et
2315 4675 2543 4724 rursus,
2578 4657 2628 4713 si
2674 4673 2890 4712 nervus
2937 4657 3246 4724 vinciatur,
3282 4673 3416 4728 pars
3467 4657 3711 4712 inferior

276 4745 343 4800 τὸ
372 4741 428 4799 δέ
486 4746 598 4800 ἄνω
653 4745 799 4818 μένει
831 4745 1167 4817 αἰσθητικόν.
1201 4745 1381 4818 Δῆλον
1414 4748 1505 4802 οὗν
1537 4747 1598 4805 lx
1621 4741 1737 4804 τῶν
1789 4751 1937 4828 εἴρη-

2062 4765 2224 4804 ;ensu
2287 4749 2585 4821 privatur,
2647 4748 2706 4801 in
2767 4746 3071 4817 superiore
3129 4762 3341 4802 sensus
3397 4745 3567 4816 viget.
3631 4746 3711 4801 Ex

283 4832 482 4904 μένων,
516 4830 598 4886 ὅτι
628 4834 686 4887 τέ
719 4833 829 4887 ἐστι
861 4834 1226 4908 πνευματικὸν
1250 4839 1408 4909 σῶμα
1437 4835 1526 4891 καὶ
1557 4835 1751 4891 τούτου
1784 4837 1935 4914 ἀχώ-

279 4940 437 4997 ριστοι
465 4920 633 4994 θυμὸς
665 4922 752 4976 καὶ
788 4920 1075 4997 ἐπιθυμία.

349 5119 498 5186 "Ott,
551 5120 734 5196 φασὶν,
780 5121 815 5190 ἡ
867 5116 1075 5190 εῗδησις
1132 5121 1344 5199 τρίττήι
1400 5125 1435 5193 ἡ
1495 5123 1595 5199 γὰρ
1653 5121 1932 5199 ἐπιστήμη

275 5205 495 5282 λέγεται
542 5203 768 5275 εἴδησις,
803 5206 877 5274 ὥς
907 5229 1068 5285 φησιν
1104 5211 1131 5263 ὁ
1165 5209 1392 5266 Πλάτων
1453 5209 1506 5266 έν
1555 5216 1635 5285 τῷ
1666 5210 1929 5270 Φαίδωνι.

272 5297 347 5351 Τὸ
377 5297 480 5371 γὰρ
533 5292 725 5352 εῗδέναι
774 5297 935 5352 τοῦτό
983 5296 1117 5368 ἐστι,
1150 5299 1213 5353 τὸ
1254 5295 1494 5356 λαϐόντα
1545 5322 1647 5357 που
1706 5302 1930 5375 ἐπιστή-

278 5407 390 5461 μην
421 5382 568 5462 ἔχειν
595 5387 686 5441 καὶ
735 5386 810 5460 μὴ
856 5382 1290 5458 ἀποϐεϐλῆσθαι,
1341 5389 1378 5461 ἢ
1426 5392 1462 5463 ἡ
1497 5389 1932 5468 ὀλοσχερεστέρα

268 5473 497 5553 γνῶσις,
546 5475 582 5546 ἢ
614 5471 807 5537 ἁπλῶς
846 5475 881 5545 ἡ
937 5475 1221 5553 κοινοτέρα
1269 5475 1358 5531 καὶ
1417 5475 1623 5533 τούτων
1680 5479 1930 5554 ἑκάτερον

271 5565 632 5642 περιέχουσα,
667 5563 741 5626 ὥς
770 5583 933 5638 φησιν
981 5563 1365 5641 Ἀριστοτέλης
1394 5563 1446 5621 ἐν
1491 5571 1608 5630 τοῖς
1655 5574 1926 5644 φυσικοῖς,

271 5651 461 5723 ἐπειδὴ
492 5657 556 5709 τὸ
588 5649 784 5708 εἰδέναι
816 5653 998 5708 καὶτὸ
1058 5653 1370 5718 ἐπίστασθαι
1430 5654 1554 5730 περὶ
1612 5654 1784 5719 πάσας
1833 5658 1927 5720 τὰς

272 5742 604 5816 ἐπιστήμας.
667 5743 768 5798 Διὰ
819 5743 913 5816 μὲν
971 5743 1076 5819 γὰρ
1131 5747 1230 5800 τοῦ
1275 5741 1470 5801 εἰδέναι
1497 5745 1596 5816 τὴν
1644 5745 1921 5823 ὁλοσχερῆ

270 5839 472 5912 γνῶσιν
526 5833 801 5906 σημαίνει*
859 5829 949 5887 διὰ
993 5829 1050 5887 δὲ
1072 5837 1169 5888 τοῦ
1199 5832 1515 5899 ἐπίστασθαι
1541 5836 1640 5906 τὴν
1698 5831 1921 5914 ἀκριϐῆ,

2051 4839 2138 4893 his
2190 4838 2398 4909 liquet,
2429 4841 2582 4909 {esse
2621 4852 2836 4907 corpus
2880 4834 3120 4906 aliquod
3173 4835 3456 4906 spiritale,
3520 4839 3578 4889 et
3633 4835 3708 4889 ab

2047 4942 2135 4992 eo,
2181 4928 2528 4982 irascentem
2581 4931 2638 4980 et
2681 4922 3190 4994 concupiscentem
3241 4923 3534 4996 segregari
3589 4939 3703 4978 non

2045 5032 2238 5087 posse.

2114 5123 2342 5195 Triplex
2400 5122 2716 5194 quaepiam,
2777 5121 2965 5189 aiunt,
3024 5119 3182 5175 notio
3240 5124 3330 5175 est
3385 5135 3398 5174 :
3460 5119 3706 5176 scientia

2043 5213 2199 5269 enim
2262 5203 2471 5270 notitia
2519 5211 2755 5278 dicitur,
2794 5215 2857 5272 ut
2914 5208 2995 5263 ait
3052 5209 3108 5263 in
3173 5209 3457 5266 Phaedone
3515 5209 3699 5266 Plato.

2042 5306 2189 5358 Nam
2239 5303 2388 5358 scire
2447 5307 2556 5365 est,
2606 5304 2921 5374 postquam
2981 5299 3284 5355 scientiam
3344 5301 3700 5374 susceperis,

2042 5409 2169 5449 eam
2204 5393 2457 5447 retinere
2507 5406 2609 5448 nec
2645 5390 2940 5456 amittere;
2973 5389 3064 5444 vel
3095 5388 3268 5462 plena
3315 5397 3370 5445 et
3420 5407 3699 5446 consum-

2042 5486 2200 5537 mata
2230 5479 2507 5552 cognitio,
2531 5478 2616 5534 vel
2651 5478 2986 5533 communis
3007 5483 3064 5534 et
3095 5479 3403 5549 interjeeta
3428 5479 3697 5551 quaedam

2042 5570 2246 5625 harum
2282 5575 2589 5638 utramque
2637 5566 2964 5638 continens,
3001 5572 3064 5622 ut
3101 5567 3306 5623 scribit
3353 5567 3697 5624 Aristoteles

2037 5659 2096 5714 in
2132 5659 2409 5733 physicis.
2434 5657 2579 5722 Quia
2609 5660 2768 5711 certo
2801 5656 2949 5711 scire
2980 5661 3038 5711 et
3068 5673 3438 5728 cognoscere,
3473 5658 3542 5711 ad
3575 5673 3694 5712 om-

2036 5767 2140 5806 nes
2171 5747 2451 5805 scientias
2483 5745 2799 5816 pertinent.
2827 5744 2972 5801 Nam
3005 5763 3107 5818 per
3138 5745 3302 5812 illud,
3331 5749 3488 5802 certo
3519 5745 3688 5808 scire,

2034 5839 2270 5912 plenam
2321 5836 2756 5909 perfectamque
2787 5835 3176 5907 cognitionem
3207 5833 3504 5906 signiﬁcat
3537 5849 3552 5888 :
3585 5848 3686 5903 per
