4124 6396
390 467 543 526 1055

1761 470 2187 531 MICHAELIS
2233 470 2505 533 PSELLI

3657 471 3816 533 1056

388 594 495 651 hoc
543 614 700 671 vero,
732 615 1103 672 cognoscere,
1138 606 1472 659 accuratam
1505 603 1593 659 vel
1640 619 1768 659 eam
1811 618 1938 674 quis
1972 602 2043 657 de

2164 601 2193 671 ἢ
2226 602 2325 670 τήν
2357 605 2557 664 κοινῶς
2591 600 2679 656 ἐπὶ
2711 601 2889 674 πάσης
2920 604 3171 680 γνώσεως
3205 602 3531 679 λεγομένην.
3573 600 3676 658 Καὶ
3728 600 3814 655 ἐν·

387 686 546 740 omni
579 689 915 760 cognitione
965 697 1306 763 usurpatur,
1345 693 1635 763 notitiam,
1668 697 1725 748 et
1772 692 1865 747 hic
1898 695 1955 746 et
1984 692 2044 746 in

386 772 612 830 altioris
644 777 1032 849 philosophiae
1063 783 1433 851 tractatione,
1466 782 1769 839 intellexit.

460 864 700 922 Duobus
733 869 948 933 modis,
977 869 1219 926 alteram
1254 874 1437 927 altera
1467 872 1769 927 certiorem
1795 877 1852 926 et
1883 888 2048 926 accu-

389 954 663 1010 ratiorem
716 956 1022 1012 scientiam
1058 958 1367 1029 diJudicari
1420 962 1676 1016 affirmat
1706 960 2049 1016 Aristoteles

390 1045 460 1099 de
518 1045 1024 1104 demonstratione
1077 1066 1089 1104 :
1150 1050 1358 1122 primo,
1419 1067 1551 1107 cum
1613 1069 1749 1116 una,
1808 1051 2051 1106 alterius

390 1134 682 1206 principia
716 1136 919 1207 probat
960 1143 1016 1193 et
1065 1139 1449 1195 demonstrat.
1483 1143 1575 1196 Sic
1626 1142 1890 1213 physica,
1925 1157 2051 1195 me-

389 1223 588 1278 dicina
618 1226 834 1280 certior
880 1232 969 1281 est
1004 1245 1016 1282 :
1050 1229 1367 1298 geometria
1418 1229 1556 1286 item
1613 1231 2049 1287 machinatrice.

392 1313 770 1369 Arithmctica
822 1318 1066 1385 musice,
1098 1320 1171 1373 ob
1204 1335 1330 1374 eam
1386 1337 1626 1376 causam
1675 1320 2049 1393 exploratior-

392 1402 683 1474 Secundo,
709 1403 823 1459 alia
855 1411 944 1461 est
974 1406 1088 1462 alia
1114 1409 1326 1464 certior
1356 1409 1601 1467 scientia
1622 1428 1749 1484 qua:
1783 1427 1899 1466 rem
1936 1428 2049 1466 non

392 1492 760 1549 materiatam
811 1496 1270 1569 contemplatur,
1308 1504 1369 1553 ut
1418 1500 1761 1571 geometria,
1794 1518 1889 1556 ars
1939 1518 2051 1555 nu-

394 1597 713 1654 merorum,
746 1589 803 1639 et
834 1583 1149 1659 theologia,
1183 1604 1285 1642 seu
1332 1588 1523 1659 prima
1554 1588 1946 1661 philosophia,
1981 1589 2053 1645 iis

392 1686 521 1741 qua:
555 1672 614 1727 in
660 1673 836 1728 rebus
888 1675 1216 1731 materiatis
1265 1682 1649 1749 occupantur.
1682 1681 1871 1744 Quare
1921 1680 2052 1733 Ari-

394 1760 633 1817 stoteles
666 1761 721 1816 in
757 1762 1161 1836 metaphysica
1195 1781 1388 1820 rerum
1424 1783 1551 1838 quae
1585 1766 1882 1824 intellectu
1917 1784 2051 1839 per-

393 1849 715 1922 cipiuntur,
739 1852 1300 1925 contemplationem
1325 1859 1381 1910 et
1404 1855 1741 1912 facillimam
1765 1863 1820 1913 et
1843 1857 2054 1913 difﬁci-

2153 692 2323 746 ταῦθα
2353 691 2444 746 καὶ
2476 690 2528 746 ἐν
2560 697 2675 754 τοῖς
2711 694 2845 767 μετά
2873 695 2938 748 τὰ
2968 694 3170 773 φυσικὰ
3196 688 3553 771 παρὲλαϐενη

2227 873 2349 929 Ὅτι
2398 871 2564 949 φησέν
2596 871 2984 949 Ἀριστοτέλης
3036 872 3088 928 ἐν
3144 876 3214 947 τῇ
3248 869 3626 945 ἀποδεικτικῇ,
3675 869 3813 924 κατά

2159 958 2254 1016 δύο
2312 961 2552 1035 τρόπους
2605 960 2877 1032 κρίνεσθαι
2927 961 3236 1036 ἐπιστήμην
3297 961 3610 1033 ἐπιστήμης
3657 960 3811 1034 ἀκρι-

2158 1045 2437 1123 ϐεστέραν.
2468 1052 2597 1106 Καθ’
2623 1048 2713 1105 ἕνα
2748 1052 2842 1124 μὲν
2875 1050 3001 1106 ὅταν
3033 1054 3068 1121 ἡ
3120 1053 3273 1128 ἑτέρα
3319 1057 3419 1121 τῆς
3478 1050 3660 1123 ἒτέρας
3720 1048 3816 1110 τὰς

2159 1139 2331 1216 ἀρχὰς
2361 1137 2725 1208 ἀποδεικνύει,
2760 1143 2878 1196 οἷον
2909 1143 2943 1211 ἡ
2990 1138 3322 1218 φυσιολογία
3370 1140 3617 1212 ἰατρικῆς
3669 1136 3817 1211 ἀκρι-

2160 1223 2402 1304 ϐεστέρου
2462 1227 2722 1293 ὡσαύτως
2775 1229 2865 1284 καὶ
2922 1232 2958 1300 ἡ
3026 1228 3385 1305 γεωμετρία,
3471 1233 3813 1302 μηχανικῆς.

2160 1318 2259 1373 Διά
2314 1319 2413 1386 τήν
2470 1319 2729 1389 τοιαύτην
2777 1319 2953 1374 αἰτίαν
3011 1314 3366 1395 ἀκριϐεστέρα
3423 1318 3515 1372 καὶ
3574 1316 3815 1389 ἀριθμη-

2158 1408 2285 1476 τικὴ
2333 1408 2659 1481 ἁρμονικῆς.
2721 1409 2849 1465 Καθ’
2894 1406 3076 1483 ἕτερον
3140 1405 3197 1463 δὲ
3240 1406 3406 1482 λόγον
3465 1400 3820 1482 ἀκριϐεστέρα

2162 1496 2301 1552 ἐστὶν
2336 1497 2614 1572 ἐπιστήμη
2647 1499 2983 1572 ἐπιστήμης,
3112 1494 3277 1553 ἄυλον
3340 1492 3544 1572 ἔχουσα
3569 1496 3633 1550 τὸ
3692 1494 3822 1549 ὑπο-

2160 1586 2433 1660 κείμενον,
2468 1588 2545 1649 ὡς
2581 1586 2912 1662 γεωμετρία,
2971 1586 3310 1661 ἀριθμητική
3363 1606 3421 1638 τε
3470 1583 3559 1638 καὶ
3621 1580 3815 1648 θεολο-

2160 1676 2270 1751 γία,
2324 1680 2431 1730 τῶν
2468 1671 2934 1748 ὑποϐαλλομένων
2992 1674 3061 1730 τά
3118 1672 3282 1729 ὐλικά
3340 1672 3687 1745 ὑποκείμενα.
3722 1668 3817 1725 Διό

2164 1786 2296 1839 φησι
2348 1765 2437 1819 καὶ
2496 1762 2886 1840 Ἀριστοτέλης
2943 1763 2996 1819 ἐν
3051 1769 3168 1825 τοῖς
3215 1763 3349 1835 μετά
3385 1762 3452 1817 τὰ
3482 1761 3699 1839 φυσικά,
3731 1760 3815 1815 ὅτι

2162 1858 2197 1924 ἡ
2227 1859 2334 1910 τῶν
2366 1859 2581 1923 νοητῶν
2622 1854 2821 1929 θεωρία
2880 1853 2968 1907 καὶ
3030 1853 3199 1928 ῥᾴστη
3260 1852 3372 1907 ἐστὶ
3420 1850 3510 1906 καὶ
3567 1848 3817 1926 χαλεπή.

390 1938 506 1995 lem
533 1956 662 1996 esse
686 1941 970 2009 afﬁrmat;
999 1942 1339 1999 facillimam
1369 1945 1772 2018 quidem,quia
1791 1948 1862 2002 de
1880 1949 2048 2003 rebus

2164 1945 2357 2015 Ῥᾴστη
2419 1945 2555 2017 μὲν,
2626 1939 2765 1998 διότι
2823 1942 2947 2018 περὶ
3010 1942 3257 1997 ἑστώτων
3314 1939 3426 1996 ἐστὶ
3477 1939 3816 2017 πραγμάτων

395 2035 486 2085 est
516 2029 690 2085 statis
720 2035 776 2085 et
809 2031 959 2099 ﬁxis,
994 2036 1051 2087 et
1082 2033 1286 2088 eodem
1319 2051 1551 2107 semper
1582 2037 1753 2092 modo
1784 2037 2054 2094 habenti—

397 2118 530 2175 bus.
564 2121 659 2174 Dei
694 2118 847 2175 enim
883 2138 1197 2193 rerumque
1228 2124 1560 2181 divinarum
1594 2125 1899 2183 immotam
1931 2144 2058 2184 esse

396 2208 818 2278 substantiam,
848 2210 1123 2267 virtutem
1172 2218 1227 2267 et
1277 2214 1588 2286 actionem,
1640 2215 2055 2289 planissimum

394 2303 502 2354 est.
536 2298 628 2353 Sic
662 2298 857 2372 itaque
889 2300 1169 2358 facillima
1203 2307 1311 2359 est.
1341 2304 1631 2377 Impedita
1659 2322 1796 2362 vero
1823 2312 1879 2363 et
1908 2307 2057 2362 difﬁ-

398 2386 549 2458 cilis,
598 2393 838 2461 propter
886 2395 1149 2446 nostram
1200 2391 1686 2451 imbecillitatem.
1723 2394 1844 2452 Non
1901 2394 2056 2450 enim

396 2478 537 2548 quia
569 2478 626 2532 in
653 2494 895 2551 corpore
918 2496 1150 2544 sumus,
1176 2486 1233 2536 et
1255 2483 1798 2553 perturbationibus
1824 2471 2062 2541 obnoxii

398 2568 469 2623 ad
502 2584 698 2623 rerum
753 2569 1084 2625 divinarum
1122 2569 1322 2626 lumen
1368 2574 1669 2630 attendere
1717 2590 2061 2645 possumus:

391 2656 569 2711 sicuti
608 2674 799 2729 neque
833 2662 1061 2713 noctum
1092 2660 1273 2715 solem
1306 2660 1544 2732 intueri,

462 2744 622 2799 Plato
665 2745 1060 2801 immortalem
1124 2749 1381 2804 animam
1433 2768 1566 2805 cum
1620 2752 2059 2809 immortalibus

390 2833 630 2889 nomine
666 2839 894 2889 tantum
948 2838 1257 2892 convenire
1303 2838 1440 2893 inde
1470 2839 1712 2912 colligit,
1738 2843 1889 2913 quod
1924 2860 2056 2914 pro-

399 2922 519 2993 prie
551 2939 617 2977 ac
651 2940 751 2992 per
773 2940 835 2978 se
856 2922 1211 2994 immortale,
1236 2926 1498 2984 immotae
1522 2929 1600 2984 sit
1627 2934 1685 2985 et
1714 2931 2054 2987 substantia:

385 3016 442 3065 et
475 3010 726 3068 actionis
762 3031 774 3067 :
810 3018 870 3068 at
913 3014 1122 3069 animze
1175 3016 1414 3088 quidem
1468 3018 1858 3076 immortalem
1909 3022 2054 3077 sub-

389 3101 670 3157 stantiam
734 3104 1022 3174 agnoscit,
1076 3122 1187 3160 non
1242 3122 1374 3161 vero
1423 3108 1737 3165 actionem.
1770 3112 1854 3165 Ad
1915 3127 2049 3167 eum

387 3191 626 3245 modum
682 3206 773 3246 res
808 3193 1072 3249 ccelestes
1103 3211 1202 3250 seu
1247 3195 1421 3252 coelos
1454 3199 1691 3254 nomine
1742 3204 1911 3256 tenus
1941 3202 2050 3256 im-

386 3278 658 3335 mortales
708 3298 837 3336 esse
883 3282 1147 3359 dixeris:
1193 3290 1505 3341 mutantur
1552 3289 1734 3359 enim,
1766 3290 1877 3345 etsi
1929 3307 2043 3345 non

384 3368 743 3434 substantia,
771 3369 894 3425 loco
926 3358 1144 3428 tamen.

461 3457 686 3513 Animae
711 3459 1017 3516 verissima
1041 3463 1294 3534 cognitio
1317 3466 1387 3519 ad
1416 3466 1747 3523 universam
1780 3468 2039 3539 philoso-

385 3545 585 3615 phiam
620 3564 972 3620 magnopere
994 3552 1288 3623 conducit,
1310 3554 1382 3608 ad
1407 3554 1780 3628 disciplinam
1808 3574 2037 3613 morum

388 3635 517 3689 dico
560 3641 615 3690 et
659 3636 1014 3709 theologiam
1066 3657 1167 3696 seu
1221 3642 1468 3713 primam
1524 3643 1950 3718 philosophiam
1985 3651 2043 3702 et

393 3723 716 3795 physicam.
746 3727 828 3780 Ad
857 3728 1207 3794 doctrinam,
1234 3731 1498 3802 inquam,
1516 3733 1586 3789 de
1608 3735 2042 3808 moribus,quia

391 3829 582 3869 mores
613 3832 751 3870 suos
801 3833 971 3872 nemo
1013 3819 1399 3879 conforlnare.
1434 3838 1621 3895 neque
1668 3830 1820 3880 recte
1869 3827 2039 3881 insti-

389 3907 553 3959 tuere
585 3910 794 3975 potest,
831 3906 942 3962 nisi
976 3908 1072 3977 qui
1114 3909 1324 3964 animae
1366 3910 1671 3969 facultates
1705 3921 2041 3988 perspectas

390 3992 683 4049 habuerit.
716 3996 797 4049 Ad
836 3996 1185 4069 theologiam
1222 4017 1375 4066 vero,
1402 4002 1540 4073 quia
1571 4003 1641 4058 de
1673 4010 1887 4075 mente,
1911 4023 2040 4078 quae

387 4082 448 4136 in
483 4083 653 4139 nubis
702 4091 812 4154 est,
846 4087 1185 4157 quaerimus,
1219 4094 1277 4143 et
1307 4094 1629 4146 statuimus
1677 4111 1806 4150 esse
1852 4096 2039 4167 ipsum

391 4171 785 4228 immortalem
823 4192 834 4230 :
870 4174 1007 4247 quia
1035 4192 1168 4231 vero
1217 4194 1383 4233 meus
1432 4197 1626 4236 rerum
1677 4189 1765 4237 est
1811 4184 2042 4240 intelle-

393 4259 700 4329 ctualium,
755 4280 919 4319 mens
968 4282 1166 4321 earum
1217 4272 1306 4323 est
1355 4285 1549 4325 rerum
1602 4288 1730 4343 qua:
1779 4273 1933 4328 inter
1981 4290 2044 4329 se

396 4349 747 4406 referuntur.
778 4356 841 4405 At
890 4352 1201 4409 relatorum
1238 4373 1419 4412 unum
1455 4359 1554 4430 qui
1597 4361 1773 4426 novit,
1797 4367 1853 4417 et
1884 4361 2043 4419 aliud

400 4438 621 4493 noverit
655 4456 666 4492 :
702 4440 770 4494 ad
808 4441 1157 4513 theologiam
1198 4444 1382 4516 igitur
1412 4453 1630 4503 mentts
1662 4455 1878 4506 nostra:
1907 4468 2046 4507 con-

395 4525 671 4581 sideratio
705 4526 1023 4598 plurimum
1059 4532 1196 4587 facit
1227 4551 1240 4589 :
1276 4534 1462 4590 nihilo
1511 4537 1710 4592 minus
1739 4539 1806 4592 ad
1846 4539 2046 4612 physi-

396 4632 524 4671 cam
579 4633 591 4669 :
645 4617 936 4688 siquidem
998 4620 1123 4689 eius
1182 4628 1270 4677 est
1326 4624 1396 4678 de
1454 4628 1796 4697 corporibus
1854 4645 2046 4700 agere,

2164 2034 2256 2089 καὶ
2291 2035 2371 2089 ἀεὶ
2430 2032 2687 2096 ὡσαύτως
2737 2031 3000 2109 ἐχόντων·
3054 2031 3324 2111 ςνανὸτατα
3367 2031 3470 2107 γάρ
3500 2031 3569 2084 τά
3598 2030 3714 2084 θεῖα
3744 2027 3821 2092 ὡς

2166 2119 2525 2197 ἀμετάϐλητα
2579 2120 2870 2192 καθάπαξ,
2931 2122 3047 2177 κατ’
3107 2120 3289 2176 οὐσίαν
3321 2164 3336 2190 ,
3391 2118 3528 2174 κατά
3576 2116 3823 2192 δύναμιν,

2166 2215 2284 2272 κατ’
2318 2211 2607 2289 ἐνέργειαν.
2666 2212 2861 2284 Ῥᾴστη
2922 2210 3019 2284 μὶν
3070 2210 3162 2265 οὗν
3216 2207 3304 2265 διὰ
3350 2213 3533 2264 τοῦτο·
3596 2205 3823 2284 χαλεπὴ

2169 2301 2227 2359 δὲ
2277 2300 2367 2358 διὰ
2405 2303 2506 2371 τὴν
2558 2302 2833 2378 ἡμετέραν
2886 2300 3182 2356 ἀσθένειαν.
3244 2300 3316 2354 Οὐ
3356 2299 3455 2375 γάρ
3500 2296 3825 2375 ἐξισχύομεν

2170 2392 2220 2448 ἐν
2256 2393 2492 2465 σώματι,
2522 2390 2612 2446 καὶ
2673 2389 2934 2463 ἐμπαθεῖς
2989 2384 3159 2460 ὄντες,
3211 2389 3286 2451 εἰς
3340 2389 3403 2443 τὸ
3432 2386 3647 2443 ἐκείνων
3706 2390 3824 2464 φῶς

2168 2481 2422 2538 ἀτενίσαι·
2459 2480 2590 2555 ὅπερ
2624 2479 2899 2555 πάσχουσι
2956 2479 3045 2534 καὶ
3103 2479 3158 2533 αἱ
3216 2473 3521 2554 νυκτερίδες
3552 2476 3689 2552 πρὸς
3734 2474 3827 2529 τὸν

2168 2568 2330 2640 ἥλιον
2346 2614 2359 2629 .

2239 2752 2361 2807 Ὀτι
2422 2747 2649 2804 Πλάτων
2701 2747 2958 2813 ἀθάνατον
3010 2747 3212 2823 λέγων,
3269 2748 3370 2817 τὴν
3428 2747 3636 2820 ψυχὴν,
3689 2743 3823 2808 ἀθα-

2166 2839 2343 2904 νάτοις
2375 2840 2674 2913 ὁμώνυμον
2726 2840 2858 2894 εἶναι
2889 2836 3160 2917 ἐπιφέρειο
3196 2835 3336 2892 διότι
3371 2837 3433 2891 τὸ
3468 2836 3563 2909 μὲν
3612 2833 3822 2910 κυρίως

2166 2930 2427 2985 ἀθάνατον
2469 2928 2559 2983 καὶ
2608 2928 2724 2983 κατ’
2775 2926 2964 2982 οὐσίαν
3021 2927 3112 2982 καὶ
3169 2926 3288 2981 κατ’
3347 2925 3613 3000 ἐνέργειάν
3676 2922 3820 2976 ἐστιν

2165 3014 2569 3092 ἀμετάϐλητοψ
2620 3019 2719 3087 τήν
2784 3014 2841 3072 δὲ
2896 3018 3081 3091 ψυχὴν
3139 3017 3256 3070 κατ’
3314 3014 3495 3069 οὐσίαν
3547 3014 3640 3086 μὲν
3675 3009 3820 3067 οἶδεν

2162 3107 2447 3177 ἀθάνατον,
2510 3107 2689 3163 οὐκέτι
2722 3104 2780 3162 ’δὲ
2808 3106 2898 3162 καὶ
2950 3107 3065 3162 κατ’
3100 3105 3388 3181 ἐνέργειπν.
3451 3103 3639 3168 Οὕτως
3679 3099 3724 3157 δ’
3759 3103 3819 3156 ἂν

2164 3195 2337 3263 ε’ίποις
2361 3197 2452 3252 καὶ
2483 3198 2549 3251 τὰ
2575 3196 2799 3271 οὐράνια
2824 3196 3109 3257 ἀθανάτοις
3144 3196 3431 3267 ὁμώνυμα·
3480 3186 3816 3266 μεταϐάλλει

2160 3289 2265 3364 γάρ
2322 3288 2413 3342 καὶ
2468 3285 2623 3355 αὐτὰ,
2676 3284 2727 3340 εἷ’
2771 3286 2860 3341 καὶ
2907 3286 2983 3359 μὴ
3042 3285 3160 3340 κατ’
3213 3283 3431 3355 οὐσίαν,
3493 3280 3638 3337 ἀλλά
3681 3280 3819 3335 κατά

2076 3350 2118 3416 C
2158 3350 2347 3434 "io-irem

2221 3469 2344 3524 ’Ότι
2376 3469 2411 3536 ἡ
2444 3466 2568 3540 περὶ
2599 3468 2783 3541 ψυχῆς
2834 3462 3175 3535 ἀληθεστάτη
3207 3467 3403 3538 γνῶσις
3437 3506 3451 3532 ,
3510 3462 3647 3537 πρὸς
3704 3465 3814 3514 πᾶ-

2150 3578 2242 3611 σαν
2303 3555 2628 3634 φιλοσοφίαν
2686 3548 3087 3628 συμϐάλλεταν
3140 3553 3275 3629 πρὸς
3337 3549 3395 3606 δὲ
3452 3552 3551 3621 τὴν
3603 3550 3805 3620 ἠθικὴν

2150 3643 2296 3723 λέγω
2326 3647 2415 3701 καὶ
2446 3646 2546 3713 τήν
2606 3641 2932 3719 θεολογικὴν
2974 3644 3062 3698 καὶ
3096 3644 3194 3711 τὴν
3222 3644 3474 3720 φυσικήν.
3535 3640 3679 3715 Πρὸς
3712 3641 3809 3712 μὲν

2150 3736 2240 3791 οὗν
2269 3736 2369 3805 τὴν
2409 3736 2629 3808 ἠθικήν,
2688 3732 2772 3789 ὅτι
2820 3731 3080 3787 ἀδύνατον
3122 3734 3270 3806 ἡμᾶς
3304 3732 3370 3785 τά
3400 3731 3605 3785 ἑαυτῶν
3636 3749 3806 3784 κατα-

2151 3827 2402 3881 σκευάσαι
2436 3822 2542 3895 ἤθη
2573 3825 2668 3886 τὰς
2702 3821 2957 3896 δυνάμεις
2985 3828 3087 3891 τῆς
3144 3824 3329 3896 ψυχῆς
3384 3821 3460 3892 μὴ
3519 3818 3805 3891 ἐπισκεψαο

2154 3915 2365 3989 μένους’
2414 3915 2549 3991 πρὸς
2592 3911 2649 3968 δὲ
2706 3910 3015 3989 θεολογίαν,
3068 3910 3151 3967 ὅτι
3204 3914 3473 3983 ζητοῦμεν
3533 3906 3655 3983 περῖ
3710 3911 3812 3961 τοῦ

2149 4010 2244 4060 νοῦ
2273 4009 2367 4059 τοῦ
2399 4007 2677 4080 χωριστοῦ
2707 4007 2808 4057 τοῦ
2839 4001 2890 4057 ἐν
2945 4005 3102 4074 ἡμῖν,
3161 3999 3245 4055 ὅτι
3294 4000 3383 4054 καὶ
3414 3998 3575 4062 αὐτὸς
3608 3997 3809 4061 ἀθάνα-

2149 4117 2261 4159 τος.
2295 4091 2516 4163 Ἐπειδὴ
2579 4090 2635 4147 δὲ
2695 4093 2723 4146 ὁ
2753 4096 2873 4151 νοῦς
2927 4095 3135 4160 νοητῶν
3170 4089 3305 4157 ἐστι,
3337 4092 3462 4150 νοῦς
3519 4092 3627 4142 τῶν
3660 4085 3801 4161 πρὸς

2150 4184 2203 4238 τί
2235 4184 2366 4239 ἐστι.
2416 4184 2540 4239 Τῶν
2571 4178 2629 4236 δὲ
2652 4180 2787 4256 πρός
2819 4201 2869 4234 τι
2904 4180 2931 4234 ὁ
2960 4183 3022 4235 τὸ
3044 4177 3096 4234 ἔν
3132 4176 3311 4246 εῗδὼς,
3372 4176 3462 4232 καὶ
3496 4176 3559 4231 τὸ
3604 4174 3806 4231 λοιπὸν

2154 4269 2374 4343 εἷ’σεται,
2426 4267 2597 4339 δῆλον
2631 4271 2713 4324 δτι
2740 4272 2775 4339 ἡ
2800 4268 3001 4345 θεωρία
3029 4272 3125 4324 τοῦ
3156 4270 3429 4342 ἡμετέρου
3459 4270 3554 4320 νοῦ
3584 4268 3672 4320 καί
3725 4265 3806 4327 εἰς

2153 4359 2434 4437 θεολογίαν
2497 4357 2710 4434 μεγάλα
2742 4353 3140 4432 συμϐάλλεται.
3190 4351 3510 4429 Συμϐἀλλει
3561 4351 3619 4409 δὲ
3667 4356 3812 4427 ἡμῖν

2153 4452 2241 4506 καὶ
2274 4451 2412 4526 πρὸς
2439 4450 2539 4519 τήν
2567 4450 2824 4521 φυσικήν.
2857 4447 2927 4505 Ei'
2952 4468 3015 4522 γε
3044 4452 3274 4525 φυσικῆς
3308 4444 3403 4518 μέν
3438 4445 3578 4499 ἐστιν
3630 4441 3816 4517 ἔργον,

2154 4542 2217 4595 τὸ
2250 4538 2373 4615 περὶ
2406 4539 2676 4612 σωμάτων
2711 4535 3094 4612 διαλεχθῆναι,
3128 4534 3219 4590 καὶ
3248 4539 3355 4590 τῶν
3392 4530 3547 4588 εἱδῶν
3609 4532 3818 4603 αὐτῶν,

2150 4631 2246 4685 καὶ
2278 4634 2386 4684 τῶν
2419 4626 2723 4701 δυνάμεωνθ
2751 4631 2860 4683 τῶν
2895 4624 2952 4680 δὲ
2984 4624 3035 4680 ἐν
3069 4626 3313 4697 σώμασιν
3375 4621 3532 4678 εἱδῶν
3565 4624 3628 4677 τὸ
3685 4619 3821 4676 κάλα

395 4707 585 4777 deque
616 4723 814 4762 eorum
866 4725 997 4763 cum
1035 4711 1257 4779 Formis,
1292 4719 1416 4767 tum
1468 4714 1865 4793 facultatibus.
1899 4718 2045 4775 Nam

2164 4719 2345 4777 λιστον
2380 4721 2415 4789 ἡ
2448 4720 2626 4793 ψυχή.

396 4797 713 4851 formarum
748 4798 1037 4867 omnium,
1072 4816 1200 4871 quae
1250 4802 1305 4855 in
1350 4790 1694 4875 corporibus
1724 4812 1883 4879 sunt,
1916 4809 2043 4879 pul~

389 4884 679 4941 cherrima
709 4890 800 4941 est
835 4887 1053 4944 anima.

464 4973 652 5035 Quare
684 4980 747 5029 ut
776 4975 846 5029 de
879 4975 1139 5049 reliquis,
1169 4978 1253 5033 sic
1292 4979 1362 5033 de
1394 4980 1592 5035 anima
1623 4999 1855 5055 quoque
1885 5002 2045 5058 que-

396 5065 643 5117 rendum
696 5071 804 5131 est,
851 5066 1148 5135 quodnam
1211 5069 1280 5122 ad
1340 5086 1527 5139 genus
1576 5076 1898 5129 revocanda
1945 5078 2043 5132 sit.

394 5152 641 5217 Quidam
677 5153 832 5208 enim
869 5155 938 5208 ad
974 5156 1391 5227 substantiam,
1425 5159 1520 5213 alii
1556 5161 1625 5215 ad
1660 5166 2044 5232 quantitatem

396 5240 704 5303 reducunt,
756 5247 820 5297 ut
867 5243 1239 5300 Xenocrates.
1273 5246 1565 5303 Numerus
1613 5250 1788 5322 enim,
1835 5252 2047 5326 inquit,

396 5327 655 5398 seipsum
693 5348 950 5399 movens,
972 5333 1171 5388 anima
1201 5340 1308 5390 est.
1340 5337 1451 5391 Alii
1483 5339 1551 5392 ad
1583 5340 1952 5413 qualitatem,
1988 5351 2051 5399 ut

397 5418 625 5484 medici,
650 5420 747 5489 qui
784 5438 887 5476 nos
911 5423 1168 5477 animum
1203 5441 1330 5480 esse
1352 5426 1575 5481 dicunt.
1603 5429 1825 5493 Quibus
1855 5450 2048 5487 annu-

396 5507 659 5562 merandi
709 5515 866 5579 sunt,
903 5512 1000 5582 qui
1056 5513 1227 5567 lalem
1262 5516 1645 5572 entelechiam
1699 5518 1887 5589 ipsam
1922 5540 2050 5577 esse

392 5596 753 5654 existimant.
791 5601 903 5655 Alii
936 5603 1221 5659 rationem
1268 5607 1692 5666 elementorum
1742 5628 1870 5668 eam
1920 5630 2051 5670 esse

2226 4989 2350 5045 ’Ότι
2384 4984 2486 5057 δεῖ,
2520 4985 2674 5065 φησὶ,
2720 4983 2962 5060 καθάπερ
2992 4982 3081 5037 καὶ
3114 4982 3201 5037 ἐπὶ
3233 4980 3342 5037 τῶν
3402 4978 3612 5051 ἄλλων,
3669 4976 3814 5032 οὕτω

2154 5077 2244 5133 καὶ
2278 5076 2363 5130 ἐπὶ
2422 5083 2520 5146 τῆς
2586 5078 2771 5149 ψυχῆς
2802 5077 3052 5143 ζητῆσαι,
3107 5072 3211 5127 ὑπὸ
3242 5076 3400 5125 ποῖον
3433 5069 3587 5145 γένος
3647 5067 3815 5137 αὐτὴν

2155 5166 2441 5240 ἀνάξομεν.
2502 5163 2597 5219 Καὶ
2657 5164 2756 5238 γάρ
2815 5163 2867 5216 οἱ
2929 5162 3026 5234 μὲτ
3085 5162 3253 5230 αὑτὴν
3310 5160 3413 5214 ὑπὸ
3469 5159 3568 5227 τήν
3630 5157 3818 5213 οὗσίαν

2156 5256 2465 5331 ἀνάγουσινο
2528 5254 2580 5307 οἱ
2638 5251 2695 5307 δὲ
2755 5252 2859 5307 ὑπὸ
2887 5251 2950 5306 τὸ
2982 5251 3185 5306 ποσὸνο
3245 5251 3316 5304 ὧν
3349 5248 3459 5304 ἐστι
3512 5249 3600 5303 καὶ
3642 5254 3817 5303 Ξενο-

2155 5347 2360 5420 κράτης
2391 5347 2487 5415 (2).
2554 5342 2799 5415 Αριθμὸς
2839 5342 2943 5417 γάρ
3002 5340 3135 5408 ἐστι,
3186 5339 3371 5418 φησὶν,
3431 5341 3466 5407 ἡ
3517 5340 3671 5413 ψυχὴ
3733 5359 3819 5392 κι-

2158 5439 2262 5490 νῶν
2298 5433 2506 5490 ἑαυτόν.
2543 5433 2606 5487 Οἱ
2638 5429 2697 5486 δὲ
2750 5431 2853 5486 ὑπὸ
2890 5430 2953 5485 τὸ
2982 5431 3162 5499 ποιὸν,
3222 5430 3295 5483 ὧν
3358 5427 3462 5481 εἷ’σι
3492 5427 3581 5481 καὶ
3616 5427 3823 5501 ἷατροῖ,

2158 5528 2306 5596 ἡμᾶς
2340 5526 2413 5594 (3)
2449 5523 2582 5579 εἶναι
2644 5520 2893 5598 λέγοντες
2925 5519 3116 5591 αὐτήν.
3173 5522 3430 5575 Τοιοῦτοι
3492 5513 3537 5571 δ’
3596 5514 3656 5570 ἅν
3718 5516 3824 5571 εἶεν

2159 5614 2249 5668 καὶ
2282 5615 2335 5669 οἱ
2394 5612 2737 5688 ἐντελέχειαν
2792 5609 2960 5678 αὐτὴν
2996 5607 3312 5681 νομίζοντες
3343 5626 3621 5675 τοιαστην.
3667 5603 3823 5661 "Al-

582 5732 636 5816 id
672 5731 1011 5816 Pythagora:
1044 5735 1238 5816 potius
1273 5737 1473 5792 tribuit
1508 5738 1825 5811 Gregorius
1857 5742 2158 5816 Nyssenus
2189 5744 2244 5799 in
2281 5745 2430 5800 libro
2462 5746 2537 5800 De
2566 5745 2788 5800 Anima.

467 5803 544 5876 (3)
578 5806 727 5877 Lego
759 5803 896 5877 αῖμά
925 5803 1276 5875 sanguinem.
