4124 6408
316 347 472 407 1057

1794 346 1895 405 DE
1935 344 2214 407 ANIMA.

3575 360 3730 426 1058

315 474 405 531 λοι
439 473 610 550 λόγον
644 474 814 543 αὐτὴν
843 479 950 531 τῶν
1000 475 1289 551 στοιχείων
1315 474 1590 550 λέγουσιν,
1616 476 1668 529 οἳ
1702 471 1965 545 δηλονότι

2107 475 2303 545 licunt,
2339 478 2437 549 qui
2470 494 2597 535 eam
2640 499 2849 555 nempe
2903 486 2959 539 in
2993 486 3305 546 relatorum
3339 494 3603 550 ordinem
3638 514 3733 551 co~

320 567 423 621 ὑπὸ
452 566 514 621 τὸ
545 563 682 641 πρός
740 586 793 620 τι
847 566 1049 636 ταύτην
1084 566 1363 642 ἀνάγουσι.
1411 566 1485 620 Τὸ
1514 566 1620 641 γὰρ
1682 563 1970 620 διπλάσιον

319 657 354 727 ἢ
408 654 674 728 ἡμιόλιον
726 658 833 709 τῶν
890 655 1026 731 πρός
1079 675 1152 713 τι.
1214 648 1554 732 Ἀμφίϐολον
1605 655 1698 709 οὖν
1730 654 1866 718 τέως
1910 653 1973 707 τὸ

319 745 499 821 γένος.
561 740 812 800 Ἐπειδὰν
865 741 922 798 δὲ
957 741 1201 817 εὕρωμεν
1266 744 1349 799 ὅτι
1402 742 1611 812 οὐσίαν,
1662 741 1825 800 πάλιν
1880 748 1976 812 ζη-

319 839 429 890 τεῖν
491 830 694 905 δεήσει,
728 833 959 909 πότερον
997 837 1160 906 σῶμα
1182 831 1218 902 ἢ
1252 832 1563 906 ἀσώματον,
1593 832 1683 887 καί
1714 832 1759 887 εἰ
1817 836 1979 904 σῶμα

322 923 532 979 ἁπλοῦν
586 921 621 991 ἢ
683 921 952 978 σύνθετον·
1003 922 1094 977 καὶ
1152 922 1196 977 εἰ
1253 922 1543 995 ἀσώματον
1605 921 1879 998 χωριστὸι
1940 919 1976 989 ἢ

326 1012 655 1088 ἀχώριστον.
689 1012 783 1066 Καὶ
820 1011 1048 1087 πότερον
1087 1010 1187 1084 μία
1215 1010 1277 1066 ἐκ
1328 1012 1536 1084 ἑκάστῳ
1567 1012 1746 1086 ψυχὴ,
1776 1012 1811 1082 ἢ
1843 1007 1980 1065 πολ-

328 1101 439 1159 λαί’
496 1101 584 1156 καὶ
615 1099 667 1156 εἷ’
699 1100 816 1173 μία,
854 1097 1142 1174 μονοειδὴς
1198 1101 1233 1170 ἢ
1274 1098 1687 1173 πολυδύναμοφ
1747 1101 1835 1155 καὶ
1896 1098 1979 1161 τίς

329 1194 364 1261 ἡ
395 1195 504 1246 τῶν
535 1187 813 1263 δυνάμεων
848 1187 1105 1267 διαφορά,
1153 1189 1243 1246 καὶ
1276 1190 1321 1245 εί
1351 1188 1581 1246 πολλαί·
1615 1190 1841 1263 πότερον
1900 1192 1982 1261 τῷ

329 1281 548 1355 ἀριθμῷ
603 1278 835 1348 πολλαὶ,
895 1278 930 1349 ἢ
988 1279 1077 1334 καὶ
1131 1284 1213 1352 τῷ
1267 1277 1421 1334 εἶ’δεν
1482 1279 1709 1352 πότερον
1768 1278 1860 1333 καὶ
1903 1281 1982 1349 τῷ

325 1367 487 1444 γένει,
519 1366 553 1437 ἢ
610 1368 692 1423 οὗ.
721 1368 798 1422 Τά
825 1367 925 1443 γὰρ
956 1372 1036 1441 τῷ
1066 1365 1196 1423 εῖδει
1253 1366 1596 1446 διαφέροντα,
1656 1366 1720 1422 οὐ
1764 1367 1979 1427 πάντως

328 1457 421 1514 καὶ
450 1462 529 1530 τῷ
548 1457 711 1534 γένει’
746 1458 819 1520 ὡς
850 1458 1137 1533 ἅνθρωπος
1173 1457 1263 1512 καὶ
1291 1456 1481 1522 ἵππος.
1514 1458 1598 1515 Τὰ
1663 1456 1849 1541 μέντοι
1905 1458 1983 1526 τῷ

330 1548 470 1623 γένει
502 1544 826 1625 διαφέροντα
851 1591 864 1616 ,
923 1546 974 1620 ἐξ
1006 1545 1242 1623 ἀνάγκης
1273 1546 1364 1602 καὶ
1394 1552 1472 1620 τῷ
1502 1544 1654 1620 εἷ’δει,
1692 1546 1767 1609 ὡς
1827 1543 1983 1610 λίθος

331 1638 423 1693 καὶ
456 1642 612 1707 ζῶον.
646 1641 820 1692 Ταῦτα
846 1638 1029 1692 τοίνυν
1061 1638 1149 1691 καὶ
1186 1637 1392 1692 τούτων
1424 1634 1674 1705 πλείονα,
1725 1635 1860 1711 πρὸς
1919 1634 1981 1689 τὸ

331 1721 520 1783 λαϐεῖν
551 1727 643 1781 τὸν
677 1726 905 1803 ὁρισμὸν
924 1729 1025 1793 τῆς
1056 1729 1266 1802 ψυχῆς,
1306 1725 1588 1798 ζητητέον.

402 1925 523 1978 Ὃτι
555 1922 940 2000 Ἀριστοτέλης
976 1924 1080 1979 ὑπὸ
1111 1922 1368 1999 διαίρεσιν
1395 1925 1489 1980 τὸν
1550 1923 1717 1999 λόγον
1771 1922 1980 1999 ἀνάγων

329 2013 422 2067 τὸν
461 2012 579 2088 περὶ
609 2015 814 2088 ψυχῆς,
842 2012 1030 2091 φησὶν,
1129 2010 1354 2087 δυνάμει
1387 2012 1529 2068 ἐστὶν
1570 2015 1605 2084 ἢ
1657 2010 1984 2087 ἐντελέχεια,

333 2101 449 2158 ἀντὶ
484 2102 578 2175 μὲν
609 2106 707 2157 τοῦ
753 2101 1007 2174 σώματος
1051 2104 1402 2178 χρησάμενος
1448 2106 1517 2176 τῇ
1563 2100 1811 2176 δυνάμει,
1870 2100 1988 2156 ἀντὶ

335 2190 395 2247 δὲ
420 2195 517 2247 τοῦ
576 2190 868 2265 ἀσώματος
908 2195 977 2265 τῇ
1008 2189 1360 2267 ἐντελεχείᾳ·
1421 2191 1512 2246 καὶ
1560 2192 1664 2267 γὰρ
1718 2196 1827 2247 τῶν
1886 2212 1988 2246 σω-

342 2283 528 2355 μάτων
574 2281 643 2334 τά
685 2281 780 2354 μὶν
837 2279 888 2335 ἐν
947 2282 1148 2355 γενέσει
1207 2281 1297 2335 καὶ
1355 2282 1530 2358 φθορᾷ
1578 2278 1803 2354 δυνάμει
1853 2279 1987 2350 ἐστὶ,

340 2370 430 2426 καὶ
462 2371 578 2425 κατ’
611 2367 798 2425 ουσίαν
831 2368 920 2424 καὶ
951 2371 1086 2425 κατά
1116 2369 1403 2439 ποιότητα,
1435 2370 1525 2424 καὶ
1578 2371 1677 2439 τὴν
1705 2369 1764 2425 ἐκ
1819 2369 1989 2425 τόπου

339 2460 417 2523 εἷς
443 2460 611 2514 τόπον
649 2454 1220 2533 μεταϐολήν-δυνάμει
1263 2460 1357 2531 μὲν
1390 2460 1493 2533 γάρ
1525 2459 1682 2533 ἐσμεν
1712 2456 1989 2535 ἄνθρωποι

337 2550 391 2604 ἐν
449 2553 530 2621 τῷ
586 2548 856 2623 σπέρματι
909 2547 999 2602 καὶ
1030 2547 1081 2603 ἐν
1111 2553 1193 2620 τῷ
1220 2546 1566 2623 καταμηνίῳ·
1625 2550 1713 2604 καὶ
1765 2546 1993 2622 δυνάμει

338 2635 531 2701 παῖδες
563 2633 737 2708 ὄντες,
793 2635 1001 2713 ἔχομεν
1024 2637 1088 2693 τὸ
1116 2642 1218 2692 τοῦ
1248 2635 1437 2715 ἀνδρὸς
1472 2637 1718 2713 μέγεθος.
1752 2638 1992 2712 Ὁμοίως

338 2729 428 2782 καὶ
461 2726 549 2783 ἐπὶ
580 2731 675 2782 τοῦ
704 2731 887 2782 ποιοῦ·
922 2724 1148 2800 δυνάμει
1178 2726 1384 2803 ψυχροὶ
1441 2729 1634 2803 θερμοὶ
1694 2724 1862 2799 ὄντες,
1903 2727 1993 2782 καὶ

342 2814 569 2890 δυνάμει
599 2814 897 2890 κινούμεθα
925 2818 1248 2890 καθήμενοι.
1281 2817 1361 2875 Τά
1393 2814 1449 2872 δέ
1477 2838 1536 2872 τε
1568 2817 1794 2893 οὐράνια
1822 2817 1874 2872 ἐν
1923 2816 1993 2885 τῆ

341 2906 481 2961 κατᾶ
502 2906 669 2961 τόπον
708 2901 989 2980 μεταϐολῇ
1023 2906 1190 2980 μόνον
1247 2901 1438 2981 ἔχουσι
1466 2910 1535 2981 τῇ
1564 2903 1807 2981 δυνάμει.
1842 2908 1995 2965 Ἀνα-

342 2992 553 3049 τέλλων
607 2995 705 3069 γάρ
764 2996 792 3050 ὁ
849 2994 1034 3065 ἥλιος,
1075 2992 1301 3069 δυνάμει
1364 3000 1704 3072 μεσουρανεῖ·
1764 2996 1853 3051 καὶ
1906 3017 1996 3068 μεο

347 3086 621 3158 σουρανῶν
683 3081 903 3159 δυνάμει
964 3081 1125 3139 δύνει·
1185 3085 1275 3139 καὶ
1334 3084 1418 3140 ἐπὶ
1450 3089 1551 3151 τῆς
1601 3082 1781 3156 ἄλλης
1830 3085 1996 3141 αὐτοῦ

342 3174 609 3245 κινήσεως
662 3174 752 3229 καὶ
807 3179 913 3230 τῶν
970 3172 1156 3230 ἄλλων
1201 3172 1459 3250 ἀστέρων,
1518 3175 1776 3239 ὡσαύτως
1833 3174 1885 3230 ἐν
1924 3178 1994 3250 τῇ

342 3263 483 3318 κατὰ
507 3263 676 3320 τόπον
711 3259 1016 3338 μεταϐολῇ,
1046 3264 1109 3319 τὸ
1141 3261 1366 3339 δύναμει
1398 3264 1510 3320 ἐστὶ
1546 3265 1790 3338 θεωρεῖν.
1819 3264 1998 3322 Ἀλλά

345 3352 399 3407 τί
430 3350 634 3424 δήποτε
684 3353 772 3408 ἐπὶ
828 3358 927 3409 τοῦ
976 3354 1230 3426 σώματος
1289 3353 1341 3408 έν
1392 3350 1617 3428 δυνάμει
1674 3354 1854 3426 τάξας,
1911 3354 1999 3410 ἐπὶ

346 3445 444 3497 τοῦ
493 3441 786 3516 ἀσωμάτου
846 3442 948 3498 οὐκ
1016 3443 1157 3498 εἶπεν
1215 3441 1525 3519 ἐντελεχείᾳ
1584 3444 1720 3499 κατὰ
1778 3442 1998 3514 δοτικὴν

346 3535 576 3605 πτῶσιν,
625 3530 755 3586 ἀλλ’
810 3530 1149 3607 ἐντελέχειαν
1180 3534 1298 3588 κατ’
1327 3533 1573 3603 εὖθεῖαν;
1630 3533 1873 3610 Λέγομεν
1908 3536 2001 3589 οὖν

348 3622 431 3677 δτι
459 3618 600 3675 ἄλλο
631 3618 743 3676 ἐστὶ
776 3618 1026 3696 δύναμις,
1060 3620 1149 3677 καὶ
1180 3620 1322 3678 ἄλλο
1368 3621 1420 3677 ἐν
1454 3619 1702 3696 δυνάμει,
1735 3624 1822 3678 καὶ
1858 3622 1999 3679 ἄλλο

343 3708 679 3787 ἐντελέχεια,
728 3710 817 3766 καὶ
878 3708 1019 3767 ἄλλο
1077 3709 1407 3787 ἐντελεχείᾳ.
1463 3717 1527 3767 Ἦ
1589 3712 1683 3784 μὲν
1736 3712 1836 3788 γάρ
1890 3711 1996 3783 ὕλη

349 3800 531 3874 μόνως
590 3799 702 3855 ἐστὶ
761 3798 985 3874 δυνάμει
1045 3802 1240 3873 πάντα,
1288 3802 1377 3856 καὶ
1411 3796 1521 3856 ἔστι
1575 3798 1822 3875 δυνάμει,
1855 3801 2000 3875 ἐνερ-

347 3890 471 3966 γείᾳ
502 3886 560 3944 δὲ
591 3887 862 3947 οὖδέν.Τὸ
913 3887 971 3945 δὲ
1013 3887 1152 3953 εἶδος
1204 3891 1382 3962 μόνως
1442 3888 1772 3965 ἐντελέχεια·
1832 3889 1893 3945 τὸ
1943 3887 2001 3945 δὲ

347 3979 401 4050 ἐξ
430 3977 570 4050 ὖλης
630 3978 720 4035 καὶ
778 3976 957 4042 εἷίδους
987 3979 1077 4035 καὶ
1105 3978 1155 4035 ἐν
1186 3977 1434 4053 δυνάμει,
1467 3980 1630 4035 τοῦτό
1662 3978 1773 4035 ἐστι
1802 3978 1892 4034 καὶ
1918 3978 1998 4034 ἐν·

343 4067 636 4144 τελεχείᾳ.
684 4070 1051 4146 Συντρέχουσι
1107 4070 1211 4146 γὰρ
1270 4068 1444 4125 πάντα
1495 4073 1664 4124 ταῦτα
1716 4070 1850 4142 ἅμα·
1909 4068 1999 4125 καὶ

345 4156 479 4233 ὅπερ
541 4157 651 4214 ἐστὶ
684 4159 774 4214 καὶ
818 4159 869 4213 ἐν
914 4156 1163 4232 δυνάμει,
1190 4156 1353 4214 τοῦτό
1383 4156 1610 4213 ἐστικαὶ
1666 4156 1999 4234 ἐντελεχείᾳ.

346 4249 448 4303 Καὶ
506 4249 609 4324 γὰρ
658 4247 831 4304 πάντα
877 4250 944 4304 τά
993 4246 1134 4320 ε’ίδη,
1171 4245 1397 4322 δυνάμει
1457 4247 1510 4304 ἐν
1564 4253 1634 4323 τῇ
1667 4247 1772 4324 ὕλῃ
1836 4248 1999 4321 ἐστὶν,

343 4338 470 4408 ἥτις
501 4340 633 4394 ποτὲ
693 4338 787 4411 μὲν
845 4342 1031 4407 τοῦτο,
1078 4338 1212 4393 ποτὶ
1261 4335 1319 4392 δῖε
1376 4339 1551 4393 έκεῖνο
1601 4337 1801 4413 γίνεται
1859 4338 2002 4411 ἐνερ-

345 4427 487 4502 γείᾳ.
547 4431 657 4485 Νῦν
721 4428 815 4501 μὲν
868 4427 968 4504 γάρ
1010 4426 1296 4502 ἄνθρωπος
1356 4428 1488 4483 οὖσα
1519 4424 1769 4501 δυνάμει,
1800 4424 2003 4483 ἄλλοτε

343 4517 553 4593 γίνεται
599 4516 835 4593 ἓνεργείᾳ
883 4514 1187 4593 ἄνθρωπος·
1242 4514 1458 4590 μᾶλλον
1517 4513 1574 4571 δὲ
1600 4515 1713 4589 ἅμα
1761 4513 2000 4591 ἔχεικαὶ

2025 3221 2072 3290 C

2082 571 2250 638 gunt.
2283 566 2540 640 Duplum
2574 572 2728 625 enim
2763 578 2817 627 et
2848 576 3179 647 sextuplum
3217 580 3397 637 relata
3428 589 3586 638 sunt.
3617 586 3732 640 Du-

2083 655 2248 711 bium
2279 655 2461 728 igitur
2501 664 2559 714 et
2605 666 3041 720 controversum
3092 675 3183 723 est
3231 671 3358 740 ejus
3388 689 3594 745 genus.
3625 676 3733 731 Sed

2085 744 2187 800 ubi
2237 745 2636 805 invenerimus
2684 752 3074 826 substantiam
3121 774 3271 826 esse,
3322 744 3527 818 rursus
3578 781 3734 835 quaa-

2084 832 2334 889 rendum
2366 834 2476 889 erit
2505 852 2576 891 an
2609 852 2821 909 corpus
2841 856 2911 894 an
2947 841 3073 898 sine
3105 862 3385 918 corpore,
3418 846 3491 905 an
3523 832 3737 924 corpus

2086 919 2358 993 simplex,
2393 940 2466 979 an
2516 928 2907 999 compositum
2943 947 2956 985 :
2990 932 3040 987 si
3087 933 3213 990 sine
3243 952 3501 1009 corpore,
3535 958 3607 995 an
3627 919 3737 997 ise-

2088 1011 2388 1082 parabilis,
2422 1030 2494 1068 an
2550 1015 2999 1090 inseparabilis;
3052 1028 3131 1088 et,
3162 1024 3315 1081 sitne
3365 1044 3484 1084 una
3528 1030 3584 1085 in
3617 1031 3739 1087 sin-

2087 1100 2247 1172 gulis
2276 1104 2617 1173 corporibus
2666 1106 2884 1176 anima,
2919 1110 3004 1165 vel
3037 1112 3236 1182 plures
3266 1132 3278 1169 :
3310 1122 3367 1171 et
3398 1118 3446 1171 si
3481 1135 3598 1175 una
3627 1126 3737 1190 est,

2089 1206 2162 1244 an
2224 1191 2401 1247 unius
2458 1195 2693 1265 speciei,
2754 1197 2841 1252 vel
2901 1200 3289 1271 plurimarum
3351 1207 3738 1280 facultatum;

2091 1280 2387 1350 quodnam
2420 1282 2496 1337 sit
2525 1299 2729 1340 earum
2761 1286 2915 1343 inter
2960 1306 3022 1345 se
3065 1292 3381 1350 discrimen
3419 1315 3432 1352 :
3464 1300 3591 1353 tum
3623 1300 3745 1356 sint

2090 1383 2161 1422 nc
2195 1367 2391 1439 plures
2420 1371 2546 1440 haz;
2597 1390 2669 1428 an
2703 1391 2971 1445 numero,
3024 1397 3097 1435 an
3148 1384 3342 1454 specie
3390 1384 3589 1457 plures
3621 1406 3634 1443 :
3668 1405 3740 1444 an

2090 1472 2321 1529 genere,
2357 1474 2556 1516 necne.
2589 1463 2737 1519 Nam
2768 1482 2899 1538 qua:
2926 1470 3121 1541 specie
3148 1471 3446 1538 differunt,
3481 1491 3595 1531 non
3618 1494 3742 1534 om-

2093 1546 2232 1601 nino
2261 1546 2437 1603 etiam
2486 1566 2733 1624 genere;
2787 1560 2852 1610 ut
2883 1556 3055 1615 homo
3099 1563 3156 1615 et
3202 1578 3411 1636 equus,
3445 1566 3580 1630 Qua;
3610 1582 3743 1623 vero

2091 1651 2302 1707 genere
2341 1637 2637 1711 differunt,
2668 1645 2908 1702 omnino
2958 1652 3015 1703 et
3064 1651 3258 1721 specie
3288 1653 3644 1726 discrepant,
3682 1658 3747 1711 ut

2094 1722 2246 1814 lapis
2292 1729 2351 1781 et
2399 1726 2639 1785 animal.
2694 1732 2822 1788 Haec
2868 1738 2925 1789 et
2971 1737 3140 1808 plura
3187 1739 3258 1795 ad
3310 1722 3746 1814 percipiendum

2014 1852 2063 1918 Β
2094 1813 2303 1869 anime
2334 1815 2756 1888 definitionem,
2787 1826 3103 1894 quaerenda
3130 1832 3290 1884 sunt.

2164 1922 2504 1979 Aristoteles
2560 1926 3023 1999 disputationem
3080 1935 3153 1990 dc
3209 1936 3410 1992 anima
3456 1938 3747 2009 dividens,

2093 2009 2184 2065 vel
2217 2017 2523 2081 potestate,
2573 2015 2787 2088 inquit,
2833 2024 2941 2090 est,
2972 2021 3061 2078 vel
3110 2023 3197 2080 vis
3244 2042 3313 2081 ex
3361 2043 3425 2083 se
3458 2044 3747 2085 movens:

2097 2100 2196 2155 ubi
2232 2117 2333 2171 pro
2381 2119 2643 2175 corpore,
2677 2106 2842 2179 dixit,
2875 2115 3162 2181 potestate
3190 2132 3203 2183 ;
3252 2132 3355 2187 pro
3386 2117 3750 2190 incorporeo,

2099 2190 2187 2244 vis
2212 2206 2281 2246 ex
2311 2208 2372 2247 se
2406 2209 2643 2250 movens
2673 2213 2686 2250 :
2719 2212 3031 2269 corporum
3062 2202 3240 2271 enim,
3276 2204 3391 2262 alia
3421 2206 3478 2262 in
3509 2223 3753 2280 genera-

2098 2277 2256 2334 tione
2285 2285 2341 2336 et
2371 2285 2764 2356 corruptione,
2807 2293 3093 2358 potestate
3139 2299 3302 2362 sunt,
3331 2299 3388 2351 et
3423 2277 3751 2354 secundum

2100 2367 2493 2425 substantiam
2544 2378 2600 2427 et
2647 2375 2991 2445 qualitatem
3042 2383 3099 2434 et
3144 2382 3524 2440 mutationem
3566 2385 3753 2442 eloco

2100 2454 2159 2510 in
2191 2455 2419 2512 locum:
2444 2477 2576 2515 nam
2609 2466 2894 2533 potestate
2913 2483 3124 2525 sumus
3150 2470 3420 2530 homines
3446 2475 3503 2529 in
3528 2475 3756 2530 semine

2101 2549 2158 2599 et
2204 2552 2504 2604 menstruo
2538 2567 2551 2605 :
2587 2556 2805 2616 etcum
2860 2557 3023 2625 pueri
3055 2559 3265 2631 simus,
3298 2562 3403 2617 viri
3454 2564 3756 2636 magnitu-

2104 2633 2299 2691 dinem
2343 2645 2629 2709 potestate
2678 2641 2984 2700 habemus.
3040 2647 3098 2702 In
3147 2651 3429 2721 qualitate
3460 2633 3756 2725 sim—iliter,

2104 2740 2238 2779 eum
2273 2726 2469 2798 frigidi
2502 2746 2729 2797 sumus,
2757 2737 3044 2803 potestate
3074 2737 3271 2794 callidi
3295 2758 3506 2797 sumus
3527 2747 3584 2797 et
3604 2746 3761 2815 pote-

2104 2819 2255 2870 state
2280 2832 2601 2885 movemur,
2627 2837 2754 2875 eum
2780 2824 3075 2881 sedemus.
3100 2826 3235 2883 Cceli
3260 2834 3455 2887 autem
3480 2832 3548 2886 ad
3572 2833 3758 2887 solam

2105 2901 2215 2958 loci
2275 2906 2684 2978 mutationem,
2748 2916 3096 2982 potestatem
3160 2918 3396 2974 habent.
3447 2920 3544 2977 Sol
3601 2920 3759 2977 enim

2106 2992 2322 3063 oriens,
2357 3001 2638 3066 potestate
2688 3000 2919 3058 medius
2949 3008 3073 3071 est;
3128 3008 3370 3063 meridie
3413 3025 3567 3081 vero,
3603 3014 3762 3081 pote-

2107 3085 2257 3137 state
2288 3082 2499 3138 occidit
2529 3103 2542 3140 :
2578 3090 2635 3141 et
2667 3087 2724 3142 in
2776 3091 2998 3146 caeteris
3047 3094 3195 3165 ejus,
3231 3101 3286 3151 et
3318 3096 3566 3153 aliorum
3602 3099 3758 3155 side-

2109 3186 2241 3225 rum
2274 3172 2554 3240 motibus,
2589 3178 2835 3233 mutatio
2858 3179 2927 3234 ad
2960 3179 3173 3249 locum,
3196 3189 3483 3256 potestate
3514 3188 3765 3243 attendi-

2112 3264 2220 3316 tur.
2259 3261 2370 3316 Sed
2406 3279 2529 3329 cur,
2561 3280 2692 3320 cum
2726 3271 3026 3339 potestate,
3053 3287 3154 3341 pro
3184 3288 3425 3345 corpore
3448 3275 3761 3346 posuisset,

2110 3365 2213 3421 pro
2245 3349 2583 3423 incorporeo
2618 3369 2732 3408 non
2769 3356 2935 3425 dixit,
2969 3359 3291 3416 cntelechio
3318 3361 3377 3417 in
3410 3368 3570 3419 sexto
3601 3380 3767 3433 casu,

2109 3439 2209 3495 sed
2244 3439 2652 3513 entelecbiam,
2677 3442 2735 3499 in
2767 3444 2967 3501 recto?
2996 3447 3141 3511 Quia
3165 3449 3449 3507 nimirum
3475 3452 3630 3508 aliud
3655 3458 3767 3520 est,

2110 3533 2390 3599 potestas,
2452 3522 2632 3599 aliud,
2693 3538 3015 3606 potestate;
3075 3543 3133 3593 et
3188 3540 3347 3595 aliud
3408 3542 3766 3611 entelecbia,

2111 3616 2270 3671 aliud
2304 3618 2648 3675 entelecbia.
2682 3622 2816 3677 Sola
2855 3624 3010 3680 enim
3064 3628 3326 3700 materia,
3359 3636 3449 3686 est
3481 3635 3771 3702 potestate

2112 3707 2331 3777 omnia,
2362 3713 2494 3764 actu
2528 3727 2660 3766 vero
2709 3712 2876 3767 nihil.
2932 3720 2999 3770 At
3031 3716 3237 3787 forma,
3270 3720 3451 3775 ’actus
3482 3725 3712 3776 tantum
3753 3736 3765 3775 :

2111 3796 2265 3866 quod
2299 3813 2431 3852 vero
2475 3814 2543 3853 ex
2593 3803 2839 3858 materia
2885 3809 2941 3859 et
2973 3806 3182 3874 forma,
3232 3809 3409 3864 etiam
3458 3814 3771 3881 potestate,

2112 3884 2255 3939 illud
2289 3889 2379 3940 est
2416 3893 2572 3943 actu.
2624 3889 2748 3945 Una
2778 3893 2934 3947 enim
2986 3893 3108 3950 hanc
3155 3897 3353 3952 omnia
3384 3902 3771 3964 concurrunt,

2111 3979 2168 4030 et
2216 3975 2610 4050 quodcunque
2657 3984 2746 4035 est
2790 3980 2852 4036 in
2902 3986 3215 4054 potestate,
3259 3985 3406 4042 illud
3459 3987 3631 4043 etiam
3685 3992 3775 4044 est

2113 4070 2266 4121 actu.
2295 4064 2513 4122 Omnes
2542 4068 2697 4125 enim
2736 4070 2957 4140 formae,
2990 4073 3207 4130 virtute
3239 4081 3383 4132 sunt
3414 4077 3469 4132 in
3505 4077 3775 4144 materia,

2112 4172 2237 4226 qua:
2292 4156 2464 4211 modo
2516 4156 2645 4225 hoc,
2701 4161 2875 4216 modo
2920 4161 3062 4219 illud
3102 4165 3166 4219 ﬁt
3216 4170 3372 4223 actu.
3420 4172 3587 4223 Nunc
3616 4168 3774 4223 enim

2114 4262 2243 4299 eum
2281 4245 2454 4301 homo
2486 4247 2563 4302 sit
2603 4253 2911 4319 potestate,
2945 4251 3090 4308 alias
3124 4255 3222 4311 ﬁet
3251 4255 3428 4313 homo
3460 4265 3591 4313 actu
3620 4257 3776 4313 :imo

2113 4351 2245 4389 vero
2277 4333 2455 4391 habet
2487 4341 2551 4392 ut
2599 4338 2778 4393 simul
2809 4341 2887 4394 sit
2940 4347 3226 4413 potestate
3257 4351 3312 4400 et
3362 4352 3520 4402 actu.
3553 4346 3778 4419 Quippe

2114 4425 2393 4495 quoniam
2426 4443 2731 4499 nunquam
2764 4430 2953 4487 forma
2973 4438 3158 4501 vacat,
3192 4450 3325 4490 cum
3352 4435 3501 4491 hanc
3525 4436 3776 4492 formam

2113 4515 2394 4587 suscepit,
2429 4521 2560 4571 actu
2594 4519 2855 4589 quidem,
2885 4520 2995 4577 hoc
3015 4528 3128 4590 est,
3161 4523 3398 4592 virtute,
3423 4526 3606 4581 aliud.
3629 4526 3781 4591 Quia

346 4605 413 4661 τὸ
466 4603 692 4680 δυνάμει
741 4606 831 4661 καὶ
889 4606 950 4661 τὸ
1008 4604 1271 4683 ἐνεργείᾳ.
1322 4602 1544 4674 Ἐπειδὴ
1592 4605 1693 4682 γὰρ
1746 4602 1994 4661 οὐδέποτέ

2117 4603 2298 4675 igitur
2329 4604 2388 4660 in
2437 4605 2651 4676 quibus
2698 4613 2806 4679 est,
2860 4610 3089 4681 virtute,
3138 4612 3195 4667 in
3228 4613 3323 4669 his
3374 4619 3484 4683 est,
3520 4622 3571 4670 et
3621 4620 3782 4684 actu,

349 4697 671 4770 ἐστιγυμνή
706 4692 902 4765 ε’ίδους,
955 4695 1161 4751 ἐκείνου
1199 4699 1296 4750 τοῦ
1356 4692 1557 4763 ε’ίδους,
1616 4693 1853 4770 ἐνεργείᾳ
1910 4695 2005 4767 μὶν

350 4786 442 4840 οὖν
499 4785 607 4840 ἐστι
664 4783 810 4858 τόδε,
861 4789 930 4860 τῇ
989 4783 1215 4861 δυνάμει
1246 4782 1303 4840 δὲ
1336 4783 1498 4842 ἄλλο.
1532 4784 1681 4841 Ἐπεὶ
1713 4780 1803 4838 οὖν
1839 4785 1890 4839 ἐν
1925 4786 2009 4847 οἷς

345 4873 412 4930 τὸ
471 4869 692 4948 δυνάμει
752 4873 919 4945 ἐστὶν,
977 4875 1030 4929 ἐν
1083 4874 1303 4939 τούτοις
1358 4872 1448 4929 καὶ
1506 4873 1569 4928 τὸ
1627 4874 1893 4949 ἐνεργείᾳ,
1938 4873 2012 4936 ὡς

351 4963 440 5019 ἐπὶ
498 4963 607 5018 τῶν
666 4962 870 5019 ἒνῦλων
923 4960 1137 5039 ε’ίρηται
1185 4962 1475 5037 σωμάτων’
1510 4963 1598 5018 ἐπὶ
1630 4960 1687 5018 δὲ
1711 4966 1819 5018 τῶν
1853 4962 2009 5026 θείων

352 5052 446 5108 καί
503 5051 809 5127 ἀσωμάτων
868 5052 967 5108 οὑκ
994 5047 1107 5108 ἔστι
1158 5052 1221 5108 τὸ
1247 5050 1493 5125 δυνάμει·
1555 5051 1671 5107 ἐπεὶ
1707 5048 1848 5125 μηδὲ
1878 5050 2008 5120 ὕληο

352 5141 445 5197 καὶ
476 5138 565 5197 διὰ
586 5146 749 5197 τοῦτο
783 5138 912 5197 οὐδὲ
952 5140 1014 5196 τὸ
1077 5139 1338 5218 ἐνεργείᾳ.
1399 5141 1474 5195 Οὑ
1522 5140 1624 5216 γάρ
1679 5139 1814 5194 εἰσιν
1867 5140 2012 5213 ἐνερ-

355 5230 479 5307 γείᾳ
501 5227 625 5286 τόδε
670 5253 744 5299 τι,
805 5228 931 5286 ἀλλ’
982 5229 1375 5307 αὑτοενέργειαί
1407 5229 1540 5286 εἰσιν
1570 5226 1682 5300 ἤδη
1743 5225 1869 5285 ὄντα
1925 5250 2017 5284 κα-

355 5321 492 5395 Οαρά
549 5324 672 5376 ἄνευ
730 5320 894 5392 ὕλης.
954 5319 1052 5375 Διὰ
1105 5324 1267 5376 τοῦτο
1299 5317 1748 5376 ἀντιδιαπέλλον
1795 5320 1866 5391 τῇ
1913 5318 2017 5395 ὕλῃ

353 5409 446 5465 καὶ
507 5411 744 5484 συνθέτῳ
774 5408 952 5488 φύσει,
1011 5412 1109 5481 τὴν
1179 5405 1346 5464 ἄῧλον
1405 5408 1497 5464 καὶ
1558 5407 1876 5482 ἀσώματον,
1940 5407 2178 5484 ἐσήμανε
2259 5405 2350 5463 διά
2427 5412 2523 5463 τοῦ
2607 5406 2885 5483 δυνάμει·

357 5519 508 5576 χεια.

428 5610 555 5667 ’Ότι
586 5605 809 5664 δυνατὸν
843 5606 974 5686 φησί
1003 5607 1094 5663 καὶ
1128 5608 1255 5683 μίαν
1289 5608 1476 5684 ψυχὴν
1509 5606 1598 5664 ὶπὶ
1653 5610 1751 5662 τοῦ
1808 5605 2014 5684 ἀνθρώ-

355 5720 463 5755 που
523 5698 698 5775 Αέγειν
756 5695 847 5753 καὶ
876 5694 1100 5761 πλείους
1135 5716 1148 5730 ·
1190 5694 1415 5763 πλείους
1447 5697 1540 5773 μὲν
1592 5694 1674 5752 ὅτι
1724 5692 2011 5773 διαφέρου-

2120 4693 2294 4748 sicuti
2326 4694 2396 4749 de
2437 4693 2760 4751 materiatis
2808 4700 3150 4770 corporibus
3201 4702 3425 4759 dictum
3461 4708 3552 4759 est
3584 4720 3598 4757 :
3632 4708 3691 4758 at
3723 4704 3781 4757 in

2120 4781 2336 4837 divinis
2367 4788 2423 4839 et
2448 4783 2846 4855 ,incorporeis,
2883 4787 3027 4843 nihil
3057 4794 3147 4844 est
3178 4790 3412 4861 virtute,
3445 4791 3585 4863 quia
3619 4791 3676 4846 iu
3710 4791 3784 4847 iis

2120 4889 2311 4944 neque
2347 4873 2589 4929 materia
2638 4879 2764 4943 est;
2817 4877 2889 4932 ob
2921 4893 3169 4950 eamque
3218 4895 3341 4936 rem
3375 4897 3565 4952 neque
3596 4884 3726 4935 actu
3765 4896 3779 4935 :

2122 4977 2237 5017 non
2272 4962 2428 5018 enim
2460 4967 2593 5018 actu
2626 4968 2766 5019 sunt
2796 4964 2911 5020 tale
2942 4965 3271 5039 quippiam.
3305 4970 3415 5025 Sed
3450 4969 3562 5041 ipsi
3591 4974 3780 5038 actus,

2123 5053 2194 5107 ab
2227 5052 2386 5107 omni
2421 5052 2665 5109 materia
2712 5054 2863 5125 puri.
2912 5059 3227 5128 Propterea
3257 5076 3391 5115 eum
3445 5077 3479 5116 a
3511 5059 3815 5140 materiak

2122 5147 2179 5197 et
2208 5158 2331 5197 corn
2345 5141 2534 5214 posita
2564 5147 2795 5211 natura,
2814 5144 3291 5220 immateriatam,
3312 5153 3368 5205 et
3392 5149 3521 5207 sine
3542 5164 3786 5223 corpore

2125 5235 2329 5287 contra
2350 5232 2632 5288 discernit
2660 5248 2676 5289 :
2712 5232 2898 5303 illam,
2928 5239 3240 5307 potestate,
3261 5238 3411 5295 hanc
3437 5256 3596 5308 voce,
3629 5244 3788 5296 ente-

2125 5320 2339 5386 lecbia,
2372 5320 2750 5393 signiﬁcavit.

2973 5413 3074 5482 τήν
3160 5411 3219 5470 δὲ
3276 5413 3366 5471 διὰ
3421 5421 3517 5472 τοῦ
3576 5414 3790 5472 ἐντελέ-

2196 5615 2385 5667 Unam
2421 5626 2546 5666 esse
2579 5609 2635 5665 in
2672 5608 2911 5666 homine
2961 5611 3242 5686 animam,
3277 5621 3334 5671 et
3364 5616 3563 5688 plures
3593 5615 3787 5671 dicere

2123 5699 2261 5757 licet
2294 5717 2305 5755 :
2342 5699 2537 5773 plures
2560 5697 2819 5770 quidem,
2846 5698 2984 5770 quia
3013 5700 3167 5759 inter
3183 5719 3245 5761 se
3264 5705 3459 5776 specie
3485 5705 3781 5771 differunt,
