4124 6394
391 324 418 380 1
429 321 550 379 059

1735 306 2162 371 MICHAELIS
2209 280 2475 372 PSELLI

3663 314 3826 375 1060

384 454 720 528 vegetatrix,
750 452 1087 520 hrutorurn,
1120 454 1178 505 et
1221 449 1486 506 humana
1515 452 1573 506 et
1603 466 1637 505 a
1668 462 1732 505 se
1762 461 2038 519 separan-

2159 466 2240 499 σιν
2270 444 2539 519 ἀλλήλων
2595 454 2675 523 τῷ
2735 448 2885 519 εῖδει,
2945 452 2980 520 ἡ
3013 452 3214 529 φυτική
3246 452 3334 507 καὶ
3367 454 3401 522 ἡ
3435 450 3637 528 ἄλογος
3659 453 3748 509 καὶ
3779 452 3817 523 ἡ

384 549 498 600 tur.
532 541 720 600 Unam
751 556 904 609 vero,
940 544 1175 612 propter
1228 556 1429 595 earum
1492 542 1770 594 mutuum
1801 550 2049 593 concen-

387 637 515 688 tum
547 635 605 688 et
633 628 1106 687 consensionem.
1138 629 1287 685 Nam
1321 646 1353 684 a
1384 630 1629 694 ratione,
1664 627 1733 682 ad
1766 628 2047 696 vegetan-

389 724 528 791 tem,
554 722 814 777 actiones
865 719 1344 793 proficiscuntur,
1375 722 1433 774 et
1483 717 1694 773 harum
1745 719 1940 770 motus
1991 715 2049 767 et

384 809 535 882 vitae,
568 810 857 865 rationem
897 809 955 864 in
1007 824 1069 863 se
1101 807 1538 879 quodammodo
1586 804 1958 861 constituunt
1987 804 2048 857 et

385 896 696 955 adornant.
734 894 860 954 Una
892 897 1069 967 igitur
1093 895 1270 951 etiam
1304 901 1395 951 est
1424 893 1683 951 hominis
1718 891 1935 949 anima.

464 1008 573 1072 Qui
608 1023 784 1064 unam
823 1002 1016 1078 specie
1048 1003 1305 1059 animam
1341 1003 1399 1058 in
1432 1001 1662 1058 cunctis
1685 997 2045 1058 animalibus

386 1118 516 1160 esse
547 1099 773 1166 dicunt,
803 1098 1338 1165 temperamentum
1371 1108 1499 1148 eam
1532 1107 1663 1147 esse
1692 1092 2041 1158 autumant;

386 1208 524 1249 nam
554 1204 684 1245 eam
711 1185 783 1241 ad
816 1181 1185 1255 singulorum
1236 1181 1533 1254 prepriam
1583 1182 2043 1251 temperaturam

386 1280 605 1340 mutari
634 1278 874 1334 dicunt:
897 1274 1052 1329 unde
1074 1272 1259 1328 multa
1284 1273 1540 1328 absurda
1563 1274 2041 1342 consequuntur:

385 1372 669 1446 primum,
729 1365 869 1437 quia
924 1363 1128 1418 eﬂ‘ecta
1185 1361 1476 1417 nobiliora
1524 1360 1751 1416 faciunt
1807 1357 2043 1427 causis;

386 1477 601 1534 corpus
649 1455 806 1513 enim
854 1452 1211 1521 inanimum,
1245 1454 1456 1507 animm
1502 1462 1742 1506 causam
1775 1448 2038 1513 faciunt:

386 1547 667 1613 secundo,
700 1543 900 1598 vivens
947 1540 1084 1610 vita,
1119 1540 1429 1595 immotum
1476 1541 1767 1607 movente,
1799 1534 2041 1591 rationis

380 1653 587 1711 expers
632 1633 855 1691 ratione
887 1629 1153 1702 praedito,
1185 1625 1553 1692 antecellere,
1587 1632 1646 1682 et
1693 1633 1898 1681 caetera
1927 1624 2040 1680 hu-

371 1723 639 1801 jusmodi
669 1718 1046 1778 incommoda
1076 1720 1487 1789 sequerentur.
2006 1734 2010 1739 ~

2159 535 2379 611 λογικὴ,
2441 537 2529 593 καὶ
2588 539 2922 616 χωρίζονται
2978 538 3268 613 ἀλλήλων,
3329 543 3472 599 Μίαν
3514 540 3571 598 δὲ
3603 541 3691 599 διὰ
3719 545 3821 613 τὴν

2157 628 2472 705 συμφωνίαν
2499 628 2707 685 τούτων
2765 632 2854 686 καὶ
2897 631 2996 701 τήν
3029 631 3388 705 συμπάθειαν.
3425 632 3529 689 Καὶ
3566 634 3670 709 γὰρ
3723 632 3817 688 καὶ

2157 713 2218 771 ὲκ
2243 721 2340 771 τοῦ
2371 716 2544 793 λόγου
2576 718 2841 797 ἐνέργειαι
2875 716 3214 778 διαϐαίνουσι
3251 721 3416 798 μέχρι
3444 728 3543 792 τῆς
3563 724 3820 800 φυτικῆς,

2154 805 2244 861 καὶ
2273 806 2327 861 αἱ
2355 808 2563 863 τούτων
2594 811 2833 882 κινήσεις
2865 812 2952 866 καὶ
2991 812 3148 881 ζωαὶ,
3183 812 3350 867 οἱονεὲ
3390 808 3816 868 συνδιατιθέασιν

2155 894 2206 949 ἐν
2240 896 2428 959 αὐταῖς
2459 898 2550 952 τὸν
2579 895 2764 976 λόγον.
2796 899 3007 955 Οὐκοῦν
3040 901 3130 955 καὶ
3167 902 3287 974 μία.

2224 1004 2345 1060 ’Ὁτι
2377 1004 2429 1058 οἱ
2464 1005 2591 1078 μίαν
2633 1002 2884 1080 λέγοντες
2914 1008 3099 1083 ψυγὴν
3130 1012 3209 1079 τῷ
3237 1004 3367 1063 εἶ’δει
3418 1007 3471 1063 ἐν
3518 1014 3645 1063 πᾶσι
3691 1015 3814 1072 τοῖς

2158 1093 2342 1165 ζώοις,
2403 1100 2592 1169 κρᾶσιν
2653 1096 2787 1150 εἶναι
2850 1094 3017 1166 αὐτὴν
3080 1093 3440 1168 δοξάζουσιν’
3492 1096 3817 1168 ἐξαλλάττε-

2154 1194 2273 1247 σθαι
2321 1183 2425 1260 γὰρ
2485 1184 2656 1254 αὐτὴν
2702 1186 2840 1261 πρὸς
2882 1187 2984 1254 τήν
3035 1187 3088 1241 ἂν
3139 1184 3349 1242 ἑκάστω
3403 1184 3653 1255 ἰδιότητα
3715 1195 3817 1258 τῆς

2151 1274 2395 1347 κράσεως
2439 1273 2698 1330 τίθενται’
2732 1275 2816 1339 οἷς
2869 1269 3051 1330 ἕπεται
3110 1274 3301 1331 πολλὰ
3354 1273 3548 1331 ἄτοπα·
3609 1272 3663 1332 ἔν
3719 1279 3813 1350 μὲν

2152 1362 2237 1417 ὃτι
2264 1362 2331 1417 τὰ
2360 1361 2596 1434 uitia-cit,
2632 1365 2864 1441 κρείττω
2896 1368 3116 1419 ποιοῦσι
3171 1369 3279 1420 τῶν
3316 1364 3522 1421 αἰτίων.
3578 1367 3654 1425 Τὸ
3709 1369 3812 1443 γὰρ

2152 1449 2365 1528 ἄψυχον
2398 1457 2557 1527 σῶμα
2586 1452 2776 1530 ψυχῆς
2805 1451 2978 1510 αἶ’τιον
3013 1459 3255 1513 ποιοῦσι.
3290 1456 3640 1531 Δεύτερον,τὸ
3668 1461 3808 1526 ζῶον

2147 1548 2250 1612 τῆς
2285 1547 2453 1613 ζωῆς,
2485 1541 2549 1597 τὸ
2577 1540 2833 1615 ἀκίνητον
2861 1548 2959 1600 τοῦ
2989 1549 3297 1618 κινητικοῦ,
3344 1546 3407 1600 τὸ
3451 1538 3651 1621 ἄλογον
3712 1549 3812 1601 τοῦ

2152 1630 2344 1706 λόγου,
2375 1632 2463 1687 καὶ
2497 1631 2595 1687 ὅσα
2622 1637 2867 1690 τοιαῦτα.

450 1832 829 1890 Diversorum
880 1823 1228 1883 animalium
1279 1824 1509 1879 animas
1558 1820 1751 1894 specie
1808 1821 2038 1878 dill‘erre

2214 1831 2336 1886 Ὅτι
2366 1828 2463 1890 τὰς
2492 1827 2546 1884 ἐν
2595 1833 2712 1892 τοῖς
2763 1827 3048 1909 διαφόροις
3103 1831 3265 1901 ζώοις
3316 1831 3499 1907 ψυχὰς
3551 1833 3806 1908 Ἀριστο-

379 1925 582 1981 censet
622 1915 984 1986 Aristoteles,
1012 1914 1151 1986 quia
1191 1929 1307 1969 non
1338 1916 1449 1983 est,
1479 1911 1693 1983 inquit,
1725 1927 2036 1967 commune

380 2028 570 2088 genus
599 2008 960 2076 animarum,
992 2020 1172 2076 quare
1203 2017 1307 2059 nec
1337 2017 1538 2058 earum
1570 2001 1905 2058 communis
1935 2001 2039 2057 de-

379 2100 567 2157 ﬁnitio
596 2096 722 2154 dari
756 2098 949 2168 potest
993 2090 1495 2165 quemadmodum
1537 2089 1877 2147 animantis.
1914 2090 2039 2147 Non

379 2195 467 2249 est
517 2192 714 2246 autem
765 2200 1081 2241 commune
1128 2198 1315 2256 genus
1345 2180 1486 2253 quia
1518 2180 1574 2236 in
1627 2180 1744 2236 illis
1790 2180 1953 2252 prius
1984 2184 2042 2237 et

380 2275 675 2353 posterius
727 2272 1007 2344 cernitur,
1055 2272 1211 2344 quod
1262 2271 1323 2327 in
1371 2270 1446 2326 iis
1490 2286 1620 2327 esse
1659 2288 1775 2326 non
1826 2273 2039 2343 potest,

379 2388 511 2444 quae
545 2368 657 2426 sub
687 2367 890 2425 eodem
924 2380 1138 2438 genere
1176 2362 1553 2420 continentur
1585 2379 1598 2418 :
1630 2361 1842 2419 deinde
1872 2378 2042 2435 vege-

378 2464 535 2531 tans,
568 2461 779 2514 natura
810 2456 967 2527 prior
1009 2457 1118 2521 est,
1153 2452 1393 2525 reliquae
1426 2450 1815 2524 posteriores;
1850 2455 1909 2507 et
1930 2450 2041 2507 tol-

378 2549 449 2606 lit
480 2549 594 2606 ista
625 2546 908 2620 reliquas,
940 2561 1045 2599 nec
1093 2559 1213 2598 una
1244 2558 1378 2597 eum
1430 2540 1503 2597 iis
1534 2539 1786 2608 tollitur,
1818 2543 1877 2596 et
1906 2555 2042 2595 eum

382 2640 499 2695 illis
527 2637 949 2701 introducitur,
968 2639 1160 2691 etnon
1192 2649 1290 2688 eas
1322 2631 1571 2701 inducit,
1599 2631 1755 2701 quod
1778 2631 1910 2702 ejus
1931 2634 2044 2700 est,

383 2731 541 2803 quod
574 2732 789 2784 natura
838 2725 1002 2798 prius
1034 2728 1142 2779 est.
1180 2722 1289 2778 Ubi
1323 2720 1483 2777 enim
1532 2724 1624 2776 est
1659 2719 2044 2808 rationabilis,

383 2820 463 2876 ibi
494 2819 805 2874 brutorum
839 2819 896 2871 et
932 2813 1272 2886 plantarum
1305 2809 1502 2866 anima
1533 2814 1622 2866 est
1655 2824 1667 2865 :
1705 2815 1765 2866 at
1796 2826 1912 2865 non
1946 2810 2048 2866 ub1

380 2906 720 2981 vegetatrix,
756 2904 835 2961 ibi
866 2903 1041 2959 etiam
1079 2901 1315 2973 reliqum
1346 2916 1359 2955 :
1395 2898 1483 2955 vel
1533 2899 1632 2955 ubi
1665 2898 2046 2956 irrationalis’

382 2996 463 3054 ibi
495 2999 551 3053 et
581 2993 826 3051 rationis
861 2996 1091 3065 potens.
1130 2991 1257 3045 Haec
1298 2988 1497 3061 itaque
1529 2991 1736 3044 natura
1768 2988 1928 3062 prior
1957 2993 2050 3045 est

386 3084 634 3142 rationis
675 3080 904 3155 expers.
930 3087 987 3137 et
1036 3080 1231 3136 ablata
1260 3083 1585 3150 vegetante,
1617 3076 1801 3134 simul
1833 3082 1891 3134 et
1920 3078 2046 3135 alite

2145 1915 2311 1988 τὲλης
2341 1914 2635 1995 διαφόρους
2668 1917 2800 1973 εἶναι
2828 1918 2974 1996 λέγει
3007 1923 3088 1992 τῷ
3117 1917 3275 1976 εἴδει.
3329 1923 3452 1978 ’Ὁτι
3485 1920 3648 1999 φησὶν
3705 1920 3811 1976 οὐκ

2148 2000 2259 2062 ἔστι
2289 2006 2471 2062 κοινὸν
2501 2006 2656 2083 γένος
2682 2012 2793 2063 τῶν
2823 2010 3043 2083 ψυχῶν,
3102 2006 3293 2086 διόπερ
3352 2007 3478 2067 οὐδὶ
3536 2008 3812 2089 ἐνδέχεττι

2146 2095 2240 2152 Eva
2267 2096 2450 2151 κοινὸν
2483 2094 2658 2151 αὐτῶν
2692 2096 2819 2172 όρον
2852 2095 3174 2160 ἀποδοῦναι,
3226 2098 3470 2175 καθάπερ
3511 2100 3683 2176 τυχὸν
3709 2104 3810 2156 τοῦ

2152 2188 2315 2255 ζώου.
2375 2185 2487 2240 Οὐκ
2516 2182 2627 2240 ἔστι
2689 2182 2747 2241 δὲ
2797 2188 2980 2243 κοινὸν
3012 2187 3187 2264 γένος,
3244 2185 3383 2243 διότι
3414 2186 3467 2244 ἂν
3501 2187 3688 2253 αὐταῖς
3742 2190 3808 2245 τὸ

2149 2275 2414 2350 πρότερον
2471 2273 2562 2330 καὶ
2596 2274 2658 2330 τὸ
2707 2273 2927 2352 ὕστερον
2984 2283 3290 2355 θεωρεῖταιο
3351 2277 3483 2355 ὅπερ
3541 2276 3804 2336 ἀδύνατον

2150 2364 2202 2419 ἒν
2232 2370 2350 2429 τοῖς
2372 2363 2625 2421 τελοῦσιν
2656 2365 2758 2421 ὑπὸ
2785 2367 2848 2421 τὸ
2878 2367 3011 2423 αὐτὸ
3054 2369 3384 2443 καθορᾶσθαι
3441 2370 3620 2445 γένος.
3683 2369 3809 2426 Ἐν-

2149 2456 2318 2510 ταῦθα
2348 2451 2405 2509 δὲ
2434 2453 2696 2530 πρότερον
2730 2456 2825 2528 μὲν
2880 2459 2916 2527 ἡ
2985 2459 3183 2534 φυτικὴ
3217 2461 3286 2532 τῇ
3318 2457 3497 2537 φύσει,
3558 2455 3805 2532 δεύτερον

2154 2541 2213 2600 δὲ
2267 2544 2323 2598 αἱ
2380 2541 2593 2600 λοιπαί.
2655 2545 2754 2599 Καὶ
2814 2551 3120 2621 συναναιρεῖ
3178 2546 3272 2620 μὶν
3327 2548 3423 2611 τὰς
3481 2545 3685 2620 ἄλλοις,
3746 2547 3809 2604 οὔ

2155 2637 2549 2707 συναναιρεῖται
2579 2629 2637 2687 δὲ
2664 2633 2876 2705 αὐταῖς,
2920 2636 3009 2691 καὶ
3067 2637 3462 2717 συνεισφέρεται
3524 2638 3620 2711 μὶν
3673 2635 3812 2693 ἐκεί-

2152 2742 2292 2791 ναις,
2343 2720 2405 2776 οὐ
2460 2722 2789 2797 συνεισφέρει
2848 2720 2926 2794 εδ,
2986 2723 3119 2801 ὅπερ
3152 2721 3313 2794 ἴδιον,
3371 2730 3468 2781 τοῦ
3491 2725 3642 2803 φύσει
3674 2745 3814 2801 προ-

2154 2813 2334 2888 τέρου.
2390 2812 2567 2868 Ὃπου
2621 2812 2722 2886 γὰρ
2758 2813 2792 2883 ἡ
2829 2808 3055 2889 λογική,
3088 2812 3199 2870 ἐκεῖ
3227 2813 3316 2871 καί
3347 2816 3381 2886 ἦ
3416 2813 3615 2893 ἄλογος
3646 2816 3735 2871 καὶ
3767 2816 3804 2887 ἡ

2158 2903 2380 2977 φυτικήο
2433 2900 2495 2956 οὐ
2556 2899 2652 2974 μὲν
2710 2918 2795 2957 τοι
2828 2902 2967 2958 ὅπου
3022 2904 3057 2974 ἡ
3091 2905 3313 2983 φυτική,
3341 2904 3453 2961 ἐκεῖ
3478 2905 3569 2961 καὶ
3601 2906 3655 2960 αἱ
3688 2905 3810 2962 λοι-

2156 2989 2274 3047 παί’
2334 2990 2372 3061 ἢ
2432 2988 2570 3046 ὅπου
2618 2992 2654 3061 ἡ
2714 2990 2936 3069 ἄλογος,
2996 2992 3107 3049 insi
3161 2995 3252 3050 καὶ
3283 2996 3319 3064 ἠ
3352 2992 3578 3073 λογική·
3614 2992 3814 3051 διὸκαὶ

2156 3081 2192 3150 ἠ
2239 3079 2443 3155 ἄλογος
2499 3080 2653 3155 φύσει
2706 3080 2944 3156 προτέρα
2989 3087 3091 3149 τῆς
3143 3080 3399 3158 λογικῆς
3460 3084 3548 3140 καὶ
3601 3085 3819 3159 ἀναιρε-

383 3176 453 3231 de
485 3175 752 3247 subjecto
798 3172 1168 3228 auferuntur.
1216 3170 1319 3225 Est
1358 3167 1540 3240 igitur
1572 3168 1726 3223 inter
1753 3167 1906 3237 illas,
1942 3185 2038 3224 na-

2159 3174 2310 3233 θεῖσα
2360 3170 2395 3240 ἠ
2430 3171 2653 3248 φυτικὴ,
2702 3164 3006 3226 συνανεῖλαν
3069 3168 3129 3228 ἐκ
3174 3177 3272 3228 τοῦ
3335 3173 3696 3247 ὑποκειμένου
3725 3174 3819 3230 καὶ

383 3270 515 3321 tura
575 3264 737 3336 prius
795 3265 852 3317 et
903 3258 1197 3333 posterius
1240 3275 1254 3313 :
1298 3257 1545 3329 ideoque
1594 3259 1750 3330 quod
1799 3258 1871 3313 de
1924 3257 2038 3315 illis

2156 3258 2249 3321 τὰς
2284 3257 2504 3320 λοιπάς.
2556 3259 2717 3313 Ὥστε
2775 3257 2918 3314 ἐστὶν
2948 3257 3001 3314 ἰν
3060 3259 3247 3323 αὐταῖς
3302 3260 3366 3316 τὸ
3424 3260 3689 3339 πρότερον
3743 3266 3811 3337 τῇ

380 3352 777 3410 communiter
798 3350 1035 3418 dicitur,
1068 3349 1177 3404 hoc
1195 3352 1283 3404 est
1303 3345 1521 3413 anima,
1545 3363 1659 3403 non
1692 3351 1783 3403 est
1808 3363 1996 3420 genus
2024 3362 2039 3404 :

379 3444 481 3499 sed
516 3459 655 3500 voee
684 3445 917 3498 tantum
940 3437 1342 3506 consentiunt,
1368 3439 1431 3490 ut
1459 3452 1587 3508 quas
1620 3436 1691 3492 ab
1724 3452 1865 3505 uno,
1888 3440 1946 3492 et
1967 3435 2039 3491 ad

380 3550 567 3590 unum
601 3533 962 3588 referuntur.

449 3717 588 3767 Cum
624 3710 735 3766 tria
765 3710 884 3765 sint
911 3709 971 3764 in
1005 3708 1181 3765 rebus
1212 3706 1493 3780 physicis,
1529 3707 1736 3771 forma,
1769 3706 2036 3774 materia,

379 3805 436 3859 et
467 3817 646 3857 causa
675 3816 779 3872 per
808 3814 986 3870 quam
1041 3797 1231 3852 forma
1280 3800 1370 3851 est
1399 3795 1455 3850 in
1489 3794 1752 3863 materia,
1787 3795 1859 3851 ad
1892 3794 2038 3852 istas

379 3890 635 3961 quinque
664 3887 912 3944 docendi
933 3886 1036 3942 viae
1068 3883 1399 3958 pertinent;
1432 3883 1692 3957 physica,
1727 3898 1823 3939 ars
1854 3883 2036 3956 parti-

2153 3345 2309 3424 φύσει
2339 3346 2430 3402 καὶ
2485 3346 2548 3401 τὸ
2605 3345 2848 3423 ὕστερον.
2884 3352 2984 3404 Καὶ
3043 3347 3133 3405 διὰ
3160 3353 3322 3405 τοῦτο
3375 3351 3438 3406 τὸ
3469 3356 3669 3414 κοινῶς
3716 3351 3816 3407 αὖ-

2152 3442 2273 3498 τοῖς
2330 3436 2803 3513 κατηγορούμενον
2866 3434 2969 3493 οὐκ
3008 3437 3118 3494 ἔστι
3173 3438 3348 3516 γόνος,
3400 3441 3550 3497 τοῦτ’
3601 3434 3814 3511 ἔστινῆ

2157 3527 2336 3600 ψυχὴ,
2396 3524 2523 3582 ἀλλ’
2555 3525 2827 3599 ὁμώνυμοί
2857 3526 2998 3582 ἐστιν
3031 3525 3330 3599 ἀλλήλοις,
3362 3529 3439 3594 ὡς
3464 3530 3535 3585 τὰ
3577 3529 3669 3609 ἀφ’
3698 3528 3820 3593 ἑνὸς

2150 3614 2241 3670 καὶ
2272 3615 2410 3691 πρὸς
2432 3610 2513 3671 ἓν.

2219 3705 2346 3762 Ὅτι
2374 3708 2540 3779 τριῶν
2571 3700 2741 3760 ὅντων
2772 3711 2880 3762 τῶν
2911 3704 2966 3762 ἐν
2992 3713 3111 3771 τοῖς
3162 3713 3413 3787 φυσικοῖς
3468 3708 3811 3786 πράγμασιν,

2148 3792 2345 3867 εἴδους,
2378 3791 2518 3865 ὕλης
2559 3793 2649 3850 καὶ
2676 3801 2776 3866 τῆς
2809 3795 2984 3861 αἰτίας
3012 3799 3129 3852 καθ’
3187 3797 3254 3867 ἧν
3312 3797 3422 3853 ιστι
3452 3799 3515 3854 τὸ
3548 3796 3694 3863 εἶδος
3755 3798 3807 3855 ἰν

2144 3888 2212 3960 τῇ
2269 3883 2396 3960 ὕλῃ,
2454 3884 2830 3961 καταγίνονται
2885 3887 3012 3965 φασὶ
3042 3887 3167 3963 περὶ
3196 3892 3365 3944 ταῦτα
3426 3886 3649 3961 μὲθοδοι
3679 3888 3811 3944 niv-

376 3977 615 4046 oularis,
645 3976 975 4034 disserendi
1006 3973 1279 4041 facultas,
1306 3973 1733 4030 mathematica
1759 3977 1816 4029 et
1845 3974 2037 4047 prima

2156 3995 2222 4048 τι,
2276 3975 2312 4045 ἡ
2371 3975 2598 4053 φυσικὴ,
2647 3975 2682 4044 ἠ
2715 3975 2852 4030 κατὰ
2887 3976 3051 4052 μέρος
3105 3978 3298 4053 τέχνη,
3327 3979 3361 4047 ἡ
3396 3974 3737 4048 διαλεκτικὴ,
3771 3977 3807 4049 ἠ

376 4067 776 4141 philosophia.
834 4064 1091 4138 Physica
1141 4079 1314 4137 porro
1360 4066 1450 4119 est
1477 4064 1548 4118 de
1592 4060 1712 4118 illis
1759 4062 2037 4120 omnibus

2156 4063 2533 4137 μαθηματικὴ,
2592 4064 2629 4133 ἠ
2687 4065 2880 4137 πρώτη
2934 4063 3253 4143 φιλοσοφία.
3289 4067 3443 4124 Ἔστι
3476 4065 3537 4123 δὶ
3575 4073 3811 4147 φυσικῆς

376 4174 570 4230 agere,
615 4158 686 4214 de
736 4155 1002 4226 materia,
1055 4155 1322 4228 inquam,
1354 4159 1412 4211 et
1462 4154 1639 4211 rebus
1686 4158 1932 4221 naturae,
1966 4155 2037 4210 de

2156 4153 2246 4224 μὲν
2300 4152 2425 4225 περὶ
2472 4152 2691 4207 πάντων
2749 4152 3053 4228 εἰρημένων
3120 4152 3482 4232 διαλεχθῆναι
3516 4176 3531 4192 ο
3602 4164 3703 4228 τῆς
3752 4172 3813 4214 τε

376 4246 565 4302 forma
614 4245 869 4317 denique
897 4249 956 4300 et
984 4244 1056 4300 de
1087 4260 1269 4301 causa
1301 4259 1314 4298 :
1351 4247 1491 4316 puta
1532 4240 1811 4299 ecslorum
1845 4247 2036 4299 mate-

2156 4239 2285 4311 ὕλης
2316 4238 2484 4318 φημι,
2535 4244 2646 4296 τῶν
2677 4247 2917 4319 φυσικῶν
2962 4245 3325 4320 πραγμάτων,
3354 4246 3444 4301 καὶ
3475 4250 3572 4303 τοῦ
3628 4244 3806 4311 εἷ’δους

378 4335 526 4390 riam
560 4351 675 4391 non
706 4349 835 4390 esse
854 4338 1103 4407 quatuor
1119 4333 1428 4402 elementa,
1454 4332 1555 4387 sed
1579 4331 1852 4403 quintum
1879 4330 2035 4386 aliud

2156 4329 2234 4385 καὶ
2295 4335 2394 4399 τῆς
2441 4328 2636 4393 αἰτίαςο
2690 4334 2809 4388 οἷον
2840 4330 2926 4388 ὅτι
2975 4338 3081 4388 τῶν
3116 4332 3382 4410 οὐρανίων
3417 4334 3548 4407 ὅλη,
3581 4336 3710 4412 οὗχῖ
3741 4335 3812 4393 τὰ

378 4422 675 4496 quoddam
708 4440 942 4495 corpus.
962 4424 1112 4478 Tum
1145 4439 1274 4495 quas
1305 4423 1383 4478 sit
1414 4422 1623 4490 forma,
1648 4436 1778 4477 esse
1798 4421 2037 4476 orbicu-

2156 4419 2377 4494 τέσσαρα
2435 4425 2705 4496 στοιχεῖα,
2768 4420 2917 4477 ἀλλὰ
2971 4422 3222 4497 πέμπτον
3259 4424 3443 4502 ’ἕτερον
3502 4425 3566 4481 τὸ
3599 4431 3803 4501 σῶμαξ

377 4512 551 4584 latos,
583 4516 640 4569 et
669 4529 774 4568 cur
804 4512 923 4569 haec
968 4530 1169 4568 eorum
1221 4512 1410 4584 ﬁgura
1440 4510 1536 4567 sit.
1589 4510 1737 4576 Quia
1775 4510 2035 4581 capacis-

2156 4507 2321 4567 Πάλιν
2354 4528 2406 4564 τι
2436 4510 2499 4565 τὸ
2558 4505 2720 4581 εἶδος,
2773 4505 2857 4566 ὅτι
2916 4515 3177 4591 σφαιρικὰ
3205 4514 3298 4569 καὶ
3342 4508 3487 4569 ὃιατί
3516 4515 3809 4595 σφαιρικὰ·

378 4600 532 4656 sima
562 4601 909 4672 figurarum,
944 4604 1033 4655 est
1063 4602 1122 4654 in
1175 4599 1347 4672 plano
1398 4598 1635 4671 quidem
1667 4596 1944 4664 circulus,
1977 4597 2037 4653 in

2156 4599 2230 4654 ὃτι
2283 4595 2850 4675 πολυχωρητότατον,
2906 4599 2960 4657 ἰν
3016 4599 3258 4676 ἐπιπέδῳ
3320 4603 3416 4676 μὶν
3465 4608 3575 4658 τῶν
3621 4602 3810 4661 ἄλλων

376 4689 585 4747 solidis
633 4707 767 4747 vero
814 4688 1048 4762 globus.
1099 4688 1491 4754 Quamobrem
1544 4687 1863 4744 rotundum
1908 4703 2038 4744 esse

2156 4686 2450 4763 σχημάτων
2498 4688 2528 4743 ὁ
2585 4687 2809 4760 κύκλος,
2870 4688 2925 4745 ὲν
2982 4698 3223 4767 στερεοῖς
3282 4690 3341 4747 δὲ
3397 4692 3433 4764 ἠ
3480 4698 3699 4772 σφαῖρα,
3735 4695 3812 4759 ὡς

378 4778 587 4835 emtum
632 4777 798 4835 Plato
849 4779 908 4835 in
941 4779 1160 4839 Timaeo
1208 4777 1410 4833 tradit.
1461 4776 1571 4833 Sed
1605 4780 1662 4831 et
1711 4775 2035 4833 naturalem

2156 4776 2236 4833 ιιαὶ
2269 4778 2297 4832 ὁ
2332 4774 2585 4847 Πλάτων,
2637 4779 2689 4833 ἓν
2741 4779 2963 4853 Τιμαίῳ
2992 4776 3081 4834 διὰ
3127 4785 3289 4837 τοῦτο
3321 4782 3606 4860 σφαιρικὸν
3655 4785 3803 4860 γενέ-

378 4870 580 4942 ﬂguras
629 4868 758 4925 οωιί
814 4884 1054 4924 causam
1116 4868 1284 4923 affert
1331 4863 1697 4922 Aristoteles.
1744 4866 1820 4920 Ei
1865 4868 2034 4936 enim,

2156 4867 2266 4921 τθαι
2298 4866 2390 4920 τὸν
2452 4866 2679 4942 οὐρανὸν
2736 4865 3100 4924 ἀποδέδωκεν.
3154 4866 3493 4926 Ἀποδίδωσι
3547 4870 3713 4927 δὲκαὶ
3772 4873 3801 4927 ὅ

378 4960 527 5030 quod
583 4960 790 5015 ὤιονηο
844 4959 906 5013 in
961 4961 1116 5012 motu
1172 4959 1296 5011 erat
1349 4957 1623 5027 futurum,
1683 4954 1812 5010 huic
1864 4956 2038 5011 motui

2156 4952 2535 5032 Ἀριστοτέλης
2595 4956 2674 5030 (4)
2734 4959 2969 5035 φυσικὴν
3027 4957 3201 5014 αἰτίαν
3258 4957 3358 5014 τοῦ
3389 4964 3673 5037 σχήματος
3702 4962 3801 5016 τοῦ

379 5063 686 5117 congruens
723 5046 908 5117 ﬁgura
952 5045 1330 5101 conveniebat.
1383 5044 1492 5099 Sed
1544 5049 1601 5098 et
1648 5042 1936 5110 Plotinus,
1967 5060 2036 5099 ex

2156 5044 2404 5120 οὐρανοῦ.
2481 5048 2569 5117 Τῷ
2636 5044 2740 5119 γὰρ
2805 5042 2970 5120 αίδίῳ
3027 5047 3193 5119 φησὶν
3249 5047 3516 5123 ἐσομένῳ.
3578 5047 3806 5108 Ἀποδὲι

378 5151 580 5192 eorum
609 5153 737 5209 quas
768 5136 965 5207 ipsum
993 5139 1277 5191 anteeunt
1305 5132 1611 5189 all‘ectione
1632 5136 1807 5205 atque
1831 5133 2036 5189 habitu

2156 5130 2282 5188 Βωσι
2333 5130 2391 5188 δὲ
2446 5134 2536 5188 καὶ
2592 5135 2620 5190 ὁ
2651 5132 2934 5199 Πλωτῖνος
2991 5136 3168 5192 αῗτίαν
3227 5137 3286 5194 ἐκ
3339 5147 3439 5209 τῆς
3471 5140 3714 5215 σχισεως
3740 5143 3809 5213 ἣν

380 5224 509 5295 ejus
556 5225 636 5281 rei
687 5226 976 5282 rationem
1030 5224 1270 5297 profert.
1332 5221 1480 5278 Nam
1539 5223 1802 5294 proxime
1858 5239 2038 5295 supra

2156 5218 2263 5298 ἔχει
2314 5221 2382 5277 τὰ
2437 5220 2545 5296 πρὸ
2609 5223 2794 5280 αὑτοῦ.
2829 5230 3127 5302 Προσεχῶς
3169 5224 3226 5282 δὲ
3256 5224 3389 5282 εἶσιν
3436 5229 3570 5304 ὑπὲρ
3598 5230 3667 5285 τὰ
3722 5231 3815 5287 οὗ-

380 5312 589 5367 ccelum
650 5318 792 5369 sunt
849 5314 1247 5386 intelligentes
1306 5311 1653 5367 substantiis
1710 5310 2035 5369 :eli'eotum

2156 5313 2306 5392 ράνια
2336 5313 2390 5369 αἱ
2418 5315 2612 5386 von-ml
2661 5315 2862 5373 οὑσίαι·
2896 5315 2979 5374 δεῖ
3034 5316 3092 5373 δὲ
3118 5319 3183 5375 τὸ
3240 5319 3477 5377 αἰτιατὸν
3540 5318 3623 5377 ὅτι
3672 5322 3811 5397 μᾶλ-

381 5406 601 5470 autem,
630 5401 890 5457 finitima
913 5401 1027 5458 sibi
1058 5417 1247 5457 causae
1275 5399 1592 5457 assimilsri
1623 5405 1687 5455 ut
1716 5398 2037 5471 plurimum

2156 5402 2242 5460 λεν
2271 5404 2592 5478 ὡμοιῶσθαι
2623 5402 2705 5479 τῷ
2753 5413 3021 5483 προσεχεῖ
3052 5402 3235 5482 αἶ’τίῳ,
3267 5408 3354 5464 καί
3384 5409 3580 5466 τούτου
3626 5412 3811 5469 εἰκόνα

380 5491 628 5557 oportet,
662 5488 910 5561 ejusque
956 5489 1276 5562 imaginem
1325 5492 1500 5560 atque
1531 5487 1916 5545 imitationem
1950 5506 2038 5546 re-

2156 5492 2238 5549 ιαὶ
2273 5491 2505 5569 μίμημα
2558 5493 2758 5574 φέρειν.
2792 5497 2891 5553 Διὰ
2917 5495 3078 5553 τοῦτο
3138 5498 3253 5568 οὗν,
3303 5498 3457 5577 φησὶ,
3501 5499 3692 5576 κύκλῳ
3720 5522 3810 5558 κι-

458 5666 536 5740 (4)
564 5664 709 5723 Vide
741 5667 980 5726 Aristot.
1011 5670 1086 5725 De
1112 5670 1263 5726 calo.
