4124 6394
333 353 484 410 1061

1811 341 1914 408 DE
1959 337 2236 410 ANIMA.

3593 359 3748 420 106‘!

327 487 503 538 νεῖται
534 481 562 535 ὁ
614 479 864 556 οὐρανὸς,
915 479 998 534 ὅτι
1050 481 1174 534 νοῦν
1231 483 1478 553 μιμεῖται
1513 495 1528 511 ο
1573 475 1716 532 ’ίδιον
1763 479 1867 554 γὰρ
1890 479 1984 532 τοῦ

2114 483 2265 536 ίειτο.
2301 481 2386 538 0b
2417 483 2472 538 id
2509 483 2688 556 igitur
2717 503 2928 553 causis,
2959 487 3173 561 inquit,
3207 489 3512 546 coelum'in
3555 490 3746 548 circu-

329 575 448 640 νοῦ,
489 571 552 626 τὸ
600 571 738 646 πρὸς
781 568 965 624 ἑαυτὸν
1021 567 1312 626 συννεύειν.
1365 567 1538 630 Αὐτὸς
1581 567 1682 644 γὰρ
1734 567 1762 622 6
1820 567 1988 642 ὁρῶν,

331 661 494 722 αὐτὸς
526 659 552 714 6
587 659 864 732 ὁρώμενος
895 675 910 696 ⁸
942 659 1081 732 ὁρῶν
1132 657 1232 734 γὰρ
1275 657 1343 712 τὰ
1373 653 1514 728 εἷ’ὃη,
1543 657 1728 712 ἑαυτὸν
1751 657 1870 734 ὁρᾷ,
1897 655 1987 710 καὶ

332 750 494 806 αὐτὸν
551 751 716 824 δρῶν,
769 748 836 803 τὰ
891 745 1009 818 εἷ’δη
1061 746 1322 803 τεθέαται.
1384 745 1676 820 ΙΙλήρωμα
1729 745 1830 822 γὰρ
1876 745 1986 801 ἐστι

330 843 439 895 τῶν
473 836 654 908 εἱδῶν,
687 839 775 893 καί
807 835 952 900 εἶδος
991 835 1174 894 εἱδῶν.
1225 841 1385 911 Ἔχει
1418 835 1512 891 οὗν
1540 835 1764 910 οὐρανὸς
1793 835 1855 890 τὸ
1891 836 1987 908 μὶν

336 925 618 1008 σφαιρικὸν
671 934 888 1003 σχῆμα,
938 923 1028 980 διὰ
1073 927 1172 996 τὴν
1225 925 1415 998 κύκλῳ
1472 923 1685 996 κίνησιν
1719 941 1733 957 ·
1782 921 1985 993 ταύτην

339 1017 397 1073 δὲ
428 1016 516 1073 διὰ
543 1018 641 1086 τὴν
673 1015 809 1090 πρὸς
855 1016 948 1071 τὸν
992 1017 1118 1071 νοῦν
1169 1013 1514 1088 ἐξομοίωσιν.
1547 1015 1644 1070 Καὶ
1693 1011 1878 1076 ἄλλως
1905 1033 1990 1086 μι-

345 1113 522 1182 μεῖται
561 1106 650 1162 τὸν
697 1109 822 1161 νοῦν
870 1105 1086 1180 άμερῶς
1133 1107 1388 1180 πανταχῆ
1448 1100 1574 1159 ὄτνα
1615 1123 1628 1136 ο
1682 1101 1894 1180 καὶγὰρ
1925 1101 1988 1156 τὸ

342 1195 590 1272 οὐράνιον
643 1198 802 1268 σῶμα
851 1199 1103 1271 πανταχῆ
1167 1193 1392 1271 γίνεται.
1445 1193 1523 1251 T6
1583 1193 1672 1248 οὗν
1731 1197 1985 1266 πανταχῆ

333 1285 588 1362 γίνεσθαι,
645 1285 707 1341 τὸ
757 1287 1043 1361 πανταχοῦ
1101 1283 1158 1340 ’ὸν
1212 1287 1482 1358 μιμεῖται.
1545 1281 1839 1344 Τελείωσις
1885 1279 1986 1356 γὰρ

334 1379 444 1430 τῶν
490 1375 782 1450 χειρόνων,
851 1377 886 1444 ἦ
955 1373 1090 1450 πρὸς
1146 1373 1212 1428 τὰ
1273 1373 1536 1449 ὑπέρτερα
1581 1369 1881 1448 ἐπιστροφή
1929 1387 1990 1424 τε

336 1465 427 1520 καί
486 1463 828 1536 ἐξομοίωσις.
892 1460 1052 1520 Οὕτω
1112 1465 1208 1537 μὲν
1266 1463 1294 1516 6
1353 1463 1575 1540 φυσικὸς
1620 1462 1836 1524 πάντων
1879 1463 1988 1513 τῶν

339 1561 578 1633 φυσικῶν
615 1551 885 1610 ἀποέώσει
931 1555 1016 1609 καί
1048 1555 1110 1610 τὸ
1161 1551 1304 1616 εἶδος
1357 1553 1444 1608 καὶ
1497 1553 1596 1623 τήν
1627 1551 1764 1622 ὕλην
1807 1549 1992 1605 καὶτὸ

339 1645 532 1714 αἴτιον,
567 1645 654 1700 καὶ
691 1642 780 1700 διὰ
821 1649 980 1699 τοῦτο
1029 1644 1121 1699 τὸν
1170 1644 1397 1718 ὁρισμόν
1434 1663 1448 1675 ·
1501 1641 1560 1698 ἐκ
1617 1639 1675 1696 δὲ
1723 1645 1824 1707 τῆς
1854 1637 1993 1710 ὕλης

337 1735 428 1791 καί
459 1739 556 1790 τοῦ
587 1731 763 1797 εἷ’ὂους
821 1733 909 1788 καὶ
961 1741 1064 1804 τῆς
1113 1733 1285 1793 αἶ’τίας
1335 1729 1630 1789 ἀποδώσει.
1680 1733 1741 1788 Ὁ
1772 1727 1828 1784 δὲ
1857 1727 1994 1783 κατὰ

344 1824 508 1902 μέρος
537 1823 816 1900 τεχνίτης,
869 1822 960 1878 καὶ
999 1821 1158 1885 αὐτὸς
1212 1823 1304 1896 μὲν
1357 1823 1478 1898 περῖ
1524 1825 1632 1876 τῶν
1665 1819 1840 1875 αὐτῶν
1874 1815 1991 1872 δια-

339 1885 640 1988 λαμϐοἱνείῖ
693 1885 942 1992 Διάξοὲρει
991 1909 1047 1967 δὲ
1093 1885 1487 1991 τοῦ-φυσικοῦ,
1524 1911 1604 1966 ὅτι
1666 1909 1786 1985 περὶ
1844 1885 2070 1982 μεριοΒ

335 2003 431 2060 κόν
464 2025 516 2059 τι
571 2001 911 2078 καταγίνεται
963 2007 1190 2078 πρᾶγμα
1223 2022 1235 2036 ·
1289 2001 1406 2056 οἷον
1457 2001 1484 2056 ὁ
1531 1999 1738 2076 ἷάτρὸς,
1770 1995 1993 2072 περὶτὰ

337 2093 652 2169 ἀνθρώπινα
683 2093 930 2165 σώματα,
983 2091 1012 2147 6
1059 2092 1260 2147 τέκτων
1311 2090 1432 2167 περὶ
1485 2089 1674 2155 λίθους
1711 2089 1800 2144 καὶ
1833 2085 1989 2158 ξύλα.

339 2180 654 2241 Ἀποδώσει
685 2181 742 2238 δὲ
771 2181 859 2238 καὶ
911 2183 1066 2244 οὗτος
1109 2183 1198 2236 τὸν
1244 2181 1494 2258 ὁρισμὸν,
1545 2173 1987 2256 παραλαμϐάνων

338 2297 430 2331 και
458 2275 520 2330 τὸ
551 2273 698 2337 εἶδος
725 2275 816 2328 καὶ
847 2275 942 2344 τὴν
979 2273 1116 2345 ὕλην
1147 2273 1236 2328 καὶ
1265 2273 1366 2343 τὴν
1399 2271 1596 2328 αἰτίαν.

414 2491 596 2560 Ὄτιὴ
631 2489 844 2560 ἀληθὴς
895 2485 1316 2564 Ἀριφτοτέλους
1365 2485 1488 2561 περὶ
1537 2490 1645 2540 τῶν
1694 2488 1858 2560 τριῶν
1894 2485 1990 2536 τοῦ

343 2587 440 2638 νοῦ
473 2579 895 2654 σημαινομένων
958 2576 1241 2652 διάληῴις,
1292 2575 1358 2646 ἦν
1406 2573 1668 2652 ἐπικρίνει
1724 2571 1814 2629 καί
1861 2573 1996 2644 Ἀμ-

349 2673 574 2746 μώνιος.
605 2668 839 2739 Τοιαύτη
887 2665 1018 2724 ἐστί.
1063 2671 1286 2742 Πρῶτον
1341 2665 1518 2721 τοίνυν
1573 2665 1684 2720 ἐστὶ
1723 2661 1994 2735 σημαινό-

349 2759 584 2838 μενον,ὁ
613 2763 736 2822 νοῦς
769 2760 796 2814 6
849 2755 1074 2829 δυνάμει
1125 2753 1284 2818 εἰδὼς
1327 2755 1394 2810 τὰ
1441 2755 1758 2830 πράγματα.
1790 2755 1994 2828 ’Ὠσπερ

347 2851 434 2906 ἐπὶ
476 2855 584 2905 τῶν
623 2847 834 2904 παίδων
881 2843 1012 2902 ἐστί.
1065 2844 1322 2919 Δεύτερον
1374 2843 1777 2916 σημαινόμενον
1811 2843 1840 2895 6
1869 2845 1998 2902 νοῦς

349 2941 376 2994 6
423 2941 534 2994 καθ’
583 2937 687 3012 ἕξιν
737 2933 896 2999 εἰδὼς
943 2937 1012 2990 τὰ
1049 2937 1360 3011 πράγματα,
1423 2932 1602 3009 ὥσπερ
1666 2934 1693 2986 6
1743 2929 1831 2986 ἐπὶ
1887 2933 1993 2984 τῶν

349 3027 574 3084 τελείων
611 3047 623 3060 ”
674 3033 776 3082 τῶν
817 3024 1190 3099 ἐπισταμένων
1246 3024 1341 3096 μὶν
1389 3025 1450 3078 τὸ
1499 3021 1810 3096 πράγματα,
1869 3023 2000 3094 ἡρε-

352 3117 600 3192 μούντων
631 3115 688 3173 δὲ
727 3117 816 3172 καὶ
872 3117 946 3189 μὴ
1001 3113 1358 3190 ἐνεργούντων
1409 3113 1546 3168 κατὰ
1591 3116 1776 3167 ταῦτα.
1809 3109 1998 3184 Τρίτον

1042 3205 1070 3259 6
1115 3205 1238 3265 νοῦς
1298 3203 1404 3278 οὐχ
1453 3205 1481 3257 6
1533 3201 1758 3276 θύραθεν
1792 3199 1997 3270 είσιὼν,

998 3291 1123 3349 ἀλλ’
1175 3295 1202 3346 ὁ
1250 3294 1366 3347 καθ’
1417 3290 1519 3362 ἕξιν
1573 3292 1685 3364 ἅμα
1732 3289 1821 3344 καὶ
1853 3289 1999 3364 ἐνέρ-

347 3409 516 3464 γειαν,
576 3385 756 3462 ὥσπερ
816 3387 844 3440 6
890 3389 996 3439 τῶν
1043 3382 1268 3439 τελείων
1319 3383 1441 3444 νοῦς
1498 3387 1607 3436 τῶν
1662 3377 1884 3434 εἰδότων
1939 3377 2004 3432 τὰ

351 3478 670 3552 πράγματα,
741 3474 826 3530 καὶ
909 3472 1416 3549 προχειριζομένων
1471 3472 1570 3540 τὴν
1627 3467 1856 3541 εἷ’ὃησίν,
1913 3467 2002 3522 καὶ

351 3565 713 3642 ἐνεργούντων
791 3565 908 3618 κατ’
959 3563 1148 3632 αὑτήν.
1205 3561 1304 3616 Καὶ
1355 3559 1421 3616 τὰ
1475 3560 1568 3632 μὲν
1625 3559 2006 3632 σημαινόμενα

351 3661 449 3712 τοῦ
481 3653 598 3724 νοῦ,
630 3655 767 3710 κατὰ
797 3651 1185 3730 Ἀριστοτέλην
1233 3656 1419 3718 ταῦτα,
1471 3649 1552 3704 ὅτι
1589 3647 1882 3708 Πλάτωνος
1915 3645 2005 3700 λέ-

353 3765 548 3821 γοντος
577 3746 677 3814 τήν
711 3743 896 3818 ψυχὴν
942 3735 1112 3796 τόπον
1163 3737 1344 3808 εἱδῶν,
1395 3741 1423 3794 6
1455 3737 1844 3815 Ἀριστοτέλης
1874 3735 2003 3812 τρό-

352 3855 454 3890 πον
514 3835 610 3908 μέν
661 3855 784 3888 τινα
839 3832 974 3906 πρὸς
1043 3828 1222 3908 δόγμα
1286 3826 1636 3902 ἀποδέχεται,
1686 3827 1886 3902 τρόπον
1950 3821 2008 3878 δὲ

353 3919 664 3980 διαϐάλλει.
715 3919 1076 3997 Ἀποδέχεται
1129 3919 1224 3992 μὲν
1274 3915 1461 3987 ἐπειδὴ
1505 3917 1645 3971 εἶπεν
1680 3914 1762 3969 ὅτι
1789 3912 2006 3989 δέχεται

355 4019 390 4086 ἡ
425 4014 580 4090 ψυχὴ
610 4015 676 4068 τὰ
706 4009 826 4082 εἷ’δη
865 4017 974 4065 τῶν
1025 4013 1260 4080 νοητῶν,
1312 4007 1402 4063 καὶ
1431 4005 1603 4070 οὕτως
1634 4005 1842 4081 ἐνεργεῖ
1871 4022 1882 4037 ·
1916 4003 2008 4058 καί

358 4103 448 4160 διὰ
487 4107 646 4158 τοῦτο
687 4101 858 4157 εἰπεῖν
917 4101 1080 4169 αὐτὴν
1133 4099 1222 4154 τὸν
1278 4097 1548 4154 Πλάτωνα
1602 4096 1770 4151 τόπον
1825 4091 2006 4149 εἱδῶν.

355 4194 642 4270 Μέμφεται
691 4190 747 4247 δὲ
795 4190 870 4254 εἰς
922 4188 1017 4245 δύο
1063 4188 1204 4246 τινά.
1259 4190 1486 4265 Πρῶτον
1550 4187 1642 4260 μὲν
1695 4187 1777 4240 ὅτι
1836 4187 2009 4239 πᾶσαν

355 4285 540 4360 ψυχὴν
575 4283 602 4338 6
655 4279 884 4338 Πλάτων
917 4279 1059 4356 λέγει
1110 4274 1276 4334 τόπον
1330 4275 1514 4346 εἰδῶν,
1572 4275 1661 4332 καὶ
1723 4277 1783 4330 οὐ
1842 4275 2009 4348 μόνον

351 4375 456 4444 τήν
491 4372 718 4449 λογικήν
756 4393 768 4404 ·
828 4369 1004 4425 καίτοι
1047 4389 1105 4424 τε
1159 4368 1256 4436 τὴν
1303 4366 1532 4442 λογικην
1585 4365 1789 4430 ἐκεῖνος
1844 4357 2010 4438 μόνος

359 4463 512 4540 ἔλεγε
541 4463 706 4518 τόπον
751 4457 911 4516 εἶδῶν
960 4459 1049 4514 καὶ
1097 4459 1306 4533 ψυχὴν,
1351 4457 1450 4518 τὰς
1504 4452 1560 4510 δὲ
1611 4451 1784 4516 ἄλλας
1838 4453 2010 4527 ἐμψυ-

357 4555 509 4631 χίας.
543 4551 799 4627 Δεύτερον
835 4547 916 4618 δὲ,
967 4549 1050 4603 ὅτι
1102 4545 1341 4623 ἐνεργείᾳ
1389 4543 1535 4621 λέγει
1578 4543 1628 4598 ἐν
1661 4547 1729 4618 τῇ
1761 4545 1915 4618 ψυχῇ
1947 4541 2014 4597 τὰ

349 3207 756 3282 σημαινόμενόν
804 3205 945 3262 ἐστιν
976 3226 988 3239 ο

347 3299 422 3360 ὡς
457 3297 649 3352 ἐκεῖνοι
698 3293 901 3350 οἶόνται
940 3317 950 3328 ·

2097 570 2216 625 lum
2251 571 2572 646 orbemque
2588 575 2970 648 convolvitur,
3006 579 3142 650 quia
3173 583 3428 635 mentem
3459 579 3745 652 imitatur,

2099 662 2314 717 mentis
2337 679 2494 718 enim
2545 667 2848 736 proprium
2898 671 2988 723 est
3036 671 3106 724 ad
3160 687 3222 724 se
3253 669 3538 741 respicere
3570 675 3628 726 et
3681 669 3742 726 in

2099 767 2160 806 se
2181 765 2450 820 vergere:
2485 753 2611 823 ipsa
2636 755 2792 810 enim
2815 761 2904 814 est
2933 775 3058 830 quae
3091 759 3266 830 videt,
3297 757 3428 832 ipsa
3467 763 3557 816 est
3612 778 3742 832 quae

2095 839 2344 896 videtur.
2379 841 2596 899 Videns
2626 845 2780 900 enim
2815 847 3030 902 formas
3061 848 3314 919 seipsam
3333 849 3506 917 videt,
3540 853 3598 906 et
3651 867 3744 906 se-

2097 929 2286 1001 ipsam
2322 929 2582 1002 intuens,
2617 934 2836 990 formas
2869 935 3081 992 lntuita
3103 937 3558 993 est.Formarum
3581 941 3740 994 enim

2097 1019 2592 1090 complementum
2609 1023 2912 1080 est.Habet
2933 1025 3113 1098 igitur
3128 1025 3337 1082 coelum
3355 1027 3744 1084 orbicularem

2101 1107 2348 1179 ﬁguram
2391 1115 2626 1183 prepter
2665 1117 2888 1169 motum
2939 1115 2995 1168 in
3056 1114 3365 1180 circulum,
3407 1115 3563 1172 hunc
3608 1133 3740 1172 vero

2100 1201 2336 1269 prepter
2379 1197 2540 1256 illam
2596 1203 2810 1258 mentis
2855 1203 3268 1261 imitationem.
3319 1203 3443 1261 Alia
3509 1223 3742 1279 quoque

2103 1285 2348 1352 ratione,
2394 1287 2603 1345 coelum
2663 1295 2918 1348 mentem
2978 1293 3266 1366 imitatur,
3314 1313 3442 1366 quae
3497 1295 3748 1350 indivise

2101 1375 2320 1448 ubique
2349 1383 2438 1434 est
2471 1397 2482 1434 :
2519 1397 2653 1435 nam
2687 1379 2918 1438 caeleste
2949 1399 3160 1455 corpus
3184 1385 3402 1456 ubique
3431 1387 3750 1457 est.ltaque

2101 1471 2392 1536 quatenus
2427 1468 2645 1541 ubique
2676 1471 2850 1538 est,id
2875 1473 3030 1544 quod
3063 1473 3282 1547 ubique
3312 1479 3421 1542 est,
3453 1471 3744 1530 imitatur.

2101 1555 2460 1613 Deteriorum
2495 1559 2652 1615 enim
2688 1561 2960 1632 perfectio
2999 1565 3108 1630 est,
3142 1563 3212 1618 ad
3245 1565 3550 1637 superiora
3604 1581 3749 1621 con—

2102 1645 2312 1712 versio,
2347 1651 2405 1703 et
2447 1663 2582 1705 cum
2641 1649 2714 1705 iis
2771 1649 3120 1708 similitudo.
3175 1654 3259 1708 Ad
3303 1653 3460 1709 hunc
3510 1653 3748 1711 modum

2103 1735 2383 1808 physicus
2442 1755 2474 1794 a
2531 1755 2730 1796 rerum
2789 1739 3147 1798 naturalium
3185 1743 3391 1814 forma,
3435 1743 3744 1800 materiam

2103 1829 2159 1880 et
2191 1841 2429 1882 causam
2462 1829 2750 1898 ostendet,
2795 1831 2998 1902 sicque
3026 1831 3449 1903 deﬁnitionem,
3509 1849 3754 1906 eamque

2099 1931 2168 1971 ex
2197 1915 2462 1987 materia,
2492 1917 2680 1974 forma
2711 1923 2766 1974 et
2787 1935 2965 1976 causa
2994 1919 3282 1977 videlicet.
3306 1921 3526 1978 Artifex
3556 1927 3753 1978 autem

2099 2003 2476 2078 particularis
2499 2005 2556 2062 in
2582 2007 2792 2064 iisdem
2829 2009 3006 2065 rebus
3035 2011 3435 2080 v3rsatur,sed
3459 2011 3748 2085 aphysico

2099 2093 2458 2167 dilfert,quia
2479 2096 2536 2152 in
2561 2097 2900 2169 particulari
2923 2099 3196 2172 quapiam
3221 2104 3376 2170 regut
3406 2099 3670 2158 medicus
3691 2099 3752 2156 in

2099 2183 2376 2240 humanis
2395 2187 2740 2258 corporibus
2763 2188 3226 2260 curandis,circa
3255 2187 3483 2262 lapides
3512 2195 3572 2247 et
3593 2189 3753 2264 ligna

2099 2275 2508 2331 czementarius
2537 2279 2594 2331 et
2625 2278 3143 2350 materiariuszquae
3174 2283 3370 2335 tamen
3401 2280 3578 2336 etiam
3609 2277 3754 2335 deﬁ-

2100 2364 2408 2434 nitionem,
2432 2371 2740 2439 assumpta
2763 2368 2971 2436 forma,
2998 2369 3242 2424 materia
3271 2374 3329 2425 et
3348 2385 3546 2439 causa,
3563 2367 3749 2426 dabit.

2173 2494 2322 2546 Vera
2354 2495 2442 2546 est
2470 2491 2822 2562 Aristotelis,
2844 2493 2914 2548 de
2945 2493 3134 2548 tribus
3195 2493 3405 2550 mentis
3453 2493 3750 2566 signiﬁca-

2103 2581 2180 2636 tis
2226 2577 2535 2646 sententia,
2597 2579 2690 2636 cui
2739 2581 2912 2638 etiam
2972 2581 3296 2638 subscribit
3377 2583 3748 2639 Ammonius.

2105 2671 2236 2726 Haec
2276 2675 2468 2726 autem
2497 2677 2604 2726 est.
2665 2671 2903 2726 Primus
2953 2672 3322 2743 signiﬁcatus
3380 2672 3595 2728 mentis
3638 2677 3748 2740 est,

2104 2763 2170 2816 ut
2203 2765 2488 2832 potestate
2519 2777 2613 2816 res
2665 2766 3000 2833 cognoscat,
3051 2761 3244 2834 qualis
3285 2761 3346 2818 in
3395 2762 3593 2834 pueris
3639 2765 3748 2818 est.

2105 2851 2410 2906 Secundus
2442 2851 2831 2922 signiﬁcatus,
2867 2867 3033 2906 mens
3063 2855 3172 2922 est,
3234 2867 3363 2924 quae
3409 2851 3614 2908 habitu
3667 2867 3758 2907 res

2107 2941 2290 3006 novit,
2325 2940 2466 2996 utin
2499 2941 2738 3010 adultis,
2773 2941 2872 3012 qui
2897 2957 2987 2996 res
3021 2941 3258 3012 quidem
3289 2941 3506 3010 sciunt,
3535 2945 3594 2996 at
3625 2941 3754 3012 qui-

2108 3035 2336 3100 escunt,
2363 3047 2552 3102 neque
2584 3031 2910 3086 secundum
2945 3047 3044 3087 eas
3068 3035 3267 3104 agunt.
3303 3031 3540 3087 Tertius
3571 3031 3758 3103 signi-

2109 3121 2338 3186 ﬁcatus,
2374 3136 2542 3174 mens
2565 3125 2674 3190 est,
2723 3137 2834 3174 non
2897 3137 3024 3192 qua:
3085 3119 3445 3176 extrinsecus
3503 3119 3756 3187 advenit,

2111 3209 2294 3264 utisti
2349 3209 2728 3276 arbitrantur,
2787 3210 2884 3264 sed
2939 3227 3066 3282 quea
3115 3209 3316 3265 habitu
3371 3208 3550 3264 simul
3579 3214 3665 3264 est
3703 3211 3762 3264 et

2111 3299 2360 3363 actione,
2396 3299 2589 3370 qualis
2619 3305 2707 3354 est
2739 3300 3148 3369 perfecturum,
3183 3299 3284 3370 qui
3316 3317 3406 3355 res
3453 3299 3649 3354 sciunt
3705 3302 3764 3354 et

2113 3388 2504 3463 cognitionem
2541 3391 2910 3459 expromunt,
2943 3391 2998 3442 et
3023 3388 3190 3459 juxta
3212 3404 3340 3444 eam
3401 3393 3604 3460 agunt.
3665 3387 3760 3442 Hae

2113 3485 2254 3536 sunt
2285 3478 2495 3534 mentis
2527 3478 2684 3550 apud
2718 3477 3084 3532 Aristotelem
3115 3477 3594 3549 signiﬁcationes,
3627 3493 3762 3532 cum

2115 3569 2376 3625 animam
2401 3569 2720 3624 formarum
2757 3567 2946 3622 locum
2981 3567 3244 3624 nominet
3276 3567 3456 3634 Plato,
3515 3567 3572 3622 id
3634 3567 3763 3640 qui-

2117 3661 2248 3714 dem
2281 3657 2626 3714 Aristoteles
2662 3657 2854 3727 aliquo
2908 3659 3082 3714 modo
3127 3657 3354 3730 probat,
3415 3657 3612 3728 aliquo
3669 3673 3760 3712 re-

2119 3749 2320 3820 probat
2355 3753 2410 3803 et
2442 3745 2676 3803 refellit.
2703 3747 2915 3802 Probat
2944 3746 3208 3818 quidem,
3251 3745 3390 3818 quia
3443 3745 3588 3802 dixit
3648 3747 3767 3802 ani-

2119 3853 2275 3892 mam
2311 3853 2502 3892 rerum
2531 3835 2984 3904 intellectilium,
3037 3835 3263 3907 species
3323 3835 3601 3907 recipere,
3655 3835 3767 3891 sic-

2119 3943 2232 3998 que
2261 3925 2512 3998 operari,
2547 3925 2724 3996 idque
2771 3941 2901 3980 esse
2932 3925 3312 3994 quamobrem
3365 3923 3554 3996 ipsam
3601 3923 3768 3980 Plato

2121 4019 2440 4071 formarum
2473 4013 2960 4085 conceptaculum
2990 4017 3176 4069 vocat.
3206 4013 3430 4084 Duplici
3483 4030 3616 4068 vero
3671 4028 3766 4066 no-

2122 4106 2278 4162 mine
2309 4103 2719 4178 reprehendit:
2753 4102 3010 4174 primum
3043 4103 3180 4175 quia
3212 4119 3448 4158 omnem
3500 4103 3763 4158 animam

2121 4195 2282 4250 Plato
2317 4197 2638 4250 formarum
2670 4193 2862 4248 locum
2893 4191 3170 4264 appellat,
3205 4209 3394 4263 neque
3425 4191 3613 4248 solam
3671 4209 3765 4247 ra-

2123 4288 2280 4342 tione
2337 4285 2664 4357 praaditam,
2725 4299 2903 4354 quam
2958 4281 3120 4338 solus
3179 4281 3275 4338 ille
3306 4287 3363 4338 et
3396 4283 3658 4338 animam
3711 4285 3768 4336 et

2123 4375 2444 4431 formarum
2477 4369 2910 4443 receptaculum
2943 4373 3408 4440 vocat;caateras
3463 4370 3522 4425 in
3580 4369 3775 4426 anima

2125 4463 2597 4536 comprehensas.
2675 4461 2941 4516 Secundo
3019 4461 3395 4532 reprehendit
3451 4458 3772 4526 Platonem,

2126 4555 2265 4628 quia
2297 4555 2352 4608 in
2388 4553 2586 4608 anima
2627 4551 2868 4616 formas,
2915 4555 3068 4618 actu,
3127 4567 3242 4606 non
3299 4553 3590 4622 potestate
3648 4564 3778 4604 esse

360 4629 498 4717 6:61,,
529 4637 618 4698 καὶ
679 4641 744 4696 οὐ
792 4635 1034 4712 δυνάμει.
1095 4639 1156 4695 Ὁ
1200 4635 1300 4712 γὰρ
1351 4633 1743 4712 Ἀριστοτέλης
1783 4633 2002 4708 ἀγράφῳ

2126 4644 2286 4700 dicit.
2323 4641 2488 4697 Illam
2523 4641 2678 4696 enim
2731 4639 3076 4695 Aristoteles
3136 4641 3306 4694 nudae
3353 4655 3419 4694 ac
3475 4655 3632 4711 pura:
3693 4639 3777 4692 ta-

360 4731 694 4807 γραμματίῳ
750 4729 922 4798 αὐτὴν
981 4729 1204 4796 εἷ’κάζει,
1254 4726 1340 4780 καὶ
1393 4723 1595 4800 κυρίως
1643 4722 1794 4798 λέγει
1829 4723 2013 4795 μάθη-

364 4822 564 4878 σιν.’0
625 4821 720 4894 μέν
779 4839 864 4874 τοι
925 4814 1152 4872 Πλᾶτων
1200 4814 1456 4893 ἐγγράφῳ
1521 4811 1874 4890 γραμματίῳ,
1925 4811 2016 4866 καὶ

361 4914 466 4981 τήν
502 4909 734 4984 μάθησιν
787 4908 1090 4981 ἀνάμνησιν
1143 4903 1312 4980 λέγει.
1371 4907 1490 4958 Ὅτι
1532 4901 1718 4968 διττῆς
1761 4899 1929 4972 οὔσης
1961 4899 2014 4957 ἐν

365 5005 502 5076 ἡμῖν
552 5007 650 5069 τῆς
680 4999 934 5074 γνώσεως
981 5003 1080 5066 τῆς
1135 4995 1229 5068 μὲν
1283 4992 1488 5069 ἀλόγου
1541 4993 1650 5047 οἷον
1696 4989 2016 5062 αἰσθήσεως,

363 5097 464 5161 τῆς
497 5087 556 5144 δὲ
585 5087 822 5164 λογικῆς
853 5086 968 5141 οἶον
999 5089 1093 5140 τνῢ
1136 5089 1252 5158 νοῦ,
1304 5081 1456 5138 διττά
1494 5081 1604 5138 ἐστι
1636 5080 1726 5136 καὶ
1755 5081 1822 5136 τὰ
1851 5103 2022 5156 γινω-

369 5179 604 5252 σκόμενα
638 5199 650 5212 ·
685 5177 750 5232 τὰ
785 5177 878 5251 μὲν
919 5169 1108 5244 ἕνολα,
1138 5174 1336 5246 καὶγτὰ
1364 5169 1595 5243 αἰσθητά
1625 5181 1642 5205 ‘
1672 5173 1740 5228 τὰ
1771 5168 1827 5227 δὲ
1858 5167 2020 5226 ἅῧλα.

373 5268 530 5339 Ζητεὶ
561 5269 654 5323 οὖν
683 5264 772 5322 διὰ
806 5265 1014 5321 τούτων
1042 5265 1070 5320 6
1106 5262 1508 5340 Ἀριστοτέλης,
1552 5263 1780 5339 πότερον
1823 5261 2019 5330 ἑκάστη

373 5362 575 5434 γνῶσις
609 5359 668 5412 v6
726 5355 928 5411 οἰκεῖον
990 5352 1266 5428 γινώσκει,
1325 5353 1438 5408 οἷον
1489 5355 1523 5422 ἡ
1579 5353 1672 5425 μὲν
1721 5348 1920 5425 ἄλογος
1957 5351 2026 5404 τὰ

373 5447 558 5520 ἓνυλα,
589 5451 626 5518 ἡ
654 5445 712 5503 δὲ
733 5447 936 5523 λογική
969 5448 1034 5500 τὰ
1065 5441 1204 5502 ἅῦλα
1231 5445 1394 5517 μόνον
1427 5463 1440 5478 ο
1473 5442 1508 5514 ἤ
1535 5447 1570 5514 ἡ
1608 5444 1700 5518 μὶν
1730 5441 1931 5519 ἄλογος
1958 5442 2026 5498 τὰ

380 5537 546 5595 ἕνυλα
577 5535 690 5593 οἶδε
725 5536 884 5611 μόνὸν
921 5538 936 5564 ‘
967 5537 1002 5604 ἡ
1055 5531 1113 5588 δὲ
1143 5533 1345 5608 λογικὴ
1378 5534 1453 5596 ὡς
1482 5533 1740 5608 κρείττων
1778 5533 1930 5605 οὖσα,
1963 5531 2024 5586 οὐ

385 5630 550 5705 μόνον
577 5630 644 5684 τὰ
673 5625 815 5683 ἅῦλα
845 5623 1011 5694 οἶδεν,
1045 5621 1194 5680 ἀλλά
1241 5625 1334 5678 καὶ
1387 5624 1456 5679 τὰ
1503 5621 1686 5680 ἔνυλα.
1721 5621 1820 5678 Καὶ
1843 5621 2028 5678 τοιαύ-

381 5741 484 5790 της
516 5719 690 5790 οὑσης
719 5724 819 5790 τῆς
869 5715 1122 5792 ἀπορίας,
1171 5713 1428 5792 ὲπικρίνει
1461 5713 1662 5793 λέγων,
1693 5707 1775 5770 ότι
1801 5717 1836 5784 ἡ
1871 5713 2029 5790 λόγι.

2127 4733 2275 4790 bula:
2307 4731 2558 4788 similem
2587 4730 2744 4796 facit,
2779 4733 2836 4784 et
2867 4729 3090 4800 aliquid
3120 4729 3426 4785 addiscere
3458 4728 3647 4799 ipsam
3693 4725 3778 4780 af-

2129 4825 2356 4878 firmat:
2393 4819 2632 4876 atPlato
2667 4817 2996 4890 proscripta
3045 4817 3258 4873 chartae
3309 4817 3568 4872 animam
3619 4829 3782 4870 com-

2130 4916 2316 4986 parat,
2364 4915 2420 4966 et
2469 4911 2692 4966 discere
2737 4911 2903 4964 vocat
2960 4906 3284 4962 reminisci.
3361 4908 3502 4960 Cum
3565 4902 3783 4976 duplex

2131 5004 2207 5059 sit
2237 5004 2296 5056 in
2331 5000 2500 5056 nobis
2530 4998 2804 5070 cognitio,
2837 5013 2970 5052 cum
3004 4997 3248 5066 ratione,
3284 4995 3474 5066 qualis
3503 4999 3593 5050 est
3617 5009 3782 5048 men-

2133 5093 2232 5158 tis,
2264 5095 2322 5146 et
2343 5091 2468 5146 sine
2501 5090 2748 5156 ratione,
2785 5086 3120 5157 cujusmodi
3153 5090 3242 5140 est
3274 5101 3509 5153 sensus,
3569 5081 3787 5154 duplex

2137 5197 2367 5254 quoque
2433 5184 2522 5234 est
2595 5193 2784 5250 genus
2824 5193 3030 5232 eorum
3080 5193 3208 5248 quae
3270 5177 3708 5247 cognoscuntur
3768 5187 3781 5226 :

2138 5271 2253 5328 alia
2283 5269 2588 5325 materiata
2634 5271 2688 5322 et
2739 5283 2866 5338 quae
2914 5265 3190 5321 sensibus
3225 5263 3627 5336 objiciuntur;
3673 5259 3789 5316 alia

2139 5361 2554 5417 immateriata.
2589 5358 2807 5422 Quaerit
2847 5357 3059 5412 idcirco
3104 5355 3466 5424 Aristoteles,
3528 5371 3603 5410 an
3655 5369 3786 5425 pro-

2139 5451 2332 5525 prium
2379 5449 2672 5521 objectum
2711 5445 2984 5518 quaelibet
3039 5445 3290 5502 facultas
3328 5447 3662 5516 cognoscat,
3723 5445 3792 5498 ut
3855 5469 3862 5476 -

2139 5541 2384 5597 rationis
2424 5553 2652 5610 expers,
2713 5535 3041 5606 materiata,
3095 5533 3462 5592 rationabilis
3515 5534 3790 5588 immate-

2143 5633 2290 5687 riata
2319 5631 2574 5685 tantum.
2609 5628 2693 5681 An
2725 5642 2858 5681 vero
2891 5623 3311 5680 irrationabilis
3343 5621 3468 5678 sola
3515 5621 3789 5676 immate-

2141 5721 2292 5778 riata
2329 5718 2519 5775 norit:
2564 5719 2622 5772 at
2679 5713 2925 5771 rationis
2969 5729 3232 5786 compos,
3275 5717 3342 5770 ut
3395 5707 3787 5784 praestantior,
