4124 6394
379 331 532 391 1063

1716 323 2137 385 MICHAELIS
2184 322 2450 383 PSELLI

3638 326 3793 386 1064

373 477 485 515 non
536 459 726 515 solum
792 459 1098 514 materiata
1149 458 1323 530 norit,
1388 461 1489 515 sed
1530 459 1705 514 etiam
1748 459 2019 514 immate-

2136 454 2204 524 κὴ
2237 452 2300 510 οὐ
2336 453 2499 527 μόνον
2540 455 2607 507 τά
2655 449 2796 508 ἄῦλα
2853 448 3020 521 οἶδεν,
3072 450 3218 508 ἀλλᾶ
3264 454 3352 510 καὶ
3403 457 3473 509 τά
3520 453 3704 524 ἔνυΛα,
3733 456 3797 514 Ὀ

371 550 537 604 riata.
575 552 754 620 Atque
793 548 848 602 in
884 566 943 604 re
990 565 1105 603 non
1146 565 1356 620 parum
1406 548 1708 621 implicata
1757 547 1839 604 sic
1900 552 2019 603 sta-

372 638 505 706 tuit,
539 635 949 692 rationabilem
1002 655 1114 692 non
1146 637 1336 692 solum
1374 655 1566 705 nosse,
1616 655 1743 709 quze
1801 654 1835 692 a
1893 653 2021 693 ma-

371 726 516 781 teria
546 730 769 781 secreta
791 731 950 792 sunt,
987 727 1085 781 sed
1110 726 1285 782 etiam
1319 729 1646 784 materiata.
1699 728 1807 794 Qui
1865 726 2021 782 enim

376 816 781 887 prestantiora
830 816 1018 885 novit,
1085 816 1377 873 deteriora
1435 817 1619 874 multo
1691 817 1898 887 magis.
1954 820 2026 874 At

374 904 770 961 immateriata
801 905 1124 978 cognoscit.
1159 905 1335 962 Plane
1392 907 1570 979 igitur
1608 912 1666 962 et
1712 908 1804 962 his
1861 906 2023 979 igno-

372 994 580 1049 biliora
614 993 1032 1062 considerabit,
1083 994 1194 1051 hoc
1226 1000 1316 1052 est
1371 996 1697 1053 matcriata.
1758 997 1816 1053 Si
1865 996 2024 1051 enim

375 1101 564 1150 mens,
599 1102 725 1155 quae
754 1101 887 1139 cum
936 1084 1157 1140 ratione
1181 1085 1435 1157 cognitio
1468 1091 1577 1152 est,
1637 1085 1763 1142 sola
1811 1085 2025 1141 imma-

377 1173 586 1228 teriata
632 1174 809 1243 novit,
848 1190 1037 1244 neque
1075 1180 1269 1230 tamen
1322 1175 1650 1245 materiata,
1707 1192 1869 1231 mens
1915 1175 2027 1230 erit

378 1262 818 1334 quodammodo
854 1280 966 1317 non
993 1280 1180 1320 mens.
1202 1263 1337 1327 Quas
1369 1265 1523 1320 enim
1571 1265 1881 1320 materiata
1911 1282 2024 1319 non

380 1351 687 1423 intelliget,
740 1352 849 1407 erit
900 1352 955 1406 in
1008 1353 1154 1424 ipsis
1189 1372 1300 1409 non
1337 1371 1524 1410 mens.
1560 1355 1669 1409 Sed
1703 1355 2025 1410 absurdum

380 1444 490 1509 est,
516 1444 768 1495 mentem
794 1440 991 1513 aliquo
1034 1447 1199 1512 pacto
1247 1443 1871 1512 amcntemiesseznon
1919 1442 2027 1514 igi-

380 1531 477 1584 tur
517 1529 643 1585 sola
702 1529 1095 1587 immateriata
1137 1531 1317 1601 novit,
1377 1533 1477 1589 sed
1536 1532 1711 1588 etiam
1772 1533 2031 1587 materias"

381 1618 679 1674 immersa.
716 1619 844 1674 [lare
881 1619 1234 1676 Aristoteles.
1288 1621 1492 1693 Itaque
1549 1638 1643 1677 res
1691 1621 2030 1677 materiatae

381 1711 636 1763 mentem
671 1724 844 1765 nosse
870 1706 1007 1764 hinc
1025 1710 1356 1782 perspicere
1388 1710 1556 1767 licet:
1583 1711 1695 1766 nisi
1744 1710 1899 1767 enim
1960 1727 2030 1766 ex

2136 542 2240 618 γὰρ
2273 540 2433 603 εἰδὼς
2459 544 2530 597 τά
2571 541 2874 616 κρείττονα,
2919 540 3121 614 πολλῴ
3152 541 3321 599 πλέον
3363 543 3454 599 καὶ
3485 544 3551 599 τά
3572 546 3797 621 χείρονα

2131 628 2213 685 ἴδε
2240 630 2307 685 τά
2357 628 2518 687 ἄῦλα.
2572 633 2849 700 Σκοπήσει
2899 630 3117 692 πάντως
3170 633 3248 704 (5)
3300 630 3388 686 καὶ
3447 632 3514 686 τὰ
3563 633 3796 707 χείρονα

2131 723 2239 773 τῶν
2266 717 2445 774 άυλων
2482 740 2494 753 ο
2530 719 2563 774 ἅ
2593 718 2703 772 ἐστι
2748 718 2816 773 τά
2863 712 3047 775 ἔνυλα.
3106 717 3173 775 Ei
3216 718 3319 795 γὰρ
3369 720 3398 774 6
3430 724 3556 782 νοῦς
3587 719 3618 776 ὅ
3648 718 3793 775 ἐστιν

2134 810 2168 877 ἡ
2200 807 2400 884 λογική
2430 813 2652 884 γνῶσις.
2708 809 2873 880 μόνον
2926 805 3041 863 οἶδε
3097 809 3163 863 τά
3211 806 3373 877 ἄῦλα,
3410 810 3487 883 μὴ
3539 809 3792 886 γινώσκει

2137 894 2194 952 ὃὶ
2226 896 2314 952 καί
2344 898 2410 954 τά
2441 895 2625 967 ἔνυλα,
2677 895 2823 953 ἔσται
2854 898 2882 952 6
2912 902 3036 961 νοῦς
3073 897 3208 952 κατά
3246 919 3299 953 τι
3348 896 3509 960 ἄνους
3543 916 3556 929 ⁸
3590 898 3658 954 τὰ
3686 901 3791 975 γὰρ

2137 984 2299 1041 ἔνυλα
2347 988 2420 1059 μή
2475 992 2635 1059 νοῶν,
2687 988 2847 1050 ἄνους
2905 982 3051 1041 ἔσται
3103 988 3221 1041 κατ’
3270 986 3403 1043 αὐτά
3434 1006 3447 1021 ⁸
3494 986 3640 1044 ἀλλὰ
3695 988 3791 1061 μὶν

2139 1073 2339 1130 ἄτοπον
2387 1076 2478 1131 τὸν
2537 1080 2660 1130 νοῦν
2715 1075 2849 1131 κατά
2894 1097 2946 1130 τι
3007 1072 3162 1131 ἄνουν
3200 1077 3358 1134 εἶναι.
3417 1076 3530 1133 υῦκ
3590 1075 3691 1152 ἄρα
3726 1077 3796 1132 τὰ

2139 1165 2277 1222 ἄῦλα
2311 1161 2475 1240 μόνον
2508 1165 2671 1235 οἶδεν,
2725 1165 2874 1223 ἀλλά
2901 1166 2991 1222 καὶ
3039 1167 3108 1222 τά
3153 1164 3332 1224 ἔνυλα.
3369 1168 3468 1223 Καὶ
3496 1171 3665 1223 ταῦτα
3699 1168 3793 1241 μὲν

2139 1256 2167 1310 6
2202 1255 2611 1326 Ἀριστοτέλης.
2672 1257 2793 1313 Ὀτι
2849 1254 2907 1311 δὲ
2954 1256 3043 1310 καὶ
3094 1256 3162 1310 τά
3211 1251 3373 1313 ἔνυλα
3420 1254 3566 1311 οἶδεν
3612 1258 3639 1311 6
3670 1262 3796 1321 νοῦς

2138 1345 2376 1400 ἐντεῦθεν
2430 1344 2542 1400 ἔστι
2598 1343 2852 1402 συνιδεῖν.
2906 1344 2975 1400 Εἴ
3017 1345 3118 1422 γάρ
3174 1348 3249 1418 μὴ
3300 1347 3567 1416 ἠπίστατο
3615 1347 3682 1403 τά
3722 1344 3800 1403 ἔνο

2138 1436 2264 1509 υλα,
2312 1441 2432 1501 πῶς
2485 1434 2908 1513 ἐπιδιωρθοῦται
2959 1438 3059 1507 τήν
3111 1435 3383 1509 αἴσθησιν,
3436 1439 3647 1513 ὁρῶσαν
3695 1440 3795 1509 τήν

2138 1525 2329 1596 κώπην
2364 1525 2415 1581 ἐν
2450 1522 2604 1581 ὕδατι
2637 1525 3038 1598 κεκλασμὲνην,
3061 1527 3152 1580 καὶ
3194 1526 3286 1582 τὸν
3309 1524 3472 1597 ἥλιον
3500 1525 3751 1584 ποδιαῖον
3780 1548 3794 1599 ;

2138 1613 2328 1677 άλλως
2360 1637 2416 1670 τε
2449 1613 2506 1670 δὲ
2537 1612 2741 1692 ἔχομεν
2791 1615 3012 1682 κανόνα,
3044 1614 3127 1670 ὅτι
3181 1616 3242 1671 τὸ
3274 1615 3630 1691 ἐπιστάμενον
3678 1615 3797 1673 δια-

2140 1705 2308 1783 φορὰν
2338 1708 2701 1781 πραγμάτων,
2733 1702 2933 1777 πολλῷ
2969 1704 3183 1777 μᾶλλον
3217 1704 3351 1761 αὐτὰ
3374 1704 3501 1761 τάδε
3535 1725 3548 1740 ⁸
3584 1710 3662 1782 (ὃ)
3692 1708 3794 1776 τὴν

379 1794 621 1851 materia
642 1802 917 1852 concreta
972 1796 1167 1865 sciret,
1202 1799 1495 1869 quomodo
1548 1816 1791 1855 sensum
1849 1798 2026 1856 corri-

2141 1792 2534 1873 διαφοράντῶν
2595 1792 2777 1849 ἀὺλων
2835 1794 2972 1869 πρὸς
3024 1795 3093 1849 τά
3141 1792 3324 1865 ὲνυλα,
3358 1793 3502 1851 οἶδεν
3554 1793 3658 1874 ἄρα
3703 1794 3795 1852 καὶ

2180 1883 2343 1900 ...κ
2450 1881 2876 1900 mw..-”
3036 1882 3061 1900 ..
3174 1882 3199 1895 ς.
3325 1883 3438 1900 ..
3614 1886 3628 1900 .
3732 1890 3761 1900 ..

379 1889 564 1955 geret,
618 1885 720 1957 qui
763 1902 991 1941 remum
1033 1885 1188 1942 videt
1226 1888 1283 1941 in
1323 1904 1475 1959 aqua
1516 1889 1891 1959 fractum,iet
1934 1904 2028 1944 so-

376 1971 495 2028 lem
534 1972 726 2045 pedali
759 1974 1213 2047 magnitudine?
1244 1979 1591 2049 Quanquam
1619 1981 1675 2033 et
1716 1976 1831 2032 alia
1862 1978 2031 2034 nobis

383 2066 645 2135 suppetit
690 2058 912 2136 regula,
964 2064 1103 2136 quia
1152 2066 1307 2137 quod
1368 2084 1563 2122 rerum
1641 2067 2029 2123 diti‘erentiam

379 2150 560 2219 novit,
602 2168 694 2207 res
734 2154 895 2224 ipsas
942 2152 1125 2208 multo
1175 2154 1385 2227 magis.
1446 2157 1517 2210 At
1576 2156 1893 2211 discrimen
1943 2171 2032 2212 eo-

378 2257 534 2307 rum,
582 2259 708 2311 quae
763 2243 889 2297 sine
962 2244 1207 2298 materia
1254 2249 1414 2315 sunt,
1473 2262 1606 2300 cum
1685 2246 2028 2313 materiatis,

378 2330 586 2387 novit:
647 2348 784 2403 ergo
817 2336 872 2386 et
925 2332 1256 2389 materiata.
1337 2334 1444 2389 Sed
1485 2334 1731 2391 fortasse
1790 2334 2027 2403 dixeris,

382 2419 581 2475 minus
606 2425 738 2488 apte
768 2421 903 2489 dici,
940 2425 1187 2478 mentem
1242 2439 1335 2479 res
1382 2425 1667 2480 extrarias
1715 2426 1905 2494 scire;
1970 2424 2028 2480 id

381 2508 540 2563 enim
600 2526 812 2565 sensus
855 2514 960 2577 est,
1002 2528 1095 2567 res
1146 2513 1483 2568 materiatas
1542 2519 1599 2569 et
1647 2514 2031 2586 particulaies

382 2600 1101 2671 cognoscerezgenerales
1130 2602 1285 2657 enim
1334 2608 1590 2671 tantum,
1638 2613 1691 2659 et
1742 2620 1867 2675 quire
1907 2603 2031 2659 uni-

382 2704 562 2744 versa?
590 2695 751 2757 sunt,
786 2706 951 2746 mens
984 2692 1183 2746 novit:
1219 2709 1431 2748 sensus
1463 2699 1654 2749 autem
1703 2700 1795 2749 est
1857 2711 2031 2751 nosse

385 2778 734 2847 singularia,
759 2796 1005 2850 quaeque
1038 2784 1177 2835 sunt
1209 2782 1653 2837 maleriata.Sed
1688 2783 2028 2854 responderi

380 2864 452 2919 ad
488 2864 593 2920 hoc
617 2870 830 2937 potest,
863 2871 1116 2921 mentem
1168 2869 1434 2939 subjecto
1493 2886 1670 2925 unam
1733 2886 1881 2940 esse,
1939 2888 2029 2926 ra-

382 2953 539 3009 tione
579 2972 712 3010 vero
766 2955 1080 3011 diversam.
1130 2961 1291 3013 Mens
1323 2958 1478 3013 enim
1519 2959 1607 3015 vel
1639 2977 1738 3032 per
1783 2976 1846 3015 se
1906 2966 2029 3016 tan-

381 3047 509 3098 tum
560 3044 804 3115 agitzet
865 3049 1022 3113 tunc,
1079 3063 1204 3117 qua:
1258 3048 1530 3104 universa
1588 3054 1727 3105 sunt
1794 3055 2025 3105 tantum

382 3134 577 3188 novitr
612 3133 697 3189 vel
729 3150 862 3189 cum
898 3152 1075 3190 sensu
1106 3142 1444 3208 operantur,
1478 3156 1544 3194 eo
1578 3156 1685 3195 usa
1741 3143 2020 3211 tauquam

2138 1885 2203 1939 τά
2231 1883 2413 1941 ἕνυλα.
2450 1882 2606 1940 Ἀλλ’
2651 1883 2789 1958 ἐρεῖς
2852 1881 2980 1948 ἴσως
3031 1882 3115 1938 ὅτι
3169 1882 3369 1939 ἄτοπόν
3420 1884 3531 1939 ἐστι
3577 1886 3637 1940 τὸ
3667 1890 3793 1940 νοῦν

2140 1974 2207 2029 τά
2263 1969 2363 2044 ἔξω
2417 1972 2661 2029 εἰδέναι·
2720 1977 2888 2027 ταῦτα
2941 1975 3041 2049 γάρ
3092 1973 3396 2045 αἰσθήσεώς
3455 1974 3566 2030 ἐστι
3613 1975 3676 2030 τὸ
3725 1976 3796 2031 τά

2141 2062 2304 2119 ἕνυλα
2332 2063 2419 2119 καὶ
2450 2063 2516 2118 τά.
2563 2062 2699 2117 κατὰ
2751 2064 2915 2138 μέρος
2960 2064 3245 2137 γινώσκειν
3279 2084 3292 2098 ⁸
3346 2065 3374 2118 6
3411 2065 3504 2137 μὲν
3537 2063 3639 2141 γὰρ
3664 2069 3796 2129 νοῦς

2137 2156 2200 2209 τὸ
2226 2153 2463 2210 καθόλου
2495 2149 2610 2208 οἶδε
2658 2153 2826 2225 μόνον
2862 2170 2874 2183 ⁸
2907 2158 3007 2222 τῆς
3061 2150 3118 2207 δὲ
3148 2151 3450 2224 αἶ’σθήσεώς
3480 2152 3592 2209 ἐστι
3620 2153 3685 2210 τὸ
3715 2152 3797 2209 εἷο

2142 2242 2286 2299 δένάι
2345 2242 2559 2318 μερικά,
2616 2240 2651 2296 ἆ
2704 2240 2823 2296 τινά
2873 2241 3010 2296 ἐστιν
3074 2239 3257 2297 ἔνυλα.
3320 2244 3471 2297 Ἐστι
3518 2240 3575 2297 δὲ
3624 2241 3795 2298 εἰπεῖν

2139 2335 2276 2408 πρὸς
2307 2338 2489 2389 τοῦτο.
2552 2330 2633 2386 Uti
2669 2332 2696 2385 6
2727 2334 2849 2392 νοῦς
2894 2329 2974 2403 τῷ
3027 2332 3120 2404 μὲν
3166 2332 3509 2405 ὑποκειμένῳ
3553 2334 3629 2395 εἷς
3660 2331 3796 2406 ἐστι,

2138 2428 2217 2495 τῷ
2248 2419 2304 2477 δὲ
2338 2419 2493 2497 λόγῳ
2554 2418 2835 2497 διάφορος.
2885 2426 2945 2478 Ὀ
2974 2420 3072 2496 γάρ
3105 2426 3228 2482 νοῦς
3318 2422 3437 2486 καθ’
3468 2421 3653 2476 ἑαυτὸν
3692 2421 3791 2495 μό-

2138 2532 2228 2565 νον
2280 2510 2507 2586 ἐνεργεῖ,
2559 2510 2649 2564 καὶ
2707 2508 2829 2564 τότε
2876 2508 2938 2563 τὸ
2985 2510 3225 2574 καθόλου
3288 2511 3453 2583 μόνον
3503 2508 3642 2565 οἶδεν
3680 2529 3693 2543 ⁸
3752 2508 3791 2580 ἤ

2144 2601 2280 2673 μετά
2321 2600 2624 2670 αἰσθήσεως
2677 2597 2898 2674 ἐνεργεῖ,
2935 2597 3149 2673 ὀργάνῳ
3198 2597 3333 2673 αὖτῇ
3383 2600 3730 2676 κεχρημένος
3775 2618 3789 2632 ⁸

2139 2690 2227 2745 καὶ
2263 2691 2380 2744 τότε
2435 2690 2501 2743 τά
2549 2687 2713 2743 ἔνυλα
2767 2686 2858 2741 καὶ
2921 2689 3117 2761 μερικά
3166 2685 3333 2745 οἶδεν.
3378 2691 3578 2766 Ὥσπερ
3628 2691 3791 2765 γάρὴ

2138 2779 2274 2850 αὐτῆ
2307 2778 2504 2847 εὐθεῖα,
2536 2783 2614 2850 τῷ
2668 2778 2763 2850 μὲν
2815 2776 3159 2851 ὑποκειμὲνῳ
3291 2778 3425 2850 αὐτή
3458 2778 3591 2851 ἐστι,
3623 2783 3700 2852 τῷ
3734 2776 3795 2836 δὶ

2140 2868 2290 2945 λόγῳ
2361 2868 2605 2945 ιάφορος.
2670 2868 2732 2924 Ἦ
2806 2865 2910 2940 γάρ
2990 2870 3080 2921 νῦν
3146 2866 3327 2931 εὐθεῖα
3383 2869 3516 2923 οὖσα
3573 2866 3796 2925 δύναται

2136 2957 2435 3027 κλασθῆναι
2466 2957 2556 3011 καὶ
2606 2955 2924 3029 ἐπικαμπὴς
2972 2956 3217 3030 γενέσθαι
3253 2975 3265 2989 ⁸
3303 2954 3446 3012 οὕτω
3476 2957 3565 3012 καὶ
3597 2957 3624 3011 6
3654 2962 3790 3022 νοῦς

2138 3049 2166 3102 6
2197 3047 2356 3110 αὑτός
2399 3047 2510 3101 ἐστι
2549 3050 2630 3118 τῷ
2681 3046 3021 3119 ὑποκειμένῳ
3056 3065 3067 3077 ·
3119 3042 3321 3100 ἄλλοτε
3370 3045 3547 3101 εὐθεῖα
3590 3046 3797 3103 ἀναλο-

2134 3143 2238 3214 γεῖ,
2273 3138 2300 3192 6
2359 3137 2448 3193 καὶ
2505 3141 2621 3199 καθ’
2683 3133 2872 3189 ἓάυτὸν
2935 3133 3140 3211 ἐνεργεῖ
3196 3135 3284 3189 καὶ
3335 3136 3399 3190 τά
3457 3134 3595 3191 ἄῧλα
3627 3133 3794 3211 οῖδεν,

378 3221 794 3290 instrumento,
822 3225 1022 3295 sicque
1055 3226 1361 3280 materiata
1389 3233 1446 3282 et
1496 3228 1875 3299 particularia
1921 3246 2018 3285 co-

2137 3208 2340 3284 άλλοτε
2408 3224 2464 3281 δὲ
2520 3224 2863 3298 κεκλασμὲνη
2922 3223 3119 3293 εὐθεῖα,
3210 3224 3654 3299 ὲπικαμπόμενος
3712 3228 3791 3300 (7)

375 3314 625 3383 gnoscit.
688 3313 1197 3376 Quemadmodum
1250 3316 1405 3370 enim
1453 3322 1608 3373 recta
1655 3319 1781 3390 ipsa
1847 3318 2022 3387 linea,

376 3402 643 3472 subjecto
676 3406 877 3458 eadem
910 3408 1020 3467 est,
1053 3410 1112 3459 at
1133 3405 1356 3461 ratione
1387 3406 1654 3476 diversa;
1698 3425 1818 3479 quae
1865 3410 2020 3465 enim

377 3507 535 3545 nunc
579 3496 734 3546 recta
769 3497 877 3560 est,
927 3492 1223 3548 incurvari
1271 3500 1326 3550 et
1394 3495 1614 3551 inflecti
1660 3502 1883 3569 potest:
1938 3499 2022 3554 sic

374 3578 549 3633 etiam
585 3595 751 3634 mens
777 3582 976 3636 eadem
1011 3582 1406 3654 estsubjecto.
1460 3585 1635 3640 Recta
1680 3587 1815 3642 item
1859 3604 2023 3643 men-

374 3671 492 3724 tem
528 3675 938 3741 repraesentat:
968 3689 1094 3743 quaa
1121 3689 1223 3744 per
1243 3691 1303 3728 se
1345 3675 1467 3744 agit
1498 3676 1645 3746 ipsa,
1700 3682 1756 3732 et
1810 3676 2023 3733 imma-

371 3758 583 3813 teriata
615 3760 807 3814 novit:
832 3759 1127 3816 interdum
1178 3762 1496 3819 inﬂectitur
1547 3770 1739 3835 recta;
1770 3772 1823 3822 et
1857 3784 2025 3825 mens

372 3847 445 3902 ad
479 3864 713 3903 sensum
737 3848 1073 3916 inﬂectitur,
1106 3868 1290 3924 coque
1322 3870 1424 3925 pro
1458 3853 1848 3911 instrumento
1908 3857 2022 3912 uti-

369 3942 487 4004 tur,
518 3955 652 3993 cum
702 3939 1006 3995 materiata
1037 3942 1214 3996 novit.
1253 3942 1355 3997 Hic
1388 3942 1613 4015 primus
1665 3950 1752 4001 est
1809 3948 2024 4015 nodus,

370 4027 617 4099 ejusque
669 4028 903 4084 solutio.
963 4031 1231 4086 Secunda
1288 4031 1611 4090 difﬁcultas
1695 4052 1827 4091 cum
1914 4036 2024 4091 hac

374 4118 714 4188 sumptione
746 4119 1096 4190 proponitur
1126 4137 1144 4174 :
1178 4122 1331 4193 quod
1354 4140 1385 4177 a
1413 4128 1721 4194 potestate,
1769 4125 1833 4180 fit
1866 4129 2024 4211 actu,

377 4206 622 4260 omnino
654 4212 953 4263 mutatur:
990 4213 1047 4263 at
1080 4211 1348 4279 mutatio,
1377 4213 1601 4269 ali‘ectio
1633 4218 1740 4269 est.
1793 4214 1892 4270 His
1942 4206 2025 4269 sic

378 4297 777 4367 praesumptis,
832 4296 1118 4369 reliquam
1192 4299 1599 4358 difﬁcultatem
1646 4303 1903 4373 subiicit.
1964 4304 2023 4359 Si

377 4400 546 4439 mens
577 4386 886 4441 materiata
916 4388 1234 4458 cognoscit,
1261 4390 1481 4461 aliquid
1514 4392 1586 4447 ab
1618 4392 1690 4448 iis
1722 4393 1945 4464 patitur
1992 4410 2027 4449 a

372 4474 876 4546 cognitione,quaa
906 4482 1189 4548 potestate
1230 4480 1438 4551 fuerat,
1492 4482 1561 4536 ad
1629 4482 2023 4554 cognitionem

2132 3317 2268 3390 πρὸς
2324 3316 2426 3385 τὴν
2483 3313 2751 3387 αἶ’σθήσιν,
2800 3313 2888 3368 καὶ
2952 3313 3177 3389 ὀργάνῳ
3231 3314 3367 3388 αὐτῇ
3421 3315 3792 3392 κεχρημένος,

2133 3406 2222 3460 ὅτε
2250 3405 2339 3460 καὶ
2369 3405 2433 3460 τά
2464 3402 2626 3459 ἔνυλα
2653 3402 2784 3459 οἶδε.
2839 3400 3015 3460 Τοῦτε
3065 3403 3158 3477 μὲν
3208 3402 3299 3458 οῦν
3328 3403 3439 3458 ἐστι
3471 3406 3534 3459 τὸ
3566 3410 3787 3480 πρῶτον

2133 3493 2335 3570 ἄπορον
2369 3493 2458 3548 καὶ
2486 3495 2521 3561 ἡ
2579 3489 2733 3554 λύσις
2788 3491 2972 3546 αὐτοῦ.
3008 3490 3262 3566 Δεύτερον
3312 3489 3538 3567 ἄπορον,
3592 3493 3650 3548 ὃν
3692 3496 3788 3549 καὶ

2134 3582 2335 3656 λῆμμα
2390 3575 2861 3659 προλαμϐάνεται,
2931 3585 3204 3648 τοιοῦτον,
3279 3580 3361 3636 ὅτι
3409 3583 3471 3637 τὸ
3532 3581 3636 3637 ἀπὸ
3684 3588 3785 3638 τοῦ

2134 3671 2360 3746 δυνάμει
2393 3671 2465 3733 εἷς
2504 3672 2565 3725 τὸ
2616 3668 2847 3745 ἐνεργείᾳ
2890 3668 3205 3744 γενόμενον,
3257 3670 3472 3733 πάντως
3513 3670 3785 3727 ἀλλοιοῦ-

2130 3784 2243 3833 ται,
2299 3765 2335 3832 ἡ
2366 3759 2423 3816 δὲ
2468 3758 2768 3821 ἀλλοίωσις
2824 3759 2995 3820 πάθος
3048 3758 3176 3814 ἐστί.
3209 3763 3413 3815 Τοῦτου
3444 3759 3789 3838 προληφθέν-

2132 3873 2223 3915 τος
2258 3850 2469 3926 πρόεισι
2502 3848 2694 3905 λοιπὸν
2726 3848 2789 3903 τὸ
2848 3845 3075 3923 ἄπορον.
3128 3848 3191 3902 Εἰ·
3219 3849 3473 3922 γινώσκει
3505 3852 3532 3904 ὁ
3561 3854 3687 3913 νοῦς
3717 3853 3787 3907 τά

2134 3938 2315 4009 ἕνυλα,
2351 3938 2520 4006 δῆλον
2554 3940 2638 3993 ὅτι
2670 3938 2870 4012 πάσχει
2912 3938 3005 3992 ὐπ’
3054 3936 3251 4009 αὐτῶν,
3284 3938 3389 3993 ἀπὸ
3421 3946 3521 4008 τῆς
3559 3937 3787 4014 δυνάμει

2131 4032 2383 4107 γνώσεως
2438 4028 2514 4090 εἲς
2560 4029 2659 4097 τὴν
2694 4025 2931 4103 ἐνεργείᾳ
2979 4030 3177 4101 γνῶσιν
3232 4030 3328 4100 (8).
3360 4028 3429 4082 Τὸ
3457 4026 3513 4083 δὲ
3544 4029 3650 4085 ἀπὸ
3686 4035 3787 4085 τοῦ

2135 4118 2360 4193 δυνάμει
2410 4117 2675 4192 ἀγόμενον
2724 4116 2800 4179 είς
2845 4114 2909 4171 τό
2959 4115 3194 4191 ἐνεργείᾳ
3240 4115 3584 4173 ἀλλοιοῦται.
3628 4119 3699 4174 Τὸ
3730 4116 3791 4175 δὲ

2134 4206 2558 4281 ἀλλοιούμενον,
2608 4207 2830 4281 πάσχει.
2883 4205 2945 4264 Ὁ
2992 4210 3117 4267 νοῦς
3155 4203 3255 4280 ἄρα
3298 4207 3499 4283 πάσχει
3546 4208 3650 4263 ἀπὸ
3680 4213 3791 4264 τῶν

2136 4297 2341 4353 ἐνῦλων
2378 4318 2390 4330 ο
2425 4296 2516 4351 καὶ
2555 4292 2743 4365 ἐπειδῆ
2795 4291 2949 4349 οὐδὲν
2994 4293 3053 4349 ἐκ
3080 4296 3178 4349 τοῦ
3211 4295 3523 4367 ἀνομοΰλου
3564 4302 3791 4374 πάσχει,

2137 4383 2309 4455 δῆλον
2342 4382 2444 4460 ἄρα
2473 4383 2557 4439 ὅτι
2592 4383 2837 4458 ὁμόϋλὸς
2878 4382 3020 4439 ἔστιν
3056 4385 3084 4439 6
3114 4388 3240 4449 νοῦς
3268 4391 3384 4447 τοῖς
3419 4384 3657 4449 ἐνάλοις.
3689 4389 3793 4442 Καὶ

2136 4472 2246 4529 ἔστι
2280 4474 2369 4529 καὶ
2400 4472 2558 4535 αὐτὸς
2606 4468 2795 4535 ἔνυλος
2848 4473 2938 4527 καὶ
2971 4474 3260 4551 ἄτθαρτος.
3306 4473 3455 4546 Αὕτη
3559 4475 3788 4552 ἀπορία,

377 4568 511 4618 actu
555 4564 828 4619 deducta.
888 4567 1048 4629 Quod
1119 4585 1250 4623 vero
1310 4586 1343 4623 a
1386 4574 1673 4640 potestate
1733 4572 2026 4643 adzactum

2140 4564 2206 4634 ἦν
2234 4562 2620 4638 ἐπιλυσόμενοί
2670 4584 2868 4642 φαμεν,
2913 4563 2995 4617 ὅτι
3044 4567 3224 4626 κακῶς
3259 4563 3536 4638 εἴληπται,
3570 4564 3653 4619 ὅτι
3685 4572 3793 4622 ποῦ

374 4651 708 4721 deducitur,
775 4654 830 4709 id
886 4660 1169 4711 mutatur.
1229 4658 1393 4721 Quod
1436 4676 1569 4715 vero
1640 4664 1921 4727 mutatur,
1969 4660 2028 4717 id

374 4742 619 4812 patitur.
654 4743 803 4816 Ergo
830 4759 992 4801 mens
1023 4762 1056 4800 a
1105 4746 1431 4802 materiatis
1474 4748 1717 4819 patitur,
1764 4754 1820 4805 et
1891 4750 2034 4821 quia

375 4829 522 4885 nihil
558 4832 674 4903 pati
705 4836 895 4903 potest
918 4834 990 4888 ab
1021 4837 1267 4905 eo,quod
1293 4835 1614 4893 dissimiles
1645 4842 1731 4893 est
1751 4841 2029 4909 materiae;

375 4917 619 4989 planum
645 4924 735 4975 est
761 4919 959 4991 igitur,
996 4927 1249 4977 mentem
1280 4923 1549 4995 ejusdem
1582 4942 1713 4982 esse
1773 4926 2029 4983 materia:

375 5023 509 5061 cum
545 5008 894 5080 materiatis,
916 5014 974 5064 et
1030 5011 1298 5066 eamdem
1356 5028 1485 5068 esse
1546 5016 1914 5071 materiatam
1972 5020 2031 5073 et

371 5096 796 5170 incorruptam.
833 5100 912 5153 Ea
939 5103 1030 5156 est
1059 5099 1395 5172 dilﬁcullas,
1417 5118 1595 5174 quam
1618 5103 2027 5176 dissolventes,

375 5184 629 5241 dicimus
679 5188 831 5243 male
882 5193 1253 5261 assumptum
1308 5208 1467 5261 esse,
1528 5194 1867 5266 ubicunque
1937 5200 2026 5251 est

377 5287 577 5342 agens,
610 5276 691 5330 ibi
733 5283 790 5333 et
839 5280 994 5350 quod
1018 5280 1288 5351 patitur:
1340 5281 1395 5336 id
1447 5282 1601 5337 enim
1646 5284 1853 5340 falsum
1914 5290 2023 5341 est.

453 5450 527 5519 (5)
562 5451 801 5530 ,Ιιίειιιξω
835 5457 919 5530 sic
952 5457 1174 5530 replere
1203 5458 1419 5528 videor,
1454 5457 1578 5515 ἀλλ’
1612 5459 1724 5516 οἶδε
1743 5460 1809 5516 τά
1864 5460 2024 5523 ἄῠλα.

384 5520 660 5587 Σκοπήσει
683 5524 771 5577 οὗν
791 5520 1027 5589 πάντωςξ

380 5591 732 5731 Ῐυίῗέἐέςρεὶ
759 5594 883 5653 ἀλλ’
918 5600 969 5653 οἱ
994 5597 1050 5653 δὲ
1081 5602 1205 5670 τήν,
1238 5607 1373 5671 etc.,
1431 5609 1530 5660 aut
1561 5606 1862 5679 quidpiam
1915 5608 2025 5664 hu-

452 5678 477 5716 s
626 5681 660 5719 ι.

2141 4659 2331 4709 ποιοῦν
2365 4654 2452 4709 καὶ
2484 4653 2685 4729 πάσχει
2723 4672 2735 4684 ·
2789 4651 2947 4713 οὗτος
2997 4651 3025 4705 6
3077 4648 3244 4726 λόγος
3274 4650 3479 4726 ψευδής
3507 4653 3637 4709 ἐστι.
3660 4655 3796 4711 Τότε

2139 4744 2238 4820 γάρ
2295 4744 2359 4798 τὸ
2416 4747 2607 4798 ποιοῦν
2652 4740 2994 4816 ἀντιπάσχει,
3054 4742 3143 4795 ὅτε
3204 4741 3447 4815 ὁμόϋλον
3511 4741 3656 4799 ἔσται
3718 4749 3795 4818 τῷ

2139 4833 2428 4909 πάσχοντι.
2466 4827 2687 4901 Ἐπειδὴ
2722 4831 2812 4885 οῦν
2860 4831 2888 4883 6
2938 4834 3066 4892 νοῦς
3109 4830 3211 4885 οὐκ
3240 4829 3381 4886 ἔστιν
3407 4832 3648 4904 ὁμόϋλος
3677 4838 3794 4896 τοῖς

2140 4920 2376 4991 ἐνόλοις,
2412 4920 2511 4976 οὐκ
2559 4921 2767 4995 ἀνάγκη
2819 4919 3053 4994 πάσχειν
3100 4919 3263 4974 αὐτὸν
3315 4920 3420 4976 ὑπὸ
3445 4927 3552 4977 τῶν
3584 4919 3788 4976 ἐνύλων

2137 5012 2227 5067 ὅτε
2283 5011 2539 5088 γινώσκει
2611 5006 2763 5066 αὐτά.
2841 5013 2998 5062 ιιοιεῖ
3073 5009 3177 5084 γάρ
3208 5010 3297 5064 καὶ
3344 5012 3371 5066 ὁ
3426 5008 3791 5088 δημιουργὸς,

2136 5098 2426 5177 εὐεργετῶν
2500 5103 2649 5171 ἡμᾶς
2679 5115 2693 5129 ⁸
2777 5097 2867 5152 καὶ
2942 5096 3097 5170 ὅμως
3182 5098 3282 5153 οὐκ
3343 5099 3643 5178 ἆντπάσχει
3705 5102 3794 5175 ὑφ’

2133 5192 2295 5263 ἡμῶν
2331 5210 2344 5224 ⁸
2381 5189 2518 5245 ὥστε
2548 5188 2726 5243 ἐκεῖνα
2778 5186 2916 5261 μόνα
2956 5190 3065 5241 τῶν
3110 5187 3413 5244 ποιούντων
3446 5189 3793 5269 ἀντιπάσχει,

2136 5279 2235 5336 ὅσα
2266 5277 2483 5353 ὁμόϋλά
2512 5277 2622 5333 ἐστι
2667 5282 2786 5340 τοῖς
2834 5277 3165 5352 πάσχουσιν.
3216 5279 3338 5336 Ὂτι
3376 5276 3522 5335 ’ίδιόν
3558 5279 3669 5336 ἐστι
3716 5286 3797 5355 τῷ

2207 5463 2283 5531 (7)
2339 5464 2504 5517 Forte
2584 5460 2918 5533 legendum,
2978 5454 3067 5510 καὶ

2139 5552 2319 5605 μενον.

2205 5606 2283 5678 (8)
2313 5606 2565 5662 Subesse
2595 5608 2763 5677 puto,
2794 5600 3088 5677 ἀγομένην.

3153 5456 3181 5511 6
3240 5460 3388 5527 νοῦς,
3448 5457 3792 5530 ἐπικαμπτό-
