4124 6398
342 361 502 424 1068

1834 361 1939 425 DE
1981 360 2258 424 ANIMA.

3607 362 3774 426 1066

339 493 450 558 νοῒ,
480 491 570 546 καὶ
600 490 664 546 τὸ
705 492 773 563 τῇ
817 490 980 562 οὐσίᾳ
1027 489 1284 566 ἐνεργεῖν.
1330 497 1435 547 Και
1483 491 1585 568 γὰρ
1616 493 1644 548 6
1671 492 1992 564 ἐπιστήμων

2110 495 2267 547 Tunc
2320 491 2477 548 enim
2536 509 2718 566 agens
2756 496 2962 550 contra
3017 491 3260 565 patitur,
3321 506 3459 549 cum
3502 492 3772 566 ejusdem

343 582 466 638 οὕτε
497 581 772 651 ἐπιστήμη
812 579 980 652 μόνον
1040 577 1204 648 ἐστὶν,
1254 579 1375 634 οὕτε
1423 583 1600 656 ψυχὴ,
1636 580 1781 636 ἀλλά
1813 586 1996 655 κρᾶμα

343 673 395 743 ἐξ
433 667 757 744 ἀμφοτέρων
796 687 808 699 ⁸
871 667 1142 742 σύγκειται
1209 670 1314 745 γὰρ
1374 668 1433 724 ἐκ
1491 674 1677 746 ψυχῆς
1723 670 1813 725 καὶ
1874 670 1998 724 ἐπι-

345 763 585 833 στήμης,
614 759 702 813 καὶ
737 757 1015 832 ἀναλογεῖ,
1049 759 1083 827 ἡ
1139 759 1234 831 μὲν
1267 759 1421 834 ψυχή
1454 758 1579 834 ὕλῃ,
1609 763 1643 829 ἡ
1678 757 1735 814 δὶ
1766 759 1994 830 ἐπιστή-

347 873 423 924 μη
485 849 638 905 εῖδει.
703 848 798 903 Καὶ
879 844 1068 917 ἐπειδὴ
1138 846 1341 911 παντὸς
1395 868 1718 923 πραγματος
1782 847 1992 922 μᾶλλον

345 941 484 996 ἐστὶν
519 937 677 994 οὐσία
723 938 786 993 τὸ
818 934 960 999 εἶδος
1007 943 1108 1006 τῆς
1159 936 1299 1008 ὕλης
1330 956 1342 970 ·
1377 937 1422 992 εἷ
1474 937 1688 1011 μᾶλλον
1741 937 1898 992 οὐσία
1933 937 1996 992 τὸ

346 1028 487 1094 εἶδος
513 1036 613 1098 τῆς
648 1024 782 1093 ὕλης
817 1045 828 1056 ³
874 1027 998 1103 φασὶ
1053 1023 1110 1080 δὲ
1155 1025 1429 1097 Ἕλληνες
1476 1028 1651 1102 ἀρχὴν
1706 1031 1816 1080 τῶν
1849 1025 1994 1081 ὅλων

347 1119 498 1186 Θεὸν,
531 1117 618 1172 καὶ
650 1113 788 1185 ὕλην
820 1133 832 1146 ·
864 1115 956 1170 τὸν
990 1115 1121 1171 Θεὸν
1170 1116 1243 1178 ὡς
1285 1113 1433 1178 εἶδος
1468 1114 1723 1191 λέγοντες
1758 1135 1769 1146 ·
1805 1115 1994 1170 οὐσίαν

346 1207 447 1281 ἄρα
479 1205 605 1284 φασὶ
635 1206 726 1260 τὸν
761 1205 888 1260 Θεὸν
922 1211 1022 1273 τῆς
1074 1203 1212 1273 ὕλης
1264 1203 1504 1278 μᾶλλον,
1545 1205 1631 1259 καὶ
1685 1203 1819 1258 αὐτὰ
1876 1201 1990 1274 εἴδη

340 1296 469 1352 Θεόν
499 1313 510 1328 ⁸
545 1292 695 1370 εἷ’περ
729 1291 962 1366 οὐδεμία
994 1291 1099 1363 ὕλη
1150 1293 1200 1348 ἐν
1240 1299 1356 1356 τοῖς
1389 1295 1536 1348 οὖσιν
1569 1292 1829 1363 ἀνείδεος,
1863 1292 1995 1367 ὅπερ

339 1386 413 1448 ὡς
474 1383 593 1441 λίαν
653 1379 839 1445 ἀσεϐὲς
895 1381 1274 1457 παραιτητέον
1315 1403 1327 1416 ’
1389 1382 1540 1438 οὐσία
1595 1381 1696 1458 ἄρα
1746 1381 1856 1437 ἐστὶ
1899 1386 1996 1436 τοῦ

338 1475 706 1546 ἐπιστήμονος
737 1474 771 1542 ἠ
806 1471 1083 1544 ἐπιστήμη
1121 1491 1132 1502 ·
1186 1472 1272 1526 καὶ
1329 1470 1377 1526 εἴ
1418 1473 1444 1526 ὁ
1499 1472 1820 1545 ἐπιστήμων
1859 1471 1997 1526 κατά

337 1563 437 1632 τὴν
486 1561 796 1634 ἐπιστήμην
857 1558 1087 1635 ἐνεργεῖ,
1158 1557 1292 1630 αῦτη
1359 1558 1623 1615 δέδεικται
1696 1560 1850 1614 οὐσία
1899 1561 1995 1614 τοῦ

341 1649 714 1724 ἐπιστήμονος
743 1648 894 1706 οῦσα.
954 1649 1096 1704 Κατά
1153 1654 1312 1704 τοῦτο
1372 1648 1474 1726 ἄρα
1521 1649 1736 1725 λέγεται
1780 1653 1848 1714 τῆ
1899 1649 1993 1703 οὐ-

343 1739 432 1812 σίᾳ
461 1739 717 1815 ἐνεργεῖν,
752 1737 840 1794 διὰ
887 1738 949 1793 τὸ
1005 1740 1104 1808 τὴν
1151 1737 1459 1811 ἐπιστήμην
1511 1737 1694 1793 οὐσίαν
1729 1741 1866 1793 εἷναι
1895 1736 1993 1793 τοῦ

338 1829 731 1903 ἐπιστήμονος.
767 1825 905 1886 Οὔτε
959 1828 1060 1902 γὰρ
1109 1828 1246 1883 κατά
1296 1826 1358 1882 τὸ
1419 1825 1631 1899 ὑψηλὸν
1683 1828 1858 1883 ἐκεῖνο
1901 1829 1993 1882 καὶ
2026 1871 2073 1934 Β

345 1920 358 1934 .
1004 1915 1958 1934 .....η...,.,ε

341 1918 646 1996 ἐπηρμένον
683 1920 946 1993 θεώρημα
999 1917 1081 1973 ὅτι
1136 1917 1211 1979 ὡς
1271 1917 1358 1973 ἐπὶ
1419 1922 1573 1987 Θεοῦ,
1607 1919 1641 1987 ἡ
1682 1917 1817 1987 αὐτή
1850 1915 1991 1972 ἐστὶν

339 2008 498 2063 οὐσία
519 2011 588 2081 τῇ
646 2005 882 2082 ἐνεργείᾳ
915 2025 927 2038 °
989 2004 1076 2060 ἐπὶ
1134 2006 1237 2080 γὰρ
1295 2010 1404 2062 τῶν
1468 2009 1686 2082 ψυχῶν,
1749 2005 1839 2060 καὶ
1884 2009 1993 2060 τῶν

336 2095 519 2153 ἀύλων
551 2095 774 2164 οὐσιῶν,
830 2095 1010 2171 χωρὶς
1057 2101 1157 2156 τῖς
1210 2096 1437 2170 πρώτης
1482 2095 1678 2162 αἷτιας,
1724 2094 1814 2149 καὶ
1843 2092 1998 2148 οὐσία

335 2185 444 2242 ἐστὶ
477 2185 566 2241 καὶ
600 2181 835 2257 δύααμις
878 2183 970 2239 καὶ
1029 2182 1294 2259 ἐνέργεια.
1352 2187 1435 2258 Τῇ
1489 2185 1580 2239 οὖν
1633 2183 1791 2254 οὐσίᾳ
1831 2180 1994 2258 λὲγε-

333 2277 420 2330 ut
453 2273 706 2350 ἐνεργεῖν,
742 2270 831 2328 διὰ
859 2273 920 2327 τὸ
964 2273 1062 2342 τήν
1116 2272 1426 2346 ἐπιστήμην
1481 2272 1648 2328 οἱονεὶ
1681 2271 1863 2327 οὐσίαν
1899 2269 1995 2326 λέο

339 2376 523 2440 γεσθαι
572 2367 676 2430 τῆς
720 2369 928 2437 ψυχῆς.
981 2363 1076 2418 Ἐκ
1117 2366 1216 2417 τοῦ
1260 2362 1569 2436 κρείττονος
1618 2363 1709 2417 οὗν
1741 2360 1996 2435 ὠνόμασε

331 2454 421 2508 τὸν
443 2457 567 2508 νοῦν
649 2448 872 2520 Ἐπειδὴ
906 2451 1008 2527 γὰρ
1061 2455 1129 2524 τῇ
1179 2450 1424 2526 ἐνεργείᾳ
1481 2451 1691 2526 ἐνεργεῖ
1755 2452 1783 2505 ὁ
1841 2453 1991 2512 νοῦς.

334 2543 423 2598 καὶ
479 2539 553 2596 ὢν
613 2541 858 2617 ἐνεργεια
916 2539 1119 2615 ἐνεργεῖ
1151 2559 1162 2570 ⁸
1216 2545 1467 2615 κρεῖττον
1531 2537 1588 2594 δὲ
1637 2539 1690 2595 ἐν
1741 2544 1902 2594 πᾶσιν
1957 2541 1992 2608 ἡ

337 2630 576 2708 ἐνέργεια
603 2630 693 2685 καὶ
725 2632 760 2699 ἡ
795 2629 956 2684 οὐσία
979 2650 991 2664 ·
1027 2626 1116 2684 διὰ
1169 2633 1331 2684 τοῦτο
1384 2627 1557 2694 θέλων
1607 2627 1780 2684 εἷπεῖν
1812 2627 1895 2683 ὅτι
1926 2631 1994 2694 τῆ

342 2721 582 2796 ἐνεργείᾳ
637 2725 863 2794 ῖνεργεῖ,
923 2719 1037 2773 εἶπε
1093 2723 1160 2792 τῇ
1221 2719 1400 2790 οὐσίᾳ,
1462 2719 1535 2781 ὡς
1591 2718 1698 2773 ἀπὸ
1749 2716 1994 2794 κρείττο-

339 2831 453 2880 νος,
506 2809 687 2883 ὥσπερ
737 2808 842 2863 ἀπὸ
897 2828 1087 2883 γενους
1129 2807 1462 2881 τιμιωτέρου
1514 2808 1576 2862 τὸ
1634 2813 1740 2862 πᾶν
1790 2804 1993 2877 δηλού-

345 2917 548 2972 μενοςο
605 2898 678 2959 ὡς
732 2899 957 2971 Τεῦκρε,
1018 2895 1153 2973 φίλη
1223 2894 1459 2971 κεφαλή.
1520 2896 1622 2952 Καὶ
1688 2900 1850 2951 τοῦτο
1904 2895 1994 2950 οὖν

345 2986 624 3061 ἁρμόττει,
670 2991 748 3058 τῷ
797 2985 1043 3062 ἐνεργείᾳ
1088 2989 1167 3056 νῷ
1219 2989 1314 3040 τοῦ
1356 2984 1667 3061 ἀνθρώπου.
1721 2986 1998 3060 Ἐνέργεια

339 3076 440 3152 γὰρ
474 3074 570 3143 ὣν,
612 3080 768 3129 νοεῖ·
827 3074 854 3130 ὀ
902 3073 959 3130 δέ
1009 3075 1254 3151 θύραθεν,
1304 3075 1520 3130 αὐτόθεν
1572 3073 1815 3150 ἐνέργειά
1859 3073 1993 3146 ἐστι,

337 3165 428 3220 καὶ
455 3163 516 3218 τὸ
541 3162 722 3239 τρίτον
771 3161 828 3219 δὲ
869 3158 1095 3239 ἁρμόζει
1148 3162 1318 3236 αὐτῷ,
1369 3161 1451 3218 ὅτι
1502 3164 1530 3218 ὁ
1569 3167 1692 3226 νοῦς
1726 3163 1806 3218 ἀεὶ
1853 3168 1988 3231 νοεῖ,

336 3255 448 3329 οὐχ
472 3253 547 3316 ὡς
577 3236 612 3308 ⁷ί)
640 3236 923 3316 Ηλωτῖνος
946 3236 1142 3325 -ο¹ίεται,
1193 3254 1276 3308 ὅτι
1329 3253 1408 3308 ἀεὶ
1459 3249 1751 3316 διαπαντὸς
1781 3253 1808 3306 ὁ
1844 3251 2005 3317 αὐτὸς
2033 3236 2076 3304 C

332 3347 469 3398 νοεῖ.
505 3343 585 3400 Οὐ
615 3343 719 3418 γὰρ
759 3343 852 3398 τὸν
906 3339 998 3397 ἕνα
1055 3345 1164 3398 τῶν
1223 3343 1470 3419 ἀριθμῶν
1521 3346 1643 3396 νοῦν
1695 3341 1996 3417 λεγόμενον

334 3430 420 3486 ἀεὶ
451 3435 564 3484 νοεῖ
595 3449 608 3462 ·
644 3429 772 3487 ἀλλ’
814 3427 898 3486 ὅτι
940 3431 968 3486 ὁ
1011 3428 1064 3486 ἐν
1122 3428 1240 3504 ὅλῳ
1288 3435 1366 3502 τῷ
1412 3429 1607 3504 κόσμῳ
1656 3430 2001 3505 ἀνθρωπικὸς

337 3524 464 3584 νοῦς
489 3519 569 3575 ἀεὶ
599 3525 734 3576 νοεῖ.
784 3519 888 3575 Κᾶν
941 3522 1042 3597 γὰρ
1088 3519 1194 3597 ἐγὼ
1243 3521 1317 3593 μὴ
1351 3525 1486 3588 νοῶ,
1536 3517 1662 3575 ἀλλ’
1702 3520 1792 3575 οῦν
1827 3516 1999 3583 ἄλλος

335 3614 453 3664 νοεῖ
483 3609 573 3666 καὶ
602 3613 671 3684 τῇ
704 3607 942 3685 διαδοχῇ
991 3609 1193 3685 γίνεται
1235 3610 1298 3664 τὸ
1355 3608 1437 3665 ἀεί
1472 3627 1484 3640 ·
1514 3606 1606 3664 ’ίνα
1631 3610 1705 3682 μὴ
1740 3608 1997 3685 ἐπιλείψῃ

337 3701 374 3768 ἡ
408 3696 686 3772 ἕλλαμψις
717 3698 853 3774 πρὸς
880 3701 1031 3770 ἡμᾶς
1077 3701 1113 3767 ἡ
1165 3702 1263 3753 τοῦ
1308 3703 1463 3767 Θεοῦ,
1494 3695 1530 3768 ἤ
1564 3698 1642 3754 ἀεὶ
1672 3704 1814 3753 νοεῖν
1849 3697 2000 3774 λέγει

333 3809 448 3855 ται,
507 3785 697 3857 ἐπειδὴ
759 3787 840 3842 ἀεὶ
901 3784 1123 3842 δύναται
1197 3793 1362 3844 νοεῖν.
1424 3788 1486 3844 Ὁ
1545 3788 1647 3862 γὰρ
1707 3786 1850 3862 ἔχων
1909 3788 2001 3842 τὸν

332 3881 480 3949 νοῦν,
539 3875 592 3932 ἐν
653 3874 952 3948 οἱᾳδήποτε
1017 3875 1134 3953 ὥρᾳ
1191 3875 1472 3953 βούλεται,
1527 3883 1660 3945 νοεῖ,
1708 3875 1890 3952 ὥσπερ
1919 3880 1998 3948 τῷ

331 3965 660 4040 ἀνθρωπίνῳ
702 3970 781 4038 νῷ
843 3970 1003 4021 τοῦτο
1065 3965 1321 4042 ὑπάρχει.
1373 3967 1434 4023 Ὁ
1471 3967 1572 4041 γὰρ
1615 3965 1836 4040 θύραθεν
1876 3969 2000 4027 νοῦς

337 4056 366 4110 6
400 4057 473 4118 είς
503 4057 641 4110 κατᾶ
693 4055 952 4131 ἀριθμὸν,
999 4055 1174 4110 πάντα
1220 4059 1354 4111 νοεῖ.
1410 4053 1591 4110 Ἀλλὰ
1620 4059 1785 4110 ταῦτα
1816 4055 1913 4128 μὶν
1949 4052 2002 4109 ἐν

334 4143 578 4206 τούτοις.
611 4146 734 4202 Ὀτι
781 4144 834 4199 ἐν
886 4148 967 4217 τῷ
1015 4143 1090 4199 ἐνὶ
1143 4145 1237 4218 μὲν
1287 4144 1580 4220 ἀνθρώπῳ,
1632 4143 1785 4223 φύσει
1816 4144 1878 4199 τὸ
1916 4143 2002 4199 δυ-

336 4234 500 4306 νάμει
523 4232 634 4288 ἐστὶ
663 4231 928 4308 πρότερον
972 4236 1073 4287 τοῦ
1118 4231 1357 4308 ἐνεργείᾳ
1391 4253 1403 4265 ·
1456 4233 1558 4287 οὐκ
1591 4231 1642 4287 ἐν
1688 4237 1768 4305 τῷ
1796 4231 1913 4304 ὅλῳ
1946 4229 2004 4286 δέ

335 4321 533 4395 κόσμῳ
567 4343 576 4353 ·
614 4321 664 4378 ἐν
693 4327 794 4398 γᾶρ
853 4325 932 4394 τῷ
988 4320 1106 4394 ὅλῳ
1153 4321 1366 4394 κόσμῳ,
1419 4321 1546 4398 φασί
1587 4342 1754 4390 τινες,
1787 4321 1849 4376 οὐ
1881 4318 2002 4376 δεύ-

335 4433 494 4488 τερον
525 4416 622 4467 τοῦ
660 4411 836 4469 ἄλλοι)
887 4407 1012 4466 οὐδὶ
1059 4409 1322 4485 πρότερον
1374 4407 1497 4465 οὐτε
1545 4410 1609 4465 τὸ
1648 4407 1869 4482 δυνάμει
1908 4414 2004 4465 τοῦ

337 4499 582 4578 ἐνεργείᾳ
617 4521 630 4534 ο
662 4497 786 4556 οὔτε
843 4501 905 4556 τὸ
961 4497 1219 4576 ἐνεργείᾳ,
1279 4502 1378 4554 τοῦ
1426 4498 1670 4572 δυνάμει.
1725 4498 1788 4555 Εἰ
1818 4500 1884 4574 γὰ
1920 4498 2003 4553 ἀί-

2106 585 2197 636 est
2222 582 2478 637 materiae
2539 599 2675 638 cum
2739 582 3015 654 patiente.
3079 582 3324 648 Quando
3396 582 3578 655 igitur
3605 598 3774 641 mens

2107 687 2222 725 non
2273 677 2367 726 est
2417 673 2686 744 ejusdem
2747 671 3008 727 materiae
3038 687 3173 727 cum
3230 671 3576 742 materiatis,
3621 672 3770 729 nihil

2108 776 2346 816 necesse
2376 766 2485 827 est,
2521 767 2584 817 ut
2642 760 2902 833 patiatur
2930 778 2964 816 a
3011 760 3360 830 materiatis,
3394 777 3530 817 cum
3573 778 3642 818 ea
3668 778 3768 819 cc-

2106 849 2338 920 gnoscit
2364 865 2376 906 :
2411 850 2532 922 agit
2562 851 2721 905 enim
2755 849 2948 921 opifex
2977 849 3132 905 Deus
3164 865 3297 905 cum
3325 850 3496 907 nobis
3526 851 3768 909 benefa-

2106 937 2204 1005 cit,
2240 939 2385 993 nihil
2439 944 2637 995 tamen
2688 957 2722 994 a
2784 939 2955 994 nobis
3007 938 3263 994 vicissim
3304 939 3546 1011 patitur.
3578 940 3769 1005 Quare

2107 1027 2206 1082 illa
2235 1032 2462 1083 tantum
2512 1030 2750 1101 agentia
2800 1027 3050 1082 invicem
3101 1027 3427 1098 patiuntur,
3467 1044 3596 1100 quae
3627 1035 3770 1086 sunt

2106 1118 2370 1186 ejusdem
2433 1120 2692 1174 materiae
2740 1134 2874 1173 cum
2936 1116 3313 1188 patientibus.
3369 1117 3549 1174 Menti
3589 1118 3769 1175 etiam

2108 1206 2411 1276 proprium
2461 1211 2550 1262 est
2600 1212 2667 1262 ut
2717 1205 3056 1262 substantia
3108 1210 3282 1278 agat:
3343 1207 3538 1263 sciens
3587 1207 3770 1280 enim,

2109 1310 2296 1365 neque
2327 1295 2574 1351 scientia
2604 1299 2837 1350 tantum
2871 1300 2985 1362 est,
3019 1311 3210 1366 neque
3241 1296 3462 1364 anima,
3489 1297 3591 1352 sed
3619 1300 3769 1353 tem-

2109 1389 2515 1454 peramentum
2547 1401 2616 1440 ex
2655 1390 2907 1456 utroque
2933 1404 2947 1453 ;
2974 1401 3042 1440 ex
3072 1385 3274 1440 anima
3302 1385 3462 1440 enim
3497 1389 3554 1441 et
3576 1385 3772 1443 scien-

2106 1472 2185 1526 tia
2217 1470 2492 1528 coalescit
2515 1493 2528 1540 ;
2564 1476 2619 1528 et
2644 1473 2960 1544 respondet
2990 1473 3252 1528 materiae
3274 1473 3515 1545 quidem
3541 1473 3768 1544 anima,

2105 1561 2304 1616 formae
2336 1577 2468 1616 vero
2502 1561 2771 1617 scientia.
2804 1562 2873 1617 Et
2903 1561 3182 1632 quoniam
3213 1563 3272 1616 in
3307 1561 3468 1618 omni
3501 1579 3562 1618 re
3584 1563 3772 1621 forma

2106 1652 2296 1722 magis
2326 1656 2418 1706 est
2448 1650 2802 1717 substantia,
2859 1667 3039 1722 quam
3099 1651 3384 1720 materia;
3435 1650 3487 1708 si
3527 1652 3764 1724 quidem

2106 1740 2293 1794 forma
2352 1739 2541 1811 magis
2599 1743 2689 1796 est
2745 1739 3101 1810 substantia,
3155 1755 3329 1810 quam
3383 1739 3666 1798 materia:
3708 1745 3770 1798 et

2106 1845 2302 1884 rerum
2334 1829 2600 1884 omnium
2629 1829 2986 1902 principium
3018 1833 3200 1884 Deum
3233 1829 3416 1885 Graeci
3448 1830 3770 1902 praedicant

2105 1921 2163 1974 et
2194 1919 2528 1988 materiam,
2545 1920 2727 1975 Deum
2751 1923 3034 1990 tanquam
3061 1919 3311 1974 formam
3337 1923 3724 1990 agnoscentes
3750 1937 3766 1978 :

2106 2007 2292 2062 Deum
2346 2025 2485 2080 ergo
2545 2007 2735 2080 magis
2791 2024 2922 2064 esse
2997 2007 3395 2064 substantiam
3455 2025 3633 2082 quam
3689 2009 3770 2066 sit

2107 2096 2379 2169 materia,
2413 2097 2620 2154 dicunt
2649 2103 2708 2154 et
2757 2098 2920 2169 ipsas
2969 2097 3337 2154 substantias
3396 2097 3583 2154 Deum
3615 2114 3770 2169 esse,

2107 2185 2158 2242 si
2189 2186 2426 2259 quidem
2460 2186 2625 2243 nulla
2657 2187 2907 2243 materia
2938 2187 3000 2242 in
3061 2187 3238 2243 rebus
3268 2191 3360 2242 est
3389 2185 3516 2243 sine
3559 2187 3768 2245 forma.

2107 2275 2271 2339 Quod
2303 2276 2521 2347 dogma
2551 2279 2616 2331 ut
2645 2275 2897 2347 impium
2930 2276 3331 2346 respuendum
3361 2279 3469 2332 est.
3503 2275 3774 2333 Essentia

2104 2364 2286 2437 igitur
2317 2364 2560 2421 scientis
2589 2369 2680 2422 est
2704 2365 2972 2421 scientia.
3007 2365 3075 2420 Et
3133 2364 3183 2421 si
3214 2364 3408 2422 sciens
3439 2366 3767 2422 secundum

2107 2453 2409 2510 scientiam
2440 2459 2738 2526 Operatur,
2773 2461 3074 2510 ostensum
3095 2457 3187 2509 est
3215 2468 3343 2509 eam
3375 2455 3617 2510 scientia
3636 2470 3768 2512 esse

2106 2541 2446 2598 essentiam.
2481 2542 2700 2603 Idcirco
2732 2541 2916 2614 igitur
2962 2542 3222 2598 essentia
3265 2542 3494 2614 operari
3524 2541 3763 2612 dicitur,

2106 2631 2248 2703 quia
2278 2630 2522 2686 scientia
2569 2630 2831 2686 essentia
2879 2635 2968 2687 est
3017 2630 3298 2700 scientia;
3331 2647 3448 2687 non
3487 2631 3647 2687 enim
3676 2648 3767 2688 sco

2107 2721 2361 2776 cundum
2397 2736 2672 2792 magnam
2705 2723 2762 2775 et
2778 2719 3064 2776 excelsam
3088 2720 3253 2776 illam
3277 2720 3763 2794 propositionem,

2106 2814 2391 2880 tanquam
2415 2808 2475 2864 in
2508 2809 2648 2877 Deo,
2678 2809 2872 2880 ipsam
2919 2811 3316 2866 substantiam
3345 2815 3478 2868 actu
3511 2826 3676 2868 esse:
3702 2811 3764 2868 in

2108 2897 2325 2954 animis
2381 2898 2537 2953 enim
2593 2903 2651 2953 et
2709 2898 2953 2954 secretis
3013 2916 3047 2954 a
3093 2899 3346 2955 materia
3389 2898 3776 2969 substantiis,

2108 2991 2317 3058 praeter
2364 2986 2616 3058 primam
2668 2991 2997 3056 causam,et
3041 2988 3302 3044 essentia
3352 2991 3468 3059 est,
3497 2992 3555 3045 et
3605 2992 3769 3061 pote-

2109 3079 2252 3143 stas,
2286 3079 2343 3130 et
2395 3075 2564 3130 actio.
2623 3074 2893 3132 Essentia
2942 3093 3081 3149 ergo
3126 3092 3297 3148 agere
3356 3077 3593 3146 dicitur,
3627 3077 3768 3150 quia

2108 3164 2376 3232 scientia,
2408 3165 2577 3236 quasi
2610 3164 2869 3220 essentia
2916 3165 3137 3220 dicitur
3180 3166 3413 3221 animas.
3464 3167 3511 3222 A
3541 3166 3768 3239 potiore

2111 3253 2294 3325 igitur
2322 3257 2486 3325 parte
2530 3258 2785 3309 mentem
2837 3253 3195 3326 appellavit:
3244 3255 3383 3327 quia
3439 3254 3598 3311 enim
3630 3259 3765 3312 actu

2111 3343 2232 3399 sive
2261 3342 2521 3398 efﬁcacia
2575 3348 2852 3414 operatur
2911 3359 3101 3411 mens,
3132 3347 3192 3399 et
3247 3360 3383 3399 cum
3445 3343 3525 3400 sit
3571 3347 3763 3417 actus,

2110 3436 2407 3505 cperatur,
2440 3437 2677 3505 praestat
2705 3437 2903 3490 autem
2934 3433 2995 3488 in
3040 3433 3320 3490 omnibus
3350 3433 3500 3490 actio
3534 3438 3593 3490 et
3620 3434 3764 3492 sub-

2110 3523 2364 3590 stantia;
2399 3539 2529 3578 eam
2562 3523 2636 3578 ob
2667 3539 2813 3590 rem,
2854 3538 2988 3579 cum
3039 3523 3372 3595 signiﬁcem
3400 3522 3596 3592 vellet,
3627 3527 3762 3580 actu

2109 3615 2366 3668 mentem
2399 3627 2590 3684 agere,
2615 3611 2763 3668 dixit
2793 3612 3072 3683 essentia,
3106 3629 3140 3668 a
3173 3612 3384 3685 potiori
3414 3618 3699 3686 tanquam
3729 3631 3765 3670 ο.

2109 3717 2320 3774 genere
2370 3701 2773 3773 praestantiore
2819 3706 3009 3758 totum
3059 3701 3403 3775 designans,
3445 3707 3511 3759 ut
3568 3705 3764 3760 Teucer
3826 3776 3832 3782 _

2107 3789 2337 3845 charum
2366 3794 2555 3863 caput.
2589 3790 2708 3846 Hoc
2746 3790 2928 3862 igitur
2954 3790 3224 3847 convenit
3255 3791 3435 3846 menti
3462 3790 3762 3860 humanm,

2111 3896 2238 3951 qua
2269 3883 2436 3935 actus
2467 3883 2574 3934 est.
2621 3879 2767 3934 Cum
2817 3879 2974 3935 enim
3007 3885 3174 3936 actus
3206 3879 3304 3950 sit,
3354 3879 3670 3953 intelligit;
3705 3885 3766 3937 at

2111 3984 2238 4040 quae
2272 3967 2433 4036 foris,
2467 3967 2600 4023 inde
2631 3973 2796 4024 actus
2828 3973 2937 4033 est,
2969 3973 3026 4024 et
3055 3968 3295 4024 tertium
3328 3969 3442 4040 ipsi
3474 3971 3768 4040 convenit,

2111 4056 2252 4129 quia
2281 4073 2449 4112 mens
2481 4073 2715 4129 semper
2744 4057 3047 4130 intelligit,
3083 4074 3198 4114 non
3231 4061 3296 4113 ut
3329 4057 3592 4115 Plotinus
3621 4059 3774 4115 arbi-

2108 4150 2319 4212 tratur,
2355 4147 2493 4217 quia
2523 4162 2778 4217 semper,
2811 4146 2872 4201 in
2918 4147 3219 4215 omnibus,
3250 4145 3612 4204 omnimodis
3642 4147 3772 4220 ipsa

2114 4235 2409 4306 intelligit.
2442 4235 2569 4291 Non
2601 4237 2759 4292 enim
2791 4253 2977 4291 unum
3011 4252 3416 4305 numerorum,
3471 4237 3574 4308 qui
3604 4253 3773 4294 mens

2112 4323 2353 4393 dicitur,
2379 4340 2614 4395 semper
2643 4324 2857 4396 cogitat
2884 4342 2896 4380 :
2930 4325 3032 4380 sed
3064 4325 3204 4396 quia
3234 4324 3515 4395 humana,
3549 4343 3676 4398 quae
3711 4326 3773 4383 in

2113 4413 2388 4469 universo
2420 4413 2642 4469 mundo
2674 4419 2766 4470 est
2813 4429 3004 4483 mens,
3049 4430 3280 4487 semper
3319 4414 3614 4486 intelligit.
3647 4414 3776 4471 Etsi

2114 4503 2272 4559 enim
2307 4518 2408 4573 ego
2440 4519 2555 4558 non
2604 4503 2816 4574 cogito,
2849 4501 3002 4558 alius
3052 4507 3250 4559 tamen
3282 4503 3521 4576 cogitat,
3553 4506 3611 4559 et
3640 4519 3775 4560 suo-

341 4588 457 4652 διος
511 4591 539 4644 6
593 4590 799 4663 κόσμος
845 4589 982 4644 κατᾶ
1025 4590 1120 4644 τὸν
1167 4587 1574 4662 Ἀριστοτέλην,
1630 4584 1784 4642 οὐδὲν
1823 4585 1998 4664 ἕτερον

2115 4592 2379 4649 sessione
2411 4608 2476 4646 ac
2497 4591 2728 4648 vicibus
2751 4593 2817 4646 ﬁt
2837 4590 3112 4664 cogitatio
3134 4591 3528 4649 intellectione
3557 4593 3774 4664 sempi-

343 4679 572 4752 θατέρου
621 4679 912 4755 πρότερον,
973 4676 1099 4734 ἀλλ’
1154 4677 1444 4754 ὁμόχρονά
1499 4678 1663 4733 ἐστιν.
1721 4679 1850 4735 Ὂτε
1907 4680 2001 4751 μὲν

340 4789 428 4822 τοι
459 4772 712 4844 χωρισθῇ
744 4769 772 4824 6
829 4772 956 4830 νοῦς
1011 4789 1100 4824 και
1149 4766 1370 4844 γένηται
1401 4766 1520 4822 κατ’
1550 4764 1841 4842 ἐνέργειαν,
1884 4767 2007 4822 τότε

338 4858 546 4934 γίνεται
590 4859 721 4933 ὅπερ
773 4858 908 4927 ἐστὶ,
959 4859 1206 4913 τούτέστι
1248 4855 1451 4930 κυρίως
1504 4861 1655 4919 νοῦς.
1688 4856 1787 4913 Καὶ
1843 4862 2004 4913 τοῦτο

347 4949 534 5022 μόνον,
569 4945 828 5002 ἀδύνατον
880 4949 955 5020 (8)
1005 4946 1095 5000 καὶ
1156 4943 1352 5002 ἀΐδιον.
1399 4949 1460 5003 Ἡ
1513 4944 1570 5001 δὲ
1617 4943 1820 5023 ἄλογος
1851 4948 2004 5022 ψυχή

342 5037 434 5092 καὶ
466 5039 500 5106 ἡ
532 5038 728 5115 φυτικὴ
770 5035 1030 5100 ἀθάνατος
1081 5035 1198 5107 μὲν,
1243 5034 1342 5090 οὐκ
1392 5033 1570 5097 ἀίδιος
1607 5033 1683 5091 δέ.
1719 5035 2007 5097 Ἀθάνατος

349 5123 392 5179 δ’
425 5125 486 5179 ἃν
521 5124 734 5201 λέγεται
767 5123 864 5179 κᾶν
925 5125 1136 5203 φθαρτή
1186 5124 1275 5178 καὶ
1324 5124 1423 5178 οὐκ
1490 5122 1665 5189 ἀίδιος
1709 5123 2007 5195 δοξάζεται,

350 5211 539 5284 ἐπειδὴ
574 5215 634 5269 οὐ
667 5214 801 5270 καθὸ
829 5216 983 5288 ψυχὴ
1034 5213 1329 5291 φθείρεται,
1364 5212 1505 5269 ἀλλᾶ
1545 5215 1678 5278 καθὸ
1712 5215 1763 5270 ἐν
1797 5214 2011 5287 σώματι

348 5300 486 5360 ἔστι.
521 5305 614 5358 Διὸ
659 5304 749 5358 καὶ
791 5302 1019 5358 Πλάτων
1076 5301 1245 5376 λέγει,
1298 5306 1466 5357 πᾶσαν
1508 5307 1691 5378 ψυχὴν
1725 5304 2009 5372 ἀθάνατον,

343 5396 508 5448 τοῦτο
569 5391 743 5469 λέγων
793 5394 884 5447 καὶ
931 5392 1016 5447 ἐπὶ
1060 5398 1291 5460 φυτικῆς
1332 5390 1421 5446 καὶ
1471 5391 1558 5446 ἐπὶ
1605 5391 1830 5468 ἀλόγου.
1862 5399 1924 5448 Ἡ
1957 5389 2013 5447 δὲ

345 5480 455 5553 ὕλη
487 5481 552 5537 τὸ
582 5481 868 5550 ἀνάπαλιν,
926 5478 1107 5544 ἀλιδιος
1167 5480 1286 5553 μὲν,
1347 5480 1445 5534 οὐκ
1492 5481 1748 5545 ἀθάνατος
1796 5480 1890 5535 δὲ’
1929 5479 2013 5538 διὸ

418 5681 530 5756 (8')
559 5681 708 5755 Lego
738 5679 1002 5735 ἀθάνατον
1014 5720 1026 5734 .

681 5810 942 5871 Ρηειοι..
991 5809 1104 5870 Gn.
1151 5803 1384 5868 CXXII.

2114 4685 2302 4749 terna,
2337 4697 2408 4736 ne
2444 4681 2540 4736 Dei
2565 4682 2720 4753 apud
2753 4697 2862 4738 nos
2891 4680 3173 4752 splendor
3203 4681 3460 4753 deﬁciat,
3492 4681 3595 4753 qui
3627 4698 3779 4738 sem-

2113 4787 2216 4844 per
2245 4769 2573 4842 intelligere
2605 4769 2843 4841 dicitur,
2877 4769 3018 4842 quia
3048 4785 3285 4842 semper
3313 4769 3643 4844 intelligere
3667 4787 3771 4843 po-

2113 4863 2266 4916 test:
2301 4859 2404 4931 qui
2435 4860 2594 4915 enim
2639 4866 2832 4916 mente
2863 4875 2966 4916 seu
3000 4857 3301 4916 intellectu
3353 4859 3633 4932 praeditus
3663 4864 3774 4930 est,

2115 4949 2376 5021 qualibet
2401 4949 2546 5005 hora
2578 4949 2875 5021 intelligit.
2909 4949 3028 5005 Hoc
3059 4948 3260 5020 itaque
3287 4949 3562 5005 humanae
3594 4950 3782 5006 menti

2119 5039 2311 5094 inest:
2347 5053 2515 5094 mens
2547 5038 2706 5094 enim
2742 5055 2869 5110 quae
2918 5037 3082 5109 foris,
3132 5053 3381 5093 numero
3413 5055 3544 5109 una.
3569 5043 3627 5094 et
3655 5038 3782 5095 sin-

2120 5125 2342 5198 gularis
2376 5127 2574 5181 omnia
2607 5125 2904 5199 intelligit.
2944 5126 3056 5184 Sed
3114 5126 3186 5181 de
3231 5125 3324 5182 bis
3373 5125 3684 5185 hactenus.
3717 5132 3781 5184 In

2123 5232 2239 5270 uno
2272 5215 2531 5286 homine,
2565 5220 2852 5288 potestate
2909 5221 3141 5282 natura,
3176 5215 3341 5288 prius
3388 5221 3478 5271 est
3534 5221 3693 5283 actu,
3726 5221 3789 5272 at

2125 5322 2241 5360 non
2278 5305 2335 5359 in
2371 5309 2488 5360 toto
2515 5307 2773 5361 mundo:
2801 5321 2934 5360 nam
2966 5306 3025 5361 in
3052 5309 3172 5362 toto
3199 5305 3518 5371 mundo,ut
3539 5306 3784 5378 quidam

2126 5394 2314 5461 aiunt,
2349 5411 2464 5450 non
2495 5399 2585 5450 est
2612 5395 2909 5466 posterius
2967 5394 3081 5450 alio
3112 5409 3304 5466 neque
3357 5394 3562 5466 prius;
3597 5411 3788 5467 neque

2126 5483 2279 5554 quod
2333 5489 2424 5538 est
2478 5488 2784 5555 potestate,
2829 5499 2896 5540 eo
2957 5484 3110 5555 quod
3167 5487 3338 5552 actu;
3395 5501 3585 5558 neque
3633 5485 3788 5555 quod

3386 5808 3468 5867 34
