4124 6394
348 366 506 434 1067

1696 353 2113 420 ΜΙΟΗΑΕῙᾸῧ
2160 351 2427 414 PBELLI

3615 345 3772 406 i088

348 507 504 572 actu,
537 515 606 558 eo
649 499 804 572 quod
862 500 952 553 est
1004 498 1316 570 potestate.
1357 493 1417 550 Si
1476 493 1660 562 enim,
1691 495 1758 548 ut
1813 489 2002 547 sensit

2126 486 2142 541 Β
2189 487 2317 546 νοῦς
2352 480 2528 572 ἀίδιος
2575 479 2811 556 λέγεται,
2857 481 2934 543 ὡς
2977 480 3070 536 καὶ
3119 476 3297 543 ἀΐδιος
3338 479 3430 534 καὶ
3473 478 3770 572 ἀθάνατος.

352 590 716 653 Aristoteles,
751 587 1012 643 mundus
1060 591 1149 641 est
1195 588 1470 653 aeternus,
1522 581 1722 638 nullus
1771 586 1860 636 est
1889 579 2002 635 alio

352 682 539 755 prius,
572 681 676 736 sed
708 677 974 749 ejusdem
995 674 1280 746 temporis
1303 678 1442 729 sunt
1471 671 1689 727 omnia.
1716 671 1858 726 Cum
1892 669 2001 742 igi-

349 775 451 827 tur
479 773 750 841 separata
782 782 947 822 mens
968 774 1020 820 et
1045 763 1370 819 secundum
1403 770 1596 816 actum
1631 759 1804 815 fuerit
1831 763 2004 814 :tuno

351 861 418 916 ﬁt
445 860 502 914 id
537 857 694 930 quod
725 860 851 922 est;
884 855 994 910 hoc
1037 857 1128 909 est
1157 851 1395 924 propria
1440 866 1648 906 mens:
1698 849 1874 919 idque
1904 863 2000 902 so-

349 950 474 1006 lum
505 953 562 1004 et
592 944 926 1002 immortale
955 947 1013 999 et
1041 948 1325 998 aeternum
1377 945 1482 996 est.
1519 942 1586 994 At
1617 938 1816 994 anima
1863 937 2002 991 bru-

351 1045 547 1095 torum
605 1040 662 1092 et
717 1034 1049 1107 plantarum
1109 1036 1388 1102 perpetua
1444 1029 1704 1101 quidem,
1738 1026 1842 1082 sed
1889 1042 2002 1081 non

353 1134 584 1184 aeterna.
623 1123 982 1181 Immortalis
1012 1138 1148 1178 vero
1178 1137 1280 1176 seu
1312 1124 1594 1192 perpetua
1625 1118 1860 1183 dicitur,
1893 1116 2001 1171 etsi

356 1215 756 1288 corruptibilis
804 1219 862 1268 et
916 1229 1059 1271 non.
1091 1215 1307 1266 aeterna
1362 1213 1656 1273 censetur,
1714 1207 1856 1278 quia
1886 1222 2000 1260 non

325 1307 330 1312 ’
356 1312 651 1380 quatenus
682 1302 881 1360 anima
909 1308 995 1357 est
1025 1299 1443 1370 corrumpitur,
1477 1297 1577 1352 sed
1603 1299 1896 1368 quatenus
1917 1300 2007 1349 est

352 1397 414 1452 in
447 1409 722 1466 corpore:
771 1407 952 1463 quare
999 1395 1056 1445 et
1102 1388 1264 1444 Plato
1313 1402 1548 1442 omnem
1602 1385 1861 1440 animam
1894 1384 2005 1437 im-

355 1484 660 1541 mortalem
692 1482 873 1537 dicit:
937 1479 1092 1552 quod
1152 1478 1222 1532 de
1276 1479 1580 1548 vegetante
1633 1479 1690 1530 et
1720 1473 2008 1528 sentiente

356 1574 516 1630 dicit.
567 1573 612 1628 E
660 1571 908 1640 diverso,
966 1568 1211 1623 materia
1252 1570 1469 1620 aeterna
1499 1567 1606 1634 est,
1659 1567 1717 1618 at
1747 1579 1862 1616 non
1895 1561 2004 1616 im-

359 1661 623 1720 mortalis
650 1676 830 1733 quare
861 1675 1029 1714 mens
1057 1661 1274 1712 aaterna
1303 1653 1540 1720 dicitur,
1575 1655 1640 1706 ut
1672 1655 1730 1706 et
1759 1651 2006 1705 immor-

354 1753 574 1811 talitas.
603 1749 696 1806 Ait
728 1752 1004 1822 praeterea
1034 1763 1065 1801 a
1100 1761 1277 1801 sensu
1296 1747 1355 1799 et
1383 1740 1771 1813 intelligentia
1796 1739 2008 1796 discre-

355 1858 494 1915 pare
525 1835 1073 1913 phantasiam,quia
1104 1834 1228 1889 hac
1258 1831 1564 1902 interjecta
1592 1833 1699 1897 est,
1735 1828 1846 1884 illm
1867 1845 2004 1884 vero

350 1930 628 2001 utrinque
659 1943 722 1983 se
753 1926 1012 1981 habent:
1048 1939 1082 1978 a
1103 1937 1283 1978 sensu
1314 1920 1470 1976 enim
1499 1918 1819 1990 phantasia:
1851 1918 2006 1989 prin-

354 2018 575 2090 cipium
608 2020 740 2071 est:
775 2014 912 2068 huic
964 2012 1124 2067 enim
1171 2026 1384 2066 sensus
1431 2007 1666 2063 initium
1716 2007 1838 2072 dat,
1871 2006 2008 2062 huic

354 2103 930 2174 verointelligentiaa.
965 2101 1112 2155 Nam
1147 2102 1274 2155 sine
1305 2097 1637 2170 phantasia,
1669 2113 1784 2152 non
1818 2101 2011 2168 potest

357 2194 696 2250 intellectus
728 2206 933 2262 agere;
967 2190 1188 2260 hocque
1210 2192 1300 2242 est
1320 2186 1804 2258 phantasie,cum
1829 2201 2008 2241 sensu

360 2289 419 2341 et
437 2283 735 2339 intellectu
755 2279 1093 2336 discrimen.
1116 2277 1422 2348 Opinionis
1446 2282 1722 2348 praeterea
1746 2285 1798 2331 et
1821 2275 2007 2348 phan-

360 2373 526 2430 tasia;
561 2368 948 2427 differentiam
984 2367 1274 2441 proponit,
1308 2366 1448 2438 quia
1477 2365 1798 2420 informare
1841 2365 2010 2420 nobis

359 2479 492 2518 cum
526 2461 668 2516 libet
695 2465 753 2516 et
783 2458 1086 2531 quodlibet
1117 2472 1452 2529 possumus.
1500 2454 1702 2510 Trium
1734 2455 1892 2510 enim
1923 2453 2011 2510 vel

356 2550 562 2622 viginti
622 2548 931 2604 cubituum
993 2545 1290 2602 hominem
1339 2545 1595 2616 cogitare
1681 2547 1738 2597 et
1795 2544 2014 2614 ﬁngere

356 2655 678 2712 possumus
697 2655 710 2704 ;
729 2643 852 2692 tum
867 2640 925 2692 et
936 2634 1349 2708 tragelaphum
1365 2639 1424 2689 et
1447 2633 2012 2704 hippocentaurum:

358 2732 417 2786 at
441 2727 667 2798 opinari
700 2742 827 2797 qua:
878 2724 1040 2789 libet,
1093 2724 1266 2795 plane
1312 2738 1429 2777 non
1480 2737 1818 2792 possumus.
1865 2719 2012 2777 Nam

2111 576 2229 631 Ἔτι
2289 572 2422 651 φησέ
2469 571 2738 652 διαφέρειν
2794 571 3083 650 φαντασίαν
3135 571 3440 639 αἰσθήσεως
3488 565 3579 622 καὶ
3648 563 3772 621 δια⁹

2112 663 2283 733 νοίας,
2332 662 2466 726 καθὸ
2532 664 2566 731 ἡ
2626 662 2720 734 μὲν
2771 659 2908 734 μίση
2961 659 3166 714 τούτων
3231 656 3367 728 ἐστὶ,
3408 656 3474 710 τὰ
3523 652 3580 710 δὲ
3645 654 3773 727 παρ’

2113 751 2338 828 ἑκάτερα
2373 767 2386 782 ·
2435 748 2663 826 ἄρχεται
2718 750 2812 822 μὲν
2871 749 2972 824 γὰρ
3025 751 3059 818 ἡ
3119 745 3384 826 φαντασία
3413 744 3518 799 ἀπὸ
3546 750 3646 813 τῆς
3680 741 3766 796 αἴ-

2113 842 2355 911 σθήσεως
2386 860 2399 872 ·
2434 840 2612 916 ἀρχὰς
2671 840 2776 914 γὰρ
2824 840 2858 908 ἠ
2909 835 3156 908 αἶ’τθησις
3208 833 3400 891 δίδωσι
3445 837 3514 907 τῇ
3575 853 3773 912 φαντα-

2112 929 2202 1001 σίᾳ
2234 948 2248 962 ·
2281 927 2456 998 ἐκείνη
2490 926 2548 983 δὲ
2574 931 2644 1002 τῇ
2704 924 2917 998 διανοίᾳ
2962 925 3138 1002 ἀρχὰς
3192 921 3434 980 δίδωσιν.
3465 924 3623 979 ’Ἄνευ
3669 919 3775 996 γὰρ

2114 1018 2405 1096 φαντασίας
2453 1015 2513 1072 οὐ
2573 1013 2794 1071 δύναται
2834 1017 2868 1084 ἡ
2909 1012 3120 1069 διάνοια
3167 1013 3474 1088 ἐνεργῆσαι.
3510 1008 3614 1067 Καὶ
3643 1007 3776 1064 ταύο

2112 1129 2179 1181 τῃ
2215 1104 2453 1183 διαφὲρει
2507 1104 2772 1184 φαντασία
2819 1104 3122 1174 αἱσθήσεως
3179 1101 3268 1157 καὶ
3327 1098 3586 1163 διανοίας.
3634 1099 3775 1172 Πρὸς

2113 1196 2328 1258 τούτοις
2359 1194 2509 1269 λέγει
2541 1191 2702 1267 δόξης
2731 1195 2822 1248 καὶ
2864 1193 3158 1271 φαντασίας
3193 1189 3456 1269 διαφοράς
3490 1208 3502 1220 °
3539 1187 3622 1243 ὅτι
3654 1209 3776 1265 φαν-

2111 1285 2370 1354 τασθῆναι
2411 1284 2506 1355 μὲν
2551 1281 2642 1337 ὅτε
2669 1282 2759 1336 καὶ
2789 1278 3023 1353 θέλομεν
3053 1277 3349 1352 δυνάμεθα.
3385 1278 3486 1334 Καὶ
3521 1278 3627 1352 γὰρ
3657 1277 3774 1347 τρί-

2113 1392 2300 1448 πηχυν
2355 1372 2446 1427 καὶ
2501 1371 2876 1445 εἰκοσάπηχύν
2928 1367 3212 1442 ἄνθρωπον
3265 1366 3644 1446 φανταζόμεθα
3685 1365 3776 1420 καὶ

2115 1459 2392 1534 δυνάμεθα
2420 1457 2829 1515 ἀναπλάσασθαι
2871 1459 2958 1512 καὶ
3006 1455 3352 1534 τραγέλαφον
3395 1455 3487 1511 καὶ
3517 1455 3774 1510 ἱπποκὲν-

2115 1570 2314 1625 ταυρον
2337 1594 2348 1605 .
2374 1547 2589 1621 δοξάσαι
2610 1545 2668 1602 δὶ
2691 1547 2724 1602 ἃ
2755 1544 3010 1620 θέλομεν,
3041 1545 3102 1601 ού
3134 1546 3351 1610 πάντως
3381 1542 3674 1617 δύναμεοα.
3698 1543 3777 1600 Τὸ

2116 1640 2220 1715 γὰρ
2254 1636 2335 1700 δὶς
2366 1635 2461 1694 δύο
2489 1637 2659 1692 εἰπεῖν
2707 1636 2800 1710 μὶν
2849 1631 2976 1690 δὲκα
3024 1633 3319 1709 δυνάμεθα,
3361 1631 3578 1707 δοξάσαι
3627 1629 3685 1687 δὶ
3713 1631 3777 1686 ού

2119 1725 2410 1800 δυνάμεθα,
2445 1727 2583 1782 ὥστε
2630 1728 2666 1795 ἡ
2720 1725 2814 1798 μὶν
2865 1725 3126 1802 φαντασία
3184 1723 3268 1799 ἐφ’
3297 1726 3458 1796 ἡμῖν,
3487 1724 3522 1792 ἡ
3558 1719 3617 1777 δὶ
3645 1719 3774 1792 δόξα

2119 1817 2218 1872 οὐκ
2246 1817 2327 1894 ἐφ’
2368 1819 2526 1890 ἡμῖν·
2587 1814 2654 1872 Ei
2705 1812 2762 1870 δὲ
2812 1813 2896 1870 δεῖ
2947 1813 3165 1884 ταληθῆ
3221 1813 3415 1880 εἰπεῖν,
3467 1809 3592 1866 οὐδὲ
3639 1831 3777 1888 φαν-

2036 1879 2550 1983 Βτασίαιὲφδίῆμῖν
2598 1904 2738 1960 ἇστιν
2774 1924 2786 1936 ·
2823 1906 2858 1974 ἡ
2909 1903 3011 1979 γὰρ
3044 1879 3095 1958 ἓν
3290 1898 3568 1966 καθεύδειν
3635 1879 3778 1975 ἦινο-

2121 1995 2278 2069 μὶνη,
2312 1994 2416 2050 οὐκ
2444 1993 2526 2072 ἐφ’
2552 1996 2710 2066 ἡμῖν.
2743 1992 2820 2050 Οὐ
2862 1993 2962 2068 γὰρ
3009 1991 3041 2047 ἃ
3095 1991 3327 2065 θελομεν
3363 1990 3415 2046 ἰν
3439 1995 3554 2052 τοῖς
3585 1987 3776 2052 ὕπνοις

2117 2083 2492 2160 φαπαζόμεθα
2545 2104 2558 2118 ο
2608 2084 2697 2137 καὶ
2747 2081 2800 2137 τί
2849 2081 2994 2158 λέγω
3048 2080 3098 2135 ἐν
3147 2086 3226 2150 τῷ
3274 2077 3598 2148 καθεύδεινς
3652 2078 3779 2134 ἀλλ’

2118 2169 2241 2227 οὔτε
2270 2177 2414 2227 πᾶσα
2462 2171 2514 2228 ἐν
2537 2175 2618 2244 τῷ
2665 2171 3038 2247 ἓγρηγορὲναι.
3101 2171 3229 2227 ’Ότε
3265 2170 3370 2244 γὰρ
3413 2169 3480 2224 τὰ
3528 2164 3657 2224 ὄντα
3703 2167 3778 2230 ὡς

2119 2257 2246 2316 ὅντα
2286 2261 2685 2339 φανταζόμεθα,
2743 2262 2806 2315 οὐ
2869 2257 3160 2333 δυνάμεθα,
3221 2258 3270 2313 εἷ’
3331 2260 3406 2332 μὴ
3461 2258 3537 2322 ὡς
3565 2254 3778 2334 ἔχουσι,

2119 2351 2473 2428 φαντάζεσθαι
2532 2350 2685 2404 αὐτά.
2749 2351 2881 2406 Οἷον
2956 2348 3018 2402 τὸ
3101 2347 3398 2424 Σωκράτην
3455 2343 3511 2401 εἷ’
3561 2350 3781 2421 προθῶ-

2125 2460 2218 2511 μαι
2250 2442 2328 2512 (9)
2371 2438 2749 2515 φαντάζεσθαι,
2809 2435 2871 2492 οὒ
2929 2435 3205 2510 δυνάμεθα
3262 2436 3422 2492 αὐτὸν
3472 2442 3778 2514 φαντασθῆ-

2120 2549 2206 2582 ναι
2237 2529 2448 2583 ἆστεῖον
2479 2529 2569 2582 καὶ
2623 2526 2814 2581 λευκὸν
2882 2527 2971 2580 καὶ
3025 2529 3308 2599 κομῶντα,
3363 2523 3510 2581 ἀλλὰ
3564 2526 3782 2586 πάντως

2123 2614 2401 2694 φαλακρὸν
2451 2616 2540 2670 καὶ
2585 2614 2791 2689 μέλανα
2839 2615 2928 2669 καὶ
2973 2615 3341 2691 προγάστορα,
3375 2612 3516 2670 ὥστε
3555 2616 3590 2683 ἡ
3632 2613 3781 2689 ἀκρι-

2123 2700 2228 2774 ϐἠς
2261 2702 2494 2779 διαφορὰ
2524 2703 2660 2775 αὕτη
2683 2702 2848 2758 ἐστίν.

357 2816 451 2873 bis
484 2815 622 2884 duo,
653 2815 853 2870 decem
885 2813 1076 2868 dicere
1108 2827 1429 2883 possumus
1456 2827 1468 2866 :
1503 2810 1842 2866 existimare
1873 2815 2066 2867 autem
2101 2829 2217 2869 non
2252 2829 2592 2885 possumus,
2625 2817 2688 2868 ut
2736 2813 2794 2868 in
2827 2817 3029 2868 nostra
3076 2815 3363 2884 potestate
3409 2812 3486 2868 sit
3517 2811 3778 2882 phanta-

360 2907 471 2972 sia,
506 2920 619 2959 non
652 2903 787 2958 item
821 2901 1157 2973 Opinio.Sed
1191 2900 1241 2955 si
1271 2916 1476 2956 verum
1497 2915 1789 2966 amamus,
1815 2916 2005 2972 neque
2027 2905 2212 2958 nostri
2242 2908 2333 2959 est
2353 2901 2578 2959 arbitrii
2604 2901 2954 2976 phantasia:
2989 2918 3126 2958 nam
3151 2918 3280 2974 qua:
3302 2902 3472 2957 nobis
3495 2902 3785 2957 eveniunt

362 2993 815 3056 dormientibus,
850 3007 965 3046 non
1017 2995 1106 3046 est
1136 2994 1348 3045 nostra;
1396 2989 1664 3061 spontis;
1702 3005 1814 3045 non
1866 2991 2021 3046 enim
2053 3001 2176 3063 qua:
2231 2993 2507 3049 volumus
2537 3009 2606 3048 ea
2650 2992 2710 3047 in
2745 2991 2973 3048 somnis
3027 2992 3458 3064 imaginamur:
3492 2991 3634 3062 quid
3667 3007 3776 3046 au-

361 3087 481 3140 tem
513 3083 571 3138 in
605 3080 880 3138 somnis?
905 3081 1008 3136 sed
1037 3095 1222 3150 neque
1251 3078 1635 3151 vigilantibus
1686 3079 1878 3149 nobis,
1913 3081 2107 3137 omnis
2153 3087 2242 3138 est
2267 3083 2329 3138 in
2362 3088 2566 3138 nostra
2611 3085 2897 3155 potestate
2949 3080 3300 3153 phantasia:
3336 3097 3468 3136 cum
3500 3079 3656 3136 enim
3691 3095 3779 3146 ea,

365 3188 496 3246 quas
526 3175 685 3240 sunt,
719 3174 783 3225 ut
813 3185 943 3242 quas
977 3173 1120 3225 sunt
1151 3168 1502 3238 cogitamus,
1537 3184 1655 3223 non
1691 3184 2030 3239 possumus,
2064 3170 2178 3226 nisi
2208 3176 2274 3227 ut
2302 3176 2442 3227 sunt
2471 3188 2538 3227 ea
2569 3171 2848 3244 cogitare.
2885 3169 2955 3226 Ut
2985 3169 3032 3224 si
3067 3169 3238 3225 nobis
3267 3173 3564 3224 Socratem
3600 3168 3782 3224 infor-

366 3277 621 3324 memus,
655 3259 941 3332 lepidum,
971 3258 1170 3314 album
1204 3261 1262 3313 et
1291 3256 1656 3313 comatulum
1689 3257 1861 3313 nobis
1895 3259 2089 3330 ipsum
2125 3261 2443 3317 informare
2474 3277 2589 3316 non
2651 3276 2993 3332 possumus,
3025 3259 3126 3314 sed
3176 3257 3430 3324 calvum,
3465 3259 3698 3329 nigrum
3731 3263 3788 3312 et

365 3352 544 3409 obeso
573 3353 794 3416 ventre,
829 3349 984 3420 quod
1018 3352 1359 3403 accuratum
1394 3345 1714 3402 discrimen
1747 3350 1858 3402 est.

3571 3347 3594 3376 \

435 3444 580 3494 Cum
612 3439 670 3493 id
729 3453 924 3508 omne,
983 3437 1195 3509 inquit,
1247 3437 1405 3506 quod
1466 3439 1750 3502 movetur,
1784 3435 1842 3490 in
1891 3435 2012 3492 loco

2148 3442 2160 3452 ”
2199 3437 2322 3493 ’Ότι
2354 3458 2471 3500 πως
2501 3437 2654 3512 φησὶ,
2706 3434 2879 3511 λέγων
2927 3431 3338 3510 Ἀριστοτέλης,
3382 3437 3486 3488 πᾶν
3514 3433 3576 3489 τὸ
3603 3432 3784 3489 κινού-

364 3545 515 3598 esse,
547 3528 802 3583 afﬁrmat
832 3525 1194 3590 Aristoteles,
1221 3523 1434 3580 ccelum
1461 3523 1851 3578 inerrantium
1876 3524 2014 3579 stel-

362 3617 555 3673 larum
589 3615 807 3670 moveri
857 3615 1112 3680 fatetur;
1163 3618 1224 3668 at
1254 3611 1314 3666 in
1365 3612 1492 3668 loco
1523 3628 1652 3668 esse
1702 3617 1895 3684 negat,
1927 3612 2013 3668 vel

366 3706 506 3778 quia
537 3704 645 3760 etsi
679 3720 794 3758 non
840 3708 1055 3774 totum,
1106 3706 1172 3758 ut
1219 3705 1435 3768 totum,
1485 3702 1584 3757 sed
1635 3702 1776 3773 quia
1821 3707 2016 3773 partes

365 3793 555 3866 ipsius
586 3793 646 3848 in
679 3793 825 3860 loco,
861 3809 976 3848 non
1022 3791 1161 3863 quia
1209 3795 1358 3846 natae
1390 3791 1512 3847 sint
1559 3807 1675 3846 non
1707 3790 2016 3857 contineri,

365 3884 466 3940 sed
496 3883 637 3955 quia
665 3898 847 3954 supra
873 3882 1034 3953 ipsas
1058 3880 1285 3936 nullum
1309 3885 1399 3936 est
1419 3886 1722 3952 corpus,ut
1750 3885 1806 3935 et
1826 3886 2016 3936 totum

368 3989 500 4029 cum
533 3973 663 4044 ipso
691 3972 748 4026 in
781 3988 843 4028 se
889 3970 1296 4028 concludatur.
1340 3975 1402 4026 In
1455 3971 1655 4027 anima
1703 3988 1839 4027 vero
1872 3971 2018 4029 nihil

367 4066 458 4119 est
487 4060 805 4132 ejusmodi,
838 4061 936 4117 sed
986 4061 1116 4131 ejus
1169 4067 1380 4116 natura
1425 4065 1534 4128 est,
1585 4076 1701 4116 non
1733 4061 2018 4117 contineri

368 4149 519 4206 loco.

441 4238 656 4295 Anima
685 4253 787 4310 per
841 4254 904 4294 se
959 4238 1207 4294 immota
1263 4244 1390 4294 est:
1447 4255 1517 4294 ex
1569 4238 1856 4296 accidenti
1886 4255 2020 4295 vero

369 4327 482 4384 dici
507 4326 695 4398 possit
714 4325 971 4398 seipsam
1005 4343 1258 4395 movere,
1287 4327 1463 4398 idque
1485 4327 1610 4383 solo
1642 4334 1803 4383 motu
1829 4329 1900 4384 ad
1934 4327 2021 4384 lo-

369 4432 504 4473 cum
532 4432 545 4471 :
574 4416 812 4485 quando
842 4415 999 4471 enim
1046 4415 1172 4488 ipsa
1202 4432 1419 4488 corpus
1470 4423 1680 4485 movet,
1714 4422 1772 4472 et
1801 4418 1856 4472 in
1893 4417 2022 4489 ipso

369 4511 550 4563 sunt:
583 4522 710 4577 quas
741 4509 1069 4572 moventur,
1095 4510 1252 4561 moto
1284 4522 1544 4578 corpore,
1572 4523 1705 4561 cum
1738 4523 1804 4562 eo
1830 4523 2020 4562 move-

369 4595 551 4652 bitur.
585 4597 790 4667 Itaque
819 4594 1146 4650 secundum
1200 4595 1475 4651 accidens
1506 4596 1760 4666 seipsam
1807 4601 2018 4665 movet,

369 4685 508 4759 quia
537 4701 768 4758 corpus,
801 4684 860 4740 in
893 4702 1010 4756 quo
1041 4696 1168 4752 est;
1201 4691 1260 4740 at
1291 4701 1392 4756 per
1423 4701 1486 4740 se
1517 4693 1572 4741 et
1602 4702 1665 4740 se
1695 4688 2018 4741 secundum

372 4774 790 4842 substantiam,
841 4790 1032 4847 neque
1068 4779 1352 4842 movetur,
1405 4785 1593 4845 neque
1625 4776 1685 4830 in
1733 4774 1860 4830 loco
1893 4779 2020 4832 est:

373 4869 534 4921 motu
591 4863 770 4936 igitur
828 4863 899 4920 ad
954 4863 1151 4919 locum
1209 4879 1280 4919 ex
1335 4862 1620 4918 accidenti
1682 4880 1912 4920 movere
1961 4881 2024 4920 se

371 4954 568 5010 anima
597 4953 712 5009 dici
746 4958 957 5024 potest,
987 4952 1102 5008 alio
1128 4957 1405 5025 praeterea
1427 4951 1610 5009 nullo.
1644 4953 1844 5025 Neque
1865 4955 2020 5010 enim

375 5047 874 5115 mutato.corpore
921 5042 1291 5109 immutatur,
1325 5042 1428 5098 sed
1482 5058 1586 5098 nec
1617 5047 1882 5115 augetur,
1916 5061 2022 5101 nec

375 5131 684 5188 minuitur.

444 5220 758 5275 Brutorum
789 5223 846 5274 et
876 5220 1214 5291 plantarum
1270 5219 1531 5276 animam
1565 5236 1797 5293 quoque
1843 5239 2022 5295 saepe-

371 5323 616 5364 numero
648 5315 816 5364 vocat
870 5309 1234 5376 Aristoteles,
1267 5315 1325 5365 et
1367 5326 1499 5365 cum
1560 5309 1832 5366 rationali
1863 5328 2021 5368 com-

369 5394 700 5467 prehendit.
733 5396 897 5467 Saepe
926 5413 1061 5452 vero
1111 5397 1297 5452 solam
1340 5397 1493 5452 hanc
1541 5397 1799 5453 animam
1833 5405 2020 5467 vocat,

368 5483 664 5540 interdum
695 5485 872 5540 etiam
906 5491 1162 5540 mentem
1197 5487 1455 5542 animam
1484 5486 1761 5558 appellat,
1811 5505 2020 5545 rursus

376 5691 382 5696 ‘
447 5679 525 5752 (9)
557 5680 689 5754 Leg.
712 5681 1068 5755 προθώμεθα.

2129 3546 2288 3599 μενον
2323 3525 2374 3580 ἓν
2405 3527 2558 3598 τόπῳ
2588 3526 2680 3598 μὶν
2741 3525 2900 3596 εἶναι,
2959 3524 3119 3586 αὐτὸς
3179 3524 3276 3593 τὴν
3338 3521 3579 3592 ἀπλανῆ,
3609 3543 3783 3578 κινου-

2131 3615 2300 3687 μὲνην
2333 3615 2427 3688 μὲν
2463 3613 2751 3689 ὁμολογεῖ,
2787 3607 2838 3666 ἔν
2887 3612 3043 3684 τόπῳ
3071 3609 3129 3667 δὲ
3163 3613 3237 3686 μὴ
3272 3614 3410 3666 εἶναι
3451 3629 3463 3644 ⁸
3500 3608 3536 3681 ἥ
3569 3606 3652 3666 ὅτι
3684 3608 3781 3665 κᾶν

2130 3706 2206 3777 μὴ
2235 3699 2340 3774 ὅλη
2377 3704 2452 3767 ὡς
2481 3702 2609 3773 ὅλη,
2661 3700 2788 3757 ἀΑλ⁹
2841 3697 2923 3755 ὅτι
2972 3700 3041 3756 τὰ
3093 3701 3232 3774 μέρη
3290 3698 3459 3771 αὐτῆς
3487 3699 3537 3755 ἰν
3577 3701 3732 3772 τόπῳ
3767 3719 3779 3732 ·

2127 3793 2238 3868 οὐχ
2267 3793 2348 3849 ὅτι
2375 3794 2578 3871 πέφυκε
2621 3793 2697 3865 μὴ
2729 3790 3077 3867 περιέχεσθαί
3110 3810 3122 3822 ο
3158 3787 3287 3845 ἀλλ’
3318 3789 3403 3844 ὅτι
3437 3791 3512 3863 μὴ
3545 3789 3787 3846 ἐπέκεινα

2126 3883 2295 3952 αὐτῆς
2325 3884 2486 3955 σῶμά
2527 3882 2667 3938 ἑστιν
2703 3900 2716 3914 ·
2743 3879 2835 3936 ’ἱνα
2872 3880 2961 3935 καὶ
3005 3879 3069 3935 τὸ
3114 3884 3218 3934 πᾶν
3258 3877 3393 3953 αὖτῇ
3443 3878 3788 3954 περικοιλαίο

2126 3991 2282 4043 νηται
2315 3970 2367 4026 ἐν
2404 3970 2570 4044 αὐτῷ.
2614 3969 2737 4026 Ἐπὶ
2771 3967 2828 4024 δὲ
2885 3972 3072 4044 ψυχῆς
3123 3965 3279 4023 ούδὶν
3327 3967 3574 4023 τοιοῦτόν
3620 3967 3792 4036 ἐστιν,

2128 4059 2256 4116 ἀλλ’
2311 4063 2347 4130 ἡ
2405 4059 2561 4137 φύσις
2619 4058 2786 4128 αὐτῆς
2846 4057 2958 4113 ἐστι
3009 4059 3072 4112 τὸ
3124 4057 3200 4130 μὴ
3251 4055 3406 4130 τόπῳ
3457 4058 3789 4132 περιγράφε-

2131 4151 2272 4205 σθαι.

2203 4238 2322 4294 Ὀτι
2372 4239 2406 4306 ἡ
2467 4237 2620 4311 ψυχὴ
2680 4236 2799 4290 καθ’
2853 4235 3047 4305 ἑαυτὴν
3110 4234 3366 4306 ἀκίνητός
3426 4233 3536 4291 ἐστι
3573 4254 3585 4267 ·
3649 4235 3790 4290 κατὰ

2133 4319 2482 4398 συμϐεϐηκὸς
2539 4322 2597 4379 δὶ
2647 4325 2842 4393 ἑαυτὴν
2903 4329 3068 4379 κινεῖν
3122 4322 3325 4400 λέγοιτ’
3377 4325 3437 4378 ἂν
3481 4342 3493 4356 ⁶
3523 4324 3613 4379 καὶ
3663 4323 3791 4380 τότε

2137 4416 2306 4489 μόνην
2346 4415 2444 4483 τὴν
2498 4415 2633 4469 κατᾶ
2674 4413 2847 4491 ,τύπον
2908 4415 3147 4484 κίνησιν.
3205 4410 3428 4484 Ἐπειδὴ
3490 4415 3594 4488 γὰρ
3651 4419 3798 4469 κινεῖ

2135 4505 2229 4579 μὶν
2263 4504 2396 4575 αὕτη
2428 4505 2489 4560 τὸ
2522 4508 2681 4577 σῶμ»
2711 4521 2723 4534 ⁸
2760 4498 2870 4558 ἔστι
2922 4500 2980 4558 δὲ
3034 4502 3086 4558 ἐν
3128 4503 3276 4575 αὐτῷ
3325 4523 3620 4576 κινούμενα
3653 4523 3666 4537 ·
3702 4524 3791 4558 κι-

2130 4596 2398 4667 νουμένου
2448 4591 2505 4649 δὶ
2577 4597 2675 4648 τοῦ
2750 4593 3007 4664 σώματος
3084 4593 3538 4666 συγκινηθήσεται
3596 4591 3742 4662 αῦτῷ
3778 4613 3790 4626 ·

2132 4682 2271 4738 ὥστε
2298 4685 2432 4737 κατά
2466 4676 2814 4754 συμϐεϐηκὸς
2865 4680 3060 4748 ἑαυτὴν
3108 4685 3244 4735 κινεῖ
3278 4698 3291 4711 ⁸
3323 4684 3403 4752 τῷ
3429 4679 3492 4735 τὸ
3523 4684 3703 4753 σῶμα,
3739 4680 3792 4736 ἐν

2131 4775 2177 4845 ᾧ
2207 4771 2317 4827 ἐστι
2361 4792 2372 4806 ’
2407 4773 2525 4835 καθ’
2555 4772 2750 4839 ἑαυτὴν
2807 4767 2885 4838 δὶ,
2937 4770 3026 4824 καὶ
3085 4773 3204 4824 κατ’
3253 4767 3436 4824 ούσίαν
3467 4764 3591 4824 οῦτε
3619 4775 3788 4825 κινεῖ-

2130 4882 2241 4930 ται,
2275 4861 2396 4916 οὕτε
2444 4859 2495 4915 ἰν
2541 4861 2697 4932 τόπῳ
2724 4857 2858 4914 ἐστί.
2911 4858 3022 4926 Τὴν
3076 4857 3166 4912 οὗν
3215 4857 3350 4912 κατὰ
3378 4857 3545 4913 τόπον
3579 4857 3788 4927 κίνησιν

2134 4949 2335 5027 λᾶγοιτ²
2364 4947 2422 5004 ἄν
2461 4951 2626 5023 μόνον
2675 4954 2842 5003 κινεῖν
2897 4947 3090 5016 ἑαυτὴν
3141 4948 3176 5016 ἡ
3210 4948 3363 5024 ψυχὴ
3404 4947 3541 5003 κατὰ
3589 4941 3780 5020 συμϐε-

2134 5034 2324 5110 ϐηκὸς,
2359 5036 2536 5107 ἄλλην
2573 5035 2630 5092 δὲ
2678 5034 2957 5110 οὐδεμίαν.
3019 5032 3158 5093 Οὔτε
3205 5035 3310 5112 γὰρ
3341 5035 3665 5092 ἀλλοιοῦται
3694 5039 3792 5091 τοῦ

2134 5128 2387 5201 σώματος
2419 5126 2850 5198 ἀλλοιολμὲνου,
2886 5122 3009 5180 οὕτε
3041 5124 3256 5198 αὔξεται
3286 5123 3322 5194 ἤ
3360 5130 3630 5198 μειοῦται.

2206 5226 2329 5276 ’Ὁτι
2385 5216 2664 5281 πολλάκις
2707 5217 2734 5270 ὁ
2798 5213 3167 5290 Αριστοτέλης
3225 5216 3411 5289 ψυχὴν
3459 5212 3641 5282 καλεῖ,
3684 5215 3800 5288 ἅμα

2133 5309 2343 5377 καὶτὴν
2401 5305 2604 5383 ἄλογον
2663 5307 2755 5362 καὶ
2813 5309 2912 5375 τὴν
2972 5307 3226 5384 φυτικὴν,
3287 5300 3698 5378 συλλαμϐάνων
3727 5311 3798 5381 τῇ

2135 5396 2354 5475 λογικῇ.
2393 5396 2666 5459 Πολλάκις
2699 5394 2756 5452 δὲ
2789 5397 2953 5470 μόνον
3000 5397 3099 5464 τήν
3134 5395 3364 5469 λογικήν
3403 5415 3415 5426 ·
3476 5388 3584 5448 ἔσθ’
3615 5395 3704 5448 ὅτε
3731 5393 3794 5450 δὲ

2135 5489 2224 5542 καὶ
2257 5487 2415 5541 αὐτὸν
2463 5489 2556 5542 τὸν
2610 5491 2730 5541 νοῦν
2793 5487 2979 5561 ψυχὴν
3041 5484 3322 5557 ὀνομάζει,
3380 5484 3707 5556 ἐπονομάζει
3741 5481 3801 5540 δὲ
