4124 6472
355 457 514 520 1069

1847 449 1948 511 DE
1992 447 2274 510 ΑΝῙΜΑ.

3642 454 3802 520 1070

357 586 525 645 πάλιν
558 583 876 656 ἰδιαζόντως
901 586 1003 655 τὴν
1028 585 1214 662 ψυχὴν
1243 584 1342 653 τὴν
1368 578 1576 658 ἄλογον
1605 578 1694 636 καὶ
1749 581 1849 649 τὴν
1910 601 2016 655 φυ-

2138 579 2362 652 proprie
2409 580 2673 639 animam
2723 583 3132 643 irrationalem
3172 590 3231 644 et
3267 589 3640 660 vegetantem
3690 605 3801 647 no-

355 680 534 749 τικήν.
591 677 929 748 ΠοΛυσήμου
981 675 1165 731 τοίνυν
1213 680 1315 744 τῆς
1360 675 1548 748 ψυχῆς
1581 671 1726 747 παρὰ
1772 671 2025 745 Ἀριστο-

357 767 554 831 τέλους
607 760 1057 840 λαμϐανομένης,
1119 761 1202 820 δεῖ
1259 763 1468 834 έκάστῳ
1517 758 1910 834 σημαινομένῳ
1960 758 2028 813 τὰ

358 855 535 912 οἰκεῖα
583 855 864 932 ἀφορίζειν
925 853 1018 909 καὶ
1069 853 1382 926 ἀπονέμειν·
1430 851 1520 906 καὶ
1573 850 1649 923 μή
1683 853 1905 924 συγχεῖν
1939 844 2029 902 διὰ

355 952 456 1016 τῆς
515 945 847 1018 ὁμωνυμίας
893 948 995 1013 τῆς
1049 944 1237 1017 φωνῆς
1283 941 1373 996 καὶ
1422 941 1530 995 τῶν
1576 937 1914 1014 πραγμάτων
1964 937 2026 992 τὸ

363 1033 694 1111 διῃρημένον
748 1033 837 1087 καὶ
896 1029 1225 1106 ἀσύγχυτον.
1285 1031 1490 1103 Ὥσπερ
1538 1029 1640 1104 γὰρ
1679 1028 1742 1082 τὸ
1787 1024 2025 1103 ὑφαίνειν

361 1125 532 1200 τυχὸν
587 1125 684 1178 τοῦ
746 1123 892 1192 ζώου
949 1118 1060 1176 έστί
1112 1120 1248 1176 κατὰ
1303 1120 1365 1174 τὸ
1427 1122 1606 1192 σῶμα·
1651 1115 1792 1171 οὕτω
1845 1114 1934 1170 καὶ
1965 1114 2027 1168 τὸ

367 1211 695 1269 διανοεῖσθαι
723 1215 822 1266 τοῦ
857 1211 999 1279 ζώου
1026 1209 1139 1266 ἐστὶ
1185 1211 1322 1264 κατὰ
1351 1210 1563 1283 ψυχήν.
1597 1206 1690 1262 Διὸ
1738 1208 1836 1260 τοῦ
1886 1204 2028 1273 ζώου

365 1302 748 1380 φθειρομένου,
781 1297 935 1355 ούδὶν
977 1297 1186 1354 τούτων
1239 1295 1344 1368 ἔξει
1391 1300 1426 1367 ἡ
1458 1297 1636 1371 ψυχή,
1671 1292 1804 1369 ἅπερ
1837 1292 1899 1348 ἐκ
1926 1293 2027 1362 τῆς

368 1389 698 1464 συμπλοκῆς
738 1395 839 1459 τῆς
889 1389 1025 1464 πρὸς
1074 1389 1136 1443 τὸ
1168 1392 1328 1460 σῶμα
1359 1387 1499 1460 αὐτῇ
1532 1385 1831 1459 ἐπεγένετο²
1889 1384 2030 1439 ὥστε

366 1477 493 1536 ούδὶ
528 1477 884 1554 μνημονεύει.
927 1477 1030 1534 Καὶ
1077 1477 1180 1552 γὰρ
1229 1473 1456 1531 ἐνταῦθα
1505 1474 1600 1547 μὶν
1651 1471 2030 1549 παραῤῥέουσά

363 1571 504 1626 δστιν
549 1571 584 1639 ἡ
635 1573 829 1645 γνῶσις
874 1566 1065 1638 αὐτῆς,
1108 1565 1198 1621 καὶ
1249 1562 1418 1621 δεῖται
1477 1565 1704 1636 μνήμης
1741 1562 1816 1624 εἷς
1866 1583 2028 1617 κατο-

365 1661 477 1737 χὴν
508 1663 618 1714 τῶν
652 1657 1026 1733 ἐγνωσμένων.
1058 1655 1208 1712 Μετὰ
1237 1651 1295 1710 δὲ
1318 1655 1382 1708 τὸ
1411 1658 1593 1727 σῶμα,
1653 1650 1744 1707 ἅτε
1791 1651 2025 1707 ἑστῶσαν

365 1747 570 1826 ἔχουσα
623 1749 722 1818 τὴν
783 1751 1009 1824 γνῶσιν,
1062 1744 1152 1800 καὶ
1208 1743 1391 1805 αὐτοῖς
1443 1737 1872 1818 προσϐάλλουσα
1912 1745 2028 1803 τοῖς

367 1841 674 1915 πράγμασι,
707 1838 933 1910 μνήμης
979 1834 1039 1889 ού
1073 1831 1264 1888 δεῖται⁶
1303 1834 1494 1906 μνήμη
1527 1830 1625 1907 γάρ
1658 1829 1801 1887 ἰστιν
1850 1832 1884 1900 ἡ
1916 1834 2024 1885 τῶν

370 1926 542 1984 πάλαι
576 1924 932 2002 ἐγνωσμένων
944 1969 956 1981 .

441 2037 561 2089 ’Ότι
621 2033 783 2112 φησὶν
845 2027 1253 2106 Ἀριστοτέλης,
1313 2029 1438 2082 ὅταν
1493 2027 1569 2100 μὴ
1610 2023 1812 2102 ἅρχῃὸ
1873 2025 2022 2094 νοῦς,

370 2121 520 2179 ἀλλὰ
561 2123 706 2198 παρὰ
757 2121 912 2198 φύσιν
962 2117 1077 2194 ἔχει
1110 2119 1138 2173 ὁ
1191 2115 1500 2194 ἅνθρωπος,
1529 2116 1655 2171 τότε
1682 2121 1784 2184 τῆς
1827 2114 2026 2184 τάξεως

371 2210 840 2288 ἀντιστραφείσης,
893 2204 1112 2264 ἕπονται
1159 2213 1279 2270 ταῖς
1327 2207 1549 2282 κράσεσι
1610 2209 1708 2260 τοῦ
1767 2205 2022 2277 σώματος

297 2331 300 2334 ~
370 2302 425 2356 al
454 2307 558 2370 τῆς
586 2303 774 2375 ψυχῆς
808 2295 1082 2371 δυνάμεις.
1114 2298 1277 2354 Ὅταν
1313 2293 1371 2351 δὲ
1415 2296 1442 2350 ὁ
1489 2299 1614 2358 νοῦς
1668 2295 1839 2369 ἄρχῃ,
1898 2292 2024 2347 τότε

370 2390 504 2446 κατὰ
532 2389 687 2467 φύσιν
718 2384 947 2464 ἔχοντος
974 2391 1071 2442 τοῦ
1100 2386 1411 2461 ἀνθρώπου,
1444 2383 1623 2440 ούκέτι
1652 2388 1770 2446 ταῖς
1801 2384 2019 2456 κράσεσι

367 2483 462 2535 τοῦ
493 2479 750 2552 σώματος
791 2475 1180 2541 ἀκολουθοῦσιν
1238 2476 1291 2530 αἱ
1347 2478 1449 2540 τῆς
1500 2477 1685 2550 ψυχῆς
1739 2469 2018 2546 δυνάμεις,

363 2568 488 2625 ἀλλ’
523 2564 708 2623 ἕπεται
736 2570 806 2640 τῇ
836 2569 991 2641 ψυχῇ
1022 2565 1085 2622 τὸ
1115 2569 1296 2637 σῶμα.

430 2679 551 2731 ’Ότι
582 2675 680 2744 τὴν
713 2673 895 2730 Θαλοῦ
928 2669 1082 2742 δόξαν
1110 2671 1234 2745 περὶ
1265 2673 1452 2745 ψυχῆς
1499 2667 1835 2743 ἀνατρέπων,
1869 2667 2019 2731 ὅστις

357 2760 511 2840 ἔλεγε
540 2762 698 2819 παντὶ
730 2763 942 2834 σώματι
981 2759 1250 2836 μεμίχθαι
1299 2759 1399 2826 τὴν
1449 2757 1636 2833 ψυχὴν
1718 2757 1792 2818 ὡς
1825 2761 2015 2831 παρεῖ-

356 2875 442 2910 ναι
469 2857 630 2926 σῶμα
660 2850 934 2926 ἔμψυχον.
991 2853 1212 2926 Πρῶτον
1247 2849 1365 2921 μὶν,
1425 2846 1478 2901 τί
1528 2844 1593 2916 δή
1640 2867 1794 2918 ποτε,
1827 2847 2014 2924 φησὶν,

361 2943 422 2998 έν
451 2942 608 2998 παντὶ
639 2940 854 3014 σώματι
904 2938 1070 3008 οὕσης
1117 2941 1322 3013 ψυχῆς,
1371 2937 1438 2991 τὰ
1471 2936 1564 3008 μὶν
1597 2935 1706 2990 ἐστὶ
1764 2941 1894 3005 ζῶα,
1953 2937 2018 2990 τὰ

367 3029 426 3086 δὶ
481 3028 582 3100 οὔ;
616 3031 748 3098 εἶτα,
782 3027 925 3084 διατί
952 3031 1058 3082 τῶν
1091 3025 1281 3080 ἁπλῶν
1342 3021 1497 3079 ούδὶν
1561 3025 1671 3079 ἐστι
1717 3028 1853 3092 ζῶον
1880 3042 1894 3092 ;
1925 3023 2016 3078 καί

366 3141 454 3175 τοι
511 3115 618 3174 ἔδει
654 3116 863 3192 μᾶλλον
922 3120 1110 3172 ταῦτα.
1173 3117 1262 3171 Ἐν
1308 3111 1409 3188 γὰρ
1449 3113 1580 3188 πυρὶ
1639 3115 1790 3183 οὖσα,
1841 3111 2014 3167 καὶέν

363 3207 502 3284 ἀέρι,
536 3206 626 3262 ἅτε
673 3204 1074 3282 καθαρωτέροις
1101 3204 1194 3258 καὶ
1225 3201 1742 3279 λεπτομερεστέροις
1768 3203 2014 3274 σώμασιν

2053 1957 2102 2022 Β

2137 671 2346 726 minat.
2376 675 2520 727 Cum
2553 688 2690 745 ergo
2722 673 3038 746 multiplici
3071 675 3130 731 in
3163 677 3503 749 signiﬁcatu
3535 678 3798 736 animam

2136 759 2387 832 accipiat
2416 761 2782 828 Aristoteles,
2814 763 3059 820 cuilibet
3097 765 3430 838 significato
3465 768 3624 840 quod
3661 784 3796 840 pro-

2136 849 2333 921 prium
2377 854 2486 919 est,
2522 851 2923 908 deﬁniendum
2956 858 3015 908 et
3045 851 3492 912 attribuendum
3524 861 3614 913 est
3644 874 3660 913 :
3694 874 3798 914 ne-

2137 955 2253 1010 que
2281 955 2513 1007 vocum,
2549 941 2857 996 nominum
2891 946 2947 998 et
2981 959 3178 998 rerum
3213 943 3608 1001 similitudine
3639 962 3800 1003 com-

2139 1027 2534 1098 miscendum,
2558 1030 2715 1101 quod
2747 1030 3068 1087 discretum
3099 1036 3157 1087 et
3188 1049 3304 1088 non
3337 1034 3653 1090 confusum
3686 1040 3800 1092 est.

2138 1115 2648 1180 Quemadmodum
2698 1118 2854 1175 enim
2913 1124 3125 1185 texere,
3177 1126 3339 1192 puta,
3382 1122 3663 1179 animalis
3711 1128 3804 1181 est

2139 1206 2469 1262 secundum
2527 1223 2742 1279 corpus
2776 1226 2789 1265 :
2823 1209 2909 1265 sic
2956 1209 3314 1282 intelligere,
3366 1210 3642 1268 animalis
3690 1216 3802 1283 est,

2140 1311 2243 1367 per
2272 1295 2552 1352 animam.
2587 1297 2779 1362 Quare
2811 1296 3053 1354 animali
3087 1302 3387 1371 corrupto,
3421 1298 3572 1355 nihil
3602 1315 3806 1357 eorum

2139 1383 2378 1440 habebit
2424 1384 2644 1455 anima,
2677 1402 2802 1457 quae
2833 1403 2902 1442 ex
2932 1386 3354 1457 conjunctione
3383 1388 3648 1461 corporis
3697 1389 3804 1446 ha-

2137 1473 2332 1529 bebat.
2391 1474 2499 1528 Sed
2572 1490 2761 1547 neque
2829 1476 3124 1548 meminit.
3183 1475 3330 1532 Hinc
3394 1476 3554 1534 enim
3611 1477 3807 1536 afﬂuit

2138 1563 2268 1632 ejus
2317 1563 2592 1634 cognitio,
2627 1568 2686 1618 et
2735 1564 3019 1621 memoria
3066 1565 3314 1638 indiget,
3367 1567 3440 1622 ad
3491 1566 3805 1626 retinenda

2137 1666 2266 1722 quae
2325 1651 2596 1724 cognovit
2643 1668 2656 1707 :
2704 1657 2765 1708 at
2825 1653 3025 1709 soluta
3079 1669 3339 1724 corpore,
3401 1659 3467 1711 ut
3521 1655 3800 1714 stabilem

2139 1739 2361 1796 habens
2392 1741 2786 1811 cognitionem
2837 1745 2895 1798 et
2940 1759 3034 1799 res
3082 1742 3246 1815 ipsae
3293 1743 3618 1817 attingens,
3649 1745 3801 1802 nihil

2135 1833 2266 1902 eget
2311 1832 2620 1903 memoria,
2663 1847 2802 1888 nam
2861 1836 3037 1888 antea
3085 1833 3456 1905 cognitorum
3512 1834 3802 1893 memoria

2135 1924 2244 1975 est.

2206 2027 2350 2082 Cum
2411 2041 2577 2084 mens
2640 2043 2758 2083 non
2816 2025 3092 2099 imperat,
3143 2026 3225 2084 ait
3279 2026 3644 2098 Aristoteles,
3695 2032 3800 2088 sed

2136 2120 2349 2187 praeter
2395 2119 2669 2173 naturam
2705 2133 2769 2173 se
2799 2116 2979 2173 habet
3005 2118 3203 2189 homo,
3237 2122 3378 2174 tunc
3413 2118 3620 2175 ordine
3667 2136 3801 2192 per-

2132 2219 2299 2260 verso
2360 2207 2829 2277 temperaturam
2887 2206 3151 2278 corporis
3203 2207 3418 2263 animas
3476 2211 3802 2279 potestates

2131 2296 2524 2350 assectantur.
2543 2297 2687 2350 Cum
2718 2309 2854 2351 vero
2887 2310 3056 2352 mens
3085 2294 3358 2367 imperat,
3382 2300 3527 2353 tunc
3556 2295 3797 2354 homine

2130 2383 2460 2440 secundum
2484 2388 2758 2440 naturam
2783 2383 3011 2454 affecto,
3029 2400 3146 2440 non
3164 2384 3285 2455 jam
3305 2385 3652 2458 temperiem
3672 2401 3796 2443 cor-

2129 2472 2288 2546 poris
2335 2475 2671 2544 sequuntur
2724 2472 2933 2529 animas
2983 2471 3314 2546 facultates,
3363 2475 3468 2531 sed
3526 2473 3790 2533 animam

2128 2579 2344 2636 corpus
2376 2565 2574 2636 ipsum
2607 2565 2899 2636 sequitur.

2199 2671 2460 2728 Thaletis
2507 2670 2715 2727 Milesii
2762 2672 3101 2744 opinionem
3147 2673 3220 2728 de
3267 2672 3464 2730 anima
3507 2673 3784 2731 convellit

2128 2761 2228 2833 qui
2256 2761 2418 2816 omni
2441 2760 2668 2832 corpori
2690 2777 2820 2817 esse
2847 2761 3176 2817 immistam
3199 2763 3459 2818 animam
3483 2778 3784 2820 commen-

2126 2855 2224 2906 tus
2253 2854 2363 2919 est,
2393 2854 2459 2905 ut
2503 2849 2582 2905 sit
2627 2865 2842 2921 corpus
2874 2851 3094 2906 vivens.
3131 2850 3396 2907 Primum
3443 2852 3626 2920 enim,
3656 2868 3784 2920 cur,

2127 2938 2344 3010 inquit,
2377 2954 2510 2993 cum
2542 2937 2603 2993 in
2637 2939 2798 2994 omni
2831 2955 3074 3011 corpore
3122 2939 3201 2994 sit
3255 2939 3476 3006 anima,
3507 2940 3628 2997 haec
3658 2940 3789 2998 ani-

2128 3027 2307 3083 malia
2333 3032 2497 3094 sunt,
2522 3026 2624 3082 illa
2656 3044 2770 3083 non
2803 3028 2980 3083 sunt?
3002 3029 3245 3096 Deinde,
3273 3045 3380 3085 cur
3405 3031 3640 3086 nullum
3675 3030 3794 3088 ele-

2127 3120 2460 3172 mentorum
2495 3116 2714 3171 animal
2748 3120 2877 3172 esti‘
2904 3117 3140 3173 tametsi
3167 3133 3238 3173 ea
3269 3119 3461 3192 magis
3491 3121 3800 3192 oportebat

2127 3205 2409 3260 animalia
2439 3221 2591 3261 esse.
2625 3205 2686 3260 Si
2718 3205 2872 3260 enim
2907 3206 2968 3261 in
3001 3206 3138 3278 igne
3183 3209 3241 3262 et
3291 3207 3351 3262 in
3401 3225 3533 3264 aere
3563 3209 3798 3282 fuisset,

362 3299 517 3366 οὖσα,
556 3296 773 3374 βέλτιον
800 3295 864 3352 ἂν
894 3295 977 3366 εἷ¹η
1011 3293 1062 3350 ἐν
1095 3292 1311 3356 τούτοις
1337 3294 1373 3362 ἡ
1405 3294 1696 3390 ψυχὴ-εἶξιν
1729 3291 2012 3362 συνθέτων,

2138 3293 2345 3352 melius
2391 3295 2451 3350 in
2505 3295 2620 3362 bis,
2655 3298 2857 3367 utpote
2908 3295 3210 3366 prioribus
3267 3299 3327 3352 et
3383 3297 3798 3357 subtilioribus

359 3387 482 3452 ὅθεν
513 3385 602 3442 καὶ
637 3386 850 3459 μᾶλλον
875 3382 1246 3463 διαφαίνεσθαι
1276 3382 1472 3452 ἑαυτῆς
1500 3380 1738 3457 ὤφειλον
1772 3383 1826 3436 αἱ
1876 3381 2016 3456 ἐνέρ-

355 3497 520 3552 γειαι.
554 3477 658 3532 Καὶ
692 3473 841 3530 ἅλλα
870 3471 928 3530 δὲ
956 3473 1137 3530 πλείω
1168 3473 1451 3528 συνεπάνει
1479 3477 1548 3547 τῇ
1587 3471 1862 3546 ὑπολήψει
1891 3470 2018 3526 ταύ-

355 3587 422 3641 τῃ
451 3565 693 3639 ἆπόμενα
724 3563 920 3620 ἄτοπα.

428 3746 553 3803 ’Ότι
607 3742 723 3798 ἐπεὶ
783 3740 1010 3804 πλείους
1049 3742 1140 3797 καὶ
1191 3739 1443 3820 διάφοροι
1487 3748 1586 3811 τῆς
1634 3744 1820 3816 ψυχῆς
1881 3740 2022 3816 ἐνέρ-

358 3855 526 3910 γειαι,
563 3838 716 3904 ζητεῖ
761 3833 790 3888 ὁ
835 3830 1243 3905 Ἀριστοτέλης,
1295 3831 1521 3907 πότερον
1559 3835 1686 3904 μιᾶς
1716 3826 1881 3900 οὔσης
1928 3831 2020 3884 καὶ

360 3923 658 3996 ἀμερίστου
706 3927 805 3990 τῆς
856 3923 1062 3996 ψυχῆς,
1113 3920 1227 3976 κατ’
1279 3919 1462 3975 ούσίαν
1494 3919 1554 3975 ἐκ
1581 3918 1783 3988 ταύτης
1813 3919 1868 3972 αἱ
1899 3916 2020 3974 διά-

363 4033 528 4088 φοροι
577 4008 833 4084 δυνάμεις
897 4011 988 4065 καὶ
1033 4009 1294 4086 ἐνέργειαι
1338 4009 1726 4084 προέρχονται·
1786 4007 1860 4070 ὡς
1917 4009 2016 4077 τὴν

365 4099 534 4168 αὐτὴν
593 4100 722 4154 εἶναι
782 4100 899 4154 κατ’
950 4096 1159 4169 οὐσίαν,
1209 4099 1298 4154 καὶ
1355 4099 1587 4172 μίαντῷ
1635 4097 1876 4174 ἀριθμῷ,
1926 4097 2016 4152 καὶ

365 4191 683 4265 θρεπτικὴν,
732 4187 821 4243 καὶ
873 4189 1192 4259 αὐξητικὴν,
1242 4191 1332 4242 καὶ
1385 4189 1732 4261 γεννητικὴν,
1782 4187 1872 4241 καὶ
1922 4184 2016 4241 λο-

361 4279 542 4352 γικὴν,
601 4277 691 4332 καί
750 4279 1011 4352 θυμικήν,
1071 4277 1162 4332 καὶ
1207 4275 1636 4350 έπιθυμητικήν.
1699 4278 1800 4333 Κάἰ
1854 4277 2016 4332 καθά-

360 4388 460 4444 πιρ
519 4370 554 4437 ἡ
587 4370 683 4422 τοῦ
715 4367 885 4442 πυρὸς
945 4366 1100 4421 οὐσία
1135 4365 1231 4439 μία
1277 4366 1364 4421 καὶ
1396 4368 1431 4436 ἠ
1477 4367 1614 4436 αὑτή
1652 4365 1810 4420 ἐστιν·
1843 4366 1894 4435 ἐξ
1950 4366 2017 4435 ἧς

359 4459 396 4526 ἡ
485 4457 746 4526 καυστική
830 4475 889 4510 τε
962 4454 1052 4510 καὶ
1139 4456 1458 4531 ξηραντικὴ,
1543 4455 1633 4509 καὶ
1714 4458 2014 4532 φωτιστική

360 4545 576 4622 πρόεισι
622 4541 848 4618 δύναμίς
894 4565 954 4600 τε
995 4543 1086 4598 καὶ
1134 4542 1395 4620 ἐνέργεια,
1426 4545 1460 4614 ἢ
1491 4564 1573 4605 τις
1603 4542 1750 4615 ἄΛλη
1788 4541 2018 4618 δύναμις

363 4635 600 4710 ψυχικὴ,
655 4633 690 4703 ἢ
727 4635 953 4710 μεριστή
988 4633 1126 4690 ἐστιν
1154 4636 1189 4704 ἠ
1239 4634 1417 4708 ψυχὴ,
1477 4635 1565 4689 καὶ
1597 4634 1731 4688 κατὰ
1756 4630 1898 4689 ἄλλο
1926 4633 2015 4688 καὶ

2128 3383 2474 3456 corporibus
2533 3382 2780 3454 fuisset,
2830 3400 3005 3455 quam
3063 3383 3125 3440 in
3185 3386 3570 3458 compositis;
3635 3388 3795 3445 unde

2126 3473 2320 3546 ipsius
2369 3473 2636 3529 actiones
2685 3472 2905 3530 clarius
2935 3473 3284 3532 eluxissent.
3319 3475 3397 3532 Iis
3429 3475 3642 3533 deinde
3679 3476 3796 3534 ulla

2129 3563 2424 3619 connectit
2451 3563 2714 3620 absurda
2744 3579 2924 3635 quam
2968 3563 3245 3637 plurima,
3276 3581 3403 3637 quae
3433 3581 3502 3622 ex
3531 3565 3793 3624 Thaletis

2130 3652 2408 3725 opinione
2438 3656 2793 3724 sequuntur.

2203 3744 2347 3798 Cum
2382 3741 2582 3797 multis
2634 3742 2757 3798 sint
2785 3746 2844 3798 et
2874 3741 3214 3799 differentes
3262 3742 3472 3800 animm
3518 3745 3780 3802 actiones

2131 3831 2342 3902 quierit
2390 3829 2762 3898 Aristoteles,
2786 3835 2986 3887 utrum
3019 3847 3154 3888 cum
3186 3847 3306 3887 una
3349 3831 3428 3889 sit
3455 3835 3513 3887 et
3541 3831 3798 3890 indivisa

2131 3920 2334 3976 anima
2363 3921 2688 3976 secundum
2739 3921 3164 3990 substantiam,
3197 3937 3267 3977 ex
3297 3921 3429 3993 ipsa
3458 3921 3799 3980 diﬁ'erentes

2130 4009 2244 4064 illae
2275 4013 2595 4081 potestates
2616 4013 2675 4064 et
2706 4010 2967 4065 actiones
2998 4009 3472 4081 proﬁciscantur,
3497 4014 3560 4066 ut
3591 4011 3797 4068 eadem

2129 4098 2208 4153 sit
2238 4099 2578 4154 substantia
2598 4102 2656 4153 et
2686 4113 2932 4153 numero
2957 4115 3094 4165 una,
3119 4098 3316 4164 altrix,
3348 4099 3596 4168 auctrix,
3621 4116 3796 4172 gene-

2127 4187 2330 4254 ratrix,
2357 4187 2681 4254 rationalis,
2705 4187 2970 4244 irascens
2998 4194 3055 4244 et
3085 4189 3510 4260 concupiscens
3537 4205 3552 4244 :
3576 4206 3786 4261 quem-

2131 4278 2450 4333 admodum
2500 4277 2656 4350 ignis
2695 4277 3029 4333 substantia
3073 4294 3193 4333 una
3238 4282 3296 4334 et
3344 4279 3546 4335 eadem
3578 4287 3688 4346 est,
3721 4296 3792 4336 ex

2129 4383 2246 4438 qua
2277 4365 2506 4432 urendi,
2531 4365 2864 4422 exsiccandi
2917 4369 2976 4422 et
3022 4365 3405 4424 illuminandi
3433 4367 3524 4424 vis
3555 4371 3614 4425 et
3643 4369 3795 4425 actio

2129 4460 2441 4529 promanat
2465 4473 2478 4511 :
2504 4455 2594 4512 vel
2624 4455 2740 4512 alia
2770 4460 2863 4511 cst
2911 4455 3122 4512 anime
3152 4460 3438 4529 potestas,
3461 4456 3550 4513 vel
3597 4459 3802 4514 anima

2128 4545 2309 4601 dividi
2344 4548 2556 4616 potest,
2582 4549 2640 4600 et
2688 4547 3017 4601 secundum
3071 4545 3245 4602 aliam
3278 4551 3338 4603 et
3371 4545 3550 4604 aliam
3601 4547 3797 4621 ipsius

2131 4638 2356 4706 partem
2391 4633 2668 4706 quaelibet
2703 4633 2914 4690 harum
2958 4636 3368 4707 operationum
3401 4636 3495 4692 ﬁt.
3530 4637 3591 4693 Id
3626 4653 3804 4709 porro

369 4707 513 4778 ἀλλο
573 4722 764 4797 μόριον
798 4707 990 4793 ἀὐτῆς
1051 4723 1248 4793 ἑκάστη
1479 4721 1759 4804 ἐνεργειῶν
1815 4723 2021 4777 τούτων

2138 4724 2277 4780 dicit
2322 4723 2688 4794 Aristoteles,
2724 4740 3096 4796 nequaquam
3147 4724 3233 4780 illi
3286 4724 3563 4786 doctrinm
3595 4707 3800 4782 assen-

369 4811 596 4889 γίνεται.
633 4813 778 4882 Φησὶ
812 4809 869 4866 δέ
900 4813 928 4865 ὁ
963 4809 1352 4886 Ἀριστοτέλης
1399 4813 1503 4867 οὐκ
1545 4811 1906 4888 ἀρεσκόμενος
1955 4816 2033 4884 τῷ

371 4899 628 4977 δόγματι,
691 4899 820 4957 ἀλλ’
869 4899 1116 4974 ὶγκαλῶν
1169 4906 1250 4973 τῷ
1298 4903 1523 4976 Τιμαίῳ
1562 4903 1708 4976 παρὰ
1761 4903 1828 4956 τὰ
1870 4902 2034 4975 μόρια

369 4994 470 5045 τοῦ
503 4991 760 5060 σώματος
792 4986 1094 5065 διαιροῦντι
1125 4991 1214 5045 καὶ
1244 4992 1346 5060 τὴν
1393 4993 1602 5065 ψυχήν.
1641 4993 1744 5046 Καὶ
1776 4990 1879 5065 γὰρ
1914 4989 2031 5045 οὐδ’

275 5141 280 5146 ι
375 5078 537 5141 αὐτὸς
577 5077 833 5154 βούλεται
895 5077 1021 5152 μίαν
1085 5077 1268 5133 ούσίαν
1325 5081 1458 5134 εἶναι
1517 5087 1616 5148 τῆς
1671 5079 2034 5154 ψυχῆς.ἀλλ’

374 5165 436 5220 ἐκ
467 5163 739 5242 διαφόρων
775 5167 869 5240 μὶν
916 5165 1114 5221 οὐσιῶν
1171 5173 1483 5240 συγκεῖσθαι
1535 5167 1759 5238 ταύτην·
1819 5169 2034 5242 ἡνωμέ-

373 5276 482 5310 νων
516 5255 572 5310 δὶ
626 5254 908 5327 ἀλλήλαις
969 5257 1057 5310 καὶ
1118 5261 1361 5330 συνεχῶν
1397 5256 1591 5322 οὕτως,
1624 5258 1696 5319 ὡς
1733 5257 1860 5330 μίαν
1890 5258 2032 5332 γίνε-

373 5356 498 5409 σθαι
554 5345 726 5400 αὐτῶν
785 5345 1121 5419 συμπάθειαν
1159 5388 1172 5400 .
1231 5339 1501 5400 Διαϐαίνει
1557 5348 1658 5421 γάρ
1715 5367 1767 5400 τι
1832 5348 1922 5402 καὶ
1976 5347 2036 5402 ἐκ

364 5438 466 5490 τοῦ
494 5431 663 5511 λόγου
696 5435 774 5497 εἷς
819 5435 887 5490 τὰ
934 5433 1105 5506 πάθη,
1153 5435 1240 5489 καὶ
1293 5433 1344 5504 ἐξ
1396 5433 1614 5490 ἐκείνων
1665 5434 1740 5497 εἶς
1794 5436 1884 5489 τὸν
1937 5434 2031 5490 λό-

365 5545 488 5600 γον.
525 5524 660 5579 Τότε
706 5523 810 5599 γάρ
845 5522 1210 5599 ὑποτετάχθαι
1262 5524 1330 5578 τὰ
1381 5525 1552 5593 πάθη,
1597 5523 1687 5578 καὶ
1738 5523 1898 5579 εἷ’κειν
1954 5531 2033 5597 τῷ

371 5612 553 5689 λόγῳ,
581 5612 783 5668 ἄνωθεν
838 5613 899 5669 ἐκ
952 5620 1054 5684 τῆς
1109 5617 1207 5668 τοῦ⁹
1251 5611 1422 5689 λόγου
1454 5611 1787 5687 συλλήψεως
1843 5615 2030 5678 αὐτοῖς

371 5704 587 5783 ἐφήκει.
637 5703 776 5762 Τότε
830 5705 968 5781 πρὸς
1024 5704 1118 5766 τὰς
1175 5701 1377 5768 οἰκείας
1426 5703 1696 5779 ἐνεργείας
1742 5703 2030 5777 ἐμποδίζε-

374 5806 495 5861 σθαι
555 5793 867 5871 τὸνλόγον,
929 5792 988 5852 ἐκ
1044 5801 1143 5866 τῆς
1173 5794 1307 5873 πρὸς
1361 5796 1600 5867 τὰπάθη
1636 5795 1878 5874 σχέσεως
1937 5794 2031 5853 αὐ-

2144 4813 2319 4880 tiens,
2352 4813 2452 4868 sed
2505 4812 2791 4868 Timaeum
2840 4813 3297 4884 reprehendens,
3330 4813 3432 4886 qui
3480 4816 3552 4870 ad
3601 4818 3798 4887 partes

2143 4900 2405 4972 corporis
2449 4900 2707 4957 animam
2759 4918 2996 4974 quoque
3043 4900 3342 4958 dividebat
3375 4920 3388 4958 :
3421 4919 3558 4960 nam
3607 4920 3799 4976 neque

2142 4990 2268 5061 ipse
2299 5007 2477 5046 unam
2506 5006 2636 5046 esse
2655 4989 2782 5046 vult
2811 4991 3025 5046 animae
3045 4991 3463 5062 substantiam,
3485 4992 3589 5049 sed
3618 5010 3688 5049 ex
3716 4994 3801 5051 di-

2143 5079 2328 5136 versis
2359 5096 2488 5137 cam
2541 5079 2894 5136 substantiis
2924 5070 3254 5137 concretam
3303 5098 3506 5138 verum
3551 5081 3707 5140 inter
3735 5100 3800 5141 se

2144 5168 2393 5239 coalitis,
2426 5173 2484 5224 et
2509 5168 2591 5224 ita
2621 5170 3074 5238 cohaerentibus,
3109 5175 3174 5226 ut
3203 5187 3321 5227 una
3359 5171 3440 5228 sit
3477 5188 3680 5228 earum
3715 5174 3798 5230 af-

2145 5260 2335 5315 fectio.
2368 5261 2414 5314 A
2444 5258 2669 5315 ratione
2703 5262 2920 5333 quippe
2965 5260 3024 5316 in
3075 5259 3208 5317 illas
3261 5261 3617 5335 affectiones,
3643 5268 3700 5320 et
3729 5266 3802 5320 ab

2141 5347 2260 5404 illis
2303 5350 2362 5404 in
2395 5349 2681 5405 rationem
2727 5349 2950 5422 aliquid
2997 5353 3257 5407 transit:
3291 5351 3592 5408 interdum
3644 5355 3805 5411 enim

2143 5437 2714 5510 perturbationibus,
2731 5443 2796 5494 ut
2811 5439 3205 5510 subjiciantur
3225 5444 3282 5496 et
3302 5441 3513 5497 rationi
3537 5449 3805 5515 pareant,

2143 5544 2212 5583 ex
2241 5527 2489 5584 rationis
2527 5528 3052 5600 comprehensione
3103 5530 3318 5586 accidit
3347 5549 3361 5588 :
3395 5531 3712 5604 aliquando
3743 5534 3804 5590 in

2144 5618 2269 5674 suis
2299 5617 2576 5690 operibus
2619 5618 2910 5675 rationem
2963 5619 3238 5691 impediri
3287 5636 3358 5677 ex
3405 5619 3612 5678 habitu
3644 5623 3805 5694 ipsa-

2145 5723 2274 5764 rum
2304 5711 2362 5764 et
2393 5723 2545 5764 nexu
2594 5723 2726 5765 cum
2769 5707 3337 5780 perturbationibus,
3370 5709 3673 5784 contingit.
3704 5711 3801 5767 Sic

2142 5797 2325 5872 igitur
2355 5797 2555 5856 anima
2577 5814 2696 5857 una
2719 5806 2805 5857 est
2842 5798 3198 5867 substantia,
3223 5801 3364 5857 utet
3391 5801 3581 5856 totum
3613 5799 3800 5856 homi-
