4124 6406
356 433 506 495 1071

1696 425 2121 488 MICHAELIS
2162 425 2439 486 PSELLI

3627 425 3784 485 1072

353 581 488 622 nam
520 564 698 620 unius
728 580 859 620 esse
889 562 1233 619 substantias
1259 561 1534 630 dicimus,
1555 564 1614 616 et
1643 573 2010 632 quacunque

2136 561 2230 611 τῶν
2264 555 2624 632 περιγίνεται.
2655 553 2844 619 Οὕτως
2897 557 2986 612 οὗν
3041 556 3138 630 μία
3185 556 3343 613 οὐσία
3390 558 3426 627 ἡ
3471 557 3651 632 ψυχὴ,
3707 555 3782 619 ὡς

354 672 424 712 ex
455 653 703 710 materia
749 657 808 708 et
856 653 1045 708 forma
1075 655 1395 707 constant:
1430 651 1570 722 quia
1617 651 1773 721 quod
1826 663 2014 719 neque

352 741 717 800 irrationalis
765 741 966 796 anima
1013 743 1208 796 omnis
1269 740 1446 795 unius
1494 744 1585 794 est
1641 737 2016 802 ubstantiaa,

354 831 612 888 ostendit
657 831 811 886 inter
849 847 912 886 se
960 846 1113 900 saepe
1171 828 1460 884 dissidere
1519 826 2016 899 perturbationes,

352 921 500 976 iram
531 920 662 975 dico
711 928 765 974 et
795 919 1177 990 cupiditatem
1211 935 1222 973 :
1257 922 1317 972 at
1346 917 1491 972 nihil
1524 916 1736 971 horum
1771 918 2015 986 pugnat.

349 1017 757 1083 Sapenumsro
811 1009 996 1081 igitur
1026 1009 1096 1065 ad
1131 1008 1414 1063 rationem
1463 1007 1656 1078 magis
1707 1005 1793 1058 ira
1841 1005 2018 1076 perti-

351 1105 470 1169 net,
506 1104 571 1155 ut
617 1100 670 1153 ei
731 1099 968 1153 afﬁnior
1031 1101 1268 1168 propter
1327 1095 1737 1150 ambitionem.
1772 1092 2022 1149 Obsistit

353 1195 550 1245 autem
581 1192 640 1243 et
669 1187 945 1242 renititur
977 1185 1296 1258 cupiditas,
1333 1184 1471 1256 quia
1500 1184 1830 1239 secundum
1865 1181 2019 1237 acci-

352 1279 522 1348 dens,
569 1276 784 1348 inquit,
815 1276 875 1330 in
927 1273 1214 1331 similium
1268 1273 1525 1345 partium
1577 1275 1773 1344 partes
1823 1270 2021 1325 anima

353 1366 638 1424 dividitur
698 1383 711 1421 :
773 1365 928 1436 quod
997 1363 1158 1419 enim
1224 1363 1283 1417 in
1357 1378 1600 1434 corpore
1660 1360 2019 1425 dividantur,

354 1456 484 1524 ipsa
526 1469 761 1527 quoque
810 1470 930 1509 una
976 1451 1282 1520 dividitur,
1317 1456 1384 1506 ut
1429 1451 1488 1505 in
1543 1449 1765 1522 plantis
1817 1453 1874 1502 et
1929 1447 2020 1502 in-

359 1545 560 1602 sectis.

431 1648 794 1708 Irrationalis
825 1648 1023 1703 anima
1052 1652 1110 1703 et
1137 1654 1437 1718 vegetans,
1468 1645 1554 1701 vis
1585 1662 1653 1700 ex
1683 1661 1745 1700 se
1779 1660 2021 1700 movens

360 1740 624 1813 corporis
654 1738 768 1794 dici
803 1741 1015 1809 potest,
1048 1741 1114 1792 ut
1155 1737 1346 1792 forma
1392 1736 1451 1789 in
1504 1735 1769 1804 materia,
1803 1741 1857 1788 et
1885 1738 2020 1789 tan-

362 1846 543 1903 quam
576 1827 911 1884 substantia
955 1843 1063 1882 sua
1112 1826 1448 1896 subjectum
1499 1823 1832 1895 perﬁciens,
1863 1828 1920 1878 et
1950 1823 2020 1877 ab

360 1921 488 1991 ipso
520 1914 959 1988 inseparabilis
994 1915 1177 1984 Cujus
1217 1913 1373 1968 enim
1406 1911 1680 1985 perfectio
1713 1912 1824 1966 erit
1850 1927 2019 1982 vege-

359 2014 497 2064 tans
547 2007 765 2071 anima,
807 2003 855 2059 si
909 2020 943 2058 a
991 2004 1235 2073 corpore
1286 2000 1635 2073 separetur?
1685 1999 2019 2056 Entelechia

360 2111 597 2170 quoque
656 2092 962 2149 rationalis
1019 2092 1220 2148 anima
1275 2091 1390 2146 dici
1447 2095 1658 2162 potest,
1692 2107 1804 2145 non
1864 2089 2017 2160 quod

362 2185 698 2242 substantia
729 2182 995 2254 perﬁciat
1033 2181 1392 2252 subjectum,
1427 2181 1524 2236 sed
1559 2180 1712 2252 quod
1743 2179 1969 2234 actione
2005 2196 2018 2234 :

363 2282 428 2332 ut
461 2275 821 2347 gubernator
866 2287 1076 2328 navem
1127 2270 1357 2342 perﬁcit
1385 2274 1444 2326 et
1474 2271 1643 2341 regit,
1676 2286 1790 2340 qua
1838 2285 1899 2324 re
1947 2268 2018 2322 ab

360 2366 487 2436 ipso
516 2361 778 2434 separari
822 2364 1033 2433 potest.
1069 2361 1280 2417 Verum
1313 2364 1370 2416 et
1402 2358 1602 2431 aliquo
1634 2359 1808 2414 modo
1841 2357 2020 2413 ratio-

362 2454 514 2510 nalis
544 2453 721 2508 etiam
755 2450 954 2507 anima
997 2449 1114 2505 dici
1156 2453 1351 2520 potest
1380 2465 1414 2504 a
1443 2463 1686 2520 corpore
1715 2448 2022 2519 insepara-

361 2542 520 2612 bilis,
555 2558 674 2613 qua
699 2544 790 2595 est
834 2537 1182 2594 entelechia.
1215 2537 1358 2593 Nam
1404 2537 1686 2602 actiones,
1723 2552 1826 2607 per
1872 2550 2022 2605 quas

361 2631 577 2687 animal
613 2629 842 2701 perficit
888 2628 1088 2700 ipsum
1123 2643 1367 2682 movens
1414 2625 1525 2680 hoc
1556 2625 1643 2680 vel
1674 2624 1775 2679 illo
1826 2624 2022 2688 modo,

353 2721 539 2796 habet
575 2736 609 2774 a
651 2733 892 2788 corpore
945 2714 1372 2787 inseparabiles
1409 2732 1421 2769 :
1457 2714 1555 2768 ubi
1606 2715 1761 2768 enim
1796 2729 1864 2768 ex
1895 2713 2023 2784 ipso

361 2808 698 2878 excesserit,
736 2823 851 2861 non
899 2805 992 2860 his
1040 2803 1300 2875 amplius
1344 2807 1562 2858 utetur.
1598 2802 1715 2858 Has
1767 2801 1922 2857 enim
1957 2818 2026 2856 ex

359 2899 566 2956 habitu
597 2897 668 2951 ad
721 2911 958 2966 corpus,
1009 2892 1240 2948 habuit.
1277 2895 1480 2963 Itaque
1528 2892 1637 2947 hoc
1685 2897 1875 2963 pacto,
1908 2908 2025 2962 qua

360 2985 685 3044 entelechia
714 2988 824 3051 est,
855 2983 965 3039 hoc
997 2982 1148 3051 dico,
1180 2983 1504 3038 secundum
1537 2982 1713 3038 hasce
1742 2982 2020 3046 actiones,

364 3095 399 3133 a
451 3091 693 3146 corpore
749 3072 1010 3143 separari
1070 3088 1186 3126 non
1246 3076 1458 3144 potest.
1520 3071 2023 3134 Quemadmodum

365 3164 798 3238 gubernatoris,
842 3166 906 3217 ut
947 3161 1308 3234 gubernator
1354 3166 1466 3231 est,
1501 3161 1761 3217 actiones
1810 3177 1845 3216 a
1891 3159 2023 3215 navi

2123 649 2213 702 καὶ
2246 648 2339 702 τὸν
2371 646 2505 702 ὅλον
2548 648 2832 723 ἄνθρωπον
2884 653 3011 720 μιᾶς
3045 646 3178 703 εἶναί
3228 668 3401 721 φαμεν
3434 647 3646 714 οὐσίας,
3691 645 3781 701 καὶ

2126 736 2343 806 ἁπλῶς,
2399 739 2466 791 τὰ
2523 736 2572 810 ἐξ
2621 735 2762 808 ὅλης
2813 737 2904 792 καὶ
2955 735 3153 800 εἴδους·
3207 736 3323 792 ἐπεὶ
3359 735 3442 791 ὅτι
3473 757 3536 810 γε
3565 733 3691 790 οὐδε
3745 737 3782 804 ἡ

2127 824 2332 901 ἄλογος
2389 827 2544 902 ψυχὴ
2595 832 2742 881 πᾶσα
2783 831 2910 900 μιᾶς
2969 825 3110 881 ἐστιν
3172 825 3378 895 οὐσίας,
3435 822 3664 880 δεικνύει
3719 823 3783 879 τὸ

2132 917 2400 991 μάχεσθαι
2455 913 2730 986 ἄλλήλοις
2776 914 3052 978 πολλάκις
3109 915 3176 969 τὰ
3227 915 3398 984 πάθη,
3433 913 3607 984 θυμὸν
3639 910 3784 988 λέγω

2126 1004 2218 1058 καὶ
2265 1003 2585 1078 ἐπιθυμίαν
2648 1001 2805 1060 οὐδὶν
2857 1001 2916 1060 δὲ
2972 1003 3148 1060 αὐτῶν
3200 1006 3456 1079 μάχεται.
3500 999 3783 1064 Πολλάκις

2126 1099 2254 1170 γοῦν
2285 1095 2420 1168 πρὸς
2449 1098 2545 1148 τοῦ
2577 1089 2746 1169 λόγου
2781 1092 2997 1167 μᾶλλον
3029 1095 3057 1148 6
3089 1093 3280 1166 θυμὸς,
3318 1091 3532 1165 μᾶλλον
3561 1089 3782 1166 γίνεται,

2129 1183 2204 1244 ὡς
2236 1182 2646 1259 συγγενέστερος
2676 1180 2767 1238 διὰ
2820 1184 2882 1238 τὸ
2916 1181 3234 1262 φιλότιμον.
3293 1178 3575 1236 Ἀνθέλκει
3634 1176 3693 1234 δὲ
3748 1182 3783 1248 ἡ

2128 1271 2408 1346 ἐπιθυμία.
2467 1275 2588 1330 Ὃτι
2625 1271 2765 1328 κατὰ
2810 1267 3183 1346 συμϐεϐηκὸς,
3239 1271 3424 1349 φησὶν,
3458 1271 3534 1332 εἱς
3592 1271 3786 1342 ὁμοιο-

2134 1369 2271 1438 μερῆ
2325 1359 2612 1437 διαιρεῖται
2667 1361 2805 1434 μέρη
2839 1363 2873 1431 ἡ
2901 1362 3055 1437 ψυχή
3082 1380 3094 1394 ·
3127 1365 3206 1432 τῷ
3235 1363 3340 1436 γάρ
3369 1379 3455 1415 τοι
3489 1357 3539 1414 έν
3572 1363 3650 1430 τῷ
3679 1357 3785 1412 σώ-

2135 1471 2262 1523 ματι
2295 1447 2640 1526 διαιρεῖσθηι,
2687 1451 2778 1504 καὶ
2807 1450 2945 1519 αὐτὴ
2995 1447 3410 1526 συνδιαιρεῖται,
3442 1449 3516 1510 ὡς
3559 1445 3647 1502 ἐπὶ
3676 1450 3785 1502 τῶν

2133 1543 2311 1617 φυτῶν
2343 1539 2434 1594 καὶ
2459 1543 2565 1594 τῶν
2597 1537 2867 1612 ἐντόμων.

2201 1648 2327 1702 ’Ότι
2357 1648 2392 1715 ἡ
2429 1645 2522 1719 μὶν
2554 1644 2754 1722 ἄλογος
2784 1647 2938 1722 ψυχὴ
2970 1647 3057 1701 xui
3100 1647 3135 1716 ἠ
3196 1646 3420 1724 φυτικὴ,
3479 1643 3791 1720 έντελέχεια

2132 1733 2332 1812 λέγοιτ’
2360 1732 2421 1790 ἂν
2446 1739 2543 1790 τοῦ
2573 1737 2848 1807 σώματος,
2880 1735 2954 1798 ὡς
2988 1731 3128 1798 εἶδος
3171 1733 3223 1790 έν
3259 1734 3389 1810 ὕλῃ,
3439 1733 3530 1789 καὶ
3566 1735 3639 1797 ὡς
3696 1733 3791 1788 οὐ·

2132 1825 2220 1896 σία
2244 1822 2530 1880 τελειοῦσα
2568 1826 2630 1880 τὸ
2689 1824 3067 1898 ὐποκείμενον,
3120 1825 3210 1880 καὶ
3253 1825 3564 1900 ἆχώριστος
3617 1822 3792 1900 έπάρ-

2131 1934 2309 1991 χουσα
2357 1915 2541 1970 αὐτοῦ.
2597 1914 2759 1978 Τίνος
2809 1912 2912 1990 γάρ
2975 1913 3123 1969 ἔσται
3163 1912 3448 1983 τελειότης
3497 1916 3530 1982 ὴ
3587 1912 3790 1986 φυτικὴ

2127 2005 2281 2080 ψυχὴ
2318 2008 2656 2080 χωρισθεῖσα
2700 2007 2798 2058 τοῦ
2848 2004 3147 2076 σώματος;
3204 2001 3552 2078 Ἐντελέχεια
3605 1998 3665 2056 δὲ
3702 2000 3795 2054 καὶ

2127 2093 2162 2155 ἡ
2199 2089 2395 2166 λογικὴ
2423 2092 2578 2166 ψυχὴ
2612 2090 2810 2164 λέγοιτ’
2839 2088 2925 2158 ἂν,
2958 2089 3065 2166 οὐχ
3095 2089 3171 2153 ὠς
3221 2093 3291 2164 τῇ
3323 2090 3482 2161 οὐσίᾳ
3509 2089 3795 2145 τελειοῦσα

2125 2181 2189 2235 τὸ
2246 2180 2625 2254 ὑποκείμενον,
2685 2178 2832 2236 ἀλλὰ
2884 2183 2954 2254 τῇ
3013 2179 3274 2256 ένεργείᾳ.
3334 2179 3432 2234 Καὶ
3481 2179 3556 2242 ὡς
3609 2180 3637 2234 6
3694 2199 3792 2233 κυ-

2130 2264 2400 2345 ϐερνήτης
2457 2271 2520 2324 τὸ
2569 2268 2768 2325 πλοῖον
2821 2267 3027 2324 τελειοῖ
3055 2267 3148 2324 καί
3201 2267 3402 2323 τάττει·
3438 2265 3638 2322 διὸκαὶ
3674 2286 3790 2342 χω-
3888 2287 3899 2296 ·

2131 2361 2285 2433 ριστή
2349 2359 2488 2416 έστιν
2549 2359 2734 2415 αὐτοῦ.
2798 2357 3028 2413 Δύναται
3062 2357 3156 2432 μέν
3193 2379 3276 2414 τοι
3327 2358 3463 2413 κατά
3508 2378 3630 2412 τινα
3659 2357 3792 2430 τρό-

2130 2468 2230 2503 πον
2265 2447 2516 2524 λέγεσθαι
2545 2449 2637 2503 καὶ
2685 2450 2721 2517 ὴ
2755 2445 2953 2523 λογικὴ
2983 2448 3138 2522 ψυχὴ
3171 2447 3486 2522 ἀχώριστος
3531 2445 3662 2501 εἶναι
3692 2449 3793 2500 τοῦ

2131 2539 2411 2610 σώματος,
2457 2537 2588 2592 καθό
2622 2537 2761 2592 ἐστιν
2814 2535 3146 2611 ἐντελέχεια.
3207 2536 3320 2597 Τὰς
3367 2535 3470 2611 γὰρ
3523 2534 3792 2610 ἐνεργείας

2132 2628 2250 2690 καθ’
2308 2625 2370 2690 ἃς
2421 2624 2628 2681 τελειοῖ
2682 2627 2745 2680 τὸ
2806 2630 2966 2697 ζῶον,
3024 2629 3249 2680 κινοῦσα
3299 2624 3431 2681 αὐτὸ
3458 2622 3692 2680 τοιῶσδε
3749 2623 3786 2694 ἢ

2131 2713 2383 2782 τοιῶσδε,
2425 2713 2753 2790 ἀχωρίστως
2810 2709 2925 2789 ἔχει
2981 2717 3077 2769 τοῦ
3137 2715 3416 2788 σώματος.
3475 2711 3797 2784 Ἐξελθοῦσα

2132 2808 2232 2879 γὰρ
2292 2804 2477 2871 αὑτοῦ,
2525 2803 2703 2858 οὐκέτι
2756 2803 2955 2866 ταύτας
3010 2802 3309 2879 ἐνεργήσεν
3375 2803 3491 2880 εἶχε
3541 2803 3642 2880 γὰρ
3696 2802 3792 2858 αὐ-

2131 2895 2228 2956 τὰς
2258 2892 2318 2948 ἐκ
2349 2900 2446 2962 τῆς
2478 2894 2718 2969 σχέσεως
2748 2896 2849 2963 τῆς
2891 2893 3028 2968 πρὸς
3074 2895 3136 2948 τὸ
3189 2897 3370 2966 σῶμα*
3431 2892 3569 2948 ὣστε
3624 2892 3794 2965 ταύτῃ

2132 2984 2265 3038 καθὸ
2323 2982 2633 3058 ἐντελέχειά
2691 2982 2823 3056 ἐστι,
2857 2981 3004 3057 λέγω
3057 2980 3124 3052 δὴ
3175 2982 3309 3038 κατὰ
3336 2979 3498 3038 τάσδε
3521 2983 3616 3044 τὰς
3650 2981 3798 3057 ἐνερ-

2131 3071 2304 3149 γείας,
2364 3072 2674 3148 ἀχώριστος
2728 3070 2789 3127 ἂν
2844 3071 2928 3144 εἷή
2990 3076 3086 3127 τοῦ
3139 3071 3410 3144 σώματος’
3475 3070 3658 3148 ὥσπερ
3708 3072 3799 3126 καὶ

2129 3165 2228 3218 τοῦ
2292 3157 2628 3238 κυϐερνήτου
2706 3161 2762 3216 αἱ
2826 3162 2902 3224 ὡς
2968 3155 3306 3238 κυϐερνήτου
3382 3159 3646 3236 ἐνέργειαι
3697 3165 3796 3216 τοῦ

363 3253 623 3327 separari
681 3269 797 3308 non
855 3256 1142 3324 possunt,
1201 3257 1259 3306 et
1315 3255 1624 3324 separatur
1688 3250 1885 3306 homo.
1947 3253 2022 3304 Ut

2136 3249 2335 3306 πλοίου
2365 3249 2496 3306 εἰσὶν
2531 3251 2860 3326 ἀχώριστοι,
2903 3249 2993 3306 καὶ
3025 3250 3324 3327 χωρίζεται
3359 3250 3452 3324 μὶν
3513 3251 3541 3305 6
3586 3251 3796 3324 ἂνθρω-

363 3321 722 3417 gubernator
788 3321 1064 3413 quidem,
1122 3340 1232 3396 etsi
1299 3321 1472 3411 agat,
1539 3338 1719 3395 simul
1787 3355 1822 3394 a
1888 3337 2020 3393 navi

2136 3361 2254 3403 πος.
2285 3342 2374 3402 Ὠς
2411 3339 2504 3414 μέν
2536 3321 2623 3395 τοι
2662 3321 3128 3416 ⁷κυϐερνήτηςτιῖὀν
3176 3339 3228 3395 έν
3279 3321 3520 3417 ένεργείᾳ
3573 3321 3695 3413 ἅμα.
3735 3359 3796 3394 τε

363 3434 667 3504 sejunctas
733 3434 859 3499 est,
936 3433 1244 3502 corruptas
1310 3429 1488 3485 habet
1552 3428 1844 3500 ejusmodi
1918 3444 2018 3483 ac-

362 3521 576 3580 tiones.

433 3627 711 3683 Omnium
741 3625 1070 3698 vegstantis
1119 3625 1324 3681 animas
1365 3629 1724 3697 potestatum
1779 3623 2022 3680 nobilis-

363 3718 576 3774 simam
611 3717 780 3771 aiunt
824 3730 954 3770 esse
982 3713 1098 3769 vim
1148 3714 1493 3786 generandi,
1526 3715 1848 3770 secundam
1880 3731 2021 3769 auc-

361 3807 592 3876 tricem,
624 3804 858 3859 tertiam
893 3803 1156 3859 altricem
1187 3820 1199 3858 :
1225 3821 1363 3859 nam
1395 3804 1648 3876 speciem
1681 3821 2024 3860 conservare

364 3893 583 3950 altricis
616 3908 766 3963 opus
814 3895 907 3946 est
939 3908 951 3946 :
986 3890 1192 3945 tandiu
1241 3890 1396 3945 enim
1452 3890 1724 3957 vivimus,
1757 3891 2023 3962 quandiu

365 3983 600 4039 alimur.
632 3980 926 4037 Auctricis
967 3985 1163 4036 autem
1213 3985 1323 4046 est,
1355 3981 1426 4035 ad
1481 3981 1801 4052 perfectum
1833 3991 1883 4036 et
1920 3997 2022 4036 na-

365 4071 617 4128 turalem
652 4070 896 4126 modum
929 4069 1219 4124 deducere
1254 4069 1324 4124 ad
1358 4085 1535 4140 quem
1568 4085 1701 4124 cum
1735 4069 2026 4125 evaserint

367 4160 652 4217 animalia
680 4166 745 4229 ζει
794 4159 1028 4230 plantae,
1079 4158 1151 4214 ad
1200 4158 1760 4229 praestantissimum
1802 4163 2023 4214 naturae

369 4250 569 4314 ﬁnem,
619 4247 727 4303 hoc
777 4253 887 4314 est,
921 4247 993 4301 ad
1049 4247 1369 4319 generandi
1421 4252 1792 4317 potestatem,
1820 4263 2023 4319 perve-

370 4342 605 4395 nerunt.
639 4338 694 4392 Is
725 4336 884 4392 enim
917 4339 1005 4391 est
1035 4340 1261 4391 naturis
1299 4336 1545 4392 ultimus
1576 4341 1633 4392 et
1663 4336 2025 4408 perfectissi-

370 4445 501 4484 mus
546 4443 762 4497 scopus
816 4429 1053 4496 prepter
1101 4425 1444 4482 aeternitatis
1473 4425 2026 4495 et;immorta1itatis

367 4519 428 4572 in
480 4514 699 4589 genitis
747 4513 1105 4570 animalibus
1163 4516 1570 4587 cupiditatem,
1613 4532 1740 4586 qua;
1790 4531 2025 4570 succes-

367 4607 535 4665 sione
585 4609 984 4676 comparatur.
1014 4604 1255 4660 Auctrix
1299 4606 1498 4678 itaque
1530 4605 1815 4660 rationem
1852 4605 2026 4661 habet

2127 3431 2461 3571 κεχώρὶστειι
2488 3435 2591 3499 τῆς
2614 3429 2864 3498 νεὼς,καὶ
2895 3429 3234 3508 έφθαρμένας
3261 3424 3379 3506 ἔχει
3409 3428 3506 3492 τὰς
3535 3427 3792 3493 τοιαύτας

2130 3518 2309 3572 ένεονε
2336 3538 2418 3572 ας.

2156 3538 2418 3595 νεργειας.

2201 3627 2326 3682 ⁸Ὀτι
2371 3623 2651 3701 κρείττων,
2706 3624 2883 3702 φασὶ,
2942 3630 3128 3680 πασῶν
3179 3628 3268 3681 καὶ
3321 3626 3625 3702 τιμιωτέρα
3681 3630 3790 3682 τῶν

2130 3721 2232 3784 τῆς
2265 3720 2497 3789 φυτικῆς
2562 3717 2750 3788 ψυχῆς
2807 3711 3086 3787 δυνάμεων
3132 3716 3168 3784 ἡ
3199 3717 3489 3789 γυνησιτική⁸
3543 3712 3793 3788 δεύτερον

2135 3801 2192 3859 δὲ
2239 3806 2274 3873 ἡ
2307 3803 2593 3876 αὐξητικὴ,
2645 3802 2734 3857 καὶ
2773 3803 2956 3878 τρίτον
2993 3805 3028 3872 ἡ
3071 3805 3357 3878 θρεπτική.
3389 3809 3497 3873 Τῆς
3547 3804 3640 3876 μὲν
3688 3805 3793 3878 γὰρ

2134 3895 2427 3969 θρεπτικῆς
2459 3891 2619 3968 ἔργον
2643 3891 2755 3947 ἒστὶ
2798 3893 2861 3947 τὸ
2914 3892 3103 3961 σώζειν
3163 3893 3224 3947 τὸ
3273 3891 3434 3955 εἶδοςο
3473 3895 3640 3968 μέχρι
3687 3893 3793 3968 γὰρ

2131 3983 2394 4039 τοσούτου
2421 3983 2726 4056 σωζόμεθα,
2786 3978 2894 4043 ἕως
2952 3982 3010 4036 ἂν
3042 3983 3388 4061 τρεφώμεθα.
3452 3985 3570 4051 Τῆς
3603 3980 3660 4037 δὲ
3691 3982 3791 4037 αὐ-

2133 4073 2378 4143 εητικῆς,
2432 4070 2494 4124 τὸ
2543 4069 2619 4131 είς
2665 4069 2729 4123 τὸ
2776 4066 2986 4123 τέλειον
3037 4070 3122 4124 καὶ
3184 4071 3324 4125 κατὰ
3381 4071 3539 4148 φύσιν
3598 4071 3798 4146 μέτρον

2135 4160 2376 4235 ἀγαγεῖν,
2429 4157 2506 4222 είς
2551 4157 2580 4212 6
2628 4157 2890 4233 γενόμενα
2918 4156 2984 4212 τά
3014 4179 3072 4212 τε
3105 4162 3218 4228 ζῶα
3265 4160 3356 4214 καὶ
3386 4159 3453 4215 τὰ
3485 4159 3644 4237 φυτὰ,
3704 4160 3798 4214 ἐπὶ

2132 4248 2196 4302 τὸ
2251 4248 2669 4320 σκοπιμώτατον
2718 4253 2820 4316 τῆς
2879 4246 3089 4325 φύσεως
3145 4246 3327 4318 τέλος,
3371 4247 3520 4324 λέγω
3575 4247 3642 4318 δὴ
3694 4250 3798 4318 τὴν

2131 4335 2452 4411 γεννητικὴν
2513 4331 2761 4408 δύναμιν,
2819 4334 3171 4410 παραγίνεται
3207 4381 3219 4393 .
3289 4334 3465 4399 Οὗτος
3534 4337 3636 4412 γὰρ
3696 4343 3797 4406 τῆς

2134 4423 2344 4503 φύσεως
2401 4425 2428 4479 6
2485 4421 2852 4486 τελικώτατος
2902 4424 3103 4487 σκοπὸς
3164 4423 3254 4480 διὰ
3306 4427 3406 4496 τὴν
3466 4421 3643 4504 ἔφεσιν
3696 4428 3798 4490 τῆς

2132 4513 2445 4585 ἀϊδιότητος
2473 4520 2574 4584 τῆς
2602 4515 2893 4576 ἀθανασίας
2921 4519 3039 4577 τοῖς
3090 4521 3370 4590 γεννητοῖς
3433 4516 3616 4587 ζώοις,
3681 4515 3800 4570 έπι-

2135 4608 2430 4677 σκευαστῇς
2460 4605 2531 4676 τῇ
2590 4601 2828 4678 διαδοχῇ
2882 4603 3195 4678 γενομένης·
3245 4604 3384 4660 ὣστε
3441 4607 3475 4674 ἡ
3540 4604 3636 4677 μὶν
3699 4604 3797 4660 αὐ-

370 4695 627 4754 materiaa
685 4695 755 4751 ad
815 4694 1135 4766 generandi
1190 4693 1331 4764 vim,
1381 4695 1454 4750 ad
1514 4693 1832 4750 auctricem
1891 4711 2022 4750 vero

2136 4695 2326 4770 ξητικὴ
2385 4694 2520 4761 ὕλης
2549 4692 2736 4770 έπέχει
2784 4692 2949 4770 λόγον
2983 4695 3118 4769 πρὸς
3147 4696 3246 4764 τὴν
3270 4696 3620 4771 γεννητικήν.
3656 4694 3806 4767 Πρὸς

371 4786 564 4843 altrix.

439 4875 524 4931 Ad
547 4871 882 4930 Aristotelis
914 4872 1205 4942 animum,
1229 4887 1396 4928 mens
1419 4871 1746 4928 entelechia
1767 4873 2029 4946 corporis

372 4966 486 5022 dici
533 4966 772 5036 potest:
808 4962 1058 5033 ideoque
1107 4963 1180 5016 ab
1228 4978 1294 5016 eo
1342 4961 1606 5033 separari
1655 4964 1877 5033 nequit,
1911 4980 2028 5019 non

373 5053 731 5122 substantia,
765 5067 954 5123 neque
985 5051 1262 5106 omnibus
1285 5051 1411 5107 suis
1442 5051 1800 5121 actionibus,
1822 5053 1923 5108 sed
1954 5053 2029 5108 iis

374 5149 806 5214 tantum,quas
855 5157 924 5196 ex
964 5141 1164 5196 habitu
1209 5145 1266 5196 et
1318 5141 1626 5197 affectione
1674 5143 1742 5197 ad
1791 5160 2028 5215 corpus,

375 5233 566 5289 habet.
599 5235 859 5298 Quarum
891 5231 1196 5302 praecipuas
1227 5235 1368 5287 sunt
1396 5230 1687 5302 eil‘ectivae,
1712 5231 1802 5287 hae
1831 5238 2026 5289 autem

373 5322 632 5378 actiones
665 5321 925 5393 separari
958 5337 992 5375 a
1023 5336 1264 5392 corpore
1297 5337 1411 5376 non
1447 5326 1696 5390 possunt
1728 5340 1741 5378 :
1775 5339 1910 5378 nam
1945 5323 2028 5380 si-

379 5409 496 5466 mul
535 5427 602 5465 ac
634 5414 978 5482 corruptum
1013 5415 1102 5466 est
1133 5426 1494 5482 corpus,una
1524 5427 1758 5483 quoque
1788 5418 2035 5484 pereunt

369 5499 454 5556 hae
488 5499 704 5556 mentis
735 5499 1020 5568 actiones,
1043 5517 1192 5571 quas
1220 5517 1290 5556 ex
1320 5501 1735 5571 conjunctione
1765 5505 2028 5575 corporis

367 5588 626 5646 habebat
659 5606 671 5643 :
704 5593 760 5644 et
790 5589 1290 5659 quemadmodum
1324 5592 1704 5662 gubernator,
1732 5594 1830 5665 qui
1866 5594 2029 5650 navis

368 5679 550 5737 motio
581 5683 693 5749 est,
727 5679 866 5752 quia
896 5695 1010 5734 non
1043 5684 1273 5736 tantum
1303 5680 1684 5753 gubernator,
1717 5683 1818 5738 sed
1849 5684 2025 5740 etiam

368 5771 540 5826 homo
573 5774 682 5836 est,
710 5773 766 5824 et
797 5785 914 5840 qua
946 5767 1122 5824 homo
1152 5773 1260 5841 est,
1296 5786 1544 5827 manens
1577 5775 1743 5828 actus
1775 5789 1877 5829 seu
1911 5790 2030 5830 mo-

2138 4782 2196 4840 δὶ
2222 4787 2320 4854 τὴν
2348 4783 2643 4854 αὐξητικὴν
2672 4785 2706 4853 ὴ
2742 4785 3029 4859 θρεπτική.

2206 4877 2329 4932 Ὃτι
2373 4875 2401 4928 6
2432 4877 2556 4936 νοῦς
2597 4873 2735 4928 κατὰ
2792 4871 3182 4949 Ἀριστοτέλην
3244 4870 3449 4927 δύναιτ’
3503 4873 3564 4928 ἃν
3597 4870 3802 4928 έντελέ-

2137 4983 2264 5040 χεια
2291 4968 2387 5018 τοῦ
2435 4963 2687 5036 σώματος
2735 4959 3004 5037 λέγεσθαι,
3047 4963 3135 5016 καὶ
3181 4962 3318 5017 κατά
3348 4967 3510 5016 τοῦτο
3567 4959 3776 5036 ἀχώρι-

2138 5054 2262 5116 στός
2291 5055 2400 5108 ἐστι
2431 5056 2528 5108 τοῦ
2572 5052 2850 5124 σώματος,
2899 5049 3022 5107 οὕτε
3049 5055 3119 5125 τῇ
3178 5051 3355 5122 οὐσίᾳ,
3417 5048 3542 5106 οὔτε
3600 5051 3798 5111 πάσαις

2137 5141 2301 5198 αὐτοῦ
2356 5145 2476 5203 ταῖς
2536 5138 2854 5216 ἓνεργείαις.
2917 5137 3063 5194 ἀλλὰ
3099 5139 3345 5213 ταύταις,
3407 5137 3468 5202 ἅς
3524 5137 3678 5213 ’ίσχεί
3737 5137 3799 5192 ἐκ

2135 5236 2233 5303 τῆς
2291 5232 2529 5307 σχέσεως
2588 5236 2690 5300 τῆς
2721 5231 2856 5306 πρὸς
2885 5229 2947 5284 τὸ
2997 5234 3176 5303 σῶμα,
3234 5230 3308 5283 ὧν
3376 5227 3615 5302 μάλιστά
3660 5227 3796 5282 εἰσιν

2140 5325 2194 5378 αἱ
2250 5319 2576 5398 πρακτικαί.
2638 5320 2810 5376 Αὐται
2869 5317 2926 5375 δὲ
2997 5320 3258 5395 ἐνέργειαι
3317 5318 3627 5395 ἀχώριστοι
3691 5316 3803 5372 εἶσὶ

2137 5417 2234 5468 τοῦ
2296 5413 2595 5484 σώματος’
2654 5410 2766 5483 ἅμα
2840 5410 2940 5485 γὰρ
2999 5413 3079 5482 τῷ
3132 5415 3402 5485 φθαρῆναι
3475 5407 3538 5462 τὸ
3608 5407 3792 5480 σῶμα,

2139 5502 2560 5581 συμφθείρονται
2604 5500 2690 5555 καὶ
2725 5501 2778 5554 αἱ
2807 5502 3054 5554 τοίαὖται
3110 5502 3206 5554 τοῦ
3261 5502 3358 5553 νοῦ
3415 5496 3705 5572 ἐνέργειαι,
3739 5498 3803 5558 ἃς

2141 5594 2201 5648 ὲκ
2245 5599 2344 5662 τῆς
2392 5591 2631 5666 σχέσεως
2689 5586 2818 5665 ἔσχε
2874 5592 2970 5643 τοῦ
3023 5587 3312 5660 σώματος.
3370 5585 3468 5642 Καὶ
3527 5585 3711 5662 ὥσπερ
3773 5586 3803 5640 6

2138 5677 2500 5758 κυϐερνήτης,
2562 5678 2876 5753 ἐντελέχεια
2933 5676 3006 5732 ὥν
3061 5683 3160 5747 τῆς
3217 5676 3374 5749 νεὼς,
3407 5671 3596 5744 ἐπειδὴ
3631 5671 3698 5742 δὴ
3733 5675 3802 5732 οὐ

2145 5775 2306 5847 μόνον
2341 5765 2682 5846 κυϐερνήτης
2721 5767 2884 5840 ἐστὶν,
2933 5765 3080 5822 ἀλλὰ
3110 5768 3199 5822 καὶ
3262 5768 3290 5821 6
3351 5768 3661 5843 ἅνθρωπος,
3720 5764 3798 5828 ὡς
