4124 6394
368 493 521 552 10⁵77
1461 489 1533 547 IN
1587 485 1996 547 PSYCHOGU

2160 484 2203 543 Μ
2248 480 2657 543 PLATONIS.
3628 470 3788 531 1078

878 863 1283 994 ΤΟΥ
1431 860 2289 992 ΨΕΛΛΟΥ
2443 850 3287 984 ΜΙΧΑΗΛ

2016 1116 2131 1168 ΕΙΣ

590 1322 904 1417 ΤΗΝ
1019 1317 2098 1417 ΨΥΧΟΓΟΝΙΑΝ
2229 1316 2533 1413 ΤΟΥ
2647 1313 3577 1413 ΠΛΑΤΩΝΟΣ.

906 1720 2247 1874 MICHAELIS
2420 1718 3272 1872 PSELLI

1771 2031 2399 2096 COMMENTARIUS

1004 2263 1141 2359 IN
1216 2261 2223 2361 PSYCHOGONIAM
2300 2262 3167 2359 PLATONICAM.

1267 2480 1370 2552 (Ex
1398 2479 1652 2537 editione
1681 2479 1867 2536 Caroli
1897 2479 2197 2537 Guilielmi
2232 2481 2469 2552 Linder,
2502 2479 2911 2553 Upsaliensis.)

1669 2874 2230 2936 ARGUMENTUM
2274 2875 2507 2936 LIBRI.

458 3082 520 3139 In
553 3081 741 3155 prima
770 3086 935 3155 parte
965 3097 1100 3138 cum
1134 3081 1205 3136 de
1237 3079 1470 3136 duobus
1492 3078 1611 3135 illis
1644 3095 1839 3135 rerum
1870 3079 2190 3151 generibus
2222 3078 2583 3152 disputatur,
2607 3098 2858 3153 quorum
2890 3082 3140 3138 alterum
3175 3104 3201 3132 «
3237 3085 3327 3137 est
3357 3080 3807 3153 sempiternum,

385 3177 684 3240 constans,
718 3170 912 3227 omnis
944 3185 1150 3242 expers
1181 3167 1632 3233 vicissitudinis,
1667 3184 1772 3223 nec
1817 3183 2081 3238 unquam
2115 3172 2331 3239 ortum,
2361 3168 2635 3237 alterum,
2670 3170 2823 3242 quod
2856 3170 3030 3226 habet
3060 3188 3128 3226 ea
3158 3187 3285 3241 quea
3316 3171 3585 3241 subjecta
3617 3171 3810 3223 muta-

386 3262 567 3318 tionis
597 3260 992 3317 vicissitudini
1026 3264 1202 3331 atque
1241 3262 1519 3331 generata
1568 3261 1707 3313 sunt
1733 3258 1841 3327 (α),
1877 3278 1905 3307 ››
1938 3274 2006 3312 ex
2039 3258 2259 3329 quibus
2290 3259 2607 3331 generibus
2638 3260 3014 3331 componitur
3062 3260 3268 3315 animas
3320 3258 3651 3325 harmonia,
3682 3262 3809 3312 tum

388 3351 525 3407 inde
556 3352 626 3407 ab
660 3351 807 3423 ipsis
837 3351 960 3406 suis
1011 3348 1199 3404 initiis
1230 3365 1298 3404 ea
1328 3347 1615 3420 repetitur
1662 3362 2042 3401 numerorum
2076 3348 2560 3419 proportionibus
2593 3348 2887 3405 declarata
2937 3367 3001 3405 ac
3050 3349 3345 3421 descripta
3378 3347 3705 3413 harmonia,
3739 3345 3812 3401 ad

387 3456 561 3512 quam
592 3444 713 3497 tota
763 3440 1017 3512 exigitur
1063 3438 1276 3494 animas
1326 3437 1639 3492 mundanae
1685 3435 1989 3491 fabricatio
2014 3437 2110 3507 (b).
2143 3437 2379 3492 Accedit
2430 3438 2664 3494 inversa
2694 3441 2963 3510 quaedam
3014 3444 3189 3512 atque
3238 3440 3551 3494 immutata
3600 3438 3811 3492 barum

386 3546 584 3586 rerum
616 3527 1019 3600 interpretatio
1043 3527 1139 3599 (c).
1172 3530 1236 3583 In
1282 3526 1541 3582 secunda
1583 3524 1956 3581 harmoniam
1988 3525 2153 3581 illam
2188 3524 2331 3581 solis
2381 3544 2763 3583 numerorum
2796 3528 3275 3601 proportionibus
3325 3526 3716 3601 persequitur.
3751 3528 3816 3582 In

387 3618 563 3675 tertia
594 3619 847 3674 duorum
880 3616 1117 3673 illorum
1169 3615 1424 3683 orbium,
1458 3613 1661 3670 circuli
1694 3614 2120 3686 aequinoctialis
2151 3615 2281 3670 dico
2329 3620 2385 3671 et
2431 3617 2675 3685 zodiaci,
2706 3618 3045 3691 descriptio,
3077 3619 3147 3674 ad
3197 3618 3486 3685 eamdem,
3523 3632 3701 3688 quam
3756 3614 3817 3670 in

386 3708 581 3783 prima
627 3710 789 3780 parte
844 3704 1243 3777 allegoricam,
1279 3709 1343 3760 ut
1372 3704 1558 3770 aiunt,
1592 3703 1948 3758 sententiam
1996 3708 2279 3758 revocata.
2316 3708 2377 3759 In
2413 3712 2621 3776 quarta
2653 3707 2908 3779 denique
2961 3713 3124 3780 parte
3182 3706 3477 3763 semitonii
3536 3703 3810 3761 sumendi

386 3798 481 3854 lex
509 3801 568 3854 et
596 3796 800 3870 regula
845 3794 1186 3851 constituta.
1219 3793 1322 3849 His
1371 3793 1432 3847 in
1485 3792 1661 3847 rebus
1691 3790 2039 3847 enarrandis
2073 3791 2295 3848 Psellus
2326 3799 2623 3849 auctorem
2675 3801 2915 3852 secutus
2966 3802 3056 3852 est
3108 3796 3373 3853 Proclum
3424 3794 3813 3859 Diadochum,

386 3885 810 3961 philosophum
852 3883 1020 3939 illum
1072 3883 1228 3939 inter
1281 3880 1752 3953 Neoplatonicos,
1788 3880 1887 3951 qui
1941 3885 2243 3952 vocantur,
2276 3883 2653 3939 eminentem.
2686 3884 2829 3956 Ejus
2860 3886 3170 3940 sententiis
3222 3902 3324 3957 pro
3372 3883 3497 3940 suis
3544 3899 3816 3955 saepenu-

388 3992 552 4032 mero
600 3976 677 4031 ita
728 3990 876 4030 usus
926 3977 1036 4040 est,
1071 3976 1135 4027 ut
1186 3970 1388 4027 multis
1440 3969 1584 4026 locis
1636 3970 1766 4041 ipsa
1793 3969 1970 4025 verba
2020 3969 2209 4026 Procli
2268 3972 2704 4028 transcriberet.
2736 3973 2912 4030 Vides
2968 3974 3151 4047 igitur
3206 3974 3264 4028 in
3324 3972 3514 4029 Psello
3572 3988 3816 4044 prorsus

388 4066 659 4122 eamdem
690 4062 997 4120 Platonicae
1049 4061 1294 4118 rationis
1344 4059 1847 4133 perturbationem
1880 4063 1938 4113 et
1971 4060 2401 4129 confusionem,
2437 4064 2619 4133 quam
2660 4065 2813 4135 apud
2848 4063 3297 4135 Neoplatonicos
3342 4062 3499 4132 illos,
3532 4061 3631 4133 qui
3681 4077 3817 4116 cum

387 4154 646 4212 Platonis
676 4154 1005 4210 doctrinam
1058 4153 1127 4207 ad
1177 4166 1421 4207 suarum
1451 4149 1824 4205 voluntatum
1860 4148 2312 4206 similitudinem
2348 4157 2705 4223 revocarent,
2736 4157 2862 4208 tum
2912 4154 2980 4208 ad
3034 4170 3122 4221 ea,
3158 4170 3284 4225 quae
3336 4149 3597 4208 Platonis
3627 4153 3819 4218 erant,

388 4243 738 4318 explicanda
785 4241 1146 4299 adhibebant
1191 4240 1368 4297 verba
1415 4237 1765 4306 Aristotelis,
1796 4239 1877 4294 ita
1918 4241 1983 4294 ut
2024 4238 2242 4295 mirum
2274 4240 2334 4296 in
2367 4243 2609 4298 modum
2657 4242 2857 4300 omnia
2902 4243 3057 4300 inter
3101 4260 3165 4300 se
3212 4246 3545 4316 permutata
3598 4240 3719 4297 sint
3764 4242 3824 4297 et

391 4352 686 4410 perversa.

464 4505 543 4649 Et}
576 4503 750 4633 522i}:
783 4502 1071 4649 $33233:
1102 4503 1152 4643 ἐξ
1180 4503 1209 4643 ἓ
1234 4502 1432 4645 ξ’,ςιι

2230 4505 2305 4577 (c)
2333 4505 2508 4561 Psell.
2543 4506 2830 4578 Psyehog.
2864 4505 2905 4574 Ι,
2939 4505 2969 4579 §
3003 4507 3070 4560 12
3100 4520 3230 4577 sqq.

399 4786 3810 4820 Μ

1664 4959 2565 5038 COMMENTARIUS

1037 5191 1174 5287 IN
1241 5178 2245 5286 PSYCHOGONIAM
2312 5181 3179 5279 PLATONICAM.

1195 5576 1272 5635 A'.
2982 5568 3023 5625 Ι.

486 5692 553 5750 α’.
584 5691 662 5749 Τὸ
724 5689 821 5762 μὶν
878 5682 1173 5764 λιγόμενόν
1233 5682 1400 5757 ἑστιν,
1432 5681 1514 5737 ὅτι
1571 5680 1633 5735 οὐ
1685 5680 2067 5764 μάτηνὴτῷν

2253 5678 2305 5733 1.
2331 5676 2562 5732 Dictum
2586 5672 2821 5745 quidem
2846 5673 2956 5736 est,
2984 5685 3099 5723 non
3122 5671 3341 5723 temere
3359 5681 3391 5719 a
3408 5661 3578 5719 nobis
3600 5659 3836 5715 concin-

412 5780 605 5860 ἄφιξῆς
636 5750 820 5855 λόῆων
874 5750 1081 5854 εὕέιέις
1136 5775 1274 5850 ἡμῖν
1338 5750 1727 5848 μέμηχάνητάι
1783 5770 1881 5824 τοῦ
1934 5759 2040 5842 πρὸ

2209 5774 2381 5829 latam
2409 5783 2539 5826 esse
2570 5765 2864 5839 perpetuas
2888 5760 2958 5816 de
2990 5758 3272 5816 relatione
3294 5753 3365 5811 ad
3391 5750 3613 5824 aliquid
3635 5750 3837 5819 dispu-
