4124 6398
323 489 486 549 1οἿ9

1677 472 2095 540 MlCHAELlS
2140 475 2414 536 PSELLl

3591 477 3747 536 £080

313 622 560 679 tationis
577 620 1092 692 compositionem,
1106 620 1479 692 ostendique,
1496 633 1669 675 omne
1688 613 1975 683 augendo-

2094 627 2138 660 τι
2199 611 2370 662 ποσοῦ
2433 610 2527 681 (1),
2559 608 2647 663 καὶ
2709 606 3002 675 δείκνυται,
3036 607 3120 662 ὅτι
3155 609 3190 676 ἡ
3225 606 3412 678 ἰσότης
3472 609 3746 685 στοιχεῖόν

314 727 450 767 rum
481 711 540 766 in
575 711 840 766 numeris
883 709 1149 765 habitum
1184 709 1540 781 principium
1575 705 1972 778 aequalitatem

315 817 466 867 esse,
501 804 812 872 propterea
842 801 998 870 quod
1039 816 1107 854 ex
1141 798 1241 853 illa
1271 814 1477 853 omnes
1511 797 1745 852 habitus
1778 793 1975 848 oriun-

313 893 410 944 tur
432 889 504 943 ad
527 904 776 960 eamque
801 893 1124 944 extremam
1154 887 1558 954 resolvuntur;
1585 901 1712 956 quae
1737 883 1976 954 quidem

315 978 581 1034 deﬁnitio
616 978 1042 1050 principiorum
1097 981 1206 1045 est,
1237 977 1340 1032 sed
1372 975 1575 1031 utilem
1627 989 1754 1029 eam
1810 971 1979 1026 nobis

315 1084 448 1125 esse
477 1072 536 1123 et
567 1068 638 1123 ad
661 1067 792 1122 vitae
823 1083 997 1122 usum
1023 1071 1079 1122 et
1102 1067 1172 1122 ad
1206 1066 1393 1137 ipsius
1426 1061 1812 1138 philosOphias
1839 1077 1978 1116 con-

315 1155 787 1228 templationem.
821 1159 894 1211 At
924 1156 1069 1221 haec,
1101 1155 1357 1226 inquies,
1385 1154 1805 1210 commentatio
1837 1151 1978 1222 quid

315 1245 592 1318 proﬁcit?
624 1245 743 1301 imo
763 1251 822 1301 et
850 1246 922 1300 ad
957 1245 1217 1300 Platonis
1241 1246 1312 1299 de
1343 1243 1552 1299 animae
1579 1241 1982 1316 procreatione

315 1336 650 1392 doctrinam
684 1339 742 1390 et
780 1335 852 1391 ad
887 1333 1196 1390 intervalla
1243 1333 1587 1388 harmonica
1637 1331 1982 1403 exponenda

316 1430 376 1481 et
403 1424 772 1497 explicanda.
805 1423 1183 1480 Intervallum
1218 1429 1415 1479 autem
1450 1423 1860 1478 harmonicum
1894 1425 1983 1475 est

318 1531 354 1570 a
379 1530 522 1569 voce
573 1515 646 1569 ad
697 1527 896 1568 vocem
949 1512 1219 1585 migratio
1268 1513 1443 1580 ictus,
1476 1512 1635 1566 velut
1665 1529 1698 1564 a
1729 1510 1981 1581 graviori

320 1603 392 1660 ad
425 1603 748 1659 acutiorem
777 1601 865 1657 vel
906 1619 974 1658 ex
1017 1601 1331 1657 contrario.
1369 1601 1485 1657 Vox
1516 1600 1671 1655 enim
1708 1604 1792 1656 est
1825 1603 1984 1655 certa

322 1693 595 1765 quadam
653 1692 833 1747 unius
884 1691 1127 1748 chordaa'
1159 1690 1532 1757 resonantia;
1581 1690 1680 1760 qui
1734 1705 1866 1744 vero
1924 1689 1982 1744 in

323 1782 551 1838 ratione
580 1781 763 1837 diesis
793 1781 880 1837 vel
914 1780 1212 1835 semitonii
1243 1779 1330 1835 vel
1373 1779 1493 1835 toni
1529 1797 1564 1834 a
1592 1780 1810 1834 chorda
1840 1795 1982 1850 qua-

323 1873 460 1926 dam
491 1871 748 1926 efﬁcitur
781 1872 848 1926 ad
892 1869 1221 1942 proximam
1253 1868 1563 1936 transitus,
1592 1869 1711 1924 sive
1748 1869 1817 1924 ad
1852 1885 1982 1940 gra-

2088 697 2198 750 ἐστι
2244 702 2338 751 τοῦ
2395 699 2655 752 παντοίου
2711 702 2816 752 τῶν
2878 697 2929 750 ἐν
2983 699 3240 772 ἀριθμοῖς
3303 698 3544 773 σχέσεων
3603 697 3748 769 πλη-

2089 794 2318 861 θυσμοῦ,
2349 788 2486 843 διότι
2524 789 2574 860 ἐξ
2625 789 2790 858 αὐτῆς
2850 796 3016 843 πᾶσαι
3077 789 3130 842 αἱ
3185 791 3399 864 σχέσεις
3459 796 3749 864 γεννῶνται

2087 879 2176 932 καὶ
2237 880 2312 942 εἷς
2369 879 2536 947 αὐτὴν
2588 878 2822 954 ἐσχάτην
2858 877 3206 947 ἀναλύονται,
3239 879 3371 954 ὅπερ
3421 879 3546 954 ὅρος
3602 901 3747 934 στοι-

2091 968 2255 1042 χείων
2319 967 2479 1037 ἐστὶν,
2513 967 2658 1023 ἀλλὰ
2715 969 2803 1022 καὶ
2856 969 2990 1044 πρὸς
3055 967 3480 1043 πραγματειώδη
3516 971 3606 1024 καὶ
3659 991 3749 1048 φι-

2092 1056 2328 1134 λόσοφον
2391 1055 2557 1119 ὅντως
2615 1058 2840 1133 θεωρίαν
2903 1057 3232 1133 χρησιμεύει
3292 1061 3465 1130 ἡμῖν’
3518 1059 3637 1114 τίνα
3695 1057 3752 1113 δέ

2090 1147 2247 1220 εἰσιν,
2303 1149 2396 1205 Εἷς
2459 1148 2490 1202 ἆ
2542 1151 2678 1221 ἡμῖν
2831 1153 3078 1219 παροῦσα
3143 1151 3470 1223 χρησιμεύει
3526 1149 3748 1224 θεωρία,

2094 1237 2313 1313 λέγεις;
2351 1235 2425 1299 εἴς
2458 1259 2514 1291 τε
2545 1239 2642 1306 τὴν
2681 1237 2970 1294 Πλάτωνος
3027 1238 3366 1312 ψυχογονίαν
3418 1239 3506 1292 καὶ
3554 1237 3630 1300 είς
3683 1239 3751 1292 τὰ

2095 1328 2363 1402 ἁρμονικά
2413 1324 2774 1396 διαστήματα.
2810 1329 2961 1382 Ἐστι
3016 1323 3072 1380 δὲ
3125 1328 3422 1402 ἁρμονικὸν
3480 1325 3754 1400 διάστημα

2093 1418 2127 1485 ἡ
2159 1417 2262 1470 ἀπὸ
2292 1416 2537 1490 φθόγγου
2589 1416 2662 1476 εἰς
2717 1417 2952 1492 φθόγγον
3015 1411 3305 1488 μετάϐασις
3361 1423 3460 1485 τῆς
3507 1415 3755 1490 πληγῆς,

2094 1509 2210 1560 οἷον
2269 1505 2374 1559 ἀπὸ
2421 1509 2517 1560 τοῦ
2573 1503 2872 1580 βαρυτέρου
2913 1504 2989 1566 εἰς
3019 1505 3082 1558 τὸ
3119 1504 3392 1577 ὀξύτερον,
3424 1505 3459 1574 ἢ
3507 1507 3569 1560 τὸ
3630 1505 3757 1560 ἀνά-

2093 1595 2282 1650 παλιν.
2326 1595 2570 1669 Φθόγγος
2618 1596 2718 1670 γάρ
2769 1594 2906 1648 ἐστιν
2941 1597 2975 1664 ἡ
3008 1601 3107 1664 τῆς
3168 1601 3296 1666 μιᾶς
3355 1592 3568 1670 χορδῆς
3621 1598 3757 1651 ποιά

2092 1707 2174 1747 τις
2211 1683 2517 1759 ἀπήχησις.
2549 1689 2607 1737 Ἡ
2659 1681 2706 1736 δ’
2755 1683 2846 1736 ἀπ’
2877 1683 3048 1752 αὐτῆς
3079 1683 3214 1757 πρὸς
3258 1685 3355 1752 τὴν
3419 1683 3608 1760 ἑφεξῆς
3664 1684 3756 1738 καὶ

2097 1772 2352 1851 διάφορος
2414 1773 2550 1846 αὐτῇ
2609 1774 2745 1826 κατὰ
2805 1773 3146 1848 βαρύτηταῆ
3198 1772 3430 1842 ὀξύτητα
3488 1772 3540 1827 ἐν
3599 1772 3756 1846 λόγῳ

2097 1862 2338 1935 διεσιαίῳ
2368 1862 2402 1931 ἢ
2435 1863 2776 1936 ἡμιτονιαίῳ
2817 1863 2850 1932 ἢ
2883 1863 3108 1933 τονιαίῳ
3142 1863 3465 1934 μετάστασις
3507 1860 3754 1917 καλεῖται

321 1959 486 2016 viora
515 1961 582 2014 fit
611 1961 733 2016 sive
777 1959 848 2014 ad
890 1959 1176 2026 acutoria,
1207 1957 1575 2013 intervallum
1628 1957 1980 2030 appellatur,

2097 1951 2390 2025 διάστημα·
2421 1955 2484 2008 τὸ
2517 1950 2562 2007 δ’
2594 1951 2723 2007 αὐτὸ
2772 1952 2862 2006 καὶ
2914 1951 3202 2025 ἐμμέλεια.
3239 1953 3334 2009 Ἐκ
3391 1951 3448 2007 δὲ
3493 1957 3599 2006 τῶν
3656 1953 3759 2026 ἒμ-

327 2049 604 2119 idemque
659 2046 1008 2103 modulatio.
1044 2048 1125 2103 Ex
1177 2046 1683 2103 modulationibus
1730 2053 1988 2120 systema

326 2143 522 2195 ortum
558 2155 572 2193 :
605 2154 859 2210 quarum
905 2137 1144 2209 quidem
1177 2153 1245 2192 ex
1275 2137 1466 2192 tribus
1517 2138 1849 2208 conjunctis
1897 2137 1985 2191 in-

323 2225 631 2284 tervallum
677 2225 1122 2297 quaternarium
1177 2230 1410 2281 constat
1454 2226 1885 2298 (diatessaron),
1919 2241 1985 2281 ex

328 2321 584 2388 quatuor
641 2320 838 2371 autem
890 2315 1230 2387 quinarium
1282 2315 1622 2387 (diapente),
1665 2332 1988 2386 eorumque

330 2405 498 2480 prius
527 2405 588 2462 in
629 2404 970 2476 sequitertia
1021 2405 1245 2461 ratione
1278 2410 1564 2474 versatur,
1594 2405 1654 2460 in
1707 2404 1987 2476 sesquial-

332 2499 460 2550 tera
491 2494 784 2568 posterius
817 2511 831 2550 :
865 2511 992 2566 quas
1026 2495 1168 2567 ipsa
1199 2495 1400 2564 primae
1432 2499 1488 2549 et
1517 2494 1817 2566 simplices
1849 2511 1988 2549 con-

335 2585 621 2641 sonantia
651 2583 1060 2656 (symphoniae)
1093 2584 1246 2655 apud
1282 2583 1539 2638 musicos
1573 2589 1889 2639 vocantur:
1924 2600 1993 2638 ex

337 2673 717 2745 quaternario
773 2677 970 2728 autern
1007 2677 1063 2728 et
1093 2673 1365 2743 quinario
1413 2671 1723 2726 intervallo
1755 2689 1990 2744 compo-

337 2761 502 2818 nitur
531 2765 758 2833 septem
792 2777 1000 2816 vocum
1048 2759 1416 2815 intervallum
1450 2760 1802 2832 (diapason),
1836 2762 1991 2832 quod

331 2850 396 2906 in
457 2849 639 2923 dupla
695 2850 924 2906 ratione
981 2848 1261 2904 cernitur.
1295 2849 1589 2920 Quidquid
1650 2854 1777 2904 tum
1834 2851 1996 2907 vocis

327 2939 736 2996 convenientia
785 2944 912 2994 tum
963 2939 1280 2994 unisonum
1333 2944 1586 3010 systema
1641 2939 1992 3011 appellatur,

2102 2042 2334 2117 μελειῶν
2389 2045 2451 2097 τὸ
2508 2041 2778 2113 σύστημα*
2815 2040 2872 2096 ἐκ.
2925 2047 3090 2114 τριῶν
3163 2043 3258 2114 μὲν
3312 2042 3374 2096 τὸ
3429 2039 3518 2096 διὰ
3576 2039 3638 2110 δ’,
3700 2041 3761 2096 ὲκ

2095 2133 2367 2208 τεσσάρων
2425 2130 2481 2186 δὲ
2540 2129 2628 2185 διὰ
2679 2139 2734 2199 ε’,
2762 2131 2851 2185 καὶ
2899 2132 2961 2185 τὸ
3014 2132 3109 2203 μὲν
3163 2128 3250 2184 διὰ
3298 2128 3339 2186 δ’
3371 2131 3420 2184 ἐν
3477 2130 3758 2208 ἐπιτρίτῳ,

2095 2223 2157 2277 τὸ
2190 2219 2247 2276 δὲ
2278 2219 2369 2275 διὰ
2394 2224 2429 2276 ι’
2461 2221 2513 2274 ἐν
2545 2219 2798 2292 ἡμιολίῳ
2830 2219 2984 2294 λόγῳ
3040 2220 3325 2290 συνεστὼς,
3358 2221 3412 2274 αἱ
3460 2219 3546 2275 καί
3603 2225 3760 2296 πρῶ-

2095 2334 2182 2367 ται
2215 2313 2303 2366 καὶ
2337 2309 2510 2365 ἁπλαῖ
2552 2310 2861 2388 συμφωνίαι
2909 2307 3206 2364 καλοῦνται
3257 2310 3404 2386 παρὰ
3446 2315 3561 2372 τοῖς
3616 2331 3755 2384 μου-

2101 2406 2297 2462 σικοῖς’
2335 2399 2394 2454 ἐκ
2425 2397 2481 2453 δὲ
2509 2403 2606 2453 τοῦ
2637 2396 2728 2452 δια
2760 2395 2801 2452 δ’
2844 2399 2932 2452 καὶ
2983 2395 3071 2452 διὰ
3103 2400 3139 2452 ε’
3170 2400 3204 2466 ἡ
3251 2395 3340 2452 διὰ
3398 2404 3583 2453 πασῶν
3638 2399 3764 2472 σύγ-

2099 2512 2293 2557 κειται,
2336 2490 2386 2543 ἐν
2450 2487 2756 2544 διπλασίενι
2818 2485 2968 2562 λόγῳ
3027 2489 3402 2561 θεωρουμένη.
3453 2491 3608 2552 ’Ἡτις
3667 2489 3760 2543 καὶ

2103 2580 2387 2656 ὁμοφωνία
2437 2577 2683 2633 καλεῖται
2733 2577 2821 2632 καὶ
2877 2577 3163 2655 ὁμόφωνον
3198 2579 3470 2650 σύστημα,
3506 2579 3758 2650 σύστημα

2103 2669 2162 2722 ὲκ
2215 2667 2564 2739 ἐνστημάτων
2600 2669 2676 2739 (2)
2729 2663 2899 2737 μέλος
2951 2664 3078 2741 ἔχον
3136 2667 3619 2740 κατακορεστατον.
3653 2667 3781 2722 Καὶ·

2105 2758 2296 2836 ἐφεξῆς
2352 2756 2416 2810 τὰ
2466 2754 2634 2810 λοιπὰ
2682 2757 3022 2827 συστήματα,
3053 2753 3144 2810 θίνα
3197 2757 3272 2828 μή
3323 2757 3495 2811 πάντα
3542 2755 3758 2831 ἐπεξέρ-

2107 2868 2318 2923 χιυμαι,
2353 2844 2466 2900 ἐπεὶ
2499 2843 2623 2899 οὐδὲ
2652 2843 2775 2920 περὶ
2824 2843 3030 2899 τούτων
3083 2849 3172 2899 νῦν
3223 2845 3503 2920 πρόκειται
3555 2844 3757 2920 λέγειν,

2106 2935 2252 2994 ἀλλὰ
2282 2935 2406 2990 ὅσον
2441 2931 2769 3004 ἐνδείξασθαι
2800 2935 2865 2987 τὰ
2897 2931 3186 3009 λεγόμενα.

327 3033 591 3101 systema
621 3029 750 3084 sine
779 3026 1105 3083 obstaculis
1137 3025 1567 3098 (dissonantiis)
1599 3032 1706 3094 est,
1740 3027 2332 3099 sincerissimumque
2361 3030 2599 3080 cantum
2634 3023 2829 3080 habet.
2867 3025 3081 3080 Eodem
3115 3025 3286 3080 modo
3319 3024 3544 3098 reliqua
3573 3030 3760 3098 syste-

329 3121 511 3185 mata,
545 3133 616 3173 ne
648 3116 847 3173 omnia
894 3132 1344 3189 persequamur,
1375 3117 1654 3188 quoniam
1691 3119 1764 3173 de
1793 3117 1899 3174 hac
1945 3136 2006 3176 re
2052 3135 2206 3176 nunc
2253 3117 2447 3171 dicere
2493 3114 2860 3188 propositum
2897 3130 3012 3169 non
3046 3118 3156 3183 est,
3191 3113 3291 3170 sed
3344 3114 3443 3175 ita.
3477 3121 3658 3186 utea,
3691 3116 3762 3171 de

325 3207 545 3280 quibus
577 3207 798 3264 mentio
830 3210 940 3276 est,
974 3206 1468 3261 demonstremus.

387 3301 442 3353 2.
464 3297 923 3369 Sesquitertium
946 3296 1128 3368 igitur
1150 3295 1525 3350 intervallum
1552 3295 1608 3348 in
1629 3313 1840 3368 genere
1863 3298 1980 3354 dia-

2173 3296 2238 3370 β’.
2274 3289 2706 3367 Καταδιαιρεῖται
2760 3288 2850 3344 οὖν
2891 3290 2954 3344 τὸ
3007 3288 3280 3366 ἐπίτριτον
3333 3289 3386 3346 ἂν
3441 3292 3534 3364 μὲν
3587 3288 3762 3346 διατο-

325 3386 522 3442 tonico
553 3385 866 3458 (siquidem
900 3384 1013 3439 tria
1045 3389 1184 3440 sunt
1217 3383 1685 3439 modulationum
1721 3403 1934 3456 genera
1967 3404 1980 3442 :

326 3474 806 3540 enharmonium,
841 3474 1104 3538 chroma,
1139 3473 1467 3543 diatonum)
1503 3473 1558 3527 in
1603 3475 1984 3530 semitonium

325 3563 732 3636 (semitonium
783 3569 1005 3630 autem,
1039 3563 1194 3633 quod
1242 3561 1479 3630 dicitur,
1513 3579 1628 3616 non
1664 3580 1794 3619 vere
1841 3563 1986 3619 illud

326 3653 566 3726 quidem
592 3651 970 3709 semitonium
1007 3656 1116 3720 est,
1141 3653 1239 3705 sed
1273 3650 1500 3721 limma)
1527 3657 1703 3723 atque
1734 3653 1790 3707 in
1819 3658 1989 3709 tonos

323 3740 695 3813 dispertitur,
731 3742 814 3796 ita
867 3747 931 3795 ut
961 3741 1019 3794 in
1063 3740 1443 3794 semitonium
1479 3747 1534 3795 et
1565 3741 1680 3796 duo
1713 3742 1988 3815 deinceps

321 3835 496 3887 tonos
545 3847 730 3901 genus
775 3830 1136 3885 diatonicum
1189 3829 1504 3884 dividatur.
1539 3831 1740 3885 Tonus
1789 3838 1984 3888 autem

319 3920 733 3992 sesquioctava
760 3919 984 3974 ratione
1008 3922 1260 3986 constat,
1286 3918 1454 3989 isque
1488 3919 1544 3972 in
1580 3917 1722 3974 illud
1758 3918 1985 3992 limma,

321 4025 452 4081 quas
483 4008 724 4082 quidem
758 4009 950 4064 minor
970 4008 1092 4063 toni
1118 4006 1407 4078 particula
1428 4013 1536 4075 est,
1561 4013 1618 4064 et
1649 4014 1985 4080 apotomen,

315 4103 549 4170 quaeest
567 4096 1056 4169 major,discedit.
1078 4097 1139 4150 ln
1161 4113 1374 4169 genere
1392 4102 1585 4152 autem
1603 4098 1986 4155 enharmonio

316 4187 375 4241 id
409 4187 601 4243 diesin
633 4191 690 4242 et
719 4185 908 4242 diesin
941 4191 998 4241 et
1027 4187 1145 4240 duo
1183 4186 1360 4241 simul
1395 4204 1571 4241 sonos
1604 4187 1987 4258 (quaternarii

316 4272 636 4345 intervalli)
690 4275 838 4329 ratio
889 4273 1265 4341 describitur,
1299 4274 1358 4329 in
1411 4275 1710 4330 chromate
1742 4291 1874 4332 vero
1924 4275 1984 4330 in

317 4363 700 4420 semitonium
723 4365 782 4418 et
798 4362 1183 4418 semitonium
1209 4368 1267 4419 et
1289 4363 1402 4419 tria
1433 4363 1612 4419 simul
1650 4364 1983 4421 semitonia.

391 4488 471 4562 (1)
503 4486 582 4544 Τὸ
612 4485 760 4562 ᾃπρός
803 4506 856 4540 τι
903 4485 1070 4562 ποσόν
1124 4487 1292 4562 idem
1331 4489 1447 4544 fere
1501 4505 1630 4545 esse
1676 4494 1864 4562 atque
1920 4488 1976 4544 id

361 4559 476 4615 uod
543 4559 868 4615 relationem
936 4560 1016 4616 ad
1047 4559 1293 4631 aliquid
1357 4565 1524 4615 vocat
1581 4559 1979 4626 Quintilianus

361 4577 476 4615 uoa
543 4577 868 4615 reiauonem
936 4577 1012 4616 aa
1079 4577 1293 4631 auquza
1357 4577 1524 4615 vocat
1581 4577 1979 4626 uulnunanus

318 4577 491 4704 anet.
524 4631 620 4688 Or.
651 4630 1085 4704 8,74,_21),_vel,
1127 4637 1191 4686 ut
1238 4633 1432 4687 verius
1483 4633 1695 4699 dicam,
1746 4634 1980 4689 modum

321 4702 620 4777 relationi;
647 4703 727 4760 ad
754 4702 1263 4777 aliquid,_apparet
1293 4721 1424 4759 cum
1443 4719 1528 4777 ex
1557 4704 1664 4777 hoc
1695 4704 1820 4760 loco
1852 4710 1977 4759 tum

323 4790 395 4832 ex
427 4775 612 4831 Procli
643 4777 972 4848 Comment.
1006 4775 1383 4848 inriTimaeum’
1441 4775 1588 4848 Plat.
1621 4777 1974 4848 pag.7213g_v.

319 4848 406 4919 36_
443 4863 572 4918 sqq.
623 4847 737 4919 (ed.
769 4845 1152 4919 Basil._1534)

320 4916 412 4973 καὶ
442 4914 656 4992 γίωμετ
699 4918 821 4986 ικήν
852 4916 1016 4984 αὐτὴν
1052 4914 1242 4990 ῥητέον
1284 4919 1410 4988 (int.
1447 4914 1688 4992 ψυγικὴν
1739 4914 1973 4988 οὐσίαν),

320 4987 467 5044 ἀλλὰ
495 4990 614 5044 καθ’
645 4937 772 5044 δεῦσον
823 4988 1162 5044 ἀριθμητική
1214 4988 1377 5044 ἐστιν.
1411 4982 1670 5044 ἔγεᾙκαί
1721 4993 1818 5044 τῆν
1881 4988 1973 5044 cito-

319 4982 467 5046 ἀλλᾶ
495 4982 787 5064 καθ’-ὅσον
823 4982 1162 5064 ἀριθμητιτιή
1214 4982 1377 5064 ἐστιν,
1410 4982 1670 5064 ἔχει’ίκαὶ
1721 4993 1818 5060 τήν
1881 4982 1977 5063 ἀρζ

324 5061 567 5136 μονικήν-
613 5062 762 5136 ὁμοῦ.
812 5059 930 5136 κατ’
972 5059 1156 5136 οὐσίαν
1185 5061 1312 5136 ’.τὸμ
1361 5059 1498 5136 γὰρ’⁸
1524 5059 1740 5136 πλῆθος
1782 5059 1973 5136 νὴρμοτ

324 5085 556 5133 μονικην
613 5085 642 5116 o
693 5085 755 5118 ου
812 5085 910 5116 κατ
972 5085 1196 5115 ουσιαν’
1244 5085 1304 5115 το
1361 5085 1464 5136 γαρ
1524 5085 1740 5130 πΛηυος
1794 5085 1973 5134 ηρμο-

319 5133 514 5205 σμὲνον
551 5085 689 5189 ἔστί*
714 5133 776 5190 τὸ
836 5133 888 5188 ἐν
951 5131 1086 5205 αὐτῇ
1145 5131 1235 5186 καὶ
1295 5131 1350 5186 ἐν
1407 5132 1586 5205 ταῦτῷ
1632 5133 1692 5187 τό
1751 5155 1806 5188 τε
1853 5135 1973 5196 καθ’

317 5204 450 5259 αὐτὸ
495 5205 705 5281 καὶ-τὸ
755 5205 892 5279 πρός
930 5225 1004 5281 ⁸τι
1056 5203 1224 5281 ποσὸν
1281 5203 1623 5281 συνείληφεν.
1685 5206 1972 5262 Caeterum

314 5294 384 5350 ex
431 5282 552 5350 tota
605 5279 732 5343 hac,
765 5277 892 5350 qua:
926 5277 1012 5350 §71
1049 5279 1401 5341 continetur,
1454 5277 1760 5333 verborum
1815 5295 1972 5333 com-

315 5348 586 5422 plexione
618 5348 882 5422 apparet,
917 5348 1166 5404 alterum
1215 5355 1346 5422 ante
1403 5350 1510 5404 hoc
1543 5367 1689 5421 opus
1721 5369 1754 5406 a
1782 5350 1972 5405 Psello

313 5419 715 5490 conscriptum
765 5439 912 5489 esse,
943 5423 1000 5475 in
1045 5438 1159 5492 quo
1210 5421 1280 5476 de
1329 5419 1596 5476 relatione
1643 5422 1712 5476 ad
1758 5422 1973 5492 aliquid

313 5492 437 5548 sive
469 5492 544 5564 de
573 5494 947 5564 pr0portione
975 5494 1362 5564 quaerebatur.
1396 5493 1684 5564 Incertum
1716 5499 1830 5564 est,
1857 5497 1970 5548 fue-

314 5567 468 5636 ritne
499 5560 790 5636 ejusmodi
835 5566 950 5619 fere
993 5560 1164 5635 opus,
1199 5566 1352 5636 quod
1385 5563 1443 5619 in
1476 5560 1808 5636 Διδασκαλίᾳ
1837 5584 1969 5616 παν-

313 5632 554 5707 τοδαπῇ,
585 5632 1066 5707 libro_Pselliano
1119 5632 1267 5706 (cap.
1313 5637 1402 5702 59,
1451 5653 1626 5707 supra
1677 5632 1796 5692 col.
1816 5637 1968 5705 725),

311 5708 439 5784 Τίνι
470 5703 708 5784 διαφέρει
743 5705 890 5784 ἀρχῇ
921 5708 1012 5760 καὶ
1045 5703 1292 5782 στοιχεῖα
1316 5703 1678 5784 inscribitur,
1704 5726 1775 5764 an
1802 5703 1967 5784 aliud

311 5780 452 5838 huic
478 5779 694 5852 simile,
729 5779 882 5852 quod
900 5785 1020 5852 aut
1048 5779 1348 5852 communi
1378 5779 1666 5852 librorum
1697 5779 1968 5852 antiquo-

310 5867 445 5924 rum
477 5849 687 5924 strage
707 5849 946 5923 perierit
984 5855 1088 5908 aut
1133 5850 1472 5909 etiamnunc
1500 5851 1562 5909 in
1591 5849 1967 5910 bibliothecis

308 5920 510 5985 lateat.
542 5920 787 5994 Luccia.

2099 3388 2234 3454 νικῷ
2264 3383 2405 3456 γένει
2441 3381 2583 3454 [τρία
2612 3383 2711 3454 γάρ
2762 3378 2828 3433 τὰ
2878 3378 3174 3454 ἓναρμόνια
3223 3380 3378 3453 γένη,
3412 3379 3755 3454 ἐναρμόνιον,

2099 3477 2304 3548 χρῶμα
2335 3472 2420 3525 καὶ
2459 3467 2730 3540 διάτονον]
2763 3467 2840 3530 είς
2892 3468 3181 3540 ἡμιτόνιον
3212 3467 3342 3541 [ἔστι
3395 3468 3452 3524 δὲ
3490 3469 3550 3524 τὸ
3600 3469 3758 3546 λεγό-

2104 3583 2257 3634 μενον
2312 3558 2598 3632 ἡμιτόνιον
2652 3557 2712 3612 οὐ
2762 3558 2964 3632 κυρίως
2997 3557 3303 3631 ἡμιτόνιον,
3339 3556 3484 3614 ἀλλὰ
3524 3561 3760 3632 λεῖμμα]

2097 3651 2186 3704 καὶ
2217 3650 2398 3720 τόνον,
2421 3647 2587 3723 ἤγουν
2622 3645 2695 3708 εἷς
2728 3647 3016 3719 ἡμιτόνιον
3051 3648 3138 3701 καὶ
3175 3645 3271 3701 δύο
3323 3646 3516 3710 τόνους
3567 3647 3760 3726 ἐφεξῆς

2098 3739 2157 3793 τὸ
2207 3736 2509 3793 διατονικὸν
2585 3733 2895 3811 διαιρεῖται.
2941 3737 3000 3794 Ὀ
3058 3733 3116 3790 δὲ
3192 3737 3348 3798 τόνος
3396 3735 3448 3792 ἐν
3497 3734 3750 3812 ἐπογδόῳ

2099 3827 2402 3882 συνίσταται
2436 3825 2607 3900 λόγῳ,
2643 3823 2731 3879 διὰ
2760 3822 2921 3880 τοῦτο
2967 3822 3025 3879 δὲ
3056 3824 3154 3880 οὐχ
3183 3821 3294 3880 ἔστι
3342 3826 3404 3880 τὸ
3454 3824 3748 3901 λεγόμενον

2098 3914 2310 3990 λεῖμμα
2343 3918 2419 3990 (3)
2464 3912 2595 3991 ὅπερ
2647 3913 2756 3968 ἐστὶ
2809 3915 2873 3968 τὸ
2918 3911 3142 3970 ἔλαττον
3196 3921 3394 3988 τμῆμα
3424 3921 3522 3970 τοῦ
3568 3915 3748 3989 τόνου,

2093 4005 2183 4061 καὶ
2230 4007 2328 4075 τήν
2379 4004 2690 4076 ἀποτομὴ),
2725 4004 2856 4078 ὅπερ
2903 4002 3013 4058 ἐστὶ
3062 4003 3122 4058 τὸ
3177 4010 3384 4077 μεῖζον.
3419 4007 3510 4060 Ἐν
3567 4003 3624 4060 δὲ
3671 4010 3751 4076 τῷ

2095 4094 2401 4170 ἕναρμονίῳ
2451 4093 2527 4154 εἷς
2573 4090 2736 4147 δίεσιν
2790 4091 2879 4146 καὶ
2921 4091 3087 4148 δίεσιν
3144 4092 3236 4148 καὶ
3286 4091 3528 4150 δίτονον·
3579 4095 3631 4150 ἐν
3693 4093 3752 4150 δὲ

2093 4183 2173 4256 τῷ
2202 4183 2459 4259 χρώματι
2493 4181 2570 4243 εἷς
2604 4181 2891 4254 ἡμιτόνιον
2922 4182 3012 4237 καὶ
3044 4183 3331 4257 ἡμιτόνιον
3379 4183 3469 4239 καὶ
3524 4204 3750 4259 τριημι-

2093 4273 2268 4328 τόνιον
2299 4267 2724 4346 καταδιαιρεῖται
2753 4268 2942 4346 λόγος.

2161 4489 2241 4561 (2)
2284 4485 2675 4562 Σῦπημαῄἒκ-
2710 4485 3083 4562 ἐνστημάτων.
3137 4489 3266 4546 Haec
3315 4491 3510 4559 verba,
3563 4508 3749 4562 quan-

2091 4559 2269 4632 quam
2312 4578 2425 4616 non
2459 4560 2606 4616 satis
2661 4559 2908 4633 intelligi
2970 4567 3238 4633 possunt,
3272 4562 3491 4619 habent
3545 4559 3743 4633 tamen

2090 4635 2382 4705 quomodo
2431 4633 2839 4705 restituantur.
2867 4632 3036 4699 Quod
3071 4635 3348 4705 (ostendit
3380 4653 3483 4690 vox
3532 4635 3632 4690 illa
3664 4632 3741 4689 ἐκ.

2088 4703 2223 4772 Qum
2256 4703 2305 4776 si
2340 4703 2510 4760 Pselli
2561 4709 2737 4774 esset,
2772 4706 3029 4776 profecto
3061 4703 3111 4773 ἐξ
3143 4706 3518 4763 scriberetur.
3555 4706 3744 4770 Quid?

2087 4777 2137 4832 si
2159 4795 2203 4850 a
2230 4775 2474 4850 librario
2525 4775 2722 4850 aliquo
2765 4775 3068 4850 attenuata
3097 4781 3153 4850 et
3181 4779 3351 4850 quasi
3399 4780 3744 4835 detruncata

1216 4825 1383 4831 ψη--
1441 4825 1461 4829 _
1487 4825 1588 4830 η--
1621 4825 1753 4848 ταῦ-
1787 4825 1888 4830 η--
1936 4825 1974 4831 τ-

1216 4863 1228 4901 :
1288 4847 1389 4923 ίςαὶ
1450 4845 1816 4923 ᾀριθμητικῆν
1853 4842 1979 4923 ,ἄρα

2094 4825 2203 4923 ξιιίῖ
2227 4825 2336 4918 iii,
2353 4825 2434 4904 iii
2446 4825 2494 4920 ’ρ
2502 4825 3068 4921 ιδ”ῖὶἐὸξὶὲξςὶῖιῖιῖ
3089 4825 3165 4904 εει
3182 4825 3216 4904 .5‘
3228 4825 3351 4923 ῑιῖὀ
3382 4825 3517 4907 viai};
3535 4825 3740 4908 ἐἶρεἨὸ

2088 4920 2328 4976 Lmnsa.

2159 4992 2236 5063 (3)
2279 4992 2375 5044 Διὰ
2422 4993 2585 5066 τοῦτ-ο
2633 5019 2702 5030 -
2750 4986 2984 5066 λεῖμμα.
3043 4991 3256 5048 Mirum
3309 4999 3598 5066 quantum
3647 4994 3740 5051 hic

2085 5069 2399 5136 corruptus
2429 5068 2520 5118 est
2549 5062 2734 5136 locus,
2761 5062 3614 5136 cujusemendandi'quiedam
3647 5083 3740 5123 ra-

2086 5135 2165 5190 tio
2197 5133 2342 5216 iuita
2388 5139 2480 5190 est
2528 5135 2599 5189 ab
2632 5149 2698 5216 eo
2748 5133 2871 5216 qui,
2905 5133 3161 5216 plurium
3212 5133 3521 5216 verborum
3574 5139 3741 5216 lacu-

2083 5224 2220 5261 nam
2284 5207 2376 5262 hic
2429 5221 2558 5260 esse
2616 5211 2800 5273 ratus,
2852 5207 2912 5260 in
2974 5209 3238 5273 margine
3294 5211 3421 5266 cod.
3475 5227 3582 5265 ms.
3629 5211 3740 5266 hoc

2082 5278 2266 5334 edidit
2295 5277 2725 5348 emendationis
2749 5277 3044 5348 specimen
3074 5297 3086 5335 :
3112 5277 3202 5334 διὰ
3230 5283 3390 5335 τοῦτο
3415 5278 3472 5334 δὶ
3494 5282 3596 5336 οὐκ
3627 5280 3738 5335 ἐστὶ

2083 5351 2251 5433 (forte
2271 5367 2299 5437 ﬁ:
2335 5348 2643 5440 ἡμιτόνιον)
2676 5347 3066 5440 τὸγλξγόμενον
3103 5350 3333 5440 λεῖμμα.
3361 5357 3506 5440 forte
3542 5371 3553 5410 :
3589 5352 3671 5438 δτι
3709 5356 3737 5409 ὁ

2079 5417 2233 5482 τόνος
2267 5417 2668 5497 διαιρεῖται-είς
2708 5419 2771 5474 τὸ
2804 5417 3066 5497 λεῖμμα),
3100 5417 3254 5497 ὅπερ,
3287 5430 3396 5482 etc.
3431 5429 3554 5494 Qua
3585 5429 3642 5482 in
3676 5444 3738 5483 re

2080 5499 2277 5570 tamen
2310 5495 2464 5570 haud
2501 5495 2621 5550 seio
2673 5510 2746 5570 an
2791 5495 2956 5570 justo
2989 5495 3122 5566 plus
3173 5495 3368 5554 videre
3418 5498 3528 5553 sibi
3575 5499 3736 5555 visus

2081 5565 2160 5620 sit
2202 5567 2248 5621 is
2278 5569 2378 5637 qui
2432 5566 2540 5621 hoc
2587 5565 2925 5631 conjectura
2973 5565 3279 5624 assecutus
3311 5575 3418 5625 est.
3454 5570 3557 5624 Sed
3611 5572 3735 5625 fieri

2080 5639 2292 5714 potuit,
2328 5643 2399 5714 ut
2420 5637 2529 5714 hoc
2573 5639 2752 5714 modo
2803 5637 3085 5696 scriberet
3134 5640 3362 5714 Psellus
3397 5660 3410 5698 :
3446 5637 3731 5714 διαιρεῖται

2080 5705 2138 5762 δὲ
2169 5709 2325 5783 οὗτος
2358 5709 2432 5770 εἷς
2470 5710 2532 5764 τὸ
2565 5705 2897 5783 λεγόμενον,
2929 5714 3038 5765 etc.
3066 5713 3227 5778 Quod
3261 5719 3416 5770 certe
3446 5705 3731 5770 universas

2072 5781 2386 5858 verborum
2417 5781 2864 5858 continuationi
2891 5785 3230 5854 respondet,
3263 5801 3444 5858 quare
3473 5786 3542 5842 ad
3575 5785 3730 5843 hanc

2075 5852 2549 5911 emendationem
2604 5851 3045 5910 conversionem
3086 5851 3350 5915 nostra'm
3389 5873 3726 5915 accommo-

2076 5924 2218 5983 dare
2248 5941 2364 5984 non
2396 5923 2820 5984 dubitavimus.
2852 5922 3094 5985 Lmnaa.
