4124 6394
361 421 514 485 1081

1471 418 1547 478 IN
1594 415 2220 478 PSYCHOGONIAM
2261 417 2678 480 PLATONIS.

3627 417 3784 478 1082

429 557 497 631 γ’.
552 552 648 615 Εἷς
706 555 875 607 ταῦτα
943 549 1034 606 οὗν
1111 551 1178 606 τὰ
1258 551 1524 625 ἁρμονικὰ
1591 547 1934 623 διαστήματα
1980 549 2016 618 ἡ

2203 551 2359 609 3.Δά
2391 552 2494 608 illa
2524 552 2707 626 igitur
2734 551 3078 610 harmonica
3105 549 3416 608 intervalla
3445 548 3796 623 explicanda

364 641 598 716 μέθοδος
627 645 728 707 τῆς
792 640 1052 716 εὑρέσεως
1104 643 1212 694 τῶν
1271 637 1463 715 ἐφεξῆς
1521 637 1831 714 έπιμορίων
1891 659 2033 710 συμ-

360 729 628 788 ὗάλλεται
662 728 862 806 λόγων·
901 729 1018 783 εἰπὲ
1068 726 1126 782 δὲ
1156 726 1521 800 διαστήματα,
1555 725 1682 782 ἀλλ’
1717 727 1778 780 οὐ
1829 728 2032 796 συστή-

363 843 528 896 ματα,
583 819 676 874 ’ἱνα
731 820 831 888 τὴν
885 815 1413 893 στοιχειωδεστάτην
1468 819 1653 892 σχέσιν
1710 821 1817 871 τῶν
1880 815 2028 889 ἐναρ⁶

366 912 566 986 μορίων
600 909 805 986 λόγων,
837 908 927 963 καὶ
977 906 1028 978 ἐξ
1061 909 1133 961 ὧν
1194 905 1360 962 ἄλλαι
1422 911 1730 982 σύγκεινται
1793 904 2030 980 σχέσεις’

364 999 614 1075 δηλώσῃ.
650 998 742 1059 Εἰς
801 1002 969 1052 ταῦτα
1007 1001 1159 1071 γοῦν,
1215 999 1290 1057 ὼς
1351 992 1588 1070 εἶ’ρηται,
1647 995 1740 1050 καὶ
1800 993 1876 1058 εἲς
1932 993 2030 1062 τὴν

363 1094 462 1145 τοῦ
495 1087 793 1148 Πλάτωνος
834 1081 1210 1158 συμϐάλλεται
1265 1084 1624 1160 ψυχογονίαν.
1676 1088 1880 1155 Θεωρεῖ
1927 1081 2030 1156 γὰρ

368 1181 396 1234 ὁ
427 1178 657 1235 Πλάτων
685 1176 737 1231 έν
769 1180 848 1246 τῷ
876 1174 1088 1247 Τιμαίῳ
1117 1179 1197 1246 τῷ
1229 1171 1477 1248 διαλόγῳ
1510 1175 1600 1242 ιην
1631 1174 1816 1248 ψυχὴν
1838 1169 2033 1232 ἁπλῶς

366 1267 426 1322 ἐκ
454 1271 554 1320 τοῦ
588 1263 931 1339 δημιουργοῦ
963 1263 1262 1338 γενομένην
1310 1268 1426 1330 νοῦ,
1459 1263 1548 1318 καὶ
1598 1263 1660 1316 οὐ
1711 1264 1848 1317 κατά
1895 1260 2029 1337 χρό-

364 1378 481 1428 νον,
535 1353 680 1411 ἀλλὰ
727 1356 843 1409 κατ’
891 1352 1096 1408 οὐσίαν·
1130 1353 1220 1406 καὶ
1271 1353 1375 1428 γὰρ
1426 1352 1477 1408 ἐν
1528 1357 1607 1424 τῷ
1669 1349 1894 1425 Φαίδρῳ
1952 1354 2030 1426 (4)

366 1447 660 1522 ἀγέννητον
707 1443 796 1498 καὶ
843 1442 1151 1517 ἀνώλεθρον
1201 1442 1369 1511 αὐτὴν
1420 1439 1709 1510 δείκνυται,
1742 1442 1878 1496 ὥστε
1928 1443 2028 1511 τήν

363 1536 482 1591 κατ’
516 1533 704 1588 οὐσίαν
768 1532 935 1602 αὐτῆς
993 1532 1098 1586 ἀπὸ
1129 1535 1235 1586 τῶν
1268 1536 1480 1602 νοητῶν
1540 1530 1731 1586 αἴτίων
1789 1527 2026 1604 πάροδον

360 1626 563 1702 γένεσιν
616 1622 768 1697 λέγει
814 1629 916 1691 τῆς
971 1625 1180 1696 ψυχῆς.
1227 1624 1300 1694 (5)
1353 1627 1506 1676 ’Ἐστι
1555 1621 1655 1697 γὰρ
1701 1625 1810 1676 τῶν
1857 1617 2026 1674 ὄντων

364 1714 432 1769 τὰ
467 1715 562 1787 μέν
594 1712 768 1781 νοητὰ
792 1710 880 1766 καὶ
912 1710 1169 1786 ἀγένητα,
1199 1710 1266 1765 τὰ
1293 1707 1350 1764 δὲ
1388 1710 1619 1780 αἰσθητὰ
1665 1709 1754 1765 καὶ
1805 1711 2025 1784 γενητὰ,

363 1805 432 1858 τὰ
475 1800 533 1856 δὲ
579 1800 776 1875 μεταξὺ
821 1799 1028 1855 τούτων
1062 1799 1235 1870 νοητὰ
1261 1800 1353 1855 καὶ
1383 1800 1599 1876 γενητά.
1634 1801 1716 1857 Τὰ
1769 1801 1863 1873 μὲν
1923 1799 2025 1876 γάρ

366 1891 510 1947 ἐστιν
560 1890 822 1954 ἀσύνθετα
869 1889 1043 1944 πάντα
1092 1889 1181 1944 καὶ
1235 1889 1500 1964 ἀμέριστα
1564 1891 1652 1944 καὶ
1723 1887 1812 1944 διὰ
1865 1894 2025 1944 τοῦτο
2057 1927 2106 1992 Β

378 1981 392 1992 .
446 1981 456 1992 .
707 1983 721 1992 .
792 1977 832 1992 ις.
942 1979 954 1992 ,
1004 1991 1010 1992 ,
1235 1978 1248 1992 .
1510 1979 1522 1992 .
1653 1980 1664 1992 .
1729 1976 1752 1992 ε.
1792 1979 1803 1992 .
1933 1983 1954 1992 _

367 1981 625 2057 ἀγένητα,
667 1983 734 2034 τὰ
788 1977 846 2034 δὲ
895 1979 1120 2042 σύνθετα
1162 1978 1252 2033 καὶ
1308 1979 1533 2054 μεριστά
1577 1980 1667 2034 καὶ
1726 1976 1814 2034 διὰ
1862 1983 2026 2033 τοῦτο

367 2070 592 2147 γενητὰ,
623 2071 692 2124 τὰ
753 2066 811 2123 δὲ
869 2069 921 2122 ἐν
981 2069 1130 2141 μέσῳ
1177 2066 1383 2123 τούτων
1442 2069 1609 2138 νοητὰ
1661 2069 1746 2123 καὶ
1805 2069 2026 2144 γενητὰ,

368 2159 638 2234 ἆμέριστά
693 2179 750 2214 τε
809 2153 936 2212 ὄντα
991 2157 1082 2212 καὶ
1138 2157 1362 2231 μεριστᾶ
1411 2158 1510 2225 τὴν
1564 2157 1719 2235 φύσιν
1768 2156 1917 2213 ἀπλᾶ
1971 2179 2029 2213 τε

367 2249 459 2304 καὶ
512 2247 737 2312 σύνθετα
777 2247 981 2317 τρόπον
1030 2243 1236 2323 ἕτερον.
1271 2245 1455 2316 ’Ἄλλη
1509 2245 1598 2300 οὖν
1641 2249 1675 2316 ἡ
1708 2245 1795 2301 ἐπὶ
1845 2249 2027 2323 ψυχῆς

363 2340 588 2415 γένεσις,
619 2337 710 2392 καὶ
767 2335 913 2407 ἄλλη
965 2338 999 2406 ἡ
1051 2334 1137 2390 ἐπὶ
1196 2341 1490 2408 σώματος·
1552 2338 1586 2405 ἡ
1645 2336 1740 2408 μέν
1789 2337 2027 2411 προτέρα

365 2428 470 2484 καὶ,
509 2422 868 2502 πρεσϐυτέρα,
920 2423 1323 2501 προσεχεστέρα
1371 2423 1472 2500 γάρ
1518 2424 1628 2479 ἐστι
1683 2429 1761 2496 τῷ
1812 2426 2021 2480 πάντων

361 2520 718 2591 Δημιουργῷ,
751 2517 784 2584 ἡ
840 2512 898 2570 δὲ
957 2511 1178 2588 δευτέρα
1232 2514 1320 2568 καὶ
1377 2515 1632 2586 νεωτέρα,
1690 2514 2024 2590 πορῥωτέρω

360 2605 463 2681 γάρ
515 2605 624 2660 ἔστι
682 2611 782 2674 τῆς
841 2609 968 2675 μιᾶς
1028 2602 1221 2664 αἰτίας.
1259 2600 1383 2657 Οἶδε
1432 2603 1533 2679 γὰρ
1595 2604 1622 2657 ὁ
1672 2602 1900 2659 Πλάτων
1957 2605 2022 2660 οὐ

365 2695 528 2768 μόνον
589 2693 677 2749 ἐπὶ
743 2693 1034 2767 σωμάτων,
1097 2690 1244 2747 ἀλλὰ
1298 2693 1386 2747 καὶ
1437 2690 1524 2746 ἐπὶ
1582 2695 1773 2768 ψυχῶν
1835 2694 2021 2769 χώραν

362 2783 594 2861 ἔχουσαν
654 2784 752 2852 τὴν
826 2782 1054 2857 γένεσιν,
1113 2781 1340 2837 καθόσον
1421 2779 1508 2836 καί
1586 2783 1739 2836 αὗται
1818 2783 2023 2858 χρόνου

372 2874 719 2948 μετέχουσινο
747 2873 924 2934 καθὼς
969 2871 1059 2926 καὶ
1092 2870 1142 2925 ἐν
1175 2875 1254 2942 τῷ
1286 2867 1508 2945 Φαίδρῳ
1539 2871 1668 2948 φησὶ
1704 2869 1792 2926 διὰ
1821 2875 2022 2947 χρόνου

377 2969 590 3026 θεᾶσθαι
619 2963 681 3017 τὸ
713 2962 770 3017 ὃν
834 2958 1018 3023 αὐτάς.
1051 2965 1202 3015 Πᾶσα
1245 2961 1346 3035 γὰρ
1397 2962 1432 3029 ἡ
1488 2954 1820 3032 μεταϐατική
1869 2961 2020 3033 κίνη-

372 3050 604 3118 σις,κᾶν
662 3052 965 3125 ἀσωμάτων
1023 3048 1164 3105 ἐστὶν
1224 3050 1426 3104 οὐσιῶν
1483 3048 1744 3126 ἐνέργεια,
1778 3056 2020 3119 συνεζευ-

364 3141 564 3216 γμένον
607 3138 721 3216 ἔχει
751 3141 844 3195 τὸν
878 3140 1080 3215 χρόνον
1129 3139 1290 3212 αὐτοῖν
1323 3137 1411 3193 καὶ
1470 3138 1574 3214 γὰρ
1600 3141 1635 3208 ἡ
1667 3140 1821 3214 ψυχὴ
1859 3161 2018 3212 μετα-

361 3223 597 3290 ϐατικῶς
622 3228 748 3290 τοὺς
779 3228 939 3304 ὅρους
967 3234 1103 3300 νοεῖ,
1137 3227 1228 3282 καὶ
1274 3229 1411 3282 κατά
1472 3229 1564 3301 μὲν
1620 3229 1713 3291 τὰς
1754 3228 2020 3304 ἐνεργείας

2145 641 2368 697 confert
2384 659 2450 698 su
2461 642 3010 716 perparticularium
3033 641 3480 715 proportionum
3501 640 3799 696 invenien-

2142 730 2351 786 darum
2374 732 2468 788 via
2491 738 2548 788 et
2567 734 2715 788 ratio
2766 732 3092 806 (intervalla
3114 732 3267 797 dico,
3303 747 3418 786 non
3451 734 3792 802 systemata,

2144 825 2208 875 ut
2223 820 2697 878 harmonicarum
2717 823 3006 878 rationum
3024 825 3081 876 et
3096 820 3330 876 habitus
3349 836 3524 892 quam
3539 817 3794 874 maxime

2141 908 2546 966 elementicius
2568 929 2634 968 ac
2655 911 2904 985 simplex
2923 910 3274 980 declaretur,
3289 918 3344 964 et
3365 915 3796 980 cognoscantur

2143 999 2181 1053 ii
2226 1017 2296 1055 ex
2344 1001 2563 1072 quibus
2612 1001 2798 1058 cbteri
2847 1000 3125 1073 [habitus]
3180 1000 3520 1069 constant):
3568 997 3640 1052 ad
3691 997 3794 1052 illa

2142 1087 2325 1161 igitur
2356 1095 2414 1145 et
2436 1091 2509 1146 ad
2533 1091 2792 1148 Platonis
2819 1091 2889 1147 de
2911 1090 3120 1146 animas
3144 1086 3544 1160 procreatione
3574 1085 3794 1141 doctri-

2143 1195 2278 1234 nam
2294 1180 2801 1252 (psychogoniam)
2815 1179 3221 1252 explicandam
3235 1174 3794 1233 confert.Enimvero

2142 1265 2304 1322 Plato
2334 1267 2432 1324 ille
2461 1268 2522 1324 in
2553 1269 2787 1342 dialogo
2835 1269 2935 1341 qui
2986 1268 3242 1324 Timaeus
3290 1265 3656 1330 inscribitur,
3707 1262 3794 1318 sic

2141 1358 2372 1424 statuit,
2393 1359 2652 1416 animam
2685 1379 2718 1416 a
2746 1365 2942 1416 mente
2972 1358 3076 1414 illa
3103 1357 3316 1430 opiﬁca
3343 1373 3539 1412 rerum
3570 1359 3628 1410 et
3657 1370 3793 1426 pro-

2140 1448 2416 1505 creatrice
2465 1449 2814 1521 simpliciter
2842 1454 3030 1505 ortam
3061 1464 3212 1515 esse,
3247 1461 3438 1518 neque
3465 1445 3523 1500 id
3569 1444 3642 1499 ab
3674 1460 3793 1499 uno

2138 1537 2422 1609 temporis
2451 1539 2810 1610 principatu,
2836 1539 2937 1595 sed
2970 1540 3040 1592 ad
3075 1535 3337 1593 essentia;
3361 1535 3647 1590 rationem
3683 1549 3696 1588 :
3733 1532 3793 1587 in

2141 1625 2380 1681 Phaedro
2403 1627 2560 1683 enim
2585 1626 2815 1700 dialogo
2842 1644 2957 1682 non
2980 1631 3237 1682 creatam
3261 1641 3390 1680 eam
3431 1639 3560 1679 esse
3594 1626 3792 1678 osten-

2137 1713 2224 1769 dit
2255 1731 2361 1771 nec
2412 1715 2807 1784 interituram,
2843 1717 2927 1772 ita
2977 1721 3040 1771 ut
3089 1731 3246 1781 eum,
3280 1714 3380 1786 qui
3415 1714 3483 1767 ad
3519 1710 3792 1768 essentia:

2138 1805 2425 1860 rationem
2485 1806 2606 1872 ﬁat,
2667 1807 2878 1862 animae
2935 1821 3005 1862 ex
3062 1804 3259 1860 causis
3316 1799 3793 1874 intelligibilibus

2137 1909 2441 1965 egressum
2490 1895 2931 1967 generationem
2979 1893 3188 1949 anima:
3230 1890 3540 1963 intelligat.
3574 1890 3792 1945 Eorum

2139 1983 2315 2052 enim,
2345 2001 2471 2056 qua
2517 1988 2676 2053 sunt,
2710 1983 2825 2040 alia
2862 1988 2921 2039 et
2970 1987 3165 2038 mente
3213 1979 3794 2053 comprehenduntur

2137 2089 2327 2144 neque
2349 2073 2470 2129 ullo
2487 2079 2765 2146 generata
2785 2077 2929 2129 sunt
2945 2071 3222 2141 ortu,alia
3237 2069 3514 2127 sensibus
3527 2069 3795 2140 subjecta

2136 2167 2278 2219 sunt
2297 2167 2355 2218 et
2383 2167 2578 2219 ortum
2611 2163 2852 2228 habent,
2886 2161 3004 2218 alia
3022 2162 3180 2218 inter
3203 2161 3322 2216 duo
3341 2159 3445 2214 illa
3463 2160 3630 2230 quasi
3664 2173 3792 2213 me-

2136 2251 2300 2306 dium
2329 2252 2590 2308 tenentia
2636 2257 2694 2307 et
2747 2250 3147 2322 intelligibilia
3195 2255 3334 2306 sunt
3389 2253 3448 2305 et
3489 2250 3786 2320 generata.

2135 2341 2352 2396 Eorum
2370 2343 2527 2398 enim
2547 2342 2760 2414 partim
2779 2357 2969 2414 neque
2985 2341 3302 2411 conjuncta
3320 2341 3462 2394 sunt
3489 2341 3546 2393 et
3576 2336 3788 2392 indivi-

2135 2431 2252 2486 dua
2269 2433 2342 2487 ob
2368 2449 2613 2504 eamque
2637 2449 2761 2488 rem
2800 2432 2929 2487 sine
2945 2435 3100 2498 ortu,
3134 2429 3348 2501 partim
3391 2427 3703 2498 conjuncta
3735 2429 3793 2480 et

2135 2519 2373 2576 dividua
2385 2537 2635 2595 eamque
2649 2521 2722 2577 ob
2737 2535 2974 2577 causam
2991 2521 3290 2592 generata;
3306 2517 3364 2572 in
3386 2515 3578 2572 medio
3591 2517 3789 2570 autem

2135 2609 2473 2664 consistunt
2493 2626 2720 2681 ea,qua3
2743 2614 2800 2666 et
2819 2607 3218 2679 intelligibilia
3233 2609 3374 2664 sunt
3394 2609 3452 2662 et
3475 2607 3627 2671 orta,
3659 2619 3788 2674 quas

2135 2701 2192 2752 et
2221 2697 2525 2754 individua
2555 2716 2664 2754 sua
2693 2701 2906 2754 natura
2935 2703 3077 2754 sunt
3101 2702 3159 2752 et
3190 2695 3448 2762 dividua,
3483 2709 3611 2764 quas
3651 2707 3784 2746 cum

2134 2786 2430 2859 simplicia
2458 2792 2587 2844 tum
2619 2788 2778 2844 vario
2808 2789 2982 2844 modo
3013 2783 3496 2858 composita.Alia
3525 2781 3708 2854 igitur
3728 2779 3789 2836 in

2134 2875 2334 2932 anima
2362 2881 2454 2933 est
2481 2877 2801 2950 generatio,
2834 2877 2950 2934 alia
2981 2877 3041 2932 in
3073 2892 3315 2948 corpore
3348 2890 3361 2930 :
3397 2889 3516 2929 una
3545 2870 3706 2944 prior
3734 2873 3793 2925 et

2133 2965 2451 3037 antiquior,
2486 2967 2706 3039 quippe
2736 2966 2974 3039 propior
3003 2966 3186 3037 hujus
3214 2961 3618 3020 universitatis
3648 2961 3786 3016 effe-

2131 3053 2489 3118 ctori,altera
2519 3059 2716 3112 autem
2748 3055 3036 3126 posterior
3065 3059 3124 3110 et
3154 3053 3465 3122 recentior,
3485 3053 3687 3123 utpote
3716 3049 3790 3104 ab

2133 3161 2251 3199 una
2281 3143 2379 3199 illa
2409 3160 2589 3200 causa
2618 3145 2916 3200 remotior.
2956 3147 3037 3199 Ac
3067 3143 3213 3198 vidit
3263 3158 3406 3198 sane
3456 3140 3637 3208 Plato,
3671 3154 3786 3193 non

2131 3232 2190 3287 in
2204 3249 2451 3304 corpora
2461 3233 2654 3289 solum
2668 3234 2873 3290 cadere
2885 3233 3344 3306 generationem,
3365 3229 3539 3286 sedin
3557 3228 3789 3284 animas

359 3317 567 3392 χρόνου
622 3317 1119 3391 μετάληψιν,κατὰ
1175 3315 1232 3371 δὲ
1286 3319 1384 3387 τὴν
1449 3317 1629 3372 οὐσίαν
1688 3317 1845 3373 αἰῶνι
1892 3340 2014 3374 συν-

2134 3322 2328 3393 etiam,
2379 3327 2674 3395 quatenus
2722 3323 2863 3396 ipsae
2891 3304 3192 3394 temporis
3242 3320 3556 3393 participes
3614 3317 3778 3372 sint:

357 3406 626 3463 τέτακται.
669 3412 960 3481 Θεωρεῖται
990 3407 1090 3482 γὰρ
1131 3405 1184 3461 ἐν
1227 3411 1294 3481 τῇ
1350 3409 1506 3481 ψυχῇ
1557 3407 1717 3462 οὐσία
1769 3407 1860 3463 καὶ
1923 3405 2014 3463 δύ-

357 3517 520 3568 ναμις
581 3496 668 3551 καὶ
727 3495 988 3573 ἐνέργεια·
1023 3495 1114 3550 καὶ
1173 3491 1314 3550 ἔστιν
1373 3495 1504 3567 αὕτη
1561 3495 1620 3552 ἐκ
1675 3501 1783 3552 τῶν
1843 3502 2012 3573 γενῶν

353 3589 453 3640 τοῦ
483 3581 636 3648 ὄντος
669 3584 1024 3662 συγκειμένη,
1058 3584 1267 3655 οὐσίας,
1299 3583 1518 3659 ταύτοῦ,
1553 3588 1798 3663 θατέρου.

2127 3428 2254 3484 quas
2285 3415 2504 3469 eaedem
2533 3413 2593 3468 in
2626 3413 2868 3468 Phaedro
2901 3411 3134 3484 dialogo
3165 3428 3268 3482 per
3296 3414 3533 3480 tempus
3563 3405 3783 3462 intueri

2125 3501 2405 3558 dicuntur
2423 3502 2664 3574 id,quod
2686 3502 3012 3559 est.0mnis
3025 3501 3180 3557 enim
3203 3499 3551 3557 transitivus
3566 3500 3786 3562 motus,

2123 3591 2357 3647 etiamsi
2388 3592 2448 3647 in
2494 3591 2953 3665 incorporalium
2985 3598 3260 3647 naturam
3313 3586 3628 3644 efﬁcientia
3675 3601 3784 3657 po-

361 3677 514 3733 situs
545 3679 642 3746 sit,
671 3693 870 3733 secum
904 3677 1286 3747 conjunctum
1319 3677 1498 3734 habet
1545 3683 1799 3751 tempus,
1836 3695 2093 3751 namque
2122 3681 2323 3737 anima
2352 3683 2729 3738 “transeundo
2759 3682 3044 3738 terminos
3068 3679 3211 3749 (sibi
3243 3677 3612 3743 constitutos)
3644 3689 3782 3730 sen-

359 3766 452 3834 tit,
485 3773 542 3822 et
572 3767 619 3822 si
655 3767 724 3822 ad
758 3767 1132 3822 efficientiam
1159 3767 1302 3839 (sive
1333 3767 1579 3823 actionis
1608 3769 1938 3840 veritatem)
1969 3776 2326 3841 spectamus,
2359 3773 2646 3842 temporis
2676 3772 3017 3828 societatem
3047 3770 3300 3836 habet,si
3331 3769 3403 3824 ad
3436 3764 3783 3832 essentiam,

367 3856 652 3926 adjuncta
682 3856 992 3911 aeternitati
1020 3858 1202 3912 est.In
1236 3855 1434 3912 anima
1463 3857 1620 3912 enim
1653 3859 1912 3913 cernitur
1962 3861 2220 3914 essentia
2247 3863 2304 3915 et
2351 3862 2614 3931 potentia
2641 3861 2786 3931 (sive
2815 3861 2901 3916 vis
2932 3865 3109 3933 atque
3159 3857 3407 3928 indoles)
3433 3860 3490 3910 et
3520 3852 3780 3910 efficien-

355 3945 460 4013 tia,
496 3961 562 4000 ac
587 3949 821 4002 constat
849 3945 969 4000 haec
999 3945 1233 4017 quidem
1265 3963 1333 4000 ex
1363 3945 1678 4018 generibus
1705 3947 1855 4017 ejus,
1888 3949 2045 4018 quod
2075 3953 2186 4016 est,
2220 3949 2506 4017 Essentia,
2541 3949 2776 4020 Eodem,
2809 3949 3028 4005 Altero.

433 4049 495 4110 δ’.
529 4049 708 4107 Ἀλλὰ
737 4051 839 4129 γὰρ
868 4059 1070 4129 τριφυῆ
1100 4052 1198 4120 τὴν
1231 4058 1332 4121 τῆς
1363 4054 1548 4128 ψυχῆς
1578 4051 1768 4106 οὐσίαν
1804 4053 1832 4106 ὁ
1866 4050 2016 4106 [1λά-

357 4161 466 4195 των
501 4142 620 4215 ὁρᾷ.
647 4138 830 4211 ’Ἄλλη
861 4140 960 4217 γάρ
993 4139 1131 4196 ἐστιν
1173 4143 1207 4209 ἡ
1248 4140 1473 4216 ὕπαρξις
1502 4140 1692 4211 αὐτῆς⁶
1725 4141 1816 4196 καὶ
1865 4139 2010 4213 ἄλλη

356 4229 656 4306 ἁρμονία-ἡ
693 4229 743 4285 ἐν
795 4229 954 4302 αὐτῇ,
989 4231 1105 4294 καθ’
1137 4231 1203 4299 ἢν
1252 4231 1315 4284 τὸ
1369 4227 1625 4292 οὐσιῶδες
1672 4229 1839 4300 αὐτῆς
1889 4252 2012 4285 συν-

355 4318 539 4395 έχεται
591 4317 826 4390 πλῆθος,
861 4316 985 4374 οὔτε
1037 4325 1164 4392 μιᾶς
1218 4315 1384 4388 οὔσης
1424 4318 1631 4390 οὐσίας,
1678 4320 1752 4382 ὡς
1791 4322 1819 4374 ὁ
1866 4325 2011 4392 νοῦς,

354 4405 480 4464 οὕτε
510 4407 586 4471 εἰς
619 4409 840 4483 ἄπειρον
876 4406 1284 4482 διαιρουμένης,
1316 4407 1393 4470 ὡς
1441 4409 1505 4464 τὸ
1559 4413 1720 4482 σῶμα
1771 4411 1887 4483 μετ’
1917 4409 2011 4465 αὐ-

2199 4056 2251 4109 4.
2285 4060 2362 4111 At
2391 4055 2548 4111 enim
2579 4055 2872 4128 triplicem
2919 4059 3089 4127 putat
3120 4053 3282 4108 Plato
3331 4049 3540 4106 animae
3585 4063 3782 4103 essen-

2125 4144 2291 4200 tiam.
2324 4145 2450 4200 Alia
2476 4149 2567 4201 est
2588 4144 2744 4201 enim
2769 4143 3099 4200 substantia
3118 4144 3268 4211 ejus,
3301 4139 3415 4196 alia
3447 4137 3777 4204 harmonia,

2123 4250 2240 4303 qua
2267 4233 2602 4290 essentialis
2631 4234 2761 4305 ejus
2794 4232 3112 4289 multitudo
3141 4230 3502 4287 continetur:
3521 4225 3780 4300 quando-

2123 4323 2365 4395 quidem
2396 4340 2503 4380 nec
2537 4341 2650 4379 una
2697 4328 2788 4380 est
2831 4322 3108 4390 essentia,
3156 4321 3312 4376 sicut
3360 4334 3550 4385 mens,
3583 4332 3690 4372 nec
3719 4314 3778 4370 in

2121 4412 2479 4470 immensum
2513 4413 2786 4483 discedit,
2821 4417 2885 4468 ut
2915 4429 3130 4484 corpus
3162 4413 3295 4483 post
3335 4407 3498 4465 illam
3529 4407 3593 4478 (i.
3625 4421 3674 4461 e.
3708 4405 3781 4460 ab

352 4499 480 4568 τὴν,
511 4496 638 4554 ἀλλ’
671 4497 749 4562 εἷς
786 4495 964 4553 πλείω
1017 4497 1112 4569 μὶν
1163 4494 1403 4576 οὐριώδη
1455 4497 1619 4574 μέρη,
1653 4496 1704 4568 ἐξ
1752 4499 1826 4553 ὧν
1875 4498 2008 4569 ἐστι,

2134 4501 2222 4559 ΠΒ.
2247 4506 2583 4575 secretum),
2618 4503 2720 4558 sed
2752 4502 2810 4557 in
2845 4502 3066 4574 plures,
3101 4517 3171 4557 ex
3201 4499 3418 4572 quibus
3466 4497 3552 4563 lit,
3585 4499 3783 4567 partes

355 4588 736 4661 πεπερασμένα
765 4584 822 4642 δὲ
851 4593 968 4652 καθ’
1009 4587 1261 4663 ἀριθμὸν,
1312 4587 1387 4640 ὧν
1444 4586 1621 4642 πλείω
1678 4587 1812 4644 εἶναι
1872 4589 2011 4665 μέρη

358 4679 544 4753 ψυχῆς
597 4674 885 4746 ἀδύνατον,
922 4676 1118 4750 μηκέτι
1166 4673 1450 4746 διαιρετῶν
1511 4672 1681 4733 ὄντων
1733 4676 1809 4740 εἰς
1867 4675 2014 4734 ἄλλα

429 4961 624 5038 (4))Εν
670 4965 761 5038 τῷ.
801 4956 1047 5038 Φαίδρῳ.
1089 4963 1402 5038 Perperam
1453 4964 1561 5038 hoc
1607 4961 1835 5038 Psellus
1887 4979 1900 5017 :
1950 4960 2012 5017 in

357 5035 600 5092 Phaedro
649 5035 879 5107 dialogo
926 5035 1082 5091 enim
1132 5035 1420 5107 Plato_de
1470 5035 1668 5107 anima
1715 5035 2013 5107 disserens

362 5125 490 5178 pag.
523 5109 648 5163 245.
689 5109 774 5170 IL,
808 5101 894 5163 sic
924 5107 1187 5178 loquitur
1219 5124 1232 5162 :
1266 5105 1328 5161 Εἰ
1352 5105 1456 5200 γὰρ
1489 5101 1548 5160 ἔκ
1576 5127 1673 5161 του
1927 5103 2010 5179 γί-

362 5199 558 5235 γνοιτο.
593 5178 692 5234 οὐκ
744 5178 803 5232 ἂν
863 5177 1008 5235 ἀογή
1065 5178 1328 5235 γίγνοιτο.
1375 5175 1582 5235 Επειδή
1643 5175 1701 5233 δὲ
1783 5199 1816 5235 γ
1849 5175 2010 5235 νητόν

355 5175 558 5250 γνοῖτο,
593 5178 692 5234 οὐκ
744 5178 803 5232 ἂν
863 5175 1020 5251 ἀργῆ
1065 5178 1328 5252 γίγνοιτο.
1358 5175 1582 5246 Ἐπειδὴ
1643 5175 1701 5233 δὲ
1747 5175 2012 5252 ἀγένητόν

354 5249 490 5321 εστι,
521 5253 607 5325 καὶ
669 5235 1002 5325 ᾀδιάφθορόν
1043 5249 1187 5325 αὐτὸ.
1236 5249 1440 5325 ἀνάγκη
1471 5251 1645 5325 εἶναι.
1680 5251 1745 5306 Et
1793 5249 2008 5325 p._246_.

354 5327 422 5396 ᾼ.
459 5319 605 5396 Ἐξ
663 5319 919 5396 ἀνάγᾶιης
961 5319 1227 5396 ἀγένητόν
1278 5319 1359 5396 τέ’
1395 5319 1486 5377 καὶ
1546 5319 1817 5396 ἀθάνατον-
1855 5319 2011 5394 ψυχή

353 5393 413 5450 ἂν
442 5392 551 5466 εἷή.
590 5392 658 5452 At
680 5392 814 5451 vero
844 5396 902 5450 in
930 5392 1148 5466 Timaeo,
1173 5394 1406 5466 dialogo
1437 5396 1559 5466 haec
1589 5395 1763 5466 verba
1805 5392 2010 5466 legun-

358 5476 455 5541 tur
491 5462 622 5541 pag.
657 5469 747 5541 _51.
877 5484 965 5541 s_q.
1006 5483 1017 5522 :
1049 5464 1264 5541 Τούτων
1295 5462 1363 5521 δῖ
1382 5463 1824 5541 οὕτωςᾼέχόντων
1865 5462 2012 5541 ’ὀ-μο-

357 5534 638 5612 byn-15v
656 5538 712 5612 ἓν
751 5537 843 5612 μεν
865 5534 1009 5612 ,εἶναι
1038 5538 1101 5592 τὸ
1132 5537 1270 5592 κατὰ
1297 5541 1467 5593 ταῦτα
1510 5534 1652 5612 εἶδοξ
1696 5534 1856 5612 ἔχον-
1887 5534 2013 5612 ἀγέ-

358 5557 629 5612 Αογητεον
660 5559 712 5592 εν
751 5557 843 5610 μεν
875 5557 1009 5592 ειναι
1038 5557 1101 5592 το
1132 5557 1270 5592 κατα
1297 5559 1467 5593 ταυτα
1510 5557 1652 5602 ειοος
1696 5557 1720 5592 ε
1768 5558 1824 5592 ον
1887 5557 1920 5590 α
1961 5557 2013 5591 ε·-

284 5656 294 5668 .
353 5632 523 5682 νητον
556 5609 646 5665 καὶ
676 5607 1005 5680 ἀνώλεθρον.
1032 5613 1094 5666 In
1130 5612 1284 5666 hunc
1313 5627 1568 5668 errorem
1598 5557 1822 5667 Pseli‘us
1843 5557 2014 5665 ingu-

356 5681 488 5741 ctus
518 5689 609 5740 est
634 5684 706 5739 ab
737 5699 835 5754 eo,
860 5699 1034 5752 quem
1065 5689 1362 5740 auctorem
1395 5689 1634 5754 secutus
1663 5681 2012 5754 est,Proclo,

356 5760 425 5813 ut
453 5755 512 5811 in
545 5756 699 5812 Tim.
728 5771 786 5827 p.
819 5751 944 5823 175,
967 5770 1021 5810 ν.
1045 5755 1287 5829 30sqq.,
1310 5755 1462 5812 Ἔστι
1495 5751 1858 5828 ὃὲ-ἱιισυὶε
1872 5752 2016 5828 γίνε-

2124 4594 2470 4650 essentiales
2502 4607 3007 4664 numerorumque
3037 4591 3261 4646 ratione
3292 4585 3625 4652 conclusas,
3656 4600 3782 4654 qua!

2125 4683 2408 4755 quoniam
2432 4682 2690 4755 amplius
2708 4681 2890 4737 dividi
2906 4683 3610 4752 nequeunt,nequaquam
3631 4689 3781 4746 pau-

2123 4980 2205 5034 σις
2237 4960 2450 5034 έπὶ-τῆς
2481 4963 2666 5034 ψυχῇν
2694 4957 2866 5034 οὐχ-ἡ
2915 4955 3052 5034 κατὰ
3098 4954 3329 5034 χρό-νονῖ
3363 4950 3623 5034 ἀγένητον
3672 4949 3778 5034 γᾲρ

2121 5033 2210 5087 καὶ
2243 5025 3256 5107 ἀνώλεθρονῗδειξενῖνΦαίδριιῖτήν
3305 5025 3519 5152 ξυχξήν.
3561 5025 3768 5092 Ejusd.

2124 5124 2179 5152 τι-
2227 5107 2344 5152 172-
2381 5123 2432 5152 ν-
2465 5107 2524 5152 21
2565 5121 2675 5152 arm
2730 5102 2822 5152 Διὸ
2869 5103 2958 5152 καὶ
3009 5103 3036 5152 ὁ
3091 5099 3143 5152 έν
3198 5097 3304 5152 Φαί
3344 5118 3422 5152 om
3483 5094 3768 5152 Σωκοόίτης

2122 5124 2180 5231 Ξ.
2227 5107 2346 5175 172,
2381 5094 2528 5160 ν.”21
2565 5094 2822 5178 εᾳᾳ’Διὸ
2869 5103 2958 5155 καὶ
3009 5094 3044 5155 ὁ’
3086 5094 3143 5154 έν
3198 5094 3780 5174 Φαίδρῷ⁷Σωκρόίτης

2155 5175 2378 5231 γένητΟν
2441 5176 2610 5231 αὐτὴν
2659 5175 2771 5231 ἅμα
2819 5173 2907 5228 καὶ
2957 5173 3184 5231 γενητὴν
3235 5171 3349 5231 ἅμα
3376 5167 3466 5223 καὶ
3496 5166 3780 5231 αὐτοκίνη-

2155 5166 2378 5252 γένητον
2441 5166 2632 5245 αὐτῆν”
2656 5166 2771 5246 ἃμα
2819 5173 2907 5228 καὶ
2957 5173 3184 5248 γενητὴν
3235 5166 3352 5244 ἅμα
3376 5166 3466 5223 διαὶ
3496 5166 3780 5236 αὐτοκίνη-

2155 5269 2214 5302 ον
2259 5247 2461 5306 ἔλεγεν.
2511 5250 2792 5305 Caeterum
2857 5247 2928 5302 de
2985 5247 3260 5302 universa
3303 5245 3412 5299 hac
3460 5259 3522 5296 re
3562 5241 3666 5295 cfr.
3711 5255 3781 5294 ea

2120 5269 2214 5304 τον
2259 5265 2461 5324 ἒΛεγεν.
2511 5265 2792 5305 ueterum
2857 5265 2928 5302 ae
2985 5265 3260 5302 universa
3304 5265 3412 5299 nuc
3461 5265 3522 5296 re
3562 5265 3666 5295 Ull‘.
3711 5265 3769 5294 ea

2123 5339 2250 5396 quas
2280 5323 2436 5405 idem
2471 5321 2709 5405 Proetus
2741 5320 3007 5405 disputat
3034 5319 3104 5405 in.
3118 5311 3769 5405 .Tim;‘pag._6?.uv_._5_t

2120 5385 2190 5436 ἐ-
2216 5412 2272 5465 ρ.
2295 5396 2367 5450 73
2409 5411 2458 5448 ν.
2497 5395 2586 5448 50.
2611 5392 2812 5462 Ejusd.
2838 5385 2930 5446 'ib.
2957 5390 3158 5464 p.174.
3183 5406 3236 5444 ν.
3261 5385 3344 5442 51‘
3371 5402 3502 5457 sqq.
3531 5385 3774 5439 me.

2196 5468 2266 5537 (5)
2301 5466 2438 5521 Inde
2462 5466 2535 5520 ab
2566 5464 2730 5521 initio
2761 5462 2938 5537 hujus
2955 5465 2982 5531 §
3002 5479 3071 5537 ea
3092 5478 3218 5533 quas
3241 5463 3382 5537 sunt
3411 5457 3564 5537 apud
3586 5455 3771 5511 Procl.

2121 5529 2441 5618 Comm._in
2465 5537 2620 5618 :l‘im7
2657 5553 2714 5608 p.
2751 5529 2874 5617 175:,
2905 5529 3069 5618 3g
3093 5529 3252 5618 sqq.,
3283 5531 3354 5587 ad
3397 5529 3773 5618 verbum-eni-

2122 5627 2323 5695 pressa
2356 5607 3114 5695 Psellustranspripsit,‘ita
3146 5610 3360 5695 ut'pon
3387 5607 3570 5695 prius‘
3594 5613 3772 5695 quam

2121 5671 2182 5739 in
2214 5680 2564 5761 insequenti
2592 5683 2620 5749 §
2648 5681 2724 5761 ab
2769 5671 3149 5761 his-cverbjsf
3177 5671 3299 5761 ρῖδι
3343 5672 3468 5747 γὰρ,
3517 5674 3652 5738 eto.,
3683 5673 3777 5724 est

2127 5749 2390 5822 exorsus,
2423 5753 2515 5810 sui
2540 5752 2695 5823 juris
2725 5766 2855 5806 esse
2882 5749 3147 5822 incipiat.
3177 5749 3418 5805 LINDBB.
