4124 6412
332 432 487 494 1083

1671 436 2089 496 MICHAELIS
2133 437 2405 500 PSELLl

3591 438 3748 497 1084

325 565 512 635 eiores
535 568 786 636 possunt
802 580 931 620 esse
957 567 1166 620 animas
1189 569 1576 638 partes,quod
1598 568 1836 639 quidem
1869 584 1973 639 ap-

2102 571 2199 621 τῶν
2260 573 2440 643 μερῶν
2493 568 2685 638 αὐτῆς,
2718 568 2792 630 ὡς
2852 566 2996 624 ἔσται
3048 565 3219 637 δῆλον
3252 567 3304 622 ἐν
3338 564 3596 643 διαιρέσει
3642 569 3749 622 τῶν

327 653 713 725 parebit,cum
741 655 1003 710 confecta
1024 655 1135 709 erit
1159 655 1635 712 harmonicarum
1661 659 1981 730 pr0portio-

329 760 467 799 num
519 744 833 815 descriptio
866 760 878 799 :
915 744 1031 799 alia
1078 745 1334 815 denique
1382 747 1569 803 forma
1599 748 1726 818 ejus
1768 751 1895 813 est;
1926 751 1983 803 et

332 834 451 888 haec
477 834 678 888 omnia
705 833 859 888 inter
887 851 949 889 se
978 834 1250 890 alia-aliis
1282 837 1507 891 insunt.
1541 836 1685 891 Nam
1719 854 1852 891 cum
1883 854 1981 892 su-

331 923 590 977 bstantia
640 923 1082 979 multitudinem
1131 929 1263 996 apte
1308 928 1692 995 compositam
1728 927 1981 990 cohibet,

329 1012 548 1084 quippe
567 1030 694 1083 quae
715 1029 820 1067 nec
838 1030 1044 1083 expers
1066 1013 1467 1069 multitudinis
1485 1017 1694 1082 sit,nec
1712 1016 1981 1071 multitu-

330 1103 529 1157 dinem
547 1101 861 1173 solam,sed
879 1119 1078 1158 secum
1094 1103 1286 1175 ipsam
1300 1105 1647 1161 concordem
1668 1106 1982 1172 contineat,

330 1196 458 1246 tum
493 1191 806 1246 harmonia
836 1196 892 1247 et
923 1193 1054 1263 ipsa
1078 1193 1415 1250 essentialis
1446 1200 1556 1263 est,
1577 1212 1759 1268 capax
1792 1211 1987 1251 essen-

331 1281 425 1335 tiaa
446 1284 504 1336 et
535 1282 780 1335 formam
806 1281 1099 1337 efﬁciens:
1126 1299 1194 1337 ex
1225 1299 1341 1354 qua
1363 1284 1492 1355 ipsa
1522 1284 1981 1350 demonstratur,

334 1370 837 1440 quemadmodum
870 1374 971 1425 aut
1020 1370 1341 1426 harmoniae
1383 1372 1809 1443 temperatione
1851 1387 1987 1427 oon-

332 1459 593 1514 tineatur
622 1458 821 1514 anima
851 1464 953 1515 aut
984 1476 1097 1515 non
1121 1460 1510 1517 contineatur.
1533 1461 1798 1516 Primum
1825 1461 1985 1516 enim

337 1547 535 1602 anima
563 1548 622 1602 in
672 1548 991 1603 essentiam
1038 1553 1095 1604 et
1134 1551 1457 1621 potentiam
1506 1554 1563 1605 et
1608 1549 1983 1606 efficientiam

329 1636 597 1701 discedit,
649 1636 881 1705 deinde,
917 1642 983 1693 ut
1033 1638 1256 1693 dictum
1309 1644 1420 1705 est,
1452 1638 1511 1694 in
1563 1640 1983 1706 substantiam,

332 1725 700 1782 harmoniam
717 1730 773 1782 et
790 1728 1037 1783 formam
1062 1728 1472 1792 essentia,tum
1498 1744 1631 1784 vero
1649 1728 1987 1784 substantia

331 1814 393 1871 in
424 1817 770 1887 essentiam,
804 1818 981 1885 idem,
1016 1818 1291 1875 alterum.
1318 1821 1508 1891 Atque
1561 1820 1683 1875 haec
1713 1820 1983 1892 quaedam

2092 658 2401 731 ἁρμονικῶν
2456 657 2635 734 λόγων
2682 659 2873 727 αὐτῆς.
2908 656 3006 712 Καὶ
3053 654 3194 711 ἄλλο
3244 656 3306 711 τὸ
3350 654 3491 718 εἶδος
3542 655 3709 725 αὐτῆς
3737 675 3749 688 ’

2091 746 2181 800 καὶ
2209 750 2384 802 πάντα
2412 752 2579 802 ταῦτα
2612 748 2662 801 έν
2694 746 2974 817 ἀλλήλοις
3005 746 3166 803 ἐστίν.
3200 748 3271 802 "H
3320 767 3379 800 τε
3423 746 3524 822 γὰρ
3577 745 3750 821 ὕπαρ-

2094 835 2171 904 ξις
2201 832 2315 911 ἔχει
2351 838 2469 908 μεθ’
2502 838 2695 907 ἑαυτῆς
2754 838 2815 891 τὸ
2867 836 3217 911 ἡρμοσμένον
3272 833 3507 903 πλῆθος,
3542 834 3604 889 οὐ
3651 836 3749 909 γάρ

2092 923 2234 978 έστιν
2294 924 2666 995 ἀπλήθυντος,
2727 924 2853 980 οὐδὲ
2900 947 2962 1000 γε
3020 922 3237 994 πλῆθος
3297 924 3462 996 μόνον
3527 922 3753 998 ἔχουσα,

2094 1014 2397 1087 ἀνάρμονον
2455 1012 2533 1083 δὲ,
2566 1014 2655 1069 καὶ
2704 1017 2738 1084 ἡ
2772 1016 3004 1090 ἁρμονία
3063 1011 3120 1068 δὲ
3178 1010 3450 1083 ούσιώδης
3506 1012 3617 1067 έστὶ
3664 1012 3755 1067 καὶ

2092 1101 2251 1172 αὕτη,
2332 1105 2615 1172 συνεκτικὴ
2690 1104 2782 1159 καὶ
2868 1101 3143 1164 εἷ’δοποιὸς
3217 1108 3319 1172 τῆς
3402 1100 3611 1172 οὐσίας,
3667 1102 3757 1179 ἀφ’

2091 1192 2158 1260 ἧς
2214 1192 2301 1246 καὶ
2363 1189 2652 1265 δείκνυται,
2686 1196 2805 1256 πῶς
2864 1194 2959 1266 μέν
3024 1192 3167 1247 ἐστιν
3226 1190 3461 1267 ἁρμονία
3508 1193 3542 1260 ἡ
3575 1192 3752 1266 ψυχὴ,

2093 1285 2211 1342 πῶς
2268 1278 2323 1335 δὲ
2371 1279 2455 1340 οῦ.
2489 1285 2567 1352 (6)
2602 1287 2897 1355 Διαιρεῖται
2943 1283 3047 1356 γὰρ
3099 1284 3134 1351 ἠ
3166 1281 3321 1356 ψυχῆ
3380 1284 3596 1355 πρῶτον
3659 1281 3751 1353 μὲν

2094 1370 2170 1432 εἷς
2212 1370 2393 1426 οὐσίαν
2451 1371 2540 1425 καὶ
2588 1368 2815 1443 δύναμιν
2863 1370 2952 1425 καὶ
3006 1369 3313 1445 ένέργειαν’
3370 1372 3405 1439 ἡ
3466 1366 3523 1423 δὲ
3576 1368 3752 1438 οὑσία,

2096 1462 2171 1523 ὡς
2230 1459 2462 1536 εἴρηται,
2498 1459 2574 1524 εἷς
2634 1460 2883 1537 ὕπαρξιν,
2920 1459 3182 1537 ἁρμονίαν
3238 1460 3330 1515 καὶ
3387 1456 3567 1521 εἶδος·
3600 1460 3637 1528 ἡ
3700 1455 3757 1513 δὶ

2095 1550 2319 1623 ὕπαρξις
2392 1549 2468 1612 εἷς
2549 1550 2755 1621 οὐσίαν,
2809 1549 3031 1619 ταύτὸν,
3092 1551 3337 1627 Θάτερον.
3398 1547 3550 1618 Αὕτη
3611 1544 3669 1602 δὲ
3719 1550 3755 1617 ἡ

2096 1638 2329 1696 δοκοῦσα
2388 1637 2648 1716 διαίρεσις
2704 1646 2805 1710 τῆς
2863 1642 3049 1715 ψυχῆς
3108 1639 3213 1694 οὐκ
3285 1635 3397 1694 ἔστι
3470 1635 3755 1711 διαίρεσις,

2096 1728 2241 1785 ἀλλὰ
2270 1728 2554 1800 ἀνάλυσις,
2586 1730 2661 1792 ὡς
2695 1729 2803 1784 ἀπὸ
2848 1727 3104 1793 συνθέτου
3154 1734 3255 1798 τῆς
3312 1730 3499 1804 ψυχῆς
3556 1726 3634 1790 εἰς
3691 1727 3761 1782 τὰ

2096 1816 2243 1874 ἁπλᾶ
2294 1819 2422 1893 γένη
2481 1821 2579 1873 τοῦ
2653 1814 2810 1879 ὄντος
2868 1822 3260 1894 προχωροῦσα.
3320 1820 3495 1871 Ταῦτα
3543 1813 3634 1871 οῦν
3690 1814 3760 1871 τὰ

331 1905 501 1976 quasi
535 1906 745 1961 divisio
768 1907 981 1963 animas
1002 1924 1119 1963 non
1144 1913 1236 1963 est
1253 1908 1463 1964 divisio
1486 1908 1587 1964 illa
1613 1909 1985 1982 quidem,sed

2102 1908 2221 1981 γένη
2254 1911 2350 1963 τοῦ
2409 1904 2566 1969 ὄντος
2608 1906 2871 1984 πρότερον
2925 1908 3019 1980 μέν
3075 1905 3219 1962 έστιν
3269 1904 3320 1961 έν
3365 1910 3484 1967 τοῖς
3537 1908 3759 2012 νοΡτοῖς

330 1993 662 2066 explicatio,
695 2000 763 2049 ut
795 2012 921 2067 quas
954 1997 1027 2051 ab
1059 1997 1270 2051 anima;
1299 1998 1725 2070 compositione
1754 2000 1825 2053 ad
1859 1999 1986 2069 ejus

330 2083 545 2154 ipsius,
580 2084 736 2155 quod
770 2089 1102 2157 est,genera
1132 2086 1429 2158 simplicia
1461 2088 1988 2159 procedat.0uibus

333 2188 403 2227 ex
427 2174 744 2244 generibus
774 2175 924 2244 ejus,
958 2175 1113 2246 quod
1149 2180 1258 2241 est,
1295 2176 1548 2247 primum
1576 2177 1811 2248 quidem
1843 2195 1986 2234 con-

333 2261 494 2319 sistit
520 2262 581 2317 in
615 2263 1088 2336 intelligibilibus
1119 2269 1290 2336 atque
1320 2265 1727 2323 immobilibus
1760 2267 1984 2339 formis,

336 2350 583 2407 alterum
603 2351 661 2406 in
682 2352 920 2416 animis,
946 2353 1005 2408 in
1024 2354 1367 2425 corporibus
1381 2361 1576 2411 autem
1598 2360 1985 2428 postremum.

333 2441 521 2506 Quare
568 2439 728 2497 Plato
780 2442 837 2496 in
893 2442 1110 2498 Timaeo
1159 2459 1263 2498 suo
1317 2444 1576 2515 primum
1627 2445 1893 2516 quidem,
1926 2450 1991 2501 ut

334 2530 524 2601 ipsius
548 2535 637 2586 est
685 2532 998 2601 sententia,
1031 2531 1159 2588 coeli
1191 2532 1476 2602 animam,
1511 2550 1686 2604 quam
1721 2535 1987 2590 eamdem

331 2620 592 2675 animam
624 2637 819 2676 rerum
881 2620 1286 2677 universitatis
1336 2622 1614 2694 appellat,
1649 2624 1787 2679 oriri
1820 2622 1901 2678 ait
1934 2623 1990 2678 in

330 2707 524 2778 prima
553 2724 834 2779 generum
870 2709 1142 2765 mistione
1175 2710 1347 2781 primi
1380 2711 1625 2766 oratoris
1658 2727 1672 2766 :
1707 2715 1990 2767 craterem

332 2796 535 2851 dicens
555 2796 791 2851 vitalem
814 2797 977 2852 illam
998 2802 1055 2853 et
1077 2798 1533 2855 substantialem
1557 2816 1752 2855 rerum
1767 2799 1990 2872 opiﬁcis

333 2884 543 2940 animos
556 2885 643 2941 vel
658 2884 931 2941 animalis
951 2885 1080 2941 vitae
1096 2887 1418 2959 potentiam
1445 2908 1459 2956 ;
1487 2893 1617 2944 tum
1635 2905 1769 2945 vero
1790 2889 1994 2946 huma-

334 2988 472 3026 nam
528 2988 759 3044 quoque
791 2974 1053 3029 animam
1097 2975 1362 3045 generari
1414 2976 1690 3044 affirmat,
1722 2976 1994 3033 videlicet

340 3059 547 3128 altera,
582 3065 646 3116 ut
671 3062 773 3130 ait,
808 3062 1082 3119 mistione
1116 3068 1527 3135 (procreatam)
1558 3082 1626 3121 ex
1656 3066 1863 3122 iisdem
1898 3083 1990 3139 ge-

346 3150 609 3216 neribus,
656 3152 813 3222 quod
860 3156 968 3219 est,
1002 3152 1403 3209 inferioribus.
1438 3154 1555 3209 Hoc
1604 3156 1779 3211 modo
1833 3158 1989 3211 enim

335 3239 479 3295 dicit
512 3256 523 3294 :
560 3262 589 3291 α
622 3241 953 3312 iterumque
1002 3242 1060 3297 in
1112 3247 1384 3299 eumdem
1432 3249 1737 3311 craterem,
1771 3245 1831 3299 in
1875 3262 1992 3317 quo

335 3329 737 3385 universitatis
794 3331 1053 3386 animam
1107 3336 1494 3404 temperatam
1545 3334 1990 3405 permiscuerat,
2024 3319 2069 3384 C

333 3419 659 3488 superioris
680 3419 1123 3490 temperationis
1146 3419 1427 3492 reliquias
1451 3420 1755 3478 miscendo
1776 3422 1996 3479 infudit

2092 1996 2183 2050 καὶ
2236 1997 2519 2066 ἀκινητοῖς
2568 1992 2784 2069 εἴδεσιν,
2821 1992 3068 2069 δεύτερον
3122 1992 3180 2050 δὶ
3232 1993 3286 2050 έν
3331 1996 3556 2069 ψυχαῖς,
3590 1988 3756 2068 ἔσχα-

2092 2106 2184 2141 τον
2225 2083 2282 2141 δὲ
2327 2085 2377 2140 έν
2426 2086 2695 2159 σώμασιν.
2732 2084 2941 2140 Γίνεσιν
2992 2082 3084 2140 οῦν
3131 2086 3315 2159 ψυχῆς
3367 2084 3395 2138 ὁ
3442 2080 3671 2138 Πλάτων
3699 2078 3754 2135 έν

2094 2180 2172 2249 τῷ
2200 2176 2419 2249 Τιμαίῳ
2449 2179 2640 2251 πρῶτα
2674 2175 2769 2247 μὶν
2799 2180 2899 2245 τῆς
2935 2179 3033 2229 τοῦ
3084 2174 3315 2251 οὐρανοῦ
3366 2171 3509 2247 λέγει
3570 2176 3759 2247 ψυχῆς

2095 2266 2232 2321 κατᾶ
2284 2266 2347 2320 τὸ
2407 2266 2597 2321 ἑαυτοῦ
2657 2262 2860 2339 δόγμα,
2921 2265 2988 2334 ἢν
3048 2264 3134 2318 καὶ
3194 2267 3291 2317 τοῦ
3350 2261 3552 2324 παντὸς
3612 2259 3758 2337 λέγει

2096 2356 2304 2429 ψυχὴν,
2373 2353 2426 2409 ἐν
2478 2358 2558 2426 τῷ
2615 2354 2821 2427 πρώτῳ
2883 2353 3118 2427 μίγματι
3178 2355 3285 2406 τῶν
3344 2354 3513 2426 γενῶν
3575 2348 3627 2405 έν
3682 2348 3764 2421 τῷ

2096 2446 2348 2519 κρατῆρν
2382 2449 2628 2518 κρατῆρα
2688 2440 2861 2518 λέγων
2915 2443 3015 2511 τὴν
3074 2440 3346 2516 ζωογόνον
3401 2439 3491 2495 καὶ
3524 2440 3761 2495 ὑποστα-

2097 2535 2259 2601 τικήν
2314 2539 2413 2601 τῆς
2460 2535 2646 2606 ψυχῆς
2678 2533 2712 2601 ἢ
2744 2534 2991 2606 ψυχικῆς
3049 2536 3195 2600 ζωῆς
3250 2534 3348 2585 τοῦ
3408 2530 3765 2605 Δημιουργοῦ

2102 2620 2328 2695 δύναμιν
2360 2641 2373 2654 ·
2437 2618 2684 2696 δεύτερον
2737 2617 2794 2675 δὶ
2843 2620 2931 2675 καὶ
2989 2621 3088 2688 τὴν
3159 2620 3496 2695 ἀνθρωπείαν
3576 2618 3762 2693 ψυχὴν

2100 2712 2344 2786 γενέσθαι
2377 2707 2545 2785 λέγει,
2581 2709 2632 2763 ἐν
2664 2712 2744 2781 τῷ
2797 2705 2973 2781 λέγειν
3024 2707 3077 2762 έν
3120 2712 3200 2780 τῷ
3245 2705 3477 2784 δευτέρῳ
3523 2708 3762 2783 κράματι

2102 2799 2161 2853 ἐκ
2214 2803 2320 2855 τῶν
2382 2798 2555 2853 αὐτῶν
2618 2798 2713 2872 μὶν
2771 2801 2942 2873 γενῶν
2996 2801 3094 2852 τοῦ
3139 2793 3314 2871 ὄντος,
3345 2797 3647 2874 ὑφειμένων
3681 2791 3759 2853 δέ.

2105 2887 2261 2962 Λέγει
2290 2887 2388 2962 γὰρ
2424 2885 2618 2949 οὕτως·
2645 2886 2735 2941 καὶ
2784 2885 2950 2942 πάλιν
3010 2884 3097 2941 έπὶ
3156 2886 3249 2941 τὸν
3304 2885 3571 2961 πρότερον
3628 2903 3761 2959 κρα-

2100 2984 2263 3053 τῆρα,
2298 2975 2349 3031 έν
2383 2978 2429 3049 ᾧ
2462 2978 2561 3045 τήν
2603 2980 2699 3031 τοῦ
2750 2976 2951 3039 παντὸς
2999 2977 3188 3051 ψυχὴν
3239 2973 3431 3050 ἔμισγε
3483 2972 3764 3051 κεραννὺς,

2102 3067 2170 3121 τὰ
2198 3070 2304 3120 τῶν
2339 3065 2567 3129 πνόσθεν
2612 3062 2888 3119 ὑπόλοιπα
2946 3069 3232 3139 κατεχεῖτο
3285 3065 3498 3139 μίσγων
3554 3062 3762 3139 τρόπον

2108 3157 2202 3229 μέν
2256 3176 2378 3209 τινα
2434 3155 2524 3209 τὸν
2586 3154 2769 3209 αὐτὸν
2808 3153 3054 3229 ἀκήρατα
3111 3151 3167 3208 δὲ
3225 3153 3403 3208 οὐκέτι
3463 3152 3686 3228 (λέγων)
3730 3157 3761 3220 1-

2107 3245 2401 3319 (·ἀκήρατα
2432 3240 2489 3297 δὲ
2549 3242 2726 3297 οὐκέτι
2786 3240 2983 3317 λέγων,
3032 3243 3148 3297 ἀντί
3205 3246 3307 3297 τοῦ
3364 3239 3617 3313 ἄπροσπα
3674 3240 3763 3295 καὶ

2108 3332 2304 3401 ἀκλινῆ
2364 3331 2453 3385 καὶ
2512 3329 2853 3405 ἀμείλικτα·)
2912 3330 3058 3386 ἀλλὰ
3112 3332 3250 3407 πρὸς
3301 3331 3400 3399 τὴν
3461 3349 3768 3403 γενεσιουρ-

2101 3423 2252 3495 γικὸν
2280 3420 2613 3475 ἀπονεύοντα
2652 3419 2831 3497 φύσιν.

335 3505 514 3576 (Deus
546 3511 837 3580 summus)
867 3510 1072 3564 eodem
1120 3510 1238 3564 fere
1289 3511 1457 3565 modo
1501 3514 1881 3583 temperatas,
1913 3512 2166 3567 necdum
2216 3516 2413 3567 tamen
2464 3510 2722 3565 sinceras
2757 3532 2783 3559 »
2815 3511 2867 3581 (α
2903 3510 3153 3564 necdum
3208 3513 3403 3564 tamen
3448 3509 3704 3564 sinceras
3740 3530 3762 3557 ι

336 3609 436 3650 eas
467 3595 792 3667 appellans,
826 3614 941 3653 non
969 3599 1256 3654 informes
1288 3598 1627 3671 [difficiles],
1680 3600 2036 3672 immobiles,
2071 3600 2519 3674 implacabiles),
2570 3600 2671 3655 sed
2720 3600 2791 3656 ad
2842 3600 3195 3673 genetricem
3242 3602 3547 3671 vergentes
3598 3602 3769 3653 natu-

338 3700 463 3738 ram
476 3725 488 3738 .

408 3790 461 3846 5.
495 3791 652 3846 Talis
682 3792 802 3847 fere
833 3793 1100 3849 universe
1131 3799 1187 3850 et
1242 3795 1645 3868 probabiliter,
1680 3801 1745 3852 ut
1794 3798 1997 3871 paucis

342 3897 462 3936 rem
496 3881 827 3953 expediam,
862 3882 1119 3940 Platonis
1153 3886 1433 3941 definitur
1485 3888 1555 3942 de
1604 3887 1816 3942 animm
1859 3905 1995 3960 pro-

342 3971 637 4027 creatione
668 3973 954 4029 doctrina.
990 3974 1098 4041 Qui
1131 3991 1265 4029 cum
1297 3974 1473 4031 talem
1508 3976 1719 4033 animae
1755 3979 1995 4049 permis-

342 4059 561 4115 tionem
595 4065 980 4133 temperatam
1031 4080 1161 4120 esse
1186 4065 1326 4120 dicit
1356 4082 1389 4120 a
1420 4070 1613 4122 mente
1644 4066 1748 4122 illa
1776 4067 1996 4137 divina,

346 4166 475 4220 quae
505 4149 760 4205 Alterius
794 4157 1087 4220 naturam,
1122 4171 1154 4209 a
1188 4154 1480 4223 mistione,
1516 4160 1581 4211 ut
1610 4156 1710 4223 ait,
1743 4157 1995 4213 alienam

348 4237 660 4308 (siquidem
685 4245 897 4297 natura
918 4248 1047 4312 ejus
1070 4243 1139 4297 ad
1177 4243 1631 4301 discernendum
1654 4250 1710 4301 et
1731 4246 1997 4302 dividen-

349 4326 491 4381 dum
524 4326 798 4396 proclivis
823 4333 912 4384 est
933 4330 1004 4384 ab
1028 4346 1212 4401 eaque
1234 4347 1546 4402 processus
1597 4334 1676 4403 [et
1697 4334 1867 4405 quasi
1899 4350 2001 4404 per

350 4416 571 4486 gradus
597 4416 887 4486 quosdam
938 4420 1333 4491 ascensiones]
1366 4438 1431 4477 ac
1476 4422 2000 4495 multiplicationes

350 4503 1135 4577 proficiscuntur),adjuncta
1159 4510 1577 4579 essentia,cum
1601 4512 1816 4567 Eodem
1840 4527 2000 4567 com-

350 4594 640 4651 miscebat
670 4602 729 4651 et
774 4614 844 4653 ex
886 4599 1075 4655 tribus
1125 4601 1337 4657 fecerat
1385 4618 1587 4669 unum,
1618 4608 1743 4659 tum
1794 4621 2001 4661 rursus

350 4684 542 4756 [quasi
570 4684 627 4739 in
662 4688 920 4759 scenam]
953 4688 1181 4744 inducit
1213 4690 1320 4746 hoc
1347 4695 1559 4747 totum.
1584 4692 1795 4748 Totum
1828 4692 1999 4763 illud,

351 4774 507 4844 quod
542 4774 880 4831 mistionem
913 4778 1175 4843 vocabat,
1208 4778 1267 4834 in
1299 4796 1387 4848 ea,
1429 4780 1564 4852 quae
1606 4781 1822 4854 decuit,
1856 4799 2001 4855 quo-

345 4876 477 4915 rum
510 4862 785 4933 quodque
817 4868 874 4919 et
922 4880 991 4919 ex
1039 4866 1242 4921 eodem
1294 4869 1352 4921 et
1402 4865 1585 4923 altero
1634 4872 1693 4923 et
1743 4870 2003 4926 essentia

346 4953 739 5021 temperatum
792 4957 936 5021 erat,
989 4954 1255 5009 membra
1299 4955 1520 5012 divisit.
1569 4979 1590 5005 ι
1626 4958 1760 5013 Fuit
1803 4964 2002 5015 autem

346 5037 485 5093 talis
512 5038 614 5094 illa
644 5041 899 5112 partitio.
934 5045 1123 5098 Unam
1175 5044 1463 5115 principio
1496 5050 1718 5117 partem
1751 5048 2006 5105 detraxit

348 5143 417 5181 ex
446 5130 571 5182 toto
606 5144 617 5183 :
655 5132 977 5185 secundam
1019 5136 1218 5187 autem
1252 5134 1452 5204 prima:
1485 5135 1671 5205 partis
1703 5138 1948 5211 duplam
1986 5156 1999 5193 :

349 5213 559 5271 deinde
602 5220 864 5286 tertiam,
898 5237 1025 5291 qua
1079 5227 1236 5277 esset
1271 5224 1539 5279 secundae
1590 5228 2001 5299 sesquialtera,

354 5302 554 5371 primae
583 5306 758 5375 tripla
790 5325 803 5362 :
836 5308 1049 5363 deinde
1078 5315 1371 5382 quartam,
1407 5328 1533 5383 quas
1582 5316 1854 5370 secundae
1895 5317 2004 5371 du-

2181 3802 2236 3853 s‘.
2270 3794 2518 3859 Καθόλου
2554 3796 2648 3868 μέν
2685 3792 2775 3849 οῦν
2809 3793 2899 3849 καὶ
2930 3792 3244 3871 έμφατικῶς
3286 3794 3359 3855 ὡς
3401 3791 3453 3847 ἐν
3506 3791 3765 3869 βραχέσιν

2108 3884 2303 3952 εἰπεῖν,
2356 3884 2390 3953 ἡ
2448 3884 2674 3955 τοιαύτη
2762 3887 2859 3938 τοῦ
2913 3881 3207 3944 Πλάτωνός
3266 3880 3378 3937 έστι
3436 3880 3766 3958 ψυχογονία.

2105 3977 2368 4033 Τοιοῦτον
2425 3972 2515 4028 οῦν
2573 3973 2636 4027 τὸ
2687 3976 2871 4048 κρᾶμα
2928 3977 3028 4041 τῆς
3085 3974 3273 4046 ψυχῆς
3344 3969 3510 4025 εἰπὼν
3573 3990 3766 4046 συγκε-

2109 4064 2368 4139 ρασθῆναι
2421 4061 2568 4138 παρά
2608 4065 2704 4116 τοῦ
2754 4058 3095 4136 δημιουργοῦ
3149 4064 3265 4129 νοῦ,
3320 4059 3610 4134 μιγνύντος
3665 4060 3766 4127 τὴν

2105 4156 2205 4207 τοῦ
2288 4152 2514 4227 θατέρου
2590 4150 2771 4228 φύσιν,
2834 4147 3156 4222 δύσμικτον,
3214 4147 3291 4211 ὥς
3363 4169 3547 4225 φησιν,
3606 4149 3770 4203 οὖσαν

2109 4238 2441 4315 (διακριτική
2502 4238 2606 4315 γὰρ
2664 4239 2754 4293 καὶ
2815 4236 3115 4312 διαιρετικὴ
3174 4238 3264 4292 καὶ
3354 4233 3607 4311 προόδων
3678 4236 3768 4293 καὶ

2107 4327 2661 4402 πολλαπλασιασμῶν
2726 4328 2865 4383 ἐστιν
2914 4326 3064 4382 αἰτία
3112 4329 3147 4397 ἡ
3199 4327 3358 4405 φύσις
3413 4325 3625 4400 αύτοῦο)
3688 4330 3772 4399 τῷ

2108 4417 2289 4491 ταύτῷ
2350 4418 2485 4491 μετὰ
2528 4424 2629 4488 τῆς
2660 4416 2843 4480 οὐσίας
2874 4416 2965 4471 καὶ
3026 4415 3087 4471 έκ
3131 4419 3302 4490 τριῶν
3357 4415 3412 4471 ’ἐν
3470 4415 3775 4489 ποιησαμέ-

2032 4552 2077 4618 D
2107 4528 2226 4578 νου,
2260 4506 2445 4582 ἐπάγει
2475 4503 2640 4561 πάλιν
2673 4505 2803 4561 ὅλον
2833 4509 3019 4618 τρῦτο,
3051 4503 3182 4561 ὅλον
3199 4504 3291 4618 qui
3341 4506 3540 4618 μίγμὲὶ
3574 4503 3770 4618 λέγων·

2115 4597 2309 4671 μοίρας
2369 4597 2496 4659 ὅσας
2554 4600 2803 4672 προσῆκε
2861 4592 3144 4667 διένειμεν,
3198 4592 3428 4665 ἑκάστην
3484 4591 3544 4648 δὶ
3597 4587 3659 4649 ἔκ
3711 4612 3774 4650 τε

2107 4685 2307 4741 ταύτοῦ
2391 4685 2483 4740 καὶ
2568 4684 2795 4759 θατέρου
2850 4685 2941 4738 καί
2991 4684 3090 4751 τῆς
3150 4682 3337 4745 οὐσίας
3399 4681 3769 4759 μεμιγμένην.

2108 4778 2352 4852 Ἤρχετο
2411 4772 2470 4830 δὲ
2526 4771 2753 4851 διαιρεῖν
2812 4770 2953 4829 ὧδε·
3000 4771 3125 4847 μίαν
3184 4772 3378 4851 ἀφεῖλε
3430 4773 3494 4828 τὸ
3552 4776 3768 4849 πρῶτον

2110 4865 2218 4920 ἀπὸ
2250 4864 2453 4926 παντὸς
2489 4869 2710 4940 μοῖραν,
2746 4863 2882 4937 μετὰ
2926 4859 2985 4917 δὶ
3030 4865 3199 4916 ταῦτα
3236 4861 3433 4939 ἀφῄρει
3478 4858 3764 4917 διπλασίαν

2109 4958 2335 5031 ταύτης,
2365 4958 2465 5026 τὴν
2518 4954 2575 5011 δὲ
2606 4957 2671 5012 αὗ
2698 4954 2890 5032 τρίτην
2917 4954 3183 5029 ἡμιολίαν
3222 4955 3319 5028 μὶν
3368 4960 3470 5025 τῆς
3501 4952 3770 5031 δευτέρας,

2111 5045 2441 5124 τριπλασίαν
2475 5044 2533 5101 δὶ
2560 5052 2661 5115 τῆς
2694 5046 2943 5122 πρώτης,
2974 5045 3237 5120 τετάρτην
3284 5041 3342 5099 δὶ
3386 5050 3489 5115 τῆς
3520 5040 3769 5120 δευτέρας

2111 5136 2375 5213 τριπλῆν,
2426 5137 2682 5210 πέμπτην
2743 5130 2801 5189 δὶ
2856 5131 3093 5209 τριπλῆν
3150 5139 3251 5203 τῆς
3297 5132 3509 5205 τρίτης,
3565 5133 3667 5203 τὴν
3718 5129 3776 5187 δὶ

2112 5224 2274 5298 ἕκτην
2322 5232 2424 5295 τῆς
2476 5225 2704 5300 πρώτης
2759 5220 3156 5295 ὀκταπλασίαν,
3206 5217 3451 5297 έὸδόμην
3498 5219 3555 5278 δὶ
3612 5223 3776 5278 ἑπτα-

2112 5309 2617 5371 καιεικοσιπϐασίαν
2648 5320 2747 5383 τῆς
2774 5313 3022 5386 πρώτης.

352 5390 449 5460 pla
477 5397 634 5482 esset
666 5410 678 5449 :
713 5395 1001 5466 quintam,
1036 5415 1162 5470 quae
1194 5401 1375 5456 tertiae
1406 5401 1585 5473 tripla
1615 5420 1630 5458 :
1664 5408 1789 5461 tum
1824 5411 2046 5464 sextam
2077 5407 2376 5482 octuplam
2417 5408 2647 5481 prima,
2678 5409 2977 5480 postremo
3020 5404 3356 5476 septimam,
3390 5421 3517 5477 quae
3547 5406 3774 5477 septem

351 5482 410 5533 et
438 5478 642 5552 viginti
674 5485 943 5554 partibus
984 5490 1357 5548 antecederet
1385 5490 1605 5564 prima.
1641 5514 1670 5544 »

426 5676 506 5769 t9)
537 5679 871 5769 --θέορρξζίῖςι
959 5681 1150 5769 γᾴρ-ος.
1211 5688 1602 5769 προχφροδσαε
1698 5692 2008 5769 Ρίιζίέέοπεξ

2115 5695 2398 5765 tanquam
2421 5692 2606 5765 invito
2625 5693 3278 5765 tributasesseeenset,
3297 5689 3354 5744 id
3369 5704 3487 5765 suo
3507 5689 3768 5765 quodam

360 5745 507 5805 istas
537 5748 625 5803 vel
659 5745 855 5822 potius
887 5745 1281 5827 εαριίσαείοησὲ
1309 5745 1517 5817 ibim
1547 5759 1599 5818 si
1632 5745 2014 5834 quis'Platon'i
2115 5745 2257 5836 lii—rd
2273 5745 2737 5822 facere—videtur:
2754 5745 3025 5823 Hamis
3044 5745 3346 5819 iniis'n'on
3369 5745 3769 5817 Plato‘nismus
