4124 6398
375 447 534 507 1085

1485 448 1566 507 IN
1611 447 2227 510 PSYGHOGONIAM
2277 449 2682 510 PLATONIS.

3648 449 3672 505 ‘I
3684 444 3806 506 086

443 584 508 640 ς’.
540 576 688 645 Αὕτη
720 581 848 652 γοῦν
881 579 916 646 ἡ
949 577 1026 640 εἰς
1054 578 1123 632 τὰ
1157 575 1326 651 μείζω
1357 573 1619 653 διαίρεσις
1665 585 1765 648 τῆς
1820 581 2028 654 ψυχῆς.

2218 580 2469 652 6.Atque
2497 580 2620 637 haec
2650 580 2889 652 quidem
2924 580 3132 637 animus
3164 586 3254 638 est
3283 582 3344 636 in
3376 579 3635 652 amplius
3665 595 3803 652 par-

373 665 640 741 Διῄρηται
671 665 771 740 γὰρ
805 664 948 720 οὕτω
992 668 1110 720 κατ’
1139 667 1372 742 ἀριθμὸν
1433 664 1678 736 οὐσιώδη
1744 668 1818 730 εἷς
1871 666 2032 742 ὅρους

372 755 527 810 ὲπτᾶ·
562 757 626 812 α’.
775 756 841 830 γ’.
896 753 956 812 δ’.
1005 756 1068 810 θ’.
1130 757 1200 825 η’.
1263 757 1362 824 κζ’,
1415 752 1611 830 λόγους
1665 753 1722 824 δὶ
1774 755 2032 818 ὡσαύτως

369 849 480 899 τῶν
542 843 901 917 ἐπικειμένων
955 846 1094 918 ὅρων
1135 841 1266 898 "Eva
1328 845 1422 916 μὲν
1482 847 1571 898 τὸν
1626 851 1724 913 τῆς
1785 841 2034 916 δευτέρας

372 939 509 1006 πρὸς
540 935 639 1002 τήν
671 933 914 1008 πρώτην,
949 931 1044 987 δύο
1077 931 1134 988 δὲ
1161 941 1264 1003 τῆς
1319 934 1510 1009 τρίτης
1566 943 1703 1008 πρὸς
1760 936 1860 1003 τήν
1920 931 2034 988 δευ-

369 1021 527 1098 τὲραν
582 1022 672 1077 καὶ
720 1023 820 1092 τήν
882 1023 1129 1097 πρώτην,
1164 1019 1258 1077 ἕνα
1315 1019 1372 1077 δὲ
1423 1027 1524 1088 τῆς
1576 1022 1840 1096 τετάρτης
1898 1023 2033 1097 πρὸς

371 1113 472 1180 τὴν
503 1110 772 1186 δευτέραν,
801 1111 891 1165 καὶ
920 1108 1015 1166 ἕνα
1051 1118 1154 1180 τῆς
1195 1112 1453 1183 πέμπτης
1499 1113 1636 1188 πρὸς
1666 1115 1764 1182 τήν
1813 1113 2028 1185 τρίτην,

373 1200 461 1255 καὶ
508 1197 604 1254 δύο
655 1202 756 1268 τῆς
804 1197 967 1270 ’ἐκτῆς
1015 1200 1105 1254 καὶ
1148 1208 1248 1264 τῆς
1282 1196 1527 1273 ἑϐδόμης
1577 1202 1714 1275 πρὸς
1745 1203 1844 1271 τὴν
1877 1201 2028 1277 πρώ-

367 1308 492 1360 την·
528 1290 602 1352 ὡς
652 1289 783 1344 εἶναι
839 1290 937 1358 τὴν
990 1291 1178 1366 ψυχὴν
1225 1288 1518 1361 ἓπταδικῆν
1556 1293 1634 1364 (7)
1678 1289 1814 1345 κατᾶ
1860 1311 1918 1346 τε
1967 1290 2032 1346 τὰ

2145 669 2295 724 titio.
2330 673 2449 725 Hoc
2472 671 2644 725 modo
2668 670 2823 725 enim
2850 687 2953 742 per
2994 688 3306 727 numerum
3348 667 3802 726 substantialem

2145 757 2204 811 in
2237 757 2344 812 hoc
2376 761 2596 828 septem
2647 757 2933 812 terminos
2981 759 3170 815 divisa
3218 763 3309 814 est
3341 774 3353 812 :
3391 759 3432 829 Ι,
3469 759 3539 826 ΙΙ,
3577 756 3674 827 ΙΙΙ,
3709 754 3804 826 IV,

2146 848 2245 915 IX,
2281 847 2423 909 VIII,
2457 846 2686 913 XXVII,
2721 847 3193 918 similiterquein
3223 847 3563 919 eorum,qui
3589 862 3801 919 propo-

2143 935 2237 990 siti
2274 941 2430 1003 sunt,
2467 937 2852 991 terminorum
2893 937 3149 991 rationes
3200 937 3350 1006 (has)
3387 953 3400 991 :
3437 952 3640 1002 unam,
3674 951 3800 1006 quae

2144 1028 2414 1080 secundae
2469 1025 2655 1097 partis
2704 1024 2849 1080 ratio
2904 1030 2994 1080 est
3039 1026 3110 1080 ad
3159 1027 3434 1097 primam,
3467 1025 3639 1089 duas,
3673 1040 3804 1094 qua;

2143 1114 2326 1169 tertiae
2359 1114 2590 1185 (partis)
2639 1119 2780 1169 sunt
2811 1115 2882 1168 ad
2944 1115 3265 1169 secundam
3317 1118 3373 1169 et
3404 1114 3477 1168 ad
3527 1112 3804 1184 primam,

2142 1220 2346 1274 unam,
2380 1220 2508 1276 que
2533 1208 2760 1275 quartae
2785 1204 2855 1257 ad
2899 1203 3243 1274 secundam,
3278 1219 3456 1258 unam
3481 1201 3694 1275 quinta!
3728 1201 3802 1257 ad

2140 1294 2397 1362 tertiam,
2433 1295 2719 1364 duasque,
2750 1308 2880 1363 quin
2911 1295 3084 1348 sectae
3114 1297 3172 1348 et
3203 1291 3467 1364 septimas
3502 1290 3804 1364 (partium)

1541 1507 1588 1560 α’
1724 1506 1768 1578 β’
1891 1515 1958 1579 γ’·
2057 1506 2102 1563 δ’
2247 1509 2291 1580 0.‘
2397 1511 2452 1582 η’·
2523 1507 2638 1579 κζ’

1556 1590 1942 1682 ίῖκι-..νκ’.Ῡκ.-ιίί“κ
2053 1594 2084 1692 ,ί
2223 1596 2267 1706 /
2410 1608 2418 1616 ⁸
2584 1613 2600 1666 ἶ

1566 1659 1626 1708 (λι
1703 1655 1777 1708 ιζίλ
1802 1669 1838 1708 ίῗέ
1870 1665 1974 1708 ,Αιιὶκ
2036 1689 2055 1708 ρ
2078 1704 2088 1708 _
2212 1707 2223 1708 γ
2394 1621 2414 1706 I
2574 1677 2589 1708 Ι

1566 1691 1595 1726 ν.
1703 1683 1730 1708 ,ζ
1762 1681 1781 1714 χ.
1802 1681 1838 1723 ιτ
1875 1681 1969 1726 λςῡ
2053 1681 2088 1715 ὀ
2223 1681 2243 1706 ν
2394 1681 2398 1705 λ

1576 1681 1710 1792 \“:\\
1727 1707 1903 1771 “>4:
1929 1766 1935 1772 _
1949 1689 2223 1768 ,δέ-ρκ’,
2358 1709 2398 1792 Il

1590 1777 1601 1792 \
1762 1789 1768 1792 .
1910 1785 1940 1792 η.
2110 1776 2120 1792 Ι

371 2228 514 2315 μέρη
559 2231 649 2285 καὶ
700 2229 827 2294 τοὺς
877 2236 984 2286 τῶν
1055 2237 1234 2308 μερῶν
1267 2234 1404 2306 πρὸς
1437 2231 1661 2304 ἄλληλα
1693 2232 2033 2309 λόγους,καῖ

2150 2235 2219 2291 ad
2252 2235 2507 2309 primam
2539 2238 2847 2312 (rationes)
2877 2245 3034 2298 sunt.
3057 2241 3263 2298 Anima
3293 2241 3493 2315 igitur,
3525 2241 3576 2297 si
3602 2245 3799 2315 partes

373 2313 708 2392 συμϐαίνειν,
781 2320 984 2390 ταύτην
1058 2321 1336 2399 ἑπταμερῆ
1409 2322 1499 2378 καὶ
1566 2322 1869 2400 ὲπτάλογον
1939 2324 2028 2380 καὶ

375 2405 712 2464 ὶπτάκυκλον
773 2409 930 2467 εἶναι.
989 2410 1231 2474 Κύκλοις
1303 2412 1406 2488 γὰρ
1482 2411 1716 2468 ἇοίκασιν
1775 2415 1826 2468 οἱ
1882 2417 2030 2488 τρεῖς

373 2495 748 2575 επιτρεπτικοὶ
807 2501 880 2563 ὡς
936 2498 1208 2576 τριαδικοὶ
1259 2502 1286 2557 6
1335 2503 1404 2578 γ’,
1439 2503 1466 2557 6
1516 2503 1580 2571 θ’,
1613 2504 1641 2558 6
1688 2506 1789 2574 κζ’,
1827 2506 1917 2560 καὶ
1978 2506 2030 2560 οἱ

374 2584 471 2642 δύο
519 2587 695 2652 ἰσάκις
748 2587 854 2645 ἴσοι
903 2591 930 2646 6
982 2588 1024 2646 δ’
1053 2591 1143 2646 καὶ
1192 2592 1220 2646 6
1265 2593 1330 2660 θ’,
1361 2591 1453 2647 καὶ
1503 2594 1555 2648 οἱ
1586 2591 1682 2648 δύο
1717 2593 1891 2657 ἰσάκις
1924 2593 2030 2650 ἷ¹σοι

375 2677 553 2743 ίσάκις
585 2680 613 2732 6
643 2679 695 2749 η’
743 2677 833 2733 καὶ
893 2680 1010 2748 κζ’·
1045 2679 1220 2742 οὕτως
1271 2678 1364 2736 οὖν
1420 2682 1508 2737 καὶ
1561 2682 1936 2748 ἑπτάκυκλος·
1993 2686 2027 2755 ἡ

370 2766 474 2842 γὰρ
507 2769 678 2840 μονάς
709 2766 850 2823 ἐστιν
885 2769 914 2823 6
947 2765 1288 2845 δημιουργὸς
1332 2775 1476 2845 νοῦς,
1509 2774 1543 2842 ἡ
1580 2769 1638 2828 δὶ
1685 2775 1839 2848 ψυχὴ
1891 2774 2031 2851 πρό-

373 2874 530 2929 τερον
590 2857 696 2912 ἀπὸ
741 2861 837 2912 τοῦ
876 2861 971 2913 νοῦ
1017 2864 1306 2934 προϊοῦσα,
1340 2855 1646 2932 ὶϐδόμόίδος
1696 2859 1814 2938 ἔχει
1865 2861 2028 2938 λόγον

381 2944 518 3019 πρὸς
571 2945 731 3002 αὐτόν
760 2965 772 2978 ·
807 2949 1044 3022 πατρικὴ
1101 2948 1203 3024 γὰρ
1250 2948 1341 3003 καὶ
1390 2949 1622 3025 ἀμήτωρ
1671 2954 1705 3021 ἡ
1768 2947 2028 3025 ἑϐδομάς.

384 3031 564 3088 Ἀλλὰ
618 3035 718 3110 γὰρ
778 3032 1020 3104 λεκτέον,
1053 3036 1098 3091 εί
1155 3037 1242 3092 καὶ
1292 3033 1856 3114 παρεκϐατικώτερον,
1913 3040 2032 3096 τίνα

385 3123 485 3192 τήν
518 3122 794 3198 ἐκφάνειαν
830 3127 857 3180 6
893 3127 1156 3203 μερισμὸς
1183 3133 1283 3198 τῆς
1315 3129 1501 3202 ψυχῆς
1535 3128 1612 3190 είς
1649 3130 1741 3184 τὸν
1785 3127 2028 3202 ούσιώὸη

268 3274 269 3277 η
377 3210 608 3287 ἀριθμὸν
666 3215 906 3290 γεγονὼς
961 3215 1129 3294 φέρει,
1187 3218 1279 3271 καὶ
1336 3215 1487 3280 ὅπως
1535 3218 1588 3272 αἱ
1647 3217 1782 3275 ἑπτὰ
1842 3227 2032 3298 μοῖραι

374 3301 572 3357 τούτου
599 3304 699 3374 τὴν
725 3304 1018 3359 ὑπόστασιν
1048 3303 1271 3382 ἔλαχον.

2143 2325 2276 2396 ejus
2309 2325 2686 2399 partiumque
2715 2327 2874 2385 inter
2900 2345 2963 2386 se
3020 2330 3459 2402 proportionem
3491 2345 3798 2402 compara-

2142 2413 2483 2486 tionemque
2523 2421 2882 2488 spectamus,
2915 2418 3247 2491 septenario.
3275 2423 3385 2489 est,
3416 2421 3798 2491 sequiturque

2144 2509 2208 2560 ut
2237 2504 2599 2577 septifariam
2630 2511 2687 2561 et
2715 2507 2906 2563 divisa
2931 2513 2989 2564 et
3037 2508 3336 2580 descripta
3383 2509 3712 2565 rationibus
3741 2513 3800 2565 et

2143 2595 2469 2652 orbiculata
2495 2595 2590 2651 sit.
2625 2594 2881 2653 Orbibus
2903 2597 3059 2653 enim
3111 2598 3256 2668 (sive
3277 2597 3536 2670 circulis)
3559 2599 3796 2655 similes

2143 2689 2284 2740 sunt
2313 2689 2430 2740 tres
2462 2685 2545 2739 illi
2577 2684 2751 2740 veluti
2777 2685 3074 2758 principes
3097 2686 3193 2758 (ad
3214 2691 3365 2743 retro
3379 2688 3794 2744 reﬂectendum

2143 2775 2298 2847 facti)
2330 2775 2562 2831 numeri
2612 2774 2874 2847 triplices
2906 2777 3004 2841 ΙΙΙ,
3037 2776 3137 2847 1X,
3170 2776 3396 2845 XXVII,
3446 2778 3682 2850 duoque
3709 2777 3795 2834 illi

2140 2863 2440 2937 aequaliter
2481 2863 2739 2936 oquales
2770 2863 2839 2921 IV
2871 2868 2928 2920 et
2958 2865 3056 2934 IX,
3090 2881 3158 2920 ac
3188 2865 3305 2921 duo
3355 2865 3440 2920 illi
3491 2866 3797 2938 aqualiter

2141 2952 2398 3024 aequales
2447 2951 2752 3025 aequaliter
2797 2952 2926 3008 VIII
2957 2958 3016 3009 et
3043 2953 3277 3009 XXVII.
3328 2955 3517 3020 Quare
3567 2960 3793 3027 septem

2141 3060 2376 3115 quoque
2406 3043 2644 3098 circulis
2673 3042 2952 3098 conclusa
2981 3048 3090 3099 est.
3125 3045 3331 3101 Unitas
3385 3046 3542 3102 enim
3574 3050 3664 3102 est
3696 3045 3796 3101 illa

2142 3149 2339 3190 rerum
2369 3132 2626 3188 effectrix
2652 3131 2822 3186 ratio.
2847 3133 3060 3187 Anima
3092 3138 3312 3200 autem,
3347 3139 3481 3189 ante
3513 3151 3547 3190 a
3575 3133 3800 3190 ratione

2145 3222 2420 3295 profecta,
2454 3220 2848 3291 septenariam
2902 3220 3190 3276 rationem
3241 3237 3374 3276 cum
3425 3221 3529 3278 illa
3572 3221 3800 3278 habet:

2143 3311 2513 3384 septenarius
2530 3307 2683 3363 enim
2719 3325 3000 3364 numerus
3025 3313 3082 3363 et
3113 3310 3455 3380 procreandi
3477 3314 3685 3381 potens
3716 3313 3809 3366 est

381 3407 571 3463 neque
603 3397 788 3450 matre
818 3395 1022 3451 utitur.
1054 3399 1272 3452 Verum
1304 3396 1460 3453 enim
1492 3413 1650 3469 vero,
1683 3402 1955 3471 quamvis
1987 3404 2240 3462 breviter
2269 3406 2325 3457 et
2355 3397 2524 3471 quasi
2558 3397 2962 3470 praetereundo
3016 3413 3134 3453 rem
3183 3397 3599 3468 transigentes,
3634 3414 3806 3453 enar-

379 3481 632 3538 randum
663 3485 1059 3557 suscepimus,
1092 3501 1270 3558 quam
1306 3487 1560 3558 speciem
1593 3489 1666 3543 ad
1714 3491 2003 3549 rationem
2047 3487 2462 3551 substantialis
2510 3485 2737 3542 numeri
2787 3486 2999 3542 factam
3050 3486 3286 3560 partitio
3334 3487 3541 3543 animis
3594 3503 3710 3560 pra:
3742 3501 3806 3542 se

377 3570 548 3640 ferat,
580 3577 636 3627 et
662 3575 957 3645 quomodo
980 3579 1202 3647 septem
1235 3577 1364 3647 ejus
1394 3580 1592 3648 partes
1618 3579 1923 3637 veritatem
1957 3581 2339 3641 obtinuerint.

453 3657 514 3728 ζ’.
548 3659 608 3717 Ἦ
660 3662 754 3734 μὲν
816 3659 882 3732 δὴ
937 3662 1130 3739 πρώτη
1191 3668 1356 3741 μοῖρα
1407 3665 1468 3720 τὸ
1526 3666 1865 3742 νοερώτατόν
1929 3669 2038 3726 ἰστι

379 3746 470 3801 καὶ
513 3747 810 3824 ἀκρότατον
861 3758 962 3822 τῆς
1013 3755 1226 3831 ψυχῆς,
1261 3753 1411 3826 αὐτῷ
1473 3758 1554 3826 τῷ
1615 3755 1918 3832 ὑπερουσίῳ
1963 3757 2039 3812 ἑνὶ

2218 3668 2480 3726 7.Prima
2497 3666 2768 3740 igitur,in
2788 3682 2904 3738 qua
2923 3665 3132 3721 animae
3151 3667 3324 3738 quasi
3341 3682 3578 3723 summa
3595 3664 3792 3721 consis

2149 3759 2242 3824 tit,
2276 3757 2534 3812 maxima
2563 3753 2932 3825 intelligendi
2961 3753 3016 3808 vi
3050 3754 3314 3826 praedita,
3347 3772 3474 3811 cum
3514 3755 3809 3811 eminente

386 3838 729 3894 συνάπτουσα
785 3839 876 3896 καὶ
933 3840 1003 3916 τῇ
1060 3841 1280 3918 ὑπάρξει
1327 3849 1428 3912 τῆς
1488 3842 1627 3914 ὅλης
1687 3843 1871 3908 οὐσίας
1907 3865 1920 3878 ·
1955 3845 2033 3902 διὸ

2156 3846 2255 3904 illo
2287 3862 2467 3917 supra
2490 3847 2790 3898 naturam.
2844 3841 2969 3898 Uno
3024 3844 3474 3914 substantiaque
3522 3844 3808 3899 universa:

382 3927 474 3981 καὶ
529 3927 625 4000 μία
672 3931 1130 4006 προσαγορεύεται
1171 3931 1246 3995 ὡς
1285 3928 1549 4002 ὲνοειδής·
1585 3933 1674 3987 καὶ
1723 3934 1750 3987 6
1809 3935 2040 4010 ἀριθμὸς

384 4015 554 4087 αὐτῆς
609 4019 744 4073 κατᾶ
794 4021 856 4074 τὸ
905 4018 1122 4091 πλῆθος
1176 4021 1364 4076 ἒνώσει
1415 4021 1724 4097 κατέχεται,
1766 4024 1856 4078 καὶ
1901 4020 2043 4080 ἔστιν

2159 3934 2427 3992 θεεοῐιῐὶω
2458 3933 2776 4002 conjuncta
2805 3933 3105 4002 est,quare
3137 3947 3256 3986 una
3285 3931 3485 3998 etiam,
3519 3936 3720 4003 utpote
3750 3933 3810 3986 in

2155 4023 2408 4097 simplici
2443 4020 2635 4092 specie
2667 4021 2878 4091 posita,
2921 4019 3272 4091 appellatur.
3313 4021 3608 4076 Numerus
3655 4020 3806 4090 ejus,

386 4106 656 4183 ἀνάλογον
695 4113 764 4184 τῇ
819 4109 966 4183 αἰτίᾳ
1007 4109 1098 4166 καὶ
1147 4115 1224 4182 τῷ
1275 4112 1482 4186 κέντρῳ
1512 4118 1610 4182 τῆς
1640 4115 1826 4189 ψυχῆς
1852 4135 1863 4147 ·
1909 4117 2033 4171 κατὸ

2153 4115 2202 4172 si
2235 4114 2307 4170 ad
2338 4109 2779 4168 multitudinem
2814 4114 3173 4180 spectamus,
3209 4109 3424 4164 unione
3449 4109 3806 4174 continetur,

381 4195 586 4268 ταύτην
643 4199 747 4275 γὰρ
803 4199 894 4254 καὶ
953 4199 1343 4276 ἀνεκφοίτητός
1396 4199 1507 4255 ἐστι
1547 4205 1654 4256 τῶν
1690 4199 1858 4261 ὅλων.
1890 4204 1956 4261 Ἦ
1987 4201 2044 4259 δὶ

381 4283 604 4362 δευτέρα
650 4285 1128 4359 πολλαπλασιάζει
1176 4291 1274 4359 τὴν
1329 4291 1434 4366 πρὸ
1483 4291 1655 4360 αὐτῆς
1703 4299 2045 4366 γεννητικαῖς

381 4373 665 4452 προόδοις,
721 4376 783 4440 ἃς
837 4379 872 4448 ἡ
933 4374 1062 4441 δυὰς
1130 4375 1481 4450 ἐνδείκνυται,
1534 4379 1624 4434 καὶ
1694 4382 1866 4444 πάσας
1945 4382 2041 4445 τὰς

383 4463 661 4542 προόδους
695 4466 935 4546 ἐκφαίνει
963 4470 1063 4538 τῆς
1117 4467 1322 4530 οὐσίας·
1358 4465 1442 4524 διὸ
1495 4470 1587 4524 καὶ
1645 4466 1908 4526 διπλασία
1957 4470 2045 4527 λί-

383 4576 534 4631 γεται
588 4563 688 4626 τῆς
747 4556 994 4634 πρώτης,
1030 4557 1104 4621 ὡς
1155 4559 1191 4627 ἡ
1256 4557 1572 4632 μιμουμένη
1630 4559 1730 4628 τήν
1790 4559 2039 4637 ἀόριστον

386 4642 552 4701 δυάδα
579 4647 671 4702 καὶ
719 4649 819 4717 τὴν
863 4647 1106 4723 ἀπειρίαν
1133 4648 1232 4717 τὴν
1259 4651 1484 4720 νοητήν.
1518 4649 1582 4706 Ἡ
1633 4645 1690 4703 ὃὶ
1738 4649 1895 4723 τρίτη
1945 4655 2044 4706 πᾶ-

387 4753 479 4788 σαν
537 4736 708 4806 αὐτὴν
760 4735 1066 4817 ἐπιστρέφει
1127 4737 1292 4794 πάλιν
1373 4737 1449 4800 εἷς
1524 4738 1624 4808 τήν
1694 4735 1896 4815 ἀρχὴν,
1951 4740 2041 4795 καὶ

383 4821 495 4880 ἔστι
525 4826 588 4880 τὸ
616 4825 798 4902 τρίτον
853 4828 1026 4898 αὐτῆς
1054 4829 1118 4884 τὸ
1149 4826 1600 4902 συνελισσόμενον
1661 4827 1736 4890 είς
1791 4828 1888 4891 τὰς
1945 4827 2040 4904 ἀρ-

383 4915 513 4989 χάς·
547 4915 577 4970 6
627 4912 694 4986 δὴ
752 4920 1025 4991 μετρεῖται
1070 4917 1164 4991 μὲν
1225 4917 1329 4972 ὑπὸ
1383 4919 1485 4983 τῆς
1539 4917 1763 4993 πρώτης
1823 4916 2041 4994 μοίρας,

379 5003 456 5066 ὡς
515 5004 760 5067 ἒνώσεως
808 5006 898 5060 ἀπ’
953 5005 1123 5076 αὐτῆς
1182 5004 1612 5080 πληρούμενον·
1674 5006 2038 5083 μερικώτερον

384 5089 442 5146 δὲ
499 5093 818 5149 συνάπτεται
872 5094 1010 5171 πρὸς
1065 5094 1164 5164 τὴν
1227 5091 1518 5170 δευτέραν·
1577 5093 1668 5149 καὶ
1727 5091 1817 5149 διὰ
1879 5099 2040 5150 τοῦτο

354 5177 596 5258 ’λέγεται
650 5181 948 5260 τριπλασία
1009 5184 1104 5256 μὲν
1153 5180 1387 5257 ἐκείνης,
1421 5181 1660 5258 ἡμιολία
1706 5180 1764 5237 δὲ
1813 5182 2036 5254 ταύτης,

2153 4209 2439 4276 aptusque
2461 4205 2520 4255 et
2549 4198 3029 4255 accommodatus
3059 4202 3151 4253 est
3180 4199 3252 4253 ad
3276 4215 3511 4254 causam
3535 4203 3594 4253 et
3615 4197 3808 4254 umbi-

2150 4292 2331 4349 licum
2355 4290 2586 4356 animae,
2617 4287 2678 4342 in
2704 4304 2823 4360 qua
2854 4285 3058 4342 firmus
3080 4291 3169 4343 est
3194 4303 3385 4359 neque
3407 4287 3530 4344 ulla
3561 4287 3807 4359 propin-

2153 4385 2378 4456 quitate
2427 4396 2563 4436 cum
2611 4377 2709 4448 iis,
2740 4395 2869 4449 ques
2910 4377 3186 4433 universa
3235 4382 3396 4446 sunt,
3430 4379 3806 4449 coniunctus.

2148 4456 2418 4529 Secunha
2468 4471 2664 4524 autem
2698 4483 2835 4538 pars
2866 4482 3016 4535 eam,
3050 4482 3176 4539 quae
3209 4466 3472 4539 proxime
3498 4466 3809 4532 antecedit,

2148 4559 2505 4632 genitalibus
2537 4554 2895 4628 multiplicat
2926 4556 3360 4628 progressibus,
3394 4573 3544 4628 quos
3577 4555 3812 4611 exhibet

2151 4650 2424 4706 dualitas.
2458 4651 2516 4703 et
2562 4661 2766 4702 omnes
2817 4645 3037 4716 profert
3085 4646 3356 4700 essentia;
3407 4661 3756 4718 progressus
3794 4660 3806 4700 :

2152 4755 2330 4812 quam
2356 4737 2542 4808 ipsam
2563 4734 2635 4790 ob
2659 4749 2780 4788 rem
2809 4733 3010 4804 primae
3038 4734 3223 4804 partis
3250 4732 3430 4808 dupla
3452 4732 3803 4806 appellatur,

2151 4832 2353 4900 utpote
2382 4823 2672 4880 inﬁnitam
2704 4821 3050 4877 dualitatem
3083 4825 3142 4877 et
3171 4821 3564 4878 inﬁnitionem
3595 4820 3812 4877 intelli-

2150 4915 2388 4990 gibilem
2421 4913 2674 4969 imitata.
2726 4909 2894 4965 Illam
2941 4926 3076 4966 vero
3104 4915 3288 4967 totam
3322 4911 3393 4967 ad
3449 4910 3805 4984 principium

2150 5011 2304 5062 retro
2336 5001 2582 5060 reﬂectit
2605 4999 2780 5057 tertia
2821 5015 2977 5072 pars,
3013 5002 3181 5070 cujus
3215 5001 3286 5056 ad
3331 4999 3620 5073 principia
3665 5016 3806 5056 con-

2149 5095 2387 5150 volutus
2417 5096 2507 5148 est
2526 5091 2732 5156 triens,
2767 5089 2865 5160 qui
2885 5087 3122 5156 scilicet,
3155 5093 3356 5161 utpote
3387 5088 3805 5146 adunationem

2150 5189 2360 5240 nactus
2382 5199 2414 5238 a
2437 5180 2628 5253 prima
2650 5183 2839 5252 parte,
2872 5179 2942 5233 sd
2966 5179 3094 5249 ejus
3131 5195 3471 5235 mensuram
3504 5179 3757 5252 exigitur
3789 5195 3802 5234 :

384 5267 436 5339 ἐξ
484 5271 740 5344 ἡμισείας
799 5273 894 5346 μὲν
953 5272 1055 5328 ὑπὸ
1102 5279 1202 5342 τῆς
1255 5269 1502 5344 δευτέρας
1534 5273 1922 5346 συνεχόμενον,
1958 5273 2032 5335 ὡς

2150 5273 2370 5344 reliqua
2421 5278 2611 5326 autem
2646 5267 2836 5340 portio
2869 5267 2939 5321 ad
2974 5267 3298 5323 secundam
3332 5268 3573 5323 accedit.
3603 5267 3805 5340 Tripla

377 5355 438 5414 ἂν
505 5359 647 5435 μηδὲ
688 5363 788 5432 τὴν
842 5359 964 5434 ἴσην
1027 5358 1252 5434 δύναμιν
1312 5360 1576 5438 ἐχούσης,
1607 5361 1809 5424 τελέως
1840 5358 1897 5416 δὲ
1930 5363 2034 5418 ὑπὸ

372 5456 478 5520 τῆς
529 5451 778 5525 πρώτης.
809 5451 871 5509 Ἡ
919 5448 965 5506 δ’
996 5451 1060 5507 αὗ
1103 5451 1334 5526 τετάρτη
1386 5456 1554 5528 μοῖρα
1597 5450 1687 5507 καὶ
1717 5453 1754 5522 ἡ
1786 5449 2032 5527 πᾶμπτη,

372 5651 510 5693 eern
524 5634 664 5702 itur,
699 5633 801 5706 sed
831 5633 1379 5706 Neoplatonlsmus.
1406 5632 1608 5706 Neque
1643 5631 1803 5706 enim
1853 5633 1914 5690 in
1942 5632 2040 5706 his

390 5709 573 5765 rebus
597 5703 973 5778 explicandis
987 5703 1218 5778 Psellus
1247 5705 1390 5778 quid
1421 5703 1549 5778 ipse
1577 5703 2042 5778 sentiat,profert

371 5779 477 5840 ille
506 5773 771 5852 quidem,
802 5778 904 5836 sed
937 5783 1098 5836 totus
1127 5793 1162 5836 ε
1190 5773 1390 5837 Ριιδοιο
1418 5773 1522 5836 IIIo
1551 5779 1692 5838 stat.
1725 5773 1967 5836 Litium.

2145 5362 2328 5435 igitur
2371 5360 2548 5429 illius,
2597 5357 2777 5428 hujus
2823 5356 3210 5428 sesquialtera
3260 5357 3612 5429 appellatur,
3645 5374 3679 5414 a
3708 5374 3804 5413 se-

2145 5451 2344 5510 cunda
2372 5450 2687 5520 enim,quw
2711 5445 2836 5519 pari
2857 5450 3149 5518 potestate
3178 5463 3294 5503 non
3326 5447 3424 5516 sit,
3458 5463 3527 5504 ex
3555 5446 3802 5504 dimidio

2223 5633 2301 5706 (7)
2331 5624 2686 5706 Ἐπταξικνςν.
2721 5627 2850 5681 Hec
2879 5626 3076 5706 vox__in
3116 5625 3278 5706 nullo
3309 5629 3531 5706 ,αι-εσυ
3583 5624 3800 5706 lingua

2151 5695 2359 5776 leiicp,
2387 5701 2544 5776 quod
2575 5695 2783 5763 sciam,
2813 5697 3141 5776 reperitur,
3172 5698 3272 5776 sed
3305 5697 3364 5752 in
3391 5695 3652 5776 _Forcell.
3678 5695 3798 5753 lex.

2147 5778 2255 5835 tot.
2289 5769 2424 5832 Lat:
2444 5771 2557 5830 sub
2589 5778 2726 5828 veos
2752 5770 3103 5840 septenarius
3126 5769 3358 5842 legitur.
3390 5769 3628 5825 Lmnsn.
