4124 6410
327 408 486 468 1087

1705 410 2132 473 MICHAELIS
2177 411 2451 472 PSELLI

3594 406 3751 468 1088

328 535 868 607 comprehenditur,
901 537 1154 608 perfecte
1201 542 1401 596 autem
1431 557 1465 596 a
1494 541 1705 613 prima.
1762 544 1981 607 Quarta

2104 538 2293 595 λοιπὸν
2348 536 2502 601 ίδίως
2557 537 2867 613 προστάτην
2940 538 3107 608 αὐτὴν
3191 535 3571 613 ἀποφαίνουσα
3647 540 3756 590 τῶν

330 642 467 697 pars
498 642 672 697 porro
702 632 761 681 et
810 626 1017 696 quinta
1050 645 1111 683 se
1142 628 1333 701 ipsam
1388 635 1637 703 utraque
1680 632 1990 703 praesidem

330 720 672 770 caeterarum
699 716 1138 789 (posteriorum)
1163 720 1400 789 praebet;
1424 737 1626 776 eorum
1651 722 1992 791 enim,quaa,

330 804 437 859 etsi
472 804 887 874 incorporalia,
924 822 1164 877 corpore
1213 808 1580 879 dividuntur,
1624 827 1811 865 caussa
1856 814 1996 865 sunt

328 892 827 964 intelligendique'
867 894 921 949 vi
954 897 1231 967 praeditas,
1265 898 1475 970 planae,
1518 900 1842 971 quadrata,
1876 916 1994 954 una

322 1000 393 1038 ex
448 984 728 1048 secunda,
762 983 946 1038 altera
1002 1000 1072 1040 ex
1127 987 1303 1042 tertia
1359 992 1515 1056 nata,
1561 993 1769 1060 quarta
1829 988 1991 1043 enim

327 1088 646 1143 progressu
697 1077 755 1128 et
784 1078 951 1144 partu
1004 1082 1331 1146 procreata,
1364 1083 1517 1133 retro
1550 1084 1749 1134 autem
1794 1082 1992 1133 reﬂec-

324 1163 505 1218 tendo
532 1166 589 1217 et
619 1166 1091 1220 consummando
1122 1166 1334 1237 quinta
1367 1184 1379 1221 :
1416 1172 1664 1239 utraque
1688 1166 1995 1239 plana,illa

330 1269 363 1307 a
394 1252 656 1308 secunda
686 1252 776 1307 bis
809 1254 1183 1324 producendo
1216 1257 1497 1327 profecta,
1530 1257 1653 1313 hac
1692 1262 1782 1313 ter
1813 1273 1847 1311 a
1876 1261 1990 1311 ter-

325 1340 430 1396 tia.
466 1344 656 1412 Atque
689 1341 894 1412 altera,
930 1348 995 1397 ut
1024 1344 1279 1411 videtur,
1330 1345 1704 1418 genitalium,
1758 1361 1886 1416 quas
1918 1344 1989 1400 ad

328 1447 544 1502 corpus
578 1431 891 1503 pertinent,
945 1434 1366 1503 particularum
1418 1435 1795 1490 dividuarum
1832 1433 1991 1488 ferax

326 1524 439 1589 est,
471 1521 791 1593 eademque
843 1524 1321 1595 procreatricium
1378 1524 1589 1580 fertilis
1641 1525 1988 1592 formarum,

324 1625 452 1680 quae
503 1627 844 1681 processum
896 1613 1107 1669 animae
1158 1614 1505 1683 imitantur;
1558 1613 1741 1669 altera
1792 1617 1987 1668 autem

326 1715 552 1765 earum,
590 1717 717 1771 quas
748 1702 806 1757 in
848 1718 1090 1774 corpore
1120 1704 1373 1759 dividua
1415 1708 1555 1760 sunt
1582 1703 1693 1758 illis
1723 1703 1985 1774 quidem,

328 1788 429 1843 sed
463 1788 703 1862 (mente)
737 1790 957 1863 percipi
990 1798 1263 1864 possunt,
1284 1810 1603 1866 procreans
1634 1796 1741 1858 est,
1773 1797 1829 1847 et
1860 1791 1988 1862 qui-

328 1877 462 1932 dem
513 1895 742 1944 earum,
801 1897 931 1952 quas
990 1898 1325 1954 regressum
1383 1882 1592 1938 animis
1656 1881 1986 1937 imitantur.

328 1964 577 2022 Omnem
599 1967 757 2023 enim
790 1971 1186 2042 cognitionem
1210 1972 1456 2028 reﬂectit
1478 1973 1558 2041 id,
1593 1972 1747 2043 quod
1780 1986 1989 2041 cogno-

324 2056 458 2121 scit,
492 2056 563 2111 ad
626 2058 707 2127 id,
760 2059 914 2130 quod
966 2065 1057 2115 est
1110 2063 1434 2133 cognitum,
1483 2059 1987 2133 quemadmodum

324 2144 521 2199 omnis
542 2150 752 2203 natura
769 2149 841 2203 ad
882 2151 1285 2221 generandum
1310 2156 1368 2206 et
1391 2151 1462 2207 ad
1487 2151 1761 2206 deorsum
1784 2164 1989 2204 versus

323 2235 761 2305 procedendum
788 2255 1077 2311 propensa
1093 2246 1203 2297 est.
1240 2242 1414 2296 Sexta
1436 2246 1633 2296 autem
1659 2244 1716 2294 et
1737 2238 1992 2311 septima

325 2328 380 2379 et
406 2338 717 2396 corporum
742 2328 1007 2399 ipsorum
1032 2335 1089 2386 et
1129 2330 1452 2387 solidarum
1497 2329 1743 2386 molium
1772 2326 1990 2400 princi-

328 2412 495 2485 pales
553 2430 762 2472 causas
795 2418 852 2473 in
886 2435 948 2474 se
1005 2421 1438 2491 praeformant:
1501 2426 1675 2491 atque
1731 2417 1793 2472 hi
1852 2419 1993 2471 sunt

326 2500 501 2558 solidi
562 2506 813 2576 numeri,
847 2507 993 2564 alter
1048 2524 1118 2564 ex
1176 2510 1458 2577 secunda,
1494 2508 1641 2563 alter
1694 2523 1762 2562 ex
1817 2504 1992 2559 tertia

329 2590 544 2664 (parte)
575 2594 785 2651 factus.
820 2598 967 2662 Quia
1014 2603 1210 2654 autem
1253 2615 1339 2665 ea,
1375 2615 1501 2669 quae
1532 2602 1794 2653 extrema
1827 2597 1989 2660 sunt,

2107 627 2387 705 δευτέρων’
2424 627 2591 684 αἰτίαι
2621 629 2726 704 γάρ
2760 628 2862 683 είσι
2886 632 2994 683 τῶν
3044 628 3345 700 ἀσωμάτων
3400 630 3507 681 τῶν
3573 624 3757 698 μέντοι

2106 720 2323 792 σώμασι
2378 720 2775 795 μεριζομένων,
2822 718 3003 793 νοεραὶ
3055 715 3112 771 δὶ
3171 713 3414 771 ἐπίπεδοι
3471 715 3623 769 οὖσαι
3672 714 3762 769 καὶ

2102 809 2587 884 τετραγωνικαὶ,ἡ
2655 808 2748 881 μὶν
2807 808 2913 862 ἀπὸ
2972 814 3071 876 τῆς
3134 805 3403 881 δευτέρας,
3449 807 3484 874 ἡ
3547 803 3603 859 δὲ
3657 804 3764 859 ἀπὸ

2102 901 2202 965 τῆς
2250 897 2440 972 τρίτης
2504 897 2723 973 μοίρας,
2752 904 2853 965 τῆς
2911 894 3151 970 προόδου
3206 895 3293 950 καὶ
3355 895 3763 969 ἀπογεννήσεως

2104 989 2139 1057 ἡ
2187 986 2443 1059 τετάρτη,
2495 993 2597 1056 τῆς
2662 983 2720 1041 δὲ
2776 985 3107 1063 ἐπιστροφῆς
3170 984 3258 1039 καὶ
3336 982 3669 1044 τελειώσεως
3726 985 3762 1051 ἡ

2103 1076 2364 1149 πέμπτη*
2416 1073 2661 1131 ἐπίπεδοι
2717 1075 2817 1150 γὰρ
2870 1076 3197 1152 ἀμφότεραι,
3248 1071 3375 1129 ἀλλ’
3415 1074 3449 1142 ἡ
3506 1073 3602 1146 μὶν
3660 1072 3766 1127 ἀπὸ

2102 1171 2203 1234 τῆς
2264 1162 2534 1240 δευτέρας,
2582 1161 2665 1226 δὶς
2727 1164 2817 1218 ἀπ’
2875 1164 3043 1233 αὐτῆς
3106 1163 3402 1231 ὑποστᾶσα,
3460 1163 3495 1230 ἡ
3555 1157 3613 1215 δὲ
3659 1160 3765 1215 ἀπὸ

2101 1260 2204 1324 τῆς
2236 1256 2426 1328 τρίτης
2472 1254 2591 1328 τρὶς
2634 1252 2998 1329 προελθοῦσα.
3034 1252 3132 1307 Καὶ
3177 1250 3349 1306 ἔοικεν
3398 1251 3529 1305 εἶναι
3577 1252 3612 1318 ἡ
3669 1250 3760 1322 μὶν

2103 1346 2395 1419 γεννητική
2450 1347 2560 1398 τῶν
2622 1343 2746 1417 περὶ
2776 1344 2840 1397 τὸ
2872 1346 3031 1416 σῶμα
3075 1344 3408 1416 γεννητικῶν
3446 1340 3655 1415 μορίων
3689 1342 3763 1411 (8)

2107 1437 2398 1510 μεριστῶν,
2432 1432 2677 1508 γονίμων
2732 1429 2789 1487 δὶ
2825 1431 2976 1506 ὅμως
3012 1428 3191 1503 εἰδῶν,
3221 1432 3322 1499 τὴν
3371 1426 3607 1505 πρόοδον
3670 1450 3763 1501 μι-

2108 1524 2395 1596 μουμένων
2455 1526 2555 1586 τῆς
2597 1526 2807 1597 ψυχῆς,
2840 1524 2875 1591 ἡ
2909 1519 2967 1575 δὶ
2996 1525 3104 1575 τῶν
3161 1519 3286 1594 περὶ
3342 1518 3406 1573 τὸ
3463 1522 3622 1591 σῶμα
3673 1539 3762 1591 με·

2104 1616 2327 1688 ριστῶν,
2360 1612 2726 1687 γνωριστικὴν
2781 1608 2839 1666 δὲ
2897 1608 3126 1684 δύναμιν
3170 1609 3432 1684 ίχόντων,
3463 1608 3553 1663 καὶ
3601 1607 3769 1681 ταύτῃ

2106 1703 2462 1774 μιμουμένων
2521 1702 2583 1756 τὸ
2638 1704 2737 1770 τῆς
2811 1704 2996 1776 ψυχῆς
3065 1697 3475 1775 ὶπιστρεπτικόν
3513 1718 3525 1732 ο
3586 1704 3760 1751 πᾶσαν

2102 1791 2205 1866 γὰρ
2236 1795 2436 1865 γνῶσιν
2472 1790 2780 1869 ἐπιστρέφει
2810 1792 2872 1845 τὸ
2920 1794 3189 1864 γινῶσκον
3242 1788 3319 1850 εἷς
3374 1788 3437 1843 τὸ
3494 1786 3761 1862 γνωστὸν,

2104 1879 2283 1953 ὥσπερ
2335 1885 2479 1934 πᾶσα
2528 1880 2684 1944 φύσις
2734 1884 2922 1954 γεννᾷν
2979 1877 3175 1947 ἐθέλει,
3220 1876 3311 1932 καὶ
3365 1877 3441 1940 είς
3494 1877 3557 1931 τὸ
3617 1876 3765 1931 κάτω

2100 1974 2373 2033 ποιεῖσθαι
2417 1970 2516 2038 τήν
2568 1967 2825 2043 πρόοδον.
2856 1971 2915 2026 Ἡ
2970 1965 3026 2023 δὶ
3074 1965 3203 2037 ἕκτη
3265 1966 3355 2021 καὶ
3414 1961 3623 2039 ἑϐδόμη
3675 1965 3766 2020 καὶ

2102 2058 2280 2113 αὐτῶν
2338 2063 2446 2112 τῶν
2503 2059 2773 2130 σωμάτων
2822 2057 2911 2113 καὶ
2964 2062 3073 2112 τῶν
3132 2060 3359 2131 στερεῶν
3421 2051 3602 2130 ὄγκων
3660 2055 3759 2116 τὰς

2099 2146 2493 2222 πρωτουργοὺς
2543 2146 2720 2209 αῗτίας
2769 2147 2821 2202 έν
2868 2146 3003 2220 αὐτῇ
3054 2146 3495 2221 προϋποτίθεται.
3545 2143 3765 2219 Στερεοὶ

2103 2234 2161 2291 δὲ
2192 2234 2306 2291 οἵδε
2338 2237 2389 2291 οἱ
2431 2237 2684 2310 ἀριθμοὶ,
2718 2238 2804 2292 καὶ
2867 2239 2894 2292 ὁ
2956 2236 3050 2309 μὶν
3112 2236 3218 2290 ἀπὸ
3274 2241 3374 2305 τῆς
3431 2232 3700 2309 δευτέρας,
3733 2234 3762 2287 ὁ

2101 2323 2158 2380 δέ
2187 2325 2296 2380 ἀπὸ
2347 2333 2447 2395 τῆς
2496 2325 2710 2400 τρίτης.
2746 2327 3117 2403 Ἐπιστρέφων
3178 2322 3235 2379 δέ
3265 2325 3292 2379 ὁ
3334 2323 3500 2400 λόγος
3556 2322 3646 2378 καὶ
3695 2322 3765 2377 τὰ

2100 2412 2303 2490 ἔσχατα
2349 2415 2426 2477 εἰς
2484 2417 2551 2470 τὰ
2593 2420 2784 2491 πρῶτα
2840 2416 2929 2470 καὶ
2978 2415 3073 2470 τὰς
3124 2414 3567 2488 ἀποπερατώσεις
3601 2410 3764 2475 αὐτὰς

2098 2510 2198 2572 τῆς
2231 2506 2416 2579 ψυχῆς
2470 2504 2556 2559 ἐπὶ
2607 2506 2707 2573 τήν
2748 2504 3023 2579 ἀκρότητα
3070 2502 3260 2573 αὐτῆς,
3292 2505 3393 2572 τὴν
3447 2504 3540 2576 μὲν
3592 2502 3757 2555 ὀκτα-

2100 2589 2357 2659 πλασίαν,
2410 2593 2511 2661 τήν
2558 2589 2615 2647 δὲ
2672 2590 3308 2651 ὲπτακαιεικοσιπλασίαν
3354 2598 3456 2660 τῆς
3507 2590 3752 2665 πρώτης.

332 2681 405 2735 ad
463 2697 552 2750 ea,
611 2699 741 2754 qum
799 2691 939 2739 sunt
996 2687 1217 2757 prima,
1278 2687 1553 2757 ipsasque
1630 2681 2029 2739 extremitates
2102 2681 2310 2737 animus
2382 2684 2455 2738 ad
2530 2685 2661 2755 ejus
2717 2684 2888 2756 quasi
2961 2684 3185 2757 apicem
3263 2683 3411 2739 ratio
3483 2682 3755 2751 reﬂectit,

332 2784 513 2825 unam
558 2771 855 2843 octuplam
903 2775 1105 2845 primas
1149 2775 1334 2843 dedit,
1394 2774 1641 2831 alteram
1688 2773 1771 2829 ita
1814 2770 2103 2838 formavit,
2171 2775 2235 2827 ut
2283 2777 2507 2845 septem
2556 2779 2614 2831 et
2657 2775 2863 2848 viginti
2932 2774 3206 2848 partibus
3257 2773 3459 2846 prima
3517 2776 3755 2829 antece-

335 2856 519 2913 deret.

403 2974 458 3029 8.
484 2978 689 3047 Itaque
712 2979 1076 3050 septifariam
1111 2980 1298 3037 divisa
1333 2984 1421 3036 est
1450 2980 1708 3036 essentia
1737 2975 1995 3051 (natura)

343 3063 548 3135 animi,
583 3083 838 3139 namque
869 3086 1223 3141 permanens
1254 3076 1345 3127 est
1376 3076 1432 3126 et
1462 3070 1784 3143 procedens
1822 3072 1880 3123 et
1912 3083 1995 3122 re-

340 3154 629 3225 grediens,
658 3162 717 3212 et
746 3174 971 3228 earum,
1008 3178 1135 3232 qua
1166 3161 1225 3216 in
1258 3177 1501 3233 corpore
1530 3159 1778 3216 dividua
1832 3160 1991 3224 sunt,

333 3244 726 3301 essentiarum
751 3248 1136 3320 ipsorumque
1157 3266 1471 3323 corporum
1490 3248 1751 3305 efﬁciens
1774 3261 1995 3319 regres-

331 3349 462 3388 sum
515 3339 572 3390 et
627 3340 1092 3396 conversionem.
1128 3346 1315 3412 Super
1361 3340 1491 3407 hoc,
1524 3338 1625 3408 qui
1676 3339 1747 3393 de
1796 3337 1994 3392 anima

2174 2983 2242 3045 η’.
2268 2977 2373 3032 Καὶ
2425 2976 2595 3041 οὕτως
2655 2979 2967 3054 δπταμερής
3007 2981 3042 3048 ἡ
3076 2976 3229 3032 οὐσία
3281 2983 3385 3047 τῆς
3440 2978 3647 3051 ψυχῆς,
3681 2976 3757 3037 ὡς

2106 3066 2339 3137 μένουσα
2396 3067 2483 3121 καὶ
2545 3072 2813 3143 προϊοῦσα
2868 3067 2959 3123 καὶ
3020 3065 3436 3143 ἐπιστρέφουσα,
3475 3066 3564 3120 καὶ
3617 3064 3759 3119 αἰτία

2101 3161 2201 3225 τῆς
2231 3153 2471 3231 προόδου
2501 3157 2590 3213 καὶ
2620 3164 2723 3227 τῆς
2760 3156 3094 3235 ἐπιστροφῆς
3124 3160 3230 3211 τῶν
3264 3155 3387 3231 περὶ
3418 3154 3484 3209 τά
3536 3155 3761 3227 σώματα

2109 3250 2375 3320 μεριστῶν
2440 3246 2636 3301 οὐσιῶν
2698 3246 2787 3300 καὶ
2841 3251 2949 3301 τῶν
3011 3247 3278 3319 σωμάτων
3330 3244 3528 3300 αὐτῶν.
3589 3242 3759 3319 Εἶχον

2109 3335 2204 3407 μὶν
2238 3333 2329 3389 οὖν
2362 3334 2549 3391 πολλὰ
2578 3336 2667 3390 καὶ
2700 3334 2843 3390 καλά
2874 3334 3115 3408 θεάματα
3154 3334 3329 3410 λέγειν
3378 3333 3453 3397 είς
3494 3331 3590 3388 τόν
3638 3332 3762 3407 περὶ

329 3427 440 3492 est,
463 3422 589 3479 loco
610 3425 870 3482 Platonis
896 3428 1084 3483 multa
1104 3406 1288 3500 eaque
1306 3406 1572 3501 jucunda
1594 3432 1651 3483 et
1672 3425 1989 3494 mirabilia,

2104 3426 2289 3498 ψυχῆς
2344 3421 2501 3478 τόνδε
2556 3422 2654 3479 τοῦ
2714 3406 3007 3485 Πλάτωνος
3054 3406 3247 3491 τόπον,
3280 3421 3327 3478 εἷ’
3377 3419 3459 3477 δεῖ
3493 3442 3558 3495 με
3588 3406 3761 3482 οὕτως

332 3512 380 3566 si
413 3513 523 3568 hoc
558 3516 731 3572 modo
759 3516 952 3573 dicere
987 3519 1133 3573 mihi
1182 3518 1335 3586 licet,
1370 3536 1403 3573 ο
1435 3518 1585 3573 mihi
1633 3516 1853 3588 optima
1881 3517 1988 3570 do-

334 3600 515 3666 mina,
550 3618 683 3657 cum
716 3604 847 3659 aliis
870 3606 1048 3661 rebus
1078 3610 1201 3661 tum
1235 3606 1448 3661 litteris
1472 3605 1788 3661 reconditis
1811 3621 1990 3676 quam

333 3690 587 3745 maxime
636 3692 887 3761 initiata,
940 3695 1163 3750 dissere
1216 3712 1482 3767 possum,
1517 3700 1814 3751 auctorem
1851 3695 1990 3750 Por-

332 3778 606 3851 phyrium
640 3786 695 3836 et
725 3783 1125 3839 Jamblicbum
1158 3791 1515 3856 ceterosque
1556 3784 1988 3841 Platonicarum

331 3884 537 3924 vocum
588 3869 1095 3945 (motacillarum')
1127 3874 1298 3946 quasi
1352 3874 1619 3930 ﬁdicines
1650 3880 1891 3931 secutus
1923 3893 1989 3931 ac

336 3957 628 4030 praecipue
675 3960 937 4017 divinum
994 3961 1161 4017 illum
1196 3980 1546 4019 arcanorum
1586 3964 1987 4037 interpretem.

332 4045 637 4103 Musarum
663 4050 908 4106 numine
939 4050 1229 4121 afﬂatum,
1266 4053 1547 4109 Proclum.
1568 4055 1852 4120 Quoniam
1884 4073 1986 4111 au-

329 4138 449 4190 tem
477 4136 619 4192 illud
654 4140 1000 4196 mandatum
1038 4142 1181 4196 mihi
1214 4159 1328 4197 non
1349 4147 1455 4211 est,
1483 4143 1734 4215 sed(boc
1755 4149 1987 4201 tantum

333 4241 705 4297 concessum,
740 4234 805 4284 ut
821 4231 1194 4303 exponerem)
1222 4233 1518 4302 quomodo
1542 4232 1790 4289 aliarum
1824 4235 1988 4289 dein-

334 4329 469 4384 ceps
492 4321 628 4386 post
649 4316 795 4373 alias
821 4319 879 4374 in
905 4321 1165 4376 numeris
1187 4322 1485 4378 rationum
1522 4324 1883 4393 computatio
1916 4326 1985 4380 ad

332 4400 597 4459 Platonis
619 4406 691 4461 de
711 4408 920 4463 animas
947 4411 1346 4479 procreatione
1376 4411 1704 4467 doctrinam
1742 4413 1988 4483 adjuva-

334 4496 442 4560 ret,
477 4508 601 4563 qua:
636 4497 707 4549 ad
742 4494 999 4569 id,quod
1032 4500 1402 4570 propositum
1433 4506 1542 4566 est,
1577 4501 1988 4559 demonstran-

3383 3511 3449 3566 τά
3500 3532 3559 3565 τε
3620 3508 3766 3564 ἄλλα

2100 3606 2189 3661 καὶ
2246 3611 2356 3661 τῶν
2417 3606 2469 3661 ἐν
2532 3605 2868 3683 ἀπορρήτοις
2956 3603 3298 3681 λεγομένων,
3352 3603 3761 3660 ὲποπτικώτατε

2103 3697 2291 3771 θεωρὶ,
2344 3696 2612 3769 ἑπόμενος
2680 3695 2976 3774 Πορφυρίῳ
3034 3717 3092 3751 τε
3147 3696 3237 3749 καὶ
3298 3688 3613 3768 Ἰαμϐλίχῳ
3666 3691 3758 3747 καὶ

2098 3792 2217 3850 τοῖς
2275 3783 2496 3849 λοιποῖς
2540 3790 2647 3841 τῶν
2693 3783 3059 3842 Ηλατωνικῶν
3104 3785 3310 3860 ἰύγγων
3342 3805 3354 3818 ·
3391 3782 3759 3859 ὀργανισταῖς,

2100 3876 2387 3953 ἐξαιρέτως
2420 3873 2477 3931 δὲ
2518 3880 2598 3948 τῷ
2645 3874 3167 3953 ἐκφαντορικωτάτῳ
3198 3872 3435 3949 Πρόκλῳ
3482 3871 3571 3927 καὶ
3625 3892 3761 3945 μου·

2100 3966 2388 4039 σολήπτῳ.
2422 3964 2582 4021 Ἀ)λ’
2614 3964 2834 4038 ἐπείπερ
2891 3964 2952 4020 ού
3000 3960 3164 4020 τοῦτο
3213 3961 3595 4036 έπιτέτραπταί
3645 3982 3763 4034 μοι,

2099 4053 2247 4110 ἀλλὰ
2301 4059 2418 4116 πῶς
2457 4057 2491 4123 ἠ
2523 4058 2629 4108 τῶν
2663 4054 2713 4108 έν
2750 4054 3007 4129 ἀριθμοῖς
3063 4052 3252 4129 ἑφεξῆς
3307 4050 3489 4127 λόγων
3552 4049 3760 4125 εὕρεσις

2102 4143 2179 4207 εἰς
2233 4144 2332 4211 τὴν
2393 4143 2688 4206 Πλάτωνος
2744 4142 3073 4218 χρησιμεύει
3133 4140 3493 4217 ψυχογονίαν,
3544 4160 3763 4213 συμμε-

2098 4232 2463 4308 τρησάμενος,
2520 4230 2720 4306 ὅσαπερ
2771 4231 2926 4306 ἀρκεῖ
2997 4231 3133 4305 πρὸς
3208 4231 3306 4299 τὴν
3382 4226 3603 4298 ἔνδειξιν
3659 4231 3759 4281 τοῦ

2100 4320 2485 4393 προκειμένου,
2556 4320 2839 4393 συντόμως
2910 4318 3000 4373 καὶ
3073 4314 3466 4396 κεφαλαιωδῶς
3542 4315 3758 4391 εἷ’ρηκα.

2099 4410 2170 4468 Εἴ
2198 4407 2256 4465 δέ
2282 4430 2342 4485 γε
2372 4410 2447 4483 μὴ
2478 4408 2761 4485 περίεργόν
2801 4408 2912 4464 ἰστι
2961 4407 3051 4462 καὶ
3102 4406 3381 4482 περισσὸν,
3430 4402 3619 4466 ἄλλως
3668 4403 3760 4459 καὶ

2098 4501 2233 4556 αὐτὸ
2282 4500 2345 4554 τὸ
2402 4496 2725 4575 διάγραμμα
2784 4495 3134 4572 μεθοδεύσας,
3195 4494 3499 4569 ἰκθήσομαί
3553 4515 3638 4548 σοι
3700 4492 3765 4548 ἐκ

2101 3512 2294 3585 εἰπεῖν,
2329 3511 2373 3566 ὦ
2430 3512 2692 3588 κρατίστη
2756 3534 2851 3586 μοι
2912 3510 3165 3568 δέσποινα
3223 3514 3324 3585 (9),

334 4580 475 4635 dum
500 4584 861 4657 sufﬁcerent,
891 4588 1145 4644 breviter
1169 4595 1225 4644 et
1248 4591 1617 4659 summatim,
1650 4591 1990 4664 complexus

2104 4588 2194 4647 τοῖ’)
2250 4589 2497 4665 τετράκις
2553 4584 2642 4643 διὰ
2700 4591 2885 4642 πασῶν
2938 4586 3031 4641 καὶ
3091 4584 3180 4641 διὰ
3212 4588 3248 4639 ε’
3278 4584 3368 4640 καὶ
3416 4584 3578 4640 τόνου
3633 4603 3759 4637 συν-

335 4687 489 4728 sum.
524 4675 688 4739 Quod
722 4675 836 4732 nisi
868 4676 1074 4733 inutile
1103 4678 1214 4734 erit
1246 4695 1313 4735 ac
1345 4696 1865 4751 supervacaneum,
1902 4684 1988 4756 ip-

2100 4679 2285 4741 εστώς.
2324 4676 2503 4734 Ἀλλὰ
2534 4675 2750 4753 ῥητέον,
2783 4677 2909 4731 ὅσον
2943 4676 3057 4730 οἶόν
3089 4696 3149 4730 τε
3177 4675 3311 4749 πρὸς
3350 4676 3449 4743 τὴν
3482 4677 3763 4748 παροῦσαν

332 4763 458 4818 sius
488 4767 720 4845 tantum
754 4766 1205 4839 diagrammatis
1236 4768 1332 4824 via
1360 4785 1427 4824 ao
1458 4769 1682 4825 ratione
1720 4771 1990 4843 dispositi

2104 4769 2281 4845 ὁρμήν
2341 4770 2438 4822 τοῦ
2485 4764 2608 4839 περί
2661 4770 2771 4821 τῶν
2831 4764 2884 4820 έν
2938 4764 3254 4841 ψυχογονίᾳ
3314 4767 3409 4817 τοῦ
3466 4760 3761 4823 Πλάτωνος

332 4850 787 4925 descriptionem
812 4856 1379 4929 enarrabimus,quaa
1394 4862 1652 4928 quatuor
1672 4860 1994 4920 intervallis

332 4946 557 5011 septem
582 4961 791 5000 vocum
824 4944 1054 5017 (quater
1075 4946 1385 5018 diapason)
1408 4946 1798 5021 quinarioque
1815 4952 1993 5008 simul

332 5028 635 5088 intervallo
678 5035 998 5106 (diapente)
1030 5040 1087 5090 et
1112 5040 1250 5090 tono
1280 5040 1530 5092 constat.
1564 5037 1676 5093 Sed
1709 5040 1993 5113 dicamus,

334 5126 619 5188 quantum
648 5124 885 5193 quidem
907 5124 1197 5195 (etquale)
1222 5124 1279 5179 in
1306 5126 1678 5196 praesentiam
1713 5130 1783 5185 de
1814 5133 1994 5187 ratio-

338 5207 513 5264 nibus
546 5211 958 5283 aritbmeticis,
993 5232 1118 5285 quae
1151 5218 1291 5269 sunt
1317 5214 1376 5269 in
1428 5216 1829 5290 Psycbogonia
1861 5221 1993 5277 Pla-

516 5372 770 5451 Μορίωνἶ
797 5375 885 5451 _Cl.
942 5375 1220 5451 Tennull.
1245 5377 1493 5451 adnott.
1514 5379 1587 5434 ad
1613 5379 1832 5439 Jambi.
1866 5383 1990 5439 Nic.

333 5440 810 5529 a.rithm.'p._tli.1
848 5464 935 5529 sq.
970 5470 997 5529 ς
1032 5448 1391 5529 Notandum,
1423 5449 1696 5529 nuinquit,
1735 5454 1990 5529 »μόριον

335 5512 406 5601 ab
439 5512 827 5601 aritbnieticis
872 5512 986 5601 dici
1037 5520 1107 5574 de
1153 5512 1693 5593 superparticulari,
1731 5512 1883 5601 μέρη
1926 5528 1997 5584 de

334 5590 797 5656 superpatiente.
834 5612 861 5640 »
896 5591 1137 5645 LINDER.

330 5726 333 5727 γ
404 5655 484 5783 (Ἒ
520 5654 817 5742 Ἀέσποινα.
877 5661 1278 5745 Signiﬁcatur,
1338 5665 1691 5746 ut.opinor,
1746 5668 1997 5726 Eudocis

334 5723 409 5783 (Β.
493 5729 748 5783 udoxra).
808 5732 1191 5783 Constantino
1246 5732 1377 5783 VIII
1425 5743 1780 5783 imnnrntnrn
1837 5745 1971 5783 nnt-

334 5723 748 5803 (s.’Eudoxia),
808 5723 1191 5791 Constantino
1246 5723 1377 5791 VIII
1424 5723 1997 5813 im‘peratorerinata‘,

2105 4857 2458 4931 εἰλημμένων
2518 4857 2893 4931 ἀριθμητικῶν
2953 4853 3161 4929 λόγων,
3211 4852 3335 4929 περί
3391 4874 3450 4909 τε
3506 4858 3612 4908 τῶν
3660 4855 3757 4907 τοῦ

2102 4944 2528 5003 πολλαπλασίου
2585 4944 2676 4999 καὶ
2730 4948 2838 4998 τῶν
2902 4945 3217 5017 μεσοτήτων
3266 4946 3373 4996 τῶν
3412 4941 3608 5015 μεταξὺ
3635 4938 3757 4995 τού-

2101 5058 2235 5106 των,
2276 5035 2401 5111 περὶ
2447 5038 2555 5090 τῶν
2609 5032 2897 5108 ἐπιτρίτων
2945 5029 3035 5085 καὶ
3075 5029 3353 5105 ἡμιολίων
3392 5034 3499 5085 τῶν
3544 5030 3595 5085 έν
3644 5033 3760 5091 ταῖς

2110 5126 2396 5201 μεσότησιν
2482 5122 2949 5198 ἀναφαινομένων,
3011 5120 3135 5195 περὶ
3194 5117 3470 5196 ἰπογδόων
3530 5125 3637 5175 τῶν
3695 5119 3763 5175 τὰ

2108 5214 2453 5287 διαστήματα
2506 5208 3009 5287 συμπληρούντων,
3061 5210 3186 5286 περὶ
3243 5214 3345 5265 τοῦ
3405 5208 3712 5283 λείμματος
3747 5228 3761 5242 ·

2104 5396 2251 5435 uxor
2297 5379 2549 5435 duorum
2600 5376 2880 5448 deinceps
2911 5374 3358 5448 imperatorum,
3393 5373 3767 5448 Constantini

2102 5459 2278 5510 Ducas
2335 5448 2697 5520 (4059-1067)
2756 5445 2830 5504 et_
2892 5445 3141 5503 Romani
3220 5446 3497 5520 Diogenis
3573 5445 3767 5520 (1967-

2107 5523 2289 5593 1071).
2322 5518 2418 5596 Cir
2446 5540 2575 5596 qua
2607 5518 2687 5578 de
2708 5520 2810 5596 illa
2839 5523 3041 5596 narrat
3068 5518 3578 5596 Niceph._Br_ien_u.
3613 5518 3768 5596 Com-

2104 5591 2510 5668 megi_t'.qlib.‘x,
2544 5610 2680 5668 pag.
2740 5593 2830 5659 43,
2886 5592 2959 5647 56
3017 5606 3147 5662 sqq.
3207 5591 3564 5662 (Patrotogiaa
3625 5593 3764 5645 tom.

2106 5665 2391 5737 CXXVII).
