4124 6404
329 419 503 514 .4089

1458 412 1532 471 IN
1582 408 2197 471 PSYCHOGONIAM
2243 412 2651 477 PLATONIS.

3618 423 3777 485 1090

347 552 438 609 καὶ
469 549 572 627 γὰρ
599 549 661 604 τὸ
694 545 1016 624 διάγραμμα
1045 542 1129 600 δεῖ
1156 543 1372 600 πάντων
1402 541 1610 598 τούτων
1665 540 1801 629 εἶναι
1846 559 2005 616 περι-

2145 545 2308 617 onis,
2367 562 2721 620 cognoscere
2778 550 3046 619 intersit,
3107 553 3179 610 de
3234 555 3466 612 numeri
3525 559 3780 629 augendi

348 638 621 710 ληπτικὸν
649 637 740 692 καὶ
787 634 1301 691 καταπεπυκνῶσθαι
1348 631 1565 693 τούτοις
1622 634 1739 691 τοῖς
1794 628 2003 704 λόγοις.

2117 631 2446 690 rationibus
2513 636 2733 707 iisque,
2791 655 2917 709 quae
2977 640 3129 697 inter
3185 641 3316 698 illas
3377 644 3776 718 intercedunt,

345 732 461 789 Ἰνα
492 726 584 783 οὖν
616 726 667 782 ἐν
697 726 841 797 τάξει
893 722 1199 801 προΐωμεν,
1245 716 1504 795 λάϐωμεν
1536 724 1754 796 πρῶτον
1804 719 1858 773 ὲν
1887 723 2007 780 τοῖς

2141 722 2556 796 nedietatibus,
2580 726 2650 781 de
2680 728 3075 799 sesquitertiis
3107 735 3164 785 et
3188 733 3620 805 sesquialteris,
3644 716 3775 806 quae

349 819 456 874 ἀπὸ
487 813 725 892 μονάδος
775 814 1031 889 ἀριθμοῖς
1080 812 1206 876 τοὺς
1256 811 1586 889 λεγομένους
1614 809 1868 885 πρώτους
1902 807 2006 862 ὑπὸ

2142 828 2175 864 n
2211 812 2625 870 medietatibus
2668 822 3011 887 cernuntur,
3044 819 3115 874 de
3158 822 3602 893 sesquioctavis,
3637 826 3774 897 qui-

346 913 446 965 τοῦ
478 904 773 967 Πλάτωνος
805 902 1032 979 λόγους.

2118 900 2228 956 bus
2285 903 2597 973 explentur
2652 905 2976 975 intervalla,
3036 909 3106 964 de
3164 909 3449 967 limmate.
3510 914 3773 986 Namque

353 1000 721 1070 diagramma
753 1002 809 1051 et
839 995 959 1050 haec
991 994 1190 1050 omnia
1230 991 1541 1065 complecti
1591 990 1765 1045 debet
1813 992 1872 1044 et
1919 988 2199 1059 compleri
2230 989 2624 1062 (condensari)
2655 994 2749 1050 his
2780 996 3128 1053 rationibus.
3161 999 3349 1062 Quare
3397 1000 3675 1072 primum,
3712 1008 3776 1059 ut

354 1089 556 1146 ordine
587 1086 862 1159 procedat
893 1083 1097 1151 oratio,
1130 1083 1190 1140 in
1245 1082 1314 1139 iis
1368 1080 1651 1151 numeris,
1685 1077 1787 1150 qui
1818 1077 1889 1134 ab
1918 1078 2147 1135 unitate
2193 1085 2334 1136 sunt
2376 1083 2651 1153 proximi,
2685 1101 2807 1157 eas,
2838 1102 2969 1158 quas
2998 1105 3030 1142 a
3063 1087 3300 1145 Platone
3350 1097 3772 1160 memorantur,

360 1180 573 1250 primas
605 1177 862 1231 rationes
892 1189 1225 1230 sumamus.

425 1267 486 1330 θ’,
547 1262 840 1327 Ἐκκείσθω
899 1259 990 1316 οὖν
1041 1258 1108 1329 δὴ
1146 1258 1460 1334 μονὰς,καὶ
1488 1265 1693 1323 ταύτης
1752 1251 2015 1309 διπλασία

354 1354 508 1417 δυάς·
545 1353 656 1409 εἶτα
685 1350 861 1428 τριὰς,
893 1346 1132 1424 ἡμιολία
1164 1349 1259 1423 μὶν
1285 1352 1388 1414 τῆς
1442 1343 1660 1414 δυάδος,
1717 1342 2017 1419 τριπλασία

354 1442 412 1500 δὶ
448 1451 548 1515 τῆς
584 1440 843 1517 μονάδος·
878 1441 992 1496 εἶτα
1044 1439 1259 1516 τετρὰς,
1320 1436 1580 1494 διπλασία
1634 1441 1733 1505 τῆς
1793 1429 2011 1517 δυάδος·

355 1534 469 1589 εἶτα
506 1512 716 1595 ⁷ἐννεὰς
787 1529 1081 1605 τριπλασία
1139 1512 1253 1594 -τῆς
1317 1523 1577 1603 τριάδος·
1648 1524 1759 1578 εἶτα
1813 1512 2015 1598 ὀγδοὰς

356 1620 693 1678 ὀκταπλασία
745 1623 842 1689 τῆς
877 1616 1139 1692 μονάδος·
1181 1616 1269 1673 ἐπὶ
1320 1622 1453 1671 πᾶσι
1481 1612 1539 1670 δὶ
1569 1608 1781 1687 ἰϐδόμη
1849 1625 2018 1685 μοιρα

2193 1258 2247 1314 9.
2275 1259 2508 1317 Ponitor
2529 1263 2713 1336 igitur
2737 1265 2962 1333 unitas,
2984 1268 3235 1339 ejusque
3254 1268 3469 1341 duplus
3493 1286 3777 1326 numerus

2124 1347 2391 1406 binarius
2424 1369 2439 1407 :
2472 1352 2683 1410 deinde
2732 1356 3025 1412 ternarius
3080 1374 3386 1425 numerus,
3430 1359 3779 1431 sesquialter

2124 1437 2361 1510 binarii,
2386 1441 2632 1499 unitatis
2666 1443 2879 1515 triplus
2903 1461 2915 1501 :
2942 1450 3067 1502 tum
3102 1448 3535 1518 quaternarius,
3565 1448 3778 1503 binarii

2126 1527 2343 1599 duplus
2387 1547 2401 1585 :
2451 1535 2575 1586 tum
2624 1534 3002 1602 novenarius,
3055 1535 3295 1590 ternarii
3344 1536 3606 1608 triplus:
3650 1542 3775 1593 tum

2127 1619 2486 1690 octonarius,
2508 1622 2782 1692 octuplus
2808 1624 3051 1679 unitatis
3076 1641 3089 1679 :
3115 1629 3412 1696 postremo
3434 1631 3629 1682 autem
3655 1643 3784 1697 sep-

352 1708 967 1768 ἐπτακαιεικοσιπλασία
998 1715 1095 1778 τῆς
1150 1704 1408 1781 μονάδος.
1470 1702 1623 1761 Ἀλλ’
1671 1700 1719 1757 si”
1753 1700 1847 1774 μὶν
1881 1699 2013 1782 ἅγρι

2141 1705 2273 1762 .ima
2304 1724 2461 1779 pars,
2485 1726 2612 1781 qum
2664 1716 2890 1783 septem
2922 1717 2978 1768 et
3006 1714 3217 1785 viginti
3270 1714 3534 1786 partibus
3567 1716 3779 1771 unitati

352 1800 562 1859 τούτων
618 1795 743 1871 ἔστη
796 1798 865 1855 τὰ
919 1803 1016 1854 τοῦ
1074 1797 1391 1864 Πλάτωνος,
1452 1789 1558 1849 ἔδει
1600 1789 1771 1866 μηδὶν
1801 1805 2019 1868 περιερ-

2127 1796 2437 1853 antecedit.
2471 1799 2621 1854 Tum
2669 1817 2805 1856 vero
2836 1802 2885 1856 si
2915 1802 3036 1857 hinc
3081 1802 3365 1858 hactenus
3415 1803 3579 1860 Plato
3627 1809 3783 1861 esset

354 1891 606 1969 γάζεσθαι
664 1888 830 1945 πλέον
861 1934 872 1946 .
930 1884 1150 1958 Ἐπειδὴ
1232 1884 1289 1941 δὲ
1354 1882 1522 1971 αὐτὸς
1583 1885 1719 1954 ἡμῖν
1776 1897 2018 1950 παρακε-

2141 1892 2492 1957 persecutus,
2516 1887 2855 1946 elaborandi
2888 1891 3191 1964 diligentia
3214 1910 3325 1948 non
3352 1892 3608 1965 amplius
3630 1911 3781 1965 opus

359 1979 576 2038 λεύεται
623 1978 691 2033 τὰ
716 1974 980 2033 διπλάσια
1025 1977 1113 2031 καὶ
1165 1972 1463 2051 τριπλάσια
1506 1969 1848 2043 διαστήματα
1901 1971 2019 2029 ταῖς

355 2091 416 2126 τε
474 2070 862 2145 ἀριθμητικαῖς
915 2066 1005 2122 καὶ
1070 2066 1397 2140 ἀρμονικαῖς
1461 2061 1723 2136 μεσότησι
1783 2054 2018 2125 συνδεῖν,

362 2157 598 2235 μονάδος
639 2158 697 2215 δὶ
737 2158 837 2214 οὐκ
883 2154 993 2214 ἔστι
1044 2157 1137 2212 καὶ
1185 2152 1383 2216 δυάδος
1429 2150 1625 2227 μεταξὺ
1673 2148 1869 2210 ταύτας
1922 2147 2018 2208 τὰς

364 2251 669 2325 μεσότητας
728 2250 902 2325 εὑρεῖν
941 2290 955 2317 ,
1027 2245 1268 2317 ληπτέον
1320 2243 1443 2299 τινὰ
1499 2245 1718 2317 πρῶτον
1785 2237 2016 2315 ἀριθμὸν

358 2340 415 2402 ὅς
472 2338 768 2415 ἐλάχιστος
821 2334 894 2392 ὢν
955 2332 1056 2406 ἔξει
1113 2334 1289 2408 ἥμισυ
1341 2334 1432 2388 καὶ
1488 2329 1693 2406 τρίτον·
1730 2325 2015 2383 διπλάσιον

360 2430 460 2506 γὰρ
493 2434 598 2491 πᾶς
648 2427 881 2503 ἀριθμὸς
928 2424 1076 2501 ἔχειν
1108 2421 1350 2479 δύναται.
1410 2419 1681 2506 Εἰλήφθω
1730 2420 1860 2506 γοῦν
1894 2417 1922 2471 ὁ
1954 2420 2020 2487 ς’,

361 2502 450 2573 διαὶ
502 2502 699 2574 τούτου
761 2513 1050 2576 διπλάσιος
1105 2515 1133 2569 ὁ
1168 2514 1260 2589 ιβ’,
1313 2511 1406 2567 τὸν
1462 2508 1620 2565 αὐτὸν
1656 2502 1799 2583 ἔχων
1832 2505 2019 2580 λόγον,

362 2608 423 2662 δν
479 2606 619 2683 πρὸς
678 2601 847 2660 δυάδα
909 2603 1097 2677 μονάς.
1156 2601 1378 2660 Τούτων
1431 2596 1498 2668 δὴ
1528 2602 1636 2652 τῶν
1681 2593 2017 2683 έξαπλασίων

363 2682 601 2770 μονάδος
653 2695 743 2750 καὶ
777 2691 973 2756 δυάδος
1010 2691 1167 2766 μέσοι
1210 2690 1613 2768 παρεντιθέντες
1671 2686 1700 2741 ὃ
1742 2706 1802 2741 τε
1832 2684 1882 2754 η’
1929 2682 2019 2737 καὶ

360 2787 405 2840 0'
461 2786 556 2847 τὰς
617 2784 907 2859 εἰρημένας
963 2781 1264 2856 μεσότητας
1316 2776 1733 2835 ἀποδώσουσιν.
1792 2775 1851 2831 Ὀ
1924 2772 2018 2845 μὶν

366 2876 470 2951 γὰρ
527 2875 579 2943 η’
635 2878 816 2946 ταυτῷ
875 2871 1024 2946 μέρει
1097 2876 1203 2925 τῶν
1258 2867 1435 2944 ἄκρων
1507 2864 1759 2942 ὑπερέχει
1803 2883 1875 2951 ,τε
1927 2861 2017 2916 καὶ

372 2950 714 3039 ὑπερέχεται,
776 2961 909 3039 ὅπερ
956 2958 1095 3017 ἴδιόν
1130 2959 1272 3015 ἐστιν
1333 2960 1636 3033 ἁρμονικῆς
1698 2950 2010 3039 ἀναλογίας·

370 3053 398 3108 ὁ
431 3051 488 3108 δὲ
517 3037 688 3125 θ’-Ὶσῳ
744 3052 841 3126 μὲν
884 3037 1017 3125 [τὸν
1048 3051 1114 3123 ς’]
1162 3049 1279 3104 κατ’
1313 3047 1541 3123 ἀριθμὸν
1578 3042 1856 3119 ὑπερέχει,
1910 3037 2019 3111 ’ίσῳ

2131 1980 2301 2032 esset.
2329 1978 2572 2042 Quando
2604 1983 2801 2034 autem
2842 1980 2968 2051 ipse
2999 1981 3167 2036 nobis
3200 1982 3482 2054 praecipit,
3506 1987 3571 2037 ut
3599 1982 3784 2053 dupla

2130 2070 2186 2120 et
2215 2065 2393 2138 tripla
2422 2067 2729 2123 intervalla
2777 2069 3165 2127 arithmeticis
3217 2076 3392 2143 atque
3423 2072 3784 2128 harmonicis

2130 2156 2547 2212 medietatibus
2594 2157 2962 2230 colligemus,
2996 2160 3135 2232 quia
3187 2161 3341 2216 inter
3390 2162 3677 2217 unitatem
3727 2166 3786 2218 et

2129 2244 2473 2301 dualitatem
2514 2246 2859 2303 medietates
2892 2248 3067 2303 nullae
3101 2249 3356 2321 interjici
3391 2255 3638 2323 possunt
3665 2251 3781 2324 pri-

2130 2349 2263 2389 mus
2294 2333 2511 2406 aliquis
2544 2352 2827 2392 numerus
2851 2338 3180 2393 sumendus
3203 2342 3312 2409 est,
3339 2339 3437 2410 qui
3470 2355 3648 2411 quam
3681 2340 3787 2395 mi-

2129 2422 2327 2479 nimus
2358 2423 2668 2479 dimidiam
2693 2429 2921 2497 partem
2946 2430 3118 2497 atque
3143 2427 3377 2482 tertiam
3402 2428 3613 2484 habeat
3636 2446 3649 2484 :
3674 2432 3786 2485 du-

2129 2511 2287 2584 plam
2319 2511 2476 2568 enim
2510 2514 2702 2585 quivis
2733 2531 3017 2572 numerus
3050 2516 3247 2571 habet.
3276 2517 3560 2573 Sumatur
3605 2518 3787 2591 igitur

2128 2602 2163 2656 6
2194 2601 2501 2673 (senarius)
2526 2619 2806 2660 numerus
2837 2606 3083 2676 ejusque
3115 2606 3334 2678 duplus
3365 2608 3432 2663 12
3460 2608 3784 2680 (duodena-

2131 2692 2573 2764 rius),eamdem
2598 2693 2882 2750 rationem
2910 2695 3337 2767 habens,quam
3353 2712 3486 2752 cum
3505 2697 3787 2755 dualitate

2130 2782 2348 2836 unitas.
2366 2781 2429 2836 In
2455 2782 2646 2837 medio
2672 2782 2910 2839 illorum
2932 2800 3310 2840 numerorum
3333 2785 3616 2841 unitatem
3637 2791 3693 2842 et
3708 2788 3789 2843 bi-

2132 2871 2363 2926 narium
2379 2871 2567 2927 sexies
2584 2872 3012 2929 continentium
3034 2874 3364 2945 interpositi
3383 2875 3718 2932 octonarius
3735 2881 3793 2933 et

2132 2959 2483 3015 novenarius
2500 2976 2757 3033 eas,qusa
2778 2962 2945 3017 dictae
2970 2966 3129 3031 sunt,
3147 2964 3495 3021 medietates
3516 2965 3775 3021 reddunt

2130 3049 2479 3107 Octonarius
2535 3050 2693 3105 enim
2742 3052 2946 3107 eadem
3005 3056 3169 3125 parte
3220 3057 3456 3124 praestat
3504 3055 3782 3111 extremis

367 3562 427 3621 εὶ
480 3564 823 3641 ὑπερέχεται,
857 3562 990 3637 ὅπερ
1054 3560 1194 3618 ἴδιόν
1255 3561 1396 3617 ἐστιν
1455 3560 1826 3637 ἀριθμητικῆς
1864 3559 2023 3634 μεσό-

2141 3559 2459 3629 eademque
2480 3553 2815 3625 superatur,
2841 3548 2998 3621 quod
3021 3548 3262 3641 quidem
3284 3546 3640 3605 harmonica
3665 3564 3799 3641 pro-

369 3674 565 3727 τητος.
604 3656 816 3729 Ἐεάκις
848 3652 950 3729 ἄρα
991 3656 1092 3724 τὴν
1140 3650 1349 3727 μονάδα
1377 3652 1470 3708 καὶ
1504 3649 1675 3707 δυάδα
1704 3652 2031 3722 ποιήσαντες

373 3742 602 3821 εὕρομεν
649 3743 916 3819 ἀριθμοὺς
966 3744 1061 3807 τὰς
1111 3742 1398 3820 εἰρημένας
1448 3739 1879 3818 ἂπιδεχομένους
1942 3760 2036 3813 με·

374 3834 631 3905 σότητας.
682 3832 932 3907 Ὁμοίως
992 3830 1049 3887 δὲ
1104 3833 1196 3888 καὶ
1245 3832 1370 3893 τοὺς
1429 3830 1657 3892 λοιποὺς
1687 3834 1794 3885 τῶν
1846 3829 1897 3884 ἰν
1958 3832 2038 3900 τῷ

373 3923 766 4000 προειρημένῳ
824 3923 1005 3996 στίχῳ
1033 3926 1143 3977 τῶν
1178 3918 1478 3976 διπλασίων
1513 3919 1628 3993 ἅμα
1667 3918 1756 3974 καὶ
1803 3916 2037 3993 τριπλα-

370 4013 504 4069 σίων
554 4010 1042 4083 ἰξαπλασιάσαντες
1101 4011 1407 4086 εὑρήσομεν
1461 4007 1663 4082 ὅρους,
1724 4006 1819 4070 οὕς
1879 4003 2039 4076 δυνη-

373 4103 582 4177 σόμεθα
628 4105 998 4158 καταπυκνοῦν
1050 4100 1438 4178 ἀριθμητικαῖς
1479 4119 1538 4154 τε
1564 4097 1653 4153 καὶ
1713 4098 2037 4172 ἁρμονικαῖς

372 4191 661 4268 μεσότησι.

2144 3646 2432 3721 portionis
2476 3642 2780 3717 proprium
2809 3642 2927 3705 est;
2962 3636 3316 3694 novenarius
3365 3640 3561 3693 autem
3593 3638 3799 3693 eodem

2146 3751 2393 3792 numero
2424 3729 2773 3802 (senarium)
2796 3731 3035 3800 praestat
3063 3742 3179 3798 quo
3210 3728 3267 3798 (a
3292 3726 3677 3799 duodenario)
3700 3743 3801 3782 su-

2148 3828 2406 3897 peratur,
2441 3820 2599 3894 quod
2634 3818 2875 3891 quidem
2906 3816 3293 3872 arithmeticae
3331 3821 3421 3872 est
3470 3816 3804 3871 medietatis

2147 3913 2473 3987 proprium.
2510 3909 2571 3965 Si
2621 3907 2807 3964 sexies
2840 3906 3022 3979 igitur
3072 3905 3357 3962 unitatem
3406 3910 3465 3962 et
3508 3905 3805 3961 binarium

2146 4000 2606 4075 sumpserimus,
2656 4012 2937 4052 numeros
2987 3993 3385 4051 invenerimus
3434 3995 3803 4062 medietates,

2148 4109 2297 4166 quas
2330 4089 2613 4153 diximus,
2645 4084 3001 4157 complexos.
3034 4083 3432 4153 Similiterque
3463 4084 3513 4139 si
3548 4083 3803 4155 reliquos

2148 4183 2209 4238 in
2268 4180 2417 4237 serie
2471 4177 2595 4244 illa,
2649 4190 2827 4246 quam
2886 4190 3067 4245 supra
3123 4175 3553 4241 enarravimus,
3593 4173 3808 4246 duplos

369 4262 703 4355 triplosque
734 4297 1015 4338 numeros
1047 4280 1238 4337 sexies
1264 4279 1722 4352 sumpserimus,
1756 4276 2126 4334 inveniemus
2157 4270 2467 4339 terminos,
2499 4282 2649 4340 quos
2688 4262 3081 4321 arithmetiois
3111 4268 3168 4319 et
3198 4262 3564 4320 harmonicis
3595 4263 3811 4320 medie-

366 4372 602 4432 tatibus
633 4372 998 4429 condensare
1027 4370 1310 4444 (explere)
1339 4371 1683 4442 poterimus.

444 4462 495 4517 ι’.
558 4458 934 4534 Γεγονέτωσαν
1004 4457 1112 4513 ἀπὸ
1190 4458 1393 4520 παντὸς
1465 4461 1565 4512 τοῦ
1632 4454 2039 4533 προειρημένου

368 4548 566 4626 στίχου
620 4546 960 4620 ἐξαπλάσιοι.
1021 4545 1270 4609 ’Ἄλλους
1330 4546 1595 4620 ἀριθμοὺς
1653 4544 1705 4601 ἐν
1733 4544 1876 4616 τάξει
1922 4544 2037 4598 θέν-

376 4660 485 4705 τες,
550 4638 713 4711 μόνον
764 4637 855 4691 τὸν
916 4634 995 4693 νδ⁶
1048 4637 1154 4712 πρὸ
1210 4640 1307 4691 τοῦ
1372 4637 1466 4708 μη⁹
1499 4641 1670 4700 θεῖναι
1702 4634 2035 4713 ὀφείλοντες·

376 4732 568 4783 τοῦτον
624 4728 729 4803 γὰρ
780 4725 1043 4802 πρότερον
1103 4724 1221 4780 είπὶ
1276 4723 1599 4799 τριπλάσιον
1653 4728 1750 4778 τοῦ
1800 4723 1987 4798 τρίτου
2022 4741 2033 4754 ·

382 4816 502 4890 μετ’
549 4815 752 4871 ἱκεῖνον
808 4812 866 4869 δὲ
919 4814 1080 4869 αὐτὸν
1126 4817 1289 4887 ἡμεῖς
1347 4811 1556 4888 ἔθεμεν,
1586 4818 1666 4885 τῷ
1698 4811 1898 4883 πλήθει
1930 4815 2036 4866 τῶν

2220 4450 2310 4506 40.
2344 4448 2529 4505 Sunto
2551 4460 2621 4501 ex
2649 4444 2771 4499 tota
2797 4442 2927 4513 hac,
2953 4459 3132 4515 quam
3155 4459 3337 4514 supra
3360 4443 3639 4513 diximus,
3664 4443 3815 4500 serie

2151 4540 2339 4597 sexies
2388 4534 2612 4607 sumpti
2642 4531 2945 4606 (numeri).
2980 4530 3246 4604 Reliquis
3296 4532 3560 4588 numeris
3608 4533 3817 4589 ordine

2148 4625 2455 4702 dispositis
2485 4638 2830 4696 quanquam
2881 4620 3076 4679 solum
3128 4637 3445 4677 numerum
3474 4622 3548 4676 54
3576 4626 3713 4677 ante
3745 4622 3815 4677 48

2150 4732 2366 4792 ponere
2396 4714 2780 4778 debebamus,
2808 4710 3061 4783 priorem
3097 4709 3265 4765 illum
3288 4710 3446 4765 enim
3469 4709 3632 4767 dicas
3654 4710 3815 4765 tertii

2148 4807 2630 4881 triplum,tamen
2654 4804 2787 4872 post
2807 4800 2966 4855 hunc
2990 4798 3158 4855 illum
3178 4799 3813 4871 posuimus,unitatum

386 4888 635 4979 μονάδων
694 4903 1001 4977 ἀπόμενοι,
1057 4904 1148 4959 καὶ
1203 4903 1264 4958 οὐ
1322 4908 1390 4978 τῇ
1450 4904 1844 4978 ἀπαριθμήσει,
1897 4903 1958 4970 ἣν
2017 4904 2026 4954 i

2156 4892 2598 4953 multitudinem
2625 4889 2913 4961 (ordinem
2941 4888 3276 4959 seriemque
3298 4890 3705 4959 numerorum)
3730 4905 3814 4944 se-

381 4993 612 5052 Πλάτων
662 4993 982 5064 πεποίηται,
1012 4999 1128 5055 τοῖς
1162 4992 1349 5069 λόγοις
1380 4993 1555 5048 αὐτῶν
1609 4991 1896 5065 ἑπόμενος,
1950 4990 2041 5045 καὶ

376 5083 611 5154 ἱναλλὰξ
686 5082 857 5145 τιθεὶς
933 5082 1060 5145 τοὺς
1130 5080 1452 5147 διπλασίους
1511 5084 1597 5137 καὶ
1661 5079 2038 5156 τριπλασίους.

380 5172 594 5244 Μεταξὺ
651 5175 743 5246 μὶν
806 5171 897 5227 οὗν
951 5176 1051 5226 τοῦ
1102 5174 1143 5235 ς’
1174 5173 1261 5227 καὶ
1305 5176 1402 5227 τοῦ
1440 5172 1507 5248 ιβ’
1540 5171 1899 5245 ἐμπεσοῦνται
1934 5171 1962 5224 ὁ
1994 5176 2043 5240 η’

374 5262 464 5315 καὶ
524 5264 590 5331 θ’,
657 5261 850 5335 μεταξὺ
911 5258 968 5315 δὲ
1014 5265 1111 5316 τοῦ
1146 5260 1217 5337 ιβ’
1266 5261 1356 5316 καὶ
1406 5258 1485 5315 κδ’
1519 5257 1811 5315 διπλασίου
1869 5259 2040 5334 ἁρμο-

371 5352 499 5420 νικὴ
536 5351 633 5425 μὶν
680 5350 914 5423 μεσότης
946 5351 973 5405 ὁ
1032 5351 1115 5419 ις’,
1170 5349 1509 5424 ἀριθμητική
1544 5347 1602 5404 δὲ
1628 5351 1656 5403 ὁ
1692 5356 1781 5419 ιη’·
1845 5345 2041 5421 μεταξὺ

378 5438 437 5495 δὶ
493 5444 590 5496 τοῦ
649 5437 940 5496 διπλασίου
989 5439 1086 5494 τοῦ
1135 5435 1214 5493 κδ’
1265 5438 1481 5493 καὶτοῦ
1517 5438 1917 5513 μη¹ἀρμονικὴι
1945 5435 2038 5509 μὲν

2150 4987 2293 5055 cuti,
2311 4989 2489 5054 atque
2512 4998 2546 5036 a
2568 4977 2921 5035 numerandi
2946 4993 3109 5033 more
3138 4977 3509 5034 discedentes
3533 4977 3816 5048 Platonis,

2153 5076 2274 5148 qui,
2301 5073 2588 5129 rationem
2626 5083 3007 5124 numerorum
3041 5071 3303 5133 secutus,
3328 5066 3585 5123 alternos
3606 5067 3819 5139 duplos

2152 5169 2210 5221 et
2256 5161 2466 5234 triplos
2526 5157 2872 5215 collocabat.
2934 5156 3155 5212 Inter6
3186 5156 3368 5228 igitur
3406 5160 3465 5211 et
3514 5157 3585 5211 42
3639 5157 3818 5212 medii

2152 5252 2515 5311 intercedant
2545 5250 2579 5303 8
2610 5253 2666 5303 et
2694 5248 2728 5301 9
2762 5246 2993 5303 numeri
3027 5265 3039 5303 :
3074 5246 3227 5303 inter
3266 5246 3338 5302 42
3381 5251 3437 5303 et
3484 5248 3555 5301 24
3604 5248 3818 5321 duplos

2152 5341 2498 5401 harmonica
2540 5337 2827 5395 medietas
2874 5337 2943 5392 46
2993 5342 3049 5393 et
3097 5336 3166 5393 48
3214 5337 3589 5393 arithmetica
3621 5354 3634 5393 :
3665 5337 3821 5393 inter

2154 5431 2367 5505 duplos
2417 5443 2697 5485 numeros
2725 5427 2797 5481 24
2833 5432 2891 5483 et
2932 5427 3000 5481 48
3038 5426 3108 5481 32
3146 5425 3490 5482 harmonica
3538 5425 3821 5483 medietas

2155 5587 2214 5638 ιη’
2357 5580 2428 5635 ταδ’

1785 5673 1907 5741 ιε
2243 5670 2296 5726 ς’
