4124 6410
345 401 500 465 4093

1442 404 1523 466 ΙΝ
1567 397 2182 466 PSYGHOGONIAM
2229 398 2646 462 PLATONIS.

3615 403 3772 465 ίωι

339 532 538 595 τιαντὸς
595 531 695 607 γὰρ
753 531 1034 609 ἐπιτρίτου
1087 531 1183 590 δύο
1239 531 1520 610 ἐπογδόων
1599 529 1995 612 ἀφαιρεθέντων

2129 536 2405 603 superest,
2438 549 2616 604 quam
2662 532 2884 590 habent
2909 533 3016 590 256
3053 549 3188 590 eum
3221 535 3348 592 243.
3383 535 3465 593 Ex
3494 536 3773 595 universa

338 620 724 678 καταλείπεται
757 623 785 676 6
815 626 911 677 106
963 620 1272 696 λείμματος
1324 620 1516 698 λόγος.
1558 621 1738 678 Ἀλλὰ
1766 625 1864 676 106
1893 641 1989 684 σνς

342 706 611 785 ἐπόγδοος
659 711 687 764 6
731 717 875 780 σπη’,
927 711 986 772 ’ὀς
1030 713 1130 780 τὴν
1188 711 1562 786 ἀριθμητικὴν
1623 711 1787 780 σώζει
1842 709 2004 783 μεσό-

343 820 502 871 τητα,
561 799 892 874 τεταγμένος
967 800 1162 872 μεταξὺ
1237 805 1335 856 106
1389 801 1506 876 ρςβ¹
1560 801 1650 855 καὶ
1707 803 1804 854 τοῦ
1861 795 2001 867 τπδ’,

346 891 484 964 πρὸς
535 888 629 961 μὲν
682 889 773 942 τὸν
825 889 943 964 ρςβ¹
983 889 1076 943 τὸν
1133 886 1420 945 διπλάσιον
1475 889 1642 964 λόγον
1693 887 2004 954 ποιοῦντος,

348 979 486 1054 πρὸς
520 975 577 1032 δὲ
606 977 697 1032 τὸν
750 979 876 1047 σπη’
905 976 1202 1053 ἐπίτριτον.
1237 978 1302 1035 El
1347 977 1440 1050 μὲν
1474 976 1565 1033 οὗν
1601 975 1823 1032 δυνατὸν
1865 977 2005 1030 ἀπο-

353 1073 546 1138 στῆσαι
597 1063 694 1119 δύο
741 1063 1039 1141 ἐπογδόους
1088 1068 1193 1120 ἀπὸ
1236 1070 1333 1120 106
1390 1068 1537 1138 σπη’,
1587 1065 2004 1122 κατεπυκνώσα-

358 1176 451 1230 μεν
486 1153 547 1210 ἂν
578 1154 669 1208 καὶ
717 1158 879 1209 τοῦτο
934 1155 996 1210 τὸ
1048 1154 1319 1230 ἐπίτριτον
1351 1161 1466 1218 τοῖς
1513 1176 1572 1210 τε
1603 1152 1886 1231 ἐπογδόοις
1918 1152 2008 1208 καὶ

349 1249 428 1316 τῷ
471 1242 753 1316 λείμματι.
813 1247 918 1298 Νῦν
976 1241 1034 1298 δὲ
1091 1245 1202 1318 οὐχ
1259 1244 1458 1315 οἷόντε,
1509 1243 1538 1298 ό
1588 1244 1692 1320 γὰρ
1743 1240 2008 1317 ἐπόγδοος

351 1332 515 1388 αὐτοῦ
541 1332 570 1387 ὁ
599 1329 714 1386 τκδ¹
765 1328 962 1408 ὄγδοον
1014 1331 1115 1388 οὐκ
1156 1329 1296 1407 ἔχει·
1348 1330 1433 1388 διὸ
1464 1335 1602 1406 πρὸς
1650 1331 1808 1387 αὐτόν
1844 1331 2008 1406 ἐπόγ-

352 1419 476 1478 δοον
527 1419 764 1497 γίνεσθαι
827 1420 989 1497 λόγον
1051 1421 1113 1476 οὗ
1173 1419 1392 1477 δυνατὸν
1445 1427 1563 1484 τοῖς
1612 1419 1858 1496 ἄτμητον
1906 1421 2006 1489 τήν

353 1508 561 1586 μονάδα
617 1511 906 1588 φυλάττειν
984 1513 1046 1566 ἂν
1111 1509 1476 1587 βουλομίνοις
1542 1511 1604 1566 τὸ
1660 1511 1762 1586 γὰρ
1819 1506 2011 1584 ὄγδοον

349 1602 515 1656 αὐτοῦ
563 1599 725 1675 μέρος
774 1599 908 1657 ἐστί.
962 1599 1422 1662 Διπλασιάσαντες
1473 1599 1562 1654 οὖν
1609 1599 1766 1668 αὐτὰ,
1812 1596 1904 1653 ’ίνα
1949 1597 2010 1653 τὸ

350 1689 527 1763 ἥμισυ
558 1688 688 1746 ὅλον
739 1691 1064 1763 ποιήσωμεν
1109 1689 1198 1744 καὶ
1241 1696 1464 1766 σχῶμεν
1499 1688 1591 1744 καὶ
1623 1688 1787 1743 αὐτοῦ
1821 1683 2009 1742 λαϐεῖν

353 1777 642 1856 ἐπόγδοον,
689 1779 1208 1855 ἀναγκασθησόμεθα
1248 1777 1338 1833 διὰ
1381 1783 1545 1834 τοῦτο
1595 1777 1685 1832 καὶ
1734 1778 1860 1841 106:
1907 1777 2012 1850 πρὸ

2114 620 2270 676 enim
2296 621 2675 692 sesquitertia
2691 623 2934 689 ratione,
2951 624 3183 680 duabus
3199 625 3454 696 demptis
3473 626 3774 698 sesquioo-

2114 709 2288 776 tavis,
2317 708 2606 766 limmatis
2628 711 2777 767 ratio
2810 710 3185 783 relinquitur.
3206 714 3384 785 Atqui
3416 715 3646 770 numeri
3667 716 3776 772 256

2116 798 2561 868 sesquiootavus
2600 806 2692 855 est
2728 800 2856 866 288,
2887 800 3057 872 isque
3088 802 3516 859 arithmeticam
3550 805 3779 860 medie-

2115 890 2294 942 tatem
2327 893 2523 944 servat
2552 889 2707 944 inter
2740 889 2845 943 492
2874 889 3197 946 collocatus
3226 896 3284 946 et
3311 891 3437 961 384,
3471 894 3572 963 qui
3607 894 3778 949 ratio-

2116 991 2250 1032 nem
2285 977 2527 1048 duplam
2557 979 2627 1033 ad
2661 978 2766 1034 492
2800 979 2951 1044 facit,
2988 979 3061 1034 ad
3090 981 3198 1034 288
3231 982 3690 1053 sesquitertiam.
3717 983 3776 1039 Si

2115 1079 2248 1122 vero
2275 1067 2390 1122 duo
2422 1067 2866 1140 sesquiootavos
2889 1085 3133 1124 numero
3155 1069 3261 1124 288
3294 1071 3545 1140 adjicere
3577 1089 3778 1142 posse-

2119 1175 2275 1224 mus,
2302 1157 2408 1212 boc
2447 1173 2683 1228 quoque
2721 1157 3169 1228 sesquitertium
3196 1158 3623 1230 (intervallum)
3654 1176 3776 1216 ses-

2119 1245 2444 1318 quiootavis
2499 1244 2882 1317 (intervallis)
2940 1250 2998 1301 et
3052 1245 3319 1302 limmate
3383 1247 3773 1319 expleremus.

2116 1335 2336 1391 Verum
2376 1333 2485 1390 hoc
2531 1334 2658 1390 ﬁeri
2712 1350 2829 1390 non
2879 1339 3092 1406 potest,
3144 1351 3280 1392 nam
3331 1338 3779 1408 sesquiootavus

2119 1426 2248 1495 ejus
2277 1423 2385 1480 324
2412 1426 2677 1479 octavam
2726 1427 2953 1496 partem
2999 1441 3114 1480 non
3163 1425 3371 1494 habet;
3405 1426 3683 1498 quocirca
3729 1427 3782 1483 si

2121 1513 2258 1586 quis
2288 1512 2578 1585 integram
2633 1528 2865 1568 servare
2897 1513 3100 1585 cupiat
3147 1515 3455 1581 unitatem,
3484 1517 3554 1570 ad
3611 1515 3782 1572 illum

2124 1617 2440 1660 numerum
2471 1602 2937 1676 sesquioctavam
2971 1603 3258 1658 rationem
3293 1604 3523 1660 efﬁcere
3553 1606 3785 1678 nequit,

2124 1709 2260 1749 nam
2291 1691 2548 1747 fractura
2577 1691 2664 1762 (ut
2694 1691 2885 1762 aiunt)
2907 1695 3109 1747 octava
3139 1692 3269 1763 ejus
3298 1708 3433 1764 pars
3458 1699 3569 1749 est.
3593 1694 3783 1759 Quare

2125 1787 2189 1838 ut
2218 1782 2349 1853 ejus
2379 1785 2439 1836 et
2459 1779 2707 1835 dimidia
2737 1797 2874 1852 pars
2896 1796 3183 1836 numerus
3205 1781 3285 1836 sit
3305 1781 3558 1853 simplex
3578 1788 3635 1838 et
3656 1798 3780 1840 ses-

354 1867 523 1924 a61o6
547 1866 899 1924 διπλασιάσαι
930 1866 1138 1929 πάντας
1168 1867 1258 1922 καὶ
1288 1867 1414 1930 τοὺς
1450 1869 1565 1941 μετ’
1596 1866 1778 1924 αὐτόν.
1825 1869 2013 1922 Ἔσται

409 1958 434 1972 ν
507 1957 520 1972 9
595 1957 608 1972 \
685 1957 701 1972 ι
833 1961 858 1972 α
969 1957 1016 1972 ﬁ!
1069 1958 1081 1972 Ι
1199 1954 1238 1972 δ’
1301 1957 1314 1972 9
1391 1957 1405 1972 \
1464 1954 1507 1972 λλ
1613 1961 1639 1970 ~
1774 1957 1785 1972 1
1818 1957 1830 1972 Ι
1906 1953 1925 1972 ‘
1949 1956 1994 1972 nr

2129 1871 2434 1942 quioctava
2453 1868 2601 1925 ratio
2622 1869 2774 1924 efﬁci
2799 1868 3004 1940 possit,
3026 1869 3076 1926 si
3096 1885 3230 1925 eum
3254 1871 3330 1925 du
3339 1871 3780 1942 plicaverimus,

372 1958 464 2012 οὗν
495 1957 610 2012 ἀντὶ
645 1957 738 2029 μὲν
767 1961 863 2011 106
896 1957 1016 2032 ρςβ’
1062 1958 1089 2010 6
1118 1954 1256 2012 τπδ’·
1291 1957 1407 2011 ἀντὶ
1460 1954 1517 2011 δὲ
1545 1961 1642 2011 106
1684 1957 1785 2020 σις’
1811 1957 1838 2010 6
1871 1953 2013 2031 υλβ’·

371 2046 490 2100 ἀντὶ
541 2043 598 2100 δὲ
650 2048 748 2100 106
797 2047 919 2120 σμγ’
967 2047 995 2100 6
1045 2047 1177 2109 υπς’·
1232 2045 1349 2100 ἀντὶ
1404 2043 1462 2099 δὲ
1501 2049 1598 2099 106
1659 2052 1761 2106 σνς’
1810 2045 1838 2099 6
1886 2044 2018 2122 φιβ’·

372 2135 488 2192 ἀντὶ
521 2132 578 2190 δὲ
605 2138 702 2190 106
731 2134 856 2204 σπη’
887 2135 916 2188 6
948 2141 1084 2212 φος’,
1115 2134 1204 2188 καὶ
1249 2134 1447 2188 τούτου
1505 2131 1768 2210 ἐπόγδοος
1798 2133 1826 2188 6
1859 2138 2020 2216 χμη¹,

353 2224 444 2280 καὶ
475 2222 672 2278 τούτου
720 2219 980 2298 ἐπόγδοος
1011 2223 1038 2276 6
1071 2223 1210 2296 ψκθ’·
1247 2217 1433 2277 ἔπειτα
1481 2223 1509 2276 6
1539 2226 1688 2296 ψξη’,
1724 2219 2019 2284 διπλάσιος

356 2309 430 2367 ὢν
460 2315 559 2368 τοῦ
589 2308 734 2379 τπδ’,
765 2311 904 2388 πρὸς
936 2307 994 2365 δὲ
1033 2312 1125 2365 τὸν
1157 2307 1278 2384 ψκδ¹
1325 2308 1488 2385 λόγον
1539 2305 1685 2386 ἔχων
1729 2315 1826 2365 τοῦ
1858 2308 2020 2383 λείμ-

360 2421 552 2474 ματος.
616 2399 715 2456 Kal
773 2399 917 2455 οὕτω
972 2397 1038 2467 δὴ
1092 2399 1565 2474 συμπεπλήρωται
1615 2400 1677 2455 τὸ
1729 2397 2018 2455 διπλάσιον

357 2485 634 2563 διάστημα
675 2494 793 2552 τοῖς
844 2511 902 2544 τε
957 2488 1248 2562 ἡμιολίοις
1298 2488 1387 2544 καί
1438 2489 1733 2566 ἐπιτρίτοις
1788 2489 1879 2545 καὶ
1925 2489 2012 2543 ἐπ-

356 2577 579 2655 ογδόοις
619 2577 810 2653 λόγοις
861 2577 914 2634 ἐν
963 2575 1147 2633 τοῖσδε
1193 2583 1314 2640 τοῖς
1362 2578 1638 2653 ἀριθμοῖς·
1685 2576 1826 2636 τπδ“.
1875 2577 2017 2654 υλβ’.

358 2671 498 2734 υπς’.
531 2669 666 2746 φιβ’.
719 2669 857 2745 φος’.
911 2669 1070 2744 χμη’.
1121 2669 1262 2741 ψκθ’.
1318 2668 1460 2741 ψξη’.
1497 2667 1558 2724 Εἰ
1592 2670 1682 2722 οὖν
1728 2667 2018 2738 ἐθελήσαι-

359 2779 455 2830 μεν
488 2757 618 2812 ὅλον
652 2756 1058 2832 συμπληρῶσαι
1093 2756 1156 2810 τὸ
1187 2753 1532 2832 διάγραμμα,
1569 2755 1852 2830 ἐκθέμενοι
1883 2758 2022 2812 γατὰ

358 2847 422 2902 τὸ
454 2847 578 2917 ἐξῆς
606 2846 720 2901 ἀντὶ
757 2847 851 2920 μὲν
903 2848 999 2914 τῆς
1049 2846 1273 2920 πρώτης
1324 2845 1519 2921 μοίρας
1563 2848 1654 2900 τὸν
1704 2842 1848 2918 τμδ’·
1902 2845 2020 2900 ἀντὶ

361 2933 419 2989 δὲ
447 2942 545 3006 τῆς
578 2932 827 3010 δευτέρας
871 2936 962 2988 τὸν
1011 2935 1152 3008 ψξη’·
1188 2935 1306 2988 ἀντὶ
1339 2931 1396 2988 δὲ
1423 2938 1526 2999 τῆς
1573 2934 1761 3006 τρίτης
1795 2935 2016 3009 μοίρας,

363 3030 463 3092 τῆς
509 3023 833 3094 τριπλασίας
881 3029 982 3092 τῆς
1028 3023 1277 3097 πρώτης,
1327 3021 1595 3095 ἡμιολίας
1650 3020 1708 3077 δὶ
1749 3030 1852 3092 τῆς
1905 3021 2020 3078 δευ-

365 3112 541 3186 τὲρας,
595 3113 686 3167 τὸν
734 3113 919 3187 ,αρνβ’,
977 3112 1090 3166 ἀντὶ
1123 3109 1181 3166 δέ
1236 3119 1337 3181 τῆς
1386 3116 1677 3187 τετάρτης,
1725 3108 2020 3175 διπλασίας

355 3207 457 3270 τῆς
488 3197 758 3276 δευτέρας,
806 3201 900 3256 τὸν
940 3199 1134 3278 ,αφλςκ
1172 3202 1286 3256 ἀντὶ
1328 3198 1385 3256 δὲ
1431 3208 1532 3271 τῆς
1577 3199 1859 3274 πέμπτης,
1916 3204 2016 3266 τῆς

353 3289 686 3366 τριπλασίας
713 3297 814 3359 τῆς
842 3291 1058 3366 τρίτης,
1091 3291 1184 3345 τὸν
1229 3291 1410 3366 ,γυνς’·
1444 3290 1560 3344 ἀντὶ
1611 3287 1668 3344 δὲ
1696 3297 1800 3360 τῆς
1831 3285 2016 3361 ἕκτης,

355 3379 393 3448 ἥ
427 3377 567 3434 ἐστιν
620 3378 965 3434 ὁκταπλασία
1012 3386 1113 3448 τῆς
1160 3380 1412 3453 πρώτης,
1471 3379 1562 3434 τὸν
1614 3380 1772 3455 ,γοβκ
1809 3379 1924 3434 ἀντὶ
1966 3377 2024 3446 δὴ

355 3475 458 3537 τῆς
508 3461 770 3540 ἑϐδόμης,
804 3466 838 3536 ἦ
875 3467 1015 3522 ἐστιν
1070 3465 1684 3522 ἐπτακαιεικοσιπλασία
1732 3474 1834 3536 τῆς
1873 3467 2024 3542 πρώ-

357 3577 485 3628 της,
543 3557 635 3611 τὸν
691 3557 870 3627 ,ιτξηκ
925 3555 975 3611 εἲ
1023 3557 1114 3610 οὖν
1156 3555 1515 3629 ἐθελήσαιμεν
1571 3553 1732 3611 τάσδε
1785 3576 2023 3611 καταπυ-

359 3650 565 3702 κνῶσαι
623 3651 744 3709 ταῖς
792 3645 1118 3722 ἀρμονικαῖς
1155 3645 1246 3700 καὶ
1279 3647 1667 3721 ἀριθμητικαῖς
1703 3645 2020 3718 μεσότησιν,

361 3735 419 3788 αἳ
451 3739 831 3810 παρατεθεῖσαι
875 3733 941 3789 τά
986 3755 1044 3789 τε
1092 3733 1330 3804 ἡμιόλια
1382 3735 1469 3788 καὶ
1523 3733 1768 3810 ἐπίτριτα
1799 3731 2022 3802 διαστή-

367 3841 510 3896 ματα
565 3823 917 3892 ποιήσουσιν,
975 3820 1185 3876 ἔσονται
1251 3819 1447 3893 μεταξὺ
1500 3825 1599 3875 106
1644 3841 1703 3874 τε
1747 3818 1872 3876 τπδ’
1932 3820 2022 3875 καί

361 3914 462 3966 106
493 3910 616 3984 ψξη’
666 3907 958 3966 διπλασίου
1000 3909 1030 3965 6'
1073 3931 1132 3964 τε
1181 3911 1314 3986 φιβ’,
1347 3913 1519 3963 ποιῶν
1563 3910 1661 3977 τὴν
1714 3911 2018 3985 ἁρμονικὴν

367 3999 663 4074 μεσότητα,
721 3999 811 4054 καὶ
867 4001 895 4054 6
953 4001 1068 4076 φοί
1099 4003 1238 4072 (11),
1288 4000 1387 4068 τήν
1437 3997 1809 4072 ἀριθμητικὴν
1855 3998 2022 4071 μεσό-

361 4108 501 4159 τητα
556 4091 754 4145 ποιῶν.
810 4088 874 4145 Εἰ
934 4085 991 4143 δὲ
1045 4093 1142 4142 106
1212 4086 1540 4164 τριπλασίου
1596 4084 1968 4160 διαστήματος
2005 4131 2019 4156 ,

365 4176 510 4252 λέγῳ
542 4173 600 4232 δὲ
645 4181 742 4232 106
771 4174 891 4232 τπδ’
924 4176 1013 4232 καὶ
1063 4180 1162 4231 τοῦ
1208 4177 1397 4251 ,αρνβλ
1433 4170 1591 4230 λάϐοι
1605 4197 1701 4248 μεν
1730 4175 1826 4238 τὰς
1862 4175 2022 4250 μεσό-

363 4260 617 4335 τητας,ὂ’
673 4266 770 4340 μὲν
819 4288 936 4342 φος,
980 4266 1140 4334 σώζει
1191 4266 1290 4334 τὴν
1336 4265 1665 4337 ἁρμονικὴν,
1713 4265 1786 4327 ὡς
1841 4263 1893 4319 ἐν
1945 4269 2024 4336 τῷ

365 4351 643 4428 διπλασίῳ
699 4357 798 4425 τήν
842 4355 1213 4429 ἀριθμητικὴν
1272 4352 1594 4427 ἀναπλήρου
1630 4397 1643 4423 ,
1704 4353 1976 4426 μεσότητα
2009 4399 2022 4422 ,

365 4445 394 4500 6
429 4442 487 4498 δὲ
518 4443 638 4517 ψξη’
683 4445 784 4514 τὴν
830 4445 1223 4519 ἀριθμητικήν,
1254 4443 1312 4504 ’ὀς
1362 4443 1428 4511 ἦν
1479 4443 1679 4516 μείζων
1725 4439 1888 4513 ἄκρος
1928 4447 2023 4497 106

367 4530 685 4590 διπλασίου.
717 4532 890 4590 Ηάλιν
924 4532 973 4588 εἲ
1013 4537 1110 4587 106
1164 4531 1414 4607 δευτέρου
1465 4527 1758 4586 διπλασίου
1797 4533 1890 4593 τὰς
1929 4531 2020 4586 αὖ·

2131 1961 2203 2015 ob
2234 1959 2501 2015 eamdem
2533 1975 2774 2014 causam
2802 1974 2922 2024 eos,
2948 1959 3048 2030 qui
3071 1963 3130 2013 et
3156 1963 3288 2014 ante
3319 1963 3459 2014 sunt
3477 1963 3536 2014 et
3556 1959 3657 2031 qui
3689 1975 3780 2015 se-

2133 2053 2419 2121 quuntur,
2443 2064 2649 2104 omnes
2675 2047 2976 2120 duplicare
3007 2063 3304 2118 cogemur.
3330 2049 3438 2104 Pro
3476 2049 3572 2102 I92
3600 2048 3788 2121 igitur

2132 2138 2244 2192 erit
2282 2137 2390 2191 384
2423 2153 2436 2191 :
2473 2153 2576 2207 pro
2627 2135 2752 2203 246,
2803 2137 2909 2191 432
2943 2152 2955 2191 :
2992 2154 3095 2208 pro
3142 2137 3270 2203 243,
3321 2137 3426 2191 486
3457 2156 3473 2190 :
3507 2154 3609 2209 pro
3655 2138 3785 2208 256,

2129 2228 2272 2281 512:
2307 2243 2411 2298 pro
2440 2225 2567 2294 288,
2593 2226 2720 2292 576,
2753 2225 2998 2297 ejusque
3029 2226 3472 2293 sesquiootavus
3503 2243 3784 2282 numerus

2129 2315 2258 2383 648,
2319 2314 2619 2386 hujusque
2673 2316 3118 2385 sesquiootavus
3172 2315 3333 2370 729:
3385 2315 3596 2370 deinde
3653 2316 3782 2386 768,

2132 2403 2232 2476 qui
2262 2403 2479 2475 duplus
2508 2406 2598 2459 est
2627 2404 2856 2458 numeri
2887 2403 3015 2472 384,
3049 2407 3108 2458 et
3136 2403 3209 2458 ad
3239 2404 3348 2459 729
3374 2403 3662 2460 limmatis
3691 2421 3784 2460 ra-

2130 2493 2350 2550 tionem
2400 2493 2596 2549 habet.
2631 2495 2814 2564 Atque
2863 2491 2972 2547 hoc
3021 2493 3259 2547 demum
3310 2494 3483 2549 modo
3532 2493 3784 2565 duplum

2132 2581 2506 2639 intervallum
2537 2581 2943 2652 sesquialteris
2964 2590 3018 2638 et
3039 2581 3434 2653 sesquitertiis
3457 2583 3787 2639 rationibus

2133 2689 2234 2744 per
2266 2672 2371 2728 hos
2401 2686 2680 2726 numeros
2708 2670 2836 2736 384,
2868 2670 2994 2738 432,
3031 2671 3153 2740 486,
3184 2671 3312 2740 543,
3343 2671 3471 2741 576,
3501 2673 3630 2736 648,
3659 2673 3790 2737 729,

2127 2762 2235 2817 768
2264 2759 2560 2833 expletum
2611 2764 2722 2815 est.
2758 2759 2958 2831 Itaque
2989 2759 3039 2814 si
3069 2763 3260 2814 totum
3293 2760 3667 2832 diagramma
3696 2778 3791 2816 ex-

2130 2851 2288 2923 plere
2317 2848 2613 2921 cupimus,
2648 2851 2965 2920 postquam
2997 2847 3203 2902 ordine
3252 2863 3355 2919 pro
3408 2850 3600 2919 prima
3629 2853 3794 2920 parte

2129 2955 2445 2996 numerum
2476 2938 2581 2993 384
2619 2936 3063 3006 substituimus,
3097 2953 3200 3008 pro
3231 2939 3494 2993 secunda
3520 2939 3649 3008 768,
3684 2955 3788 3010 pro

2129 3030 2304 3086 tertia
2361 3032 2544 3098 parte,
2608 3025 2784 3098 tripla
2845 3025 3048 3096 prima
3107 3025 3340 3097 (partis)
3396 3028 3788 3099 secundaeque

2127 3117 2327 3190 dupla,
2356 3115 2517 3171 4452.
2549 3131 2652 3186 pro
2684 3118 2917 3186 quarta,
2952 3115 3220 3169 secundas
3253 3114 3452 3186 dupla,
3487 3115 3646 3179 4536,
3682 3132 3786 3186 pro

2132 3206 2363 3278 quinta,
2395 3203 2580 3259 tertiae
2630 3203 2824 3274 tripla,
2856 3203 3019 3269 3456,
3052 3219 3156 3274 pro
3203 3208 3390 3273 sexta,
3423 3219 3552 3274 quas
3585 3203 3788 3274 primaa

2133 3293 2370 3366 octupla
2427 3296 2536 3360 est,
2586 3291 2753 3360 3072,
2803 3308 2907 3362 pro
2963 3291 3234 3363 septima,
3277 3307 3403 3363 qua:
3463 3297 3687 3364 septem
3738 3297 3797 3348 et

2132 3383 2337 3454 viginti
2377 3381 2646 3455 partibus
2698 3380 2992 3436 antecedit
3039 3380 3314 3452 primam,
3349 3381 3562 3436 40368:
3599 3381 3649 3436 si
3683 3379 3792 3436 has

2133 3473 2316 3546 igitur
2358 3470 2718 3528 harmoniois
2747 3474 2806 3526 et
2835 3469 3223 3526 arithmeticis
3254 3470 3486 3542 explere
3515 3470 3791 3542 cupimus

2135 3560 2570 3625 medietatibus,
2593 3576 2723 3632 qua;
2747 3561 3029 3632 appositae
3055 3558 3446 3630 sesquialtera
3470 3563 3530 3615 et
3559 3559 3789 3632 sesqui-

2131 3653 2307 3708 tertia
2361 3649 2668 3706 intervalla
2723 3649 3004 3715 efﬁciant,
3047 3650 3200 3704 inter
3255 3649 3360 3704 384
3419 3654 3476 3705 et
3529 3649 3656 3719 768,
3690 3649 3790 3719 qui

2133 3741 2362 3796 numeri
2416 3743 2556 3794 sunt
2603 3737 2792 3812 duplic
2840 3738 3104 3808 rationis,
3138 3739 3505 3794 intercedant
3531 3738 3658 3808 542,
3688 3738 3791 3810 qui

2133 3829 2538 3886 harmonicam
2573 3829 2709 3884 facit
2755 3829 3154 3894 medietatem,
3186 3833 3244 3884 et
3273 3830 3345 3897 is,
3379 3829 3478 3899 qui
3511 3827 3790 3884 arithme-

2132 3918 2306 3974 ticam
2369 3917 2744 3972 medietatem
2798 3917 3000 3986 efﬁcit,
3048 3916 3175 3970 576.
3230 3916 3332 3972 Sin
3383 3921 3580 3972 autem
3631 3915 3792 3988 tripli

2132 4005 2446 4073 intervalli,
2477 4006 2582 4061 384
2640 4005 2769 4060 dico
2816 4009 2874 4060 et
2923 4005 3065 4060 4452
3115 4021 3520 4072 numerorum,
3571 4005 3790 4060 medie-

2131 4101 2284 4153 tates
2315 4094 2632 4161 sumimus,
2664 4109 2949 4150 numerus
2977 4094 3104 4159 576,
3130 4093 3230 4166 qui
3264 4094 3321 4149 in
3355 4094 3536 4166 dupla
3567 4094 3792 4150 ratione

2133 4185 2560 4243 arithmeticam
2607 4183 2982 4238 medietatem
3035 4183 3335 4254 implebat,
3385 4182 3791 4238 harmonicam

2131 4279 2332 4331 tuetur
2380 4273 2775 4339 medietatem,
2809 4271 3242 4326 arithmeticam
3294 4277 3488 4327 autem
3526 4273 3655 4341 768,
3689 4271 3793 4342 qui

2134 4364 2328 4436 duplaa
2377 4362 2623 4419 rationis
2674 4363 2864 4433 major
2912 4367 3035 4416 erat
3085 4361 3424 4433 (terminus)
3471 4368 3795 4418 extremus.

2134 4454 2193 4510 Si
2227 4470 2433 4508 rursus
2470 4457 2706 4508 easdem
2737 4451 3012 4508 volumus
3063 4452 3333 4507 secundae
3364 4451 3560 4523 duplus
3612 4451 3794 4506 ratio-

2134 4543 2228 4599 nis
2261 4543 2603 4598 medietates
2633 4541 2892 4613 assequi,
2923 4541 3077 4596 inter
3103 4542 3210 4596 768
3231 4545 3288 4596 et
3318 4541 3461 4597 4536
3491 4541 3623 4613 (erit
3653 4540 3794 4596 4024

364 4621 460 4683 τὰς
520 4620 826 4694 θελήσομεν
889 4619 1193 4692 μεσότητας
1259 4614 1485 4686 Ααϐεῖν,
1545 4612 1756 4672 ἔσονται
1829 4618 2017 4691 μεταξὺ

2137 4631 2480 4688 barmonica
2537 4612 2846 4696 medietas,
2907 4630 3280 4687 arithmetica
3319 4612 3691 4694 4452.rQuod
3744 4629 3796 4684 si

365 4714 464 4765 106
491 4731 550 4765 τε
578 4710 700 4784 ψξη’
747 4710 836 4764 καὶ
885 4714 980 4764 106
1028 4708 1194 4788 ,αφλξ
1222 4709 1249 4762 6
1301 4709 1396 4782 μὲν
1448 4705 1575 4782 ,ακδ’
1625 4708 1898 4782 ἁρμονική
1936 4729 2022 4781 με·

367 4798 558 4869 σότης,
608 4799 637 4854 ὁ
684 4795 747 4854 δὶ
791 4799 958 4874 ,αρνβ’
1003 4797 1364 4872 ἀριθμητική·
1418 4797 1480 4854 Εἰ
1532 4794 1590 4851 δὲ
1637 4796 1726 4850 καὶ
1778 4791 2025 4871 δεύτερον

441 5066 553 5140 (11)
584 5067 652 5123 "0
703 5085 763 5120 τε
820 5067 1001 5143 φιβ’...
1033 5065 1122 5120 καὶ
1181 5065 1386 5143 ὁγ-φοςκ
1445 5066 1859 5143 [numargine
1896 5068 2024 5143 cod.

372 5135 482 5214 hoc
527 5135 898 5214 annotatum'
928 5143 1122 5214 exstat
1149 5154 1172 5214 ξ,
1195 5135 1386 5212 ¹Ο’γὰρ
1430 5135 1729 5214 φιβ’-ποιεῖ
1756 5135 1901 5214 πρὸς.
1929 5137 2024 5214 μζεν

371 5208 465 5263 τὸν
494 5206 736 5284 τπδ’τὸν
781 5207 1057 5284 ἐπίτριτον
1108 5203 1591 5284 λόγον,’“πρὸς’δὶ
1637 5209 1730 5284 τὸν
1781 5203 2024 5284 ψξηίτὸν

372 5279 748 5376 ᾑμιόΐλιονζέξ
789 5281 865 5376 «ἒν
909 5277 1200 5370 ’ἰύγκειταί
1237 5281 1276 5366 ῥ
1309 5277 1619 5376 διζιὲλόξσιος1
1648 5282 1733 5335 καὶ
1775 5277 2027 5376 ὗπξρὲχεὶι

371 5349 569 5443 ὁδ’φιβζ
595 5357 692 5408 τοῦ
719 5349 860 5435 τπδ’-
889 5351 984 5443 τῷ⁹
1001 5349 1051 5443 γ’
1097 5352 1261 5443 αὐτοῦ
1313 5353 1432 5443 μξν,
1465 5351 1783 5443 ὑᾶεερέχεται
1832 5349 1890 5440 δέ
1923 5349 2028 5442 ὕπὸ

369 5423 469 5482 106
653 5430 733 5497 τῷ
778 5428 876 5518 τοῦ
918 5423 1040 5553 tier)"
1069 5426 1114 5501 γ’
1165 5423 1338 5512 μέρει.
1371 5425 1432 5480 Ὀ
1480 5423 1537 5479 δὲ
1568 5423 1883 5516 ’φᾶς’ῃπρρς
1931 5426 2030 5516 μὲν

367 5497 463 5585 16v
492 5495 602 5585 τ’πδ
651 5498 744 5552 τὸν
787 5497 925 5585 ημιό
974 5519 1051 5551 ιον
1084 5516 1248 5585 ’ποιει
1293 5494 1480 5585 λόγον,
1514 5515 1650 5585 προς
1697 5507 1754 5550 οε
1783 5499 2012 5585 τοννψξη

369 5569 466 5646 τὸν
515 5568 791 5646 ἐπίτριτον
833 5567 1240 5646 ἀντιστρόφους,
1293 5567 1384 5623 καῖ
1437 5567 1690 5646 ὑπερέχει
1724 5567 2028 5646 Δκαὶ-ὑπερ-

371 5644 581 5728 4χξται.
623 5639 890 5728 ἶκατίρξυν
950 5639 1786 5728 τῶνιέᾅκρῳγῃμονάσινξρςβπ
1846 5643 1919 5728 b._
1940 5639 2028 5726 6'...

375 5713 663 5774 si'Latine
693 5713 907 5773 reddas
941 5733 954 5774 :
988 5739 1017 5767 ‹‹
1039 5715 1148 5772 512
1185 5713 1258 5772 ad
1287 5713 1391 5770 384
1419 5713 1860 5786 sesquitertiam
1892 5715 2034 5772 facit

2135 4722 2460 4778 secundum
2513 4718 2744 4792 explere
2802 4720 2974 4775 nobis
3022 4718 3164 4776 libet
3216 4718 3460 4790 triplum
3493 4717 3793 4788 (interval-

2133 4811 2302 4882 lum),
2337 4810 2507 4881 cujus
2554 4808 2791 4864 termini
2842 4808 2979 4864 4452
3009 4813 3068 4864 et
3108 4809 3250 4863 3456
3298 4813 3458 4879 sunt,
3489 4805 3792 4862 harmoni-

2138 5062 2425 5119 rationem
2475 5059 2769 5132 (512:384
2791 5059 2909 5113 —4
2934 5075 2946 5132 ς
2973 5058 3048 5129 3),
3082 5058 3152 5113 ad
3182 5058 3288 5112 768
3338 5056 3797 5132 sesquialterum

2137 5129 2712 5208 (76851221312),
2746 5147 2814 5185 ex
2845 5131 3065 5201 quibus
3105 5135 3336 5208 constat
3363 5131 3546 5208 dupla
3579 5129 3796 5208 (ratio).

2136 5201 2216 5263 Ac
2246 5222 2532 5261 numerus
2564 5204 2670 5257 412
2702 5209 2757 5257 et
2788 5219 3098 5257 numerum
3132 5203 3235 5257 384
3265 5201 3436 5256 tertia
3467 5202 3594 5269 ejus
3636 5206 3799 5271 parte

2138 5283 2377 5351 superat
2407 5282 2464 5330 et
2495 5295 2527 5331 a
2555 5275 2661 5358 768
2693 5276 2865 5329 tertia
2899 5281 3058 5356 parte
3086 5279 3402 5356 superatur
3427 5291 3439 5328 :
3462 5275 3570 5327 576
3599 5279 3796 5328 autem

2140 5352 2210 5406 ad
2253 5350 2358 5404 384
2407 5347 2854 5416 sesquialterum
2908 5347 3043 5400 facnt
3095 5353 3382 5401 rationem
3415 5345 3799 5416 (576:384:

2140 5365 2210 5406 ad
2253 5365 2358 5404 384
2407 5365 2854 5418 sesquialterum
2908 5365 3043 5400 ιιιοιι
3095 5365 3382 5401 rationem
3415 5365 3800 5416 ιθιοεοδιιε

2139 5425 2209 5478 3:
2239 5424 2318 5489 2),
2351 5422 2422 5475 ad
2471 5421 2578 5474 768
2628 5419 3060 5488 sesquitertiam
3113 5419 3241 5489 (576
3264 5435 3276 5471 :
3299 5419 3408 5472 768
3429 5420 3554 5472 :3
3578 5433 3590 5471 :
3618 5418 3672 5488 4)
3703 5417 3795 5471 in-

2138 5511 2324 5560 verse,
2350 5499 2526 5564 atque
2545 5490 3172 5564 extremusiterminus
3205 5495 3453 5560 uterque
3478 5495 3799 5559 utrumque

2140 5568 2390 5696 invicem
2434 5563 2765 5620 unitatibus
2815 5563 2918 5617 192
2965 5567 3024 5618 et
3069 5566 3310 5635 superat
3353 5567 3411 5616 et
3461 5565 3796 5634 superatur.

2185 5655 2388 5696 INDEB.
