4124 6402
351 444 506 504 1099

1691 438 2114 500 MICHAELIS
2159 437 2429 499 PSELLI

3622 437 3779 497 “00

345 580 1003 651 etcognoscat;eamque
1017 573 1089 630 ob
1105 590 1346 630 causam
1366 573 1748 630 scientiarum
1765 573 2012 645 species,

2145 567 2244 641 ,ίδη
2275 575 2381 624 τῶν
2414 576 2668 646 γνωστῶν
2721 569 3130 641 ἐπιθολούνται,
3165 567 3354 625 διόλου
3400 567 3779 645 ἐνυπάρχοντα

347 687 476 741 quas
510 668 566 722 in
601 667 800 722 anima
829 664 1056 734 insunt,
1089 663 1330 719 omnino
1363 680 1481 719 non
1518 663 1961 735 perturbantur.

422 758 510 812 13.
545 755 818 812 Secunda
850 770 1007 826 pars,
1044 769 1170 824 quas
1205 757 1295 807 est
1325 754 1524 823 primas
1557 751 1760 824 dupla,
1817 756 2015 806 osten-

355 847 464 913 dit,
497 843 1016 910 animam,etiamsi
1052 859 1155 914 per
1185 859 1246 897 se
1277 843 1571 897 adunetur
1596 848 1652 896 et
1679 842 1883 896 cadem
1919 841 2018 894 ﬁat

356 953 462 992 nec
495 935 768 1007 prodiens
799 934 877 988 sit
906 938 962 987 et
994 931 1328 999 uniformis,
1363 932 1677 1002 procedere
1711 936 1912 986 tamen
1965 935 2022 986 et

357 1024 575 1080 mutari
605 1023 931 1079 secundum
963 1038 1054 1090 ea,
1089 1037 1217 1091 quae
1267 1027 1727 1092 cognoscuntur.
1788 1020 1910 1083 Quo
1959 1019 2018 1074 in

355 1130 567 1188 genere
597 1118 738 1168 sunt
766 1128 855 1176 ea,
889 1127 1015 1182 quis
1045 1109 1103 1164 in
1133 1111 1513 1181 generatione
1545 1114 1684 1164 sunt
1714 1109 1926 1179 posita,
1961 1114 2018 1164 et

357 1205 428 1259 ad
464 1207 736 1258 naturam
769 1200 1010 1255 alterius
1042 1199 1360 1270 pertinent.
1386 1201 1504 1252 Hoc
1534 1202 1624 1253 est
1654 1197 1832 1267 enim,
1859 1198 2015 1268 quod

357 1289 811 1361 ostenditduplu
825 1307 877 1343 m
893 1286 1596 1360 (intervallum).0uemad
1608 1287 1847 1341 modum
1861 1287 2019 1340 enim

357 1383 416 1436 in
452 1382 572 1438 Uno
602 1379 758 1435 idem
792 1382 948 1444 (nam
981 1377 1090 1432 etsi
1124 1392 1240 1431 non
1272 1375 1533 1442 alteri,at
1562 1381 1770 1430 contra
1808 1391 1876 1429 ea
1907 1373 2021 1429 sibi

360 1486 606 1542 prorsus
634 1468 794 1524 idem
830 1467 1007 1539 [est]),
1041 1465 1127 1521 sic
1159 1465 1217 1520 in
1249 1465 1482 1521 duobus
1512 1464 1593 1532 id,
1628 1464 1784 1536 quod
1835 1463 2022 1518 diver-

360 1575 495 1616 sum
553 1555 849 1626 (alterum)
911 1559 1018 1610 est.
1051 1554 1215 1618 Quod
1277 1553 1516 1625 quidem
1576 1570 1692 1608 non
1739 1570 1773 1608 a
1827 1553 2020 1623 seipso

363 1648 662 1703 diversum
695 1646 850 1717 (est),
901 1645 1004 1700 sed
1062 1660 1096 1699 a
1145 1644 1375 1699 diverso
1425 1644 1753 1711 diversum,
1803 1641 1886 1697 ita
1935 1646 2021 1707 ut,

362 1736 594 1793 etiamsi
627 1751 744 1790 non
775 1733 1073 1788 discordet
1095 1750 1129 1787 a
1160 1733 1377 1804 seipso,
1411 1731 1483 1786 ab
1515 1731 1631 1786 alio
1663 1730 1971 1785 dissideat.

434 1829 523 1883 44.
556 1826 752 1882 Tertia
784 1841 941 1895 pars,
973 1840 1102 1895 quae
1129 1823 1278 1878 duas
1311 1823 1488 1878 habet
1538 1827 1596 1876 et
1647 1822 1716 1876 ad
1772 1821 2024 1892 primum

363 1923 422 1974 et
450 1917 521 1972 ad
555 1915 877 1971 secundam
907 1913 1182 1985 (partem)
1229 1912 1585 1983 (habituum)
1637 1911 1916 1980 rationes,
1969 1914 2026 1964 et

362 2007 566 2078 prima;
598 2003 776 2076 tripla
805 2008 896 2058 est
926 2003 1314 2073 secundaeque
1356 2001 1762 2073 sesquialtera,
1817 2000 2020 2071 cogni-

362 2095 583 2149 tionem
618 2092 809 2164 aperit
839 2093 909 2147 ad
942 2108 1010 2147 ea
1039 2093 1281 2147 omnino
1308 2093 1858 2164 pertinentem,qum
1890 2107 2022 2145 sen-

368 2182 565 2238 sibilis
613 2186 776 2249 sunt,
828 2198 959 2252 quae
1004 2182 1244 2252 quidem
1295 2183 1401 2236 etsi
1455 2197 1558 2252 per
1605 2179 2024 2235 subsistentias

366 2276 456 2342 (ut
484 2270 594 2326 hac
622 2286 758 2326 voce
787 2269 962 2338 ultar)
985 2274 1277 2343 augentur
1307 2286 1442 2326 nam
1475 2268 1590 2324 tria
1620 2267 2024 2324 multitudinis

373 2885 611 2941 initium
643 2883 798 2955 (est),
821 2880 1077 2954 simplici
1106 2884 1301 2936 tamen
1333 2884 1389 2936 et
1419 2880 1649 2937 sincera
1679 2881 2031 2954 cognitionis

373 2975 475 3046 (vi)
508 2979 686 3046 atque
715 2989 802 3040 eo,
836 2971 992 3044 quod
1029 2970 1369 3026 universum
1401 2969 1638 3042 dicitur,
1672 2972 2028 3042 adunantur,

375 3068 432 3118 et
462 3079 596 3118 vero
629 3063 686 3116 in
723 3060 911 3115 multa
935 3059 1428 3132 (multitudinem)
1459 3077 1528 3114 ex
1577 3061 2032 3131 particularibus

378 3154 887 3224 coguntur.Atque
905 3149 1025 3204 haec
1043 3148 1280 3220 quidem
1303 3147 1490 3204 multa
1506 3154 1563 3203 et
1579 3149 1808 3205 diversa
1824 3151 2032 3221 (sunt),

372 3242 476 3298 sed
507 3240 763 3312 cognitio
796 3237 896 3293 illa
925 3243 982 3293 et
1013 3236 1266 3308 simplex
1292 3244 1383 3292 est
1425 3254 1615 3309 neque
1662 3239 1914 3295 diversa.
1953 3242 2032 3294 Ae

372 3335 650 3403 praeterea
676 3325 1120 3397 sesquialteram
1149 3325 1327 3380 habet
1358 3327 1643 3382 rationem
1698 3330 1768 3382 ad
1818 3345 2030 3384 secun-

2123 663 2192 733 τῇ
2226 662 2405 736 ψυχῇ.

2203 755 2288 822 ιγ’.
2318 750 2380 804 Ἠ
2415 746 2636 824 δευτέρα
2679 755 2866 821 μοῖρα,
2924 747 3184 804 διπλασία
3231 755 3330 818 τῆς
3373 749 3598 824 πρώτης
3625 745 3778 817 οὖσα,

2128 834 2316 908 δηλοῖ,
2373 837 2454 892 ὅτι
2508 837 2557 891 εἷ’
2598 837 2688 892 καὶ
2741 837 2792 892 ἐν
2854 839 3016 912 ἑαυτῇ
3069 839 3295 908 ὶνίζεται
3341 838 3429 892 καὶ
3477 837 3778 906 ταυτίζεται

2125 926 2215 980 καὶ
2257 926 2645 1005 ἀνεκφοίτητός
2704 926 2813 982 έστι
2868 929 2958 982 xui
3007 925 3299 1000 μονοειδὴς
3349 929 3384 996 ἡ
3433 927 3612 1002 ψυχὴ,
3653 923 3783 979 ἀλλ’

2129 1015 2218 1068 οὖν
2281 1016 2610 1090 προέρχεται
2669 1015 2758 1070 καὶ
2828 1015 3177 1072 ποικίλλεται
3229 1017 3365 1070 κατά
3421 1016 3487 1070 τά
3543 1015 3779 1089 γνωστά.

2129 1106 2312 1160 Ταῦτα
2343 1102 2408 1174 δὴ
2441 1107 2507 1158 τά
2539 1104 2590 1159 ἐκ
2624 1107 2828 1179 γενέσει
2883 1107 2971 1160 καὶ
3020 1106 3087 1161 τὰ
3133 1113 3233 1174 τῆς
3281 1106 3506 1180 θατέρου
3547 1104 3780 1178 φύσεως.

2127 1196 2296 1246 Τοῦτο
2345 1195 2445 1269 γάρ
2505 1192 2672 1263 δηλοῖ
2721 1195 2784 1249 τὸ
2838 1192 3149 1252 διπλάσιον.
3205 1201 3290 1256 Ὠς
3348 1194 3448 1270 γὰρ
3512 1194 3674 1264 έντῷ
3706 1192 3781 1246 ἐνὶ

2129 1281 2190 1335 τὸ
2248 1281 2438 1336 ταύτὸν
2503 1281 2570 1354 (εἰ
2627 1283 2730 1358 γάρ
2793 1285 2870 1356 μή
2933 1282 3100 1357 ἑτέρῳ
3159 1283 3374 1350 ταύτὸν,
3435 1280 3557 1336 ἀλλ’
3612 1280 3677 1335 αὖ
3724 1302 3782 1356 γε

2131 1369 2297 1444 ἐαυτψ
2355 1373 2618 1444 πάντως),
2679 1371 2853 1436 οὕτως
2909 1372 2961 1427 ἐν
3019 1377 3137 1434 τοῖς
3183 1369 3302 1426 δυσὶ
3349 1371 3412 1426 τὸ
3453 1369 3636 1447 ἓτερον
3669 1387 3682 1400 ⁸
3719 1370 3782 1424 οὐ

2130 1461 2233 1534 γάρ
2293 1460 2484 1514 ἑαυτοῦ
2531 1457 2737 1536 ἕτερον,
2785 1459 2914 1516 ἀλλ’
2957 1461 3142 1533 ἐτέρου
3192 1459 3372 1534 ἕτερον
3409 1481 3422 1494 ο
3486 1460 3644 1528 ὥστε,
3695 1460 3786 1514 xui

2131 1549 2269 1624 πρὸς
2319 1547 2476 1603 ἑαυτὸ
2532 1549 2888 1606 ἀστασίαστον
2942 1551 3126 1625 μένον,
3189 1550 3460 1618 στασιάζει
3519 1547 3791 1611 πολλάκις

2132 1638 2266 1712 πρὸς
2299 1635 2460 1694 ἄλλο.

2209 1813 2288 1871 ιδ’.
2323 1818 2385 1873 Ἠ
2434 1817 2592 1892 τρίτη
2632 1823 2820 1890 μοῖρα,
2873 1817 2968 1874 δύο
3019 1814 3223 1893 ἔχουσα
3278 1820 3493 1893 σχέσεις
3555 1817 3691 1889 πρός
3722 1837 3783 1872 τε

2131 1905 2230 1973 τήν
2264 1907 2485 1980 πρώτην
2516 1907 2769 1980 καὶπρὸς
2815 1908 2916 1974 τὴν
2969 1905 3242 1982 δευτέραν,
3286 1907 3375 1962 καὶ
3414 1909 3514 1976 τῆς
3557 1916 3785 1980 πρωτης

2133 1995 2265 2049 οὗσα
2293 1993 2611 2069 τριπλασία.
2643 2003 2744 2065 τῆς
2797 1993 2855 2051 δὲ
2904 1994 3155 2070 δευτέρας
3205 1993 3464 2069 ἡμιολία,
3501 1992 3786 2065 δηλοῑτήν

2135 2083 2210 2145 εἰς
2233 2084 2301 2138 τὰ
2339 2083 2570 2154 αἰσθητὰ
2615 2085 2832 2147 πάντως
2878 2091 3102 2160 γνῶσιν,
3147 2083 3282 2161 ἅπερ
3332 2085 3378 2140 εί
3427 2085 3516 2138 καὶ
3569 2082 3788 2153 πληθῦ-

2132 2195 2314 2229 νονται
2372 2175 2508 2230 κατά
2561 2176 2656 2238 τὰς
2718 2174 3060 2248 ὕποστάσεις,
3111 2179 3140 2232 ὁ
3188 2178 3289 2253 γὰρ
3350 2177 3474 2250 τρία
3540 2175 3792 2246 πλήθους

2137 2263 2307 2340 ἀρχὴ,
2341 2261 2468 2318 ἀλλ’
2501 2263 2592 2319 οὖν
2643 2265 2908 2336 ένίζονται
2967 2272 3046 2339 τῷ
3089 2265 3272 2340 ἐνιαίῳ
3327 2265 3418 2320 καὶ
3476 2264 3636 2338 ἀπλῷ
3691 2271 3795 2334 τῆς

2072 2471 2117 2514 l"
2315 2485 2350 2529 γ

2123 2551 2273 2631 ἤιἰολ·
2333 2570 2340 2576 Δ

1969 2677 2075 2737 "’3‘?
2095 2709 2121 2736 α
2139 2701 2182 2730 ~7-

2141 2903 2395 2956 γνωσεως
2450 2880 2540 2936 xui
2592 2883 2670 2952 τῷ
2721 2873 2981 2949 καθόλου,
3031 2879 3122 2934 xui
3185 2879 3317 2952 μετά
3372 2877 3440 2933 tu
3494 2876 3680 2934 πολλά
3737 2877 3798 2934 ἐκ

2137 2976 2245 3027 τῶν
2309 2975 2544 3047 μερικῶν
2627 2969 2954 3043 συνάγεται·
3032 2969 3255 3023 κάκεῖνα
3321 2969 3416 3040 μὶν
3471 2967 3658 3024 πολλά
3704 2970 3796 3024 καὶ

2141 3058 2394 3138 διάφορα,
2450 3062 2484 3128 ἡ
2541 3056 2598 3114 δὲ
2643 3063 2844 3134 γνῶσις
2909 3055 3059 3126 ἀπλῆ
3118 3058 3208 3112 καὶ
3267 3054 3582 3135 ἀδιάφορος.
3641 3056 3796 3127 Πλὴν

2142 3147 2258 3224 ἔχει
2307 3149 2396 3203 xui
2454 3148 2592 3223 πρὸς
2647 3149 2746 3216 τὴν
2805 3143 3055 3220 δευτέραν
3114 3147 3205 3201 τὸν
3257 3145 3522 3219 ἡμιόλιον
3582 3145 3792 3222 λόγον,

2146 3237 2600 3315 ὑπεμφαίνοντος,
2635 3237 2813 3308 οἴμαι,
2838 3239 2935 3290 τοῦ
2966 3232 3155 3308 λόγου,
3180 3235 3261 3290 δτι
3295 3234 3343 3289 ei"
3369 3235 3457 3290 κάὶ
3489 3236 3550 3290 τὸ
3582 3233 3794 3306 πεπλη-

2143 3327 2402 3399 θυσμένον
2455 3326 2531 3388 εἷς
2577 3325 2640 3379 τὸ
2693 3323 2934 3379 καθόλου
2983 3324 3071 3378 καὶ
3122 3324 3323 3378 ένιαῖον
3376 3325 3610 3393 ἑνοῦται,
3668 3323 3796 3379 ἀλλ’

369 3423 504 3475 dam
539 3419 834 3490 (partem),
870 3416 1271 3486 ostenditque,
1307 3422 1370 3468 ut
1401 3418 1630 3485 opinor,
1664 3420 1833 3486 ratio,
1879 3417 2026 3472 illud

2145 3413 2238 3468 οὖν
2270 3414 2359 3468 xui
2391 3415 2524 3469 αὐτὸ
2555 3414 2620 3468 τά
2664 3413 3120 3485 πεπληθυσμένον
3169 3412 3220 3484 ἐξ
3271 3413 3470 3468 ἐνιαίου
3519 3415 3804 3489 συνάγεται

374 3511 597 3580 ipsum,
631 3507 784 3577 quod
819 3509 1057 3560 auctum
1091 3510 1148 3558 et
1178 3502 1639 3575 multiplicatum
1673 3512 1780 3572 est,
1815 3507 1924 3561 etsi
1978 3507 2034 3560 in

374 3597 719 3652 universum
753 3593 924 3649 simul
969 3598 1028 3648 et
1079 3591 1332 3663 simplex
1379 3597 1688 3664 (tanquam
1739 3595 1798 3648 in
1852 3611 2035 3650 unum

379 3685 674 3757 quoddam
711 3681 1454 3752 redactum)copu|etur,ex
1471 3683 1723 3754 simplici
1752 3689 1944 3740 tamen
1965 3685 2037 3740 ad

380 3772 822 3829 multitudinem
857 3770 1050 3842 colligi
1086 3787 1099 3824 :
1132 3786 1201 3824 ex
1233 3769 1504 3840 pluribus
1536 3772 1693 3826 enim
1730 3790 1910 3828 unum
1948 3774 2035 3841 fit,

379 3881 448 3919 ex
479 3879 594 3918 uno
626 3878 779 3933 saepe
811 3861 929 3916 haec
963 3859 1130 3930 plura
1176 3859 1564 3928 (multitudo).
1615 3862 1700 3916 Ad
1751 3862 2035 3918 sensibile

375 3954 576 4024 igitur,
607 3951 759 4022 quod
810 3948 1073 4006 ostendit
1127 3949 1390 4003 secunda
1439 3966 1574 4020 pars
1623 3951 2038 4022 (sesquialtera

372 4042 477 4121 illa
524 4041 692 4108 ratio)
747 4037 1195 4094 multitudinem
1237 4037 1500 4109 apponit,
1553 4056 1731 4110 quam
1784 4042 2042 4096 ostendit

371 4129 563 4197 tertia,
599 4133 918 4198 utrumque
949 4132 1148 4183 autem
1179 4141 1249 4182 ex
1277 4143 1367 4195 eo,
1400 4127 1554 4198 quod
1591 4128 1824 4200 proprie
1856 4145 2041 4184 unum

364 4218 601 4287 dicitur,
634 4223 1045 4288 comparatum
1075 4221 1168 4271 est
1195 4217 1477 4288 (pendet).
1515 4217 1655 4280 Quae
1687 4219 1737 4272 si
1774 4219 1843 4272 ad
1879 4217 2040 4273 illius

362 4307 860 4379 comparationem
913 4306 1068 4360 inter
1116 4322 1179 4361 se
1230 4310 1549 4360 censentur
1603 4309 1682 4376 (et
1733 4307 2040 4362 mstiman-

364 4398 506 4466 tur),
539 4394 818 4450 sensibile
850 4394 995 4448 illud
1030 4393 1274 4465 simplex
1323 4396 1396 4449 ab
1453 4409 1542 4461 eo,
1592 4395 1748 4466 quod
1806 4396 2039 4466 proprie

375 4501 559 4540 unum
595 4483 1085 4554 dicitur,pr0pius
1111 4483 1279 4538 abest
1305 4499 1483 4555 quam
1517 4482 1757 4554 idquod
1791 4489 2030 4539 auctum

2147 3504 2221 3564 εἰς
2254 3503 2470 3572 πλῆθος
2504 3523 2515 3536 ·
2552 3503 2610 3557 ἐκ
2657 3503 2760 3578 γάρ
2807 3501 3034 3557 πολλῶν
3087 3503 3350 3558 τοιούτων
3400 3503 3464 3558 τὸ
3520 3500 3593 3568 ἐν,
3623 3502 3713 3558 xui
3751 3503 3803 3574 ἐξ

2150 3593 2266 3656 ἑνὸς
2292 3597 2539 3647 τοιοῦτον
2571 3591 2845 3653 πολλάκις
2883 3592 2945 3646 τὸ
2975 3591 3214 3661 πλῆθος.
3249 3593 3373 3648 Ἐπὶ
3403 3593 3494 3646 οὖν
3522 3593 3584 3647 τὸ
3619 3592 3807 3664 αἰσθη-

2149 3682 2264 3749 τὸν,
2297 3678 2324 3736 ὅ
2357 3679 2578 3752 δηλοῖ-ἡ
2613 3678 2833 3756 δευτέρα
2858 3685 3046 3756 μοῖρα,
3094 3682 3156 3735 τὸ
3203 3680 3418 3750 πλῆθος
3451 3681 3804 3756 παρίστησιν,

2151 3771 2178 3825 ὃ
2211 3768 2377 3840 δηλοῖ
2408 3773 2441 3839 ἡ
2491 3769 2672 3846 τρίτη,
2717 3772 2940 3845 ἑκάτερα
2989 3767 3046 3826 δὶ
3081 3775 3178 3825 τοῦ
3227 3771 3426 3846 κυρίως
3478 3772 3595 3833 δνὸς
3648 3771 3809 3846 ἐξήρ-

2149 3881 2360 3929 τηνται.
2423 3861 2612 3916 Αὐτῶν
2673 3861 2766 3933 μὶν
2839 3860 2974 3932 πρὸς
3028 3860 3200 3916 έκεῖνο
3269 3859 3689 3933 ἐξεταζομένων,
3745 3863 3808 3916 τὸ

2152 3947 2405 4018 αἰσθητὸν
2459 3949 2654 4002 ένιαῖον
2705 3947 2994 4024 ἐγγύτερόν
3049 3948 3156 4004 ἐστι
3207 3953 3308 4003 τοῦ
3355 3949 3558 4024 κυρίως
3613 3949 3727 4011 ἐνὸς
3769 3948 3807 4018 ἤ

2149 4037 2211 4091 τὸ
2261 4035 2736 4110 πεπληθυσμὲνον,
2786 4037 2860 4100 ὡς
2896 4038 2922 4092 ὁ
2973 4033 3262 4102 διπλάσιος
3311 4035 3397 4093 διὸ
3451 4043 3548 4092 τοῦ
3595 4036 3734 4102 ἐνὸς.
3766 4037 3803 4108 ἤ

2152 4127 2179 4179 ὁ
2229 4123 2576 4198 τριπλάσιος.
2635 4126 2704 4180 Τὸ
2757 4126 2858 4201 γάρ
2910 4124 2961 4179 ἐν
3023 4125 3306 4189 τοσούτοις
3363 4133 3570 4199 μεῖζον,
3608 4149 3805 4203 μακρι-

2152 4213 2288 4284 σμόν
2348 4216 2461 4284 (14)
2511 4235 2636 4268 τινα
2693 4214 3013 4292 ἐπεμφαίνει
3067 4216 3160 4270 xui
3214 4212 3606 4291 ἀλλοτρίωσιν.
3657 4217 3808 4273 Αὐτά

2152 4299 2209 4356 δὶ
2234 4303 2370 4376 πρὸς
2425 4300 2650 4373 ἄλληλα
2699 4304 3097 4380 συγκρινόμενα
3145 4303 3368 4379 εὕρηται
3395 4305 3809 4382 συρεγγύτερον⁶

2151 4390 2224 4452 ὡς
2283 4390 2332 4444 ἐν
2379 4391 2627 4464 ἡμιολίῳ
2701 4393 2828 4467 γὰρ,
2913 4393 2987 4454 ὡς
3061 4392 3345 4471 ἀμφότερα
3397 4395 3502 4449 ὑπὸ
3557 4397 3808 4466 αἴσθησιν

2151 4476 2301 4536 ὄντα.

378 4571 957 4644 multiplicatumque
988 4575 1096 4638 est,
1131 4569 1285 4625 sicut
1315 4569 1535 4643 duplus
1565 4573 1892 4644 (numerus)
1925 4571 2024 4626 uni
2058 4571 2294 4641 propior
2327 4576 2417 4626 est
2448 4588 2628 4643 quam
2665 4571 2901 4644 triplus.
2935 4573 3100 4638 Quod
3143 4572 3203 4628 in
3256 4571 3353 4628 isti
3400 4573 3558 4629 enim
3611 4577 3809 4646 majus

376 4668 485 4730 est,
517 4661 908 4734 prolixitatem
945 4661 1266 4730 quamdam
1298 4666 1356 4716 et
1386 4659 1803 4715 alienationem
1839 4678 1952 4732 prae
1983 4677 2048 4716 se
2076 4660 2207 4714 fert.
2260 4662 2418 4714 Inter
2462 4677 2524 4716 se
2573 4666 2769 4716 autem
2816 4666 3175 4732 comparata,
3231 4662 3507 4734 propiora
3553 4662 3805 4721 alterum

377 4749 545 4806 alteri
575 4766 702 4805 esse
729 4749 856 4804 visa
887 4749 1160 4820 (reperta)
1191 4753 1363 4817 sunt;
1403 4765 1537 4803 nam
1569 4748 1732 4804 velut
1762 4750 1818 4804 in
1851 4748 2239 4822 sesquialtera
2271 4749 2560 4820 (ratione),
2594 4750 2678 4804 sic
2711 4755 3032 4822 utrumque
3064 4752 3174 4806 sub
3207 4767 3449 4807 sensum
3482 4754 3656 4808 cadit.

449 4841 535 4894 135.
582 4839 802 4904 Quarta
852 4854 1008 4910 pars,
1061 4855 1189 4910 qua;
1240 4837 1512 4892 secundae
1561 4838 1743 4910 dupla
1794 4845 1902 4908 est,
1955 4844 2031 4905 et,
2069 4841 2114 4904 D

372 4934 576 4985 contra
606 4945 784 4984 unam
809 4926 971 4982 illam
997 4927 1461 4998 posita,p|anum
1486 4926 1662 4981 habet
1683 4928 2035 4999 quadrilate-

373 5035 528 5084 rum,
560 5017 982 5089 cognitionem,
1017 5032 1143 5086 quae
1185 5020 1275 5070 est
1322 5016 1382 5070 in
1433 5015 1768 5084 latitudine,
1821 5020 2032 5089 aperit.

373 5109 565 5172 Quare
594 5107 669 5162 ab
700 5122 817 5160 uno
853 5104 1088 5161 recedit.
1114 5120 1250 5159 cum
1283 5103 1652 5176 longitudine
1683 5113 1878 5161 autem
1913 5107 2034 5163 sive

375 5195 656 5252 dualitate
688 5193 1300 5264 comparatur.0mnis
1332 5193 1488 5248 enim
1523 5194 2030 5268 cognitio,longis-

378 5285 527 5339 sime
558 5300 868 5356 progressa
899 5299 1244 5354 quanquam
1275 5298 1344 5337 ex
1375 5299 1492 5338 uno
1523 5284 1758 5354 pendet,
1791 5285 1944 5340 sicut
1962 5302 2032 5340 ex

379 5373 602 5428 unitate
651 5372 844 5428 omnis
895 5387 1203 5439 numerus,
1251 5387 1502 5442 eamque
1547 5373 1620 5427 ob
1671 5389 1910 5429 causam
1958 5375 2030 5429 ad

380 5477 563 5516 unum
593 5461 729 5533 plus
751 5460 1001 5532 pertinet
1025 5461 1429 5532 (accomodata
1456 5462 1527 5516 ad
1554 5478 1735 5517 unum
1757 5465 1892 5534 est),
1926 5479 2030 5519 ne-

379 5565 494 5620 que
518 5551 795 5606 tamenin
833 5549 1262 5621 longitudinem
1292 5566 1434 5605 sane
1482 5551 1716 5622 crescit,
1766 5553 1906 5607 dum
1963 5570 2032 5608 ex

378 5638 602 5694 unitate
634 5639 868 5710 pendet.
899 5639 983 5693 Ab
1015 5638 1118 5695 illa
1147 5645 1343 5695 autem
1377 5639 1544 5711 quasi
1597 5641 1846 5697 dimissa
1895 5659 2029 5698 cum

2221 4843 2297 4892 ιε’.
2354 4838 2418 4894 Ἡ
2475 4837 2704 4911 τετάρτη
2790 4843 2978 4912 μοῖρα,
3059 4835 3320 4894 διπλασ.α
3393 4847 3493 4910 τῆς
3552 4838 3800 4915 δευτέρας

2145 4925 2297 4994 οὖσά,
2331 4925 2421 4980 xui
2474 4927 2608 5001 πρὸς
2657 4929 2754 4994 τὴν
2809 4927 2935 4998 μίαν
2997 4926 3370 5001 ἀντικειμένη,
3427 4929 3518 4984 xui
3565 4928 3670 4999 ἥδη
3719 4951 3802 4984 τε·

2143 5015 2482 5089 τράπλευρον
2542 5015 2604 5070 τὸ
2656 5013 2909 5070 ἐπίπεδον
2991 5015 3218 5091 ἔχουσα,
3288 5014 3454 5088 δηλοῖ
3510 5022 3610 5088 την
3666 5020 3801 5074 κατὰ

2143 5103 2348 5165 πλάτος
2410 5104 2630 5180 γνῶσὶν.
2693 5104 2789 5158 Διά
2839 5109 3000 5159 τοῦτο
3061 5107 3166 5180 γάρ
3224 5107 3317 5160 xui
3372 5111 3470 5161 τοῦ
3529 5107 3646 5170 ἐνὸς
3702 5110 3798 5180 μὶν

2142 5192 2453 5270 ἀφίσταται,
2483 5198 2562 5264 τῷ
2597 5195 2757 5266 μήκει
2808 5191 2866 5248 δὲ
2911 5193 3017 5249 εἴτε
3069 5196 3161 5249 οὖν
3206 5199 3272 5269 τῇ
3319 5193 3475 5250 δυάδι
3522 5196 3803 5268 ἀντεξετά-

2147 5288 2314 5351 ζεται.
2373 5286 2522 5335 Πᾶσα
2579 5282 2679 5358 γὰρ
2747 5286 2967 5358 γνῶσις,
3044 5283 3131 5338 ἐπὶ
3192 5287 3458 5356 μήκιστον
3510 5291 3800 5359 προϊοῦσα,

2143 5371 2382 5446 ἐξέχεται
2445 5371 2538 5444 μὲν
2591 5375 2688 5426 τοῦ
2757 5373 2898 5446 ἐνὸς,
2971 5373 3046 5434 ὡς
3105 5373 3195 5428 καὶ
3253 5379 3358 5435 πᾶς
3414 5373 3648 5451 ἀριθμὸς
3702 5385 3804 5446 τῆς

2147 5459 2402 5535 μονάδος,
2453 5461 2542 5516 xui
2591 5460 2728 5516 κατά
2768 5466 2929 5518 τοῦτο
2992 5461 3286 5537 ένικωτέρα
3341 5462 3507 5531 ἐστὶν,
3562 5465 3624 5519 οὐ
3689 5467 3796 5538 μὴν

2142 5549 2324 5606 δὲκαὶ
2376 5551 2453 5614 είς
2501 5550 2710 5613 πλάτος
2774 5549 3108 5622 ἐπιδίδωσιν,
3169 5551 3275 5606 ἐστ’
3332 5551 3391 5606 ἂν
3452 5561 3552 5623 τῆς
3614 5553 3797 5617 ένάδος

2140 5641 2403 5716 ἐξέχεται,
2463 5643 2592 5698 "Ore
2647 5640 2704 5697 δὲ
2761 5640 2968 5713 ἐκείνης
3023 5644 3144 5696 οἷον
3199 5643 3441 5720 ἀφεμένη
3492 5641 3797 5719 ἐπικάμψει

448 5810 557 5884 (15)
591 5810 935 5882 Μακρισμόν.
972 5814 1114 5879 Vox,
1150 5812 1342 5882 credo,
1375 5831 1406 5868 a
1443 5812 1624 5870 Psello
1655 5812 1913 5871 inventa.
1946 5815 2174 5874 Lmnsn.
