4124 6446
409 497 558 556 1101

1524 502 1601 560 ΙΝ
1645 502 2263 565 PSYCHOGONIAM
2311 505 2724 567 PLATONIS.

3670 510 3829 568 1102
3853 529 3860 578 ζ

402 626 490 680 καὶ
525 625 836 702 πλαγιάσει,
870 626 1042 697 διπλῆ
1072 651 1156 694 τις
1210 633 1286 694 ὡς
1330 631 1391 687 ἂν
1441 631 1740 709 ἐγγίγνεται
1782 638 1861 706 τῷ
1897 635 2034 707 μήκε

2175 635 2473 692 seinﬂexit
2494 642 2552 692 et
2572 638 2914 710 obliquavit,
2933 641 3149 712 duplex
3171 641 3605 712 quodammodo
3629 641 3826 713 (facta)

400 716 689 793 πρότερον,
724 717 838 773 εἶτα
883 720 972 774 καὶ
1020 722 1100 792 τῷ
1150 721 1368 791 πλάτει,
1414 723 1503 777 καὶ
1555 719 1905 778 έπιπεδοῦται
1939 725 2053 778 οἷον

396 806 458 860 τὸ
517 810 785 881 γινῶσκον
839 809 977 864 κατὰ
1023 811 1085 865 τὸ
1133 815 1231 866 τοῦ
1291 814 1703 886 γινωσκομένου
1776 810 2052 881 ἐπίπεδον,

395 894 424 950 '6
452 891 621 965 δηλοῖ
648 894 871 952 ἐνταῦθα
917 901 952 968 ἡ
998 900 1228 976 τετάρτη
1262 906 1428 976 μοῖρα
1477 902 1616 976 πρὸς
1658 902 1755 970 τὴν
1805 898 2054 978 δευτέραν

397 983 487 1040 καὶ
525 983 694 1058 μόνην
728 984 1101 1062 ἀντικειμένη.

478 1172 537 1228 ις’
563 1167 634 1224 Ἡ
660 1167 884 1240 πέμπτη
925 1173 1116 1243 μοῖρα,
1171 1167 1471 1244 τριπλασία
1515 1171 1615 1238 τῆς
1661 1170 1852 1244 τρίτης
1899 1171 2050 1243 οὖσα,

397 1255 489 1310 καὶ
523 1256 662 1328 μήτε
690 1257 828 1331 πρὸς
877 1258 976 1326 τὴν
1023 1255 1272 1332 δευτέραν
1329 1260 1470 1332 μήτε
1516 1260 1654 1335 πρὸς
1695 1261 1794 1328 τὴν
1825 1261 2049 1335 πρώτην

398 1343 770 1418 ἀντικειμένη,
821 1343 992 1416 δηλοῖ
1030 1347 1094 1402 τὸ
1143 1352 1252 1402 τῶν
1301 1348 1556 1424 γνώσεων
1606 1347 1772 1404 πολύ.
1824 1350 2053 1422 Πυθμὴν

396 1434 502 1509 γὰρ
533 1439 640 1490 τῶν
671 1432 900 1490 πολλῶν
950 1435 1018 1491 τὰ
1064 1436 1209 1512 τρία.
1243 1435 1524 1502 Πολλάκις
1569 1435 1626 1492 δὲ
1672 1436 1859 1493 πολλά
1887 1439 1954 1493 τὰ
1987 1439 2049 1502 θ’·

394 1523 513 1578 ὅθεν
542 1524 631 1578 καὶ
671 1523 873 1597 μούσας
903 1526 944 1579 θ’
975 1526 1026 1580 οἱ
1075 1526 1303 1598 ποιηταί
1349 1548 1529 1604 φασιν,
1564 1527 1728 1581 οἱονεὶ
1776 1524 2052 1589 πολλάκις

395 1611 630 1675 πολλάς.
660 1613 735 1668 Τὰ
764 1611 822 1668 δὲ
871 1612 1060 1669 πολλὰ
1106 1613 1229 1670 οὕτε
1269 1617 1407 1691 πρὸς
1455 1617 1518 1671 τὸ
1547 1613 1601 1670 ἓν
1653 1612 1771 1691 ἔχει
1799 1617 1900 1686 τήν
1929 1617 2053 1672 άντ-

396 1703 758 1775 εξέτασιν,ὡς
817 1700 946 1758 οὐδὲ
996 1704 1059 1759 τὸ
1118 1701 1376 1760 ἐπίπεδον
1432 1703 1466 1773 ἢ
1526 1705 1590 1760 16
1640 1706 1855 1779 στερεὸν
1914 1707 2050 1782 πρὸς

391 1792 493 1860 τήν
548 1792 807 1868 στιγμὴν,
867 1787 991 1846 οὔτε
1049 1794 1145 1866 μὲν
1203 1793 1342 1868 πρὸς
1394 1793 1460 1848 τὰ
1514 1791 1633 1864 δύο,
1696 1794 1877 1870 ὥσπερ
1925 1792 2053 1850 οὐδὶ

395 1879 540 1936 οἰκία
587 1880 726 1956 πρὸς
777 1879 1057 1954 θεμέλιον,
1107 1881 1196 1936 καὶ
1246 1881 1442 1938 πλοῖον
1498 1883 1635 1958 πρὸς
1691 1882 1904 1959 τρόπιν,
1958 1885 2047 1938 καὶ

393 1971 532 2025 ἅπαν
581 1969 719 2046 πρὸς
768 1969 972 2045 ἀρχήν·
1027 1969 1257 2044 οὐδεμία
1301 1969 1360 2026 δὲ
1407 1971 1555 2046 ἀρχὴ
1611 1973 1878 2046 συγγενὴς
1928 1979 2048 2035 τοῖς

386 2056 626 2126 τὲλεσιν,
659 2059 806 2134 ἀρχὴ
861 2056 918 2113 δὲ
964 2057 1216 2130 πλήθους
1264 2063 1298 2130 ἡ
1350 2058 1502 2132 δυὰς,
1537 2060 1599 2115 οὐ
1630 2060 1868 2132 πλῆθος
1899 2061 2046 2118 ἀλλὰ

384 2149 452 2204 τὰ
500 2147 687 2204 πολλὰ
728 2149 863 2224 πρὸς
915 2149 1116 2205 πολλὰ.
1153 2152 1313 2215 Ὅθεν
1347 2152 1374 2205 6
1404 2151 1446 2214 θ’
1477 2151 1612 2226 πρὸς
1659 2152 1752 2206 τὸν
1785 2153 1831 2226 γ’
1865 2151 2042 2222 ἐξετά-

389 2242 554 2308 ζεται,
585 2238 648 2292 τὸ
679 2237 893 2303 πλῆθος
925 2239 1062 2313 πρὸς
1102 2239 1163 2293 τὸ
1193 2237 1426 2309 πλῆθος,
1458 2239 1549 2294 καὶ
1591 2239 1914 2317 ὑπεμφαίνει
1944 2240 2036 2294 τὸν

383 2325 704 2402 τριπλάσιον
733 2327 870 2382 κατᾶ
898 2325 1044 2383 πολὺ
1075 2325 1518 2400 πληθυνόμενος.

2161 726 2416 796 primum
2449 726 2817 782 multitudini
2847 732 2974 783 tum
3008 746 3140 785 vero
3181 729 3482 786 latitudini
3525 731 3696 802 quasi
3738 731 3826 786 in-

2163 815 2446 870 nascitur.
2470 819 2538 870 Et
2557 831 2690 872 vero
2711 815 2793 883 id,
2826 819 2975 886 quod
3001 818 3291 886 cognocit,
3310 818 3742 891 quasiplanum
3765 836 3827 876 se

2164 904 2302 959 facit
2337 905 2716 962 accomodate
2766 906 2838 961 ad
2890 907 3039 976 ejus,
3067 908 3222 978 quod
3269 909 3667 980 cognoscitur,
3697 907 3824 980 pla-

2165 1008 2332 1062 num,
2369 994 2528 1062 quod
2561 993 2655 1049 hic
2687 994 2945 1050 ostendit
2975 999 3185 1065 quarta
3232 1012 3392 1066 pars,
3425 1012 3552 1067 quae
3583 996 3823 1067 quidem

2164 1087 2370 1138 contra
2399 1083 2720 1139 secundam
2741 1088 2802 1139 et
2833 1100 3010 1139 unam
3038 1084 3201 1140 illam
3242 1085 3434 1156 posita
3464 1090 3574 1141 est.

2173 1194 2177 1198 ·
2237 1173 2326 1227 16.
2359 1171 2578 1236 Quinta
2609 1189 2772 1244 pars,
2803 1173 2989 1228 tertiae
3020 1173 3220 1245 tripla,
3256 1190 3446 1246 neque
3494 1177 3698 1230 contra
3726 1191 3820 1231 se-

2163 1261 2418 1316 cundam
2453 1278 2643 1333 neque
2659 1266 2862 1318 contra
2892 1261 3147 1333 primam
3177 1263 3388 1334 posita,
3418 1264 3822 1336 cognitionum

2163 1349 2606 1406 multitudinem
2625 1351 3398 1408 ostendit.Fundamentum
3418 1353 3574 1408 enim
3591 1369 3818 1420 eorum,

2164 1455 2290 1509 qua:
2322 1438 2509 1495 multa
2541 1440 2942 1508 nominantur,
2977 1441 3089 1496 tria
3135 1445 3294 1496 sunt.
3347 1441 3570 1498 Pluries
3619 1446 3816 1498 autem

2165 1527 2235 1599 (si
2261 1530 2604 1601 sumuntur)
2641 1530 2850 1600 multa,
2883 1546 3094 1585 novem
3118 1530 3527 1601 (efﬁciuntur).
3551 1531 3690 1588 Inde
3709 1548 3816 1586 no-

2162 1633 2290 1672 vem
2311 1617 2510 1673 Musas
2532 1617 2707 1673 veluti
2724 1617 3178 1690 pluriesmultas
3200 1623 3380 1691 poetas
3393 1621 3587 1677 dicere
3603 1621 3814 1676 solent.

2162 1706 2342 1762 Multa
2354 1710 2550 1762 tamen
2569 1706 2792 1763 nullam
2812 1708 3310 1779 comparationem
3339 1726 3529 1781 neque
3549 1710 3622 1766 ad
3645 1727 3819 1766 unum

2165 1795 2574 1866 habent)sicut
2596 1813 2710 1852 non
2745 1796 2984 1868 planum
3005 1801 3108 1852 aut
3129 1797 3386 1853 solidum
3406 1799 3477 1854 ad
3504 1802 3816 1870 punctum,

2162 1901 2353 1957 neque
2378 1901 2512 1940 vero
2537 1885 2608 1940 ad
2636 1885 2933 1940 binarium
2960 1887 3812 1958 numerum,quemadmodum

2161 1990 2350 2045 neque
2391 1977 2494 2029 aut
2533 1974 2604 2029 ad
2648 1974 3106 2030 fundamentum
3153 1975 3378 2045 domus,
3414 1980 3516 2031 aut
3546 1976 3712 2032 navis
3737 1977 3811 2032 ad

2155 2062 2438 2133 carinam,
2481 2067 2584 2118 aut
2632 2063 2976 2118 universum
3028 2064 3099 2119 ad
3147 2063 3507 2136 principium
3559 2079 3572 2120 :
3621 2081 3812 2136 neque

2155 2153 2312 2208 enim
2372 2151 2561 2206 ullum
2611 2152 2970 2223 principium
3020 2153 3298 2209 extremis
3343 2157 3657 2225 cognatum
3698 2159 3810 2220 est,

2157 2257 2498 2312 quanquam
2527 2239 2925 2296 multitudinis
2960 2241 3342 2313 principium,
3381 2259 3496 2298 non
3531 2243 3807 2299 multitu-

2156 2331 2252 2394 do,
2279 2330 2538 2386 dualitas
2560 2335 2688 2399 est;
2723 2331 2824 2385 sed
2858 2329 3046 2385 multa
3072 2331 3602 2402 (habentinterse
3643 2348 3802 2388 com-

388 2418 796 2490 parationem).
831 2419 956 2482 Qua
985 2435 1055 2474 ex
1086 2435 1146 2474 re
1179 2435 1463 2474 numerus
1496 2420 1568 2474 IX
1595 2437 1730 2476 cum
1764 2423 1861 2489 IlI,
1897 2424 1961 2477 ut
1985 2420 2306 2477 multitudo
2336 2436 2471 2475 cum
2503 2418 2906 2488 multitudine,
2942 2425 3318 2492 comparatur
3346 2425 3406 2476 et
3437 2421 3494 2475 in
3529 2420 3803 2477 multitu-

385 2507 582 2563 dinem
611 2511 823 2564 auotus
852 2507 1095 2580 triplum
1127 2509 1491 2580 (numerum)
1521 2510 1772 2566 exhibet.

460 2600 540 2664 ιζ’·
573 2596 637 2652 Ἡ
665 2593 812 2666 ἕκτη
851 2599 1039 2670 μοῖρα,
1091 2595 1431 2651 ὀκταπλασία
1476 2598 1578 2667 τῆς
1618 2599 1844 2670 πρώτης
1877 2597 2034 2667 οὖσα,

380 2683 630 2760 καὶπρὸς
663 2681 920 2756 οὐδεμίαν
970 2683 1152 2759 ἑτέραν
1203 2686 1302 2754 τὴν
1356 2685 1542 2761 σχέσιν
1597 2684 1821 2761 ἔχουσα,
1871 2685 2038 2758 δηλοῖ

381 2775 479 2843 τὴν
531 2772 620 2827 ἐπὶ
671 2774 773 2842 τήν
811 2772 1001 2849 τρίτην
1054 2770 1328 2828 διάστασιν
1383 2777 1495 2848 (15)
1544 2779 1651 2830 τῶν
1697 2775 2032 2851 πραγμάτων

377 2867 600 2938 γνῶσιν,
637 2860 896 2930 δηλονότι
917 2864 1016 2933 τὴν
1049 2863 1124 2924 εἷς
1159 2863 1377 2938 βάθοςῆ
1410 2865 1592 2938 πάχος
1621 2866 1654 2934 ἢ
1689 2864 1952 2938 ὕψοςΔιά
1971 2866 2034 2919 τὸ

384 2950 442 3007 δὲ
472 2950 700 3026 ἄσχετος
733 2949 866 3006 οὖσα
918 2953 1056 3026 πρὸς
1101 2953 1198 3014 τὰς
1243 2951 1438 3020 ἄλλας,
1469 2957 1537 3027 τῇ
1579 2951 1769 3028 πρώτῃ
1798 2953 2030 3022 ἑνοῦται,

383 3041 418 3109 ἦ
451 3040 533 3094 ὅτι
563 3035 724 3103 κύϐος
753 3038 826 3095 ὢν
873 3040 946 3102 ὡς
978 3042 1006 3094 6
1041 3043 1156 3113 μετ’
1203 3041 1387 3110 αὐτὸν,
1425 3042 1512 3096 καὶ
1558 3041 1664 3095 ἀπὸ
1701 3049 1801 3111 τῆς
1835 3039 2033 3104 δυάδος

381 3131 470 3185 καὶ
505 3129 757 3206 τετράδος
803 3131 1092 3205 γινομένη,
1147 3127 1270 3185 οὔτε
1313 3132 1450 3206 πρὸς
1496 3128 1666 3198 αὐτὴν
1711 3131 1803 3185 τὸν
1845 3151 2033 3206 τετρα-

377 3218 665 3289 πλασὶονα,
693 3216 815 3274 οὔτε
843 3220 980 3294 πρὸς
1008 3221 1106 3288 τὴν
1141 3219 1322 3295 ἑτέραν
1350 3219 1440 3274 τὸν
1499 3217 1824 3274 διπλασίονα
1852 3226 2030 3295 τηρεῖ,

378 3306 524 3364 ἀλλὰ
553 3309 641 3362 τὸν
679 3309 810 3382 πρὸς
839 3309 938 3377 τήν
985 3309 1210 3380 πρώτην
1264 3306 1690 3375 ὀκταπλασίονα,
1729 3309 1830 3378 τὴν
1877 3330 2031 3385 περι-

378 3397 612 3474 έχουσαν
671 3396 935 3458 κάκείνας.
1000 3398 1340 3475 Ἐπιστρέφει
1399 3395 1457 3452 δὲ
1514 3399 1541 3452 6
1597 3397 1763 3474 λόγος
1827 3397 1917 3452 καὶ
1968 3401 2036 3454 τά

379 3485 583 3562 ἔσχατα
639 3487 714 3550 εἷς
766 3487 834 3541 τὰ
881 3490 1094 3561 πρῶτα,
1136 3485 1228 3541 ’ίνα
1280 3489 1355 3561 μὴ
1407 3486 1874 3562 ἀπεσχοινισμένα
1933 3490 2032 3543 ὦσι

374 3576 578 3638 τελέως
607 3580 704 3631 τοῦ
734 3577 979 3652 πρώτου,
1006 3575 1133 3631 ἀλλ’
1175 3578 1318 3650 ὁμοῦ
1361 3581 1460 3632 τοῦ
1489 3582 1735 3651 γνωστοῦ
1765 3580 1800 3647 ἡ
1829 3583 2032 3653 γνῶσις

378 3660 876 3739 ἇντιλαμϐάνηται,
911 3664 958 3718 εἰ
1006 3664 1097 3719 καὶ
1127 3664 1380 3728 ποικίλος
1412 3665 1575 3720 ἐστίν·
1612 3668 1640 3720 6
1669 3665 1769 3740 γὰρ
1802 3666 2032 3741 ἀριθμὸς

378 3760 597 3832 πρῶτος
662 3754 876 3830 στερεὸς
943 3752 1033 3808 καὶ
1113 3757 1331 3828 πρῶτος
1399 3754 1577 3817 ἱσάκις
1646 3751 1761 3814 ἴσος
1829 3753 2027 3815 ἰσάκις·

375 3846 468 3900 καὶ
500 3842 590 3900 διὰ
615 3848 777 3900 τοῦτο
809 3843 882 3905 ὡς
913 3847 1132 3917 πρῶτος
1159 3847 1239 3915 τῷ
1268 3843 1344 3896 ἐνὶ
1389 3842 1732 3912 συνάπτεται,
1767 3839 2026 3913 δηλονότι

376 3939 444 4009 τῇ
476 3934 669 4009 πρώτῃ
707 3931 893 4009 μοίρᾳ,
926 3931 1120 3987 ἐκεῖθεν
1145 3925 1291 4007 ἔχων
1317 3933 1416 4001 τὴν
1451 3931 1722 3986 σύστασιν.

451 4114 540 4184 ιη’.
573 4113 638 4168 ἸΙ
669 4109 727 4166 δὲ
770 4105 981 4184 ἑϐδόμη
1031 4115 1219 4186 μοῖρα,
1268 4108 1879 4165 ἐπτακαιεικοσιπλασία
1925 4115 2026 4180 τῆς

371 4202 600 4280 πρώτης
625 4199 759 4257 οὖσα
786 4200 876 4256 καὶ
923 4198 1169 4276 δεύτερος
1222 4193 1388 4261 κύϐος
1431 4196 1564 4254 οὖσα
1613 4200 1827 4274 στερεὸς
1856 4202 2024 4254 ταῦτά

371 4297 451 4365 τῷ
509 4291 616 4366 πρὸ
670 4291 866 4346 τούτου
926 4289 1176 4361 πέπονθε,
1226 4288 1316 4343 καὶ
1373 4289 1437 4343 τὸ
1494 4287 1711 4359 πλῆθος
1769 4289 1862 4362 μὲν
1911 4293 2019 4344 τῶν

370 4382 626 4457 γνώσεων
685 4381 776 4435 καὶ
845 4380 947 4448 τήν
1005 4378 1082 4442 εἷς
1152 4383 1299 4450 τρεῖς
1376 4375 1677 4439 διαστάσεις
1753 4371 2020 4448 ἐπιϐολὴν

369 4470 723 4546 παρίστησιν.
781 4463 1121 4545 Ὑπερϐαίνει
1181 4465 1237 4522 δὲ
1285 4467 1374 4522 καὶ
1425 4465 1582 4530 οὗτος
1609 4466 1700 4521 τὸν
1731 4468 1777 4541 γ’
1806 4468 1897 4522 καὶ
1927 4468 2020 4523 τὸν

370 4569 435 4630 θ’,
465 4563 562 4614 τοῦ
610 4559 702 4632 μὲν
748 4554 1136 4618 έννεαπλάσιος
1182 4555 1278 4626 ὢν,
1310 4553 1407 4610 τοῖ’)
1453 4553 1510 4610 δὲ
1553 4555 1904 4631 τριπλάσιος,
1945 4557 2018 4610 ὧν

365 4649 430 4705 τὸ
493 4649 586 4722 μὲν
645 4646 970 4724 τριπλάσιον
1029 4645 1179 4709 ἐντὸς
1233 4645 1300 4714 ἧν
1359 4643 1410 4699 ἐν
1465 4644 1691 4721 ἑτέροις,
1735 4646 1796 4700 16
1853 4642 1909 4700 δὲ
1938 4644 2020 4700 ἐν·

2223 2601 2307 2654 17.
2341 2599 2512 2654 Sexta
2561 2601 2718 2670 pars,
2769 2597 2961 2670 prima
3010 2598 3269 2670 octupla,
3315 2615 3452 2655 cum
3499 2599 3662 2656 nulla
3691 2599 3807 2656 alia

2147 2688 2433 2743 ratio-nem
2451 2687 2696 2754 habens,
2721 2703 2915 2742 rerum
2943 2688 3336 2759 cognitionem
3361 2688 3582 2744 indicat
3603 2689 3675 2744 ad
3691 2693 3808 2744 ter-

2146 2777 2289 2832 tiam
2316 2776 2748 2831 dimensionem
2772 2776 3216 2847 (progressam),
3243 2777 3312 2830 ad
3344 2778 3805 2848 prolunditatem

2143 2865 2416 2921 videlicet
2462 2864 2551 2920 vel
2591 2864 3048 2920 crassitudinem
3079 2865 3168 2921 vel
3217 2865 3618 2922 altitudinem.
3655 2869 3805 2932 Quo-

2144 2955 2305 3010 niam
2338 2958 2560 3024 autem,
2587 2958 2788 3025 utpote
2811 2955 2883 3008 ad
2909 2953 3058 3008 alias
3090 2954 3376 3010 rationem
3411 2971 3525 3010 non
3559 2955 3807 3024 habens,

2145 3061 2278 3099 cum
2314 3043 2501 3115 prima
2530 3041 3080 3114 conjungitur,quia
3097 3043 3323 3098 scilicet
3345 3044 3530 3099 cubus
3553 3049 3660 3113 est,
3687 3045 3807 3100 sic—

2145 3135 2212 3187 ut
2241 3133 2504 3203 proxime
2546 3147 2827 3203 sequens,
2851 3137 2908 3186 et
2937 3148 3006 3185 ex
3028 3148 3274 3188 numero
3306 3133 3534 3188 binario
3567 3137 3625 3188 et
3651 3149 3801 3204 qua-

2143 3222 2398 3277 ternario
2432 3222 2519 3290 fit,
2553 3236 2744 3292 neque
2781 3220 2854 3275 ad
2887 3219 3055 3274 illum
3079 3221 3474 3292 quadruplam
3507 3221 3799 3278 rationem

2147 3327 2335 3382 neque
2366 3310 2437 3364 ad
2462 3309 2618 3364 hunc
2648 3308 2892 3380 duplam
2925 3310 3216 3380 sequitur,
3247 3309 3348 3364 sed
3373 3325 3500 3364 eam
3525 3313 3798 3379 (tuetur),

2146 3416 2297 3470 quae,
2323 3400 2519 3469 primae
2552 3397 2809 3468 octupla,
2833 3397 2940 3452 has
2973 3414 3208 3469 quoque
3239 3399 3666 3470 complectitur.
3693 3400 3802 3455 Ra-

2143 3491 2223 3545 tio
2257 3493 2448 3544 autem
2475 3490 2546 3543 ad
2571 3487 2763 3560 prima
2788 3486 3029 3543 reflectit
3047 3492 3327 3556 extrema,
3362 3505 3435 3544 ne
3467 3505 3708 3562 prorsus
3727 3490 3801 3544 ab

2145 3595 2262 3635 uno
2295 3579 2562 3650 sejuncta
2592 3577 2732 3646 sint,
2775 3577 2900 3646 sed,
2962 3577 3195 3632 etiamsi
3251 3576 3417 3632 varia
3465 3577 3562 3646 sit,
3614 3595 3800 3633 unum

2143 3668 2312 3740 quasi
2336 3668 2394 3722 in
2427 3666 2621 3722 locum
2654 3666 2963 3722 scientiam
2991 3667 3462 3738 comprehendit.
3506 3666 3802 3724 Numerus

2139 3757 2295 3812 enim
2314 3756 2490 3827 (ejus)
2514 3753 2742 3810 solidus
2767 3753 2994 3826 primus
3019 3755 3148 3826 (est)
3163 3760 3219 3810 et
3239 3754 3544 3827 aequaliter
3557 3757 3801 3828 mqualis

2139 3844 2463 3917 aequaliter,
2522 3845 2930 3913 quamobrem,
2983 3849 3048 3898 ut
3109 3859 3244 3899 cum
3278 3861 3395 3900 uno
3426 3845 3802 3900 connectitur

2137 3935 2393 4005 primus,
2444 3931 2547 4002 (sic
2598 3931 2718 4003 ille)
2751 3949 2883 3987 cum
2919 3932 3112 4003 prima
3141 3931 3368 3988 scilicet
3410 3937 3592 4004 parte,
3642 3936 3797 3990 unde

2137 4022 2620 4079 constitutionem
2655 4039 2824 4077 suam
2857 4021 3054 4077 habet.

2208 4113 2292 4166 18.
2328 4110 2592 4182 Septima
2623 4127 2783 4182 pars,
2810 4126 2936 4181 quae
2961 4113 3186 4182 septem
3214 4113 3272 4165 et
3291 4109 3497 4184 viginti
3526 4112 3795 4182 partibus

2134 4202 2386 4272 primam
2432 4198 2698 4271 praestat,
2749 4214 2997 4271 quaeque
3037 4199 3184 4254 alter
3205 4199 3392 4256 cubus
3424 4199 3650 4256 solidus
3681 4206 3793 4269 est,

2132 4291 2335 4346 eodem
2368 4291 2561 4355 modo,
2594 4305 2710 4361 quo
2733 4287 3020 4360 proxima,
3045 4291 3136 4343 est
3166 4289 3392 4356 affecta,
3426 4292 3483 4344 et
3514 4288 3791 4345 multitu-

2133 4381 2329 4436 dinem
2379 4379 2786 4452 cognitionum
2817 4383 2874 4433 et
2915 4377 2976 4433 in
3007 4382 3126 4433 tres
3157 4377 3558 4433 dimensiones
3590 4395 3789 4435 acces-

2132 4469 2358 4526 sionem
2387 4469 2445 4524 in
2472 4467 2734 4523 medium
2765 4467 3006 4538 profert.
3034 4465 3271 4521 Excedit
3295 4483 3536 4538 quoque
3559 4467 3789 4539 (nume-

2131 4562 2258 4628 rus)
2301 4558 2398 4614 ille
2419 4555 2780 4628 (numerum)
2825 4555 2905 4612 ΙΙΙ
2937 4560 2994 4610 et
3026 4555 3118 4625 IX,
3154 4557 3255 4611 uni
3283 4571 3490 4611 novem
3523 4556 3791 4626 partibus

2132 4652 2434 4721 praestans,
2459 4645 2627 4702 alteri
2649 4646 2860 4711 tribus,
2880 4661 3201 4717 eorumque
3221 4645 3294 4714 is,
3318 4645 3417 4715 qui
3441 4644 3656 4716 triplus
3679 4649 3790 4712 est,

368 4737 695 4793 νεαπλάσιον
745 4737 834 4791 καὶ
887 4735 1017 4790 αὐτὸ
1066 4735 1172 4790 ἀπὸ
1213 4739 1311 4789 τοῦ
1343 4736 1386 4789 θ’
1415 4736 1552 4809 πρὸς
1596 4734 1660 4789 16
1691 4735 1736 4788 α’
1769 4735 2016 4804 σώζεται.

2158 4737 2360 4793 amdiu
2405 4737 2558 4792 inest
2579 4735 2636 4790 in
2671 4733 2938 4805 reliquis,
2981 4733 3082 4805 qui
3125 4750 3258 4789 vero
3284 4750 3490 4789 novem
3516 4734 3786 4805 partibus

369 4829 466 4883 Διὰ
494 4831 653 4883 τοῦτο
694 4826 756 4881 16
806 4824 995 4902 πόρῥω
1039 4826 1131 4879 καὶ
1177 4824 1390 4898 στερεὸν
1442 4821 1730 4879 ἒπταδικὸν
1780 4825 1807 4878 6
1854 4822 2022 4899 λόγος

363 4919 527 4974 τιθεῶ
582 4921 664 4990 τῷ
716 4915 795 4972 ἑνὶ
873 4915 1214 4988 συνάπτεται,
1273 4915 1363 4970 καὶ
1440 4910 1678 4991 ὑπερϐὰς
1734 4914 1801 4970 τὰ
1862 4916 2018 4988 μέσα,

365 5005 618 5083 ἀναφέρει
666 5005 762 5067 τὰς
809 5004 1142 5080 περατώσεις
1190 5006 1292 5069 τῆς
1341 5007 1527 5079 ψυχῆς
1571 5002 1659 5058 ἐπὶ
1707 5004 1806 5073 τὴν
1853 5004 2018 5081 ἀκρό-

369 5115 527 5165 τητα.

359 5333 374 5386 ἡ
437 5314 549 5384 (15)
607 5311 1115 5386 ΒοοῐὴηΑῐδίῐιι-ῐῐι.
1176 5311 1278 5386 lib.
1333 5329 1409 5386 ιι,Δ
1446 5313 1716 5386 ο.γ20(ρ.
1753 5315 1892 5369 1029
1923 5315 2014 5370 ed.

359 5383 539 5441 Basil.
568 5386 745 5455 1546.)
773 5406 798 5435 ‹‹
823 5385 1007 5447 Sicut,
1031 5383 1609 5455 inquit,longitudini
1635 5383 2017 5442 numerorum

360 5457 522 5514 aliud
558 5455 1038 5522 intervallum,id
1083 5461 1190 5523 est,
1237 5456 1631 5526 superficiem,
1670 5463 1733 5512 ut
1763 5458 2017 5514 latitudo

359 5529 795 5598 ostenderetur,
818 5527 1168 5598 adjecimus,
1193 5529 1280 5583 ita
1307 5543 1457 5582 nunc
1487 5528 1804 5596 latitudini,
1826 5533 2020 5602 siquis

2137 4829 2326 4898 major
2355 4829 2466 4892 est,
2506 4829 2563 4879 et
2610 4825 2736 4896 ipse
2767 4840 2800 4878 a
2835 4839 3078 4878 numero
3129 4825 3210 4878 IX
3264 4823 3334 4878 ad
3370 4823 3390 4876 l
3426 4822 3786 4894 perducitur.

2132 4917 2323 4980 Quare
2346 4913 2492 4969 ratio
2515 4913 2816 4985 proposita
2840 4911 2923 4979 id,
2973 4913 3130 4982 quod
3155 4927 3330 4983 porro
3352 4916 3441 4967 est
3459 4912 3785 4984 (excurrit),

2131 5010 2188 5062 et
2217 5003 2472 5060 solidum
2506 5000 2872 5074 septemplex
2901 5017 3036 5057 cum
3069 5017 3186 5056 uno
3217 5000 3546 5072 conjungit,
3577 5017 3784 5072 eaque,

2130 5111 2258 5167 quae
2310 5090 2506 5147 media
2544 5094 2702 5158 sunt,
2737 5093 3078 5162 trangressa
3124 5090 3527 5146 extremitates
3576 5089 3783 5146 animai

2127 5185 2199 5242 ad
2221 5197 2526 5240 summum
2559 5179 2863 5252 fastigium
2888 5179 3060 5237 tollit.

2128 5313 2304 5369 addat
2358 5327 2502 5377 eam,
2562 5325 2684 5381 qua
2741 5310 2890 5366 alias
2949 5309 3207 5379 altitudo,
3236 5309 3391 5365 alia:
3441 5309 3777 5377 crassitudo,

2128 5387 2272 5442 alias
2283 5382 2637 5456 profunditas
2660 5381 3011 5454 appellatur,
3035 5381 3290 5439 solidum
3318 5382 3548 5440 numeri
3570 5399 3784 5454 corpus

2130 5454 2409 5529 explebit.
2448 5477 2475 5504 »
2511 5454 2761 5512 LINDER.
