4124 6416
295 507 451 568 “03

1635 503 2061 564 MICHAELIS
2107 502 2378 564 PSELLI

1972 651 2050 706 B‘.

3567 501 3720 559 “04

434 769 546 845 (46)
577 773 682 824 Τοῦ
715 767 919 824 ὑπάτου
949 772 1056 823 τῶν
1101 765 1424 847 φιλοσόφων
1461 764 1984 847 Ψέλλνουιέξήγιησις
2012 770 2115 847 τῆς
2148 765 2200 819 ἐν
2225 769 2310 847 τῷ
2339 765 2563 847 Τιμαίῳ
2587 769 2684 821 τοῦ
2719 764 3010 828 Πλάτωνος
3047 765 3435 839 μαθηματικῆς
3464 763 3590 840 περῖ

1479 842 1663 915 ψυχῆς
1695 837 1974 910 ὑπάρξεως
2005 837 2095 892 καὶ
2123 837 2380 911 γενέσεως
2413 837 2548 912 (17).

371 994 437 1050 α’.
469 993 566 1050 Ἐκ
615 991 814 1067 μέρους
859 988 1156 1067 ἠρώτηκάς
1209 1010 1277 1061 με
1320 990 1382 1044 τὸ
1433 988 1786 1045 Πλατωνικὸν
1827 986 1951 1063 περὶ
1983 991 2037 1059 Α
2065 991 2162 1041 τοῦ
2192 989 2260 1063 ιβ’
2288 987 2381 1064 καί
2407 992 2506 1043 τοῦ
2535 985 2616 1043 κδ’
2667 985 2982 1060 διπλασίου,
3015 988 3288 1064 ἀρμονικὴ
3345 988 3442 1059 μὲν
3495 987 3733 1061 μεσότης

303 1085 490 1156 ψυχῆς
541 1078 886 1156 διάγραμμα,
916 1079 1040 1154 περὶ
1081 1078 1143 1133 οῦ
1197 1075 1289 1153 δέῃ
1336 1083 1524 1151 μαθεῖν
1576 1078 1676 1146 τὴν
1713 1097 1958 1152 κεκρυμ-

309 1169 477 1243 μένην
508 1172 607 1224 τοῦ
649 1166 957 1246 φιλοσόφου
1007 1165 1265 1222 διάνοιαν.
1302 1173 1393 1222 Δεῖ
1439 1165 1496 1222 δὲ
1539 1167 1755 1242 πρῶτον
1784 1171 1958 1220 πᾶσαν

306 1258 447 1334 ἐρεῖν
503 1259 604 1328 τήν
664 1259 1050 1331 μαθηματικήν
1107 1261 1205 1312 τοῦ
1275 1254 1447 1331 λόγου
1505 1257 1799 1331 περιοχήν·
1863 1254 1958 1309 εἶθ’

307 1347 482 1410 οὕτως
539 1368 624 1402 σοι
680 1351 788 1402 τῶν
852 1345 1156 1420 εἰρημένων
1211 1345 1300 1400 τὸν
1361 1349 1485 1400 νοῦν
1544 1345 1907 1419 ἐξηγήσασθαι
1942 1385 1956 1400 .

306 1439 466 1514 Λέγει
520 1437 610 1491 οὗν
655 1435 777 1512 περὶ
817 1439 913 1489 τοῦ
963 1438 1313 1510 Δημιουργοῦ
1373 1435 1400 1488 6
1452 1432 1680 1488 Πλάτων
1734 1431 1956 1487 ούτωσί·

307 1527 452 1583 Μίαν
487 1523 705 1600 ἀφεῖλεν
755 1524 861 1578 ἀπὸ
907 1527 1006 1578 τοῦ
1054 1522 1256 1585 παντὸς
1311 1528 1528 1599 μοῖραν,
1565 1523 1700 1595 μετά
1749 1519 1807 1576 δὲ
1836 1520 1962 1575 ταύ-

301 1636 404 1686 την
463 1612 659 1692 ἀφῄρει
715 1610 1004 1668 διπλασίαν
1057 1611 1281 1681 ταύτης·
1339 1613 1440 1681 τήν
1502 1609 1560 1666 δὲ
1630 1611 1694 1665 αὖ
1751 1610 1958 1686 τρίτην,

303 1701 568 1776 ἡμιολίαν
607 1703 700 1776 μὲν
735 1705 831 1770 τῆς
863 1698 1139 1774 δευτέρας,
1187 1698 1517 1777 τριπλασίαν
1569 1698 1626 1754 δέ
1671 1706 1772 1768 τῆς
1814 1700 1962 1773 πρώ-

297 1814 418 1864 της.
454 1795 736 1868 Τετάρτην
769 1788 829 1846 δὲ
873 1798 973 1860 τῆς
1023 1787 1276 1862 δευτέρας
1328 1787 1555 1858 διπλῆν·
1602 1789 1860 1860 πέμπτην
1904 1784 1962 1842 δὶ

297 1880 539 1956 τριπλῆν
586 1888 688 1950 τῆς
741 1879 956 1956 τρίτης.
1009 1880 1112 1947 τήν
1167 1875 1331 1948 ἕκτην
1389 1885 1490 1948 τῆς
1538 1879 1766 1952 πρώτης
1809 1876 1962 1931 ὀκτα-

302 1971 562 2027 πλασίαν·
614 1965 858 2042 ἐϐδόμην
911 1964 958 2022 δ’
1003 1965 1646 2022 ἐπτακαιεικοσιπλασίαν
1677 1973 1777 2035 τῆς
1809 1965 1954 2040 πρώ-

303 2081 428 2130 της.
461 2060 607 2115 Μετά
651 2061 820 2113 ταῦτα
871 2053 930 2111 δὲ
979 2054 1326 2131 συνεπλήρου
1374 2054 1440 2110 τά
1470 2076 1527 2110 τε
1572 2053 1836 2111 διπλάσια
1872 2053 1960 2110 καὶ

305 2147 603 2221 τριπλάσια
633 2146 975 2218 διαστήματα
1015 2150 1232 2218 μοῖραν.
1267 2139 1346 2200 ἔτι
1394 2143 1591 2200 ἐκεῖθεν
1639 2145 1959 2217 ἀποτέμνων

303 2239 395 2292 καὶ
447 2235 618 2299 τιθεὶς
662 2235 739 2300 είς
788 2235 851 2290 τὸ
911 2233 1107 2308 μεταξὺ
1159 2233 1389 2288 τούτων·
1447 2233 1583 2288 ὥστε
1639 2232 1694 2288 ἐν
1752 2233 1960 2304 ἑκάστῳ

304 2324 636 2398 διαστήματι
667 2321 762 2379 δύο
795 2322 930 2378 εἶναι
964 2321 1288 2397 μεσότητας,
1319 2323 1412 2378 τὸν
1450 2323 1544 2396 μὶν
1585 2327 1769 2394 ταυτῷ
1812 2322 1962 2396 μέρει

300 2421 407 2473 τῶν
466 2414 644 2490 ἄκρων
710 2413 885 2468 αύεῶν
939 2411 1312 2489 ὑπερέχουσαν
1378 2411 1470 2466 καί
1523 2413 1958 2488 ὑπερεχομένην,

297 2507 396 2575 τήν
432 2502 488 2560 δὲ
535 2501 636 2576 ί¹σῳ
696 2503 789 2575 μὲν
850 2503 970 2556 κατ’
1027 2501 1263 2577 ἀριθμὸν
1319 2501 1718 2576 ὑπερέχουσαν,
1753 2497 1854 2573 ἴσῳ
1904 2497 1962 2554 δὲ

301 2593 735 2669 ὑπερεχομένην,
787 2588 1072 2663 ἡμιολίων
1131 2586 1189 2644 δὲ
1234 2586 1563 2644 διαστάσεων
1615 2589 1707 2643 καὶ
1755 2587 1961 2662 ἐπιτρί-

299 2705 408 2739 των
457 2681 546 2736 καὶ
589 2676 867 2754 ἐπογδόων
916 2678 1221 2753 γενομένων
1265 2676 1326 2733 ἐκ
1369 2677 1579 2732 τούτων
1611 2680 1719 2732 τῶν
1754 2674 1959 2749 δεσμ...

303 2773 356 2828 ἐν
387 2775 508 2832 ταῖς
538 2767 772 2842 πρόσθεν
806 2764 1116 2822 διαστάσεσι
1145 2771 1225 2836 τῷ
1273 2771 1371 2822 τοῦ
1413 2764 1686 2840 ἐπογδόου
1735 2763 1960 2837 διαστή-

311 2881 460 2935 ματι.
493 2857 572 2916 Τά
601 2856 846 2931 ἐπίτριτα
865 2857 1038 2911 πάντα
1069 2853 1502 2930 συνεπληροῦτο,
1527 2855 1722 2911 λοῖπον
1753 2858 1824 2928 (
1852 2852 1962 2910 λεί-

308 2955 453 3017 πων)
484 2947 648 3002 αὑτοῦ
679 2945 904 3001 έκάστου
939 2945 1153 3019 μόριον.
1186 2949 1294 3014 Τῆς
1329 2943 1385 3000 δὲ
1412 2949 1508 3000 τοῦ
1544 2943 1740 3018 μορίου
1761 2944 1963 3016 ταύτης

311 3037 640 3099 διαστάσεως
673 3036 971 3114 ληφθείσης
1027 3036 1260 3111 ἀριθμοῦ
1293 3036 1432 3111 πρὸς
1463 3035 1696 3110 ἀριθμὸν
1725 3033 1963 3110 ἐχούσης

311 3127 440 3193 τοὺς
468 3124 627 3202 ὅρους
664 3125 716 3197 ’ἐξ
766 3126 855 3180 καὶ
886 3126 1222 3196 πεντήκοντα
1269 3124 1360 3180 καὶ
1392 3121 1641 3180 διακόσια
1670 3125 1806 3200 πρὸς
1837 3124 1962 3197 τρία

310 3218 400 3274 καὶ
430 3218 830 3290 τεσσαράκοντα
873 3215 962 3270 καὶ
1014 3212 1280 3269 διακόσια·
1317 3214 1406 3269 καὶ
1450 3211 1516 3284 δὴ
1549 3213 1730 3268 καὶτὸ
1766 3214 1961 3288 μιχθὲν

312 3308 364 3380 ἐξ
421 3309 482 3363 οὗ
539 3310 704 3362 ταῦτα
757 3305 1047 3377 κατέτεμεν
1107 3303 1288 3359 οὕτωσ
1341 3301 1451 3373 ἤδη
1526 3305 1697 3358 πάντα
1753 3324 1960 3372 κατην-

312 3399 539 3455 αλώκει.
571 3398 637 3452 Ἢ
673 3395 766 3469 μὶν
814 3394 906 3449 οὖν
945 3397 1043 3448 τοῦ
1091 3393 1384 3455 Πλάτωνος
1413 3392 1499 3447 ἐπὶ
1533 3391 1728 3465 λέξεων
1761 3391 1961 3447 ὑποτύ-

313 3508 486 3549 πωσις
535 3486 694 3556 αὕτη.
754 3486 867 3538 ’Ίνα
927 3481 970 3538 δ’
1026 3481 1079 3537 ἐν
1128 3482 1269 3553 τάξει
1316 3481 1600 3556 προΐωμεν
1636 3527 1650 3547 ,
1702 3477 1959 3554 λάϐωμεν

313 3582 534 3651 πρῶτον
566 3574 618 3630 ἐν
647 3579 764 3636 τοῖς
797 3572 903 3627 ἀπὸ
939 3569 1174 3644 μονάδος
1196 3571 1452 3646 ἀριθμοῖς
1479 3570 1605 3632 τοὺς
1627 3569 1964 3645 λεγομένους

314 3667 572 3742 πρώτους
632 3663 736 3719 ὑπὸ
791 3665 889 3716 τοῦ
945 3658 1242 3724 Πλάτωνος
1272 3659 1494 3736 λόγους.
1529 3660 1821 3724 Ἐκκείσθω
1872 3661 1963 3715 οὗν

2071 1076 2098 1128 6
2131 1077 2202 1146 η’,
2235 1077 2572 1150 ἀριθμητική
2615 1074 2673 1131 δέ
2717 1078 2745 1132 6
2778 1078 2839 1131 θ’·
2895 1076 3088 1149 μεταξὺ
3143 1074 3199 1131 δὶ
3241 1080 3338 1130 τοῦ
3391 1077 3460 1150 ιβ’
3502 1075 3590 1130 καὶ
3631 1079 3730 1130 τοῦ

2068 1162 2170 1235 κδ’,
2200 1163 2512 1235 διπλασίου,
2547 1167 2818 1239 ἁρμονικὴ
2872 1165 2967 1238 μὶν
3025 1165 3259 1238 μεσότης
3307 1166 3336 1219 6
3388 1167 3470 1233 ις’,
3501 1164 3709 1238 ἀριθμη

2069 1256 2195 1323 τική
2231 1251 2288 1309 δὲ
2319 1255 2347 1309 6
2378 1256 2468 1324 ιη’.
2504 1253 2718 1328 Μεταξὺ
2750 1251 2808 1309 δὲ
2836 1258 2934 1309 τοῦ
2962 1254 3150 1329 τρίτου
3181 1251 3475 1309 διπλασίου
3503 1257 3601 1308 τοῦ
3645 1251 3730 1307 κδ’

2071 1343 2161 1398 καὶ
2198 1345 2290 1416 μη’
2321 1344 2593 1418 ἀρμονικὴ
2629 1346 2724 1417 μὶν
2779 1343 3014 1417 μεσότης
3056 1344 3085 1399 6
3138 1343 3247 1418 λβ’,
3294 1344 3630 1417 ἀριθμητικὴ
3673 1339 3733 1398 δὶ

2074 1430 2226 1494 ὁλς’.
2260 1432 2311 1487 ἐν
2358 1431 2416 1488 δέ
2465 1438 2581 1494 τοῖς
2634 1432 2981 1508 τριπλασίοις
3043 1433 3239 1504 μεταξὺ
3279 1437 3374 1488 τοῦ
3429 1434 3474 1496 ς’
3517 1431 3608 1486 καὶ
3660 1433 3732 1502 ιη’

2075 1521 2350 1597 ἁρμονική
2411 1523 2504 1595 μὶν
2562 1521 2795 1594 μεσότης
2826 1523 2854 1576 6
2900 1524 2964 1591 θ’,
3012 1521 3352 1599 ἀριθμητικὴ
3386 1519 3443 1576 δὲ
3473 1522 3501 1577 6
3538 1522 3614 1595 ιβ·
3637 1521 3726 1576 καὶ

2074 1611 2372 1675 κείσθωσαν
2417 1610 2606 1688 ἐφεξῆς
2658 1612 2777 1685 ὅροι
2827 1611 3004 1665 οὗτοι·
3058 1612 3121 1681 ς’,
3154 1612 3224 1682 η’,
3278 1611 3341 1679 θ’,
3390 1611 3479 1684 ιβ’,
3515 1611 3599 1678 ις’,
3638 1611 3730 1680 ιη’,

2075 1698 2176 1767 κδ’,
2220 1698 2330 1772 λβ’,
2360 1698 2460 1767 λς’,
2497 1701 2610 1772 μη’,
2641 1697 2737 1766 νδ’,
2770 1701 2880 1771 πα’,
2915 1701 3024 1773 ρη’,
3056 1697 3182 1774 ρξδ’.
3218 1697 3369 1756 Ἀλλ’
3417 1698 3464 1754 εί
3516 1699 3612 1772 μἐν
3659 1700 3727 1768 ἦν

2075 1785 2298 1842 δυνατὸν
2333 1787 2384 1842 ἐν
2415 1787 2634 1850 τούτοις
2683 1793 2800 1850 τοῖς
2851 1787 3189 1862 ἐκκειμένοις
3233 1790 3369 1861 ἡμῖν
3422 1787 3578 1863 ὅροις
3601 1787 3731 1850 τοὺς

2074 1876 2381 1952 ἐπιτρίτους
2413 1875 2615 1952 λόγους
2647 1875 2724 1941 εἴς
2752 1898 2811 1932 τε
2854 1876 2981 1940 τοὺς
3025 1875 3322 1953 ἐπογδόους
3352 1877 3442 1932 καὶ
3471 1879 3539 1933 τά
3568 1877 3730 1951 λείμ-

2078 1987 2221 2039 ματα
2250 1962 2476 2034 διελεῖν,
2512 1966 2680 2041 μέχρι
2709 1966 2918 2021 τούτων
2971 1965 3030 2021 ἂν
3077 1960 3340 2040 ἔστημεν.
3382 1969 3493 2024 Νῦν
3527 1964 3584 2022 δὲ
3613 1965 3733 2022 ἐπεὶ

2075 2056 2188 2130 οὐχ
2217 2055 2410 2125 οἷόντε,
2445 2051 2516 2109 δι’
2550 2053 2729 2125 ἄλλης
2761 2054 2937 2110 ἴστέον
2973 2051 3228 2128 μεθόδου.

2150 2145 2217 2220 β’.
2252 2143 2567 2219 Προκείσθω
2591 2144 2681 2200 οὖν
2704 2144 2754 2218 ἐξ
2781 2147 2960 2220 ἀρχῆς
2991 2145 3506 2202 καταπυκνῶσαιτὸν
3531 2142 3732 2202 διπλά-

2073 2255 2188 2289 σιον
2234 2233 2401 2310 λόγον
2455 2239 2576 2297 ταῖς
2631 2234 2946 2310 εἰρημέναις
2997 2235 3259 2308 μεσότησι
3307 2234 3396 2290 καὶ
3428 2240 3543 2298 τοῖς
3577 2233 3733 2310 ἐπογ-

2075 2319 2244 2387 δόοις.
2279 2325 2469 2393 Δεήσει
2496 2320 2599 2399 ἄρα
2649 2323 2743 2379 τὸν
2795 2322 3068 2400 ὑπόλογον
3109 2329 3206 2380 τοῦ
3256 2322 3548 2380 διπλασίου
3587 2324 3731 2380 οὕτω

2070 2407 2281 2481 λαϐεῖν,
2339 2411 2479 2468 ὥστε
2536 2412 2670 2468 εἶναι
2725 2411 2921 2476 αὐτοὺς
2973 2413 3063 2468 καὶ
3126 2410 3222 2468 δύο
3290 2411 3586 2491 ἐπογδόους
3640 2413 3733 2469 καὶ

2070 2499 2344 2576 ἐπίτριτον
2379 2498 2574 2558 ἄλλον.
2608 2500 2874 2579 Εἰλήφθω
2923 2501 3017 2557 οὖν
3065 2507 3284 2578 πρῶτον
3330 2505 3358 2558 6
3407 2502 3592 2579 τρίτος
3621 2503 3729 2559 ἀπὸ

2074 2587 2311 2663 μονάδος
2342 2588 2478 2645 κατὰ
2501 2590 2592 2644 τὸν
2627 2589 2996 2646 ὀκταπλάσιον
3045 2588 3210 2667 λόγον
3243 2593 3270 2647 6
3302 2589 3398 2664 ξδ’·
3443 2591 3550 2648 ἀπὸ
3598 2591 3727 2647 10'5-

2068 2699 2167 2734 100
2202 2679 2296 2750 μὲν
2327 2675 2628 2754 ἐπογδόους
2659 2676 2755 2734 δύο
2806 2677 3112 2750 ἀποστῆσαι
3165 2677 3407 2736 δυνατόν·
3452 2681 3592 2744 ἅπας
3620 2681 3725 2758 γάρ

2069 2765 2492 2830 πολλαπλάσιος
2547 2766 2824 2824 τοσούτων
2882 2767 3188 2844 ἐπιμορίων
3247 2773 3462 2846 ἡγεῖται
3543 2768 3734 2845 λόγων

2071 2855 2664 2930 ἀντιπαρωνυμούντων
2723 2856 2894 2930 αὐτῷ,
2955 2857 3189 2920 ὁπόστος
3261 2858 3407 2915 ἐστὶν
3472 2859 3579 2914 ἀπὸ
3643 2881 3738 2932 μο-

2069 2943 2252 3008 νάδος·
2286 2944 2557 3021 ἐπίτριτον
2610 2943 2668 3001 δέ
2717 2945 2814 3001 ούκ
2861 2942 2996 3003 ἔστι.
3046 2945 3453 3022 Τριπλασιάσας
3495 2949 3585 3004 οὗν
3638 2947 3734 3003 αὑ-

2067 3037 2159 3091 τὸν
2199 3040 2348 3091 ποιῶ
2402 3037 2542 3112 ρςβ’,
2602 3037 2662 3090 οὗ
2723 3034 2998 3110 ἐπίτριτος
3060 3037 3156 3109 μὶν
3207 3038 3234 3092 6
3285 3039 3407 3107 σνς’,
3463 3035 3728 3113 ἐπόγδοος

2072 3123 2129 3180 δὲ
2178 3125 2206 3180 6
2259 3127 2377 3194 σις’,
2427 3126 2515 3180 καὶ
2565 3123 2762 3181 τούτου
2813 3123 3074 3200 ἐπόγδοος
3126 3127 3154 3181 6
3207 3129 3352 3202 σμγ’·
3402 3127 3431 3182 ’ὀ
3485 3125 3588 3202 ἄρα
3633 3131 3732 3182 τοῦ

2071 3212 2378 3289 λείμματός
2437 3213 2547 3269 ἐστι
2600 3213 2763 3292 λόγος
2818 3215 2846 3269 6
2900 3213 3034 3287 μετά
3108 3216 3204 3286 τὴν
3268 3215 3547 3291 ἀφαίρεσιν
3606 3223 3732 3272 τοῖν

2073 3303 2220 3359 δυοῖν
2275 3301 2565 3379 ἐπογδόοιν
2615 3303 2943 3377 λειπόμενος
2996 3305 3119 3379 σμγ’
3162 3305 3300 3381 πρὸς
3336 3306 3405 3360 τά
3456 3307 3581 3368 σνς’·
3616 3305 3724 3361 ἀπὸ

2071 3394 2272 3455 παντὸς
2328 3394 2430 3469 γάρ
2484 3391 2762 3469 ἐπιτρίτου
2817 3389 2917 3448 δύο
2986 3391 3264 3468 ἐπογδόων
3324 3393 3720 3472 ἀφαιρεθέντων

2071 3481 2454 3538 καταλείπεται
2486 3483 2514 3537 6
2556 3486 2654 3537 τοῦ
2707 3481 3012 3556 λείμματος
3060 3481 3244 3557 λόγος.
3280 3482 3458 3541 Ἀλλά
3494 3488 3591 3538 τοῦ
3622 3505 3714 3547 σνς

2073 3566 2338 3646 ἐπόγδοος
2386 3571 2413 3625 6
2446 3573 2591 3643 σπη’,
2634 3571 2693 3634 ’ὃς
2741 3572 2841 3640 τήν
2883 3571 3192 3646 ἁρμονικὴν
3245 3573 3406 3642 σώζει
3463 3573 3739 3646 μεσότητα

2083 3661 2277 3737 μεταξὺ
2321 3663 2652 3736 τεταγμένος
2695 3666 2792 3717 τοῦ
2834 3663 2946 3738 ρςβ’
2995 3661 3086 3718 καὶ
3134 3666 3232 3718 τοῦ
3274 3660 3416 3731 τπδ’,
3451 3659 3740 3720 διπλάσιον

319 3729 510 3830 μονάς,
561 3751 651 3808 καὶ
697 3749 900 3822 ταύτης
947 3747 1207 3805 διπλασία
1255 3729 1406 3812 δυάς·
1442 3750 1553 3804 εἶτα
1581 3750 1759 3824 τριάς,
1791 3752 1964 3822 ἡμιο-
1996 3729 2040 3798 C
2082 3729 2339 3829 np6c'16v
2398 3729 2514 3828 ρς’β’
2559 3751 2723 3826 λόγον
2776 3729 3130 3826 ποιούμενος.
3184 3752 3328 3824 Πρὸς
3380 3729 3438 3808 δὲ
3484 3753 3576 3808 τὸν
3612 3756 3742 3826 σπη’

321 3843 417 3899 λία
451 3842 546 3916 μὶν
593 3847 694 3910 τῆς
739 3835 956 3906 δυάδος,
1004 3835 1306 3911 τριπλασία
1338 3834 1394 3892 δι
1433 3843 1536 3906 τῆς
1569 3833 1826 3910 μονάδος·
1860 3836 1975 3892 εἶτα

324 3933 537 4009 τετράς,
592 3925 962 4006 τετραπλασία
1012 3933 1114 3996 τῆς
1164 3922 1420 4000 μονάδος·
1472 3927 1583 3981 εἶτα
1621 3925 1820 3998 ἐννεὰς,
1851 3946 1973 4003 τρι-

327 4021 534 4078 πλασία
584 4027 685 4089 τῆς
743 4014 985 4094 τριάδος·
1045 4017 1158 4071 εἶτα
1218 4011 1439 4090 ὀγδοὰς,
1492 4014 1830 4072 ὀκταπλασία
1870 4022 1972 4085 τῆς

323 4109 564 4186 μονάδος
621 4109 775 4166 οὖσα.
832 4103 1058 4174 Ἐπειδὴ
1107 4103 1207 4180 γάρ
1255 4104 1681 4180 παρακελεύεται
1742 4107 1879 4178 ἡμῖν
1945 4106 1972 4160 6

322 4201 552 4258 Πλάτων
581 4199 651 4252 τὰ
697 4193 961 4251 διπλάσια
1002 4194 1092 4250 καί
1137 4193 1439 4269 τριπλάσια
1487 4191 1828 4268 διαστήματα
1855 4199 1973 4256 ταῖς

317 4292 640 4366 ἀρμονικαῖς
691 4285 781 4340 καὶ
831 4284 1224 4360 ἀριθμητικαῖς
1282 4282 1544 4356 μεσότησι
1594 4281 1823 4353 συνδεῖν,
1879 4304 1974 4356 μο-

313 4374 448 4432 νάδα
480 4373 539 4430 δὲ
573 4370 769 4434 δυάδος
806 4371 1001 4445 μεταξὺ
1047 4370 1246 4432 ταύτας
1284 4372 1382 4434 τὰς
1431 4371 1734 4444 μεσότητας
1776 4369 1971 4426 ἀδύνα-

313 4487 406 4522 τον
440 4464 634 4541 εὑρεῖν,
687 4462 927 4533 ληπτέον
971 4459 1094 4516 τινὰ
1138 4465 1358 4537 πρῶτον
1407 4461 1666 4538 ἀριθμὸν,
1693 4461 1752 4522 ’ὀς
1783 4459 1973 4536 ἐλάχι,

320 4576 445 4618 στος
477 4554 550 4608 ὣν
583 4550 686 4624 ’ἐξει
716 4550 808 4606 καὶ
834 4549 1010 4623 ἥμισυ
1040 4550 1128 4605 καὶ
1181 4551 1389 4626 τρίτον.
1421 4549 1689 4628 Εἰλήφθω
1721 4550 1813 4606 οὖν
1846 4552 1874 4606 6
1907 4552 1971 4620 ς’,

313 4646 404 4700 καὶ
436 4640 574 4699 ἔστω
604 4640 778 4703 οὕτως
824 4641 860 4710 ἡ
907 4637 1232 4715 ἀφῃρημένη
1282 4639 1431 4714 παρὰ
1475 4643 1578 4693 τοῦ
1624 4636 1968 4716 δημιουργοῦ

315 4736 422 4791 ἀπὸ
467 4732 672 4794 παντὸς
724 4734 911 4805 μοῖρα·
951 4727 1085 4802 μετᾶ
1131 4725 1189 4783 δέ
1235 4728 1328 4783 τὸν
1379 4730 1420 4790 ς’
1451 4724 1854 4799 δ’δωδέκατος,
1887 4726 1968 4785 δι-

312 4823 547 4885 πλασίος
577 4818 652 4876 ὣν
696 4822 793 4876 τοῦ
847 4820 907 4881 ς’·
958 4819 1070 4872 εἶτα
1099 4818 1127 4873 6
1177 4817 1270 4889 ιη’,
1312 4815 1577 4891 ἡμιόλιος
1613 4817 1708 4890 μὲν
1735 4821 1836 4873 τοῦ
1871 4820 1962 4896 ιβ’,

305 4911 632 4989 τριπλάσιος
683 4907 741 4965 δὲ
785 4912 883 4963 τοῦ
929 4908 986 4970 ς’·
1043 4907 1155 4962 εἶτα
1202 4907 1230 4961 6
1277 4903 1378 4975 κδ’,
1423 4903 1712 4968 διπλάσιος
1762 4905 1835 4962 ὢν
1868 4914 1965 4964 τοῦ

303 5004 492 5080 τρίτου
546 4999 679 5076 ὅρου
727 5002 825 5054 τοῦ
878 4997 968 5072 ιβ’.
1004 4995 1134 5053 Εἶτα
1174 4996 1203 5050 ὁ
1233 4991 1330 5064 νδ’,
1360 4993 1691 5071 τριπλάσιος
1743 4995 1817 5051 ὣν
1865 5003 1963 5053 τοῦ

2081 3841 2573 3915 κατεπυκνώσαμεν
2621 3838 2681 3895 ἂν
2731 3840 2822 3896 καὶ
2871 3845 3035 3897 τοῦτο
3083 3842 3148 3896 τὸ
3196 3839 3472 3917 ἐπίτριτον
3517 3849 3637 3906 τοῖς
3682 3865 3742 3898 τε

2083 3928 2374 4007 ἐπογδόοις
2403 3932 2491 3985 καὶ
2523 3934 2604 4002 τῷ
2651 3929 2936 4004 λείμματι.
2969 3935 3077 3986 Νῦν
3109 3928 3168 3986 δὲ
3199 3929 3305 4006 ούχ
3348 3930 3540 3987 οἷόντε·
3576 3933 3605 3987 6
3633 3932 3736 4010 γὰρ

2081 4017 2348 4095 ἐπόγδοος
2379 4019 2544 4075 αὐτοῦ
2575 4020 2603 4074 6
2629 4016 2743 4074 τκδ’
2790 4019 2890 4074 οὐκ
2941 4015 3059 4094 ἔχει
3103 4015 3316 4095 ὅγδοον·
3354 4016 3439 4075 διὸ
3470 4020 3608 4097 πρὸς
3643 4023 3739 4077 αύ-

2079 4110 2170 4165 τὸν
2203 4107 2463 4184 ἐπόγδοον
2512 4108 2755 4184 γενέσθαι
2803 4108 2966 4184 λόγον
3021 4107 3083 4164 ού
3133 4106 3356 4164 δυνατὸν
3406 4115 3524 4174 τοῖς
3560 4107 3740 4183 ἄτμη-

2078 4199 2172 4253 τὸν
2203 4199 2302 4266 τήν
2340 4193 2550 4270 μονάδα
2600 4194 2888 4274 φυλάττειν
2943 4197 3022 4252 ἀεὶ
3079 4197 3466 4272 βουλομένοις·
3515 4199 3578 4253 τὸ
3629 4200 3736 4274 γάρ

2082 4283 2279 4361 ὄγδοον
2325 4286 2488 4341 αὐτοῦ
2539 4307 2646 4358 μ...
2679 4283 3141 4349 Διπλασιάσαντες
3186 4288 3275 4343 οὖν
3331 4286 3510 4356 αὐτὸν,
3549 4285 3642 4343 ’ίνα
3673 4290 3737 4344 τὸ

2078 4374 2254 4449 ἥμισυ
2285 4373 2418 4430 ὅλον
2449 4376 2793 4449 ποιήσωμεν,
2838 4372 3031 4448 ’ἕξομεν
3079 4374 3170 4431 καὶ
3221 4374 3387 4432 αὑτοῦ
3433 4371 3622 4432 λαϐεῖν
3673 4378 3739 4433 τὸ

2081 4461 2369 4540 ἐπόγδοον·
2421 4462 2945 4538 ἀναγκασθησόμεθα
3002 4460 3061 4520 δὶ
3119 4461 3209 4520 διὰ
3261 4469 3422 4520 τοῦτο
3467 4465 3558 4521 καὶ
3608 4464 3740 4529 τοὺς

2077 4551 2185 4628 πρὸ
2219 4551 2383 4608 αὑτοῦ
2429 4550 2879 4608 πολυπλασιάσαι
2926 4554 3129 4616 πάντας
3174 4553 3266 4609 καὶ
3309 4555 3437 4619 τοὺς
3487 4557 3602 4628 μετ’
3637 4553 3738 4610 αύ-

2075 4644 2190 4699 τόν.
2223 4644 2413 4700 Ἔσται
2445 4643 2536 4698 οὗν
2589 4641 2704 4698 ἀντὶ
2759 4642 2853 4716 μὲν
2903 4647 3001 4698 τοῦ
3033 4643 3146 4720 ρςβ’
3173 4643 3201 4698 6
3228 4640 3368 4699 τπδ’·
3404 4643 3523 4699 ἀντὶ
3556 4641 3614 4700 δὶ
3643 4648 3741 4700 τοῦ

2077 4733 2175 4796 σις’
2205 4733 2233 4787 6
2263 4731 2412 4808 υλβ’·
2447 4730 2566 4786 ἀντὶ
2597 4728 2656 4786 δὶ
2701 4735 2798 4786 τοῦ
2852 4732 2973 4807 σμγ’
3007 4731 3036 4786 6
3067 4732 3203 4795 υπς’·
3235 4731 3354 4788 ἀντὶ
3406 4729 3465 4789 δὲ
3505 4737 3604 4789 τοῦ
3633 4733 3744 4795 σνς’

2076 4823 2105 4876 6
2137 4821 2269 4900 φιβ’·
2304 4819 2420 4875 ἀντὶ
2470 4817 2528 4875 δέ
2553 4819 2650 4875 τοῦ
2699 4820 2825 4893 σπη’
2855 4821 2883 4876 6
2915 4821 3049 4894 φος’·
3083 4821 3174 4876 καὶ
3217 4821 3420 4877 τούτου
3470 4819 3737 4898 ἐπόγδοος

2075 4911 2104 4965 6
2134 4912 2290 4986 χμη’·
2323 4910 2413 4965 καὶ
2461 4908 2658 4966 τούτου
2707 4907 2972 4985 ἐπόγδοος
3025 4911 3054 4966 6
3097 4912 3240 4984 ψκθ’·
3293 4908 3480 4968 ἔπειτα
3530 4913 3558 4967 6
3614 4911 3738 4984 ψξη’

2075 4997 2364 5064 διπλάσιος
2396 5000 2492 5073 μὲν
2539 4998 2613 5053 ὢν
2663 5003 2760 5054 τοῦ
2807 4996 2949 5071 τπδ’,
3001 5001 3140 5076 πρὸς
3191 4997 3250 5055 δὲ
3299 5001 3391 5056 τὸν
3443 5002 3565 5074 ψκθ’
3607 4998 3738 5056 ὅλον

303 5093 493 5171 τρίτου
523 5089 676 5168 ὅρου,
710 5086 854 5164 φημὶ
906 5083 996 5154 δὴ,
1027 5089 1124 5140 τοῦ
1183 5086 1271 5155 ιη’·
1307 5085 1422 5171 εἶτα
1475 5085 1504 5139 6
1548 5087 1662 5158 μη’,
1695 5085 1966 5143 ὀκταπλά-
2004 5097 2051 5162 D
2080 5084 2224 5165 ἔχων
2265 5086 2362 5144 τοῦ
2413 5087 2742 5161 λείμματος.
2798 5088 2896 5142 Καὶ
2947 5087 3090 5144 οὕτω
3137 5085 3204 5158 δὴ
3262 5088 3738 5166 συμπεπλήρωται

307 5170 428 5246 σιος
455 5180 528 5236 ὢν
576 5182 674 5236 τοῦ
721 5177 941 5254 πρώτου
974 5173 1127 5250 ὅρου,
1175 5174 1320 5252 φημὶ
1375 5170 1471 5244 δὴ,
1500 5177 1599 5229 τοῦ
1631 5182 1696 5240 ς’,
1738 5182 1966 5254 Τοιγαρ.

306 5269 398 5325 οὖν
436 5268 627 5344 μεταξὺ
665 5268 758 5342 μὲν
802 5269 899 5321 τοῦ
949 5264 989 5327 ς’
1018 5263 1109 5319 καὶ
1159 5264 1227 5338 ιβ’
1275 5261 1635 5337 ἐμπεσοῦνται
1677 5265 1965 5341 ἀρμονικὴ

310 5359 406 5433 μὲν
463 5358 695 5433 μεσότης
742 5357 770 5412 ὁ
807 5356 880 5426 η’,
929 5353 1265 5428 ἀριθμητική
1327 5351 1385 5408 δέ
1435 5353 1463 5407 6
1517 5354 1580 5407 θ’·
1643 5355 1840 5427 μεταξὺ
1902 5353 1960 5412 δὶ

377 5539 490 5620 (16)
518 5537 1019 5620 Sppervaeaneam
1046 5533 1389 5606 impendere
1419 5548 1659 5620 operem
1692 5534 1838 5620 mini
1870 5538 1952 5592 vi.

309 5606 508 5676 debar,
525 5607 575 5665 ei
605 5606 666 5663 in
689 5608 961 5663 Latinum
992 5622 1326 5662 sermonem
1351 5606 1769 5663 convertissem
1795 5609 1947 5666 hanc

305 5680 582 5740 Peelliani
643 5678 703 5733 in
732 5678 1038 5751 Timaeum
1082 5677 1500 5751 Commentarii
1535 5683 1784 5751 partem,
1818 5698 1947 5751 quae

305 5762 427 5812 tota
456 5770 523 5808 ex
547 5748 832 5821 superiori
866 5751 1360 5804 commentatione
1407 5750 1466 5804 in
1516 5748 1756 5805 modum
1789 5748 1947 5808 com-

303 5823 499 5902 pendii
528 5825 684 5881 esset.
712 5824 1002 5890 excerpta.
1033 5821 1220 5884 Quare
1248 5821 1572 5878 cavendum
1604 5823 1942 5895 censebam,

2079 5180 2142 5234 16
2174 5176 2462 5234 διπλάσιον
2515 5175 2790 5250 διάστημα
2833 5182 2948 5240 τοῖς
2996 5198 3054 5233 τε
3084 5175 3377 5252 ἡμιολίοις
3419 5179 3510 5234 καὶ
3538 5177 3740 5254 ἐπιτρί-

2077 5289 2192 5331 τοις
2222 5267 2313 5324 καὶ
2348 5264 2639 5342 ἐπογδόοις
2671 5265 2722 5321 ἐν
2754 5264 2943 5323 τοῖσδε
2970 5273 3089 5333 τοῖς
3119 5269 3395 5344 ἀριθμοῖς·
3419 5265 3561 5341 τπδ’,
3586 5265 3736 5342 υλβ’,

2077 5359 2220 5429 υπς’,
2253 5357 2394 5434 φιβ’,
2425 5357 2560 5434 φας’,
2595 5357 2755 5432 χμη’,
2786 5358 2930 5431 ψκθ’,
2979 5357 3121 5432 ψξη’.
3156 5355 3221 5415 El
3265 5357 3360 5412 οῦν
3409 5355 3740 5430 ἐθελήσαιμι

2073 5556 2145 5596 ne
2176 5538 2381 5595 eadem
2415 5537 2535 5594 fere
2569 5537 2660 5594 bis
2689 5537 2966 5596 dicerem.
2999 5542 3244 5595 Lmozn.

2132 5612 2240 5682 (17)
2267 5610 2472 5666 Latine
2507 5627 2520 5665 :
2555 5611 2746 5678 Pselli,
2771 5610 3229 5681 philosophorum
3249 5612 3475 5678 summi,
3498 5626 3736 5667 enarra-

2060 5683 2136 5740 tio
2169 5682 2561 5738 Mathematioe
2591 5684 2738 5738 artis
2781 5684 2843 5738 in
2891 5683 3090 5740 Timaeo
3151 5683 3400 5740 Platonis
3432 5683 3496 5740 de
3525 5683 3739 5739 anima

2057 5755 2387 5811 substantia
2417 5756 2808 5826 generatione.
