4124 6404
443 361 598 423 1105

1568 361 1644 421 lii
1692 359 1786 421 PS
1799 360 2055 421 YCHOG
2067 361 2311 420 ONlAM
2361 361 2766 423 PLATONIS.

3711 363 3868 449 nos

446 492 543 566 μὶν
591 488 722 546 ὅλον
773 490 1178 566 συμπληρῶσαι
1224 489 1570 567 διάγραμμα,
1621 489 1924 564 ἐκθήσομεν
1969 491 2106 546 κατᾶ
2135 495 2187 561 Α
2222 489 2277 546 αἱ
2307 493 2713 568 παρεντεθεῖσαι
2741 493 2809 548 τά
2836 513 2894 548 τε
2941 489 3178 567 ἡμιόλια
3223 493 3314 548 καὶ
3367 489 3616 567 ἐπίτριτα
3645 488 3874 563 δ.αστή-

446 583 510 637 τὸ
538 571 659 652 ἐξῆς
687 580 807 636 ἀντὶ
851 581 948 654 μὲν
991 587 1091 651 τῆς
1136 581 1364 654 πρώτης
1413 581 1606 657 μοίρας
1641 581 1733 636 τὸν
1782 577 1906 635 τπδ’
1938 596 1952 612 ⁸
1987 578 2107 635 ἀντὶ

455 670 514 727 δὲ
545 667 838 732 διπλασίας
885 668 1088 741 ταύτης
1138 671 1230 725 τὸν
1281 669 1403 743 ψξη’
1437 690 1450 703 ⁸
1503 668 1620 726 ἀντὶ
1663 667 1720 725 δέ
1749 671 1844 739 τῆς
1871 667 2108 744 τριπλα-

444 761 564 824 σίας
602 761 696 833 μὲν
737 766 838 829 τῆς
885 759 1110 835 πρώτης
1162 757 1430 833 ἡμιολίας
1479 755 1538 814 δὲ
1587 766 1688 830 τῆς
1736 757 1985 833 δευτέρας
2014 759 2105 814 τὸν

444 850 596 926 ᾳρνβί
631 869 644 883 -
692 849 807 904 ἀντὶ
861 846 919 904 δὲ
962 856 1062 919 τῆς
1109 849 1372 925 τετάρτης
1427 845 1720 911 διπλασίας
1773 855 1871 917 τῆς
2011 849 2102 903 τὸν

445 937 603 1016 ᾴφλς¹
637 957 651 970 ⁸
684 937 803 992 ἀντὶ
835 935 891 993 δὲ
937 944 1038 1007 τῆς
1095 938 1375 1011 μέμπτης,
1413 936 1447 1007 ἤ
1499 937 1612 992 ἐστι
1639 935 1976 1010 τριπλασίων
2005 942 2106 1006 τῆς

441 1029 682 1104 τρώτης,
732 1028 934 1102 ,γυνς’⁸
997 1025 1112 1081 ἀντὶ
1174 1023 1232 1082 δὲ
1287 1032 1389 1096 τῆς
1447 1027 1681 1096 πέπτης,
1742 1024 1779 1096 ἥ
1840 1024 2100 1101 ὶστιτρι-

444 1115 692 1173 πλασίων
723 1119 824 1186 τῆς
855 1115 1058 1192 τρίτθς,
1087 1116 1233 1190 γυνς⁹
1265 1133 1278 1147 ⁸
1313 1113 1429 1170 ἀντὶ
1459 1113 1516 1170 δὲ
1545 1122 1644 1186 τῆς
1676 1110 1856 1186 ἕκτης,
1889 1113 1926 1184 ἤ
1960 1113 2099 1169 ἐστιν

447 1206 826 1263 ὀκταπλασίων
875 1212 977 1275 τῆς
1027 1210 1274 1280 πρῶτης,
1333 1206 1426 1260 τὸν
1485 1206 1604 1281 γοβ¹
1643 1224 1656 1238 ⁸
1713 1204 1832 1259 ἀντῖ
1894 1200 1952 1258 δὲ
2002 1210 2103 1274 τῆς

443 1292 710 1369 ἑϐδόμης,
761 1294 796 1366 ἥ
849 1294 991 1350 ἐστιν
1034 1293 1689 1350 ἐπτακαιεικοσιπλασίων
1735 1299 1834 1364 τῆς
1876 1295 2103 1367 πρώτης

442 1388 612 1464 ,ιτξηᾏ
665 1387 728 1444 Ei
778 1383 826 1440 δ’
873 1383 965 1440 οὖν
1021 1384 1391 1458 ἐθηλήσαιμεν
1440 1381 1636 1440 τούσδε
1681 1386 2097 1439 καταπυκνῶσαι

439 1483 560 1540 ταῖς
620 1476 946 1552 ἆρμονικαῖς
1006 1473 1100 1530 καὶ
1161 1479 1278 1537 ταῖς
1329 1473 1720 1546 ἀριθμητικαῖς
1779 1471 2095 1546 μεσότησιν,

620 1693 841 1770 Ἐτέρας
874 1691 1234 1761 Πλατωνίκῆς
1262 1689 1501 1770 διανοίας
1531 1691 1785 1766 ἐξήγησις
1813 1690 1920 1746 ἀπὸ

1133 1765 1391 1837 Τιμαίου.

516 1875 582 1932 α’.
614 1876 773 1948 Ἑρᾷς
809 1879 909 1941 τῆς
957 1870 1316 1941 Πλατωνικῆς
1367 1871 1676 1946 ἀκορέστως
1722 1871 1931 1945 πηγῆς.
1979 1869 2098 1922 Ἔτι

442 1965 544 2041 γὰρ
575 1960 798 2038 πλήρης
840 1961 912 2016 ὥν
944 1965 1042 2016 τοῦ
1071 1959 1312 2032 νάματος
1361 1961 1451 2015 καὶ
1496 1956 1788 2034 ἐπιχειλης
1819 1963 1920 2027 τῆς
1960 1955 2099 2011 ἐκείο

444 2075 540 2108 νου
569 2051 778 2130 σοφίας,
813 2050 965 2114 αὖθις
996 2048 1102 2104 ἀπὸ
1131 2053 1230 2114 τῆς
1279 2049 1447 2104 αὐτοῦ
1495 2048 1660 2125 ὀρέγῃ
1692 2052 1836 2102 πιεῖν
1868 2065 1882 2081 ⁸
1918 2049 2098 2116 ζητεῖς

439 2142 563 2218 γὰρ,
595 2140 648 2196 τί
673 2161 806 2196 ποτε
849 2138 942 2194 καὶ
990 2137 1157 2194 ταῦτά
1199 2136 1309 2193 ἐστι
1345 2157 1358 2207 ;
1409 2163 1436 2191 ‹‹
1481 2137 1697 2208 Ταύτην
1739 2137 1830 2191 οὗν
1878 2136 1978 2203 τὴν
2011 2133 2098 2205 ξύ-

441 2253 648 2300 στασιν,
696 2227 820 2306 περὶ
867 2232 965 2284 τοῦ
1015 2233 1369 2303 Δημιουργοῦ
1420 2226 1590 2304 λίγων
1639 2226 1668 2280 6
1711 2223 1967 2294 Πλάτων,
2017 2221 2098 2278 δι-

441 2320 590 2391 πλῆν
638 2320 774 2375 κατᾶ
833 2324 1010 2392 μῆκος
1091 2318 1289 2393 σχίσας
1361 2316 1451 2372 καὶ
1513 2317 1676 2388 μέσον
1733 2315 1871 2392 πρὸς
1929 2313 2096 2387 μέσην

441 2409 696 2486 ἑκατέραν
729 2405 1003 2479 ἀλληλοις
1035 2407 1145 2462 οἷον
1182 2411 1250 2482 χῖ
1275 2401 1609 2483 προσϐαλὼν
1650 2403 1971 2480 καταντικρὺ
1999 2406 2102 2466 τῆς

442 2493 785 2576 προσϐολῆς,
841 2496 931 2551 καὶ
982 2494 1033 2550 ἐν
1109 2494 1177 2570 τῇ
1245 2494 1382 2550 κατὰ
1435 2493 1604 2549 ταύτᾶ
1659 2492 1750 2548 καὶ
1809 2491 1860 2548 ἐν
1917 2490 2102 2563 ταύτῷ

443 2589 818 2664 περιαγομένῃ
867 2587 1076 2655 κινήσει
1127 2583 1282 2660 πέριξ
1334 2582 1495 2646 αὐτὰς
1556 2577 1713 2649 λάϐε,
1766 2582 1855 2636 καὶ
1908 2581 1971 2636 τὸ
2006 2580 2100 2653 μὶν

444 2665 870 2754 ἔξω(θεν)φορᾶν
912 2674 1257 2751 ἐπηφήμισεν
1310 2673 1444 2728 εἶναι
1487 2679 1586 2742 τῆς
1629 2670 1832 2727 ταύτοῦ
1862 2669 2098 2748 φύσεως,

440 2770 542 2838 τήν
574 2764 622 2822 δ’
651 2766 802 2828 ἐντὸς
830 2771 929 2834 τῆς
960 2763 1208 2839 θατέρου.
1261 2765 1369 2832 Τήν
1427 2761 1521 2835 μὲν
1574 2759 1641 2829 δή
1688 2759 1894 2830 ταύτης
1932 2757 2101 2814 πλευ-

445 2859 540 2933 ρᾶν
581 2855 667 2912 ἐπὶ
722 2851 867 2926 δεξιὰ
912 2855 1238 2929 περιήγαγε,
1286 2854 1386 2922 τήν
1437 2849 1496 2906 δὲ
1543 2849 1766 2922 θατέραν
1815 2848 1954 2904 κατὰ
1993 2845 2108 2902 διά-

450 2965 641 3021 μετρον
687 2943 771 3000 ἐπ’
822 2944 1096 3017 ἀριστερά.
1149 2940 1355 3015 Κράτος
1405 2937 1608 2995 δέδωκε
1648 2943 1718 3012 τῇ
1765 2938 1964 2993 ταύτοῦ
2012 2937 2103 2992 καὶ

450 3034 643 3108 ὁμοίου
693 3037 1003 3112 περιφορᾷ·
1059 3030 1183 3104 μίαν
1243 3030 1345 3104 γὰρ
1402 3029 1568 3097 αὒτήν
1621 3031 1882 3103 ἄσχιστον
1935 3022 2101 3096 εἷάσε,

445 3125 544 3194 τὴν
587 3121 644 3180 δὲ
698 3121 847 3184 ἐντὸς
895 3119 1089 3197 σχίσας
1137 3119 1346 3193 ἐξαχῶς
1399 3117 1535 3172 ἑπτὰ
1590 3114 1827 3178 κύκλους
1884 3112 2101 3175 ἀνίσους

445 3213 580 3269 κατὰ
623 3215 726 3284 τὴν
781 3216 879 3268 τοῦ
938 3207 1233 3266 διπλασίου
1281 3207 1373 3263 καὶ
1431 3205 1760 3283 τριπλασίου
1821 3202 2097 3260 διάστασιν

447 3301 700 3374 ἑκάστην,
747 3301 922 3357 οὐσῶν
974 3300 1242 3372 ἑκατέρων
1287 3301 1478 3373 τριῶν,
1527 3295 1663 3351 κατὰ
1705 3294 1958 3350 τάναντία
2009 3295 2104 3366 μὶν

446 3391 722 3464 ἀλλήλοις
769 3389 1092 3466 προσέταξεν
1146 3385 1280 3442 ἰέναι
1331 3385 1458 3448 τοὺς
1505 3383 1768 3454 κύκλους,
1819 3383 2014 3458 τάχιον
2046 3379 2105 3436 δὲ

445 3487 593 3556 τρεῖς
627 3483 721 3554 μὲν
755 3478 970 3554 ὁμοίως
1001 3477 1056 3533 ἐν
1115 3475 1268 3553 λόγῳ
1318 3473 1376 3532 δὲ
1407 3473 1731 3554 φερομένας.
1764 3496 1792 3525 ››
1826 3471 1973 3542 Αὕτη
2006 3471 2102 3545 μὲν

449 3574 484 3642 ἡ
520 3568 847 3639 Πλατωνική
878 3569 1045 3638 λέξις.

523 3661 590 3737 β’.
644 3661 708 3717 Ἢ
765 3657 822 3714 δὲ
899 3657 1159 3734 ἐξήγησις
1191 3677 1205 3690 ⁸
1283 3655 1830 3730 Κατακεκάμιρθωσαν
1901 3649 2100 3714 εὐθεῖαι

447 3749 645 3818 οὕτως,
697 3749 836 3805 ὥστε
882 3747 1019 3804 κατά
1065 3746 1130 3801 τὰ
1180 3748 1318 3821 ἄκρα
1372 3742 1538 3798 πάλιν
1595 3742 1972 3803 συνάπτεσθαι.
2011 3737 2102 3793 Γί-

445 3861 630 3896 νονται
663 3837 720 3894 δὶ
750 3836 846 3894 δύο
897 3835 1114 3904 κύκλοι,
1143 3837 1233 3891 καὶ
1283 3833 1490 3889 τούτων
1541 3831 1905 3906 γεγονέτωσαν
1941 3829 1968 3882 6
2005 3828 2100 3900 μὲν

446 3929 621 3999 ἐντὸς,
671 3929 700 3983 6
758 3925 816 3982 δὲ
863 3925 1038 3992 ἐκτὸς,
1088 3925 1238 3998 λοξοὶ
1293 3922 1430 3998 πρὸς
1477 3917 1783 3990 ἀλλήλους.
1838 3915 2098 3974 Καλεῖται

444 4019 628 4074 τοίνυν
662 4019 691 4073 6
734 4017 829 4092 μὶν
878 4015 1076 4072 ταύτοῦ
1123 4011 1350 4081 κύκλος,
1401 4011 1430 4065 6
1475 4007 1533 4064 δέ
1563 4009 1788 4083 θατέρου
1825 4026 1837 4039 ⁸
1869 4005 1960 4060 καί
1990 4005 2100 4061 ἐστι

449 4107 596 4182 παρὰ
656 4107 751 4180 μὲν
791 4106 884 4161 τὸν
959 4102 1278 4179 ἲσημερινὸν
1340 4101 1369 4155 6
1417 4101 1637 4170 ταῦτοῦ,
1693 4095 1839 4170 παρᾶ
1896 4093 1954 4150 δὲ
2007 4095 2100 4150 τὸν

453 4194 718 4267 ζωδιακὸν
742 4197 794 4267 [6
841 4195 1067 4269 Θατέρου
1109 4195 1221 4265 (18)
1247 4193 1264 4263 ]
1289 4208 1304 4222 ⁸
1350 4188 1411 4245 οὐ
1460 4187 1564 4264 γὰρ
1610 4185 1928 4260 ἰσημερινὸς
1966 4184 2102 4260 πρὸς

451 4286 620 4359 ἀρθάς
648 4286 836 4360 τέμνει
893 4285 985 4338 τὸν
1037 4280 1327 4352 ζωδιακόν.
1377 4277 1452 4334 Τὸ
1499 4277 1594 4350 μὶν
1646 4274 1740 4330 οὖν
1791 4286 2104 4348 μαθηματι-

452 4377 572 4445 κὸν,
624 4376 698 4438 ὡς
755 4373 1038 4446 συντόμως
1099 4369 1292 4441 εἰπεῖν,
1339 4367 1466 4442 περὶ
1515 4369 1612 4420 τοῦ
1670 4365 1962 4438 σχήματος
2006 4366 2106 4429 τῆς

451 4468 640 4542 ψυχῆς
668 4462 917 4520 τοιοῦτόν
951 4461 1086 4519 ἐστι.

2221 601 2363 654 ματα
2408 583 2757 651 ποιήσουσιν,
2813 578 3044 654 ἔσονται,
3081 580 3174 637 ’ίνα
3227 581 3350 656 μίαν
3401 579 3508 658 ἐρῶ
3572 581 3866 654 μεσότητα,

2222 669 2419 743 μεταξὺ
2451 674 2548 725 τοῦ
2577 667 2700 726 τπδ’
2725 672 2811 726 καὶ
2859 672 2980 746 ψξη’
3029 668 3334 728 διπλασίων
3381 669 3412 726 6'
3439 692 3498 727 τε
3527 671 3662 748 φιβ’,
3694 675 3868 726 ποιῶν

2214 761 2315 828 τὴν
2345 758 2648 834 ἁρμονικὴν
2705 759 3000 833 μεσότητα,
3043 761 3132 816 καὶ
3183 762 3211 816 6
3259 761 3397 838 φος’,
3442 761 3540 829 τήν
3571 759 3868 836 ἀριθμητι-

2213 849 2340 919 κήν.
2371 852 2509 913 Ἴσθι
2545 847 2604 904 δὲ
2652 849 2750 908 καὶ,
2789 853 2972 919 τοῦτο,
3019 851 3101 905 ὅτι
3157 846 3336 912 οὐδείς
3381 845 3668 924 ἐπιμόριος
3697 845 3868 923 λόγος

2215 937 2290 1000 εἰς
2346 937 2497 1002 ἴσους
2536 938 2822 1012 τέμνεσθαι
2882 936 3103 993 δύναται
3137 957 3151 970 ⁸
3209 938 3271 993 τὸ
3330 938 3420 993 οὗν
3466 937 3756 1010 ἡμιτόνιον
3814 934 3866 991 ἐν

2213 1025 2469 1100 ἀριθμοῖς
2501 1027 2604 1082 οὐκ
2647 1024 2757 1082 ἔστι
2805 1023 2991 1082 λαϐεῖν
3029 1045 3042 1058 ⁸
3095 1024 3224 1083 ἀλλ’
3285 1026 3335 1082 ἐν
3387 1027 3536 1101 μέσῳ
3586 1023 3869 1100 εύρήσεται

2209 1120 2305 1170 τοῦ
2337 1117 2397 1186 ιζ’
2444 1115 2534 1170 καὶ
2579 1121 2676 1172 τοῦ
2738 1117 2803 1171 ια’
2849 1117 3068 1192 λόγους
3125 1115 3216 1172 καί
3273 1116 3414 1171 ἐστιν
3463 1116 3491 1171 6
3553 1117 3614 1185 ιζ’
3668 1115 3867 1188 μείζων

2207 1208 2306 1259 τοῦ
2335 1202 2682 1278 καλουμένου
2735 1204 3064 1280 λείμματος,
3119 1205 3177 1268 ὃς
3223 1205 3290 1275 ἦν
3320 1203 3561 1260 ἐλάσσων
3592 1208 3689 1259 τοῦ
3714 1202 3870 1275 ἀκρι-

2211 1288 2322 1358 ϐως
2368 1295 2684 1368 ἡμιτονίου.
2738 1297 2798 1352 ’Π
2854 1297 2950 1370 μὲν
2996 1296 3086 1350 οὗν
3136 1294 3368 1372 κρύφιος
3423 1297 3524 1364 τῆς
3580 1292 3870 1351 Πλατωνι-

2208 1385 2312 1447 κῆς
2369 1384 2710 1462 ψυχογονίας
2758 1383 3018 1461 ἐξήγησις
3071 1382 3217 1456 ἄλλη
3253 1403 3266 1417 ⁸
3318 1386 3354 1454 ἡ
3405 1380 3465 1439 δὲ
3515 1382 3871 1458 μαθηματική

2209 1492 2369 1544 αυτη.

2286 1691 2517 1750 Βάτωνι-ε
2546 1708 2617 1748 ea:
2643 1694 2842 1750 Timavo
2873 1693 3161 1751 Platonico
3189 1693 3463 1752 doctrina
3493 1694 3798 1750 enarratio.

2281 1781 2331 1836 1.
2367 1780 2693 1837 lnsatiabili
2740 1782 2919 1838 fontis
2968 1783 3252 1839 Platonici
3302 1783 3594 1840 desiderio
3625 1781 3866 1838 teneris.

2208 1867 2355 1924 Nam
2376 1869 2792 1926 utetiamnunc
2815 1870 3246 1944 scaturiginum
3269 1872 3438 1944 copia
3459 1871 3653 1927 alﬂuis
3674 1870 3866 1926 abun-

2208 1957 2433 2029 dasque
2462 1957 2626 2015 illius
2658 1959 2970 2032 sapientia,
3008 1960 3094 2016 sic
3144 1963 3337 2018 denuo
3366 1976 3496 2017 eam
3526 1959 3864 2016 combibere

2207 2046 2394 2118 cupis.
2430 2048 2651 2113 Queris
2681 2048 2860 2116 enim,
2911 2049 3035 2104 haec
3085 2065 3321 2122 quoque
3368 2049 3654 2122 quidnam
3685 2045 3854 2104 sint?

2209 2140 2286 2191 De
2318 2151 2511 2192 rerum
2539 2136 2758 2208 Opiﬁce
2784 2156 2800 2205 ;
2834 2159 2864 2187 «
2900 2139 3055 2193 [lano
3085 2139 3268 2210 igitur
3297 2155 3534 2195 omnem
3563 2167 3634 2180 —
3662 2136 3860 2208 inquit

2207 2224 2369 2280 Plato
2399 2256 2469 2267 —
2497 2226 2974 2296 conjunctionem
2998 2227 3235 2296 diffidit,
3286 2228 3492 2284 mediae
3539 2241 3861 2284 accommo-

2205 2314 2356 2369 dans
2385 2313 2641 2370 mediam
2673 2314 2729 2369 in
2761 2315 3017 2387 speciem
3040 2316 3245 2372 Graecas
3266 2317 3472 2372 littera:
3491 2318 3596 2373 Xe
3628 2316 3864 2387 regione

2209 2403 2616 2458 commissurae
2652 2421 2666 2458 :
2697 2420 2881 2476 eoque
2914 2411 3100 2471 motu,
3133 2407 3307 2477 cuius
3357 2406 3516 2462 orbis
3547 2405 3862 2477 semperin

2208 2491 2412 2547 eodem
2442 2498 2567 2547 erat
2595 2494 2917 2565 eodemque
2947 2496 3121 2550 modo
3171 2495 3457 2564 ci'ebatur,
3483 2495 3746 2567 undique
3777 2499 3868 2549 est

2209 2596 2309 2635 eas
2340 2580 2774 2652 circumplexus
2798 2599 2810 2638 :
2831 2590 2890 2638 et
2909 2583 3196 2639 circulum
3219 2584 3472 2640 alterum
3494 2583 3865 2649 exteriorem,

2209 2670 2548 2726 interiorem
2583 2670 2832 2726 alterum
2865 2672 3380 2729 fecit.Exteriorem
3414 2673 3649 2745 quidem
3665 2673 3867 2728 orbem

2210 2758 2357 2814 dixit
2386 2776 2516 2815 esse
2546 2761 2813 2831 ejusdem
2849 2767 3092 2830 naturae,
3126 2763 3370 2818 alterius
3399 2767 3595 2818 autem
3628 2761 3838 2817 interio

2212 2865 2358 2917 rem,
2390 2847 2673 2922 illiusque
2705 2849 2860 2906 latus
2893 2850 2950 2906 in
2983 2852 3285 2908 dexteram
3320 2856 3545 2924 partem
3595 2851 3864 2920 detorsit,

2214 2939 2365 2994 hanc
2396 2939 2686 3011 (alteram)
2717 2960 2749 2997 τι
2781 2941 2977 2997 media
3006 2941 3160 2998 linea
3203 2943 3274 2998 ad
3305 2942 3532 2999 laevam.
3563 2941 3866 3014 Principa-

2215 3032 2340 3083 tum
2372 3029 2535 3085 dedit
2563 3031 2830 3100 ejusdem
2863 3032 3231 3104 mqualisque
3260 3031 3867 3088 circumvectioni.80-

2212 3117 2504 3174 lamillam
2527 3119 2684 3174 enim
2701 3120 3014 3176 indivisam
3039 3120 3646 3192 reliquit.lnteriorem
3669 3126 3867 3177 autem

2212 3223 2348 3262 cum
2379 3223 2569 3264 sexies
2601 3209 2660 3263 in
2693 3213 2916 3279 septem
2940 3210 3112 3265 orbes
3133 3209 3312 3282 duplo
3343 3214 3400 3266 et
3428 3209 3602 3282 triplo
3631 3226 3867 3281 quoque

2214 3295 2519 3352 intervallo
2535 3296 2803 3368 dispares
2817 3297 3118 3354 divisisset
3130 3300 3288 3370 (nam
3306 3299 3418 3354 tria
3432 3303 3572 3355 sunt
3592 3299 3788 3369 utrinq
3801 3315 3870 3353 ue

2213 3385 2566 3454 intervalla),
2599 3386 2910 3442 contrariis
2942 3387 3096 3443 inter
3121 3405 3184 3444 se
3230 3388 3506 3444 cursibus
3537 3386 3754 3444 moveri
3775 3404 3869 3443 or-

2215 3474 2314 3530 bes
2337 3473 2916 3546 jussit,celeriusque
2935 3477 3307 3543 tres,ratione
3329 3483 3525 3533 autem
3555 3477 3644 3549 (ac
3667 3494 3872 3532 nume-

2213 3564 2298 3633 ro)
2329 3581 2392 3620 se
2425 3568 2780 3620 moventes.»
2813 3565 2943 3621 Haec
2961 3566 3203 3637 quidem
3229 3568 3406 3623 verba
3435 3571 3577 3622 sunt
3605 3565 3868 3622 Platonis

2281 3657 2336 3707 2.
2368 3653 2499 3708 Jam
2531 3670 2664 3709 vero
2697 3655 2988 3711 enarratio
3017 3655 3160 3726 (haec
3208 3656 3320 3728 est)
3357 3673 3370 3711 :
3401 3657 3732 3714 Curvantor
3759 3655 3866 3728 igi-

2211 3746 2309 3798 tur
2337 3749 2505 3798 rectae
2537 3743 2750 3814 (lineas)
2782 3744 2884 3809 ita,
2917 3749 2982 3799 ut
3027 3745 3305 3801 extremis
3365 3745 3628 3817 partibus
3659 3761 3866 3800 rursus

2211 3836 2654 3899 connectantur,
2689 3834 2952 3904 fiantque
2983 3834 3102 3888 duo
3133 3834 3326 3901 orbes,
3375 3835 3678 3905 (quorum)
3711 3851 3866 3890 unus

2213 3920 2455 3975 interior
2495 3921 2653 3993 (est),
2707 3922 2854 3977 alter
2899 3923 3169 3994 exterior,
3220 3939 3289 3978 ex
3337 3923 3577 3995 obliquo
3622 3923 3775 3979 inter
3803 3940 3868 3979 se

2211 4009 2502 4066 collocati.
2539 4012 2742 4080 Itaque
2774 4009 2867 4065 hic
2897 4011 3162 4080 ejusdem
3196 4011 3359 4067 orbis
3393 4011 3748 4078 nominatur,
3780 4010 3865 4066 al-

2210 4098 2395 4154 terius
2427 4097 2542 4153 ille.
2581 4098 2977 4170 Ejusdemque
2998 4100 3096 4171 qui
3122 4101 3550 4170 vocatur,juxta
3576 4099 3862 4156 circulum

2211 4187 2678 4259 aequinoctialem
2711 4187 3004 4258 est,juxta
3031 4189 3340 4245 zodiacum
3364 4190 3459 4262 [is,
3490 4189 3592 4261 qui
3623 4189 3866 4245 alterius

2213 4275 2587 4349 appellatur].
2622 4276 2822 4349 Neque
2853 4277 3011 4333 enim
3043 4279 3474 4350 aequinoctialis
3496 4277 3752 4334 circulus
3773 4295 3867 4333 zo-

2212 4367 2448 4422 diacum
2481 4366 2658 4421 rectis
2688 4366 2926 4436 angulis
2958 4371 3135 4423 secat.
3157 4367 3229 4424 Ut
3255 4369 3510 4424 breviter
3541 4367 3725 4441 igitur
3743 4383 3865 4422 rem

2217 4471 2556 4528 persequar,
2591 4454 2714 4510 haec
2746 4456 2864 4511 fere
2894 4460 3058 4523 sunt,
3089 4473 3217 4528 quas
3269 4475 3302 4514 a
3333 4456 3766 4515 Mathematicis
3798 4457 3869 4510 de

523 4529 667 4633 δρὸς
691 4552 749 4610 δὶ
775 4554 876 4624 τὴν
917 4550 1163 4628 ψυχικὴν
1198 4547 1384 4604 οὐσίαν
1416 4545 1511 4601 τὸν
1543 4542 1708 4621 λόγον
1741 4529 2096 4618 ἐπανάγοντές

2214 4545 2399 4601 l'orma
2428 4544 2642 4602 animas
2662 4543 2780 4600 dici
2809 4547 3170 4617 possunt.Ad
3202 4547 3415 4604 anima
3444 4551 3641 4604 autem
3664 4563 3869 4604 essen-

531 5639 748 5718 (l_8)_[’p_
775 5637 1042 5711 θατέροσ].
1066 5635 1208 5718 .H‘zac
1246 5633 1442 5718 verba,
1476 5649 1510 5714 a
1541 5632 1710 5718 nobis
1742 5633 1997 5705 adjecta,
2028 5633 2126 5691 ita
2155 5635 2227 5691 ad
2259 5637 2611 5694 sententiam
2644 5632 2975 5692 necessaria
3003 5634 3163 5701 sunt,
3197 5634 3262 5686 ut
3290 5632 3576 5690 excidisse
3607 5649 3722 5688 non
3744 5634 3872 5689 sine

462 5704 750 5788 probabili
784 5704 963 5766 causa
992 5704 1314 5764 existimari
1342 5704 1589 5778 possint.
1629 5705 1868 5762 Lmnaa.
