4124 6398
334 365 489 426 110⁸1

1665 361 2090 426 MICHAELIS
2134 362 2409 424 PSELLI

3594 363 3750 425 H08

326 495 469 551 tiam
501 497 552 552 si
573 496 896 552 orationem
923 498 1378 565 revocamus,sic
1403 496 1968 556 scntimus,animatr

2099 512 2296 566 φαμεν,
2339 492 2414 553 ὡς
2459 490 2632 554 πάσας
2680 492 2776 554 τὰς
2828 491 3136 565 ἐπιστήμας
3180 489 3462 555 οῧσιωδως
3508 493 3542 562 ἠ
3577 493 3748 571 ψυχὴ

328 601 530 640 revera
560 602 792 641 omnem
827 587 1276 660 disciplinarum
1301 588 1606 644 scientiam
1633 587 1976 658 anticipare,

327 675 433 745 (ut)
467 675 524 729 in
554 677 875 746 geometria
907 676 1300 749 integritatem
1335 678 1414 747 (id
1451 677 1604 748 quod
1655 677 1712 731 in
1744 677 1978 746 quanti-

326 768 444 818 tate
475 763 674 836 aliqua
705 766 1525 838 versatur),liguram,lineam
1558 784 1570 834 ;
1606 765 1663 820 in
1699 765 1978 820 arithme-

325 853 444 907 tica
463 854 820 927 (disciplina)
846 856 1661 922 multitudinem,essentialcs
1692 856 1977 909 unitates:

325 942 386 998 in
414 943 758 1000 harmonica
788 961 1172 1001 numerorum
1223 946 1481 1020 rationes
1517 963 1529 1000 :
1581 945 1642 1000 in
1695 943 1981 1016 sphaerica

325 1031 590 1102 duplices
623 1039 844 1089 motus.

396 1121 674 1186 3,Animae
699 1121 878 1194 igltur
902 1124 959 1178 in
979 1123 1407 1195 longitudinem
1433 1123 1610 1179 sectio
1633 1139 1974 1195 processum

323 1209 546 1264 indicat
576 1210 832 1282 desuper
861 1229 895 1267 a
925 1229 1120 1267 rerum
1173 1212 1381 1284 opiﬁce
1430 1216 1788 1278 manantem,
1823 1211 1978 1266 unde

323 1302 456 1370 post
488 1315 666 1355 unam
694 1300 822 1356 dua:
847 1302 1055 1356 anima:
1077 1302 1697 1373 exoriuntur,quarum
1727 1307 1979 1371 utraque

321 1387 558 1443 easdem
590 1388 764 1444 habet
795 1390 1232 1460 rationes,inter
1253 1407 1432 1463 seque
1459 1395 1514 1445 et
1537 1391 1980 1460 conjunguntur

323 1481 380 1530 et
410 1476 857 1549 distinguuntur
886 1483 942 1534 et
971 1479 1185 1535 centris
1216 1480 1528 1535 coharent.
1562 1479 1682 1534 Hoc
1712 1478 1870 1534 enim
1903 1477 1977 1532 si-

323 1565 565 1637 gnificat
594 1565 738 1622 illud
775 1590 801 1617 ‹‹
837 1567 1162 1640 mediisque
1212 1569 1603 1624 accomodans
1635 1568 1912 1624 mediam.
1948 1589 1975 1616 n

325 1655 482 1720 Quas
506 1671 638 1711 cum
669 1655 729 1710 in
759 1656 1048 1712 circulum
1084 1657 1448 1728 rotundavit,
1481 1655 1847 1728 intelligendi
1900 1655 1978 1712 vi-

322 1742 590 1812 donatas,
647 1759 713 1801 eo
762 1761 966 1812 cursu,
1003 1745 1102 1818 qui
1170 1763 1408 1817 semper
1483 1746 1539 1800 in
1608 1746 1813 1801 eodem
1862 1750 1974 1815 est,

2089 581 2399 658 προείληφε
2435 602 2447 616 ·
2481 583 2580 650 τήν
2621 581 2958 658 γεωμετρίαν
3011 581 3149 636 κατὰ
3197 583 3296 649 τήν
3320 580 3582 652 ὁλότητα,
3614 582 3749 636 κατᾶ

2087 672 2150 724 τὸ
2210 678 2428 745 σχῆμα,
2480 672 2618 726 κατά
2686 672 2781 732 τὰς
2852 671 3113 747 γραμμάς
3148 690 3160 702 ·
3219 673 3318 741 τήν
3382 671 3752 746 ἀριθμητικὴν

2088 760 2224 814 κατά
2267 762 2329 814 τὸ
2378 759 2613 829 πλῆθος,
2674 761 2810 814 κατὰ
2858 762 2953 821 τὰς
3013 758 3298 822 οὐσιώδεις
3363 759 3414 814 ἐν
3460 760 3594 834 αὐτῇ
3648 781 3749 833 μο-

2089 846 2251 910 νάδας
2289 868 2300 881 ·
2333 850 2431 917 τὴν
2484 849 2790 923 ἁρμονικὴν
2837 849 2974 904 κατὰ
3017 849 3146 913 τοὺς
3189 849 3386 925 λόγους
3426 853 3532 904 τῶν
3597 849 3746 922 ἀριθ-

2093 942 2208 1010 μῶν
2255 958 2268 972 ο
2301 939 2400 1006 τήν
2433 935 2488 992 δὶ
2537 939 2828 1016 σφαιρικὴν
2875 939 3008 994 κατά
3054 939 3148 1000 τάς
3202 935 3384 1000 διττάς
3416 940 3743 1017 περιφορᾶς.

2157 1123 2220 1190 γ’.
2253 1117 2313 1172 Ἠ
2342 1116 2519 1170 τοίνυν
2564 1115 2700 1171 κατᾶ
2751 1123 2928 1190 μῆκος
2979 1113 3240 1192 διαίρεσις
3281 1123 3381 1187 τῆς
3427 1119 3611 1192 ψυχῆς
3641 1117 3740 1185 τὴν

2089 1203 2290 1260 ἄνωθεν
2350 1206 2456 1260 ἀπὸ
2513 1210 2609 1260 τοῦ
2683 1203 3032 1282 Δημιουργοῦ
3090 1207 3431 1276 καθήκουσαν
3491 1204 3740 1283 ἐμφαίνει

2087 1290 2346 1368 πάροδον,
2394 1295 2482 1372 ἀφ’
2515 1295 2576 1348 οὗ
2626 1295 3027 1371 ἀπογεννῶνται
3075 1295 3248 1370 ψυχαὶ
3309 1293 3405 1350 δύο
3459 1296 3592 1368 μετὰ
3644 1296 3742 1364 τήν

2093 1381 2240 1454 μίαν,
2276 1384 2348 1436 ῶν
2392 1383 2614 1458 ἐκατὲρα
2644 1383 2771 1445 τοὺς
2821 1383 3016 1446 αὐτοὺς
3064 1382 3179 1459 ἔχει
3231 1383 3449 1460 Λόγους,
3478 1383 3568 1438 καὶ
3619 1405 3741 1438 συν-

2087 1471 2346 1526 άπτονται
2380 1470 2679 1543 ἀλλήλαις,
2728 1472 2818 1527 καὶ
2872 1469 3163 1547 διῄρηνται
3204 1473 3296 1527 ἀπ’
3328 1471 3620 1544 ἀλλήλων,
3653 1473 3742 1528 καὶ

2085 1558 2324 1629 ἤνωνται
2383 1567 2500 1624 τοῖς
2555 1563 2757 1616 ἑαυτῶν
2809 1561 3074 1638 κίντροις.
3139 1563 3314 1619 Τοῦτο
3364 1561 3462 1636 γάρ
3525 1561 3636 1616 ἐστι
3681 1562 3744 1616 τὸ

2086 1674 2114 1701 ι(
2160 1652 2330 1722 μέσην
2380 1651 2516 1727 πρὸς
2573 1651 2761 1724 μέσην.
2799 1675 2827 1702 ››
2865 1651 2968 1708 Καὶ
3019 1653 3361 1724 κατέκαμψεν
3390 1650 3553 1714 αὐτὰς
3585 1652 3613 1706 6
3646 1648 3743 1722 δη-

2087 1741 2352 1816 μιουργὸς
2385 1740 2460 1802 εἰς
2512 1738 2736 1808 κύκλον,
2789 1741 2878 1794 καὶ
2927 1744 2996 1813 τῇ
3055 1740 3191 1795 κατὰ
3231 1740 3398 1795 ταύτά
3443 1741 3532 1796 καὶ
3582 1741 3632 1795 ἐν
3663 1746 3742 1812 τῷ

320 1832 643 1905 eodemque
691 1834 864 1890 modo
911 1834 1343 1906 circumagitur,
1391 1834 1816 1905 circumplexus
1863 1839 1968 1903 est,

2083 1829 2234 1900 αὐτῷ
2273 1829 2481 1899 κίνήσει
2529 1823 2848 1903 περιέλαϐεν
2900 1829 3067 1891 αὐτὰς
3125 1829 3316 1903 νοεράς
3359 1831 3615 1900 ποιήσας,
3647 1830 3734 1884 καὶ

2149 1923 2172 1932 τ
2352 1915 2375 1935 ἢ
2417 1918 2426 1933 \
2553 1918 2565 1935 ν
2646 1924 2667 1934 ν
2754 1930 2770 1935 -
2816 1918 2828 1935 Ι
3021 1920 3033 1934 \
3085 1919 3099 1935 Ἴ
3146 1930 3161 1935 -
3206 1919 3218 1935 1
3339 1921 3352 1935 ι
3436 1915 3490 1935 ‘I
3541 1916 3564 1935 ἢ
3669 1923 3696 1933 ιο

319 1922 556 1992 quando
588 1923 905 1995 participes
935 1940 1034 1979 eas
1086 1923 1221 1980 fecit
1270 1923 1482 1979 divinae
1532 1924 1747 1979 mentis
1779 1925 1970 1993 (ratio-

316 2011 453 2080 nis),
486 2011 906 2083 transtulitque
936 2012 1267 2068 animarum
1319 2012 1660 2068 dualitatem
1695 2014 1766 2068 ad
1799 2013 1967 2069 intel-

313 2097 628 2155 lectualem
660 2100 1006 2157 dualitatem
1039 2102 1297 2158 essentia
1327 2101 1400 2156 iis
1451 2106 1845 2173 praestantem,
1879 2102 1967 2158 ni-

316 2188 535 2243 mirum
585 2190 741 2260 quia,
783 2190 1076 2262 siquidem
1126 2192 1343 2263 duplex
1383 2191 1656 2248 animalis
1704 2193 1822 2248 vita
1870 2193 1968 2259 sit,

315 2293 434 2332 una
464 2278 521 2332 in
549 2279 896 2350 cogitatione
927 2280 1140 2352 posita,
1173 2281 1357 2347 altera
1389 2282 1444 2335 in
1476 2281 1969 2353 opinatione,duaa

314 2371 481 2421 rectae
513 2366 724 2438 (lineae)
773 2369 1126 2440 proveniunt
1165 2375 1223 2426 et
1271 2370 1330 2424 in
1382 2371 1553 2426 orbes
1601 2376 1966 2426 curvantur:

314 2456 520 2510 media:
553 2462 748 2512 autem
797 2459 1254 2514 accommodans
1302 2459 1557 2514 mediam
1609 2459 1709 2527 ita,
1764 2460 1972 2532 opinor

320 2545 606 2617 (dicitur),
639 2547 689 2600 si
723 2547 794 2601 ad
829 2564 1050 2619 ea,qua2
1085 2564 1187 2619 per
1218 2564 1280 2603 se
1312 2549 1504 2603 media
1538 2549 1856 2617 sunt,facta
1882 2554 1973 2604 est

319 2634 530 2689 animai
561 2636 920 2706 conjunctio.
955 2637 1321 2692 Postremum
1356 2637 1513 2691 enim
1548 2637 1700 2706 ejus,
1732 2639 1887 2708 quod
1912 2638 1970 2692 in

316 2723 668 2793 cogitatione
685 2725 943 2796 positum
961 2728 1156 2794 est(:
1173 2726 1389 2780 mentis
1411 2724 1970 2798 intelligentiaeque),

315 2817 372 2864 et
402 2827 703 2866 summum
727 2813 876 2882 ejus,
919 2814 1073 2884 quod
1125 2812 1400 2884 opinione
1453 2813 1973 2884 comprehenditur

316 2898 561 2970 (opinati
583 2905 640 2954 et
660 2901 1066 2972 sensibilis),in
1092 2902 1283 2957 media
1309 2902 1522 2957 animae
1544 2904 1970 2974 compositione

313 3004 551 3059 semper
566 2991 816 3056 est.Quze
840 3008 972 3046 vero
993 3008 1060 3046 ex
1083 2993 1475 3047 commissura
1500 2997 1625 3046 orta
1646 2997 1736 3047 est
1759 2994 1965 3060 forma,

313 3075 376 3150 χὶ
409 3077 616 3149 dico,ei
650 3079 895 3136 multum
917 3098 1047 3136 cum
1074 3081 1273 3136 anima
1293 3081 1638 3136 afﬁnitatem
1674 3098 1804 3137 esse
1826 3084 1968 3139 dicit

314 3165 672 3239 Porphyrius
702 3169 819 3225 ille.
857 3171 985 3225 Fuit
1015 3169 1196 3238 enim,
1233 3169 1445 3240 inquit,
1487 3171 1640 3240 apud
1669 3171 1966 3243 Egyptios

2081 1923 2176 1972 νοῦ
2210 1915 2474 1992 μεταδοὺς
2509 1918 2695 1980 αὐταῖς
2749 1918 2897 1982 θείου
2946 1920 3036 1973 καὶ
3083 1919 3252 1983 ἐνθεὶς
3293 1921 3394 1988 τήν
3433 1915 3600 1974 δύαδα
3631 1923 3736 1973 τῶν

2079 2011 2272 2082 ψυχῶν
2306 2007 2380 2070 εἷς
2416 2005 2584 2062 δυάδα
2631 2007 2820 2083 νοεράν
2853 2009 2969 2062 κατ’
3009 2006 3193 2062 οὐσίαν
3228 2006 3402 2063 αὐτῶν
3436 2009 3732 2084 ὑπερέχου-

2081 2118 2174 2151 σαν
2209 2115 2221 2128 °
2323 2099 2404 2152 ὅτι
2439 2093 2623 2166 διττῆς
2668 2096 2836 2167 οῧσης
2880 2104 2981 2165 τῆς
3030 2100 3272 2172 ψυχικῆς
3309 2103 3476 2167 ζωῆς,
3506 2105 3606 2168 τῆς
3639 2097 3735 2171 μὶν

2081 2183 2457 2257 διανοητικῆς,
2511 2193 2612 2256 τῆς
2672 2183 2728 2241 δὶ
2780 2183 3120 2257 δοξαστικῆς,
3180 2184 3276 2241 δύο
3335 2187 3534 2242 εὐθεῖαι
3593 2207 3730 2263 προ-

2080 2277 2360 2352 έρχονται,
2409 2275 2500 2331 καὶ
2551 2275 2628 2338 εἷς
2682 2273 2775 2330 δόο
2819 2275 3296 2350 κατακάμπτονται
3348 2274 3585 2341 κύκλους
3616 2297 3628 2308 ³
3670 2278 3733 2333 τὸ

2081 2361 2138 2419 δὲ
2172 2366 2341 2438 μὲσην
2374 2365 2511 2441 πρὸς
2563 2363 2731 2437 μέσην
2783 2366 2929 2440 τάχα
2978 2361 3060 2420 ὅτι
3107 2365 3242 2420 κατὰ
3270 2366 3335 2420 τὰ
3365 2365 3566 2438 κυρίως
3600 2366 3735 2438 μέσα

2079 2455 2293 2528 γέγονεν
2320 2457 2354 2524 ἡ
2388 2455 2594 2532 συναφὴ
2651 2460 2752 2523 τῆς
2799 2457 3006 2531 ψυχῆς,
3056 2461 3210 2509 ’Ἐστι
3260 2455 3361 2531 γὰρ
3409 2455 3472 2509 τὸ
3504 2453 3733 2531 ἔσχατον

2077 2547 2175 2598 τοῦ
2235 2540 2584 2612 διανοητικοῦ
2641 2544 2732 2598 καὶ
2779 2543 2842 2598 τὸ
2916 2543 3213 2618 ἀκρόρατον
3269 2548 3366 2598 τοῦ
3425 2541 3738 2617 δοξαστικοῦ

2085 2635 2220 2705 μετά
2247 2633 2425 2702 πάσης
2461 2639 2562 2701 τῆς
2611 2635 2856 2706 ψυχικῆς
2904 2633 3225 2696 συστάσεως.
3269 2633 3418 2689 Αὐτὸ
3469 2631 3526 2688 δὲ
3567 2635 3628 2689 τὸ
3679 2633 3738 2690 ἰκ

2079 2729 2181 2790 τῆς
2213 2717 2531 2795 προσϐολῆς
2582 2721 2875 2795 γενόμενον
2922 2729 3138 2796 σχῆμα,
3183 2723 3327 2800 φημὶ
3357 2719 3422 2792 δὴ
3453 2724 3515 2778 τὸ
3541 2729 3626 2800 χῖ,
3659 2723 3733 2786 ὡς

2080 2811 2176 2884 ὅγε
2206 2809 2514 2885 Πορφύριος
2560 2811 2784 2883 ἱστορεῖ,
2837 2809 3058 2879 πολλήν
3112 2807 3424 2882 οἰκειότητα
3454 2809 3571 2887 ἔχει
3599 2812 3734 2887 πρὸς

2078 2902 2176 2968 τῆν
2210 2902 2394 2975 ψυχήν
2433 2919 2444 2930 ⁸
2478 2898 2743 2974 ἐτυγχανε
2791 2900 2917 2976 γάρ,
2967 2900 3122 2978 φησὶ,
3170 2901 3317 2972 παρά
3361 2908 3477 2964 τοῖς
3518 2903 3733 2976 Αἱγυπ-

2077 2990 2214 3053 τίοις
2232 2993 2482 3052 τοιοῦτος
2527 2990 2840 3064 χαρακτὴρ,
2890 2989 3171 3063 σύμλολον
3203 2992 3379 3066 φέρων
3410 2997 3510 3060 τῆς
3539 3013 3737 3064 κοσμι-

2078 3087 2180 3148 κῆς
2237 3083 2442 3153 ψυχῑς,
2527 3078 2728 3133 κύκλον
2812 3073 3327 3154 περιϐεόλημὲνος·
3409 3079 3734 3154 ἐσημαίνετο

2084 3171 2180 3241 μὶν
2239 3168 2341 3242 γὰρ
2400 3165 2490 3222 διὰ
2549 3169 2642 3241 μὶν
2707 3172 2814 3222 τῶν
2889 3169 3111 3232 εὐθειῶν
3190 3171 3224 3239 ἡ
3281 3167 3529 3238 δυοειδὴς
3584 3167 3737 3225 δύνα-

314 3255 605 3325 ejusmodi
637 3257 845 3327 forma,
878 3259 1086 3314 anima:
1139 3260 1452 3313 mundana:
1504 3262 1700 3312 notam
1731 3276 1961 3330 gerens,

2083 3240 2174 3332 μις
2373 3240 2582 3333 ψυχῆς,
2641 3255 2732 3312 διὰ
2806 3255 2863 3312 δὲ
2936 3262 3032 3312 τοῦ
3084 3257 3290 3314 κύκλου
3346 3262 3382 3329 ἡ
3441 3257 3733 3332 μονοειδὴς

317 3343 443 3399 orbi
473 3345 870 3402 circumdata:
906 3348 1200 3419 rectisque
1223 3347 1444 3418 (lineis)
1468 3347 1736 3402 biformis
1758 3349 1966 3404 animas

319 3437 581 3506 potentia
610 3435 1082 3506 significabatur,
1115 3436 1253 3491 orbe
1285 3439 1483 3490 autem
1518 3435 1830 3492 uniformis
1851 3439 1974 3492 vita

321 3526 497 3592 atque
530 3522 950 3581 intellectualis
981 3524 1282 3582 conversio
1315 3522 1686 3579 orbiculatim
1720 3526 1927 3581 ﬂexilis
1961 3545 1974 3583 :

322 3613 520 3666 motus
550 3627 704 3678 vero,
737 3615 839 3684 qui
871 3615 929 3668 in
962 3615 1166 3670 eodem
1200 3628 1434 3685 semper
1462 3612 1784 3684 eodemque
1808 3618 1981 3672 modo

2090 3348 2203 3416 ζωὴ
2263 3347 2352 3402 καὶ
2401 3349 2435 3414 ἡ
2485 3347 2620 3400 κατὰ
2692 3345 2893 3400 κύκλον
2968 3348 3129 3423 νοερὰ
3184 3347 3528 3426 ἐπιστροφή’
3589 3351 3624 3418 ἡ
3686 3345 3745 3403 δὲ

2084 3438 2220 3490 κατὰ
2266 3434 2433 3490 ταύτά
2487 3434 2576 3488 καὶ
2631 3433 2681 3488 ἰν
2757 3434 2940 3507 ταύτῷ
2995 3438 3364 3510 πιριαγομὲνη
3439 3437 3646 3506 κίνησις
3703 3440 3738 3506 ἡ

2089 3525 2251 3597 νοερὰ
2298 3523 2408 3578 ἐστι
2464 3523 2781 3598 περιφόρά·
2844 3521 2980 3595 αὕτη
3033 3525 3133 3600 γὰρ
3188 3529 3435 3601 περιέχει
3483 3527 3583 3595 τῆν
3642 3530 3746 3601 ψυ-

2096 3618 2204 3690 χήν
2241 3635 2254 3650 ο
2303 3614 2391 3668 καὶ
2441 3615 2475 3682 ἡ
2539 3613 2636 3686 μὲν
2700 3610 2988 3688 μονοειδής
3040 3614 3204 3685 ἐστιν,
3266 3619 3300 3686 ἡ
3363 3614 3418 3671 δὶ
3469 3613 3742 3686 δυοειδής.

1656 3781 2148 4507 i/E/
2165 3813 2282 3935 Ν

1667 4233 1904 4494 ‘\
1961 4227 2148 4519 ,λ
2176 4404 2282 4484 χ

307 4579 520 4649 cietur,
575 4577 990 4635 intellectualis
1039 4579 1140 4638 illa
1188 4585 1598 4647 circumvectio
1648 4594 1758 4656 est,
1827 4606 1954 4661 quis

2083 4589 2161 4643 (ai
2195 4591 2222 4645 6
2283 4594 2376 4666 μὲν
2422 4589 2522 4664 ἔξω
2569 4599 2676 4650 τῶν
2733 4594 2952 4652 κύκλιον
3009 4600 3037 4652 6
3087 4595 3430 4668 διανοητικός
3462 4599 3599 4654 ἐστιν
3633 4620 3646 4632 ⁸
3681 4604 3708 4656 6

303 4669 542 4741 quidem
578 4667 836 4722 animum
871 4669 1304 4740 complectitur.
1358 4682 1530 4736 Atera
1581 4686 1778 4736 autem
1825 4679 1960 4734 uni-

301 4757 509 4814 formis
537 4761 646 4824 est,
682 4757 866 4811 altera
895 4757 1276 4820 biformis.Ex
1307 4769 1550 4824 orbibus
1585 4774 1779 4824 autem
1804 4778 1959 4824 exte-

299 4847 420 4903 rior
463 4847 533 4901 ad
601 4850 855 4901 mentem
925 4846 1496 4928 intelligentiamque
1564 4858 1835 4928 pertinet,
1887 4860 1957 4913 ad

297 4937 700 5008 Opinationem
734 4941 932 4990 autem
968 4937 1595 5001 interior.N0minandi
1628 4963 1827 5002 vocem
1852 4965 1958 5004 au-

297 5031 416 5081 tem
447 5025 567 5081 noli
602 5029 805 5096 putare
832 5041 1054 5080 meram
1080 5031 1337 5087 nominis
1371 5033 1957 5107 impositionem,sed

295 5115 692 5185 potentiarum
757 5113 1153 5185 (largitionem
1211 5122 1287 5192 et)
1336 5125 1954 5194 communicationem,

295 5203 472 5257 Menti
506 5203 662 5258 enim
698 5202 1269 5280 (intelligentiieque)
1305 5212 1459 5268 idem
1499 5217 1953 5286 reprmsentandi

294 5291 636 5346 lacultatem
672 5291 875 5362 Opifex
908 5309 1099 5348 rerum
1137 5297 1706 5374 distribuit,opinato
1729 5321 1792 5359 ac
1820 5322 1956 5359 sen-

2071 4676 2129 4733 δὶ
2155 4679 2303 4744 ἐντὸς
2354 4684 2381 4737 6
2441 4682 2772 4754 δοξαστικός.
2831 4687 2900 4740 Τὸ
2948 4684 3003 4740 δὶ
3053 4685 3381 4764 ἐπιφημίσαι
3445 4689 3602 4766 φάναι
3650 4693 3727 4763 μή

2073 4767 2214 4822 Θέσιν
2245 4770 2512 4845 ὀνόματος
2543 4773 2712 4846 ψιλὴν
2763 4771 3068 4849 ὑπολάϐῃς,
3121 4774 3266 4831 ἀλλά
3309 4775 3593 4848 μετάδοσιν
3628 4776 3726 4833 δυ-

2069 4859 2307 4930 νάμεων.
2350 4866 2436 4933 Τῷ
2473 4862 2564 4934 μὶν
2616 4863 2718 4937 γάρ
2769 4860 3102 4936 διανοητικῴ
3143 4867 3204 4919 τὸ
3234 4867 3560 4921 ταυτοποιόν
3595 4888 3607 4900 ·
3644 4873 3722 4939 τῷ

2071 4945 2126 5001 δὲ
2181 4945 2483 5022 δοξαστικῷ
2534 4951 2594 5005 τὸ
2645 4952 2952 5026 ἑτεροποιὸν
3003 4955 3280 5027 ἀπένειμε,
3333 4956 3430 5010 Καὶ
3470 4956 3556 5010 ἐπὶ
3587 4957 3719 5011 τού-

2066 5057 2181 5097 τοις
2235 5038 2303 5092 τά
2363 5040 2456 5111 μὲν
2511 5039 2738 5113 κρείττω
2807 5041 2893 5094 καὶ
2957 5041 3200 5117 θειότερα
3251 5048 3371 5105 ταῖς
3420 5045 3722 5117 κρείττοσιν

2067 5125 2322 5200 ἀπονέμει
2379 5125 2665 5200 δυνάμεσιν
2724 5129 2751 5182 6
2828 5131 3200 5205 Δημιουργὸς,
3268 5136 3338 5205 τῇ
3399 5131 3493 5205 μάν
3551 5134 3720 5207 ταύτῇ

2065 5215 2127 5269 τὸ
2160 5214 2245 5270 ἐπὶ
2281 5214 2448 5286 δεξιὰ,
2495 5221 2574 5288 τῷ
2607 5214 2664 5271 δὲ
2717 5217 2925 5294 Οατὲρῳ
2981 5221 3048 5274 τὰ
3094 5220 3176 5275 ἐπ’
3233 5220 3488 5297 ἀριστερὰ
3538 5223 3719 5277 καὶτὸ

2071 5306 2163 5377 μὲν
2194 5305 2513 5381 πλευρικὸν,
2541 5310 2610 5380 τῇ
2644 5303 2700 5360 δὲ
2730 5307 2792 5360 τὸ
2824 5304 3196 5385 διαμετρικόν.

289 5377 446 5434 sibili
478 5379 752 5434 Alterum.
792 5383 1041 5444 Accedit,
1076 5389 1228 5454 quod
1263 5407 1346 5444 ea.
1385 5409 1509 5462 qua;
1546 5393 1785 5447 meliora
1818 5401 1955 5449 sunt
1985 5401 2042 5450 et
2073 5377 2380 5462 diviniora,
2416 5377 2757 5453 melioribus
2792 5377 3067 5469 pote'ntii's
3100 5402 3332 5456 donavit
3367 5419 3379 5456 :
3411 5418 3538 5456 eam
3571 5402 3676 5469 (cir
3702 5432 3722 5445 -

292 5469 801 5557 cumvectionem),
835 5487 961 5539 qua:
995 5473 1269 5542 Ejusdem
1303 5490 1562 5550 vocatur,
1587 5483 1643 5536 in
1679 5483 1940 5538 dextram
1967 5492 2190 5556 partem
2225 5487 2488 5557 ﬂexione,
2520 5487 2578 5542 in
2613 5488 2915 5544 sinistram
2952 5489 3195 5546 ﬂexione
3223 5490 3478 5546 Alterius
3510 5509 3522 5546 :
3557 5491 3710 5546 hanc

290 5553 520 5613 laterali
555 5557 780 5627 (motu),
815 5558 974 5614 illam
1008 5565 1269 5620 centrali.

363 5646 417 5699 4.
447 5641 724 5698 Similiter
754 5645 812 5699 in
848 5663 1045 5704 rerum
1097 5655 1477 5715 universitate
1526 5660 1937 5718 circumvectio

289 5736 564 5794 inerrans
596 5732 871 5790 omnibus
912 5736 971 5792 in
1021 5755 1198 5799 causa
1250 5751 1341 5803 est
1387 5765 1491 5805 cur
1520 5750 1722 5806 eodem
1757 5754 1934 5809 modo

2123 5661 2188 5718 δ’.
2223 5664 2441 5720 Ὀποῖον
2473 5663 2562 5718 καὶ
2594 5663 2646 5718 ἐν
2679 5670 2758 5736 τῷ
2775 5663 2933 5720 παντὶ
2953 5667 2986 5734 ἠ
3024 5665 3120 5738 μὶν
3143 5664 3390 5734 ἀπλανὴς
3411 5669 3508 5719 τοῦ
3532 5666 3708 5721 ὡσαύ-

2044 5773 2150 5816 τως
2184 5753 2315 5808 εἶναι
2347 5759 2506 5808 πᾶσιν
2548 5752 2718 5822 αἰτία,
2771 5756 2825 5810 αἱ
2875 5753 2932 5811 δὲ
2981 5753 3334 5830 πλανώμεναι
3373 5759 3470 5810 τοῦ
3493 5752 3702 5814 ἄλλοτε
