4124 6408
409 383 568 465 1109

1519 405 1600 466 ΙΝ
1645 404 2260 466 PSYCBOGONIAM
2306 406 2717 466 PLATONIS.

3667 407 3830 467 1110

407 531 618 596 ἄλλως.
675 535 752 590 Τὸ
811 532 868 589 δὲ
900 532 1068 608 δεξιὸν
1111 533 1201 589 καὶ
1257 535 1320 590 τὸ
1377 535 1656 609 ἀριστερὸν
1691 534 1796 589 ἀπὸ
1846 537 2051 610 ψυχῆς·

2173 536 2314 600 sint.
2337 536 2606 608 (caeteras)
2625 539 2912 606 errantes,
2945 551 3050 592 cur
3069 535 3238 592 aliter
3267 535 3439 592 alias.
3464 536 3743 594 Dextrum
3769 543 3826 594 et

409 621 683 692 ἰδιότητες
715 622 847 678 εἰσιν
881 621 1167 686 οὐσιώδεις
1199 624 1288 678 καὶ
1322 623 1524 685 εῗκόνες
1555 622 1777 694 ταύτηςο
1847 623 1909 677 τὸ
1961 625 2055 696 μὲν

406 712 645 775 ἀπλανὶς
679 711 764 768 ἐπὶ
818 710 984 784 δεξιὰ,
1029 713 1092 768 τὸ
1150 711 1206 768 δὲ
1255 712 1615 787 πλανώμενον
1675 712 1760 768 ἄπ’
1805 713 2059 789 ἀριστερά

405 801 442 871 ἢ
478 801 691 875 μᾶλλον
722 803 786 857 τὸ
838 803 932 875 μὶν
959 807 1076 871 νοῦ,
1108 803 1170 857 τὸ
1212 799 1269 857 δὲ
1298 805 1486 877 ψυχῆς
1517 803 1698 859 εἰκών.
1727 803 1850 857 Ἀπ’
1886 803 2055 870 αὐτῆς

408 889 466 946 δὲ
515 897 616 961 τῆς
664 894 851 968 ψυχῆς
877 891 940 946 τὸ
975 892 1068 964 μὶν
1116 888 1283 963 δεξιόν
1335 891 1470 959 ἑστι,
1521 892 1585 946 τὸ
1615 893 1750 965 πρὸς
1791 892 1859 946 τὰ
1887 889 2058 961 νοητά

409 980 801 1057 ἐστραμμένον
863 982 925 1036 τὸ
986 978 1044 1035 δὲ
1092 981 1395 1056 ἀριστερὸν,
1444 981 1507 1035 τὸ
1551 981 1686 1056 πρὸς
1739 977 2052 1052 ἐπιμέλειαν

406 1074 514 1125 τῶν
569 1070 866 1139 αἰσθητῶν.
916 1070 1162 1144 Περιάγει
1195 1067 1253 1124 δὲ
1283 1068 1464 1145 ὥσπερ
1494 1067 1548 1124 ἐν
1591 1068 1784 1142 κόσμῳ
1813 1070 1913 1137 τὴν
1957 1069 2052 1142 μὲν

409 1156 624 1228 ἀπλανῆ
683 1160 820 1214 κατὰ
887 1157 1158 1232 πλευρὰν,
1219 1159 1317 1228 τήν
1379 1157 1437 1213 δὲ
1494 1157 1859 1231 πλανωμένην
1919 1158 2054 1212 κατᾶ

408 1245 719 1321 διάμετρον,
753 1248 897 1304 οὕτω
929 1247 1018 1302 καὶ
1071 1247 1123 1302 ἰν
1181 1252 1249 1322 τῇ
1299 1251 1455 1323 ψυχῇ
1480 1248 1570 1303 τὸν
1605 1247 1698 1320 μὲν
1739 1246 1938 1303 ταύτοῦ
1957 1247 2052 1302 κύ-

404 1334 538 1392 κλον
587 1339 723 1392 κατᾶ
751 1336 1015 1413 πλευράν,
1068 1338 1160 1392 τὸν
1207 1335 1264 1392 δὲ
1302 1337 1529 1411 θατέρου
1569 1337 1704 1392 κατὰ
1737 1335 2048 1413 διάμετρον.

404 1423 701 1500 Ἰδιώματα
732 1424 790 1482 δὲ
833 1432 934 1483 τοῦ
996 1427 1090 1501 μὶν
1125 1425 1420 1503 διαμέτρου
1470 1427 1533 1481 τὸ
1587 1425 2049 1503 πεπλαγισμένον,

401 1516 466 1570 τὸ
522 1513 749 1592 ἄλογον,
779 1517 842 1571 τὸ
893 1515 1314 1593 περιεχόμενον,
1344 1516 1408 1571 τὸ
1440 1513 1764 1592 διαιρετικὸν
1805 1519 1914 1570 τῶν
1940 1537 2050 1591 γω-

402 1609 558 1659 νιῶνο
618 1612 718 1675 τῆς
742 1603 800 1660 δὲ
847 1604 1085 1680 πλευρᾶς
1115 1605 1177 1660 τὸ
1207 1605 1598 1679 ἀπλαγίαστον,
1629 1605 1693 1660 τὸ
1753 1603 1942 1679 ῥητὸν,
1991 1606 2053 1660 τὸ

403 1695 741 1768 περικτικὸν,
795 1688 880 1749 τὸ’
915 1694 1244 1750 συνεκτικόθ.
1291 1693 1534 1756 Εῗκότως
1568 1693 1718 1770 ἄραὸ
1774 1693 1866 1766 μὶν
1903 1692 2052 1769 λέγε-

402 1803 492 1838 ται
547 1782 896 1858 περιάγεσθαι
956 1783 1092 1838 κατὰ
1145 1780 1384 1858 πλευρὰν
1433 1783 1752 1857 ὁκρείττων
1807 1789 1910 1852 τῆς
1947 1785 2052 1856 ψυ-

2171 626 2480 681 sinistrum
2535 643 2604 681 ex
2653 626 2852 680 anima
2883 625 3241 697 (oriuntur):
3272 626 3444 698 (quis)
3476 626 3824 683 essentiales

2167 716 2295 785 ejus
2325 717 2712 788 proprietates
2743 719 2884 770 sunt
2919 720 2976 771 et
3006 715 3294 787 imagines
3323 731 3335 770 :
3364 716 3444 782 id,
3478 717 3636 787 quod
3668 717 3824 772 iner-

2167 821 2307 860 rans
2344 809 2454 873 est,
2488 805 2885 870 dextrorsum,
2917 805 3076 876 quod
3113 811 3309 860 autem
3336 821 3540 862 errans
3561 810 3652 862 est
3671 805 3822 862 sini—

2166 897 2456 949 strorsum
2491 894 2790 966 (vertens),
2833 893 2922 949 vel
2973 893 3171 965 potius
3221 893 3330 950 hoc
3383 895 3619 962 mentis,
3669 893 3820 950 illud

2165 983 2374 1038 animas
2405 983 2603 1055 imago
2623 987 2733 1039 est.
2761 987 2838 1038 Ex
2856 983 2985 1056 ipsa
3007 987 3203 1038 autem
3228 982 3428 1039 anima
3453 983 3693 1055 (ortum)
3733 988 3824 1040 est

2163 1072 2457 1137 dextrum,
2509 1073 2664 1144 quod
2702 1073 2942 1144 quidem
2991 1072 3065 1128 ad
3111 1071 3508 1143 intelligibilia
3553 1072 3819 1142 vertitur,

2163 1161 2475 1217 sinistrum
2507 1167 2708 1217 autem
2761 1162 2832 1218 ad
2893 1177 3097 1216 curam
3149 1160 3546 1217 sensibilium.
3569 1161 3731 1216 Sicut
3758 1162 3821 1216 in

2162 1251 2386 1307 mundo
2417 1253 2773 1307 inerrantem
2809 1238 3400 1322 (circumvectionem)
3433 1253 3493 1305 in
3525 1249 3682 1306 latus
3713 1251 3823 1306 cir-

2163 1341 2443 1410 cumagit,
2478 1343 2772 1395 errantem
2798 1344 2996 1396 autem
3030 1340 3101 1395 ad
3137 1339 3392 1395 mediam
3416 1338 3635 1395 lineam
3661 1339 3819 1395 dire-

2161 1428 2265 1496 xit,
2299 1429 2384 1484 sic
2418 1428 2478 1483 in
2510 1429 2710 1485 anima
2739 1429 2938 1484 etiam.
2974 1429 3257 1500 Ejusdem
3305 1429 3506 1485 orbem
3546 1428 3607 1484 in
3639 1427 3817 1499 latus,

2162 1517 2234 1575 ad
2268 1517 2522 1574 mediam
2554 1517 2770 1574 lineam
2805 1523 3002 1574 autem
3025 1517 3518 1575 Alterius.Medie
3539 1517 3820 1574 linemau-

2162 1613 2276 1663 tem
2300 1609 2427 1679 (est)
2459 1608 2765 1680 proprium
2797 1608 2877 1678 id,
2906 1608 3064 1680 quod
3096 1606 3468 1680 obliquatum
3509 1611 3620 1675 est,
3653 1607 3812 1679 quod

2162 1701 2253 1754 est
2279 1696 2640 1764 irrationale,
2673 1697 2830 1768 quod
2881 1696 3308 1764 circumdatur,
3360 1697 3516 1768 quod
3566 1697 3816 1769 angulos

2162 1785 2390 1853 dividit,
2418 1785 2620 1841 lateris
2651 1791 2848 1841 autem
2873 1786 2955 1856 id,
2981 1787 3134 1858 quod
3164 1802 3282 1841 non
3314 1785 3682 1857 obliquatum
3699 1790 3814 1853 est,

407 1879 516 1947 χῆς
549 1876 664 1941 '...,
715 1873 742 1925 6
791 1869 849 1927 δὲ
892 1873 1028 1926 κατὰ
1058 1868 1377 1947 διάμετρον,
1435 1873 1508 1934 ὡς
1565 1869 1789 1944 προόδῳ
1837 1873 2048 1947 χαίρων

2165 1875 2319 1945 quod
2351 1879 2445 1930 est
2496 1874 2803 1942 rationale,
2835 1875 2994 1946 quod
3045 1874 3602 1946 oomprehcndendi,
3653 1875 3810 1946 quod

406 1961 496 2017 καὶ
549 1959 1132 2035 πολλαπλασιασμοῖς.
1191 1961 1267 2015 Τά
1319 1959 1377 2016 δὲ
1426 1960 1596 2017 λοιπὰ
1621 1968 1720 2030 τῆς
1752 1967 2051 2034 περικοπῆς

2165 1964 2502 2020 continendi
2532 1963 2646 2021 vim
2679 1963 2878 2020 habet.
2906 1965 3014 2020 Hic
3039 1964 3246 2020 melior
3269 1964 3452 2036 igitur
3471 1964 3678 2020 animas
3705 1965 3817 2036 [or-

405 2050 494 2105 ἐπὶ
551 2049 644 2123 μὲν
702 2053 810 2104 τῶν
864 2051 980 2105 κατ’
1013 2049 1238 2124 ούρανὸν
1273 2049 1585 2125 φερομένωε
1613 2048 1830 2104 κύκλων
1882 2047 2054 2104 εὐδιά-

402 2159 617 2216 γνωστα
647 2138 736 2194 καὶ
795 2137 1099 2212 ἐκκείμενα,
1145 2137 1231 2194 ἐπὶ
1284 2135 1341 2193 δὲ
1385 2143 1493 2194 τῶν
1526 2142 1776 2214 ψυχικῶν
1838 2139 2053 2215 βαθείας

406 2227 577 2284 δεῖται
637 2227 853 2303 φρενός·
908 2225 1024 2304 ἔχει
1071 2229 1174 2303 γὰρ
1215 2231 1250 2298 ἡ
1301 2229 1453 2304 ψυγή
1500 2230 1591 2283 καὶ
1637 2231 1737 2298 τήν
1795 2228 2049 2302 μονοειδῆ

405 2314 634 2390 δύναμιν
687 2317 776 2372 καὶ
830 2319 929 2386 τήν
981 2315 1247 2388 πολυειδῆ
1283 2361 1298 2390 ,
1356 2318 1446 2373 καὶ
1507 2319 1534 2372 6
1592 2318 1794 2389 ταύτης
1848 2319 2052 2382 κύκλος

403 2409 648 2484 περιέχει
680 2407 775 2470 τὰς
803 2407 1019 2462 πάντων
1051 2407 1247 2476 αἰτίας,
1297 2406 1422 2464 ἀλλ’
1452 2405 1712 2483 ἅσχιστός
1743 2410 1877 2477 ἐστι,
1913 2406 2051 2464 διότι

401 2503 507 2552 πᾶν
531 2497 592 2552 τὸ
625 2495 840 2562 πλῆθος
869 2499 950 2569 τῷ
1001 2493 1185 2569 δεσμῷ
1231 2501 1506 2572 κρατεῖται
1554 2503 1656 2566 τῆς
1699 2497 2050 2568 ταυτότητος.

403 2586 466 2644 Ei
498 2583 556 2641 δὲ
590 2587 666 2659 μὴ
698 2585 902 2647 πάντας
932 2584 1058 2646 τοὺς
1090 2584 1294 2661 λόγους
1330 2586 1426 2659 μία
1458 2582 1903 2659 παραλαμϐάνειν
1936 2587 2053 2641 ἐπι-

403 2675 574 2746 στολὴ
610 2672 826 2730 δύναται
855 2675 945 2730 καὶ
984 2679 1150 2730 ταῦτα
1203 2675 1437 2751 βραχεῖα
1481 2674 1571 2730 καὶ
1619 2674 2051 2750 ἐπιτετμημὲνη,

404 2764 695 2839 θαυμάζειν
757 2763 818 2819 ού
879 2767 1014 2840 χρή·
1067 2761 1191 2820 οὔτε
1244 2765 1346 2840 γὰρ
1409 2767 1594 2838 κυάθῳ
1654 2767 1938 2841 χωρηθείη
1992 2768 2051 2821 ἂν

403 2876 538 2911 ποτε
565 2854 627 2909 τὸ
658 2852 973 2909 ἀτλαντικὸν
1015 2852 1277 2929 πέλαγος,
1337 2851 1460 2910 οὔτε
1520 2856 1702 2932 μέτρῳ
1759 2854 2056 2926 ἐπιπολῆς

405 2945 472 3000 τὰ
501 2944 700 3018 κρύφια
726 2951 826 3013 τῆς
856 2941 1096 2998 ἀπλέτου
1128 2943 1482 3014 Πλατωνικῆς
1521 2942 1776 3007 διανοίας.
1811 2947 2052 3020 ’Λγαπᾷν

411 3034 501 3088 οὖν
531 3035 667 3108 χρὴ,
699 3032 745 3088 εἰ
775 3031 865 3088 καί
893 3054 946 3087 τι
976 3037 1084 3087 τῶν
1118 3033 1243 3108 παρ’
1275 3032 1421 3106 αύτῷ
1459 3030 1669 3089 ἀδύτων
1699 3039 2054 3090 κατοπτεῦσαι

411 3119 747 3196 δεδυνήμεθα
760 3165 773 3178 .

2163 2052 2277 2126 bis]
2307 2053 2367 2108 in
2397 2053 2575 2123 latus,
2611 2059 2677 2109 ut
2695 2070 2799 2124 par
2836 2059 2947 2121 est,
2984 2053 3142 2110 ﬂecti
3173 2054 3408 2124 dicitur,
3440 2053 3540 2109 ille
3565 2069 3698 2110 vero
3729 2070 3817 2110 se-

2165 2143 2425 2198 cundum
2457 2147 2680 2198 rectam
2705 2142 2949 2210 lineam,
2984 2148 3050 2198 ut
3081 2144 3182 2214 qui
3214 2159 3494 2215 processu
3526 2147 3585 2199 et
3608 2144 3817 2199 multi-

2164 2231 2580 2303 plicationibus
2609 2233 2885 2303 gaudeat.
2936 2231 3155 2288 Caetera
3185 2233 3258 2289 de
3283 2232 3542 2289 sectione
3583 2232 3815 2288 orbium

2162 2321 2223 2375 in
2249 2320 2392 2376 coelo
2421 2320 2774 2376 vertentium
2795 2320 2992 2376 facilia
3010 2321 3082 2376 ad
3106 2321 3573 2393 dignoscendum
3597 2327 3738 2378 sunt
3757 2327 3816 2379 et

2161 2409 2377 2482 (quasi)
2409 2411 2468 2464 in
2501 2410 2688 2466 medio
2750 2410 2940 2481 posita
2974 2427 2988 2466 :
3023 2411 3084 2466 in
3133 2411 3208 2466 iis
3265 2417 3460 2466 autem
3497 2411 3812 2483 (orbibus),

2163 2499 2266 2572 qui
2296 2500 2367 2554 ad
2399 2499 2660 2554 animam
2694 2499 3009 2570 pertinent,
3036 2498 3154 2555 alta
3175 2501 3429 2571 quadam
3447 2505 3642 2556 mente
3663 2517 3814 2572 opus

2163 2594 2290 2660 est;
2340 2589 2496 2644 inest
2524 2587 2682 2643 enim
2714 2588 2774 2642 in
2805 2588 3006 2662 anima
3036 2593 3164 2644 tum
3197 2588 3512 2644 uniformis
3553 2589 3816 2660 potentia

2163 2683 2290 2733 tum
2325 2676 2730 2747 multiformis,
2757 2677 3059 2748 hujusque
3103 2677 3270 2733 orbis
3301 2678 3570 2733 omnium
3603 2693 3814 2734 causas

2166 2767 2599 2840 complectitur,
2615 2769 2717 2823 sed
2743 2767 2932 2823 scindi
2966 2769 3196 2838 nequit.
3229 2769 3420 2833 Quare
3449 2769 3645 2824 omnis
3669 2769 3816 2824 mul-

2165 2857 2354 2913 titudo
2383 2857 2615 2911 vinculo
2671 2857 2938 2926 ejusdem
2969 2855 3116 2929 (sive
3149 2857 3542 2927 indentitatis,
3602 2861 3666 2912 ut
3707 2857 3815 2912 hac

2164 2962 2302 3002 voce
2333 2944 2486 3011 utar)
2518 2945 2870 3000 continetur.
2906 2945 3032 3000 Non
3085 2945 3300 3001 mirum
3354 2951 3573 3016 autem,
3605 2945 3657 3001 si
3699 2962 3818 3000 una

2166 3033 2416 3108 epistola
2445 3050 2656 3089 causas
2688 3050 2753 3088 ac
2791 3034 3053 3090 rationes
3084 3050 3291 3090 omnes
3340 3033 3650 3106 complecti
3699 3051 3816 3090 non

2167 3129 2360 3196 potest
2390 3137 2577 3193 neque
2609 3121 2767 3177 enim
2822 3138 3085 3194 unquam
3126 3121 3373 3194 cyathus
3406 3123 3590 3178 maria
3614 3122 3816 3178 Atlan—

398 3216 538 3282 tica,
572 3230 764 3286 neque
791 3213 1059 3284 ingentes
1092 3213 1224 3269 illas
1256 3215 1572 3270 reconditae
1611 3215 1892 3270 doctrinas
1917 3215 2234 3270 Platonicae
2254 3213 2453 3283 copias
2482 3209 2748 3282 epistolae
2775 3212 2986 3266 modus
3004 3212 3215 3283 capiat.
3240 3211 3429 3276 Quare
3446 3210 3819 3283 acquiescere

398 3303 481 3374 (in
511 3302 622 3359 hac
653 3305 730 3374 re)
759 3307 1006 3375 oportet,
1039 3303 1088 3359 si
1122 3303 1346 3375 aliquid
1378 3304 1507 3375 ejus
1538 3303 1861 3360 sacrarium
1893 3304 2277 3377 introspicere
2304 3300 2555 3374 licuerit.

1187 3409 1224 3455 Δ

490 3489 782 3566 Ἐξτςγησις
813 3493 910 3544 τοῦ
953 3488 1118 3544 αύτοῦ
1146 3486 1437 3566 τελευτέρα
1464 3495 1561 3546 τοῦ
1594 3489 1924 3566 λείμματος.

457 3580 522 3636 α’.
554 3577 615 3632 Τί
647 3578 780 3634 ποτὲ
821 3577 932 3634 ἐστι
982 3578 1218 3653 λεῖμμα,
1268 3580 1562 3655 ἠρώτηκας
1608 3581 1699 3636 καὶ
1731 3585 1849 3644 πῶς
1879 3577 2041 3636 ἔλατ-

379 3689 474 3724 τον
533 3673 632 3723 τοῦ
683 3669 976 3741 ἡμιτονίου
1010 3667 1174 3725 ἆστίν.
1211 3667 1479 3748 Εἰλήφθω
1508 3667 1600 3724 οὖν
1633 3691 1718 3724 σοι
1749 3671 1980 3746 ἀριθμὸς
2014 3670 2042 3722 6

382 3755 584 3836 ﬁeplcf'
627 3755 895 3832 ἐπόγδοος
935 3757 1028 3832 μὲν
1070 3757 1234 3813 αύτοῦ
1262 3757 1465 3834 γίνεται
1523 3760 1551 3813 6
1610 3763 1792 3833 ἀψκη’
1843 3757 2044 3814 τούτου

383 3845 442 3903 δὲ
491 3845 633 3902 ἐστιν
692 3844 958 3920 ἐπόγδοος
1017 3848 1044 3901 6
1099 3845 1299 3922 ,αλμδζ
1358 3848 1416 3910 ὃς
1469 3846 1639 3917 δῆλον
1674 3851 1758 3903 ὅτι
1787 3849 1924 3922 πρὸς
1951 3848 2043 3902 τὸν

381 3934 558 4014 μφλς¹
609 3933 770 4011 λόγον
803 3934 904 4007 ἕξει
937 3934 1195 3994 διτονίου.
1251 3939 1404 3992 ’Ἐστι
1438 3934 1496 3992 δὲ
1542 3940 1630 3993 καὶ
1695 3939 1723 3994 ὁ
1769 3936 2043 4014 ἐπίτριτος

2930 3398 3026 3453 lV.

2403 3487 2661 3555 Eiusdem
2712 3486 2949 3542 ulterior
2975 3488 3246 3543 limmati:
3264 3486 3565 3544 enarratio.

2225 3580 2276 3634 1.
2311 3577 2544 3634 Limma
2575 3575 2716 3648 quid
2769 3579 2847 3632 sit
2895 3581 3236 3648 quantoque
3277 3575 3354 3631 sit
3402 3575 3606 3631 minus
3635 3591 3816 3646 quam

2156 3666 2565 3734 ssmitonium,
2596 3665 2996 3737 interrogasti.
3031 3664 3294 3720 Sumitor
3323 3664 3509 3736 igitur
3532 3680 3820 3720 numerus

2156 3758 2298 3815 4536
2350 3774 2363 3812 :
2418 3756 2862 3824 sesquioctavus
2913 3755 3043 3825 ejus
3077 3754 3143 3809 ﬁt
3176 3755 3313 3809 1728
3348 3770 3360 3808 :
3397 3753 3581 3824 hujus
3621 3757 3819 3810 autem

2155 3846 2608 3918 sesquioctavus
2639 3844 2801 3911 1944,
2833 3859 3008 3914 quem
3042 3845 3113 3898 ad
3149 3844 3287 3898 1536
3332 3844 3584 3898 duorum
3635 3842 3817 3898 simul

2157 3942 2433 3994 tonorum
2472 3934 2760 3990 rationem
2793 3932 3008 3988 habere
3029 3937 3281 3987 constat.
3305 3938 3387 3988 Ac
3404 3931 3818 4002 sesquitertius

1639 4340 1695 4400 Ξῖ*

1654 4389 1696 4477 5:
1864 4412 1920 4478 ’ἒξ
2079 4443 2124 4482 ’ρ
2292 4383 2303 4462 Ι

1871 4486 1908 4516 ³
2082 4489 2142 4542 ευ
2294 4465 2352 4546 δε»
2521 4526 2561 4548 ,.

2093 4545 2141 4603 3;
2325 4553 2362 4595 ἐν
2539 4551 2580 4610 ε

2317 4602 2359 4671 Ξ
2551 4611 2593 4670 γ

1639 4901 1834 4998 ’ὥστ’ηέ
1872 4903 2036 5002 λεῖμμα
2106 4930 2262 4996 τόνος
2321 4931 2513 4996 ⁴⁶6νος

1716 5059 1725 5067 ’
1786 4936 2061 5123 τε
2180 5037 2390 5110 δίτονον

1754 5155 1771 5211 .’
1989 5132 2140 5223 δ’ἆδ,
2441 5189 2447 5196 -

1841 5260 2112 5338 Ξ-ρίτενον

1887 5323 2011 5364 κ-

411 5435 509 5487 τοῦ
567 5435 674 5488 τῶν
709 5429 884 5510 γαφλς¹
907 5433 935 5486 6
966 5436 1073 5488 τῶν
1105 5431 1278 5508 ,βμηκ
1308 5433 1385 5489 Τὸ
1416 5431 1520 5509 ἄρα
1550 5432 1762 5507 λεῖμμα
1806 5429 1858 5486 ἐν
1910 5427 2051 5504 λόγα

2173 5428 2407 5485 numeri
2441 5427 2579 5483 1536
2605 5441 2886 5482 numerus
2904 5422 3046 5478 2048
3069 5426 3180 5478 est.
3207 5421 3432 5478 Limma
3458 5420 3641 5494 igitur
3669 5421 3728 5476 in
3760 5435 3829 5510 ea

420 5519 534 5576 ἰστὶ
562 5526 670 5576 τῶν
702 5522 851 5597 ,βμη’
878 5522 1013 5596 πρὸς
1040 5522 1107 5576 τὰ
1136 5518 1339 5595 γαλμδᾍ
1377 5521 1530 5579 Ἀλλ’
1578 5523 1667 5578 ἰὰν
1709 5523 1797 5577 καὶ
1830 5525 1928 5576 τοῦ
1957 5525 2062 5574 τῶν

2177 5523 2267 5576 est
2297 5517 2543 5583 ratione,
2574 5533 2752 5588 quam
2803 5513 2876 5570 ad
2915 5512 3053 5568 1944
3111 5511 3332 5567 habent
3383 5511 3546 5567 2048.
3580 5511 3742 5578 Quod
3776 5508 3828 5564 si

423 5607 590 5684 αλμδ¹
618 5610 709 5666 τὸν
733 5607 994 5687 ἐπόγδοον
1027 5605 1312 5684 λάϐωμεν,
1341 5609 1527 5685 ἕξομεν
1561 5613 1792 5686 ἀριθμὸν
1833 5612 1924 5666 τὸν
1955 5614 2051 5665 1:6»

2176 5609 2406 5664 numeri
2440 5624 2676 5678 quoque
2699 5605 2838 5659 1944
2870 5601 3337 5673 sesquioctavum
3367 5600 3824 5671 sumpserimus,

423 5699 617 5774 .βρπζ’·
668 5701 757 5754 καί
789 5698 900 5754 ἐστι
953 5700 1150 5772 μείζων
1193 5701 1221 5755 6
1271 5696 1438 5775 λόγος
1493 5702 1520 5755 6
1550 5705 1656 5756 τῶν
1706 5702 1878 5777 γβρπζ¹
1929 5699 2066 5775 πρὸς

2180 5714 2491 5753 numerum
2522 5696 2665 5749 2587
2716 5691 3091 5748 habebimus.
3128 5693 3199 5744 Ac
3230 5689 3417 5759 major
3447 5688 3593 5743 ratio
3626 5691 3684 5741 et
3717 5703 3825 5740 nu-

417 5788 487 5846 τὰ
513 5788 664 5864 ιβμτγ
717 5793 815 5845 τοῦ
861 5794 966 5844 τῶν
998 5789 1150 5865 γβμτί
1179 5789 1316 5866 πρὸς
1344 5773 1636 5865 τᾶγαλμδκ
1695 5773 1777 5849 Τά
1823 5791 1918 5864 μὲν
1965 5773 2051 5866 γάε

2178 5787 2326 5844 mori
2353 5785 2494 5841 2587
2549 5784 2622 5839 ad
2668 5782 2810 5838 2048
2857 5796 3038 5836 unam
3086 5778 3320 5834 numeri
3358 5777 3500 5831 2048
3545 5776 3619 5830 ad
3662 5773 3822 5828 1944.
