4124 6404
320 377 470 438 1111

1651 369 2084 432 MICHAELIS
2132 367 2400 429 PSELLI

3585 365 3745 425 1112

314 509 612 564 Numerus
652 504 808 560 enim
856 503 1001 558 2082
1053 502 1431 574 plusquinta
1461 509 1518 558 et
1548 502 1779 558 decima
1809 503 1968 572 parte

2085 498 2260 585 ,βρπζί
2307 501 2413 551 τῶν
2448 497 2600 571 ,βμτϊ
2635 493 2844 569 μείζονι
2903 495 2998 567 μὲν
3055 494 3312 570 ὑπερέχει
3342 495 3378 564 ἢ
3425 498 3506 566 τῷ
3555 515 3745 550 πεντε-

318 597 433 662 sui,
455 595 654 650 minus
685 599 880 649 autem
915 597 1126 664 quarta
1145 597 1203 646 et
1235 591 1463 646 decima
1496 607 1808 646 numerum
1833 590 1973 644 20-18

315 691 574 758 praestat.
623 682 917 738 Numerus
971 687 1167 736 autem
1198 682 1341 737 2048
1373 680 1505 752 plus
1537 679 1974 735 undevicesimo.

315 775 407 832 sui
426 779 592 846 parte
615 773 812 827 minus
833 776 1029 828 autem
1046 776 1250 827 octava
1265 777 1322 825 et
1335 770 1773 825 decima19443u
1784 773 1968 840 perat.

313 864 578 920 Profecto
605 861 801 917 minor
823 860 983 916 tertii
1009 860 1130 916 toni
1156 859 1444 930 particula
1465 858 1525 914 in
1556 861 1794 914 diatono
1817 857 1970 912 intra

311 949 690 1007 intervallum
723 949 1168 1022 quaternarium
1199 948 1610 1021 (diatessaron)
1642 947 1971 1015 cohibetur,

321 1042 404 1096 ita
434 1046 500 1095 ut
527 1041 770 1095 modum
799 1038 1086 1094 limmatis
1121 1037 1435 1094 semitonio
1481 1039 1770 1092 minorem
1803 1036 1975 1107 (esse)

311 1128 581 1185 concludi
617 1127 826 1198 possit,
861 1127 1309 1198 quaternarium
1343 1131 1539 1182 autem
1597 1123 1972 1180 intervallum

319 1219 712 1284 diatessaron)
736 1221 924 1272 totum
950 1218 1180 1272 duobus
1208 1215 1387 1271 semis
1409 1215 1564 1271 tonis
1591 1215 1788 1269 minus
1819 1229 1968 1269 esse.

313 1309 385 1362 Et
413 1324 546 1362 vero
591 1305 826 1361 numeri
879 1306 1022 1360 2048
1053 1306 1125 1360 ad
1161 1306 1298 1359 1944
1349 1306 1498 1360 ratio
1547 1305 1751 1360 eadem
1784 1308 1876 1358 est
1904 1318 1971 1356 ac

315 1394 548 1450 numeri
576 1395 684 1448 256
714 1395 785 1449 ad
817 1395 942 1450 243.
967 1395 1166 1466 Neque
1189 1411 1324 1449 vero
1351 1394 1411 1449 in
1434 1392 1694 1465 aequales
1716 1393 1972 1448 rationes

315 1485 464 1540 duas
491 1483 673 1538 dividi
697 1488 894 1555 potest
916 1489 1018 1538 aut
1049 1483 1497 1554 sesquioctavus
1519 1483 1851 1550 (numerus)
1871 1484 1972 1536 aut

316 1575 468 1630 alius
491 1573 623 1643 quis
665 1571 1451 1644 superparticularis:quam
1481 1572 1742 1644 proxime
1773 1575 1969 1625 autem

315 1662 572 1734 aequales
591 1662 789 1734 sesqui
810 1663 874 1717 18
905 1679 1191 1718 numerus
1213 1667 1271 1717 et
1292 1661 1494 1732 sesqui
1520 1662 1584 1716 17
1612 1660 1972 1732 sesquiocta-

312 1769 443 1808 vam
477 1752 762 1807 rationem
804 1751 1052 1808 faciunt.
1097 1752 1375 1806 Proiudre
1397 1751 1776 1806 semitonium
1807 1750 1873 1804 ﬁt
1901 1765 1970 1804 ex

314 1841 510 1896 media
541 1841 798 1912 quadam
833 1840 987 1895 inter
1017 1839 1149 1895 illos
1182 1841 1428 1904 ratione,
1462 1840 1544 1894 ita
1565 1844 1631 1894 ut
1661 1839 1966 1909 major(ra—

316 1931 398 1985 tio
424 1932 525 1997 sit)
577 1929 810 1984 numeri
840 1929 1085 1999 [sesqui]
1145 1930 1211 1983 17
1248 1928 1442 1983 minor
1490 1927 1838 1998 sesquisexti
1871 1927 1971 1981 de-

318 2017 728 2073 cimi.Numeri
753 2024 947 2072 autem
989 2018 1095 2071 243
1119 2017 1249 2087 plus
1272 2034 1449 2088 quam
1474 2018 1728 2088 septima
1747 2016 1975 2072 decima

326 2107 621 2179 particula
643 2107 710 2162 13
731 2111 815 2162 est
865 2106 1067 2162 minus
1090 2111 1288 2161 autem
1319 2123 1497 2178 quam
1545 2105 1878 2174 undecima,
1912 2109 1977 2160 ut

327 2196 378 2253 si
413 2195 937 2267 copulenturinter
973 2213 1034 2252 se
1062 2197 1167 2250 243
1192 2200 1249 2251 et
1282 2195 1369 2262 13,
1405 2195 1668 2266 proxime
1697 2195 1756 2250 in
1788 2210 1858 2250 ea
1879 2211 1975 2248 ra-

323 2286 503 2357 tione,
548 2303 726 2357 quam
759 2286 829 2340 ad
861 2286 968 2340 256
997 2285 1176 2340 habet
1204 2286 1332 2352 243,
1364 2285 1742 2341 semitonium
1777 2284 1975 2339 consi-

323 2380 460 2432 stat.
493 2375 908 2431 Demonstrata
939 2381 1029 2430 est
1049 2381 1248 2431 autem
1278 2373 1565 2430 limmatis
1592 2375 1762 2441 ratio,
1795 2391 1973 2446 quam

319 2464 543 2521 habent
582 2466 688 2521 256
737 2465 806 2520 ad
862 2465 988 2532 243,
1049 2477 1107 2522 et
1138 2485 1171 2519 ιι
1209 2464 1520 2520 semitanio
1551 2464 1758 2519 limma
1787 2480 1856 2518 ea
1882 2480 1975 2519 ra-

319 2553 477 2610 tione
508 2555 724 2624 diﬂ'ert,
756 2570 883 2625 qua
917 2553 1150 2608 numeri
1178 2554 1285 2608 253
1316 2555 1388 2609 ad
1430 2555 1542 2608 256
1588 2558 1697 2620 est,
1748 2551 1976 2624 sesqui-

318 2649 522 2699 octava
549 2641 903 2713 (visccsima)
937 2647 994 2697 et
1023 2642 1367 2698 centesima.

387 2767 444 2821 2.
469 2767 661 2823 Habes
679 2766 884 2839 igitur,
908 2767 1049 2839 quid
1074 2766 1263 2821 valeat
1287 2765 1512 2832 limma,
1543 2771 1879 2838 quantoque
1901 2765 1978 2821 sit

319 2855 518 2911 minus
542 2872 721 2927 quam
746 2854 1218 2921 semitonium,et
1239 2860 1528 2926 quantum
1554 2856 1731 2910 distet
1752 2856 1823 2910 ab
1847 2856 1976 2928 ipso

318 2942 648 3008 semitonio,
675 2949 732 2998 et
761 2941 1079 3014 (cognitum
1114 2943 1319 3013 habes)
1350 2944 1409 2998 in
1443 2943 1697 3014 arquales
1719 2944 1974 2999 rationes

317 3033 466 3088 duas
499 3031 682 3087 dividi
718 3049 833 3087 non
867 3049 1039 3103 posse
1070 3049 1256 3103 neque
1311 3033 1748 3104 sesquiotavam
1795 3035 1972 3089 ratio-

320 3139 455 3178 nem
500 3139 683 3192 neque
725 3121 901 3177 aliam
934 3121 1117 3176 ullam
1152 3122 1772 3194 superparticularem.
1807 3124 1970 3190 Quod

2081 581 2388 658 καιδεκάτῳ
2423 585 2604 640 αὐτῶν
2659 583 2833 660 μέρει,
2870 582 3118 640 ἐλάττονι
3152 581 3210 638 δὲ
3252 582 3288 652 ἢ
3335 587 3416 656 τῷ
3461 603 3746 658 τεσσαρεσ-

2081 672 2405 747 καιδεκάτῳ·
2456 675 2524 729 τά
2554 671 2612 729 δὲ
2643 675 2798 749 ,βμτί
2863 678 2960 727 τοῦ
2991 670 3166 745 ,αλμδ’
3230 672 3438 746 μείζονι
3493 672 3588 742 μὲν
3639 672 3740 727 ὁπ-

2082 765 2200 838 έχει
2391 769 2470 836 τῷ
2531 761 2986 834 ἐννεακαιδεκάτῳ
3039 761 3204 817 αὐτοῦ
3256 763 3431 836 μέρει,
3491 760 3743 817 ἐλάττονι

2083 851 2140 908 δὲ
2195 857 2293 908 τοῦ
2356 854 2446 923 ιη’.
2512 852 2589 910 Τὸ
2622 849 2848 907 ἔλαττον
2883 851 2986 926 ἄρα
3015 855 3116 906 τοῦ
3143 849 3331 927 τρίτου
3356 849 3514 906 τόνου
3544 857 3743 924 τμῆμα

2083 941 2230 1004 ἐντὸς
2275 941 2612 1012 ἀπείληπται
2660 946 2756 995 τοῦ
2807 937 2898 996 διὰ
2943 941 3214 1014 τετσάρων
3242 941 3378 1016 πρὸς
3407 945 3490 1012 τῷ
3549 936 3736 995 διατό-

2079 1053 2180 1103 νῳ,
2213 1030 2354 1084 ὥστε
2379 1031 2441 1085 τὸ
2473 1031 2569 1103 μὲν
2597 1034 2696 1084 τοῦ
2723 1027 3035 1103 λείμματος
3085 1029 3310 1103 μέγεθος
3351 1025 3574 1084 ἔλαττον
3607 1029 3742 1100 ἠμι-

2079 1117 2259 1174 τονίου
2309 1117 2649 1191 συνάγεσθαι,
2679 1114 2832 1171 τὸδὲ
2881 1115 2969 1171 διὰ
3014 1117 3290 1188 τεσσάρων
3344 1113 3476 1171 ὅλον
3511 1111 3736 1169 ἔλαττον

2087 1209 2130 1282 β’
2182 1208 2272 1263 καὶ
2330 1207 2504 1280 ἥμισυ
2572 1205 2774 1264 τόνων.
2809 1205 2908 1260 Καί
2966 1204 3078 1260 ἐστι
3129 1210 3238 1260 τῶν
3297 1205 3448 1280 ,βμη’
3505 1201 3643 1277 πρὸς
3673 1204 3741 1258 τὰ

2080 1293 2258 1370 ,αλμδ
2300 1294 2470 1369 λόγος
2503 1296 2531 1350 6
2585 1295 2746 1356 αὐτὸς
2775 1299 2852 1365 τῷ
2880 1297 2988 1349 τῶν
3025 1295 3131 1355 σνς’
3173 1294 3311 1369 πρὸς
3347 1293 3415 1346 τὰ
3445 1298 3594 1366 σμγ’.
3653 1291 3745 1352 Εἷς

2082 1382 2232 1446 ἴσους
2265 1382 2322 1440 δὲ
2345 1381 2441 1439 δύο
2490 1382 2687 1459 λόγους
2715 1380 2830 1438 οὔθ’
2877 1384 2905 1439 6
2946 1381 3234 1458 ἐπόγδοος,
3296 1379 3419 1436 οὔτε
3449 1379 3623 1444 ἄλλος
3654 1402 3740 1442 τις

2080 1471 2371 1548 διαιρεῖται
2427 1477 2535 1528 τῶν
2591 1471 2915 1547 ἒπιμορίων.
2967 1469 3194 1530 Ἴσοιδὲ
3244 1467 3460 1548 ἔγγιστα
3515 1473 3736 1525 ποιοῦσι

2081 1568 2249 1644 λόγον
2304 1571 2396 1625 τὸν
2450 1567 2736 1646 ἐπόγδοον,
2792 1569 2821 1624 ’ὀ
2880 1591 2937 1624 τε
2964 1569 3052 1624 ἐπὶ
3095 1570 3166 1639 ιη’
3197 1568 3288 1623 καὶ
3321 1569 3350 1622 6
3381 1567 3470 1623 ἐπὶ
3506 1569 3590 1636 ιζ’.
3621 1567 3744 1621 Ὑπ-

2080 1661 2239 1735 ἀρχει
2266 1663 2562 1734 τοιγαροῦν
2617 1659 2754 1714 κατὰ
2781 1659 2874 1713 τὸν
2907 1658 3107 1732 μεταξύ
3147 1679 3264 1720 πως
3309 1657 3518 1712 τούτων
3571 1655 3740 1732 λόγον

2075 1749 2138 1803 τὸ
2169 1749 2480 1822 ἡμιτόνιον,
2513 1749 2762 1803 τουτέστι
2791 1749 2882 1803 τὸν
2939 1747 3165 1821 μείζονα
3215 1748 3308 1820 μὲν
3341 1750 3438 1800 τοῦ
3468 1747 3546 1820 ,ζ’,
3579 1743 3738 1800 ἐλάτ-

2075 1859 2206 1892 τονα
2236 1835 2294 1892 δὲ
2337 1842 2433 1893 τοῦ
2461 1834 2959 1895 έπιεκκαιδεκάτου.
3022 1838 3174 1893 Ἔστι
3229 1833 3288 1891 δὲ
3340 1835 3430 1890 καὶ
3476 1840 3585 1889 τῶν
3620 1835 3743 1911 σμγ’

2082 1927 2150 1981 τά
2210 1927 2267 1981 ιε’
2327 1932 2512 2000 μεῖζον
2576 1927 2672 1998 μὶν
2722 1926 2950 2001 μέροςῆ
3005 1921 3482 1994 ἑπτακαιδέκατον,
3516 1921 3740 1978 ἔλαττον

2085 2013 2142 2070 δὲ
2206 2016 2233 2085 ἢ
2289 2017 2375 2085 ια’,
2436 2015 2576 2070 ὥστε
2633 2015 2991 2070 συντεθέντων
3055 2015 3228 2069 αὐτῶν
3285 2017 3384 2068 τοῦ
3407 2035 3466 2068 τε
3494 2013 3621 2088 σμγ’
3649 2015 3742 2067 καὶ

2081 2108 2179 2159 τοῦ
2213 2111 2268 2159 ιε’
2295 2103 2347 2159 έν
2377 2104 2533 2179 λόγῳ
2564 2103 2800 2181 γίνεσθαι
2839 2103 2902 2158 τὸ
2927 2104 3218 2177 ἡμιτόνιον
3262 2101 3487 2177 ἔγγιστα
3515 2099 3594 2174 τῷ
3634 2106 3742 2156 τῶν

2085 2194 2198 2263 σνη’
2227 2194 2364 2268 πρὸς
2421 2193 2490 2247 τὰ
2539 2193 2686 2268 σμγ’.
2731 2189 2989 2266 Ἐδείχθη
3037 2188 3093 2246 δὲ
3123 2190 3213 2245 καὶ
3251 2195 3349 2244 τοῦ
3376 2189 3680 2263 λείμματος
3715 2191 3743 2244 6

2085 2280 2248 2357 λόγος
2279 2283 2307 2336 6
2336 2286 2442 2336 τῶν
2478 2282 2587 2345 σνς’
2615 2281 2752 2355 πρὸς
2785 2281 2853 2335 τὰ
2879 2281 3028 2356 σμγ’,
3059 2278 3149 2334 καὶ
3178 2284 3276 2334 τοῦ
3307 2278 3614 2352 λείμματος
3641 2280 3745 2354 ἄρα

2082 2372 2144 2426 τὸ
2174 2367 2462 2444 ἡμιτόνιον
2498 2369 2691 2426 διοίσει
2718 2375 2797 2442 τῷ
2824 2375 2930 2426 τῶν
2965 2372 3078 2442 σνη¹
3116 2368 3270 2445 λόγῳ
3314 2370 3452 2446 πρὸς
3497 2368 3564 2424 τά
3606 2370 3744 2439 σνς’,

2086 2459 2143 2522 ὅς
2173 2459 2314 2515 ἐστιν
2349 2456 2888 2534 ἐπιεκατοστόγδοος.

2162 2763 2225 2836 β’.
2261 2763 2451 2837 Ἔχεις
2515 2760 2606 2816 οὖν
2658 2760 2893 2826 ἐντεῦθεν
2924 2762 2977 2817 τί
3016 2782 3154 2816 ποτε
3182 2761 3245 2816 τὸ
3278 2760 3491 2835 λεῖμμα
3523 2759 3742 2816 δύναται

2085 2852 2172 2904 καὶ
2227 2855 2343 2914 πῶς
2393 2846 2615 2906 ἔλαττον
2661 2851 2952 2924 ἡμιτονίου
3010 2850 3146 2920 ἐστὶ,
3193 2850 3282 2905 καὶ
3336 2852 3440 2905 τίνι
3501 2849 3740 2929 διαφέρει

2090 2939 2257 2994 αὐτοῦ
2282 2944 2378 2994 τοῦ
2408 2941 2721 3012 ἡμιτονίου⁸
2749 2939 2836 2995 καὶ
2864 2939 2946 2995 ὅτι
2979 2937 3223 3002 εἷς’ίσους
3256 2937 3351 2995 δύο
3387 2939 3582 3016 λόγους
3617 2937 3741 2994 οὔτε

2087 3031 2114 3084 6
2139 3029 2404 3104 ἐπόγδοος
2459 3028 2582 3086 οὔτε
2613 3029 2785 3093 ἄλλος
2840 3053 2891 3086 τι
2951 3028 3237 3105 διαιρεῖται
3267 3036 3374 3086 τῶν
3409 3030 3736 3107 ἑπιμορίων.

2083 3119 2145 3174 Εἰ
2187 3118 2244 3175 δέ
2287 3120 2339 3174 τί
2389 3141 2474 3175 σοι
2525 3119 2955 3194 έλλελοίπαμεν,
3013 3119 3193 3195 ὥσπερ
3245 3119 3554 3182 ἐπιστείλας
3601 3123 3738 3192 ἡμῖν

315 3225 450 3266 vero
483 3210 682 3266 missis
706 3210 918 3266 litteris
949 3211 1093 3266 mihi
1131 3211 1419 3281 objcciSLi,
1452 3212 1607 3283 quod
1644 3213 1966 3283 praatermi-

2089 3207 2392 3279 ὠνείδισας,
2421 3210 2559 3283 πρὸς
2588 3211 2688 3278 τήν
2745 3208 3006 3286 ἐξήγησαν
3064 3216 3164 3278 τῆς
3224 3208 3583 3274 Πλατωνικῆς
3635 3214 3736 3283 ψυ-

2261 3299 2271 3314 ,
2492 3303 2517 3313 ..
2573 3298 2584 3314 .
2793 3303 2817 3313 -
2899 3299 2924 3314 ..
3265 3297 3276 3314 .
3383 3297 3406 3314 κ
3472 3297 3491 3314 κ
3557 3299 3569 3314 ,
3657 3311 3669 3314 _

314 3301 565 3355 serimus
593 3300 1036 3371 nonnullaque:
1060 3301 1967 3372 adPsycbogoniamPlatonicam

313 3389 719 3460 explicandam
753 3390 1120 3458 adjuvarent,
1153 3407 1220 3444 ea
1258 3389 1362 3443 tibi
1408 3389 1585 3444 veluti
1619 3391 1816 3444 debita
1840 3391 1966 3460 jam

313 3475 560 3530 solvam.
594 3475 757 3538 Quod
792 3475 952 3530 Plato
1011 3475 1168 3530 enim
1204 3475 1486 3530 distantia
1517 3475 1681 3546 dupli
1723 3484 1777 3530 et
1809 3476 1968 3547 tripli

311 3562 606 3619 intervalli
639 3580 1018 3634 unaquaque,
1052 3563 1191 3635 quia
1238 3569 1359 3618 tres
1401 3565 1679 3634 utrinque
1729 3563 1848 3618 sint
1875 3565 1966 3620 di-

313 3652 566 3719 stantia),
599 3652 945 3707 scissionem
980 3658 1204 3722 septem
1235 3651 1467 3707 illorum
1487 3652 1717 3707 orbium
1753 3655 1964 3708 factam

313 3757 444 3796 esse
493 3741 656 3808 dicit,
691 3757 832 3796 sane
864 3747 954 3796 est
984 3741 1150 3808 illud,
1186 3741 1234 3795 si
1291 3743 1358 3796 ad
1393 3742 1573 3796 verba
1603 3748 1964 3813 spectamus,

310 3830 403 3901 (ad
438 3829 876 3903 explicandum)
905 3830 1300 3897 subditlicile;
1351 3836 1615 3886 attamen
1647 3831 1963 3903 signiﬁcat.

313 3919 598 3976 distantia
616 3938 964 3992 unaquaque
987 3920 1303 3992 duplorum
1336 3920 1686 3993 triplorumq
1701 3940 1770 3977 ue
1793 3923 1966 3978 inter-

311 4008 626 4078 vallorum,
661 4027 787 4081 qua:
804 4011 1042 4082 quidem
1066 4015 1234 4065 terna
1262 4011 1385 4066 sint
1415 4011 1496 4083 (in
1530 4017 1785 4081 quatuor
1804 4013 1962 4068 enim

313 4099 583 4154 terminis
641 4099 936 4154 distantia:
977 4099 1118 4169 tres)
1152 4099 1362 4154 factam
1411 4116 1542 4155 esse
1594 4101 1961 4170 scissionem,

314 4188 469 4258 quod
505 4187 658 4243 idem
693 4193 782 4243 est
811 4189 1327 4260 ac(si)secundum
1351 4187 1964 4260 longitudinem(facta

313 4291 380 4330 ea
411 4292 541 4332 esse
575 4275 849 4347 dicatur),
883 4283 948 4332 ut
983 4279 1043 4332 in
1079 4295 1435 4349 unoquoque
1469 4284 1692 4349 septem
1726 4279 1962 4334 illorum

313 4365 546 4419 orbium
607 4381 812 4421 omnes
860 4366 1155 4422 distantias
1186 4371 1245 4421 et
1272 4367 1442 4422 orbes
1475 4383 1677 4422 omnes
1726 4367 1913 4422 insint
1946 4384 1959 4422 :

314 4470 348 4508 n
361 4470 561 4509 umero
575 4454 729 4509 enim
745 4454 905 4526 dupli
919 4454 1196 4526 triplique
1214 4455 1504 4510 intervalli
1520 4456 1959 4523 distantiarum,

315 4559 443 4614 quae
468 4543 705 4614 quidem
743 4560 840 4599 sex
876 4550 1039 4608 sunt,
1072 4546 1261 4600 sexies
1299 4546 1470 4600 orbes
1510 4545 1704 4600 scidit.
1737 4545 1962 4608 Quibus

315 4632 511 4688 animo
542 4634 848 4707 praeceptis
882 4633 1142 4690 animam
1175 4651 1372 4689 rerum
1406 4634 1829 4705 universitatis,
1862 4651 1958 4689 ra-
1995 4617 2039 4681 Ι)

315 4722 505 4778 tiones
540 4722 877 4794 habentem,
912 4727 1050 4779 ante
1079 4723 1186 4778 has
1217 4723 1609 4794 (rationes).ct
1661 4724 1966 4779 universas

317 4813 521 4867 mundi
549 4813 1137 4884 partes.inerrantem
1153 4812 1284 4867 dico
1306 4812 1964 4877 eterrantem,omnium

314 4902 372 4956 in
397 4904 618 4958 mundo
641 4903 1004 4958 versantium
1032 4903 1322 4972 (deorum)
1347 4903 1660 4957 essentiam
1681 4919 1968 4973 usurpare

315 4991 639 5047 statuimus
673 5009 686 5046 :
721 5008 837 5062 quo
869 5009 937 5047 ex
971 5008 1030 5046 re
1063 4991 1221 5046 orbis
1253 4992 1381 5061 ejus
1403 4991 1560 5062 quod
1593 4990 1845 5046 alterum
1867 5008 1964 5046 vo-

315 5088 504 5150 catur,
539 5081 760 5151 primas
788 5098 994 5135 causas
1022 5080 1438 5150 procreatrices
1481 5085 1706 5151 septem
1735 5080 1964 5135 orbium

314 5168 371 5222 in
388 5169 913 5237 secohibuit.0uod
941 5169 1122 5223 sinon
1151 5169 1419 5224 essentia:
1444 5185 1676 5240 quoque
1695 5170 1964 5240 proprius

312 5256 552 5324 quidam
578 5259 764 5314 factus
787 5259 859 5314 sit
882 5258 1222 5327 orbis,sicut
1251 5259 1512 5328 ejusdem
1539 5264 1760 5312 natura:
1783 5258 1966 5327 (iden-

310 5345 590 5414 titatis)et
612 5346 852 5403 diversae
877 5347 1301 5417 (diversitatis),
1325 5346 1731 5414 defendemus,
1759 5347 1806 5400 si
1832 5347 1964 5416 quis

313 5431 516 5487 audire
537 5435 754 5506 cupiat,
775 5435 987 5492 horum
1013 5452 1142 5492 esse
1164 5436 1620 5508 oppositionem,
1644 5433 1960 5489 essentiam

309 5525 507 5575 autem
527 5523 805 5578 universa:
818 5525 1027 5579 animae
1044 5540 1418 5579 communem
1434 5522 1758 5578 esse.lllam
1775 5528 1963 5578 autem

309 5609 370 5664 in
404 5623 506 5664 se:
529 5609 768 5680 (partes)
788 5613 1136 5668 divisionem
1161 5614 1370 5668 animae
1396 5613 1615 5684 (quasi)
1633 5611 1964 5666 familiaris-

313 5698 532 5758 simam
559 5713 688 5754 esse
717 5700 1214 5773 Pythagoreorum
1241 5709 1331 5758 est
1361 5701 1958 5770 sententia,unitatem

2082 3299 2366 3373 χογονίας,
2424 3298 2586 3353 τοῦτό
2647 3320 2729 3353 σοι
2761 3303 2852 3352 νῦν
2887 3299 3068 3374 ὥσπερ
3098 3320 3152 3353 τι
3179 3297 3344 3374 χρέος
3379 3297 3734 3371 διαλυόμεθα.

2078 3389 2153 3444 Τὸ
2215 3387 2319 3462 γάρ
2374 3387 2512 3442 κατὰ
2567 3389 2666 3456 τὴν
2719 3386 3009 3442 διπλασίου
3039 3387 3129 3442 καὶ
3154 3387 3482 3460 τριπλασίου
3515 3384 3736 3442 διάστα-

2079 3497 2162 3530 σιν
2218 3475 2510 3552 εῗρημένον
2567 3481 2647 3549 τῷ
2687 3477 2941 3531 Πλάτωνι
2974 3478 3202 3547 ἑκάστην
3234 3481 3340 3532 τῶν
3383 3475 3735 3547 διαστάσεων,

2079 3566 2254 3620 οὐσῶν
2310 3565 2576 3641 ἑκατέρων
2634 3571 2825 3641 τριῶν,
2875 3566 3152 3642 γεγονέναι
3220 3568 3320 3636 τήν
3378 3567 3560 3642 σχίσιν
3620 3572 3728 3622 τῶν

2077 3654 2213 3709 ἑπτά
2266 3654 2507 3725 κύκλων,
2565 3653 2676 3711 ἔστι
2732 3655 2850 3729 μὲν,
2913 3655 3036 3710 ὅσον
3090 3676 3151 3730 γε
3209 3655 3346 3710 κατὰ
3399 3657 3501 3723 τήν
3561 3653 3732 3728 λέξιν,

2079 3741 2476 3800 ὑποδύσκολον·
2539 3745 2790 3818 σημαίνει
2852 3743 2909 3800 δὲ
2941 3744 3114 3817 ὅμως,
3149 3744 3231 3800 ὅτι
3287 3745 3422 3800 κατᾶ
3453 3742 3732 3800 διάστασιν

2075 3834 2305 3904 ἑκάστην
2362 3831 2659 3908 (διάστασις
2695 3839 2765 3905 Ῡ)
2824 3839 2932 3889 τῶν
2999 3831 3300 3889 διπλασίων
3356 3834 3446 3888 καὶ
3499 3833 3734 3905 τριπλαο

2073 3921 2204 3976 σίων
2262 3919 2616 3994 διαστάσεων,
2669 3922 2842 3976 οὐσῶν
2903 3922 3169 3996 ἑκατέρων
3219 3922 3388 3996 τριῶν
3518 3920 3568 3975 έν
3627 3921 3731 3996 γάρ

2071 4012 2352 4086 τέσσαρσιν
2414 4009 2566 4084 δροις
2626 4011 2680 4064 αἱ
2721 4008 3026 4072 διαστάσεις
3056 4015 3223 4083 τρεῖς·
3277 4011 3311 4078 ἡ
3346 4009 3528 4084 σχίσις
3574 4011 3730 4085 γέγο-

2072 4120 2180 4168 νεν,
2212 4100 2241 4153 ’ὀ
2286 4097 2395 4152 ἐστι
2455 4104 2532 4170 τῷ
2597 4099 2735 4154 κατὰ
2785 4106 2961 4172 μῆκος
3011 4098 3230 4165 ταύτὸν,
3259 4095 3332 4151 ’ἶν’
3385 4099 3593 4169 ἑκάστῳ
3621 4102 3730 4152 τῶν

2075 4187 2209 4242 ἑπτὰ
2236 4185 2455 4242 κύκλων
2489 4187 2679 4242 ἰνῶσιν
2712 4189 2766 4242 αἱ
2820 4186 3121 4250 διαστάσεις
3182 4191 3350 4241 πᾶσαι
3376 4186 3466 4241 καὶ
3526 4188 3582 4240 οἱ
3639 4185 3735 4242 λό-

2073 4297 2164 4350 γοι
2213 4276 2425 4336 πάντες·
2487 4278 2625 4331 κατὰ
2676 4277 2778 4352 γάρ
2828 4279 2920 4332 τὸν
2969 4276 3198 4350 ἀριθμὸν
3251 4281 3359 4330 τῶν
3399 4280 3497 4331 τοῦ
3529 4273 3729 4330 διπλα-

2075 4365 2193 4418 σίου
2267 4364 2358 4419 καὶ
2411 4364 2740 4441 τριπλασίου
2792 4364 3117 4421 διαστάσεων
3287 4365 3462 4420 οὐσῶν
3517 4364 3730 4440 έξαχῶς

2071 4452 2198 4517 τοὺς
2247 4451 2486 4517 κύκλους
2536 4450 2714 4528 ἔτεμε.
2768 4452 3075 4511 Τούτωνδὲ
3104 4451 3596 4529 προειλημμένων,
3628 4475 3726 4532 φα-

2077 4543 2171 4614 μὲν
2209 4544 2260 4616 (6
2293 4541 2351 4597 δὲ
2407 4541 2572 4620 λόγος
2604 4543 2897 4612 ἐλληνικὸς
2931 4547 2988 4618 ῒ)
3016 4545 3116 4612 τὴν
3147 4543 3244 4598 τοῦ
3289 4543 3489 4606 παντὸς
3518 4545 3731 4618 ψυχὴν,

2072 4630 2268 4706 λόγους
2317 4629 2572 4708 ἔχουσαν,
2613 4633 2825 4688 πάντων
2873 4637 3009 4688 εἶναι
3063 4631 3368 4710 ἰγκοσμίων
3420 4630 3564 4708 ἔχειν
3621 4633 3730 4707 πρὸ

2074 4719 2281 4776 τούτων
2331 4722 2422 4776 καὶ
2468 4727 2575 4776 τῶν
2626 4721 2772 4777 ὅλων
2825 4727 2922 4777 τοῦ
2973 4722 3184 4794 κόσμου
3239 4719 3500 4795 μερίδων,
3560 4721 3731 4787 αὐτῆς

2078 4809 2225 4884 λέγω
2253 4817 2350 4880 τῆς
2402 4810 2680 4873 ἀπλανοῦς
2727 4810 2816 4866 καὶ
2869 4818 2971 4881 τῆς
3021 4810 3391 4883 πλανωμένης
3425 4810 3544 4875 ὅθεν
3580 4813 3607 4866 6
3641 4812 3730 4876 θά-

2074 4919 2232 4971 τερος
2291 4897 2494 4962 κύκλος
2554 4905 2660 4954 τῶν
2710 4901 2844 4955 ἑπτὰ
2917 4898 3137 4955 κύκλων
3194 4901 3292 4962 τὰς
3335 4899 3726 4977 πρωτουργοὺς

2076 4987 2252 5051 αἰτίας
2281 4987 2332 5042 ἐν
2379 4990 2552 5059 ἑαυτῷ
2598 4988 2970 5066 περιείληφεν.
3035 4988 3101 5046 Ei
3133 4986 3190 5044 δὲ
3225 4989 3302 5061 μὴ
3345 4989 3436 5043 καὶ
3483 4996 3584 5059 τῆς
3644 4988 3730 5044 οὐ-

2077 5075 2191 5138 σίας
2225 5074 2360 5138 ἴδιός
2389 5099 2469 5138 τις
2513 5078 2705 5152 γέγονε
2736 5077 2962 5146 κύκλος,
3011 5079 3084 5140 ὡς
3118 5085 3216 5148 τῆς
3244 5078 3578 5147 ταυτότητος
3636 5078 3727 5132 καὶ

2073 5170 2172 5230 τῆς
2208 5165 2545 5239 ἑτερότητος,
2594 5163 2947 5238 διαλύσομεν,
2981 5164 3035 5220 εἷ’
3064 5188 3145 5228 τις
3179 5166 3428 5241 ἐρωτῴη,
3463 5165 3545 5220 ὅτι
3603 5167 3727 5222 τούς

2073 5277 2180 5309 των
2219 5254 2311 5327 μέν
2348 5254 2487 5308 ἐστιν
2522 5254 2812 5324 ἀντίθεσις,
2862 5257 2896 5324 ἡ
2932 5252 2988 5309 δὲ
3019 5254 3176 5310 οὐσία
3203 5257 3361 5325 κοινή
3411 5263 3510 5324 τῆς
3543 5256 3718 5327 πάσης

2076 5343 2186 5397 ἐστὶ
2229 5347 2434 5417 ψυχῆς.
2486 5346 2592 5411 Τήν
2631 5341 2690 5397 δὲ
2739 5342 2812 5406 εἷς
2871 5341 2922 5416 ἑξ
2957 5341 3214 5419 διαίρεσιν
3277 5343 3616 5415 οἰκειοτάτην
3651 5345 3726 5399 εἷ-

2073 5455 2158 5487 ναι
2190 5434 2260 5503 τῇ
2284 5435 2437 5506 ψυχῇ
2471 5433 2498 5487 6
2541 5437 2650 5488 τῶν
2709 5432 3093 5509 Πυθαγορείων
3141 5431 3311 5507 λόγος
3362 5433 3548 5510 φησὶν,
3601 5434 3729 5489 ἀνά-

2076 5534 2237 5597 λογον
2281 5521 2584 5576 ταττόντων
2647 5521 2860 5595 σημείῳ
2911 5523 3004 5594 μὶν
3071 5518 3276 5594 μονάδα
3309 5564 3323 5590 ,
3381 5526 3613 5596 γραμμῇ
3661 5520 3720 5578 δὲ

2075 5607 2262 5677 δυάδα,
2295 5614 2374 5680 τῷ
2404 5607 2462 5663 δὶ
2492 5607 2734 5682 ἐπιπέδῳ
2762 5609 2976 5684 τριάδα,
3016 5615 3095 5683 τῷ
3127 5608 3184 5664 δὲ
3216 5610 3428 5683 σώματι
3472 5609 3725 5686 τετράδα,

2071 5701 2151 5770 τῷ
2183 5695 2241 5753 δὲ
2289 5699 2656 5772 πεποιωμένῳ
2699 5699 2800 5769 τὴν
2850 5696 3104 5769 πεντάδα,
3153 5704 3232 5773 τῷ
3290 5697 3347 5755 δὲ
3397 5699 3728 5777 ἐψυχομένῳ
