4124 6416
323 377 479 436 ΗΠ

391 501 738 582 Ἐπταπὸρου
771 507 948 584 σύρων
982 511 1118 568 κατὰ
1151 511 1436 589 βαθμίδος,
1463 516 1524 584 ἣν
1555 513 1680 584 ὕπο,
1715 512 1894 581 δεινῆς

390 594 669 672 Ἀνάγκησ
699 597 889 672 θρόνος
917 598 1050 657 ἐστί.

321 685 426 738 Σὸν
457 684 559 760 γὰρ
592 688 665 759 (5)
699 685 914 762 ἀγγεῖον
949 696 1112 764 θῆρες
1140 692 1344 766 χθονὸς
1375 691 1712 763 οἰκήσουσιν.

321 775 410 844 Μὴ
446 773 508 828 σὺ
539 777 617 848 (6)
647 776 692 852 γ’
723 777 912 849 αὕξανε
935 779 1034 848 τήν
1066 779 1422 856 εἷμαρμένην·

395 863 472 921 Οὐ
504 865 610 940 γὰρ
644 865 750 920 ἀπὸ
779 874 1049 942 πατρικῆς
1078 869 1260 945 ἀρχῆς
1292 870 1480 934 ἀτελὲς
1506 893 1557 927 τι
1590 869 1869 948 τροχὸἷζει.

320 949 486 1008 Ἀλλ’
517 952 617 1007 οὐκ
646 950 948 1028 εἰσδέχεται
980 956 1164 1024 κείνης
1194 958 1257 1012 τὸ
1289 957 1464 1014 θέλειν
1497 961 1758 1036 πατρικὸς
1787 964 1935 1028 νοῦς,

397 1040 612 1118 Μέχρις
647 1040 706 1096 ἂν
738 1042 928 1119 ἐξέλθῃ
963 1043 1166 1120 λήθης,
1197 1050 1287 1102 καὶ
1325 1047 1477 1124 ῥῆμα
1507 1047 1753 1124 λαλήσῃ,

392 1133 627 1205 Μνήμην
662 1133 744 1207 (7)
773 1131 1031 1207 ἐνθεμένη
1064 1143 1334 1211 πατρικοῦ
1367 1141 1714 1213 συνθήματος
1756 1140 1939 1214 ἁγνοῦ,

319 1222 442 1296 Χρή
503 1241 560 1275 σε
617 1219 864 1276 σπεύδειν
920 1224 1058 1298 πρὸς
1114 1226 1178 1280 τὸ
1228 1225 1386 1304 φάος,
1440 1228 1528 1282 καὶ
1577 1229 1712 1304 πρὸς
1774 1228 1976 1304 πατρὸς

1693 1317 1903 1394 [αὐγάς.

389 1418 578 1482 Ἔνθεν
612 1415 860 1496 ἐπέμφθη
891 1440 976 1474 σοι
1005 1423 1158 1497 ψυχὴ
1192 1420 1366 1477 πολὺν
1404 1422 1669 1498 ἑσσαμένη
1701 1429 1848 1480 νοῦν.

313 1545 606 1616 subjacet,
654 1546 898 1603 trahens
957 1552 1016 1604 te
1063 1550 1136 1604 de
1185 1549 1393 1606 limine
1439 1552 1694 1608 habente
1743 1556 1968 1625 septem

313 1639 568 1703 meatus,
604 1635 810 1691 subter
833 1638 988 1709 quod
1023 1638 1299 1695 horrendi
1333 1641 1434 1696 fati
1467 1642 1636 1697 sedes
1667 1647 1774 1697 est.

380 1724 574 1779 Tuum
607 1725 763 1780 enim
797 1741 895 1781 vas
927 1727 1133 1784 bestiis
1163 1733 1330 1784 terrae
1367 1729 1645 1786 incolant.

379 1812 465 1866 Tu
499 1829 670 1884 porro
697 1813 816 1868 noli
843 1814 962 1870 fato
986 1816 1124 1872 dare
1147 1819 1791 1890 incrementumzneque
1813 1818 1970 1875 enim

311 1917 346 1956 a
377 1901 724 1972 prafeotura
757 1905 978 1958 summi
1030 1904 1132 1961 Dei
1183 1905 1593 1978 imperfectum
1644 1907 1785 1980 quid
1838 1925 1970 1979 pro-

317 1991 492 2046 cedit.

383 2081 599 2137 Atvero
619 2081 856 2140 animus
879 2088 1160 2156 paternus
1185 2084 1548 2140 voluntatem
1574 2085 1736 2142 illius
1758 2086 1972 2142 animas

311 2185 429 2224 non
442 2169 910 2241 admittit,donec
922 2173 1127 2228 exierit
1143 2174 1214 2229 ab
1229 2173 1604 2243 oblivione,et
1623 2176 1864 2230 verbum
1888 2177 1972 2230 di-

309 2259 767 2324 xerit,memoria
780 2269 983 2317 tenens
997 2266 1270 2317 sanctum
1285 2267 1593 2334 paternum
1609 2263 1965 2336 symbolum.

381 2347 824 2419 Properandum
861 2349 964 2405 tibi
995 2354 1084 2406 est
1115 2351 1184 2406 ad
1233 2351 1433 2407 lumen
1483 2357 1543 2408 et
1591 2351 1964 2424 splendorem

308 2434 520 2506 Patris,
553 2437 710 2492 unde
740 2437 924 2493 missa
954 2443 1045 2494 est
1087 2440 1310 2507 anima,
1363 2440 1610 2496 multam
1660 2443 1965 2513 complexa

309 2529 592 2581 mentem.

1201 383 1614 445 EXPOSITIO
1658 385 2198 451 ORACULORUM
2245 387 2392 454 CHA
2405 395 2886 459 LDAICORUM.

3598 405 3749 465 1118

2009 526 2065 591 Α
2096 522 2308 588 Αὐτοὺς
2338 521 2394 580 δὲ
2419 526 2498 598 (8)
2531 527 2677 601 χθὼν
2711 525 3062 603 κατοδόρεται
3097 529 3150 592 ἐς
3179 530 3338 588 τέκνα
3374 533 3594 607 μέχρις.

2091 616 2290 688 Ψυχῆς
2321 612 2619 690 ἐξωστῆρες
2648 616 2911 672 ἀνάπνοοι
2941 617 3159 674 ιῦλυτοί
3187 619 3342 678 εἰσιν.

2089 705 2265 770 Λαιῆς
2300 700 2352 756 ἐν
2390 702 2614 778 λαγόσιν
2648 705 2858 777 κοίτης,
2895 705 3092 780 ἀρετῆς
3123 708 3258 764 πέλε
3282 711 3457 784 πηγὴ,

2086 788 2276 846 ’Ένδον
2311 791 2414 863 ὅλη
2454 792 2746 865 μίμνουσα,
2775 796 2837 849 τὸ
2869 795 3123 869 παρθένον
3158 801 3236 870 (9)
3269 798 3330 852 οὐ
3362 805 3632 875 προϊεῖσα.

2091 881 2258 953 Ψυχή
2294 882 2407 954 (40)
2509 883 2764 956 μερόπων
2795 883 2912 946 θεὸν
2945 881 3085 958 ἇγξει
3119 907 3237 949 πως
3262 885 3313 948 ἐς
3343 888 3560 958 ἑαυτὴν,

2090 967 2257 1025 Οὐδὲν
2295 970 2489 1040 θνητὸν
2521 966 2743 1047 ἔχουσα,
2778 970 2882 1042 ὅλη
2918 973 3094 1036 θεόθεν
3133 975 3481 1048 μεμὲθυσται·

2159 1061 2452 1135 Ἁρμονίαν
2487 1061 2651 1137 αὐχιῖ
2677 1063 2803 1138 γὰρ,
2839 1065 2926 1140 ὑφ’
3022 1064 3155 1119 πέλε
3185 1069 3346 1138 σῶμα
3381 1067 3649 1142 βρότειον.

2090 1151 2240 1234 -οξτι
2271 1152 2424 1226 ψυχή
2459 1153 2572 1225 (11)
2603 1156 2709 1228 πῦρ
2739 1149 2960 1226 δυνάμει
2993 1154 3198 1230 πατρὸς
3231 1155 3360 1208 οῦσα
3391 1157 3631 1233 φαεινὸν,

2160 1239 2454 1303 Ἀθανατός
2483 1260 2541 1294 τε
2572 1243 2682 1314 (12)
2720 1240 2888 1314 μένει,
2919 1242 3009 1296 καὶ
3043 1244 3186 1311 ζωῆς
3221 1240 3470 1306 δεσπότις
3503 1244 3639 1312 ἐστὶ,

2159 1328 2260 1383 Καὶ
2293 1326 2439 1403 ἴσχει
2475 1333 2586 1402 (13)
2617 1330 2828 1404 κόσμου
2859 1328 3048 1386 πολλὰ
3072 1329 3423 1406 πληρώματα
3453 1333 3700 1392 κόλπων.

2089 1420 2334 1489 Ζήτησον
2366 1416 2715 1494 παράδεισον.

2155 1550 2322 1618 Ipsos
2352 1550 2508 1601 terra
2536 1547 2714 1602 deﬂet
2745 1564 2934 1619 usque
2960 1549 3032 1603 ad
3067 1549 3239 1605 ﬁlios.

2151 1634 2502 1707 Expulsores
2534 1637 3064 1709 animaz,respirare
3094 1639 3550 1708 facientes,sunt
3580 1639 3740 1696 solu-

2083 1724 2253 1782 biles.

2152 1860 2420 1917 Sinistris
2450 1861 2508 1916 in
2541 1860 2721 1917 ilibus
2753 1861 2986 1931 cubilis,
3019 1863 3106 1918 vis
3135 1863 3372 1920 virtutis
3419 1865 3580 1920 intus
3627 1869 3738 1932 est,

2083 1949 2246 2006 intus
2276 1954 2401 2006 tota
2431 1967 2700 2018 manens,
2732 1951 3124 2024 virginitatem
3159 1969 3274 2007 non
3308 1954 3645 2024 projiciens.

2153 2039 2368 2095 Anima
2398 2039 2705 2096 hominum
2736 2041 2922 2096 Deum
2953 2040 3332 2096 vehementer
3363 2043 3433 2096 ad
3479 2042 3736 2114 seipsam

2081 2130 2421 2200 conjunget,
2471 2129 2619 2184 nihil
2672 2131 2919 2186 mortale
2978 2131 3224 2197 habens,
3274 2135 3396 2186 tota
3455 2130 3737 2187 divinitus

2079 2219 2368 2275 inebriata
2395 2223 2485 2275 est
2517 2237 2530 2275 :
2566 2219 2937 2275 harmoniam
2970 2221 3128 2274 enim
3153 2222 3363 2292 jactat,
3398 2221 3456 2274 in
3489 2236 3606 2291 qua
3647 2227 3738 2276 est

2077 2307 2411 2364 humanum
2444 2325 2680 2380 corpus.

2145 2443 2428 2509 Quoniam
2454 2442 2650 2498 anima
2674 2441 2828 2514 ignis
2849 2447 2938 2498 est
2960 2442 3196 2497 lucidus
3218 2446 3501 2512 potestate
3528 2441 3728 2512 Patris,

2073 2537 2273 2588 manet
2302 2531 2739 2599 immortalis,et
2769 2533 2898 2586 vita
2929 2537 3017 2586 est
3047 2531 3325 2585 domina:
3351 2536 3408 2585 et
3439 2529 3716 2602 quoniam

1552 2645 1850 2702 JOANNIS
1890 2647 2224 2706 OPSOPOEI
2263 2647 2496 2703 ΝΟΤίΕ.

309 2736 597 2807 ἅνθρωπός
628 2735 768 2792 ἐστιν
820 2738 848 2792 ὁ
898 2735 1189 2807 διδάσκων,
1236 2741 1327 2795 τὸν
1385 2731 1666 2796 ὑπνώοντοί
1725 2739 1782 2796 δὲ
1827 2743 1957 2804 Θεὸς

307 2811 376 2878 ἧς
409 2809 751 2886 ἐνεκάρπισιν
803 2809 1007 2886 ἀλκῆς,
1033 2813 1159 2886 ὥστ’
1191 2813 1348 2886 αὐτὸν
1384 2814 1518 2866 εἶναι
1556 2815 1617 2868 τὸ
1673 2816 1953 2886 μανθάνειν

300 2901 359 2968 τε
405 2882 505 2972 κκαὶ
548 2882 1023 2972 ,ςτυαγχςαὶνειψητὸ
1093 2884 1194 2959 γὰρ
1231 2885 1583 2968 ⁶ἐγκαρπίσοιι
1639 2882 1729 2939 καὶ
1789 2886 1957 2942 πλέον

311 2951 421 3007 ἐστὶ
479 2953 575 3030 τοῦ
624 2951 852 3030 eaeam,
891 2957 948 3012 Id
982 2951 1243 3019 est,'«'si
1279 2951 1412 3030 quis
1444 2976 1576 3014 vero
1608 2961 1806 3028 magni
1843 2977 1959 3016 mo-

320 3026 496 3102 menti
554 3044 680 3102 esse
710 3028 1057 3102 arbitretur
1099 3026 1456 3086 evectionem
1519 3032 1588 3084 ad
1633 3026 1958 3102 superiora,

315 3097 720 3169 imaginationi
754 3106 949 3155 autem
991 3101 1164 3154 tidem
1219 3119 1333 3156 non
1391 3103 1625 3169 habeat,
1684 3097 1960 3158 dubitans

319 3185 463 3244 num
497 3187 596 3240 per
623 3172 812 3242 ipsius
843 3173 1203 3244 consortium
1256 3177 1485 3228 beatam
1520 3174 1680 3228 illam
1715 3176 1959 3244 conjun-

313 3241 568 3317 ctionem
602 3241 837 3317 assequi
866 3243 1056 3310 liceat,
1077 3246 1126 3299 is
1148 3246 1349 3300 audiat
1375 3262 1541 3302 Sacra
1571 3246 1807 3300 oracula
1822 3241 1961 3317 quae

313 3313 385 3367 de
406 3313 654 3388 diversis
675 3313 783 3388 viis
805 3319 1126 3388 proferunt.
1153 3317 1436 3387 Equidem
1463 3321 1593 3388 post
1613 3323 1794 3373 totam
1819 3313 1962 3372 enu-

313 3384 698 3462 merationem
724 3384 1185 3462 domesticorum
1213 3384 1634 3462 subsidiorum
1667 3391 1738 3443 ad
1771 3390 1960 3444 subli-
1993 3395 2036 3462 ρ,

315 3457 562 3513 miorem
609 3459 1070 3525 meditationem,
1115 3477 1216 3529 per
1253 3477 1426 3529 quam
1487 3460 1738 3516 facultas
1789 3462 1966 3516 datur

309 3544 516 3604 semen
546 3531 796 3604 interius
822 3531 1353 3603 ampliﬁcandi.His
1374 3531 1610 3604 quidem
1635 3533 1964 3604 (inquiunt)

307 3598 555 3675 luminis
609 3598 1006 3675 cognitionem
1041 3604 1330 3675 (doctrina
1385 3598 1962 3675 acquisitam'dedit,

306 3670 457 3727 alios
487 3689 622 3728 vero
652 3670 830 3730 etiam
861 3673 1222 3731 dormientes
1253 3670 1548 3732 seminu'm
1575 3675 1811 3731 virtutis
1843 3693 1962 3731 suae

307 3744 629 3827 participes
659 3746 815 3827 fecit,
839 3747 1038 3827 ‘Yides
1090 3752 1250 3827 ut_e_x
1281 3749 1526 3827 adverso
1547 3748 1965 3827 _distin_xe_runt

306 3815 765 3890 disciplinarum
780 3816 1258 3890 t‘elicitatem.Hic
1281 3819 1522 3890 quidem
1543 3817 1698 3874 inter
1716 3818 1961 3890 vigilan-

307 3887 723 3960 dum'(aiunt),
755 3887 854 3944 ille
884 3905 1018 3944 vero
1044 3890 1200 3946 inter
1227 3887 1643 3946 dormiendum
1673 3887 1958 3945 eruditur.

306 3959 861 4034 Atqui_vigilantem
893 3961 1071 4034 homo
1098 3967 1190 4018 est
1218 3961 1321 4034 qui
1369 3961 1555 4034 docet.
1583 3977 1596 4016 :
1634 3961 1962 4034 dormienti

305 4030 443 4103 vero
493 4030 648 4103 Deus
696 4048 820 4088 sua:
873 4032 1113 4090 virtutis
1159 4030 1388 4090 semina
1441 4033 1722 4103 infundit,
1773 4033 1856 4088 ita
1898 4038 1964 4088 ut

305 4100 466 4158 idem
515 4102 592 4159 sit
629 4103 853 4160 discere
909 4108 967 4160 et
995 4105 1302 4175 consequi.
1334 4109 1476 4160 Nam
1510 4100 1960 4161 seminaindere

305 4178 364 4228 et
393 4176 560 4248 quasi
591 4175 942 4248 implantare
975 4177 1108 4247 plus
1138 4184 1230 4232 est
1260 4193 1438 4248 quam
1472 4177 1701 4232 docere.
1737 4199 1773 4248 »ί
1797 4176 1962 4232 Unde

307 4245 692 4302 manifestum
720 4253 811 4302 est
839 4247 896 4302 id
921 4245 1076 4318 quod
1098 4245 1461 4318 Nicephorus
1483 4249 1553 4303 ad
1581 4248 1737 4303 hunc
1762 4247 1956 4303 locum

302 4321 568 4390 annotat,
601 4318 910 4390 Synesium
941 4319 1178 4375 oracula
1210 4321 1399 4376 multa
1425 4319 1656 4376 silentio
1688 4321 1958 4376 transiis-

304 4405 390 4456 se,
425 4404 540 4460 nec
555 4389 785 4460 integra
815 4390 1117 4447 recitasse.

379 4461 452 4535 (5)
481 4457 582 4513 Σὸν
635 4457 762 4535 γᾷρ,
811 4467 920 4516 etc.
954 4461 1240 4535 Mastlius
1294 4461 1530 4535 Ficinus
1571 4461 1673 4518 lib.
1703 4479 1816 4535 xvii
1880 4463 1956 4516 De

302 4531 1138 4604 animorum'immortalitate,
1172 4549 1299 4604 cap.
1327 4533 1433 4589 ult.
1466 4533 1778 4600 Zoroastri,
1812 4537 1876 4587 ut
1897 4537 1956 4589 et

299 4605 612 4730 sequentia
664 4603 943 4685 plurima,
999 4603 1327 4688 ascribit’et
1353 4607 1432 4660 ita
1491 4605 1950 4677 interpretatur:

301 4697 331 4726 κ
419 4693 558 4730 uum
589 4692 693 4730 vas
725 4679 922 4730 bestiae
956 4682 1123 4730 terrai
1153 4675 1441 4730 habitant.
1481 4698 1509 4725 »

301 4697 331 4726 α
364 4675 558 4730 Tuum
589 4692 693 4730 vas
725 4675 922 4732 bestiae
956 4682 1123 4732 terrai
1153 4675 1441 4732 habitant.
1481 4698 1509 4725 ››

371 4748 450 4818 (7)
508 4745 729 4824 binae,
794 4752 923 4824 etc_._
956 4749 1116 4806 Idem
1167 4748 1463 4824 Marsilius
1510 4746 1612 4824 lib.
1658 4764 1782 4824 XlII,
1839 4765 1952 4824 non
1987 4762 2032 4824 D

301 4816 472 4891 longe
501 4819 572 4874 ab
597 4817 792 4891 initio.
817 4841 845 4891 (ς
877 4818 958 4873 Ne
989 4826 1050 4874 tu
1077 4837 1295 4891 augeas
1319 4822 1525 4885 fatum,
1551 4819 1761 4888 inquit;
1782 4822 1952 4889 quasi

303 4889 364 4945 in
396 4895 499 4946 tuo
531 4890 771 4962 arbitrio
801 4889 880 4944 sit
906 4892 1112 4948 cedere
1133 4889 1250 4947 fato
1275 4897 1450 4962 atque
1477 4907 1590 4945 non
1610 4891 1833 4945 cedere.
1860 4914 1890 4949 ο

370 4962 454 5086 (7)
487 4961 750 5032 Μνήμην,
813 4967 921 5016 etc.
983 4963 1152 5018 Hunc
1199 4961 1435 5018 versum
1494 4968 1551 5018 et
1607 4969 1955 5032 sequentem

391 5036 478 5086 ert
527 5033 765 5086 Ficinus
795 5033 896 5086 lib.
946 5051 980 5086 x
1011 5036 1081 5086 de
1113 5033 1562 5086 immortalitate
1593 5034 1955 5086 animorum.

302 5033 478 5088 refert
527 5033 765 5089 Ficinus
795 5033 896 5087 lib.
946 5051 980 5087 x
1011 5036 1081 5089 de
1113 5033 1562 5090 immortalitate
1593 5034 1956 5100 animorum,

303 5119 430 5177 cap.
460 5121 582 5173 vm,
603 5122 736 5161 cum
766 5104 876 5159 hac
899 5105 1379 5177 interpretatione
1406 5124 1419 5162 :
1450 5126 1473 5156 α
1502 5106 1954 5177 Ascendendum

298 5175 405 5248 tibi
434 5182 525 5231 est
570 5179 640 5232 ad
678 5177 894 5248 lumen
947 5175 1250 5248 ipsumet
1293 5177 1485 5233 Patris
1510 5175 1731 5248 radios,
1793 5178 1956 5233 unde

298 5247 500 5371 iniusta
528 5253 618 5303 est
645 5247 749 5304 tibi
799 5247 999 5304 anima
1054 5247 1242 5304 multo
1302 5248 1516 5306 mentis
1565 5247 1790 5303 lumine
1841 5249 1956 5304 cir-

298 5335 432 5371 cum
469 5336 592 5371 usa.
629 5341 657 5368 »

298 5335 592 5374 cumlusa.
629 5341 657 5368 »

364 5390 442 5462 (8)
494 5384 824 5462 Aﬁrobcbe,
883 5391 1228 5462 etcLVetus
1258 5461 1261 5462 ν
1291 5392 1476 5448 codex
1527 5389 1696 5461 regiae
1739 5389 1953 5446 biblio-

295 5457 480 5517 theca
511 5457 739 5518 habetb‘z
761 5459 792 5514 ἃ
820 5458 945 5520 τοὺς
977 5457 1052 5513 δέ-
1087 5461 1361 5520 similiter
1412 5457 1655 5518 accentu
1712 5466 1948 5517 tantum

298 5537 547 5598 mutato,
582 5533 910 5590 eruditione
943 5535 1274 5598 praestantis
1318 5533 1425 5588 viri
1483 5534 1948 5588 Sanctandreani

292 5605 594 5676 exemplar
627 5605 658 5658 ἇ
688 5605 720 5658 ἆ
747 5603 873 5677 τοὺς
899 5599 965 5677 ίδὲ
987 5603 1138 5676 χθὼν
1169 5610 1304 5675 etc.,
1337 5609 1656 5676 utrumque
1685 5600 1946 5677 σχετλισ-

295 5675 496 5736 πικῶξ
530 5683 609 5732 ah
638 5677 738 5743 ah,
769 5675 858 5731 vel
890 5675 997 5730 heu
1015 5675 1146 5732 heu.

366 5748 446 5820 (9)
477 5747 770 5822 Παρθένον.
831 5746 1070 5819 Regina
1126 5746 1424 5822 exemplar
1471 5747 1647 5803 refert
1694 5746 1756 5799 τὸ
1809 5765 1949 5820 παρ-

299 5816 476 5893 eam
504 5816 800 5893 προϊοῦσαι
824 5816 1038 5893 contra
1061 5819 1232 5876 metri
1263 5816 1550 5893 regulam,
1601 5816 1944 5893 quanquam

294 5890 359 5948 id
390 5905 508 5949 non
537 5888 758 5966 ubique
786 5890 849 5947 in
880 5888 992 5948 hoc
1011 5888 1742 5964 fragmento'observatum
1771 5888 1871 5948 sit.

2144 2745 2511 2828 (10.)“Wol1j.
2573 2746 2716 2800 Tres
2779 2744 2887 2800 hos
2945 2760 3156 2828 versus
3212 2743 3417 2828 paueis
3474 2744 3729 2828 explieat

2073 2816 2367 2873 Marsilius
2414 2816 2519 2872 lib.
2574 2834 2698 2881 xm,
2759 2833 2888 2888 cap.
2946 2817 2999 2886 4,
3065 2817 3146 2870 ita
3205 2816 3508 2888 scribens:
3562 2817 3729 2888 «Qui

2070 2889 2447 2961 phantasiam
2481 2889 2606 2942 vult
2636 2887 2929 2956 silere,’ac
2960 2888 3137 2961 etiam
3162 2887 3422 2960 supremi
3456 2887 3729 2961 Numinis

2067 2959 2360 3018 desiderio
2393 2960 2671 3032 flagrans,
2705 2960 3004 3032 consuetis
3028 2959 3270 3032 rationis
3294 2961 3576 3014 naturalis
3607 2960 3728 3013 dis-

2068 3035 2343 3088 cursibus
2400 3030 2513 3086 non
2573 3032 2838 3099 confidit,
2899 3030 3026 3086 sola
3077 3031 3219 3084 vivit
3269 3037 3492 3098 mente,
3535 3032 3729 3086 evadit

2067 3104 2338 3175 angelus,
2371 3109 2428 3158 et
2455 3109 2574 3158 toto
2610 3104 2766 3175 capit
2792 3108 3020 3175 pectore
3045 3102 3252 3156 Deum.
3281 3102 3725 3175 Haecisigniiicat

2069 3173 2371 3231 Zoroastcr
2404 3193 2416 3230 :
2472 3173 2698 3229 Anima,
2728 3173 3036 3229 hominum
3067 3180 3248 3227 Deuzn
3282 3173 3720 3241 quodammodo

2071 3249 2364 3304 contrahit
2396 3248 2453 3300 in
2487 3246 3007 3316 seipsam.quando
3040 3243 3183 3298 nihil
3213 3249 3473 3299 retinens
3507 3252 3724 3300 morta-

2075 3322 2144 3385 le,
2180 3325 2303 3374 tota
2335 3317 2550 3372 divinis
2586 3317 2899 3372 haustibus
2928 3317 3272 3370 inebriatur.
3305 3321 3463 3370 Tunc
3491 3332 3724 3388 quoque

2075 3391 2329 3446 exsultat
2353 3391 2412 3443 in
2445 3390 2708 3460 corporis
2740 3389 3130 3443 harmoniam.
3171 3410 3191 3436 ι»

2149 3461 2444 3534 (11))Όττι
2476 3457 2654 3534 ψυχή.
2691 3461 2850 3534 Idem
2882 3460 3033 3534 libro
3067 3466 3124 3514 et
3154 3457 3343 3534 capite
3374 3458 3727 3534 dictis__ver-

2074 3530 2177 3590 sus
2209 3530 2432 3605 aliquot
2462 3530 2499 3588 ei
2521 3530 2909 3604 sequentibus
2941 3532 3057 3586 huc
3092 3530 3412 3586 translatos
3458 3531 3723 3586 ordinat:

2073 3640 2228 3713 'Or‘rt
2259 3639 2412 3713 ψυχὴ
2447 3641 2551 3709 πῦρ
2586 3635 2812 3710 δυνάμει
2845 3638 3054 3713 ηατρὸς
3107 3637 3474 3708 οὗσαφαεινὸν,

2084 3655 2228 3694 ὐττι
2259 3655 2412 3714 ψυχη
2447 3657 2551 3709 πῦρ
2586 3655 2812 3710 ουναμει
2845 3655 2955 3691 llr:
2997 3655 3054 3699 ος
3107 3655 3474 3708 ουσαφαεινον,

2071 3709 2331 3784 Ἡγιίσθω
2390 3713 2575 3785 ψυχῆς
2641 3711 2804 3786 βάθος
2863 3655 3141 3785 ἅμὲροτον
3178 3755 3191 3780 ,
3243 3710 3466 3782 ὄμματα
3525 3705 3720 3786 8‘}??-

3604 3777 3725 3853 [δην

2071 3854 2117 3909 ΙΙ
2126 3854 2235 3907 ἀντ’
2267 3852 2558 3907 ἇκπὲτασον
2592 3853 2724 3907 ἄνω.

2071 3923 2229 3995 Μηδέ
2257 3925 2319 3979 τὸ
2350 3927 2448 3989 τῆς
2481 3922 2621 3994 ὕλης
2654 3917 2927 3978 σκύϐαλον
2958 3928 3191 3999 κρημνῷ
3219 3920 3523 3995 καταλείψη
3537 3942 3580 3982 ς.

2071 4033 2134 4088 Id
2150 4032 2367 4098 est,illo
2381 4032 2716 4104 interprete:
2732 4053 2758 4082 ‹‹
2775 4032 3063 4095 Quoniam
3079 4031 3278 4104 anima
3292 4047 3389 4104 per
3402 4029 3725 4104 potentiam

2069 4104 2258 4159 Patris
2287 4104 2351 4158 ﬁt
2379 4101 3286 4175 ignis'splendidus,dominetur
3319 4103 3374 4156 in
3399 4107 3456 4156 te
3479 4101 3723 4175 immor~

2069 4176 2206 4231 talis
2234 4172 2867 4246 profunditae'animze,
2899 4172 2954 4231 et
2987 4175 3186 4231 oculos
3216 4190 3422 4230 omnes
3443 4189 3560 4227 una
3586 4172 3726 4228 tolle

2068 4247 2126 4302 in
2161 4248 2367 4302 altum.
2402 4248 2568 4302 'I‘unc
2603 4262 2792 4316 neque
2822 4249 3000 4302 etiam
3035 4246 3337 4302 materiale
3369 4246 3564 4315 ipsum
3597 4260 3720 4300 cor-

2068 4335 2179 4401 pus
2204 4318 2522 4391 praecipitio
2545 4318 2935 4401 derelinquas.
2962 4340 2990 4369 »
3025 4319 3230 4401 Ignem.
3247 4317 3507 4399 appellat
3528 4316 3720 4399 lucem

2068 4389 2284 4462 ipsam,
2316 4389 2435 4462 qua
2454 4391 2734 4463 exuberat
2763 4391 2918 4446 Deus
2950 4389 3157 4463 per’se,
3181 4393 3240 4445 et
3263 4389 3462 4463 anima
3481 4404 3584 4463 per
3602 4389 3720 4443 vim

2067 4461 2565 4518 Patris'conversa
2594 4462 2654 4517 in
2704 4461 3265 4518 Patrem‘abundat.
3295 4462 3364 4516 Et
3396 4461 3536 4532 quia
3568 4465 3720 4516 Deus

2065 4539 2155 4589 est
2183 4533 2314 4606 ipsa
2355 4533 2552 4588 unitas
2584 4550 2761 4604 super
2791 4539 3047 4590 mentem
3069 4539 3126 4589 et
3146 4537 3416 4606 centrum
3440 4532 3724 4606 essentia-

2065 4602 2407 4676 rumsuper
2435 4602 2781 4671 essentiam,
2835 4606 3081 4674 ideoque
3113 4622 3229 4661 non
3264 4605 3470 4676 unitur
3501 4602 3585 4657 illi
3619 4618 3722 4674 per

2065 4675 2323 4733 mentem
2355 4677 2608 4748 proprie,
2636 4677 2738 4732 sed
2761 4693 2863 4748 per
2888 4678 3175 4732 unitatem
3208 4675 3439 4748 animae,
3472 4691 3609 4748 quae
3629 4679 3721 4729 est

2066 4749 2280 4804 mentis
2331 4745 2528 4820 caput,
2588 4745 2976 4820 centrumque
3021 4749 3200 4804 totius
3231 4745 3716 4820 animae,_idci_rco

2067 4820 2207 4875 dicit
2235 4817 2575 4876 Zoroaster:
2611 4819 2798 4874 Ducat
2855 4817 2909 4875 te
2964 4821 3173 4875 animas
3207 4817 3577 4890 profunditas
3607 4817 3718 4890 im-

2078 4893 2365 4960 mortalis,
2432 4892 2489 4945 id
2569 4897 2658 4945 est
2704 4891 2905 4962 unitas
2982 4891 3128 4962 ipsa,
3190 4888 3368 4962 quam
3418 4888 3723 4962 impressit

2117 4965 2370 5018 uondam
2416 4963 2570 5018 Deus
2618 4961 2832 5017 animae
2889 4960 3169 5033 tanquam
3208 4960 3475 5033 unitatis
3505 4960 3718 5033 divinae

2069 5031 2479 5104 characterem,
2512 5051 2546 5088 a
2596 5050 2715 5104 qua
2739 5039 2798 5088 et
2828 5034 2898 5088 ad
2933 5031 3111 5103 quam
3143 5049 3352 5089 omnes
3381 5031 3508 5087 aliae
3549 5031 3718 5104 _vires

2068 5102 2478 5176 anima,quasi
2510 5123 2543 5160 a
2573 5102 2770 5160 centro
2800 5109 2858 5161 et
2889 5102 2965 5160 ad
2993 5110 3262 5162 centrum
3285 5120 3490 5161 omnes
3513 5102 3718 5159 circuli

2066 5177 2234 5233 lineas
2267 5179 2560 5249 pendent._
2582 5198 2610 5225 ››

2138 5245 2593 5320 (12)“Ἀθάνατός
2624 5266 2702 5302 τε,
2737 5247 3039 5304 Marsilius
3086 5247 3191 5302 lib.
3240 5265 3296 5314 ν,
3350 5251 3431 5320 De
3485 5245 3716 5302 animo-

2065 5318 2199 5375 rum
2233 5318 2696 5384 immortalitate,
2731 5336 2858 5391 cap.
2891 5336 3018 5374 λινε
3051 5343 3078 5369 ‹‹
3111 5318 3470 5391 Immortalis
3497 5323 3718 5386 manet,

2065 5409 2132 5447 ac
2164 5394 2289 5447 vita:
2320 5393 2560 5447 domina
2589 5395 2680 5446 est
2708 5407 2720 5456 ;
2754 5390 2816 5461 q.
2848 5391 2904 5446 d.
2939 5392 3068 5447 ideo
3105 5390 3459 5446 immortalis
3490 5397 3710 5461 manet,

2063 5463 2201 5533 quia
2233 5463 2408 5519 habet
2456 5460 3092 5534 vitamﬂpedisequam,
3145 5463 3318 5518 sicuti
3359 5460 3714 5534 raolﬂlucem,

2061 5531 2274 5590 crinita
2302 5551 2551 5590 comam.
2587 5556 2615 5583 η
2647 5531 2792 5589 Vide
2823 5531 3037 5590 locum.
3070 5535 3246 5590 Docet
3277 5533 3432 5590 enim
3465 5531 3586 5587 illic
3619 5533 3712 5588 fu-

2061 5623 2143 5675 se,
2178 5607 2446 5675 animam
2469 5605 2648 5672 abire,
2688 5606 3032 5661 adveniente
3065 5616 3270 5672 morte,
3307 5621 3421 5660 non
3454 5603 3640 5674 perdi.

2129 5672 2241 5748 (13)
2275 5680 2372 5731 Καὶ
2421 5672 2589 5749 ἴσχει,
2635 5682 2747 5749 etc.
2806 5679 2966 5733 Idem
3019 5677 3120 5732 lib.
3177 5695 3250 5746 ιν,
3299 5693 3427 5746 cap.
3455 5672 3709 5749 ultimo:

2063 5746 2381 5825 -_Proi‘eoto
2414 5746 2900 5825 anjmamipsam
2946 5765 3078 5825 esse
3123 5746 3560 5825 quodammodo
3591 5760 3714 5799 cm-

2055 5820 2171 5885 nia,
2204 5823 2274 5876 de
2305 5821 2772 5891 quaZoroaster
2813 5819 2932 5874 ait:
2973 5821 3423 5891 ‘Mundanorum
3468 5819 3711 5872 sinuum

2054 5891 2274 5949 multas
2301 5888 2700 5966 plenitudine:
2726 5888 3198 5964 comprehendit.
3232 5910 3263 5939 »
