4124 6412
345 442 500 502 1121

408 572 782 648 Λαμπόμενον
811 572 1103 650 σκιρτηδὸν
1134 571 1270 629 ὅλου
1298 575 1434 629 κατὰ
1466 574 1653 649 βενθεα
1681 573 1916 647 κόσμου,

411 662 584 718 Κλῦθι
616 662 788 737 πυρὸς
817 664 919 733 τήν
948 665 1162 739 φωνήν.

341 745 613 826 Σύμϐολα
640 751 902 826 πατρικὸς
929 751 1057 815 νόος
1087 749 1356 828 ἐνὲσπειρε
1387 754 1500 824 (22)
1528 755 1646 815 ταῖς
1675 754 1901 826 ψυχαῖς.

344 842 598 898 Μάνθανε
624 842 735 913 (23)
762 840 824 895 τὸ
854 841 1074 911 νοητὸν,
1107 840 1223 895 ἐπεὶ
1254 841 1384 895 νόου
1417 838 1518 910 ἔξω
1548 839 1802 915 ὑπάρχει.

339 931 495 986 Ἔστι
528 926 586 983 δὶ
611 931 726 1002 (24)
757 926 823 999 δή
855 951 910 983 τι
934 930 1154 1000 νοητὸν,
1187 928 1218 984 ὅ
1247 931 1360 1004 χρή
1398 949 1456 983 σε
1484 933 1624 983 νοεῖν
1657 929 1782 983 νόου
1829 924 1998 985 ἄνθει.

340 1017 495 1074 Εἰσὶν
526 1018 698 1073 πάντα
727 1020 839 1092 (25)
872 1019 1044 1095 πυρὸς
1077 1017 1194 1081 ἐνὸς
1227 1019 1558 1095 ἐκγεγαῶταο

340 1106 520 1162 Πάντα
549 1110 661 1182 (26)
690 1107 792 1185 γὰρ
825 1107 1101 1182 ἐξετὲλησε
1130 1108 1342 1182 Πατὴρ,
1375 1108 1465 1164 καὶ
1496 1111 1574 1180 νῷ
1598 1104 1900 1183 παρέδωκε.

413 1274 472 1330 Si
499 1273 712 1347 saepius
730 1274 876 1330 mihi
904 1273 1140 1330 locutus
1163 1272 1344 1329 lueris
1367 1289 1612 1346 prorsus
1631 1271 1857 1328 videbis
1881 1288 2004 1328 me-

345 1363 720 1432 morabilem;
778 1379 970 1434 neque
1007 1362 1162 1418 enim
1191 1363 1471 1429 caelestis,
1502 1377 1795 1433 curvaque
1835 1362 2010 1417 etde-

348 1469 493 1509 vexa
521 1457 767 1526 apparet
795 1457 937 1508 tunc
953 1452 1060 1508 tibi
1087 1451 1292 1508 moles.
1320 1451 1510 1507 Stellae
1533 1468 1648 1506 non
1673 1450 2008 1523 splendent,

347 1542 503 1598 lunae
537 1541 736 1598 lumen
767 1545 986 1598 tectum
1042 1546 1152 1610 est,
1195 1545 1352 1598 terra
1389 1557 1504 1597 non
1557 1543 1694 1609 stat,
1724 1539 2011 1610 (videntur

353 1647 492 1688 vero
521 1633 720 1688 omnia
751 1648 876 1687 esse
908 1631 1181 1687 fulmina.

417 1721 498 1777 Ne
527 1721 822 1778 vocaveris
853 1721 1176 1793 imaginem
1208 1724 1430 1776 natura;
1462 1719 1652 1793 ipsius
1676 1718 1779 1776 Dei
1809 1735 1914 1792 per
1944 1735 2008 1776 se

349 1809 758 1882 conspicuam.

413 1897 688 1972 Undique
718 1897 974 1972 simplici
1005 1899 1205 1955 amnio
1235 1897 1409 1954 tende
1439 1897 1703 1954 habenas
1737 1897 1911 1969 ignis.

409 1987 555 2044 Cum
589 1988 809 2044 videris
842 1989 1067 2061 absque
1089 1989 1279 2044 forma
1303 2003 1535 2042 sacrum
1557 1987 1753 2059 ignem
1778 1987 2000 2042 mican-

1206 440 1628 502 EXPOSITIO
1673 437 2214 500 ORACULORUM
2263 438 2906 501 CHALDAICORUM.

3613 443 3770 501 1122

2030 574 2083 641 Α
2116 570 2381 649 Δευτέρῳ,
2405 572 2463 627 ’ὸν
2496 575 2715 648 πρῶτον
2742 570 3027 643 κληΐζεται
3202 569 3352 628 ἔθνεα
3390 571 3624 650 ἀνδρῶν.

2110 660 2420 734 Νοοῦμεναι
2453 662 2632 738 ἱυγγες
2660 661 2924 736 πατρόθεν
2953 663 3164 718 νοὲουσι
3194 662 3284 717 καὶ
3315 661 3494 732 αὐταὶ,

2182 749 2421 813 Βουλαῖς
2453 751 2797 828 ἀφθέγκτοισι
2827 749 3148 824 κινούμεναι
3181 753 3293 825 (28)
3324 751 3464 806 ὥστε
3493 759 3710 823 νοῆσαι.

2110 841 2177 893 Ὤ
2206 843 2325 902 πῶς
2354 837 2562 913 κόσμος
2593 833 2710 915 ἔχει
2735 840 2957 913 νοεροὺς
2987 840 3234 916 ἆνοχῆας
3263 842 3377 915 (29)
3410 840 3718 915 ἆκαμπεῖςῐ

2109 927 2335 984 Ἑαυτὸν
2371 928 2400 982 ὁ
2431 929 2620 1003 Πατὴρ
2653 926 2918 1003 ἥρπασεν·

2183 1013 2314 1073 Οὐδ’
2341 1016 2392 1071 ἐν
2428 1018 2488 1091 ἑῇ
2517 1014 2741 1089 δυνάμει
2772 1021 2931 1093 νοερᾷ
2959 1015 3179 1079 κλείσας
3209 1014 3349 1072 ἴδιον
3381 1022 3510 1094 πῦρ.

2112 1106 2300 1182 Πατὴρ
2333 1108 2446 1182 (30)
2479 1105 2541 1162 οὐ
2568 1102 2738 1185 φόϐον
2766 1105 3078 1182 ἐνθρώσκει,
3111 1108 3283 1171 πειθὼ
3314 1104 3360 1162 δ’
3395 1105 3662 1184 ἐπιχεόει.

2190 1271 2293 1326 Est
2320 1288 2463 1328 sane
2493 1271 2774 1344 quiddam
2799 1271 3191 1345 intelligentia
3214 1273 3773 1346 perceptibile,quod

2120 1364 2349 1434 oportet
2377 1364 2435 1416 te
2464 1360 2790 1433 intelligere
2822 1362 2964 1418 ﬂore
2997 1361 3235 1418 mentis.

2190 1450 2400 1505 Omnia
2434 1453 2575 1506 sunt
2605 1451 2892 1521 producta
2928 1467 2998 1506 ex
3028 1468 3145 1506 uno
3172 1451 3309 1524 igne
3337 1469 3351 1508 :
3380 1452 3606 1525 quippe
3636 1469 3773 1510 cum

2118 1539 2318 1595 omnia
2351 1539 2518 1596 Pater
2543 1540 2870 1611 perfecerit,
2905 1545 2962 1596 et
2988 1540 3169 1596 menti
3217 1541 3527 1598 tradiderit
3564 1559 3774 1598 secun-

2120 1630 2228 1700 das,
2261 1645 2437 1700 quam
2470 1630 2718 1702 primam
2751 1633 2964 1686 vocant
2993 1629 3266 1686 nationes
3296 1630 3628 1687 hominum.

2189 1718 2427 1791 Species
2458 1735 2585 1790 qua:
2617 1722 2814 1773 mente
2857 1718 3264 1791 percipiuntur
3292 1725 3533 1792 paterna
3576 1725 3774 1777 mente

2117 1811 2404 1880 perceptae
2431 1813 2490 1863 et
2538 1808 2678 1880 ipsa:
2705 1806 3061 1878 intelligunt,
3103 1809 3335 1864 consilii
3367 1809 3562 1864 tacitis
3597 1815 3770 1868 motae

2032 1924 2081 1991 Β
2121 1895 2583 1991 ubintelligant.

2180 1986 2224 2043 Ο
2257 1987 2550 2059 quomodo
2582 1985 2840 2042 mundus
2871 1985 2966 2041 hic
2990 1985 3171 2042 habet
3201 1990 3464 2044 rectores
3491 1988 3542 2044 vi
3592 1989 3770 2045 intel-

344 2079 468 2132 tem
500 2075 771 2133 saltando
801 2093 906 2150 per
927 2077 1218 2149 profunda
1239 2075 1422 2132 totius
1444 2074 1819 2147 mundi,audi
1841 2075 1996 2148 ignis
2104 2076 2323 2149 ligendi
2356 2076 2630 2148 praeditos
2660 2075 2762 2147 qui
2792 2091 2908 2131 non
2937 2075 3288 2134 ﬂectuntur!

349 2164 638 2222 sonitum.

2181 2166 2458 2236 Seipsum
2491 2181 2764 2220 summus
2799 2181 3010 2236 parens
3041 2165 3198 2221 Deus
3228 2183 3262 2221 a
3293 2165 3536 2239 reliquis
3577 2167 3772 2222 omni-

413 2257 574 2311 Mens
605 2254 796 2329 ipsius
828 2254 932 2311 Dei
978 2254 1194 2312 indidit
1223 2255 1439 2311 animis
1489 2253 1797 2310 hominum
1829 2253 2003 2327 signa
2109 2255 2222 2310 bus
2253 2253 2580 2310 subduxit:
2613 2269 2803 2325 neque
2853 2253 2913 2308 in
2962 2270 3072 2309 sua
3117 2253 3379 2326 potentia
3443 2254 3771 2312 intellectili

393 2347 614 2400 aterna.

393 2359 614 2400 aterna.

348 2359 386 2416 Ρ
425 2435 665 2508 Percipe
696 2433 752 2490 id
787 2434 942 2506 quod
977 2437 1168 2506 potest
1215 2433 1515 2490 intellectu
1566 2432 1786 2505 percipi
1821 2450 1834 2490 :
1869 2449 2002 2489 nam

348 2533 446 2587 est
475 2530 640 2585 extra
668 2527 948 2580 mentem.

2111 2343 2312 2416 ignem
2344 2359 2518 2398 suum
2551 2340 2815 2398 inclusit.

2189 2433 2356 2488 Pater
2386 2449 2503 2488 non
2536 2435 2762 2488 metum
2812 2430 3104 2502 immittit,
3137 2433 3239 2488 sed
3283 2432 3632 2504 obsequium
3682 2433 3771 2490 in-

2116 2520 2334 2577 fundit.

1589 2647 1894 2704 JOANNIS
1933 2645 2265 2704 OPSOPOEI
2304 2645 2530 2704 ΝΟἸῈ.
2606 2610 2610 2613 “

420 2750 536 2821 (23)
567 2743 842 2810 Μᾶνθανε.
891 2745 1193 2821 Marsilius
1225 2745 1326 2802 lib.
1362 2763 1402 2817 ι,
1433 2746 1514 2821 De
1546 2746 1734 2821 anim.
1762 2747 2000 2821 immor-

353 2818 584 2882 talitate
637 2836 765 2891 cap.
796 2821 868 2874 6:
897 2840 949 2891 ac
1002 2818 1164 2874 Aliud
1202 2835 1368 2891 mens
1415 2819 1556 2891 erit,
1581 2818 1747 2891 aliud
1771 2819 2007 2875 veritas.

355 2895 522 2962 Quod
553 2891 638 2949 sic
662 2889 848 2963 aperit
868 2890 1174 2946 Zoroaster
1198 2907 1212 2947 :
1244 2890 1401 2946 Scito
1422 2889 1790 2962 intelligibile
1811 2891 2008 2962 ipsum

361 2982 492 3025 esse
520 2968 682 3021 extra
711 2965 990 3018 mentem.
1022 2983 1052 3011 »

435 3037 546 3108 (211)
574 3030 836 3108 ‘Enicé.
868 3033 1027 3108 Idem
1059 3031 1177 3108 lib.
1195 3050 1320 3103 xm,
1345 3048 1473 3105 cap.
1494 3032 1566 3088 5:
1602 3055 1630 3082 ‹‹
1665 3033 1766 3087 Est
1796 3031 2014 3108 intelli-

360 3104 540 3183 gibile
570 3105 788 3178 aliquid
811 3107 968 3183 quod
991 3105 1320 3183 intelligere
1345 3113 1398 3160 te
1413 3104 1643 3183 Oportet
1664 3104 2011 3183 mentis_flo-

361 3175 444 3238 re.
479 3175 702 3236 Florem
729 3175 945 3249 mentis
967 3175 1546 3249 appellatZoroaster
1572 3177 1770 3248 ipsum
1803 3175 2011 3231 anima:

362 3260 563 3338 centri]
573 3267 662 3338 nl,
689 3250 863 3338 quod”
881 3247 1062 3338 Plato;
1074 3248 1344 3338 Pomin'at
1362 3248 1579 3304 mentis
1602 3247 1805 3338 caput.
1838 3269 1867 3298 »

432 3324 546 3396 (5)
603 3317 752 3396 Etsiv
788 3317 980 3396 ﬂév‘tq.
1033 3320 1190 3376 Idem
1248 3320 1346 3375 lib.
1414 3337 1476 3387 ιι,
1511 3317 1758 3396 cap._7:
1811 3319 2015 3396 «_E_sse

2126 2749 2270 2814 ζεται
2324 2748 2427 2798 πᾶν
2485 2743 2640 2818 γένος
2690 2741 2939 2818 ἀνδρῶνι
2984 2747 3042 2800 et
3078 2744 3171 2818 ita
3219 2760 3450 2818 quoque
3507 2763 3772 2802 correxe-

2123 2822 2216 2873 rat
2257 2815 2654 2873 Ranconetus.
2702 2815 2811 2872 Sed
2868 2815 3160 2872 laborabit
3211 2815 3470 2884 carmen,
3525 2818 3640 2874 nisi
3688 2818 3775 2873 illi

2122 2890 2232 2962 hac
2290 2889 2517 2945 ratione
2573 2889 2930 2962 subvenias:
2989 2885 3234 2958 κληΐζετ’
3287 2889 3424 2962 ἅπαν
3483 2887 3642 2962 γένος
3688 2891 3774 2944 ἀν-

2124 2958 2302 3037 δριῇνλη
2339 2963 2589 3037 Recepta
2643 2959 2813 3037 lec_t_io
2846 2969 3184 3037 tamennon
3221 2965 3335 3037 est
3362 2958 3770 3037 impjobanda,

2195 3033 2309 3104 (28)
2336 3029 2684 3103 Κινούμεναι.
2718 3032 2943 3104 Marsil.
2997 3032 3230 3088 Ficinus
3276 3033 3380 3088 lib.
3416 3029 3553 3088 I'De
3588 3035 3770 3090 anim.

2123 3103 2410 3176 immort..
2443 3120 2572 3176 cap.
2603 3104 2676 3160 5:
2715 3124 2736 3155 α
2771 3103 2974 3174 Angeli
3007 3109 3264 3170 movent,
3297 3121 3411 3160 non
3446 3111 3772 3174 moventur;

2125 3177 2196 3231 de
2225 3175 2442 3246 quibus
2491 3175 2815 3240 Zoroaster,
2849 3175 3104 3232 Mundus
3136 3176 3314 3231 habet
3345 3176 3775 3233 intellectuales

2124 3253 2381 3302 rectores
2412 3246 2768 3302 immobiles.
2802 3267 2831 3296 »

2196 3319 2310 3390 (29)
2345 3319 2643 3391 Ἀνοχῆαςο
2696 3319 2854 3391 Idem
2905 3317 3008 3373 lib.
3049 3335 3128 3386 Iv,
3176 3317 3407 3391 cale:
3459 3339 3488 3367 «
3515 3318 3772 3391 Angelus

363 3389 562 3467 ipsum
597 3395 778 3467 rebus
803 3393 1081 3467 omnibus
1112 3396 1229 3467 est_
1259 3389 1599 3467 commune:
1645 3391 1786 3467 Esse
1834 3390 2018 3467 igitur
2049 3393 2092 3459 ρ
2141 3391 2397 3467 animam
2427 3389 2553 3467 uno
2578 3389 2822 3467 excedit,
2854 3391 3010 3467 quod
3041 3394 3278 3445 manet:
3303 3389 3419 3467 Deo
3449 3390 3603 3445 cedit
3634 3408 3774 3467 uno,

364 3462 704 3538 ubicunque
733 3464 830 3538 sit,
861 3465 1077 3538 pendet
1097 3481 1166 3519 ex
1195 3463 1330 3518 Deo.
1365 3465 1526 3538 Quod
1561 3463 1808 3538 mystice
1829 3462 2020 3534 tetigit

364 3535 670 3596 Zoroaster
694 3555 708 3593 :
742 3535 949 3608 Ornnia
977 3540 1119 3592 sunt
1143 3552 1210 3608 ex
1244 3551 1362 3590 uno
1391 3537 1526 3608 igne
1557 3535 1773 3608 genita:

435 3611 552 3682 (26)
576 3609 760 3666 Πάντα
778 3607 1162 3682 γὰρςιτῇοιῃυβ
1188 3607 1291 3682 lib.
1316 3624 1394 3673 ιν,
1418 3604 1654 3682 capit:
1691 3629 1720 3659 ‹‹
1751 3604 2020 3682 Essentia

365 3677 708 3755 angelorum
733 3677 1024 3752 principio
1054 3678 1326 3735 informis
1355 3683 1445 3734 est
1475 3677 1928 3750 quodammodo,
1963 3680 2021 3731 et

364 3759 650 3823 tanquam
685 3752 980 3823 passivum
1007 3752 1341 3820 subjectum
1374 3751 1670 3823 quoddam
1706 3749 2018 3820 exponitur

367 3771 650 3826 tanquam
685 3771 980 3823 passwum
1007 3771 1341 3820 SUDJBCEUID
1374 3771 1670 3821 (111000811)
1706 3771 2017 3820 exponitur

367 3827 440 3882 ad
472 3830 669 3881 actum
691 3823 1080 3896 intelligendi,
1104 3828 1161 3878 et
1177 3823 1498 3896 formarum
1521 3822 1901 3896 idearumq_ue
1924 3837 2017 3896 or-

366 3903 578 3969 natum,
604 3892 1160 3969 suscipiendum.qu
1186 3911 1304 3969 quo
1329 3893 1738 3969 zoroasterait
1763 3911 1775 3948 :
1806 3892 2018 3969 0_mnia

368 3964 823 4042 perfecit‘pater,
869 3971 928 4023 et
957 3964 1420 4042 menti__pra_abui_t
1450 3965 1742 4042 secundae.
1781 3987 1802 4012 ι
1839 3964 2017 4042 _Porro

366 4033 590 4112 corrige
619 4033 919 4112 ἐξετὲλῂσε,
953 4043 1012 4094 et
1039 4033 1232 4112 scribe
1259 4033 1580 4109 ἐξετέλεσσε.
1617 4039 1703 4092 Ita
1759 4035 1916 4092 enim
1943 4035 2014 4112 _i_n

365 4113 476 4169 hoc
507 4106 693 4184 verbo
722 4111 1008 4184 syllabam
1043 4106 1378 4184 producunt
1416 4114 1619 4181 poetae,
1652 4125 1764 4164 non
1798 4106 2018 4163 vocalis

368 4184 564 4241 brevis
593 4183 652 4256 in
681 4183 919 4256 longam
953 4183 1304 4256 mutatione.

439 4255 551 4330 (27)
583 4246 902 4326 Κληΐζεῖαι.
955 4254 1203 4328 Regium
1264 4252 1564 4325 exemplar
1619 4251 1802 4308 habet
1851 4246 2018 4320 κληί-

2130 3464 2287 3534 quod
2319 3461 2628 3533 multiplex
2658 3465 2766 3517 est.
2802 3466 2954 3517 Deus
2977 3466 3172 3516 tamen
3197 3477 3300 3533 per
3319 3461 3627 3517 hocunum
3656 3462 3779 3518 abit

2131 3533 2309 3606 super
2338 3534 2537 3590 omnia
2568 3535 2637 3589 ad
2672 3533 2992 3588 inﬁnitum.
3028 3534 3188 3598 Quod
3213 3535 3296 3589 ita
3319 3533 3533 3589 cecinit
3563 3535 3776 3590 Zoroa-

2130 3612 2285 3663 ster:
2317 3611 2491 3662 Pater
2519 3622 2714 3678 pergse
2742 3606 2937 3678 ipsum
2972 3607 3190 3678 rapuit,
3232 3622 3419 3676 neque
3474 3606 3552 3678 in,
3583 3609 3779 3678 mente

2130 3679 2370 3750 quidem
2427 3676 2554 3750 quae
2604 3676 2790 3750 illum—7
2831 3676 3122 3750 sequitur,
3181 3677 3493 3750 proprium
3538 3677 3783 3733 inclusit

2129 3748 2323 3823 ignem
2352 3768 2368 3813 ;
2405 3748 2519 3820 »'q.
2554 3750 2634 3820 d.,
2670 3749 2897 3805 nullam
2917 3748 3106 3806 habet
3127 3765 3260 3804 cum
3295 3748 3530 3804 caeteris
3563 3765 3781 3821 compa-

2128 3822 2438 3878 rationem.

2199 3894 2310 3964 (30)
2345 3891 2532 3964 ῌατῆρ
2583 3893 2880 3964 etc._ldem
2914 3892 3016 3946 lib.
3053 3909 3141 3959 III,
3174 3907 3302 3961 cap.
3337 3890 3442 3945 ult.
3471 3907 3546 3964 ξι(
3570 3891 3625 3946 Si
3650 3891 3780 3946 ani-

2129 3962 2258 4020 mOs
2283 3962 2757 4034 pulsat,quiailli
2784 3980 3021 4018 sursum
3047 3964 3444 4034 deorsumque
3473 3963 3653 4018 libere
3681 3980 3780 4018 vo-

2126 4033 2341 4091 lubiles
2373 4033 2539 4104 sunt,
2568 4033 2783 4106 pulsat,
2814 4040 2872 4091 et
2902 4035 3104 4100 libere,
3135 4033 3215 4089 ita
3247 4038 3312 4089 ut
3342 4033 3605 4102 alliciat;
3661 4052 3780 4090 non

2129 4107 2346 4176 trahat,
2408 4123 2522 4162 non
2574 4114 2761 4179 cogat:
2791 4109 2886 4162 sed
2922 4107 3310 4179 persuadeat;
3339 4107 3492 4178 quod
3541 4107 3781 4179 Zoroasf

2130 4185 2219 4235 ter
2270 4179 2354 4234 ita
2411 4177 2698 4233 testatur:
2735 4177 2906 4233 Pater
2924 4177 3050 4236 non
3084 4177 3334 4234 incurrit
3373 4183 3618 4248 metum,
3675 4177 3779 4234 sed

2123 4249 2573 4324 persuasionem
2606 4250 2851 4305 inducit.
2890 4272 2919 4299 ››
