4124 6392
378 420 529 480 1123

1710 403 2135 467 MICHAELIS
2177 404 2453 467 PSELLI

3634 409 3793 467 1124

378 546 2930 575 Mm

910 714 1142 844 ΤΟ
1173 717 1260 841 Υ
1358 705 2418 841 ΣΟΦΩΤΑΤΟΥ
2532 707 3255 840 ΨΕΛΛΟΥ

1900 939 2255 996 ΕΞΗΙἮΣΙΣ

1287 1121 1485 1217 ΕΙΣ
1559 1117 1723 1213 TA
1790 1115 2436 1212 XAAAAIKA
2500 1117 2884 1215 ΛΟΓΙΑ

1118 1490 2382 1621 SAPIENTISSIMI
2468 1489 3060 1615 PSELLI

1879 1713 2295 1777 EXPOSITIO

1361 1885 1477 1975 IN
1541 1883 2078 1977 ORACULA
2139 1882 2820 1972 CHALDAICA.

373 2260 469 2315 Est
497 2258 663 2314 etiam
692 2255 989 2312 simulacro
1030 2255 1177 2310 locus
1223 2268 1357 2310 sum
1404 2253 1463 2307 in
1511 2251 1737 2322 regione
1784 2249 2031 2321 undique
2062 2255 2117 2321 Α

1396 2324 1472 2396 [ει
1504 2321 1728 2379 omnino
1752 2321 1957 2379 lucida.

446 2434 609 2491 Idola
635 2432 754 2489 sive
768 2431 1090 2489 simulacra
1111 2429 1399 2487 dicuntur
1425 2446 1458 2485 a
1488 2428 1877 2501 philosophis,
1903 2444 2032 2500 quas

375 2524 690 2598 congenita
722 2522 962 2594 quidem
1014 2524 1155 2576 sunt
1186 2518 1716 2593 prastantioribus,
1774 2521 2031 2572 attamen

375 2613 496 2669 illis
554 2611 834 2668 inferiora
881 2613 940 2666 et
984 2608 1295 2664 deteriora.
1347 2606 1610 2678 Exempli
1654 2606 1863 2676 gratia,
1911 2605 2032 2661 Deo

377 2717 547 2757 mens
577 2699 887 2771 congenita
916 2696 1214 2764 est,menti
1236 2695 1434 2751 anima
1447 2693 1691 2750 rationis
1715 2693 2033 2765 particeps,

381 2790 592 2846 animze
625 2788 849 2843 ratione
874 2786 1125 2859 praedita:
1155 2783 1541 2847 irrationalis,
1568 2781 1893 2838 irrationali
1925 2798 2032 2836 na-

380 2886 532 2947 tura,
566 2884 788 2932 nalurae
846 2892 1081 2946 corpus,
1138 2878 1196 2929 et
1242 2872 1471 2944 corpori
1507 2871 1770 2928 materia.
1805 2871 2033 2926 Idolum

379 2968 580 3039 itaque
604 2968 661 3021 et
690 2964 884 3037 imago
916 2963 1017 3019 Dei
1052 2979 1219 3018 mens
1248 2965 1358 3027 est,
1382 2960 1597 3017 mentis
1623 2959 1821 3016 anima
1858 2958 2033 3014 ratio-

382 3055 560 3119 nalis,
603 3055 811 3109 animaa
854 3050 1156 3109 rationalis
1235 3050 1615 3117 irrationalis,
1675 3048 2035 3105 irrationalis

384 3149 615 3209 natura,
639 3147 858 3199 naturae
883 3159 1119 3214 corpus,
1143 3140 1404 3212 corporis
1424 3138 1686 3195 materia.
1714 3137 1817 3194 Hic
1839 3146 2034 3194 autem

384 3232 786 3289 irrationalem
828 3231 1085 3287 animam
1117 3235 1284 3285 vocat
1308 3228 1691 3285 Chaldaicum
1725 3226 2033 3283 oraculum

383 3323 592 3378 animae
614 3319 920 3377 rationalis
936 3318 1419 3388 simulacrum,eo
1443 3317 1594 3389 quod
1616 3316 1753 3372 huic
1776 3316 1877 3372 illa
1897 3333 2033 3372 con-

381 3416 520 3467 nata
548 3415 660 3480 est,
683 3410 783 3465 sed
809 3407 1143 3464 conditione
1176 3406 1415 3463 inferori
1445 3422 1458 3461 :
1486 3405 1685 3478 aitque
1716 3405 2033 3462 simulacro

381 3506 610 3571 partem
642 3500 987 3554 attributam
1018 3514 1147 3553 esse
1167 3498 1223 3551 in
1250 3495 1486 3568 regione
1507 3496 1890 3567 undiquaque
1913 3494 2032 3551 col-

381 3589 652 3645 lustrata.
686 3589 810 3653 Quo
841 3587 1138 3659 significat
1168 3584 1429 3639 animam
1463 3584 1712 3640 rationis
1739 3588 2031 3655 expertem

385 3694 514 3749 qua
536 3677 853 3748 imaginem
875 3674 1083 3729 anima;
1107 3672 1333 3729 ratione
1355 3672 1606 3744 praedite:
1630 3671 1822 3743 refert,
1844 3672 2033 3728 virtu-

386 3774 512 3822 tum
540 3764 755 3821 auxilio
782 3763 1121 3819 duminhac
1144 3760 2035 3831 vitamoraturlustratam,cur-

384 3854 571 3912 riculo
602 3853 731 3911 vita
754 3853 1027 3908 humanae
1060 3851 1225 3907 {inito
1247 3850 1319 3906 ad
1350 3850 1643 3921 regionem
1693 3866 1822 3922 quas
1855 3867 2036 3922 supra

382 3946 583 4001 lunam
608 3949 699 4000 est
720 3943 934 4015 redire,
959 3941 1130 4019 eique
1152 3944 1315 3997 sorte
1332 3940 1619 4011 assignari
1643 3940 1835 3996 locum
1868 3940 2036 3996 undi-

381 4050 496 4107 que
516 4032 972 4102 lumiaosum,id
996 4036 1086 4087 est
1109 4030 1492 4087 circumcirca
1512 4034 1569 4085 et
1590 4029 1750 4085 omni
1771 4045 1838 4085 ex
1868 4033 2035 4102 parte

384 4122 698 4196 splendore
724 4120 1232 4193 fulgentem.Nam
1264 4119 1365 4191 qui
1397 4119 1600 4175 subter
1628 4118 1828 4175 lunam
1868 4117 2035 4175 locus

384 4216 493 4279 est,
526 4211 785 4281 undique
809 4209 1211 4266 tenebricosus
1242 4212 1351 4274 est,
1376 4212 1434 4263 et
1482 4207 1867 4264 circumcirca
1898 4206 2035 4263 cali-

384 4300 521 4371 gine
546 4303 771 4370 septus.
798 4296 1048 4354 Lunaris
1071 4311 1209 4351 vero
1231 4294 1567 4350 alternatim
1596 4293 1832 4350 lucidus
1862 4296 1919 4349 et
1940 4292 2035 4348 ob-

386 4404 598 4443 sourus
628 4386 872 4452 est,hoc
932 4402 1050 4440 una
1110 4400 1177 4439 ex
1224 4387 1386 4454 parte
1442 4382 1668 4438 lumine
1717 4382 1935 4447 clarus,
1967 4398 2038 4437 ex

386 4476 571 4532 altera
616 4474 876 4530 tenebris
928 4473 1246 4545 oppletus:
1282 4473 1784 4544 quemadmodum
1861 4471 2034 4525 etiam

386 4566 513 4637 ipsa
542 4564 685 4619 luna
717 4563 911 4620 media
931 4578 993 4617 ex
1017 4567 1181 4635 parte
1203 4560 1537 4616 illuminata
1558 4565 1733 4627 est,et
1753 4577 1823 4616 ex
1844 4558 2038 4615 media

388 4654 786 4711 obtenebrala.
821 4652 1009 4707 Locus
1030 4667 1163 4706 vero
1182 4649 1280 4706 ille
1301 4666 1484 4722 supra
1504 4649 1731 4717 lunam,
1758 4648 2037 4720 utrinque

384 4743 623 4801 lucidus
666 4747 756 4799 est
796 4742 918 4798 sive
949 4741 1109 4797 omni
1142 4756 1211 4796 ex
1242 4743 1405 4811 parte
1453 4737 1855 4798 collustratus.
1892 4738 2039 4794 Dicit

385 4835 586 4907 itaque
616 4832 945 4898 oraculum,
978 4846 1098 4886 non
1129 4828 1322 4886 solum
1355 4828 1565 4884 animae
1611 4826 1838 4884 ratione
1888 4844 2035 4899 prae-

383 4922 515 4979 dita:
542 4921 988 4994 superlunarem
1020 4918 1185 4974 illam
1230 4917 1528 4990 regionem
1561 4916 1821 4988 undique
1849 4915 2025 4972 lumi-

2217 2247 2370 2304 ’Ἐστι
2399 2246 2487 2302 καί
2524 2244 2742 2321 εἰδώλῳ
2776 2249 2930 2324 μερὶς
2963 2242 3039 2312 εἷς
3070 2247 3240 2304 τόπον
3272 2248 3639 2328 ἀμφιφάοντα·

2214 2423 2441 2483 Εῗδιυλα
2463 2428 2542 2501 (1)
2586 2425 2804 2503 λέγεται
2853 2429 2998 2505 παρὰ
3034 2434 3150 2491 τοῖς
3185 2425 3534 2509 φιλοσόφοις,
3565 2429 3631 2485 τὰ
3662 2451 3801 2503 συμ-

2146 2519 2256 2595 φυῆ
2290 2516 2382 2589 μὶν
2413 2517 2739 2591 κρείττοσιν,
2774 2515 3037 2572 ἐλάττονα
3079 2515 3136 2572 δὶ
3183 2516 3401 2573 ἐκείνων
3430 2519 3796 2595 τυγχάνοντα·

2145 2606 2260 2659 οἷον
2307 2606 2559 2682 συμφυὴς
2611 2605 2639 2658 ὁ
2690 2609 2816 2666 νοῦς
2866 2609 2944 2677 τῷ
2991 2611 3131 2678 Θεῷ,
3162 2607 3254 2661 καὶ
3302 2611 3382 2679 τῷ
3418 2611 3496 2679 νῷ
3524 2610 3559 2677 ἠ
3593 2605 3794 2684 λογική

2145 2694 2322 2769 ψυχὴ,
2354 2693 2445 2748 καὶ
2492 2697 2561 2767 τῇ
2613 2693 2812 2768 λογικῇ
2861 2697 3017 2770 ψυχῇ
3049 2697 3083 2765 ἡ
3117 2693 3343 2771 ἄλογος,
3389 2696 3478 2752 καὶ
3511 2701 3579 2771 σῇ
3610 2695 3803 2774 ἀλόγῳ

2145 2783 2181 2851 ἡ
2214 2782 2398 2860 φύσις,
2446 2782 2537 2837 καὶ
2587 2787 2655 2855 τῇ
2704 2782 2857 2859 φύσει
2904 2784 2967 2838 τὸ
3016 2789 3197 2858 σῶμα,
3247 2785 3340 2841 καὶ
3387 2790 3469 2858 τῷ
3517 2785 3731 2859 σώματι
3764 2789 3801 2857 ἡ

2145 2870 2275 2942 ὕλη.
2324 2868 2569 2927 Εῗνωλον
2623 2872 2718 2944 μὶν
2762 2876 2861 2927 τοῦ
2896 2872 2989 2945 μὲν
3038 2877 3195 2942 Θεοῦ,
3236 2874 3265 2928 ὁ
3294 2878 3440 2935 νοῦς·
3471 2878 3569 2929 τοῦ
3601 2871 3659 2929 δὲ
3684 2879 3800 2948 νοῦ,

2143 2962 2179 3029 ἠ
2212 2960 2408 3035 λογικὴ
2441 2963 2617 3037 ψυχή·
2651 2967 2751 3031 τῆς
2798 2958 2855 3016 δὲ
2901 2958 3135 3038 λογικῆς
3184 2965 3394 3039 ψυχῆς,
3447 2962 3666 3040 ἄλογος·
3699 2971 3802 3033 τῆς

2146 3046 2204 3105 δὶ
2235 3048 2466 3124 ἀλόγου,
2498 3052 2533 3119 ἡ
2567 3049 2746 3127 φύσις,
2786 3053 2885 3120 τῆς
2938 3048 2996 3107 δὲ
3025 3051 3256 3130 φύσεως,
3289 3053 3351 3108 τὸ
3404 3057 3584 3126 σῶμα,
3619 3058 3717 3109 τοῦ
3745 3051 3802 3110 δὶ

2145 3137 2423 3211 σώματος,
2475 3140 2509 3208 ἡ
2560 3138 2690 3209 ὕλη.
2743 3142 3007 3204 Ἐνταῦθα
3053 3137 3110 3195 δὲ
3137 3140 3202 3196 τὸ
3249 3137 3558 3199 Χαλδαῖκὸν
3610 3140 3797 3217 λόγιον

2144 3225 2373 3283 ε”δωλόν
2409 3248 2540 3301 φησι
2570 3229 2669 3297 τήν
2722 3227 2926 3303 ἄλογον
2959 3229 3144 3305 ψυχὴν
3193 3232 3294 3300 τῆς
3349 3227 3603 3307 λογικῆς.
3649 3238 3802 3306 Συμ-

2146 3317 2286 3394 φυῆς
2339 3318 2442 3392 γὰρ
2493 3315 2630 3387 αὖτὴ
2684 3319 2763 3391 (2)
2839 3316 2892 3372 ἐν
2950 3322 3031 3391 τῷ
3091 3318 3387 3394 ἀνθρώπῳ,
3446 3321 3537 3376 καὶ
3598 3321 3801 3398 χείρων

2145 3404 2372 3475 ἐκείνης.
2432 3406 2530 3460 Καί
2590 3427 2753 3481 φησιν
2804 3406 2887 3461 ὅτι
2941 3407 3032 3462 καὶ
3082 3405 3301 3480 εἰδώλῳ
3349 3410 3501 3486 μερίς
3545 3409 3689 3467 ἐστιν
3720 3409 3803 3474 εἷς

2144 3492 2312 3547 τόπον
2362 3494 2733 3571 ἀμφιφάοντα,
2780 3495 3080 3564 τουτέστιν,
3133 3499 3169 3566 ἡ
3219 3494 3421 3573 ἄλογος
3470 3501 3625 3575 ψυχὴ
3675 3497 3805 3569 ἥτις

2145 3577 2289 3637 ἐστὶν
2344 3579 2576 3637 εἴδωλον
2628 3589 2728 3652 τῆς
2789 3580 3026 3657 λογικῆς
3082 3587 3292 3659 ψυχῆς,
3352 3589 3679 3662 καθαρθεῖσα
3728 3585 3805 3644 δι’

2145 3671 2340 3746 ἀρετῆς
2401 3670 2453 3726 ἐν
2504 3676 2585 3745 τῷ
2644 3670 2769 3748 βίῳ,
2827 3670 3026 3727 ἄνεισιν
3089 3673 3165 3737 εἰς
3218 3676 3311 3730 τὸν
3364 3676 3497 3753 ὑπὲρ
3556 3675 3797 3749 σελήνην

2142 3755 2309 3815 τόπον
2368 3759 2502 3831 μετὰ
2548 3760 2646 3829 τήν
2697 3756 2946 3817 διάλυσιν
3000 3761 3099 3830 τῆς
3144 3767 3244 3818 τοῦ
3286 3763 3578 3837 ἀνθρώπου
3631 3771 3801 3837 ζωῆς·

2143 3848 2233 3903 καὶ
2291 3846 2683 3923 ἑπικληροῦται
2742 3849 2819 3912 είς
2882 3850 2973 3906 τὸν
3018 3853 3297 3929 ἀμφιφαῆ,
3347 3854 3623 3909 τουτέστιν
3690 3855 3803 3929 ἆμ-

2145 3936 2448 4015 φοτέρωθεν
2510 3935 2834 4011 λάμποντα,
2895 3939 2984 3994 καὶ
3042 3938 3366 4013 ὀλολαμπῆ.
3425 3947 3480 3997 Ὁ
3543 3945 3638 4016 μὶν
3694 3945 3800 4021 γὰρ

2147 4027 2251 4081 ὑπὸ
2297 4025 2533 4098 σελήνην
2584 4025 2754 4090 τόπος
2806 4027 3152 4107 ἀμφικνεφής
3204 4027 3338 4098 ἐστι,
3390 4031 3666 4087 τουτέστιν
3693 4032 3801 4107 ἆμ-

2144 4116 2443 4190 φοτέρωθεν
2498 4115 2791 4179 σκοτεινός.
2850 4118 2911 4175 Ὁ
2970 4114 3025 4172 δὶ
3076 4115 3423 4189 σεληνιακὸς,
3476 4121 3804 4197 ἕτεροφαής,

2144 4203 2180 4273 ἢ
2213 4203 2588 4281 ἐτεροκνεφήςο
2626 4206 2890 4277 τουτέστι,
2936 4210 3014 4278 τῷ
3060 4208 3252 4280 ἡμίσει
3301 4211 3381 4279 (3)
3411 4208 3804 4285 περιλάμπων,

2142 4296 2222 4363 τῷ
2254 4289 2310 4346 δὶ
2353 4291 2541 4366 ἡμίσει
2594 4295 2819 4357 σκότους
2873 4293 3091 4367 μεστός.
3146 4298 3247 4352 Και
3305 4296 3406 4372 γὰρ
3457 4299 3550 4353 καὶ
3594 4299 3730 4370 αὐτὴ
3764 4302 3801 4371 ἠ

2146 4378 2350 4452 σελήνη
2406 4383 2633 4454 τοιαύτη
2693 4382 2827 4455 ἐστὶ,
2883 4388 2963 4456 τῷ
3022 4385 3117 4456 μὲν
3174 4384 3361 4458 ἡμίσει
3416 4387 3567 4460 μέρει
3614 4409 3802 4466 πεφω-

2144 4471 2397 4543 τισμὲνη,
2451 4470 2541 4526 καὶ
2597 4476 2677 4545 τῷ
2733 4472 2921 4546 ἡμίσει
2999 4474 3324 4551 ἀφώτιστος.
3396 4476 3458 4533 Ὁ
3536 4474 3593 4531 δὲ
3664 4477 3802 4552 ὑπὶρ

2144 4557 2379 4630 σελήνην
2437 4561 2605 4624 τόπος
2659 4562 2945 4640 ἀμφιφαής
2999 4560 3163 4629 ἐστιν,
3205 4560 3329 4633 ἤτοι
3381 4562 3572 4621 διόλου
3611 4586 3797 4643 πεφω-

2142 4649 2416 4722 τισμὲνος.
2451 4651 2609 4725 Λὲγει
2644 4651 2737 4705 οὗν
2764 4651 2827 4705 τὸ
2859 4650 3075 4726 λόγιον,
3110 4650 3191 4705 ὅτι
3223 4651 3285 4707 οὐ
3320 4653 3481 4725 μόνον
3513 4656 3550 4724 ἡ
3593 4655 3799 4730 λογική

2145 4739 2298 4813 ψυχὴ
2335 4737 2751 4814 ἀποκληροῦται
2783 4739 2860 4802 εἰς
2904 4741 2995 4795 τὸν
3052 4740 3185 4815 ὑπὲρ
3235 4739 3473 4813 σελήνην
3506 4742 3673 4798 τόπον
3703 4746 3796 4799 τὸν

2143 4826 2422 4905 ἀμφιφαῆ,
2457 4825 2602 4883 ἀλλὰ
2634 4829 2787 4904 μερίς
2821 4828 2932 4884 ἑστι
2960 4828 3048 4884 καὶ
3078 4833 3159 4901 τῷ
3191 4826 3409 4903 εἰδώλῳ
3448 4830 3639 4902 αὐτῆς,
3671 4831 3802 4903 ἤτοι

2145 4918 2213 4988 τῇ
2272 4913 2462 4989 ἀλόγῳ
2517 4916 2698 4990 ψυχὴ,
2757 4914 3226 4991 ἀποκληρωθῆναι
3280 4916 3355 4979 εἰς
3405 4917 3498 4972 τὸν
3541 4918 3799 4997 ἀμφιφαῆ

382 5028 587 5069 nosam
615 5027 745 5068 esse
777 5009 1155 5075 destinatam,
1180 5008 1280 5063 sed
1306 5006 1483 5062 etiam
1521 5005 1681 5061 illius
1711 4987 2030 5077 imaginem

2150 4987 2340 5075 τόπον,
2390 4987 2540 5059 ὅταν.
2568 4987 2798 5080 διαυγὴς
2846 5003 2938 5059 καὶ
2985 4987 3194 5080 καθαρᾶ
3241 5002 3431 5081 ἐξέλθῃ
3479 4987 3804 5082 reuoluti-1a;

382 5102 641 5158 animam
673 5102 909 5157 brutam
939 5098 1049 5154 hac
1071 5100 1228 5154 sorte
1248 5096 1532 5164 dotatam,
1555 5099 1622 5151 ut
1645 5095 1705 5149 in
1741 5094 2033 5163 regionem

383 5190 545 5245 omni
566 5206 635 5245 ex
656 5188 1098 5261 partelucidam
1131 5183 1695 5250 adsciscatur,modo
1727 5182 2037 5255 splendida

384 5281 442 5333 et
470 5295 618 5350 pura
647 5294 676 5334 e
707 5294 949 5351 corpore
971 5275 1196 5333 exierit.
1246 5273 1578 5330 Graecorum
1608 5272 1900 5345 siquidem
1933 5273 2035 5329 do-

2142 5114 2255 5156 τος.
2309 5094 2371 5149 Ὁ
2423 5095 2517 5166 μὲν
2577 5091 2678 5169 γὰρ
2728 5093 3057 5163 Ἑλληνικὸς
3106 5092 3273 5168 λόγος
3318 5095 3580 5159 ἀθάνατον
3633 5098 3806 5162 τιθεὶς

2144 5182 2234 5237 καὶ
2266 5183 2364 5251 τήν
2397 5179 2599 5258 ἄλογον
2628 5186 2725 5237 τοῦ
2774 5180 3065 5258 ἀνθρώπου
3096 5183 3306 5257 ψυχὴν,
3356 5182 3522 5259 μέχρι
3554 5188 3662 5241 τῶν
3695 5182 3803 5242 ὕπὸ

2143 5270 2381 5343 σελήνην
2436 5270 2725 5346 στοιχείων
2779 5270 2944 5341 αὐτήν
3006 5269 3207 5346 ἀνάγει·
3265 5273 3328 5326 τὸ
3389 5269 3446 5327 δὲ
3491 5272 3801 5331 Χαλδαῖκὸν

1621 5398 1928 5457 JOANNIS
1968 5400 2295 5458 OPSOPOEI
2337 5399 2569 5456 NOT/E.

460 5501 536 5570 (l)
569 5498 808 5557 Εἴδωλα.
843 5506 1002 5558 Hanc
1063 5500 1231 5557 Pselli
1263 5499 1685 5572 expositionem
1730 5497 2038 5554 transtulit

390 5572 676 5644 Gregoras
710 5575 1071 5645 Nicephorus
1100 5573 1169 5645 in,
1193 5589 1301 5627 sua
1329 5571 1711 5645 schgoli_a,quae
1742 5586 2036 5645 commen-

391 5640 550 5716 tatu‘s
579 5649 668 5699 est
695 5640 873 5716 super
901 5645 1115 5700 librum
1149 5642 1379 5716 Synesii
1411 5643 1481 5699 de
1510 5640 1850 5708 insomniis,
1900 5658 2032 5714 pag.

392 5715 487 5772 111
527 5718 584 5771 et
616 5716 718 5773 115
743 5715 1014 5773 editionis
1046 5715 1347 5773 Parisine.

2216 5499 2295 5582 (2)
2326 5495 2502 5582 Αὕτη,
2539 5499 2875 5582 Legeudum
2908 5502 2997 5554 est
3037 5494 3174 5569 αὐτῇ
3225 5513 3328 5569 pro
3377 5496 3539 5571 αὐτή,
3573 5514 3805 5577 nempe

2146 5571 2357 5626 animae
2391 5571 2922 5643 rationepraeditaa.

2216 5643 2296 5720 (τῇ
2326 5644 2415 5720 Τεῖρ
2443 5639 2663 5720 ἡμίσειῖ
2691 5642 2862 5720 Deest
2894 5640 3015 5720 μὲν,
3036 5644 3195 5720 ut_e_x
3225 5639 3574 5720 Nicephoro,
3606 5648 3665 5701 et
3691 5663 3800 5720 op-

2147 5709 2342 5786 posita
2371 5709 2429 5769 δὲ
2460 5709 2750 5789 particula
2779 5709 3059 5787 apparet:
3093 5713 3188 5783 Τῷ
3221 5709 3315 5785 μέν
3343 5709 3554 5788 {picea
