4124 6402
344 398 500 458 H25

1203 395 1625 457 EXPOSITIO
1670 393 2211 458 ORACULORUM
2255 396 2410 456 (ΖΗΛ
2424 395 2906 457 LDAICORUM.

3615 400 3773 459 1126

343 527 531 605 λόγιον
566 533 828 604 καθαῖρον
860 526 1028 596 αὐτὴν
1060 525 1150 581 καὶ
1196 526 1480 604 ὁμόφρονα
1509 531 1576 602 τῇ
1609 527 1812 604 λογικῇ
1843 530 2000 602 ψυχῇ

2121 528 2304 584 ctrina
2337 526 2738 583 irrationalem
2757 527 3018 586 hominis
3047 529 3307 586 animam
3331 531 3474 586 facit
3494 531 3771 588 interitus

341 622 558 686 ποιοῦν,
587 617 664 678 εἰς
710 617 803 671 τὸν
862 614 1108 670 ἐπέκεινα
1161 623 1261 685 τῆς
1309 614 1546 687 σελήνης
1602 618 1692 672 τὸν
1741 617 1993 694 ἀμφιφαῆ

341 707 542 777 ταύτην
612 705 969 776 ἀποκαθιστᾷ.
1053 704 1148 758 Καὶ
1222 705 1290 760 τὰ
1371 707 1465 778 μὶν
1549 711 1656 760 τῶν
1709 703 2000 761 Χαλδαίων

345 795 612 871 δόγματα,
672 799 920 851 τοιαῦτα.
976 796 1038 848 Οἱ
1111 791 1169 848 δὲ
1223 797 1322 858 τῆς
1381 789 1653 857 εὐσεϐείας
1719 795 1998 874 ὑφηγηταὶ

343 885 434 940 καὶ
464 889 570 940 τῶν
595 887 994 960 Χριστιανικῶν
1045 880 1332 958 δογμάτων
1382 882 1662 961 ὐποφῆται
1701 886 1791 939 καὶ
1824 887 2000 958 κήρυ-

346 995 454 1047 κες,
504 971 748 1046 οὐδαμοῦ
791 973 889 1041 τήν
955 969 1160 1046 ἄλογον
1235 973 1422 1048 ψυχήν
1491 974 1791 1049 ἀνάγουσιν,
1854 971 2003 1028 ἀλλα

349 1065 550 1133 θνητὴν
584 1060 886 1138 διαρρήδην
921 1061 1218 1135 ὁρίζονται,
1262 1061 1502 1139 ’Ἂλογον
1538 1060 1595 1117 δὲ
1616 1065 1800 1137 ψυχὴν
1835 1063 2003 1126 τίθεν-

348 1173 458 1220 ται,
515 1153 605 1207 τὸν
666 1151 838 1224 θυμὸν
890 1151 978 1206 καὶ
1029 1152 1127 1219 τὴν
1175 1149 1461 1223 ἐπιθυμίαν
1513 1152 1609 1221 τὴν
1667 1152 1999 1227 όρεγομίνην

344 1241 622 1318 γενέσεως.
653 1236 808 1296 Οὕτω
867 1245 1001 1314 γοῦν
1059 1241 1088 1294 6
1150 1239 1422 1305 Νυσσαεὺς
1476 1242 1781 1316 Γρηγόριος
1824 1240 1875 1294 ἐν
1923 1243 2004 1311 τῷ

347 1329 471 1407 περὶ
504 1333 689 1406 ψυχῆς
723 1327 878 1404 λόγῳ
905 1326 1174 1402 διέξεισιν.

2110 617 2394 683 nesciam,
2428 632 2679 688 eamque
2701 633 2888 688 usque
2912 619 2984 672 ad
3009 617 3301 674 elementa
3332 619 3443 675 sub
3488 620 3628 676 luna
3653 621 3769 678 sita

2108 705 2371 775 extollit;
2392 708 2451 761 at
2473 703 2852 761 Chaldaicum
2879 707 3180 762 oraculum
3202 709 3495 779 expiatam
3518 709 3682 765 illam
3714 715 3770 767 et

2111 809 2245 849 cum
2276 795 2522 850 rationis
2555 794 2837 866 participe
2883 795 3086 852 anima
3112 797 3300 852 amice
3329 799 3767 870 conspirantem

2109 885 2168 937 in
2197 884 2494 956 regionem
2538 883 2690 938 hanc
2732 901 2862 955 quae
2893 885 3049 940 ultra
3093 885 3296 941 lunam
3346 891 3454 956 est,
3506 889 3768 960 undique

2111 971 2370 1028 lucidam
2387 971 2730 1028 transvehit.
2755 977 2945 1044 Atque
2967 973 3088 1029 haec
3115 975 3353 1046 quidem
3379 980 3520 1032 sunt
3542 982 3767 1034 statuta

2111 1060 2542 1116 Chaldaeorum.
2568 1062 2813 1116 Pietatis
2855 1078 2990 1118 vero
3016 1063 3286 1119 doctores
3319 1069 3376 1120 et
3415 1065 3772 1122 Christiano-

2114 1167 2246 1205 rum
2279 1150 2624 1222 dogmatum
2656 1151 3009 1223 interpretes
3033 1169 3097 1207 ac
3134 1169 3426 1223 praecones
3471 1171 3766 1226 nusquam

2113 1239 2377 1296 locorum
2410 1242 2638 1295 brutam
2688 1240 2948 1296 animam
3005 1242 3075 1296 ad
3137 1242 3442 1313 superiora
3488 1243 3770 1312 educunt,

2115 1329 2217 1384 sed
2251 1333 2450 1400 aperte
2471 1328 2734 1384 interitui
2758 1330 3071 1386 obnoxiam
3102 1346 3233 1386 esse
3263 1332 3632 1402 profitentur.
3658 1337 3771 1387 Ha-

348 1421 490 1478 bent
519 1425 710 1477 autem
737 1437 839 1492 pro
860 1421 1059 1477 anima
1081 1421 1252 1476 bruta
1272 1420 1419 1476 iram
1443 1425 1501 1478 et
1529 1421 1910 1494 cupiditatem
1931 1417 2326 1493 generationis
2345 1417 2770 1489 appetitricem.
2791 1423 2982 1490 Atque
3002 1418 3085 1475 ita
3099 1421 3427 1476 enarrando
3445 1421 3778 1478 traditGre-

349 1511 552 1584 gorius
582 1509 884 1582 Nyssenus
915 1508 1182 1566 oratione
1213 1511 1290 1565 De
1311 1512 1521 1566 anima.

422 1612 583 1684 Μηδέ
649 1614 713 1670 τὸ
785 1621 886 1684 τῆς
947 1613 1085 1684 ὕλης
1177 1610 1446 1670 σκύϐαλον
1529 1620 1800 1763 κρημὶιῖὲψ
1837 1636 2002 1671 κατα-

1715 1709 1738 1742 ε
1804 1709 1893 1763 pc.

1715 1709 1893 1763 ειψῃς.

421 1792 592 1864 Ὕλης
626 1788 897 1849 σκύϐαλον
931 1814 1064 1870 φησι
1105 1795 1169 1848 τὸ
1217 1791 1427 1871 λόγιον,
1477 1795 1540 1850 τὸ
1576 1799 1680 1850 τοῦ
1712 1795 2004 1868 ἀνθρώπου

2195 1613 2274 1670 Ne
2305 1629 2426 1670 vero
2454 1615 2706 1670 materie
2733 1616 2901 1687 faeces
2931 1616 2992 1670 in
3017 1617 3336 1688 praecipitio
3374 1618 3687 1689 relinquas.

2185 1791 2438 1848 Materiae
2464 1793 2630 1848 faaces
2661 1791 2918 1864 appellat
2947 1792 3252 1850 oraculum
3271 1793 3532 1851 hominis
3555 1813 3772 1870 corpus

353 1887 515 1956 σῶμα
566 1898 628 1937 το
683 1881 742 1936 ἐκ
805 1882 1078 1957 τεσσάρων
1138 1885 1433 1958 στοιχείων
1495 1884 1842 1960 συγκείμενον
1891 1885 2003 1954 καὶ,

2121 1897 2146 1937 s
2175 1886 2432 1953 quatuor
2461 1881 2769 1938 elementis
2811 1884 3226 1954 compositum,
3258 1889 3316 1938 et
3346 1889 3630 1956 tanquam
3669 1887 3774 1942 do-

355 1973 536 2048 ὥσπερ
588 1971 639 2025 ἐν
687 1968 1040 2032 διδασκαλίας
1099 1970 1248 2048 λόγῳ
1299 1973 1388 2027 καὶ
1447 1975 1815 2050 παραινέσεως
1869 1974 2001 2051 φησί

355 2062 490 2133 πρὸς
514 2062 608 2116 τὸν
636 2057 1049 2133 διδασκόμενον,
1092 2060 1174 2115 ὅτι
1224 2062 1318 2130 Μὴ
1365 2061 1529 2134 μόνον
1561 2066 1661 2132 τήν
1690 2065 1875 2138 ψυχήν
1909 2083 2005 2116 σου

353 2152 490 2226 πρὸς
537 2151 628 2204 τὸν
685 2149 812 2204 Θεὸν
863 2149 1182 2225 μετεώριον,
1253 2151 1341 2205 καὶ
1398 2158 1496 2221 τῆς
1559 2153 1822 2228 βιωτικῆς
1876 2174 2007 2227 συγ-

355 2239 569 2316 χύσεως
616 2237 909 2314 ὑπερτέραν
969 2240 1226 2309 ποίησον,
1271 2239 1396 2295 ἀλλ’
1456 2239 1502 2296 εἱ
1562 2239 1808 2308 δυνατὸν,
1867 2239 2008 2313 μηδὲ

354 2329 484 2386 αὐτὸ
530 2330 592 2383 τὸ
652 2331 813 2401 σῶμα
866 2326 998 2403 ὅπερ
1055 2326 1342 2405 ἠμφίεσαι,
1401 2329 1492 2384 καὶ
1545 2331 1676 2406 ὅπερ
1732 2324 2004 2385 σκύϐαλόν

355 2416 464 2473 ἐστι
489 2423 590 2487 τῆς
644 2415 803 2487 ὕλης,
855 2416 1101 2472 τουτέστι
1145 2416 1428 2492 πράγμαυι
1481 2417 1889 2494 ἀπερῥιμμὲνον
1916 2420 2007 2473 καὶ

351 2505 922 2584 καταπεφρονημένος),
972 2505 1059 2561 καὶ
1111 2506 1250 2577 ὕλης
1300 2507 1569 2582 παίγνιον,
1604 2507 1679 2570 εἷς
1726 2509 1820 2563 τὸν
1853 2509 2008 2582 περί-

352 2617 498 2673 γειον
541 2593 877 2670 καταλείπῃς
922 2595 1156 2669 κόσμον.
1218 2597 1473 2671 Κρημνὸν
1523 2599 1624 2672 γὰρ
1663 2597 1754 2652 τὸν
1786 2595 2010 2661 ἐνταῦθα

355 2686 523 2741 τόπον
555 2684 812 2758 ὀνομάζει
861 2685 925 2739 τὸ
957 2683 1162 2761 λόγιον.
1205 2687 1422 2740 Ὥσπεῶ
1453 2685 1556 2761 γὰρ
1589 2685 1694 2740 ἀπὸ
1736 2687 2010 2762 μετεώρου

354 2774 528 2831 τύπου
579 2779 674 2829 τοῦ
735 2773 986 2850 οὐρανοῦ,
1042 2775 1076 2844 ἠ
1140 2773 1297 2852 φύσις
1345 2777 1506 2848 ἡμῶν
1566 2774 1792 2839 ἐνταῦθα
1846 2796 2010 2830 κατα-

356 2863 736 2938 κρημνίζεται,
793 2868 1048 2938 Ιιαραινεῖ
1100 2863 1218 2934 οὖν,
1272 2861 1362 2917 ⁹ίνα
1416 2865 1505 2918 καὶ
1563 2863 1693 2918 αὐτὸ
1734 2865 1795 2919 τὸ
1828 2869 2008 2936 σῶμα.

364 2955 492 3026 ὅπερ
526 2953 688 3028 φησὶν
736 2950 875 3020 ὕλης
924 2947 1220 3020 σκύϐαλον,
1274 2953 1403 3026 πυρὶ
1453 2951 1579 3025 θείῳ
1618 2949 2012 3023 ἐκδαπανήσω-

373 3060 490 3114 μεν,
547 3038 582 3110 ἥ
644 3038 1086 3111 ἀπτλεπήναντες
1161 3041 1237 3102 εἱς
1316 3040 1502 3116 αἶοέρα
1553 3041 1926 3115 κουφίσωμεν,
1975 3038 2010 3109 ἤ

365 3131 777 3204 μετερασθῶμεν
831 3130 935 3185 ὒπὸ
983 3133 1116 3185 Θεοῦ
1175 3128 1250 3191 εἷς
1307 3124 1472 3184 τόπον
1524 3128 1689 3185 ἄῦλον
1731 3130 1819 3184 καὶ
1869 3131 2012 3184 άσώ-

371 3239 537 3292 ματον
706 3219 1016 3292 ἐνσώματον
1081 3220 1199 3291 μὶν,
1255 3218 1487 3294 αἰθέριον
1535 3217 1611 3290 δὲ,
1669 3219 1704 3288 ἤ
1761 3219 2010 3293 οὐράνιον

2114 1971 2296 2025 cendo
2340 1975 2398 2026 et
2439 1970 2800 2026 exhortando
2839 1971 3200 2043 discipulum
3233 1971 3558 2044 alloquitur
3592 1991 3604 2029 :
3639 1975 3765 2030 Non

2115 2058 2307 2114 solum
2331 2059 2589 2115 animam
2615 2065 2777 2114 tuam
2801 2061 2871 2114 ad
2899 2065 3080 2116 Deum
3103 2060 3348 2127 eleva,et
3368 2062 3573 2118 utvitas
3593 2063 3774 2134 hujus

2115 2149 2319 2204 turbas
2343 2153 2583 2220 superet
2599 2148 2783 2218 eftice,
2809 2149 2932 2216 sed,
2957 2150 3008 2205 si
3032 2150 3152 2204 ﬁeri
3179 2155 3390 2222 potest,
3414 2167 3486 2207 ne
3529 2151 3770 2224 quidem

2117 2236 2310 2308 ipsum
2363 2253 2576 2309 corpus
2631 2253 2746 2308 quo
2777 2237 3034 2293 amictus
3091 2255 3174 2304 es,
3208 2241 3485 2311 quodque
3516 2241 3774 2296 materia:

2118 2324 2225 2381 faex
2255 2330 2346 2381 est
2377 2326 2621 2396 rejicula
2649 2333 2707 2382 et
2731 2325 3017 2398 neglecta,
3061 2332 3119 2383 et
3143 2329 3400 2384 materie
3449 2328 3776 2398 ludicrum,

2115 2413 2176 2468 in
2199 2415 2462 2470 terrestri
2497 2415 2720 2469 mundo
2750 2415 3035 2488 relinque.
3083 2415 3482 2488 Praecipitium
3515 2434 3774 2490 namque

2119 2503 2388 2558 nominat
2417 2502 2719 2558 oraculum
2751 2502 2948 2559 locum
2980 2504 3138 2560 hunc
3169 2504 3527 2561 inferiorem.
3555 2509 3599 2562 A
3630 2507 3772 2562 coelo

2119 2593 2276 2648 enim
2307 2596 2614 2663 tamquam
2637 2591 2764 2648 loco
2787 2592 2943 2648 edito
2974 2597 3188 2649 natura
3210 2598 3414 2649 nostra
3435 2593 3550 2651 huc
3573 2597 3773 2667 praci-

2120 2681 2362 2753 pitatur.
2386 2682 2678 2736 Admonet
2707 2681 2908 2753 igitur,
2933 2685 2998 2737 ut
3027 2683 3298 2754 etipsum
3331 2699 3568 2756 corpus,
3611 2685 3768 2756 quod

2120 2787 2225 2842 per
2257 2769 2513 2825 materia
2539 2770 2736 2825 faecem
2763 2770 2978 2838 innuit,
3004 2772 3138 2842 igne
3163 2773 3358 2827 divino
3381 2774 3771 2830 absumamus

2121 2865 2178 2915 et
2228 2875 2647 2931 expurgemus,
2673 2865 2774 2914 aut
2803 2859 3205 2915 decorticatim
3243 2863 3300 2914 in
3328 2861 3544 2917 aethera
3593 2862 3771 2918 eleve-

2123 2965 2278 3016 mus,
2311 2952 2412 3003 aut
2442 2965 2474 3003 a
2504 2948 2621 3003 Deo
2639 2965 2741 3003 ceu
2759 2953 3202 3004 transvasemur
3223 2948 3281 3004 in
3305 2949 3498 3006 locum
3518 2953 3772 3008 materiae

2123 3042 2180 3092 et
2209 3037 2468 3108 corporis
2501 3042 2799 3107 expertem
2827 3055 2840 3104 ;
2871 3037 2959 3092 vel
2993 3053 3292 3110 corporcm
3339 3055 3475 3094 eum
3509 3040 3772 3112 quidem,

2122 3127 2223 3180 sed
2247 3125 2586 3192 aathereum,
2609 3125 2697 3180 vel
2719 3125 3036 3193 cmlestem,
3073 3143 3246 3196 quem
3296 3129 3594 3183 consecuti
3637 3135 3776 3184 sunt

2125 3214 2278 3270 Elias
2309 3213 2620 3270 Thesbites
2675 3218 2732 3268 et
2789 3220 2923 3269 ante
2983 3214 3140 3269 hunc
3189 3215 3410 3286 Enoch,
3457 3217 3529 3272 ab
3563 3233 3626 3272 ac
3658 3218 3776 3275 vita

366 3309 427 3362 οὔ
486 3305 551 3377 δὴ
609 3307 908 3382 τετύχηκεν
969 3307 998 3362 δ
1055 3328 1111 3362 τε
1163 3303 1426 3379 Θεσϐίτης
1483 3308 1698 3380 Ἠλίας,
1756 3308 1844 3362 καὶ
1905 3309 2011 3382 πρὸ

2126 3305 2185 3359 in
2219 3305 2390 3376 fonge
2413 3303 2759 3358 diviniorem
2777 3303 3169 3358 conditionem
3197 3303 3490 3370 translati,
3515 3307 3772 3361 materiai

359 3396 556 3452 τούτου
607 3397 811 3472 Ἑνὼχ,
865 3397 1236 3470 μετατεθέντες
1285 3397 1391 3451 ἀπὸ
1439 3404 1538 3466 τῆς
1587 3397 1810 3452 ἐνταῦθα
1843 3403 2013 3469 ζωῆς,

359 3487 448 3540 καὶ
503 3486 579 3549 εἰς
638 3486 909 3562 θειοτέραν
973 3486 1128 3558 ληξιν
1186 3485 1666 3556 ἀποκαθιστάντες,
1724 3487 1814 3543 καὶ
1872 3484 2013 3560 μηδὲ

359 3577 422 3631 16
451 3583 550 3646 τῆς
583 3575 722 3646 ὕλης
766 3571 1063 3643 σκύϐαλον,
1104 3575 1229 3646 ἤτοι
1253 3577 1316 3631 τὸ
1357 3577 1562 3631 ἑαυτῶν
1593 3581 1750 3649 σῶμα
1782 3581 2013 3652 κρημνῷ

356 3664 773 3726 καταλιπόντες.
837 3666 1099 3740 Κρημνὸς
1162 3663 1218 3720 δέ.
1263 3665 1427 3737 ἐστιν,
1463 3665 1641 3740 ὥσπερ
1691 3665 2008 3739 εἶ’ρήκαμεν,

361 3756 390 3810 6
446 3755 725 3830 περίγειος
773 3755 965 3817 τόπος.
1027 3755 1104 3811 Τὸ
1173 3751 1230 3809 δὲ
1280 3759 1527 3809 τοιοῦτον
1589 3751 1768 3830 δόγμα
1817 3754 1862 3808 εἰ
1919 3754 2008 3808 καὶ

358 3842 667 3917 θαυμαστόν
725 3842 837 3898 ἐστι
918 3843 1008 3898 καὶ
1093 3843 1382 3921 ὑπερφυὲς,
1452 3841 1579 3897 ἀλλ’
1638 3844 1741 3898 οὑκ
1790 3842 1878 3897 ἐπὶ
1930 3848 2010 3915 τῷ

354 3934 612 4005 ἡμετέρῳ
666 3930 980 4006 βουλήματι
1010 3935 1045 4001 ἡ
1108 3929 1316 4002 δαπανή
1370 3937 1542 3986 κεῖται
1593 3937 1688 3987 τοῦ
1734 3934 2007 4005 σώματος,

355 4019 446 4074 καὶ
477 4021 512 4088 ὴ
545 4019 681 4094 πρὸς
713 4019 803 4073 τὸν
848 4019 1116 4095 θειότερον
1164 4019 1328 4073 τόπον
1371 4019 1580 4074 τούτων
1636 4021 1956 4092 μετάστασις
1993 4037 2006 4052 ⁸

361 4109 530 4181 μόνης
585 4105 643 4163 δὲ
698 4110 796 4178 τῆς
855 4108 1000 4171 Θείας
1065 4106 1302 4184 ἤρτηται
1357 4107 1420 4162 τὸ
1477 4110 1703 4183 πρᾶγμα
1757 4107 2007 4184 χάριτος,

353 4201 456 4267 τῆς
503 4203 582 4270 τῷ
621 4197 921 4274 ἀπορρήτῳ
964 4197 1095 4273 πυρὶ
1141 4199 1243 4268 τὴν
1293 4195 1430 4267 ὕλην
1481 4195 1867 4269 ἐκδαπανώσης
1913 4203 2010 4253 τοῦ

358 4288 634 4360 σώματος.
722 4287 812 4342 καὶ
897 4287 996 4356 τήν
1103 4282 1336 4362 ἐμϐριθῆ
1423 4287 1514 4342 καὶ
1588 4285 1772 4362 γεώδη
1852 4288 2008 4365 φύσιν

356 4376 606 4451 ὀχήματι
639 4373 849 4451 πυρίνῳ
881 4373 1317 4449 μετεωριζούσης
1349 4374 1424 4437 εἰς
1450 4374 1698 4449 οὐρανόν.

428 4483 522 4552 Μὴ
556 4480 762 4556 ἰξάξης,
789 4478 879 4536 ’ίνα
913 4481 988 4554 μὴ
1022 4480 1134 4556 ἐξίῃ
1168 4477 1372 4556 ἔχουσά
1397 4502 1472 4536 τι.

2125 3393 2475 3460 sedimento,
2519 3408 2627 3447 suo
2649 3408 2859 3463 nempe
2879 3392 3143 3463 ipsorum
3166 3409 3428 3462 corpore,
3455 3393 3514 3448 in
3549 3411 3772 3466 preru-

2124 3483 2240 3554 ptis
2279 3481 2424 3538 locis
2473 3481 2711 3537 nomine
2741 3481 3043 3536 destituto.
3078 3481 3176 3536 Est
3206 3486 3404 3537 autem
3437 3488 3771 3555 praeruptus

2122 3571 2286 3626 locus
2345 3570 2849 3641 quemadmodum
2909 3569 3192 3638 diximus,
3245 3571 3406 3640 regio
3457 3573 3770 3628 terrestris.

2120 3661 2306 3730 Atque
2337 3660 2446 3715 hoc
2477 3660 2692 3732 dogma
2720 3659 2858 3714 licet
2889 3658 3236 3714 admirabile
3269 3660 3348 3714 sit
3378 3663 3435 3714 et
3468 3660 3779 3726 excellens,

2123 3766 2236 3804 non
2269 3754 2468 3804 tamen
2520 3750 2580 3803 in
2633 3756 2834 3804 nostra
2881 3748 3184 3803 voluntate
3229 3749 3345 3803 sita
3393 3753 3482 3803 est
3521 3751 3780 3820 corporis

2120 3837 2439 3892 illustratio
2471 3842 2528 3892 et
2559 3838 2630 3892 ad
2662 3837 3013 3892 diviniorom
3045 3836 3240 3892 locum
3291 3836 3622 3901 translatio,
3671 3839 3771 3892 sed

2120 3927 2336 3997 pendet
2393 3941 2487 3980 res
2521 3931 2642 3980 tota
2686 3941 2719 3978 a
2766 3925 2966 3980 divina
2997 3926 3210 3996 gratia,
3245 3929 3308 3980 ut
3340 3924 3463 3980 hec
3493 3924 3776 3980 ineffabili

2119 4015 2252 4086 igne
2283 4013 2543 4084 corporis
2573 4014 2880 4068 materiam
2917 4018 3144 4079 exurat,
3196 4017 3254 4067 et
3302 4019 3768 4084 praegravantem

2118 4108 2532 4173 terrenamque
2573 4106 2843 4158 naturam
2877 4102 3046 4173 igneo
3100 4100 3362 4157 vehiculo
3423 4103 3482 4156 in
3559 4102 3772 4158 coelum

2119 4191 2346 4248 evehat.

2190 4481 2266 4537 Ne
2294 4480 2487 4550 exigas
2521 4477 2806 4546 animam,
2833 4494 2905 4535 ne
2930 4481 2991 4534 in
3029 4480 3281 4536 exeundo
3328 4479 3532 4536 habens
3557 4480 3775 4552 aliquid

3297 4553 3684 4624 [periclitatum

427 4663 602 4718 Τοῦτο
633 4659 696 4716 τδ
731 4658 920 4736 λόγιον
952 4657 1043 4716 καί
1092 4660 1376 4724 Ηλωτῖνος
1425 4658 1476 4715 ἐν
1529 4665 1610 4732 τῷ
1649 4660 1773 4736 περὶ
1805 4660 2009 4736 ἀλόγου

2188 4663 2308 4716 Hoc
2337 4658 2641 4715 oraculum
2676 4657 2854 4712 refert
2884 4657 3062 4712 etiam
3094 4657 3360 4713 Plotinus
3391 4659 3448 4712 in
3502 4659 3649 4713 libro
3699 4659 3772 4713 de

355 4748 636 4825 ἐξαγωγῆς
663 4749 896 4820 τίθησιν.
929 4749 1073 4806 Ἐστὶ
1105 4747 1150 4804 δ’
1208 4750 1237 4804 6
1264 4749 1432 4824 λόγος
1480 4749 1793 4826 παραίνεσις
1843 4750 2005 4825 ὑπερ-

357 4841 498 4910 φυής
551 4859 610 4894 τε
655 4839 746 4894 καὶ
806 4839 1178 4917 ὑπερήφανος.
1243 4839 1388 4910 Φησὶ
1445 4839 1548 4914 γὰρ
1602 4836 1742 4912 μηδὲ
1797 4860 1851 4894 τι
1914 4841 2009 4895 τὸν

356 4927 643 5004 ἄνθρωπον
705 4929 1175 5004 πραγματεύεσθαι
1233 4927 1358 5003 περὶ
1413 4930 1513 4998 τήν
1571 4927 1853 5003 ἐξαγωγήν
1905 4936 2007 4999 τῆς

356 5020 565 5093 ψυχῆς,
603 5015 744 5092 μηδὲ
765 5017 1070 5096 φροντίζειν
1097 5022 1213 5080 πῶς
1243 5017 1304 5073 ἄν
1336 5017 1544 5089 ἐξέλθοι
1574 5023 1672 5072 τοῦ
1702 5019 1958 5092 σώματος
1994 5038 2007 5052 ’

359 5104 504 5161 ἀλλὰ
548 5107 628 5179 τῷ
673 5110 884 5185 φυσικῷ
933 5104 1084 5182 λόγῳ
1137 5114 1238 5177 τῆς
1294 5105 1596 5169 διαλύσεως
1638 5113 2006 5183 παταχωρεῖν.

357 5194 504 5250 Αὐτὸ
555 5197 659 5271 γὰρ
712 5197 775 5251 τὸ
824 5194 1162 5269 ἐμμέριμνον
1225 5196 1357 5250 εἶναί
1413 5217 1532 5251 τινα
1592 5197 1713 5269 περὶ
1756 5203 1858 5267 τῆς
1912 5201 2008 5252 τοῦ

358 5284 613 5356 σώματος
666 5283 897 5352 λύσεως,
950 5284 1040 5338 καὶ
1115 5291 1215 5353 τῆς
1292 5285 1528 5340 ἐντεῦθεν
1586 5285 1862 5362 ἐξαγωγῆς
1911 5285 2010 5354 τῆς

353 5375 563 5449 ψυχῆς,
618 5376 835 5450 μετάγει
889 5374 980 5428 τὸν
1036 5378 1161 5428 νοῦν
1211 5373 1317 5429 ἀπὸ
1365 5379 1472 5429 τῶν
1525 5375 1867 5450 κρειττόνων,
1917 5375 2009 5430 καὶ

357 5461 668 5538 ἀπασχολεῖ
696 5465 819 5536 περὶ
849 5463 948 5532 τήν
992 5463 1247 5532 τοιαύτην
1282 5461 1563 5541 φροντίδα,
1597 5459 1740 5519 ἔνθεν
1771 5485 1854 5519 τοι
1887 5462 2012 5520 οὐδὲ

356 5551 670 5628 καθαίρεται
720 5552 1030 5607 τελεώτατα
1069 5553 1102 5621 ἠ
1159 5555 1336 5627 ψυχή.
1381 5552 1855 5628 Ἀσχολουμὲνοις
1916 5551 2010 5609 οὗν

357 5643 494 5713 ἡμῖν
546 5642 671 5717 περὶ
729 5642 828 5710 τὴν
885 5639 1166 5708 ἀνάλυσιν,
1222 5640 1308 5696 ἐάν
1366 5647 1663 5710 τηνικαῦτα
1711 5644 1739 5697 6
1787 5642 2012 5708 θάνατος

359 5729 754 5808 παραγένηται,
815 5732 913 5786 οὐκ
1000 5729 1258 5806 ἐλευθέρα
1335 5730 1665 5787 παντάπασιν
1727 5732 1917 5805 ἔξεισιν
1973 5737 2008 5805 ἡ

2117 4749 2327 4805 animm
2360 4747 2718 4804 irrationalis
2750 4747 3080 4802 eductione.
3127 4748 3230 4802 Est
3274 4753 3470 4803 autem
3523 4745 3772 4819 insignis

2117 4844 2174 4896 et
2206 4839 2403 4912 magni
2427 4837 2706 4895 momenti
2730 4836 3058 4892 exhortatio
3084 4853 3098 4891 :
3125 4837 3351 4892 homini
3386 4838 3665 4892 nimirum
3684 4838 3774 4893 ni-

2117 4929 2202 4985 hil
2231 4929 2559 5001 quidquam
2579 4926 2941 4982 moliendum
2965 4941 3094 4982 esse
3117 4927 3187 4982 de
3209 4926 3416 4982 animae
3439 4926 3768 4994 eductione,

2120 5035 2310 5090 neque
2329 5017 2698 5088 despisciend
2711 5032 2809 5070 um
2833 5032 2947 5087 quo
2973 5020 3142 5086 pacto
3167 5015 3266 5070 illa
3285 5031 3315 5070 e
3339 5032 3578 5088 corpore
3603 5033 3768 5089 egre-

2118 5109 2346 5175 diatur;
2383 5107 2483 5163 sed
2510 5106 2811 5178 negotium
2841 5104 3093 5160 naturali
3124 5104 3532 5179 dissolutionis
3559 5107 3772 5163 rationi

2120 5196 2601 5271 permittendum.
2651 5194 2929 5249 Anxietas
2986 5193 3142 5248 enim
3201 5198 3260 5249 et
3319 5193 3653 5251 sollicitudo
3700 5196 3772 5251 de

2121 5287 2382 5358 corporis
2438 5283 2750 5352 solutione,
2803 5287 2861 5338 et
2903 5283 3112 5338 animae
3161 5299 3232 5337 ex
3278 5282 3381 5339 illo
3445 5285 3772 5357 eductione,

2122 5379 2381 5430 mentem
2415 5391 2450 5428 a
2481 5371 2827 5428 melioribus
2859 5371 3316 5444 cogitationibus
3349 5378 3574 5442 avocat,
3594 5379 3652 5430 et
3671 5391 3775 5430 cu-

2121 5465 2204 5520 ris
2235 5461 2528 5534 ejusmodi
2560 5465 2830 5532 occupat,
2855 5463 3010 5516 unde
3033 5462 3286 5532 perfecte
3308 5461 3508 5517 anima
3539 5463 3777 5534 purgari

2123 5554 2349 5626 nequit.
2375 5552 2432 5607 Si
2463 5550 2620 5607 enim
2645 5555 2785 5606 tunc
2814 5566 2975 5606 mors
3003 5549 3176 5606 nobis
3207 5550 3502 5622 adveniat,
3536 5554 3773 5624 quando

2121 5644 2280 5700 curis
2303 5643 2373 5698 de
2425 5639 2778 5696 resolutione
2816 5637 3250 5710 distringimur,
3283 5639 3482 5696 anima
3511 5657 3624 5696 non
3657 5642 3776 5696 exit

2123 5748 2366 5808 prorsus
2396 5729 2602 5799 libera,
2623 5728 2724 5784 sed
2750 5728 3009 5784 retinens
3049 5727 3272 5800 aliquid
3306 5728 3377 5784 de
3399 5728 3517 5784 vita
3541 5729 3770 5786 affecti-
