4124 6416
343 397 502 459 M29
1203 393 1622 459 EXPOSITIO
1666 393 2214 457 ORACULORUM
2261 393 2910 460 CHALDAICOBUM.
3609 400 3770 463 M30

341 521 486 604 ἔργῳ
542 523 799 602 ἀνάγκης.
861 525 1135 596 τουτέστι,
1186 524 1248 580 τὸ
1295 531 1396 595 τῆς
1447 524 1687 596 σελήνης
1736 521 1969 600 εὕτροχο

2141 543 2326 598 emper
2370 529 2715 584 necessitatis
2761 544 2922 599 opere
2967 531 3167 596 currit,
3210 529 3320 587 hoc
3351 533 3459 597 est,
3492 546 3566 586 ne
3597 531 3769 590 anxie

341 616 553 690 κίνημα
603 615 682 688 μὴ
732 612 1206 688 πολυπραγμόνει·
1241 613 1428 691 τρέχει
1475 614 1578 690 γὰρ
1626 613 1761 684 αὕτη
1795 611 1856 667 ού
1913 611 1963 666 δι

2140 617 2397 672 ηοιιυιθτῑε
2428 619 2579 672 lunae
2600 616 2911 673 volubilem
2939 622 3186 686 motum,
3212 636 3324 674 non
3349 619 3505 675 enim
3530 625 3768 692 propter

343 705 424 776 σὲ,
456 702 584 760 ἀλλ’
618 703 722 759 ὑπὸ
769 703 1084 780 κρείττονος
1133 702 1373 779 ἀνάγκης
1431 701 1694 778 ἀγομένη.
1724 701 1971 776 Ἀστέριο

2139 721 2172 760 e
2218 704 2404 761 currit
2451 705 2574 776 illa,
2624 706 2725 761 sed
2775 705 3036 778 agitatur
3073 724 3106 763 a
3135 707 3487 764 necessitate
3519 709 3764 778 potiore.

341 794 708 872 προπόρευμα
763 793 910 858 σέθεν
972 792 1135 869 χάριν
1199 791 1299 847 ούκ
1351 789 1648 866 ἐλοχεύθη,
1703 790 1969 846 τουτέστιν

2137 794 2415 850 itela’arum
2457 811 2779 867 progressus
2830 799 2928 851 tua
2973 812 3142 851 causa
3189 799 3371 868 factus
3417 812 3528 852 non
3557 805 3676 864 est;
3705 797 3765 853 id

343 885 397 940 οἱ
427 881 847 960 προηγούμενοι
876 885 987 936 τῶν
1031 878 1290 936 ἀπλανῶν
1343 879 1604 955 ἀστέρων,
1636 879 1671 950 ἢ
1701 884 1808 934 τῶν
1858 875 1971 933 πλα

2135 887 2226 950 ist,
2251 882 2555 940 stellarum
2579 885 2761 941 duces
2784 900 2848 940 ac
2873 885 3146 957 praefecti,
3170 889 3289 939 tam
3315 885 3562 941 ﬁxarum
3583 901 3763 958 quam

340 973 627 1046 νωμένων,
685 969 746 1026 ού
807 971 973 1047 χάριν
1050 974 1146 1026 σοῦ
1220 971 1321 1039 τὴν
1411 969 1700 1025 ὑπόστασιν
1782 963 1968 1024 ἔλαϐοε.

2135 973 2522 1041 ιιιιιοίίοειιιυῐῐι,
2549 973 2867 1029 essentiam
2891 973 3012 1029 sive
3033 973 3430 1030 substantiam
3453 991 3620 1030 suam
3646 991 3763 1030 non

343 1059 568 1137 Ai'epioc
629 1059 864 1136 ὀρνίθων
921 1059 1140 1134 ταρσὸς,
1191 1057 1425 1128 πλατὺς,
1471 1056 1533 1113 οὔ
1590 1059 1714 1113 ποτ’
1769 1056 1971 1129 ἀληθής

2137 1077 2173 1116 n
2221 1063 2305 1118 tui
2339 1062 2588 1136 gratiam
2621 1062 2777 1117 nacti
2822 1065 2979 1118 sunt.
3017 1062 3298 1120 zEtherisLa
3335 1065 3522 1118 avium
3558 1063 3765 1135 plantae

343 1149 640 1218 τουτέστιν,
671 1150 707 1218 ἡ
743 1145 834 1203 διὰ
881 1153 990 1204 τῶν
1042 1147 1354 1220 πετομένων
1411 1147 1638 1224 ὀρνίθων
1685 1146 1737 1202 έν
1774 1148 1855 1220 τῷ
1885 1147 1971 1224 ἀέρ

2135 1165 2240 1205 tua"
2268 1167 2380 1206 non
2409 1159 2540 1207 sunt
2568 1167 2810 1219 veraces,
2843 1151 2898 1206 id
2933 1156 3169 1219 est,ars,
3204 1167 3273 1206 ex
3304 1152 3500 1207 avium
3541 1151 3600 1206 in
3633 1168 3763 1209 aere

345 1237 535 1314 τέχνη,
565 1238 628 1308 ἣν
661 1234 730 1306 δὴ
761 1236 853 1291 καὶ
895 1235 1245 1306 οἷωνιστικήν
1297 1237 1682 1310 ὀνομάζουσιν,
1715 1235 1814 1291 οὐκ
1859 1230 1970 1291 ἔστι

2135 1239 2432 1296 νοῐεηιὶυηι
2491 1241 2878 1313 inspectione,
2937 1259 3114 1314 quam
3174 1242 3349 1297 etiam
3423 1242 3763 1316 auguralem

341 1326 580 1399 ἀληθὴς,
641 1326 1109 1403 περιεργαζομένη
1169 1327 1394 1397 πτήσεις
1442 1325 1638 1396 αὐτῶν,
1689 1326 1778 1380 καὶ
1835 1324 1969 1404 κλαγ

2147 1328 2420 1385 cientiam
2455 1331 2790 1400 nominant,
2820 1331 3053 1388 curiose
3075 1330 3310 1386 illarum
3335 1330 3612 1402 volatum,
3637 1349 3769 1406 gar-

341 1417 464 1492 γᾶς,
497 1417 588 1472 καὶ
640 1412 925 1490 καθέδρκς.
959 1415 1172 1490 Ταρσὸν
1229 1412 1288 1470 δὲ
1341 1412 1574 1483 πλατὺν,
1604 1415 1704 1483 τὴν
1752 1419 1860 1470 τῶν
1900 1436 1969 1470 πο

2137 1417 2319 1487 ιίῐυω,
2368 1422 2425 1474 et
2471 1420 2644 1475 sedes
2685 1421 3029 1487 observans,
3077 1436 3212 1475 vera
3259 1436 3368 1475 non
3419 1424 3529 1475 est.
3563 1420 3765 1476 Latam

345 1502 456 1561 δῶν
487 1505 662 1561 αὐτῶν
695 1502 845 1580 λέγει
881 1503 1034 1580 βάσιν
1084 1501 1345 1561 πλατεῖαν
1393 1502 1573 1576 οὖσαν,
1605 1501 1694 1560 διὰ
1747 1505 1848 1574 την
1892 1509 1970 1560 τῶ

2141 1511 2306 1562 intem
2359 1505 2624 1580 plantam
2657 1511 2842 1578 vocat,
2878 1507 3188 1565 dilatatum
3223 1509 3438 1581 pedum
3471 1524 3769 1581 gressum,

342 1591 632 1651 δακτύλων
689 1589 900 1649 ἔκτασιν
960 1590 1351 1670 διειργομένων
1408 1598 1487 1665 τῷ
1522 1592 1716 1668 μεταξὺ
1749 1591 1970 1668 δέρματι

2142 1596 2184 1652 ιι)
2231 1597 2553 1670 digitorum
2605 1598 3008 1653 extensionem
3055 1602 3184 1653 cute
3215 1599 3370 1653 inter
3407 1597 3540 1655 illos
3571 1598 3770 1655 media

340 1683 443 1741 Καὶ
505 1686 703 1748 θυσιῶν
787 1681 1119 1758 σπλάγχνων
1177 1703 1235 1737 τε
1303 1681 1493 1754 τομαὶ,
1549 1678 1664 1737 τάδ’
1717 1681 1963 1759 ἀθύρματ

2143 1703 2287 1757 [uam
2323 1686 2666 1760 longissime
2697 1688 2959 1744 diducta.
2994 1689 3060 1744 Et
3088 1688 3442 1743 victimarum
3472 1690 3771 1745 viscerum-

335 1770 534 1844 πάντα,
592 1771 890 1840 τουτέστιν,
948 1774 983 1841 ἡ
1052 1772 1244 1840 θυτικὴ
1303 1769 1620 1844 καλουμένη
1694 1769 1963 1844 έπιστήμτ

2137 1792 2215 1831 rue
2258 1779 2544 1848 sectiones,
2583 1777 2696 1832 hac
2743 1779 2933 1833 omnia
2965 1777 3212 1832 ludibria
3242 1785 3404 1840 suat;
3435 1777 3494 1833 id
3525 1782 3634 1846 est,
3669 1795 3765 1836 ars

339 1859 511 1938 ἤγουν
561 1863 596 1932 ἦ
653 1859 742 1916 διὰ
787 1858 895 1916 τῶν
955 1862 1155 1914 θυσιῶν
1208 1864 1319 1914 τῶν
1382 1857 1698 1932 μελλόντων
1765 1865 1965 1931 ζητοῦτ

2141 1864 2505 1932 acriﬁcandi,
2537 1869 2658 1921 tam
2685 1883 2753 1921 ea
2774 1882 2905 1938 quae
2927 1866 3126 1922 futura
3150 1883 3252 1938 per
3271 1866 3563 1934 victimas,
3587 1883 3765 1939 quam

363 1918 372 1932 .
394 1918 404 1938 .
585 1918 596 1932 .
1382 1918 1392 1932 .
1776 1918 1791 1929 .
1817 1918 1826 1931 .

337 1953 437 2021 τήν
470 1953 797 2026 πρόγνωσιν,
830 1949 920 2005 καὶ
951 1951 986 2019 ἡ
1020 1947 1111 2004 διὰ
1152 1952 1331 2020 τομῆς
1374 1951 1481 2004 τῶν
1531 1947 1832 2024 σπλάγχων
1892 1952 1965 2002 τῶ

2148 1918 2226 1920 κη
2318 1918 2359 1920 η
2385 1918 2505 1932 πμ,
2692 1918 2752 1921 η
2782 1918 2900 1938 τ--
3152 1918 3241 1938 τη
3286 1918 3563 1934 .--φη-η
3594 1918 3763 1939 γῇ-

2135 1969 2239 2023 [uae
2261 1969 2364 2025 per
2383 1953 2673 2010 viscerum
2697 1959 3089 2010 mactatarum
3112 1954 3439 2010 hostiarum
3465 1956 3763 2013 dissectio-

344 2038 698 2118 σφαζομένων
765 2038 998 2114 ἱερείων,
1057 2037 1285 2112 παίγνιά
1340 2037 1474 2092 εἶσιν
1535 2037 1804 2112 ἄντικρυς.
1867 2039 1972 2110 Ἐμ

2135 2057 2244 2097 iem
2277 2041 2543 2116 inquirit,
2577 2043 2893 2099 manifesta
2911 2044 3142 2101 ludicra
3163 2049 3322 2100 sunt.
3345 2045 3763 2114 Negotiatorum

337 2135 575 2204 πορικῆς
651 2128 867 2198 ἀπάτης
943 2125 1292 2203 στηρίγματα
1325 2144 1338 2159 ·
1405 2125 1680 2181 τουτέστιν
1755 2125 1965 2204 ἀφορμο

2126 2133 2314 2186 erroris
2333 2132 2540 2204 fulcra,
2570 2132 2625 2188 id
2653 2138 2760 2200 est,
2785 2132 2931 2188 lucri
2957 2133 3342 2190 fraudulentae
3367 2135 3754 2205 captationes.

337 2216 567 2293 κέρδους
599 2215 913 2275 ἀπατειλαί.
947 2218 1041 2286 Μὴ
1089 2214 1269 2271 τοίνυν
1318 2215 1499 2292 (φησὶ)
1545 2213 1965 2291 πολυπραγμόνε

2136 2221 2190 2276 io
2221 2221 2402 2292 igitur
2423 2222 2548 2294 (ait)
2572 2227 2637 2278 tu
2662 2239 2800 2278 mem
2825 2222 3153 2294 disciplinae
3175 2223 3764 2280 traditaeistiusmodi

339 2305 401 2362 σὺ
439 2306 877 2380 μαθητευόμενος
928 2305 1016 2360 ὑπ’
1047 2304 1204 2378 ἐμοῦ,
1240 2302 1460 2378 μέλλων
1523 2299 1798 2375 εύσεϐείης
1854 2304 1967 2377 ἰερὸ

2147 2311 2337 2368 uriose
2370 2312 2690 2385 indagaris,
2725 2312 2775 2368 si
2809 2311 3050 2384 quidem
3082 2328 3314 2368 sacrum
3360 2313 3594 2384 pietatis
3626 2314 3766 2370 hor-

340 2393 665 2472 παράδεισον
727 2393 988 2468 ἀνοίγειν.
1020 2393 1188 2470 Ἱερὸς
1246 2390 1302 2448 ’ὀὶ
1350 2390 1677 2464 παράδεισος
1725 2386 1968 2447 εὐσεϐεία

2140 2417 2237 2455 um
2271 2400 2376 2454 tibi
2407 2405 2604 2472 patere
2634 2399 2798 2455 velis.
2835 2401 2932 2454 Est
2963 2405 3153 2455 autem
3189 2417 3355 2455 sacer
3377 2398 3608 2470 pietatis
3631 2400 3765 2456 hor-

340 2487 477 2540 κατὰ
533 2481 863 2556 Χαλδαίους,
925 2482 1033 2558 οὐχ
1071 2483 1132 2538 ’ὸν
1192 2484 1228 2552 ἡ
1287 2486 1382 2537 τοῦ
1458 2483 1731 2544 Μωυσέως
1805 2477 1968 2557 βίϐλο

2136 2506 2204 2544 us
2237 2489 2356 2544 sive
2389 2490 2701 2560 paradisus
2733 2491 3059 2545 secundum
3094 2489 3418 2558 Chaldaeos,
3447 2507 3562 2545 non
3587 2505 3764 2560 quem

335 2573 523 2654 φησὶν,
556 2571 684 2630 ἀλλ’
711 2573 739 2628 6
771 2570 978 2647 λειμὼν
1009 2575 1118 2628 τῶν
1172 2570 1531 2646 ὑψηλοτάτων
1576 2575 1840 2644 θεωριῶν,
1875 2566 1962 2625 ἔνθ

2137 2579 2324 2650 lloysis
2356 2577 2508 2633 liber
2539 2579 2839 2650 praedicat,
2872 2578 2975 2634 sed
3024 2577 3459 2634 altissimarum
3501 2583 3765 2635 contem-

333 2663 402 2719 τὰ
456 2662 686 2719 ποικίλα
739 2666 848 2717 τῶν
908 2662 1112 2736 ἀρετῶν
1175 2657 1390 2736 δένδρα,
1449 2659 1538 2715 καὶ
1595 2660 1658 2714 τὸ
1707 2657 1868 2730 ξύλον
1935 2681 1961 2714 τ

2137 2665 2440 2722 ilationum
2474 2671 2732 2738 pratum,
2764 2667 2823 2721 in
2854 2683 2971 2737 quo
3004 2671 3146 2722 sunt
3173 2667 3343 2722 variae
3363 2666 3647 2722 virtutum
3671 2683 3765 2722 ar-

332 2753 632 2830 γνωστικὸν
687 2749 862 2807 καλοῦ
912 2751 1003 2806 καὶ
1056 2753 1330 2826 πονηροῦ,
1359 2747 1642 2805 τουτέστιν
1696 2751 1732 2819 ἡ
1793 2746 1951 2823 διακρ

2137 2771 2281 2811 iores
2327 2760 2385 2810 et
2431 2753 2660 2827 lignum
2711 2754 3066 2826 cognitionis
3114 2754 3254 2810 boni
3302 2760 3360 2810 et
3391 2754 3552 2819 mali,
3587 2756 3646 2810 id
3675 2759 3765 2812 est

333 2843 463 2912 τική
513 2841 800 2920 φρόνησις,
859 2842 894 2910 ἡ
950 2837 1233 2914 διαιροῦσα
1282 2839 1346 2894 τὸ
1401 2843 1649 2914 κρεῖττον
1725 2839 1832 2893 άπὸ
1901 2859 1961 2893 το

2131 2843 2425 2900 irudentia
2471 2843 2870 2915 dijudicatrix,
2924 2844 3078 2900 bona
3108 2861 3142 2899 a
3185 2845 3375 2915 pravis
3403 2859 3759 2916 segregans;

339 2933 618 3007 χείρονος·
651 2929 741 2986 καὶ
795 2930 858 2985 τὸ
915 2927 1076 3000 ξύλον
1133 2935 1236 2999 τῆς
1295 2927 1736 2998 ζωῆς,τουτέστι
1782 2929 1846 2982 τὸ
1896 2949 1966 3004 (po

2135 2933 2334 3006 ignum
2367 2933 2618 3003 denique
2651 2933 2802 3002 vitae,
2827 2934 2884 2988 id
2906 2937 2996 2989 est
3018 2932 3220 3005 planta
3243 2932 3653 2990 illustrationis
3673 2933 3763 2989 di-

344 3019 436 3074 τὸν
491 3026 597 3088 τῆς.
647 3018 791 3084 θείας
848 3016 1180 3092 ἐλλαμψεως
1237 3023 1339 3087 τῆς
1410 3017 1870 3093 καρποφορούσης
1927 3020 1972 3071 τί

2136 3022 2274 3092 “inte,
2325 3040 2451 3094 quin
2500 3023 2710 3078 animae
2762 3022 3017 3078 fructum
3069 3023 3382 3079 sanctioris
3413 3029 3471 3079 et
3503 3023 3764 3081 melioris

345 3109 501 3182 ψυχῇ
579 3109 722 3178 ζωήν
789 3106 1080 3183 ἱερωτέραν
1157 3105 1247 3161 καὶ
1308 3105 1611 3181 κρείττονα.
1673 3106 1758 3160 Ἐν
1817 3103 1973 3177 τούτο

2133 3111 2241 3167 ’ἱῐω
2291 3111 2580 3183 producit.
2635 3112 2696 3166 In
2728 3113 2837 3167 hoc
2867 3111 3049 3182 igitur
3079 3112 3352 3183 paradiso
3385 3117 3525 3167 sunt
3554 3113 3761 3180 virtus,

339 3201 472 3272 γοῦν
497 3201 578 3270 τῷ
606 3193 918 3274 παραδείσῳ
948 3195 1037 3251 καὶ
1068 3194 1231 3272 ἀρετή
1281 3196 1372 3250 καὶ
1421 3196 1586 3272 σοφία
1621 3195 1711 3249 καὶ
1770 3193 1961 3266 εύνομί

2133 3201 2398 3272 iapientia
2427 3207 2484 3256 et
2513 3200 2782 3271 aequitas.
2815 3204 2914 3254 Est
2946 3205 3142 3255 autem
3172 3200 3360 3256 virtus
3386 3217 3500 3255 una
3523 3201 3761 3271 quidem

339 3285 617 3364 φέρονται.
651 3287 805 3341 Ἔστι
860 3283 919 3340 δὲ
966 3286 1155 3356 ἀρετὴ,
1181 3283 1277 3357 μία
1336 3284 1432 3357 μὲν
1477 3286 1512 3353 ἠ
1546 3284 1761 3358 γενικὴ,
1787 3282 1967 3338 πολλα

2133 3305 2340 3361 genere,
2381 3290 2480 3345 sed
2535 3290 2734 3361 plures
2783 3289 2975 3360 specie
3006 3289 3269 3344 diversae.
3303 3289 3604 3360 Sapientia
3630 3305 3761 3345 vero

340 3372 400 3430 δὲ
443 3374 498 3429 αἱ
555 3375 672 3430 κατ’
702 3371 822 3445 εἷ’δη
857 3371 1255 3450 διαιρούμεναι.
1289 3372 1468 3448 Σοφία
1520 3369 1578 3426 δέ
1625 3371 1765 3427 ἐστιν
1797 3374 1832 3442 ἡ
1861 3371 1968 3426 τού

2132 3395 2314 3438 ιωοοε
2343 3379 2584 3434 virtutes
2617 3378 2675 3433 in
2707 3394 2770 3434 se
2800 3377 3232 3448 complectitur,
3265 3394 3442 3448 quam
3478 3383 3542 3432 ut
3570 3377 3760 3434 solam

335 3485 446 3520 των
507 3465 756 3520 ἁπάντων
807 3463 1151 3538 περιεκτική,
1209 3464 1276 3532 ἦν
1334 3463 1411 3524 ὡς
1466 3461 1608 3535 μόνα
1678 3459 1913 3538 ἄρῤητον

2134 3466 2464 3524 neti‘abilem
2500 3485 2667 3523 mens
2699 3467 2894 3521 divina
2927 3466 3165 3538 profert.
3199 3471 3388 3538 Atque
3408 3465 3762 3523 exhortatio-

337 3555 486 3618 θεῖος
512 3548 890 3629 προϐάλλεται
920 3557 1069 3614 νοῦς.
1099 3556 1216 3606 Τῶν
1246 3548 1313 3622 δὴ
1352 3551 1618 3606 τοιούτων
1667 3547 1965 3608 Χαλδαϊκῶ

2133 3576 2252 3614 ium
2286 3559 2534 3614 istarum
2568 3557 3018 3613 Chaldaicarum
3051 3573 3187 3628 pars
3228 3572 3442 3629 magna
3474 3558 3761 3627 quodam-

335 3643 731 3720 παραινέσεων,
777 3643 846 3698 τὰ
906 3641 1000 3716 μὶν
1059 3639 1239 3697 πλείω
1313 3640 1404 3696 καὶ
1476 3645 1594 3702 ταῖς
1671 3640 1790 3695 καθ’
1849 3641 1963 3713 ἡμᾶ

2133 3648 2282 3703 nodo
2313 3663 2344 3702 θ
2394 3653 2730 3703 nostrorum
2764 3645 3054 3701 institutis
3085 3648 3287 3717 aperta
3315 3650 3425 3716 est,
3458 3662 3597 3717 pars
3629 3662 3761 3702 vero

338 3731 656 3810 είσηγήσεσι
681 3729 967 3802 κατάδηλά
997 3731 1115 3792 πώς
1145 3730 1268 3785 εὶσι·
1299 3729 1422 3785 τινὰ
1478 3726 1536 3784 δὲ
1579 3728 1668 3784 καὶ
1711 3727 1966 3799 ἠθέτηται

2132 3736 2258 3792 ’alsa
2279 3740 2336 3791 et
2355 3752 2425 3791 ex
2444 3735 2811 3791 ethnicorum
2836 3733 3102 3790 doctrina
3114 3735 3445 3806 desumpta.
3462 3735 3609 3790 Nam
3623 3750 3760 3792 cum

334 3819 444 3877 Τοῦ
499 3821 600 3898 γὰρ
655 3823 775 3886 καθ’
803 3823 954 3894 ἡμᾶς
1014 3817 1284 3894 δόγματος
1346 3815 1646 3895 διαρρήδην
1697 3819 1962 3897 φάσκοντο

2130 3830 2313 3880 iostra
2333 3824 2596 3880 doctrina
2619 3823 2927 3879 manifeste
2939 3827 3500 3879 asseratcreaturam
3520 3840 3758 3880 omnem

340 3905 435 3964 διὰ
461 3907 554 3963 τὸν
614 3906 898 3984 ἄνθρωπον
953 3908 1053 3977 τήν
1113 3905 1313 3980 ὁρατὴν
1373 3911 1694 3980 γεγενῆσθαι
1741 3903 1937 3974 κτίσιν,

2129 3913 2261 3969 risui
2305 3913 2630 3984 subjectam
2673 3912 2982 3967 hominum
3014 3928 3192 3968 causa
3222 3912 3519 3967 conditam
3551 3912 3757 3983 fuisse,

337 3994 619 4058 Χαλδαῖος
647 3997 741 4053 τὸν
772 3994 937 4073 λόγον
989 3995 1051 4051 ού
1100 3991 1494 4071 παραδέχεται,
1529 3991 1655 4049 ἀλλ’
1685 3991 1876 4057 ἁϊδίως
1917 3993 1965 4049 τί

2132 4003 2414 4059 lhaldaeus
2447 4002 2602 4058 ietud
2637 4003 2877 4057 verbum
2911 4001 3151 4057 omnino
3183 4017 3301 4057 non
3343 4001 3626 4070 admittit,
3659 4003 3760 4058 sed

341 4088 489 4142 Θεται
546 4087 810 4151 κινεῖσθαί
862 4105 915 4140 τι
973 4085 1090 4141 κατ’
1120 4083 1374 4160 οὐρανὸν,
1407 4078 1549 4160 ἔργῳ
1601 4082 1857 4161 ἀνάγκης,
1892 4083 1969 4159 οὗ]

2129 4096 2390 4164 ierpetuo
2420 4108 2595 4147 cursu
2628 4089 2886 4148 coelestia
2914 4089 3051 4146 ferri
3082 4090 3262 4146 tradit
3280 4089 3334 4144 vi
3362 4089 3757 4163 necessitatis,

338 4172 512 4232 ένεκεν
542 4179 704 4250 ἡμῶν
717 4219 732 4234 .

2109 4198 2225 4238 non
2258 4186 2496 4254 propter
2525 4198 2652 4237 nos.

340 4309 498 4380 Δίζεο
529 4310 664 4385 [καὶ]
695 4307 1130 4385 ψυχῆςῇόχετδν,
1163 4303 1284 4385 ίξθεν
1382 4305 1486 4362 τίνι
1516 4305 1660 4385 τάξει

2107 4315 2376 4372 Scrutare
2393 4313 2598 4370 animae
2627 4314 2836 4383 rivum,
2872 4311 3018 4368 unde
3040 4315 3135 4367 aut
3160 4327 3266 4383 quo
3295 4312 3509 4370 ordine.

340 4379 568 4456 Σῶματι
599 4379 859 4452 θητὶύσας
882 4379 1147 4451 έπΐτάξιν
1179 4379 1298 4444 ἰθὺς
1332 4380 1677 4451 ἀναστήσεις,

2134 4387 2341 4458 ἴονρονί
2393 4386 2744 4442 mercenaria
2792 4379 2966 4457 opera
3014 4379 3266 4468 praestita
3318 4385 3394 4440 ad
3433 4385 3762 4468 dignitatem

448 4528 721 4604 .....Ἰερῷ
751 4521 910 4603 λόγῳ
937 4521 1098 4603 ἔργον
1129 4525 1354 4586 ἱνώσας.

3172 4459 3398 4524 [iterum
3430 4458 3688 4526 extollas,

2111 4530 2292 4586 Sacra:
2321 4531 2530 4586 rationi
2557 4544 2718 4600 opere
2744 4527 3024 4600 adjuncto.

411 4659 698 4732 Τουτέστι,
727 4662 878 4732 ζήτει
907 4661 1006 4730 τήν
1039 4659 1218 4736 ἀρχὴν
1269 4664 1368 4728 τῆς
1411 4660 1621 4733 ψυχῆς,
1653 4656 1814 4712 πόθεν
1869 4678 1998 4732 παρ.
2035 4658 2039 4724 ξ

2186 4664 2302 4718 lloc
2333 4669 2446 4734 est,
2478 4678 2672 4735 quaere
2703 4661 2912 4716 animae
2945 4661 3254 4734 originem,
3290 4662 3446 4716 unde
3480 4662 3767 4732 producta

339 4751 496 4827 ήχθη
548 4749 640 4805 καὶ
696 4745 985 4805 ἐδούλευσε
1044 4748 1280 4822 σώματι,
1312 4747 1402 4803 καὶ
1452 4750 1574 4810 πῶς
1623 4745 1685 4800 ἂν
1739 4767 1824 4804 τις
1871 4746 1967 4802 ταύ

2139 4752 2336 4825 :orpori
2363 4751 2712 4818 inservierit,
2735 4756 2793 4804 et
2813 4766 2929 4821 quo
2953 4755 3121 4821 pacto
3145 4749 3247 4804 illa
3266 4766 3567 4805 sacrarum
3593 4765 3767 4806 caere-

337 4861 440 4911 την
474 4838 917 4912 ἀνακτησάμενος
961 4838 1049 4893 καὶ
1111 4835 1318 4914 έγείρας
1375 4833 1464 4891 διὰ
1518 4839 1628 4890 τῶν
1673 4833 1965 4890 τελεστικῶ

2136 4841 2445 4897 noniarum
2479 4857 2649 4913 opere
2678 4839 3028 4906 refocillata,
3061 4839 3311 4894 lustrata
3342 4843 3519 4911 atque
3549 4845 3764 4911 erecta,

340 4928 538 5006 ἔργων,
567 4927 862 5004 παναγάγῃ
921 4926 1039 4992 ὅθεν
1099 4924 1352 5005 ἀφίκετο·
1389 4926 1523 5001 ἱερῷ
1579 4923 1730 5001 λόγῳ
1775 4923 1968 4988 ένώσας

2138 4950 2178 4990 ιο
2211 4932 2366 4988 unde
2403 4934 2639 4986 venerat
2661 4928 2860 4984 reduci
2885 4933 3084 5000 queat,
3108 4944 3262 4983 sacra
3283 4931 3502 4984 ratione
3522 4932 3766 5001 conjun-

339 5021 503 5074 τοῦτο
531 5014 590 5072 δὶ
635 5015 884 5072 τοιοῦτόν
943 5014 1105 5074 ἐστιν.
1135 5015 1302 5090 Ἱερός
1353 5014 1496 5070 ἐστιν
1544 5016 1682 5087 ἡμῖν
1735 5013 1763 5068 6
1811 5011 1967 5089 λόγος

2138 5026 2218 5077 ta.
2269 5021 2332 5076 id
2380 5019 2536 5091 quod
2585 5018 2668 5073 ita
2715 5016 3163 5090 intelligendum
3195 5017 3376 5072 venit.
3410 5017 3588 5072 Sacra
3619 5017 3766 5074 ratio

342 5109 380 5176 ἠ
410 5105 568 5182 νοερᾶ
618 5107 756 5176 ζωή,
793 5101 1101 5178 μᾶλλονδὲ
1148 5105 1183 5174 ἡ
1250 5102 1567 5178 ὑψηλοτέρα
1623 5099 1852 5176 δύναμις
1902 5109 1967 5174 τῆ

2142 5127 2171 5165 n
2221 5108 2392 5165 nobis
2435 5112 2522 5164 est
2550 5107 2675 5170 vita.
2697 5105 2995 5162 intellectu
3034 5105 3278 5178 praedita
3310 5109 3411 5160 aut
3442 5107 3642 5177 potius
3672 5121 3770 5161 su-

341 5199 551 5271 ψυχῆς,
581 5197 642 5265 ἣν
695 5192 853 5257 ἄνθος
884 5197 982 5249 νοῦ
1039 5192 1092 5249 έν
1149 5189 1356 5268 ἑτέροις
1407 5190 1664 5267 ὀνομάζει
1695 5192 1756 5246 τὸ
1790 5189 1969 5268 λόγιον

2138 5213 2316 5254 irema
2341 5196 2552 5252 animae
2575 5195 2846 5260 facultas,
2869 5211 3050 5266 quam
3074 5194 3293 5250 mentis
3317 5195 3520 5250 florem
3546 5193 3766 5250 alicubi

339 5281 506 5340 Ἀλλ’
536 5284 694 5347 οὗτος
727 5285 756 5340 6
800 5283 944 5360 ἱερὸς
989 5281 1154 5360 λόγος
1201 5279 1453 5338 ἀδονατεῖ
1497 5281 1588 5359 ἀφ’
1617 5281 1809 5336 ἑαυτοῦ
1865 5281 1967 5359 πρὸ

2142 5287 2416 5344 ιιιοουιιιιῐ]
2447 5283 2727 5357 appellat.
2759 5284 2979 5340 Verum
3028 5299 3197 5340 sacra
3242 5283 3354 5340 ista
3386 5285 3534 5340 ratio
3563 5283 3770 5356 nequit

337 5374 442 5444 τὴν
472 5372 820 5451 ὑψηλοτέραν
870 5372 1188 5448 ἀναγωγὴν,
1218 5371 1310 5427 καὶ
1360 5370 1498 5446 πρὸς
1551 5372 1651 5440 τὴν
1707 5375 1806 5426 τοῦ
1858 5371 1965 5435 θείο

2145 5392 2218 5433 uo
2250 5377 2448 5448 opsius
2479 5375 2658 5430 ductu
2691 5378 2749 5430 et
2779 5373 3048 5446 auspicio
3075 5373 3149 5429 ad
3181 5373 3486 5446 superiora
3507 5374 3771 5446 aspirare

337 5460 666 5540 περίληψιν.
699 5461 803 5521 Καὶ
834 5463 864 5518 6
898 5461 995 5536 μὶν
1039 5467 1140 5532 τῆς
1193 5454 1467 5524 εὐσεϐείας
1513 5457 1678 5536 λόγος
1727 5480 1965 5537 ’χειραγω

2143 5473 2174 5523 ι
2199 5482 2293 5523 res
2323 5465 2555 5522 divinas
2589 5463 3104 5536 comprehendere.
3151 5464 3338 5533 Atque
3369 5463 3602 5536 pietatis
3634 5463 3771 5535 qui-

339 5558 432 5630 γεῖ
482 5555 678 5607 τοῦτον
729 5551 870 5628 πρὸς
925 5551 1080 5620 Θεὸν,
1114 5547 1204 5606 διὰ
1248 5553 1358 5604 τῶν
1410 5547 1613 5612 έκεῖθεν
1647 5546 1967 5625 ἐλλάμψεωη

2145 5558 2248 5612 lem
2277 5554 2619 5610 institutum
2652 5553 2724 5608 ad
2749 5558 2932 5608 Deum
2953 5551 3118 5608 illam
3143 5565 3317 5607 manu
3342 5552 3486 5608 dicit
3505 5567 3614 5624 ope
3634 5550 3773 5606 illu-

341 5644 372 5699 6
423 5637 482 5697 δὶ
524 5639 801 5702 Χαλδαῖος
854 5637 944 5695 διὰ
997 5641 1098 5710 τῆς
1153 5636 1473 5704 τελεπικῆε
1527 5634 1857 5711 ἐπιστήμης.
1909 5645 1969 5695 Te

2145 5643 2513 5700 ninationum
2567 5641 2688 5698 sive
2734 5641 3176 5696 institutionum
3207 5639 3437 5696 caelitus
3467 5640 3773 5696 immissa-

339 5729 572 5804 λεστικῆ
625 5727 684 5788 δὶ
740 5727 1018 5807 έπιστήμη
1072 5725 1239 5805 ἐστὶν,
1299 5728 1336 5802 ἡ
1390 5729 1506 5786 οἷον
1561 5722 1852 5786 τελειοῦσα
1909 5732 1967 5802 τῆ

2143 5750 2296 5807 um;
2373 5731 2681 5789 Chaldaeus
2733 5747 2864 5787 vero
2921 5729 3102 5786 ritum
3160 5745 3226 5786 ac
3283 5727 3771 5787 caeremoniarum

674 5863 936 5924 Parnm.
989 5861 1099 5920 Ge.
1147 5857 1386 5920 CXXII.
2927 5854 2930 5857 ’
3371 5857 3450 5916 36
