4124 6394
437 390 589 450 1131

1779 384 2198 446 MfCHAELlS
2241 383 2508 446 PSELLI

3691 389 3843 450 1132

411 523 706 579 scientia.
758 525 894 588 Quae
942 522 1190 579 scientia
1242 521 1466 578 rituum
1499 519 1792 577 initiatrix
1828 520 2087 576 animam

2216 519 2390 592 ψυχὴν
2444 515 2533 572 διὰ
2570 523 2672 587 τῆς
2713 521 2823 573 τῶν
2869 515 3082 583 ἐνταῦθ’
3116 515 3319 574 ὖλικῶν
3352 515 3648 593 δυνάμεως.
3674 518 3852 594 Τούτῳ

432 614 748 684 perfectam
800 613 993 670 reddit
1035 629 1144 680 ope
1177 617 1234 668 et
1265 611 1526 684 potentia
1555 610 1949 666 materialium
1984 615 2099 666 ter-

432 703 734 760 restrium.
767 703 916 758 Huic
942 704 1123 775 igitur
1153 702 1280 774 (ait)
1312 717 1492 758 sacrae
1523 700 1735 756 rationi
1777 716 1907 755 cum
1943 716 2092 770 opus

433 791 714 861 universi,
761 792 821 848 id
875 796 964 848 est
1013 808 1148 848 cum
1201 808 1380 847 sacrae
1433 790 1643 846 rationi
1693 791 1924 860 animai,
1969 789 2091 845 sive

431 881 825 952 praestantiori
879 881 1041 936 illius
1085 879 1350 936 facultati
1403 879 1889 935 ceremoniarum
1943 894 2092 950 opus

435 971 832 1040 conjunxeris.
867 971 936 1026 Et
965 970 1280 1042 Gregorius
1312 968 1548 1040 quidem
1579 967 1911 1039 Theologus
1941 984 1971 1022 e
1996 983 2092 1022 no-

432 1060 594 1128 stris,
631 1061 856 1116 ratione
887 1063 944 1114 et
974 1058 1469 1131 contemplatione
1497 1058 1755 1113 animam
1791 1057 1862 1112 ad
1895 1056 2093 1112 divina

433 1150 645 1220 evehit,
695 1151 920 1206 ratione
971 1166 1100 1221 quae
1131 1148 1190 1203 in
1223 1147 1391 1204 nobis
1423 1147 1820 1219 principatum
1867 1147 2094 1201 obtinet

432 1239 856 1311 intellectuque
888 1240 1130 1311 prmdita
1161 1248 1270 1308 est,
1305 1237 1823 1309 contemplatione,
1849 1253 1977 1307 quis
2000 1251 2095 1290 su-

431 1346 610 1402 perne
639 1329 882 1385 veniens
916 1327 1278 1383 illuminatio
1309 1332 1419 1382 est.
1454 1326 1616 1382 Plato
1636 1343 1768 1380 vero
1791 1325 2016 1380 ratione
2038 1328 2095 1380 et

430 1419 731 1475 intellectu
763 1419 1083 1475 essentiam
1117 1415 1515 1489 generationis
1547 1421 1844 1487 expertem
1879 1415 2093 1486 princi-

435 1509 647 1581 pioque
669 1513 962 1564 carentem
988 1525 1021 1562 a
1045 1509 1214 1562 nobis
1238 1505 1656 1578 comprehendi
1674 1521 1845 1577 posse
1859 1505 2091 1562 statuit.

434 1603 507 1655 At
554 1598 859 1655 Chaldaeus
909 1595 991 1652 ait
1040 1614 1155 1652 non
1206 1595 1376 1652 aliter
1424 1612 1531 1650 nos
1562 1596 1632 1650 ad
1669 1595 1850 1650 Deum
1884 1595 2093 1651 deduci

437 1705 628 1759 posse,
661 1686 775 1742 nisi
797 1686 1004 1740 animae
1027 1685 1364 1742 vehiculum
1391 1683 1797 1740 materialibus
1821 1699 2094 1740 caeremo-

2206 611 2360 680 γοῦν,
2396 608 2662 681 φησὶ,τῷ
2719 607 2852 684 ἱερῷ
2907 605 3061 683 λόγῳ
3119 605 3280 684 ἔργον
3335 608 3558 682 ἓνώσας,
3617 610 3851 665 τουτέστι

2203 695 2442 771 συνάψας
2491 702 2574 769 τῷ
2623 698 2758 774 ἱερῷ
2799 696 2954 773 λόγῳ
2992 702 3094 764 τῆς
3136 701 3350 774 ψυχῆς,
3396 696 3520 768 ἤτοι
3567 701 3635 774 τῇ
3683 699 3854 772 κρείτ-

2199 806 2314 841 τονι
2377 784 2602 860 δυνάμει
2651 787 2713 842 τὸ
2738 785 2866 857 ⁸τῆς
2911 786 3139 858 τελετῆς
3188 785 3363 864 ἔργον.
3392 787 3558 844 Καὶὸ
3593 789 3687 861 μὲν
3741 789 3857 853 καθ’

2202 880 2350 950 ⁴ἡμᾶς
2404 875 2675 953 Θεολόγος
2723 876 3029 954 Γρηγόριος
3083 875 3234 953 λόγῳ
3275 877 3366 932 καὶ
3408 881 3477 952 τῇ
3517 879 3719 954 θεωρίᾳ
3761 878 3857 946 τήν

2203 968 2390 1043 ψυχὴν
2426 965 2609 1041 ἀνάγει
2660 968 2796 1042 πρὸς
2848 967 2916 1022 τὰ
2973 967 3245 1042 θειότερα’
3289 965 3440 1042 λόγῳ
3466 971 3545 1039 τῷ
3573 973 3687 1031 καθ’
3716 968 3861 1042 ἡμᾶς

2201 1061 2281 1127 τῷ
2327 1057 2645 1131 νοερωτέρῳ
2692 1057 2782 1110 καί
2844 1055 3136 1131 κρείττονι,
3168 1055 3371 1132 θεωρίᾳ
3427 1059 3495 1130 τῇ
3545 1056 3678 1132 ὑπὲρ
3720 1057 3861 1129 ἡμᾶς

2205 1144 2507 1218 ἐλλάμψει.
2541 1147 2600 1202 Ὁ
2635 1143 2692 1199 δὲ
2719 1145 2948 1201 Πλάτων
2987 1144 3137 1223 λόγῳ
3165 1145 3254 1201 καὶ
3283 1147 3470 1216 νοήσει
3521 1143 3860 1223 περιληπτήν

2205 1237 2342 1307 ἡμῖν
2390 1236 2490 1303 τὴν
2544 1236 2836 1310 ἀγέννητον
2889 1234 3074 1291 οὐσίαν
3127 1235 3366 1300 τίθεται·
3402 1236 3430 1290 ὁ
3477 1231 3535 1290 δὲ
3592 1233 3863 1296 Χαλδαῖος

2208 1324 2307 1382 οὐκ
2351 1322 2536 1386 ἄλλως
2587 1323 2752 1402 φησὶν
2805 1325 2953 1397 ἡμᾶς
3002 1325 3292 1400 ἀνάγεσθαι
3340 1324 3477 1401 πρὸς
3507 1323 3661 1397 Θεὸν,
3693 1323 3742 1380 εἲ
3789 1325 3862 1396 μὴ

2205 1411 2598 1487 δυναμὼσομεν
2643 1413 2707 1468 τὸ
2753 1421 2856 1484 τῆς
2911 1415 3096 1489 ψυχῆς
3154 1409 3350 1489 ὄχημα
3393 1410 3480 1468 διὰ
3522 1417 3632 1468 τῶν
3663 1412 3859 1468 ὑλικῶν

2203 1503 2458 1558 τελετῶν·
2499 1501 2670 1558 οἷέται
2728 1504 2832 1579 γὰρ
2889 1503 3237 1580 καθαίρεσθαι
3292 1503 3392 1573 τήν
3451 1504 3636 1578 ψυχὴν
3695 1500 3863 1566 λίθοις

2204 1593 2295 1648 καὶ
2345 1591 2503 1654 πόαις
2553 1593 2643 1648 καὶ
2693 1591 2955 1666 ἐπῳδαῖς,
2985 1593 3076 1648 καὶ
3118 1591 3381 1670 εὔτροχον
3432 1593 3565 1648 εἶναι
3605 1593 3742 1669 πρὸς
3767 1592 3863 1661 τὴν

2206 1677 2482 1742 ἀνάϐασιν.

440 1778 556 1832 niis
605 1781 808 1848 aptum
861 1776 1180 1831 reddamus
1227 1779 1401 1846 atque
1433 1775 1741 1829 ﬁrmemus
1770 1793 1783 1842 ;
1821 1773 2142 1829 arbitratur
2172 1774 2327 1829 enim
2364 1774 2620 1829 animam
2655 1773 2857 1847 lignis,
2888 1773 3090 1830 herbis
3119 1779 3177 1830 et
3206 1773 3575 1831 carminibus
3606 1771 3864 1842 lustrari,

439 1866 866 1939 agilioremque
898 1865 968 1920 ad
1003 1881 1315 1921 ascensum
1349 1863 1537 1920 reddi.

438 1995 514 2076 11's
536 1994 797 2076 deorsum
824 2009 1038 2076 vergas,
1073 1992 1218 2046 locus
1235 1993 1553 2076 plrazruptus
1581 1992 1640 2076 in
1660 1989 2099 2076 {erra'subjaoetJ

2216 1986 2307 2076 μὴ
2358 1983 2461 2076 [δὲ]
2506 1985 2868 2076 κάτωξεῦσῃς,
2907 1985 3174 2076 κρημζὸςῇ
3214 1985 3350 2076 κατὰ
3404 1993 3517 2076 γεῆς.
3571 1987 3867 2076 ιξπόκειται,

437 2068 515 2120 De
569 2065 830 2136 gradibus
891 2063 1112 2119 trahens
1161 2067 1365 2135 septem
1420 2063 1539 2118 vias
1589 2063 1949 2145 habentibus,
2003 2061 2102 2116 sub

574 2135 581 2136 ί
1806 2135 2032 2206 [quibus

441 2209 787 2266 Necessitatis
817 2209 1021 2264 solium
1047 2215 1143 2263 est.
1596 2217 1599 2220 '

513 2331 828 2389 Oraculum
863 2332 1140 2387 admonet
1170 2330 1430 2386 animam
1468 2347 1597 2402 quae
1627 2347 1660 2385 a
1693 2331 1804 2384 Deo
1838 2328 2104 2402 proxima

445 2426 554 2495 est,
605 2427 670 2477 ut
719 2422 859 2477 huic
913 2421 1019 2477 soli
1069 2425 1194 2476 tota
1246 2424 1444 2476 mente
1473 2419 1784 2489 adhzereat,
1817 2434 2007 2490 neque
2033 2419 2103 2474 ad

445 2516 684 2567 terrena
717 2527 956 2567 cursum
994 2509 1254 2564 inflectat
1278 2526 1290 2564 :
1318 2498 1472 2580 quod
1497 2508 1830 2564 immensus
1854 2525 1884 2563 a
1907 2507 2022 2563 Deo
2045 2507 2103 2561 in

447 2606 663 2657 terram
690 2605 886 2672 pateat
904 2599 1122 2666 hiatus,
1148 2598 1248 2670 qui
1273 2601 1502 2652 animas
1526 2613 1626 2668 per
1650 2597 1855 2652 limina
1878 2601 2104 2668 septem

448 2690 758 2747 tramitum
787 2688 1080 2744 detrahat.
1113 2691 1262 2742 Sunt
1294 2693 1490 2741 autem
1516 2685 1721 2741 limina
1744 2692 1967 2758 septem
1995 2690 2108 2741 tra-

453 2780 687 2846 mitum,
723 2783 949 2850 septem
983 2777 1308 2832 errantium
1342 2775 1640 2831 stellarum
1684 2776 1876 2831 orbes.
1908 2775 1962 2829 Si
1999 2776 2106 2830 ita-

449 2882 563 2938 que
595 2881 848 2936 superne
879 2865 1152 2919 deorsum
1185 2864 1386 2918 anima
1420 2864 1732 2932 nutaverit,
1759 2880 1860 2934 per
1881 2868 2106 2935 septem

445 2954 682 3010 illardm
717 2955 885 3009 orbes
917 2953 974 3007 in
1009 2958 1224 3007 terram
1259 2954 1496 3007 feretur.
1541 2953 1651 3008 Sed
1684 2952 1839 3008 istud
1884 2958 2106 3024 septem

452 3043 806 3101 circulorum
857 3043 968 3098 iter
999 3048 1282 3114 tanquam
1318 3060 1421 3114 per
1449 3044 1670 3114 gradus
1713 3043 1999 3115 quosdam
2035 3043 2105 3098 ad

453 3133 825 3190 necessitatis
857 3131 1072 3188 solium
1125 3132 1398 3187 deducit:
1436 3149 1551 3203 quo
1583 3149 1714 3187 cum
1751 3132 1948 3188 anima
1978 3148 2108 3204 per-

442 3223 687 3292 venerit,
737 3222 1060 3279 inevitabili
1129 3222 1336 3277 mundi
1372 3221 1588 3278 terreni
1629 3221 1918 3278 desiderio
1948 3225 2107 3277 tene-

447 3319 566 3370 tur.

673 3405 917 3460 Nomina
951 3402 1190 3458 barbara
1220 3417 1509 3474 nunquam
1535 3403 1840 3456 mutaveris
1861 3417 1881 3456 :

527 3496 586 3551 Id
621 3498 732 3562 est,
783 3493 1029 3565 singula;
1078 3498 1281 3564 gentes
1315 3492 1535 3548 habent
1566 3492 1807 3548 nomina
1841 3493 2108 3562 quasdam

454 3583 736 3639 divinitus
768 3583 923 3647 data,
959 3599 1080 3652 qua:
1112 3580 1519 3637 incredibilem
1551 3581 1662 3636 vim
1694 3581 1911 3637 habent
1933 3581 1990 3636 in
2015 3599 2108 3638 sa-

457 3671 591 3728 cris.
624 3671 706 3728 Ne
737 3671 917 3744 igitur
937 3671 1038 3726 illa
1058 3675 1382 3726 commutes
1406 3675 1507 3725 aut
1527 3670 1847 3726 transferas
1870 3671 1929 3725 in
1951 3674 2107 3727 Grie-

455 3777 656 3816 corum
705 3776 1056 3828 sermonem,
1110 3764 1175 3814 ut
1227 3764 1316 3814 est
1355 3775 1566 3814 nomen
1600 3758 1926 3831 Seraphim,
1959 3759 2107 3817 Che-

452 3852 668 3917 rubim,
692 3849 957 3914 Michael,
983 3848 1235 3905 Gabriel.
1263 3848 1355 3904 Sic
1378 3849 1530 3905 enim
1549 3850 2104 3920 juxtallebrseorum

447 3939 762 3994 dialeclum
790 3938 1017 4010 prolata
1050 3937 1404 4009 singularem
1435 3943 1492 3993 et
1524 3938 1878 3994 ineffabilem
1910 3938 2108 3995 effica-

445 4029 595 4084 ciam
647 4030 703 4083 in
757 4018 1059 4084 sacrorum
1106 4026 1623 4082 administratione
1673 4028 1892 4083 habent
1939 4033 1999 4083 at
2046 4029 2103 4084 in

439 4118 642 4173 Graeca
675 4117 913 4173 nomina
940 4121 1320 4187 commutata,
1352 4133 1596 4189 prorsus
1617 4116 1993 4173 imbecillam.
2019 4119 2103 4173 Ad

447 4222 538 4261 me
585 4207 740 4278 quod
792 4206 1020 4272 attinet,
1071 4204 1474 4260 Chaldaeorum
1523 4223 1690 4262 sacra
1721 4207 1960 4276 omnino
1988 4222 2103 4262 non

442 4297 645 4367 probo,
676 4311 867 4367 neque
888 4295 1124 4350 illorum
1150 4296 1426 4351 doctrinas
1451 4296 1760 4353 assentior.
1787 4297 1894 4353 Vix
1907 4301 2104 4352 autem

439 4384 657 4465 oraculi
693 4385 1114 4440 obscuritatem
1151 4384 1257 4438 tibi
1295 4385 1500 4441 retexi.

443 4500 674 4558 Mundus
729 4500 886 4556 habet
942 4499 1341 4571 quadamtenus
1389 4504 1782 4556 sustentatores
1823 4502 2108 4560 intellectu

1311 4573 1597 4643 [prwdilos
1625 4577 1676 4629 et
1706 4574 2031 4630 immobiles.

514 4680 764 4737 Chaldaei
800 4683 1124 4752 posuerunt
1155 4679 1450 4750 potentias
1473 4680 1529 4733 in
1557 4681 1800 4749 mundo,
1826 4697 1974 4752 quas
2000 4699 2103 4738 no-

443 4773 750 4827 minarunt
801 4770 1004 4825 mundi
1055 4771 1237 4824 duces
1287 4769 1408 4824 sive
1439 4773 1712 4835 rectores,
1742 4771 1896 4842 quod
1930 4787 2105 4827 mun-

444 4863 587 4918 dum
620 4861 880 4917 motibus
912 4876 1046 4914 cum
1080 4857 1406 4930 providenti
1443 4875 1582 4914 cura
1607 4865 1832 4929 regant.
1859 4864 1976 4916 llas
2001 4861 2104 4933 igi-

441 4957 541 5008 tur
598 4951 892 5023 potentias
957 4949 1081 5003 sive
1141 4947 1450 5004 facultates
1501 4948 1759 5020 appellat
1797 4950 2101 5006 oraculum

445 5044 892 5106 sustentatores,
917 5038 1071 5108 quod
1091 5053 1187 5090 mu
1200 5037 1272 5090 nd
1285 5055 1312 5090 u
1327 5054 1378 5091 m
1397 5037 1734 5092 universum
1750 5039 2100 5094 sustineant.

425 5133 633 5201 ’Atque
663 5127 1077 5183 immobilitate
1111 5125 1350 5196 quidem
1383 5124 1717 5182 declaratur
1747 5127 1982 5183 illarum
2015 5128 2104 5184 vis

445 5219 614 5273 ﬁrma
638 5235 702 5273 ac
724 5215 980 5279 stabilis,
1012 5214 1443 5272 sustentatione
1471 5232 1606 5271 vero
1631 5217 1905 5273 custodiae
1928 5223 2103 5290 atque

435 5304 904 5384 ’conservationis
920 5322 1078 5359 cura.
1094 5305 1245 5359 Istas
1259 5308 1454 5359 autem
1471 5305 1780 5362 facultates
1794 5307 2104 5380 designant

446 5409 548 5464 per
570 5393 725 5449 solas
748 5394 1107 5449 mundorum
1132 5409 1341 5449 causas
1361 5398 1415 5448 et
1437 5393 1934 5453 immobilitatem.
1953 5397 2103 5454 Sunt

2214 1987 2307 2054 Μή
2358 1987 2461 2115 [δελ
2506 1987 2868 2060 κάτω-άεύσῃς,
2907 1987 3157 2063 κρημνὸς
3214 1987 3350 2042 κατᾶ
3404 1993 3510 2062 γῆς
3571 1987 3864 2058 ὑπόκειται,

2213 2059 2426 2115 Ἑπταπ
2462 2079 2559 2134 ρου
2628 2058 2805 2135 σύρων
2882 2060 3017 2114 κατὰ
3075 2057 3364 2136 βαθμίδος,
3427 2060 3517 2136 ὑφ’
3571 2060 3633 2128 ἢν
3687 2060 3714 2114 ὁ
3766 2065 3864 2130 τῆς

2213 2201 2445 2277 Ἀνάγκη
2457 2223 2480 2264 ς
2509 2201 2700 2276 θρόνος
2727 2199 2891 2258 ἐστίν.

2285 2331 2400 2399 Τήν
2462 2327 2598 2403 μετά
2646 2329 2776 2384 Θεὸν
2827 2328 2990 2384 οὖσαν
3047 2329 3231 2405 ψυχήν
3280 2329 3344 2384 τὸ
3399 2327 3589 2406 λόγιον
3635 2329 3871 2392 νουθετεῖ

2216 2418 2402 2492 ἐκείνῳ
2441 2415 2592 2492 μόνῳ
2646 2417 2938 2494 προσέχειν
2981 2420 3072 2474 τὸν
3124 2423 3272 2488 νοῦν,
3305 2419 3391 2473 καὶ
3447 2421 3530 2492 μὴ
3571 2419 3718 2474 κάτω
3772 2417 3865 2486 τὴν

2219 2507 2393 2584 {Sorr-Py
2454 2510 2750 2563 ποιεῖσθαι·
2783 2505 2961 2571 πολὺς
3017 2509 3120 2584 γὰρ
3191 2508 3218 2563 ὁ
3273 2508 3378 2563 ἀπὸ
3424 2513 3563 2565 Θεοῦ
3612 2507 3745 2563 κατά
3771 2511 3865 2583 γῆν

2215 2597 2481 2670 κρημνὸς,
2509 2595 2683 2671 σύρων
2734 2597 2830 2658 ca;
2881 2597 3062 2672 ψυχὰς
3115 2595 3204 2652 διὰ
3249 2603 3351 2667 τῆς
3400 2597 3711 2673 ἑπταπόρου
3745 2595 3866 2671 βαθ-

2221 2683 2399 2756 μίδος.
2431 2685 2774 2761 Ἐπτάπορος
2827 2683 2884 2740 δὲ
2945 2684 3167 2760 βαθμῖς,
3217 2685 3271 2741 αἱ
3319 2690 3429 2742 τῶν
3483 2687 3620 2743 ἔπτὰ
3664 2682 3865 2755 πλανη-

2215 2777 2324 2828 τῶν
2381 2775 2603 2851 σφαῖραί
2677 2775 2800 2832 εἰσι.
2855 2775 3102 2832 Νιόσασα
3158 2779 3286 2852 γοῦν
3347 2776 3554 2841 ἄνωθεν
3608 2777 3642 2845 ἡ
3701 2771 3867 2849 ψυχὴ,

2219 2864 2436 2940 φέρεται
2487 2862 2574 2917 ἐπὶ
2620 2869 2723 2938 γῆν
2773 2861 2862 2919 διὰ
2898 2867 3007 2919 τῶν
3055 2863 3190 2919 ἒπτᾶ
3233 2867 3442 2920 τούτων
3502 2867 3766 2944 σφαιρῶν.
3808 2861 3864 2917 Ἥ

2220 2949 2276 3006 δὲ
2320 2956 2427 3007 τῶν
2479 2951 2614 3007 ἑπτὰ
2663 2951 2880 3008 κύκλων
2928 2953 3003 3016 ὡς
3054 2951 3145 3008 διὰ
3179 2950 3450 3030 βαθμίδος
3510 2949 3735 3014 καθοδος
3786 2949 3866 3005 ἐπὶ

2217 3042 2308 3096 τὸν
2345 3043 2534 3116 θρόνον
2571 3040 2689 3118 ἄγει
2719 3049 2821 3112 τῆς
2847 3041 3110 3119 ἀνάγκηςο
3145 3043 3206 3098 οὗ
3238 3039 3305 3112 δὴ
3355 3043 3626 3119 γενομένη
3658 3044 3691 3112 ἡ
3721 3039 3860 3116 ψυχὴ

2218 3131 2308 3185 τὸν
2343 3131 2613 3208 περίγειον
2647 3130 2852 3207 κόσμον
2887 3137 3073 3198 ποθεῖν
3103 3132 3481 3208 ἀναγκάζεται.

2433 3399 2710 3473 Ὀνόματα
2745 3400 2820 3474 (8)
2859 3393 3105 3475 βάρϐαρα
3138 3400 3214 3474 μή
3247 3401 3369 3456 ποτ’
3399 3398 3666 3478 ἀλλάξῃς.

2287 3489 2595 3560 Τουτὲστιν,
2664 3486 2797 3543 εἷ’σὶν
2882 3487 3128 3563 ὀνόματα
3197 3495 3324 3564 παρ’
3374 3489 3630 3554 ἑκάστοις
3709 3486 3867 3552 ἔθνεσι

2219 3575 2626 3653 θεοποιροίδοτα⁹
2697 3574 2924 3651 δύναμιν
3003 3577 3054 3632 ἐν
3130 3583 3252 3641 ταῖς
3320 3578 3572 3643 τελεταῖς
3649 3575 3871 3654 ἄῤῥητον

2219 3665 2436 3743 ἔχοντα.
2472 3667 2566 3736 Μὴ
2600 3669 2692 3722 οὖν
2746 3667 2875 3739 μήτ’
2905 3665 3148 3742 suam
3179 3667 3316 3725 αὖτά
3367 3668 3444 3732 εἷς
3483 3671 3585 3742 τὴν
3618 3662 3868 3733 Ἑλληνι-

2215 3759 2317 3826 κὴν
2351 3753 2664 3812 διάλεκτον·
2697 3758 2813 3810 οἷον
2861 3756 2924 3811 τὸ
2971 3757 3267 3831 Σεραφεὶμ,
3296 3757 3385 3812 καὶ
3432 3758 3498 3814 τὸ
3548 3749 3866 3830 Χερουϐεὶμ,

2214 3847 2303 3901 καὶ
2333 3845 2396 3901 τὸ
2429 3845 2680 3922 Μιχαὴλ,
2712 3846 2802 3900 καὶ
2847 3846 2910 3901 τὸ
2943 3839 3210 3919 Γαϐριήλ.
3243 3845 3401 3904 Οὕτω
3455 3849 3553 3921 μὶν
3615 3843 3868 3922 λεγόμενα

2215 3935 2348 3992 κατὰ
2405 3937 2502 4006 τὴν
2559 3931 2854 4006 Ἑϐραϊκήν
2931 3932 3241 4005 διάλεκτον,
3295 3934 3566 4014 ἆνὲργειαε
3639 3932 3693 3991 ἐν
3754 3933 3864 3989 ταῖς

2213 4025 2459 4088 τελεταῖς
2505 4020 2622 4101 ἔχει
2682 4023 2946 4100 ἄρρητον
2981 4024 3310 4103 ἆμειφθέντα
3363 4026 3419 4081 δὲ
3475 4024 3529 4083 ἐν
3583 4029 3700 4086 τοῖς
3757 4015 3866 4075 Ἑλ-

2216 4113 2462 4184 ληνικοῖς
2519 4113 2800 4187 ὀνόμασιν,
2833 4113 3052 4179 ἄσθενῆ.
3087 4114 3229 4188 Ἐγὼ
3280 4111 3338 4170 δὲ
3391 4114 3452 4171 οὗ
3500 4114 3597 4178 τὰς
3630 4107 3863 4171 Χαλδαϊ-

2214 4203 2310 4265 κὰς
2343 4201 2578 4278 δέχομαι
2609 4202 2854 4275 τελετὰς,
2887 4200 3016 4258 οὔτε
3043 4208 3124 4276 τῷ
3173 4201 3407 4280 δόγματι
3462 4207 3607 4261 πάνυ
3654 4193 3864 4276 προστί-

2214 4295 2395 4365 θεμαι.
2424 4291 2763 4368 Ἀνεκάλυψα
2822 4289 2881 4348 δὲ
2922 4312 3007 4349 σοι
3063 4291 3226 4367 μόλις
3279 4297 3379 4350 τοῦ
3410 4293 3584 4373 λόγου
3611 4292 3710 4362 τήν
3740 4303 3864 4362 v.90-

2218 4382 2472 4460 ιριότητα.

2357 4501 2482 4560 Πῶς
2510 4492 2626 4576 ἔχει
2652 4498 2862 4572 κόσμος
2893 4497 3118 4572 νοεροὺς
3159 4499 3401 4578 ἆνοχῆας
3441 4499 3735 4575 ἆκαμπεὶς.

2286 4677 2550 4750 Δυνάμεις
2603 4676 2656 4732 ἂν
2705 4681 2783 4750 τῷ
2828 4698 3024 4754 κοσμῳ
3074 4678 3127 4738 οἱ
3177 4674 3450 4738 Χαλδαῖοι
3495 4677 3754 4741 τίθενται,
3780 4659 3864 4754 κ(ξῖ

2213 4749 2492 4841 ὠνόμασεν
2545 4765 2709 4828 αὐτὰς
2755 4749 3158 4846 κοσμαγιυγοῦς
3199 4767 3275 4832 ὦς
3323 4769 3415 4824 τὸν
3451 4768 3658 4844 κόσμον
3716 4749 3870 4846 θίοῷ

2215 4877 2308 4919 σας
2367 4862 2760 4933 προνοητικαῖς
2813 4858 3079 4928 κινήσεσι.
3143 4858 3358 4921 Ταύτας
3417 4859 3510 4915 οὖν
3567 4854 3662 4915 τὰς
3713 4839 3866 4902 δυνά·-

2217 4967 2338 5020 μεις
2378 4947 2623 5023 ἀνοχῆας
2655 4950 2814 5001 καλεῖ
2853 4945 2917 5001 τὸ
2946 4945 3164 5022 λόγιον,
3213 4948 3287 5010 ὡς
3317 4949 3412 5003 τὸν
3459 4944 3636 5004 πάντα
3665 4935 3863 5023 κὸσίιιῨν

2213 5021 2555 5113 ἀνεχούσανςί·
2615 5040 2696 5108 τῷ
2756 5035 2849 5108 μὲν
2907 5021 3151 5110 ἀκαμπεῖ
3206 5040 3308 5103 τῆς
3379 5039 3641 5112 σταθερᾶς
3697 5021 3863 5081 αὐτῶν

2214 5122 2559 5198 δηλουμένης
2589 5122 2890 5197 δυνάμεως·
2923 5130 3004 5197 τῷ
3055 5122 3113 5180 δὶ
3171 5125 3438 5206 ἆνοχικῷ,
3470 5133 3571 5195 τῆς
3630 5127 3864 5206 φρουρτξ⁸

2209 5195 2628 5285 τικῆςίΤαύτας
2688 5195 2745 5268 δὲ
2790 5213 2888 5276 τὰς
2939 5195 3211 5288 δυνάμεις,
3248 5195 3337 5272 δίνὰ
3390 5195 3572 5290 ¹μόνης
3619 5195 3726 5263 τῶν
3755 5195 3862 5290 3ςά-

2213 5327 2364 5379 σμων
2398 5304 2573 5368 αἶ’τίας
2601 5303 2688 5360 καὶ
2726 5302 2982 5366 ἀκλινοῦς
3014 5285 3303 5382 ὁρίίζονιαι,
3337 5285 3460 5361 Eia}
3505 5285 3563 5359 δὲ
3609 5295 3700 5354 καὶ
3751 5285 3866 5382 ’ἔξεο

2213 5377 2300 5473 ραι
2346 5393 2599 5470 δυνάμεις
2646 5393 2938 5471 λεγόμεναι
2987 5377 3116 5470 παρ’
3160 5393 3348 5459 αὐτοῖς
3400 5394 3698 5471 μείλικτοι,
3751 5377 3863 5432 οἷον

1690 5540 1990 5598 JOANNIS
2029 5540 2350 5600 ΟΡΒΟΡίΕΙ
2388 5543 2621 5600 NOTAE.

519 5661 598 5738 (8)
631 5660 920 5738 Ὀνόματα.
947 5662 1144 5738 Refert
1167 5662 1469 5738 oraculum
1491 5679 1629 5738 cum
1663 5682 1770 5738 sua
1800 5664 2091 5738 interpre-

432 5732 672 5790 v—tatione
702 5732 1063 5804 Nicephorus
1094 5735 1152 5788 in
1172 5735 1413 5790 scholiis
1435 5737 1506 5792 ad
1524 5737 1832 5811 Synesium
1855 5732 1989 5811 pag.
2010 5740 2101 5796 96.

2201 5667 2340 5744 Vide
2391 5684 2636 5744 quoque
2673 5651 2986 5744 eruditam
3016 5665 3146 5744 ejus
3207 5664 3662 5744 explicationem
3713 5639 3860 5720 apud

2213 5736 2547 5814 Origenem,
2578 5739 2680 5796 lib.
2714 5742 2920 5796 contra
2947 5736 3203 5796 Celsum.
