4124 6400
446 426 600 486 1135

447 557 486 612 0
516 557 674 613 homo
702 557 903 614 audaci
928 574 958 614 θ
976 567 1183 615 natura
1212 561 1564 631 productum
1591 563 1920 632 artiﬁcium.

518 647 853 703 Artiﬁcium
887 649 1158 720 equidem
1193 649 1369 706 homo
1391 651 1631 717 dicitur,
1667 657 1870 723 utpote
1891 669 2102 708 arcana

448 743 504 792 et
533 737 864 794 incredibili
893 744 1020 794 arte
1050 757 1085 794 a
1114 739 1230 795 Deo
1263 745 1661 796 constructus.
1691 741 1971 796 Eumdem
1997 742 2101 797 ho-

450 829 668 884 minem
695 829 950 901 appellat
967 831 1275 886 oraculum
1306 831 1588 887 audacem
1614 836 1979 901 naturam,ut
2000 831 2101 902 qui

449 916 607 972 circa
637 935 731 973 res
761 916 1113 974 excellentes
1136 925 1419 987 versetur,
1456 921 1632 976 modo
1654 920 1958 975 stellarum
1977 937 2105 974 cur-

452 1021 586 1059 sum
628 1003 965 1072 dimetiens,
1000 1007 1174 1062 modo
1223 1007 1768 1078 supernaturalium
1819 1006 2103 1078 potentia-

454 1110 587 1149 rum
619 1095 856 1150 ordines
885 1100 1157 1150 accurate
1186 1095 1513 1168 inquirens,
1548 1101 1722 1168 atque
1751 1097 1896 1152 adeo
1927 1095 2103 1151 etiam

455 1199 584 1254 qua:
643 1183 812 1254 longe
858 1190 1023 1238 extra
1070 1185 1271 1240 orbem
1304 1185 1599 1241 caelestem
1653 1191 1793 1240 sunt
1841 1189 2105 1240 contem-

452 1271 646 1342 plane,
679 1276 736 1327 et
766 1274 838 1326 de
868 1272 985 1328 Deo
1017 1273 1241 1344 aliquid
1275 1274 1564 1330 disserere
1595 1275 1978 1330 contendens.
2004 1273 2106 1330 Isti

453 1360 613 1416 enim
644 1361 827 1417 animi
855 1361 1342 1434 disquisitionum
1392 1368 1663 1434 conatus,
1695 1368 1915 1419 natura)
1963 1367 2105 1418 sunt

453 1449 823 1506 conﬁdentia.
854 1450 1176 1506 Audaciam
1198 1457 1396 1507 autem
1419 1451 1565 1508 dixit
1587 1458 1644 1507 et
1662 1451 2104 1517 conﬁdentiam,

451 1555 569 1594 non
604 1543 665 1595 ut
695 1538 1178 1613 calumniaretur,
1211 1541 1313 1597 sed
1345 1547 1409 1596 ut
1443 1546 1666 1597 naturae
1691 1545 1978 1614 impetum
2001 1542 2103 1596 de-

450 1632 702 1686 notaret.

450 1747 511 1800 In
543 1746 793 1802 sinistrae
822 1747 1042 1802 Hecates
1071 1746 1244 1802 ilibus
1275 1748 1418 1802 situs
1446 1755 1523 1802 est
1547 1749 1672 1818 fons
1702 1749 1948 1812 virtutis,

447 1819 600 1872 Intus
663 1823 808 1873 totus
863 1835 1116 1885 manens,
1179 1820 1562 1887 virginitatem
1610 1835 1898 1962 nunquam
1948 1819 2102 1874 dese-

1845 1907 1991 1946 rem.

525 2006 778 2064 Chaldaei
813 2007 1065 2063 Hecaten
1094 2008 1212 2063 deae
1244 2006 1370 2062 loco
1402 2006 1622 2063 habent
1661 2024 1787 2079 quae
1840 2007 2102 2063 medium

454 2098 722 2154 ordinem
754 2098 952 2166 ducat,
985 2104 1040 2152 et
1089 2097 1258 2168 quasi
1291 2101 1556 2152 centrum
1593 2097 1670 2152 sit
1699 2098 1965 2152 omnium
1999 2114 2102 2168 po-

454 2187 796 2242 tentiarum.
830 2186 890 2241 In
925 2185 1144 2242 dextris
1172 2187 1300 2256 ejus
1332 2186 1599 2257 partibus
1632 2186 1922 2242 collocant
1971 2189 2102 2241 fon-

441 2280 571 2332 .tem
605 2276 962 2341 animarum,
1014 2276 1072 2331 in
1115 2275 1372 2331 sinistris
1400 2276 1617 2331 fontem
1661 2277 1949 2332 bonorum
1982 2275 2103 2332 sive

450 2365 734 2420 virtutum
770 2382 784 2420 :
816 2366 1098 2436 aiuntque
1130 2366 1464 2421 animarum
1498 2366 1737 2436 quidem
1774 2369 1994 2421 fontem
2029 2367 2101 2421 ad

447 2454 930 2527 propagationem
965 2471 1093 2510 esse
1125 2455 1464 2526 proclivem,
1500 2458 1788 2510 virtutum
1826 2472 1958 2510 vero
1983 2456 2103 2510 fon-

445 2549 564 2599 tem
597 2544 752 2599 intra
784 2545 1029 2616 propriae
1061 2545 1330 2599 essentia;
1372 2543 1590 2599 limites
1621 2545 1940 2599 coercitum
1987 2561 2106 2599 ma-

447 2648 609 2701 nere,
642 2633 888 2704 virginis
921 2633 1151 2688 intacta
1187 2634 1377 2688 instar
1399 2633 1832 2703 incorruptum,
1855 2649 2106 2703 eamque

449 2738 628 2792 quam
651 2720 827 2777 habet
848 2721 1189 2776 firmitatem
1213 2721 1762 2777 etimmobilitatem
1788 2721 1859 2777 ab
1892 2721 2104 2792 impla-

449 2809 730 2866 cabilium
771 2809 1166 2881 potentiarum
1201 2809 1480 2866 facultate
1530 2810 1811 2882 adeptum
1865 2825 2016 2882 esse,
2049 2816 2108 2867 et

447 2899 722 2972 virginali
753 2917 898 2956 zona
930 2900 1277 2956 accinctum.

451 3017 678 3087 Quando
706 3017 910 3072 videris
938 3016 1140 3088 absque
1167 3018 1354 3087 fama
1381 3019 1792 3072 sacrosanctum
1824 3018 2010 3086 ignem

447 3091 741 3162 Lucentem
772 3089 1107 3145 exsultando
1139 3093 1312 3144 totum
1330 3103 1432 3159 per
1460 3089 1660 3144 mundi
1684 3089 1986 3162 profunda,

447 3161 593 3219 Audi
621 3163 774 3235 ignis
805 3176 1006 3218 vocem.

1785 429 2026 489 MICHA
2039 430 2209 491 ELlS
2254 428 2522 492 PSELLI

2121 564 2176 630 Α

2133 1939 2180 2004 Β

3705 437 3853 500 1136

2340 563 2406 616 Ὠ
2433 561 2726 638 τολμηρᾶς
2754 560 2814 618 an
2843 560 3078 640 φύσεως,
3109 560 3384 639 ἄνθρωπε,
3414 560 3713 639 τέχνασμα.

2281 650 2577 726 Τέχνασμα
2635 652 2728 724 μὶν
2777 652 2880 727 γὰρ
2939 651 2969 706 ὁ
3027 651 3337 725 ἅνθρωπος,
3396 652 3471 715 ὡς
3531 655 3676 727 παρᾶ
3727 661 3856 713 Θεοῦ

2211 738 2508 814 ἀπορρήτῳ
2536 737 2705 815 τέχνῃ
2735 740 3020 812 συντεθεὶς,
3063 740 3350 816 τολμηρὰν
3384 737 3442 796 δὶ
3487 739 3643 816 φύσιν
3699 744 3852 801 αὐτὸν

2212 827 2464 902 ὠνόμασε
2502 830 2564 882 τὸ
2616 827 2826 904 λόγιον,
2878 829 2954 892 ὡς
3003 830 3070 885 τὰ
3113 829 3389 906 κρείττονα
3445 835 3856 907 περιεργαζόμε·

2213 938 2326 986 νον,
2370 917 2460 971 καὶ
2513 915 2718 992 δρόμον
2773 919 2866 992 μὲν
2894 919 3133 994 ἀστέρων
3183 923 3642 994 καταμετροῦντα,
3704 922 3858 996 ὑπερ-

2215 1011 2361 1084 φυῶν
2396 1004 2453 1062 δε
2485 1005 2766 1081 δυνάμεων
2817 1007 2991 1079 τάξεις
3031 1004 3434 1082 διακριϐοῦντα,
3483 1009 3574 1065 καὶ
3623 1008 3860 1082 ἐξωτάτω

2212 1103 2311 1164 τῆς
2368 1095 2621 1170 οὐρανίου
2675 1096 2904 1174 σφαίρας
2957 1095 3376 1167 διασκοποῦντα,
3429 1099 3519 1155 καὶ
3565 1101 3684 1176 περὶ
3730 1105 3859 1156 Θεοῦ

2212 1205 2264 1238 τι
2297 1183 2474 1260 λέγειν
2512 1183 2930 1260 διατεινόμενον.
2983 1189 3054 1245 Αἱ
3108 1188 3208 1262 γὰρ
3267 1182 3522 1243 ὲπιόολαὶ
3577 1189 3729 1244 αὗται
3755 1193 3857 1242 τῶν

2213 1277 2532 1347 νοημάτων,
2582 1273 2872 1350 τολμηρᾶς
2922 1277 3155 1354 φύσεως.
3212 1275 3291 1335 Οὐ
3351 1273 3620 1354 διασύρων
3677 1273 3734 1331 δὲ
3783 1275 3861 1331 ἆν-

2213 1364 2382 1416 ταῦθα
2403 1366 2501 1432 τὴν
2531 1362 2743 1436 τόλμαν
2777 1364 2945 1434 εἶπεν,
2977 1363 3124 1420 ἀλλὰ
3152 1367 3252 1434 τήν
3310 1364 3494 1439 ὐρμήν
3522 1372 3624 1435 τῆς
3653 1364 3855 1442 φύσεως

2212 1453 2464 1509 τέθεικεν.

2213 1752 2385 1837 iuni;
2418 1746 2481 1831 iv,
2505 1745 2729 1822 λαγόσιν
2757 1745 3213 1836 Ἐκάτηςὶᾶρετῆς
3241 1747 3375 1804 πὲλε
3403 1749 3584 1878 mir},

2236 1820 2407 1874 Ενοον
2451 1817 2557 1878 ὁλη
2622 1815 2858 1878 μένουσα
2890 1862 2906 1878 .
2961 1841 3024 1875 το
3079 1821 3364 1878 παρθένιον
3425 1825 3498 1878 (1‘
3529 1831 3540 1878 l

2211 1815 2407 1874 Ἔνδον
2451 1817 2557 1887 ὅλη
2589 1815 2600 1822 ’
2622 1815 2858 1892 μένουσα
2890 1862 2906 1889 ,
2942 1815 3024 1875 ⁷τὸ
3051 1815 3364 1895 ’παρθένιον
3425 1815 3654 1964 (nitro?
3677 1826 3861 1905 ⁹’προϊ-

3650 1910 3783 1945 εισα.

3650 1910 3783 1945 εισα.

2283 2006 2396 2075 Τὴν
2423 2005 2651 2078 Ἑκάτην
2684 2008 2736 2062 οἱ
2772 2005 3040 2063 Χαλδαῖοι
3066 2009 3184 2064 θεὸν
3214 2009 3491 2084 ὁρίζονται
3544 2003 3862 2083 μεσαιτάτην

2213 2091 2442 2170 ἄγουσαν
2499 2096 2669 2167 τάξιν,
2716 2095 2806 2152 καὶ
2852 2099 2967 2153 οἷον
3014 2099 3231 2174 κέντρον
3287 2094 3521 2175 ἔχουσαν
3573 2102 3681 2152 τῶν
3729 2093 3869 2150 ὅλῶν

2215 2181 2513 2257 δυνάμεων.
2558 2187 2659 2241 Καὶ
2716 2184 2766 2240 ἐν
2823 2187 2918 2258 μὶν
2957 2192 3074 2250 τοῖς
3117 2185 3313 2262 δεξιοῖς
3360 2188 3530 2258 αὐτῆς
3569 2185 3746 2262 μέρεσι
3787 2203 3868 2238 τι·

2214 2275 2360 2337 θίασι
2399 2277 2498 2343 τήν
2549 2276 2730 2349 πηγὴν
2774 2280 2882 2330 τῶν
2933 2279 3149 2352 ψυχῶνο
3204 2277 3255 2332 ἂν
3299 2275 3356 2333 δὲ
3385 2284 3504 2340 τοῖς
3546 2276 3858 2352 ἀριστεροῖς,

2210 2364 2309 2431 τὴν
2342 2365 2524 2439 πηγήν
2549 2367 2656 2418 τῶν
2706 2365 2941 2440 ἀγαθῶν,
2990 2367 3078 2420 καί
3133 2388 3311 2442 φασιν,
3365 2367 3453 2422 ὅτι
3493 2369 3528 2437 ἡ
3577 2365 3671 2438 μὶν
3715 2359 3859 2435 πηγῆ

2211 2456 2319 2506 τῶν
2379 2453 2572 2528 ψυχῶν
2630 2449 2849 2525 ἕτοιμός
2906 2453 3046 2509 εστιν
3095 2454 3288 2518 εἰςτὰς
3348 2455 3770 2530 άπογεννήσεις’
3826 2448 3859 2514 ἡ

2213 2537 2271 2595 δὲ
2302 2543 2451 2616 πηγή
2499 2546 2606 2595 τῶν
2641 2542 2843 2616 ἀρετῶν
2886 2543 2938 2598 ὲν
2990 2542 3142 2617 ὅροις
3196 2545 3344 2618 μένει
3405 2543 3558 2600 ἔνδον
3589 2547 3687 2610 τῆς
3727 2535 3860 2596 ἰδίας

2214 2629 2418 2700 οὐσίας,
2463 2630 2553 2685 καὶ
2599 2633 2718 2686 οἷον
2766 2633 3032 2705 παρθένος
3066 2631 3178 2688 ἐστὶ
3228 2634 3318 2688 καὶ
3347 2635 3580 2712 άμιγής,
3630 2630 3692 2686 τὸ
3740 2622 3860 2681 σεά-

2215 2742 2378 2791 σιμον
2429 2724 2591 2774 τοῦτο
2632 2720 2722 2775 καὶ
2767 2720 3020 2792 ἀκίνητον
3067 2722 3173 2777 ἀπὸ
3219 2730 3320 2794 τῆς
3367 2727 3480 2780 τῶν
3539 2715 3860 2794 ἀμειλίκτων

2217 2804 2459 2864 λαϐοῦσα
2525 2806 2845 2882 δυνάμεως,
2913 2810 3003 2866 καὶ
3050 2816 3290 2888 ζωστῆρι
3331 2815 3678 2888 κοσμηθεῖσα
3731 2820 3859 2874 παρ’

2217 2903 2429 2971 θενικῷ.

2214 3014 2647 3094 Ἡνίκαιβλὲψῃς
2682 3012 3299 3094 μορφῆς,ἅτιρ,,εὐῒιρον
3330 3037 3440 3094 πιξρ
3609 3087 3628 3094 -
3815 3076 3826 3094 .

2215 3085 2600 3161 Λαμπόμενον
2671 3085 2965 3164 σκιρτηδὸν
3027 3085 3212 3144 ἐλον’
3276 3085 3418 3146 κατᾶ
3513 3085 3696 3164 βὲνρεα
3771 3085 3850 3134 16-

3615 3158 3789 3232 [σμου,

2216 3229 2390 3295 Κλῦθι
2421 3231 2592 3306 πυρὸς
2623 3232 2832 3309 φωνήν.

521 3349 652 3420 Agit
679 3348 983 3406 oraculum
1041 3348 1111 3404 de
1143 3347 1339 3403 divino
1381 3347 1515 3420 igne
1545 3365 1579 3404 a
1606 3347 1879 3420 plurimis
1909 3348 2098 3406 homi-

2286 3347 2416 3422 Περὶ
2445 3350 2542 3402 τοῦ
2587 3343 2875 3422 ὁρωμένου
2927 3344 3168 3413 πολλοῖς
3209 3352 3319 3404 τῶν
3371 3348 3682 3427 ἀνθρώπων
3724 3335 3857 3405 θείου

449 3440 627 3495 nibus
673 3443 1010 3511 conspecto,
1073 3442 1404 3508 monetque,
1438 3453 1530 3508 ne,
1566 3438 1615 3493 si
1661 3438 1794 3509 quis
1848 3437 1964 3494 tale
2011 3437 2104 3494 lu-

451 3546 588 3584 men
619 3533 777 3584 certa
806 3529 1007 3601 aliqua
1047 3528 1237 3584 forma
1285 3533 1342 3582 et
1386 3528 1572 3598 ﬁgura
1619 3533 2103 3599 repraesentatum

454 3619 669 3686 videat,
714 3619 850 3674 huic
912 3617 1156 3673 ulterius
1215 3619 1389 3673 ﬁdem
1444 3617 1746 3688 adhibeat,
1797 3634 1988 3689 neque
2035 3617 2106 3673 il-

457 3708 576 3765 linc
636 3709 918 3766 emissam
978 3726 1178 3764 vocem
1255 3727 1358 3781 pro
1433 3709 1744 3764 verissima
1813 3709 2104 3781 excipiat.

461 3801 678 3855 Contra
726 3799 775 3854 si
834 3798 892 3853 id
971 3799 1041 3853 ab
1102 3799 1262 3853 omni
1338 3799 1528 3853 forma
1583 3804 1640 3853 et
1714 3799 1903 3870 figura
1958 3798 2106 3855 libe-

462 3905 595 3943 rum
640 3887 793 3944 visui
837 3888 1136 3956 offeratur,
1193 3905 1307 3943 non
1362 3887 1706 3958 decipieris;
1769 3888 1870 3943 sed
1921 3890 2106 3959 quod-

454 3994 688 4050 cunque
735 3993 804 4032 ex
854 3976 955 4032 illo
1009 3976 1491 4048 interrogaveris,
1537 3983 1691 4032 certo
1723 3993 1922 4032 verum
1973 3979 2104 4036 erit.

454 4066 805 4123 Nominatur
856 4071 1054 4122 autem
1107 4067 1218 4121 iste
1264 4066 1417 4138 ignis
1458 4073 1893 4137 sacrosanctus,
1949 4069 2104 4138 quod

450 4172 588 4210 cum
647 4157 855 4210 decore
913 4172 948 4209 a
1005 4155 1191 4210 sacris
1250 4155 1392 4210 viris
1449 4156 1526 4208 sit
1583 4160 1970 4226 conspectus,
2047 4161 2106 4212 et

449 4245 608 4299 totus
641 4244 778 4299 hinc
808 4244 970 4298 illinc
993 4245 1364 4311 subsultans,
1390 4260 1604 4315 magno
1638 4243 1849 4298 laetitia:
1881 4242 2105 4300 scilicet

448 4339 505 4388 et
547 4334 746 4404 gratiae
780 4333 1018 4400 indicio,
1053 4350 1154 4404 per
1186 4333 1391 4387 mundi
1428 4334 1705 4388 abstrusa
1737 4333 2099 4404 apparuerit.

447 4423 526 4479 Ne
558 4426 829 4477 vocaveris
860 4425 1159 4493 imaginem
1190 4431 1408 4478 natura:
1436 4438 1534 4493 per
1553 4438 1610 4476 se
1637 4423 2007 4493 conspicuam.

521 4511 806 4583 Inspectio
839 4529 942 4584 per
967 4528 1030 4568 se
1061 4512 1297 4581 dicitur,
1333 4512 1568 4582 quando
1609 4513 1709 4583 qui
1753 4511 1934 4567 sacris
1986 4511 2101 4566 ini-

447 4602 630 4658 tiatus
687 4606 795 4672 est,
841 4600 1038 4657 divina
1094 4601 1251 4656 videt
1299 4600 1546 4655 lumina.
1586 4606 1656 4655 At
1711 4601 1757 4656 si
1807 4601 1903 4656 hic
1954 4599 2100 4655 nihil

2214 3437 2392 3504 φωτὸς
2437 3437 2498 3490 τὸ
2548 3435 2734 3512 λόγιον
2787 3433 3072 3510 διέξεισιν,
3139 3437 3213 3499 ὡς
3264 3437 3307 3494 εἰ
3359 3439 3458 3512 μὶν
3519 3437 3573 3493 ἦν
3625 3431 3857 3508 σχήματι

2213 3525 2302 3580 καὶ
2350 3529 2534 3600 μορφῇ
2585 3526 2729 3597 θεῲη
2778 3545 2862 3589 τις
2905 3525 2968 3580 τὸ
3013 3530 3263 3582 τοιοῦτον
3288 3532 3428 3601 φῶς,
3469 3523 3664 3603 μηκέτι
3693 3514 3859 3584 τούτῳ

2215 3610 2508 3689 προσχέτω
2555 3614 2645 3668 τὸν
2705 3618 2854 3682 νοῦν,
2923 3610 3066 3688 μηδὲ
3119 3617 3219 3685 τήν
3268 3615 3472 3680 ἐκεῖθεν
3514 3605 3862 3686 πεμπομένην

2217 3706 2401 3780 φωνὴν
2445 3701 2819 3775 ἀληθεστάτην
2843 3705 3144 3778 νομισάτω.
3179 3704 3238 3760 Εἰ
3273 3702 3330 3760 δὲ
3353 3703 3474 3762 ’ίδοι
3504 3707 3666 3762 τοῦτο
3696 3697 3860 3780 ἆσγηί⁵

2219 3776 2500 3867 μάτιστον,
2535 3792 2626 3848 καὶ
2679 3776 3006 3872 ἀμόρφωτον
3042 3837 3057 3864 ,
3114 3793 3522 3867 άνεξαπάτητος
3569 3790 3725 3848 ἔστω·
3775 3776 3859 3835 καῖ

2217 3881 2348 3956 ὅπερ
2403 3882 2462 3938 ἂν
2524 3881 2720 3938 ἐκεῖθεν
2774 3881 3097 3956 ἐρωτηθείη,
3151 3881 3350 3954 ἀληθὲς
3401 3883 3548 3941 ἐστιν
3597 3876 3859 3947 ἄντικρυς.

2217 3973 2435 4051 Εὐίερον
2491 3971 2550 4028 δὲ
2604 3973 2667 4028 τὸ
2695 3977 2941 4028 τοιοῦτον
2973 3977 3078 4048 πῦρ
3138 3973 3443 4046 ὠνόμασεν,
3506 3974 3584 4034 ὡς
3635 3967 3687 4023 ἐν
3718 3958 3859 4051 διξοῷ

2213 4047 2546 4140 τοῖςνὶεροῖς
2593 4059 2845 4138 ἀνδράσιν
2894 4047 3173 4137 ὁρώμενον
3230 4063 3322 4118 καὶ
3381 4057 3680 4142 σκιρτηδὸν
3734 4047 3857 4148 δλον

2213 4152 2665 4228 προφαινόμενον,
2707 4150 2833 4222 ἤτοι
2874 4151 3082 4226 ἱλαρῶς
3121 4151 3213 4207 καὶ
3256 4140 3588 4229 χαριέντως,
3623 4140 3756 4202 κατὰ
3795 4140 3856 4189 τὰ

2218 4243 2356 4317 βάθη
2379 4246 2484 4296 τοῦ
2513 4241 2745 4313 κόσμου.

2425 4421 2518 4490 Μὴ
2553 4419 2762 4499 φύσεως
2809 4418 3050 4497 καλὲσῃς
3097 4418 3366 4478 αὕτοπτον
3406 4420 3652 4501 ἄγαλμα.

2282 4507 2526 4584 Αὐτοψία
2565 4494 2743 4580 Ile-civ,
2789 4509 2912 4566 ὅταν
2965 4494 3127 4574 αὐτὸς
3181 4511 3209 4566 ὁ
3253 4494 3593 4588 τελούμενος
3639 4501 3706 4559 τά
3747 4494 3856 4549 θεῖα

2210 4604 2362 4677 φῶτα
2401 4599 2520 4675 ὁρᾷ.
2581 4599 2646 4656 Εἴ
2676 4598 2734 4654 δὶ
2790 4601 2945 4663 οὗτος
2977 4601 3072 4674 μὶν
3105 4598 3257 4656 οὐδὶν
3289 4603 3465 4678 ὁρῴη,
3501 4602 3530 4656 ὁ
3563 4595 3622 4653 δὲ
3650 4590 3748 4658 τὴν
3773 4599 3856 4678 τξ“

447 4693 663 4762 videat,
715 4667 816 4748 sed
876 4690 972 4746 ille
1017 4691 1119 4764 qui
1171 4707 1338 4746 sacra
1384 4689 1618 4745 ordinat
1675 4696 1852 4762 atque
1901 4691 2098 4762 dispo-

2218 4689 2371 4759 λετὴν
2415 4687 2782 4764 διατιθέμενος
2831 4689 3090 4745 αὐτοπτεῖ
3117 4712 3168 4746 τι
3201 4691 3555 4768 φαινόμενον,
3608 4667 3858 4768 ἓποτξτείίι

447 4784 553 4852 nit,
588 4786 887 4856 spectrum
937 4780 1174 4852 aliquod
1231 4797 1332 4852 per
1386 4797 1449 4835 se
1491 4784 1856 4846 eontueatur,
1891 4780 1947 4834 id
1995 4780 2103 4835 ini-

447 4873 576 4929 tiati
633 4875 904 4944 respectu
966 4870 1433 4943 superinspectio
1494 4869 1844 4940 appellatur.
1879 4869 2100 4927 Notan-

446 4964 588 5018 dum
645 4966 844 5018 autem
903 4965 993 5016 est
1045 4960 1363 5031 imaginem
1420 4958 1478 5014 in
1527 4957 1707 5014 sacris
1755 4959 1979 5016 evocari
2012 4975 2104 5016 so-

446 5052 640 5120 litam,
699 5056 895 5107 mente
955 5048 1400 5122 perceptibilem
1462 5066 1591 5105 esse
1649 5049 1897 5117 debere,
1956 5052 2013 5104 et
2069 5066 2102 5105 a

445 5157 688 5212 corpore
741 5140 902 5196 omni
952 5155 1194 5211 prorsus
1251 5137 1663 5210 separabilem.
1723 5142 1958 5194 Naturae
2002 5155 2102 5194 au-

446 5235 564 5286 tem
598 5231 783 5287 forma
810 5229 928 5285 sive
961 5229 1177 5301 imago,
1211 5246 1326 5284 non
1358 5232 1448 5284 est
1482 5228 1867 5301 undiquaque
1905 5232 2103 5285 mente

2209 4783 2370 4834 τοῦτο
2401 4779 2538 4854 πρὸς
2568 4779 2662 4834 τὸν
2689 4777 3023 4854 τελούμενον
3058 4778 3297 4856 λέγεται.
3339 4787 3430 4837 Δεῖ
3461 4779 3518 4836 δὲ
3565 4775 3628 4830 τὸ
3670 4753 3860 4824 καλ⁰’⁵’

2213 4888 2371 4941 μενον
2407 4865 2627 4944 ἄγαλμα
2658 4867 2708 4922 ἐν
2740 4875 2857 4931 ταῖς
2886 4866 3130 4932 τελεταῖς
3175 4871 3371 4941 νοητὸν
3419 4873 3577 4936 εἶναι,
3627 4855 3716 4916 καὶ
3764 4868 3860 4944 σξ⁰⁹

2212 4935 2396 5030 μάτων
2439 4935 2742 5014 παντάπασι
2791 4954 3088 5034 χωριστόν.
3133 4959 3205 5014 Τὸ
3237 4935 3294 5016 δὲ
3338 4967 3438 5032 τῆς
3483 4956 3696 5038 φύσεως
3735 4935 3862 5038 μξόρ·

2210 5069 2377 5125 φωμα
2442 5047 2544 5103 οὐκ
2609 5041 2720 5103 ἔστι
2783 5049 3091 5104 παντάπασι
3147 5050 3384 5120 νοητόν·
3449 5052 3484 5120 ἡ
3553 5027 3859 5125 γὰρ-φύσις

2209 5139 2477 5211 σωμάτων
2522 5135 2662 5191 ἐστὶν
2700 5137 2772 5200 ὡς
2807 5135 3220 5193 ἐπιτοπλεῖστον
3273 5133 3588 5210 διοικητικὴ
3622 5121 3859 5211 δύναμιν

2211 5210 2304 5302 μῆγ
2340 5225 2430 5281 οὗν
2499 5224 2763 5301 καλέσῃς,
2809 5225 2998 5303 φησὶν,
3051 5225 3103 5280 ἐν
3150 5231 3269 5290 ταῖς
3309 5225 3558 5287 τελεταῖς
3598 5210 3858 5303 αὐτοπτξῇ

448 5318 869 5390 perceptibilis,
924 5319 1062 5390 quia
1105 5321 1318 5374 natura
1370 5322 1432 5373 ut
1483 5316 1807 5390 plurimum
1852 5317 2098 5375 facultas

2218 5316 2416 5396 ρύσεως
2448 5312 2692 5391 ἄγαλμα.
2729 5301 2966 5372 Ἐποίσιι
3008 5314 3112 5392 γάρ
3140 5336 3226 5372 σοι
3260 5319 3378 5390 μεθ’
3408 5312 3600 5372 ἑαυτοῦ
3628 5301 3860 5381 φυσικῶν

447 5406 536 5462 est
565 5423 874 5479 corporum
907 5407 1396 5464 administratrix.
1430 5407 1511 5464 Ne
1544 5408 1745 5479 igitur,
1787 5407 2004 5479 inquit,
2037 5408 2096 5463 in

2218 5404 2473 5482 τεττάρων
2511 5403 2673 5479 μόνον
2704 5403 2818 5476 πλη
2828 5405 2943 5469 θύν.

447 5495 631 5551 sacris
670 5496 1034 5552 caeremoniis
1083 5497 1332 5553 advoces
1385 5500 1613 5553 naturae
1651 5495 1974 5568 imaginem
2033 5513 2142 5554 sua
2179 5463 2388 5570 sponte
2420 5496 2820 5569 conspicuam.
2851 5495 2984 5552 Tibi
3015 5495 3175 5553 enim
3224 5496 3373 5556 nihil
3419 5502 3622 5555 secum
3671 5463 3864 5536 ασθτθί

445 5586 835 5654 praeterquam
867 5593 1119 5656 quatuor
1146 5585 1504 5642 naturalium
1529 5585 1956 5642 elementorum
1987 5587 2342 5658 congeriem.

1688 5684 1988 5742 JOANNIS
2029 5685 2346 5743 OPSOPZEI
2386 5684 2618 5742 NOTAE.

518 5772 628 5844 (13)
660 5770 977 5842 Παρθενιον.
1009 5774 1229 5831 Versus
1262 5776 1514 5849 requirit
1540 5774 1803 5851 παρθένον
1836 5792 2045 5848 genere
2076 5793 2098 5832 ῐ

2218 5794 2308 5848 ro,
2342 5780 2408 5832 ut
2437 5791 2641 5850 supra,
2672 5774 2830 5847 quod
2861 5773 2958 5832 vix
2977 5772 3120 5832 alibi
3150 5775 3431 5850 reperias.
