4124 6394
345 413 504 476 H37

1206 416 1625 480 EXPOSITIO
1671 419 2214 483 ORACULORUM
2261 425 2412 485 CHA
2427 427 2884 488 LDAICORUM
2895 472 2908 488 .

3607 434 3630 490 ι
3656 399 3789 491 ωεξ

350 549 397 606 Η
468 545 626 624 φύσις
692 547 865 603 πείθει
937 546 1208 604 πιστεύειν
1309 548 1440 606 εἶναι
1523 549 1652 613 τοὺς
1713 547 2030 633 ιδαίμονας,

2124 558 2327 614 Natura
2355 559 2572 631 suadet,
2606 568 2665 616 ut
2691 560 2979 617 credamus
3008 561 3196 633 genio:
3223 569 3433 619 sanctos
3462 577 3594 619 esse.

1702 624 1923 679 ἁγνούς.

338 691 440 747 Καὶ
518 691 586 746 τὰ
668 696 841 761 κακῆς
921 689 1062 761 ὓλης
1156 689 1540 768 βλαστήματα,
1618 627 2001 840 χόιῖἔζὲζῗκαὶ

1769 789 1799 822 σ
1873 787 1928 824 α.

1769 787 1928 824 συΛα.

414 867 538 944 Οὐχ
567 865 650 924 ὅτι
682 867 818 939 αύτή
851 869 1024 924 πείθει
1055 868 1241 940 τοῦτο,
1275 870 1401 929 ἀλλ’
1451 871 1536 929 ὅτι
1564 873 1862 946 κληθείσης
1893 875 2000 950 πρὸ

338 964 441 1028 τῆς
470 957 768 1034 παρουσίας
797 959 967 1028 αὐτῆς
1001 958 1179 1023 πολὺς
1218 960 1431 1038 ἐπιῤῥεῖ
1481 960 1752 1036 δαιμόνων
1806 965 1997 1039 χορὸς,

341 1045 432 1103 καί
478 1043 788 1109 πολυειδεῖς
843 1048 1238 1126 προφαίνονται
1307 1053 1510 1128 μορφαὶ
1590 1049 1998 1125 δαιμονιώδεις,

344 1137 450 1192 ἀπὸ
499 1135 711 1191 πάντων
765 1137 860 1209 μὶν
906 1142 1014 1191 τῶν
1068 1140 1358 1214 στοιχείων
1406 1141 1837 1217 ἀνεγειρόμεναι,
1894 1142 2000 1198 ἀπὸ

341 1224 556 1281 πάντων
587 1223 646 1280 δὲ
673 1225 781 1281 τῶν
817 1229 995 1300 μερῶν
1018 1231 1114 1281 τοῦ
1157 1227 1475 1300 σεληνιαίου
1527 1227 1736 1306 δρόμου
1789 1231 1999 1306 συγκεί-

345 1313 500 1388 μεναί
548 1334 609 1369 τε
651 1315 740 1368 καὶ
793 1313 1168 1391 μεριζόμεναι’
1217 1317 1308 1373 καὶ
1353 1317 1542 1395 ἱλαραὶ
1580 1320 1671 1374 καὶ
1715 1319 1998 1395 χαρίεσσαι

340 1401 615 1463 πολλάκις
647 1403 1292 1482 φαινόμεναι,‹ραντασίαν
1322 1409 1468 1470 τινὸς
1497 1409 1830 1485 ἀγαθότητος
1862 1409 1999 1484 πρὸς

338 1493 431 1549 τὸν
460 1489 797 1566 τελούμενον
828 1493 1234 1568 ὑποκρίνονται.

394 1679 584 1772 ’Ἢυχῂ
619 1680 1214 1772 μερόπων-Θεὸνυάγξει
1246 1681 1571 1772 εἲςΔὲαυτήν,

340 1749 734 1827 ρύδὲνθνητὸχ
769 1749 996 1827 ἔχουσα,
1033 1749 1526 1827 δληῖμεμέθυσται.

340 1820 637 1899 Ἁρμονίαν
669 1820 839 1900 aiiin
862 1824 990 1900 γὰρ,
1027 1820 1184 1902 ὑφ”ᾕ
1209 1820 1342 1884 πέλε
1372 1831 1532 1902 σῶμα
1565 1828 1833 1903 βρότειον.

416 2011 495 2069 Τὸ
519 2015 686 2080 θεῖον,
747 2012 903 2089 φησὶ,
963 2015 1069 2087 πῦρ
1112 2014 1148 2082 ἡ
1208 2014 1363 2090 ψυχὴ
1423 2015 1663 2091 βιάζεται
1695 2014 1770 2078 είς
1801 2016 1996 2084 ἑαυτὴν

348 2102 532 2173 (τοῦτο
590 2101 695 2177 γάρ
752 2100 864 2156 ἐστι
921 2102 984 2157 τὸ
1042 2100 1258 2178 ἄγχειν)
1320 2101 1409 2159 διὰ
1463 2111 1560 2174 τῆς
1593 2103 1881 2168 ἀθανασίας
1911 2104 2001 2160 καὶ

345 2196 447 2260 τῆς
493 2188 870 2263 καθαρότητος
897 2234 910 2246 .
962 2189 1093 2246 Τότε
1139 2193 1243 2269 γὰρ
1284 2191 1390 2264 ὅλη
1447 2193 1797 2266 μετὶὲθυσται,
1843 2215 2003 2249 τουτ-

347 2278 481 2347 έστι,
511 2277 822 2354 πληροῦται
852 2286 954 2350 τῆς
981 2279 1288 2355 κρείττονος
1321 2285 1464 2352 ζωῆς
1510 2283 1600 2338 καὶ
1650 2282 2002 2358 ἐλλάμψεως,

343 2368 434 2424 καὶ
478 2369 596 2423 οἷον
645 2367 910 2440 ἐξίσταται
963 2370 1185 2440 ἑαυτῆς.
1228 2372 1360 2428 Εἶτα
1388 2372 1526 2446 πρὸς
1575 2373 1744 2442 αὐτὴν
1777 2373 1805 2426 ὁ
1839 2372 2006 2446 λόγος

346 2457 536 2536 φησὶν,
586 2457 846 2531 ἁρμονίαν
899 2456 1080 2534 αὔχει,
1127 2460 1372 2516 τουτέστι
1421 2460 1687 2535 σεμνύνου
1744 2465 1812 2535 τῇ
1869 2462 2002 2535 ἀιτεε-

345 2550 426 2602 νεῖ
469 2545 560 2601 καὶ
612 2550 787 2622 νοητῇ
831 2545 1100 2621 ἁρμονίᾳ,
1146 2547 1183 2623 ᾖ
1234 2547 1568 2618 συνδέδεσαι,
1617 2550 2004 2625 ἀριθμητικοῖς

344 2630 539 2710 λόγοις
596 2634 686 2690 καὶ
749 2641 1061 2708 μουσικοῖς.
1130 2637 1262 2693 Ὑπὸ
1327 2638 1495 2713 ταύτῃ
1548 2640 1651 2716 γὰρ
1708 2643 1776 2705 τῆ
1834 2643 2006 2714 νοητῇ

347 2722 585 2799 ἁρμονίᾳ
641 2725 732 2780 καὶ
778 2723 842 2780 τὰ
899 2725 1149 2802 βρότειον
1207 2727 1297 2783 καὶ
1362 2728 1612 2792 σύνθετον
1651 2728 2004 2805 συνηρμόσθη

349 2816 511 2887 σῶμα
577 2812 776 2878 ἐκεῖθεν
855 2812 1379 2891 ἐπιχορηγουμὲνην
1457 2811 1589 2891 ἕχον
1654 2817 1752 2887 τήν
1815 2815 2007 2872 σύστα-

353 2922 458 2959 σιν.

1641 3085 1866 3165 ὄμματα
1950 3087 2008 3145 δὲ

1736 3163 1935 3237 [πάντα

355 3085 621 3163 Ἦγείσθω
703 3090 892 3165 ψυχῆς
978 3086 1142 3166 βάθος
1228 3083 1554 3167 ἄμϐροτον’

351 3227 556 3307 Ἀρδην
585 3229 875 3288 ἰκπίτασον
902 3228 1033 3289 ἅνω.

2031 1931 2081 1996 Β

2109 703 2178 757 Et
2202 719 2388 774 prava
2416 707 2671 760 materia:
2700 705 2974 776 germina,
3005 706 3175 760 utilia
3201 713 3257 761 et
3286 707 3445 762 bona.

2111 879 2238 935 Non
2287 883 2442 954 quod
2495 885 2626 954 ipsa
2674 888 2888 939 natura
2937 883 3044 938 hoc
3094 883 3318 939 ratione
3366 885 3632 952 suadeat,
3663 887 3767 941 sed

2112 971 2268 1041 quod
2301 973 2348 1026 si
2381 974 2616 1042 quando
2649 972 2751 1028 illa
2800 978 3070 1027 evocetur
3124 978 3259 1027 ante
3290 972 3604 1028 adventum
3639 976 3768 1045 ejus

2114 1061 2390 1131 frequens
2422 1063 2761 1117 daemonum
2795 1067 2980 1116 caatus
3014 1061 3241 1127 afﬂuat,
3275 1067 3332 1115 et
3361 1061 3504 1116 varii
3538 1065 3771 1133 generis

2112 1147 2428 1221 formaeque
2461 1156 2692 1222 spectra
2721 1150 3082 1205 daemoniaca
3112 1156 3473 1221 praecurrant
3502 1155 3558 1206 et
3589 1168 3771 1222 appa-

2111 1242 2298 1301 reant,
2332 1239 2403 1292 ab
2435 1240 2713 1294 omnibus
2745 1239 2960 1310 partim
2989 1238 3300 1294 elementis
3330 1239 3600 1307 excitata,
3633 1257 3772 1311 par-

2110 1328 2216 1381 tim
2250 1326 2320 1381 ab
2353 1327 2628 1382 omnibus
2660 1327 2888 1383 lunaris
2939 1343 3150 1383 cursus
3199 1327 3566 1398 portionibus
3610 1345 3767 1384 com-

2111 1416 2302 1486 posita
2330 1421 2387 1472 et
2416 1415 2672 1472 discreta
2704 1433 2716 1472 :
2753 1417 2870 1471 imo
2903 1432 3037 1472 cum
3088 1416 3291 1472 laetitia
3319 1421 3377 1472 et
3404 1417 3594 1488 gratia
3623 1433 3768 1488 qua-

2110 1503 2246 1559 dam
2289 1504 2589 1560 blanditiae
2639 1507 2855 1577 sapius
2905 1506 3268 1562 occurrentia
3317 1505 3575 1577 speciem
3606 1506 3774 1562 boni-

2108 1593 2249 1648 tatis
2279 1593 2510 1650 initiato
2541 1595 2820 1665 praebent.

2109 1693 2309 1764 {mima
2333 1691 2618 1748 hominum
2651 1697 2831 1748 Deum
2861 1695 2922 1748 in
2961 1695 3201 1763 seipsum
3227 1694 3586 1764 constringet,

2110 1763 2172 1819 Si
2198 1763 2347 1819 nihil
2375 1765 2573 1820 caduci
2599 1765 2871 1833 obtinens,
2901 1770 3013 1820 tota
3041 1765 3326 1820 inebriato
3354 1769 3452 1820 est.

2110 1837 2474 1892 ﬂamonium
2529 1837 2678 1904 facta
2732 1853 2994 1908 namque,
3051 1838 3150 1892 sub
3207 1854 3316 1909 qua
3357 1836 3768 1979 corpus[vittale

3589 1924 3644 1963 es
3674 1949 3686 1962 .

2181 2005 2276 2060 Ait
2305 2005 2462 2077 quod
2493 2005 2692 2062 anima
2723 2005 2782 2061 in
2817 2005 3072 2077 seipsam
3117 2005 3172 2061 vi
3223 2004 3536 2077 compellat
3561 2005 3762 2078 ignem

2111 2095 2377 2151 divinum
2409 2095 2490 2167 (id
2522 2095 2677 2151 enim
2713 2095 2824 2150 sibi
2850 2094 2971 2150 vult
2998 2095 3058 2148 τὸ
3093 2094 3304 2169 ἄγχειν,
3343 2094 3765 2167 constringere)

2109 2185 2337 2241 ratione
2367 2184 2827 2240 immortalitatis
2860 2189 2914 2240 ct
2944 2183 3238 2255 puritatis.
3271 2185 3437 2240 Tunc
3465 2185 3622 2240 enim
3645 2189 3769 2240 tota

2113 2273 2404 2330 inebriata
2429 2277 2540 2342 est,
2566 2273 2624 2328 id
2656 2278 2745 2329 est
2776 2273 3054 2346 impletur
3085 2274 3470 2345 praestantiori
3494 2274 3610 2329 vita
3631 2278 3688 2329 et
3709 2273 3772 2328 i1-

2112 2363 2582 2430 luminatione,el
2603 2363 2772 2434 quasi
2792 2367 2953 2418 extra
2975 2363 3230 2436 seipsam
3251 2367 3536 2418 movetur.
3553 2363 3774 2419 Deinde

2114 2453 2304 2524 ipsam
2341 2453 2602 2508 animam
2647 2451 2966 2524 alloquitur
3016 2453 3319 2507 oraculum
3372 2452 3595 2523 dicens,
3631 2454 3770 2507 (Iar-

2115 2544 2362 2598 moniam
2384 2543 2558 2614 jacta,
2600 2541 2658 2596 id
2692 2545 2780 2598 est
2828 2541 3079 2614 gloriare
3127 2542 3198 2596 de
3229 2542 3482 2597 obscura
3514 2545 3570 2596 et
3599 2541 3772 2597 intel-

2116 2630 2328 2703 ligibili
2359 2629 2896 2702 coagmentatione,
2929 2647 3044 2701 qua
3090 2629 3366 2703 colligata
3394 2647 3455 2685 es
3487 2629 3777 2685 arithme~

2117 2719 2249 2776 ticis
2281 2725 2337 2775 et
2369 2719 2614 2774 musicis
2665 2719 3160 2792 proportionibus.
3202 2720 3322 2775 Sub
3355 2719 3464 2774 hac
3493 2719 3650 2775 enim
3685 2719 3774 2773 in-

2115 2807 2410 2881 telligibili
2467 2808 2780 2864 harmonia
2829 2808 3004 2864 etiam
3055 2808 3228 2864 vitale
3284 2812 3342 2864 et
3389 2807 3776 2879 compositum

2116 2913 2332 2969 corpus
2371 2901 2849 2970 coagmentatum
2896 2904 2985 2953 est
3016 2900 3315 2953 structura
3362 2895 3526 2952 illinc
3556 2913 3779 2969 suppe-

2116 2987 2322 3043 ditata.

2115 3087 2501 3158 Principatum
2528 3090 2710 3142 teneat
2751 3087 2952 3142 anima
2997 3086 3348 3158 profunditas
3375 3085 3567 3142 dizina
3599 3102 3617 3140 :
3646 3102 3776 3142 ocu-

3148 3158 3252 3228 [los
3281 3160 3466 3213 autent
3496 3173 3700 3215 omnes.

2118 3231 2180 3286 In
2209 3230 2386 3286 altum
2415 3245 2638 3283 sursum
2666 3229 2964 3285 extendito.

421 3297 625 3407 ἰΨυχῆς
676 3330 842 3407 βάθος
872 3331 927 3386 αἱ
956 3328 1188 3407 τριπλαῖ
1226 3329 1395 3396 αὐτῆς
1428 3329 1684 3405 δυνάμεις
1742 3329 1897 3387 εἰσίν·
1951 3332 2007 3386 αἱ

2194 3327 2419 3383 Animas
2451 3327 2824 3398 profunditas
2877 3326 3075 3382 innuit
3120 3326 3384 3399 triplices
3415 3327 3546 3398 ejus
3577 3329 3780 3398 poten-

350 3417 559 3494 νοεραὶ,
612 3419 667 3473 αἱ
726 3415 1091 3490 διανοητικαὶ,
1141 3419 1196 3474 αἱ
1256 3416 1582 3490 δοξαστικαί⁸
1643 3414 1868 3494 ὄμματα
1926 3417 2008 3488 δὲ,

349 3507 406 3562 αἱ
451 3507 684 3584 τριπλαῖ
732 3508 910 3564 αὐτῶν
949 3506 1248 3583 γνωστικαὲ
1290 3507 1575 3584 ἐνέργειαι.
1633 3511 1704 3564 Τὸ
1761 3509 1856 3584 μὲν
1907 3510 2007 3586 γὰρ

349 3589 506 3670 ὄμμα
555 3597 810 3672 γνώσεως
862 3592 1168 3670 σύμϐολον⁸
1219 3599 1254 3668 ἡ
1290 3594 1347 3652 δὲ
1380 3598 1520 3668 ζωή,
1553 3597 1802 3674 όρὲξεως.
1838 3599 2012 3654 ’Δνοι-

347 3682 525 3761 γὲσθω
575 3682 692 3758 οὖν,
725 3686 881 3764 φησὶ,
935 3686 1000 3742 τὸ
1046 3693 1146 3756 τῆς
1178 3689 1364 3762 ψυχῆς
1406 3685 1667 3743 ἀθάνατον
1705 3686 1889 3763 βάθος,
1920 3688 2009 3742 καὶ

350 3773 446 3836 τὶς
496 3773 798 3852 γνωστικάς
829 3797 914 3831 σοι
946 3772 1202 3849 δυνάμεις
1233 3773 1405 3852 ἄρδην
1435 3774 1722 3831 ἐκπέτασον
1757 3777 1885 3845 ἀνω,
1918 3777 2009 3832 καὶ

352 3859 488 3918 ελον
537 3864 756 3934 σαυτὸν,
801 3861 894 3919 ’ίνα
949 3862 1013 3920 τὰ
1068 3861 1355 3938 ἡμεδαπὸν
1401 3863 1509 3938 ἐρῶ
1542 3865 1766 3937 μετάθες
1795 3862 1883 3920 ἐπὶ
1914 3865 2004 3920 τὸν

355 3949 575 4027 Κύριον.

449 4141 542 4210 Μὴ
577 4143 793 4215 πνεῦμα
825 4138 1068 4216 μολύνῃς
1103 4137 1246 4214 μηδὲ
1280 4139 1512 4216 βαθύνῃς
1541 4140 1604 4196 τὸ
1636 4139 1910 4198 ἐπίπεδον.

423 4308 527 4366 Δύο
559 4313 810 4386 χιτῶνας.
850 4307 1169 4366 ἔπενδύουσι
1219 4311 1319 4380 τὴν
1374 4313 1560 4388 ψυχὴν
1612 4313 1664 4366 οἱ
1716 4308 2005 4368 Χαλδαῖοι·

348 4400 563 4456 καὶτὸν
620 4400 715 4474 μέν
763 4401 1130 4473 πνευματικὸν
1181 4398 1492 4473 ὠνόμασαν,
1535 4400 1642 4456 ἀπὸ
1673 4405 1768 4455 τοῦ
1813 4400 2010 4472 αἴσθη-

347 4493 448 4545 τοῦ
504 4490 718 4563 κόσμου
776 4487 1134 4569 ἑξυιρανθὲντα
1190 4489 1330 4563 αὐτῇ
1367 4509 1380 4524 ο
1457 4490 1549 4544 τὸν
1611 4487 1667 4545 δὲ
1723 4489 2006 4566 αὐγοειδῆ,

351 4579 556 4638 λεπτὸν
603 4577 692 4634 καὶ
741 4577 952 4656 ἀναφῆ·
1009 4577 1172 4653 ὅνπερ
1223 4574 1479 4634 ἐπίπεδον
1527 4579 1798 4653 ὠνόμασε.
1859 4583 2010 4651 Μήτε

2125 3418 2260 3488 tias,
2294 3434 2421 3488 quae
2452 3417 2511 3471 in
2535 3416 2857 3484 intellectu,
2883 3415 3234 3489 cogitatione
3267 3420 3324 3472 et
3355 3416 3626 3487 opinione
3657 3417 3782 3472 sits

2125 3511 2266 3564 sunt
2304 3533 2318 3576 ;
2349 3506 2501 3563 oculi
2533 3523 2668 3562 vero
2701 3505 2963 3578 triplices
3014 3523 3218 3562 earum
3272 3506 3644 3578 operationes
3691 3523 3788 3562 co-

2127 3597 2444 3670 gnoscendi
2478 3596 2531 3650 vi
2563 3584 2856 3668 piaeditas.
2885 3599 2986 3651 Est
3005 3596 3159 3652 enim
3197 3595 3404 3650 oculus
3435 3595 3786 3668 cognitionis

2126 3687 2386 3759 signum,
2420 3690 2484 3740 ut
2514 3691 2570 3741 et
2598 3686 2715 3740 vita
2765 3686 3165 3758 appetitionis.
3208 3684 3346 3740 Vult
3390 3685 3572 3758 igitur
3602 3689 3666 3740 ut
3697 3703 3786 3742 re-

2127 3780 2354 3832 seretur
2408 3774 2616 3830 animae
2664 3775 3024 3831 immortalis
3074 3774 3468 3847 profunditas,
3521 3777 3578 3830 et
3634 3791 3782 3847 quas

2127 3865 2311 3920 habes
2340 3864 2392 3920 vi
2437 3863 2828 3935 cognoscendi
2877 3865 3146 3936 praeditas
3195 3863 3508 3936 potentias,
3540 3881 3781 3920 sursum

2128 3955 2187 4010 in
2213 3952 2398 4010 altum
2432 3953 2640 4018 eleves,
2673 3953 2790 4007 imo
2820 3953 3074 4025 teipsum
3108 3957 3323 4018 totum,
3347 3957 3412 4008 ut
3443 3955 3780 4009 nostrorum

2122 4043 2314 4100 verbis
2345 4046 2494 4110 utar,
2529 4043 2598 4098 ad
2633 4042 2948 4098 Dominum
2978 4043 3319 4098 transferas.

2124 4142 2201 4199 Ne
2245 4143 2503 4214 spiritum
2548 4143 2890 4212 coinquines,
2941 4158 3116 4213 neque
3161 4142 3512 4214 superﬁciem
3548 4141 3613 4196 in
3650 4157 3780 4212 pro-

3195 4213 3459 4285 [fundum
3488 4229 3709 4285 augeas.

2195 4309 2697 4368 Cbaldaiduabus
2719 4309 2934 4364 tunicis
2958 4309 3218 4366 animam
3238 4309 3581 4381 induunt,et
3605 4327 3784 4365 unam

2126 4401 2360 4472 quidem
2398 4398 2769 4472 spiritualem
2794 4399 3246 4468 nominarunt,a
3272 4399 3538 4455 sensibili
3564 4401 3787 4456 mundo

2124 4489 2236 4562 ipsi
2272 4493 2621 4555 contextam,
2657 4488 2900 4544 alteram
2951 4505 3086 4545 vero
3119 4489 3510 4558 luciformem,
3550 4493 3786 4544 tenuem

2124 4583 2182 4633 et
2236 4577 2581 4648 intactilem,
2643 4595 2768 4650 quae
2831 4579 3176 4650 superﬁcies
3228 4578 3321 4633 hic
3370 4581 3636 4635 vocatur.
3703 4578 3786 4633 Ne

353 4669 468 4741 οὖν,
528 4667 684 4748 φησὶ,
740 4667 833 4724 τὸν
885 4667 1252 4740 πνευματικὸν
1309 4671 1522 4744 χιτῶνα
1569 4675 1670 4738 τῆς
1697 4671 1882 4745 ψυχῆς
1917 4690 2012 4743 μο-

2124 4664 2326 4740 igitur,
2374 4667 2591 4740 inquit,
2644 4666 3012 4737 spiritualem
3067 4667 3278 4722 anima:
3329 4668 3595 4722 tunicam
3649 4667 3785 4722 affe-

355 4754 523 4832 λύνῃς
581 4755 880 4832 ἀκαθαρσίᾳ
937 4758 1145 4828 παθῶν,
1210 4758 1348 4830 μήτε
1405 4757 1498 4812 τὸν
1550 4755 1806 4814 ἰπίπεδον
1845 4759 2017 4828 αὐτῆς

361 4846 598 4924 βαθύνῃς
653 4847 994 4924 προσθήκαις
1048 4847 1188 4902 τισὶν
1245 4843 1461 4909 ὑλικαῖς
1505 4865 1518 4880 ·
1581 4845 1726 4903 ἀλλὰ
1779 4849 2015 4922 τήρησον

355 4934 702 5082 igua:th
743 4933 831 4990 ἐπὶ
878 4941 978 5006 τῆς
1011 4935 1242 5015 φύσεως,
1271 4937 1365 4992 τὸν
1416 4937 1510 5010 μὶν
1555 4937 1812 5012 καθαρὸν,
1838 4937 1928 4992 τὸν
1961 4934 2019 4992 δὲ

435 5046 565 5082 aen.
991 5034 998 5041 ’

435 5046 565 5105 αφη.

463 5225 607 5296 Ζήτη
616 5243 709 5279 σον
739 5220 1085 5298 παράδεισον.

430 5319 762 5399 Παράδεισός
808 5319 922 5377 ἔστι
974 5316 1304 5390 Χαλδαϊκὸς,
1357 5326 1462 5385 πᾶς
1493 5323 1521 5377 ὁ
1579 5323 1702 5398 περὶ
1755 5323 1847 5378 τὸν
1906 5328 2014 5378 Πα-

353 5412 486 5486 τὲρα
545 5411 715 5488 χορὸς
771 5414 882 5466 τῶν
937 5409 1093 5465 θείων
1148 5406 1450 5483 δυνάμεων,
1508 5411 1598 5466 καὶ
1657 5412 1724 5467 τὰ
1777 5410 2018 5487 ἐμπόρια

356 5498 543 5571 κάλλη
594 5505 704 5556 τῶν
763 5496 1176 5575 δημιουργικῶν
1239 5503 1458 5574 πηγῶψ
1501 5502 1742 5571 νΔνοιξις
1772 5498 1830 5556 δὶ
1853 5501 2018 5556 αὐτοῦ

363 5587 436 5645 δι’
493 5584 785 5661 εὐσεϐείας,
836 5591 871 5660 ἡ
935 5589 1197 5662 μετουσία
1237 5591 1346 5643 τῶν
1397 5589 1631 5664 ἀγαθῶν,
1680 5589 1912 5668 φλογίνη
1959 5587 2017 5645 δὲ

366 5678 630 5757 ῥομφαία,
689 5676 1072 5752 ἠᾶμείλιλτος
1099 5682 1214 5739 τοῖς
1264 5676 1490 5748 ἀναξιως
1544 5680 2015 5754 προσερχομένοις

368 5765 622 5844 δύναμις.
680 5768 778 5823 Καὶ
853 5767 1067 5831 τούτοις
1120 5767 1216 5842 μὲν
1260 5766 1568 5824 κίκλεισται
1627 5764 1716 5823 διὰ
1759 5769 1859 5840 τὴν
1920 5769 2016 5824 ἆν-

2127 4762 2328 4814 etuum
2361 4755 2743 4812 immunditia
2775 4757 3164 4824 contaminss,
3189 4772 3378 4828 neque
3407 4755 3777 4827 superficiem

2127 4846 2287 4903 illius
2318 4847 2739 4903 additamentis
2771 4846 3124 4916 quibusdam
3178 4844 3584 4900 materialibus
3613 4844 3672 4900 in
3702 4843 3782 4899 al-

2127 4935 2439 4992 titudinem
2471 4951 2801 4991 excrescere
2851 4934 3053 5004 facias,
3087 4935 3186 4989 sed
3238 4934 3444 4989 ambas
3474 4937 3541 4988 ut
3569 4937 3783 4990 natura

2129 5042 2237 5082 sua
2267 5041 2396 5082 sese
2426 5023 2644 5080 habent
2674 5039 3004 5094 conserves,
3029 5023 3180 5080 hanc
3211 5039 3444 5097 puram,
3470 5022 3634 5080 illam
3657 5022 3784 5079 nul-

2126 5115 2182 5170 lo
2215 5113 2405 5171 colore
2438 5113 2733 5170 infectam.

2272 5225 2470 5294 Quaere
2494 5223 2841 5296 paradisum.

2199 5323 2381 5380 Totus
2439 5323 2771 5378 divinarum
2829 5321 3221 5394 potentiarum
3282 5321 3497 5378 chorus
3554 5325 3789 5378 Patrem

2130 5413 2419 5484 ambiens,
2451 5416 2508 5468 et
2539 5412 2733 5485 ignitae
2756 5411 3228 5483 pulchritudines
3253 5411 3500 5467 fontium
3536 5411 3789 5483 publicis

2127 5503 2335 5559 ofﬁciis
2381 5502 2834 5567 destinatorum,
2869 5502 3177 5573 paradisus
3228 5501 3514 5556 Chaldaeis
3544 5500 3781 5558 dicitur.

2125 5593 2357 5662 Apertio
2389 5595 2582 5647 autem
2617 5591 2777 5646 illius
2827 5609 2958 5662 qua:
3008 5592 3068 5644 lit
3117 5591 3329 5662 pietate
3361 5590 3778 5659 intercedente,

2126 5687 2216 5736 est
2249 5682 2532 5736 bonorum
2582 5679 2777 5734 fruitio
2813 5695 2824 5732 :
2859 5679 3093 5751 gladius
3142 5695 3275 5733 vero
3309 5678 3637 5748 ﬂammeus,
3671 5694 3776 5749 po-

2124 5770 2310 5828 tentia
2336 5769 2579 5841 indigne
2599 5769 3011 5826 accedentibus
3038 5766 3447 5842 implacabilis.
3471 5768 3662 5836 Atque
3682 5765 3794 5822 his”
