4124 6420
354 401 512 463 1139

1705 386 2134 452 MICHAELIS
2179 385 2453 449 PSELLI

3646 387 3810 449 1140

354 532 597 604 quidem
633 528 900 586 occlusus
930 531 1041 596 est,
1075 527 1229 600 quod
1279 525 1476 584 idonei
1524 524 1806 596 illiusque
1835 519 2017 578 felici-

2163 514 2579 591 πιτηδειότηται
2613 523 2730 581 τοῖς
2762 515 2822 574 δὶ
2851 513 3122 576 εύσεόἑσιν
3155 516 3410 594 ἀνὲωγιν.
3453 516 3555 582 Εἷς
3587 517 3650 576 ’ὸν
3679 516 3811 575 ἁνα-

354 621 499 678 tatis
525 635 769 692 capaces
813 636 930 674 non
961 618 1122 686 sint;
1178 616 1292 688 piis
1326 621 1524 672 autem
1557 619 1734 688 patet.
1767 614 1831 668 In
1862 610 2020 665 hunc

2162 606 2395 666 είνονται
2425 615 2592 665 πᾶσαι
2624 611 2680 664 αἱ
2711 610 3028 683 θεουργικαί
3049 605 3256 684 ἀρεταί.

353 711 593 767 hortum
647 709 1014 764 contendunt
1063 722 1294 776 omnes,
1325 721 1454 776 qua
1504 703 1771 760 homines
1800 701 1917 756 Deo
1947 697 2021 754 si-

353 799 524 856 miles
555 798 830 864 reddunt,
858 797 1130 852 virtutes.

433 913 528 970 Vas
556 917 717 969 tuum
749 913 1080 968 habitabant
1112 910 1395 966 animalia
1424 913 1612 965 terra.

425 1012 540 1067 Vas
592 1017 681 1067 est
729 1011 860 1083 ipsa
907 1015 1316 1082 temperatura
1369 1008 1577 1063 animis
1626 1022 1696 1061 ex
1724 1002 2022 1076 composi-

355 1100 517 1156 tione
549 1103 712 1168 orta;
746 1099 1031 1155 animalia
1063 1098 1384 1163 terrestria,
1413 1097 1705 1150 daemones
1738 1093 1838 1164 qui
1869 1093 2026 1147 circa

356 1193 570 1245 terram
617 1192 916 1245 oberrant.
955 1190 1014 1243 in
1073 1192 1272 1242 nostra
1323 1187 1523 1258 itaque
1571 1185 1690 1239 vita
1719 1183 2025 1238 affectibus

358 1279 534 1350 plena
563 1277 860 1348 ejusmodi
893 1275 1174 1332 animalia
1196 1277 1394 1331 sedem
1426 1291 1594 1329 suam
1629 1273 2024 1329 collocabunt.

359 1367 706 1424 Dtsmonum
737 1367 895 1422 enim
929 1365 1186 1422 essentia
1216 1364 1526 1420 affectibus
1547 1362 1896 1434 complicata
1916 1365 2024 1431 est,

360 1455 424 1512 in
455 1455 789 1527 iisdemque
817 1455 1015 1512 sedem
1040 1469 1210 1510 suam
1239 1454 1414 1508 ﬁxam
1440 1451 1659 1508 habent
1687 1454 1744 1507 et
1759 1450 2028 1506 ordinem

363 1544 752 1602 materialem.
789 1545 920 1600 Ideo
954 1543 1293 1616 quicunque
1326 1542 1633 1598 affectibus
1655 1541 1834 1597 dediti
1868 1543 2026 1611 sunt,

363 1635 731 1690 daemonibus
762 1635 1056 1690 cohaerent
1072 1637 1128 1688 et
1148 1631 1616 1704 agglutinantur.
1649 1629 1851 1686 Simile
1873 1630 2028 1686 enim

363 1723 546 1779 simili
577 1722 907 1789 attrahunt,
938 1721 1212 1777 movendi
1242 1720 1359 1776 vim
1393 1725 1570 1794 atque
1601 1718 1941 1776 facultatem
1963 1733 2033 1775 ex

364 1812 512 1888 ipsis
543 1812 851 1869 affectibus
883 1811 1206 1869 consecuti.

442 1911 503 1966 Si
531 1910 847 1966 attenderis
877 1910 1106 1980 igneam
1137 1916 1382 1964 mentem
1424 1907 1494 1963 ad
1519 1907 1745 1979 pietatis
1775 1921 1928 1978 opus,

441 1984 633 2040 Etiam
659 1981 898 2052 ﬂuidum
926 1996 1122 2053 corpus
1152 1981 1423 2036 servabis.

448 2081 514 2136 Id
545 2084 656 2146 est,
687 2080 737 2136 si
773 2085 1028 2136 mentem
1057 2083 1216 2134 tuam
1249 2077 1644 2134 illuminatam
1675 2078 1748 2133 ad
1780 2075 2041 2149 superio-

378 2186 445 2227 ra
472 2168 774 2238 extuleris,
807 2173 866 2224 et
896 2168 1073 2223 divini
1107 2167 1258 2240 ignis
1289 2185 1439 2240 opus
1487 2168 1558 2223 ad
1593 2167 1827 2240 pietatis
1863 2181 2042 2239 opera

377 2259 635 2317 evexeris
667 2260 832 2330 (sunt
879 2262 1076 2315 autem
1129 2257 1415 2314 Chaldaeis
1466 2257 1700 2330 pietatis
1729 2273 1928 2329 opera,
1961 2255 2042 2310 ri-

374 2353 547 2405 tuum
580 2365 646 2404 ac
678 2347 1170 2404 caeremoniarum
1198 2346 1455 2403 rationes
1478 2347 1693 2419 certes),
1717 2363 1827 2403 non
1849 2345 2042 2401 solum

374 2438 636 2496 animam
671 2438 978 2493 affectibus
1003 2436 1467 2509 insuperabilem
1490 2437 1718 2506 reddes;
1745 2437 1843 2494 sed
1869 2435 2044 2491 etiam

376 2543 591 2598 corpus
645 2532 814 2582 tuum
866 2525 1164 2582 salubrius
1217 2526 1456 2581 efficies.
1514 2527 1616 2580 Est
1645 2525 1801 2584 enim
1852 2528 1908 2582 et
1937 2525 2046 2580 hoc

377 2617 710 2689 sepissime
730 2633 878 2688 opus
911 2615 1247 2671 divinarum
1271 2614 1764 2682 illustrationum,
1788 2613 2048 2684 corporis

378 2722 593 2778 nempe
626 2704 933 2760 materiam
966 2703 1301 2774 absumere,
1327 2707 1386 2759 et
1416 2708 1637 2759 naturis
1667 2719 1802 2758 eum
1836 2703 2053 2759 sanita-

378 2795 460 2852 tis
498 2793 770 2850 habitum
826 2793 1147 2864 acquirere,
1188 2797 1252 2848 ut
1300 2793 1545 2865 posthac
1591 2808 1696 2849 nec
1745 2792 2050 2850 affectibus

379 2900 490 2942 nec
523 2883 746 2940 morbis
778 2881 921 2938 ullis
951 2881 1328 2954 corripiatur.

391 2992 456 3046 At
486 3004 610 3045 vero
640 3006 670 3045 e
694 2989 902 3062 finibus
933 2991 1094 3044 terrae
1123 2989 1390 3045 exsiliunt
1420 3005 1585 3045 canes
1612 2993 1924 3056 terrestres,

392 3135 512 3192 Non
541 3148 730 3190 verum
758 3133 982 3205 signum
1008 3129 1223 3188 homini
1249 3134 1639 3188 monstrantes.

2065 1897 2116 1964 B

2315 903 2418 959 Σὸν
2453 904 2674 981 ἀγγεῖον
2708 905 2818 978 (14)
2847 910 3008 977 θῆρες
3040 904 3241 980 χθονὸς
3276 902 3628 975 οἰκήσουσιν.

2203 1002 2452 1080 ,Αγγεῖον
2509 1003 2602 1075 μέν
2639 1002 2750 1058 ἐστι
2802 1002 2865 1058 τὸ
2909 1002 3160 1058 σύνθετον
3219 1008 3406 1079 κρᾶμα
3454 1008 3564 1072 τῆς
3596 1004 3812 1077 ψυχῆς.

2135 1098 2297 1168 θῆρες
2328 1090 2384 1147 δὲ
2430 1093 2653 1168 χθονὸς,
2689 1093 2742 1147 οἱ
2772 1092 2894 1168 περὶ
2924 1093 3023 1167 γῆν
3053 1089 3485 1164 καλινδούμενοι
3529 1089 3814 1165 δαίμονες.

2136 1183 2252 1251 Τὴν
2314 1182 2403 1236 οὗν
2463 1182 2607 1251 ζωὴν
2670 1185 2831 1255 ἡμῶν
2873 1181 3065 1256 πλήρη
3118 1181 3424 1256 γενομένην
3479 1185 3705 1250 παθῶν,
3765 1180 3816 1236 oi

2135 1269 2376 1326 τοιοῦτοι
2419 1278 2582 1347 θῆρες
2635 1271 2942 1342 οἰκήσουσι.
2983 1271 3086 1329 Καὶ
3132 1273 3238 1348 γὰρ
3289 1271 3565 1328 οὐσίωται
3599 1269 3652 1328 ἐν
3698 1275 3819 1332 τοῖς

2135 1358 2328 1416 πάθεσι
2359 1360 2425 1416 τὰ
2452 1365 2677 1416 τοιαῦτα
2707 1359 2864 1437 γένη,
2919 1360 3008 1416 καὶ
3039 1361 3138 1430 τήν
3189 1358 3348 1437 ’ἐδραν
3402 1358 3527 1436 ἔχει
3578 1359 3674 1416 καὶ
3715 1361 3814 1429 τήν

2137 1451 2285 1521 τάξιν
2320 1449 2539 1520 ὑλικήν,
2574 1447 2659 1506 διὸ
2690 1450 2779 1506 καὶ
2814 1451 2866 1506 οἱ
2899 1449 3162 1524 ἐμπαθεῖς
3194 1451 3329 1527 πρὸς
3355 1455 3534 1508 ταῦτα
3585 1447 3820 1526 συγκολ-

2141 1538 2370 1612 λῶνται,
2397 1544 2476 1612 τῷ
2506 1540 2686 1614 ὁμοίῳ
2715 1541 2780 1596 τὸ
2827 1539 3022 1614 ὅμοιον
3077 1537 3463 1619 ἐφελκόμενοι,
3514 1540 3815 1611 κινητικὴν

2141 1627 2367 1704 δύναμιν
2397 1627 2619 1706 ἔχοντες
2645 1629 2706 1686 ἐκ
2731 1627 2843 1686 τῶν
2873 1631 3082 1687 παθῶν.

2899 1903 3176 1980 Ἐκτείνας
3204 1903 3431 1980 πύρινον
3450 1907 3598 1980 Δνοῦν

2145 1981 2352 2056 Ἔργον
2378 1976 2462 2037 ἐπ’
2496 1973 2768 2052 εύσεϐίης,
2803 1976 3024 2055 ρευστὸν
3051 1978 3141 2034 καὶ
3167 1973 3327 2052 σῶμα
3353 1977 3616 2040 σαώσεις.

2218 2079 2524 2148 Τουτέστιν,
2584 2076 2672 2132 ἰὰν
2715 2076 2951 2152 ἐκτείνῃς
2995 2076 3090 2132 τὸν
3149 2075 3495 2154 φωτισθέντα
3547 2094 3636 2131 σοι
3693 2076 3820 2129 νοῦν

2151 2167 2355 2233 ἄνωθεν
2413 2167 2503 2223 καὶ
2561 2171 2656 2222 τοῦ
2705 2165 2855 2232 θείου
2933 2167 3106 2241 πυρὸς
3162 2163 3318 2242 ἔργον
3380 2163 3685 2241 γενόμενον
3748 2161 3824 2224 είς

2150 2276 2217 2315 τα
2271 2264 2371 2328 τῆς
2430 2251 2699 2320 εὐσεϐείας
2778 2253 2912 2332 ἔργα
2979 2256 3137 2332 (ἔργα
3213 2253 3271 2312 δὶ
3342 2249 3628 2316 εὐσεϐείας
3681 2251 3830 2328 παρὰ

2153 2345 2476 2417 Χαλδαίοις,
2527 2347 2582 2402 αἱ
2639 2351 2750 2403 τῶν
2809 2345 3045 2402 τελετῶν
3101 2342 3370 2420 μὲθοδοι),
3425 2345 3491 2400 ού
3527 2343 3698 2418 μόνον
3727 2341 3829 2410 τὴν

2153 2439 2338 2514 ψυχὴν
2371 2436 2652 2494 ἀνάλωτον
2685 2438 2936 2507 ποιήσεις
2980 2441 3096 2498 τοῖς
3140 2436 3384 2504 πάθεσιν,
3437 2431 3594 2490 ἀλλὰ
3633 2430 3725 2488 καὶ
3769 2429 3832 2486 τὸ

2157 2526 2318 2601 σῶμά
2348 2548 2444 2583 σου
2481 2525 2868 2601 ὑγιεινότερον.
2913 2528 3067 2582 Ἔστι
3099 2524 3204 2600 γὰρ
3233 2524 3324 2582 καὶ
3351 2527 3522 2580 τοῦτο
3552 2521 3831 2582 πολλάκις

2158 2612 2310 2693 ἔργον
2346 2621 2453 2672 τῶν
2489 2615 2646 2679 θείων
2680 2614 3031 2689 ἐλλάμψεων,
3074 2611 3373 2684 ἐκδαπανᾷν
3407 2614 3516 2683 τὴν
3564 2609 3702 2677 ὕλην
3727 2612 3824 2666 τοῦ

2161 2707 2438 2778 σώματος,
2465 2705 2555 2760 καὶ
2589 2705 2713 2780 ὑγιᾶ
2740 2705 2839 2774 τήν
2873 2704 3030 2778 φύσιν
3061 2703 3510 2773 κατασκευάζειν,
3552 2700 3647 2758 καὶ
3683 2699 3822 2773 μήτε

2159 2796 2406 2866 πάθεσιν,
2441 2796 2580 2870 μήτε
2603 2793 2781 2856 νόσοις
2814 2791 3153 2858 ἁλίσκεσθαι.
3276 2850 3285 2854 ,
3333 2804 3336 2807 ’

2160 2994 2255 3052 Ἐκ
2313 2989 2359 3048 δ’
2413 2989 2516 3069 ἄρα
2585 2990 2809 3048 κόλπων
2888 2989 3046 3066 γαίης
3109 2989 3415 3062 θρώσκουσι
3490 2987 3649 3069 κύνες
3704 2983 3832 3062 χθό-

2159 3134 2285 3194 Οὕτ⁷
2317 3134 2520 3208 ἀληθὲς
2551 3142 2702 3208 σῆμα
2731 3135 2914 3212 βροτῷ
2943 3130 3266 3196 δεικνύντες.
3607 3063 3759 3136 lum,

457 3249 660 3306 Sermo
690 3251 780 3304 est
824 3249 896 3304 de
949 3249 1318 3304 daemonibus
1367 3247 1771 3304 materialibus
1804 3265 1818 3305 :
1852 3255 1907 3305 et
1937 3249 2044 3305 hos

2231 3254 2362 3330 Περὶ
2424 3251 2700 3326 δαιμόνων
2763 3249 2967 3307 ἒνύλων
3029 3252 3058 3306 6
3117 3249 3299 3327 λόγος·
3361 3245 3456 3303 καὶ
3510 3246 3676 3311 κύνας
3725 3245 3824 3339 Δμὶν

382 3355 558 3396 canes
606 3337 895 3404 nominat,
929 3338 1071 3409 quia
1120 3337 1455 3394 animarum
1506 3339 1812 3394 carnifices
1858 3343 2042 3395 sunt:

381 3432 690 3485 terrestres
729 3444 884 3497 vero,
939 3427 1079 3498 quia
1127 3441 1157 3482 e
1205 3427 1349 3483 ccslo
1397 3427 1754 3498 ceciderunt,
1810 3432 1867 3482 et
1897 3428 2052 3484 circa

385 3523 604 3574 terram
631 3517 998 3572 volutantur.
1050 3516 1118 3571 Hi
1168 3517 1296 3587 (ait)
1330 3534 1359 3571 a
1393 3515 1603 3571 divinas
1632 3517 1764 3571 vitae
1797 3517 2050 3572 beatitu-

387 3605 526 3662 dine
549 3605 896 3677 longissime
936 3605 1139 3678 positi,
1171 3610 1228 3660 et
1276 3604 1659 3660 intellectuali
1691 3604 2050 3677 contempla-

387 3695 550 3752 tione
580 3694 868 3762 destituti,
906 3693 1106 3749 futura
1142 3695 1490 3766 portendere
1539 3700 1856 3766 nequeunt.
1892 3694 2053 3750 Unde

392 3784 462 3840 ﬁt
487 3790 552 3840 ut
583 3783 785 3839 omnia
815 3799 944 3855 quae
984 3782 1190 3838 dicunt
1235 3787 1339 3838 aut
1369 3786 1721 3854 monstrant,
1753 3784 1902 3840 falsa
1933 3784 2056 3840 sint

393 3879 452 3930 et
483 3873 647 3929 nulla
676 3873 1030 3930 certitudine
1058 3872 1320 3930 suffulta.
1372 3873 1481 3929 Per
1511 3874 1732 3930 formas
1769 3876 1925 3931 enim
1952 3892 2054 3930 en-

392 3963 476 4020 tia
505 3967 885 4036 cognoscunt.
924 3966 991 4018 At
1033 3963 1092 4018 id
1141 3963 1294 4034 quod
1329 3962 1606 4020 facultate
1635 3964 1941 4037 sigillatim
1976 3969 2052 4034 et,

394 4057 462 4109 ut
509 4053 593 4108 ita
649 4053 864 4122 dicam,
925 4051 1370 4107 individualitcr
1419 4053 1617 4108 futura
1665 4055 2057 4126 cognoscendi

395 4143 706 4215 praeditum
737 4148 846 4210 est,
883 4141 1209 4197 individuis
1258 4146 1316 4197 et
1367 4142 1688 4199 formarum
1719 4144 2056 4217 expertibus

388 4231 802 4304 intelligentiis
832 4231 1044 4286 utitur.

395 4330 607 4388 Omnia
635 4331 788 4386 enim
816 4330 1047 4400 perfecit
1078 4333 1271 4392 Pater,
1305 4335 1358 4384 et
1389 4332 1566 4386 menti
1593 4330 1829 4387 tradidit

393 4403 663 4459 Secundae
693 4419 712 4457 :
743 4417 909 4473 quam
957 4403 1205 4473 primam
1251 4407 1407 4459 vocat
1455 4419 1622 4458 omne
1669 4418 1842 4546 qenus
1879 4402 2058 4460 homi-

1708 4492 1865 4530 nam.

468 4571 700 4630 Primus
742 4570 1048 4630 Trinitatis
1093 4575 1263 4629 Pater
1294 4589 1427 4629 cum
1463 4573 1796 4631 universam
1829 4580 2056 4631 creatu-

393 4678 521 4720 ram
553 4663 932 4730 condidisset,
964 4678 1096 4719 eam
1139 4663 1323 4719 menti
1354 4663 1599 4718 tradidit
1630 4678 1643 4718 :
1677 4679 1857 4735 quam
1890 4681 2054 4720 men-

392 4756 514 4809 tem
547 4755 735 4809 totum
769 4769 956 4825 genus
1006 4753 1360 4821 humanum,
1411 4757 1663 4824 paterna
1703 4752 2057 4810 excellentia:

395 4841 692 4914 ignarum,
727 4844 906 4898 Deum
937 4842 1195 4913 primum
1241 4841 1577 4914 appellavit.
1614 4844 1680 4896 At
1720 4847 1922 4898 nostra
1951 4845 2053 4900 do-

394 4933 588 4988 ctrina
616 4933 975 4988 contrarium
1002 4936 1161 4987 tenet
1193 4946 1207 4987 :
1242 4933 1396 5002 quod
1422 4931 1550 5002 ipsa
1572 4931 1759 5003 prima
1781 4935 2058 5005 mens,Fi-

391 5022 532 5088 lius,
570 5022 829 5093 inquam,
849 5022 1047 5094 magni
1073 5020 1284 5086 Patris,
1305 5037 1537 5077 omnem
1569 5027 1898 5077 creaturam
1923 5039 2058 5079 con-

390 5110 606 5166 diderit
636 5115 815 5182 atque
863 5112 1158 5181 operando
1209 5111 1537 5181 perfecerit.
1591 5111 1762 5167 Pater
1807 5112 1963 5168 enim
1997 5114 2055 5169 in

385 5198 656 5254 Mosaicis
687 5198 931 5270 scriptis
977 5199 1124 5255 Filio
1156 5199 1381 5256 indicat
1423 5201 1671 5256 formam
1707 5202 1829 5258 sive
1861 5202 2052 5258 ideam

387 5289 792 5357 productionis
839 5293 1248 5346 creaturarum
1284 5305 1297 5345 :
1327 5290 1512 5346 Filius
1561 5307 1693 5348 vero
1743 5291 2056 5363 ipsiusmet

385 5381 653 5446 cperator
683 5381 740 5434 et
770 5378 1040 5434 conditor
1071 5383 1161 5434 est
1182 5378 1376 5450 operis
1408 5380 1610 5435 creati.

2158 3344 2385 3406 τούτους
2443 3340 2624 3411 καλεῖ,
2679 3342 2753 3404 ὡς
2807 3339 3092 3415 τιμωροὺς
3147 3344 3254 3394 τῶν
3315 3340 3540 3414 ψυχῶνο
3575 3333 3826 3413 χθονίους

2160 3432 2218 3489 δὲ
2249 3435 2383 3507 (i5),
2439 3432 2515 3494 ὡς
2589 3431 2639 3501 ἐξ
2689 3429 2924 3504 ούρανοῦ
2978 3428 3356 3496 πεπτωκότας,
3389 3427 3485 3482 καὶ
3535 3421 3821 3482 κυλινδου-

2165 3523 2360 3598 μένους
2408 3518 2532 3596 περὶ
2564 3521 2664 3589 τήν
2714 3519 2838 3596 γῆν.
2889 3519 3056 3577 Οὗτοι
3108 3521 3263 3594 γοῦν,
3314 3516 3475 3593 φησὶ,
3508 3513 3703 3593 πόῤῥω
3731 3513 3826 3581 τῆς

2163 3613 2306 3680 θείας
2331 3610 2648 3687 τεταγμένοι
2685 3609 2946 3679 (mimici
2979 3613 3079 3678 τῆς
3111 3611 3300 3684 νοερᾶς
3319 3606 3557 3682 θεωρίας
3588 3603 3831 3676 ἀπολιμ-

2160 3702 2484 3774 πανὸμενοι,
2515 3697 2913 3776 προσημαίνειν
2940 3698 3002 3753 τὸ
3039 3696 3244 3771 μέλλον
3280 3695 3342 3752 οὗ
3375 3692 3828 3752 δύνανται.”Οθεν

2161 3797 2264 3847 πᾶν
2298 3791 2326 3845 ’ὀ
2360 3788 2603 3866 λέγουσι,
2635 3785 2825 3862 ψευδές
2855 3786 2966 3844 ἔστι
2996 3786 3087 3843 καὶ
3119 3785 3512 3842 ἀνυπόστατον
3550 3801 3828 3862 μορφωτι-

2161 3885 2272 3942 κῶς
2321 3879 2426 3955 γὰρ
2454 3879 2524 3932 τὰ
2553 3873 2684 3932 ὄντα
2711 3878 3068 3953 γινώσκουσι.
3127 3875 3197 3931 T6
3244 3872 3302 3931 δὶ
3346 3879 3456 3930 τῶν
3514 3871 3826 3948 μελλόντων

2163 3969 2376 4032 ἒνιαίως
2403 3967 2705 4044 γνωστικὸν
2738 3965 3022 4043 ἀμερίστις
3070 3967 3276 4041 χρῆται
3325 3963 3416 4020 καὶ
3476 3960 3828 4040 ἀμορφώτοις

2163 4061 2437 4130 νοήσεσιν.

2168 4333 2348 4408 Πάντα
2373 4330 2475 4408 γὰρ
2503 4327 2783 4408 ἐξετελεσε
2802 4325 3019 4408 Πατὴρἱ
3045 4329 3136 4408 καὶ
3167 4326 3242 4402 νῷ
3271 4321 3561 4408 παρέδωκε

2181 4394 2464 4481 Δευτὲρίρ³
2541 4394 2600 4460 6'v
2674 4407 2893 4481 πρῶτον
2944 4394 3253 4474 ’κληΐζεται
3328 4394 3432 4456 πᾶν
3511 4399 3698 4541 γὲἶὲί
3741 4394 3826 4449 ἀν-

3632 4488 3760 4541 ρων.

3632 4488 3739 4547 ρων
3747 4506 3760 4520 ο

2236 4575 2344 4643 Τὴν
2409 4579 2580 4629 πᾶσαν
2639 4572 2809 4629 κτίσιν
2871 4570 3290 4648 δημιουργήσας
3355 4571 3384 4624 6
3444 4572 3549 4640 τῆς
3600 4561 3828 4642 Τριάθσς

2165 4668 2384 4740 πρῶτος
2435 4663 2647 4739 Πατὴρ.
2707 4659 2992 4739 παρέδωκε
3053 4662 3256 4732 ταύτην
3314 4663 3395 4732 τῷ
3451 4663 3550 4732 νῷ·
3604 4657 3661 4712 ὅν
3711 4669 3827 4708 τινα

2163 4759 2288 4810 νοῦν
2341 4754 2406 4810 τὸ
2455 4753 2666 4828 ξύμπαν
2717 4754 2873 4829 γένος
2920 4757 3028 4810 τῶν
3073 4749 3314 4825 ἀνδρῶν,
3365 4749 3684 4826 ἀγνοοῦντες
3726 4743 3820 4829 Vl”

2163 4844 2430 4918 πατρικὴν
2486 4827 2790 4918 ὑπεροχὴ-ν,
2842 4841 2970 4898 Θεὸν
3023 4845 3240 4916 πρῶτον
3289 4837 3542 4896 καλοῦσι.
3577 4833 3729 4901 Πλὴν
3759 4827 3821 4883 τὸ

2163 4935 2291 5006 παρ’
2338 4935 2476 5005 ἡμῖν
2528 4929 2711 5007 δόγμα
2739 4930 2996 4994 ἐναντίως
3027 4925 3167 5007 ἔχει,
3217 4929 3296 4991 ὡς
3347 4927 3511 4990 αὐτὸς
3551 4927 3582 4981 6
3610 4925 3820 4998 πρῶτος

2163 5026 2312 5093 νοῦς,
2360 5023 2388 5076 6
2425 5021 2548 5082 Υἱὸς
2578 5024 2676 5074 τοῦ
2733 5019 2972 5095 μεγάλου
3024 5019 3252 5090 Πατρὸς,
3282 5019 3381 5088 τὴν
3434 5014 3605 5072 κτίσιν
3654 5015 3820 5066 πᾶσαν

2164 5110 2634 5185 ἐδημιούργησεν.
2695 5110 2756 5166 Ὀ
2809 5110 2906 5182 μὲν
2954 5108 3058 5184 γὰρ
3111 5109 3297 5182 Πατὴρ
3349 5105 3494 5183 λίγει
3552 5101 3697 5177 παρὰ
3741 5097 3807 5168 τῇ

2163 5203 2434 5274 Μωσαϊκῇ
2471 5194 2650 5276 βίϐλῳ
2704 5198 2840 5274 πρὸς
2882 5199 2977 5253 τὸν
3024 5197 3147 5253 Υίὸν
3196 5198 3294 5266 τὴν
3329 5193 3475 5252 ἷδὲαν
3504 5199 3604 5262 τῆς
3659 5204 3822 5276 παρα·

2161 5298 2346 5369 γωγῆς
2377 5274 2486 5346 τῶν
2518 5285 2852 5361 κτισμάτων·
2891 5289 2918 5343 ὁ
2951 5285 3010 5343 δὲ
3037 5288 3162 5351 Υἱὸς
3211 5286 3510 5363 αὐτουργὸς
3539 5285 3635 5338 τοῦ
3666 5274 3826 5342 ποιή-

2171 5401 2338 5456 ματος
2368 5379 2627 5456 γίγνεται.

1634 5495 1940 5552 JOANNIS
1978 5497 2302 5555 OPSOPJEI
2342 5497 2578 5554 NOTAE.

459 5588 583 5668 (14)
624 5589 727 5644 Σὸν
777 5589 1029 5668 ἀγγεῖον.
1098 5591 1256 5668 Hanc
1334 5595 1555 5651 oraculi
1619 5595 2044 5668 expositionem

388 5661 744 5732 verbotenus
777 5661 882 5718 suo
909 5662 966 5718 in
998 5664 1310 5732 Synesium
1346 5661 1770 5724 commentario
1803 5668 2049 5723 inseruit

388 5730 775 5806 Nicephorus,
809 5751 940 5808 pag.
971 5730 1097 5790 817i.

2159 5599 2343 5728 “$15)
2398 5593 2662 5658 Χθονίους
2697 5589 2771 5649 δέ.
2829 5593 2973 5650 Vide
3025 5591 3340 5666 Nicephori
3398 5585 3622 5649 scholia
3676 5592 3808 5654 pag-
