4124 6394
333 416 485 479 HM

395 548 587 606 Ποιναὶ
617 548 873 624 μερόπων
905 549 1224 625 ἄγκτειράι.

403 639 467 694 Οἱ
499 638 596 712 μὶν
645 638 746 715 γάρ
815 638 1099 714 ἀναγωγοὶ
1158 636 1385 715 ἄγγελοι
1445 640 1706 714 ἀνάγουσι
1749 636 1845 701 τὰς
1899 637 2004 710 ψυ-

330 730 436 807 χὰς
468 729 550 808 ἐφ’
583 726 809 792 ἑαυτοὺς
840 728 902 784 ἐκ
943 732 1043 794 τῆς
1093 728 1354 806 γενέσεως
1414 728 1800 808 ἐφελκόμενοι.
1829 726 1898 784 Αἱ
1948 723 2006 780 δὲ

333 817 543 887 ποιναὶ,
577 816 704 888 ἤτοι
760 818 815 874 αἱ
844 817 1222 894 τιμωρητικαὶ
1280 822 1388 874 τῶν
1437 816 1739 891 διδομένων
1793 815 2002 894 φύσεων

333 909 422 964 καὶ
489 908 750 984 βάσκανοι
815 911 924 963 τῶν
990 907 1348 984 ἀνθρωπίνων
1410 911 1629 984 ψυχῶν,
1687 904 2004 978 ἐνδεσμοῦσι

331 997 529 1060 ταύτας
557 1001 677 1059 τοῖς
728 995 941 1060 ὑλικοῖς
995 996 1213 1069 πάθεσι,
1243 997 1334 1053 καὶ
1376 1000 1492 1054 οἷον
1544 997 1881 1072 ἀπάγχουσι,
1916 995 2004 1049 καὶ

337 1083 401 1140 οὗ
449 1083 612 1158 μόνον
662 1083 790 1147 τοὺς
838 1090 945 1140 τῶν
996 1087 1184 1150 παθῶν
1217 1086 1454 1162 πλήρεις
1497 1085 1820 1155 αἰκίζονται,
1861 1081 2007 1139 ἀλλὰ

336 1174 426 1230 καὶ
479 1173 608 1237 τοὺς
666 1174 742 1236 εἷς
790 1174 888 1244 τήν
929 1172 1100 1230 ἄυλον
1149 1175 1333 1231 ούσίαν
1385 1173 1883 1249 ἐπεστραμμένουςο
1914 1171 2005 1226 καὶ

332 1262 437 1338 γὰρ
468 1261 558 1318 καὶ
592 1263 740 1319 οὗτοι
769 1263 847 1325 εἰς
877 1264 977 1333 τὴν
1029 1261 1170 1334 ὕλην
1220 1263 1314 1319 καὶ
1351 1265 1451 1334 τήν
1496 1263 1700 1339 γένεσιν
1755 1259 2005 1326 ἐλθόντες

336 1349 553 1408 δέονται
579 1359 680 1422 τῆς
706 1351 972 1424 τοιαύτης
1019 1354 1354 1429 καθάρσεως.
1387 1351 1647 1417 Πολλοὺς
1704 1352 1808 1427 γὰρ
1864 1351 2004 1426 ὁρῶ-

339 1461 436 1515 μεν
492 1441 583 1498 καὶ
635 1445 747 1497 τῶν
801 1440 971 1506 ὁσίως
1043 1443 1132 1498 καὶ
1210 1446 1463 1517 καθαρῶς
1533 1437 2002 1512 πολιτευομένων,

334 1529 779 1606 ἀπροσδοκήτοις
809 1535 1123 1610 συμφοραῖς
1149 1531 1602 1609 περιπίπτοντας.

555 1705 823 1785 Σύμϐολα
849 1709 1114 1786 πατρικὸς
1144 1707 1268 1773 νοῦς
1296 1703 1513 1786 ἔσπειρε
1543 1712 1774 1784 ψυχαῖς.

410 1801 616 1875 Ὥσπερ
647 1799 765 1872 (16)
821 1800 856 1868 ἡ
909 1799 1184 1868 Μωσαϊκή
1239 1793 1434 1874 βίϐλος
1486 1799 1604 1854 κατ’
1635 1797 1816 1854 εἰκόνα
1871 1799 2005 1851 Θεοῦ

341 1885 572 1944 πλάττει
629 1889 722 1943 τὸν
794 1888 1105 1963 ἄνθρωπον,
1155 1883 1300 1942 οὕτω
1347 1888 1437 1942 καὶ
1502 1888 1530 1942 ὀ
1587 1884 1863 1950 Χαλδαῖος
1911 1885 2002 1939 τὸν
2037 1927 2084 1992 Β

526 1978 541 1992 ι
697 1977 711 1992 ο
876 1977 887 1992 Ι
1086 1979 1114 1991 ~
1197 1977 1208 1992 1
1511 1975 1524 1992 \
1606 1975 1618 1992 Ι
1677 1971 1706 1992 ο
1746 1975 1765 1992 \
1849 1973 1862 1992 9

341 1978 582 2048 ποιητὴν
625 1977 714 2032 καὶ
758 1977 966 2052 πατᾶρα
1019 1979 1117 2031 τοῦ
1147 1977 1358 2050 κόσμου
1394 1975 1527 2051 φησὶ
1560 1971 1815 2049 σύμϐολα
1845 1973 2006 2050 ἔγκα-

341 2071 630 2142 τασπεῖραι
686 2069 807 2129 ταῖς
863 2069 1072 2140 ψυχαῖς
1128 2072 1232 2136 τῆς
1288 2066 1480 2122 ἑαυτοῦ
1539 2063 1840 2137 ἰδιότητος.
1899 2066 2003 2121 Καὶ

336 2155 440 2235 γὰρ
489 2157 596 2212 ἀπὸ
651 2161 760 2212 τῶν
832 2160 1113 2230 πατρικῶν
1175 2157 1501 2229 σπερμάτων
1562 2153 1670 2229 οὐχ
1717 2155 1772 2209 αἱ
1830 2153 2003 2229 ψυχαὶ

346 2245 701 2322 μόναι,ἀλΛά
737 2245 830 2302 καὶ
879 2246 933 2300 αἱ
969 2245 1350 2322 ὑπερκείμεναι
1396 2250 1564 2301 πᾶσαι
1611 2245 1784 2316 τάξεις
1839 2237 2004 2298 ἐϐλά-

342 2357 563 2409 στησαν.
599 2335 698 2392 Καὶ
731 2333 878 2392 ἄλλα
912 2337 1008 2408 μὶν
1048 2336 1116 2390 τά
1174 2333 1227 2390 ἐν
1285 2335 1475 2397 αὐταῖς
1521 2339 1638 2397 ταῖς
1686 2334 2000 2406 ἀσωμάτοις

341 2425 592 2502 ὗπάρξεσι
640 2426 984 2498 συνθήματα,
1041 2422 1349 2497 ἀσωμάτους
1398 2419 1525 2478 ὄντα
1580 2422 1670 2478 καὶ
1723 2419 1994 2482 ἐνοειῗιῗπςο

339 2512 487 2572 ἄλλα
514 2513 572 2571 δὲ
603 2513 656 2570 ἐν
689 2519 808 2577 τοῖς
841 2515 1072 2588 κόσμοις
1110 2514 1428 2585 συνθήματα
1474 2511 1564 2567 καὶ
1618 2506 1873 2584 σύμϐολά
1925 2511 1998 2566 εἰ·

337 2623 444 2674 σιν,
475 2605 530 2659 αἱ
588 2602 820 2680 ἄρρητοι
871 2607 971 2659 τοῦ
1029 2605 1164 2659 Θεοῦ
1212 2598 1508 2673 ῗδιὸτητες,
1535 2603 1592 2657 αἱ
1619 2601 1708 2656 καὶ
1738 2605 1844 2655 τῶν
1878 2600 1997 2674 ἀρε-

337 2699 446 2750 τῶν
477 2693 884 2770 ύπερκεέμεναι.
961 2688 966 2692 ”

545 2784 648 2860 Bt“
677 2788 842 2858 σῶμα
870 2781 1144 2840 λιπόντων
1177 2783 1352 2858 ψυχαὶ
1391 2783 1792 2857 καθαρώταται.

411 2871 485 2932 Εἴ
527 2893 612 2938 τις
670 2873 1033 2949 εὐγνωμόνως
1065 2871 1260 2928 ἀκούοι
1312 2877 1410 2928 τοῦ
1470 2871 1660 2948 ῥητοῦ,
1694 2870 1793 2926 οὐκ
1849 2868 1996 2925 ἐναν-

339 2963 590 3019 τιώσεται
620 2966 738 3026 τοῖς
768 2959 1064 3038 ἡμετόροις
1096 2959 1354 3037 δόγμασι.
1389 2961 1494 3019 Καὶ
1537 2961 1640 3036 γὰρ
1694 2961 1746 3015 οἱ
1805 2980 1996 3037 στεφα-

342 3057 484 3108 νῖται
541 3053 805 3130 μάρτυρες
866 3050 1066 3128 βιαίοις
1142 3050 1303 3107 αἶ’ῶσι
1357 3051 1421 3106 τὸ
1475 3053 1634 3123 σῶμα
1719 3048 1996 3118 λιπόντες,

341 3143 574 3218 καθαρὰς
629 3141 724 3205 τὰς
777 3142 980 3197 ἑαυτῶν
1056 3140 1236 3216 ψυχὰς
1292 3137 1658 3196 τετελέκασιν.
1719 3135 1874 3195 Ἀλλ’
1935 3135 1996 3192 ού

337 3230 499 3286 τοῦτό
527 3249 692 3310 φησιν
721 3232 754 3287 ὁ
789 3227 1092 3301 Χαλδαῖος,
1124 3227 1272 3286 ἀλλὰ
1315 3227 1489 3284 πάντα
1545 3227 1718 3304 βίαιον
1772 3228 1998 3281 θάνατον

1200 416 1617 480 EXPOSITIO
1662 412 2211 478 ORACULORUM
2255 411 2906 476 CHALDAICORUM.

2035 546 2091 613 Α

3615 424 3779 504 ωε,

2263 551 2456 602 Pugnae
2484 548 2709 603 vincula
2737 555 2870 604 sunt
2894 550 3140 608 homines
3161 554 3626 626 constringentia.

2183 635 2331 692 Nam
2364 637 2741 693 subvectores
2773 641 2963 711 angeli
2996 643 3228 700 animas
3258 663 3292 699 ιι
3323 648 3516 716 prima
3538 647 3628 702 sui
3663 649 3772 704 ori-

2116 725 2249 799 gine
2280 730 2560 782 attractas
2592 728 2664 782 ad
2699 745 2761 783 se
2792 729 3087 788 evehunt:
3120 739 3324 789 contra
3356 752 3536 807 poenis
3598 737 3767 793 ultri-

2117 831 2212 872 ces
2270 815 2549 872 nimirum
2595 821 2939 874 naturarum
2990 821 3160 876 nobis
3211 839 3648 896 concessurum,
3709 831 3766 882 et

2117 909 2410 961 tormenta
2465 905 2858 962 humanarum
2916 908 3272 979 animarum,
3363 914 3767 972 materialibus

2115 993 2248 1050 illas
2269 994 2574 1050 aﬁ‘ectibus
2605 995 2882 1052 irretiunt
2913 1002 2970 1052 et
3001 1001 3172 1068 quasi
3216 1003 3615 1073 strangulant.
3650 1005 3766 1061 Nec

2116 1084 2308 1140 solum
2336 1085 2395 1139 in
2427 1084 2535 1140 hos
2565 1085 2808 1141 saeviunt
2841 1088 2940 1158 qui
2975 1089 3292 1144 affectuum
3323 1092 3516 1147 turbis
3542 1093 3772 1150 obsessi

2116 1174 2387 1242 sunt,sed
2419 1178 2475 1229 et
2498 1175 2554 1228 in
2587 1173 2719 1231 illos
2751 1177 2851 1246 qui
2873 1178 2944 1232 ad
2969 1178 3330 1234 abstractam
3365 1180 3438 1235 ab
3469 1182 3630 1237 omni
3653 1200 3775 1240 ma-

2114 1263 2264 1320 teria
2291 1264 2610 1320 essentiam
2634 1265 2900 1322 conversi
2924 1270 3246 1336 suntzquod
3281 1269 3341 1324 hi
3372 1286 3609 1342 quoque
3635 1289 3772 1344 quo-

2114 1353 2273 1408 niam
2307 1353 2595 1425 progeniti
2629 1359 2788 1422 sunt,
2822 1358 2878 1410 et
2910 1355 3166 1412 materiai
3189 1357 3768 1430 copulati,ejusmodi

2111 1441 2459 1498 lustratione
2488 1441 3038 1514 indigeant.Multos
3068 1446 3227 1501 enim
3261 1447 3438 1504 etiam
3470 1463 3539 1504 ex
3565 1448 3640 1504 iis
3665 1451 3768 1522 qui

2113 1535 2376 1587 sanctam
2406 1534 2465 1587 et
2492 1530 2782 1587 illibatam
2833 1531 3015 1590 vitam
3043 1535 3577 1608 egerunt,inopinis
3610 1539 3768 1596 cala-

2113 1619 2422 1677 mitatibus
2450 1619 2882 1678 circumventos
2909 1622 3095 1679 fuisse
3127 1625 3322 1680 videre
3351 1625 3510 1682 licet.

2339 1709 2507 1782 Signa
2537 1711 2739 1766 insevit
2765 1712 3062 1768 animabus
3089 1729 3244 1769 mens
3271 1718 3547 1783 paterna..

2187 1799 2698 1863 Quemadmodum
2733 1799 2882 1856 liber
2910 1801 3123 1874 Moysis
3152 1802 3454 1860 hominem
3502 1805 3575 1860 ad
3614 1805 3763 1862 ima-

2115 1888 2310 1960 ginem
2343 1887 2442 1943 Dei
2493 1889 2808 1945 formatum
2849 1891 3030 1946 fuisse
3074 1892 3236 1961 dicit,
3270 1893 3350 1948 ita
3388 1894 3563 1950 etiam
3593 1895 3766 1951 Chal-

2115 1979 2278 2034 dmus
2305 1978 2389 2034 ait
2413 1978 2780 2035 conditorem
2813 1983 2872 2035 et
2904 1981 3112 2036 mundi
3145 1987 3447 2053 parentem
3482 1985 3654 2056 signa
3700 2001 3767 2040 ac

2116 2072 2284 2124 notas
2313 2084 2434 2124 suis
2467 2067 2659 2140 ipsius
2687 2069 3063 2140 proprietatis
3087 2071 3404 2128 animabus
3455 2074 3764 2131 insevisse.

2112 2156 2344 2213 Etenim
2377 2173 2494 2212 non
2527 2158 2736 2212 animai
2761 2163 2990 2212 tantum
3026 2175 3056 2213 e
3106 2164 3350 2231 paterno
3383 2163 3607 2218 semine
3637 2180 3767 2234 pro-

2113 2246 2299 2302 ductae
2330 2251 2492 2316 sunt,
2551 2247 2655 2302 sed
2702 2263 2908 2304 omnes
2936 2248 3113 2304 etiam
3138 2249 3376 2306 ordines
3435 2252 3764 2323 superiores

2113 2352 2282 2391 suam
2316 2337 2605 2408 originem
2638 2336 2774 2392 inde
2795 2337 3150 2394 habuerunt.
3177 2340 3284 2394 Sed
3319 2340 3376 2394 in
3412 2343 3762 2398 substantiis

2111 2423 2472 2496 incorporeis
2505 2424 2618 2480 alia
2649 2430 2790 2482 sunt
2821 2427 3011 2499 signa,
3061 2427 3404 2500 incorporea
3435 2447 3647 2502 nempe
3705 2437 3762 2488 et

2110 2513 2448 2581 individua;
2483 2514 2600 2570 alia
2629 2514 2770 2570 item
2793 2515 2854 2570 in
2887 2516 3124 2571 mundis
3149 2516 3320 2589 signa
3342 2523 3483 2574 sunt
3513 2523 3570 2574 et
3601 2537 3755 2592 sym-

2110 2601 2244 2658 bola
2274 2602 2761 2658 inenarrabilium
2793 2603 2893 2659 Dei
2927 2604 3376 2676 proprietatum,
3403 2608 3548 2680 ipsis
3579 2610 3752 2664 etiam

2110 2691 2430 2748 virtutibus
2460 2691 2632 2762 longe
2654 2692 3150 2750 excellentiorum.

2186 2782 2246 2838 Vi
2268 2797 2465 2852 corpus
2493 2782 2926 2852 relinquentium
2945 2785 3158 2841 animae
3184 2787 3312 2840 sunt
3341 2789 3678 2857 purissimae.

2183 2870 2288 2934 Qui
2329 2869 2552 2926 dictum
2613 2871 2771 2926 istud
2826 2887 2994 2943 aequa
3054 2878 3248 2928 mente
3322 2878 3768 2943 auscultaverit,

2108 2959 2370 3032 reperiet
2400 2959 2456 3014 id
2490 2967 2702 3016 nostras
2732 2961 3006 3017 doctrinae
3037 2978 3154 3018 non
3187 2965 3502 3021 adversari.
3540 2969 3769 3025 Etenim

2122 3049 2383 3104 coronati
2443 3053 2730 3120 martyres
2789 3050 2890 3120 qui
2938 3051 3280 3109 afﬂictionis
3331 3059 3594 3127 tempore
3640 3073 3776 3113 cum

2123 3138 2386 3194 cruciatu
2419 3155 2630 3209 corpus
2662 3138 3044 3211 reliquerunt,
3071 3157 3212 3197 suas
3234 3143 3502 3213 ipsorum
3552 3147 3783 3203 animas

2125 3227 2462 3283 lustrarunt
2493 3232 2551 3283 et
2580 3244 2761 3300 puras
2791 3229 3201 3286 reddiderunt.
3230 3233 3302 3286 At
3358 3231 3468 3288 hoc
3498 3250 3615 3289 non
3664 3237 3788 3293 vult

336 3291 776 3392 ἐπαινεῖ·’διότι,
813 3291 1091 3398 φησὶν,
1137 3320 1288 3395 ψυχὴ
1347 3291 1620 3379 ἐπιπόνως
1665 3315 1903 3371 λιποῦσα
1955 3315 2018 3370 τὸ

2130 3317 2459 3383 Chaldaeus,
2495 3291 2596 3373 sed
2628 3317 2829 3374 laudat
2860 3335 3093 3374 omnem
3143 3326 3391 3376 mortem
3444 3291 3782 3390 violentam,

341 3415 522 3486 σῶμα,
558 3409 904 3488 βδελύττεται
944 3412 1046 3479 τήν
1075 3409 1303 3474 ἐνταῦθα
1331 3405 1524 3479 ζωὴν,
1557 3407 1646 3462 καὶ
1697 3413 1844 3481 μισεῖ
1907 3407 2008 3476 τὴν

341 3503 478 3579 πρὸς
537 3506 700 3557 τοῦτο
755 3501 1112 3578 ἐπιστροφὴν,
1148 3500 1242 3555 καὶ
1295 3497 1566 3575 χαίρουσα
1614 3498 1753 3571 πρὸς
1799 3497 1866 3551 τὰ
1904 3493 2016 3551 ἅνω

333 3596 532 3668 χωρεῖ.
568 3592 638 3647 Αἱ
672 3588 730 3646 δὲ
761 3589 813 3646 ἐν
845 3589 1028 3652 νόσοις
1072 3589 1188 3644 κατ’
1215 3586 1432 3644 ἔκλυσιν
1469 3591 1566 3642 τοῦ
1627 3589 1858 3656 ζωτικοῦ
1907 3586 2014 3640 σώ-

349 3700 517 3754 ματος
545 3677 913 3735 ἀπολιποῦσαι
953 3677 1046 3733 τὸν
1103 3677 1245 3754 βίον,
1277 3675 1340 3732 ού
1400 3675 1551 3750 μάλα
1607 3696 1660 3731 τι
1722 3671 2012 3750 δυσχεραί-

342 3790 497 3826 νουσι
524 3770 625 3840 τὴν
656 3769 792 3846 πρὸς
821 3771 987 3824 τοῦτο
1031 3765 1208 3822 νεῦσίν
1233 3787 1292 3821 τε
1321 3765 1414 3821 καὶ
1447 3765 1645 3841 ῥοπήν.

343 3964 476 4042 fon
495 3965 650 4042 ψυχὴ
683 3966 789 4038 πῦρ
820 3964 957 4042 ρδσα
987 3962 1208 4042 φαεινὸν.
1237 3958 1462 4042 δινάμιι
1495 3959 1730 4042 ne???“

347 4031 649 4110 Ἀθάνάτός
670 4057 730 4110 τε
748 4031 942 4110 φ’μένει,
973 4031 1066 4110 καὶ
1099 4039 1246 4104 ζωῆς
1272 4031 1524 4110 δεσπότις
1552 4031 1666 4088 ἐστὶ

348 4110 452 4169 Καὶ
481 4109 600 4188 ἔχει
631 4104 822 4168 πολλὰ
847 4104 1204 4185 πληρώματα
1231 4104 1479 4162 κόλπων.

425 4217 489 4277 Ἣ
519 4219 674 4294 ψυχὴ
706 4214 874 4272 ἄυλον
909 4214 1043 4271 οῦσα
1097 4215 1189 4270 καὶ
1241 4210 1530 4286 ἀσώματον
1580 4214 1710 4287 πῦρ,
1744 4207 2008 4274 συνθέτων

351 4305 497 4364 ὅλων
556 4307 646 4363 καὶ
687 4311 786 4363 τοῦ
840 4305 1035 4362 ὑλικοῦ
1078 4305 1335 4377 σώμσπος
1366 4301 1722 4376 ἐξῃρημένον,
1748 4299 2010 4362 ἀθάνατός

351 4395 516 4452 ἰστιν.
562 4397 638 4452 Οὐ
689 4395 788 4470 γὰρ
857 4391 1320 4470 ἐγκαταμέμικται
1379 4389 1517 4461 άύτῇ
1574 4387 1762 4444 ὑλικόν
1819 4409 1873 4442 τι
1919 4388 2010 4443 καὶ

351 4483 650 4549 σκοτῶδες·
678 4481 805 4541 οὐδὲ
860 4481 1111 4544 σύνθετός
1157 4480 1322 4550 ἐστιν,
1373 4477 1466 4534 ἵνα
1525 4476 1756 4552 διαλυθῇ
1817 4477 1892 4540 εἰς
1944 4477 2010 4531 τὰ

351 4574 405 4648 ἐξ
461 4576 535 4631 ὧν
596 4575 872 4645 συνετέθη.
905 4573 1058 4630 Ἔστι
1117 4567 1175 4626 δὲ
1229 4570 1320 4625 καὶ
1375 4567 1629 4630 δεσπότις
1689 4572 1860 4638 ζωῆς,
1889 4571 2008 4628 τοῖς

2129 3423 2195 3464 eo
2216 3409 2371 3479 quod
2428 3407 2628 3463 anima
2685 3425 2809 3478 qua:
2863 3425 3077 3480 corpus
3109 3426 3245 3465 cum
3287 3411 3486 3468 dolore
3541 3413 3780 3481 deserit,

2126 3497 2280 3553 hanc
2309 3496 2489 3552 vitam
2530 3496 2908 3553 abominetur
2955 3503 3011 3552 et
3083 3500 3587 3558 conversationem
3641 3519 3777 3558 cum

2126 3603 2366 3658 corpore
2396 3587 2752 3653 odit,conlra
2774 3604 2906 3642 cum
2940 3588 3156 3660 gaudio
3179 3590 3250 3644 ad
3285 3591 3592 3662 superiora
3624 3608 3781 3648 revo-

2123 3675 2224 3732 lat.
2261 3680 2334 3731 At
2362 3693 2487 3746 quae
2521 3675 2579 3730 in
2615 3677 2837 3732 morbis
2869 3678 3077 3732 animae
3100 3695 3339 3750 corpore
3361 3679 3470 3736 hoc
3493 3681 3776 3737 naturali-

2124 3769 2213 3820 ter
2243 3764 2534 3820 dissoluto
2562 3765 2742 3820 vitam
2763 3765 3251 3837 relinquunt,non
3274 3769 3595 3825 admodum
3626 3787 3778 3843 isng

2121 3854 2318 3910 ferunt
2347 3858 2560 3909 nutum
2593 3858 2652 3909 et
2682 3856 3139 3926 propensionem
3174 3857 3264 3911 sui
3299 3874 3434 3928 erga
3466 3875 3703 3930 corpus.

2229 3960 2372 4036 Quia
2399 3962 2593 4036 anigna
2619 3962 2769 4027 ignis
2801 3966 2880 4016 est
2913 3962 3130 4016 lucidus
3158 3964 3405 4036 potentia
3434 3968 3632 4036 patris,

2227 4031 2682 4105 Immortalisque
2702 4041 2907 4094 manet.
2938 4039 2988 4088 et
3018 4031 3399 4090 vitae-domina
3429 4031 3524 4105 est,

2227 4107 2294 4160 Et
2322 4103 2482 4159 habet
2511 4105 2694 4159 multa
2724 4105 3129 4177 complementa
3153 4108 3398 4163 sinuum.

2190 4211 2400 4266 Anima
2421 4226 2554 4266 cum
2579 4210 2659 4265 sit
2681 4211 2833 4282 ignis
2862 4212 3117 4267 materiae
3145 4213 3525 4286 corporisque
3547 4231 3775 4288 expers,

2118 4307 2175 4356 et
2204 4301 2276 4356 ab
2311 4299 2582 4355 universo
2614 4300 3074 4371 compositorum
3129 4317 3342 4373 genere
3371 4307 3430 4358 et
3484 4305 3774 4361 materiali

2116 4405 2358 4462 corpore
2387 4393 2677 4460 exempta,
2711 4387 3062 4444 immortalis
3093 4390 3367 4446 est.Nibil
3397 4393 3554 4448 enim
3589 4398 3772 4450 mate-

2119 4480 2216 4535 riae
2248 4482 2350 4534 aut
2371 4477 2644 4549 caliginis
2677 4478 2970 4550 particeps
2993 4478 3078 4533 illi
3112 4479 3444 4537 immistum
3472 4483 3771 4540 estzmulto

2119 4569 2318 4624 minus
2341 4568 2664 4638 composita
2695 4571 2803 4636 est,
2839 4573 2904 4622 ut
2929 4567 2984 4622 in
3019 4585 3088 4624 ea
3117 4585 3183 4624 ex
3207 4569 3423 4640 quibus
3454 4573 3772 4630 constituta

349 4669 562 4742 νεκροῖς
613 4666 757 4735 ζωὴν
818 4659 1233 4736 ἐπιλάμπουσα.
1291 4657 1453 4734 Ἔχει
1519 4656 1578 4713 δὲ
1631 4657 1722 4712 καὶ
1777 4654 2007 4712 πολλῶν

2126 4658 2244 4728 iuit,
2276 4656 2490 4712 resolvi
2549 4657 2758 4728 possit.
2819 4658 2917 4712 Est
2974 4662 3258 4728 praeterea
3315 4660 3447 4715 vitae
3507 4663 3769 4731 domina,

351 4753 706 4832 πληρώματα
759 4751 986 4809 κόλπων
1021 4770 1035 4784 ·
1068 4749 1343 4806 τουτὲστιν
1399 4746 1519 4822 ἔχει
1576 4744 1829 4819 δυνάμεις
1888 4746 2014 4800 ὑπο-

351 4843 600 4906 δεκτικάς
649 4849 751 4913 τῆς
797 4839 937 4913 ὅλης
975 4839 1416 4914 διακοσμήσεως·
1451 4835 1674 4892 δύναται
1719 4837 1821 4911 γὰρ
1878 4835 2014 4890 κατά

347 4938 446 5000 τὰς
475 4934 767 5015 διαφόρους
796 4932 988 5010 ἀρετὰς
1018 4931 1096 4997 εἰς
1123 4929 1221 4993 τὰς
1250 4929 1545 5008 διαφόρους
1606 4928 1775 4997 ζώνας
1822 4926 2012 5004 ἐγκατο

351 5031 526 5082 οικεῖν
545 5027 645 5080 τοῦ
676 5024 932 5100 ούρανοῦ.

496 5204 684 5278 Πατὴρ
719 5195 782 5256 ού
813 5193 980 5278 φόϐον
1014 5197 1328 5274 ἑνθρώσκει,
1361 5197 1535 5252 πειθὼ
1568 5192 1614 5250 δ’
1641 5192 1872 5270 ἐπιχὲει.

423 5290 728 5359 Τουτέστιν,
782 5287 865 5345 ὅτι
921 5287 984 5343 τὸ
1045 5291 1188 5351 θεῖον
1244 5284 1346 5340 οὐκ
1405 5282 1518 5340 ἔστι
1565 5284 1867 5362 φριμάσσον
1927 5281 2018 5336 καὶ

354 5381 803 5460 ἀγανακτητικὸν,
839 5375 986 5434 ἀλλὰ
1038 5373 1212 5450 γλυκὺ
1257 5373 1346 5429 καὶ
1397 5370 1898 5460 γαληνιαῖονίδθεν
1957 5369 2018 5424 ού

355 5458 527 5550 φόϐον
576 5471 798 5544 ἐμποιεῖ
844 5471 964 5528 ταῖς
1015 5461 1402 5536 ὑποκειμέναις
1445 5461 1687 5536 φύσεσιν,
1717 5458 2018 5550 ἀλλάᾐπε-ι-

2123 4751 2388 4804 mortuos
2420 4746 2548 4802 vitae
2581 4746 2758 4801 radiis
2799 4746 3126 4802 illustrans.
3162 4748 3347 4803 Habet
3376 4751 3553 4806 etiam
3587 4752 3770 4824 pluri-

2123 4851 2352 4891 morum
2385 4834 2624 4891 sinuum
2655 4834 3104 4905 complementa,
3129 4834 3187 4890 id
3211 4842 3300 4891 est
3319 4837 3544 4894 obtinet
3577 4847 3776 4912 poten-

2123 4926 2238 4981 tias
2270 4925 2662 4996 susceptrices
2695 4925 2875 4980 totius
2925 4924 3476 4997 administrationis,
3501 4929 3638 5000 quia
3670 4949 3774 5002 pro

2123 5014 2409 5069 virtutum
2442 5013 2779 5069 diversitate
2801 5014 3062 5069 diversas
3097 5030 3274 5070 zonas
3328 5015 3451 5073 sive
3500 5019 3630 5074 coeli
3681 5038 3774 5077 re-

2125 5103 2328 5176 giones
2353 5102 2436 5158 illi
2471 5102 2802 5158 inhabitare
2833 5101 2986 5157 licet.

2199 5193 2338 5247 Deus
2365 5207 2475 5247 non
2498 5191 2681 5263 injicit
2711 5195 2940 5258 metum,
2970 5197 3070 5246 sed
3099 5193 3420 5265 obsequium
3438 5193 3704 5266 infundit.

2201 5281 2260 5335 Id
2284 5284 2391 5347 est,
2427 5279 2624 5335 divina
2649 5284 2863 5336 natura
2894 5297 3010 5336 non
3036 5280 3252 5349 tremit,
3290 5301 3477 5357 neque
3507 5285 3782 5360 indigna-

2127 5369 2331 5425 bunda
2362 5374 2475 5437 est,
2508 5372 2605 5425 sed
2641 5371 2843 5425 suavis
2875 5375 2931 5425 et
2962 5371 3304 5442 tranquilla.
3341 5375 3474 5431 [dco
3507 5392 3622 5432 non
3667 5378 3779 5436 im-

2129 5459 2309 5515 mittit
2333 5463 2553 5514 metum
2589 5459 2874 5530 subjectis
2909 5460 3268 5527 naturis,sed
3301 5463 3544 5519 suadela
3564 5470 3622 5521 et
3643 5483 3777 5538 gra—

355 5542 447 5616 ὁοῖ
491 5560 582 5616 καὶ
609 5542 820 5636 -χάριτι
869 5557 1043 5612 πάντα
1089 5550 1394 5632 ἐφέλκεται.
1428 5550 1492 5606 Εἰ
1539 5551 1639 5626 γὰρ
1687 5549 1754 5618 ἦν
1787 5542 2020 5626 φοϐερὸν

2128 5548 2212 5604 tia
2229 5549 2429 5604 omnia
2459 5549 2528 5604 ad
2563 5565 2625 5604 se
2655 5548 2855 5604 trahit.
2881 5549 2938 5603 Si
2973 5549 3128 5604 enim
3192 5551 3581 5610 formidabilis
3621 5562 3778 5613 esset

1593 5667 1896 5723 JOANNIS
1935 5665 2254 5722 OPSOPAEI
2295 5665 2528 5720 ΝΟΤιΈ.

430 5769 546 5843 (16)
575 5768 779 5841 Ὠσπερ
810 5769 920 5824 etc.
952 5768 1020 5822 Et
1049 5761 1172 5820 hinc
1202 5774 1438 5835 quoque
1468 5758 1829 5830 transcripta
1858 5761 2000 5814 sunt
2031 5773 2066 5814 a
2091 5755 2417 5828 Nicephoro
2441 5771 2574 5828 pag.
2611 5756 2714 5811 126
2743 5755 2884 5811 dicti
2914 5755 3341 5812 commentarii.
