4124 6408
365 436 525 496 1143

1702 433 2125 494 MlCllAELIS
2172 433 2262 493 PS
2275 433 2444 493 ELLI

3653 433 3813 493 11M

368 573 426 625 et
455 569 880 636 minax,omnis
903 586 1097 626 rerum
1121 570 1264 626 ordo
1287 570 1515 626 dudum
1541 567 1753 625 fuisset
1775 567 2028 624 dissolu-

2153 561 2229 618 ιαὶ
2283 561 2669 635 ἀπειλητικὸν,
2697 561 2922 634 διελύθη
2982 561 3041 618 ἂν
3090 564 3126 632 ἡ
3185 567 3328 618 πᾶσα
3383 561 3536 632 τάξις
3586 565 3698 618 τῶν
3733 557 3818 618 ὅν-

367 664 487 725 tus,
519 675 655 714 cum
691 658 839 714 nihil
872 660 951 715 sit
981 659 1133 731 quod
1178 661 1307 729 eius
1362 658 1683 731 potentiam
1733 657 2028 715 sustinere

366 749 676 822 potuisset.
713 750 1032 821 Atqueista
1064 748 1353 805 sententia
1387 749 1820 820 quadamtenus
1853 765 1886 802 a
1929 763 2027 801 no-

367 838 510 894 stris
531 855 666 894 vera
725 844 1024 895 censetur.
1077 839 1235 894 Deus
1293 837 1448 894 enim
1492 836 1592 892 lux
1654 841 1745 892 est
1783 840 1841 891 et
1872 835 2027 908 ignis

365 943 724 983 consumens
756 928 964 983 malos.
1004 928 1173 982 Minae
1198 931 1397 983 autem
1441 927 1541 981 Dei
1569 931 1623 980 et
1657 929 1844 981 terror
1889 927 2030 980 sunt

365 1017 728 1073 intermissio
768 1017 978 1072 divinae
1039 1033 1179 1090 erga
1223 1035 1330 1072 nos
1361 1015 1746 1088 benignitatis
1794 1018 2031 1087 propter

365 1121 598 1177 pravam
627 1121 816 1161 rerum
840 1107 909 1160 ad
925 1105 1444 1162 ministrationem.

368 1205 540 1259 Pater
568 1207 812 1275 seipsum
841 1205 1052 1276 rapuit.

369 1276 445 1331 Ne
473 1272 692 1346 quidem
724 1293 783 1331 ιη
834 1272 1161 1331 ὑιὶειιθειίἰί
1213 1290 1315 1329 sua
1340 1274 1592 1347 potentia
1626 1274 1756 1416 igne
1777 1272 2030 1398 ‘proprio

1680 1361 1771 1399 mc
1804 1359 1919 1398 uso.

444 1446 677 1502 Oraculi
703 1446 796 1501 hic
825 1461 1037 1502 sensus
1069 1450 1178 1502 est:
1203 1461 1519 1517 supremus
1551 1445 1816 1500 omnium
1851 1443 2028 1509 Deus,

373 1534 474 1606 qui
507 1539 565 1589 et
587 1535 754 1590 Pater
785 1535 980 1590 dictus
1012 1540 1245 1596 est,non
1279 1534 1470 1590 solum
1495 1533 1704 1604 primis
1732 1537 1788 1588 et
1819 1547 2030 1588 secun-

373 1623 466 1679 dis
499 1623 727 1679 naturis
757 1624 1095 1695 nostrisque
1113 1623 1558 1691 animabus,sed
1583 1622 1757 1676 etiam
1783 1621 2031 1692 propriaa

374 1728 497 1767 suae
526 1714 798 1784 potentiae
823 1713 1081 1784 seipsum
1109 1715 1244 1767 fecit
1274 1710 1936 1782 incomprehensibilem
1977 1715 2034 1764 et

377 1800 932 1872 imperceptibilem.
972 1801 1239 1856 Potentia
1259 1807 1452 1856 autem
1468 1801 1660 1855 Patris
1698 1804 1790 1855 est
1824 1799 2029 1854 Filius.

378 1889 547 1945 Pater
575 1891 756 1957 enim,
790 1890 1007 1961 inquit,
1041 1906 1104 1945 se
1127 1889 1428 1961 subripuit
1459 1890 1533 1945 ab
1588 1888 1750 1944 omni
1799 1892 2028 1944 natura.

376 1978 488 2034 Sed
546 1979 706 2034 istud
758 1980 974 2051 dogma
1056 1979 1409 2034 Christiana;
1481 1979 1614 2034 fidei
1705 1991 2032 2049 congruum

383 2082 501 2123 non
535 2071 660 2122 est:
689 2083 814 2136 quae
845 2068 1014 2124 docet
1043 2068 1101 2122 in
1125 2067 1266 2124 Filio
1298 2068 1526 2123 Patrem
1579 2072 1775 2123 exacte
1825 2082 2034 2137 repre-

386 2161 682 2212 sentatum
740 2157 1015 2228 cognosci
1076 2174 1264 2228 posse,
1327 2157 1567 2229 perinde
1618 2173 1685 2213 ac
1713 2156 1923 2212 Filium
1971 2155 2034 2210 in

385 2245 555 2300 Patre
585 2263 598 2300 :
633 2251 810 2317 atque
840 2247 985 2301 adeo
1018 2247 1208 2302 Patris
1240 2249 1558 2302 terminum
1581 2263 1711 2303 esse
1737 2245 1948 2300 Filium
1979 2247 2038 2298 et

383 2334 648 2389 divinum
681 2351 1010 2390 sermonem
1044 2340 1266 2390 naturae
1291 2336 1446 2391 vires
1469 2339 1870 2407 superantem.

380 2433 482 2488 Eu
534 2433 885 2504 intelligibile
941 2433 1238 2505 quoddam,
1287 2434 1432 2506 quod
1458 2436 1662 2488 mentis
1716 2433 1851 2500 ﬂore
1897 2448 1932 2486 a
1987 2438 2038 2486 ω

1359 2505 1792 2577 [percipiendum
1822 2508 1926 2559 est.

451 2601 704 2656 Cuilibet
722 2602 802 2657 rei
826 2606 1020 2657 mente
1039 2601 1557 2672 comprehensibili
1580 2601 1909 2671 oppositam
1935 2615 2036 2669 po-

377 2690 626 2744 tentiam
658 2691 856 2745 anima
887 2690 1086 2757 habet,
1123 2697 1186 2746 ut
1217 2690 1601 2745 sensibilibus
1651 2705 1913 2754 sensum,
1947 2703 2038 2742 co-

378 2776 726 2847 gitabilibus
759 2779 1204 2846 cogitationem,
1238 2777 1717 2846 intelligibilibus
1750 2783 2031 2833 mentem.

378 2864 532 2921 Dicit
563 2865 761 2936 itaque
791 2865 1122 2933 Chaldaeus,
1149 2867 1304 2937 quod
1337 2866 1609 2937 quamvis
1639 2867 1794 2922 Deus
1818 2866 2035 2922 intelli-

380 2953 582 3025 gibilis
610 2955 912 3020 sit,mente
932 2965 1127 3011 tamen
1145 2955 1560 3026 comprehendi
1581 2972 1695 3011 non
1721 2955 2034 3027 possit,sed

383 3041 510 3098 solo
535 3044 749 3099 mentis
781 3043 942 3100 ﬂore.
979 3044 1114 3100 Flos
1155 3051 1352 3100 autem
1388 3046 1604 3100 mentis
1626 3051 1714 3100 est
1771 3044 2034 3117 singula-

379 3131 465 3187 ris
487 3137 542 3187 et
576 3131 884 3188 individua
916 3134 1126 3189 animae
1161 3136 1440 3206 potentia.
1474 3134 1622 3201 Quia
1651 3134 1850 3207 itaque
1882 3139 2034 3192 Deus

378 3221 615 3292 proprie
637 3238 824 3277 unum
845 3226 1036 3293 est,ne
1067 3223 1296 3279 coneris
1319 3240 1454 3278 eum
1487 3231 1682 3279 mente
1712 3225 2032 3296 percipere,

2137 675 2271 723 των,
2310 651 2548 726 μηδενὸς
2614 654 2904 728 ὑπομεῖναι
2961 649 3259 727 δυναμένου
3313 654 3416 722 τήν
3462 650 3673 706 ἐκείνου
3724 649 3816 707 δύ-

2137 763 2322 815 ναμιν.
2357 747 2532 800 Τοῦτο
2591 740 2649 798 δὲ
2703 743 2766 797 τὸ
2825 740 3008 818 δόγμα
3057 741 3116 797 ἐκ
3151 741 3349 816 μέρους
3383 738 3653 812 ἀληθεύει
3687 743 3818 813 παρ’

2137 833 2296 901 ἡμῖν.
2322 833 2382 890 Ὁ
2409 833 2511 909 γὰρ
2554 831 2686 896 Θεὸς
2728 832 2816 887 καὶ
2870 837 2985 910 φῶς
3045 830 3157 887 ἐστι
3206 831 3298 886 καὶ
3342 835 3454 907 πῦρ
3517 829 3820 886 καταναλί-

2139 943 2264 976 σκον
2315 921 2445 984 τοὺς
2497 921 2841 997 μοχθηρούς.
2875 920 3110 992 Ἀπειλὴ
3161 918 3219 976 δὲ
3265 923 3402 976 Θεοῦ
3463 919 3558 973 καὶ
3619 914 3816 998 φόϐος,

2136 1013 2172 1081 ἡ
2207 1008 2276 1065 δι’
2303 1011 2618 1084 οἰκονομίαν
2653 1013 2767 1084 (17)
2797 1010 2909 1067 ἐστὶ
2951 1011 3140 1088 σχέσις
3188 1011 3288 1081 τῆς
3334 1009 3480 1085 πρὸς
3529 1010 3684 1082 ἡμᾶς
3719 1011 3817 1064 αύ-

2134 1105 2232 1155 τοῦ
2265 1099 2596 1176 ἆγαθότητος
2611 1141 2625 1160 .

2134 1200 2207 1274 Ὁ,
2227 1201 2412 1274 Darii?
2445 1199 2632 1274 ἔξιυτὸν
2662 1197 2923 1274 ἥρπασεν,

2139 1269 2268 1328 Οὐδ’
2299 1266 2443 1345 ένέῇ
2477 1266 2714 1344 δυνάμει
2731 1276 2890 1345 νοερᾶ
2911 1266 3139 1332 κλείσας
3172 1266 3310 1324 ἴδιον
3341 1273 3480 1344 πῦρ.

2212 1442 2272 1494 Ὃ
2334 1441 2430 1513 μὲν
2488 1445 2614 1502 νοῦς
2673 1438 2865 1515 λογίου
2922 1443 3199 1508 τοιοῦτος,
3231 1440 3306 1501 ὡς
3363 1439 3394 1494 6
3445 1437 3539 1493 ἐπὶ
3598 1439 3820 1494 πάντων

2139 1530 2294 1598 Θεὸς,
2325 1531 2384 1591 ὃς
2415 1527 2474 1584 δὲ
2503 1529 2594 1584 καὶ
2627 1529 2814 1602 Πατήρ
2869 1527 3215 1601 ὠνόμασται,
3255 1527 3657 1598 ἀκατάληπτον
3709 1528 3825 1582 tau-

2137 1620 2230 1674 τὸν
2261 1624 2410 1673 ποιεῖ
2459 1618 2550 1673 καὶ
2609 1615 3010 1694 ἀπερίληπτον,
3043 1616 3106 1672 οὗ
3164 1617 3331 1691 μόνον
3385 1622 3513 1680 ταῖς
3573 1617 3820 1692 πρώταις

2140 1708 2232 1763 καὶ
2291 1705 2566 1783 δευτέραις
2624 1708 2813 1784 φύσεσι
2869 1707 2960 1762 καὶ
3017 1711 3140 1769 ταῖς
3209 1705 3513 1783 ἡμετέραις
3592 1709 3820 1782 ψυχαῖς,

2139 1791 2289 1850 ἄλλά
2325 1796 2415 1850 καὶ
2445 1794 2585 1867 αύτῇ
2611 1799 2680 1869 τῇ
2715 1793 2826 1867 ἰδίᾳ
2880 1792 3126 1868 δυνάμει.
3161 1793 3402 1867 Δύναμις
3454 1792 3517 1850 δὶ
3565 1799 3667 1850 τοῦ
3716 1799 3821 1850 [Ιαο

2139 1884 2268 1958 τρὸς
2320 1885 2347 1940 ὁ
2394 1885 2541 1946 Υἱός.
2574 1885 2799 1942 Ἑαυτὸν
2837 1883 2965 1960 γὰρ,
3022 1883 3209 1960 φησὶν,
3238 1882 3483 1953 ἥσπασεν
3542 1884 3572 1938 6
3631 1883 3818 1956 Ηατήρ

2141 1971 2250 2028 ἀπὸ
2280 1972 2456 2041 πάσης
2487 1972 2722 2048 φύσεως.
2753 1973 2870 2032 Ούκ
2897 1969 3009 2028 ἔστι
3043 1969 3101 2028 δὲ
3136 1973 3200 2027 τὸ
3252 1969 3432 2048 δόγμα
3493 1969 3813 2045 ὀρθόδοξον.

2143 2064 2231 2116 Ἐν
2292 2065 2373 2134 τῷ
2428 2063 2537 2134 1⁸ἱῷ
2585 2062 2691 2137 γὰρ
2747 2063 2874 2138 παρ’
2905 2064 3043 2134 ἡμῖν
3078 2062 3106 2117 ὁ
3141 2061 3326 2136 Πατήρ
3355 2058 3815 2137 δεδογμάτισται,

2146 2149 2328 2227 ὥσπερ
2357 2151 2448 2206 καὶ
2490 2153 2518 2206 6
2550 2151 2672 2213 Υἱὸς
2705 2150 2758 2206 έν
2784 2156 2866 2223 τῷ
2897 2149 3088 2225 Ηατρί.
3120 2150 3226 2207 Καὶ
3257 2149 3388 2225 ὅρος
3438 2154 3541 2206 τοῦ
3599 2148 3816 2225 Πατρὸς

2146 2241 2175 2294 ὁ
2209 2242 2330 2303 Υἱὸς
2362 2241 2452 2296 καὶ
2479 2243 2622 2305 θεῖος
2647 2239 2820 2317 λόγος
2852 2241 3154 2317 ὑπερφυής.

2325 2433 2480 2487 ’Ἐστι
2509 2451 2562 2484 τι
2591 2430 2788 2501 νοητὸν
2819 2429 2848 2484 ὃ
2875 2431 2988 2505 χρή
3023 2449 3080 2484 σε
3110 2433 3254 2484 νοεῖν
3280 2427 3413 2484 νόου
3447 2427 3621 2484 ἄνθει.

2216 2601 2280 2656 Ἣ
2339 2600 2492 2674 ψυχὴ
2545 2597 2754 2670 ἑκάστῳ
2809 2596 3092 2670 νοουμένῳ
3141 2596 3432 2674 πράγματι
3464 2594 3820 2666 κατάλληλον

2145 2683 2262 2762 ἔχει
2315 2688 2405 2742 καὶ
2461 2685 2688 2760 δύναμιν
2715 2708 2729 2722 ο
2762 2693 2880 2750 τοῖς
2915 2689 3011 2760 μέν
3045 2685 3356 2756 αῖσθητοῖς,
3387 2685 3669 2756 αἴσθησιν,
3699 2689 3815 2746 τοῖς

2147 2774 2205 2832 δὲ
2251 2775 2586 2848 διανοητοῖς,
2619 2775 2882 2849 διάνοιαν,
2911 2782 3030 2840 τοῖς
3069 2773 3128 2831 δὲ
3173 2780 3421 2848 νοητοῖς,
3455 2779 3608 2834 νοῦν.
3642 2773 3813 2844 Φησὶν

2146 2866 2237 2922 οὖν
2289 2868 2316 2921 ὁ
2369 2864 2665 2938 Χαλδαῖος,
2700 2865 2782 2922 ὅτι
2815 2866 2860 2921 εἰ
2907 2864 2995 2921 καί
3027 2865 3223 2935 νοητόν
3257 2864 3399 2920 ἐστιν
3441 2866 3470 2920 6
3502 2865 3656 2935 Θεὸς,
3689 2859 3814 2918 ἀλλ’

2145 2953 2206 3010 ού
2235 2959 2318 3027 τῷ
2346 2955 2424 3026 νῷ
2457 2955 2567 3010 ἐστι
2602 2955 2838 3026 ληπτὸν,
2870 2952 3020 3011 ἀλλὰ
3075 2959 3154 3026 τῷ
3202 2951 3347 3009 ἄνθει
3376 2958 3482 3010 τοῦ
3533 2957 3654 3012 νοῦ.
3684 2955 3810 3008 ’Ἂν-

2143 3045 2236 3106 θος
2295 3041 2352 3100 δὲ
2391 3049 2489 3100 τοῦ
2532 3049 2648 3116 νοῦ,
2680 3047 2713 3114 ἡ
2747 3044 2921 3100 ένιαία
2957 3051 3058 3113 τῆς
3108 3047 3294 3119 ψυχῆς
3341 3040 3602 3116 δύναμις.
3660 3039 3805 3100 Ἐπεὶ

2145 3128 2236 3184 οῦν
2270 3133 2298 3186 ὁ
2348 3132 2478 3193 Θεὸς
2535 3130 2738 3206 κυρίως
2797 3131 2940 3186 ἐστὶν
2997 3129 3076 3199 ἓν,
3106 3132 3182 3203 μὴ
3241 3131 3416 3206 πειρῶ
3480 3125 3801 3186 καταλαϐεῖν

2146 3219 2305 3275 αὐτὸν
2367 3218 2455 3274 διὰ
2510 3224 2608 3275 τοῦ
2659 3224 2774 3292 νοῦ,
2807 3217 2955 3274 ἀλλὰ
3005 3216 3096 3274 διὰ
3123 3226 3223 3288 τῆς
3259 3219 3474 3282 ένιαίας
3506 3217 3804 3292 δυνάμεως.

378 3311 482 3366 sed
505 3309 810 3366 individua
841 3313 1100 3382 potentia
1128 3330 1242 3384 qua
1269 3329 1452 3367 unum
1485 3313 2034 3384 cognoscitur.Nam

2153 3309 2226 3366 Τὸ
2285 3308 2390 3383 γὰρ
2447 3310 2680 3383 πρώτως
2737 3309 2815 3377 ἓν,
2853 3309 3005 3382 μόνῳ
3059 3313 3140 3380 τῷ
3169 3310 3295 3384 παρ’
3320 3310 3463 3382 ἡμῖν
3495 3309 3570 3365 ένὶ
3602 3305 3806 3378 ληπτόν

379 3399 572 3470 primo
599 3404 656 3455 et
687 3417 792 3472 per
818 3417 880 3456 se
913 3418 1098 3456 unum
1142 3403 1269 3457 solo
1309 3402 1466 3472 quod
1493 3401 1553 3455 in
1585 3403 1755 3458 nobis
1777 3409 1868 3458 est
1918 3419 2037 3458 uno

377 3489 879 3559 comprehendere
935 3489 1092 3556 licet,
1187 3506 1308 3545 non
1394 3490 1768 3563 cogitatione,
1852 3507 2040 3562 neque

382 3582 600 3631 mente.

383 3675 612 3730 Animae
643 3675 989 3745 expulsores,
1046 3675 1208 3731 illam
1256 3678 1532 3747 respiraro
1571 3678 1860 3746 facientes,
1907 3683 2039 3732 sunt

1479 3750 1682 3820 [solum
1706 3750 1928 3820 faciles.

455 3842 534 3898 Ne
567 3845 701 3914 quis
731 3844 888 3900 dicat
916 3860 1131 3917 cupere
1161 3861 1224 3901 se
1254 3845 1491 3917 quidem
1522 3848 1788 3903 animam
1822 3865 1854 3903 a
1912 3864 2039 3904 cor-

384 3949 526 4005 pore
554 3934 894 4004 dissolvere,
927 3935 1025 3989 sed
1061 3951 1175 3990 non
1210 3939 1492 4007 posse,ait
1519 3937 2039 4007 oraculum,l‘acul-

382 4028 535 4078 tates
555 4039 682 4094 quae
715 4025 972 4080 animam
998 4040 1027 4076 e
1059 4041 1336 4094 corporea
1369 4033 1574 4081 natura
1597 4026 1751 4082 foras
1773 4029 2036 4083 trahunt.

383 4127 633 4181 eamque
663 4129 697 4166 a
727 4114 884 4167 vitiis
916 4120 972 4166 et
1016 4115 1296 4168 aerumnis
1343 4118 1400 4168 in
1450 4132 1692 4185 corpore
1750 4119 2040 4187 perpessis

386 4200 554 4270 quasi
589 4201 885 4271 respirare
922 4204 1429 4274 iaciunt,abruptu
1463 4205 1664 4261 faciles
1695 4206 1904 4274 esse,id
1929 4213 2038 4276 est,

383 4287 707 4359 illasipsas
743 4289 1051 4346 facultates
1090 4289 1327 4359 liberas,
1357 4307 1464 4347 nec
1520 4293 1592 4348 ab
1653 4293 1774 4350 ulla
1832 4299 2043 4350 natura

385 4378 687 4444 coercitas,
721 4396 788 4432 ea
823 4384 1114 4448 potestate
1140 4380 1355 4450 vigere,
1392 4388 1455 4436 ut
1487 4383 1745 4438 animam
1777 4401 1807 4439 e
1835 4400 2040 4454 corpo-

387 4465 505 4522 reis
535 4466 784 4522 vinculis
813 4483 1094 4540 generose
1123 4471 1443 4526 admodum
1481 4473 1753 4544 expedire
1785 4477 1844 4528 et
1901 4473 2043 4529 libs-

386 4571 518 4610 rare
548 4554 799 4611 valeant.

387 4645 612 4704 Oportet
642 4648 693 4701 te
711 4646 979 4716 festinare
1004 4646 1076 4701 ad
1105 4647 1279 4703 lucem
1297 4653 1353 4703 et
1389 4651 1463 4703 ad
1483 4652 1660 4720 patris
1689 4651 1896 4718 radios,

396 4803 546 4862 Unde
577 4809 830 4862 immissa
851 4809 956 4863 tibi
975 4813 1052 4863 est
1097 4810 1291 4864 anima
1318 4805 1566 4880 plurima
1595 4823 1773 4868 mente
1820 4817 2036 4870 vestita.

464 4898 752 4962 Quoniam
785 4899 979 4952 anima
1013 4915 1128 4952 non
1161 4900 1436 4954 asemine
1467 4902 1912 4957 subsistentiam
1943 4904 2042 4958 ha-

388 4984 508 5052 bet,
541 5001 646 5040 nec
677 4986 738 5040 in
771 4987 1064 5056 corporeis
1095 4989 1582 5058 temperamentis
1613 4991 1904 5062 consistit,
1937 4995 2036 5048 sed

389 5089 420 5128 e
449 5075 722 5145 supernis
753 5091 784 5129 a
816 5075 932 5130 Deo
964 5093 1134 5132 suam
1177 5079 1494 5133 essentiam
1534 5086 1706 5134 nacta
1757 5085 1866 5149 est,
1910 5081 2039 5138 ideo

387 5163 458 5216 ad
479 5163 633 5218 hunc
659 5179 941 5219 conversa
980 5165 1272 5235 respicere
1293 5175 1350 5223 et
1403 5171 1472 5222 ad
1535 5169 1795 5223 divinam
1848 5170 2038 5224 lucem

387 5251 597 5305 reverti
627 5253 817 5308 debet.
853 5253 1115 5309 Plurima
1165 5273 1421 5327 namque
1479 5265 1673 5311 mente
1714 5259 1922 5313 vestita
1979 5275 2035 5314 in

384 5337 506 5391 haec
530 5339 808 5396 inferiora
857 5343 1054 5399 venit:
1111 5344 1167 5398 id
1223 5350 1334 5412 est,
1368 5349 1628 5402 accincta
1649 5352 1705 5402 et
1754 5351 2039 5403 instructa

385 5423 499 5480 fuit
530 5444 563 5481 a
591 5429 759 5486 Patre
791 5435 850 5485 et
879 5436 1139 5488 creatore
1178 5435 1845 5492 commonet'actionibus
1897 5435 2040 5491 divi-

2147 3398 2266 3458 πώς
2300 3396 2436 3467 ἐστι,
2467 3399 2554 3452 καὶ
2590 3395 2715 3453 οὕτε
2740 3395 2974 3469 διανοίᾳ,
3009 3393 3133 3453 οὔτε
3161 3402 3258 3470 νῷ.

2148 3681 2352 3752 Ψυχῆς
2383 3673 2682 3750 έξωστῆρες
2712 3674 2996 3744 ἀνάπνοες,
3031 3671 3250 3730 εῦλυτοί
3281 3671 3450 3732 εἰσιν.

2220 3850 2340 3904 Ἵνα
2371 3849 2446 3919 μή
2471 3867 2553 3908 τις
2579 3842 2754 3921 λέγοι,
2788 3843 2870 3900 ὅτι
2916 3842 3198 3918 Βούλομαι
3247 3843 3342 3917 μὲν
3402 3840 3684 3900 ἀπολῦσαι
3713 3839 3809 3909 τὴν

2149 3938 2334 4012 ψυχὴν
2365 3940 2462 3991 τοῦ
2495 3936 2774 4008 σώματος,
2806 3933 2867 3989 ού
2913 3931 3144 4007 δύναμαι
3193 3930 3270 4005 δὲ,
3303 3929 3437 4011 φησὶ
3482 3932 3547 3988 τὸ
3597 3929 3807 4005 λόγιον,

2150 4027 2232 4081 ὅτι
2261 4027 2315 4080 αἱ
2347 4023 2641 4095 ἐξωθοῦσαι
2670 4025 2770 4092 τήν
2804 4024 2989 4099 ψυχὴν
3026 4021 3282 4096 δυνάμεις
3333 4021 3440 4076 ἀπὸ
3477 4025 3578 4088 τῆς
3625 4038 3808 4092 σωμα-

2147 4117 2303 4182 τικῆς
2338 4112 2572 4191 φύσεως,
2603 4111 2694 4166 καὶ
2726 4113 2841 4167 οἷον
2876 4112 3127 4167 ἀναπνεῖν
3178 4111 3345 4181 αὐτὴν
3397 4114 3659 4166 ποιοῦσαι
3706 4105 3808 4162 ἀπὸ

2147 4208 2245 4260 τοῦ
2301 4204 2353 4258 έν
2399 4204 2614 4276 σώματι
2670 4201 2885 4277 μόχθου
2932 4201 3022 4256 καὶ
3074 4207 3175 4270 τῆς
3229 4198 3546 4269 κακώσεως,
3593 4193 3806 4255 εὕλυτοί

2152 4293 2276 4350 εἶσι·
2334 4291 2601 4360 τουτέστι,
2659 4291 2750 4346 καὶ
2811 4289 2966 4346 αὐταὶ
3025 4288 3306 4365 ἐλεύθεραι
3355 4288 3490 4344 εἰσιν
3542 4287 3601 4343 αἲ
3654 4283 3807 4342 δυνά·

2155 4403 2295 4455 μεις,
2360 4382 2435 4454 μή
2498 4379 2600 4435 ὑπό
2665 4401 2812 4442 τινος
2873 4379 3186 4455 εἷργὸμεναι
3246 4379 3483 4458 φύσεως,
3544 4377 3634 4433 καὶ
3683 4375 3808 4429 ἀπο-

2151 4469 2313 4526 λῦσαι
2342 4469 2431 4524 καὶ
2461 4475 2560 4538 τῆς
2586 4471 2906 4543 σωματικῆς
2937 4466 3107 4539 πέδης
3151 4470 3254 4537 τὴν
3313 4466 3500 4542 ψυχὴν
3551 4461 3806 4541 γενναίως

2155 4559 2305 4633 μάλα
2335 4556 2672 4629 δεδύνηνται.

2069 4671 2116 4736 D
2152 4651 2266 4725 Χρή
2327 4669 2382 4703 σε
2441 4644 2685 4703 σπεύδειν
2747 4647 2882 4722 πρὸς
2932 4648 2994 4702 τὸ
3052 4647 3186 4724 φάος
3244 4645 3335 4702 καὶ
3401 4646 3543 4736 πρὸς
3591 4642 3799 4734 ματρὸς

3524 4715 3732 4790 [αὐγὰς.

2149 4814 2335 4874 Ἔνθεν
2370 4807 2620 4887 ἐπέμφθη
2653 4829 2736 4864 σοι
2767 4809 2922 4883 ψυχὴ
2953 4805 3127 4863 πολὺν
3161 4805 3428 4881 ἑσσαμένη
3474 4809 3625 4862 νοῦν.

2222 4895 2442 4966 Ἐπειδὴ
2478 4885 2589 4971 (178)
2621 4897 2720 4952 οὐκ
2748 4897 2854 4952 ἀπὸ
2885 4898 3210 4970 σπερμάτων
3243 4899 3278 4966 ἡ
3313 4897 3465 4972 ψυχὴ
3513 4894 3615 4963 τὴν
3675 4885 3800 4945 ἀπό-

2150 5010 2330 5043 στασιν
2409 4982 2640 5056 ἔλαϐεν,
2702 4983 2831 5041 οὐδὲ
2924 4984 2975 5040 έν
3063 4989 3403 5058 σωματικαῖς
3493 4980 3798 5061 ὑφειστήκει

2149 5079 2422 5153 κράσεσιν,
2473 5075 2563 5131 καὶ
2622 5074 2822 5130 ἄνωθεν
2877 5074 2984 5129 ἀπὸ
3035 5080 3169 5131 Θεοῦ
3212 5075 3312 5144 τὴν
3373 5071 3597 5150 ὕπαρξιν
3653 5068 3799 5141 ἔσχε,

2149 5169 2284 5240 πρὸς
2361 5165 2564 5220 ἐκεῖνον
2637 5164 2729 5219 καὶ
2787 5162 3162 5238 έπεστράφθω,
3209 5163 3301 5218 καὶ
3352 5163 3489 5238 πρὸς
3542 5161 3606 5215 τὸ
3661 5160 3798 5220 θεῖον

2149 5261 2265 5330 φῶς
2297 5254 2523 5310 ποιείτω
2552 5255 2653 5321 τήν
2704 5249 2914 5308 ἄνοδον.
2952 5251 3134 5308 Πολὺν
3179 5253 3282 5328 γὰρ
3333 5250 3602 5324 ἑσσαμένη
3657 5247 3798 5308 νοῦν,

2149 5342 2372 5400 ἐνταῦθα
2436 5342 2674 5411 κατῆλθε
2707 5361 2718 5373 '
2759 5343 3057 5411 τουτέστιν,
3120 5337 3406 5396 ἐνεδύσατο
3483 5336 3628 5412 παρὰ
3705 5331 3798 5384 τοῦ

2149 5438 2384 5506 ποιητοῦ
2432 5432 2520 5488 καὶ
2571 5431 2782 5506 Πατρὸς
2826 5431 3159 5506 ἀναμνήσεις
3212 5434 3319 5486 τῶν
3371 5425 3655 5501 θειοτέρων
3709 5415 3795 5474 λέ-

1616 5543 1924 5598 JOANNIS
1963 5544 2282 5601 OPSOPASI
2321 5542 2555 5599 NOTAE.

460 5618 574 5702 (l7)
607 5627 683 5674 Δι’
715 5621 1034 5702 οἰκονομίαν
1067 5634 1264 5702 posset
1291 5631 1456 5698 verti,
1491 5633 1550 5686 in
1591 5633 1788 5687 mundi
1829 5633 2030 5700 guber-

385 5695 637 5770 paiione,
671 5703 737 5750 ut
762 5697 834 5750 ad
874 5695 1082 5770 Deum'
1108 5701 1414 5770 referatur,
1444 5695 1564 5760 non
1616 5705 1686 5759 ad
1737 5695 2029 5770 homines,

376 5763 549 5834 juxta
579 5772 840 5824 nostram
872 5763 1430 5841 interpretationem.

2213 5634 2325 5705 (18)
2357 5627 2601 5705 Ἐπειδή.
2637 5628 2863 5705 Retulit
2889 5628 3010 5684 haec
3061 5626 3237 5705 Pselli
3295 5627 3472 5684 verba
3518 5623 3578 5677 in
3605 5628 3789 5705 illum

2141 5689 2632 5762 commentarium
2665 5700 3031 5774 Nicephorus
3061 5701 3173 5758 sub
3204 5701 3382 5757 ﬁnem
3430 5710 3564 5772 pag.
3597 5689 3717 5747 126.
