4124 6390
358 447 514 508 1145

1217 446 1636 507 EXPOSl'l‘lO
1680 446 1947 507 ORACU
1962 444 2228 506 LORUM
2275 441 2921 507 CHALDAICORUM.

3626 444 3782 505 1146

357 581 513 652 ξεων,
547 579 639 634 ὅτε
661 579 763 648 τὴν
783 577 1011 633 ἐνταῦθα
1041 573 1318 651 ἐλάμϐανε
1347 575 1599 646 κάθοδον,
1635 577 1780 642 ἔνθεν
1810 573 1896 633 τοι
1931 577 2020 633 διὰ

2133 577 2317 634 nioris
2351 579 2528 635 sortis
2558 584 2734 651 atque
2764 581 3146 648 conditionis,
3180 597 3314 636 cum
3347 581 3510 636 illinc
3540 582 3656 637 huc
3677 582 3788 638 iter

351 673 461 724 τῶν
492 666 757 723 τοιούτων
789 666 1148 741 ἀναμνήσεων
1179 666 1347 722 πάλιν
1379 668 1549 722 ἐκεῖσε
1579 668 1871 724 ἐπάνεισιν.

425 847 548 903 Εῗσὶ
578 847 754 902 πάντα
778 846 894 908 ἑνὸς
924 847 1246 921 ἐκγεγαῶτα.

422 934 718 1010 Ἣμίτερον
765 935 855 990 καὶ
915 934 1118 1004 ἀληθὲς
1177 936 1240 990 τὸ
1298 930 1495 1010 δόγμα.
1557 935 1738 990 Πάντα
1788 933 1893 1010 γὰρ
1948 935 2016 988 τὰ

355 1022 504 1095 ὄντα,
555 1023 622 1080 τά
674 1045 734 1079 τε
791 1025 960 1094 νοητά
1013 1025 1100 1079 καὶ
1157 1023 1428 1093 αἰσθητὰ,
1489 1023 1594 1078 ἀπὸ
1657 1025 1820 1097 μόνον
1879 1027 2014 1077 Θεοῦ

353 1115 454 1184 τὴν
535 1113 826 1169 ὑπόστασιν
882 1107 1123 1182 ἔλαϐον,
1188 1118 1280 1168 καὶ
1330 1112 1468 1186 πρὸς
1529 1111 1692 1185 μόνον
1743 1111 1874 1167 Θεὸν
1921 1112 2014 1166 ἒπ-

355 1205 668 1279 ἑστραπται·
722 1203 792 1257 τὰ
855 1202 948 1274 μὶν
1008 1198 1158 1270 ὄντα,
1219 1201 1398 1274 μόνως
1455 1198 1775 1263 οὐσιωδῶς·
1833 1202 1902 1256 τὰ
1960 1199 2017 1256 δὲ

352 1288 482 1348 ὄντα
522 1293 614 1348 καὶ
672 1297 847 1361 ζῶντα
894 1291 986 1346 καὶ
1033 1295 1285 1360 νοοῦντα,
1318 1287 1602 1355 οὐσιωδῶς
1647 1289 1737 1345 καὶ
1773 1293 2014 1360 ζωτικῶς

351 1381 441 1437 καὶ
472 1385 694 1456 νοερῶς.
738 1381 858 1459 Ἀφ’
891 1380 1006 1442 ἑνὸς
1051 1381 1142 1434 οὗν
1174 1381 1348 1436 πάντα
1375 1379 1685 1456 γεγένηται,
1730 1377 1822 1433 καὶ
1877 1378 2017 1454 πρὸς

347 1467 403 1526 ’ἐν
435 1467 590 1534 αὖθις
618 1470 654 1540 ἠ
681 1469 892 1525 τούτων
921 1469 1200 1546 ἀναγωγή.
1222 1471 1553 1526 Ἄπταιστον
1584 1468 1677 1522 οὖν
1704 1467 1768 1522 τὸ
1800 1465 2016 1543 λόγιον,

345 1561 437 1616 καὶ
466 1557 682 1634 πλῆρες
711 1563 809 1614 τοῦ
839 1558 1114 1633 ἡμετέρου
1141 1556 1434 1636 δόγματος.

2127 683 2302 722 suum
2336 667 2653 737 aﬁ’ectaret,
2686 673 2751 723 ut
2780 670 2991 725 merito
3022 669 3230 725 iisdem
3264 670 3508 726 monitis
3536 669 3786 726 incitata

2125 756 2265 811 hinc
2298 757 2438 813 illuc
2469 757 2659 813 redire
2689 759 2944 814 studeat.

2199 846 2407 902 Omnia
2436 849 2507 902 ab
2531 864 2644 901 uno
2675 849 2805 916 igne
2832 848 3100 918 producta
3123 857 3272 904 sunt.

2196 935 2420 1006 Dogma
2449 953 2646 991 verum
2682 942 2772 992 est
2801 942 2858 992 et
2897 937 3165 1008 religioni
3209 941 3423 993 nostrae
3466 941 3780 992 consenta-

2124 1039 2323 1080 neum.
2353 1025 2564 1080 Omnia
2586 1042 2845 1097 namque
2863 1042 3228 1096 quaecunque
3252 1031 3410 1096 sunt,
3426 1025 3546 1081 sive
3563 1030 3779 1087 mente,

2125 1113 2247 1168 sive
2278 1130 2456 1168 sensu
2508 1115 2938 1186 perceptibilia,
2991 1116 3307 1171 essentiam
3358 1130 3526 1170 suam
3576 1132 3609 1170 a
3655 1114 3781 1168 solo

2125 1202 2242 1258 Deo
2273 1209 2664 1275 acceperunt:
2698 1209 2755 1259 et
2787 1205 2858 1259 ad
2884 1204 3077 1259 solum
3110 1209 3290 1260 Deum
3316 1219 3597 1260 conversa
3619 1209 3780 1258 sunt.

2125 1308 2194 1346 ea
2224 1291 2462 1362 quidem
2499 1309 2629 1364 quae
2676 1295 3091 1349 tantummodo
3141 1298 3302 1360 sunt,
3349 1291 3780 1360 essentialiter;

2127 1397 2257 1452 qua:
2287 1397 2422 1437 vero
2455 1386 2595 1436 sunt
2624 1387 2681 1437 et
2711 1382 2933 1446 vivunt,
2957 1381 3351 1439 essentialiter
3380 1387 3439 1436 et
3483 1380 3780 1447 vitaliter;

2128 1473 2186 1524 et
2215 1485 2342 1540 quae
2375 1476 2516 1525 sunt
2547 1475 2606 1525 et
2633 1471 2836 1526 vivunt
2861 1473 2936 1542 (α)
2969 1475 3026 1526 et
3053 1470 3416 1543 intelligunt,
3459 1468 3785 1526 essentiali-

2128 1562 2236 1625 ter,
2270 1558 2527 1614 vitaliter
2555 1563 2612 1614 et
2643 1558 3134 1616 intellectualiter.
3169 1560 3258 1613 Ab
3301 1575 3419 1614 uno
3467 1557 3648 1630 igitur
3693 1561 3785 1613 est

346 1651 615 1708 omnium
663 1666 863 1707 rerum
924 1651 1251 1723 productio,
1303 1655 1360 1706 et
1415 1651 1487 1706 ad
1541 1664 1730 1704 unum
1788 1648 2007 1704 iterum
2069 1647 2304 1704 illarum
2372 1649 2657 1705 reductio.
2691 1654 2881 1722 Atque
2915 1650 3020 1706 hoc
3051 1650 3356 1705 oraculum
3413 1647 3574 1704 omni
3627 1651 3786 1704 caret

350 1739 828 1814 reprehensione,
863 1743 918 1795 et
952 1745 1150 1796 nostra
1173 1739 1440 1796 doctrina
1471 1740 1747 1794 refertum
1777 1740 1888 1793 est.

596 1828 670 1883 ’Ἃ
700 1831 830 1890 νοῦς
871 1824 1039 1902 λέγει,
1088 1831 1169 1900 τῷ
1203 1832 1348 1881 νοεῖν
1378 1824 1558 1898 δήπου
1590 1824 1761 1900 λέγει.

417 1917 609 1988 ⁸οταν,
662 1917 845 1994 φησὶν,
902 1915 1137 1990 ἀκούσῃς
1171 1913 1594 1992 διηρθρωμένης
1624 1920 1808 1993 φωνῆς
1869 1911 2012 1968 ἄνω-

349 2005 437 2060 θεν
484 2005 798 2081 βροντώσης
845 2004 904 2060 ἐκ
953 2004 1206 2081 οὐρανοῦ,
1265 2007 1340 2078 μή
1393 2000 1677 2079 ὑπολάϐῃς
1723 2003 1798 2064 ὡς
1832 2003 1859 2057 6
1913 2003 2012 2072 τὴν

351 2095 539 2173 φωνὴν
597 2094 797 2165 ταύτην
858 2094 1008 2173 ἆφεές
1065 2093 1302 2170 ἄγγελος
1366 2096 1402 2165 ἢ
1457 2093 1620 2165 Θεὸς,
1692 2096 2016 2170 προφορικῶ

353 2183 505 2261 λόγῳ
537 2185 946 2259 συνήρθμωσεν.
995 2181 1125 2239 ἀλλ’
1169 2185 1372 2245 ἐκεῖνος
1405 2185 1502 2256 μὲν
1529 2181 1664 2237 κατὰ
1691 2189 1789 2251 τῆν
1824 2182 2014 2236 ἑαυτοῦ

351 2271 510 2352 φύσιν
569 2271 880 2348 ἀμερίστως
936 2271 1101 2346 μόνον
1151 2270 1358 2342 ἐνόησε,
1419 2270 1482 2326 σὺ
1535 2268 1612 2338 δὲ,
1675 2271 1748 2332 ὡς
1805 2266 2011 2339 ἠδύνω,

349 2360 586 2432 ἤκουσας
643 2365 741 2416 τοῦ
811 2363 1092 2435 νοήματος
1173 2355 1527 2422 συλλαόικῶς
1598 2359 1686 2414 καὶ
1739 2379 2011 2436 προφορι-

353 2471 488 2513 κως.
547 2458 729 2527 Ωσπερ
769 2450 874 2527 γὰρ
938 2451 966 2505 ὁ
1015 2451 1146 2512 Θεὸς
1188 2448 1296 2505 τῶν
1327 2450 1611 2524 ἡμετέρων
1645 2452 1839 2524 φωνῶν
1871 2447 2014 2524 ἀφώ-

345 2559 456 2604 νως
509 2538 719 2607 ἀκούει,
778 2538 922 2594 οὕτω
979 2538 1069 2594 καὶ
1140 2541 1168 2593 6
1224 2535 1510 2613 ἄνθρωπος
1563 2538 1658 2599 τὰς
1714 2541 1810 2590 τοῦ
1867 2533 2003 2591 Θεοῦ

344 2627 551 2692 ἑννοίας
584 2633 914 2708 φωνητικῶς
943 2625 1182 2704 δᾶχεται,
1202 2625 1426 2690 ἕκαστος
1453 2627 1632 2691 καθὼς
1655 2621 1770 2701 ἔχει
1803 2624 2012 2702 φύσεως

353 2715 588 2794 ἔνεθγῶν
599 2760 612 2775 .

2126 1827 2261 1895 Quae
2297 1843 2450 1883 mens
2483 1829 2749 1900 loquitur,
2783 1844 2848 1884 ea
2878 1829 3070 1900 utique
3112 1826 3472 1898 intelligendo
3513 1826 3779 1898 loquitur-

2195 1917 2462 1981 Quando,
2497 1917 2600 1985 ait,
2631 1933 2835 1973 vocem
2871 1916 3243 1972 articulatam
3279 1932 3534 1987 superne
3564 1932 3595 1970 e
3637 1913 3780 1970 caelo

2125 2003 2504 2061 detonantem
2547 2006 2862 2074 audiveris,
2912 2023 2984 2061 ne
3023 2005 3323 2061 existimes
3374 2004 3529 2076 quod
3577 2019 3777 2059 vocem

2125 2093 2288 2149 illam
2331 2096 2508 2151 edens
2551 2095 2672 2150 sive
2707 2095 2955 2167 angelus
2997 2095 3122 2150 sive
3161 2095 3317 2150 Deus
3361 2093 3464 2150 tali
3508 2109 3782 2150 sermone

2126 2183 2457 2254 protulerit,
2519 2184 2749 2254 qualem
2785 2201 2883 2240 ore
2941 2184 3267 2256 exprimere
3324 2182 3623 2239 solemus:
3676 2183 3778 2238 sed

2124 2273 2278 2341 quod
2313 2271 2365 2328 is
2396 2273 2627 2343 quidem
2677 2274 3007 2329 secundum
3059 2289 3226 2328 suam
3274 2273 3464 2344 ipsius
3504 2275 3778 2327 naturam

2122 2361 2347 2432 absque
2376 2361 2497 2417 ulla
2528 2362 2816 2418 divisione
2847 2368 3043 2418 mente
3074 2367 3306 2418 tantum
3337 2378 3405 2417 ea
3433 2378 3560 2433 qum
3609 2359 3779 2416 audi?

2121 2449 2254 2504 visti
2287 2450 2618 2523 agitaverit,
2649 2456 2713 2507 tu
2745 2468 2880 2508 vero
2911 2469 3014 2525 pro
3037 2468 3107 2508 ea
3127 2469 3244 2524 qua
3267 2450 3449 2524 polles
3475 2448 3773 2518 facultate,

2121 2539 2334 2594 mentis
2367 2540 2644 2613 cogitata,
2671 2557 2784 2596 non
2827 2558 2998 2598 secus
3053 2558 3117 2597 ac
3175 2540 3432 2614 syllabas
3487 2542 3543 2595 et
3596 2539 3774 2594 verba

2120 2643 2216 2681 ore
2231 2628 2476 2699 prolata,
2494 2630 2697 2685 auditu
2719 2631 3070 2703 perceperis.
3089 2629 3595 2694 Quemadmodum
3615 2627 3771 2684 enim

2119 2715 2274 2772 Deus
2301 2734 2470 2774 voces
2494 2723 2730 2775 nostras
2759 2719 2996 2775 exaudit
3026 2721 3249 2791 absque
3303 2735 3510 2774 vocum
3560 2717 3776 2774 articu-

350 2808 590 2879 latione,
622 2809 705 2865 ita
735 2808 909 2865 etiam
946 2809 1122 2864 homo
1152 2809 1361 2863 divinae
1392 2807 1608 2864 mentis
1639 2805 2050 2876 conceptiones
2087 2809 2372 2878 tanquam
2405 2808 2648 2865 vocibus
2680 2825 2987 2882 expressas
3035 2809 3272 2882 excipit,
3305 2807 3572 2881 quolibet
3609 2807 3769 2863 scili-

354 2902 444 2954 cet
472 2915 576 2970 pro
609 2916 728 2954 sua;
761 2903 986 2954 natura!
1018 2898 1243 2954 ratione
1269 2902 1327 2953 et
1355 2899 1678 2970 capacitate
1700 2898 2000 2968 operante.

467 2985 576 3042 Ἀεὶ
627 2984 822 3041 τούσδε
861 2986 1014 3062 χθὼν
1043 2985 1377 3060 κατωρύεται
1411 2984 1463 3046 ἐς
1489 2986 1650 3039 τὲκνα
1683 2985 1902 3058 μέχρις.

431 3073 560 3151 Περὶ
615 3079 722 3131 τῶν
779 3074 952 3140 ἀθέων
1015 3075 1044 3130 6
1100 3074 1264 3150 λόγος
1313 3073 1502 3152 φησὶν,
1560 3071 1644 3128 ὅτι
1707 3072 1874 3146 μέχρι
1901 3072 2010 3125 τῶν

362 3163 647 3240 ἀπογόνων
701 3161 958 3220 διατοίνει
1005 3165 1110 3234 τὴν
1141 3159 1365 3220 κὸλασιν
1415 3161 1601 3224 αὐτοῖς
1635 3164 1661 3216 ὁ
1710 3160 1857 3224 Θεός.
1906 3159 2010 3220 Τὰς

350 3253 454 3330 γὰρ
500 3253 866 3330 ὑποχθονίους
892 3253 1146 3316 κολάσεις
1193 3249 1651 3325 ὑποδεικνύμενον
1699 3251 1760 3304 τὸ
1795 3248 2009 3323 λόγιον,

353 3340 589 3413 αὐτοὺς,
641 3343 809 3422 φησὶ,
868 3341 1246 3419 κατωρύεται,
1306 3341 1624 3411 τουτὲστιν,
1683 3339 2010 3412 ἐπιμυκᾶται

354 3430 533 3495 οὖτοῖς
565 3433 593 3488 6
646 3433 750 3489 ὑπὸ
778 3439 880 3509 γῆν
910 3433 1101 3502 τόπος,
1151 3431 1241 3487 καὶ
1302 3432 1415 3486 οἷον
1475 3427 1774 3491 λεοντῶδες
1808 3427 2012 3503 ἐπηχεῖ

349 3515 598 3598 ὅρυγγα.
658 3523 754 3577 Διὸ
813 3522 902 3578 καὶ
956 3520 1208 3596 Πρόκλος
1271 3520 1443 3600 φησὶ.
1508 3525 1624 3575 Τῶν
1683 3520 2012 3595 συγγενικῶν

347 3615 543 3687 ψυχῶν
604 3613 860 3691 ὁμοφυὴς
916 3611 1058 3667 ἐστὶν
1116 3614 1151 3682 ἡ
1224 3611 1518 3682 σύνταξιςο
1571 3609 1661 3665 xui
1720 3609 1775 3663 ui
1839 3609 2010 3681 μήπω

345 3698 708 3757 ἄπολυθεῖσαι
769 3705 879 3756 τῶν
933 3707 1035 3770 τῆς
1093 3699 1310 3778 φύσεως
1364 3696 1579 3772 δεσμῶν
1629 3697 1682 3753 ἐν
1728 3701 1849 3759 τοῖς
1898 3699 2009 3750 τῶν

349 3790 630 3866 ὁμογενῶν
681 3790 1006 3866 κατέχονται
1065 3790 1297 3853 πάθεσι.
1368 3793 1459 3843 Δεῖ
1517 3788 1609 3842 οὗν
1665 3785 1755 3841 καὶ
1811 3784 2008 3846 ταύτας

349 3885 538 3956 τυχεῖν
592 3886 692 3950 τῆς
750 3879 888 3950 ὅλης
923 3877 1104 3949 δίκης,
1151 3879 1243 3932 καὶ
1292 3875 1731 3946 ἀναπλησθεέσας
1773 3871 1862 3929 διὰ
1907 3875 2006 3944 τήν

350 3970 577 4048 φυςικήν
613 3969 927 4045 συγγένειαν
959 3973 1066 4023 τῶν
1105 3965 1424 4042 μιασμάτων
1458 3967 1793 4040 καθαρθῆναι
1841 3961 2007 4018 πάλιν

351 4057 404 4130 ἐξ
434 4059 640 4116 αὐτῶν.

495 4239 587 4308 Μὴ
621 4237 955 4310 συναυξήσῃς
982 4235 1082 4304 τήν
1117 4234 1472 4311 εἷμαρμὲνην.

419 4324 776 4400 Εῗμαρμὲνην
827 4328 940 4398 (19)
997 4325 1049 4380 οἱ
1081 4326 1386 4402 σοφώτεροι
1431 4327 1540 4379 τῶν
1590 4320 1878 4393 Ἐλλήνων
1911 4323 2009 4390 τήν

345 4415 992 4491 φύσινικατονομάζουσι
1020 4433 1034 4446 ·
1093 4412 1308 4486 μᾶλλον
1357 4411 1415 4468 δὲ
1461 4413 1524 4468 τὸ
1570 4411 1853 4484 πλήρωμα
1898 4415 2004 4466 τῶν

346 4503 704 4579 ἐΛλάμψεων,
753 4505 828 4559 ὧν
879 4507 914 4573 ἡ
962 4508 1069 4558 τῶν
1103 4499 1272 4558 ὅντων
1307 4501 1462 4580 φύσις
1499 4499 1820 4576 εἰσδέχεται.
1855 4501 2007 4556 Ἔστι

347 4591 406 4651 δὲ
455 4593 686 4670 πρόνοια
740 4594 833 4666 μὲν
881 4595 916 4663 ἡ
976 4590 1178 4666 ἄμεσος
1222 4591 1330 4646 ἀπὸ
1376 4594 1474 4646 τοῦ⁹
1535 4594 1667 4644 θεοῦ
1717 4589 2005 4664 εὐεργεσία.

348 4683 656 4760 εἱμαρμένη
706 4681 787 4752 δὲ,
835 4685 869 4752 ἡ
923 4680 1012 4736 διὰ
1039 4689 1139 4750 τῆς
1171 4685 1267 4735 τοῦ
1299 4680 1492 4754 εἰρμοῦ
1521 4683 1627 4733 τῶν
1671 4675 1836 4732 ὄντων
1871 4700 2006 4750 συμο

345 4773 562 4843 πλοκῆς
608 4773 938 4847 τᾶἡμὲτερα
965 4766 1304 4848 κυϐερνῶσα.
1343 4771 1446 4827 Καὶ
1483 4769 1586 4824 ὑπὸ
1617 4768 1877 4843 πρόνοιαν
1915 4768 2006 4841 μὲν

345 4861 595 4936 κείμεθα,
629 4860 754 4916 ὅταν
786 4865 992 4935 νοερῶς
1024 4858 1349 4934 ἐνεργᾶψενο
1399 4858 1501 4912 ὑπὸ
1551 4857 1904 4932 εἱμαρμένην,
1952 4853 2010 4910 δὲ

345 4952 473 5008 ὅταν
502 4951 588 5006 xui
623 4954 976 5023 σωματικῶς.
1014 4950 1100 5017 Μὴ
1129 4946 1222 5004 οὖν
1265 4948 1534 5022 αὐξήσῃς,
1583 4946 1736 5024 φησὶ,
1783 4946 1882 5014 τήν
1932 4947 2006 5000 εἱ·

349 5041 636 5116 μαρμίνην
667 5043 868 5111 σαυτῷ,
899 5039 992 5093 καὶ
1024 5037 1158 5114 ὑπὲρ
1192 5038 1392 5108 ταύτην
1425 5039 1607 5112 γενοῦ,
1638 5035 1728 5090 καὶ
1763 5033 1865 5090 ὐπὸ
1911 5035 2008 5107 μό-

341 5151 424 5203 νῳ
444 5134 561 5203 Θεῷ
589 5125 982 5204 κυϐερνήθητι.

415 5319 490 5375 Οὐ
520 5319 623 5394 γὰρ
657 5317 761 5372 ὰπὸ
806 5322 1083 5392 Πατρικῆς
1117 5315 1296 5391 ἀρχῆς
1338 5313 1525 5376 ἀτελὲς
1562 5334 1614 5368 τι
1646 5312 1930 5389 τροχάζει.

420 5486 619 5560 Πάντα,
679 5487 868 5562 φησὶν,
931 5485 959 5542 ὁ
1014 5486 1202 5559 Πατὴρ
1258 5483 1487 5558 προάγει
1545 5481 1730 5538 τέλεια
1786 5483 2004 5539 καὶαύ-

2198 2986 2468 3058 Perpetuo
2487 2989 2546 3044 in
2569 2987 2665 3044 hos
2683 2991 2837 3044 terra
2854 2990 3047 3044 subtus
3066 2989 3247 3044 ululat
3268 3003 3439 3060 usque
3455 2985 3528 3042 ad
3553 2985 3773 3042 liberos-

2194 3073 2275 3130 De
2305 3075 2505 3145 impiis
2537 3093 2732 3133 sermo
2764 3081 2872 3145 est,
2908 3077 3062 3148 quod
3086 3093 3289 3132 eorum
3309 3074 3600 3148 supplicia
3620 3074 3776 3130 Deus

2122 3162 2301 3218 etiam
2349 3181 2536 3236 usque
2567 3166 2627 3221 in
2686 3170 2952 3238 posteros
3009 3167 3301 3222 extendat.
3362 3165 3509 3220 Nam
3571 3179 3776 3236 poenas

2123 3268 2272 3324 quas
2303 3254 2414 3308 sub
2446 3259 2602 3310 terra
2627 3254 2880 3309 subituri
2915 3258 3074 3318 sunt,
3121 3253 3392 3310 indicans
3442 3252 3772 3323 oraculum,

2043 3357 2085 3425 α
2123 3343 2182 3396 in
2213 3358 2320 3413 eos,
2353 3343 2568 3414 inquit,
2597 3345 2788 3400 subtus
2819 3345 3018 3412 ululat,
3051 3344 3110 3399 id
3171 3348 3262 3399 est
3309 3343 3590 3399 adversus
3639 3340 3774 3397 illos

2125 3431 2318 3503 mugit
2345 3436 2404 3488 et
2430 3433 2692 3488 infremit
2721 3433 2886 3489 locus
2919 3435 3360 3500 subterraneus,
3392 3437 3450 3487 et
3488 3435 3772 3501 tanquam

2119 3518 2354 3578 leonino
2387 3523 2588 3594 rugitu
2620 3523 2926 3595 obstrepit.
2961 3521 3514 3594 QuaprOpteretiam
3538 3519 3774 3577 Proclus

2120 3609 2222 3679 ait,
2271 3617 2655 3683 cognatarum
2716 3612 3048 3667 animarum
3096 3625 3484 3683 congenerem
3539 3624 3776 3682 quoque

2121 3700 2242 3754 sive
2311 3700 2684 3757 consimilem
2736 3717 2866 3758 esse
2952 3701 3480 3773 compositionem;
3556 3714 3774 3770 easque

2119 3805 2245 3859 qua:
2280 3790 2542 3845 nondum
2577 3794 2804 3846 naturae
2835 3789 3086 3846 vinculis
3119 3789 3398 3844 exsoluta:
3436 3793 3596 3854 sunt,
3631 3805 3772 3842 con-

2118 3877 2417 3934 similibus
2440 3895 2677 3950 quoque
2707 3880 3016 3936 affectibus
3085 3879 3419 3950 implicatas
3477 3876 3771 3933 distineri.

2119 3967 2396 4038 Oportere
2426 3968 2624 4039 itaque
2651 3972 2706 4023 et
2737 3968 2844 4024 has
2865 3984 3040 4024 omne
3059 3968 3418 4039 supplicium
3442 3965 3693 4038 explere,
3716 3967 3774 4021 el:

2118 4071 2252 4112 cum
2274 4055 2348 4110 ob
2371 4055 2698 4111 naturalem
2717 4054 3602 4128 cognationeminquinamentis
3625 4053 3773 4110 infe-

2119 4155 2221 4200 σιω
2255 4148 2430 4216 atque
2463 4145 2684 4202 refertae
2717 4146 3157 4212 fuerint,denuo
3181 4146 3252 4200 ab
3274 4144 3392 4201 illis
3441 4143 3768 4215 repurgari.

2187 4235 2267 4290 Ne
2293 4235 2598 4290 adauxeris
2624 4241 2822 4304 fatum.

2188 4329 2391 4380 Falum
2423 4323 2795 4396 appellarunt
2829 4324 3216 4395 sapientiores
3245 4323 3402 4380 inter
3423 4325 3655 4379 Graecos
3680 4322 3770 4394 ip-

2118 4431 2247 4470 sam
2324 4422 2617 4484 naluram,
2666 4413 2752 4468 vel
2804 4413 3002 4485 potius
3073 4411 3570 4484 complementum
3628 4411 3771 4466 illu-

2121 4503 2508 4559 minationum
2543 4519 2693 4574 quas
2725 4502 2950 4557 entium
2985 4507 3198 4558 natura
3245 4500 3472 4574 recipit.
3524 4501 3594 4556 Et
3637 4516 3770 4572 pro-

2116 4593 2376 4648 videntia
2405 4592 2645 4664 quidem
2684 4596 2774 4647 est
2819 4591 3163 4647 immediate
3192 4591 3296 4646 Dei
3344 4589 3767 4646 beneficentia:

2122 4683 2300 4736 fatum
2335 4699 2489 4750 vero,
2524 4681 2676 4753 quod
2711 4681 3070 4737 connexione
3103 4684 3156 4734 et
3196 4679 3348 4734 serie
3394 4695 3592 4734 rerum
3642 4693 3768 4732 om-

2120 4771 2285 4826 nium
2317 4769 2882 4841 terrenagubernat.
2933 4767 3294 4840 Subjicimur
3341 4771 3536 4824 autem
3584 4765 3773 4836 provi-

2118 4860 2353 4927 dentim,
2375 4875 2512 4915 cum
2568 4857 3047 4914 intellectualiter
3068 4873 3414 4930 operemur;
3477 4857 3593 4912 fato
3633 4871 3768 4911 vero

2119 4966 2252 5005 cum
2330 4948 2509 5004 etiam
2568 4947 2970 5020 corporaliter.
3031 4947 3112 5001 Ne
3168 4946 3348 5017 igitur
3394 4945 3520 5018 (ait)
3598 4949 3769 5000 tuuni

2120 5039 2309 5110 ipsius
2393 5040 2581 5093 fatum
2659 5038 2950 5109 adaugere
3007 5035 3168 5102 velis,
3226 5036 3407 5106 idque
3467 5051 3768 5106 superare,

2119 5130 2220 5184 sed
2255 5129 2553 5184 committe
2575 5130 2633 5183 te
2663 5127 2850 5184 solius
2878 5125 2981 5184 Dei
3016 5124 3303 5181 voluntati
3351 5129 3524 5196 atque
3568 5124 3770 5179 mode-

2118 5217 2353 5274 rationi.

2116 5318 2233 5374 Non
2265 5317 2413 5372 enim
2445 5331 2480 5371 a
2507 5321 2738 5386 paterno
2763 5315 3052 5387 principio
3073 5314 3452 5385 imperfectum
3483 5311 3625 5456 σξιἰῦ
3642 5327 3770 5438 Itiro-

3531 5400 3588 5440 ce
3631 5401 3648 5439 ι
3681 5426 3694 5439 .

3531 5400 3673 5440 εεαιε
3681 5426 3694 5439 .

2187 5485 2398 5543 Omnia
2447 5484 2578 5556 (ait)
2634 5486 2893 5557 perfecta
2935 5487 2993 5540 et
3041 5483 3305 5540 numeris
3333 5483 3609 5538 omnibus
3669 5499 3770 5554 pro

1621 5601 1651 5657 J
1663 5601 1926 5659 OANNIS
1949 5603 2268 5661 OPSOPZEI
2296 5601 2522 5657 ΝΟΤΔΕ.

425 5703 951 5779 (ιω-Εἱμαρμένην.
982 5686 1179 5779 Istam
1197 5719 1432 5775 quoque
1456 5701 1562 5779 fati
1582 5701 2033 5779 descriptionen

2131 5705 2221 5779 inc
2252 5699 2548 5779 decerpsit
2570 5699 2726 5757 idem
2751 5698 2992 5773 Niceph.
3028 5713 3163 5772 pag.
3196 5696 3321 5754 HO.

430 5774 668 5850 (alHaac
695 5774 987 5835 in'Graco
1019 5775 1451 5847 desiderantur,
1484 5775 1732 5833 fortasse
1760 5774 1829 5832 ex
1855 5774 2332 5834 homoioteleuto.
2683 5837 2688 5841 ,
3226 5782 3232 5786 ’
