4124 6408
387 427 543 487 ιιι-ι

1718 424 2144 486 MICHAELIS
2189 426 2462 487 PSE‘LLI

3645 428 3795 492 1148

381 560 670 630 cujusque
701 556 904 612 ordine
935 559 994 612 et
1024 555 1307 624 dignitate
1336 555 1607 612 absoluta
1637 556 1908 627 producit
1931 556 2033 612 Pa-

2153 557 2320 632 εάρκη
2377 561 2514 614 κατὰ
2566 559 2668 629 τὴν
2726 559 2928 615 ἑαυτῶν
2986 558 3155 630 τάξιν.
3215 560 3279 618 Ἡ
3334 556 3392 615 δὶ
3413 562 3526 615 τῶο
3570 560 3793 636 γενομὲ-

380 652 507 704 ter:
532 647 632 704 sed
665 645 1001 718 genitorum
1033 645 1414 702 imbecillitas
1452 652 1512 702 et
1543 646 1816 701 remissio
1862 646 2041 701 rebus

381 737 679 793 interdum
732 735 999 808 suggerit
1055 735 1346 791 defectum
1399 740 1458 792 et
1513 735 2037 802 imperfectionem.

381 828 593 884 Verum
628 830 797 881 Pater
841 826 1037 880 denuo
1097 830 1330 881 revocat
1389 825 1681 880 defectum
1727 826 1800 881 ad
1853 825 2040 898 perie-

381 917 658 984 ctionem,
681 921 736 972 et
758 916 829 970 ad
857 915 948 969 sui
973 915 1391 970 sufficientiam
1415 916 1720 970 convertit.
1737 914 2040 985 Ejusmodi

381 1009 473 1062 est
529 1005 686 1076 quod
763 1004 1067 1076 apostolus
1113 1005 1370 1060 Jacobus
1434 1004 1661 1060 Domini
1749 1004 1928 1060 frater
1980 1005 2039 1058 in

383 1093 656 1166 Epistolaa
689 1109 810 1148 sua:
850 1093 1018 1148 initio
1051 1092 1171 1148 alta
1202 1109 1336 1148 voce
1368 1093 1810 1166 pronuntiavit:
1856 1093 2040 1148 Omne

384 1185 606 1240 donum
641 1183 961 1252 perfectum
987 1198 1241 1254 superne
1270 1182 1577 1238 descendit
1608 1200 1642 1239 a
1674 1183 1839 1238 Patre
1861 1181 2037 1237 lumi-

385 1288 551 1329 num.
585 1271 742 1327 Nihil
772 1272 929 1326 enim
982 1271 1390 1343 imperfectum
1423 1290 1457 1328 a
1513 1273 1766 1342 perfecto
1825 1271 2040 1342 prodit,

383 1361 710 1434 praesertim
730 1376 864 1416 cum
895 1360 966 1414 ad
999 1361 1054 1415 id
1081 1361 1239 1432 quod
1265 1362 1336 1415 ab
1358 1362 1486 1433 ipso
1507 1362 1695 1433 primo
1712 1360 2039 1416 effunditur

383 1449 694 1507 confestim
715 1449 1118 1518 recipiendum
1143 1450 1429 1506 fuerimus
1453 1449 1712 1522 prompti
1738 1455 1912 1521 atque
1935 1465 2039 1521 pa-

384 1540 523 1596 rati.

382 1637 486 1695 Sed
513 1653 626 1695 non
655 1637 903 1695 admittit
924 1638 1086 1694 illam
1106 1643 1346 1710 paterna
1375 1653 1548 1708 mens,
1582 1653 1862 1779 quousqfie
1917 1638 2040 1764 ixi-

1813 1724 1920 1764 i'Cl‘l
1955 1749 1966 1762 .

1813 1717 1966 1764 i'crz't.

452 1812 614 1865 Mens
645 1813 892 1882 paterna
921 1825 1036 1864 non
1062 1807 1326 1864 admittit
1367 1807 1620 1879 impetus
1668 1807 2040 1863 voluntatum

384 1898 615 1967 animas,
660 1898 1009 1970 priusquam
1059 1896 1373 1953 excluserit
1410 1897 1765 1954 oblivionem
1815 1897 2042 1953 divitia-

384 2004 518 2044 rum
548 2005 581 2042 ε
614 1988 782 2043 Patre
816 1986 1378 2043 muniﬁcentissimo
1427 1991 1828 2058 acceptarum,
1877 1990 1936 2043 et
1982 1986 2040 2041 in

385 2077 737 2134 memoriam
766 2076 1051 2132 revocarit
1081 2093 1278 2132 sacras
1310 2093 1459 2148 quas
1520 2077 1592 2132 ab
1651 2077 1779 2149 ipso
1837 2076 2046 2132 habuit

387 2170 668 2233 tesseras,
702 2183 1021 2238 vocemque
1046 2165 1320 2222 candoris
1371 2165 1626 2222 indicem
1687 2183 1816 2221 cum
1874 2167 2046 2222 ﬁrma

385 2255 790 2328 symbolorum
825 2255 1007 2328 patris
1037 2256 1323 2328 genitoris
1341 2257 1434 2311 sui
1462 2257 1748 2312 memoria
1799 2257 2043 2326 conjun-

385 2349 542 2402 ctam
575 2343 858 2402 emiserit.
893 2346 995 2401 Est
1024 2345 1179 2402 enim
1235 2345 1435 2401 anima
1489 2362 1559 2400 ex
1611 2345 1794 2401 sacris
1849 2343 2043 2400 verbis

384 2439 443 2492 et
471 2434 684 2490 divinis
716 2433 1002 2503 symbolis
1021 2435 1348 2507 composita
1371 2451 1383 2489 :
1405 2451 1657 2505 quorum
1679 2433 1780 2490 illa
1802 2434 2041 2506 quidem

385 2525 793 2598 proﬂuxerunt
825 2541 858 2580 a
881 2525 1066 2580 sacris
1097 2524 1314 2589 formis,
1347 2525 1470 2579 haec
1503 2530 1697 2580 autem
1748 2541 1782 2579 a
1830 2522 2042 2577 divinis

385 2614 736 2670 unitatibus.
770 2617 836 2668 Et
866 2630 1076 2669 sumus
1108 2630 1248 2669 sane
1284 2613 1576 2682 imagines
1606 2629 1908 2668 sacrarum
1957 2627 2044 2667 es-

387 2702 738 2769 sentiarum,
773 2701 1094 2756 simulacra
1121 2718 1257 2756 vero
1289 2702 1726 2774 incognitorum
1750 2700 2042 2774 symbolo-

385 2806 544 2846 rum.
605 2791 704 2845 Est
760 2794 957 2845 autem
1034 2793 1092 2844 et
1147 2789 1256 2846 hoc
1300 2792 1452 2845 scitu
1504 2790 1772 2861 dignum,
1833 2806 2042 2861 quam-

385 2877 528 2934 libel
563 2878 826 2933 animam
860 2895 894 2932 a
946 2877 1208 2949 qualibet
1261 2878 1461 2934 anima
1520 2879 1714 2950 specie
1775 2879 2038 2935 diiferre:

391 2971 596 3039 totque
626 2981 755 3024 esse
788 2965 1122 3023 animarum
1151 2967 1399 3040 species,
1430 2972 1575 3039 quot
1602 2971 1743 3024 sunt
1772 2967 2003 3024 anima.

459 3073 685 3141 Quando
709 3075 1056 3147 conspexeris
1083 3075 1307 3146 genium
1337 3078 1660 3132 terrestrem
1681 3075 1952 3144 accedere,

448 3217 719 3288 Sacri/ica
749 3218 994 3290 lapidem
1018 3219 1330 3275 muizurim
1361 3218 1733 3275 inclamando.

2151 668 2254 701 νων
2305 646 2578 711 πολλάκις
2626 648 2868 713 ἀσθενεια
2917 650 3004 704 καὶ
3055 649 3238 728 ὕφεσις
3283 649 3646 726 παρυφίστησι
3699 651 3795 719 τὴν

2151 731 2350 792 ἔνδειαν
2396 737 2580 800 αὐτοῖς
2624 739 2716 794 καὶ
2763 740 2826 792 τὸ
2871 737 3083 800 ἀτελὲς.
3138 737 3296 794 Ἀλλ’
3341 740 3370 793 ὁ
3420 739 3606 814 Πατὴρ
3638 737 3796 795 πᾶλιν

2151 825 2498 882 ἀνακαλεῖται
2555 828 2654 897 τήν
2713 823 2919 883 ἔνδειαν
2975 829 3113 905 πρὸς
3166 829 3260 883 τὸν
3309 826 3544 900 τίλειον,
3569 829 3660 884 καὶ
3687 829 3797 884 ἔπι-

2152 916 2368 992 στρέφει
2399 919 2536 991 πρὸς
2575 915 2676 987 τῆν
2726 917 3071 992 αὐτάρκειαν,
3122 917 3378 973 Τοιοῦτόν
3433 917 3544 972 ἐστὶ
3570 918 3632 973 τὸ
3659 919 3800 992 παρά

2150 1011 2247 1062 τοῦ
2302 1003 2613 1062 ἀποστόλου
2681 1002 2944 1063 Ἰακώϐου
2999 1012 3097 1062 τοῦ
3156 1004 3396 1084 ἀδελφοῦ
3451 1011 3550 1062 τοῦ
3605 1007 3800 1081 Κυρίου

2153 1098 2608 1174 ὶκπεφωνημένον
2653 1096 2704 1152 ἐν
2753 1097 3073 1173 προοιμίοις
3128 1103 3226 1167 τῆς
3276 1095 3573 1166 ἐπιπολῆς
3616 1098 3798 1152 αὐτοῦ⁶

2153 1191 2262 1241 na»
2296 1184 2532 1262 δώρημα
2573 1184 2781 1241 τέλειον
2832 1185 3030 1250 ἄνωθεν
3081 1185 3192 1241 ἐστι
3243 1180 3570 1242 καταὸαῖνον
3603 1185 3664 1241 ἐκ
3705 1190 3799 1241 τοῦ

2153 1277 2361 1349 [ἰατρὸς
2416 1281 2524 1330 τῶν
2586 1276 2783 1353 φώτων
2811 1319 2822 1331 .
2880 1273 3048 1332 Οὐδὲν
3108 1276 3212 1350 γὰρ
3268 1273 3457 1337 ἀτελὲς
3511 1275 3658 1350 παρὰ
3709 1278 3801 1330 τοῦ

2149 1362 2361 1419 τελείου
2417 1363 2652 1437 πρόεισι,
2702 1365 2793 1419 καὶ
2857 1362 3094 1438 μάλιστα
3123 1364 3248 1420 ὅταν
3298 1363 3560 1438 τύχωμεν
3590 1364 3653 1419 τὸ
3682 1365 3806 1439 παρ’

2153 1452 2317 1509 αὐτοῦ
2369 1453 2603 1529 πρώτως
2673 1453 2932 1528 χεόμενον
2989 1453 3184 1510 αὐτίκα
3241 1449 3460 1527 ἕτοιμοι
3526 1453 3602 1516 εἷς
3659 1450 3802 1524 δέξα-

2151 1544 2300 1601 σθαι.

2153 1639 2303 1697 ιελλ’
2360 1640 2459 1696 οὐκ
2488 1637 2790 1716 εἰσδέχεται
2823 1639 3009 1710 κείνης
3040 1641 3304 1716 πατρικὸς
3331 1639 3715 1786 νεῦς,
3743 1638 3806 1695 ’ἀν

3574 1733 3597 1769 ε
3642 1724 3738 1786 θῃ.

3574 1724 3738 1788 sic“.

2225 1809 2302 1866 Οὐ
2351 1807 2714 1886 παραδέχεται
2765 1811 2793 1865 ὁ
2845 1811 3114 1887 Πατρικὸς
3171 1815 3299 1875 νοῦς
3343 1813 3441 1874 τὰς
3488 1815 3596 1867 τῶν
3645 1807 3807 1880 θελη-

2156 1899 2337 1974 μάτων
2363 1906 2465 1970 τῆς
2496 1903 2685 1975 ψυχῆς
2718 1901 2914 1977 ὁρμὰς,
2950 1900 3147 1977 μέχρις
3197 1901 3260 1955 ἃν
3305 1901 3442 1970 αὑτὴ
3485 1899 3806 1969 ἇπιλάθηται

2156 1990 2249 2063 μὲν
2299 1997 2399 2060 τῆς
2452 1987 2630 2060 λήθης
2657 1987 2730 2044 ὧν
2765 1989 3115 2062 πεπλούτηκε
3163 1990 3310 2067 παρά
3350 1994 3450 2046 τοῦ
3495 1989 3805 2065 παναγάθοο

2154 2080 2383 2156 Πατρὸς,
2432 2079 2566 2154 ἔλθῃ
2620 2077 2677 2134 δὶ
2719 2080 2795 2141 είς
2844 2079 3143 2152 ἀνάμνησιν
3194 2081 3268 2136 ὧν
3309 2074 3468 2156 ἔσχεν
3517 2079 3569 2150 ἐξ
3644 2079 3804 2134 αὑτοῦ

2151 2170 2312 2243 ἱερῶν
2384 2167 2742 2242 συνθημάτων
2780 2213 2794 2238 ,
2845 2169 2934 2224 καὶ
2985 2170 3175 2248 φωνὴν
3226 2170 3423 2249 ἀφήσει
3475 2169 3811 2244 εὐγνώμονι,

2156 2260 2380 2331 μνήμην
2432 2258 2624 2328 εαυτῆς
2683 2257 2941 2331 ἐνθεμενη
2991 2263 3099 2314 τῶν
3165 2262 3262 2314 τοῦ
3311 2259 3672 2334 γεννήσαντος
3723 2255 3810 2311 αὖ·

2152 2349 2252 2414 τὴν
2306 2347 2509 2422 πατρὸς
2571 2341 2889 2420 συμϐόλων.
2953 2348 3195 2419 Συνὲστη
3242 2349 3347 2424 γὰρ
3409 2350 3448 2418 ἡ
3495 2348 3650 2423 ψυχὴ
3707 2345 3807 2403 ἀπὸ

2150 2441 2258 2492 τῶν
2313 2437 2473 2510 ἰερῶν
2528 2434 2707 2512 λόγων
2757 2437 2847 2492 καὶ
2879 2441 2985 2492 τῶν
3037 2437 3194 2502 θείων
3245 2431 3568 2511 συμϐόλωνο
3630 2435 3700 2491 ὧν
3757 2436 3805 2490 oi

2156 2527 2250 2598 μὲν
2287 2524 2419 2579 εἶσιν
2451 2525 2558 2580 ἀπὸ
2585 2530 2694 2580 τῶν
2728 2527 2888 2601 ἱερορν
2924 2523 3109 2595 εἱδῶν,
3143 2528 3196 2581 oi
3237 2524 3296 2582 δὶ
3325 2526 3433 2582 ἀπὸ
3482 2530 3591 2583 τῶν
3648 2525 3802 2581 θείων

2151 2612 2372 2670 ἆνάδων.
2435 2615 2538 2672 Καὶ
2597 2613 2756 2687 ἐσμὲν
2809 2614 3013 2678 εἰκόνες
3061 2615 3159 2688 μὲν
3204 2621 3312 2671 τῶν
3361 2617 3526 2690 ἱερῶν
3586 2616 3803 2684 οὐσιῶν,

2153 2701 2441 2778 ἀγάλματα
2473 2700 2531 2758 δὲ
2561 2709 2668 2758 τῶν
2701 2704 2996 2780 ἀγνώστων
3027 2705 3410 2778 συνθημάτων.
3472 2711 3562 2761 Δεῖ
3618 2702 3674 2760 δὲ
3718 2702 3801 2759 καὶ

2149 2797 2312 2848 τοῦτο
2346 2790 2564 2861 εἰδάναι,
2594 2793 2669 2855 ὡς
2700 2798 2843 2847 πᾶσα
2872 2795 3027 2870 ψυχὴ
3059 2793 3237 2865 πάσης
3265 2797 3457 2870 ψυχῆς
3506 2795 3621 2851 κατ’
3670 2790 3802 2854 εἶδος

2153 2880 2422 2953 διὲστηκε,
2473 2882 2561 2937 καὶ
2615 2882 2691 2945 ὡς
2741 2881 2859 2940 ὅσαι
2889 2884 3109 2960 ίψυχαὶ,
3151 2888 3390 2940 τοσαῦτα
3417 2888 3512 2941 καὶ
3543 2881 3662 2955 εἷ’δη
3699 2886 3802 2938 τῶν

2150 2975 2345 3047 ψυχῶν
2375 2971 2515 3028 ἐστιν
2526 3017 2538 3029 .

2150 3079 2340 3137 Ἦνίκα
2383 3080 2492 3154 (29)
2542 3075 2590 3134 δ’
2644 3077 2948 3156 ἐρχόμενον
2991 3073 3230 3154 δαίμονα
3285 3080 3613 3158 πρόσγειον-
3641 3077 3801 3156 ἁθρή-

2151 3223 2254 3280 Θύε
2287 3221 2441 3286 λίθον
2479 3220 2760 3295 μνίζουριν
2795 3220 3069 3282 ἐπαυδῶν.
3593 3155 3737 3227 [σῇς.

455 3327 755 3380 Daemones
787 3325 942 3381 circa
975 3328 1190 3380 terram
1245 3325 1582 3381 volutantes
1637 3330 1851 3382 natura
1897 3331 2038 3383 sunt

2222 3327 2454 3391 Ψευδεῖς
2526 3330 2618 3402 μὲν
2693 3330 2792 3399 τήν
2856 3329 3011 3407 φύσιν
3081 3331 3134 3386 οἱ
3187 3329 3478 3407 πρόσγειοι
3536 3328 3800 3404 δαίμονες,

387 3413 723 3483 mendaces,
759 3418 960 3486 utpote
992 3413 1194 3484 procul
1228 3431 1261 3469 a
1311 3415 1510 3470 divina
1555 3415 1887 3486 cognitione
1943 3433 2037 3472 re-

386 3501 555 3572 moti,
588 3507 647 3557 et
676 3503 927 3559 materia
954 3503 1326 3559 tenebricoso.
1373 3503 1621 3575 impleti.
1663 3505 1828 3569 Quod
1870 3505 1921 3560 si
1975 3522 2044 3562 ex

385 3590 480 3647 his
509 3608 712 3647 verum
742 3591 998 3662 aliquem
1023 3607 1359 3648 sermonem
1392 3593 1595 3649 audire
1617 3592 1838 3664 cupias,
1879 3610 2042 3652 aram

385 3696 626 3752 appara,
651 3685 708 3736 et
738 3681 1003 3737 sacrifica
1027 3680 1284 3753 lapidem
1312 3682 1649 3737 muizurim.
1678 3682 1862 3739 Habet
1883 3684 2041 3741 enim

386 3767 482 3824 hic
515 3769 666 3841 lapis
695 3769 811 3824 vim
847 3770 1167 3826 advocandi
1210 3771 1491 3842 majorem
1543 3772 1888 3841 daemonem,
1941 3775 2043 3846 qui

384 3857 614 3915 occulta
646 3859 874 3914 ratione
905 3859 1200 3916 materiali
1231 3859 1402 3932 genio
1459 3860 1786 3933 applicatus
1844 3879 2042 3920 rerum

383 3947 805 4020 inquisitarum
837 3949 1142 4004 veritatem
1169 3949 1528 4018 insusurrat,
1554 3967 1731 4022 quam
1749 3951 1849 4008 ille
1872 3969 2042 4024 porro

382 4035 608 4092 homini
642 4037 1031 4105 interroganti
1066 4039 1305 4110 profert.
1341 4039 1569 4096 lndicat
1599 4044 1793 4096 autem
1829 4059 2042 4098 nomen

380 4124 579 4197 ipsum
616 4143 731 4198 quo
763 4127 821 4182 in
850 4128 1262 4198 provocatione
1297 4130 1583 4184 utendum
1616 4135 1705 4185 est
1735 4147 1855 4185 una
1908 4147 2040 4187 cum

382 4213 602 4283 lapidis
632 4215 1083 4272 sacriﬁcatione.
1107 4218 1298 4288 Atque
1337 4217 1593 4274 Chaldaei
1625 4223 1897 4275 statuunt
1926 4221 2042 4275 das-

390 4319 596 4360 moaas
682 4306 966 4374 quosdam
1027 4307 1234 4374 bonos,
1284 4311 1572 4378 quosdam
1633 4310 1821 4365 malos
1870 4325 2039 4366 esse:

389 4395 593 4448 nostra
672 4398 868 4450 autem
948 4394 1184 4465 pietatis
1257 4396 1526 4452 doctrina
1605 4414 1810 4454 omnes
1857 4399 2042 4455 malos

384 4481 753 4553 pronuntiat,
806 4487 871 4538 ut
927 4484 1026 4556 qui
1079 4485 1484 4555 praemeditata
1539 4487 1862 4544 defectione
1941 4488 2042 4544 bo-

382 4571 633 4627 nitatem
714 4588 850 4628 cum
937 4572 1077 4629 vitio
1158 4577 1218 4629 et
1295 4573 1661 4647 malignitate
1719 4582 2044 4634 commuta-

386 4665 543 4718 runt.

451 4752 604 4808 Disce
631 4752 988 4824 intelligibile
1013 4756 1174 4809 extra
1204 4759 1442 4809 mentem
1473 4770 1608 4811 esse.

457 4841 618 4896 Licet
647 4842 804 4898 enim
827 4842 1030 4898 omnia
1053 4847 1248 4899 mente
1271 4843 1700 4915 comprehensa
1719 4843 1860 4915 sint,
1883 4846 2038 4905 Deus

381 4931 581 4986 tamen
617 4931 877 5002 primum
904 4930 1278 5004 intelligibile
1311 4938 1473 4987 extra
1506 4938 1755 4990 mentem
1787 4935 2035 4995 exsistit.

379 5019 455 5076 At
483 5018 632 5075 illud
664 5027 826 5076 extra
856 5037 971 5077 non
1010 5021 1272 5077 metiaris
1318 5021 1764 5079 intervallorum
1821 5025 2040 5082 distan-

383 5107 486 5178 tia,
574 5124 762 5181 neque
839 5109 1094 5182 accipias
1169 5110 1498 5166 secundum
1579 5112 2034 5172 intellectualem

383 5195 804 5268 diversitatem,
840 5200 939 5255 sed
992 5199 1318 5254 secundum
1369 5200 1563 5255 solum
1605 5201 2035 5276 intelligibilem

383 5299 710 5355 excessum,
732 5293 788 5344 et
813 5287 1212 5344 subsistentia:
1245 5287 1691 5360 proprietatem,
1727 5308 2036 5350 excessum

2152 3418 2242 3474 ἅτε
2271 3418 2462 3494 πόῤῥω
2493 3424 2592 3487 τῆς
2625 3419 2773 3482 θείας
2823 3419 3073 3494 γνώσεως
3124 3415 3296 3487 ὄντες,
3347 3418 3441 3474 καὶ
3494 3425 3594 3490 τῆς
3649 3418 3802 3493 ἀφεγ-

2150 3513 2284 3584 γοῦς
2343 3505 2482 3577 ὕλης
2515 3505 3021 3580 ἀναπεπλησμένοι.
3052 3507 3120 3564 Εἴ
3149 3505 3208 3564 δὲ
3259 3505 3450 3584 βούλει
3483 3509 3611 3585 παρ’
3640 3503 3796 3562 αὐτοῦ

2151 3597 2333 3669 ἀληθῆ
2377 3617 2499 3652 τινα
2547 3593 2791 3667 δέξασθαι
2845 3595 3009 3672 λόγον
3041 3644 3056 3670 ,
3106 3596 3484 3671 παρασκεύαζε
3534 3597 3804 3672 θυτήριον,

2149 3687 2238 3743 καὶ
2275 3686 2366 3741 θόε
2415 3685 2566 3742 λίθον
2615 3685 2922 3763 μνίζουριν.
2971 3689 3034 3746 Ὁ
3086 3684 3144 3744 δὶ
3174 3684 3328 3751 λίθος
3371 3684 3536 3752 οὗτος
3583 3685 3802 3758 δύναμιν

2151 3773 2267 3852 ἔχει
2323 3773 2708 3853 προκλητικήν
2751 3776 2937 3852 ἕτερου
2995 3777 3242 3850 μείζονος
3295 3773 3583 3849 δαίμονος,
3637 3776 3693 3837 ὃς
3740 3769 3803 3840 δὴ

2152 3866 2370 3944 ἀφανῶς
2433 3870 2515 3936 τῷ
2573 3862 2748 3938 ὑλικῷ
2795 3861 3016 3938 δαίμονι
3075 3866 3360 3942 προσιὼν,
3417 3865 3802 3944 προσφωνήσει

2149 3956 2249 4024 τὴν
2294 3959 2402 4009 τῶν
2462 3952 2835 4028 ὶρωτωμὲνων
2897 3952 3184 4025 ἀλήθειαν,
3241 3954 3304 4023 ἣν
3337 3951 3549 4019 ἐκεῖνος
3579 3953 3802 4027 ἀποκριο

2149 4049 2320 4100 τεῖται
2364 4047 2443 4116 τῷ
2491 4043 2788 4117 ἐρωτῶντι.
2851 4045 3002 4119 Λέγει
3037 4041 3095 4098 δὲ
3137 4042 3227 4098 καὶ
3282 4039 3463 4116 ὄνομα
3513 4041 3805 4121 προκλητι-

2151 4134 2244 4188 κὸν
2309 4133 2445 4205 μετὰ
2499 4139 2599 4202 τῆς
2655 4137 2752 4188 τοῦ
2813 4131 2968 4188 λίθου
3019 4131 3224 4198 θυσίας.
3282 4133 3345 4190 Ὁ
3407 4133 3506 4205 μὶν
3539 4128 3806 4190 Χαλδαῖός

2148 4244 2306 4286 τινας
2369 4223 2463 4294 μὲν
2506 4227 2613 4277 τῶν
2674 4219 2950 4295 δαιμόνων
2999 4222 3255 4297 ἀγαθοὺς,
3297 4221 3450 4284 τινὰς
3507 4220 3566 4278 δὲ
3615 4217 3804 4279 κακοὺς

2148 4311 2377 4376 τίθεται·
2413 4313 2443 4368 ὁ
2474 4310 2530 4368 δὲ
2559 4313 2828 4388 ἡμέτερος
2858 4307 3084 4380 εὐσεϐὴς
3127 4309 3291 4387 λόγος
3336 4311 3568 4383 πάντας,
3613 4307 3805 4368 κακοὺς

2152 4403 2410 4477 ὁρίζεται,
2443 4405 2502 4458 ἐκ
2551 4406 2949 4478 προαιρετικῶν
2995 4397 3418 4474 ἀποπτωμάτῶν
3469 4403 3568 4471 τήν
3621 4396 3801 4456 κακίαν

2151 4491 2660 4566 ἀνταλλαξαμένους
2686 4497 2786 4561 τῆς
2815 4489 3172 4568 ἀγαθότητος.

2360 4759 2513 4825 Μάθε
2541 4760 2603 4815 τὸ
2631 4759 2854 4830 νοητὸν,
2885 4756 3001 4814 ἐπεὶ
3038 4755 3140 4828 ἔξω
3171 4756 3300 4812 νόου
3334 4757 3592 4834 ὑπάρχει.

2217 4849 2283 4907 Ei.
2331 4851 2434 4926 γὰρ
2493 4851 2582 4905 καὶ
2630 4848 2804 4904 πάντα
2857 4853 2940 4921 τῷ
2996 4853 3078 4920 νῷ
3134 4845 3550 4924 περιείληπται,
3602 4844 3728 4904 ἀλλ’

2146 4940 2299 5009 Θεὸς,
2330 4941 2393 4995 τὸ
2442 4943 2660 5014 πρῶτον
2710 4938 2928 5009 νοητὸν,
2960 4930 3062 5010 ἔξω
3107 4941 3205 4992 τοῦ
3234 4941 3332 4991 νοῦ
3376 4937 3634 5012 ὑπάρχει,
3664 4933 3726 4991 τὸ
3755 4921 3800 4988 δ’

2147 5026 2269 5100 ἔξω,
2315 5029 2392 5101 μὴ
2435 5026 2883 5100 διαστηματικῶς
2913 5027 3133 5100 νοήσῃς,
3187 5022 3329 5099 μηδὶ
3359 5027 3480 5082 καθ’
3513 5025 3800 5101 ἑτερότητα

2146 5116 2358 5193 νοεράν,
2418 5113 2565 5170 ἀλλά
2625 5115 2763 5170 κατὰ
2815 5113 2986 5187 μόνην
3040 5115 3140 5183 τὴν
3201 5115 3406 5184 νοητὴν
3467 5107 3799 5187 ὑπερϐολὴν,

2145 5207 2233 5261 καὶ
2287 5207 2386 5274 τὴν
2459 5201 2712 5275 ἰδιότητα
2778 5210 2879 5273 τῆς
2947 5203 3246 5278 ὑπάρξεως,
3307 5207 3404 5258 νοῦ
3456 5203 3655 5262 παντὸς
3706 5198 3799 5254 ἐπ-

2147 5295 2324 5350 έκεινα
2380 5291 2563 5362 οὖσαν,
2625 5290 2694 5347 δι’
2753 5291 2816 5347 οὗ
2845 5292 2908 5347 τὸ
2937 5290 3255 5366 ὑπερούσιον
3289 5288 3578 5349 δείκνυται.
3611 5291 3672 5348 Ἠ
3702 5287 3798 5364 γὰρ

1663 5443 1965 5502 JOANNIS
2005 5447 2322 5506 OPSOPEI
2353 5447 2564 5505 NOTIE

463 5550 788 5632 (ξφᾘνίκα
817 5557 1077 5632 θιοηΗοο
1129 5563 1482 5632 ριιωίοθρὶυῐη
1547 5559 1842 5631 magicum
1904 5581 2034 5619 cum

384 5620 771 5707 eaplicat‘ione
784 5643 888 5681 sua
903 5620 1199 5707 citatur‘in
1219 5620 1425 5707 iisdem
1444 5620 1751 5707 Nicephuori
1767 5635 1838 5688 ad
1857 5634 2035 5707 Syne-

2153 5566 2475 5639 μνήζουριν,
2507 5565 2580 5620 de
2606 5580 2724 5636 quo
2750 5563 2948 5639 lapide
2987 5563 3119 5639 vide
3175 5563 3425 5639 August.
3476 5558 3796 5639 _Steuchum

2140 5632 2398 5707 lib._v1u',
2431 5632 2502 5692 De
2518 5632 2759 5705 per-Enni
2785 5632 3145 5707 philosophia
3175 5632 3309 5707 cap:
3334 5635 3426 5700 28,
3459 5632 3793 5707 dendeemo-

387 5693 808 5787 siumzscboliis’
842 5701 1091 5787 pag.’96,
1135 5702 1258 5787 ubi,
1297 5705 1463 5787 metri
1525 5693 1748 5787 ratione
1776 5693 2036 5787 servata
2143 5693 2498 5787 numauiem
2515 5693 3150 5787 divisionesecundum
3173 5693 3792 5774 Cb'aldaosmicepho-

301 5818 312 5823 -
384 5765 684 5835 scribitur,
717 5765 875 5836 ἡνίκα
905 5765 1138 5843 δάίμονα
1164 5769 1211 5826 δ’
1241 5770 1565 5848 ἐρχόμενον,
1592 5780 1701 5832 etc.
1737 5781 1794 5834 et
1832 5781 2034 5836 statim

2153 5796 2276 5839 rum
2306 5781 2366 5837 in
2399 5780 2584 5838 schol.
2619 5793 2752 5853 pag.
2789 5780 2915 5837 117.
