4124 6398
362 431 521 496 illi)

1219 431 1643 495 EXPOSITIO
1688 431 2236 496 ORACULORUM
2283 434 2929 501 CHALDAICORUM.

3631 433 3790 493 H50

362 591 523 653 οὖσῑα
575 588 778 662 ἐκείνη,
809 589 860 663 :6
919 593 1044 653 νοὸς
1103 585 1244 646 ἐστιν
1306 590 1334 645 6
1391 589 1624 666 πρώτως
1677 589 1899 663 νοητὸς,
1958 591 2019 646 οὗ

2138 592 2384 666 inquam
2429 593 2602 668 longe
2632 594 2788 652 ultra
2835 611 3071 652 omnem
3122 597 3401 666 mentem,
3434 609 3552 666 quo
3583 593 3790 665 snper-

362 680 506 744 ἐστιν
533 677 639 752 ’ἐξω
663 679 726 735 τὸ
757 675 1110 750 αὖτονόητονο
1142 678 1289 750 πλὴν
1319 679 1346 734 6
1378 679 1509 742 Θεὸς
1537 679 1627 734 καὶ
1681 683 1777 734 τοῦ
1824 684 2026 752 νοητοῦ

359 772 454 829 καὶ
507 774 605 826 τοῦ
666 770 1005 840 αὐτονοήτου
1064 767 1329 827 ἐπέκεινα.
1364 769 1462 824 Καὶ
1518 766 1647 843 μηδ’
1701 769 1784 825 ὅτι
1827 770 2022 840 νοητὸν

363 861 539 920 ἐκεῖνο
599 859 663 914 τὸ
722 857 866 914 θεῖόν
908 879 1106 937 φαμεν,
1141 856 1272 932 μηδ’
1316 857 1399 914 ὅτι
1449 859 1806 930 αὐτονόητον.
1837 861 2025 935 Κρεῖτ-

361 967 453 1006 τον
487 949 590 1026 γὰρ
612 949 816 1012 παντὸς
841 948 932 1002 καὶ
967 947 1212 1024 ῥήματος
1254 949 1344 1003 καὶ
1393 949 1690 1022 νοήματος,
1723 949 1799 1011 ὡς
1845 949 2020 1019 πάντη

363 1037 688 1108 ἀνεννόητον
731 1036 822 1092 καὶ
855 1037 1240 1115 ἆνέκφραστον,
1271 1037 1361 1092 καὶ
1411 1041 1538 1112 σιγῇ
1575 1035 1786 1111 μᾶλλον
1842 1038 2022 1110 τιμώ-

368 1148 550 1204 μενον,
613 1126 648 1196 ἢ
709 1126 1033 1200 θαυμασίαις
1110 1133 1317 1205 φωναῖς
1393 1125 1811 1201 σεμνυνόμενον.
1865 1130 2021 1184 Ἔστι

365 1217 468 1294 γὰρ
498 1218 589 1272 καὶ
621 1220 718 1272 τοῦ
755 1217 1108 1290 σεμνύνεσθαι
1165 1216 1530 1293 ὑψηλότερον,
1565 1218 1652 1272 καὶ
1707 1221 1804 1271 τοῦ
1844 1215 2020 1294 ἐκφω-

361 1308 589 1374 νεῖσθαι,
620 1303 710 1361 καί
739 1309 836 1360 τοῦ
868 1303 1188 1364 ἐννοεῖσθαι.

2137 683 2455 741 essentiale
2513 685 2973 742 demonstratur.
3015 684 3122 741 Illa
3173 685 3331 740 enim
3387 682 3645 740 essentia
3702 683 3793 737 est

2135 789 2304 830 mens
2334 775 2525 846 primo
2557 774 2968 847 intelligibilis,
2994 780 3155 831 extra
3183 790 3362 847 quam
3395 772 3580 846 gradu
3613 787 3789 843 supe-

2133 863 2257 918 rius
2305 869 2395 919 est
2443 864 2639 936 ipsum
2670 880 2774 936 per
2804 881 2867 920 se
2897 863 3286 936 intelligibile.
3336 863 3519 918 Deum
3567 859 3786 932 excipe,

2134 951 2233 1023 qui
2254 956 2310 1007 et
2333 952 2703 1025 intelligibile
2724 957 2781 1008 et
2802 952 2998 1026 ipsum
3019 970 3121 1025 per
3142 969 3203 1009 se
3226 949 3594 1023 iutelligibile
3618 950 3790 1022 longe

2133 1043 2512 1098 transcendit.
2541 1042 2810 1100 Divinam
2843 1043 2998 1098 enim
3034 1042 3196 1097 illam
3231 1046 3503 1096 naturam
3535 1038 3788 1106 dicimus

2133 1147 2323 1202 neque
2355 1130 2812 1206 intelligibilem,
2846 1148 3036 1204 neque
3078 1148 3180 1204 per
3226 1147 3289 1186 se
3334 1127 3786 1202 intelligibilem.

2129 1223 2378 1292 Superat
2421 1221 2577 1276 enim
2625 1238 2799 1277 omne
2831 1221 3075 1276 verbum
3108 1224 3165 1275 et
3193 1217 3579 1285 intellectum,
3611 1215 3696 1271 ita
3724 1219 3790 1270 ut

2130 1324 2236 1364 nec
2269 1313 2463 1365 mente
2513 1309 2755 1384 percipi,
2790 1325 2895 1365 nec
2925 1309 3121 1364 verbis
3169 1305 3447 1380 explicari
3490 1305 3698 1378 possit,
3731 1307 3790 1360 et

363 1398 598 1456 silentio
629 1397 820 1470 magis
849 1395 1149 1469 honorari,
1179 1413 1358 1470 quam
1393 1399 1742 1455 venerandis
1772 1397 2016 1454 vocibus
2054 1399 2358 1470 praedicari
2398 1399 2625 1456 debeat.
2658 1398 3048 1456 Excellentior
3077 1396 3236 1454 enim
3268 1400 3355 1452 est
3383 1393 3543 1452 omni
3574 1393 3790 1468 praedi-

359 1487 616 1557 catione,
643 1487 973 1544 elocutione
1003 1491 1062 1543 et
1092 1486 1428 1544 intellectus
1458 1487 2000 1561 comprehensione.

357 1576 431 1635 Αἱ
532 1571 718 1652 ἴυγγες
821 1573 1158 1648 νοούμεναι,
1235 1573 1498 1652 πατρόθεν
1597 1576 1860 1666 νοὲουσι;
1933 1574 2023 1629 καὶ

1795 1667 1952 1702 αυται

358 1713 594 1774 Βουλῶν
629 1715 940 1796 ἀφθέγκτων
972 1716 1291 1792 κινούμεναι
1326 1717 1466 1775 ὥστε
1493 1725 1708 1790 νοῆσαι.
1773 1649 1792 1722 [

432 1826 500 1881 Δὶ
531 1825 719 1904 ἴυγγες
749 1827 866 1900 (21)
897 1823 1162 1900 δυνάμεις
1220 1825 1322 1881 εἶσί
1378 1847 1522 1890 τινες
1583 1826 1718 1900 μετᾶ
1771 1827 1862 1882 τὸν
1909 1826 2020 1883 Ηα-

357 1916 544 1990 τρικὸν
601 1915 764 1990 βυθὸν
824 1915 884 1970 ἐκ
951 1919 1119 1991 τριῶν
1195 1915 1432 1992 τριάδων
1511 1916 1900 1993 συγκείμεναι·
1961 1915 2022 1977 ἃς

2131 1577 2334 1650 ,ζαηῃεδ
2364 1577 2675 1650 intellectae,
2708 1595 2746 1634 α
2773 1581 2933 1650 patre
2959 1575 3327 1650 intelligunt:
3358 1577 3412 1631 et
3439 1575 3523 1630 hx

2135 1642 2504 1706 Conisilt'orum
2555 1642 2709 1706 nihil
2761 1642 3086 1705 sonantium
3131 1642 3424 1704 {novantur
3466 1652 3555 1788 utf
3578 1642 3789 1772 ξηιῖιιε-

3558 1733 3668 1790 gan
3699 1758 3715 1773 .

2201 1828 2428 1901 Junges
2472 1832 2614 1884 sunt
2665 1827 2940 1902 potentia
2991 1827 3261 1901 quaedam
3320 1823 3601 1899 proxima
3656 1827 3791 1896 post

2130 1917 2379 1972 fundum
2406 1923 2719 1990 paternum
2744 1933 2774 1972 e
2803 1917 2994 1973 tribus
3015 1916 3383 1972 trinitatibus
3405 1913 3744 1987 compositae
3772 1931 3788 1970 :

359 2009 565 2060 νοεῖται
623 2005 760 2060 κατᾶ
811 2005 902 2060 τὸν
963 2007 1234 2080 Πατρικὸν
1289 2011 1410 2061 νοῦν
1468 2007 1559 2062 τὸν
1592 2009 1690 2077 τὴν
1721 2006 1894 2062 αἲτῖαν
1925 2006 2018 2061 αὖ·

2130 2023 2278 2078 quas
2308 2007 2635 2080 intelligere
2687 2007 2770 2063 ait
2821 2022 2924 2076 per
2973 2015 3277 2078 paternam
3327 2009 3608 2075 mentem,
3658 2020 3787 2075 quae

359 2093 468 2149 τῶν
529 2090 778 2157 ἑνοειδῶς
846 2093 897 2149 ἐν
952 2095 1128 2168 ἑαυτῷ
1185 2095 1656 2172 προστησάμενον.
1694 2098 1756 2153 Αἱ
1808 2093 1864 2151 δὲ
1900 2097 2022 2172 βου-

363 2180 456 2239 λαὶ
494 2187 593 2238 τοῦ
626 2183 838 2258 [ἰατρὸς
867 2181 957 2239 διὰ
975 2185 1078 2254 τήν
1108 2186 1310 2256 νοητὴν
1347 2180 1658 2262 ὑπερϐολὴν
1711 2187 2018 2264 ἄφθεγκτοι.

366 2273 448 2330 Τὰ
474 2269 534 2328 δὲ
560 2275 670 2328 τῶν
704 2271 1051 2348 ἐξῃρημένων
1102 2276 1420 2348 συνθήματα
1475 2276 1634 2352 νοερὰ
1679 2273 1775 2330 κᾶν
1827 2281 2018 2345 νοῆται

361 2361 466 2417 ὑπὸ
523 2365 634 2418 τῶν
697 2359 986 2438 δευτέρων,
1048 2363 1123 2426 ὡς
1183 2361 1457 2442 ἄφθεγκτα
1511 2369 1738 2433 νοεῖται,
1799 2364 1890 2420 καὶ
1944 2365 2018 2420 ὡς

353 2448 658 2527 ἐξῃρημένα
711 2453 822 2506 τῶν
872 2455 1087 2522 νοητῶν
1154 2450 1430 2525 προόδων.
1490 2454 1578 2515 Ὠς
1634 2453 1738 2530 γὰρ
1797 2454 1851 2507 αἱ
1908 2458 2017 2508 τῶν

351 2543 546 2616 ψυχῶν
604 2542 826 2612 νοήσεις
881 2539 978 2595 κᾶν
1035 2545 1203 2596 νοῶσι
1252 2541 1349 2604 τὰς
1425 2542 1616 2618 νοερᾶς
1689 2543 1884 2613 τάξεις,
1946 2543 2018 2606 ὡς

353 2623 730 2702 ἇμεταὸἀτους
758 2633 997 2702 νοοῦσιν,
1031 2629 1177 2685 οὕτω
1228 2629 1318 2685 καί
1352 2632 1408 2686 αἱ
1456 2635 1563 2686 τῶν
1621 2636 1826 2707 νοερῶν
1875 2630 2015 2707 ἐνέρ-

351 2735 495 2794 γιιαι
550 2717 620 2773 τὰ
673 2719 838 2796 νοερὰ
911 2719 1230 2792 συνθήματα
1297 2723 1541 2792 νοοῦσαι,
1595 2719 1671 2784 ὡς
1745 2719 2017 2798 ἄφθεγκτα

350 2809 567 2861 νοοῦσιν
600 2804 655 2861 ἐν
689 2805 978 2882 ὕπάρξεσιν
1013 2808 1352 2884 ὑφεστηκότα
1373 2807 1696 2883 ἀγνώστοις.

2132 2112 2371 2152 causam
2416 2097 2654 2152 illarum
2688 2095 2746 2152 in
2775 2095 3022 2152 unitatis
3063 2097 3251 2151 forma
3289 2094 3402 2150 sibi
3433 2094 3547 2166 ipsi
3578 2109 3789 2165 reprae-

2131 2190 2422 2241 sentatam
2453 2185 2707 2242 exhibet.
2740 2185 3000 2242 Consilia
3045 2189 3243 2241 autem
3290 2184 3481 2241 Patris
3511 2184 3584 2240 ob
3616 2182 3788 2238 intel-

2129 2273 2414 2346 ligibilem
2448 2274 2855 2331 excellentiam
2889 2274 3120 2330 nullum
3144 2289 3356 2330 sonum
3376 2274 3580 2330 edunt.
3607 2271 3789 2344 Atqui

2131 2365 2562 2420 abstractarum
2596 2381 2792 2420 rerum
2825 2370 2973 2420 notae
3018 2369 3075 2418 et
3108 2365 3280 2435 signa
3309 2361 3608 2419 intellectu
3641 2377 3788 2434 prae.

2129 2455 2252 2509 dita
2299 2454 2531 2510 etiamsi
2562 2471 2595 2509 a
2637 2454 2915 2510 secundis
2962 2453 3082 2509 sive
3131 2453 3510 2509 inferioribus
3565 2451 3791 2507 intelli-

2129 2548 2370 2616 guntur,
2403 2560 2471 2599 ea
2521 2549 2720 2599 tamen
2766 2547 3053 2615 tanquam
3107 2542 3256 2598 nihil
3290 2541 3565 2597 sonantia
3611 2545 3670 2597 et
3718 2541 3790 2596 ab

2129 2633 2290 2687 omni
2343 2631 2703 2705 intelligi'bili
2747 2648 2998 2688 excursu
3033 2635 3307 2704 separata
3358 2629 3792 2702 intelliguntur.

2131 2720 2207 2777 Ut
2238 2722 2396 2777 enim
2442 2737 2712 2777 amarum
2744 2720 3153 2793 intelligentia
3188 2720 3323 2776 licet
3351 2721 3590 2775 ordines
3619 2718 3796 2775 intel-

2130 2810 2286 2867 lectu
2320 2811 2599 2883 praeditos
2630 2811 2994 2883 intelligunt,
3017 2825 3116 2866 eos
3138 2814 3333 2866 tamen
3365 2813 3430 2866 ut
3462 2807 3795 2865 immobiles

356 2895 698 2971 intelligunt
731 2911 744 2952 :
779 2898 865 2954 sie
898 2897 1076 2953 etiam
1129 2897 1623 2954 intellectualium
1668 2898 2038 2971 operationes
2075 2898 2343 2971 symbolo
2374 2898 2711 2957 intellectus
2742 2899 2978 2972 capacia
3025 2897 3442 2972 intelligentes,
3473 2914 3542 2954 ea
3569 2897 3794 2969 absque

365 2985 499 3041 soni
526 2986 842 3045 emissione
873 2986 1241 3061 intelligunt,
1273 2987 1332 3043 in
1365 2987 1722 3045 substantiis
1751 2987 2066 3061 incognitis
2098 2988 2508 3045 subsistentia.

1603 3133 1908 3192 JOANNIS
1947 3133 2267 3191 OPSOPJEI
2307 3134 2538 3192 ΝΟΤίΕ.

427 3254 540 3333 (21)
572 3253 643 3333 At
673 3249 882 3332 ἴυγγες.
913 3255 1441 3333 BetinuiGrazcam
1474 3259 1791 3333 dictionem
1823 3262 2018 3330 iunges

353 3328 418 3384 in
449 3328 930 3412 versione,_'quod
962 3345 1030 3412 ea
1061 3330 1270 3386 Laelius
1314 3335 1486 3404 poeta
1514 3332 1670 3404 apud
1699 3328 2015 3406 Apuleium

354 3417 504 3459 usus
533 3400 610 3458 sit
641 3401 701 3458 in
737 3400 831 3458 bis
863 3402 1129 3458 versibus
1163 3418 1178 3458 :

493 3473 716 3546 Philtra
735 3475 935 3546 omnia
963 3474 1208 3546 undique
1235 3484 1442 3532 eruunt
1469 3492 1489 3534 :

493 3544 813 3617 Antipathes
839 3545 982 3600 illud
1014 3544 1318 3617 quaeritur,

497 3615 758 3688 Trochih',
791 3617 1006 3689 iunges,
1020 3615 1231 3675 taeniae

2271 3261 2568 3327 Radiculz,
2603 3259 2806 3328 herbae,
2841 3259 3077 3324 surculi,
3110 3261 3222 3314 etc.

2125 3332 2395 3388 Nominis
2447 3325 2734 3388 rationem
2793 3325 2851 3388 et
2907 3331 3401 3403 signiﬁcationem
3449 3325 3580 3403 vide
3629 3329 3786 3399 apud

2126 3406 2364 3460 Pindari
2403 3409 2462 3461 et
2511 3404 2799 3460 Theocriti
2842 3400 3215 3466 scholiastas,
3248 3401 3491 3457 Suidam
3541 3400 3682 3466 item
3730 3405 3790 3456 et

2126 3477 2523 3549 Nicephorum
2547 3477 2627 3549 ad
2661 3477 2784 3532 haec
2816 3475 3045 3549 Syuesii
3075 3465 3254 3530 verba
3288 3471 3341 3526 αὶ
3377 3469 3566 3546 μάγων
3603 3465 3786 3547 ἰύγγες

2125 3547 2303 3620 αὗται,
2338 3566 2468 3622 pag.
2495 3548 2587 3604 96.

1401 3959 1652 4057 ΤΟΥ
1729 3958 2150 4056 ΑΥΤΟΥ
2225 3958 2740 4056 ΨΕΛΛΟΥ

731 4158 1030 4216 ΕΚΘΕΣΙΣ
1073 4160 1524 4219 ΚΕΦΛΑῙΩΔΗΣ
1567 4162 1691 4216 ΚΑΙ
1733 4160 2101 4217 ΣΥΝΤΟΜΟΣ
2143 4161 2286 4216 ΤΩΝ
2325 4162 2519 4216 ΠΑΡΑ
2559 4160 2949 4216 ΧΑΛΔΑΙΟΙΣ
2994 4155 3394 4216 ΔΟΓΜΛΤΩΝ.

1529 4455 2093 4550 EJUSDEM
2162 4453 2604 4549 PSELLl

793 4665 1204 4727 bUMMARM
1261 4669 1354 4727 Εἰ*
1401 4663 1684 4728 BREVIS
1733 4659 2179 4728 DOGMATUM
2225 4665 2845 4727 CHALDAICORUM
2892 4665 3338 4726 EXPOSITIO.

428 4960 597 5019 Ἐπτά
675 4982 802 5042 φασι
871 4961 1217 5036 σωματικοὺς
1283 4962 1546 5036 κόσμους,
1601 4962 1866 5037 ἐμπῦριον
1921 4960 2016 5019 ἕνα

2200 4965 2452 5022 Οὴοιάωὶ
2504 4967 2776 5021 statuunt
2839 4966 3062 5037 septem
3133 4961 3386 5019 mundos
3453 4975 3785 5032 corporeos,

353 5053 446 5109 καὶ
503 5056 745 5128 πρῶτον,
775 5051 863 5105 καὶ
922 5055 1069 5127 τρεῖς
1128 5052 1244 5123 μετ’
1275 5051 1435 5106 αὐτὸν
1487 5052 1780 5125 αἷθερίους,
1830 5050 2015 5107 ἔπειτα

348 5147 496 5220 τρεῖς
557 5140 814 5202 ὑλαίους·
878 5139 951 5193 ὧν
1013 5141 1040 5194 6
1091 5135 1324 5216 ἔσχατος
1381 5143 1607 5216 χθόνιος
1664 5140 1872 5217 εἴρηται
1920 5143 2008 5196 καὶ

350 5232 651 5307 μισοφαής,
684 5228 742 5292 ὅς
806 5227 949 5284 ἐστιν
983 5229 1011 5283 ὁ
1063 5229 1166 5284 ὑπὸ
1227 5229 1465 5301 σελήνην
1525 5231 1714 5299 τόπος,
1748 5227 1891 5307 ἔχων
1958 5230 2008 5286 ἐν

345 5325 524 5394 ἑαυτῷ
577 5321 664 5375 καὶ
722 5318 821 5387 τὴν
874 5316 1012 5388 ὕλην
1065 5317 1124 5372 ’ὀν
1175 5317 1408 5374 καλοῦσι
1446 5320 1628 5394 βυθόν.
1659 5319 1797 5376 Μίαν
1831 5321 2009 5396 ἀρχὴν

341 5417 456 5470 τῶν
482 5410 699 5466 πάντων
733 5405 1044 5480 δοξάζουσι,
1075 5408 1163 5462 καὶ
1198 5407 1255 5462 ἐν
1289 5409 1456 5478 αὐτὴν
1491 5411 1582 5465 καὶ
1632 5411 1829 5486 ἀγαθὸν
1883 5411 2013 5466 ἀπο-

344 5504 665 5584 γυμνώσιν.
725 5498 860 5555 Εἶτα
915 5494 1177 5573 πατρικόν
1235 5517 1358 5551 τινα
1400 5498 1564 5572 βυθὸν
1633 5493 1910 5570 σέϐονται,
1952 5498 2012 5554 ἐκ

346 5595 514 5666 τριῶν
563 5584 800 5666 τριάδων
861 5585 1240 5660 συγκείμενον.
1292 5587 1522 5657 Ἐκάστη
1576 5584 1632 5641 δὲ
1681 5588 1834 5664 τριὰς
1894 5587 2009 5666 ἔχει

352 5675 582 5752 πατέρα,
614 5674 867 5749 δύναμιν,
900 5674 989 5730 καὶ
1045 5679 1188 5730 νοῦν.
1224 5674 1354 5731 Εἶτά
1400 5673 1541 5731 ἐστιν
1573 5679 1609 5748 ἡ
1640 5679 1813 5749 νοητὴ
1867 5677 2005 5754 ἷύγξ⁶

359 5769 494 5843 μετὰ
552 5766 611 5824 δὲ
666 5766 892 5836 ταύτην,
923 5765 976 5820 οἱ
1035 5771 1310 5842 συνοχεῖς,
1350 5768 1378 5822 6
1429 5765 1718 5844 ἐμπύριος,
1779 5768 1807 5823 6
1864 5767 2008 5824 αῗθὲ-

2125 5057 2364 5128 igneum
2410 5071 2595 5110 unum
2626 5071 2883 5128 eumque
2930 5053 3214 5126 primum,
3265 5055 3402 5124 post
3447 5049 3606 5105 hunc
3664 5053 3786 5105 tres

2122 5145 2414 5214 aetherios,
2466 5144 2678 5200 deinde
2727 5149 2847 5200 tres
2897 5141 3231 5198 materiales
3264 5158 3278 5198 :
3314 5158 3344 5197 e
3375 5139 3596 5212 quibus
3647 5136 3783 5193 ulti-

2125 5251 2258 5292 mus
2310 5234 2603 5291 terrestris
2636 5233 2854 5289 dicitur
2884 5236 2941 5288 et
2971 5231 3122 5289 lucis
3163 5247 3319 5302 osor,
3351 5229 3453 5302 qui
3495 5228 3662 5284 locus
3691 5231 3783 5284 est

2121 5323 2327 5380 subter
2348 5323 2573 5393 lunam,
2597 5323 2652 5378 in
2677 5339 2807 5378 sese
2827 5323 3006 5379 etiam
3029 5320 3339 5378 materiam
3361 5317 3784 5391 complectens,

2121 5428 2298 5485 quem
2333 5413 2584 5469 fundum
2618 5412 2950 5470 nominant.
2977 5411 3228 5468 Unicum
3257 5408 3627 5466 arbitrantur
3653 5422 3785 5464 esse

2121 5518 2317 5558 rerum
2337 5503 2602 5560 omnium
2627 5503 3008 5575 principium,
3025 5501 3203 5574 idque
3224 5499 3578 5573 proﬁtentur
3595 5513 3783 5553 unum

2119 5608 2250 5649 esse
2280 5597 2338 5648 et
2367 5593 2612 5649 bonum.
2650 5593 2868 5649 Deinde
2899 5591 3101 5648 colunt
3135 5595 3448 5663 paternum
3480 5586 3780 5659 quoddam

2120 5682 2367 5739 fundum
2400 5700 2468 5739 ex
2502 5682 2690 5739 tribus
2738 5682 3108 5738 trinitatibus
3161 5678 3574 5753 compositum.
3608 5677 3778 5742 Quae-

2117 5772 2263 5830 libet
2294 5777 2495 5830 autem
2547 5773 2779 5830 trinitas
2832 5773 3010 5830 habet
3061 5775 3310 5845 patrem,
3344 5763 3689 5840 potentiam,
3722 5765 3780 5821 et
