4124 6406
382 411 527 472 1151

1713 409 2142 474 MICHAELIS
2189 411 2461 475 PSELLI

3643 415 3796 477 H52

378 547 656 598 mentem.
694 546 903 600 Postea
932 545 1202 617 sequitur
1236 546 1387 617 junx
1428 549 1625 622 mente
1656 543 2038 616 comprehen-

2158 562 2297 618 ριος,
2338 544 2428 599 καὶ
2463 545 2490 600 6
2527 541 2737 607 ὑλαῖος.
2773 545 2919 600 Μετὰ
2949 541 3007 600 δὲ
3053 541 3182 608 τοὺς
3223 548 3499 619 συνοχεῖς,
3531 545 3581 599 oi
3616 543 3796 600 τελετ-

377 633 592 689 sibilis.
637 633 781 688 Huic
832 635 1084 707 proximi
1143 642 1284 691 sunt
1341 637 1698 692 mundorum
1761 640 2036 700 rectores,

380 723 612 794 igneus,
645 722 943 789 aetherius,
977 730 1034 779 et
1073 725 1422 781 materialis.
1458 726 1598 781 Post
1646 730 1901 780 rectores
1931 739 2038 778 caa-

377 812 776 868 remoniarum
826 813 1146 885 principes.
1179 815 1282 870 His
1331 817 1660 870 succedunt
1689 813 2036 886 perennium

379 901 633 956 fontium
685 907 906 973 patres,
940 904 1037 974 qui
1075 908 1132 958 et
1161 905 1370 958 mundi
1403 906 1675 959 ductores
1727 903 2036 958 nominan-

377 993 493 1059 tur,
519 1007 770 1063 quorum
807 993 1036 1060 primus
1077 993 1260 1048 semel
1308 1011 1486 1064 supra
1519 994 1710 1048 dictus
1742 995 1832 1047 est
1863 1007 1874 1044 :
1907 995 2039 1062 post

378 1094 556 1151 quem
611 1081 843 1147 Hecate,
881 1082 1094 1137 deinde
1139 1085 1188 1137 is
1221 1099 1394 1154 quem
1437 1083 1530 1138 bis
1559 1099 1738 1154 supra
1770 1081 2038 1135 nomina-

378 1169 577 1224 vimus
612 1187 624 1224 :
661 1169 732 1224 ab
767 1172 872 1226 hoc
903 1177 1042 1225 sunt
1085 1177 1202 1226 tres
1233 1171 1655 1244 implacabiles,
1686 1177 1743 1226 et
1772 1170 2036 1224 omnium

380 1257 631 1314 ultimus
680 1259 1032 1315 succinctor.
1083 1260 1450 1315 Venerantur
1501 1261 1676 1316 etiam
1739 1261 2036 1315 fontanam

379 1348 708 1404 trinitatem
763 1349 920 1417 ﬁdei,
951 1350 1214 1406 veritatis
1252 1356 1308 1405 et
1347 1351 1584 1405 amoris.
1618 1351 1852 1405 Ponunt
1899 1351 2036 1404 item

382 1435 568 1492 solem
621 1437 1061 1509 imperatorem,
1094 1445 1150 1493 et
1180 1456 1213 1493 a
1245 1441 1402 1494 fonte
1450 1439 1742 1494 materiali
1793 1438 2041 1494 archan-

381 1526 658 1653 gelicum,
721 1527 1017 1584 sensionis
1074 1528 1316 1596 fontem,
1366 1530 1672 1584 fontanum
1721 1528 2039 1599 judicium,

409 1615 729 1653 ιιιπιςηοιπη
765 1615 983 1653 ρηηιοηη
1042 1616 1416 1653 "omnm"...
1470 1617 1685 1653 ρηηιιπη
1745 1616 2039 1653 ηικυοηιο-

409 1615 731 1672 ulmineum
764 1615 1009 1685 fontem,
1041 1616 1418 1688 speculorum
1470 1617 1709 1682 fontem,
1745 1616 2041 1673 characte-

380 1721 516 1760 rum
548 1706 767 1760 fontem
816 1705 1135 1778 incognitis
1169 1706 1354 1776 signis
1385 1711 1442 1762 et
1475 1706 1757 1780 symbolis
1807 1707 2040 1760 inrum-

379 1794 640 1862 bentem,
673 1799 728 1848 et
760 1794 1134 1851 summitates
1183 1795 1477 1863 fontanas,
1512 1795 1822 1868 Apollinis.
1856 1795 2037 1849 Osiri-

2146 630 2314 708 ἀρχαι
2350 653 2362 666 ⁸
2429 633 2565 706 μετὰ
2617 632 2673 689 δὲ
2732 635 2983 704 τούτους,
3045 635 3097 688 oi
3155 639 3382 710 πηγαῖσι
3448 633 3692 708 πατέρες,
3749 635 3799 688 oi

2144 721 2478 794 καλούμενοι
2539 725 2626 778 xui
2669 723 3062 800 κοσμαγωγοί’
3101 725 3174 778 ὧν
3235 725 3262 778 6
3319 727 3539 798 πρῶτος
3594 723 3622 778 6
3669 723 3800 793 ἅπαξ

2146 810 2392 867 ἐπέκεινα
2449 811 2762 888 λεγόμενος·
2831 815 2950 886 μεθ’
3007 814 3067 868 ’ὀν
3126 815 3161 882 ἡ
3221 811 3446 883 Ἑκάτη,
3479 812 3589 867 εἶτα
3640 811 3667 866 6
3721 808 3802 874 δὶς

2147 900 2432 956 ἐπέκεινα’
2472 905 2588 976 μεθ’
2621 903 2676 957 ὃν
2735 909 2882 978 τρεῖς
2937 901 3288 976 ἆμείλικτοι·
3348 902 3440 956 καὶ
3495 898 3802 962 τελευταῖος

2148 991 2176 1044 6
2233 991 2534 1060 ὑπεζωκός.
2597 987 2858 1047 Σὲϐονται
2913 990 2970 1048 δὲ
3028 991 3117 1047 xui
3176 991 3411 1068 πηγαίαν
3464 987 3658 1066 τριάδα
3713 987 3802 1044 πί-

2147 1101 2314 1142 στεως
2363 1080 2451 1134 καὶ
2502 1079 2761 1151 ἀληθείας
2804 1081 2893 1136 καὶ
2943 1078 3166 1157 ἔρωτος.
3192 1080 3333 1136 Φασὶ
3384 1077 3442 1135 δὲ
3496 1079 3584 1134 καὶ
3643 1078 3802 1154 ἀρχι-

2149 1171 2242 1224 κὸν
2271 1167 2459 1238 ἥλιον,
2491 1169 2598 1224 ἀπὸ
2627 1177 2728 1239 τῆς
2763 1169 2956 1240 ὑλικῆς
3011 1177 3195 1246 πηγῆς
3244 1167 3335 1224 xui
3377 1167 3802 1244 ἀργαγγελικὸν,

2147 1259 2239 1314 καὶ
2298 1261 2481 1335 πηγὴν
2538 1258 2863 1330 αἰσθήσεως,
2896 1261 2986 1314 καὶ
3043 1259 3288 1334 πηγαίαν
3347 1257 3548 1335 κρίσιν,
3590 1256 3680 1312 καὶ
3725 1275 3804 1310 κε-

2151 1348 2364 1424 ραύνιον
2424 1350 2632 1424 πηγὴν,
2665 1349 2756 1404 καὶ
2815 1349 2996 1425 πηγὴν
3056 1346 3328 1424 Sion-pr
3380 1347 3470 1403 xui
3527 1345 3803 1422 χαρακτή-

2151 1456 2258 1510 ρων
2321 1438 2507 1512 πηγὴν
2569 1432 2989 1493 ἐπιϐατεύουσαν
3061 1443 3177 1500 τοῖς
3252 1437 3552 1513 ἀγνώστοις
3613 1435 3804 1504 συνθή-

2154 1547 2333 1600 μασι·
2414 1527 2504 1582 καὶ
2622 1526 2864 1603 πηγαίας
2963 1527 3267 1604 ἀκρότητας
3311 1570 3326 1597 ,
3401 1523 3806 1595 Ἀπόλλωνος,

2154 1612 2444 1690 Ὀσίριδος,
2508 1616 2732 1689 Ἣρμοῦ.
2792 1615 3009 1678 Ὑλικὰς
3077 1614 3135 1672 δὶ
3205 1617 3386 1691 πηγάς
3454 1633 3637 1691 φασιν,
3691 1607 3806 1668 κίν-

2151 1725 2297 1776 τρων
2358 1706 2448 1758 καὶ
2513 1706 2825 1780 στοιχείων,
2887 1707 2977 1760 xui
3034 1705 3257 1782 ὀνείρων
3302 1706 3501 1774 ζώνην,
3554 1701 3646 1757 καὶ
3699 1721 3805 1770 πη-

2151 1798 2311 1867 γαῖαν
2373 1795 2582 1867 ψυχήν,
2640 1795 2784 1848 Μετὰ
2845 1791 2902 1849 δὲ
2960 1795 3056 1856 τὰς
3107 1797 3290 1870 πηγὰς
3365 1794 3618 1869 λέγουσιν
3681 1791 3806 1845 εἶναι

383 1883 496 1949 dis,
531 1883 825 1946 Mercurii,
859 1883 1188 1939 Materiales
1237 1901 1372 1941 vero
1422 1886 1612 1940 fontes
1660 1886 1866 1940 dicunt
1911 1901 2043 1940 esse

2158 1881 2350 1979 ἐρχάς-
2381 1883 2452 1938 Ai
2481 1884 2582 1957 γὰρ
2613 1883 2790 1958 πηγαὶ
2841 1883 3212 1960 ἀρχικώτεραι
3269 1887 3377 1939 τῶν
3423 1883 3615 1958 ἀρχῶν
3639 1901 3653 1916 ·
3700 1882 3804 1979 τῶν

383 1977 746 2040 centrorum,
790 1974 1219 2028 elementorum
1282 1978 1340 2030 et
1395 1975 1760 2029 somniorum
1811 1989 2040 2029 zonam.

387 2063 535 2117 Item
560 2061 820 2117 animam
846 2064 1178 2118 fontanam.
1201 2063 1478 2118 Fontibus
1501 2064 1867 2133 subjungunt
1890 2063 2045 2135 prin-

383 2151 537 2223 cipia
573 2167 585 2206 :
617 2153 770 2220 quod
808 2152 1114 2223 principiis
1156 2154 1488 2224 superiores
1520 2157 1578 2208 et
1607 2151 2045 2208 excellentiores

386 2241 506 2297 sint
562 2241 777 2296 fontes.
829 2241 1264 2313 Principiorum
1321 2244 1545 2309 autem!
1575 2241 1854 2297 animalia
1911 2258 2046 2312 pro-

386 2330 714 2386 creantium
767 2330 1083 2386 summitas
1131 2335 1376 2386 vocatur
1414 2331 1624 2387 Hecate
1672 2347 1686 2386 :
1739 2331 2044 2398 medietas,

387 2420 586 2475 anima
636 2418 974 2475 inchoativa
1011 2435 1024 2474 :
1069 2420 1431 2488 extremitas,
1463 2420 1652 2475 virtus
1695 2419 2044 2475 inchoativa.

389 2509 541 2564 Sunt
571 2509 725 2580 apud
759 2507 893 2564 illos
925 2526 1157 2580 quoque
1204 2509 1429 2565 Hecatae
1460 2507 1680 2577 ἅζωνοι,
1714 2525 1842 2579 quae
1873 2525 2049 2565 zonas

389 2615 505 2654 non
531 2599 773 2664 habent,
788 2602 855 2653 ut
876 2597 1190 2653 Chaldaica
1209 2595 1536 2672 τριεκδότις,
1555 2596 1835 2669 κωμάς,θΐ
1861 2594 2052 2651 ἔκκλυ-

387 2686 569 2755 στική.
605 2686 692 2742 Dii
744 2692 941 2762 autem
995 2683 1196 2755 ἄζωνοι
1229 2687 1348 2743 illis
1397 2688 1681 2742 dicuntur
1727 2688 1966 2760 Serapis
1996 2693 2053 2743 et

388 2775 683 2847 Dionysus
724 2776 844 2830 sive
888 2777 1191 2832 Bacchus:
1220 2776 1472 2831 Osiridis
1517 2776 1659 2832 item
1694 2776 1846 2850 σειρά
1877 2778 2054 2849 (quasi

387 2865 458 2920 ad
485 2867 784 2936 geniorum
833 2868 1005 2920 series
1045 2869 1248 2920 catenae
1277 2881 1428 2920 more
1457 2869 1721 2934 connexa)
1752 2872 1810 2921 et
1839 2865 2053 2937 Apolli-

388 2954 482 3009 nis
516 2953 888 3025 appellantur
931 2951 1131 3021 ἅζωνοι
1165 2955 1244 3008 dii
1277 2955 1434 3025 quod
1467 2955 1734 3026 expedite
1762 2959 2054 3026 potestate

393 3059 503 3098 sua
534 3043 592 3098 in
625 3045 788 3099 zonis
819 3048 1092 3111 utuntur,
1116 3047 1175 3099 et
1198 3060 1378 3115 supra
1399 3044 1540 3100 deos
1565 3045 1916 3115 conspicuos
1947 3045 2057 3100 col-

397 3131 572 3187 locati
604 3137 764 3188 sunt.
787 3136 1017 3186 Ζωναῖοι
1047 3138 1250 3188 contra
1273 3133 1374 3204 qui
1396 3149 1576 3188 zonas
1605 3133 1843 3200 habent,
1874 3133 2056 3190 libere

394 3220 548 3276 circa
581 3220 708 3276 coeli
757 3239 932 3277 zonas
981 3220 1294 3277 volvuntur
1323 3226 1380 3276 et
1411 3221 1779 3294 gubernandi
1829 3240 2050 3280 munus

390 3313 635 3378 obeunt,
668 3311 889 3366 habent
937 3311 1094 3366 enim
1127 3310 1382 3366 Chaldaei
1433 3311 1676 3367 deorum
1709 3328 1896 3384 genus
1943 3313 2045 3368 Zo-

391 3416 606 3464 meum,
631 3400 785 3472 quod
835 3400 1134 3455 sensibilis
1164 3401 1372 3456 mundi
1406 3405 1602 3472 partes
1642 3401 1956 3471 inhabitat,
1989 3407 2048 3457 et

393 3489 664 3561 regiones
694 3489 849 3543 circa
879 3489 1244 3544 materialem
1289 3489 1482 3545 locum
1515 3495 1671 3546 sorte
1701 3491 2049 3546 distributas

391 3577 597 3648 cingit.
623 3581 763 3633 Post
783 3594 961 3632 zonas
990 3581 1081 3633 est
1113 3577 1370 3633 circulus
1397 3595 1508 3634 non
1539 3595 1743 3634 errans
1765 3595 1865 3634 seu
1900 3581 2048 3634 ﬁxus

389 3671 618 3737 septem
664 3666 837 3721 orbes
867 3665 1284 3738 complectens,
1318 3667 1377 3722 in
1412 3667 1630 3739 quibus
1663 3668 1842 3723 stellae
1887 3673 2046 3724 sunt.

392 3756 570 3811 Porro
601 3755 755 3811 alius
784 3755 905 3811 illis
937 3761 1026 3811 est
1057 3757 1319 3812 mundus
1350 3757 1581 3821 solaris,
1605 3758 1843 3813 aetherio
1868 3759 2049 3814 fundo

390 3845 798 3913 subserviens;
862 3845 1016 3900 alius
1063 3845 1327 3910 Zonaius,
1377 3862 1534 3901 unus
1565 3863 1596 3902 e
1627 3852 1870 3919 septem.
1911 3847 2050 3904 Ani-

390 3949 625 3989 marum
677 3933 1076 3989 humanarum
1128 3933 1423 4005 duplicem
1477 3941 1704 4006 ponunt
1751 3953 1986 3993 causam
2020 3953 2052 3994 e

389 4023 550 4078 fonte
607 4024 850 4096 perenni
920 4028 1416 4094 promanantem,
1476 4030 1782 4095 paternam
1844 4042 2053 4096 nempe

390 4116 669 4179 mentem,
703 4117 761 4166 et
808 4113 1076 4168 animam
1127 4113 1454 4168 fontanam.
1488 4113 1687 4170 Prodit
1734 4119 1953 4184 autem,
1987 4120 2051 4170 ut

391 4202 478 4256 illi
531 4200 766 4267 volunt,
820 4201 1194 4273 particularis
1252 4203 1452 4257 anima
1499 4219 1532 4257 a
1580 4204 1841 4269 fontana,
1881 4205 2053 4274 juxta

395 4291 588 4345 Patris
609 4290 970 4345 voluntatem
1000 4307 1010 4345 :
1038 4295 1096 4345 et
1117 4290 1294 4346 habet
1324 4291 1640 4348 essentiam
1663 4309 1765 4364 per
1785 4309 1848 4347 se
1878 4309 2052 4365 gene-

393 4383 582 4433 ratam
633 4383 690 4434 et
722 4379 1066 4434 animatam.
1099 4379 1350 4434 Aliunde
1390 4380 1546 4434 enim
1598 4397 1714 4436 non
1763 4387 2049 4438 movetur.

392 4466 537 4522 Nam
589 4468 660 4535 si,
694 4472 759 4521 ut
789 4467 845 4520 in
881 4467 1116 4523 oraculo
1153 4468 1356 4535 fertur,
1390 4469 1541 4540 ignis
1570 4469 1746 4524 divini
1798 4487 1936 4540 pars
1964 4475 2056 4526 est

393 4561 451 4611 et
479 4557 636 4627 ignis
668 4555 924 4623 lucidus,
959 4563 1133 4628 atque
1166 4562 1422 4629 paternae
1462 4559 1679 4614 mentis
1709 4565 2048 4632 conceptus,

2154 1969 2212 2027 δὲ
2271 1972 2558 2048 ζωογόνων
2616 1973 2830 2048 ἀρχῶν,
2861 1976 2896 2042 ὴ
2961 1974 3056 2046 μὶν
3094 1972 3578 2047 ἀκρότης,Ἑκάτη
3617 1966 3806 2036 ,καλεῖ-

2151 2081 2262 2117 ται.
2289 2063 2358 2117 Ἥ
2404 2059 2460 2116 δὲ
2512 2061 2768 2134 μεσότης,
2795 2064 2949 2135 ψυχὴ
2999 2063 3228 2138 ἀρχική.
3260 2063 3324 2120 Ἠ
3385 2059 3444 2116 δὶ
3480 2058 3804 2136 περάτωσις,

2154 2149 2320 2224 ἀρετή
2369 2150 2598 2226 ἀρχική.
2642 2150 2763 2208 Εἰσὶ
2816 2149 2873 2206 δὶ
2931 2153 3058 2226 παρ’
3087 2153 3274 2212 αὐτοῖς
3323 2151 3411 2206 καὶ
3462 2149 3660 2220 ἄζωνοι

2154 2240 2397 2305 Ἑκάται,
2429 2240 2503 2301 ὡς
2557 2243 2592 2309 ἡ
2633 2239 2933 2315 τριεκδότις
2983 2242 3018 2311 ἡ
3061 2238 3372 2310 Χαλδαϊκή,
3403 2239 3495 2295 καὶ
3525 2242 3560 2309 ἡ
3592 2236 3802 2310 κωμὰς,

2155 2331 2244 2385 xui
2304 2333 2339 2399 ἡ
2393 2328 2741 2399 ὲκκλυστική.
2796 2330 3084 2398 ’Δζωνικοὶ
3145 2327 3203 2385 δὲ
3248 2330 3376 2405 παρ’
3433 2329 3622 2388 αὐτοῖς
3677 2322 3805 2390 Θεοὶ,

2159 2418 2186 2472 6
2245 2419 2508 2492 Σάραπις,
2567 2418 2654 2472 καὶ
2727 2419 2756 2472 6
2801 2418 3054 2480 Διόνυσος
3143 2417 3232 2472 xui
3293 2420 3328 2487 ἡ
3379 2423 3480 2473 τοῦ
3538 2409 3808 2488 Ὀσίριδος

2160 2506 2312 2580 σειρὰ
2358 2509 2492 2579 (23).
2525 2511 2614 2560 xui
2672 2509 2707 2575 ἠ
2747 2511 2844 2561 τοῦ
2901 2503 3282 2570 Ἀπόλλωνος.
3317 2509 3556 2577 Ἀζωνοι
3609 2501 3667 2559 δὲ
3717 2521 3811 2557 xu-

2160 2592 2382 2650 λοῦνται
2415 2596 2467 2649 oi
2522 2593 2760 2657 εὐλύτως
2802 2595 3261 2666 ἐνεξουσιάζοντες
3309 2602 3428 2658 ταῖς
3483 2596 3678 2666 ζώναις
3727 2589 3812 2646 xui

2165 2683 2580 2759 ὑπεριδρυμένοι
2641 2689 2745 2738 τῶν
2807 2684 3059 2763 ἐμφανῶν
3125 2691 3280 2749 θεῶν.
3333 2691 3568 2741 Ζωναῖοι
3629 2680 3706 2750 δὲ,
3761 2680 3810 2734 oi

2157 2775 2253 2835 τὰς
2303 2773 2353 2828 ἓν
2403 2774 2614 2850 οὐρανῷ
2666 2774 2836 2843 ζώνας
2879 2773 3168 2837 ἀπολύτως
3226 2773 3680 2850 περιελίττοντες,
3726 2765 3812 2823 xui

2159 2863 2227 2918 τὰ
2260 2860 2393 2936 τῇδε
2425 2861 2777 2926 διοικοῦντες.
2809 2868 2963 2919 Θεῖον
3022 2863 3122 2940 γὰρ
3177 2864 3334 2940 γένος
3388 2863 3504 2918 ἐστὶ
3566 2865 3690 2936 παρ’
3718 2857 3809 2912 αὑ-

2159 2958 2277 3014 τοῖς
2338 2957 2590 3022 ζωναῖον,
2640 2952 2703 3006 τὸ
2755 2952 3217 3026 κατανειμάμενον
3267 2953 3364 3015 τὰς
3418 2956 3519 3008 τοῦ
3561 2947 3810 3018 αἴσθητοῦ

2161 3043 2372 3115 κόσμου
2409 3039 2647 3117 μερίδας,
2682 3039 2770 3096 xui
2823 3043 3137 3114 ζωσάμενον
3184 3042 3280 3104 τὰς
3330 3042 3457 3116 περὶ
3507 3042 3598 3097 τὸν
3631 3036 3806 3094 ὗλαῖον

2161 3133 2329 3187 τόπον
2381 3129 2802 3208 διακληρώσεις.
2864 3131 3017 3188 Μετὰ
3082 3128 3139 3186 δὲ
3194 3131 3291 3195 τὰς
3358 3129 3534 3201 ζώνας
3591 3126 3729 3184 ἐστὶν
3781 3123 3806 3176 6

2164 3221 2414 3291 ἀπλανὴς
2477 3220 2700 3292 κύκλος,
2760 3222 3035 3296 περιέχων
3077 3221 3174 3284 τὰς
3245 3219 3381 3276 ἔπτὰ
3457 3217 3708 3299 σφαίρας,
3763 3210 3807 3267 ἓν

2160 3314 2246 3374 αἷς
2294 3311 2361 3367 τὰ
2410 3309 2597 3386 ὄίστρα.
2630 3311 2734 3367 Καὶ
2787 3309 2958 3372 ἄλλος
3004 3311 3099 3383 μὲν
3142 3311 3270 3386 παρ’
3303 3309 3492 3373 αὐτοῖς
3536 3311 3565 3366 6
3593 3301 3812 3377 ἡλιακὸς

2153 3401 2362 3474 κόσμος
2413 3405 2492 3472 τῷ
2537 3399 2762 3475 αἲθερίῳ
2816 3399 2964 3474 βάθει
2997 3396 3295 3454 δουλεύων·
3346 3397 3523 3463 ἄλλος
3568 3395 3626 3453 δὲ
3655 3396 3684 3451 6
3715 3398 3811 3462 ζω-

2156 3491 2432 3556 ναῖος,εἴς
2484 3487 2556 3542 ὣν
2596 3493 2705 3542 τῶν
2738 3488 2892 3542 ἑπτά.
2935 3491 3054 3543 Τῶν
3106 3484 3164 3542 δὲ
3212 3487 3572 3563 ἂνθρωπίνων
3623 3483 3812 3560 ψυχῶν

2159 3577 2304 3635 αἶ’τια
2355 3576 2510 3632 διττὰ
2554 3581 2768 3652 πηγαῖα
2813 3576 3080 3640 τίθενται·
3113 3575 3207 3632 τόν
3256 3598 3315 3632 τε
3359 3578 3626 3652 πατρικὸν
3669 3574 3811 3632 νοῦν,

2157 3667 2248 3724 xui
2291 3668 2391 3736 τήν
2447 3665 2682 3741 πηγαίαν
2715 3667 2924 3740 ψυχήν.
2958 3665 3056 3720 Καὶ
3099 3667 3432 3740 προέρχεται
3490 3667 3585 3740 μὶν
3638 3660 3814 3717 αὐτοῖς

2159 3761 2193 3828 ἡ
2231 3758 2427 3834 μερικὴ
2496 3755 2604 3810 ἀπὸ
2649 3761 2749 3824 τῆς
2801 3753 3043 3830 πηγαίας
3090 3755 3230 3809 κατὰ
3272 3753 3540 3831 βούλησιν
3571 3755 3667 3809 τοῖν⁹
3719 3767 3812 3803 πα·

2157 3847 2285 3921 τρὸς
2319 3866 2333 3880 ·
2368 3841 2484 3922 ἔχει
2537 3843 2594 3900 δὶ
2648 3846 2737 3900 xui
2782 3843 3072 3920 αὐτόγονον
3133 3845 3319 3900 οὐσίαν
3369 3843 3459 3899 xui
3519 3841 3809 3910 αὐτόζωον.

2161 3936 2238 3995 Οὐ
2269 3938 2370 4012 γάρ
2424 3936 2564 3990 ἐστιν
2598 3935 2674 3996 ὡς
2719 3934 3117 4009 ἓτεροκίνητος.
3167 3933 3232 3989 Ei
3273 3933 3376 4010 γὰρ
3429 3935 3567 3989 κατὰ
3612 3932 3674 3986 τὸ
3727 3923 3812 3982 λό-

2161 4047 2280 4103 γιον
2313 4030 2479 4100 μοῖρα
2507 4028 2604 4078 τοῦ
2633 4023 2804 4098 πυρός
2834 4022 2944 4079 ἐστι
2975 4027 3072 4079 τοῦ
3103 4023 3247 4087 θείου
3304 4024 3394 4078 xui
3443 4028 3552 4098 πῦρ
3611 4015 3812 4099 φαεινὸν
3883 4094 3897 4103 α

2161 4115 2250 4170 καὶ
2302 4114 2479 4184 νόημα
2514 4112 2798 4186 πατρικὸν,
2841 4109 2982 4173 εἶδός
3034 4109 3177 4166 ἐστιν
3219 4109 3384 4166 ἄυλον
3430 4112 3523 4168 xui
3580 4103 3810 4172 αὖθυπό-

2163 4223 2375 4258 στατον.
2419 4204 2677 4257 Τοιοῦτον
2707 4200 2808 4277 γὰρ
2838 4205 2942 4254 πᾶν
2982 4199 3044 4255 τὸ
3077 4204 3243 4267 θεῖον,
3271 4200 3333 4255 οὗ
3368 4200 3533 4275 μέρος
3561 4203 3594 4268 ἡ
3627 4194 3774 4272 ψυχή
3797 4207 3810 4224 ⁸

2161 4293 2252 4346 καὶ
2305 4291 2483 4345 πάντα
2531 4290 2688 4367 φασὶν
2749 4289 2883 4344 εἶναι
2933 4287 2985 4343 ἐν
3045 4289 3240 4363 ἑκάστῃ
3297 4288 3470 4364 ψυχῇ.
3525 4289 3649 4344 Καθ’
3703 4281 3812 4338 ἑκά-

2164 4403 2296 4448 στην
2358 4377 2416 4435 δὲ
2475 4377 2726 4450 ἰδιότητα
2782 4377 3056 4454 ἄγνωστον
3127 4377 3298 4453 ῥητοῦ
3352 4378 3442 4433 xui
3503 4373 3811 4451 ἀποῤῥήτου

2163 4471 2527 4542 συνθήματος·
2562 4470 2652 4524 xui
2703 4462 3128 4524 καταϐιϐάσουσι
3188 4465 3246 4522 δὲ
3291 4468 3392 4537 τήν
3446 4466 3634 4542 ψυχὴν
3684 4455 3812 4515 πολ·

2163 4558 2319 4622 λάκις
2353 4559 2407 4614 ἰν
2437 4559 2516 4630 τῷ
2543 4559 2738 4631 κόσμῳ
2769 4554 2840 4612 δι’
2883 4556 3056 4620 αἰτίας
3112 4556 3354 4613 πολλάς·
3385 4555 3422 4626 ἢ
3479 4553 3569 4612 διὰ
3623 4565 3810 4624 πτερο-

392 4647 650 4718 profecto
682 4647 870 4706 forma
901 4649 990 4700 est
1023 4645 1283 4702 materiae
1309 4663 1516 4719 expers
1547 4651 1604 4702 et
1634 4663 1735 4720 per
1765 4665 1828 4704 se
1856 4651 2047 4706 subsi-

2169 4649 2358 4726 ρύησιν
2393 4650 2529 4721 (24),
2559 4646 2595 4717 ἢ
2629 4645 2718 4702 διὰ
2765 4643 3030 4722 βούλησιν
3084 4647 3378 4722 πατρικήν.
3411 4646 3701 4717 Δοξάζουσι
3757 4633 3810 4690 δὲ

392 4741 575 4792 stens.
604 4735 712 4791 Illa
743 4735 896 4790 enim
933 4736 1133 4790 omnia
1166 4753 1298 4791 cum
1328 4735 1530 4792 divina.
1560 4741 1770 4793 natura
1799 4755 2060 4795 commu-

392 4825 614 4895 nicant,
647 4825 819 4894 cujus
853 4824 1147 4896 particula
1177 4830 1268 4879 est
1305 4826 1524 4879 anima.
1563 4825 1738 4880 Aiunt
1767 4828 1966 4883 omnia
1997 4829 2055 4884 in

391 4915 655 4986 qualibet
684 4914 886 4969 anima
914 4929 1067 4976 esse,
1095 4915 1195 4967 sed
1227 4918 1284 4967 et
1311 4913 1555 4968 cuilibet
1584 4914 2056 4986 inexplicabilem

390 5009 448 5060 et
480 5002 844 5074 incognitam
898 5002 1212 5058 fandorum
1246 5007 1302 5056 et
1332 5002 1708 5058 infandorum
1751 5004 2056 5078 signorum

2165 4739 2256 4794 τὸν
2316 4739 2525 4810 κόσμον
2585 4734 2760 4792 ἀίδιον
2820 4737 2910 4790 xui
2967 4737 3061 4798 τὰς
3105 4740 3212 4791 τῶν
3261 4734 3474 4808 ἄστρων
3505 4727 3806 4810 περιόδους·

2163 4829 2256 4883 τὸν
2290 4824 2347 4882 δὲ
2396 4822 2528 4897 ᾅδην
2588 4822 2899 4900 πολλαχῶς
2947 4824 3390 4899 καταμερίζουσι.
3423 4823 3523 4879 Καὶ
3569 4826 3660 4877 νῦν
3716 4815 3806 4890 μὶν

2166 4917 2324 4972 αὐτὸν
2383 4915 2501 4979 θεὸν
2553 4913 2912 4987 ὀνομάζουσιν
2948 4913 3197 4988 ἀρχηγὸν
3247 4920 3346 4982 τῆς
3387 4910 3666 4988 περιγείου
3713 4903 3811 4972 λή-

2168 5007 2318 5078 ξεωςο
2352 5009 2440 5058 νῦν
2501 5002 2559 5059 δὲ
2603 5003 2694 5058 τὸν
2745 5003 2849 5059 ὑπὸ
2895 5001 3130 5074 σελήνην
3179 5001 3348 5058 τόπον
3399 5001 3565 5080 φασί·
3605 5002 3698 5054 νῦν
3755 4988 3810 5047 δὶ

1637 5147 1940 5208 JOANNIS
1979 5153 2296 5212 OPSOPEI
2338 5151 2569 5209 ΝΟΤιΕ.

462 5257 576 5326 (22)
604 5257 861 5324 Ἀζωνοι.
887 5254 1122 5326 Servius
1154 5254 1212 5309 in
1248 5253 1395 5310 illud
1441 5255 1666 5310 IEneid.
1701 5273 1806 5313 κη.
1845 5263 1899 5314 et
1943 5259 2054 5315 diis

387 5325 768 5383 com-munibus
785 5344 944 5382 aras:
963 5349 990 5375 «
1009 5325 1081 5381 Ut
1102 5331 1300 5383 autem
1326 5326 1552 5382 altioris
1578 5327 1836 5383 scientiae
1868 5330 2055 5386 homi-

388 5398 565 5453 nibus
600 5399 808 5470 placet,
829 5400 909 5453 dii
942 5414 1290 5455 communes
1321 5403 1462 5454 sunt
1494 5399 1595 5470 qui
1623 5398 1824 5465 ἄζωνοι
1856 5403 2056 5458 dicun-

388 5474 505 5545 tur,
550 5470 606 5525 id
667 5470 898 5545 estqui
939 5470 1081 5524 certi
1139 5475 1497 5545 certas_non
1550 5470 1774 5545 habent
1835 5481 2052 5545 partes,

390 5540 490 5595 sed
542 5537 893 5610 generaliter
924 5558 956 5595 a
1001 5541 1234 5596 cunctis
1285 5541 1582 5596 coluntur.
1618 5537 1850 5614 Ubique
1893 5537 2048 5600 enim

391 5627 490 5688 eos
537 5613 1101 5688 esse_manife_stum
1155 5620 1261 5688 est,
1297 5619 1362 5667 ut
1412 5618 1598 5668 mater
1637 5613 1845 5682 Deum,
1880 5619 2052 5688 cujus

393 5687 655 5754 potestas
683 5681 742 5737 in
772 5683 1053 5754 omnibus
1084 5685 1247 5740 zonis
1278 5691 1385 5740 est.
1420 5707 1446 5735 ››

401 5751 412 5805 ἶ
464 5753 577 5826 (23)
623 5752 807 5828 Σειρά.
861 5751 1027 5824 Σειρά
1069 5755 1224 5812 idem
1275 5757 1507 5813 videtur
1557 5756 1838 5815 denotare
1894 5761 2052 5830 quod

2165 5258 2390 5332 Synesii
2421 5255 2683 5332 σίῤῥαιον,
2725 5257 2897 5332 cujus
2936 5257 3429 5330 significationem
3485 5256 3618 5313 vide
3659 5247 3809 5322 apud

2167 5330 2558 5402 Nicephorum
2593 5345 2724 5402 pag.
2754 5330 2878 5385 114.

2240 5393 2355 5473 (2ΙΞ)
2387 5393 2776 5476 Πτερορῖξησιν.
2807 5400 3235 5476 AScri_bendum_
3259 5404 3350 5476 est
3396 5393 3808 5476 133906661)“le

2163 5463 2358 5550 ethoc
2384 5545 2393 5550 Α
2418 5463 2506 5550 est
2535 5463 2573 5529 θ’
2593 5463 2853 5529 Platonis
2887 5471 3279 5550 philosophia
3328 5463 3680 5550 in_Ifh;aadro,
3715 5463 3810 5550 ubi

2164 5545 2445 5618 Adrastia:
2477 5545 2664 5618 legem
2695 5541 2949 5618 exponit.
2983 5543 3083 5618 Ἢν
3117 5541 3460 5618 §E_(in_quit)
3492 5541 3808 5618 βαρυνθεῖσῆ

2163 5619 2196 5685 ἡ
2231 5617 2384 5691 ψυχὴ
2431 5608 2810 5691 πτεξορῥυήσῖῃ
2862 5636 2920 5670 τε
2974 5615 3064 5670 καὶ
3123 5608 3357 5682 ὲπὶ’τὴν
3405 5608 3506 5690 γῆθ
3554 5608 3707 5682 πέσῃ,
3757 5608 3811 5662 et

2162 5706 2293 5760 quae
2323 5695 2673 5761 sequuntur.
