4124 6390
414 422 576 486 1153

1321 421 1398 484 lN
1443 421 1827 487 MERCURII
1875 421 2378 486 TlllSMEGISTl
2431 423 2930 489 PlMANDRUM.

3683 422 3843 486 1154

407 556 509 624 τήν
564 551 892 628 μεσαιτάτην
919 557 1017 608 τοῦ
1043 551 1283 630 αἰθερίου
1331 552 1542 626 κόσμου
1571 553 1661 608 καὶ
1703 558 1800 609 τοῦ
1852 552 2064 609 ὑλαίου’
2099 561 2123 627 Α

2186 557 2658 629 symbolorumve
2707 556 3142 628 proprietatem.
3199 553 3418 610 Volunt
3469 553 3728 611 animam
3782 556 3843 612 in

406 645 498 699 νῦν
533 640 591 698 δὲ
618 643 719 711 τήν
771 640 973 716 ἄλογον
1018 643 1230 716 ψυχὴν,
1279 643 1369 696 καὶ
1419 642 1654 697 τιθὲασιν
1693 642 1744 698 ἐν
1776 642 1911 717 αὐτῇ
1968 649 2067 712 τήν

409 731 672 807 λογικὴν,
707 729 806 784 οὐκ
836 728 1141 797 οὐσιωδῶς,
1175 727 1324 784 ἀλλὰ
1372 736 1657 806 σχετικῶς,
1691 731 1818 786 ὅταν
1854 753 2074 805 συμπα-

405 826 515 886 θῶς
563 817 668 894 ἔχη
700 820 837 896 πρὸς
869 818 1037 888 αὐτὴν
1064 819 1154 874 καὶ
1205 813 1460 894 προϐάλῃ
1501 820 1593 875 τὸν
1627 821 1848 898 μερικὸν
1883 819 2067 896 λόγον.

406 907 574 972 Ἰδὲας
608 907 668 964 δὲ
696 908 1005 982 νομίζουσι,
1029 913 1120 962 νῦν
1152 908 1247 981 μὲν
1289 908 1383 972 τὰς
1429 913 1526 963 τοῦ
1582 910 1790 985 [ἰατρὸς
1845 908 2070 979 ἐννοίάς,

406 1003 497 1054 νῦν
560 995 619 1054 δὲ
668 996 798 1060 τοὺς
847 994 1088 1051 καθόλου
1138 995 1364 1072 λόγους,
1415 999 1503 1052 καὶ
1559 1000 1816 1076 φυσικοὺς
1844 999 1933 1053 καὶ
1971 1002 2072 1072 ψυ-

411 1085 606 1164 χικοὺς
634 1087 724 1142 καὶ
757 1085 1007 1158 νοητοός·
1051 1090 1142 1140 νῦν
1196 1084 1254 1140 δὲ
1293 1085 1390 1150 τὰς
1440 1085 1773 1162 ἐξῃρημένας
1818 1091 1926 1142 τῶν
1983 1083 2072 1142 ἔν’

409 1181 517 1232 τῶν
569 1176 842 1252 ὑπάρξεις.
894 1174 1040 1238 Τοὺς
1097 1172 1155 1230 δὲ
1209 1176 1334 1252 περί
1399 1181 1635 1253 μαγειῶν
1690 1175 1893 1252 λόγους
1948 1199 2071 1232 συν-

413 1269 628 1321 ιστῶσιν
689 1263 795 1320 ἀπό
852 1285 912 1319 τε
968 1269 1076 1320 τῶν
1132 1264 1443 1339 ἀκροτάτων
1506 1263 1812 1340 δυνάμεων,
1854 1267 1961 1322 ἀπό
2013 1289 2074 1322 τε

406 1359 516 1411 τῶν
563 1354 858 1430 περιγείων
909 1350 1080 1411 ὑλῶν.
1130 1359 1402 1428 Συμπαθῆ
1437 1351 1494 1410 δὲ
1539 1354 1606 1411 τὰ
1635 1352 1745 1410 ἅνω
1774 1361 1892 1418 τοῖς
1922 1357 2072 1412 κάτω

407 1443 536 1521 φασὶ
585 1445 674 1499 καὶ
734 1441 973 1518 μάλιστα
1017 1443 1086 1499 τά
1153 1444 1254 1499 ὑπὸ
1302 1443 1576 1516 σελήνην.
1636 1446 2070 1502 Ἀποκαθιστῶσι

409 1531 469 1590 δὲ
523 1532 620 1598 τὰς
675 1534 859 1609 ψυχάς
919 1533 1055 1608 μετὰ
1125 1534 1217 1588 τὸν
1293 1532 1591 1610 λεγόμενον
1655 1534 1878 1591 θάνατον
1938 1537 2074 1591 κατά

407 1624 476 1679 τά
536 1624 705 1700 μέτρα
754 1626 865 1678 τῶν
927 1622 1144 1678 οἱκείων
1202 1623 1557 1700 καθάρσεων,
1633 1622 1688 1679 ἐν
1747 1621 1900 1688 ὅλοις
1952 1631 2072 1689 τοῖς

407 1717 506 1768 τοῦ
553 1711 766 1786 κόσμου
817 1710 1025 1788 μέρεσι.
1070 1713 1227 1775 Τινᾶς
1295 1709 1353 1767 δὲ
1398 1712 1488 1768 καὶ
1529 1713 1662 1789 ὑπὲρ
1716 1715 1808 1769 τὸν
1862 1713 2069 1788 κόσμον

409 1797 839 1872 ἀναϐιϐάζουσι,
879 1801 970 1857 καὶ
1043 1802 1206 1876 μέσας
1259 1801 1420 1866 αὐτὰς
1474 1801 1804 1878 διορίζονται
1853 1811 1962 1860 τῶν
2011 1826 2072 1861 τε

411 1889 719 1966 ἇμερίστων
777 1891 867 1945 καὶ
931 1895 1199 1966 μεριστῶν
1257 1889 1504 1968 φύσεων.
1576 1892 1790 1947 Τούτων
1851 1890 1908 1948 δὲ
1957 1900 2066 1949 τῶν
2105 1933 2150 1998 Β

415 1978 443 1998 θ
574 1979 586 1998 Ι
804 1981 818 1998 \
926 1979 948 1998 Χ
999 1979 1011 1998 1
1195 1979 1206 1994 ε
1266 1982 1310 1998 ,Δ
1528 1980 1569 1998 '\
1768 1983 1779 1998 \
1841 1981 1909 1998 ..Ἃ
1945 1984 1954 1998 ο

415 1978 702 2056 δογμάτων
760 1981 828 2035 τὰ
881 1979 1063 2035 πλείω
1120 1979 1211 2035 καὶ
1265 1980 1654 2053 Ἀριστοτέλης
1694 1983 1783 2036 καὶ
1841 1981 2069 2038 Πλάτων

415 2065 682 2140 ἐδίξαντο⁶
719 2069 770 2123 οἱ
803 2066 861 2123 δὶ
890 2068 1012 2144 περὶ
1048 2065 1328 2125 ΙΙλωτίνον
1363 2069 1450 2123 καὶ
1487 2064 1839 2146 Ἰάμϐλιχον,
1863 2072 2075 2148 Πορφύ-

415 2157 532 2234 ριόν
571 2177 630 2214 τε
679 2157 769 2212 καὶ
828 2155 1078 2233 Πρόκλον
1121 2161 1248 2212 πᾶτι
1297 2157 1806 2230 κατηκολούθησαν,
1857 2160 1945 2214 καὶ
1996 2161 2075 2225 ὡς

413 2246 556 2312 θείας
584 2250 764 2325 φωνὰς
797 2244 1211 2322 ἀσυλλογίστως
1241 2251 1408 2302 ταῦτα
1439 2244 1710 2318 ἐδέξαντο.

2183 647 2478 702 mundum
2524 644 2756 702 demitti
2803 645 2875 699 ob
2925 643 3142 699 multas
3188 660 3422 714 causas,
3455 649 3558 700 aut
3605 651 3846 716 propter

2184 751 2509 806 pennarum
2539 734 2880 802 deﬂuvium,
2905 739 3006 788 aut
3035 738 3273 804 propter
3306 740 3610 804 paternam
3637 735 3844 790 volun-

2183 829 2384 879 tatem.
2411 824 2792 880 Arbitrantur
2833 823 3122 877 mundum
3174 826 3460 877 aeternum
3508 839 3659 892 esse,
3697 830 3761 879 ut
3791 827 3849 878 et

2182 913 2488 969 stellarum
2539 912 2976 969 conversiones.
3012 911 3322 966 Plutonem
3378 911 3500 968 sive
3547 912 3845 969 infernum

2181 1000 2243 1056 in
2293 1003 2482 1058 varias
2545 1008 2742 1074 partes
2799 1001 3091 1067 dividunt,
3126 1015 3380 1070 eumque
3440 1002 3610 1057 modo
3667 1003 3844 1058 deum

2183 1089 2502 1162 appellant,
2537 1091 2762 1146 ordinis
2813 1089 2974 1145 illius
3007 1089 3108 1161 qui
3153 1089 3310 1144 circa
3357 1093 3572 1144 terram
3622 1095 3844 1146 sortem

2182 1197 2352 1236 suam
2398 1180 2674 1252 obtinuit,
2709 1180 2950 1246 ducem;
3003 1179 3179 1234 modo
3229 1179 3528 1249 regionem
3561 1180 3847 1234 subluna-

2182 1285 2306 1325 rem
2341 1285 2354 1324 :
2388 1271 2562 1326 modo
2604 1269 2830 1325 medias
2869 1268 3024 1324 inter
3061 1267 3364 1323 aetheriam
3396 1273 3453 1322 et
3481 1267 3846 1324 materialem

2183 1359 2474 1414 mundum
2507 1364 2701 1431 partes
2727 1357 3077 1424 obeuntem;
3109 1357 3282 1412 modo
3305 1356 3565 1411 animam
3597 1355 3846 1413 rationis

2180 1453 2475 1518 expertem
2500 1464 2513 1503 :
2540 1447 2599 1502 in
2631 1463 2699 1502 ea
2746 1445 3097 1502 rationalem
3149 1445 3410 1501 animam
3444 1445 3844 1514 constituunt,

2183 1553 2297 1591 non
2331 1535 2744 1602 essentialiter,
2770 1536 2870 1591 sed
2905 1533 3286 1606 proportione
3307 1535 3586 1605 quadam,
3609 1535 3847 1607 quando

2181 1626 2598 1682 convenienter
2626 1626 2698 1682 ad
2746 1624 2908 1681 illam
2959 1625 3167 1680 aﬂ'ecta
3214 1629 3324 1696 est,
3359 1623 3705 1696 particulari
3753 1641 3848 1679 ra-

2182 1715 2342 1772 tione
2374 1716 2654 1788 projecta.
2688 1715 2857 1771 ldeas
2906 1714 3200 1770 definiunt
3242 1714 3418 1769 modo
3469 1730 3600 1770 esse
3650 1714 3849 1770 Patris

2184 1805 2645 1878 intelligentiae:
2681 1805 2854 1860 modo
2895 1802 3257 1859 universales
3287 1803 3564 1870 rationes,
3598 1807 3848 1860 natura-

2183 1893 2288 1963 les,
2323 1893 2611 1951 animales
2652 1899 2710 1950 et
2749 1891 3124 1949 intellectiles
3159 1908 3172 1946 :
3210 1892 3381 1948 modo
3413 1891 3779 1948 substantias
3811 1909 3846 1948 a

2185 1985 2362 2039 rebus
2397 1983 2543 2056 ipsis
2596 1984 2946 2039 abstractas.
2980 1985 3273 2038 Astruunt
3319 1997 3554 2038 omnem
3603 1984 3848 2054 magicas

2184 2073 2445 2130 scientiae
2498 2073 2783 2128 rationem
2833 2071 3032 2144 perlici
3083 2088 3116 2126 a
3168 2071 3422 2126 summis
3473 2071 3754 2143 potentiie
3793 2079 3851 2127 et

2185 2163 2436 2219 terrenis
2458 2161 2745 2233 materiis,
2766 2160 3221 2217 familiaritatem
3246 2159 3386 2215 item
3413 2164 3473 2215 et
3501 2160 3850 2216 convenien-

2183 2254 2328 2308 tiam
2351 2252 2660 2324 superiora
2681 2267 2816 2308 cum
2840 2249 3220 2306 inferioribus
3251 2249 3488 2316 habere,
3520 2251 3849 2322 praesertim

415 2356 543 2411 qua:
576 2339 686 2395 sub
716 2337 858 2394 luna
887 2345 1050 2394 sunt.
1084 2337 1384 2394 Collocant
1414 2340 1644 2395 animas
1695 2345 1828 2412 post
1860 2346 2132 2410 mortem,
2159 2343 2330 2413 juxta
2379 2340 2686 2397 modulum
2719 2345 2776 2396 et
2809 2356 3148 2395 mensuram
3183 2337 3604 2394 lustrationum
3640 2339 3848 2410 singu-

413 2428 488 2484 lis
519 2427 879 2482 familiarum
912 2430 970 2482 et
999 2426 1499 2498 convenientium,
1533 2428 1592 2483 in
1625 2429 1904 2486 omnibus
1937 2432 2139 2486 mundi
2174 2430 2442 2503 partibus
2467 2447 2480 2486 :
2505 2430 2800 2501 quaedam
2831 2428 3008 2484 etiam
3044 2426 3199 2483 ultra
3230 2427 3521 2482 mundum
3553 2428 3848 2483 evehunt:

413 2533 632 2590 easque
662 2516 1006 2574 discrimine
1048 2517 1199 2572 facto
1231 2517 1290 2571 in
1321 2523 1563 2573 naturas
1594 2518 1865 2575 dividuas
1914 2526 1972 2576 et
2019 2520 2354 2576 individuus
2403 2524 2700 2592 separant.
2734 2521 2919 2590 Atque
2949 2517 3110 2573 Plato
3143 2517 3384 2588 quidem
3417 2522 3474 2572 et
3501 2517 3852 2574 Aristoteles

415 2607 614 2681 plures
645 2624 713 2662 ex
745 2605 1110 2663 enumeratis
1141 2606 1450 2678 opiniones
1482 2615 1828 2680 receperunt
1860 2627 1874 2666 :
1911 2609 2174 2666 Plotinus
2205 2627 2360 2676 vero,
2390 2607 2784 2679 Jamblicbus,
2815 2607 3198 2680 Porphyrius,
3233 2605 3494 2675 Proclus,
3525 2623 3849 2679 eorumque

414 2694 692 2770 discipuli
729 2711 937 2752 omnes
987 2696 1048 2752 in
1102 2696 1444 2753 universum
1494 2698 1922 2770 approbarunt,
1955 2707 2012 2755 et
2041 2716 2160 2756 non
2209 2716 2382 2756 secus
2413 2716 2478 2755 ac
2509 2699 2738 2755 divinas
2766 2714 2936 2754 voces
2983 2698 3209 2769 absque
3256 2695 3376 2753 ullo
3425 2696 3764 2754 discrimine
3793 2701 3852 2754 et

418 2785 684 2843 examine
713 2785 1105 2842 admiserunt.

1714 3151 2553 3248 ΤΟΥ’ΨΕΛΛΟΥ

1233 3370 1350 3424 ΕΙΣ
1391 3370 1525 3426 ΤΟΝ
1569 3370 1806 3427 ΕΡΜΟΥ
1843 3369 1978 3425 ΤΟΥ
2014 3367 2528 3425 ΤΡῙΣΜΕΓΙΣΤΟΥ
2571 3368 3042 3424 ΠΟΙΜΑΝΔΡΗΝ.

2056 3533 2128 3546 ..ο

1901 3657 2341 3752 PSELLI

1325 3869 1405 3930 IN
1453 3867 1836 3929 MERCURII
1880 3864 2381 3927 TRISMEGlSTl
2430 3865 2932 3928 PIMANDRUM.

493 4238 706 4296 Ἔοικεν
762 4237 790 4292 ὀ
835 4236 972 4312 γόης
1015 4232 1172 4297 οὗτος
1227 4237 1297 4308 τῇ
1344 4231 1457 4304 σείᾳ
1518 4231 1704 4309 Γράφῇ
1754 4229 1817 4285 οὐ
1872 4227 2123 4309 παρὲρ-(

2261 4231 2506 4288 Videtur
2534 4232 2865 4288 incantator
2895 4230 2994 4287 ille
3027 4247 3142 4287 non
3166 4231 3354 4286 obiter
3377 4231 3438 4286 in
3461 4231 3660 4288 divina
3688 4231 3847 4287 Scri-

420 4347 535 4401 γως
586 4324 953 4401 ὡμιληκέναι·
1004 4319 1124 4389 ὅθεν
1152 4323 1213 4378 ἐκ
1248 4320 1448 4392 ταύτης
1480 4321 1806 4396 ὁρμώμενος
1851 4323 1921 4394 τῇ
1951 4340 2078 4374 κοσ-

426 4414 658 4488 μοποιίᾳ
704 4413 976 4490 ἐπιχειρεῖ
1004 4457 1018 4483 ,
1079 4408 1220 4486 μηδὲ
1265 4408 1429 4471 αὐτὰς
1477 4408 1651 4464 ὀκνῶν
1701 4407 1795 4470 τὰς
1849 4409 2081 4465 Moon?-

419 4505 520 4568 κάς
563 4503 734 4577 λίξεις
761 4503 930 4579 ψιλὰς
981 4500 1153 4557 ἰνίοτε
1197 4499 1536 4576 ἀναγράφειν·
1581 4497 1655 4561 ὡς
1709 4496 1800 4552 καὶ
1854 4498 1918 4552 τὸ
1949 4517 2081 4573 προ-

764 4591 790 4602 -
907 4592 919 4610 ι
1005 4593 1018 4610 \
1115 4585 1142 4610 »Ι
1482 4587 1495 4606 \
1727 4588 1743 4607 ἰ
2003 4587 2017 4604 \

419 4594 666 4669 κείμενον
695 4614 860 4649 τουτο
895 4613 1057 4670 ρητον
1114 4589 1266 4645 ολυν·
1325 4587 1388 4643 τὸ
1435 4607 1562 4662 γαρ,
1627 4608 1649 4637 ε
1682 4589 1842 4644 Ειπεν
1877 4587 1905 4641 6
1929 4593 2078 4656 Θεος,

421 4682 704 4754 αὖξάνεσθε
733 4683 821 4738 καὶ
856 4679 1219 4752 πληθύνεσθε,
1253 4702 1281 4730 ››
1313 4681 1495 4755 σαφῶς
1525 4675 1582 4731 ἐκ
1630 4681 1732 4746 τῆς
1783 4681 2082 4745 Μωσαϊκῆς

421 4772 788 4847 κοσμοποιίας
846 4771 1022 4827 ἰστίν.
1084 4768 1156 4824 Οὐ
1211 4768 1320 4842 μὴν
1375 4766 1613 4839 ἐνέμεινε
1667 4762 1951 4827 παντελῶς
2008 4768 2078 4839 τῇ

422 4861 695 4934 ἁπλότητι
743 4861 835 4918 καὶ
888 4858 1172 4938 σαφηνείᾳ,
1219 4855 1308 4913 καὶ
1355 4860 1435 4929 τῷ
1473 4854 1618 4920 εὐθεῖ
1665 4855 1753 4910 καὶ
1796 4853 2082 4930 εἰλικρινεῖ

421 4953 512 5008 καὶ
550 4947 697 5015 ὅλως
741 4947 970 5007 θεοειδεῖ
1014 4952 1115 5014 τῆς
1166 4953 1423 5025 Γραφῆς,
1468 4942 1598 5000 ἀλλ’
1647 4943 1722 5006 εἷς
1777 4943 1840 4998 τὸ
1886 4941 2077 5006 εἴωθὸς

427 5041 666 5119 ὑπεῤῥύη
721 5039 891 5104 πάθος
929 5042 1048 5103 τοῖς
1093 5040 1202 5092 τῶν
1256 5033 1543 5106 Ἑλλήνων
1593 5038 1806 5112 σοφοῖς,
1855 5031 1932 5096 εἰς
1980 5032 2079 5088 ἀλ-

426 5128 695 5208 ληγορίας
757 5128 850 5186 καὶ
898 5125 1108 5188 πλάνας
1170 5125 1262 5180 καὶ
1301 5121 1580 5200 τερατείας
1630 5121 1690 5178 ἐκ
1735 5128 1835 5193 τῆς
1877 5119 2080 5184 εὐθείας

426 5219 555 5277 ὁδοῦ
603 5220 694 5278 καὶ
741 5217 1019 5280 ἀπλανοῦς
1069 5214 1392 5292 ἰκτραπεὶς,
1443 5214 1479 5284 ἢ
1534 5213 1638 5268 ὑπὸ
1689 5215 1784 5267 τοῦ
1843 5211 2083 5284 Ποιμάν-

426 5305 558 5386 δρου
601 5305 966 5370 συνελασθείς.
1024 5303 1138 5364 Οὐκ
1184 5300 1392 5375 ἄδηλον
1453 5299 1510 5356 δὲ
1566 5296 1714 5364 ὅστις
1759 5301 1826 5370 ἦν
1884 5301 1912 5355 6
1969 5305 2078 5356 τῶν

423 5397 707 5471 Ἐλλήνων
767 5392 1146 5472 Ηοιμάνδρης,
1197 5394 1225 5449 6
1279 5392 1369 5448 καὶ
1421 5391 1550 5466 παρ’
1598 5392 1733 5464 ἡμῖν
1767 5390 2083 5467 κοσμοκρά-

423 5509 537 5564 τωρ
587 5487 994 5562 ὀνομαζόμενος
1037 5483 1072 5554 ἢ
1119 5487 1229 5538 τῶν
1279 5480 1484 5537 ἐκείνου
1525 5499 1626 5542 τις.
1661 5478 1919 5548 Κλὲπτης
1955 5479 2082 5555 γὰρ,

426 5577 614 5657 φησὶν,
647 5579 678 5634 6
708 5571 971 5640 διάϐολος
1016 5572 1108 5629 καὶ
1151 5570 1508 5650 ἰκφερομυθεῖ
1548 5567 1624 5657 TE
1663 5565 1926 5657 ἧμίτεέσξο
1972 5568 2084 5657 οὐχ

421 5651 514 5722 τίνα
562 5667 614 5722 οἱ
663 5664 870 5721 ἰκείνου
913 5661 1299 5737 μεταμάθωσιν
1347 5659 1447 5728 τὴν
1497 5651 1766 5725 ἆσίϐειαν,
1819 5654 1946 5711 ἀλλ’
1992 5654 2082 5712 ἵνα

424 5761 542 5822 τοῖς
583 5762 686 5828 τῆς
732 5753 989 5826 ἀληθείας
1022 5751 1228 5830 ῥήμασι
1275 5749 1368 5806 καὶ
1409 5748 1679 5823 νοήμασιν
1730 5745 1830 5818 τὴν
1881 5745 2085 5813 ἑαυτῶν

2190 4325 2364 4394 ματα
2393 4325 2659 4378 versatus
2681 4337 2840 4390 esse;
2865 4321 3022 4376 unde
3044 4336 3114 4376 ex
3142 4319 3244 4376 illa
3266 4319 3561 4392 profectus
3583 4322 3656 4377 de
3678 4337 3849 4376 mun-

2191 4409 2249 4465 di
2281 4411 2575 4467 creatione
2625 4414 2859 4481 tractat,
2891 4427 3007 4466 non
3058 4409 3336 4466 dubitans
3377 4414 3584 4467 tenues
3633 4411 3852 4482 Moysis

2190 4515 2361 4555 voces
2393 4516 2822 4572 nonnunquam
2855 4499 3278 4570 transcribere;
3313 4504 3377 4555 ut
3405 4503 3463 4555 et
3492 4499 3616 4556 haec
3645 4515 3854 4572 propo-

2190 4589 2305 4644 sita
2351 4591 2546 4645 verba.
2583 4588 2730 4644 Illud
2779 4591 2935 4644 enim
2967 4605 3032 4644 :«
3071 4589 3222 4644 Dixit
3268 4593 3446 4658 Deus,
3486 4589 3743 4644 Crescite
3791 4591 3850 4643 et

2191 4677 2668 4750 multiplicamini
2703 4701 2731 4727 ››
2771 4679 3068 4734 evidenter
3114 4695 3184 4733 ex
3233 4677 3489 4733 Mosaica
3535 4675 3851 4733 creationis

2189 4766 2435 4823 historia
2466 4769 2674 4823 oritur.
2704 4767 2827 4824 Non
2853 4768 3093 4838 quidem
3127 4770 3320 4821 servat
3349 4765 3590 4821 omnino
3623 4764 3853 4837 simpli-

2189 4856 2430 4912 citatem
2470 4862 2527 4912 et
2567 4856 3038 4927 perspicuitatem
3073 4859 3131 4910 et
3159 4854 3534 4926 rapiditatem
3565 4858 3624 4910 et
3654 4853 3846 4909 since-

2191 4946 2424 5002 ritatem
2470 4950 2527 5001 et
2557 4945 2924 5000 divinitatem
2971 4945 3313 5017 Scripturae,
3347 4945 3448 5000 sed
3498 4944 3557 5000 in
3608 4941 3855 5000 solitum

2191 5033 2525 5090 Graecorum
2560 5034 2895 5105 sapientum
2929 5048 3154 5088 morem
3188 5032 3330 5099 abit,
3365 5032 3424 5087 in
3457 5029 3768 5104 allegorias
3797 5034 3856 5086 et

2189 5138 2418 5179 errores
2448 5127 2506 5178 et
2535 5127 2808 5194 portenta
2837 5139 2906 5178 ex
2936 5126 3095 5178 recta
3122 5128 3180 5177 et
3215 5137 3423 5178 secura
3449 5121 3544 5176 via
3572 5118 3853 5192 delapsus

2189 5211 2279 5270 vel
2310 5229 2345 5268 a
2377 5211 2721 5268 Poimandre
2752 5218 3011 5268 coactus.
3046 5211 3170 5267 Non
3215 5210 3502 5266 incertum
3535 5214 3731 5265 autem
3763 5212 3857 5266 est

2191 5301 2326 5374 quis
2375 5309 2532 5357 esset
2580 5299 2678 5356 ille
2729 5300 3066 5357 Graecorum
3122 5299 3512 5367 Pcemandres,
3542 5297 3700 5354 idem
3749 5296 3854 5369 qui

2191 5392 2347 5464 apud
2387 5407 2494 5446 nos
2527 5390 2734 5446 mundi
2769 5390 3052 5447 Dominus
3092 5389 3435 5445 nominatur
3463 5393 3568 5444 aut
3598 5404 3754 5444 unus
3785 5403 3856 5443 ex

2191 5482 2322 5553 ejus
2372 5479 2685 5535 ministris.
2719 5479 2836 5535 Fur
2884 5479 3069 5545 enim,
3103 5478 3317 5550 inquit,
3353 5481 3442 5534 est
3494 5477 3768 5534 diabolus
3797 5479 3857 5531 et

2194 5574 2429 5625 nostros
2477 5583 2780 5624 sermones
2810 5567 3074 5640 divulgat
3125 5583 3240 5622 non
3285 5571 3352 5621 ut
3397 5567 3531 5637 ejus
3577 5561 3856 5635 discipuli

2195 5657 2563 5730 impietatem
2598 5657 2928 5726 dediscant,
2963 5657 3064 5712 sed
3117 5658 3182 5712 ut
3224 5655 3488 5712 veritatis
3515 5654 3758 5710 vocibus
3799 5654 3859 5708 et

2196 5745 2504 5805 sententiis
2532 5761 2701 5803 suam
2753 5744 3120 5819 impietatem
3152 5747 3452 5811 ornantes,
3487 5739 3852 5817 persuasibi-
