4124 6426
331 398 490 460 1155

1666 394 1715 452 Μ
1730 392 1856 452 [CH
1868 393 1906 452 Α
1924 390 2092 450 ELIS
2139 389 2409 452 PSELLI

3597 399 3762 462 “56

325 528 532 586 liorem
564 544 694 585 eum
731 527 949 584 faciant
977 530 1035 583 et
1063 525 1506 599 acceptabilem.
1537 530 1665 582 Non
1697 523 1853 580 enim
1885 538 1960 578 vel

2098 515 2407 576 δυσσέϐειαν
2458 519 2864 598 ἐπιχρώσαντες
2911 524 3001 579 καὶ
3043 525 3455 604 μορφώσαντες,
3511 539 3758 594 πιθανω-

324 636 456 674 rum
490 618 634 674 dicit
664 616 844 685 l‘lato,
881 633 1014 673 cum
1061 617 1322 672 afﬁrmat
1352 616 1581 672 Graecos
1621 613 1960 688 pulchriore:

2090 608 2246 685 τέραν
2311 609 2643 686 ἐργάσωνται
2709 614 2798 667 καί
2867 618 2985 676 τοῖς
3041 612 3277 678 πολλοῖς
3335 615 3754 692 εὐπαράδεκτον.

323 707 585 763 eﬂecisse
615 724 648 762 a
681 706 949 762 Barbarie
998 711 1271 777 acceptas
1322 706 1530 773 famas,
1565 703 1891 760 eruditione
1927 705 1983 756 et

320 797 618 870 Delphicis
677 795 934 852 oraculis
993 812 1154 852 usos.
1184 795 1399 850 Verum
1441 811 1471 850 e
1522 798 1723 850 contra
1779 791 1984 847 dicunt

322 887 425 960 qui
455 887 820 942 contendunt
849 887 1081 942 Graecos
1105 885 1365 957 segniter
1394 884 1696 940 veritatem
1729 882 1984 954 inquire-

324 993 408 1044 re,
439 981 498 1033 et
541 992 642 1032 eos
693 975 1017 1048 praesertim
1053 975 1114 1030 in
1148 975 1324 1030 rebus
1372 973 1717 1045 theologicis
1765 987 1980 1027 errare.

322 1071 503 1123 Porro
535 1066 636 1138 qui
669 1065 792 1122 haao
823 1065 992 1120 aiunt
1022 1081 1139 1120 non
1173 1081 1242 1120 ex
1275 1063 1485 1120 nostris
1519 1067 1679 1128 sunt,
1703 1062 1805 1117 sed
1833 1061 1982 1117 Grae-

322 1172 526 1212 oorum
569 1153 962 1223 celeberrimi,
989 1152 1074 1210 sic
1119 1152 1253 1224 quis
1285 1153 1431 1208 forte
1462 1151 1534 1207 iis
1565 1150 1821 1208 occurrit
1851 1165 1982 1222 qum

322 1243 683 1318 Porphyrius
715 1243 786 1299 ad
829 1244 1242 1299 ascendentem
1274 1239 1607 1314 Egyptium
1641 1238 1877 1312 scripsit
1907 1238 1981 1294 ab

321 1336 450 1407 ipso
481 1334 729 1405 cupiens
766 1331 1070 1388 veritatem
1119 1336 1245 1386 tum
1297 1347 1531 1402 quoque
1561 1329 1809 1397 discere,
1845 1343 1979 1384 cum

311 1425 439 1496 jam
468 1422 746 1484 aGraacis
796 1421 1099 1476 didicerat.
1134 1420 1284 1475 Num
1336 1419 1516 1491 igitur
1564 1417 1681 1474 alia
1730 1417 1982 1474 barbara

321 1531 468 1587 gens
518 1512 725 1573 mundi
774 1512 1104 1570 Creatorem
1135 1515 1186 1566 ot
1221 1527 1417 1583 regem
1469 1509 1658 1581 patria
1706 1506 1980 1581 opinione

322 1607 382 1660 et
411 1618 574 1663 more
621 1600 889 1670 coluerit,
921 1599 1114 1654 dicere
1141 1616 1256 1654 non
1291 1599 1510 1667 habeo;
1560 1598 1662 1654 sed
1714 1597 1977 1652 Hebraeo-

322 1709 456 1748 rum
485 1690 824 1762 religionem
870 1705 971 1760 per
1001 1705 1236 1744 omnem
1280 1693 1498 1744 terram
1533 1685 1977 1743 celeberrimam

321 1782 526 1850 fuisse,
557 1795 880 1850 eorumque
930 1779 1089 1851 leges
1137 1778 1501 1850 antiquiores
1543 1777 1725 1832 fuisse
1773 1780 1828 1830 et
1878 1774 1978 1831 illo

2092 699 2170 756 Οὐ
2219 701 2321 775 γάρ
2365 700 2621 772 ἀληθεύει
2671 700 2899 758 Πλάτων
2931 703 3026 765 τὰς
3054 703 3112 759 ἐκ
3163 710 3272 760 τῶν
3308 702 3598 784 βαρϐάρων
3649 711 3756 784 φή-

2095 810 2199 862 μας
2259 785 2790 866 παραλαμϐἅνοντας
2857 790 3089 848 κάλλιον
3160 793 3562 871 ἀπεργάσασθαι
3623 797 3754 864 τοὺς

2090 876 2366 948 Ἕλληνας
2435 879 2606 955 λέγων
2671 879 2892 953 παιδείᾳ
2939 881 3261 958 χρωμένους
3321 886 3411 940 καὶ
3467 887 3749 958 μαντείαις

2093 967 2152 1023 ἐκ
2189 967 2435 1047 Δελφῶν.
2491 967 2854 1040 ’Λληθεύουσι
2885 969 2942 1026 δὲ
2991 971 3204 1044 μᾶλλον
3238 974 3290 1029 οἱ
3335 971 3584 1049 λέγοντες
3621 978 3752 1032 ἀτα-

2091 1055 2372 1134 λαίπωρον
2427 1059 2730 1135 εἶναιπαρὰ
2760 1065 2878 1123 τοῖς
2935 1060 3172 1133 Ἕλλησι
3201 1070 3302 1134 τῆς
3344 1061 3603 1135 ἀληθείας
3647 1067 3751 1135 τὴν

2093 1150 2316 1218 ζήτησιν
2349 1191 2364 1220 ,
2417 1147 2658 1221 μάλιστα
2723 1145 2780 1204 δὶ
2841 1148 2891 1204 ἐν
2953 1153 3022 1225 τῇ
3074 1151 3197 1228 περὶ
3256 1156 3354 1207 τοῦ
3409 1153 3555 1210 θείου
3614 1151 3746 1233 δόξῃ

2088 1237 2392 1302 πλανᾶσθαι
2440 1238 2680 1303 αὐτούς.
2732 1239 2854 1298 Eiet
2905 1237 2964 1296 δὲ
3019 1242 3071 1296 οἱ
3122 1247 3290 1298 ταῦτα
3331 1242 3583 1320 λέγοντες
3639 1247 3752 1323 οὐχ

2088 1327 2371 1400 ἡμέτεροι,
2403 1325 2550 1383 ἀλλᾶ
2575 1331 2684 1383 τῶν
2715 1326 3000 1402 Ἑλλήνων
3034 1330 3086 1385 o't
3119 1327 3511 1410 δοκιμώτεροι,
3559 1333 3611 1390 εἲ
3663 1356 3747 1399 τις

2089 1415 2412 1492 ἐντετύχηκε
2440 1417 2532 1472 καὶ
2580 1419 2664 1480 οἷς
2717 1413 2942 1495 ἔγραψεν
2997 1421 3026 1474 ὁ
3070 1422 3380 1500 Πορφῦριος
3433 1423 3571 1499 πρὸς
3625 1423 3750 1480 ἀνα·

2088 1500 2341 1560 ϐαίνοντα
2386 1506 2476 1560 τὸν
2535 1504 2832 1582 Αῗγύπτιον
2889 1511 3018 1584 παρ’
3063 1507 3271 1566 ἐκείνου
3322 1508 3518 1568 λοιπὸν
3553 1511 3744 1584 ἐπιζη-

2085 1598 2194 1651 τῶν
2231 1595 2420 1668 μαθεῖν
2450 1595 2547 1663 τήν
2582 1593 2866 1666 ἀλήθειαν,
2921 1595 3111 1666 ἐπειδὴ
3140 1599 3286 1675 παρᾶ
3311 1603 3420 1656 τῶν
3455 1597 3743 1673 Ἑλλήνων

2087 1684 2344 1761 ἐπέγνων.
2408 1685 2468 1742 Εἰ
2532 1686 2626 1756 μὲν
2687 1687 2778 1741 οὖν
2812 1687 2901 1741 καὶ
2959 1684 3103 1742 ἄλλο
3155 1683 3428 1764 βάρϐαρον
3461 1688 3624 1758 γένος
3651 1691 3746 1749 τὸν

2086 1773 2430 1850 Δημιουργὸν
2485 1774 2574 1830 καὶ
2629 1773 2854 1848 βασιλέα
2881 1774 3040 1833 τοῦδε
3069 1781 3170 1831 τοῦ
3200 1779 3399 1843 παντὸς
3444 1777 3743 1854 πατριώδει

315 1868 600 1928 Mercurio
632 1874 691 1925 et
721 1868 980 1939 quolibet
1009 1868 1164 1940 apud
1194 1867 1425 1924 Graecos
1457 1866 1744 1939 sapiente,
1774 1863 1960 1920 multi:

2087 1862 2212 1939 δόξῃ
2258 1864 2347 1920 καὶ
2396 1863 2590 1937 νόμοις
2648 1862 2991 1940 ἐθρήσκευεν,
3043 1866 3214 1922 εἷ’πεῖν
3265 1867 3366 1924 οὐκ
3400 1865 3536 1945 ἔχω’
3571 1871 3655 1926 ὅτι
3686 1867 3745 1928 δὲ

2095 1958 2107 1971 ι
2205 1959 2231 1969 η
2319 1948 2412 1971 (ηρ
2495 1953 2505 1971 Ι
2646 1965 2663 1971 -
2777 1949 2830 1971 νβ
3079 1950 3140 1971 ,1
3306 1958 3334 1971 φ
3430 1958 3444 1971 ι
3495 1958 3508 1971 ι
3607 1965 3634 1971 _

313 1961 789 2018 demonstratum
822 1963 933 2014 est.
2007 1948 2057 1971 υ
2084 1958 2120 2025 ἡ
2165 1959 2272 2009 τῶν
2319 1948 2582 2028 Ἑϐραίων
2641 1949 2918 2018 θεοσέϐεια
2948 1950 3277 2028 περιϐόητος
3301 1958 3370 2027 ἦν
3419 1958 3520 2014 ἀνὰ
3564 1965 3739 2016 πᾶσαν

308 2050 408 2117 τήν
441 2045 794 2120 οἷκουμένην,
826 2044 909 2101 ὅτι
949 2046 1039 2102 καὶ
1069 2047 1104 2114 ἡ
1136 2044 1428 2119 νομοθεσία
1458 2045 1635 2101 αὐτῶν
1667 2043 2001 2122 ἀρχαιοτέρα
2028 2047 2094 2114 ἦν
2128 2044 2218 2100 καὶ
2249 2045 2461 2120 Ἑρμοῦ
2489 2042 2709 2115 τούτου,
2741 2043 2831 2100 καὶ
2865 2042 2998 2109 {inc
3021 2042 3194 2112 ἄλλος
3223 2049 3351 2122 παρ’
3377 2047 3612 2122 Ἐλλησι
3645 2070 3740 2105 σο·

313 2139 415 2219 φὸς
443 2135 681 2200 πολλοῖς
713 2132 1118 2192 ἀποδέδεικται.

1059 2490 2166 2659 MICHAELIS
2282 2490 2988 2658 PSELLI

794 2840 821 2866 -
932 2789 1634 2899 OPEBUM
1811 2788 2234 2895 PARS
2392 2788 3096 2918 QUABTA

1799 3020 2140 3064 COMPLECTE
2150 3021 2222 3062 ΝΒ

1589 3156 2448 3255 ΗΙΞἹὈΒΙΟΑἶ

1654 3525 2380 3658 ΨΕΛΛΟΥ

1933 3757 2093 3808 ΠΕΡΙ

631 3923 889 4021 ΤΩΝ
974 3920 1737 4022 ΑΘΗΝΑΙΚΩΝ
1821 3920 2265 4018 ΤΟΠΩΝ
2349 3921 2565 4018 ΚΑΙ
2648 3923 3396 4023 ΟΝΟΜΑΤΩΝ.

1666 4292 2344 4417 PSELLI

912 4509 1078 4603 DE
1146 4507 1516 4605 LOCIS
1591 4508 1743 4603 ET
1811 4507 2512 4604 NOMINIBUS
2579 4509 3083 4609 ATTICIS.

353 4870 439 4925 Tu
473 4869 654 4942 igitur
684 4887 799 4925 non
838 4869 1031 4926 solum
1079 4870 1529 4927 Atheniensium
1567 4868 1940 4925 urbem'dili-

281 4956 392 5029 gis,
427 4959 527 5014 sed
579 4964 636 5015 et
684 4959 876 5014 Attica
907 4959 1169 5029 nomina,
1197 4965 1400 5032 utpote
1450 4976 1580 5032 quae
1621 4957 1937 5030 quamdam

281 5046 566 5102 musicam
593 5063 792 5103 vocem
815 5047 1107 5102 emittant.
1133 5048 1339 5103 Dixisti
1365 5054 1561 5103 autem
1592 5053 1646 5102 te
1675 5047 1934 5102 nondum

279 5142 576 5192 versatum
611 5153 739 5192 esse
765 5136 823 5190 in
858 5137 1156 5192 recondito
1180 5138 1249 5192 de
1281 5136 1418 5206 illis,
1442 5141 1724 5208 tanquam
1759 5137 1816 5191 in
1849 5152 1936 5191 sa-

280 5223 392 5277 cris
424 5226 824 5297 adytis,opere
849 5225 1213 5297 scripto.Sed
1241 5243 1373 5281 cum
1409 5225 1710 5281 nonnullis
1730 5242 1934 5281 eorum

279 5313 562 5382 occurris,
580 5314 764 5370 Sunio
792 5313 922 5370 dico
945 5322 998 5370 et
1021 5315 1304 5385 Cephisias
1331 5319 1387 5371 et
1416 5315 1536 5371 illis
1562 5338 1589 5365 «
1616 5314 1818 5386 Spheti
1852 5315 1933 5370 fui

2125 4867 2201 4955 Σὺ
2258 4863 2316 4922 δὲ
2359 4867 2462 4955 ἄρα
2510 4866 2615 4922 οὐκ
2661 4867 2830 4939 αὐτῆς
2885 4871 3052 4944 μόνον
3083 4881 3186 4944 τῆς
3253 4876 3555 4948 Ἀθηναίων
3583 4877 3710 4955 ἐρᾷς

2048 4953 2292 5023 πόλεως,
2343 4953 2490 5010 ἀλλά
2517 4956 2607 5010 καὶ
2637 4961 2744 5011 τῶν
2793 4959 3084 5030 Ἀθήνησιν
3139 4962 3445 5038 ὀνομάτων,
3479 4965 3554 5030 ὥς
3586 4953 3709 5024 τινα

2046 5044 2307 5099 κάκείνων
2365 5045 2630 5118 μουσικὴν
2680 5048 3010 5118 πεμπόντων
3059 5052 3209 5128 ῆχώ.
3268 5054 3436 5112 Οῧπω
3483 5053 3540 5111 δὲ
3572 5053 3710 5136 ἔφη·

2048 5155 2142 5211 σας
2169 5133 2608 5208 ἐντετυχηκέναι,
2642 5133 2822 5210 ὥσπερ
2856 5137 2909 5190 ἐν
2948 5139 3118 5213 ἱεροῖς
3167 5140 3408 5212 ἀδύτοις,
3460 5133 3710 5220 ἀποθέτῳ

2046 5222 2168 5296 περὶ
2199 5220 2407 5310 τούτων
2464 5222 2873 5310 συγγράμματι’
2933 5226 3080 5282 ἀλλὰ
3126 5231 3263 5286 κατὰ
3303 5233 3468 5307 μέρος
3517 5233 3706 5310 ἐντυγ-

2045 5311 2229 5387 χάνων
2260 5309 2466 5378 αὐτοῖς,
2499 5311 2646 5388 φημὶ
2679 5309 2745 5384 δὴ
2775 5319 2855 5387 τῷ
2898 5317 3108 5392 Σουνίῳ
3159 5322 3249 5375 καὶ
3297 5326 3366 5396 τῇ
3417 5309 3704 5403 Κηφηοίᾲ,

2041 5492 2239 5570 theca;
2275 5491 2542 5570 hancque
2572 5495 2807 5570 tandem
2829 5514 2964 5553 cum
2998 5497 3128 5555 aliis
3147 5501 3417 5570 ejusdem
3443 5507 3702 5564 auctoris

2042 5565 2553 5650 lucubrationibus
2601 5569 2756 5650 typis
2799 5571 2979 5650 regiis
3025 5565 3313 5650 edendam
3367 5594 3583 5650 paro.»
3613 5582 3703 5646 Ita

2042 5637 2318 5724 Lequien‘
2323 5638 2384 5692 in
2405 5638 2598 5724 prima
2621 5637 3040 5704 Dissuta-tione
3060 5637 3502 5724 Damascenica,
3525 5669 3585 5708 n.
3607 5637 3699 5723 3t,

2040 5727 2099 5783 p.
2130 5725 2246 5764 xvx.
2279 5708 2437 5764 Em'r.
2472 5709 2644 5766 PATR.

346 5489 372 5514 "
394 5489 622 5547 Psellus
639 5494 961 5548 orationem
988 5493 1291 5550 funebrem
1314 5493 1617 5550 Michaelis
1635 5494 1935 5551 Cerularii

279 5564 700 5638 pronuntiavit,
726 5565 785 5617 in
816 5581 1097 5638 qua_eum
1131 5564 1334 5622 laudat
1362 5583 1430 5623 eo
1455 5583 1525 5621 ex
1555 5567 1746 5638 capite
1777 5568 1932 5634 quod

283 5633 629 5710 Latinorum
663 5633 993 5706 reprobavit
1037 5641 1390 5710 sententiam
1439 5639 1510 5694 de
1560 5633 1931 5710 processione

277 5721 312 5768 a
346 5705 507 5764 Filio.
533 5729 563 5759 κ
591 5705 794 5764 Exstat
842 5723 910 5763 ea
955 5707 1130 5764 Pselli
1178 5711 1364 5768 oratio
1395 5709 1453 5765 in
1484 5705 1665 5783 Regia
1711 5711 1930 5767 Biblio-
