4124 6394
369 397 533 459 “57

1400 396 1503 457 DE
1546 395 1772 457 LOClS
1821 397 1919 456 ET
1963 395 2400 458 NOMlNlB'US
2445 396 2780 457 ATTICIS.

3641 399 3798 462 “58

366 527 458 582 καὶ
515 529 597 598 τῷ
631 547 660 577 ι(
694 528 942 602 Σφηττοῖ
968 524 1180 600 γέγονα,
1209 525 1299 579 καὶ
1331 524 1530 600 Θρίηζε
1559 524 1649 580 καὶ
1683 524 1960 602 Φαληροῖ,
1993 548 2021 577 ιι

2166 531 2196 582 ιι
2224 526 2415 582 Τὴτὶω
2473 530 2531 583 et
2561 525 2816 597 Phaleri,
2879 550 2907 579 «ι
2938 531 2995 584 et
3042 544 3280 584 rursum
3315 551 3337 581 ι
3402 528 3619 600 Spheto
3668 530 3796 588 abi-

369 615 463 672 καὶ
513 615 667 676 αὗθις
703 636 732 666 ‹‹
767 612 1077 690 Σφηττόθεν
1128 613 1325 687 ἀπῄειν
1355 614 1446 668 καὶ
1491 613 1838 686 Φαληρὸθεν,
1872 638 1898 666 ››
1934 613 2036 669 ὥσ-

369 725 472 780 περ
505 703 807 773 ἐνθουσιᾷς,
847 701 938 756 καὶ
973 701 1095 758 λίαν
1136 701 1285 776 ἔχεις
1319 702 1596 777 ἐρωτικῶς
1629 701 1776 758 δυοῖν
1809 703 2033 778 θατέρου

368 798 585 870 τυχεῖν,
625 792 662 863 ἢ
697 796 946 870 Σφηττοῖ
987 791 1230 866 γενέσθαι
1277 792 1368 847 καὶ
1417 793 1768 871 Κηφισιάσιν,
1820 792 1854 862 ἢ
1909 792 2033 867 περὶ

370 888 481 940 τῶν
510 880 737 958 χωρίων
768 880 1147 957 ἐναργέστερόν
1176 903 1228 936 τι
1260 883 1469 955 μαθεῖν.

442 989 540 1045 Διὰ
568 989 737 1043 ταῦτά
785 1009 871 1043 σοι
903 987 1008 1062 ἐγὼ
1040 985 1100 1042 ἐκ
1129 987 1363 1044 πολλῶν
1399 983 1630 1066 βιϐλίων
1665 988 2035 1066 συνηγηοχὼς

371 1079 560 1156 γράφω
584 1075 763 1134 ταυτί.

445 1166 662 1243 Ηλευρά
716 1187 798 1228 τις
843 1162 1059 1236 διῆκται
1121 1172 1223 1237 τῆς
1283 1168 1540 1238 Ἀττικῆς
1600 1167 1692 1222 σὺν
1749 1171 1818 1242 τῇ
1852 1167 2033 1242 Μεγά-

373 1254 480 1332 ρίδι
538 1255 646 1311 ἀπὸ
709 1253 939 1310 Σουνίου
1001 1254 1198 1332 μέχρις
1255 1257 1518 1330 Ἰσθμοῦ.
1575 1261 1837 1321 Ἐνταῦθα
1899 1257 2036 1310 κατὰ

377 1346 545 1421 μέσην
595 1363 703 1400 που
760 1345 860 1416 τὴν
891 1346 1149 1414 τοιαύτην
1179 1347 1444 1421 γραμμὴν
1475 1351 1592 1410 τοῖς
1625 1346 1701 1408 εἲς
1729 1348 1828 1416 τὴν
1868 1344 2030 1401 πόλιν

371 1432 771 1490 καταπλέουσιν
834 1434 863 1489 δ
932 1433 1217 1510 Πειραιεὺς
1261 1435 1516 1506 ἀπαντᾷ,
1583 1437 1646 1490 τὸ
1704 1430 2034 1510 περιϐόητον

371 1530 479 1580 τῶν
537 1521 847 1594 Ἀθηναίων
905 1523 1163 1580 ὶπίνειον.
1223 1525 1373 1580 Μετᾶ
1433 1522 1490 1580 δὲ
1517 1526 1610 1581 τὸν
1645 1527 1892 1601 Πειραιᾶ,
1926 1530 2035 1579 Φα-

374 1613 566 1687 ληρεῖς
624 1609 805 1688 δῆμος
862 1611 915 1667 ἐν
970 1615 1040 1678 τῆ
1100 1613 1290 1692 ἐφεξῆς
1345 1613 1589 1691 παραλίᾳ
1637 1614 1771 1671 ἐστί·
1805 1616 1921 1687 μεθ’
1974 1610 2032 1669 ὅν

371 1701 777 1780 Ἀναγυράσιοι.
841 1702 953 1758 Εἶτ’
1027 1703 1416 1781 Ἀναφλύστιοι
1485 1706 1651 1781 μέχρι
1708 1711 1810 1774 τῆς
1867 1701 2033 1779 ἄκρας

371 1795 469 1848 τοῦ
497 1789 728 1848 Σουνίου
775 1789 1081 1862 διήκοντες.
1131 1794 1267 1849 Εἶτα
1296 1793 1360 1848 τὸ
1393 1793 1644 1866 Σούνιον,
1678 1791 1856 1867 δῆμος
1889 1793 2034 1864 ἀξιο-

377 1881 714 1957 λογώτατος·
774 1881 892 1954 μεθ’
951 1881 980 1936 ὃ
1037 1881 1332 1950 Μαραθὼν,
1391 1880 1529 1938 ὅπου
1586 1881 1894 1954 Μιλτιάδης
1938 1882 2033 1944 τὰς

379 1973 515 2044 μετὰ
543 1968 775 2032 Δάτιδος
831 1973 930 2026 τοῦ
978 1969 1188 2046 Πέρσου
1220 1967 1475 2045 δυνάμεις
1529 1969 1696 2048 ἄρδην
1744 1969 2030 2050 διέφθειρε.

377 2058 530 2118 Μετὰ
586 2057 645 2114 δὲ
694 2060 1019 2134 Μαραθῶνα,
1064 2058 1426 2134 Τρικόρυθος·
1477 2064 1592 2116 εἷτα
1651 2062 1941 2136 Ῥαμνοῦς,
1971 2061 2033 2116 τὸ

378 2154 670 2225 Νεμέσεως
699 2150 871 2225 ἱερόν.

450 2243 576 2300 Τῶν
609 2238 669 2296 δὲ
725 2242 866 2316 ὁρῶν
924 2239 992 2296 τὰ
1047 2240 1290 2314 ὀνόματα
1343 2241 1580 2316 μάλιστά
1636 2243 1745 2299 ἐστι
1785 2249 1971 2301 ταῦτα·
2005 2248 2032 2303 ὁ

376 2331 702 2405 Ὑμηττὸςὸ
754 2328 1058 2407 Βριλησσὸς
1115 2331 1143 2386 ὁ
1194 2327 1571 2408 Λυκαϐηττὸς,
1626 2336 1661 2405 ἡ
1725 2335 2030 2410 Πάρνηθος,

377 2422 405 2476 ὁ
437 2418 786 2496 Κορυδαλός.

443 2508 695 2584 Ποταμοῖ
756 2506 813 2564 δὲ
868 2509 920 2565 οἱ
982 2507 1446 2584 διωνομασμένοι,
1510 2513 1538 2568 ὁ
1597 2513 1896 2591 Κηφισσὸς,
1943 2517 2034 2573 καὶ

375 2600 403 2654 ὁ
462 2599 717 2671 Ἰλισσὸς,
787 2598 921 2675 ῥέων
978 2598 1054 2662 εἷς
1101 2601 1202 2670 τὴν
1234 2600 1501 2678 παραλίαν
1553 2601 1611 2657 ἐκ
1637 2608 1744 2659 τῶν
1778 2607 1907 2680 ὑπὲρ
1935 2614 2033 2678 τῆς

376 2691 586 2766 Ἀγρας
635 2688 726 2744 καὶ
783 2689 880 2743 τοῦ
940 2688 1174 2744 Λυκείου
1236 2695 1438 2764 μερῶν,
1489 2691 1578 2747 καί
1623 2700 1722 2764 τῆς
1752 2703 1941 2771 πηγῆς
1970 2697 2031 2766 ἦν

375 2778 610 2854 ὕμνηκεν
646 2777 697 2834 ἐν
731 2775 958 2854 Φαίδρῳ
991 2777 1244 2835 Πλάτων.

452 2886 736 2960 Κάμψαντι
787 2883 845 2941 δὲ
897 2885 960 2955 τὸ
1022 2883 1248 2942 Σούνιον
1313 2886 1447 2960 ἀκτή
1509 2887 1620 2944 ἐστι
1649 2890 1785 2967 πρὸς
1837 2889 2032 2970 ἄρκτον

384 2974 812 3053 ἆμφιθάλαττος,
865 2976 1025 3045 στενή
1056 2975 1119 3031 τὸ
1168 2974 1408 3050 πρῶτον,
1460 2977 1571 3032 εἶτα
1601 2977 1678 3042 εἷς
1734 2982 1834 3052 τήν
1873 2982 2037 3054 μεσό-

380 3085 532 3142 γαιον
588 3063 938 3123 πλατύνεται.
971 3064 1051 3122 Τὸ
1084 3061 1141 3118 δὲ
1172 3063 1365 3122 λοιπὸν
1397 3066 1459 3121 τὸ
1517 3068 1654 3143 πρὸς
1705 3065 1898 3146 ἄρκτον
1924 3070 2032 3126 ἐστὶ

380 3151 616 3227 πλευρὸν
683 3154 790 3209 ἀπὸ
857 3156 956 3224 τῆς
1015 3153 1289 3230 Ὠροπίας,
1359 3153 1448 3211 ἐπὶ
1501 3153 1648 3213 δύσιν
1712 3166 2034 3235 παρατεῖνον

383 3241 552 3320 μέχρι
583 3249 684 3313 τῆς
719 3240 1046 3319 Μεγαρίδος.

449 3331 814 3408 Ὑπέρκεινται
855 3329 913 3388 δὲ
940 3335 1042 3398 τῆς
1074 3333 1327 3404 Ἀττικῆς
1358 3335 1413 3391 αἱ
1436 3334 1791 3410 Σκειρωνίδες
1819 3338 2030 3416 πέτραι.

379 3421 532 3480 Μετᾶ
560 3419 618 3481 δὲ
645 3421 844 3484 ταύτας
873 3420 1010 3498 ἄκρα
1057 3421 1337 3500 πρόκειται
1398 3425 1595 3499 Μινῴα
1641 3424 2032 3503 ὠνομασμένη,

377 3515 610 3571 ποιοῦσα
637 3511 730 3567 τὸν
757 3511 814 3568 ἐν
842 3515 914 3587 τῇ
945 3511 1146 3584 Νισαίᾳ
1176 3510 1392 3588 λιμένα.

448 3601 510 3662 Ἡ
542 3598 600 3657 δὶ
659 3600 858 3659 Νισαία
889 3600 1122 3662 ἐπίνειόν
1154 3600 1267 3658 ἐστι
1298 3608 1404 3659 τῶν
1437 3606 1722 3682 Μεγάρων,
1756 3608 1900 3663 ὁκτὼ
1947 3608 2037 3664 καὶ

379 3687 507 3745 δέκα
538 3686 780 3753 σταδίοις
814 3687 1001 3766 διέχον
1035 3698 1134 3761 τῆς
1163 3689 1403 3756 πόλεως.
1437 3695 1501 3752 Ἡ
1534 3692 1591 3750 δὲ
1617 3697 1860 3773 Μεγαρὶς
1885 3699 2038 3774 μερὶς

379 3779 472 3838 καὶ
504 3776 642 3849 αὕτη
675 3781 737 3836 ού
775 3781 1012 3857 βραχεῖα
1058 3787 1159 3853 τῆς
1203 3780 1442 3845 πόλεως·
1498 3786 1533 3854 ἡ
1584 3785 1685 3860 γάρ
1720 3786 1938 3858 Ἀττικῆ
1978 3787 2042 3843 τὸ

381 3869 615 3929 παλαιὸν
647 3867 827 3924 Ἰωνία
855 3870 944 3926 καὶ
976 3871 1084 3932 Ἰὰς
1114 3869 1382 3927 ἐκαλεῖτο.

455 3960 525 4014 Τὸ
571 3956 629 4014 δὲ
690 3959 944 4036 Θριάσιον
992 3956 1179 4017 πεδίον
1233 3960 1408 4037 ἀγχοῦ
1468 3966 1641 4019 κεῖται
1697 3970 1798 4034 τῆς
1853 3963 2042 4023 Ἐλευ-

392 4070 561 4111 σινος.

460 4120 749 4215 Πρόκειται
827 4135 884 4196 δὲ
950 4138 1057 4194 ἄπὸ
1108 4145 1210 4210 τῆς
1278 4140 1506 4204 Νισαίας
1560 4139 1785 4198 πλέοντι
1840 4142 1893 4211 ές
1945 4147 2046 4216 τὴν

389 4228 646 4304 ’Δττικῂν
692 4230 728 4301 ἠ
777 4227 1053 4302 Σαλαμίς·
1096 4226 1148 4283 ἐν
1203 4226 1260 4283 δὲ
1306 4232 1376 4304 τῇ
1409 4229 1650 4307 παραλίᾳ
1678 4237 1746 4307 τῇ
1776 4234 1913 4289 κατά
1938 4241 2049 4292 Σα..

389 4315 596 4393 λαμῖνα
641 4319 858 4375 κεῖσθαε
908 4311 1198 4392 συμϐαίνει
1253 4317 1322 4374 τὰ
1379 4317 1500 4394 ὅρια
1537 4327 1640 4390 τῆς
1685 4342 1745 4376 τε
1805 4329 2047 4402 Μαγαρι-

384 4415 490 4479 κῆς
517 4407 609 4464 καὶ
664 4410 766 4474 τῆς
827 4403 1089 4469 Ἀτθίδος·
1152 4409 1253 4482 ὅρη
1319 4404 1376 4463 δέ
1435 4407 1541 4464 εἶσι
1573 4407 1692 4484 δύο,
1742 4411 1774 4466 ἃ
1821 4411 2049 4470 καλοῦσι

388 4497 622 4577 Κερατοι.

459 4585 592 4643 Εἶτα
636 4585 801 4654 πόλις
830 4585 1104 4660 Ἐλευσιν,
1165 4584 1217 4641 ἒν
1274 4585 1312 4662 ᾖ
1338 4587 1402 4642 τὸ
1431 4594 1531 4659 τῆς
1566 4590 1862 4666 Δήμητρος
1905 4591 2050 4669 ἱερὸν

2143 616 2280 672 bam
2313 621 2370 672 et
2401 616 2668 685 Phalero,
2699 617 2868 688 quasi
2899 617 3095 674 divino
3130 619 3323 673 furore
3365 618 3696 690 corriperis,
3743 625 3800 676 et

2143 705 2310 761 valde
2341 709 2582 778 exoptas
2635 722 2704 762 ex
2751 706 2844 762 his
2887 707 3120 763 duobus
3173 724 3358 763 unum
3408 709 3669 779 assequi,
3711 709 3798 765 vel

2143 795 2350 865 Spheti
2382 795 2602 851 versari
2625 800 2681 851 et
2710 795 3016 868 Cephisiae,
3043 796 3130 852 vel
3163 798 3234 852 de
3266 796 3360 852 his
3391 796 3534 854 locis
3573 798 3796 869 aliquid

2142 883 2201 938 in
2237 888 2477 941 extenso
2509 885 2758 940 discere.

2215 991 2348 1046 ldeo
2378 991 2484 1046 tibi
2515 1008 2583 1049 ea
2604 991 2798 1048 scribo
2826 1007 2951 1062 quas
2973 1007 3043 1047 ex
3073 990 3278 1048 multis
3308 990 3476 1047 libris
3497 992 3724 1066 collegi.

2215 1168 2328 1225 Ora
2359 1171 2631 1242 quaedam
2676 1169 2933 1227 Atticam
2986 1186 3124 1226 cum
3176 1169 3470 1240 Megaride
3519 1170 3740 1242 trajicit
3769 1189 3804 1228 a

2145 1260 2320 1316 sunio
2353 1277 2544 1332 usque
2569 1261 2640 1317 ad
2672 1261 2993 1316 Isthmum.
3027 1265 3192 1316 Tunc
3239 1259 3299 1314 in
3346 1259 3537 1316 medio
3571 1260 3804 1316 circiter

2142 1347 2253 1404 hoc
2301 1350 2551 1407 circuitu
2581 1349 2653 1406 iis
2685 1350 2788 1422 qui
2847 1351 2918 1406 ad
2972 1349 3174 1405 urbem
3227 1349 3504 1420 navigant
3549 1350 3802 1405 occurrit

2147 1437 2418 1504 Piraeeus,
2469 1439 2696 1494 celeber
2745 1438 3182 1494 Atheniensum
3238 1441 3463 1509 portus.
3512 1439 3650 1494 Post
3704 1439 3801 1494 Pi-

2146 1545 2359 1583 raeeum
2388 1531 2609 1598 autem,
2643 1528 2970 1584 Phaleraeus
3010 1526 3190 1582 Vicus
3222 1527 3280 1582 in
3316 1526 3506 1583 vicina
3557 1545 3661 1584 ora
3717 1529 3802 1584 si-

2143 1621 2240 1673 tus
2270 1621 2360 1673 est
2389 1635 2401 1673 :
2438 1623 2570 1690 post
2600 1633 2772 1689 quem
2804 1616 3173 1690 Anagyrasii.
3237 1615 3455 1673 Deinde
3502 1617 3806 1691 Anaphly-

2147 1707 2245 1762 stii
2278 1723 2467 1779 usque
2497 1708 2568 1762 ad
2603 1706 3030 1763 extremitatem
3062 1706 3226 1762 Sunii
3251 1707 3676 1778 pervenientes.
3704 1708 3808 1764 De-

2147 1796 2282 1852 inde
2314 1797 2591 1865 Sunium,
2639 1795 3146 1852 celebratissimus
3193 1797 3376 1852 vicus.
3428 1795 3649 1853 Deinde
3679 1796 3804 1854 Ma-

2068 1916 2114 1981 Β
2145 1886 2376 1954 rathon,
2411 1886 2511 1942 ubi
2545 1885 2842 1954 Miltades,
2874 1887 3030 1958 regis
3077 1889 3394 1942 Persarum
3439 1887 3730 1942 exercitus
3768 1903 3802 1943 ο.

2144 1975 2352 2030 Datide
2407 1975 2616 2032 ductos
2666 1974 2937 2031 funditus
2968 1974 3200 2031 delevit.
3238 1979 3374 2030 Post
3403 1975 3803 2032 Marathonem

2141 2080 2277 2120 vero
2301 2065 2721 2138 Trycorythus,
2754 2064 2966 2121 deinde
2997 2064 3324 2135 Rhamnus,
3347 2064 3581 2121 Nemesi
3603 2081 3805 2122 conse-

2145 2158 2366 2210 oratus.

2217 2243 2506 2300 Montium
2538 2259 2677 2300 vera
2707 2243 2952 2300 nomina
2980 2243 3102 2299 haec
3134 2247 3274 2300 sunt
3326 2243 3640 2316 pracipue,
3691 2244 3805 2317 Hy-

2145 2337 2388 2404 mettus,
2421 2333 2738 2402 Brilessus,
2775 2333 3148 2406 Lycabettus,
3177 2333 3528 2404 Parnethus,
3549 2333 3803 2407 Coryda-

2147 2422 2262 2479 lus.

2214 2511 2397 2568 Fluvii
2428 2517 2622 2568 autem
2669 2511 2754 2568 sic
2785 2511 3188 2579 nominantur,
3224 2511 3514 2584 Cephisus
3571 2515 3627 2568 et
3669 2510 3800 2568 Ilis-

2145 2617 2268 2669 sus,
2303 2601 2364 2656 in
2419 2596 2781 2657 maritimam
2833 2601 3132 2674 regionem
3182 2602 3373 2657 ﬂuens
3419 2619 3487 2657 ex
3534 2602 3803 2673 partibus

2145 2705 2272 2760 quae
2306 2689 2684 2762 ultraAgram
2704 2695 2760 2745 et
2791 2694 3038 2761 Lyceum
3063 2694 3227 2761 sunt,
3257 2694 3314 2746 et
3345 2706 3414 2745 ex
3439 2690 3596 2746 fonte
3622 2705 3800 2762 quem

2146 2777 2206 2833 in
2237 2778 2479 2834 Phaedro
2511 2778 2827 2835 celebravit
2861 2778 3044 2835 Plato.

2216 2884 2497 2943 Flectenti
2526 2902 2662 2942 vero
2685 2887 2758 2942 ab
2779 2885 2962 2942 Sunio
3003 2903 3106 2942 ora
3129 2889 3220 2942 est
3241 2887 3312 2942 ad
3338 2886 3802 2958 septentrionem

2147 2973 2444 3047 utrimque
2487 2992 2646 3031 mare
2680 2975 2925 3045 habens,
2964 2981 3219 3049 angusta
3274 2975 3555 3047 primum,
3588 2975 3800 3031 deinde

2146 3061 2209 3119 in
2236 3063 2463 3118 medias
2493 3069 2681 3119 terras
2713 3068 3014 3136 protensa.
3047 3065 3268 3121 Caetera
3297 3081 3431 3120 vero
3463 3065 3534 3121 ad
3566 3069 3802 3137 septen-

2149 3151 2402 3207 trionem
2435 3169 2538 3208 ora
2563 3153 2635 3208 ab
2667 3151 2881 3224 Or0pia
2917 3154 2989 3210 ad
3019 3152 3378 3210 occidentem
3430 3153 3804 3226 protenditur

2149 3257 2338 3312 usque
2369 3242 2440 3296 ad
2472 3242 2793 3314 Megarida.

2217 3330 2425 3386 Atticae
2456 3331 2902 3402 superaminent
2929 3331 3266 3388 Scironides
3313 3334 3507 3403 petrae.
3542 3331 3679 3388 Post
3705 3347 3804 3394 eas

2145 3436 2280 3476 vero
2303 3419 2639 3492 praeminet
2660 3421 3130 3494 promontorium
3150 3419 3367 3477 Minoia
3384 3419 3806 3492 nomine,quod

2149 3509 2354 3565 Nisam
2383 3514 2617 3582 portum
2651 3509 2848 3566 elficit.

2220 3599 2410 3657 Nisaea
2440 3617 2612 3672 porro
2644 3603 2848 3673 portus
2880 3599 3317 3672 Megarensium
3349 3603 3438 3656 est
3469 3599 3570 3672 qui
3602 3599 3804 3656 decem

2151 3691 2207 3743 et
2238 3692 2367 3744 octo
2422 3689 2615 3744 stadia
2672 3690 2744 3745 ab
2775 3689 2919 3745 urbe
2974 3689 3174 3746 distat.
3209 3689 3462 3762 Megaris
3520 3691 3718 3745 autem
3750 3692 3809 3744 et

2150 3775 2282 3848 ipsa
2313 3795 2447 3848 pars
2480 3778 2813 3851 reipublicae
2845 3796 2960 3835 non
2995 3779 3244 3835 minima
3279 3783 3368 3836 est
3400 3795 3413 3834 :
3442 3777 3630 3835 Attica
3650 3777 3808 3836 enim

2156 3867 2484 3936 antiquitus
2513 3867 2689 3923 Jonia
2719 3871 2775 3923 et
2804 3867 2904 3923 Jas
2937 3867 3369 3940 appellabatur.

2225 3956 2511 4012 Thriasus
2543 3973 2714 4029 porro
2746 3973 2991 4030 campus
3017 3973 3199 4030 prope
3232 3955 3470 4013 Eleusin
3491 3957 3670 4030 jacet.

2227 4133 2274 4188 A
2303 4132 2492 4188 Nisam
2522 4135 2720 4188 autem
2744 4131 2804 4187 in
2837 4133 3093 4188 Atticam
3128 4131 3429 4204 naviganti
3478 4130 3823 4204 praeminet

2158 4221 2476 4279 Salamina.
2526 4227 2589 4277 In
2618 4239 2720 4278 ora
2749 4225 2947 4277 autem
2981 4221 3340 4278 Salaminica
3371 4221 3470 4277 Siti
3503 4225 3642 4276 sunt
3673 4221 3822 4276 fines

2161 4311 2482 4384 Megaridis
2509 4315 2566 4366 et
2595 4311 2816 4368 Attica.
2848 4310 2973 4367 Duo
3005 4328 3179 4384 porro
3231 4316 3463 4368 montes
3494 4313 3636 4366 sunt
3666 4325 3816 4382 quos

2156 4405 2370 4458 vocant
2397 4401 2651 4457 Cornua.

2234 4579 2457 4636 Deinde
2489 4581 2631 4636 urbs
2662 4579 2892 4636 Eleusis
2916 4579 2976 4634 in
3028 4595 3145 4650 qua
3175 4579 3400 4636 Cereris
3436 4578 3726 4651 templum
3757 4582 3814 4636 et

385 4683 487 4749 τῆς
555 4676 893 4742 Ἐλευσινίας
971 4676 1062 4732 καὶ
1137 4675 1165 4731 ὁ
1238 4677 1498 4752 μυστικὸς
1559 4681 1750 4751 σηκός,
1805 4667 2039 4738 Εἶτα-τε

2166 4669 2412 4743 mystica
2458 4668 2607 4726 olea.
2664 4669 2885 4725 Deinde
2929 4667 3216 4724 Thriasus
3276 4685 3540 4740 campus.
3603 4667 3826 4724 Deinde

391 4765 643 4844 Θριάσιον
705 4761 911 4823 πεδίον.
971 4765 1105 4823 Εἶτα
1161 4767 1196 4835 ἡ
1257 4765 1565 4841 Ψυτταλία,
1614 4767 1803 4839 νησίον
1845 4768 2052 4847 ἔρημον

390 4853 687 4930 πετρῶδες,
732 4856 820 4911 καὶ
872 4858 907 4924 ἡ
939 4853 1253 4931 Μουνυχία,
1284 4856 1455 4920 τόπος
1505 4857 1697 4922 κοῖλος
1729 4859 1818 4914 καὶ
1854 4860 2050 4916 ὑπόνο-

397 4967 498 5021 μος
554 4944 768 5018 στομίῳ
828 4947 1010 5021 μικρῷ
1066 4945 1166 5014 τὴν
1219 4942 1430 5000 εἷ’σοδον
1485 4941 1654 5022 ἔχων.
1712 4947 1808 5004 Καὶ
1839 4949 1902 5004 τὸ
1955 4950 2048 5023 μὲν

393 5033 628 5091 παλαιὸν
684 5032 1019 5109 ἐτετείχιστο
1078 5033 1167 5089 καὶ
1223 5035 1550 5108 συνῴκιστο,
1611 5037 1823 5111 καὶτῷ
1878 5039 2050 5115 τείχει

394 5123 572 5197 τούτῳ
621 5126 860 5193 συνῆπτο
911 5121 1000 5177 καὶ
1053 5121 1119 5177 τὰ
1175 5124 1357 5200 μακρὰ
1401 5126 1565 5201 τείχη
1624 5131 1734 5182 τῶν
1787 5129 2048 5198 Ἀθηνῶν·

396 5215 447 5270 οἱ
497 5212 554 5269 δὲ
602 5211 806 5269 πολλοὶ
867 5211 1107 5285 πόλεμοι
1162 5212 1225 5267 τὸ
1270 5218 1459 5289 τεῖχος
1508 5218 1842 5291 κατήρειψαν
1871 5219 1961 5272 καὶ
1989 5219 2052 5275 τὸ

391 5306 492 5369 τῆς
551 5301 872 5379 Μουνυχίας
921 5294 1120 5377 ἔρυμα,
1176 5299 1267 5356 τόν
1328 5323 1388 5357 τε
1426 5305 1653 5379 Πειραιᾶ
1711 5302 2050 5364 συνέστειλαν

393 5391 469 5454 εἰς
521 5390 701 5468 βραχὺ
745 5391 835 5446 καὶ
904 5390 974 5444 τὰ
1020 5389 1200 5464 μακρὰ
1245 5390 1406 5468 τείχη
1454 5395 1815 5468 κατέσπασαν,
1876 5405 2053 5454 Λακε-

393 5479 694 5554 δαιμονίων
757 5480 851 5553 μὲν
901 5476 1245 5533 καθελόντων
1298 5482 1584 5556 πρότερον,
1646 5484 1936 5558 Ῥωμαίων
1997 5484 2055 5542 δὲ

392 5567 644 5646 ὕστερον,
694 5567 858 5638 ἡνίκα
911 5565 1091 5629 Σύλας
1157 5567 1595 5646 ἐκπολιορκήσας
1663 5571 1778 5628 εἷλε
1827 5575 1919 5630 καὶ
1959 5576 2051 5632 τὸν

395 5663 626 5732 Πειραιᾶ
672 5658 764 5714 καὶ
791 5657 856 5713 τὸ
886 5657 1075 5716 Ἀστυ.

473 5748 618 5806 Αύτὸ
667 5745 725 5803 δὲ
779 5747 842 5803 τὸ
893 5747 1059 5804 Ἀστυ
1117 5745 1287 5823 πέτρα
1334 5747 1474 5806 ἐστὶν
1527 5749 1580 5807 έν
1623 5751 1796 5828 πεδίῳ
1842 5775 2052 5831 περιοι-

2158 4757 2458 4830 Psyttalia,
2495 4757 2690 4814 insula
2738 4774 2917 4830 parva
2967 4758 3201 4813 deserta
3230 4761 3288 4812 et
3321 4761 3575 4829 petrosa,
3609 4759 3667 4812 et
3696 4755 3824 4811 Mu-

2159 4847 2392 4920 nychia,
2423 4847 2590 4903 locus
2651 4863 2828 4902 cavus
2879 4851 2935 4902 et
2991 4848 3283 4902 sull‘ossus
3331 4846 3479 4901 ostio
3527 4861 3706 4918 parvo
3734 4843 3820 4900 in-

2158 4953 2430 5009 gressum
2493 4937 2775 5008 praebens.
2836 4935 2906 4990 Et
2963 4935 3315 5006 antiquitus,
3388 4936 3628 5006 quidem
3682 4950 3820 4989 mu-

2161 5025 2282 5080 nita
2337 5030 2461 5081 erat
2517 5030 2577 5080 et
2631 5023 2853 5079 incolas
2913 5024 3180 5094 habebat,
3213 5027 3271 5079 et
3313 5023 3421 5079 hoc
3453 5039 3623 5079 muro
3657 5022 3824 5078 unie-

2161 5115 2377 5170 bantur
2432 5113 2591 5186 longi
2650 5113 3014 5168 Athenarum
3077 5113 3266 5168 muri.
3328 5113 3646 5169 Innumera
3715 5129 3824 5168 au-

2159 5209 2278 5260 tem
2333 5203 2487 5259 bella
2545 5219 2783 5258 murum
2845 5208 3182 5259 everterunt
3211 5209 3268 5257 et
3323 5203 3645 5275 Munychia
3686 5219 3818 5257 mu-

2162 5292 2519 5361 nimentum,
2555 5293 2960 5364 Piraeeumque
2989 5292 3050 5347 in
3101 5309 3348 5364 parvum
3398 5291 3658 5364 spatium
3692 5308 3823 5347 con-

2161 5386 2488 5451 traxerunt,
2528 5381 2860 5454 longosque
2913 5398 3117 5438 muros
3165 5383 3498 5437 diruerunt.
3558 5381 3821 5437 Lacedae-

2164 5471 2349 5527 monii
2399 5471 2566 5544 prius
2615 5488 2715 5526 eos
2765 5471 3129 5542 dejecerunt,
3182 5474 3240 5526 et
3289 5471 3502 5526 deinde
3547 5469 3820 5541 Romani,

2164 5561 2404 5633 quando
2435 5560 2589 5633 Sylla
2622 5559 2931 5617 obsidione
2961 5566 3196 5632 captum
3229 5559 3512 5617 Piraeum
3554 5563 3613 5616 et
3638 5559 3822 5615 Athe-

2165 5669 2271 5708 nas
2303 5650 2628 5722 occupavit.

2237 5759 2372 5830 Ipsa
2395 5773 2528 5814 vero
2557 5756 2701 5813 urbs
2721 5761 2813 5813 est
2841 5772 3017 5828 rupes
3042 5755 3101 5811 in
3125 5771 3332 5828 campo
3355 5770 3695 5827 assurgens,
3715 5768 3817 5809 un-
