4124 6394
373 384 526 450 H59

1696 382 2121 446 MICHAELIS
2170 383 2439 444 PSELLI

3628 375 3790 440 1160

361 521 538 593 dique
561 519 837 575 domibus
859 519 1245 576 circumdata.
1272 520 1334 575 In
1366 519 1495 591 ipsa
1519 523 1715 575 autem
1749 534 1895 589 rupe
1924 522 1999 572 est

2127 516 2368 588 κουμένη
2419 510 2626 586 κύκλῳ⁸
2689 511 2775 567 έπὶ
2837 509 2896 567 δὶ
2952 515 3021 585 τῇ
3079 511 3250 588 πέτρα
3304 508 3368 566 τὸ
3414 513 3512 578 τῆς
3557 507 3791 578 Ἀθηνᾶς

360 610 630 666 Minervae
670 608 972 682 templum,
1008 610 1172 665 urbis
1203 610 1479 666 Praesidis
1511 608 1824 680 antiquum
1857 613 2010 662 tem-

358 701 611 773 plum,in
645 718 762 772 quo
786 701 1290 772 inexstinguibilis
1314 701 1630 772 lampas,et
1652 699 2008 765 Parthenon,

355 796 412 845 et
441 791 701 845 eburnea
729 793 1005 859 Minerva,
1050 791 1348 860 egregium
1384 790 1602 845 Phidias
1652 805 1822 859 opus.
1851 789 1918 842 Et
1950 790 2011 841 ut

355 879 662 951 Hegesiam
696 878 754 933 in
779 881 908 949 ejus
931 880 1000 934 de
1018 882 1157 935 urbe
1189 879 1376 934 Libris
1400 879 1806 945 imiter,timeo
1828 894 1898 932 ne
1923 894 2010 931 re-

351 969 609 1024 dundem
624 967 1065 1039 etpropositum
1092 985 1287 1023 meum
1309 968 1415 1024 hoc
1437 969 1725 1038 scriptum
1747 967 2008 1021 excedat.

355 1057 519 1113 Unde
560 1058 773 1128 partim
807 1063 863 1112 et
910 1058 1166 1128 sparsim
1199 1057 1390 1112 dicam
1427 1073 1440 1113 :
1482 1057 1632 1111 Illud
1675 1054 2008 1125 Leocorion,

353 1147 464 1203 hoc
493 1146 788 1201 Theseum
817 1163 831 1213 ;
861 1145 940 1200 ibi
975 1146 1318 1213 Marathon;
1369 1146 1485 1202 illic
1518 1146 1841 1214 Rhamnus,
1891 1143 2011 1198 illic

352 1235 608 1302 Decelia,
641 1233 868 1290 celebre
889 1234 1450 1306 Peloponnesiorum
1476 1233 2008 1307 propugnaculum.

350 1323 497 1379 Hinc
521 1323 800 1394 Lyceum;
823 1322 959 1378 hinc
983 1323 1352 1396 Olympicum
1377 1324 1660 1379 stadium.
1681 1323 1766 1378 lbi
1789 1322 2008 1377 Acade-

354 1414 475 1468 mia
494 1419 552 1468 et
571 1411 1054 1484 philosophorum
1082 1413 1319 1482 horti,et
1341 1414 1589 1480 Odeum,
1604 1422 1659 1468 et
1692 1412 1857 1466 Varia
1875 1427 2007 1483 por-

352 1499 873 1570 ticus;etillustres
897 1501 1026 1569 vici,
1061 1502 1354 1574 Cephisia,
1388 1501 1668 1569 Phalere,
1702 1499 2005 1571 Sphettus,

351 1589 649 1662 Cecropia,
696 1587 999 1661 Cytherus,
1052 1591 1348 1662 Aphidna,
1399 1590 1649 1646 Eleusis.
1703 1591 1830 1645 Hinc
1871 1597 2008 1645 sunt

351 1678 564 1736 veteris
581 1678 908 1734 Academia
931 1679 1193 1749 vestigia,
1227 1679 1349 1734 hac
1371 1697 1551 1748 novae;
1583 1679 1780 1734 omnia
1804 1678 2005 1733 Musas

347 1766 806 1841 spirant,omnia
827 1768 1216 1832 Gratias.Quze
1240 1769 1396 1824 enim
1423 1769 1479 1823 in
1496 1769 1728 1824 civitate
1749 1771 1889 1822 sunt
1910 1784 2001 1822 ar-

348 1872 630 1914 canorum
656 1853 858 1923 ruinae,
900 1855 1256 1913 illustriores
1298 1863 1439 1913 sunt
1465 1857 1610 1928 ipsis
1637 1856 1998 1911 civitatibus.

2120 605 2290 678 ἱερὸν,
2350 603 2381 659 6'
2436 625 2494 658 τε
2550 603 2783 679 ἀρχαῖος
2842 602 2969 664 ναὸς
3030 601 3187 671 ὁτῆς
3239 595 3513 660 Πολιάδος
3569 596 3622 652 έν
3663 599 3709 670 ᾦ
3759 597 3789 653 6

2122 689 2383 758 ἄσϐεστος
2442 693 2672 771 λύχνος,
2726 694 2815 748 καὶ
2869 694 2896 748 ὁ
2937 691 3248 764 Παρθενὼν,
3296 689 3387 746 καὶ
3419 692 3455 759 ἡ
3507 685 3789 761 ἐλεφάντι-

2123 807 2214 846 νος
2274 786 2496 854 ἈΘηνᾶ,
2550 785 2613 838 τὸ
2663 783 2894 854 ἐξαίσιον
2942 787 3041 838 τοῦ
3075 779 3300 837 Φειδίου
3349 777 3532 854 ἔργον.
3564 778 3669 834 Καὶ
3695 775 3788 833 ’ίνα

2121 871 2189 941 δὴ
2245 872 2338 928 τόν
2398 873 2662 948 Ἡγησίαν
2725 870 2778 926 έν
2832 876 2951 933 τοῖς
3013 869 3136 947 περὶ
3189 876 3289 938 τῆς
3347 867 3566 929 πόλεως
3595 865 3786 941 λόγοις

2123 965 2496 1035 μιμήσωμαι,
2550 963 2695 1016 ἀκνῶ
2747 960 3086 1029 πλεονάζειν,
3148 959 3226 1032 μή
3278 951 3461 1030 συμϐῇ
3507 963 3610 1025 τῆς
3652 976 3781 1030 προσ

2120 1053 2318 1116 θέσεως
2365 1051 2608 1106 ἐκπεσεῖν
2656 1053 2755 1120 τήν
2799 1053 3036 1127 γραφήν.
3087 1051 3240 1112 Ὀθεν
3288 1046 3424 1102 κατᾶ
3476 1044 3640 1120 μέρος
3689 1044 3781 1100 καὶ

2119 1137 2526 1213 διεσπασμένως
2585 1139 2731 1214 ἐρᾶν
2803 1138 2977 1194 ἐκεῖνο
3028 1137 3381 1211 Λεωκόριον
3447 1138 3609 1188 τοῦτο
3667 1140 3779 1204 Θη-

2118 1236 2278 1285 σεῖον·
2342 1234 2509 1284 τοῦτο
2584 1229 2888 1303 Μαραθῶν’
2977 1226 3153 1283 έκεῖνο
3228 1227 3527 1298 Ῥαμνοῦς⁸
3617 1221 3782 1278 τοῦτο

2119 1318 2398 1391 Δεκέλεια,
2456 1319 2519 1374 τὸ
2575 1319 2865 1394 περιφανὲς
2919 1321 3027 1373 τῶν
3086 1313 3544 1384 Πελοποννησίων
3597 1314 3779 1389 ὁρμη-

2113 1408 2328 1482 τήριον·
2387 1410 2550 1461 τοῦτο
2605 1404 2854 1460 Λύκειον·
2918 1403 3094 1460 έκεῖνο
3147 1404 3210 1458 τὸ
3252 1399 3599 1474 Ὀλυμπικὸν
3651 1399 3783 1455 στά-

2117 1492 2254 1550 διον·
2316 1494 2544 1550 ἐνταῦθα
2609 1497 2644 1563 ἡ
2677 1490 2995 1567 Ἀκαδημία
3041 1491 3131 1548 καὶ
3165 1493 3218 1546 οἱ
3276 1494 3447 1557 κῆποι
3478 1494 3586 1545 τῶν
3620 1487 3780 1564 φιλο-

2115 1585 2320 1662 σόφων,
2367 1584 2459 1638 καὶ
2515 1584 2578 1639 τὸ
2631 1581 2860 1662 ᾨδεῖον,
2906 1582 2996 1638 καὶ
3045 1585 3080 1652 ἡ
3115 1579 3351 1651 Ποικίλη
3386 1581 3536 1634 στοά·
3571 1578 3662 1634 καὶ
3721 1577 3779 1632 οὶ

2113 1679 2429 1750 περιφανεῖς
2486 1671 2679 1747 δῆμοι,
2712 1675 2747 1743 ἡ
2781 1673 3042 1751 Κηφισία,
3074 1671 3140 1727 τὰ
3171 1669 3429 1745 Φάληρα,
3463 1671 3499 1739 ἡ
3536 1669 3778 1744 Σφηττὼ

2112 1767 2146 1833 ἡ
2201 1763 2503 1838 Κεκροπία,
2553 1765 2588 1832 ἡ
2635 1763 2881 1835 Κύθηρος
2911 1804 2925 1830 ,
2976 1763 3010 1832 ἡ
3069 1757 3300 1838 ’Ἃφιδνα
3333 1800 3347 1827 ,
3409 1759 3443 1827 ἡ
3506 1757 3772 1819 Ἐλευσίς’

2112 1852 2340 1928 λείψανα
2369 1858 2537 1908 ταῦτα
2581 1859 2683 1922 τῆς
2730 1849 2966 1914 παλαιᾶς
3027 1847 3395 1922 Ἀκαδημίας,
3454 1844 3633 1902 ἐκεῖνα
3671 1854 3774 1917 τῆς

347 1941 631 2016 νεωτέραςο
694 1939 866 1996 πάντα
901 1948 1118 2016 μουσῶν
1149 1948 1288 2016 πνεῖ,
1317 1945 1492 1998 πάντα
1521 1941 1788 2018 χαρίτων.
1819 1942 1888 1997 τὰ
1916 1941 2019 2016 γὰρ
2052 1941 2105 1996 έν
2231 1941 2391 1996 πόλει
2425 1940 2633 2016 ἐρείπια
2673 1946 2780 1996 τῶν
2832 1938 3162 2016 ἀπορῥήτων
3209 1933 3284 1994 ἔτι
3337 1961 3764 2020 περιφανέστερα

350 2030 566 2090 πόλεων
579 2078 592 2092 .

419 2126 492 2183 Ut
550 2134 747 2185 autem
810 2126 998 2198 magis
1031 2142 1095 2180 ac
1154 2123 1343 2196 magis
1372 2123 1608 2180 civitate
1658 2122 1896 2188 fruaris,
1929 2121 2002 2178 ab
2035 2124 2082 2190 B

347 2232 450 2271 ora
480 2233 607 2288 qua
644 2217 926 2274 Eubmum
960 2217 1185 2286 spectat
1240 2213 1443 2268 Atticis
1494 2212 1831 2277 cohaarenti,
1879 2216 2000 2266 sta-

345 2306 450 2360 tim
482 2307 736 2362 occurrit
765 2306 995 2376 Oropus
1025 2309 1082 2358 et
1112 2319 1278 2358 sacer
1309 2308 1512 2374 portus
1544 2319 1719 2374 quem
1764 2301 1998 2373 Delphi-

344 2394 509 2450 nium
568 2399 798 2465 vocant,
858 2393 1013 2466 apud
1072 2407 1247 2462 quem
1303 2390 1548 2462 antiqua
1606 2394 1696 2446 est
1755 2389 1997 2446 Eretria.

341 2483 560 2540 Deinde
617 2483 886 2553 Delium,
946 2480 1201 2552 Apollini
1271 2486 1720 2535 consecratum.
1799 2479 1999 2550 Neque

339 2573 546 2644 procul
595 2573 806 2644 ingens
865 2574 1071 2643 portus
1121 2585 1296 2641 quem
1344 2569 1711 2624 Profundum
1755 2568 1997 2623 Portum

337 2661 669 2716 nominant.
703 2660 925 2716 Deinde
971 2657 1160 2730 Aulis,
1211 2661 1484 2728 petrosus
1512 2656 1698 2713 locus.
1726 2657 1794 2711 Et
1822 2671 2000 2728 prope

338 2750 619 2806 Eurinus.

409 2766 619 2821 tripus.

409 2843 485 2895 Et
514 2837 754 2909 quidem
779 2853 848 2893 ea
887 2841 976 2893 est
1003 2852 1208 2891 versus
1230 2835 1508 2891 Euboeam
1541 2851 1644 2891 ora
1677 2834 1994 2890 maritima.

342 2927 406 2982 In
441 2925 655 2982 mediis
688 2931 883 2982 autem
917 2924 1086 2981 terris
1114 2925 1188 2980 ab
1215 2924 1516 2980 occidente
1565 2927 1653 2980 est
1699 2923 1996 2989 Citheron,

342 3017 414 3073 ad
467 3015 931 3088 septentrionem
984 3013 1371 3070 Phocensium
1413 3014 1578 3069 urbs.
1610 3018 1695 3069 Ex
1740 3012 1995 3068 Phocen-

344 3104 509 3161 sibus
558 3109 758 3161 autem
815 3103 1119 3160 montibus
1178 3101 1348 3157 multi
1410 3101 1780 3157 descendunt
1812 3099 1992 3171 ﬂuvii,

340 3210 590 3266 quorum
616 3193 905 3249 maximus
935 3199 1021 3248 est
1051 3190 1437 3264 Chephissus.
1475 3190 1762 3247 Schmnus
1794 3195 1992 3246 autem

336 3282 480 3338 urbs
541 3287 630 3338 est
683 3281 1121 3338 Thebanorum.
1173 3281 1313 3336 Eam
1394 3285 1590 3336 autem
1653 3279 1995 3352 praeterfluit

335 3371 550 3428 ﬂuvius
604 3371 893 3427 Schcenus
955 3369 1212 3426 nomine.
1265 3368 1539 3425 Citheron
1589 3375 1787 3424 autem
1821 3383 1993 3422 mons

333 3461 598 3517 excelsus
656 3465 765 3515 est.
829 3459 1102 3515 Ismenus
1156 3458 1370 3513 fluvius
1427 3463 1484 3514 et
1542 3460 1767 3529 Asopus
1801 3457 1988 3528 plani-

331 3551 474 3605 tiem
495 3565 620 3621 quae
653 3555 786 3604 ante
808 3547 1041 3604 Thebas
1061 3549 1220 3618 jacet
1237 3547 1661 3618 praeterﬂuunt.
1686 3548 1851 3601 Dirce
1884 3562 1987 3600 au-

335 3641 456 3694 tem
504 3638 636 3694 fons
684 3641 794 3694 est.
847 3637 918 3692 Et
963 3636 1238 3693 Citheron
1277 3653 1394 3693 non
1446 3635 1648 3708 procul
1695 3651 1729 3690 a
1775 3635 1990 3690 Thebis

336 3727 563 3784 finitur.

406 3817 623 3874 Deinde
653 3815 798 3872 urbs
825 3815 1090 3888 Thespiae
1129 3830 1309 3887 prope
1339 3813 1676 3870 Heliconem
1727 3819 1784 3870 et
1831 3813 1988 3871 Cris-

332 3921 516 3962 szeum
546 3905 745 3961 sinum
771 3906 948 3974 jacet.
983 3905 1166 3972 Pr0pe
1195 3903 1482 3975 Thespias
1525 3909 1721 3959 autem
1767 3910 1856 3959 est
1879 3910 1986 3958 As-

318 4012 452 4062 .cra,
479 3994 715 4050 Hesiodi
738 3993 1018 4066 patria,in
1051 3992 1348 4048 Heliconis
1371 3993 1596 4048 dextra.
1623 3992 1858 4049 Helicon
1891 4009 1990 4047 au-

330 4090 447 4141 tem
480 4089 571 4140 est
599 4083 658 4138 in
691 4083 963 4139 Phocide.
998 4082 1208 4138 Portus
1240 4087 1436 4138 autem
1471 4082 1864 4154 Thespiorum
1899 4086 1991 4137 est

329 4177 565 4229 Creusa.
601 4173 733 4228 Post
760 4171 1043 4242 Thespias
1073 4188 1208 4226 vero
1240 4176 1328 4227 est
1359 4171 1730 4243 Myoalissus,
1767 4177 1824 4226 et
1849 4186 1984 4242 pro-

330 4278 401 4334 pe
432 4261 774 4331 Eleutherze,
826 4261 967 4317 urbs
1018 4261 1386 4318 contermina
1433 4259 1898 4317 Atheniensibus
1930 4265 1989 4316 et

333 4349 576 4407 Beotiis.

403 4528 534 4584 Haec
563 4527 634 4583 de
665 4526 904 4583 Athenis
934 4527 1243 4584 sufﬁciunt
1277 4527 1707 4584 Atheniensum
1743 4527 1986 4584 fautori.

331 4617 446 4674 Nos
468 4618 626 4674 enim
659 4617 793 4689 plus
824 4617 1125 4674 effecimus
1148 4634 1326 4690 quam
1351 4633 1587 4673 eramus
1612 4617 1825 4688 rogati,
1851 4633 1988 4672 cum

330 4706 691 4763 mentionem
733 4707 1122 4764 habuerimus
1163 4708 1233 4762 de
1275 4705 1620 4779 regionibus
1652 4709 1709 4761 et
1741 4708 1811 4762 de
1845 4706 1989 4763 civi-

331 4796 554 4852 tatibus
584 4795 720 4852 huic
752 4796 882 4852 urbi
915 4796 1147 4852 vicinis.
1618 4795 1621 4799 ⁴

2183 2122 2298 2176 Ἵνα
2331 2117 2387 2174 δὲ
2419 2117 2504 2174 ἐπὶ
2536 2116 2703 2173 πλέον
2763 2119 3160 2195 κατατρυφῲης
3208 2125 3309 2189 τῆς
3363 2118 3608 2189 πόλεως,
3663 2119 3775 2176 ἀπὸ

2108 2215 2208 2277 τῆς
2262 2210 2398 2284 πρὸς
2427 2204 2656 2263 Εὔϐοιαν
2710 2206 2981 2282 παραλίας
3035 2215 3137 2276 τῆς
3197 2213 3457 2284 συνεχοῦς
3512 2211 3584 2281 τᾳ
3643 2211 3772 2265 ’Δτ-

2108 2303 2255 2372 τικῇ,
2316 2297 2468 2360 εὐθὺς
2524 2301 2552 2353 6
2609 2300 2844 2372 Ὠροπὸς
2876 2297 3180 2372 πρόκειται,
3231 2298 3322 2352 καὶ
3355 2300 3382 2353 6
3414 2299 3558 2374 ἱερὸς
3592 2297 3770 2372 λιμήν

2111 2389 2168 2442 ὅν
2227 2386 2455 2443 καλοῦσι
2514 2385 2822 2464 Δελφίνιον,
2870 2388 2987 2441 καθ’
3043 2387 3102 2442 ’ὸν
3161 2389 3195 2458 ἠ
3257 2384 3763 2464 παλαιιὶἘρέτρια.

2114 2477 2244 2532 Εἶτα
2299 2479 2361 2531 τὸ
2422 2475 2667 2547 Δήλιον,
2727 2476 2787 2530 τὸ
2840 2475 2986 2550 ἱερὸν
3044 2479 3146 2530 τοῦ
3206 2474 3604 2541 ’Δπόλλωνος.
3663 2477 3762 2531 Καὶ

2108 2566 2254 2641 παρᾶ
2305 2569 2499 2620 τοῦτον
2550 2562 2722 2638 λιμὴν
2787 2564 2975 2638 μέγας,
3038 2562 3096 2618 ὅν
3153 2564 3382 2620 καλοῦσι
3436 2565 3611 2628 Βαθὺν
3671 2573 3769 2620 Λι-

2113 2656 2263 2728 μένα.
2323 2655 2438 2718 Εἶθ’
2495 2656 2529 2723 ἡ
2582 2652 2774 2724 Αὐλὶς,
2826 2650 3100 2729 πετρῶδες
3129 2653 3363 2730 χωρίον.
3398 2655 3493 2710 Καὶ
3528 2652 3768 2726 πλησίον

2112 2746 2139 2800 ὁ
2172 2741 2432 2816 Εὔριπος.

2182 2833 2278 2887 Καὶ
2321 2834 2355 2902 ἣ
2419 2832 2512 2906 μὶν
2572 2830 2816 2907 παραΛία
2868 2831 3094 2903 τοιαύτη
3155 2853 3237 2896 τις
3269 2835 3303 2903 ἡ
3339 2833 3475 2908 πρὸς
3505 2829 3763 2894 Εὔϐοιαν.

2107 2921 2190 2978 Τὰ
2252 2918 2300 2976 δ’
2353 2919 2405 2975 έν
2459 2924 2528 2996 τῇ
2591 2919 2876 2998 μεσογαίᾳ,
2935 2920 3043 2976 ἀπὸ
3096 2923 3195 2990 τῆς
3252 2921 3479 2998 ἑσπέρας
3511 2924 3540 2979 6
3572 2925 3764 2978 Κιθαι-

2106 3011 2237 3086 ρὼν,
2286 3010 2425 3086 πρὸς
2469 3008 2528 3065 δὶ
2576 3008 2772 3085 ἄρκτον
2833 3012 2868 3080 ἡ
2916 3008 3154 3066 Φωκέων
3218 3009 3402 3074 πόλις.
3439 3013 3537 3070 Ἐκ
3566 3009 3623 3068 δέ
3654 3016 3760 3068 τῶν

2105 3107 2375 3157 Φωκικῶν
2432 3103 2572 3177 ὁρῶν
2613 3099 2821 3158 πολλοὶ
2871 3101 3114 3175 ποταμοὶ
3161 3104 3578 3180 καταφέρονται,
3629 3103 3702 3158 ὧν
3733 3103 3760 3158 6

2104 3192 2378 3268 Κηφισσὸς
2433 3192 2704 3268 μέγιστος.
2763 3192 2827 3249 Ἣ
2883 3188 2941 3246 δὲ
3000 3196 3233 3267 Σχοῖνος
3281 3193 3442 3267 χώρα
3492 3192 3604 3249 ἐστὶ
3660 3199 3759 3264 τῆς

2103 3275 2405 3351 Θηϐαἰκῆς·
2469 3279 2552 3356 ῥεῖ
2599 3275 2657 3335 δὶ
2713 3281 2800 3335 καὶ
2852 3280 3100 3352 ποταμὸς
3151 3277 3221 3335 δι’
3270 3279 3438 3350 αὐτῆς
3494 3284 3761 3358 Σχοινοῦς

2105 3369 2532 3442 ὀνομαζόμενος.
2609 3369 2668 3426 Ὀ
2736 3366 2794 3423 δέ
2864 3369 3138 3444 Κιθαιρὼν
3201 3368 3331 3445 ὅρος
3387 3367 3630 3446 ὑψηλόν.
3697 3371 3758 3428 Ὁ

2109 3458 2288 3530 μέντοι
2349 3458 2604 3530 Ἰσμηνὸς
2663 3459 2910 3531 ποταμὸς
2975 3460 3062 3513 καί
3125 3459 3153 3514 ὁ
3211 3458 3462 3522 Ἀσωπὸς
3516 3457 3605 3514 διὰ
3660 3462 3761 3514 τοῦ

2100 3545 2292 3602 πεδίου
2351 3545 2530 3623 ῥέουσι
2587 3551 2686 3602 τοῦ
2741 3548 2848 3623 πρὸ
2903 3551 3012 3603 τῶν
3077 3543 3311 3617 Θηϐῶν·
3366 3550 3402 3619 ἡ
3453 3545 3512 3605 δὶ
3569 3547 3761 3624 Δίρκη,

2097 3638 2273 3712 κρήνη
2306 3635 2437 3693 ἰστί.
2494 3635 2593 3691 Καὶ
2624 3635 2652 3690 6
2685 3637 2954 3712 Κιθαιρὼν
2980 3636 3040 3692 ού
3069 3636 3260 3714 πόρῥω
3291 3659 3398 3694 που
3426 3642 3534 3694 τῶν
3564 3631 3761 3709 Θηϐῶν

2094 3726 2348 3797 τελευτᾷ.

2168 3816 2300 3872 Μεθ’
2355 3813 2388 3870 ἃ
2443 3816 2534 3871 καὶ
2583 3817 2617 3886 ἡ
2670 3814 2834 3880 πόλις
2863 3815 2918 3870 αἱ
2963 3815 3189 3872 Θεσπιαὶ
3219 3816 3464 3893 πρὸςτῷ
3493 3814 3759 3874 Ἑλικῶνι

2098 3903 2415 3977 ἐπικειμένη
2475 3910 2555 3977 τῷ
2612 3905 2888 3980 Κρισσαίῳ
2944 3903 3164 3978 κόλπῳ.
3222 3909 3314 3963 Ἐν
3385 3904 3443 3961 δὲ
3488 3911 3608 3969 ταῖς
3664 3912 3762 3962 Θεο

2098 3999 2283 4058 σπιαῖς
2314 3994 2424 4048 ἐστι
2483 3994 2640 4064 καὶὴ
2696 3999 2926 4070 Ἄσκρη,
2981 3997 3016 4065 ἡ
3072 3999 3169 4051 τοῖ’)
3226 3993 3482 4052 Ἠσιόδου
3540 3995 3760 4072 πατρὶς,

2099 4082 2151 4138 έν
2182 4079 2328 4153 δεξιᾷ
2371 4086 2468 4137 τοῦ
2501 4079 2818 4147 Ἑλικῶνος.
2877 4085 2934 4138 Ὀ
2986 4081 3043 4139 δὲ
3089 4082 3326 4141 Ἑλικὼν
3375 4085 3612 4160 συνεχής
3649 4082 3760 4140 ἐστι

2095 4173 2164 4244 τῇ
2213 4167 2449 4227 Φωκίδι.
2496 4170 2752 4228 Επίνειον
2810 4169 2868 4227 δὶ
2919 4176 3028 4227 τῶν
3089 4177 3336 4229 Θεσπιῶν
3391 4176 3427 4244 ἡ
3488 4171 3756 4248 Κρέουσα.

2099 4261 2249 4318 Μετὰ
2279 4256 2338 4315 δὶ
2392 4260 2484 4322 τὰς
2539 4261 2772 4324 Θεσπιὰς
2833 4265 2868 4331 ἡ
2927 4259 3315 4334 Μυκαλησσὸς,
3369 4262 3460 4318 καὶ
3518 4259 3758 4333 πλησίον

2099 4352 2152 4406 αἱ
2202 4349 2538 4426 Ἐλεύθεραι,
2570 4348 2733 4413 πόλις
2766 4347 3077 4430 ἀμφίϐολος
3113 4351 3421 4424 Ἀθηναίοις
3469 4351 3558 4408 καὶ
3591 4354 3764 4410 Βοιω-

2097 4462 2240 4503 τοις.

2171 4531 2352 4604 Ἀρκεῖ
2413 4532 2576 4584 ταῦεα
2650 4529 2775 4604 περὶ
2827 4530 3075 4601 Ἀθηνῶν
3147 4534 3230 4603 τῷ
3283 4533 3394 4586 τῶν
3449 4527 3758 4602 ’Λθηναίων

2100 4618 2320 4696 ἐραστῇ.
2369 4618 2560 4689 Ἡμεῖς
2615 4618 2719 4694 γὰρ
2779 4616 2946 4674 πλέον
2999 4639 3052 4674 τι
3099 4623 3198 4673 τοῦ
3243 4617 3608 4695 ἐπιτάγματος
3659 4639 3762 4675 πε·-

2098 4711 2428 4781 ποιήκαμεν,
2477 4707 2700 4762 καὶτῶν
2735 4711 3028 4784 προσεχῶν
3065 4705 3269 4779 ταύτης
3330 4706 3759 4788 ἐπιμνηφθέντες

2100 4798 2323 4876 χωρίων
2355 4797 2445 4852 καὶ
2476 4794 2715 4853 πόλεων.
