4124 6422
351 373 507 432 1161

1857 376 2292 438 ΕΡΙδΤΟΙΛΕ.

3619 390 3778 450 1162

1371 633 1861 768 ΜΙΧΑΗΛ
1940 673 2190 771 ΤΟΥ
2265 674 2774 772 ΨΕΛΛΟΥ

863 868 960 931 Εἷς
989 869 1081 925 τὸν
1109 869 1353 946 χαλκοῦν
1381 872 1556 928 ’ἱππον
1583 874 1674 929 τὸν
1703 872 1754 928 ἐν
1786 877 1866 947 τῷ
1893 870 2268 950 Ἱπποδρόμῳ,
2303 873 2536 950 ἀπῃωρη
2550 877 2710 948 μένον
2742 877 2833 932 τὸν
2863 875 3006 933 πόδα
3030 873 3249 953 ἔχοντα.

1719 1173 2100 1231 MICHAELIS
2142 1174 2390 1232 PSELLI

1061 1326 1127 1386 ln
1157 1343 1390 1389 aereum
1421 1344 1656 1407 equum
1684 1326 1751 1387 in
1781 1326 2240 1408 Hippodromo,
2284 1330 2390 1410 qui
2424 1331 2648 1410 pedem
2681 1333 3037 1395 attollebat.

1480 1489 1792 1559 (BANDURI,
1822 1490 2122 1562 Imperium
2153 1489 2359 1546 Orienl.
2396 1491 2446 1557 Ι,
2476 1492 2624 1564 178.)

415 1829 699 1898 ’Έμπνους
729 1825 757 1880 ό
787 1823 1031 1900 χαλκοῦς
1055 1822 1228 1887 ἵππος
1260 1825 1417 1888 οὗτος
1448 1825 1508 1880 ὃν
1546 1824 1788 1900 βλέπεις,

417 1914 694 1988 Ἐμπνους
725 1912 949 1984 ἀληθῶς
978 1913 1068 1969 καὶ
1099 1913 1422 1993 φριμάζεται
1453 1917 1618 1991 τάχα.

417 2004 514 2058 Τὸν
549 2003 807 2078 πρόσθιον
842 2001 899 2058 δὲ
927 2008 1118 2059 τοῦτον
1153 2003 1372 2081 ἐξαίρων
1398 2001 1559 2073 πόδα,

415 2090 584 2149 Βαλεῖ
615 2114 672 2148 σε
702 2093 792 2148 καὶ
824 2089 943 2164 λὰξ,
978 2092 1027 2147 εἴ
1055 2092 1328 2170 παρέλθῃς
1355 2093 1591 2162 πλησίον
1622 2111 1637 2128 ⁸

417 2187 650 2257 Δραμεῖν
684 2184 936 2258 καθορμᾷ
969 2203 981 2216 ·
1017 2185 1194 2252 στῆθι,
1231 2184 1306 2256 μὴ
1338 2183 1754 2262 προσσεγγίσῃς,

412 2358 638 2416 Μᾶλλον
673 2357 731 2416 δὲ
761 2365 944 2440 φεῦγε,
983 2363 1058 2436 μὴ
1092 2356 1264 2437 λάϐῃς
1294 2362 1357 2417 τὸ
1380 2367 1477 2418 τοῦ
1508 2362 1697 2439 λόγου.

2022 1837 2077 1904 Α
2179 1828 2374 1902 Spirat
2403 1845 2590 1887 aereus
2619 1829 2730 1888 iste
2760 1847 2970 1903 equus,
3004 1849 3178 1905 quem
3210 1835 3404 1891 cernis

2180 1920 2378 1991 Spirat
2408 1935 2627 1989 revera,
2661 1937 2728 1976 ac
2762 1922 3026 1978 fortassis
3057 1923 3338 1979 infremit.

2181 2008 2331 2074 Quin
2354 2013 2412 2065 et
2442 2011 2792 2067 anteriorem
2824 2013 3031 2084 pedem
3065 2012 3245 2069 istum
3275 2013 3550 2070 attollens

2179 2102 2260 2156 Te
2289 2100 2446 2157 calce
2477 2102 2732 2175 impetat,
2768 2103 2815 2158 si
2847 2105 3086 2177 propius
3118 2107 3381 2162 accedas.

2176 2192 2261 2246 Ad
2292 2209 2531 2247 cursum
2553 2193 2939 2250 estincitatus
2963 2214 2978 2264 ;
3003 2195 3148 2251 siste
3178 2211 3528 2269 ergo,neque
3552 2213 3761 2269 appro-

3443 2286 3716 2358 [pinques
3745 2304 3760 2354 ;

2175 2372 2289 2425 Aut
2317 2370 2510 2443 potius
2543 2372 2695 2444 fugo,
2730 2389 2801 2428 ne
2834 2373 2938 2429 tibi
2971 2374 3130 2432 dicta
3159 2374 3453 2431 eveniant.

1024 2740 1734 2874 MIXAHA
1875 2743 2027 2869 Τ(

2144 2745 2224 2869 Υ
2367 2741 3094 2874 ΨΕΛΛΟΥ

1690 3001 2411 3100 ΕΠΙΣΤΟΛΑΙ.

2019 3226 2100 3240 .-

757 3381 1671 3511 MICHAELIS
1763 3377 2356 3506 PSELLI
2455 3379 3366 3509 EPISTOLXE.

362 3771 442 3828 A'.
501 3774 590 3843 Τῷ
663 3769 1047 3847 μητροπολίτῃ
1124 3768 1542 3847 Θεσσαλονξκης,
1617 3769 1696 3843 τῷ
1768 3770 2011 3847 γεγονότι

2144 3773 2166 3825 “.
2201 3769 2558 3842 Metropolitae
2595 3771 3005 3847 Thessalonicae,
3044 3773 3141 3847 qui
3166 3774 3345 3843 factus
3389 3774 3469 3828 est
3497 3773 3780 3828 rhetorum

831 3841 1098 3918 μα’ἷστωρι
1128 3847 1236 3898 τῶν
1277 3841 1550 3919 ῥητόρων.

437 3947 606 4008 Οὐδὲν
658 3950 687 4004 ὁ
736 3948 945 4027 ῥήτωρ,
978 3948 1062 4005 ὅτι
1109 3951 1183 4024 μὴ
1232 3949 1456 4026 γλῶσσα
1493 3949 1744 4024 λαμπρὰ,
1776 3948 1870 4003 κᾶν
1930 3946 2020 4003 λέ-

364 4062 452 4114 γῃ,
539 4037 636 4094 κᾶν
713 4041 919 4118 γράφῃ,
999 4038 1095 4095 κᾶν
1185 4037 1415 4113 παιδεύῃ
1522 4038 1842 4115 ῥητορικήν,
1923 4036 2018 4091 κᾶν

367 4127 665 4206 φιλοσοωίᾳ
711 4129 801 4184 τὸν
851 4133 977 4184 νοῦν
1022 4127 1239 4206 ἆσχολῇ
1275 4147 1288 4161 ⁸
1321 4131 1420 4198 τὴν
1477 4126 1535 4183 δὲ
1597 4128 1845 4203 γλῶτταν
1901 4123 2025 4180 ταύ-

362 4238 461 4288 την
524 4215 628 4294 ἔχῃ
675 4238 734 4272 τε
787 4219 927 4291 ὁμοῦ
975 4217 1064 4273 καὶ
1097 4216 1344 4295 ἀφίησιν.
1378 4217 1475 4272 Καὶ
1535 4215 1623 4272 διὰ
1679 4221 1844 4272 ταῦτα
1903 4212 2026 4270 οὕτε

367 4307 660 4376 Ἀθηναῖος
716 4308 751 4378 ἢ
809 4306 1156 4383 Σπαρτιάτης
1211 4306 1376 4375 ἐστὶν,
1429 4304 1576 4362 ἀλλά
1631 4305 1869 4376 πολίτης
1925 4311 2027 4374 τῆς

366 4394 719 4469 οἰκουμένης,
752 4397 841 4451 καὶ
892 4397 1137 4472 ἀτεχνῶς
1179 4396 1426 4471 ἀστραπή
1478 4397 1512 4466 ἢ
1575 4397 1774 4470 βροντὴ
1824 4415 2022 4450 παντα-

367 4483 506 4561 χόσε
561 4487 914 4563 περιηχοῦσά
967 4506 1025 4540 τε
1081 4485 1171 4539 καὶ
1218 4483 1592 4558 ἐκλάμπουσα.
1627 4485 1704 4542 Οὐ
1764 4487 1864 4560 γὰρ
1921 4484 2026 4557 μό-

368 4594 466 4631 νον
516 4571 805 4647 ἐπιδημῶν
849 4578 987 4648 ἡμῖν
1055 4581 1155 4644 τῆς
1208 4575 1413 4649 τέχνης
1478 4573 1879 4650 μεταχειρίζεις
1925 4576 2024 4644 τὴν

375 4661 668 4739 σάλπιγγα,
727 4664 874 4720 ἀλλὰ
930 4664 1018 4720 καὶ
1078 4660 1386 4737 ἀποδημῶν
1444 4661 1680 4734 τοξεύεις
1747 4662 1828 4740 ἐφ’
1878 4665 2026 4736 ἡμᾶς

368 4752 498 4816 τοὺς
557 4752 755 4830 λόγους
817 4753 998 4828 ὥσπερ
1055 4753 1208 4816 τινὰς
1253 4751 1470 4814 ὀϊστούς
1505 4771 1517 4783 °
1557 4751 1646 4807 καὶ
1677 4751 1909 4823 τοξεύων
1968 4751 2030 4805 οὐ

373 4843 658 4914 πλήττεις,
699 4841 849 4899 ἀλλά
901 4842 1125 4918 βάλλων
1171 4840 1391 4914 ἡδύνεις
1425 4862 1436 4874 ·
1487 4843 1577 4897 καὶ
1629 4842 1691 4896 τὸ
1749 4844 2032 4920 φάρμακον

369 4937 471 4988 τοῦ
517 4931 715 5009 βέλους
749 4929 838 4987 διὰ
882 4931 1061 5004 πάσης
1111 4937 1273 5010 φοιτᾷ
1310 4939 1412 5002 τῆς
1452 4935 1660 5007 ψυχῆς.
1689 4931 1878 4993 Οὕτως
1935 4952 2032 4985 σου

371 5025 407 5092 ἢ
443 5019 590 5095 λὲξις
620 5040 634 5055 ⁸
671 5019 842 5086 οὕτως
875 5023 902 5076 ὁ
932 5026 1061 5084 νοῦς
1096 5041 1109 5054 ·
1152 5021 1327 5084 οὕτως
1376 5023 1410 5091 ἡ
1460 5020 1696 5097 ἂρμονία
1729 5040 1741 5053 ⁸
1777 5021 1919 5075 οὕτω
1970 5021 2031 5076 τὸ

2757 3846 3020 3914 magister
3046 3845 3146 3913 (1).

2200 3947 2538 4013 Quidaliud
2573 3953 2767 4005 orator
2787 3949 2902 4005 nisi
2935 3950 3054 4006 sive
3085 3949 3510 4022 loquatur,sive
3539 3949 3780 4018 scribat,

2131 4039 2251 4094 sive
2271 4037 2620 4094 rhetoricem
2635 4038 3387 4112 doceat,sivephilosophiae
3407 4045 3661 4095 mentem
3687 4057 3784 4113 ap-

2133 4127 2328 4200 plicet,
2359 4143 2595 4200 semper
2624 4145 2724 4200 per
2752 4128 3019 4200 linguam
3052 4129 3371 4200 operatur?
3403 4129 3561 4185 Hanc
3610 4147 3782 4201 porro

2135 4217 2209 4271 ob
2241 4232 2478 4271 causam
2512 4232 2630 4272 non
2658 4217 3033 4274 Atheniensis
3054 4223 3164 4286 est,
3186 4236 3300 4274 non
3333 4219 3783 4290 Spartiates,sed

2135 4304 2294 4360 orbis
2326 4303 2582 4359 universi
2606 4305 2747 4360 civis
2777 4307 2895 4373 est;
2930 4304 3102 4378 longe
3134 4306 3290 4361 enim
3341 4306 3575 4380 lateque
3625 4311 3790 4362 tonat

2137 4411 2202 4450 ac
2233 4393 2511 4465 fulgurat.
2529 4393 2653 4449 Non
2686 4395 2840 4449 enim
2875 4394 3066 4450 solum
3100 4394 3448 4467 eloquentiae
3480 4414 3586 4451 nos
3619 4398 3791 4469 quasi

2135 4484 2280 4539 tuba
2308 4483 2627 4552 demulces,
2678 4483 2984 4540 nobiscum
3035 4501 3430 4554 conversans;
3467 4487 3570 4542 sed
3602 4503 3631 4541 e
3660 4486 3790 4542 lon-

2135 4575 2356 4646 ginquo
2386 4573 2564 4628 etiam
2597 4589 2898 4629 sermones
2929 4578 3062 4630 tuos
3094 4575 3339 4631 telorum
3373 4575 3562 4631 instar
3592 4576 3653 4630 in
3686 4593 3792 4631 nos

2131 4663 2306 4735 jacis,
2337 4662 2423 4717 ita
2449 4665 2648 4719 tamen
2682 4667 2746 4718 ut
2777 4680 2848 4719 ne
2879 4663 3149 4719 vulneres
3181 4665 3502 4732 auditores,
3538 4666 3655 4721 imo
3688 4667 3790 4721 de-

2140 4751 2613 4820 mulceas,totam
2638 4753 2895 4808 animam
2921 4769 3132 4809 vocum
3158 4753 3451 4810 illecebris
3473 4755 3791 4810 imbuendo

2139 4848 2270 4898 Haec
2301 4846 2392 4898 est
2414 4846 2626 4898 natura
2655 4842 2950 4910 dictionis,
3003 4844 3236 4913 mentis,
3287 4844 3647 4912 harmonia};
3682 4845 3794 4900 hoc

2143 4934 2316 4990 modo
2349 4931 2482 5004 styli
2505 4932 2819 5004 rhythmus
2843 4931 3143 5004 procedit;
3179 4933 3288 4987 hac
3317 4933 3546 4989 ratione
3577 4939 3793 5001 orator,

2142 5022 2372 5094 qualem
2407 5038 2722 5093 praesumo,
2759 5022 3019 5077 omnium
3070 5025 3160 5077 est
3209 5022 3496 5095 gentium.
3551 5024 3635 5079 En
3668 5040 3797 5080 mea

377 5109 586 5174 κάλλος
641 5118 743 5181 τῆς
797 5112 1044 5190 φράσεως
1079 5130 1091 5144 ·
1125 5115 1374 5173 τοιοῦτος
1433 5113 1461 5166 ὁ
1510 5110 1640 5184 ἐμὸς
1701 5110 1883 5186 ῥήτωρ
1940 5110 2027 5166 καὶ

2145 5111 2335 5180 Siren,
2369 5126 2553 5182 osque
2593 5110 2966 5182 melliﬂuum,
3015 5111 3282 5179 suadela,
3333 5113 3689 5182 necessitas;
3725 5130 3796 5169 en

379 5198 672 5274 πάνδημος
730 5164 848 5256 xui“
884 5196 1055 5265 ὅντως
1121 5199 1459 5274 δημαίτατος
1494 5221 1506 5235 ’
1561 5200 1787 5271 τοιαύτη
1829 5202 1864 5270 ἡ
1926 5199 2027 5274 ἐμῆ

2149 5205 2482 5258 animorum
2513 5199 2823 5272 illecebrae,
2855 5201 3141 5257 mentium
3190 5218 3362 5271 esca;
3411 5203 3802 5275 cogitatorum

381 5291 578 5366 Σειρὴν
611 5289 700 5346 καὶ
731 5292 794 5344 τὸ
830 5289 1098 5367 μελιχρὸν
1132 5291 1309 5364 στόμα
1341 5309 1353 5322 '
1389 5293 1424 5360 ἡ
1457 5291 1629 5345 πειθώ
1663 5307 1677 5323 ⁸
1710 5293 1744 5360 ἡ
1800 5289 2032 5365 ἀνάγκη⁹

447 5475 526 5546 (1)
560 5477 719 5533 Hanc
747 5475 1052 5545 epistolam
1085 5489 1218 5530 cum
1249 5474 1482 5530 duabus
1514 5491 1577 5531 se

424 5492 498 5557 συ
562 5492 719 5533 Hanc
747 5492 1052 5545 epislmam
1085 5492 1218 5558 cum
1249 5492 1482 5557 duabus
1514 5492 1577 5531 se
1621 5492 1898 5560 uennnus
1921 5492 2031 5558 eui-

376 5547 466 5604 dlt
497 5492 653 5604 lg‘rid.
687 5548 868 5605 Tafel.
899 5549 968 5605 V.
1001 5551 1059 5604 C.
1095 5564 1153 5603 1n
1187 5547 1526 5618 Appendice
1554 5492 1624 5604 ὦ
1652 5547 2031 5603 Dissertatio-

382 5635 518 5676 nem
561 5621 626 5678 de
674 5622 1054 5678 Thessalonica
1099 5621 1322 5690 eiusque
1381 5635 1533 5690 agro.
1604 5619 2032 5690 Metropolitam

377 5691 553 5749 illum
585 5695 656 5754 ad
690 5709 867 5768 quem
901 5692 1106 5751 scribit
1135 5692 1364 5748 Psellus
1403 5692 1674 5750 eumdem
1708 5709 1838 5751 esse
1867 5696 2037 5767 putat

707 5824 969 5885 PATROL.
1019 5824 1131 5883 GR.
1176 5821 1416 5883 CXXII.

1621 5473 1898 5531 uentibus
1921 5474 2039 5529 edi-

2150 5306 2562 5358 musa,vocum
2578 5289 2860 5359 suavitas;
2873 5290 3251 5364 voluptarum
3268 5291 3806 5367 medulla,Calliope

2148 5490 2283 5530 cum
2315 5471 2418 5529 illo
2452 5489 2666 5546 magno
2697 5472 3130 5546 Eustathioiqui
3156 5491 3310 5531 anno
3337 5475 3473 5531 1192
3493 5477 3807 5532 defunctus

2145 5550 2272 5620 est;
2309 5547 2469 5620 quod
2506 5545 3311 5620 cumueetatel’selliinostri
3361 5565 3476 5604 non
3534 5550 3804 5620 quadrat.

2143 5619 2435 5748 Epistolas
2449 5619 2582 5673 4-12
2600 5618 2779 5674 edidit
2793 5617 3216 5675 Boissonadius
3233 5617 3628 5693 Norimberge
3644 5622 3800 5676 1838.

2196 5709 2310 5747 DIT.

2196 5709 2310 5747 DIT.

3403 5821 3480 5878 37
