4124 6384
326 387 486 450 1163

1664 362 2090 426 MlGHAELlS
2139 364 2406 426 PSELLI

3591 361 3751 422 1164

320 514 916 592 philosopha,natura
929 494 1973 592 immutabilis.ldemsanermntii.

2109 494 2150 548 :6
2179 497 2286 549 τῶν
2340 492 2578 571 καρδιῶν
2632 493 2937 569 θέλγητρον
2973 511 2986 525 ’
3041 492 3104 548 τὸ
3159 496 3267 548 τῶν
3324 492 3753 592 ψυχῶν.θήρα-

320 583 381 663 in
411 583 918 669 Thessalia,longe
935 597 1008 651 ab
1030 593 1272 649 Athenis
1297 610 1311 657 ς
1338 591 1494 646 idem
1518 589 1577 643 in
1599 591 1722 642 tota
1742 583 1979 652 Graecia,

2088 602 2215 656 τρον
2253 599 2266 615 ·
2300 585 2334 652 ἡ
2369 585 2561 640 Μοῦσα
2587 589 2694 639 τῶν
2729 583 2944 637 ἐννοιῶν
2979 602 2990 616 ·
3026 583 3061 651 ἡ
3121 580 3284 656 χάρις
3341 585 3449 636 τῶν
3506 577 3700 650 λέξεων
3737 598 3750 611 ·

323 711 502 766 super
533 665 924 753 montibus,‘in
956 683 1210 738 vallibus
1237 701 1249 741 :
1284 681 1439 736 idem
1471 683 1626 734 terra
1679 673 1981 766 luxuriosa

2109 671 2152 725 τὸ
2207 671 2440 748 γλεῦκος
2494 676 2593 742 τῆς
2651 671 2858 742 ἡδονῆς
2893 690 2905 703 ο
2935 672 2970 738 ἡ
3006 669 3309 748 φιλόσοφος
3342 665 3634 740 Καλλιόπη

323 789 380 840 et
402 763 465 838 in
497 779 621 836 solo
654 777 844 842 arido,
879 770 1293 839 immutabilis,
1327 769 1546 839 ubique
1577 781 1848 831 sonorus,
1881 763 1978 817 de-

323 868 635 933 lectabilis,
669 865 914 922 auribus
949 859 1187 925 suavis;
1223 860 1378 913 idem
1413 854 1672 920 subtilis,
1705 851 1980 916 ﬂoridus;

325 967 659 1042 pellucidus
683 959 1161 1034 ideoqueclarus;
1177 955 1539 1028 gravisidem
1561 970 1625 1008 ac
1643 951 1979 1042 vehemens,

328 1039 483 1114 acer.
514 1055 680 1111 Adde
711 1051 866 1124 quod
899 1047 1096 1104 omnia
1121 1045 1452 1118 promiscue
1479 1044 1668 1096 movet
1699 1040 1772 1110 (id
1800 1039 1983 1094 dicta-

328 1164 466 1203 men
499 1145 742 1210 meum).
776 1141 842 1195 Et
875 1153 1018 1194 sane
1050 1135 1148 1191 ubi
1181 1129 1855 1206 philosophatur,gravis
1886 1145 1984 1199 ap-

327 1239 532 1310 paret;
562 1247 694 1288 vere
726 1232 923 1285 orator
945 1225 1044 1282 ubi
1079 1222 1390 1294 magnifice
1423 1219 1548 1274 vult
1577 1217 1981 1310 loquiLSacer-

327 1307 486 1380 dotio
515 1317 824 1392 fungitur?
857 1332 1028 1372 nemo
1060 1315 1249 1384 magis
1280 1311 1555 1366 sacerdos
1597 1308 1720 1363 illo.
1753 1307 1833 1362 De
1864 1311 1987 1362 arte

323 1409 604 1469 disserit?
635 1407 841 1471 Verba,
872 1418 1038 1458 voces
1088 1400 1259 1472 plane
1290 1397 1704 1453 convenientes
1757 1393 1816 1447 in
1866 1409 1986 1447 me-

322 1501 488 1557 dium
523 1497 761 1570 profert.
794 1492 974 1548 Nemo
1006 1489 1136 1562 ipso
1188 1485 1664 1558 magnificentior
1693 1482 1984 1548 laudator,

321 1588 684 1662 explanator,
720 1576 1987 1662 explorator,perscrutator,argumentator,

331 1656 417 1734 Tu
439 1676 676 1748 quidem
703 1677 908 1727 caetera
926 1667 1139 1722 habilis
1163 1681 1246 1731 es,
1271 1670 1328 1719 et
1357 1661 1621 1734 epistolae
1651 1665 1769 1714 tuae
1789 1656 1987 1714 dulce-

329 1747 470 1822 dine
495 1767 621 1836 ipsa
653 1759 943 1816 dulciores
977 1761 1160 1811 artem
1195 1754 1385 1824 ipsam
1433 1751 1711 1822 produnt.
1738 1748 1880 1802 Nam
1917 1747 1988 1802 ad

331 1852 727 1924 eloquentiam
764 1852 978 1902 natura
1011 1857 1297 1916 perquam
1351 1839 1596 1895 fautrice
1623 1837 1830 1906 uteris,
1863 1853 1989 1908 qua:

334 1960 439 2013 per
459 1959 524 1997 os
546 1946 714 1995 tuum
742 1953 919 2009 quam
945 1930 1428 2006 splendidissime
1462 1943 1732 1984 resonare
1755 1925 1898 1982 velle
1918 1926 1996 1980 vi-

337 2034 527 2088 detur.
561 2026 840 2098 Antiquis
872 2024 1112 2096 quidem
1145 2019 1511 2091 temporibus
1535 2017 1796 2088 undique
1816 2020 1994 2071 terra-

339 2137 472 2176 rum
523 2121 580 2172 in
626 2115 991 2171 Thessaliam
1041 2110 1414 2166 conﬂuerunt
1452 2107 1524 2162 ob
1565 2106 1712 2162 alias
1745 2122 1994 2173 causas;

340 2209 585 2284 posthac
614 2211 808 2263 autem
841 2204 1152 2277 plerosque
1183 2201 1265 2257 ibi
1296 2205 1682 2256 conventuros
1714 2197 1902 2254 sentio
1936 2201 2000 2251 ut

340 2305 400 2356 te
459 2299 801 2369 loquentem
858 2293 1124 2350 audiant.
1177 2289 1497 2346 Ambitioso
1545 2303 1685 2343 sane
1735 2287 1836 2342 tibi
1869 2302 1998 2342 esse

342 2386 640 2458 licet,quia
673 2383 830 2456 quod
863 2400 932 2438 ex
961 2399 1058 2438 ore
1089 2380 1218 2436 ﬂuit
1239 2385 1358 2446 tuo,
1383 2396 1496 2435 non
1531 2393 1776 2449 corpora
1805 2374 1998 2432 solum

341 2476 560 2548 tangit,
591 2474 693 2530 sed
726 2476 781 2528 in
815 2473 1073 2528 animam
1103 2471 1286 2525 intrat
1327 2475 1385 2524 et
1427 2468 1787 2538 voluptatem
1819 2469 1997 2532 creat,

347 2567 586 2633 exaltat,
616 2561 894 2624 intendit,
947 2559 1190 2622 relaxat,
1241 2556 1562 2628 perfundit,
1614 2555 1773 2609 acria
1803 2553 1997 2614 solvit.

347 2653 559 2709 retinet
588 2655 646 2704 et
674 2648 798 2702 vice
826 2663 1018 2701 versa.
1053 2645 1214 2710 Quod
1235 2645 1286 2698 si
1315 2641 1673 2697 Thessaliam
1707 2645 1868 2695 tuam
1891 2640 1997 2694 tibi

346 2739 606 2810 loquenti
631 2752 801 2791 aures
825 2735 1177 2806 praebentem
1206 2732 1474 2797 habes,te
1504 2733 1561 2784 et
1583 2728 1738 2783 illam
1766 2728 1999 2786 beatam

353 2831 520 2896 dico;
557 2831 632 2892 te,
665 2824 822 2896 quod
855 2822 1076 2878 dociles
1124 2820 1426 2876 auditores
1475 2818 1802 2885 inveneris;
1837 2817 2000 2872 illam

354 2918 511 2989 quod
545 2915 679 2970 talis
710 2913 856 2985 ipsis
888 2911 1160 2967 sacerdos
1191 2925 1256 2964 ac
1278 2913 1472 2964 orator
1488 2905 1845 2978 obtigerit.Si
1868 2923 2000 2962 vero

354 3005 502 3063 nulli
534 3003 777 3060 semidei
801 2999 1096 3057 auditores
1119 2997 1625 3063 exstiterint,beati
1643 2997 1724 3050 sic
1743 3012 1998 3068 quoque.

353 3098 481 3152 Tua
498 3093 735 3166 quidem
759 3091 1030 3146 felicitate
1051 3087 1194 3143 nihil
1213 3084 1658 3159 perfectius-tibi
1681 3084 2001 3158 stylus,tibi

2092 757 2475 834 ἀμετάϐλητος
2531 763 2708 840 φύσις.
2761 763 2824 819 Ὁ
2871 759 3038 822 αὐτὰς
3091 758 3196 835 γὰρ
3263 758 3316 814 ἐν
3374 757 3670 830 Βυζαντίῳ,
3700 756 3752 812 ἐν

2094 847 2382 921 Θεσσαλίᾳ,
2419 849 2614 926 πόῤῥω
2661 855 2768 904 τῶν
2823 851 3092 919 Ἀθηνῶν,
3123 849 3262 924 πρὸς
3321 847 3457 920 αὐτῇ
3515 850 3586 920 τῇ
3629 845 3756 901 Ἑλ-

2094 935 2244 1008 λάδι,
2293 937 2345 992 ἐν
2388 937 2687 1016 γηλόφοις,
2737 939 2790 993 ἐν
2835 935 3119 1013 γηπέδοις,
3171 935 3221 991 ἐν
3270 937 3581 1014 τρυφώσαις
3638 935 3755 1009 χώ-

2095 1047 2233 1102 ραις,
2268 1027 2320 1081 ἐν
2369 1027 2635 1102 αὐχμηρᾷ
2689 1031 2784 1104 γῇ,
2819 1027 2882 1082 οὐ
2947 1020 3308 1099 μεταϐάλλων
3341 1043 3355 1056 ·
3416 1024 3480 1080 οὐ
3539 1044 3755 1098 μετατι-

2096 1115 2320 1188 θέμενος
2356 1136 2368 1150 ·
2403 1115 2723 1192 ἁπανταχοῦ
2779 1113 3035 1191 εὕκροτος
3063 1134 3076 1147 ο
3129 1112 3399 1188 εὐμουσος
3431 1133 3444 1146 ·
3504 1111 3708 1189 εὐηχος
3741 1133 3754 1144 ⁸

2095 1204 2378 1282 γλαφυρός
2412 1225 2424 1238 ·
2485 1205 2720 1280 ἀνθηρός
2753 1223 2767 1238 ο
2825 1205 2961 1278 μετὰ
3025 1208 3124 1260 τοῦ
3208 1202 3470 1280 λαμπροῦ
3526 1205 3704 1282 σαφής
3741 1221 3755 1236 ⁸

2101 1294 2238 1366 μετὰ
2286 1298 2384 1349 τοῦ
2442 1298 2649 1372 σαφοῦς
2709 1293 2929 1367 σεμνὸς,
2962 1294 3052 1350 καὶ
3117 1293 3254 1366 μετὰ
3281 1292 3477 1348 τούτου
3534 1291 3759 1368 γοργός,

2097 1382 2186 1436 καὶ
2241 1383 2354 1454 μετ’
2413 1382 2618 1438 ἐκείνου
2679 1383 2956 1457 ἀκμαῖος’
3021 1385 3197 1438 πάντα
3270 1381 3432 1436 κινῶν
3518 1381 3761 1458 ἀμέσως,

2099 1481 2342 1554 ἐκμέσως
2387 1483 2655 1555 (τοιοῦτον
2714 1483 2816 1559 γὰρ
2871 1482 2935 1538 τὸ
2989 1481 3121 1555 ἐμὸν
3179 1479 3599 1556 σεμνολόγημα)
3633 1499 3646 1513 ο
3700 1477 3760 1534 ἂν

2101 1571 2420 1648 σοφιστεύῃ,
2453 1573 2650 1644 σεμνός
2686 1592 2698 1606 ·
2754 1569 2814 1626 ἂν
2875 1570 3136 1645 σεμνύνῃ,
3189 1570 3521 1646 ῥητορικός’
3569 1567 3628 1623 ἃν
3683 1570 3765 1624 ἱε-

2103 1660 2323 1734 ρατεύῃ,
2384 1658 2557 1722 δεινὸς
2626 1661 2898 1736 ἱερατικός
2933 1680 2946 1692 ·
3007 1661 3066 1714 ἂν
3147 1659 3482 1736 τεχνολογῇ,
3543 1657 3768 1732 εὐρετής

2101 1744 2333 1822 ἀκριϐὴς
2383 1753 2490 1803 τῶν
2548 1750 2686 1822 πρὸς
2749 1748 3018 1827 εὐφημίαν
3071 1747 3337 1827 ἀφορμῶν
3377 1768 3388 1780 ·
3447 1746 3768 1822 μεγαλήγο-

2107 1857 2201 1911 ρος
2257 1837 2540 1908 ἐπαινέτης
2571 1857 2582 1868 ·
2619 1837 2920 1913 ὑψηλογῶν
2971 1837 3038 1892 τὰ
3087 1844 3228 1915 σαιρῆ
3267 1857 3280 1871 ·
3338 1835 3651 1915 σαφηνίζων
3700 1837 3770 1890 τὰ

2112 1923 2301 1999 ὑψηλᾶ
2328 1923 2609 1999 μεθόδοις,
2642 1926 2787 2004 φημὶ
2827 1931 3028 1998 τομαῖς
3077 1925 3185 1979 τισὶ
3242 1925 3330 1979 καῖ
3386 1921 3656 1995 λειότησι.
3691 1925 3768 1978 Σὺ

2110 2013 2167 2069 δὶ
2213 2013 2392 2070 τᾶλλα
2443 2017 2536 2088 μὶν
2587 2015 2754 2077 καλός
2791 2037 2802 2048 ·
2855 2013 2982 2070 ἀλλ’
3034 2011 3374 2069 ἐπιστέλλων
3406 2047 3474 2056 --
3511 2013 3770 2089 ὑπέρευγε

2105 2110 2208 2173 τῆς
2264 2103 2627 2180 γλυκύτητος.
2685 2110 2739 2157 'O
2805 2103 2906 2179 γάρ
2985 2125 3068 2158 τοι
3146 2101 3564 2177 ἐπιστολιμαῖος
3631 2103 3770 2176 πρὸς

2107 2195 2258 2266 ἡμᾶς
2291 2192 2454 2269 λόγος
2492 2193 2791 2267 μονονουχὶ
2823 2194 3007 2270 φωνὴν
3039 2192 3288 2270 ἀφίησιν,
3329 2191 3412 2247 ὅτι
3458 2191 3615 2268 φωνὴ
3672 2197 3775 2260 τῆς

2106 2283 2308 2358 τέχνης
2341 2283 2424 2340 σύ.
2459 2283 2850 2356 Ηλεονέκτημα
2894 2282 2996 2356 γάρ
3056 2303 3142 2337 σοι
3189 2282 3393 2358 ὑπῆρξε
3444 2283 3579 2358 μέγα
3633 2282 3774 2356 πρὸς

2106 2371 2234 2434 τοὺς
2293 2373 2491 2445 Λόγους
2542 2374 2576 2440 ἡ
2633 2370 2814 2445 φύσις,
2844 2372 2982 2442 πρὸς
3031 2374 3194 2424 τοῦτο
3231 2367 3358 2431 ἴσως
3409 2370 3773 2446 γεγενημένη,

2103 2458 2197 2514 τίνα
2228 2481 2313 2514 σοι
2346 2461 2408 2515 τὸ
2437 2468 2536 2530 τῆς
2569 2462 2773 2535 τέχνης
2824 2460 3036 2533 ἀξίωμα
3081 2457 3466 2532 λαμπρότερον
3515 2459 3607 2514 καὶ
3663 2457 3780 2514 δια-

2110 2546 2429 2625 φανέστερον
2479 2547 2723 2622 γένηται.
2787 2545 2964 2602 Πάλαι
3024 2547 3119 2620 μὶν
3210 2546 3302 2602 οὖν
3357 2548 3477 2601 καθ’
3531 2546 3775 2622 ἱστορίαν

2107 2643 2208 2705 τῆς
2265 2640 2362 2690 τοῦ
2418 2641 2610 2710 καιροῦ
2666 2637 2736 2708 (Ῡ)
2789 2633 3058 2697 ἐκδόσεως
3119 2638 3196 2709 (ι)
3242 2635 3618 2710 ἁπανταχόθεν
3676 2642 3778 2705 τῆς

2113 2722 2435 2796 οἰκουμένης
2481 2724 2616 2798 πρὸς
2673 2724 2770 2792 τὴν
2827 2721 3118 2779 Θετταλίαν
3175 2725 3224 2778 οἱ
3258 2723 3489 2786 πλείους
3524 2722 3777 2802 ἐφοιτων·

2110 2820 2289 2876 νῦνδὶ
2315 2820 2573 2884 πλείονας
2600 2821 2754 2894 οἶμαι
2813 2819 2999 2886 αὐτόθι
3058 2819 3360 2898 βαδιεῖσθαι
3420 2822 3556 2877 κατὰ
3611 2821 3776 2880 κλέος

2110 2914 2217 2964 τῶν
2268 2915 2364 2964 τοῦ
2414 2915 2508 2965 σοῦ
2552 2910 2724 2987 λόγου
2776 2911 3078 2985 σταγόνων.
3109 2911 3212 2967 Καί
3273 2931 3330 2965 σε
3389 2911 3542 2983 οἶμαι
3603 2909 3768 2982 ζηλο-

2109 3005 2296 3054 τυπεῖν
2346 3001 2436 3054 καὶ
2484 3001 2574 3054 τὸν
2627 3000 2893 3076 μάρτυρα,
2954 2999 3037 3054 ὅτι
3102 3001 3178 3073 μή
3263 3001 3534 3073 σωμάτων
3603 3000 3768 3072 μόνον

2113 3087 2402 3166 ἐφάπτεται
2436 3088 2610 3165 ῥεῦμα
2637 3089 2702 3144 τὸ
2735 3089 2849 3158 σὸν,
2882 3086 3030 3143 ἀλλὰ
3085 3089 3172 3143 καὶ
3236 3087 3310 3151 εἷς
3371 3089 3556 3165 ψυχὴν
3593 3086 3766 3144 εἰσδύ-

354 3179 954 3250 satisdatio,definitio
974 3177 1267 3234 contraria
1297 3193 1362 3231 ac
1395 3175 1997 3247 ratiocinati3,pr(evia

2110 3198 2211 3248 νει,
2243 3178 2335 3232 καὶ
2381 3177 2447 3232 τὰ
2498 3177 2685 3234 πολλά
2733 3182 2902 3234 ταῦτα
2935 3174 3153 3231 δύναται
3186 3173 3402 3247 ἡδύνειν
3438 3197 3450 3210 ’
3487 3178 3720 3254 ἐπαίρειν
3754 3198 3765 3211 ·

281 3311 290 3324 .
351 3271 643 3328 institutio
672 3245 742 3326 ac
772 3269 1135 3334 constitutio,
1181 3267 1448 3322 idearum
1498 3264 1752 3335 denique
1796 3245 1997 3318 mistio

2116 3245 2395 3321 ἐπιτείνειν
2429 3285 2440 3297 ·
2500 3267 2676 3343 χαλᾷν
2714 3287 2726 3298 ·

350 3362 458 3417 tibi
493 3367 700 3442 praesto
730 3357 1043 3415 sunt.Nam
1076 3357 1297 3412 Graecia
1319 3356 1408 3426 (ut
1425 3354 1700 3426 equidem
1736 3351 2007 3423 arbitror)

352 3455 408 3507 et
424 3467 552 3521 quae
571 3449 838 3519 regiones
860 3446 1092 3502 Graeciaa
1110 3447 1380 3514 adjacent
1407 3443 1696 3499 autetiam
1716 3442 2009 3512 ohjacent,

355 3548 536 3619 (sicut
565 3545 890 3616 Ionia)jam
915 3543 1055 3599 olim
1075 3543 1134 3598 in
1156 3541 1370 3597 litteris
1383 3538 2012 3596 eruditafuerat.Nunc

360 3640 557 3692 autem
583 3633 781 3688 omnia
805 3634 877 3687 ad
903 3636 1284 3686 monumenta
1298 3628 2012 3702 antiqua,rudera,ruinas

362 3724 596 3780 redacta
625 3728 782 3778 sunt.
811 3722 942 3778 Jam
965 3721 1081 3776 scis
1104 3720 1245 3791 quid
1265 3718 1371 3774 tibi
1403 3718 1835 3783 faciendum,ne
1861 3717 2013 3771 scire

362 3815 530 3866 tuum
565 3814 782 3882 pereat.
836 3809 1094 3880 Loquere
1141 3825 1338 3864 coram
1389 3808 1560 3864 nobis
1611 3805 2012 3872 audientibus,

356 3900 633 3972 laqueum
665 3917 780 3956 non
813 3900 1178 3970 distendens,
1198 3903 1404 3973 guttur
1424 3899 1588 3969 justo
1619 3897 1869 3952 nimium
1893 3913 2010 3952 non

354 3990 672 4056 tendendo,
705 3994 908 4062 pectus
933 4006 1046 4045 non
1070 3988 1594 4061 comprimens,sed
1626 3988 2009 4060 grammatico

355 4078 704 4150 obloquens,
748 4080 1037 4150 nobisque
1083 4095 1254 4135 voces
1299 4078 1513 4134 litteris
1562 4082 2010 4150 reprzesentatas

353 4168 508 4223 sicut
539 4185 642 4239 per
665 4169 931 4224 canalem
959 4169 1379 4224 advehens.Sic
1403 4185 1503 4224 cor
1525 4185 1622 4241 per
1656 4185 1831 4224 venas
1852 4168 2006 4224 calo-

350 4271 474 4312 rem
505 4258 610 4312 toti
662 4259 888 4328 corpori
937 4258 1332 4313 communicat
1368 4277 1382 4325 ;
1416 4259 1498 4313 sic
1547 4259 1730 4329 hepar
1781 4257 2009 4328 perilia

349 4345 699 4418 sanguinem
736 4346 1020 4402 membris
1054 4347 1270 4413 mittit;
1296 4347 1380 4402 sic
1412 4348 1717 4402 cerebrum
1751 4363 1850 4419 per
1873 4347 2006 4401 dor-

347 4451 481 4490 sum
516 4451 752 4489 sensum
795 4451 1174 4490 communem
1224 4435 1448 4506 ubique
1497 4435 1884 4492 disseminat:
1921 4434 2006 4490 sic

345 4523 449 4593 qui
472 4523 814 4594 Megalopoli
834 4540 1043 4593 aquam
1071 4523 1210 4580 alibi
1235 4525 2001 4593 duceredebebant,fossam

2788 3265 3026 3341 διαχέειν
3082 3288 3093 3300 ·
3158 3263 3471 3341 δριμύττειν
3505 3286 3518 3300 ⁶
3578 3267 3769 3323 λύειν⁸

2120 3353 2336 3429 ἐπέχειν
2373 3374 2386 3388 ο
2443 3354 2644 3424 τᾶλλα,
2699 3355 2798 3411 ὅσα
2850 3363 2948 3425 τῆς
3008 3354 3285 3410 ἆντιθέτου
3347 3353 3570 3432 μερίδος
3608 3355 3774 3424 ἐστίν,

2121 3452 2184 3506 El
2229 3454 2324 3526 μὲν
2359 3451 2449 3507 οὖν
2485 3455 2518 3522 ἡ
2553 3455 2620 3521 σὴ
2666 3451 2931 3508 Θεσσαλία
2980 3452 3217 3522 ἐπήκοός
3273 3452 3383 3508 ἐστι
3439 3457 3549 3508 τῶν
3600 3452 3652 3509 ἐν
3701 3459 3781 3526 τῷ

2123 3546 2200 3612 σῷ
2257 3541 2412 3617 λόγῳ
2470 3543 2713 3616 ῥυθμῶν,
2770 3539 2935 3619 ἄμφω
2998 3541 3280 3618 μακαρίζω
3324 3547 3423 3611 τῆς
3473 3543 3726 3618 εὐτυχίας
3763 3559 3779 3575 ·

2122 3630 2179 3685 σὲ
2239 3631 2356 3703 μὲν,
2391 3631 2472 3686 δτι
2531 3629 2702 3706 ἔχεις,
2756 3629 2837 3709 ἐφ’
2878 3632 2958 3692 οἷς
3010 3629 3070 3684 ἂν
3130 3632 3230 3700 τὴν
3289 3627 3514 3704 δύναμιν
3576 3628 3779 3706 ἐνδείξῃ

2120 3724 2227 3774 τῶν
2285 3715 2462 3796 λόγων
2497 3721 2784 3782 ’ἐκείνους
2845 3717 2922 3791 δέ,
2966 3719 3048 3774 ὅτι
3107 3719 3361 3774 τοιούτου
3418 3722 3782 3795 τετυχήκασιν

2121 3810 2309 3884 ἱερέως
2365 3809 2454 3864 καὶ
2511 3810 2762 3884 ῥήτορος.
2825 3809 2888 3864 Εἰ
2965 3806 3022 3864 δὶ
3095 3809 3319 3882 ἡμίονοι
3379 3809 3507 3886 παρ’
3565 3809 3784 3884 ἡμιθέῳ

2123 3899 2430 3972 ἑστήκασιν,
2490 3898 2740 3975 εὐτυχεῖς
2831 3899 2928 3972 μὶν
2989 3899 3140 3953 οὗτοι
3192 3899 3282 3953 καὶ
3338 3897 3530 3961 οὕτως.
3591 3898 3667 3954 Σὺ
3727 3896 3785 3954 δὲ

2120 3987 2432 4064 ἠτύχησας,
2464 3987 2514 4042 ἐν
2551 3991 2634 4050 οἷς
2667 3986 3007 4063 ηὐτύχησαςο
3041 3989 3128 4041 καὶ
3168 3985 3338 4060 μάτην
3397 3986 3481 4042 σοὶ
3539 3988 3601 4042 τὸ
3636 3991 3787 4064 χρῶ·

2125 4099 2200 4150 μα
2259 4075 2690 4150 διαμεμέληται,
2747 4077 2838 4132 καὶ
2903 4077 2966 4130 τὸ
3021 4077 3242 4131 πιθανὸν
3301 4083 3402 4145 τῆς
3453 4075 3782 4151 ἀπολογίας,

2118 4166 2209 4220 καὶ
2240 4166 2268 4220 6
2300 4165 2650 4241 ἀνθορισμὸς,
2683 4165 2775 4220 καὶ
2834 4167 2862 4220 6
2915 4163 3314 4239 συλλογισμὸς,
3347 4165 3436 4220 καὶ
3495 4167 3528 4233 ἡ
3575 4185 3783 4238 προκα-

2115 4255 2394 4322 τάστασις,
2427 4255 2517 4308 καὶ
2570 4257 2605 4323 ἡ
2639 4254 3102 4319 κατάστασις,καὶ
3161 4255 3196 4322 ἡ
3260 4252 3403 4326 μίξις
3439 4257 3547 4307 τῶν
3603 4251 3782 4310 ἰδεῶν.

2117 4345 2180 4400 Ἡ
2233 4344 2338 4419 γὰρ
2391 4344 2593 4406 Ἑλλὰς
2654 4342 2818 4416 (ὥστε
2883 4344 3085 4415 οἶμαι),
3139 4342 3232 4397 καὶ
3305 4344 3406 4398 ὅσα
3472 4348 3785 4416 προσοικεῖν

2117 4428 2285 4508 ἔλαχε
2343 4438 2412 4499 τῇ
2445 4430 2674 4490 Ἐλλάδι
2739 4433 2877 4506 (τινα
2926 4429 2982 4486 δέ
3033 4432 3119 4486 καὶ
3159 4432 3446 4504 ἀντοικεῖν,
3477 4432 3551 4493 ὡς
3581 4434 3616 4501 ἡ
3649 4431 3785 4505 ξύμ-

2114 4543 2258 4576 πασα
2291 4523 2512 4595 Ἰωνία),
2539 4520 2709 4577 πάλαι
2746 4522 2840 4594 μὶν
2876 4520 2963 4576 ἐπὶ
2992 4526 3110 4582 τοῖς
3144 4519 3336 4596 λόγοις
3371 4517 3782 4593 δεδημοσίευτο.

344 4613 653 4685 grandem,
690 4613 1140 4669 subterraneum
1193 4617 1367 4684 atque
1421 4613 1644 4669 aerium
1689 4612 1858 4684 quasi
1893 4612 1997 4667 ﬂu-

2113 4627 2217 4676 Νῦν
2273 4619 2329 4676 δέ
2382 4621 2546 4696 μέχρι
2591 4629 2690 4690 τῆς
2737 4622 2985 4695 ἱστορίας
3037 4619 3590 4690 δστήκασι,κολωνοί
3644 4641 3786 4682 τινες

342 4703 502 4758 vium
537 4703 1010 4775 feceruntlgitur
1039 4710 1098 4760 tu
1135 4720 1367 4776 quoque
1399 4721 1500 4776 per
1531 4703 1756 4759 litteras
1787 4720 2002 4760 sermo-

342 4809 485 4847 num
506 4794 727 4849 ﬂuenta
755 4794 925 4848 nobis
943 4793 1190 4865 porrige,
1216 4793 1485 4864 propina,
1506 4793 1703 4865 irriga.
1729 4794 2000 4848 Summo-

340 4899 476 4955 pere
510 4885 712 4956 utique
736 4884 950 4956 linguae
979 4888 1088 4938 tuaa
1114 4883 1463 4939 suavitatem
1486 4900 1999 4954 amo,m0rumque

337 4978 576 5028 tuorum
611 4990 818 5029 norma
850 4973 908 5027 in
943 4977 1137 5028 mente
1165 4988 1296 5028 mea
1321 4972 1578 5046 reposita
1599 4973 2000 5028 est.Dictionis

338 5075 452 5126 tuas
484 5071 826 5140 exemplain
861 5069 1104 5124 auribus
1131 5069 1272 5125 mihi
1299 5073 1659 5136 resonant,et
1681 5070 1999 5126 harmoniae

339 5159 784 5228 perfeclissimae
831 5158 890 5211 in
964 5163 1160 5213 mente
1218 5174 1348 5214 mea
1413 5158 1702 5213 residunt.
1757 5161 2000 5224 Quando

336 5247 578 5302 tandem
630 5252 686 5301 te
735 5263 905 5317 apem
961 5245 1246 5318 aspiciam
1269 5246 1296 5300 ‘I
1365 5248 1598 5318 quando
1669 5249 2000 5306 alvearibus

336 5331 468 5387 istis
501 5332 741 5401 relictis,
777 5334 1020 5390 sublimi
1055 5333 1247 5390 volatu
1283 5335 1459 5390 hosce
1514 5341 1748 5392 nostros
1797 5337 2000 5394 hortos

338 5419 560 5474 invises
591 5428 649 5476 et
680 5424 890 5478 florum
943 5422 1214 5478 delibans
1269 5441 1456 5479 rorem
1509 5426 1621 5480 mel
1658 5425 1714 5481 in
1747 5426 2002 5482 alvearia

338 5509 717 5578 asportabis?
747 5512 825 5567 De
856 5520 1061 5566 caelero
1095 5528 1209 5566 non
1243 5518 1331 5568 est
1379 5515 1534 5584 quod
1588 5514 1896 5586 epistolam
1927 5519 1996 5571 ad

343 5611 451 5651 nos
482 5600 643 5650 tuam
676 5600 1061 5655 accusem.'l‘u
1083 5601 1154 5655 de
1175 5600 1393 5672 quibus
1416 5602 1566 5657 inler
1589 5621 1696 5660 nos
1729 5605 2001 5661 convenit

341 5683 459 5739 noli
492 5682 776 5754 oblivisci,
800 5687 1017 5758 quippe
1038 5689 1377 5758 juramento
1407 5707 1528 5749 rem
1562 5693 1996 5752 roborastiJloc

2112 4708 2262 4775 ὄντες
2322 4712 2624 4783 μνημάτων
2685 4708 3144 4785 ἀρχαιοπρεπῶν,
3187 4707 3592 4782 ἐκλελειμμένα
3650 4707 3760 4784 ἐρεί

2110 4821 2228 4856 πια.
2257 4800 2424 4857 Οἶσθα
2482 4800 2688 4875 γοῦν,ὃ
2742 4801 3018 4868 ποιήσεις,
3076 4795 3169 4852 ’ίνα
3231 4799 3306 4870 μή
3373 4819 3469 4852 σου
3518 4800 3553 4867 ἡ
3617 4798 3782 4872 σοφία

2109 4889 2406 4961 ἀπόληται.
2440 4888 2574 4964 Λέγε
2621 4889 2744 4964 παρ’
2792 4891 2928 4960 ἡμῖν
2986 4891 3102 4948 τοῖς
3148 4885 3432 4955 ἀκούουσι,
3480 4888 3556 4959 μὴ
3608 4908 3780 4942 κατα-

2110 4979 2294 5034 τείνων
2324 4980 2412 5034 τὸν
2449 4977 2676 5055 βρόχον,
2711 4979 2787 5051 μή
2847 4976 3172 5050 ὑπερτείνων
3224 4975 3315 5030 τὸν
3369 4975 3643 5054 φάρυγγα,
3701 4978 3778 5050 μὴ

2115 5069 2427 5141 συμπιέζων
2473 5067 2566 5122 τὸν
2621 5066 2843 5142 θώρακα
2872 5085 2883 5098 ·
2919 5063 3045 5121 ἀλλ’
3085 5063 3436 5140 ὑπαγορεύων
3468 5070 3547 5137 τῷ
3601 5085 3782 5141 γραμ-

2116 5162 2294 5230 ματεῖ,
2324 5155 2414 5211 καὶ
2471 5153 2771 5230 κρουνηδὸν
2829 5157 2964 5227 ἡμῖν
3014 5153 3220 5229 ἐγχέων
3281 5153 3409 5217 τοὺς
3473 5153 3673 5232 λόγους
3720 5155 3772 5210 ἐν

2109 5248 2448 5322 γράμμασιν.
2483 5243 2643 5301 Οὕτω
2673 5265 2757 5298 τοι
2791 5243 2880 5297 καὶ
2912 5245 2946 5312 ἡ
2978 5241 3174 5317 καρδία
3225 5240 3313 5297 διά
3364 5265 3513 5306 τινος
3574 5242 3776 5319 ἄγγους

2111 5335 2174 5389 τὸ
2229 5335 2428 5408 θερμὸν
2482 5335 2718 5394 ἅπαντος
2775 5331 3119 5406 κατασπείρει
3180 5335 3280 5386 τοῦ
3339 5333 3598 5404 σώματος
3635 5351 3647 5366 ·
3691 5332 3781 5386 καὶ

2114 5424 2176 5478 τὸ
2233 5426 2379 5496 ⁵ἧπαρ
2435 5419 2524 5476 διὰ
2579 5429 2678 5490 τῆς
2737 5420 2933 5492 κοίλης
2989 5417 3301 5495 ἐποχετεύει
3355 5421 3418 5475 τὸ
3467 5424 3605 5493 αἷμα
3661 5427 3779 5483 τοῖς

2120 5514 2304 5587 μέρεσι
2339 5533 2351 5545 ·
2386 5512 2474 5567 καὶ
2509 5513 2536 5567 6
2568 5509 2864 5588 ἐγκέφαλος
2895 5507 2984 5565 διὰ
3011 5513 3108 5564 τοῦ
3141 5509 3398 5564 νωτιαίου
3446 5511 3547 5580 τὴν
3595 5507 3784 5580 aii/cor,-

2113 5623 2193 5656 σιν
2243 5608 2495 5678 πανταχῆ
2550 5598 2738 5655 δίδωσι
2775 5620 2786 5634 ·
2822 5601 2912 5654 καὶ
2942 5599 2994 5654 οἱ
3025 5599 3085 5652 τὸ
3117 5595 3265 5673 ὕδωρ
3315 5597 3490 5654 πάλαι
3538 5602 3608 5672 τῇ
3661 5601 3781 5657 Με-

2113 5688 2873 5770 γαλοπόλειέφελκυσάμενοι
2902 5689 3001 5758 τήν
3054 5687 3300 5765 μεγάλην
3351 5685 3575 5746 ὶνταῦθα
3633 5685 3776 5763 ἀμᾶ-
