4124 6448
327 450 482 513 1167

1671 431 2096 493 MlCHAELIS
2142 430 2415 492 PSELLI

3598 431 3756 495 “68

323 580 760 654 sophismatum
794 584 972 628 usum
1005 567 1241 642 penitus
1273 580 1546 622 recusare
1576 564 1664 621 fas
1703 581 1820 620 non
1871 566 1981 629 est,

2097 564 2450 632 κατασκευῆς,
2485 562 2585 618 οὐκ
2636 561 2739 620 οἶδ’
2781 563 2930 626 ὅπως
2976 564 3078 633 τὴν
3125 563 3349 637 ἀρίστην
3411 557 3756 640 ὑπερϐαίνεις

326 668 602 744 quamvis
623 682 739 738 quo
764 660 1115 736 profundius
1145 656 1278 729 quis
1307 655 1674 727 sophismata
1703 657 1983 721 sectatur,

329 787 396 825 co
423 766 656 837 longius
688 763 758 817 ab
804 755 1125 832 episcopali
1165 753 1451 823 dignitate
1492 752 1757 807 recedere
1785 751 1984 806 videa-

326 864 445 914 tur.
480 857 553 910 At
577 858 640 907 tu
665 850 902 922 quidem
928 863 1045 902 non
1075 845 1124 900 is
1146 841 1360 897 videris
1386 841 1486 913 qui
1519 841 1812 911 majorum
1845 855 1984 894 con-

327 943 744 1003 suetudinibus
773 937 1086 1004 valedicas,
1120 949 1311 1004 neque
1341 936 1400 986 te
1430 946 1564 985 cum
1607 929 1986 984 Cretensibus

327 1032 696 1092 cretizissare
727 1026 1002 1095 dixerim,
1035 1027 1102 1078 ut
1133 1026 1222 1076 est
1250 1021 1311 1074 in
1345 1018 1676 1074 Proverbio.
1728 1021 1768 1070 E
1817 1019 1987 1074 Creta

326 1140 434 1196 ego
467 1138 582 1177 non
614 1134 771 1185 sum,
802 1131 910 1170 nec
942 1114 1170 1168 huncce
1203 1111 1480 1165 honorem
1515 1106 1731 1162 ambio.
1767 1106 1984 1160 Rheto-

325 1193 444 1269 rice
475 1226 610 1265 cum
643 1203 995 1280 philosopho
1017 1200 1277 1273 loqueris
1300 1198 1444 1253 artis
1467 1204 1580 1252 tuae
1602 1196 1756 1251 haud
1793 1193 1987 1266 impe-

322 1302 458 1370 rito,
490 1299 591 1354 sed
643 1295 746 1369 qui
795 1289 1200 1366 philosophari
1251 1286 1448 1359 potius
1497 1302 1676 1357 quam
1727 1283 1986 1354 argutari

322 1389 482 1446 velit.
515 1387 592 1443 Ut
632 1399 806 1458 porro
859 1379 1118 1453 epistolae
1166 1382 1280 1432 tute
1327 1376 1696 1447 aliquantum
1743 1389 1985 1444 respon-

323 1481 519 1543 deam,
551 1475 651 1532 ubi
683 1478 739 1530 te
785 1488 959 1527 omne
1007 1485 1147 1541 erga
1196 1483 1302 1522 nos
1352 1465 1618 1521 debitum
1669 1461 1986 1518 exsolvisse

324 1572 605 1624 autumas
639 1565 786 1620 scito
819 1561 975 1633 quod
1007 1557 1274 1614 debitum
1308 1571 1424 1610 non
1459 1553 1635 1609 solvit
1664 1552 1763 1624 qui
1811 1551 1990 1608 comi-

322 1662 414 1713 ter
468 1653 802 1725 respondet,
856 1653 1162 1722 pactorum
1215 1661 1347 1700 vero
1397 1660 1513 1698 non
1548 1641 1833 1697 meminit.
1869 1641 1987 1695 Hoc

328 1747 505 1802 fidem
537 1743 812 1799 fraudare
841 1744 930 1796 est
960 1735 1405 1806 amicitiamque
1437 1731 1654 1786 fallere.
1702 1730 1756 1784 Si
1808 1729 1988 1800 igitur

324 1834 470 1891 artis
501 1831 806 1888 rhetoricae
835 1827 1085 1884 antistes
1125 1823 1408 1897 mysteria
1459 1819 1681 1876 adultis
1734 1818 1987 1875 revelare

324 1922 658 1995 praesumis,
693 1917 1109 1992 promissoque
1146 1911 1302 1966 haud
1337 1910 1592 1979 steteris,
1625 1909 1986 1980 adeptosque

329 2010 851 2080 fefelleris,nonne
881 2010 940 2061 te
989 2001 1282 2059 mendacii
1331 1998 1620 2072 arguent?
1668 1997 1774 2054 Ubi
1824 1997 1982 2053 enim

326 2117 433 2173 pro
466 2105 590 2156 arte
642 2113 820 2170 quam
871 2111 989 2150 non
1035 2089 1291 2148 docuisti
1347 2088 1672 2144 mercedem
1726 2087 1981 2160 recipere

327 2206 512 2246 ausus
569 2205 657 2255 es,
706 2187 789 2242 lui
837 2183 1061 2256 aliquid
1112 2180 1244 2236 aliis
1299 2177 1869 2235 communicaturum
1919 2193 1981 2232 es

326 2280 652 2352 professus.
693 2274 873 2340 Quale
925 2272 1248 2328 amicorum
1295 2267 1712 2323 commercium
1768 2264 1983 2338 putas?

323 2377 479 2432 Num
523 2376 744 2447 scripta
795 2372 924 2428 sine
972 2385 1174 2435 sensu,
1221 2367 1349 2423 sine
1394 2366 1638 2421 veritate
1681 2381 1781 2420 eos
1829 2364 1984 2419 inter

325 2464 827 2522 communicatum
858 2461 968 2517 iri?
998 2475 1141 2514 num
1171 2473 1322 2513 vana
1353 2455 1594 2511 nomina
1626 2455 1982 2509 instrumen-

323 2560 520 2610 torum
572 2568 860 2610 caecorum
911 2551 1101 2604 instar
1141 2546 1356 2618 jactari
1409 2545 1592 2600 reris?
1640 2544 1735 2599 Sic
1783 2543 1983 2598 Ixiona

323 2644 478 2715 apud
511 2643 830 2698 Homerum
856 2639 1013 2695 Juno
1044 2635 1290 2707 decepit.
1316 2634 1508 2704 Hujus
1538 2632 1695 2688 enim
1729 2631 1982 2703 pulchri-

327 2732 538 2788 tudine
585 2735 754 2802 capto
803 2730 922 2784 Dea
983 2727 1140 2781 nube
1199 2723 1588 2792 circumdata,
1637 2721 1728 2776 sui
1792 2720 1982 2792 ipsius

326 2821 715 2878 simulacrum
776 2816 1013 2873 obtulit.
1065 2819 1181 2886 Ego
1225 2828 1383 2881 vero,
1434 2811 1601 2866 crede
1650 2809 1818 2879 mihi,
1866 2827 1980 2864 non

325 2927 486 2981 sum,
535 2925 728 2980 neque
780 2923 878 2963 ero
927 2905 1127 2972 Ixion;
1179 2903 1452 2958 umbram
1509 2916 1615 2972 ego
1677 2916 1979 2971 nunquam

327 3016 434 3071 pro
466 3013 526 3054 re
557 2996 806 3053 habebo.
843 2996 976 3051 Ideo
1007 2994 1186 3049 etiam
1233 2995 1420 3046 artem
1471 2994 1634 3044 tuam
1677 2988 1794 3054 odi,
1845 2989 1984 3061 quia

324 3087 534 3160 puellae
557 3085 832 3142 amabilis
853 3086 1048 3155 imago
1073 3085 1314 3138 est.Non
1335 3095 1470 3135 vero
1491 3078 1549 3133 in
1585 3078 1830 3134 scientia
1853 3095 1982 3133 um-

323 3176 546 3242 bratili,
579 3175 678 3232 sed
712 3176 769 3230 in
804 3173 1070 3229 veritatis
1103 3171 1232 3226 luce
1262 3170 1626 3240 requiescere
1666 3167 1817 3223 volo.
1851 3166 1979 3222 Pla-

321 3265 480 3322 tonis
506 3279 741 3336 quoque
771 3261 1036 3334 sophista
1054 3277 1170 3316 non
1189 3259 1334 3314 mihi
1357 3256 1678 3329 placet,qui
1699 3257 1772 3311 ad
1790 3255 1979 3328 ipsius

324 3360 718 3431 Demiurgum
753 3356 1038 3413 libentius
1070 3371 1325 3412 recurro.
1361 3353 1443 3408 Ila
1482 3352 1626 3407 mihi
1659 3368 1800 3407 sane
1849 3369 1978 3423 per-

323 3465 568 3504 suasum
599 3452 692 3502 est
724 3463 738 3503 :
773 3447 822 3502 si
855 3445 999 3500 mihi
1031 3445 1185 3500 male
1231 3442 1432 3497 famati
1483 3441 1863 3512 Dobrysontis
1909 3443 1977 3514 (ἲ)

323 3538 451 3594 loco
464 3537 726 3610 Elysium
743 3551 1017 3607 campum
1035 3539 1337 3604 pratumve
1349 3531 1669 3602 asphodelo
1683 3533 1977 3587 consitum

327 3627 590 3695 offerres,
627 3629 878 3698 putasne
905 3640 999 3679 me
1028 3623 1338 3678 nominum
1373 3619 1681 3692 splendore
1717 3625 1980 3692 captum,

331 3713 619 3770 delectum
642 3729 772 3770 esse
797 3711 1124 3769 facturum?
1153 3717 1238 3764 An
1265 3709 1488 3780 aliquid
1513 3709 1712 3781 magni
1735 3714 1790 3764 te
1811 3710 1980 3766 oﬂ'er-

327 3820 390 3860 re
420 3803 643 3860 credis?
672 3804 788 3874 Ego
817 3819 1007 3874 neque
1039 3817 1212 3857 omne
1244 3803 1413 3855 tuum
1446 3799 1896 3866 monasterium,
1931 3799 1981 3854 si

329 3908 466 3948 cum
497 3891 698 3963 impiis
727 3895 932 3961 staret,
985 3897 1374 3961 acceptarem.
1431 3887 1582 3951 Quid
1629 3891 1826 3943 autem
1872 3887 1981 3942 tibi

317 3998 459 4038 cum
491 3981 869 4054 possessione
900 3978 1243 4036 commune?
1262 3977 1463 4034 Nonne
1496 3977 1657 4032 fraus
1679 3975 1880 4032 omnia
1927 3980 1986 4033 et

320 4069 697 4126 ludibrium?
727 4069 1026 4133 Quomodo
1056 4083 1190 4124 vero
1221 4067 1496 4140 episcopo
1527 4066 1775 4138 dignum
1821 4066 1980 4121 frau-

329 4161 461 4216 dem
492 4159 646 4215 hanc
677 4157 1232 4215 manifestissimam
1264 4157 1590 4213 excusare?
1619 4155 1765 4219 Quid
1791 4157 1812 4210 Ρ
1842 4159 1983 4212 tunc

324 4249 393 4304 ad
407 4265 474 4304 eo
506 4247 791 4316 liberalis,
822 4265 928 4321 ego
960 4264 1093 4305 vero
1150 4246 1428 4303 sordidus
1487 4249 1544 4300 et
1574 4245 1815 4300 avarus?
1832 4245 1981 4300 Cedo

318 4347 427 4403 tibi
460 4364 588 4420 quae
619 4363 874 4404 oceanus
895 4347 1228 4403 Atlanticus
1259 4345 1465 4402 habet?
1493 4361 1619 4415 quae
1651 4344 1805 4399 circa
1834 4344 1981 4416 Hyr-

317 4437 549 4492 caniam
581 4441 642 4493 et
671 4453 832 4493 mare
862 4436 1138 4509 Caspium
1173 4435 1286 4491 sita
1315 4438 1488 4501 sunt;
1525 4434 1674 4489 adde
1721 4433 1980 4490 insulam

318 4525 573 4582 Thulern
605 4530 662 4583 et
691 4527 990 4598 regionem
1014 4530 1176 4582 extra
1201 4523 1598 4591 Phasidem,et
1615 4539 1982 4595 quaecunque

315 4613 492 4688 plaga
519 4615 940 4684 meridionalis,
975 4621 1132 4672 terra
1172 4614 1327 4669 intra
1377 4614 1527 4668 duos
1577 4613 1768 4684 polos,
1819 4611 1978 4683 regio

2095 650 2411 724 οἰκονομίαν
2475 652 2656 728 ὥσπερ
2713 654 2776 708 τὸ
2837 651 3084 708 λεκτικὸν
3171 651 3339 724 μόνον
3418 651 3583 728 μέρος
3649 659 3750 722 τῆς

2090 741 2294 815 τέχνης
2337 738 2984 817 διακριϐωσάμενος,τὸν
3035 739 3093 796 δὲ
3141 743 3520 816 πραγματικὸν
3581 743 3748 797 τῦπον

2092 830 2414 903 ήγνοηκώς.
2443 833 2582 907 Ἐγὼ
2616 829 2672 887 δέ
2705 853 2790 886 σοι
2819 833 2881 886 τὸ
2913 830 3003 886 καὶ
3043 831 3166 906 περί
3223 831 3350 895 τοὺς
3409 829 3606 905 λόγους
3660 853 3750 886 σο-

2094 919 2339 996 φίζεσθαι
2373 918 2504 994 ἄχρι
2535 928 2636 990 τῆς
2667 922 3057 996 ἀρχιερατικῆς
3091 917 3292 994 δίδωμι
3349 921 3702 992 τελειότητος
3735 940 3748 954 ’

2100 1016 2234 1089 μετά
2262 1014 2320 1070 δὲ
2347 1022 2514 1071 ταῦτα
2542 1015 2666 1073 οὐδέ
2690 1017 2943 1094 τεχνίτην
2980 1039 3036 1072 σε
3064 1022 3161 1072 τοῦ
3210 1015 3376 1094 λόγου
3435 1018 3753 1094 προσίεμαι,

2097 1103 2216 1160 οὐδ’
2249 1105 2298 1160 εἷ’
2331 1106 2518 1161 πολλὰ
2548 1107 2778 1180 κάμνοις
2829 1106 3122 1182 ἐπιχειρῶν
3162 1109 3556 1182 τεχνικώτατα.
3588 1110 3752 1166 ’Ὁσον

2093 1195 2194 1270 γὰρ
2250 1196 2323 1256 εἷς
2379 1198 2477 1264 τήν
2535 1198 2853 1272 σοφιστικὴν
2929 1192 3276 1269 ἐμϐαθύνεις,
3330 1202 3592 1253 τοσοῦτον
3657 1205 3759 1267 τῆς

2095 1285 2244 1358 ἱερᾶς
2277 1285 2531 1360 ἀποικίζῃ
2572 1285 2917 1364 φιλοσοφίας.
2948 1284 3131 1342 Ἀλλά
3171 1285 3233 1340 σύ
3297 1308 3390 1360 μοι
3441 1283 3621 1351 δοκεῖς
3680 1290 3756 1360 μή

2094 1373 2400 1450 ἀναχωρεῖν
2454 1374 2658 1439 ἐθέλειν
2708 1381 2814 1430 τῶν
2861 1375 3107 1453 ἀρχαίων
3149 1377 3296 1445 ἠθῶν
3334 1395 3348 1409 ⁸
3400 1375 3491 1431 καὶ
3549 1377 3653 1432 οὐκ
3700 1376 3759 1431 ἂν

2094 1461 2329 1536 εἶ’ποιμι,
2363 1463 2444 1518 ὅτι
2475 1466 2610 1542 πρὸς
2646 1468 2834 1540 Κρῆτα
2860 1465 3134 1540 κρητίζεις
3166 1469 3348 1539 (τοῦτο
3411 1462 3476 1531 δὴ
3536 1467 3600 1520 τὸ
3656 1472 3758 1534 τῆς

2317 1553 2326 1574 ρ
2503 1561 2518 1574 γ
2574 1555 2588 1574 ε
2731 1556 2744 1573 ι
2874 1553 2899 1574 ν
2937 1556 2951 1576 ν
3099 1555 3112 1572 ι
3228 1552 3255 1572 ν
3294 1556 3306 1576 ν
3446 1561 3469 1571 .-
3646 1555 3666 1576 τ

2093 1560 2436 1627 παροιμιας).
2484 1561 2629 1629 Κρης
2686 1576 2787 1631 γαρ
2837 1576 2932 1610 ουτ
3001 1554 3139 1628 εἶμι,
3193 1576 3288 1610 ουτ
3356 1554 3558 1618 ἐκειθεν
3620 1577 3755 1609 ειναι

2098 1637 2465 1716 βεϐούλημαι.
2514 1645 2654 1720 Πρὸς
2714 1642 2772 1699 δὲ
2820 1642 3124 1721 φιλόσοφον
3172 1643 3511 1720 ῥητορεύεις,
3573 1642 3757 1699 εἰδότα

2097 1731 2191 1804 μὲν
2247 1733 2333 1785 καὶ
2393 1733 2491 1801 τήν
2553 1733 2652 1800 σήν
2712 1733 2930 1809 τέχνην,
2965 1731 3289 1811 φιλοσοφεῖν
3334 1730 3391 1788 δὶ
3452 1731 3666 1808 μᾶλλον
3717 1735 3753 1804 ἢ

2092 1821 2427 1898 σοφιστεύειν
2487 1819 2759 1886 ἐθέλοντα.
2817 1824 2915 1877 Καὶ
2970 1822 3062 1878 ’ἱνα
3118 1843 3202 1877 σοι
3266 1821 3449 1898 βραχύ
3505 1845 3556 1878 τι
3616 1825 3757 1900 πρὸς

2015 1940 2062 2005 Β
2091 1911 2188 1979 τήν
2224 1910 2518 1981 ἐπιστολὴν
2554 1909 2914 1985 διαλέξωμαι,
2948 1911 2998 1967 ἐν
3135 1914 3198 1967 τὸ
3259 1918 3363 1967 πᾶν
3422 1912 3757 1983 ἀποπεπλη-

2096 2002 2300 2076 ρῶσθαί
2332 2023 2416 2056 σοι
2444 2007 2542 2057 τοῦ
2573 2002 2709 2079 πρὸς
2761 2005 2909 2076 ἡμᾶς
2959 2004 3158 2079 χρέους
3217 2003 3431 2076 ᾠήθης,
3464 2002 3563 2058 οὐκ
3618 1999 3753 2073 ἔστι,

2094 2090 2405 2166 λογιωτάτη
2438 2093 2616 2166 ψυχὴ,
2651 2093 2848 2167 χρέους
2892 2090 3242 2168 ἐκπλήρωσις
3301 2092 3363 2147 τὸ
3418 2090 3606 2167 λόγοις
3660 2094 3754 2166 μὲν

2092 2182 2432 2236 κατατιθέναι
2464 2181 2556 2244 τὰς
2600 2183 2856 2257 χάριτας,
2888 2177 3068 2257 ἔργοις
3121 2180 3179 2236 δὲ
3231 2179 3412 2255 μηδὴν
3473 2187 3578 2236 τῶν
3626 2180 3752 2237 διω-

2093 2270 2496 2345 μολογημένων
2549 2268 2780 2328 διδόναι.
2836 2272 3046 2342 ’Δπάτη
3098 2271 3201 2346 γὰρ
3270 2276 3432 2326 τοῦτο
3464 2291 3476 2304 ⁸
3539 2272 3630 2326 καὶ
3688 2272 3754 2326 οὐ

2091 2358 2278 2434 φιλίας
2337 2356 2605 2431 σύνδεσις,
2666 2357 2793 2414 ἀλλ’
2851 2359 3144 2434 ἀναίρεσις.
3197 2359 3394 2418 Ὀπύτε
3465 2365 3598 2436 γοῦν
3691 2359 3754 2415 σὺ

2088 2453 2186 2504 τοῦ
2246 2449 2545 2524 ῥητορικοῦ
2614 2448 2964 2521 προύκάθησο
3047 2451 3266 2523 θρόνου,
3321 2450 3366 2504 εἰ
3448 2449 3756 2526 ἐπηγγείλω

2093 2540 2186 2611 μὲν
2247 2539 2312 2592 τὰ
2360 2545 2459 2607 τῆς
2514 2539 2717 2613 τέχνης
2797 2538 3193 2594 ἀνακαλύπτειν
3255 2544 3374 2603 τοῖς
3431 2541 3756 2613 κυουμένοις

2092 2635 2322 2714 ἄρρητα,
2356 2637 2468 2691 εἶτα
2517 2634 2576 2691 δὲ
2623 2641 2785 2691 τοῦτο
2839 2639 2933 2710 μὶν
2973 2637 3072 2693 οὐκ
3121 2637 3344 2709 ἐποίεις,
3392 2638 3751 2714 ἐργαστήριον

2093 2723 2150 2780 δέ
2201 2747 2253 2780 τι
2316 2725 2602 2800 βαναυσίας
2659 2726 2875 2788 τούτοις
2927 2727 3217 2801 ἀνεώγνυς,
3271 2728 3374 2783 οὐκ
3424 2726 3484 2782 ἃν
3532 2727 3591 2783 σέ
3666 2750 3752 2791 τις

2091 2811 2457 2890 ψευδολογίας
2519 2814 2792 2889 ἐγράψατο
2820 2836 2832 2883 ;
2862 2815 2929 2870 Εἴ
2959 2814 3015 2870 δὲ
3067 2815 3268 2892 τέχνην
3320 2817 3414 2891 μὲν
3447 2820 3596 2890 ἡμᾶς
3655 2818 3756 2873 οὐκ

2093 2902 2411 2977 ἐπηγγείλω
2457 2901 2752 2972 διδάσκειν,
2807 2902 2933 2960 ἀλλ’
2982 2904 3072 2959 οὖν
3133 2908 3258 2980 παρ’
3291 2908 3452 2980 ἡμῶν
3509 2905 3755 2984 είλήφεις

2095 2995 2310 3066 μισθὸν,
2343 2994 2377 3062 ἦ
2415 2991 2523 3066 (ἵνα
2559 2995 2633 3068 μή
2670 2998 2944 3072 φορτικῶς
2997 2991 3168 3069 λέγω)
3200 2999 3296 3050 τοῦ
3343 2999 3442 3050 σοῦ
3480 3017 3533 3052 τι
3583 2996 3757 3072 προῄ-

2092 3103 2229 3156 ρησο
2289 3083 2554 3159 παρέχειν
2615 3080 2760 3155 ἐμοί.
2816 3083 3012 3142 Ὀποῖα
3065 3080 3122 3138 δὲ
3179 3085 3315 3158 πρὸς
3359 3083 3646 3154 ἀλλήλους
3701 3087 3752 3141 οἱ

2090 3169 2379 3249 φιλοῦντες
2429 3172 2651 3236 εἰώθασι
2723 3167 3118 3244 διαμείϐεσθαι,
3175 3174 3258 3248 ἆρ’
3297 3171 3401 3229 οἷέι
3455 3175 3552 3237 τὰς
3619 3195 3746 3250 γρα·

2095 3262 2195 3340 φὰς
2265 3259 2671 3336 ἐκπεφευγέναι,
2745 3258 2952 3316 εἴδωλα
3025 3262 3359 3338 πραγμάτων
3443 3261 3748 3335 διδούς;ἢ

2098 3348 2239 3424 μηδὲ
2285 3354 2470 3416 τοῦτο,
2505 3349 2631 3406 ἀλλ’
2673 3349 2916 3424 ὀνόματα
2962 3354 3295 3427 πραγμάτων
3348 3348 3550 3428 ἔρημα,
3585 3355 3749 3409 ὁποῖα

2089 3441 2141 3494 οὶ
2200 3439 2283 3493 σοὶ
2343 3436 2625 3513 σκινδαψοὶ
2683 3441 2772 3494 καὶ
2830 3441 2892 3494 τὸ
2961 3440 3423 3518 πολυθρύλλητον
3484 3441 3741 3519 βλίτυρι;

2090 3535 2248 3594 Οὕτω
2307 3541 2437 3611 γοῦν
2492 3536 2582 3590 καὶ
2653 3537 2746 3591 τὸν
2805 3537 2998 3607 Ἰξίονα
3053 3541 3087 3608 ἡ
3141 3542 3238 3594 τοῦ
3295 3541 3545 3616 Ὀμήρου
3600 3543 3746 3617 Ἥρα

2089 3623 2388 3695 ἡπάτηκεν.
2425 3625 2575 3682 Ἐπεὶ
2633 3625 2736 3700 γὰρ
2784 3623 2893 3699 ἤρα
2938 3625 3140 3697 ταύτης
3188 3629 3215 3682 ὁ
3259 3627 3430 3702 ἥρως,
3462 3627 3746 3685 καταπλα-

2091 3713 2204 3788 γεὶς
2244 3714 2305 3767 τὸ
2355 3713 2568 3784 ἐκείνης
2605 3712 2836 3783 κάλλος,
2867 3717 2902 3784 ἡ
2937 3712 2994 3770 δὲ
3049 3713 3336 3793 νεφύδριόν
3384 3739 3438 3772 τι
3493 3739 3755 3794 περισπα-

2093 3803 2322 3874 σαμένη,
2407 3804 2495 3857 καὶ
2577 3803 2756 3875 τούτῳ
2842 3804 3035 3874 ἑαυτὴν
3097 3805 3373 3879 εἷκάσασα,
3435 3805 3616 3863 ἐδίδου
3673 3813 3754 3881 τῷ

2092 3891 2265 3963 Ἰξίονι
2323 3890 2563 3968 πάροδον
2623 3893 2792 3967 πυρὸς
2851 3895 2913 3948 τὸ
2972 3891 3225 3952 εἷ’δωλον.
3282 3893 3436 3952 Ἀλλ’
3493 3895 3604 3971 ἐγώ
3647 3917 3754 3964 σοι,

2094 3979 2414 4057 λογιώτατε,
2449 3981 2622 4050 Ἰξίονι
2675 3979 2798 4038 οὔτε
2857 3982 2996 4056 εἷ’μὶ,
3027 3979 3150 4038 οὔτε
3201 3980 3418 4057 ἔσομαι,
3472 3982 3598 4040 οὐδὲ
3655 3993 3758 4056 τῆς

2090 4074 2196 4124 τῶν
2248 4071 2587 4145 πραγμάτων
2649 4069 2836 4133 οὐσίας
2892 4071 2959 4125 τὰ
3036 4070 3243 4128 εἷ’δωλα
3316 4075 3750 4148 προτιμήσαιμι.

2093 4168 2190 4224 Διά
2217 4173 2384 4224 ταῦτα
2407 4173 2535 4244 γοῦν
2595 4169 2682 4225 καὶ
2729 4171 2827 4238 τὴν
2891 4170 2988 4239 σήν
3044 4169 3244 4247 τέχνην
3308 4176 3474 4244 μισῶ,
3508 4172 3590 4228 ὅτι
3647 4195 3748 4228 πο-

2093 4263 2272 4326 θεινῆς
2332 4256 2441 4311 ἐστι
2497 4257 2687 4334 κορίου
2747 4255 3000 4316 έίδωλον.
3055 4259 3156 4316 Καὶ
3207 4256 3331 4315 οὐδὲ
3388 4259 3440 4315 ἐν
3498 4265 3567 4335 τῇ
3628 4265 3752 4332 σκιᾷ

2089 4350 2186 4401 cui}
2217 4348 2543 4422 γράμματος
2573 4347 2942 4420 ἀναπαύομαι,
2979 4345 3106 4404 ἀλλ’
3138 4347 3191 4404 ἐν
3228 4354 3307 4423 τῷ
3337 4357 3436 4420 τῆς
3491 4350 3752 4421 ἀληθείας

2091 4435 2276 4513 φωτί·
2327 4433 2456 4491 οὐδὲ
2510 4437 2600 4490 τὸν
2657 4441 2755 4492 τοῦ
2816 4434 3114 4499 Πλάτωνος
3172 4440 3438 4516 σοφιστὴν
3497 4439 3633 4494 κατά
3687 4437 3751 4493 τό

2089 4520 2545 4599 προϐεϐλημένον
2590 4533 2690 4595 τῆς
2765 4523 2961 4597 λέξεως
3023 4523 3282 4602 δέχομαι,
3337 4526 3464 4583 ἀλλ’
3522 4527 3602 4591 είς
3657 4529 3750 4583 τὸν

2090 4611 2296 4669 ἐκείνου
2357 4613 2700 4690 δημιουργὸν
2773 4615 3023 4693 ἀναφέρω
3094 4613 3360 4689 τοῦνομα.
3415 4616 3481 4674 Εἰ
3542 4613 3601 4672 δέ
3657 4639 3754 4691 μοι

317 4685 666 4777 antipodum
701 4711 882 4762 tenet.
917 4705 1276 4762 Charissime
1314 4703 1513 4773 frater,
1566 4701 1615 4757 si
1669 4701 1976 4772 promissis

2092 4703 2201 4758 ἀντὶ
2231 4708 2328 4758 τοῦ
2363 4685 2654 4782 δυσφήμοτυ
2700 4685 3069 4776 Δοϐρόσοντος
3220 4685 3283 4760 τὸ
3333 4704 3589 4760 ’Δλύσιον
3648 4685 3758 4762 £8:-

315 4798 472 4850 stare
501 4794 560 4851 in
592 4797 789 4852 animo
822 4796 929 4852 tibi
959 4799 1134 4862 est,re
1162 4807 1518 4864 vera,neque
1547 4790 1826 4847 inanibus
1851 4807 1974 4846 ver-

2092 4790 2212 4854 δους
2250 4790 2438 4848 πεδίον
2497 4793 2589 4848 καὶ
2644 4793 2735 4848 τὸν
2787 4791 3090 4870 ἀσφοδελὸν
3123 4792 3324 4849 ἐκεῖνον
3363 4791 3633 4868 λειμῶνα,
3667 4797 3754 4871 ἄρ’

315 4883 410 4939 his
441 4901 549 4940 nos
583 4885 777 4942 adeas.
813 4885 1078 4942 Posthaec
1106 4887 1439 4938 Grtscorum
1473 4879 1703 4936 fabulas
1755 4884 1812 4936 et
1859 4881 1971 4952 ﬁg-

2092 4879 2142 4934 Ξὶν
2176 4878 2438 4954 ἐδεξάμην
2471 4881 2561 4937 καὶ
2618 4886 2808 4951 ταῦτα,
2837 4880 3111 4958 λαμπρῶν
3162 4878 3332 4938 ὄντων
3383 4888 3491 4938 τῶν
3553 4883 3755 4958 ὀνομάο

319 4975 522 5028 menta
554 4973 758 5030 inania
783 4975 889 5030 tibi
923 4973 1162 5046 largior.

2092 4990 2186 5024 των
2222 4990 2234 5039 ;
2267 4976 2340 5025 ’Ή
2391 4969 2453 5024 σὺ
2502 4971 2692 5043 ᾠήθης
2743 4968 2802 5024 ἂν
2836 4971 3098 5047 παρέχειν
3139 4971 3191 5026 τί
3226 4993 3319 5045 μοι
3374 4976 3483 5027 τῶν
3532 4972 3746 5043 ὅντων;

310 5059 512 5117 Ὁπότε
571 5057 627 5116 δὶ
683 5062 879 5116 καὶτὸ
937 5062 1027 5116 σὸν
1087 5061 1457 5135 μοναστήριον
1514 5057 1648 5131 μετά
1689 5061 1796 5112 τῶν
1857 5057 2086 5113 ἀνοσίων
2137 5059 2462 5135 τεταγμένον
2496 5057 2608 5115 οὔτ’
2640 5055 2749 5115 ἔστι
2807 5082 2897 5116 και
2958 5059 3468 5135 δυσωνυμωτάτων,
3511 5059 3746 5136 ἑλοίμην

311 5148 373 5204 ἂν
426 5151 527 5219 τὴν
584 5148 790 5227 δωρεὰν
848 5156 938 5206 καὶ
995 5153 1094 5221 τὴν
1156 5149 1481 5225 ἀνυπαρξίαν
1540 5153 1637 5202 τοῦ
1690 5149 2057 5224 πράγματος;
2117 5145 2321 5212 Ἡδέως
2378 5147 2426 5202 δ’
2483 5150 2542 5203 ἄν
2602 5170 2699 5203 σου
2755 5148 3055 5223 πυθοίμην,
3113 5151 3167 5205 τί
3232 5148 3297 5221 δή
3359 5173 3443 5207 σοι
3502 5152 3592 5208 καὶ
3650 5158 3750 5222 τῆς

310 5239 555 5307 κτήσεως
615 5241 995 5316 προσεγένετο,
1055 5237 1190 5312 ἐμοῦ
1248 5238 1324 5310 μὴ
1383 5235 1828 5310 προσειληφότος
1883 5237 1944 5291 τὸ
1996 5240 2244 5312 πρᾶγμα.
2307 5236 2379 5291 Οὐ
2437 5238 2500 5290 τὸ
2567 5242 2669 5291 πᾶν
2730 5237 2906 5308 ἀπάτη
2955 5238 3048 5292 καὶ
3105 5235 3282 5313 γέλως
3337 5241 3424 5295 καὶ
3486 5244 3566 5312 τῷ
3627 5235 3745 5298 ὄντι

314 5324 504 5397 βαθεῖα
562 5329 904 5404 φενάκη;Τὸ
965 5325 1021 5383 δὲ
1077 5327 1169 5382 καὶ
1229 5325 1621 5402 ἀπολογεῖσθαι
1679 5326 1806 5400 περὶ
1863 5323 2004 5379 οὕτω
2063 5330 2264 5404 σαφοῦς
2323 5325 2620 5401 χλευασίας
2678 5326 2768 5381 καὶ
2825 5326 3126 5401 εἰρωνείας,
3159 5326 3400 5397 πηλίκον
3453 5350 3540 5384 τοι
3572 5327 3649 5390 εἰς
3680 5328 3744 5382 τὸ

314 5411 511 5484 μέτρον
565 5423 664 5485 τῆς
725 5415 1139 5492 ἀρχιερωσύνης
1197 5412 1384 5484 δοκεῖ;
1417 5412 1659 5489 Ἀρόῦν
1715 5415 1778 5468 σὺ
1836 5413 1929 5483 μὲν
1992 5413 2135 5469 οὕτω
2194 5411 2649 5492 φιλοτιμότατος,
2700 5414 2804 5491 ἐγὼ
2864 5413 2922 5470 δὲ
2969 5413 3341 5492 σμικρολόγος
3397 5419 3488 5472 καὶ
3543 5413 3744 5496 φειδω-

313 5496 457 5569 λόςς
519 5503 957 5581 Ἀντιδωροῦμαι
1020 5503 1084 5576 δή
1158 5527 1264 5575 σοι,
1326 5498 1499 5559 ὁπόσα
1561 5504 1655 5576 μὲν
1718 5505 1745 5558 ὁ
1786 5505 2070 5577 Ἑσπέριος
2128 5503 2362 5567 ὠκεανὸς
2424 5501 2563 5580 ἔχει,
2610 5506 2786 5561 ὁπόσα
2845 5503 2901 5560 δὲ
2959 5504 3107 5567 ἐντὸς
3165 5505 3442 5582 ’Υρκανίας
3502 5506 3590 5562 καὶ
3647 5513 3746 5583 τῆς

310 5586 558 5652 Κασπίας
616 5593 886 5665 θαλάττης
944 5594 1076 5665 ἐστὶ,
1137 5594 1227 5649 καὶ
1284 5594 1384 5661 τήν
1445 5592 1661 5662 Θούλην
1721 5593 1819 5660 τὴν
1874 5599 2061 5663 νῆσον,
2116 5595 2206 5647 καὶ
2261 5595 2330 5649 τά
2387 5593 2535 5657 ἐκτὸς
2589 5592 2846 5665 Φάσιδος,
2903 5596 2990 5650 καὶ
3054 5595 3228 5650 ὁπόσα
3285 5598 3320 5666 ἡ
3385 5589 3737 5670 μεσημϐρινή

309 5675 634 5758 περιείληφε
689 5690 784 5756 γῆ,
819 5684 941 5753 ὅ,τι
1003 5706 1062 5738 τε
1115 5683 1263 5745 ἐντὸς
1323 5681 1588 5758 ἑκατέρων
1642 5686 1749 5736 τῶν
1814 5681 2105 5757 ὀμφαλῶν,
2164 5684 2250 5737 καὶ
2312 5683 2378 5738 τὰ
2432 5689 2538 5739 τῶν
2601 5685 2863 5740 ἀντοίκων
2923 5684 3012 5738 καὶ
3073 5681 3367 5756 ἀντιδόξων
3429 5685 3737 5759 ξύμπαντα.

312 5763 550 5822 Φίλτατε
603 5767 824 5844 ἀδελφέ,
886 5773 1152 5846 σύντομόν
1214 5793 1298 5827 σοι
1356 5770 1524 5846 λόγον
1580 5770 1685 5845 ἐρῶ
1721 5791 1732 5804 ·
1769 5772 1814 5826 εἰ
1880 5773 1976 5845 μὲν
2034 5771 2222 5849 βούλει
2284 5773 2350 5827 τὰ
2407 5775 2510 5844 τῆς
2567 5776 2702 5850 πρὸς
2763 5777 2912 5849 ἡμᾶς
2967 5771 3299 5851 ἐπαγγελίας
3355 5774 3633 5851 πληροῦν,
3685 5772 3740 5828 ἐν
