4124 6410
518 429 676 490 1169

2015 423 2446 486 EPISTOLJE.

3779 434 3938 492 H70

510 545 822 636 πράγμασιν
855 559 1015 631 ἡμῖν,
1046 555 1192 612 ἀλλᾶ
1226 557 1302 629 μὴ
1335 555 1386 610 ἐν
1416 554 1642 629 ὀνόμασι
1675 553 1844 632 κόρου
1873 556 1974 624 τὴν
2009 552 2235 630 δωρεάν.
2272 555 2332 612 Εἰ
2367 553 2412 608 δ’
2444 555 2557 626 οὖν,
2593 562 2914 633 παραχωρῶ
2945 580 3030 613 σοι
3059 564 3221 616 τοῦτο
3277 563 3410 634 μετὰ
3449 566 3558 618 τῶν
3588 562 3935 636 Ἑλληνικῶν

501 649 694 724 μόθων
724 647 815 703 καὶ
841 644 1191 722 ἀνυπάρκτων
1217 645 1575 722 πλασμάτων.

823 760 893 812 Δ’.
929 755 1070 831 Πρὸς
1094 755 1185 810 τὸν
1213 755 1456 832 Καίσαρα
1482 755 1572 810 τὸν
1607 754 1847 811 Δοόκαν’.

573 843 796 900 Πίστευέ
855 866 972 919 μοι,
1037 845 1302 919 ὑπέρτιμε
1377 843 1632 916 δέσποτα,
1692 847 1781 899 καί

503 931 682 1008 ὄνομα
745 934 835 989 καὶ
895 933 1133 1008 ἀξίωμα,
1169 936 1359 1010 μάγοι,
1387 933 1480 989 ’ἶνα
1528 933 1700 996 οὕτως
1757 932 1918 1004 εἷ’πω,
1969 932 2058 986 καὶ
2119 931 2170 984 οἱ

501 1024 700 1102 τρόποι
755 1024 1089 1100 τυγχάνοὺσι
1149 1027 1238 1078 καί
1297 1026 1354 1078 οἱ
1414 1024 1574 1098 λόγοι
1625 1045 1740 1094 σου,
1767 1023 1857 1077 καὶ
1909 1021 2171 1098 ἀῤῥήτοις

513 1112 773 1187 δυνάμεσι
822 1115 923 1182 τὴν
969 1112 1107 1186 έμην
1159 1115 1344 1189 ψυχὴν
1395 1111 1808 1185 καταθέλγουσι.
1864 1111 1960 1167 Καὶ
2005 1114 2168 1164 τοῦτο

507 1209 602 1274 ζῶ,
657 1204 686 1258 ὃ
742 1201 932 1279 βλέπω
981 1203 1083 1257 σέ·
1134 1205 1222 1258 καὶ

503 1292 694 1348 ἀκούω
727 1299 909 1370 φωνῆς
947 1311 957 1325 ·
990 1292 1082 1347 καὶ
1110 1297 1273 1347 τοῦτο
1304 1291 1506 1368 χαίρω,
1541 1292 1568 1346 ’ὀ
1600 1296 1722 1353 τοῖς
1754 1295 1870 1351 σοῖς
1903 1289 2167 1364 ἐντυγχά-

502 1405 576 1437 νω
606 1381 920 1458 γράμμασι.
957 1382 1085 1458 Περὶ
1119 1382 1180 1436 οὗ
1232 1382 1298 1451 δὴ
1347 1383 1662 1457 ἠρώτησας,
1697 1379 1978 1454 συντόμως
2032 1379 2166 1432 ἀπο-

501 1471 762 1546 κρίνομαί
793 1493 877 1525 σοι
913 1490 925 1502 ·
962 1495 990 1523 ‹‹
1035 1469 1232 1533 Οὐδείς
1286 1473 1436 1544 ἡμᾶς
1481 1469 1844 1544 ἐμισθώσατο.
1880 1493 1908 1520 n
1942 1465 2167 1523 Δὲδοικα

506 1561 564 1616 δὲ
591 1561 682 1616 ἳνα
715 1563 790 1634 μὴ
819 1561 910 1615 καὶ
937 1565 1100 1616 τοῦτο
1134 1560 1351 1615 ἀκούσω
1387 1581 1400 1593 ·
1440 1583 1468 1612 u
1502 1561 1733 1635 Ἑταῖρε,
1769 1563 1886 1623 πῶς
1915 1557 2165 1623 εἲσῆλθες

509 1674 536 1702 ‹‹
575 1649 701 1719 ὧδε,
768 1651 843 1722 μὴ
904 1647 1049 1724 ἔχων
1111 1646 1314 1723 ἔνδυμα
1365 1650 1590 1725 γάμου;
1625 1675 1648 1704 ι
1713 1649 1792 1705 Οὐ
1833 1648 1936 1722 γὰρ
1969 1643 2088 1702 οῖδα
2117 1646 2162 1700 εἰ

465 1736 838 1814 ίᾶποδέχεται
907 1741 1006 1809 τήν
1077 1739 1373 1814 παρουσίαν
1435 1761 1540 1812 μου
1598 1739 1625 1793 ὁ
1679 1738 1952 1802 θειότατος
1998 1738 2163 1808 ἡμῶν

515 1828 770 1904 βασιλεύς
797 1847 808 1859 ’
843 1829 904 1883 τὸ
935 1829 1038 1904 γὰρ
1071 1829 1364 1904 πρόσωπον
1403 1827 1566 1883 αὐτοῦ
1605 1827 1682 1888 εἷς
1727 1830 1876 1901 ἡμᾶς
1931 1825 2041 1899 οὐχ
2089 1825 2166 1889 ὡς

507 1919 638 1993 χθὲς
698 1919 786 1974 καὶ
842 1919 1033 1994 τρίτην
1092 1916 1510 1991 ἡμέραν.11λῆν
1568 1915 1826 1972 οὐδέποτε
1879 1914 2162 1976 παντελῶς

507 2008 911 2082 ἀποστήσομαι,
965 2005 1061 2062 κᾶν
1112 2007 1335 2083 ἐξελάσῃ
1391 2008 1603 2084 βιαίως,
1652 2007 1746 2062 κᾶν
1828 2006 1959 2079 μετᾶ
2013 2003 2161 2075 πλη-

503 2103 638 2174 γῶν,
687 2096 784 2152 κᾶν
845 2098 961 2171 μεθ’
993 2091 1200 2172 ὕϐρεων
1237 2117 1250 2130 ·

503 2189 606 2264 γὰρ
653 2187 744 2242 καὶ
793 2187 930 2264 πρὸς
992 2185 1090 2260 ἐμὲ
1148 2187 1513 2262 ἀπόστροφος,
1565 2186 1712 2242 ἀλλὰ
1773 2185 2014 2262 χρηστὸς
2073 2185 2162 2239 καὶ

507 2276 919 2355 φιλάνθρωπος,
969 2273 1168 2352 Αὔριον
1236 2275 1325 2331 οὖν
1380 2278 1470 2331 καὶ
1524 2275 1838 2350 ἐλεύσομαι,
1887 2275 1975 2330 καὶ
2035 2275 2164 2328 ἀκο-

508 2365 709 2441 ρέστως
739 2365 1142 2422 καταπολαόσω
1181 2387 1276 2421 σου
1309 2372 1408 2436 τῆς
1439 2365 1580 2440 ἐμῆς
1615 2369 1802 2441 ψυχῆς
1845 2364 1934 2420 καὶ
1985 2367 2163 2433 πνοῆς

504 2455 594 2511 καὶ
629 2461 795 2526 ζωῆς.

1860 843 1994 919 ὑπὲρ
2065 847 2168 896 πᾶν

1293 1203 1452 1258 τοῦτο
1511 1203 1780 1270 ἀναπνέω,
1826 1201 1854 1256 ’ὀ
1909 1203 2008 1264 τῆς
2067 1207 2166 1269 σῆς

1306 2099 1383 2170 μὴ
1435 2096 1578 2152 οὕτω
1635 2095 1858 2170 μανείην
1913 2094 2063 2152 ποτέ.
2095 2094 2162 2151 Εἰ

1124 2546 1198 2603 Ε’.
1239 2549 1326 2618 Τῷ
1365 2547 1513 2618 αὗτῷ
1527 2589 1538 2605 .

579 2633 694 2691 Οὐκ
723 2631 836 2690 ἔστι
865 2655 948 2696 τις
977 2633 1174 2708 ὅμοιός
1225 2656 1334 2706 σοι,
1378 2633 1612 2690 δέσποτα
1667 2632 2028 2710 χρηστότατε,
2072 2630 2165 2686 ’ίνα

509 2722 598 2778 καὶ
645 2727 806 2777 τοῦτο
863 2723 1212 2800 θαρρούντως
1255 2723 1496 2798 εἴποιμι,
1545 2721 1668 2779 οὔτε
1713 2727 1812 2793 τὴν
1863 2724 2161 2792 καλλονήν,

513 2809 636 2866 οὕτε
689 2813 790 2881 τὴν
846 2813 1131 2889 φρόνησιν.
1167 2813 1315 2888 Λέγω
1366 2811 1424 2868 δέ
1469 2818 1652 2882 τοῦτο,
1702 2809 2055 2883 ἀποϐλέπων,
2090 2813 2166 2875 εἰς

511 2903 601 2957 τὸν
664 2903 866 2958 σκοπὸν
923 2905 1030 2956 τῶν
1086 2904 1221 2977 πρὸς
1278 2902 1374 2976 ἐμέ
1431 2925 1526 2958 σου
1581 2902 1940 2979 γραμμάτων.
1990 2903 2165 2975 Ὁμοῦ

512 3011 571 3045 τε
597 2993 698 3066 γὰρ
728 2991 818 3046 καὶ
850 2993 985 3064 ἡμῖν
1021 2991 1096 3054 εἷς
1142 2993 1486 3067 παραμυθίαν
1530 2991 1745 3048 ’ίστασαι
1801 2993 1890 3048 καὶ
1937 2997 2016 3064 τῷ
2068 3012 2162 3064 με-

473 3119 478 3126 .
515 3079 669 3157 γάλῳ
703 3079 918 3156 βασιλεῖ
945 3083 1034 3136 καὶ
1068 3079 1288 3159 ἀδελφῷ
1335 3103 1432 3136 σου
1481 3083 1582 3151 τὴν
1627 3084 2010 3157 προσήκουσαν
2054 3081 2162 3135 σώ-

520 3177 626 3240 ζεις
677 3169 978 3244 ὑπόληψιν,
1029 3173 1120 3226 καί
1165 3170 1412 3248 συνάγεις
1457 3174 1556 3241 τήν
1621 3171 1760 3244 ἐμὴν
1803 3171 2029 3248 γνώμην
2089 3168 2166 3233 είς

509 3262 608 3329 την
655 3257 820 3336 ἄκραν
869 3259 1076 3316 ἐκείνου
1119 3261 1296 3316 πίστιν
1345 3283 1404 3316 τε
1451 3262 1540 3316 καὶ
1580 3259 1812 3326 διάθεσιν
1849 3280 1860 3291 ·
1899 3260 2029 3334 ὅπερ
2075 3259 2164 3314 καὶ

512 3353 582 3423 τῇ
634 3348 742 3423 ἦμῇ
793 3352 948 3424 ψυχῇ
995 3353 1360 3427 μαρτυρήσεις
1394 3350 1575 3414 αὐτός.
1637 3352 1740 3407 Καὶ
1799 3349 1983 3428 θάρρει
2041 3349 2165 3425 περί

511 3438 707 3495 τούτου
749 3457 760 3470 ·
799 3435 1022 3512 ἕτοιμος
1053 3440 1156 3516 γὰρ
1200 3440 1292 3495 καὶ
1348 3443 1448 3510 τὴν
1489 3440 1628 3514 ἐμὴν
1676 3439 1818 3495 θύειν
1869 3439 2000 3516 ὑπὲρ
2047 3437 2168 3492 τού-

2191 757 2246 822 Α

2715 758 2808 813 IV.
2845 759 2924 814 Ad
2955 761 3234 817 Caesarem
3267 763 3490 817 Ducam.

2353 846 2536 902 Crede
2567 846 3146 916 mihi,illustrissime
3177 851 3608 918 domine,omne
3639 867 3852 906 nomen
3876 855 3936 907 et

2281 935 2630 1008 dignitatem
2667 955 2936 1009 superas,
2961 939 3176 1012 magici
3207 945 3272 995 ut
3301 941 3386 996 ita
3414 941 3629 1010 dicam,
3653 956 3846 996 mores
3877 945 3936 994 et

2278 1041 2582 1083 sermones
2609 1027 2694 1082 tui
2723 1027 3188 1097 inveniuntur,et
3213 1029 3500 1085 indicibili
3527 1031 3741 1085 virtute
3773 1045 3933 1084 men-

2279 1117 2400 1169 tem
2433 1131 2622 1171 meam
2655 1117 2978 1174 incantant.
3023 1119 3188 1172 Tunc
3237 1119 3382 1188 vivo,
3434 1134 3566 1172 cum
3615 1123 3674 1173 te
3722 1117 3927 1185 video;

2277 1207 2420 1259 tunc
2443 1205 2688 1277 respiro,
2715 1223 2849 1261 cum
2873 1213 3034 1262 tuam
3057 1223 3256 1262 vocem
3284 1207 3479 1274 audio;
3509 1213 3648 1262 tunc
3679 1208 3928 1278 gaudeo,

2277 1309 2411 1348 cum
2445 1299 2578 1349 tuas
2607 1294 2833 1351 litteras
2868 1296 3122 1368 perlego.
3159 1297 3234 1351 De
3261 1313 3378 1368 quo
3431 1301 3626 1352 autem
3677 1296 3927 1352 interro-

2276 1382 2450 1453 gasti,
2487 1382 2739 1439 breviter
2763 1384 2870 1438 tibi
2904 1385 3228 1456 respondeo
3256 1403 3268 1441 :
3294 1407 3323 1436 «
3351 1385 3532 1442 Nemo
3565 1401 3671 1439 nos
3703 1385 3927 1439 condu-

2273 1472 2378 1527 xit.
2431 1494 2461 1522 »
2511 1473 2706 1528 Timui
2763 1489 2898 1530 vero
2963 1490 3037 1530 ne
3101 1474 3248 1530 illud
3319 1491 3552 1546 quoque
3617 1473 3854 1530 audiam
3913 1489 3926 1527 :

2274 1583 2302 1612 «
2334 1561 2554 1630 Amice,
2587 1563 2878 1634 quomodo
2925 1564 3038 1620 huc
3080 1563 3336 1634 intrasti,
3394 1580 3510 1619 non
3555 1562 3782 1618 habens
3829 1579 3928 1618 ve-

2275 1655 2424 1707 stem
2457 1651 2828 1724 nuptialem?
2877 1675 2906 1703 »
2955 1653 3162 1709 Nescio
3213 1653 3372 1709 enim
3421 1669 3494 1707 an
3545 1651 3920 1724 praesentiam

2273 1759 2466 1798 meam
2511 1743 2760 1815 accipiat
2814 1743 3216 1800 divinissimus
3275 1747 3477 1798 noster
3533 1741 3856 1812 imperator
3909 1747 3922 1784 ε

2271 1831 2468 1887 vultus
2498 1833 2656 1888 enim
2706 1833 2834 1904 ejus
2878 1835 2950 1889 ad
3003 1850 3108 1890 nos
3157 1849 3272 1889 non
3323 1836 3386 1886 ut
3432 1829 3556 1886 heri
3607 1835 3664 1887 et
3705 1829 3924 1885 nudius

2271 1921 2504 1978 tertius.
2557 1925 2832 1978 Attamen
2877 1939 3182 1995 nunquam
3247 1920 3488 1976 omnino
3547 1919 3739 1988 abibo,
3787 1935 3924 1973 cum

2270 2011 2557 2067 violenter
2583 2012 2936 2085 abegeris,et
2957 2029 3089 2067 cum
3122 2010 3334 2084 plagis,
3367 2013 3425 2065 et
3451 2025 3587 2064 cum
3619 2011 3923 2063 contume-

2271 2100 2369 2156 liis
2403 2118 2415 2155 :
2447 2117 2520 2156 ne
2550 2103 2789 2173 quando
2819 2103 2902 2158 ita
2929 2101 3240 2157 insaniam.
3273 2100 3332 2156 Si
3362 2098 3518 2154 enim
3551 2116 3584 2154 a
3614 2113 3707 2152 me
3758 2113 3922 2152 aver-

2274 2192 2507 2260 sus,sed
2543 2191 2732 2246 bonus
2759 2195 2820 2247 et
2850 2191 3144 2263 benignus
3177 2207 3260 2247 es.
3295 2190 3435 2246 Cras
3463 2188 3648 2260 igitur
3673 2187 3924 2254 veniam,

2274 2286 2332 2337 et
2363 2281 2780 2338 insatiabiliter
2809 2281 3079 2353 perfruar
3107 2285 3184 2349 te,
3211 2279 3428 2336 mentis
3457 2281 3515 2334 et
3544 2277 3754 2333 animae
3787 2289 3928 2330 mea:

2271 2371 2412 2426 vita.

2941 2554 3010 2606 V.
3044 2549 3254 2606 Eidem.

2345 2640 2469 2695 Non
2493 2643 2581 2695 est
2598 2639 2814 2696 similis
2829 2639 3186 2712 tibi,optime
3205 2637 3464 2714 domine,
3485 2639 3549 2690 ut
3565 2634 3676 2690 hoc
3691 2633 3940 2690 ﬁdenter

2275 2728 2462 2784 dicam
2476 2745 2687 2800 ,neque
2703 2729 3144 2801 pulchritudine
3157 2743 3348 2799 neque
3360 2724 3692 2798 prudentia.
3705 2725 3789 2778 [ta
3800 2739 3933 2778 vero

2272 2816 2500 2888 loquor,
2524 2819 2906 2874 considerans
2924 2819 3247 2889 objectumt
3269 2832 3480 2872 uarum
3504 2816 3576 2870 ad
3599 2828 3692 2869 me
3709 2812 3932 2868 littera-

2276 2908 2630 2964 rum.Simul
2659 2908 2816 2964 enim
2839 2914 2897 2964 et
2920 2909 3091 2964 nobis
3119 2905 3582 2963 consolationem
3604 2903 3851 2975 praebes,
3873 2905 3934 2955 et

2279 3015 2492 3070 magno
2515 2998 2858 3070 imperatori
2882 2998 3050 3054 fratri
3075 3002 3174 3053 tuo
3197 2995 3642 3052 convenientem
3665 3007 3932 3048 reveren-

2275 3085 2420 3140 tiam
2442 3102 2662 3155 servas,
2681 3090 2740 3140 et
2761 3085 3039 3142 ﬁduciam
3065 3101 3254 3141 meam
3281 3084 3514 3139 inducis
3538 3082 3600 3137 in
3633 3095 3930 3136 summam

2275 3176 2402 3245 ejus
2427 3175 2604 3230 ﬁdem
2629 3179 2686 3230 et
2707 3175 3195 3246 dispositionem;
3227 3174 3385 3245 quod
3417 3173 3544 3244 ipse
3575 3170 3756 3226 menti
3789 3185 3930 3224 meai

2277 3264 2669 3320 attestaberis.
2703 3265 2772 3318 Et
2801 3266 2956 3320 circa
2983 3263 3129 3319 illud
3161 3261 3438 3318 ﬁduciam
3471 3260 3642 3330 habe,
3695 3264 3936 3329 paratus

2279 3353 2435 3409 enim
2465 3371 2598 3410 sum
2627 3355 2700 3410 ad
2724 3371 2917 3410 meam
2942 3354 3130 3425 ipsius
3151 3354 3327 3409 vitam
3353 3367 3455 3424 pro
3476 3348 3578 3404 illo
3603 3347 3938 3404 sacrifican-

2281 3444 2558 3500 dam.Sed
2579 3445 2733 3516 quod
2754 3443 2874 3498 dixi
2895 3444 3069 3514 hujus
3084 3459 3176 3499 me
3195 3443 3510 3514 pudet,per
3524 3453 3753 3494 sacram
3770 3439 3933 3491 tuam

515 3549 612 3582 του
656 3530 865 3604 ψυχήν.
897 3529 1079 3600 ’Δλλ’,
1134 3529 1266 3606 ὅπερ
1317 3532 1486 3600 εἶπον,
1532 3529 1766 3586 δέσποτά
1815 3552 1943 3604 μου,
1983 3526 2167 3584 αἰδοῦ-

2283 3533 2462 3588 vitam
2480 3511 2638 3604 juro.
2670 3533 2751 3589 Ne
2775 3534 2922 3589 forte
2944 3511 3036 3588 me
3059 3511 3376 3588 molestum
3397 3511 3651 3602 reputet,
3687 3542 3758 3580 ne
3786 3539 3938 3596 aegre

525 3638 620 3690 μαι
652 3637 665 3650 ·
702 3613 910 3691 ὄμνυμι
938 3621 1038 3689 τὴν
1086 3619 1232 3696 ἱεράν
1277 3641 1374 3675 σου
1421 3623 1630 3696 ψυχήν.
1663 3623 1751 3691 Μή
1806 3642 1938 3676 ποτε
1985 3641 2172 3698 φορτι-

516 3707 610 3762 κόν
667 3727 734 3780 με
785 3707 1081 3782 λογίζεται,
1127 3709 1162 3778 ἢ
1211 3709 1311 3764 οὐκ
1356 3709 1634 3785 ἀρέσκεται
1683 3716 1802 3772 τοῖς
1834 3709 2020 3785 λόγοις
2069 3731 2174 3783 μου

509 3795 600 3851 καὶ
651 3799 720 3870 τῇ
765 3797 1055 3870 παρουσίᾳ,
1087 3819 1176 3853 και
1236 3797 1324 3853 διὰ
1378 3803 1544 3854 ταῦτα
1603 3795 1724 3854 οὔτε
1770 3797 1947 3867 ἡδέως
2002 3817 2172 3871 προσ-

510 3883 722 3958 ομιλεῖ,
756 3882 880 3940 οὗτε
931 3908 1038 3958 μου
1090 3886 1342 3962 ἀνέχεται
1391 3887 1668 3961 λέγοντος.
1721 3887 1926 3960 Ἐνάγει
1985 3885 2042 3941 δέ
2104 3908 2172 3960 με

511 3975 588 4039 εἷς
634 3976 723 4030 τὸν
774 3981 1020 4032 τοιοῦτον
1067 3979 1267 4032 σκοπὸν
1319 3980 1352 4046 ἡ
1403 3977 1644 4053 προτέρα
1689 3975 1884 4031 τούτου
1924 3975 2060 4048 πρός
2104 3997 2170 4050 με

513 4063 751 4129 διάθεσις
821 4066 1170 4138 ἁπλουστάτη
1239 4068 1329 4122 καὶ
1402 4065 1892 4144 φιλανθρωποτάτη
1959 4067 2170 4142 τυγχά-

514 4175 700 4228 νουσα,
733 4155 822 4210 καὶ
876 4157 1070 4229 μηκέτι
1114 4162 1204 4212 νῦν
1253 4159 1316 4212 τὸ
1365 4155 1591 4228 σύνηθες
1641 4156 1843 4230 ξ’δίωμα
1900 4157 2166 4225 σώζουσα.

515 4243 592 4300 Οὐ
622 4243 802 4300 τοίνυν
839 4251 1012 4320 μισῶν
1043 4246 1103 4301 οὐ
1147 4248 1554 4322 προσέρχομαι,
1586 4246 1713 4304 ἀλλ’
1759 4245 2084 4320 αἰδούμενος
2131 4248 2168 4317 ἢ

516 4328 881 4410 φοϐούμενος.
915 4335 1138 4398 ’Λλλως
1181 4357 1238 4392 τε
1279 4339 1370 4391 καὶ
1420 4336 1720 4407 αὐτοτελής
1776 4336 1908 4406 ἐστι,
1956 4339 2042 4392 καὶ
2107 4337 2169 4392 οὐ

473 4420 683 4494 ,δεῖταί
731 4445 879 4486 τινος
939 4421 1062 4479 οὔτε
1117 4431 1286 4503 σοφοῦ
1336 4423 1460 4481 οὔτε
1515 4427 1857 4503 ἐμπειρικοῢ.
1907 4429 2053 4501 Ἐγὼ
2113 4427 2170 4482 δὲ

513 4511 797 4590 οὐδέτερον
835 4515 933 4588 μέν
965 4514 1104 4588 εἶμι,
1136 4517 1324 4577 πιστὸς
1355 4513 1412 4570 δὲ
1441 4516 1508 4570 τὰ
1533 4517 1666 4592 πρὸς
1721 4516 1850 4580 τοὺς
1908 4515 2168 4580 δεσπότας

512 4603 604 4658 καὶ
636 4601 879 4675 ἀληθὴς,
905 4603 995 4658 καὶ
1028 4603 1088 4659 οὗ
1123 4601 1420 4678 δυνάμενος
1473 4607 1548 4674 μὴ
1602 4603 1902 4681 μεγαλῦναι
1951 4609 2168 4683 πράξεις

513 4692 807 4748 αὐθέντου·
857 4693 948 4748 καὶ
999 4693 1026 4748 ὁ
1079 4694 1284 4770 μακρὸς
1333 4693 1535 4770 χρόνος
1573 4699 1740 4750 ταῦτα
1783 4717 1876 4768 μοι
1935 4695 2170 4770 ἐμαρτύ-

514 4801 692 4856 ρησε·
727 4782 894 4838 πλέον
954 4781 1010 4838 δέ
1066 4804 1116 4838 τι
1173 4789 1253 4856 τῷ
1315 4782 1530 4859 βασιλεῖ
1585 4784 1764 4857 τούτῳ
1816 4787 2170 4861 προστέθεικα

2283 3622 2433 3678 terat
2445 3623 2619 3680 verba
2635 3641 2763 3680 mea
2775 3628 2832 3679 et
2845 3622 3241 3695 praesentiam,
3266 3625 3322 3676 et
3335 3619 3466 3674 ideo
3479 3632 3666 3688 neque
3671 3614 3940 3687 jucunde

2283 3729 2514 3768 mecum
2544 3712 2937 3785 colloquatur,
2953 3727 3144 3784 neque
3174 3727 3268 3766 me
3296 3709 3590 3764 dicentem
3623 3705 3933 3762 sustineat.

2282 3803 2368 3857 Ad
2402 3802 2518 3858 tale
2547 3802 2868 3858 consilium
2901 3819 2995 3858 me
3047 3799 3292 3858 adducit
3340 3799 3500 3869 prior
3547 3796 3676 3867 ejus
3727 3793 3786 3848 in
3837 3807 3933 3847 me

2281 3889 2591 3959 dispositio
2625 3889 2984 3945 sinceritatis
3015 3893 3072 3944 et
3111 3885 3524 3944 benevolentiae
3571 3882 3765 3954 plena,
3817 3896 3936 3934 non

2271 3981 2399 4050 jam
2431 3981 2665 4037 solitam
2698 3997 2855 4036 nunc
2884 3980 3138 4036 indolem
3173 3976 3568 4034 servans.Non
3589 3974 3770 4045 igitur
3799 3987 3934 4026 cum

2279 4071 2412 4126 odio
2470 4071 2634 4136 adeo,
2687 4071 2788 4126 sed
2840 4087 2974 4126 cum
3023 4069 3248 4142 pudore
3295 4071 3352 4122 et
3401 4065 3630 4120 timore.
3681 4060 3935 4116 Aliunde

2279 4160 2458 4216 etiam
2490 4161 2601 4216 sibi
2632 4159 2748 4232 ipsi
2780 4160 3022 4226 sufﬁcit,
3055 4162 3112 4213 et
3141 4173 3256 4213 non
3289 4155 3513 4226 indiget
3539 4151 3793 4221 alicujus
3834 4167 3935 4205 ne-

2279 4268 2390 4322 que
2421 4249 2710 4323 sapientia
2739 4265 2932 4321 neque
2962 4247 3342 4320 experientia.
3376 4245 3491 4316 Ego
3541 4245 3737 4298 autem
3787 4237 3936 4293 nihil
3985 4315 3990 4320 I

2279 4341 2516 4412 quidem
2549 4357 2706 4407 sum,
2751 4341 2853 4395 sed
2906 4341 2964 4394 in
3004 4338 3098 4394 his
3150 4354 3278 4410 quis
3329 4335 3400 4390 ad
3451 4333 3724 4388 dominos
3771 4343 3932 4383 meos

2279 4435 2552 4502 spectant
2581 4427 2771 4484 ﬁdelis
2793 4433 2851 4484 et
2871 4445 3067 4498 verus,
3095 4431 3154 4482 et
3186 4442 3302 4481 non
3336 4439 3582 4496 possum
3609 4435 3726 4475 non
3761 4415 3936 4473 extol-

2279 4519 2398 4576 lere
2429 4519 2691 4576 actiones
2739 4517 3058 4591 principis;
3109 4515 3474 4588 longumque
3524 4513 3762 4580 tempus
3811 4503 3940 4559 haec

2280 4609 2427 4666 mihi
2457 4613 2802 4666 attestatur:
2855 4608 3043 4680 magis
3075 4611 3274 4662 autem
3304 4603 3444 4658 huic
3471 4594 3812 4671 imperatori
3841 4593 3940 4648 ad-

2280 4699 2424 4756 haesi
2455 4704 2514 4756 et
2537 4699 2846 4756 adhaerebo
2875 4711 3132 4768 semper.
3165 4693 3228 4750 Si
3254 4709 3392 4748 vero
3442 4691 3524 4746 ita
3571 4703 3687 4742 non
3736 4697 3938 4756 parem

2281 4790 2424 4844 mihi
2446 4789 2896 4860 dispositionem
2925 4784 3186 4842 vicissim
3209 4781 3448 4855 praebet,
3481 4778 3540 4833 id
3562 4774 3756 4847 culpis
3787 4771 3936 4827 meis

515 4873 606 4928 καὶ
635 4873 934 4948 προσθήσω
962 4871 1095 4948 ἄχρι
1126 4873 1348 4937 παντός.
1381 4873 1444 4930 Εἰ
1482 4871 1528 4928 δ’
1559 4875 1716 4937 οὗτος
1772 4875 1833 4929 οὐ
1890 4877 1992 4945 τὴν
2051 4873 2167 4946 ξ’σην

2285 4879 2567 4934 attribuo.
2600 4878 2685 4932 Tu
2723 4893 2851 4932 vero
2883 4873 3028 4929 mihi
3062 4873 3146 4928 ita
3175 4885 3372 4928 serves
3401 4866 3490 4923 tui
3523 4863 3720 4921 fratris
3758 4861 3938 4917 bene-

513 4959 825 5018 ἀντιόίδωσί
879 4984 972 5036 μοι
1024 4961 1280 5036 διάθεσιν,
1329 4969 1447 5026 ταῖς
1494 4964 1782 5039 ἁμαρτίαις
1845 4986 1950 5038 μου
2003 4969 2166 5022 τοῦτο

514 5050 828 5128 λογίζομαι.
884 5050 960 5106 Σὺ
1018 5049 1076 5106 δέ
1133 5073 1226 5125 μοι
1281 5052 1424 5107 οὕτω
1475 5054 1670 5123 σώζοις
1729 5055 1828 5122 τὴν
1886 5055 2020 5124 πρὸς
2073 5055 2165 5110 τὸν

2275 4967 2614 5035 volentiam,
2649 4970 2707 5021 et
2728 4966 2788 5020 in
2813 4981 2905 5021 me
2929 4962 3353 5035 benignitatem
3376 4962 3435 5013 et
3453 4954 3813 5014 voluntatem
3843 4950 3942 5004 in-

2281 5055 2740 5128 comparabilem
2773 5052 3060 5121 moribus,
3094 5049 3472 5108 sermonibus
3503 5049 3560 5101 et
3590 5043 3839 5102 actibus.

517 5139 747 5218 ἀδελφὸν
781 5137 1018 5212 εὔνοιαν,
1048 5142 1139 5198 καὶ
1171 5141 1314 5198 οὕτω
1344 5141 1434 5198 καί
1463 5145 1562 5212 την
1594 5145 1731 5219 πρὸς
1762 5142 1860 5216 ἐμὲ
1889 5145 2170 5217 εὐμένειαν
2202 5145 2294 5202 καὶ
2340 5142 2576 5208 διάθεσιν
2628 5139 3020 5217 ἀπαράμιλλον
3066 5140 3156 5195 καὶ
3202 5136 3430 5214 τρόποις
3475 5133 3568 5190 καὶ
3617 5129 3804 5206 λόγοις
3851 5113 3944 5180 καὶ

517 5229 664 5307 πράγ
675 5251 832 5305 μασιν
843 5274 856 5288 .

1142 5321 1202 5388 ζ’.
1236 5319 1332 5394 Τῷ
1363 5320 1531 5395 αὐτῷ.

585 5421 1028 5506 Ὁλόφωτὸνσου
1073 5447 1172 5497 την
1225 5427 1464 5499 σελήνην
1513 5425 1810 5501 ἀπέλαϐον,
1861 5430 2169 5507 ὑψηλότατε

517 5519 724 5592 Καῖσαρ
791 5519 880 5573 καὶ
953 5516 1205 5574 δέσποτα.
1238 5517 1608 5591 Ὁλολαμπής
1654 5521 1757 5597 γὰρ
1807 5521 1971 5590 αὐτὴν
2026 5520 2169 5596 ἐφώ-

512 5627 658 5660 τισεν
714 5606 876 5676 ἥλιος
919 5625 932 5640 ·
990 5606 1108 5663 ὅθεν
1187 5607 1274 5662 καὶ
1335 5627 1672 5687 περιαστραφ
1729 5611 1808 5673 εἰς
1868 5611 2171 5685 ἐμακάρισά

519 5717 615 5750 σου
641 5697 706 5752 τὸ
755 5701 888 5775 φῶς.
921 5697 984 5752 Et
1044 5695 1121 5770 δὲ,
1154 5696 1234 5752 ἔτι
1287 5695 1562 5774 περίγειος
1622 5696 1716 5766 ὣν,
1750 5701 1892 5756 οὕτω
1928 5723 2024 5775 μοι
2076 5701 2171 5762 τὰς

518 5785 735 5849 ἀκτῖνας
815 5785 1096 5862 προχέεις,
1175 5786 1456 5862 ὗπὲργειος
1529 5789 1778 5865 γεγονὼς,
1833 5789 1995 5846 ποίαν
2074 5789 2172 5845 οὐκ

2933 5321 3029 5377 VI.
3072 5319 3284 5376 Eidem.

2350 5433 2556 5489 Totam
2591 5431 2852 5487 lucidam
2885 5435 3054 5486 tuam
3089 5427 3293 5484 lunam
3345 5421 3564 5493 accepi,
3617 5415 3950 5475 celsissime

2279 5524 2472 5580 Caesar
2517 5525 2576 5578 et
2628 5521 2894 5588 domine;
2955 5517 3198 5574 omnino
3246 5515 3403 5570 enim
3454 5509 3774 5582 splendens
3819 5520 3948 5560 eam

2282 5613 2368 5669 sol
2399 5611 2944 5677 illuminavit,unde
2965 5608 3096 5664 luce
3117 5605 3512 5662 circumfusus
3541 5599 3742 5654 lumen
3769 5598 3940 5650 tuum

2279 5701 2559 5758 laudibus
2589 5700 2862 5756 extuli.Si
2888 5715 3042 5768 vero,
3075 5695 3269 5752 adhuc
3297 5689 3614 5758 terrestris,
3647 5687 3727 5742 ita
3757 5685 3814 5737 in
3849 5696 3942 5737 me

2284 5791 2482 5846 radios
2528 5789 2805 5856 eti'undis,
2853 5804 3036 5860 supra
3087 5791 3304 5840 terram
3352 5780 3579 5854 positus
3629 5773 3790 5848 quali
3841 5783 3938 5825 me
