4124 6414
227 417 376 475 1171

1572 411 2000 478 MIDHAELIS
2045 409 2316 471 PSELLI

3499 415 3656 474 H72

228 545 540 616 splendore
569 562 682 602 non
722 546 1091 605 illustrabis?
1141 547 1376 620 qualem
1427 564 1544 604 non
1596 547 1881 619 fulgorem

2014 539 2352 613 ἱποστίλψεις
2437 559 2530 612 μοι
2608 536 2852 613 αἴγληνς
2911 535 3071 595 πόίαν
3148 541 3248 596 οὐκ
3321 539 3656 618 ἆπαυγάσεις

230 635 771 691 immittes?Deinde
803 638 1132 710 interrogas
1164 640 1459 710 quomodo
1487 654 1578 694 me
1611 635 1887 693 habeam?

237 725 342 780 hoc
374 725 502 797 ipso
530 725 719 781 solum
754 727 901 783 bene
934 729 1088 799 quod
1125 745 1217 783 me
1269 728 1618 800 interrogas,
1667 726 1727 781 in
1779 744 1886 780 cae-

230 813 370 870 teris
399 832 530 870 vero
561 817 990 888 optime.Nemo
1021 817 1181 873 enim
1215 835 1321 873 nos
1349 818 1674 890 interrogat
1702 832 1891 887 neque

232 903 303 958 de
334 903 503 959 nobis
530 908 717 960 curat.
753 906 843 974 Et,
875 923 978 977 per
1009 911 1174 962 tuum
1208 923 1443 962 sacrum
1487 912 1543 961 et
1590 905 1890 977 augustis-

229 991 447 1048 simum
480 998 678 1066 caput,
713 995 875 1050 nullo
907 994 1020 1051 alio
1071 1013 1211 1066 egeo
1265 996 1378 1051 nisi
1432 1001 1497 1050 ut
1544 995 1889 1065 interroger.

231 1082 342 1137 Sed
375 1083 533 1138 istud
565 1100 797 1155 quoque
831 1101 864 1140 a
895 1102 985 1140 me
1019 1084 1349 1140 invidiosus
1381 1085 1606 1140 daemon
1639 1082 1888 1154 eripuit;

231 1175 289 1226 et
319 1170 434 1226 nisi
465 1187 605 1227 aure
652 1177 715 1226 tu
767 1173 898 1228 vitae
948 1189 1087 1228 meae
1137 1173 1349 1227 libram
1401 1175 1680 1244 aequaret,
1733 1170 1892 1226 brevi

232 1259 561 1316 habitasset
589 1261 650 1316 in
682 1261 910 1317 inferno
944 1262 1143 1317 anima
1175 1279 1341 1330 mea;
1377 1262 1520 1317 adeo
1552 1262 1748 1318 animo
1789 1261 1892 1315 de-

224 1349 420 1419 jectus
451 1367 607 1417 sum,
640 1352 784 1406 adeo
817 1352 1027 1407 anxius
1061 1369 1214 1406 sum.
1249 1351 1359 1406 Sed
1398 1351 1604 1423 lingua
1634 1355 1758 1417 tua,
1794 1358 1896 1405 tua

236 1454 428 1508 musa,
461 1442 566 1494 tua
594 1440 784 1506 Siren,
819 1444 923 1496 tua
953 1441 1414 1508 incantamenta,
1448 1439 1536 1495 tui
1563 1438 1743 1510 sibili,
1792 1443 1899 1495 tua

233 1528 541 1598 persuasio
573 1533 630 1584 et
657 1528 992 1601 eloquentia
1023 1531 1276 1585 suadent
1324 1545 1417 1584 me
1479 1530 1694 1602 saepius
1743 1529 1896 1585 bono

239 1617 438 1672 animo
486 1635 614 1673 esse
661 1622 719 1674 et
768 1618 951 1675 laetari
986 1636 998 1674 :
1035 1622 1091 1674 et
1123 1619 1350 1692 gaudeo
1382 1619 1501 1675 tuis
1534 1618 1746 1689 verbis,
1779 1617 1898 1674 tuis

239 1704 770 1773 exhortationibus,
802 1707 922 1763 tuis
973 1708 1032 1762 in
1085 1724 1180 1762 me
1229 1707 1735 1778 dispositionibus.
1786 1707 1898 1763 Sed

238 1809 329 1849 me
364 1793 556 1850 dolere
587 1794 736 1849 nihil
770 1795 1176 1868 impossibile;
1211 1801 1285 1866 .tu
1334 1813 1468 1853 vero
1517 1815 1589 1853 ne
1636 1813 1898 1868 unquam

2003 630 2408 703 μαρμαρυγήν;
2473 628 2600 682 Εἶτα
2659 625 2726 696 δὴ
2799 627 3005 703 ἐρωτᾷς
3055 633 3174 692 πῶς
3233 627 3476 705 ἔχοιμι;
3531 631 3663 687 αὐτὸ

1998 722 2158 772 τοῦτο
2195 717 2360 790 μόνον
2392 715 2579 779 καλῶς
2608 718 2690 773 ὅτι
2739 739 2805 790 με
2854 718 3082 792 ἐρωτᾷς,
3113 719 3179 774 τὰ
3219 716 3270 773 δ’
3322 719 3466 776 ἄλλα
3523 722 3665 776 πάνυ

1999 807 2206 870 καλῶς.
2258 805 2454 870 Οὐδεὶς
2518 807 2622 882 γὰρ
2696 809 2860 880 ἡμῶν
2940 804 3063 863 οὔτε
3133 807 3480 882 πυνθάνεται,
3543 808 3666 865 οὔτε

1999 895 2246 968 κήδεται.
2296 898 2420 964 Καὶ,
2485 898 2552 965 νὴ
2603 899 2700 966 τήν
2752 898 2900 974 ἱεράν
2962 919 3056 952 σου
3115 899 3205 953 καὶ
3266 893 3662 974 ὑπερσέϐαστον

2001 985 2268 1063 κεφαλὴν,
2303 984 2429 1041 οὐδὲ
2457 986 2639 1062 ἐτέρου
2669 988 2814 1048 τινὸς
2865 983 3061 1058 δέομαι
3198 992 3296 1043 τοῦ
3345 986 3666 1065 ἐρωτᾶσθαι.

2003 1074 2181 1131 Ἀλλὰ
2229 1075 2317 1130 καὶ
2375 1074 2538 1130 τουτό
2591 1096 2658 1148 με
2707 1077 2735 1131 6
2789 1077 3053 1150 βάσκανος
3105 1073 3316 1150 δαίμων
3370 1078 3664 1156 ἀφείλετο·

2001 1164 2115 1231 καὶ,
2153 1164 2197 1219 εἷ
2233 1165 2308 1236 μή
2359 1166 2394 1234 ἡ
2448 1165 2516 1233 σὴ
2566 1171 2746 1240 χρυσῆ
2793 1163 3056 1242 πλάστιγξ
3107 1166 3199 1220 τὸν
3249 1171 3347 1222 τοῦ
3403 1167 3526 1242 βίου
3562 1188 3669 1240 μου

2007 1254 2164 1329 ζυγὸν
2221 1252 2391 1322 ῗσαζε,
2425 1249 2755 1330 παραϐραχὺ
2804 1255 3101 1330 παρῴκησε
3143 1260 3224 1327 τῷ
3274 1251 3376 1331 ᾅδῃ
3427 1259 3461 1326 ἠ
3512 1258 3666 1331 ψυχή

2010 1363 2113 1415 μου
2151 1362 2161 1374 ’
2198 1341 2376 1404 οὕτως
2436 1343 2650 1415 ἀθυμῶ,
2714 1342 2887 1406 οὕτως
2949 1341 3240 1416 ἀδημονῶ.
3298 1343 3455 1402 Ἀλλ’
3500 1347 3535 1415 ἡ
3597 1347 3664 1416 σὴ

2005 1431 2254 1505 γλῶσσα,
2286 1433 2320 1500 ἡ
2350 1433 2416 1501 σὴ
2471 1437 2664 1505 μοῦσα,
2699 1435 2734 1502 ἡ
2779 1434 2844 1502 σὴ
2889 1435 3099 1506 σειρὴν,
3131 1433 3198 1488 τὰ
3249 1435 3316 1488 σὰ
3368 1432 3669 1510 θέλγητρα,

2007 1521 2061 1574 αἱ
2094 1520 2180 1574 σαὶ
2231 1519 2506 1596 ἱ¹υγγες,ἡ
2568 1522 2635 1590 σὴ
2699 1522 2996 1593 πιθανότης
3047 1523 3137 1577 καὶ
3187 1523 3493 1599 εὔγλωττία
3549 1524 3670 1579 πεί-

2011 1621 2089 1674 θει
2154 1631 2220 1682 με
2276 1608 2548 1673 πολλάκις
2603 1611 2691 1666 καὶ
2753 1613 3003 1684 εὐθυμεῖν
3065 1612 3155 1667 καὶ
3212 1614 3502 1688 γάννυσθαι
3536 1631 3548 1644 ⁸
3581 1613 3672 1668 καὶ

2009 1699 2192 1774 χαίρω
2227 1697 2311 1754 ἐπὶ
2345 1704 2459 1762 τοῖς
2504 1705 2621 1762 σοῖς
2675 1699 2884 1777 λόγοις,
2919 1699 3007 1756 ἐπὶ
3046 1707 3169 1765 ταῖς
3222 1707 3339 1764 σαῖς
3391 1701 3674 1778 παρακλή-

2011 1810 2177 1861 σεσιν,
2231 1786 2319 1843 ἐπὶ
2391 1794 2513 1852 ταῖς
2589 1795 2706 1853 σαῖς
2780 1791 2918 1867 πρὸς
2988 1790 3085 1864 ἐμὲ
3143 1791 3460 1850 διαθέσεσιν,
3515 1791 3652 1849 Ἀλλ

238 1883 457 1949 doleas,
491 1900 563 1939 ne
593 1883 826 1940 invidias
861 1885 973 1941 telo
1007 1885 1258 1957 laedaris,
1285 1904 1356 1942 ne
1388 1885 1665 1942 inimicus
1698 1890 1896 1942 contra

2014 1879 2110 1953 ἐμὶ
2144 1881 2236 1952 μὲν
2273 1877 2559 1935 λυπεῖσθαι
2623 1879 2775 1936 οὐδὲν
2823 1881 3068 1944 ἀπεικός.
3122 1881 3186 1937 σὺ
3246 1880 3303 1938 δὶ
3361 1885 3437 1957 μὴ
3489 1881 3674 1955 λυπη-

237 1975 297 2026 te
330 1971 660 2043 praevaleat.
697 1973 755 2028 Si
785 1974 918 2045 quis
950 1979 1146 2030 autem
1178 1980 1388 2030 ventus
1432 1983 1590 2031 tuam
1644 1983 1897 2031 mentem

245 2061 562 2129 disturbat,
597 2079 668 2117 ne
702 2063 968 2132 mireris;
1012 2081 1148 2119 nam
1198 2064 1510 2120 contrariis
1562 2064 1901 2120 mutationi-

241 2149 355 2205 bus
385 2151 502 2205 vita
531 2150 877 2223 agitatur,et
906 2157 1133 2224 oportet
1165 2155 1425 2224 primum
1461 2171 1622 2210 mare
1647 2153 1901 2222 misceri,

245 2238 578 2311 deindeque
608 2241 665 2296 in
700 2241 1021 2314 zephyrum
1052 2247 1462 2316 tempestatem
1495 2244 1708 2300 sedari.

327 2511 454 2568 Haec
485 2511 736 2569 Psellus.

893 2620 1017 2675 VII.
1053 2620 1272 2676 Eidem.

329 2727 442 2783 Sed
475 2731 607 2798 post
636 2726 855 2797 lances,
888 2726 1313 2799 gloriosissime
1344 2726 1666 2798 imperator
1693 2731 1752 2782 et
1782 2743 1911 2781 ma-

256 2816 414 2871 xime
443 2817 636 2871 Caesar
668 2815 1104 2887 dominansque
1137 2832 1277 2870 meas
1311 2815 1522 2870 animae
1573 2819 1772 2887 caput,
1821 2820 1913 2872 est

253 2905 430 2960 etiam
461 2904 687 2959 trutina
719 2909 776 2960 et
805 2907 933 2976 ejus
966 2903 1188 2976 regula.
1225 2904 1373 2968 Quid
1406 2903 1608 2976 igitur,
1642 2910 1706 2960 ut
1742 2905 1912 2962 nobis

249 2993 464 3048 libram
498 2992 768 3064 impleas,
804 2995 1095 3064 pecudum
1129 2994 1438 3049 exhauries
1471 3011 1762 3051 mammas
1784 2995 1810 3048 ?
1838 3011 1910 3050 ne

255 3086 344 3148 tu,
382 3099 451 3136 ne
487 3083 542 3136 in
579 3099 688 3138 nos
717 3087 911 3138 tutum
945 3082 1093 3138 ovile
1123 3083 1419 3152 exsicces;
1451 3100 1544 3150 ne,
1601 3089 1664 3138 ut
1711 3085 1908 3142 lances

249 3187 334 3239 aeq
353 3187 472 3236 ues,
506 3171 591 3224 illi
622 3170 940 3243 inaequales
971 3173 1193 3240 gratias
1225 3173 1504 3244 praebeas,
1543 3172 1708 3243 plura
1739 3176 1906 3230 nobis

2013 1970 2110 2043 θῇς
2140 1989 2293 2040 ποτε,
2330 1967 2470 2043 μηδὲ
2515 1967 2674 2043 βέλος
2725 1972 2920 2044 ἅψαιτο
2974 1972 3285 2048 βασκανίας,
3321 1970 3464 2045 μηδέ
3511 1993 3673 2027 κατι-

2013 2059 2210 2134 σχύσαι
2275 2080 2370 2112 σου
2429 2060 2456 2113 6
2513 2057 2733 2135 ἐχθρός.
2796 2061 2860 2116 Εἰ
2921 2057 2978 2115 δέ
3035 2059 3118 2122 τίς
3171 2083 3268 2116 σου
3327 2060 3668 2134 διακυμαίνει

2012 2144 2214 2221 ἄνεμος
2275 2149 2374 2216 τὴν
2429 2151 2638 2224 ψυχὴν,
2697 2151 2773 2222 μή
2833 2148 3118 2226 θαυμάσῃς
3149 2169 3162 2182 ·
3212 2155 3330 2213 ταῖς
3372 2152 3474 2228 γὰρ
3524 2151 3670 2206 ἐναν-

2011 2237 2153 2300 τίαις
2190 2233 2521 2311 μεταϐολαῖς
2555 2239 2583 2294 6
2620 2237 2739 2313 βίος
2766 2238 3106 2314 ταράττεται,
3139 2239 3227 2295 καὶ
3281 2237 3364 2296 δεῖ
3405 2241 3669 2316 πρότερον

2013 2334 2341 2402 τιναχθῆναι
2369 2328 2468 2396 τὴν
2502 2325 2798 2402 θάλασσαν,
2831 2329 2927 2393 εἶθ’
2957 2328 3129 2392 οὕτως
3163 2336 3351 2400 στῆναι
3395 2329 3473 2392 εἷς
3507 2329 3672 2405 αὔραν

2015 2417 2113 2485 τὴν
2146 2414 2453 2493 καταιγίδα.

2089 2505 2146 2558 Ὃ
2177 2503 2398 2567 Ψελλὸς
2429 2509 2616 2561 ταῦτα.

2651 2618 2719 2670 Z’.
2751 2616 2845 2686 Τῷ
2873 2612 3040 2686 αὐτῷ.

2092 2716 2272 2776 Ἀλλὰ
2316 2720 2449 2792 μετᾶ
2511 2721 2608 2783 τὰς
2669 2720 3026 2797 πλάστιγγας,
3076 2722 3473 2800 φιλοτιμότατα
3525 2722 3676 2797 βασι-

2019 2808 2134 2881 λεῦ,
2168 2809 2259 2863 καὶ
2322 2810 2541 2883 μέγιστε
2598 2813 2828 2886 Καῖσαρ,
2889 2811 2980 2864 καὶ
3039 2808 3334 2880 δεσποτική
3382 2818 3482 2881 τῆς
3539 2811 3677 2884 ἐμῆς

2018 2901 2206 2973 ψυχῆς
2227 2897 2463 2975 κεφαλὴ,
2498 2897 2607 2953 ἔστι
2638 2898 2728 2953 καὶ
2827 2900 3062 2973 τρυτάνη
3116 2899 3205 2954 καὶ
3257 2900 3284 2954 6
3330 2900 3532 2972 ταύτης
3577 2921 3679 2955 κα-

2018 2987 2146 3044 νών.
2188 2987 2248 3040 Τί
2295 2987 2410 3059 οὖν,
2459 2985 2550 3041 *ίνα
2607 2986 2914 3064 πληρώσῃς
2956 2990 3092 3061 ἡμῖν
3141 2989 3233 3044 τὸν
3293 2992 3474 3065 ζυγὸν⁹
3527 2988 3676 3045 ἐκκε-

2015 3077 2214 3138 νώσαις
2260 3081 2368 3132 τῶν
2425 3078 2757 3150 θρεμμάτων
2809 3075 2936 3140 τοὺς
2991 3077 3266 3150 μαστούςς
3323 3079 3399 3151 μὴ
3461 3078 3525 3134 σύ
3572 3099 3674 3153 γε’

2020 3163 2161 3239 μηδὲ
2189 3164 2270 3243 ἐφ’
2303 3169 2438 3238 ἡμῖν
2473 3165 2749 3240 ἀποψύξῃς
2780 3166 2842 3220 τὸ
2872 3166 3136 3239 ποίμνιον
3173 3188 3185 3200 ’
3223 3164 3386 3241 μηδὶ,
3414 3165 3506 3222 ’ἱνα
3556 3167 3676 3222 ἰσά-

253 3259 619 3315 distribuens
641 3266 699 3315 et
725 3277 831 3316 nos
853 3277 1030 3332 super
1050 3277 1256 3316 omnes
1279 3265 1647 3326 statuens,tu
1673 3263 1770 3334 qui
1805 3281 1896 3320 su-

2016 3277 2114 3329 σῃς
2197 3257 2292 3317 τὰς
2381 3257 2745 3330 πΛάστιγγας,
2809 3256 3021 3319 ἀνίσους
3075 3255 3223 3329 αὐτῷ
3285 3258 3520 3331 ποιήσῃς
3579 3258 3676 3320 τὰς

253 3363 422 3419 peras
447 3365 745 3405 sermones
769 3354 827 3405 et
849 3350 1038 3423 elogia
1055 3367 1407 3420 omnemque
1431 3351 1778 3408 rhetoricam
1813 3371 1905 3408 ar-

247 3441 366 3492 tem
397 3443 455 3494 et
485 3437 847 3494 facultatem.
881 3440 996 3511 Ego
1025 3456 1160 3494 vero
1193 3456 1349 3494 nunc
1381 3442 1621 3512 cognovi
1672 3443 1908 3512 sapiens

245 3542 396 3595 esse,
428 3527 566 3598 quia
597 3531 760 3583 tuam
798 3527 942 3583 meis
988 3528 1365 3584 sermonibus
1415 3529 1675 3584 animam
1723 3547 1906 3586 aucu-

246 3631 375 3684 por;
406 3616 562 3670 unde
591 3632 873 3687 arrogans
901 3618 1140 3671 omnino
1170 3616 1358 3671 factus
1390 3633 1545 3686 sum,
1568 3622 1623 3673 et
1653 3619 1905 3677 frontem

248 3703 491 3768 erexi,et
521 3703 774 3758 summis
805 3704 1005 3776 digitis
1039 3703 1316 3770 ambulo;
1353 3709 1409 3759 et
1439 3705 1488 3760 si
1521 3706 1656 3776 quis
1686 3725 1779 3763 me
1810 3726 1904 3765 ro-

245 3790 467 3861 gaverit
501 3808 512 3844 :
543 3812 570 3841 «
594 3791 742 3855 Quid
772 3808 1026 3862 unquam
1059 3791 1286 3848 taliaBet
1315 3809 1582 3863 quasnam
1612 3801 1906 3854 transmu-

245 3876 390 3931 tatio
421 3876 535 3932 ista
575 3884 632 3932 et
685 3895 834 3933 nova
887 3879 1255 3951 arrogantia;
1307 3882 1504 3936 statim
1557 3887 1901 3956 respondeo,

245 3964 387 4036 quia
419 3981 511 4022 me
543 3983 794 4039 magnus
827 3970 1017 4024 Cmsar
1049 3968 1330 4037 laudavit,
1364 3971 1505 4042 quia
1536 3974 1681 4030 meis
1713 3975 1903 4031 verbis

241 4054 370 4126 ipse
401 4056 652 4127 capitur,
687 4057 848 4128 quia,
881 4059 1108 4114 caeteris
1139 4059 1416 4116 omnibus
1449 4064 1735 4134 superior,
1773 4082 1903 4122 mea

242 4148 536 4214 potestate
565 4146 842 4202 vincitur.
875 4147 986 4203 Sed
1017 4164 1089 4203 ne
1130 4150 1365 4219 quando
1414 4151 1525 4206 ista
1578 4153 1774 4209 fucata
1822 4154 1900 4207 vi-

241 4233 494 4288 deantur
541 4240 600 4288 et
645 4235 898 4291 mendax
948 4236 1168 4308 opinio,
1216 4255 1322 4310 ego
1353 4256 1506 4307 sum,
1559 4242 1715 4312 quod
1765 4259 1899 4298 sum

237 4336 458 4390 revera,
507 4321 788 4394 ignorans
844 4324 1041 4394 homo,
1087 4339 1145 4382 et
1207 4329 1298 4382 vix
1359 4331 1623 4402 seipsum
1684 4347 1898 4404 cogno-

241 4425 436 4466 800118.

314 4499 374 4554 Si
405 4516 538 4555 vero
570 4506 632 4556 tu
667 4518 758 4558 me
793 4503 1048 4570 miraris,
1075 4505 1266 4561 dicam
1296 4507 1401 4562 tibi
1435 4524 1766 4564 sermonem
1799 4526 1898 4565 ve-

242 4588 525 4661 naticum,
560 4607 737 4662 quem
771 4593 964 4649 nescio
995 4612 1069 4649 an
1101 4599 1159 4650 et
1187 4595 1315 4666 ipse
1345 4596 1849 4654 animadverteris.

2017 3345 2269 3419 χάριτας,
2301 3345 2366 3399 τὰ
2395 3344 2574 3399 πλείω
2604 3344 2784 3418 νέμων
2812 3347 2949 3419 ἡμῖν
2981 3345 3070 3401 καὶ
3105 3347 3238 3422 ὑπὲρ
3290 3345 3418 3409 τοὺς
3470 3343 3678 3410 ἄλλους

2016 3434 2205 3501 τιθεὶς,
2242 3435 2269 3488 6
2319 3436 2534 3488 πάντων
2580 3432 2826 3489 ἐπέκεινα
2874 3434 2965 3489 καὶ
3015 3433 3200 3511 λόγων
3248 3437 3335 3491 καὶ
3387 3435 3674 3510 ἐγκωμίων

2015 3524 2105 3579 καὶ
2155 3523 2356 3599 τέχνης
2418 3524 2715 3600 ῥητορικῆς
2766 3524 2854 3578 καὶ
2911 3521 3217 3598 δυναμεως.
3265 3526 3414 3601 Ἐγὼ
3476 3523 3533 3580 δὲ
3588 3530 3674 3580 νῦν

2015 3611 2182 3689 ἔγνων
2234 3615 2367 3668 εἶναι
2417 3613 2606 3690 σοφὸς,
2640 3613 2723 3668 ὅτι
2773 3635 2869 3668 σου
2913 3620 3030 3678 τοῖς
3079 3614 3237 3687 ἐμοῖς
3291 3613 3478 3691 λόγοις
3525 3616 3679 3688 θηρῶ

2013 3705 2347 3778 τὴνψυχῆν·
2381 3702 2501 3766 ὅθεν
2553 3701 2747 3778 ἀθρόον
2805 3698 3037 3777 σοϐαρὸς
3084 3702 3301 3779 γέγονα,
3332 3704 3422 3759 καὶ
3469 3700 3677 3758 ἕσπακα

2013 3795 2111 3861 τήν
2163 3792 2351 3870 ὀφρῦν,
2407 3791 2496 3846 καὶ
2549 3790 2632 3846 ἐπ’
2676 3789 2838 3868 ἄκρον
2916 3789 3120 3867 βαδίζω
3195 3790 3477 3847 δακτύλων
3510 3812 3520 3825 υ
3575 3793 3672 3847 κᾶν

2017 3883 2083 3954 μέ
2133 3903 2219 3943 τις
2267 3878 2451 3955 ἔρηται
2484 3898 2498 3912 ·
2556 3905 2582 3932 ‹‹
2627 3879 2691 3936 Τί
2741 3901 2875 3935 ποτε
2921 3881 3250 3950 ταῦτα;καὶ
3298 3881 3379 3943 τίς
3427 3882 3455 3935 6
3505 3901 3674 3955 μετα-

2013 3971 2406 4047 σχηματισμὸς
2437 3970 2525 4024 καὶ
2559 3971 2593 4038 ἡ
2626 3971 2783 4038 καινή
2817 3966 3038 4044 ἔπαρσις
3066 3989 3078 4038 ;
3116 3994 3143 4021 n
3196 3971 3355 4034 εὐθὺς
3409 3969 3672 4047 ἐπιφέρω,

2011 4061 2093 4115 ὅτι
2143 4081 2210 4133 με
2257 4061 2284 4114 6
2329 4061 2492 4135 μέγας
2543 4065 2748 4135 Καῖσαρ
2800 4057 3079 4132 ἐπῄνεσεν,
3117 4060 3201 4115 ὅτι
3254 4081 3358 4134 μου
3408 4065 3526 4123 τοῖς
3575 4057 3674 4114 λό-

2010 4172 2130 4226 γοις
2179 4151 2341 4211 οὗτος
2383 4147 2647 4218 ἑάλωκεν,
2680 4150 2786 4220 ὅτι,
2827 4153 2936 4202 τῶν
2994 4146 3181 4203 ἄλλων
3229 4148 3520 4226 ὑπέρτερος
3571 4149 3670 4222 ὣν,

2006 4247 2106 4309 τῆς
2151 4239 2288 4311 ἐμῆς
2339 4239 2566 4307 ἡττᾶται
2633 4234 2938 4311 δυνάμεως.
2993 4234 3169 4294 Ἀλλὰ
3226 4238 3301 4311 μή
3348 4257 3483 4294 ποτε
3529 4259 3672 4312 κομ-

2008 4328 2134 4403 ψεία
2181 4332 2348 4382 ταῦτα
2394 4325 2483 4382 καὶ
2547 4324 2775 4400 ψευδὴς,
2825 4325 3031 4399 οἷήσις,
3077 4325 3184 4403 ἐγὼ
3244 4325 3302 4383 δέ
3364 4326 3478 4401 εἶμι
3538 4327 3670 4405 ὅπερ

2008 4418 2145 4492 εἰμὶ,
2201 4417 2416 4490 ἀμαθὴς
2467 4419 2749 4492 ἅνθρωπος
2812 4417 2903 4471 καὶ
2953 4414 3115 4489 μόλις
3163 4417 3351 4472 ἑαυτὸν
3398 4417 3671 4493 ἐπιγνούς.

2080 4507 2143 4564 Εἰ
2176 4504 2234 4562 δέ
2285 4507 2577 4579 θαυμάζεις
2630 4525 2697 4579 με
2743 4503 2828 4574 σὺ,
2861 4503 2970 4580 ἐρῶ
3020 4526 3104 4559 σοι
3155 4503 3320 4582 λόγον
3372 4506 3666 4582 θηρατικὼ

2005 4598 2063 4652 ’ὀν
2099 4597 2198 4652 οὐκ
2230 4593 2350 4650 οἶδα
2381 4595 2426 4650 εί
2458 4595 2548 4650 καὶ
2576 4594 2739 4655 αὐτὸς
2777 4594 3128 4665 κατενόησας.

311 4677 620 4748 Noctuam,
665 4680 962 4738 volucrem
995 4683 1496 4739 deformissimum
1533 4691 1590 4740 et
1619 4687 1893 4758 turpissi-

2076 4686 2189 4754 Τὴν
2223 4689 2437 4760 γΑαῦκα
2479 4686 2541 4740 τὸ
2575 4681 2784 4757 ὄρνεον,
2817 4683 2880 4738 τὸ
2930 4661 3331 4758 ἀμορφώτατον
3383 4687 3522 4752 ζῶον
3574 4683 3665 4739 καὶ

245 4783 408 4822 mum
442 4774 704 4840 aspectu,
741 4770 990 4826 miratur
1019 4773 1238 4843 aquila,
1273 4779 1328 4828 et
1357 4773 1652 4842 circumit,
1683 4781 1741 4831 et
1768 4781 1893 4832 stu-

235 4857 676 4926 pensintuetur,
699 4859 1146 4916 velutnaturam
1168 4865 1484 4932 quamdam
1502 4864 1894 4921 admiratione

232 4943 606 5014 dignam.Sed
630 4948 711 5003 ita
743 4948 980 5020 quidem
1015 4949 1234 5020 aquila,
1269 4956 1486 5008 noctua
1517 4956 1710 5007 autem
1744 4954 1892 5010 nihil

231 5035 431 5091 minus
466 5037 749 5093 deformis
781 5042 891 5093 est.
921 5041 1128 5095 Nonne
1159 5039 1342 5112 igitur
1373 5057 1434 5096 es
1464 5044 1528 5096 tu
1559 5041 1759 5113 aquila
1805 5061 1894 5100 ro-

227 5121 369 5179 bore
393 5129 450 5180 et
473 5130 783 5196 potestate,
817 5144 923 5200 ego
946 5131 1143 5185 autem
1168 5129 1389 5186 animal
1411 5130 1664 5188 informe
1683 5135 1742 5188 et
1769 5136 1893 5189 arte

226 5215 479 5282 expers?

302 5303 520 5358 Deinde
544 5311 765 5363 veteres
791 5306 1087 5378 sapientes
1113 5309 1392 5366 admirari
1409 5310 1886 5383 pretermittens,

223 5402 318 5442 me
349 5394 406 5444 et
434 5407 562 5446 mea
590 5395 810 5467 scripta
841 5395 1007 5452 colis.
1054 5398 1202 5462 Quid
1252 5399 1390 5454 boni
1445 5403 1642 5455 autem
1691 5399 1749 5455 in
1803 5401 1886 5456 eis

219 5472 423 5530 inest?
455 5479 598 5548 quid
631 5483 908 5553 pulchri?
939 5485 1081 5556 quid
1116 5488 1392 5544 venusti?
1422 5489 1522 5545 sed
1551 5488 1744 5544 dicam
1778 5490 1884 5546 tibi

221 5561 405 5620 alium
441 5583 770 5627 sermonem
803 5575 874 5628 ad
909 5591 1016 5630 nos
1048 5578 1235 5647 magis
1267 5578 1729 5634 convenientem.

291 5655 434 5724 Apis
467 5656 726 5728 primum
758 5677 788 5715 e
819 5660 1064 5720 ﬂoribus
1096 5664 1211 5721 mel
1236 5666 1518 5739 colligens
1541 5685 1735 5724 rosam
1755 5670 1880 5740 qui-

219 5741 349 5796 dem
386 5744 821 5816 praztervolitat,
859 5749 1039 5807 mittit
1086 5759 1284 5811 autem
1335 5756 1606 5829 ocellum,
1655 5755 1872 5827 lilium,

2006 4772 2429 4842 ἀκαλλέστατον,
2492 4771 2754 4846 θαυμάζει
2823 4773 2850 4826 6
2925 4773 3078 4834 ἀετὸς
3153 4772 3244 4826 καὶ
3313 4771 3666 4848 περιίπταται

2001 4863 2226 4935 ταύτην,
2273 4864 2364 4917 καὶ
2411 4863 2679 4936 περιέπει,
2719 4861 2810 4916 καὶ
2861 4859 3115 4931 τέθηπεν,
3151 4862 3332 4936 ὥσπερ
3390 4862 3512 4916 τινὰ
3560 4861 3665 4941 φύ-

2005 4975 2086 5007 σιν
2122 4951 2269 5023 ἀξίαν
2315 4951 2611 5024 θαύματος.
2645 4948 2805 5006 Ἀλλ’
2838 4952 2864 5004 6
2919 4951 3013 5023 μὲν
3067 4950 3219 5012 ἀετὸς
3267 4950 3438 5012 οὕτως
3471 4970 3484 4984 ⁸
3516 4953 3551 5021 ἡ
3605 4949 3664 5006 δὲ

2003 5040 2159 5097 οὐδὲν
2192 5044 2353 5110 ἦττον
2386 5039 2554 5117 γλαύξ
2586 5039 2698 5094 ἐστι
2725 5037 3000 5110 δυσειδής.
3037 5041 3130 5110 Μή
3165 5061 3296 5094 ποτε
3322 5037 3412 5094 οὖν
3465 5039 3528 5094 σὺ
3565 5041 3661 5113 μὶν

2003 5131 2156 5193 ἀετὸς
2187 5131 2287 5200 τὴν
2323 5128 2484 5205 ἰσχὺν
2513 5130 2601 5184 καὶ
2635 5129 2733 5198 τὴν
2769 5125 3145 5204 δύναμιν,ἐγὼ
3168 5124 3226 5183 δὲ
3251 5132 3387 5198 ζῶον
3420 5125 3661 5191 ἀκαλλές

1998 5243 2058 5276 τε
2087 5220 2177 5275 καὶ
2209 5217 2432 5296 ἄτεχνον
2460 5239 2474 5288 ;

2073 5309 2204 5367 Εἶτα
2263 5306 2330 5378 δὴ
2391 5307 2543 5386 ἀφεὶς
2595 5307 2722 5370 τοὺς
2781 5305 3048 5369 παλαιοὺς
3089 5305 3382 5380 θαυμάζειν
3435 5305 3658 5384 σοφοὺς,

1998 5398 2096 5472 ἐμὶ
2125 5399 2214 5454 καὶ
2246 5399 2312 5454 τὰ
2342 5397 2448 5472 ἐμὰ
2477 5395 2750 5472 περιέπεις
2784 5398 3205 5473 συγγράμματα.
3249 5397 3309 5450 Τί
3373 5393 3432 5450 δὲ
3487 5393 3654 5450 καλὸν

1999 5487 2050 5544 ἐν
2082 5487 2298 5550 τούτοις
2325 5508 2339 5558 ;
2371 5489 2422 5543 τί
2470 5484 2527 5542 δὲ
2574 5490 2776 5563 ὡραῖον
2804 5505 2817 5555 ;
2849 5485 2902 5540 τί
2948 5482 3006 5539 δὶ
3049 5483 3282 5558 ἀνθηρόν
3309 5505 3322 5555 ;
3361 5481 3519 5540 Ἀλλ’
3550 5483 3657 5560 ἐρῶ

1995 5599 2081 5632 σοι
2111 5578 2199 5632 καὶ
2231 5577 2396 5652 λόγον
2431 5574 2610 5651 ἕτερον
2639 5576 2773 5650 πρὸς
2807 5577 2955 5647 ἡμᾶς
2990 5573 3342 5629 οἷ’κειότατον.

2064 5669 2129 5724 Ἡ
2191 5665 2424 5740 μέλισσα
2479 5666 2575 5728 τὰς
2619 5664 2793 5741 ἀρχὰς
2842 5661 3220 5739 ἀνθολογοῦσα
3260 5665 3356 5718 τοῦ
3409 5659 3649 5734 μέλιτος,

1991 5756 2322 5832 παρίπταται
2371 5757 2465 5832 μὶν
2515 5755 2578 5811 τὸ
2629 5751 2812 5830 ῥόδον,
2843 5751 3070 5828 παρίησι
3103 5749 3160 5808 δὲ
3202 5753 3264 5807 τὸ
3308 5748 3396 5805 ’ίον
3437 5748 3526 5806 καὶ
3584 5748 3646 5803 τὸ
