4124 6416
483 455 643 514 11⁵73

1988 455 2120 518 EPI
2129 455 2401 517 STOLJE
2413 498 2428 516 .

3758 459 3916 518 1174

476 583 664 660 κρίνον
706 584 798 640 καὶ
845 586 936 639 τὸν
985 585 1234 642 ὑάκινθον
1287 587 1497 642 καὶτὸν
1561 585 1874 665 νάρκισσον,
1933 587 2022 643 καὶ
2067 592 2122 642 τε

2265 586 2648 660 byacinthum
2681 587 2736 641 et
2763 585 3118 655 narcissum,
3147 590 3204 642 et
3234 587 3436 659 thymo
3457 586 3913 646 insidet.Planta

476 673 635 748 θύμῳ
694 673 1075 750 προσίσταται.
1139 676 1316 731 Φυτὸν
1378 677 1406 731 6
1467 677 1639 751 θύμος
1697 675 2029 754 ὃριμῦτατόν
2080 697 2140 731 τε

475 762 566 818 καὶ
627 757 1022 836 ἀνοσμὸτατοψ
1086 763 1214 820 ἀλλ’
1274 767 1308 834 ἠ
1368 765 1602 839 μέλισσα
1639 765 1875 822 ἐντεῦθεν
1907 768 2003 830 τὰς
2036 789 2141 836 πη-

478 852 576 927 γὰς
623 845 740 927 ἔχει
791 857 888 908 τοῦ
949 852 1192 926 μέλιτος.
1227 856 1385 918 Ἴσως
1427 856 1698 930 γοῦνηκαὶ
1754 855 1815 910 σὺ
1873 861 1979 912 τῶν
2043 857 2137 928 μὲν

477 942 625 1018 παρᾶ
669 948 789 1006 τοῖς
837 940 1033 1005 ἄλλοις
1087 940 1263 1020 ῥόδων
1309 951 1692 1022 καταφρονεῖς,
1750 946 1857 1001 ἀπὸ
1915 943 1972 1001 δὲ
2027 950 2136 1001 τῶν

485 1030 631 1103 ἐμῶν
664 1031 918 1105 ἀνόσμων
948 1030 1128 1107 λόγων
1155 1034 1244 1088 καὶ
1269 1031 1456 1104 ἀηδῶν
1487 1035 1586 1104 τὴν
1615 1037 1716 1106 σὴν
1746 1033 2137 1109 καταμελιτοῖς

482 1118 732 1196 γλῶσσαν
764 1120 854 1174 καὶ
882 1120 945 1175 τὸ
980 1121 1308 1198 μελισσαγὶς
1342 1125 1664 1194 ἀποστάζεις
1694 1130 1880 1198 νᾶμα.-

549 1207 704 1265 Ἀλλ’
755 1210 855 1284 δρα
916 1211 984 1266 τὰ
1035 1209 1490 1288 παραδείγματα.
1551 1213 1684 1269 Οὕτε
1743 1216 1770 1268 6
1832 1215 1984 1276 ἀετὸς
2039 1215 2139 1284 τήν

477 1295 691 1374 γλαῦκα
748 1306 1178 1378 περιφρονεῖται,
1230 1303 1354 1358 οὕτε
1409 1303 1501 1358 τὸν
1572 1303 1745 1376 θύμον
1802 1306 1836 1373 ἡ
1904 1304 2138 1376 μέλισσα

473 1394 724 1465 γεωργεῖ⁶
807 1387 952 1445 ἀλλὰ
1005 1391 1120 1446 κατ’
1179 1390 1419 1462 ἐξουσίαν
1479 1395 1506 1448 ὁ
1543 1393 1637 1466 μὲν
1698 1394 1818 1466 ὁρᾷ,
1851 1395 1886 1464 ἡ
1922 1390 1978 1448 δὲ
2011 1391 2136 1470 δρὲ-

476 1497 655 1536 πεται,
706 1480 882 1535 "Enen
913 1481 1000 1535 καὶ
1037 1478 1099 1534 σὺ
1130 1480 1365 1555 τούτοις,
1413 1482 1502 1537 καὶ
1546 1487 1653 1537 τῶν
1703 1481 1848 1556 ἐμῶν
1895 1483 2139 1538 ἀπόλαυε

475 1565 656 1640 λόγων
682 1566 846 1623 ὁπότε
877 1590 962 1623 σοι
1001 1568 1298 1644 βουλητόν.

544 1658 664 1730 Ἆρ’
697 1657 791 1711 οὖν
822 1659 912 1712 καὶ
944 1659 1146 1731 ταύτην
1203 1659 1568 1736 ἐγκωμιάσεις
1611 1683 1715 1735 μου
1766 1662 1865 1732 τὴν
1917 1663 2137 1718 ἐπιστο-

477 1743 604 1814 λήν,
722 1744 846 1802 οὔτε
914 1750 948 1818 ἡ
999 1747 1142 1821 λέξις
1196 1747 1447 1824 λαμπρὰ,
1505 1748 1628 1807 οὔτε
1679 1754 1707 1807 6
1739 1756 1862 1814 νοῦς
1898 1753 2134 1827 ὑψηλὸς,

482 1834 605 1890 οὕτε
634 1838 668 1906 ἡ
701 1839 944 1909 συνθήκη
981 1837 1320 1914 εὐάρμοστος
1345 1861 1356 1910 ;

547 1923 740 1980 Βούλει
801 1927 891 1980 οὗν
959 1927 1139 2004 βραχύ
1197 1930 1248 1983 τί
1314 1950 1397 1984 σοι
1447 1933 1796 2004 προσπαῖξαι’
1858 1931 1985 1988 ἀλλ’
2050 1931 2134 2002 εἷῆ

479 2012 671 2090 πόρῥω
719 2016 782 2070 τὸ
842 2022 1038 2090 σχῆμα
1094 2017 1183 2073 καὶ
1243 2020 1270 2073 ὁ
1335 2017 1631 2092 μοναδικὸς
1688 2021 1825 2095 βίος.
1864 2021 2030 2096 Κάγώ
2083 2043 2135 2077 τι

468 2106 716 2158 τοιοῦτον
749 2102 801 2158 ἐν
834 2103 1052 2176 νεότητι
1085 2107 1351 2175 πέπονθα,
1402 2109 1493 2163 καὶ
1550 2106 1888 2186 διαστρόφων
1922 2107 2138 2165 ἑάλωκα

470 2191 770 2268 ὀφθαλμῶν
823 2194 912 2249 καὶ
962 2201 1158 2270 χροιᾶς
1209 2197 1270 2252 οὗ
1299 2198 1439 2252 πάνυ
1474 2195 1698 2266 λευκῆς,
1727 2199 1818 2254 καὶ
1874 2200 2009 2275 ὑπὲρ
2040 2200 2134 2262 τὰς

472 2277 750 2343 εὖώπιδας
800 2283 886 2336 καὶ
931 2281 1270 2361 ῥοδοπήχεις
1295 2287 1395 2355 τήν
1428 2285 1601 2349 οὕτως
1635 2283 1866 2362 ἔχουσαν
1897 2283 2132 2365 ἔστερξα.

469 2371 614 2444 Ἀρα
642 2369 952 2446 ἐγνώρισάς
984 2393 1078 2445 μοι
1105 2373 1168 2428 τὸ
1199 2376 1408 2439 πάθοςε
1446 2374 1580 2437 εἶδες
1631 2375 1682 2430 ἐν
1737 2377 2030 2451 κατόπτρῳ
2067 2379 2132 2433 τὸ

471 2459 560 2513 σὸν
594 2459 888 2534 πρόσωπον
915 2479 928 2531 ;
963 2465 1060 2520 Ἐκ
1089 2469 1192 2538 γῆς
1222 2465 1326 2541 γὰρ
1357 2465 1448 2519 καὶ
1479 2465 1640 2528 αὐτὸς
1673 2465 2131 2544 πεπλαστοόργη-

471 2569 558 2603 σαι
597 2549 778 2625 ὥσπερ
813 2548 940 2627 ἐγώ.

537 2644 647 2708 Τῆς
679 2635 943 2710 δουλικῆς
971 2645 1140 2696 ταῦτα
1167 2642 1258 2698 καὶ
1281 2642 1540 2720 γλώσσης
1573 2666 1663 2699 σοι
1692 2646 1782 2700 καὶ
1814 2645 2024 2721 χειρός.

1114 2759 1195 2815 H'.
1227 2762 1316 2832 Τῷ
1351 2758 1520 2832 αὐτῷ.

544 2853 641 2907 Καὶ
677 2855 754 2927 μή
785 2854 956 2918 καλός
989 2855 1105 2929 εἰμι
1150 2857 1241 2911 καὶ
1300 2858 1492 2935 σοφὸς,
1552 2857 1844 2934 ἀσύγκριτα
1901 2865 2128 2936 Καῖσαρ,

472 2942 560 2995 καὶ
618 2943 717 3011 τὴν
769 2943 926 3021 φύσιν
976 2944 1066 2999 καὶ
1114 2946 1212 3014 τήν
1246 2948 1436 3022 ψυχήν
1465 2965 1478 3016 ;
1511 2947 1645 3004 Εἶτα
1676 2945 1742 3016 δὴ
1774 2949 1864 3002 καὶ
1896 2948 2128 3022 ἐμαυτὸν

480 3029 679 3104 ἀγνοῶ,
725 3029 845 3088 οὔτε
887 3032 1181 3110 κατόπτρῳ
1211 3035 1522 3110 χρώμενος,
1557 3035 1681 3091 οὔτε
1729 3035 1796 3106 δὴ
1859 3035 2122 3111 ἐνθυμού-

479 3138 638 3191 μενος
693 3121 894 3183 ὁπόσας
955 3117 1182 3198 βίϐλους
1241 3121 1436 3199 ἔτυχον
1495 3123 1764 3196 ἀνελίξας.
1827 3124 1982 3183 Ἀλλ’
2034 3125 2125 3181 ὅτε

472 3207 570 3282 μὲν
617 3214 735 3272 τοῖς
763 3214 871 3266 τῶν
907 3215 1088 3290 σοφῶν
1117 3213 1530 3289 συγγράμμασιν
1583 3213 1789 3286 ὁμιλῶ,
1840 3215 1939 3282 τὴν
1982 3212 2119 3286 ἐμὴν

466 3297 657 3376 σοφίαν
723 3300 858 3374 πρὸς
906 3301 1007 3370 τὴν
1059 3301 1275 3356 ἐκείνων
1335 3304 1632 3380 συγκρίνων
1668 3350 1683 3376 ,

466 3382 673 3460 ὄμνυμι
725 3389 826 3458 τὴν
873 3389 1020 3467 ἱεράν
1072 3412 1167 3446 σου
1220 3394 1447 3467 ψυχὴν,
1508 3393 1599 3448 καὶ
1660 3393 1736 3456 ὡς
1785 3393 2121 3448 παντάπασιν

466 3477 684 3549 ἀμαθὴς
734 3478 1169 3554 ἐγκαλύπτομαυ
1220 3479 1346 3536 ὅταν
1375 3480 1432 3537 δὲ
1487 3488 1606 3546 ταῖς
1640 3487 1758 3545 σαῖς
1809 3482 1930 3558 περὶ
1983 3482 2120 3556 ἐμοῦ

467 3565 788 3643 μαρτυρίαις
835 3567 1087 3644 ἐντύχω,
1150 3575 1348 3644 μικροῦ
1395 3572 1484 3627 καὶ
1543 3571 1752 3636 ἰσόθεος
1800 3575 1935 3627 εἶναι
1987 3593 2120 3649 φαν-

463 3654 738 3727 τάζομαι.
804 3656 910 3712 Καὶ
960 3658 1022 3712 σὺ
1085 3659 1181 3731 μὲν
1238 3660 1332 3722 τὰς
1385 3659 1520 3732 ἐμάς
1575 3659 1868 3723 ἐπιστολας
1931 3656 2120 3734 βιϐλία

460 3749 678 3807 ποιεῖς’
732 3744 842 3820 ἐγὼ
895 3744 952 3801 δὲ
1005 3747 1072 3802 τὰ
1123 3749 1188 3803 σὰ
1237 3747 1534 3824 γράμματα
1572 3755 1691 3811 τοῖς
1733 3747 1891 3822 ἐμοῖς
1943 3750 2116 3825 ἐγχα-

459 3833 638 3906 ρόἰττω
703 3837 967 3910 στέρνοις,
1035 3837 1122 3891 καὶ
1197 3837 1549 3913 ἀναγινώτκω
1615 3839 1964 3913 πυκνότερονο
2023 3839 2111 3893 καὶ

455 3920 692 3994 ἐμαυτὸν
766 3921 972 4000 ἄγαμαι
1050 3926 1138 3980 καὶ
1209 3925 1504 4001 πέπεισμαι
1584 3929 1715 3982 εἶναι
1776 3928 1965 4005 σοφὸς,
2023 3927 2114 3982 καὶ

453 4009 658 4066 ἐπαινῶ
690 4033 747 4067 σε
771 4019 871 4083 τῆς
907 4015 1229 4091 μαρτυρίας.

525 4100 796 4178 Πρότερον
852 4101 910 4158 δὲ
967 4105 1075 4180 οὐχ
1131 4105 1307 4168 οὕτως
1363 4107 1536 4181 εἶχον.
1599 4104 1758 4166 Ἀλλ’
1811 4107 1865 4160 αἱ
1899 4107 1991 4181 μὲν
2025 4107 2114 4161 πί-

456 4201 639 4260 θηκοι,
694 4189 908 4248 ἐπειδὰν
951 4195 1150 4249 τὲκωσι
1198 4195 1384 4250 καὶτὰ
1435 4197 1622 4270 νεογνὰ
1660 4194 1876 4264 ’ίδωσιν,
1946 4195 2112 4270 ἀγάλ-

463 4300 604 4351 ματα
661 4280 796 4337 αὐτά
855 4281 1087 4359 ¹ἥγηνται
1145 4284 1234 4340 καὶ
1282 4289 1380 4340 τοῦ
1422 4283 1665 4348 κάλλους
1725 4286 2110 4360 θαυμάζουσιν,

453 4367 808 4442 ἀπατώμεναι
858 4376 938 4445 τῷ
986 4372 1294 4450 φιλοτέκνῳ
1338 4380 1440 4444 τῆς
1488 4373 1717 4452 φύσεωςο
1769 4374 1874 4451 ἐγὼ
1933 4372 1990 4429 δὲ
2043 4376 2112 4430 τὰ

454 4455 559 4531 ἐμὰ
589 4462 922 4534 γεννήματα,
948 4461 1078 4524 τοὺς
1111 4458 1314 4537 λόγους
1346 4463 1514 4541 φημὶ,
1549 4461 1807 4519 οὐδέποτε
1835 4463 2108 4538 ἠγάσθην,

455 4545 581 4602 οὐδὶ
612 4548 867 4625 ἐφίλησα.
901 4555 1006 4606 Νῦν
1041 4549 1098 4606 δὲ
1130 4549 1220 4606 διὰ
1246 4554 1346 4621 τήν
1391 4555 1488 4622 σήν
1545 4553 1841 4629 μαρτυρίαν
1887 4553 1976 4608 καὶ
2027 4553 2111 4608 τὲ-

453 4637 604 4704 θηπα
632 4639 721 4692 καὶ
754 4638 902 4717 φιλῶ
932 4641 1019 4696 καὶ
1055 4638 1540 4717 συναγκαλίζομαι.

2249 682 2338 732 est
2371 677 2611 745 thymus
2644 675 2834 730 acerbi
2871 680 2926 730 et
2961 676 3076 731 fere
3108 676 3332 731 nullius
3363 677 3561 734 odoris
3593 698 3608 747 ;
3642 679 3745 734 sed
3779 680 3910 750 apis

2249 767 2386 822 inde
2417 765 2612 821 mellis
2635 766 2822 820 fontes
2855 765 3070 820 haurit.
3105 767 3327 822 Pariter
3347 766 3532 838 igitur
3560 771 3618 823 et
3646 772 3711 824 tu
3741 784 3908 824 rosas

2251 873 2375 928 quae
2407 856 2562 926 apud
2598 855 2744 910 alios
2776 859 2915 910 sunt
2955 854 3234 926 despicis,
3283 860 3341 910 et
3388 873 3455 911 ex
3505 857 3654 914 meis
3704 858 3902 914 odoris

2249 945 2584 1016 expertibus
2615 943 2993 999 sermonibus
3024 948 3079 998 et
3121 945 3395 1000 cantibus
3441 949 3602 1002 tuam
3636 945 3902 1020 linguam

2250 1033 2556 1090 mellilicas
2587 1037 2644 1089 et
2675 1031 2964 1088 mellitum
2998 1033 3187 1088 rivum
3217 1034 3438 1090 educis.

2318 1214 2428 1269 Sed
2481 1213 2612 1269 vide
2665 1212 2936 1284 exempla
2983 1230 2996 1268 :
3051 1228 3243 1284 neque
3293 1213 3488 1282 aquila
3541 1214 3599 1269 in
3631 1218 3909 1271 noctuam

2247 1303 2790 1374 meditatur,neque
2817 1301 3086 1374 thymum
3123 1301 3252 1373 apis
3275 1301 3450 1371 colit;
3479 1304 3582 1358 sed
3614 1308 3906 1374 quantum

2248 1393 2305 1447 in
2338 1407 2399 1447 se
2431 1397 2523 1447 est
2549 1390 2650 1446 illa
2680 1391 2919 1462 quidem
2953 1391 3239 1474 intuetur,
3274 1390 3395 1450 hinc
3427 1408 3559 1447 vero
3593 1392 3904 1448 metitJlas

2245 1485 2307 1535 tu
2339 1495 2573 1552 quoque
2606 1480 2841 1536 imitare
2871 1483 2927 1534 et
2960 1479 3107 1535 meis
3140 1480 3332 1535 fruere
3350 1480 3728 1537 sermonibus
3759 1498 3907 1552 quo-

2247 1569 2356 1625 ties
2387 1569 2490 1624 tibi
2521 1568 2783 1624 libuerit.

2318 1659 2472 1717 Num
2505 1657 2855 1730 igiturhanc
2879 1674 3067 1714 meam
3087 1658 3396 1731 epistolam
3420 1659 3790 1730 praedicabis,
3809 1660 3903 1715 cui

2249 1748 2412 1804 nulla
2440 1748 2596 1804 inest
2622 1765 2730 1804 vox
2771 1747 3006 1818 eximia,
3051 1747 3218 1804 nulla
3265 1747 3554 1804 sententia
3603 1748 3900 1820 sublimis,

2248 1837 2410 1893 nulla
2441 1837 2586 1894 bene
2615 1841 2813 1909 aptata
2841 1836 3170 1893 connexio?

2323 1927 2418 1983 Vis
2449 1927 2632 1998 igitur
2661 1927 2832 1982 breve
2854 1927 3150 1998 quoddam
3174 1925 3281 1981 tibi
3317 1926 3703 1992 arridere,sed
3727 1925 3902 1998 longe

2250 2017 2405 2073 absit
2435 2017 2508 2072 ab
2532 2015 2737 2071 habitu
2773 2019 2831 2071 et
2856 2017 2978 2070 vita
3007 2014 3453 2070 monachorum.
3504 2018 3622 2086 Ego
3670 2031 3904 2086 quoque

2248 2106 2366 2162 tale
2397 2107 2690 2177 quoddam
2727 2106 2783 2159 in
2810 2105 3127 2175 juventute
3157 2109 3433 2176 expertus
3472 2121 3604 2159 sum
3636 2109 3695 2159 et
3723 2104 3904 2159 torvis

2248 2197 2433 2253 oculis
2461 2199 2667 2265 captus
2699 2211 2830 2250 sum
2864 2197 2921 2249 et
2949 2193 3142 2249 colore
3172 2209 3288 2248 non
3323 2193 3577 2248 multum
3627 2193 3901 2260 candido,

2247 2293 2303 2342 et
2333 2302 2513 2357 supra
2544 2289 2690 2339 bene
2746 2282 3018 2340 oculatus
3050 2288 3106 2337 et
3154 2298 3321 2338 roseo
3366 2282 3558 2338 colore
3604 2282 3892 2337 micantes

2245 2375 2562 2445 quamdam
2587 2372 2670 2427 ita
2689 2388 2752 2428 se
2774 2371 3088 2427 habentem
3117 2371 3328 2426 amavi.
3353 2371 3507 2426 Num
3533 2369 3678 2425 mihi
3701 2369 3899 2426 simile

2244 2463 2526 2536 quiddam
2547 2459 2869 2534 experiris?
2889 2459 3175 2514 Vidistiin
3199 2462 3438 2532 speculo
3464 2459 3669 2515 faciem
3694 2458 3900 2530 tuaran

2243 2554 2284 2609 E
2315 2558 2472 2608 terra
2501 2551 2654 2606 enim
2686 2556 2744 2606 et
2773 2551 2900 2622 ipse
2928 2549 3215 2605 formatus
3240 2565 3304 2604 es
3333 2549 3486 2604 sicut
3517 2564 3645 2620 ego.

2315 2643 2445 2697 Haec
2475 2657 2654 2697 servas
2682 2644 2796 2696 tute
2825 2639 3040 2712 linguae
3072 2642 3128 2694 et
3159 2655 3393 2694 manus.

2871 2757 3016 2814 VIII.
3049 2756 3260 2812 Eidem.

2309 2861 2512 2913 Nonne
2545 2856 2738 2911 bonus
2773 2871 2904 2910 sum
2938 2858 2996 2908 et
3044 2856 3304 2926 sapiens,
3355 2855 3549 2910 Caesar
3596 2857 3808 2908 natura
3837 2857 3896 2909 et

2239 2951 2435 3002 mente
2469 2943 3006 3017 incomparabilis?
3053 2943 3272 2999 Deinde
3321 2943 3616 3014 meipsum
3666 2942 3892 3014 ignoro,

2237 3053 2426 3107 neque
2479 3040 2651 3090 utens
2710 3032 2972 3104 speculo,
3027 3048 3214 3104 neque
3262 3030 3594 3104 recogitans
3641 3035 3897 3102 quantos

2235 3125 2419 3180 libros
2466 3123 2834 3180 revolverim.
2885 3122 2997 3178 Sed
3047 3122 3285 3193 quando
3350 3139 3486 3177 cum
3537 3120 3898 3193 sapientium

2236 3214 2474 3286 scriptis
2503 3230 2836 3282 conversor,
2870 3228 3062 3268 meam
3116 3211 3470 3282 sapientiam
3520 3227 3655 3266 cum
3687 3225 3893 3266 eorum

1762 3302 2119 3378 αῗσχόνομαι,

2243 3303 2523 3377 sapientia
2572 3319 2943 3374 comparans,
2996 3302 3300 3369 erubesco,
3333 3301 3472 3372 juro
3520 3316 3626 3372 per
3661 3317 3890 3357 sacram

2233 3399 2394 3449 tuam
2447 3392 2731 3462 animam,
2780 3397 2837 3446 et
2885 3390 3043 3447 velut
3091 3391 3331 3446 omnino
3373 3388 3618 3461 ignarus
3665 3405 3758 3445 me
3790 3391 3890 3446 ab-

2231 3483 2450 3538 scondo
2486 3500 2498 3549 ;
2532 3498 2667 3537 cum
2718 3485 2915 3537 autem
2968 3480 3084 3536 tuis
3135 3480 3206 3534 de
3255 3495 3347 3535 me
3395 3476 3751 3534 testimoniis
3782 3495 3882 3534 oc-

2229 3588 2422 3638 curro,
2456 3571 2573 3626 fere
2604 3569 2837 3625 divinus
2882 3585 3010 3624 esse
3042 3568 3187 3623 mihi
3234 3567 3453 3623 videor.
3502 3568 3585 3622 Tu
3637 3567 3878 3639 quidem

2230 3676 2393 3715 meas
2425 3659 2704 3732 epistolas
2735 3658 2918 3714 libros
2948 3658 3092 3713 facis
3125 3674 3138 3711 ε
3174 3673 3279 3728 ego
3329 3660 3524 3711 autem
3557 3659 3689 3711 tuas
3720 3655 3876 3712 litte-

2228 3766 2323 3803 ras
2355 3749 2571 3820 pectori
2607 3764 2735 3803 meo
2766 3747 3064 3818 insculpo,
3115 3751 3171 3802 et
3216 3745 3346 3818 lego
3397 3745 3786 3817 frequentius,
3821 3749 3880 3800 et

2227 3837 2518 3909 meipsum
2552 3837 2812 3892 admiror
2842 3841 2898 3891 et
2930 3851 3275 3907 persuasum
3308 3834 3494 3890 habeo
3524 3850 3616 3890 me
3646 3834 3880 3906 sapien-

2223 3931 2339 3982 tem
2375 3942 2528 3991 esse,
2559 3930 2616 3981 et
2645 3925 2716 3980 de
2747 3929 2849 3980 tuo
2879 3929 2936 3980 te
2964 3923 3305 3980 testimonio
3337 3922 3626 3978 collaudo.

2293 4106 2465 4160 Prius
2497 4107 2575 4160 ila
2607 4121 2723 4160 non
2757 4120 2849 4159 me
2881 4103 3193 4158 habebam.
3246 4102 3355 4156 Sed
3404 4101 3589 4157 simiae
3639 4101 3877 4172 quando

2222 4195 2463 4268 pariunt
2488 4200 2546 4250 et
2576 4197 2838 4250 recenter
2868 4198 3038 4248 natos
3089 4195 3359 4257 cernunt,
3406 4189 3712 4260 cupidines
3744 4189 3879 4246 illos

2221 4284 2564 4341 existimant
2604 4287 2660 4339 et
2709 4281 3209 4354 pulchritudinem
3260 4279 3572 4350 mirantur,
3621 4279 3879 4350 deceptae

2223 4371 2479 4429 naturali
2502 4373 2685 4445 prolis
2734 4388 2972 4438 amore;
3015 4387 3121 4442 ego
3169 4376 3367 4425 autem
3419 4386 3577 4426 meos
3633 4368 3872 4438 liberos,

2222 4479 2525 4519 sermones
2556 4462 3022 4534 dico,nunquam
3054 4460 3384 4516 admiratus
3404 4477 3875 4530 sum,nunquam

2221 4553 2610 4609 amavi.Nunc
2640 4569 2774 4608 vero
2808 4557 3046 4624 propter
3073 4551 3665 4608 tuumtestimonium
3691 4551 3873 4621 foveo,

2219 4659 2352 4698 amo
2385 4647 2440 4697 et
2467 4641 2807 4714 amplector.

526 4727 644 4780 ’Ίνα
697 4709 776 4782 δί’
815 4749 900 4784 σοι
971 4729 1060 4785 καὶ
1123 4709 1228 4786 ἀπο
1283 4709 1390 4786 τῶν
1424 4709 1694 4806 ’θεάτρων
1752 4732 2108 4810 φθέγξωμαιο

2295 4731 2367 4787 Ut
2398 4709 2593 4786 autem
2627 4731 2731 4786 tibi
2763 4729 2979 4800 aliquid
3011 4747 3040 4784 θ
3091 4728 3444 4802 spectaculis
3472 4729 3747 4797 afferam;
3782 4729 3874 4784 di-
3924 4786 3930 4792 ,

455 4814 584 4892 φασὶ
618 4815 710 4871 καὶ
760 4817 890 4881 τοὺς
939 4819 1205 4896 ἡνιόχους
1245 4822 1455 4898 ἀγνοεῖν
1505 4821 1572 4877 τὰ
1615 4819 1803 4877 πολλᾶ
1860 4819 1932 4877 ὧν
1979 4843 2112 4877 κατ-

455 4908 706 4979 ορθοῦσιν
768 4907 802 4976 ἢ
863 4907 1282 4984 ἁμαρτάνουσινο
1340 4911 1392 4964 οἱ
1442 4907 1500 4966 δὲ
1552 4905 1795 4986 ἀκριϐεῖς
1825 4918 1926 4981 τῆς
1957 4913 2111 4981 ἡνιο-

452 4995 676 5068 χήσεως
711 4995 910 5070 θεωροὶ
953 4994 1135 5052 ’ίσασιν
1185 4993 1428 5075 ἀκριϐῶς
1459 4999 1504 5054 εἰ
1560 4996 1895 5075 δημοχαρῆς
1944 5001 1972 5054 ὁ
2015 4997 2110 5054 Ἱπ-

449 5103 572 5150 πος,
607 5082 656 5137 εἷ’
689 5084 1064 5160 ἑτερόγναθος,
1100 5086 1149 5141 εἷ’
1200 5089 1275 5160 μὴ
1323 5089 1417 5142 τὸν
1466 5085 1634 5158 δεξιὸν
1689 5090 1717 5144 ὁ
1761 5091 1993 5166 ἡνίοχος
2031 5094 2112 5161 τῷ

460 5176 748 5245 καμπτῆρι
807 5174 1154 5248 προσήγαγεν
1188 5172 1222 5243 ἢ
1253 5178 1332 5246 τῷ
1373 5179 1517 5250 ζυγῷ
1565 5175 1693 5239 τοὺς
1734 5174 1939 5239 ’ίππους
1989 5197 2111 5230 συν-

457 5259 725 5331 ήρμοσεν.
758 5262 921 5324 ’Ἰσως
953 5263 1044 5315 οὖν
1078 5263 1232 5337 κάγὼ
1256 5263 1320 5317 τὰ
1348 5261 1536 5318 πολλὰ
1589 5270 1698 5319 τῶν
1729 5263 1875 5339 ἐμῶν
1909 5267 2108 5341 ἀγνοῶ’

457 5345 521 5400 σὺ
598 5345 656 5402 δὶ
735 5351 843 5405 ἄνω
921 5353 1234 5424 καθήμενος
1302 5351 1610 5426 ἀνακρίνοις
1668 5355 1756 5409 καὶ
1821 5353 2111 5416 διευθύνεις

456 5436 684 5506 ἅπαντα,
743 5439 843 5507 τὴν
895 5437 1127 5511 ἔννοιαν,
1179 5441 1280 5508 τήν
1335 5438 1502 5514 λέξιν,
1535 5443 1595 5496 τὸ
1626 5450 1840 5518 σχῆμα,
1873 5446 1970 5514 τὴν
2010 5444 2108 5517 μὲ-

457 5523 642 5593 θοδον,
672 5529 772 5596 τὴν
805 5529 1094 5602 ἁρμονίαν,
1121 5529 1212 5584 τὸν
1249 5528 1477 5605 ῥυθμὸν,
1506 5532 1606 5600 τὴν
1639 5532 1954 5590 ἀνάπαυσιν.

531 5614 670 5669 Φασὶ
733 5614 790 5671 δὲ
843 5617 934 5672 καὶ
1001 5621 1100 5688 τὴν
1164 5617 1365 5682 Πυθίαν
1417 5619 1775 5694 χρησμῳδεῖν
1833 5624 1927 5696 μὲν
1981 5621 2109 5683 τοὺς

459 5699 570 5790 ἄνω
631 5706 942 5780 χρησμοὺς,
1004 5709 1079 5782 μὴ
1132 5707 1448 5772 ἐπίστασθαι
1481 5706 1538 5764 δὲ
1567 5716 1672 5766 τῶν
1706 5717 1977 5790 χρησμῶν
2007 5713 2106 5781 τὴν

459 5789 720 5848 διάνοιανο
785 5792 912 5851 ἀλλ’
971 5798 1023 5851 οἱ
1053 5795 1352 5869 Ἕλληνες,
1383 5793 1736 5875 ἐκδεχόμενοι
1791 5801 1859 5857 τὰ
1893 5798 2110 5876 μαντεό·

2222 4821 2634 4893 cunt_aurigas
2667 4820 2935 4892 ignorare
2969 4817 3157 4874 multa
3187 4835 3254 4873 ex
3303 4818 3398 4872 his
3445 4834 3569 4888 quae
3596 4818 3740 4873 bene
3772 4821 3878 4874 aut

2223 4909 2376 4965 male
2407 4910 2629 4966 faciunt
2663 4927 2675 4964 :
2710 4907 2877 4980 periti
2909 4913 3105 4963 autem
3139 4907 3281 4962 artis
3311 4906 3491 4977 hujus
3513 4910 3876 4978 spectatores

2223 5000 2419 5054 sciunt
2448 4999 2666 5070 optime
2697 5002 2894 5052 utrum
2929 4995 3132 5051 docilis
3171 5011 3358 5065 equus
3409 5012 3482 5050 an
3532 4999 3874 5065 contumax,

2224 5094 2421 5141 utrum
2457 5087 2663 5160 auriga
2695 5104 2806 5142 non
2842 5087 3108 5140 dextrum
3142 5084 3212 5139 ad
3247 5089 3456 5139 metam
3491 5084 3872 5154 direxerit,an

2213 5176 2360 5248 jugo
2414 5193 2593 5247 equos
2643 5175 3022 5246 coaptaverit.
3077 5173 3297 5228 Pariter
3343 5173 3524 5245 igitur
3563 5177 3620 5228 et
3666 5189 3772 5244 ego
3804 5189 3874 5229 ex

2223 5266 2370 5320 meis
2395 5265 2649 5336 plurima
2681 5265 2918 5336 ignoro;
2945 5272 3001 5318 lu
3032 5280 3164 5317 vero
3205 5279 3384 5334 supra
3410 5263 3621 5318 sedens
3648 5263 3872 5333 dijudi-

2222 5370 2318 5409 cas
2349 5359 2407 5410 et
2435 5354 2702 5425 exploras
2735 5359 2965 5420 cuncta,
3001 5351 3874 5424 sententiam,dictionemﬁgu-

2219 5460 2366 5509 ram,
2404 5444 2767 5511 methodum,
2800 5441 3188 5511 harmoniam,
3230 5441 3575 5514 rhythmum
3609 5445 3667 5496 et
3714 5440 3873 5497 desi-

2219 5534 2504 5589 nentiam.

2290 5622 2503 5678 Dicunt
2532 5623 2706 5678 etiam
2741 5621 3006 5695 Pythiam
3036 5620 3340 5675 vaticinari
3389 5619 3626 5692 quidem
3675 5618 3872 5674 divina

2219 5710 2708 5780 oracula,nescire
2727 5715 2920 5766 autem
2955 5709 3324 5765 oraculorum
3352 5709 3864 5780 signiﬁcationem;

2221 5800 2325 5856 sed
2357 5799 2608 5871 gentiles
2637 5798 2912 5854 vaticinia
2943 5797 3869 5869 excipientes,interpretabantur
