4124 6412
307 444 458 503 H75

1639 437 2063 500 MICHAELIS
2106 437 2383 499 PSELLI

3563 446 3725 506 1176

299 582 356 635 et
380 573 967 634 conoiliabant.Talis
988 578 1044 630 et
1071 576 1135 630 tu
1157 573 1441 629 inveniris
1469 588 1637 630 meus
1667 573 1958 645 interpres

2086 592 2237 641 ιατα,
2298 571 2591 646 ἐξηγοῦντο
2649 570 2739 628 καὶ
2798 569 3171 646 συνεϐίϐαζον.
3224 580 3486 642 Τοιοῦτος
3524 574 3582 633 δὲ
3628 577 3723 633 καὶ

299 672 355 723 et
382 666 616 722 divinus
651 666 841 737 rcipsa
874 663 1325 720 Themistocles.
1374 664 1495 736 Ego
1544 663 1783 735 quidem
1825 679 1954 719 mea

2086 660 2125 714 rb
2173 661 2461 736 τυγχάνεις
2504 663 2532 716 ὁ
2563 662 2695 736 ἐμὸς
2725 661 2996 737 ἑρμηνεὺς
3038 666 3129 720 καὶ
3162 671 3307 731 θεῖος
3353 671 3433 739 τῷ
3478 668 3593 723 ὄντι
3625 674 3721 722 Θε-

300 757 538 812 oracula
584 757 813 828 ignoro,
868 759 930 809 tu
978 770 1115 810 vero
1158 770 1227 810 ea
1267 752 1578 826 intelligis,
1627 752 1856 809 extollis
1899 761 1956 809 et

299 863 500 902 eorum
531 844 765 899 miraris
798 841 1304 916 pulchritudinem
1330 845 1388 897 et
1409 840 1801 897 subtilitatem
1828 857 1842 908 ;
1874 842 1957 896 ita

299 941 362 991 ut
390 935 633 992 timeam
667 951 742 990 ne
771 938 990 991 sortem
1021 932 1283 988 Narcissi
1315 932 1597 1004 experiar.

369 1113 683 1171 Narcissus
714 1112 1058 1169 adolescens
1079 1116 1204 1168 erat
1224 1111 1386 1168 molli
1419 1112 1612 1168 nitens
1636 1110 1959 1183 pulchritu-

301 1204 458 1270 dine,
493 1206 592 1260 sed
624 1202 881 1259 maxime
912 1201 1162 1274 simplex
1187 1208 1242 1258 et
1270 1202 1493 1274 absque
1531 1200 1690 1256 omni
1723 1199 1955 1256 subtili-

300 1298 443 1349 tate.
494 1293 764 1360 Quadam
815 1292 909 1348 die
958 1293 1030 1347 ad
1087 1308 1375 1363 aquarum
1427 1292 1649 1347 fontem
1695 1290 1954 1357 veniens,

300 1399 476 1438 suum
507 1383 697 1455 ipsius
724 1382 953 1438 veltum
984 1381 1561 1447 intuetur.Nesciens
1593 1385 1789 1436 autem
1826 1395 1956 1435 esse

299 1472 521 1544 proprii
553 1472 815 1544 corporis
846 1472 1120 1544 ﬁguram,
1152 1488 1353 1527 amore
1383 1471 1619 1543 capitur
1646 1471 1774 1541 eius
1801 1468 1958 1541 quod

303 1563 507 1627 cernit,
542 1568 598 1617 et
626 1561 924 1617 existimat
951 1561 1387 1617 adolescentem
1438 1576 1569 1616 esse
1612 1576 1816 1615 verum
1848 1558 1959 1614 sub

305 1668 454 1721 aqua
481 1649 784 1706 latentem.
816 1651 942 1707 Non
973 1650 1155 1723 igitur
1182 1650 1321 1706 hinc
1352 1650 1516 1718 abiit,
1542 1650 1642 1706 sed
1676 1649 1960 1704 intuendo

303 1746 575 1796 mortuus
619 1745 739 1809 est;
808 1745 1082 1810 terraque
1126 1740 1285 1795 hunc
1353 1740 1634 1795 miserata
1680 1740 1883 1794 ﬂorem
1931 1754 1963 1793 θ

2066 749 2390 823 μιστοκλῆς.
2437 751 2601 827 Κάγὼ
2648 752 2742 825 μὶν
2789 752 2917 818 τοὺς
2965 753 3132 827 ἐμοὺς
3180 755 3469 832 χρησμοὺς
3516 757 3719 834 ἀγνοῶ,

2066 839 2128 894 σὺ
2160 838 2218 895 δὶ
2248 836 2546 917 ὶξακριόεῖς
2568 843 2818 917 τούτους,
2865 843 2956 899 καὶ
3004 844 3403 921 ὑψηλολογεῖς,
3452 844 3541 902 καὶ
3599 859 3724 911 θαυ-

2070 928 2256 1002 μάζεις
2314 932 2402 985 καὶ
2460 935 2558 986 τοῦ
2612 930 2855 997 κάλλους
2908 933 3000 989 καὶ
3050 941 3154 1004 τῆς
3203 933 3544 1007 δεινότητος’
3580 936 3723 992 ὥστε

2068 1016 2290 1075 ὃέδοικα
2321 1022 2397 1093 μή
2432 1020 2588 1076 πάθω
2616 1022 2679 1077 τὸ
2708 1027 2804 1078 τοῦ
2836 1024 3163 1099 Ναρκίσσου.

2137 1110 2200 1166 Ὀ
2276 1112 2577 1185 Νάρκισσος
2640 1114 2920 1188 μειράκιον
2994 1115 3062 1183 ἧν
3144 1112 3340 1171 κάλλει
3411 1111 3725 1189 διαλάμπον

2069 1194 2243 1273 ἀϐρῷ,
2273 1198 2689 1257 ἀπλοί’κώτατον
2744 1199 2803 1257 δὶ
2851 1202 2944 1257 καὶ
2993 1201 3307 1275 δεινότητος
3335 1203 3513 1276 πάσης
3548 1204 3722 1269 ἐκτός.

2070 1288 2175 1345 Καί
2203 1310 2337 1344 ποτε
2368 1290 2505 1364 πρὸς
2533 1292 2720 1367 πηγὴν
2781 1288 2987 1347 ὑδάτων
3044 1291 3228 1362 ἐλθὸν,
3283 1295 3346 1349 τὸ
3408 1296 3602 1350 ἑαυτοῦ
3649 1294 3730 1350 ὲν-

2070 1377 2381 1453 οπτρίζεται
2437 1379 2774 1456 πρόσωπον.
2824 1381 3130 1456 Ἢγνοηκὸς
3178 1378 3237 1437 δὲ
3291 1383 3374 1438 ὅτι
3429 1387 3527 1438 τοῦ
3583 1379 3726 1439 ἰδίου

2071 1468 2325 1541 σώματός
2357 1468 2497 1523 ἔστιν
2544 1471 2581 1538 ἡ
2643 1471 2786 1539 σκιὰ,
2845 1465 3023 1544 ἔρωτα
3080 1466 3351 1544 λαμϐάνει
3381 1476 3479 1528 τοῦ
3510 1473 3724 1550 ὁρωμέ-

2069 1578 2186 1614 νου.
2244 1559 2335 1613 καὶ
2397 1558 2552 1630 ᾠήθη
2613 1558 2695 1613 ὅτι
2757 1560 3037 1633 μειράκιόν
3066 1559 3206 1615 ἐστιν
3257 1560 3460 1632 ἀληθὲς
3485 1564 3725 1627 κρυπτό-

2075 1669 2234 1721 μενον
2297 1648 2400 1703 ὑπὸ
2429 1653 2529 1714 τῆς
2558 1656 2765 1725 πηγῆς.
2828 1648 2906 1707 Οὐ
2961 1650 3143 1706 τοίνυν
3200 1651 3403 1716 ἐκεῖθεν
3440 1651 3725 1730 ἀφίστατο,

2069 1736 2197 1793 ἀλλ’
2255 1739 2396 1814 ὁρῶν
2454 1736 2749 1809 ἐτεθνήκει.
2785 1738 2882 1794 Καὶ
2944 1742 2979 1810 ἡ
3039 1742 3115 1816 γῆ
3170 1745 3363 1796 τοῦτον
3392 1741 3725 1815 οἰκτείρασα,

302 1829 539 1903 proprio
594 1829 729 1885 sinu
782 1830 983 1885 eduxit
1029 1831 1299 1901 ejusdem
1357 1829 1636 1885 nominis.
1673 1829 1755 1887 Ne
1786 1829 1964 1901 igitur

2086 1825 2229 1890 ίνθος
2288 1825 2347 1881 ἐκ
2397 1831 2504 1882 τῶν
2565 1827 2780 1882 οἰκείων
2832 1828 3078 1903 Λαγόνων
3135 1829 3341 1907 ἀφῆκεν
3400 1831 3726 1905 ὁμώνυμον.

300 1919 427 1992 ipse
457 1936 702 1975 cernens
734 1936 928 1975 meam
979 1920 1340 1990 sapientiam
1388 1920 1447 1973 in
1501 1919 1739 1991 scriptis
1792 1924 1855 1973 ut
1900 1920 1960 1973 in

2086 1918 2159 1987 Μὴ
2218 1917 2398 1971 τοίνυν
2457 1916 2546 1972 καὶ
2594 1916 2754 1981 αὐτὸς
2787 1916 3005 1990 βλέπων
3031 1920 3131 1988 τὴν
3167 1906 3306 1992 ἰμήν
3338 1921 3532 1999 σοφίαν
3561 1920 3637 1983 ὡς
3670 1919 3724 1975 ἐν
3806 1906 3815 1912 ⁶

301 2007 564 2081 speculo,
600 2025 802 2065 amore
833 2009 953 2065 mei
984 2007 1170 2063 nimio
1201 2009 1404 2080 capiar
1434 2012 1492 2064 et
1512 2025 1644 2065 mea
1664 2009 1721 2064 in
1755 2008 1965 2064 umbra

2086 2004 2364 2081 κατόπτρῳ
2406 2011 2523 2068 τοῖς
2564 2007 2912 2083 γράμμασιν,
2959 2004 3136 2084 ἔρωτα
3194 2005 3427 2087 σφοδρὸν
3488 2008 3728 2084 ἕμαυτοῦ

305 2114 624 2171 exspirem.

375 2188 489 2244 Sed
521 2187 766 2243 confide.
802 2186 961 2242 Ixion
993 2191 1286 2243 Junonem
1320 2188 1640 2256 amabat,et
1670 2187 1963 2245 sibiillius

302 2278 363 2333 in
391 2282 581 2334 mente
603 2276 857 2349 efﬁgiem
890 2278 1142 2350 ﬁngens,
1174 2275 1427 2333 osculari
1458 2278 1573 2334 sibi
1603 2278 1914 2333 videbatur
1948 2295 1961 2333 :

304 2368 563 2440 quadam
591 2383 727 2422 vero
759 2367 851 2422 die
879 2366 1072 2438 ipsam
1106 2382 1373 2435 cernens,
1407 2367 1963 2438 seipsumiinsimu-

303 2455 445 2512 lavit
462 2465 742 2527 tanquam
767 2456 1269 2512 deformissimam
1283 2457 1539 2528 efﬁgiem
1560 2458 1959 2528 effingentem.

305 2546 371 2601 Et
401 2561 507 2617 ego
538 2545 739 2617 igitur,
770 2545 1005 2616 quando
1038 2550 1205 2602 tuam
1236 2546 1485 2619 inspicio
1506 2546 1962 2619 magnanimita-

301 2638 421 2689 tem
452 2640 511 2690 et
537 2633 869 2705 ingenium,
920 2651 1112 2691 meam
1164 2635 1416 2707 ﬁguram
1466 2636 1766 2701 deserens,
1798 2638 1962 2690 tuam

303 2722 809 2794 pulchritudinem
840 2724 1139 2793 admiror;
1175 2725 1345 2797 quasi
1367 2724 1509 2780 olim
1527 2729 1698 2780 tuum
1722 2740 1961 2781 caseum

302 2812 574 2877 miratus,
607 2829 765 2868 nunc
795 2818 931 2869 ante
961 2813 1238 2882 butyrum
1273 2819 1501 2885 stupeo.

375 2901 523 2957 Cum
554 2901 797 2973 regibus
828 2905 1027 2957 autem
1058 2901 1223 2957 nulla
1252 2901 1399 2957 mihi
1444 2903 1657 2975 cupido
1709 2902 1963 2959 multum

303 2990 675 3062 colloquendi
700 3007 716 3061 ;
745 2995 985 3063 propter
1008 2996 1065 3047 te
1094 3007 1228 3048 vero
1276 2993 1350 3048 ad
1377 2997 1650 3065 quartam
1684 2994 1962 3067 paginam

309 3081 623 3152 attingam.

378 3174 510 3227 Haec
540 3186 723 3228 servae
753 3174 868 3228 tua:
900 3187 1137 3228 manus.

967 3289 1056 3344 IX.
1081 3288 1292 3358 Eidem,

376 3386 589 3452 Quales
618 3390 754 3458 tua,
806 3404 839 3443 ο
888 3389 1099 3459 Caesar,
1151 3387 1536 3460 cogitationes
1569 3389 1582 3444 Ξ
1616 3389 1813 3461 qualia
1841 3396 1959 3448 tua:

308 3477 526 3533 mentis
559 3477 807 3533 consilia
835 3477 848 3532 ι
873 3477 1021 3533 duas
1042 3479 1192 3534 meis
1215 3477 1475 3533 fontibus
1497 3479 1782 3551 aperuisti
1800 3481 1963 3536 {istu-

313 3565 419 3635 las,
451 3570 519 3622 ut
548 3565 694 3621 mihi
744 3582 960 3638 aquam
1009 3570 1191 3622 totam
1243 3567 1597 3637 elfunderes,
1652 3573 1717 3624 ut
1765 3586 1962 3626 meum

303 3658 495 3710 totum
527 3654 869 3710 exhaurires
910 3657 1227 3711 ﬂuentum.
1283 3655 1504 3712 Deinde
1554 3673 1693 3712 num
1728 3658 1966 3731 ignoras

314 3760 409 3799 me
436 3743 857 3799 inexhaustum
888 3744 1105 3800 habere
1137 3745 1379 3814 fontem,
1412 3750 1470 3802 et
1489 3752 1777 3819 quantum
1810 3750 1968 3821 sugi-

310 3836 428 3901 tur,
459 3837 689 3888 tantum
716 3832 841 3889 vias
875 3832 1086 3906 aperiri
1117 3839 1174 3890 et
1202 3851 1378 3890 venas
1408 3835 1640 3892 dilatari
1672 3839 1744 3894 ab
1776 3839 1965 3894 abun-

312 3921 639 3977 dantiorem
656 3938 687 3977 e
708 3924 940 3995 gurgite
959 3923 1373 3995 proﬂuentiam
1396 3924 1424 3979 ?
1445 3925 1575 3982 Scio
1603 3932 1659 3982 te
1690 3927 1965 3984 subtilem

312 4027 442 4068 esse
467 4015 526 4067 et
554 4013 629 4068 ad
652 4028 889 4068 omnem
911 4013 1185 4069 virtutem
1207 4018 1403 4086 aptus,
1426 4014 1689 4087 velleque
1719 4016 1971 4072 occulta-

311 4102 523 4157 tamin
574 4117 667 4156 me
715 4101 1100 4173 margaritam
1150 4119 1404 4173 sumere,
1450 4108 1517 4159 ut
1561 4103 1725 4160 illam
1775 4106 1833 4160 in
1869 4110 1969 4161 tuo

315 4191 649 4248 diademate
678 4190 1005 4262 insculpas.
1042 4192 1130 4246 Tu
1161 4209 1295 4248 vero
1331 4192 1477 4248 mihi
1509 4210 1625 4250 non
1657 4193 1969 4262 unam,sed

317 4279 535 4337 multas
559 4280 687 4350 jam
731 4280 1079 4352 subripuisti
1109 4298 1122 4349 ;
1158 4284 1441 4353 majorem
1485 4287 1680 4338 autem
1735 4282 1969 4353 harum,

318 4374 373 4426 et
404 4368 596 4425 colore
623 4369 1140 4437 candidissimam,
1191 4371 1494 4443 ﬁguraque
1545 4372 1972 4444 praestantissi-

319 4475 478 4515 mam
527 4474 646 4513 non
693 4457 1193 4530 comprehendere
1260 4461 1502 4532 poteris.
1572 4461 1764 4516 llabeo
1816 4460 1973 4516 enim

318 4563 447 4605 eam
481 4548 541 4603 in
573 4548 789 4604 mentis
822 4549 978 4617 sinu,
1030 4566 1147 4620 quo
1197 4566 1315 4606 non
1367 4553 1675 4622 penetrant
1721 4550 1975 4606 furantis

2075 2090 2306 2167 λάϐοιμι
2335 2095 2427 2150 καὶ
2454 2099 2523 2169 τῇ
2557 2094 2665 2170 ἐμῇ
2694 2094 3014 2170 ἐναποψύξω
3045 2102 3189 2169 σκιᾷ.

2148 2184 2327 2240 Ἀλλά
2404 2184 2610 2262 Θάρρει.
2683 2186 2745 2242 Ὀ
2818 2186 2989 2256 Ἰξίων
3044 2185 3156 2261 ἤρα
3217 2193 3318 2258 τῆς
3368 2191 3563 2264 Ἥρας,
3611 2189 3727 2261 καὶ,

2073 2273 2326 2330 πλάττων
2405 2273 2462 2330 ἐν
2518 2278 2588 2348 τῇ
2646 2277 2801 2350 ψυχῇ
2856 2276 2919 2330 τὸ
2977 2275 3188 2348 ἐκείνης
3246 2274 3497 2346 ε’ίδωλον,
3552 2275 3728 2333 ἐδόκει

2070 2369 2234 2419 τοῦτο
2282 2363 2631 2433 ἀσπάζεσθαι·
2692 2361 2825 2419 ἰδὼν
2884 2361 2942 2419 δὲ
2981 2385 3115 2420 ποτε
3164 2365 3395 2436 ταύτην,
3451 2364 3728 2442 ἐμέμφετο

2073 2451 2260 2507 ἑαυτόν
2336 2452 2410 2514 ὡς
2482 2451 2879 2531 ἀμορφὼτατον
2949 2455 3392 2511 ἀναπλάττοντας
3467 2453 3723 2515 είδωλον.

2073 2542 2236 2617 Κάγὼ
2265 2540 2468 2612 τοίνυν,
2501 2540 2626 2596 ὅταν
2656 2541 2732 2605 εἷς
2792 2543 2855 2597 τὸ
2905 2544 2995 2598 σὸν
3057 2545 3399 2621 μγαλοφυές
3424 2540 3726 2600 ἀποϐλέπω

2072 2629 2164 2685 καὶ
2221 2628 2546 2707 περιδέξιον,
2598 2632 2698 2701 τήν
2733 2630 2871 2704 ἐμὴν
2921 2632 3352 2706 καταλιμπάνων
3414 2634 3590 2705 σκιὰν,
3627 2635 3728 2702 τὴν

2076 2719 2174 2787 σὴν
2207 2716 2408 2796 ἄγαμαι
2439 2719 2771 2795 ὡραιότητα·
2801 2721 2983 2797 ὥσπερ
3014 2720 3081 2793 δὴ
3101 2722 3273 2779 πάλαι
3308 2723 3600 2799 θαυμάζων
3628 2745 3726 2779 σου

2071 2809 2201 2871 τοὺς
2229 2808 2446 2885 τυροὺς,
2477 2814 2570 2865 νῦν
2605 2811 2985 2887 ὑπερηγάσθην
3009 2813 3072 2867 τὸ
3109 2813 3395 2888 βούτυρον.

2144 2903 2272 2961 Τοῖς
2316 2895 2373 2953 δὲ
2422 2921 2485 2975 γε
2535 2899 2853 2977 ἀνακτόροις
2902 2898 2965 2956 οὕ
3024 2924 3120 2976 μοι
3176 2900 3387 2972 σπουδὴ
3441 2897 3729 2978 παραϐάλ-

2074 2986 2190 3043 λειν
2245 2993 2484 3052 πυκνῶς’
2543 2986 2632 3045 διὰ
2686 2988 2745 3045 δὲ
2803 2991 2862 3046 σὲ
2912 2994 3049 3047 κατὰ
3093 2993 3194 3063 τήν
3250 2989 3482 3070 τετράδα
3525 2993 3716 3072 ἀφίξο-

2076 3099 2193 3150 μαι.

2141 3171 2250 3237 Τῆς
2282 3163 2544 3240 δουλικῆς
2575 3169 2667 3224 καὶ
2696 3170 2863 3225 ταῦτα
2894 3170 3103 3247 χειρός.

2697 3287 2771 3344 Θ’.
2796 3288 2892 3360 Τῷ
2920 3285 3087 3361 αὐτῷ.

2145 3384 2249 3441 Οἴα
2274 3404 2395 3452 σου,
2451 3389 2674 3459 Καῖσαρ,
2730 3384 2798 3441 τὰ
2826 3384 3216 3460 ἐνθυμήματαί
3267 3388 3355 3443 οἷα
3386 3385 3443 3443 δὲ
3482 3389 3551 3444 τὰ
3585 3389 3718 3466 βου-

2073 3470 2318 3546 λεόματα
2362 3478 2463 3542 τῆς
2502 3475 2725 3548 ψυχῆςί
2778 3474 2882 3529 Δύο
2931 3495 3024 3549 μοι
3052 3480 3172 3539 ταῖς
3203 3483 3409 3552 πηγαῖς
3463 3476 3720 3548 ἐξέτεινας

2075 3563 2319 3638 ἀγωγὰς,
2372 3559 2465 3616 ’ίνα
2526 3583 2630 3635 μου
2674 3561 2804 3618 ὅλον
2855 3563 3167 3641 ἐκφορήσῃς
3200 3565 3265 3621 τὸ
3295 3563 3463 3642 ὕδωρ,
3490 3564 3577 3621 ἵνα
3611 3588 3717 3640 μου

2074 3656 2246 3707 πᾶσαν
2315 3648 2689 3727 ἐκδαπανήσῃς
2755 3653 2856 3723 τήν
2932 3653 3142 3730 βρόσιν.
3208 3655 3339 3711 Εἶτα
3388 3652 3455 3725 δὴ
3513 3655 3729 3731 ἀγνοεῖς

2075 3740 2160 3795 ὅτι
2204 3739 2471 3795 άκὲνωτον
2515 3738 2630 3817 ἔχω
2681 3742 2744 3797 τὸ
2777 3744 2969 3818 ῥεῦμα,
2999 3744 3112 3817 καὶ,
3144 3743 3269 3800 ὅσον
3319 3742 3379 3800 ἂν
3435 3742 3731 3815 ἐκθηλάζοι

2074 3851 2178 3899 τις,
2234 3833 2491 3886 τοσοῦτον
2549 3829 2677 3894 τοὺς
2708 3831 2913 3908 πόρους
2943 3832 3246 3906 ἀναστομοῖ
3289 3832 3502 3898 καὶτὰς
3528 3828 3736 3908 φλέϐας

2079 3918 2287 3995 εὐρύνει
2341 3921 2477 3997 πρὸς
2523 3921 2623 3989 τήν
2689 3919 2749 3976 ἐκ
2797 3922 2996 3997 βάθους
3053 3923 3377 4000 ἀπορῥοήνς
3457 3920 3592 3981 Οἶδα
3649 3921 3736 3979 ὅτι

2081 4005 2250 4070 δεινὸς
2304 4010 2354 4063 εἷ
2399 4011 2491 4064 καὶ
2539 4011 2675 4086 πρὸς
2733 4016 2907 4065 πᾶσαν
2963 4011 3159 4086 ἀρετὴν
3217 4009 3523 4088 περιδέξιος
3555 4056 3571 4081 ,
3643 4011 3736 4067 καὶ

2084 4096 2270 4173 βούλει
2334 4098 2428 4153 τὸν
2487 4098 2921 4175 ἐγκεκρυμμένον
2980 4120 3076 4173 μοι
3137 4097 3476 4176 μαργαρίτην
3520 4094 3733 4169 λαϐεῖν,

2074 4186 2149 4241 'iv’
2204 4186 2517 4263 εγκολάψῃς
2548 4192 2742 4244 τοῦτον
2774 4188 2862 4244 ἐπὶ
2892 4193 2989 4244 τοῦ
3043 4193 3142 4244 σοῦ
3182 4186 3541 4263 διαδήματος.
3576 4187 3650 4244 Σὺ
3678 4186 3737 4244 δέ

2086 4297 2179 4350 μοι
2224 4274 2351 4331 οὐδὲ
2390 4275 2504 4345 ἓνα,
2563 4275 2710 4333 ἀλλά
2765 4277 3015 4341 πολλοὺς
3068 4276 3177 4349 ἤδη
3223 4277 3519 4357 κέκλοφας·
3550 4280 3643 4333 τὸν
3678 4275 3738 4333 δὲ

2082 4387 2146 4441 γε
2210 4364 2429 4440 μείζονα
2479 4366 2709 4441 τούτων,
2763 4367 2853 4422 καὶ
2907 4367 3234 4424 λευκότατον
3293 4368 3390 4441 μὶν
3445 4367 3528 4441 τῷ
3577 4368 3736 4444 χρώ-

2087 4476 2213 4529 ματι
2246 4455 2691 4533 περιφερὲστατον
2744 4453 2803 4511 δὶ
2843 4461 2922 4529 τῷ
2970 4459 3241 4533 σχήματι,
3284 4456 3346 4512 οὗ
3395 4453 3601 4531 δυνήσῃ
3647 4477 3742 4512 πε-

2085 4539 2354 4621 ριλαϐεῖν.
2406 4548 2565 4621 "Exue
2613 4546 2713 4622 γάρ
2761 4550 2952 4601 τοῦτον
3013 4546 3064 4602 ἐν
3119 4552 3236 4609 τοῖς
3291 4548 3555 4623 ψυχικοῖς
3601 4544 3735 4601 κόλ-

320 4655 555 4694 manus.
588 4638 737 4702 Quid
787 4655 881 4693 me
930 4638 1268 4712 ubicunque
1316 4638 1715 4706 circuscribis,
1774 4644 1829 4695 et
1858 4638 1965 4695 cir-

2086 4656 2237 4705 ποις,
2295 4634 2357 4689 οὗ
2401 4636 2477 4709 μὴ
2542 4636 2829 4712 φθάνουσιν
2886 4637 2941 4691 αἱ
2988 4630 3171 4712 χεῖρες
3227 4640 3324 4691 τοῦ
3378 4633 3736 4698 κλέπτοντος.

319 4727 611 4783 cumfodis
644 4727 1057 4784 circulariter?
1086 4727 1444 4785 inviolabilis
1469 4746 1601 4785 sum
1620 4730 1678 4784 in
1702 4728 1965 4784 doctrina

2086 4724 2147 4779 Τί
2197 4745 2262 4798 με
2327 4725 2685 4798 περικυκλθιῖς
2742 4724 3028 4799 πάντοθεν,
3082 4724 3172 4780 καὶ
3230 4725 3603 4802 περιορύττεις
3643 4724 3739 4780 κύ-

317 4816 619 4873 thesauro.
652 4816 949 4881 Quantum
981 4833 1011 4871 c
1043 4821 1217 4889 puteo
1248 4817 1647 4885 hauris,tanto
1678 4817 1977 4890 copiosius

319 4906 611 4963 ﬂuentum
643 4906 851 4971 efficis,
874 4906 1099 4962 Eximia
1129 4910 1324 4963 autem
1356 4912 1461 4963 tua
1491 4907 1629 4963 furti
1662 4906 1893 4980 peritia.

396 5175 491 5231 Sol
524 5174 783 5232 naturali
815 5174 1032 5231 virtute
1062 5180 1120 5232 et
1154 5177 1434 5234 facultate
1467 5177 1870 5235 calidissimus
1890 5182 1980 5235 est

325 5268 614 5321 extractor
645 5264 913 5320 humoris
945 5265 1387 5323 immensitatis.
1422 5266 1642 5323 Idcirco
1676 5268 1735 5322 in
1761 5285 1893 5323 vere
1924 5273 1982 5324 et

326 5357 525 5407 aestate
554 5353 724 5409 nobis
754 5353 1142 5426 propinquior
1172 5356 1360 5412 factus
1409 5355 1652 5411 attrahit
1701 5357 1979 5412 arborum

326 5440 656 5505 humorem,
687 5448 744 5497 et
790 5443 1122 5500 fructiferas
1170 5443 1303 5500 illas
1349 5444 1565 5500 efﬁcit:
1619 5462 1733 5501 non
1780 5449 1979 5500 autem

330 5529 555 5596 delegat
606 5529 759 5584 lunae
800 5533 1068 5587 eamdem
1116 5534 1472 5589 facultatem.
1524 5535 1610 5589 Tu
1663 5550 1800 5589 vero
1835 5532 1979 5588 mihi

331 5633 499 5672 meus
542 5618 629 5673 sol
682 5622 846 5674 tuam
898 5622 1099 5677 lunam
1150 5622 1569 5696 circumegisti,
1620 5629 1675 5679 et
1711 5624 1889 5695 jubes
1920 5629 1984 5677 ut

330 5706 555 5781 aliquid
588 5709 768 5766 etiam
801 5710 933 5782 ipsa
961 5729 992 5768 e
1024 5730 1151 5770 meo
1182 5715 1339 5770 fonte
1368 5714 1620 5772 hauriat.
1657 5714 1804 5781 Quid
1836 5713 1984 5769 mihi

333 5813 544 5855 caseus
574 5803 632 5855 et
662 5797 989 5871 butyrum?
1018 5801 1298 5858 illecebrae
1338 5809 1479 5860 sunt
1525 5804 1637 5861 ista
1683 5809 1743 5860 et
1788 5805 1985 5861 viscus

2087 4812 2307 4883 κλωσε;
2340 4811 2542 4877 ἄσυλός
2574 4812 2688 4888 εἷ’μι
2712 4814 2803 4869 τὸν
2828 4815 2929 4884 τῆς
2957 4815 3204 4891 γνώσεως
3248 4814 3539 4891 θησαυρόν.
3572 4815 3738 4871 Ὅσον

2089 4901 2366 4979 ἀπαρύττῃ
2418 4906 2517 4958 τοῦ
2586 4901 2837 4981 φρέατος,
2903 4907 3161 4959 τοσοῦτον
3239 4901 3649 4980 πλουσιώτερον
3709 4904 3739 4957 ὁ

2088 4997 2235 5065 νᾶμα
2289 4998 2486 5055 ποιεῖς.
2545 4994 2849 5071 Ὑπερφυής
2902 4989 2960 5049 δι
3017 5014 3113 5048 σου
3166 4993 3253 5048 καὶ
3315 4996 3351 5063 ἠ
3400 5000 3501 5063 τῆς
3523 4990 3744 5063 κλοπῆς

2085 5080 2256 5157 τέχνη
2267 5122 2280 5138 .

2162 5170 2219 5222 Ὃ
2257 5168 2421 5239 ¹ἥλιος
2472 5172 2672 5248 φυσικῇ
2718 5166 2942 5244 δυνάμει
2990 5171 3082 5227 καὶ
3131 5171 3417 5249 περιουσίᾳ
3474 5172 3741 5247 θερμότα-

2088 5282 2182 5325 τος
2221 5258 2472 5324 ἐλκτικός
2528 5258 2637 5314 ἐστι
2693 5263 2793 5330 τῆς
2821 5259 2870 5317 ἐν
2920 5264 2999 5334 τῷ
3060 5261 3209 5337 βάθει
3264 5263 3585 5339 ὑγρότητος.
3645 5261 3744 5316 Διὰ

2087 5354 2256 5405 ταῦτα
2282 5348 2440 5425 ἔαρος
2484 5350 2574 5403 καὶ
2624 5350 2815 5425 ϐἐρους
2862 5349 3183 5422 πλησιάζων
3232 5353 3369 5425 ἡμῖν
3403 5347 3615 5406 ἀνέλκει
3644 5351 3745 5418 τὴν

2092 5440 2144 5496 ἐν
2218 5445 2333 5501 τοῖς
2414 5435 2656 5514 δένδροις
2720 5436 2928 5513 ἰκμάδα
3000 5440 3090 5495 καὶ
3149 5434 3391 5517 ἔγκαρπα
3429 5440 3497 5495 τά
3549 5436 3745 5513 δένδρα

2092 5535 2259 5584 ποιεῖ’
2320 5529 2382 5583 οὐ
2444 5530 2552 5601 μήν
2585 5527 2855 5584 ἐπιτάσσει
2905 5530 2995 5584 καὶ
3024 5532 3092 5603 τῇ
3126 5528 3330 5605 σελήνῃ
3360 5530 3460 5598 τὴν
3486 5527 3745 5599 τοιαύτην

2093 5618 2387 5694 ἐνέργειαν.
2436 5618 2512 5672 Σὺ
2544 5616 2600 5674 δὲ
2651 5640 2742 5691 μοι
2776 5621 2804 5673 ὁ
2835 5618 2967 5691 ἐμὸς
3012 5617 3178 5688 ἥλιος
3225 5620 3315 5673 καὶ
3361 5619 3460 5688 τὴν
3508 5619 3606 5687 σὴν
3646 5637 3743 5671 πε-

2096 5708 2383 5785 ριέστησας
2440 5705 2694 5782 σελήνην,
2743 5709 2831 5763 καὶ
2890 5707 3197 5785 ἐπιτρέπεις
3250 5705 3345 5763 ’ίνα
3400 5729 3456 5764 τι
3482 5706 3572 5763 καί
3603 5706 3739 5776 αὖτὴ

2096 5797 2201 5853 ἀπὸ
2245 5804 2347 5867 τῆς
2378 5796 2517 5871 ἐμῆς
2547 5804 2733 5872 πηγῆς
2779 5796 3111 5873 ἀπαρόηται.
3168 5798 3229 5853 Τί
3287 5817 3382 5872 μοι
3437 5797 3529 5852 τὸν
3576 5799 3741 5874 τυρὸν
