4124 6380
341 495 493 554 11⁵77

1841 487 2272 550 EPISTOLfE.

3605 496 3762 555 1178

338 629 430 684 καὶ
485 627 546 682 τὸ
607 625 913 702 βούτυρον;
975 621 1318 696 δελεάσματα
1388 625 1556 678 ταῦτα
1611 622 1701 677 κιοὶ
1755 621 1856 694 ἷξοί
1909 624 1998 678 καὶ

2121 631 2168 683 et
2199 627 2368 694 retia,
2401 629 2464 682 ut
2495 642 2588 682 me
2617 629 2808 684 totum
2838 628 3037 700 capias
3067 633 3124 685 et
3153 628 3270 684 tuis
3296 628 3526 702 laqueis
3573 629 3760 687 invol-

341 719 510 792 πάγαι
573 715 742 788 εἰσὶν,
797 712 890 767 τίνα
949 734 1014 787 με
1071 711 1202 767 ὅλον
1261 714 1509 786 θηράσῃς
1567 713 1654 767 καὶ
1707 717 1822 774 τοῖς
1879 718 1994 774 σοῖς

341 805 700 884 περισφίγξῃς
762 801 1024 874 δικτύοις,
1083 802 1118 872 ἧ
1187 803 1370 879 ὥσπερ
1431 803 1586 877 ἰχθῦν
1648 801 1996 876 ὑπεξαγαγὼν

340 900 438 965 τῆς
500 893 797 964 θαλάσσης,
855 892 892 962 ἢ
946 891 1125 967 ὥσπερ
1179 893 1382 962 πτηνὸν
1446 891 1505 946 ἐκ
1531 895 1628 945 τοῦ
1655 890 1810 966 ἀέρος
1842 911 1998 944 κατε-

342 985 565 1062 νεγκών.
629 983 752 1039 Ἐπὶ
809 981 936 1046 τοὺς
990 979 1220 1058 ἄρκτους
1279 981 1366 1036 καὶ
1424 980 1552 1043 τοὺς
1584 979 1882 1056 παρδάλεις
1928 983 1997 1053 τῇ

347 1077 616 1152 θηρατικῇ
673 1073 842 1147 τέχνῃ
901 1093 997 1126 σου
1053 1076 1202 1147 χρῶ’
1259 1071 1358 1144 ἐμὲ
1416 1069 1473 1125 δὲ
1533 1071 1632 1125 οὐκ
1689 1070 1746 1124 ἂν
1804 1065 1997 1131 λάϐοις

343 1165 494 1232 ποτε,
551 1159 678 1218 οὐδὲ
737 1159 1140 1236 διασπαράξεις,
1202 1158 1326 1215 οὔτε
1350 1160 1524 1232 κυσὶν,
1579 1156 1702 1214 οὔτε
1754 1157 1996 1234 δόρασιν.

341 1258 455 1310 Ἵνα
499 1249 556 1308 δέ
615 1273 700 1306 σοι
727 1250 964 1322 τάληθὲς
997 1253 1126 1326 ἐρῶ·
1186 1251 1316 1312 ὅλος
1368 1249 1478 1325 ἐγώ
1537 1271 1620 1304 σοι
1667 1252 1996 1325 τεθήραμαι,

340 1341 430 1396 καί
483 1362 550 1414 με
597 1337 743 1416 ἔχεις
803 1339 854 1394 ἐν
915 1345 1033 1402 ταῖς
1093 1341 1306 1414 χερσὶν,
1358 1337 1609 1414 ἔμψυχον
1642 1339 1730 1394 καὶ
1761 1338 1866 1407 ἡδὺ
1900 1341 1996 1409 ονξ-

345 1451 511 1506 ραμα,
564 1430 654 1486 καὶ
687 1427 922 1490 λεαίνεις
981 1427 1032 1482 ἐν
1089 1435 1208 1492 τοῖς
1265 1427 1474 1498 ὀδοῦσι,
1529 1427 1744 1502 μᾶλλον
1779 1426 1833 1483 δὲ
1867 1427 1994 1482 ὅλον

344 1521 396 1575 ἐν
427 1524 496 1594 τῇ
541 1523 696 1595 ψυχῇ
750 1541 846 1574 σου
907 1518 1259 1594 συνείληφας.
1325 1519 1390 1578 Τί
1451 1521 1552 1595 γὰρ
1609 1519 1884 1595 ἀθήρατόν
1913 1539 2000 1573 σοι

341 1613 450 1666 τῶν
510 1608 656 1683 ἐμῶν
718 1607 990 1685 πέφυκεν;
1051 1611 1086 1678 ἡ
1145 1610 1340 1684 ψυχή;
1389 1611 1464 1682 μὴ
1524 1612 1685 1663 τοῦτο
1717 1607 1998 1670 εἷ’ποιτις’

345 1699 492 1756 ἀλλά
544 1697 858 1776 διαῤῥαγείη
914 1695 1248 1772 ψευδόμενος
1279 1719 1292 1732 ·
1343 1701 1378 1769 ἡ
1417 1697 1680 1773 γλῶσσας
1739 1697 1858 1753 ἰδού
1914 1719 1998 1753 σοι

344 1789 546 1860 ταύτην
607 1789 830 1844 ἐκτείνω
899 1789 952 1843 ἑν
1000 1787 1208 1864 λόγοις,
1271 1788 1322 1844 ἐν
1380 1787 1716 1858 ἐπιστολαῖς,
1775 1787 1828 1844 ἐν
1873 1810 2000 1862 συγ-

343 1879 684 1955 γράμμασιν
747 1878 794 1932 εἰ
854 1876 910 1932 δὲ
967 1877 1177 1954 βούλει,
1210 1879 1297 1934 καὶ
1349 1879 1513 1951 τέμνε
1559 1879 1646 1934 καὶ
1709 1879 2002 1953 σπάραττε·

2105 715 2322 787 vas,ve1
2356 721 2422 772 ut
2453 716 2676 789 piscem
2709 733 2738 772 θ
2771 717 2918 773 mari
2949 719 3230 784 educens,
3252 717 3339 774 vel
3375 723 3438 774 ut
3467 719 3763 774 volucrem

2107 821 2176 860 ex
2199 823 2330 862 aere
2353 805 2746 862 dimittens.In
2773 823 2943 862 ursos
2964 811 3019 861 et
3044 807 3362 878 pantheras
3387 807 3764 864 tuavenatica

2109 901 2232 952 arte
2253 900 2451 964 utere;
2485 913 2575 952 me
2597 903 2793 952 autem
2819 913 3122 968 nunquam
3161 897 3355 968 capies
3379 901 3434 952 et
3457 913 3761 970 nunquam

2109 985 2462 1042 dilacerabis
2484 1003 2674 1058 neque
2693 987 2942 1042 canibus
2967 1001 3156 1057 neque
3178 985 3410 1041 telis.Ut
3441 991 3636 1043 autem
3656 985 3767 1040 tibi

2107 1091 2242 1130 vera
2273 1076 2496 1144 dicam;
2530 1079 2692 1131 totus
2725 1092 2830 1148 ego
2863 1081 2980 1131 ate
3011 1080 3220 1146 captus
3251 1091 3408 1144 sum,
3454 1079 3512 1130 et
3560 1092 3654 1130 me
3705 1075 3764 1129 in

2110 1164 2385 1220 manibus
2415 1165 2620 1233 habes,
2643 1166 2934 1222 viventem
2968 1169 3026 1220 et
3045 1164 3376 1235 jucundam
3407 1165 3687 1235 praedam,
3713 1169 3772 1218 et

2109 1254 2388 1310 dentibus
2413 1254 2688 1320 dilanias,
2716 1255 2836 1310 imo
2880 1272 3016 1311 vero
3065 1258 3256 1310 totum
3307 1253 3366 1308 in
3419 1259 3614 1310 mente
3663 1259 3767 1308 tua

2110 1343 2583 1414 comprehendis.
2616 1345 2764 1408 Quid
2797 1345 2952 1400 enim
2989 1359 3256 1399 meorum
3289 1342 3395 1398 tibi
3432 1359 3549 1398 non
3603 1342 3772 1398 facile

2110 1436 2282 1502 captu
2317 1437 2508 1504 potest
2538 1433 2712 1488 esse?
2745 1451 2816 1488 an
2853 1436 3060 1488 mens?
3090 1449 3162 1488 ne
3193 1431 3326 1504 quis
3355 1431 3414 1486 id
3449 1433 3628 1502 dicat,
3669 1433 3768 1488 sed

2109 1522 2306 1592 potius
2335 1522 2746 1594 disrumpatur
2793 1523 3167 1590 mentiendo;
3221 1539 3294 1576 an
3337 1520 3592 1594 lingua?
3641 1536 3773 1576 ecce

2113 1610 2216 1667 tibi
2246 1611 2408 1666 illam
2441 1611 2670 1683 praebeo
2700 1611 2760 1666 in
2786 1611 3000 1679 verbis,
3033 1610 3324 1682 epistolis,
3359 1609 3598 1681 scriptis
3651 1625 3664 1665 :
3722 1608 3772 1664 si

2112 1717 2244 1758 vero
2279 1701 2444 1769 velis,
2481 1701 2633 1756 hanc
2665 1717 2798 1758 seca
2828 1705 2886 1756 et
2915 1700 3170 1756 dilacera
3204 1717 3218 1754 :
3253 1717 3326 1755 an
3360 1699 3618 1756 manus?
3669 1699 3772 1754 sed

2111 1789 2220 1846 tibi
2253 1791 2674 1846 ministrabant
2701 1794 2758 1846 et
2784 1789 2910 1846 istae
2943 1789 3203 1862 plurima
3231 1793 3290 1844 et
3319 1789 3578 1844 maxima
3598 1803 3774 1844 enco-

2115 1881 2266 1949 mia;
2299 1897 2372 1936 an
2401 1881 2580 1952 pedes
2600 1880 2627 1934 ?
2659 1881 2760 1935 sed
2793 1881 3074 1951 insequar
3103 1883 3171 1934 te'
3193 1894 3546 1949 quocunque
3573 1877 3772 1933 volue-

343 1971 398 2024 αἱ
457 1974 680 2045 χεῖρες;
761 1967 908 2024 ἀλλᾶ
983 1966 1370 2039 διακονήσουσί
1440 1989 1524 2022 σοι
1578 1967 1666 2023 καὶ
1725 1967 1881 2023 αὗται
1937 1967 2004 2022 τὰ

421 2057 522 2073 κς.
659 2059 672 2073 .
867 2055 908 2073 ,κ
1014 2057 1027 2073 ς
1133 2059 1142 2073 ,
1352 2059 1364 2073 .
1459 2056 1505 2073 ..ι
1655 2054 1850 2073 ﬁ“...
1993 2057 2002 2073 .

2121 1971 2216 2038 ris,
2250 1971 2312 2026 in
2343 1970 2614 2038 collibus,
2647 1969 2706 2025 in
2739 1971 2956 2042 planis,
2991 1970 3050 2024 in
3081 1968 3426 2024 summitate
3455 1966 3775 2030 montium,

342 2057 532 2114 πολλὰ
588 2059 676 2114 καὶ
743 2055 958 2133 μεγάλα
1009 2057 1282 2132 ἐγκώμια·
1319 2059 1370 2112 οἱ
1401 2056 1564 2120 πόδες
1593 2078 1608 2128 ;
1643 2056 1766 2114 ἀλλ’
1802 2054 2004 2132 ἕψομαί

343 2170 430 2203 σοι
491 2147 600 2218 ὅπη
660 2169 744 2202 σοι
797 2145 1094 2224 βουλητὸν,
1149 2147 1202 2200 ἐν
1232 2146 1516 2224 γελόφοις,
1551 2147 1602 2202 ἐν
1632 2145 1916 2223 γηπὲὃοις,
1949 2147 2000 2201 ἐν

341 2237 526 2312 ὕψεσιν
589 2239 756 2313 ὁρῶν,
809 2235 862 2291 ἐν
925 2237 1114 2312 βάθεσι
1171 2238 1297 2312 γῆς.
1357 2236 1550 2299 Οὕτως
1595 2235 1742 2312 ἔχεις
1775 2259 1842 2310 με
1874 2237 2003 2293 ὅλον

345 2323 554 2386 λαϐών.
596 2326 754 2384 Ἀλλ’
803 2324 903 2401 ὅρα
963 2328 1040 2399 μὴ
1101 2325 1412 2398 πλεονεξίαν
1455 2327 1484 2382 ὁ
1536 2324 1878 2388 δικαιότατος
1908 2325 2004 2400 ἐγ-

343 2414 578 2489 κληθῇς.
641 2415 896 2488 Σήμερον
955 2413 1058 2488 γὰρ
1109 2415 1144 2482 ἡ
1205 2413 1540 2489 Καισάρισσά
1600 2434 1666 2486 με
1707 2415 2002 2488 τεθήρακεν

347 2505 530 2580 ὥσπερ
592 2502 803 2560 δελέατι
876 2507 1026 2580 τυρῷ
1083 2505 1174 2557 καὶ
1237 2504 1528 2578 ἀρτιπαγεῖ
1573 2502 1842 2576 γάλακτι.
1905 2504 2004 2558 Καὶ

347 2594 452 2671 γὰρ
516 2597 774 2670 θηρῶμαι
833 2591 1051 2654 τούτοις
1113 2593 1186 2653 ὡς
1239 2590 1464 2662 ἀληθῶς
1514 2593 1604 2646 καὶ
1639 2591 1833 2666 λίχνος
1889 2591 2005 2666 εἷμὶ

345 2685 408 2739 τὸ
469 2685 688 2760 βρῶμα,
742 2681 855 2750 καὶ,
888 2682 1049 2751 ἡνίκα
1103 2679 1204 2736 ἴδω
1227 2683 1290 2736 τὸ
1319 2683 1625 2758 γνώρισμα,
1661 2681 1817 2745 εὐθὺς
1847 2701 2000 2756 περι-

351 2773 528 2848 χαίνω
576 2771 668 2827 καὶ
734 2772 796 2826 τὸ
847 2773 1138 2846 ἄγκιστρον
1187 2769 1490 2847 περιπείρει
1546 2791 1612 2843 με
1667 2771 1757 2826 καὶ
1811 2771 2008 2848 ἀναρτᾷ

353 2883 420 2935 με
465 2861 526 2916 ἐκ
550 2866 648 2917 τοῦ
699 2860 926 2934 λαιμοῦ,
979 2861 1072 2928 Μὴ
1127 2860 1306 2916 τοίνυν
1373 2881 1478 2932 μου
1526 2858 1888 2935 διασπαράξῃς
1913 2862 2004 2916 τὸν

356 2949 546 3024 λόγον,
603 2949 638 3018 ἢ
703 2947 922 3022 μᾶλλον
987 2949 1064 3022 μὴ
1125 2947 1446 3027 σφετερίσῃς
1498 2947 1636 3019 ὅλην
1689 2950 1786 3018 τὴν
1817 2951 2003 3023 ἄγραν·

358 3037 506 3093 ἀλλὰ
535 3035 776 3103 ὃιέλεσθὲ
829 3060 926 3112 μοι
953 3039 1052 3108 τὴν
1083 3041 1252 3110 θήραν
1299 3034 1623 3116 ἀμφότεροι.
1676 3038 1774 3093 Καὶ
1807 3038 1870 3094 σὺ
1911 3040 2005 3112 μὲν

350 3128 566 3194 καὶτῆς
599 3127 804 3190 ἐννοίας
851 3127 1124 3204 ἆπογεύσῃ
1176 3129 1264 3182 καὶ
1307 3131 1407 3193 τῆς
1457 3127 1675 3199 λέξεως·
1732 3132 1801 3202 τῇ
1859 3127 1916 3184 δά
1945 3151 2008 3204 γε

347 3215 458 3290 ἐμῇ
491 3213 768 3274 δεσπότιδι
815 3213 1112 3290 μεταδίδου
1166 3222 1272 3272 τῶν
1331 3219 1430 3286 τῆς
1471 3216 1772 3286 ἐπιστολῆς
1802 3217 2010 3292 νοημά-

347 3327 484 3382 των,
536 3307 629 3362 ἳνα
689 3328 782 3380 μοι
814 3307 905 3362 καὶ
937 3306 1072 3376 αὕτη
1112 3307 1358 3382 μετάσχῃ
1385 3313 1485 3376 τῆς
1516 3311 1624 3362 τῶν
1657 3305 1838 3382 λόγων
1868 3304 2004 3382 γλυ-

2111 2061 2172 2116 in
2205 2065 2372 2116 terra:
2399 2061 2762 2133 gurgitibus.
2798 2059 2884 2115 Ita
2913 2063 3104 2114 totum
3137 2073 3232 2114 me
3279 2061 3518 2128 captum
3569 2056 3774 2110 habes.

2112 2151 2224 2206 Sed
2292 2167 2430 2205 cave
2488 2167 2560 2206 ne
2615 2149 2872 2204 avaritiae
2931 2147 3314 2218 justissimus
3379 2145 3765 2202 insimuleris.

2113 2239 2296 2295 Hodie
2365 2241 2522 2296 enim
2572 2238 2889 2294 Caesarissa
2940 2254 3031 2293 me
3079 2241 3290 2292 venata
3353 2241 3444 2291 est
3491 2240 3774 2305 tanquam

2113 2329 2394 2384 illecebra
2455 2345 2625 2384 caseo
2675 2333 2732 2384 et
2779 2343 2984 2382 recens
3045 2342 3251 2398 presso
3317 2323 3488 2380 lacte.
3539 2324 3774 2380 Etenim

2115 2423 2324 2490 captus
2353 2434 2484 2474 sum
2517 2417 2650 2474 istis
2683 2421 2969 2482 revera,et
3003 2415 3210 2471 avidus
3241 2431 3372 2470 sum
3405 2415 3782 2482 ciborum,‘,et

2117 2513 2184 2562 ut
2212 2508 2379 2563 video
2413 2524 2534 2564 rem
2567 2507 2870 2575 eximiam,
2901 2505 3104 2562 statim
3137 2521 3237 2562 ore
3265 2504 3430 2560 inhio
3456 2509 3514 2558 et
3561 2504 3777 2558 hamus

2117 2613 2212 2653 me
2243 2599 2456 2670 pungit
2484 2603 2542 2652 et
2569 2595 2810 2668 gutture
2837 2611 3195 2667 suspensum
3228 2597 3404 2649 tenet.
3459 2597 3542 2648 Ne
3595 2592 3782 2664 igitur

2117 2703 2314 2742 meum
2349 2703 2680 2742 sermonem
2714 2685 3023 2752 dilaceres,
3045 2683 3134 2740 vel
3164 2683 3358 2755 potius
3391 2699 3465 2738 ne
3514 2683 3772 2753 praedam

2115 2781 2303 2832 totam
2335 2779 2500 2831 tuam
2533 2774 2735 2842 facias;
2765 2775 2868 2830 sed
2899 2773 3044 2828 mihi
3077 2773 3251 2828 ambo
3282 2772 3654 2828 venationem
3690 2771 3774 2824 di-

2117 2865 2414 2920 vidite.Tu
2445 2865 2686 2936 quidem
2719 2863 3074 2935 coigtatione
3121 2867 3179 2918 et
3225 2860 3480 2916 dictione
3527 2859 3775 2927 frueris;

2118 2971 2259 3010 mea
2292 2961 2487 3011 autem
2523 2955 2771 3010 dominae
2803 2953 2998 3008 tribue
3029 2951 3288 3024 epistolae
3321 2949 3670 3016 ententias,
3714 2954 3782 3004 ut

2118 3043 2264 3100 mihi
2294 3049 2352 3098 et
2383 3044 2514 3114 ipsa
2545 3043 2841 3115 particeps
2881 3043 2985 3096 tiat
3035 3055 3376 3096 sermonum
3433 3037 3778 3104 suavitatis;

2117 3137 2175 3188 et
2195 3131 2512 3203 voluptatis
2534 3132 2724 3202 gratia
2745 3130 2964 3202 saepius
2987 3145 3080 3185 me
3114 3128 3312 3184 venari
3351 3125 3512 3182 velit.
3545 3125 3783 3182 Gaudeo

2117 3222 2277 3278 enim
2308 3238 2444 3278 cum
2477 3237 2580 3276 vos
2607 3236 2702 3276 me
2730 3224 3058 3288 venantur;
3091 3235 3194 3274 vos
3217 3217 3376 3273 enim
3401 3215 3578 3272 verba
3601 3231 3784 3270 vacua

2117 3317 2176 3366 et
2205 3310 2464 3366 volantia
2492 3311 2552 3364 in
2587 3308 2864 3366 manibus
2895 3307 3148 3376 habetis,
3181 3321 3288 3378 ego
3318 3321 3450 3361 vero
3500 3305 3780 3376 butyrum

348 3396 602 3467 κύτητος·
663 3396 752 3450 καὶ
801 3399 903 3461 τῆς
958 3393 1165 3466 ἡδονῆς
1221 3397 1378 3452 ἓνεκα
1418 3396 1693 3459 πολλάκις
1743 3417 1810 3470 με
1839 3399 2006 3472 θηρᾷν
2041 3385 2084 3450 C
2125 3403 2182 3456 et
2211 3417 2434 3456 caseos.

357 3485 640 3561 βούλοιτο.
675 3486 864 3561 Χαίρω
897 3486 996 3560 γὶρ
1031 3487 1355 3563 θηρώμενος
1385 3494 1512 3562 παρ’
1547 3489 1718 3560 ὑμῶν·
1757 3487 1913 3562 ὑμεῖς
1938 3487 2036 3563 γὰρ
2079 3487 2280 3564 λόγους
2313 3487 2504 3550 κενοὺς
2537 3487 2626 3544 καὶ
2657 3487 2980 3562 πτερόεντας
3013 3483 3063 3538 ἐν
3095 3489 3213 3546 ταῖς
3247 3481 3433 3558 χερσὶν
3459 3477 3633 3557 ἔχετε,
3668 3480 3774 3557 ἐγὼ

353 3573 414 3631 δί
449 3574 690 3652 βούτυρα
721 3575 812 3630 καὶ
843 3577 1062 3652 τυρούς.

985 3703 1040 3757 1'.
1075 3705 1171 3774 Τῷ
1201 3703 1375 3776 αὐτῷ.

427 3791 729 3868 Ἔγραψας,
785 3791 830 3847 εἶ
885 3790 973 3846 καὶ
1027 3793 1103 3864 μὴ
1165 3795 1234 3865 τῇ
1269 3793 1439 3868 χειρὶ,
1473 3789 1620 3847 ἀλλὰ
1646 3795 1713 3866 τῇ
1748 3795 1926 3867 ψυχῇ.
1953 3793 2010 3845 Ὀ

354 3881 456 3958 γὰρ
492 3883 778 3959 χαρακτὴρ
808 3883 1092 3958 γνώριμος
1137 3881 1227 3935 καὶ
1288 3877 1532 3957 ἀκριϐῶς
1591 3881 1906 3954 εἷ’κασμένος
1935 3881 2011 3944 εἷς

355 3971 420 4025 τὸ
449 3971 832 4046 πρωτότυπον.

429 4063 563 4116 Εἶτα
622 4059 674 4116 ἐν
729 4065 808 4133 τῷ
865 4061 939 4133 μή
975 4058 1350 4133 ἐμπιπλᾶσθαί
1381 4079 1438 4114 σε
1465 4063 1574 4114 τῶν
1604 4057 1750 4128 ἐμῶν
1801 4057 2009 4134 λόγῶν,

362 4147 502 4222 μηδέ
555 4151 904 4225 κορὲννυσθαι
953 4155 1054 4218 τῆς
1105 4147 1335 4220 τούτων,
1397 4149 1470 4210 ὡς
1514 4149 1758 4227 γράφεις.
1807 4147 2012 4224 γλυκύ-

353 4259 540 4309 τητος,
593 4239 750 4294 αὐτοὶ
798 4243 1094 4312 καθιοῦμεν
1155 4237 1605 4314 ἀνθολογοῦντες,
1657 4239 1772 4308 ἀεὶ,
1830 4239 2010 4314 ὥσπερ

357 4329 410 4383 αἱ
467 4327 742 4402 μέλισσαι,
791 4329 1009 4398 καίτῆν
1069 4332 1166 4382 τοῦ
1220 4327 1448 4400 μελιτος
1505 4327 1748 4404 ἐργασίαν
1797 4327 2011 4405 ἐξεργα-

361 4419 601 4492 ζόμενοι·
641 4417 767 4474 ἀλλ’
795 4419 840 4472 εἰ
871 4418 962 4473 καὶ
992 4421 1026 4488 ἡ
1064 4417 1304 4481 θάλασσα
1333 4417 1431 4473 οὐκ
1479 4415 1621 4472 ἔστιν
1654 4415 2012 4491 ἐμπιπλαμέ-

357 4529 449 4579 νη,
482 4509 622 4563 κατά
661 4508 756 4564 τὸν
803 4507 1062 4583 εἰρηκότα
1111 4507 1299 4586 σοφὸν,
1353 4509 1569 4562 πάντων
1607 4511 1717 4562 τῶν
1747 4513 2007 4581 ποταμῶν

361 4597 438 4660 εἷς
469 4599 636 4668 αὑτὴν
673 4597 1157 4676 ἆπερῥευγομένων
1191 4597 1256 4652 τὰ
1301 4596 1562 4672 ῥεύματα,
1611 4595 1738 4652 ἀλλ’
1771 4597 1875 4651 ἀπὸ
1903 4601 2011 4652 τῶν

365 4687 503 4764 ὀρῶν
538 4687 619 4742 ἀεὶ
650 4692 942 4763 προχεῖται
973 4687 1041 4742 τὰ
1072 4687 1284 4759 νάματα
1330 4687 1417 4741 καὶ
1443 4688 1506 4741 τὸ
1535 4693 1634 4756 τῆς
1669 4685 1830 4762 ὑγρᾶς
1883 4685 2010 4741 ἀκό-

364 4798 552 4854 ρεστον
586 4777 694 4852 οὐχ
723 4777 846 4848 ἱστᾷ
871 4781 982 4832 τῶν
1012 4781 1274 4850 ποταμῶν
1303 4777 1404 4846 τὴν
1435 4777 1624 4853 φοράν.

436 4867 505 4924 Οἱ
565 4867 660 4939 μὲν
719 4865 808 4921 οὗν
875 4867 1160 4936 Ἀθηναῖοι
1223 4865 1393 4921 πάλαι
1463 4867 1565 4920 ὑπὸ
1632 4869 1730 4920 τοῦ
1797 4865 2020 4940 Δαρείου

363 4957 500 5012 κατὰ
571 4957 670 5026 τὴν
743 4953 965 5030 ἤπειρον
1029 4953 1471 5030 πολεμούμενοι,
1530 4956 1619 5010 καὶ
1677 4955 2022 5019 ἀνθίστασθαι

364 5045 502 5122 πρὸς
550 5045 646 5109 τὰς
705 5041 962 5120 χιλιάδας
1016 5043 1221 5100 ἐκείνου
1263 5043 1353 5099 καὶ
1390 5041 1656 5120 μυριάδας
1692 5045 1766 5118 μή
1803 5043 2020 5121 ἐξισχύ-

368 5156 538 5205 οντες,
597 5133 886 5190 ἂπένευσαν
943 5133 1019 5196 εἰς
1077 5135 1178 5203 τὴν
1212 5131 1511 5204 θάλασσαν,
1566 5135 1653 5189 καὶ
1686 5133 1838 5190 ναυσὶ
1875 5153 2020 5211 χρη-

369 5225 594 5298 σάμενοι
635 5225 734 5294 τὴν
792 5223 1063 5300 σωτηρίαν
1110 5221 1422 5280 διαπόντιον
1483 5220 1738 5300 εὕραντο·
1801 5221 1904 5299 ἐγὼ
1965 5221 2022 5279 δὲ

367 5315 473 5370 ποῦ
519 5315 717 5392 φύγω;
764 5317 864 5370 ποῖ
907 5311 1202 5386 τράπωμαι
1234 5335 1246 5382 ;
1279 5315 1540 5378 πάντοθεν
1600 5315 1791 5390 πάγαι,
1825 5312 2024 5368 πάντο-

369 5407 455 5459 θεν
523 5405 787 5478 θήρατρα.
847 5401 1119 5460 Ἐκκλίνω
1172 5403 1310 5478 πρὸς
1351 5407 1487 5479 γῆνο
1548 5401 1676 5458 ἀλλ’
1745 5403 1900 5465 εὐθύς
1955 5425 2022 5476 με

367 5497 597 5568 οηρᾶται
645 5493 711 5547 τὰ
763 5489 1019 5568 βούτυρα,
1081 5491 1375 5564 ἀποτέμνει
1442 5515 1536 5566 μοι
1567 5494 1667 5561 τήν
1704 5489 1828 5547 ὁδὸν
1860 5493 1927 5547 τὰ
1957 5494 2023 5548 σὰ

369 5583 603 5655 ποίμνια
658 5581 748 5636 καὶ
812 5578 1077 5655 βουκόλια
1113 5627 1124 5638 .
1183 5579 1480 5656 Ἐκδράμω
1539 5583 1676 5658 πρὸς
1729 5579 2018 5645 θάλασσαν·

374 5671 519 5729 ἀλλὰ
570 5667 730 5748 βαϐαὶ
762 5677 862 5738 τῆς
913 5675 1020 5725 τῶν
1078 5669 1282 5746 ἰχθύων
1337 5677 1504 5749 φορᾶς
1534 5673 1546 5728 l
1580 5671 1740 5733 αὐτός
1772 5693 1865 5744 μοι
1895 5671 2020 5727 τού-

371 5783 480 5816 των
543 5763 570 5816 ὁ
627 5761 911 5836 κράτιστος
945 5759 1149 5830 ἀπαντᾷ
1175 5759 1434 5836 τύραννος
1464 5760 1554 5816 καὶ
1616 5757 1734 5815 δυσῖ
1795 5759 2023 5825 κύκλοις

375 5845 774 5926 περιλαμϐάνει
838 5845 1107 5922 μεῶσπερ
1139 5848 1248 5905 τισὶ
1296 5851 1482 5928 κέρασι
1529 5853 1627 5906 τοῦ
1683 5845 1827 5905 ἰδίου
1859 5869 2020 5928 στρα-

2783 3707 2857 3760 Χ.
2893 3703 3104 3759 Eidem.

2191 3795 2512 3869 Scripsisti,
2545 3795 2596 3852 si
2635 3813 2751 3852 non
2799 3803 2906 3850 tua
2956 3809 3156 3858 manu,
3205 3794 3361 3846 certe
3410 3793 3514 3844 tua
3563 3793 3780 3860 mente,

2121 3885 2422 3960 exemplar
2450 3885 2607 3942 enim
2639 3886 2802 3942 nosci
2833 3883 3002 3940 facile
3035 3887 3126 3938 est
3155 3887 3212 3936 et
3261 3879 3528 3951 apprime
3577 3895 3640 3934 se
3689 3895 3779 3933 re-

2121 3977 2233 4032 fert
2263 3977 2335 4031 ad
2369 3979 2765 4048 prototypum.

2191 4065 2414 4121 Deinde
2443 4083 2509 4121 eo
2542 4065 2698 4138 quod
2733 4079 2846 4119 non
2881 4061 3100 4118 nostris
3133 4058 3507 4116 sermonibus
3536 4053 3782 4127 implea-

2123 4155 2225 4224 ris,
2261 4171 2450 4227 neque
2480 4155 2712 4210 satieris
2757 4152 3020 4222 illorum,
3070 4154 3134 4205 ut
3181 4147 3415 4214 scribis,
3467 4145 3778 4210 suavitate,

2124 4262 2228 4300 nos
2255 4245 2554 4318 pergimus
2577 4243 2750 4299 ﬂores
2771 4257 3005 4313 semper
3026 4239 3392 4310 colligentes,
3425 4233 3585 4290 velut
3615 4249 3782 4305 apes,

2122 4341 2178 4390 et
2209 4334 2400 4390 mellis
2433 4331 2800 4390 fabricationi
2833 4335 3128 4386 vacantes.
3162 4327 3274 4382 Sed
3307 4325 3418 4381 etsi
3450 4340 3612 4380 mare
3661 4339 3777 4377 non

2121 4425 2434 4497 impletum
2467 4424 2735 4494 sit,juxta
2762 4419 3050 4493 sapientis
3082 4418 3330 4482 dictum,
3363 4413 3640 4470 omnibus
3673 4417 3786 4467 ilu-

2121 4513 2386 4570 minibus
2415 4514 2475 4568 in
2511 4511 2656 4568 illud
2691 4511 2990 4567 undarum
3021 4509 3244 4563 ﬂuenta
3275 4501 3704 4571 deferentibus,
3748 4517 3779 4556 e

2122 4603 2424 4660 montibus
2439 4607 2632 4659 autem
2650 4615 2882 4672 semper
2894 4599 3280 4655 etl'unduntur
3292 4593 3566 4658 fontes,et
3579 4590 3788 4645 humo-

2121 4693 2203 4748 ris
2217 4692 2493 4749 insatiata
2513 4691 2758 4748 aviditas
2771 4705 2884 4744 non
2905 4686 3126 4743 detinet
3139 4683 3456 4756 ﬂuminum
3471 4679 3758 4734 tributum
3773 4719 3785 4732 .
3809 4735 3814 4738 _

2049 4781 2096 4846 D
2194 4781 2582 4837 Athenienses
2645 4777 2828 4851 igitur
2897 4774 3039 4832 olim
3110 4771 3224 4829 sub
3289 4769 3464 4826 Dario
3529 4767 3591 4821 in
3646 4781 3790 4822 con-

2130 4871 2354 4926 tinente
2383 4869 2695 4932 bellantes,
2727 4869 2785 4922 et
2817 4863 3090 4922 resistere
3118 4865 3206 4917 tot
3256 4857 3521 4914 millibus
3568 4859 3627 4911 et
3661 4871 3788 4924 my-

2133 4959 2402 5016 riadibus
2462 4957 2763 5031 copiarum
2817 4956 2946 5026 ejus
3000 4969 3118 5008 non
3165 4948 3449 5018 valentes,
3501 4945 3573 5001 ad
3628 4960 3792 5000 mare

2131 5049 2572 5105 declinaverunt
2602 5053 2659 5102 et
2689 5045 2940 5101 navibus
2967 5045 3202 5098 utentes
3235 5038 3488 5095 salutem
3519 5035 3579 5090 in
3614 5033 3791 5088 undis

2131 5137 2481 5195 invenerunt
2515 5155 2530 5193 :
2566 5153 2671 5210 ego
2702 5151 2831 5191 vero
2863 5151 2980 5206 quo
3013 5127 3270 5205 fugiam?
3290 5143 3406 5200 quo
3439 5141 3533 5180 me
3561 5121 3794 5179 vortar?

2133 5229 2352 5300 ubique
2373 5225 2591 5299 laquei,
2615 5226 2836 5297 ubique
2856 5221 3107 5279 insidiae.
3139 5219 3222 5275 Ad
3247 5223 3465 5273 terram
3492 5211 3789 5284 confugio;

2131 5319 2232 5374 sed
2265 5316 2466 5374 statim
2501 5331 2593 5372 me
2623 5319 2874 5371 venatur
2903 5313 3208 5384 butyrum,
3239 5307 3394 5363 viam
3447 5303 3594 5360 mihi
3644 5319 3792 5374 pra:-

2131 5405 2384 5463 cludunt
2411 5413 2524 5461 tute
2555 5421 2763 5478 greges
2794 5409 2850 5458 et
2877 5401 3155 5474 pecudes.
3187 5397 3272 5453 Ad
3301 5411 3462 5452 mare
3511 5405 3790 5460 recurro;

2132 5497 2258 5562 sed,
2292 5513 2324 5552 ο
2351 5495 2603 5569 piscium
2635 5489 2960 5565 impetum!
2996 5490 3121 5562 ipse
3153 5487 3298 5544 mibi
3341 5481 3796 5569 potentissimus

2132 5601 2232 5640 rex
2269 5567 2505 5640 illorum
2555 5579 2811 5637 occurrit
2859 5583 2916 5634 et
2967 5577 3200 5632 duobus
3251 5571 3494 5630 orbibus
3539 5585 3634 5623 me
3683 5567 3798 5622 cir-

2133 5675 2374 5732 cumdat
2403 5679 2688 5744 tanquam
2721 5667 2814 5724 sui
2845 5667 3135 5723 exercitus
3157 5657 3594 5720 cornibus.Scis
3615 5655 3798 5744 igitur

2133 5763 2272 5836 quid
2322 5743 2574 5819 faciam?
2617 5760 2702 5813 Ad
2754 5775 2891 5812 aera
2935 5755 3141 5811 volabo
3192 5758 3251 5808 et
3301 5749 3521 5807 aethera
3567 5743 3798 5800 habebo

2135 5853 2562 5919 auxiliatorem;
2596 5863 2711 5904 non
2745 5845 2902 5902 enim
2935 5857 3247 5918 passerum
3278 5839 3484 5895 contra
3511 5848 3606 5889 me
3634 5845 3794 5887 nunc
