4124 6382
437 459 591 519 1179

1778 459 2198 525 MICHAELIS
2242 456 2514 518 PSELLI

3698 451 3859 511 “80

438 593 622 652 aciem
675 595 999 665 ordinabis,
1052 615 1189 655 nam
1242 599 1388 656 istos
1433 599 1658 658 detinet
1707 597 2090 672 quadraginta

2210 589 2499 663 τεύματος.
2534 587 2698 643 Οἶσθα
2729 585 2818 642 οὗν
2852 587 2881 641 ’ὁ
2910 587 3162 657 ποιήσως
3193 587 3475 658 πτήσομαι
3533 582 3670 660 πρὸς
3726 582 3859 657 ἀέρα

438 686 668 741 dierum
702 685 1097 745 intervallum.

509 953 639 1011 Haac
671 971 847 1012 serva:
880 961 991 1012 tuae
1023 957 1261 1029 mentis,
1295 957 1342 1014 si
1375 975 1492 1015 non
1524 975 1753 1015 manus.

1087 1077 1184 1128 XI.
1221 1073 1438 1130 Eidem.

508 1170 627 1242 Ego
659 1171 893 1242 quidem
925 1171 1261 1239 timueram,
1295 1175 1548 1229 maxime
1574 1173 1786 1241 Caesar,
1822 1188 2088 1228 mearum

439 1257 824 1331 epistolarum
856 1261 1075 1318 formas
1105 1263 1435 1332 ostendere,
1467 1263 1886 1318 erubesceham
1937 1262 2092 1319 enim

438 1347 510 1402 de
541 1347 656 1415 his,
703 1353 985 1420 tanquam
1037 1367 1152 1406 non
1202 1351 1558 1408 habentibus
1604 1351 1935 1407 naturalem
1988 1366 2093 1405 nec

441 1437 809 1494 adscititiam
838 1439 1361 1511 pulchritudinem.
1393 1441 1539 1497 Cum
1605 1444 1802 1496 autem
1851 1440 1911 1495 in
1962 1439 2093 1495 illas

438 1531 642 1582 contra
673 1543 838 1600 spem
871 1530 1187 1598 adamasti,
1220 1533 1277 1585 et
1325 1530 1468 1586 mihi
1508 1530 1749 1586 suasisti
1800 1534 1866 1584 ut
1914 1546 2093 1585 novas

439 1615 672 1671 ederem
705 1617 1020 1687 fetus,ecce
1051 1617 1159 1674 tibi
1193 1619 1385 1690 palam
1419 1621 1701 1692 pudorem
1723 1636 1957 1676 omnem
1991 1621 2092 1674 de-

439 1720 615 1776 pono,
647 1710 706 1760 et
738 1705 1240 1778 pulchritudinem
1273 1713 1525 1778 ostento,
1557 1713 1615 1764 et
1643 1709 1801 1764 velut
1832 1709 2094 1765 medicus

440 1809 611 1864 pavo,
641 1793 739 1850 ille
766 1793 1004 1867 elegans
1035 1801 1093 1852 et
1121 1795 1433 1853 familiaris
1465 1797 1856 1863 volucris,tibi
1887 1814 2092 1853 earum

437 1881 688 1938 formam
721 1886 984 1955 expando
1016 1887 1424 1957 spectandam,
1457 1891 1533 1954 et,
1569 1892 1632 1942 ut
1661 1887 1924 1952 vides,ad
1957 1892 2092 1942 tuas

2199 680 2412 736 καὶτὸν
2445 679 2632 753 καιρὸν
2664 675 2764 746 ἔξω
2799 677 3116 752 σύμμαχον·
3169 675 3230 730 ού
3277 673 3377 752 γὰρ
3421 674 3510 729 καὶ
3559 672 3856 749 στρουθοὺς

2201 771 2322 834 καθ’
2351 772 2510 843 ἡμῶν
2545 766 2950 842 έκστρατεύσεις
2977 770 3090 822 νῦν·
3125 763 3311 842 έπέχει
3351 765 3453 840 γὰρ
3502 766 3537 834 ἡ
3589 784 3856 841 τεσσαρα-

2201 861 2368 930 κονθή
2383 879 2548 934 μερος
2577 857 2806 919 τούτους
2845 853 3119 932 περίοδος.

2273 951 2386 1018 Τῆς
2418 944 2682 1016 δουλικῆς
2708 949 2877 1001 ταῦτα
2906 947 3116 1019 ψυχῆς,
3149 941 3196 998 εί
3224 942 3314 996 καὶ
3349 941 3424 1014 μή
3457 939 3664 1017 χειρός.

2881 1066 2968 1132 Τῷ
3008 1059 3176 1132 αὐτῷ.

2279 1163 2422 1238 Ἐγὼ
2458 1163 2552 1234 μὶν
2587 1159 2834 1228 έδεδίειν,
2869 1160 3090 1234 μέγιστε
3142 1164 3367 1230 Καῖσαρ,
3414 1157 3511 1218 τὰς
3553 1159 3661 1210 τῶν
3693 1157 3857 1229 ἡμῶν

2207 1249 2512 1307 ἐπιστολῶν
2566 1247 2973 1326 παραδεικνύειν
3037 1251 3286 1325 μορφάς·
3369 1245 3698 1320 ήσχυνόμην
3753 1245 3856 1320 γὰρ

2211 1341 2343 1416 ὑπὲρ
2393 1340 2625 1408 τούτων,
2685 1340 2760 1400 ὡς
2821 1339 2896 1411 μὴ
2946 1336 3193 1411 έχουσῶν
3229 1339 3368 1409 μήτε
3397 1334 3618 1412 φυσικὸν
3647 1333 3854 1396 κάλλος

2209 1433 2349 1502 μήτε
2424 1429 2738 1499 ἐπίκτητον.
2813 1427 2963 1484 Ἐπεὶ
3023 1424 3080 1480 δὲ
3133 1424 3195 1479 σὺ
3254 1424 3464 1479 τούτων
3518 1422 3856 1486 ἀνελπίστως

2204 1521 2471 1593 ἠράσθης,
2530 1518 2621 1572 καί
2683 1538 2748 1590 με
2779 1517 3039 1577 πέπεικας
3086 1514 3232 1570 καλὰ
3263 1514 3460 1570 τίκτειν
3519 1515 3856 1588 γεννήματα,

2206 1606 2325 1663 ἰδού
2376 1629 2457 1662 σοι
2488 1604 2789 1683 προδήλως
2847 1605 3392 1680 ἀπηναισχύντημαι,
3450 1603 3539 1657 καὶ
3581 1603 3682 1671 τὴν
3714 1600 3860 1677 ὥραν

2206 1695 2606 1774 παραδεικνύω,
2639 1697 2726 1751 καὶ
2759 1695 2938 1770 ὥσπερ
2972 1696 2999 1749 ὁ
3057 1691 3291 1767 μηδικὸς
3337 1692 3506 1760 ταὼς,
3566 1695 3726 1747 τοῦτο
3787 1687 3855 1760 δὴ

2202 1789 2265 1842 τὸ
2295 1783 2598 1864 φιλόκαλον
2653 1789 2788 1854 ζῶον
2837 1783 2926 1840 καὶ
2987 1783 3234 1852 σύνηθες,
3292 1782 3556 1858 θεατρίζω
3590 1802 3673 1836 σοι
3723 1781 3859 1836 τού-

2203 1898 2312 1932 των
2343 1877 2441 1945 τὴν
2493 1875 2826 1950 ὡραιότητα,
2859 1874 2972 1941 καὶ,
3005 1873 3079 1937 ὡς
3109 1875 3260 1947 ὁρᾷς,
3308 1872 3397 1927 ἐπὶ
3426 1877 3544 1934 ταῖς
3589 1877 3709 1934 σαῖς
3763 1870 3859 1934 θύ-

438 1971 592 2026 fores
622 1972 792 2028 adsto
825 1990 937 2028 non
970 1978 1214 2031 vocatus
1236 1991 1425 2048 neque
1448 1977 1776 2032 mercedem
1797 1991 1939 2032 meaa
1967 1975 2090 2049 pul-

2210 1985 2319 2026 sat:
2370 1967 2701 2041 προϋπαντῶ
2757 1963 2895 2037 μήτε
2940 1961 3304 2037 καλούμενος,
3341 1963 3480 2036 μήτε
3513 1960 3702 2035 μισθὸν
3753 1966 3858 2030 τῆς

438 2059 796 2117 chritudinis
829 2062 1144 2135 excipiens.

512 2149 804 2221 Salomon,
840 2151 1020 2221 igitur
1051 2153 1159 2209 hos
1190 2171 1337 2226 quos
1390 2172 1504 2211 non
1556 2156 1823 2212 invitavit
1871 2156 2094 2212 amicos

438 2254 542 2309 per
573 2238 1156 2312 circumspectionem
1190 2244 1433 2300 simulat
1461 2246 1519 2300 in
1555 2245 1930 2302 familiarium
1963 2263 2098 2302 con-

440 2328 785 2385 suetudines
816 2334 874 2386 et
904 2331 1196 2403 colloquia
1224 2333 1614 2403 introducere,
1648 2350 1720 2390 ne
1763 2336 2092 2392 satietatem

439 2430 644 2471 eorum
676 2421 1139 2476 conversationis
1169 2422 1387 2494 experti
1432 2423 1664 2479 oderint
1713 2439 1726 2479 :
1774 2440 1912 2496 ergo
1960 2439 2093 2479 vero

437 2506 800 2563 contrarium
834 2508 1022 2566 facere
1053 2511 1208 2577 novi,
1241 2511 1512 2568 dilectam
1545 2512 1871 2585 tibilmagis
1903 2528 2094 2569 meam

434 2595 938 2667 pulchritudinem
965 2601 1287 2656 ostendens
1335 2617 1439 2673 per
1488 2602 1986 2674 perseverantiam
2038 2606 2098 2658 et

437 2684 630 2753 magis
660 2685 947 2756 cupitam.

506 2771 653 2828 Nam
684 2773 782 2829 ille
811 2775 1077 2840 Proteus,
1109 2778 1198 2832 vir
1223 2777 1309 2833 vel
1341 2779 1776 2850 demon,quem
1807 2783 2096 2836 Homerus

437 2861 654 2916 format
684 2867 742 2917 et
781 2865 1189 2934 transformat,
1241 2866 1549 2940 multiplex
1598 2874 1721 2924 erat
1766 2873 1824 2924 et
1875 2869 2094 2926 formas

434 2951 892 3021 permutabat,et
923 2969 1079 3008 nunc
1111 2953 1198 3009 leo
1231 2953 1416 3010 oculis
1447 2957 1886 3021 ostendebatur,
1937 2973 2094 3011 nunc

435 3054 698 3110 serpens,
760 3058 915 3096 nunc
955 3059 1080 3109 sus,
1114 3043 1291 3115 ignis,
1325 3045 1519 3115 arbor,
1554 3046 1702 3117 lapis
1733 3052 1790 3102 et
1821 3047 2039 3101 ferrum
2074 3062 2088 3102 :

434 3143 543 3199 ego
565 3145 698 3184 vero
731 3130 834 3185 tibi
871 3132 927 3186 in
965 3134 1219 3190 terarum
1251 3139 1494 3190 naturas
1526 3152 1641 3190 non
1701 3137 2089 3192 transforma-

433 3216 756 3291 bor,neque
787 3225 1026 3292 stupore
1059 3221 1370 3293 percellam
1405 3223 1892 3294 phantasmatum
1927 3225 2088 3281 inso-

431 3306 537 3362 lita
571 3307 880 3378 varietate;
915 3310 1013 3366 sed
1047 3311 1384 3368 citharistas
1414 3312 1711 3369 imitabor.

505 3484 652 3552 Quid
679 3491 875 3543 autem
901 3488 999 3544 isti
1031 3489 1282 3546 faciunt?
1301 3492 1537 3563 quando
1560 3491 1824 3548 sentiunt
1847 3492 2088 3549 audien-

430 3578 520 3629 tes
554 3575 807 3632 melodia
836 3579 1104 3646 satiatos,
1139 3579 1390 3636 chordas
1440 3583 1784 3650 immutant,
1841 3581 2088 3639 calamis

445 3662 580 3719 illas
599 3664 1306 3738 ﬂcctentes,variantes,et
1327 3669 1582 3726 diversas
1609 3669 1950 3728 harmonias
1979 3671 2090 3728 eli-

434 3750 674 3824 cientes,
709 3758 772 3810 ut
803 3772 907 3828 per
955 3755 1130 3813 talem
1180 3758 1562 3815 variationem
1612 3764 1667 3815 et
1714 3759 2088 3816 inﬂexionem

435 3841 1033 3917 musicazivoluptatis
1083 3846 1286 3905 avidos
1333 3849 1630 3906 auditores
1679 3849 1952 3920 habeant.
2004 3850 2089 3906 Ita

431 3928 615 4002 igitur
643 3937 700 3987 et
737 3949 844 4005 ego
895 3935 998 3989 tibi
1054 3953 1210 3992 meos
1261 3955 1562 3995 sermones
1613 3939 1870 3996 variabo.
1919 3940 2088 3996 Nunc

429 4019 668 4091 quidem
704 4020 918 4078 hilares
951 4022 1084 4080 illos
1116 4025 1222 4081 tibi
1257 4028 1544 4099 praebebo,
1565 4045 1718 4084 nunc
1749 4045 1883 4084 vero
1916 4029 2086 4084 vehe-

431 4112 694 4178 mentes;
730 4127 885 4166 nunc
911 4113 1191 4170 remissos
1221 4121 1278 4171 et
1308 4115 1540 4186 molles,
1574 4133 1730 4172 nunc
1769 4132 2087 4189 generosos

429 4200 487 4251 et
517 4196 717 4266 fortes,
751 4200 838 4256 vel
872 4200 1044 4258 aliam
1079 4203 1334 4276 denique
1364 4206 1618 4278 speciem
1653 4206 1957 4263 habentes.

503 4470 789 4524 Homerus
834 4470 1053 4543 quippe
1079 4471 1361 4545 hoplitem
1395 4473 1671 4542 laudans,
1719 4475 1776 4530 id
1811 4474 2087 4530 laudibus

430 4554 815 4625 adiicit,scire
842 4575 978 4614 cum
1010 4560 1328 4616 immutare
1359 4561 1629 4634 clypeum
1663 4580 1820 4618 nunc
1852 4564 1920 4618 ad
1954 4563 2089 4619 dex-

425 4646 765 4716 tram,nunc
798 4648 870 4703 ad
903 4647 1350 4723 sinislram.Ego
1383 4656 1579 4708 autem
1614 4669 1806 4708 meam
1828 4658 2085 4708 armatu-

427 4750 887 4804 ram,sermones
920 4737 1143 4794 scilicet
1173 4755 1356 4807 meos,
1378 4756 1492 4796 non
1527 4740 1585 4796 in
1619 4739 1799 4797 latera
1829 4745 2084 4814 tantum,

425 4823 527 4879 sed
559 4823 618 4880 in
654 4825 858 4882 faciem
890 4831 946 4882 et
975 4826 1035 4884 in
1079 4831 1244 4902 tergo
1293 4829 1644 4886 immutabo.
1697 4829 1823 4887 Non
1873 4831 2086 4887 unicus

424 4918 514 4969 est
544 4914 857 4971 verborum
891 4916 1270 4990 color,neque
1298 4918 1487 4992 figura
1511 4920 1821 4988 unica;sed
1857 4925 2086 4976 utrum-

426 5017 540 5074 que
569 5001 877 5076 multiplex
908 5008 965 5060 et
993 5006 1257 5076 varium;
1290 5012 1348 5062 et
1393 5007 1494 5080 qui
1543 5025 1745 5064 eorum
1796 5018 2086 5082 tempera-

425 5096 626 5146 menta
656 5096 713 5147 et
736 5094 1056 5163 juncturas
1087 5095 1280 5151 noscit
1307 5095 1698 5153 multiformia
1720 5097 2087 5154 amatoribus

424 5179 724 5236 exhibebit
753 5183 1246 5254 spectacula.Vidi
1281 5203 1383 5256 ego
1416 5186 1556 5242 olim
1592 5187 1848 5258 puellam
1880 5187 1939 5242 in
1964 5187 2090 5242 tha-

423 5267 579 5325 lamo
643 5271 833 5327 forma
885 5273 1122 5344 propria
1173 5275 1468 5347 decoram,
1521 5281 1579 5332 et
1627 5277 1908 5348 adjuncta
1958 5276 2088 5347 pul-

427 5355 760 5416 chritudine
818 5367 1123 5431 ornatam;
1176 5364 1370 5435 prima
1435 5365 1596 5421 enim
1665 5367 1758 5421 die
1825 5381 2091 5438 purpura

428 5442 581 5499 hanc
613 5449 862 5504 ornabat
927 5454 984 5506 et
1050 5468 1228 5508 aurea
1292 5456 1457 5520 vitta,
1527 5459 1585 5509 et
1657 5454 1860 5510 tunica
1933 5454 2088 5510 vario

435 5530 646 5589 ﬂorum
714 5538 905 5594 colore
964 5540 1162 5596 nitens
1214 5547 1271 5598 et
1315 5543 1497 5598 fascia
1553 5543 1866 5615 pectoralis
1933 5541 2088 5598 elec-

431 5619 620 5692 trina;
656 5625 755 5680 sed
794 5625 877 5681 illi
908 5629 1177 5686 assidens
1223 5631 1382 5687 brevi
1433 5636 1920 5687 ornamentorum
1977 5631 2090 5686 ful-

431 5710 700 5782 gentium
775 5715 903 5770 visu
981 5717 1226 5774 satiatus
1303 5737 1456 5776 sum.
1538 5720 1810 5777 Secunda
1892 5724 2090 5776 autem

433 5797 527 5854 die
558 5803 831 5856 ornatum
874 5802 1222 5874 immutans,
1274 5812 1331 5864 ct
1379 5812 1588 5866 aurata
1634 5809 1833 5867 tunica
1883 5809 2095 5868 induta

2202 2054 2346 2131 ὥρας
2379 2049 2586 2110 λαϐών.

2273 2145 2334 2203 Ὁ
2396 2145 2489 2217 μὲν
2541 2145 2630 2197 οὖν
2703 2143 2972 2216 Σολομῶν
2999 2149 3116 2204 τοῖς
3145 2140 3508 2212 αὐτοκλήτοις
3538 2145 3646 2196 τῶν
3679 2138 3859 2218 φίλων

2205 2231 2275 2289 δι’
2304 2228 2587 2294 εὐλαϐείας
2643 2239 2880 2287 ποιεῖται
2911 2232 3008 2294 τὰς
3039 2231 3115 2294 εἷς
3169 2230 3296 2294 τοὺς
3326 2233 3575 2301 συνήθεις
3612 2227 3857 2292 εἰσόδους

2202 2323 2291 2378 καί
2339 2324 2694 2394 ἀπαντήσεις,
2750 2320 2843 2376 ’ίνα
2905 2323 3005 2396 μὴ,
3063 2321 3226 2396 κόρον
3267 2320 3443 2376 αὐτῶν
3480 2327 3581 2390 τῆς
3631 2318 3857 2393 ὁμιλίας

2204 2407 2499 2481 λαϐόντες,
2565 2414 2908 2484 μισήσωσιν·
2970 2411 3076 2487 ἐγὼ
3138 2409 3195 2466 δὲ
3251 2410 3558 2466 τούναντίον
3604 2411 3856 2480 ποιήσειν

2203 2500 2487 2578 διέγνωκα,
2521 2500 2920 2576 έρασμιώτερόν
2951 2522 3034 2556 σοι
3065 2502 3127 2555 τὸ
3167 2500 3296 2574 ἐμὸν
3351 2498 3560 2562 κάλλος
3619 2495 3857 2554 ἐπιδεικ-

2203 2591 2345 2647 νόειν
2376 2591 2466 2646 διὰ
2493 2598 2592 2661 τῆς
2623 2591 2903 2666 συνεχείας
2927 2589 3016 2645 καὶ
3047 2591 3426 2665 ποθεινότερον

2276 2769 2336 2825 Ὁ
2397 2769 2490 2841 μὲν
2549 2768 2649 2843 γὰρ
2698 2766 2947 2844 Πρωτεὺς
3007 2766 3229 2836 έκεῖνος,
3284 2766 3421 2841 ἀνὴρ
3462 2767 3497 2836 ἢ
3531 2762 3760 2837 δαίμων,
3794 2764 3854 2820 ὃν

2203 2858 2456 2933 ’Όμηρος
2506 2857 2734 2913 πλάττει
2791 2857 2880 2912 καὶ
2941 2856 3326 2931 μεταπλάττει,
3387 2851 3734 2915 παντοδαπὸς
3783 2854 3852 2922 ἧν

2201 2947 2291 3001 καὶ
2355 2945 2700 3020 μετήλλαττε
2746 2947 2841 3008 τὰς
2892 2947 3128 3024 μορφὰς,
3161 2946 3250 3000 καὶ
3308 2949 3398 2999 νῦν
3436 2945 3529 3018 μὶν
3564 2942 3703 2999 Λέων
3735 2948 3854 3006 τοῖς

2203 3037 2403 3110 ὁρῶσιν
2463 3034 2756 3107 ἐδείκνυτο,
2813 3040 2907 3090 νῦν
2957 3034 3015 3090 δὲ
3068 3035 3212 3110 ὄφις,
3243 3039 3337 3089 νῦν
3369 3032 3427 3089 δὲ
3451 3038 3567 3103 σῦς,
3598 3034 3687 3088 καὶ
3721 3036 3848 3107 πῦρ,

2200 3125 2292 3180 καὶ
2327 3123 2566 3202 δένδρον,
2621 3126 2711 3181 καὶ
2764 3126 2942 3194 λίθος,
2999 3125 3089 3180 καὶ
3149 3123 3392 3198 σίδηρος·
3436 3123 3540 3200 ἐγὼ
3574 3121 3631 3178 δέ
3660 3143 3745 3177 σοι
3778 3121 3848 3182 εἷς

2205 3216 2299 3288 μὲν
2331 3214 2626 3290 Οηριώδεις
2656 3215 2840 3294 φύσεις
2872 3215 2933 3269 ού
2963 3209 3367 3288 μεταϐήσομαι,
3421 3210 3547 3268 ούδὶ
3596 3211 3849 3282 ἐκπλήξω

2120 3343 2164 3410 C
2203 3308 2271 3378 τῇ
2301 3308 2410 3359 τῶν
2462 3307 2859 3384 φαντασμάτων
2910 3303 3215 3375 καινότητι·
3268 3301 3414 3359 ἀλλὰ
3439 3301 3568 3364 τοὺς
3599 3300 3723 3377 περὶ
3750 3301 3848 3370 τὴν

2203 3394 2425 3469 κιθάραν
2464 3395 2806 3468 μιμήσομαι.

2268 3483 2328 3538 Τί
2400 3481 2457 3538 δὶ
2529 3485 2682 3538 οὗτοι
2749 3481 2990 3558 δρῶσιν;
3068 3481 3283 3538 ἐπειδὰν
3361 3479 3654 3547 αἶ’σθῶνται
3716 3479 3844 3542 τοὺς

2199 3572 2493 3633 ἀκούοντας
2523 3572 2949 3650 κορεννυμένους
3004 3577 3101 3628 τοῦ
3155 3571 3378 3646 μέλους,
3439 3566 3848 3646 μεταϐάλλουσι

2195 3663 2292 3724 τὰς
2351 3661 2582 3738 χορδὰς,
2648 3661 2966 3741 στρέφοντες
3030 3663 3193 3718 αὐτὰρ
3254 3668 3372 3724 τοῖς
3413 3661 3707 3734 καλάμοις,
3757 3660 3850 3714 καὶ

2201 3751 2655 3830 μεταστρέφοντες
2729 3753 2819 3807 καὶ
2893 3750 3151 3814 ποικίλας
3213 3752 3476 3825 ἁρμονίας
3537 3750 3850 3826 μεταχειρί-

2201 3846 2404 3911 ζοντες,
2460 3843 2552 3896 ἳνα
2607 3840 2695 3896 διὰ
2751 3848 2850 3911 τῆς
2915 3842 3172 3912 τοιαύτης
3234 3839 3586 3916 μεταλλαγῆς
3642 3861 3699 3895 τε
3755 3839 3846 3895 καὶ

2201 3925 2546 4003 μεταϐάσεων
2603 3930 2928 4008 ἀκορέστους
2973 3938 3073 4001 τῆς
3137 3938 3404 4004 μουσικῆς
3453 3927 3663 4000 ἡδονῆς
3720 3934 3845 3991 τοῦς

2196 4021 2462 4094 ἀκροατὰς
2515 4016 2742 4096 ἔχωσιν.
2799 4021 2953 4076 Οὕτω
3000 4025 3129 4096 γοῦν
3170 4021 3324 4096 κάγώ
3356 4041 3439 4074 σοι
3495 4021 3844 4092 μεταποιήσω

2193 4109 2322 4170 τοὺς
2383 4109 2547 4183 έμους
2610 4109 2834 4186 λόγους.
2893 4111 3000 4166 Καὶ
3059 4114 3149 4164 νῦν
3209 4111 3303 4182 μὲν
3366 4108 3590 4186 ἱλαροὺς
3619 4109 3848 4170 τούτους

2196 4199 2410 4273 παρέξω
2439 4199 2546 4270 σοὶ,
2585 4201 2676 4253 νῦν
2711 4197 2767 4254 δὲ
2800 4200 3110 4269 συντόνους,
3142 4200 3232 4255 καὶ
3264 4203 3354 4253 νῦν
3391 4199 3485 4272 μὶν
3543 4193 3848 4268 ἀναϐεϐλη-

2201 4288 2394 4360 μένους
2425 4288 2512 4342 καὶ
2548 4288 2854 4360 μαλακοὺς,
2884 4294 2974 4343 νῦν
3008 4287 3066 4344 δὲ
3095 4289 3375 4364 γενναίους
3421 4289 3511 4343 καὶ
3563 4288 3849 4364 ἰσχυροὺς,

2195 4381 2282 4430 νῦν
2316 4374 2374 4432 δὲ
2403 4375 2580 4448 ἄλλην
2618 4379 2832 4456 μορφὴν
2867 4377 3118 4455 ἔχοντας.

2266 4467 2327 4524 Ὀ
2389 4471 2518 4542 γοῦν
2580 4469 2826 4543 Όμηρος
2900 4469 3134 4539 ὁπλίτην
3208 4466 3437 4523 ἐπαινῶν
3509 4466 3696 4544 ἄνδρα,
3757 4470 3850 4523 καὶ

2194 4561 2355 4612 τοῦτο
2422 4563 2538 4620 τοῖς
2590 4555 2828 4622 ἐπαίνοις
2885 4557 3264 4632 προστίθησιν,
3320 4558 3403 4613 δτι
3463 4555 3573 4613 οἶδε
3628 4578 3848 4631 μετακι-

2193 4651 2302 4700 νεῖν
2355 4648 2454 4716 τήν
2516 4644 2716 4702 ἀσπίδα
2762 4652 2852 4702 νῦν
2918 4649 3010 4720 μὲν
3071 4647 3147 4710 εἷς
3203 4645 3368 4718 δεξιὰ,
3401 4652 3490 4702 νῦν
3552 4644 3608 4702 δὲ
3655 4646 3729 4708 εἰς
3763 4647 3850 4702 εύ-

2198 4735 2407 4808 ώνυμα.
2442 4735 2583 4812 Ἐγὼ
2615 4732 2674 4790 δὶ
2700 4735 2762 4791 τὸ
2794 4734 2923 4809 ἐμὸν
2953 4735 3126 4792 ὅπλον
3152 4735 3280 4801 τοὺς
3311 4735 3512 4811 λόγους
3537 4736 3636 4791 οὐκ
3665 4734 3753 4792 ἐπὶ
3780 4735 3850 4791 τὰ

2197 4821 2405 4899 πλάγια
2435 4819 2625 4897 μόνον,
2657 4823 2803 4880 ἀλλὰ
2831 4825 2920 4880 καὶ
2940 4825 3244 4900 ἔμπροσθεν
3275 4829 3728 4903 μεταχειριοῦμαι
3757 4827 3846 4881 καὶ

2198 4909 2438 4977 ὄπισθεν.
2500 4913 2623 4989 Οὐχ
2668 4910 2721 4968 ἓν
2769 4912 2877 4970 ἐστι
2925 4917 2988 4970 τὸ
3028 4919 3134 4970 τῶν
3168 4913 3350 4990 λόγων
3380 4920 3606 4991 χρῶμα,
3667 4914 3759 4970 οὐὶ
3809 4917 3846 4985 ἡ

2201 5004 2384 5079 μοριρή
2423 5002 2539 5075 μία·
2574 5000 2702 5058 ἀλλ’
2751 5004 2917 5078 ἄμφω
2948 5001 3266 5060 παντοδαπὰ
3304 5005 3394 5059 καὶ
3425 5003 3670 5060 ποικίλα·
3697 5004 3787 5059 καὶ
3820 5006 3848 5058 ὁ

2195 5091 2291 5154 τὰς
2335 5092 2550 5166 κράσεις
2593 5092 2682 5146 καὶ
2733 5091 3001 5156 συνθέσεις
3047 5094 3254 5148 τούτων
3307 5091 3465 5158 εἰδὼς
3512 5092 3851 5172 πολύμορφα

2200 5179 2355 5254 δείξει
2386 5187 2504 5244 τοῖς
2535 5179 2782 5255 ἐρασταῖς
2811 5183 2876 5236 τὰ
2907 5183 3166 5256 θεάματα.

2273 5267 2428 5326 Εἶδον
2477 5268 2586 5344 ἐγώ
2643 5291 2773 5325 ποτε
2829 5271 3044 5350 νύμφην
3099 5272 3183 5328 ἰπὶ
3244 5270 3518 5336 παστάδος
3575 5272 3664 5328 καὶ
3706 5271 3850 5349 ὥρας

2200 5357 2258 5414 εὖ
2310 5353 2542 5432 ἔχουσαν
2573 5358 2664 5412 καὶ
2728 5363 2807 5431 τῷ
2839 5358 3150 5434 ἐπιποιήτῳ
3177 5359 3373 5417 κάλλει
3424 5361 3847 5435 κεκοσμημένην

2201 5446 2493 5520 λαμπρῶς·
2545 5447 2633 5502 καὶ
2663 5450 2766 5518 τήν
2791 5469 2854 5523 γε
2883 5450 3106 5523 πρώτην
3139 5451 3349 5524 ἡμέραν
3409 5449 3663 5528 πορφύρα
3715 5450 3850 5504 ταύ-

2199 5558 2298 5608 την
2353 5537 2570 5610 ἐκόσμει
2627 5538 2717 5593 καὶ
2774 5547 2953 5614 χρυσῆ
2985 5540 3184 5611 ταινία,
3218 5541 3306 5594 καὶ
3367 5539 3580 5615 ἰπωμὶς
3640 5540 3852 5612 ἐξηνθι-

2202 5627 2372 5698 σμένη
2408 5627 2603 5700 κόσμῳ
2651 5624 2978 5701 παντοδαπῷ
3015 5629 3104 5684 καὶ
3133 5631 3167 5699 ἡ
3203 5627 3562 5703 στηθοδεσμὶς
3591 5627 3852 5702 ἠλεκτρί-

2200 5734 2308 5785 νη·
2387 5713 2514 5770 ἀλλ’
2576 5713 2920 5792 ἐνδιατρίψας
2984 5717 3162 5795 βραχύ
3219 5740 3271 5774 τι
3329 5723 3445 5781 τοῖς
3497 5719 3852 5797 φαινομένοις

2204 5803 2513 5878 ὡραϊσμοῖς
2572 5803 2858 5880 ἐκορέσθην
2915 5803 3066 5864 ἰδών.
3117 5804 3290 5866 Ἀλλᾶ
3344 5809 3443 5881 τήν
3492 5828 3555 5885 γε
3595 5803 3849 5887 δευτέραν
