4124 6416
272 471 426 534 1181

1771 469 2208 534 EPISTOL/E.

3541 477 3698 537 1182

270 608 485 683 ἡμέραν
526 601 906 678 μεταϐαλοῦσα
934 607 1025 660 τὸν
1057 604 1265 678 κόσμον
1308 605 1398 659 καί
1447 613 1734 684 χρυσοϋφῆ
1780 604 1927 676 ἐσθῆ·

2055 624 2263 664 rursus
2325 608 2653 678 alliciebat;
2721 610 2893 666 tertia
2969 625 3208 683 quoque
3281 609 3578 681 similiter,
3643 615 3706 668 et

271 717 342 752 τα
373 692 743 764 ἐπενδυθεῖσα,
776 693 940 750 πάλιν
970 693 1139 770 ἐθήρα
1173 713 1184 726 ·
1217 694 1308 748 καὶ
1354 694 1453 762 τὴν
1505 695 1692 770 τρίτην
1741 695 1940 765 οὕτως,

270 779 360 842 καὶ
393 787 495 854 τήν
523 785 787 860 τετάρτην
824 805 836 818 ο
871 784 959 839 καὶ
992 784 1060 852 ἦν
1113 783 1403 858 ἀκόρεστον
1456 782 1754 850 τὸηκαλόν.
1788 785 1940 842 Εἰσὶν

271 873 363 932 οὖν
424 875 618 947 κάμοὶ,
674 879 898 950 Καῖσαρ,
932 867 1164 928 ἐλλόϐια
1223 871 1422 950 λογικὰ
1475 873 1565 928 καὶ
1621 871 1939 950 περιδέραια

270 966 551 1040 γνωστικᾶ
577 965 670 1019 καὶ
719 962 1147 1041 περιτραχήλιοι
1198 964 1399 1037 κόσμοι
1455 964 1546 1018 κοὶ
1605 963 1972 1034 ἐπιστήθιοι..

274 1057 377 1110 Κᾶν
410 1058 678 1129 κορεσθῇς
706 1058 803 1109 τοῦ
851 1057 1082 1130 χρυσοῦ,
1114 1055 1537 1130 παραγυμνώσω
1593 1052 1646 1108 τί
1696 1075 1781 1108 σοι
1839 1059 1936 1109 τοῦ

274 1142 686 1221 ἠλεκτρώδους.
719 1143 782 1199 Εἰ
815 1141 873 1199 δὶ
901 1142 992 1199 καὶ
1023 1142 1218 1198 τούτου
1249 1142 1530 1218 πλησθῇς,
1560 1141 1676 1221 ἔχω
1709 1144 1932 1223 σαπφεί-

275 1255 422 1310 ρους,
479 1234 570 1289 καὶ
643 1233 954 1303 ὑακίνθους,
1011 1232 1100 1288 καὶ
1159 1232 1346 1296 λίθους
1402 1232 1618 1308 ἑτέρους
1672 1231 1936 1289 παντοδα-

270 1323 431 1394 ποὺς,
458 1323 548 1380 καὶ
577 1323 678 1391 τήν
705 1323 1037 1400 χροιὰν,καὶ
1060 1323 1158 1393 τὴν
1194 1320 1445 1398 δύναμιν.
1478 1323 1602 1395 Καὶ,
1634 1323 1708 1384 ὡς
1737 1320 1934 1392 ἔοικεν,

274 1411 399 1470 οὔτε
447 1413 509 1468 σὺ
557 1411 857 1489 πλησθήσῃ
914 1414 1046 1468 ποτὲ
1093 1417 1192 1468 τοῦ
1223 1413 1370 1489 ἐρᾷν,
1403 1409 1527 1468 οὔτε
1556 1412 1660 1488 ἐγὼ
1690 1411 1933 1477 κάλλους

269 1501 537 1580 ἀπορήσω
567 1502 657 1558 καὶ
691 1500 1017 1573 ἐπιδείξεως.

851 1619 956 1677 ΙΒ’.
986 1620 1080 1692 Τῷ
1113 1617 1359 1692 Καίσαρι.

343 1717 721 1794 Εὐτυχὲστατε
775 1719 984 1794 Καῖσαρ
1012 1737 1024 1750 ·
1057 1721 1223 1772 τοῦτο
1272 1717 1378 1792 γὰρ
1421 1713 1488 1787 δή
1541 1738 1626 1772 σοι
1654 1720 1752 1787 τῆς
1812 1717 1936 1774 ἐπι-

273 1805 478 1876 στολῆς
510 1805 648 1862 ἔστω
676 1807 995 1883 προοίμιον.
1023 1807 1434 1882 Εὐτυχέστατον
1468 1803 1526 1861 δὲ.
1573 1828 1629 1862 σε
1678 1807 1822 1886 φημὶ
1873 1807 1934 1862 οὐ

274 1894 416 1952 διότι
453 1898 620 1971 μόνον
651 1904 748 1967 τῆς
777 1900 874 1951 τοῦ
907 1895 1169 1972 Καίσαρος
1203 1895 1352 1966 ἀξίας
1399 1894 1706 1972 τετύχηκας
1753 1901 1935 1971 (τοῦτο

2051 698 2366 770 quarta;|et
2388 697 2847 771 pulchritudinis
2863 700 3106 756 satietas
3127 717 3242 756 non
3267 700 3570 756 erat.Sunt
3591 701 3700 773 igi-

2049 793 2146 842 tur
2174 787 2351 842 etiam
2384 787 2768 857 mihi,Cazsar,
2791 787 3036 844 armillae
3067 788 3428 862 spirituales,
3460 796 3701 861 torques

2049 875 2498 950 intellectuales,
2533 883 2590 934 et
2621 879 2754 935 colli
2785 883 2844 934 et
2875 879 3130 950 pectoris
3160 883 3424 935 ornatus.
3460 879 3520 936 Si
3559 895 3702 936 auro

2047 966 2299 1022 satiatus
2367 984 2449 1036 es,
2504 968 2790 1024 exhibebo
2847 967 2956 1022 tibi
3025 967 3247 1040 aliquid
3327 985 3397 1024 ex
3465 968 3700 1026 electro.

2045 1058 2102 1113 Si
2136 1073 2271 1111 vero
2304 1079 2370 1117 eo
2403 1074 2638 1132 quoque
2668 1057 2925 1114 lassatus
2976 1056 3178 1125 fueris,
3229 1057 3414 1113 habeo
3465 1058 3702 1131 sapphi-

2046 1169 2164 1219 ros,
2199 1151 2546 1226 hyacinthos
2567 1154 2624 1206 et
2643 1148 2872 1221 lapides
2893 1147 3039 1204 alios
3060 1147 3254 1203 varios
3277 1147 3468 1203 colore
3497 1153 3554 1204 et
3582 1149 3699 1204 vir-

2046 1244 2194 1298 tute.
2229 1242 2318 1312 Et,
2351 1246 2416 1298 ut
2446 1241 2699 1308 videtur,
2734 1254 2926 1310 neque
2955 1241 3011 1292 te
3043 1237 3282 1292 satietas
3312 1253 3573 1309 unquam
3615 1237 3700 1294 vi-

2047 1331 2222 1387 dendi
2258 1329 2589 1404 occupabit,
2623 1343 2814 1399 neque
2845 1342 2938 1383 mc
2966 1324 3430 1399 pulchritudinis
3455 1331 3510 1382 et
3541 1327 3702 1383 exhi-

2045 1419 2286 1476 bitionis
2319 1418 2665 1492 indigentia.

2695 1623 2817 1680 XII.
2857 1623 3082 1680 Caesari

2121 1725 2489 1783 Felicissime
2519 1726 2745 1792 Caesar;
2781 1721 2839 1778 id
2875 1723 3030 1778 enim
3065 1720 3174 1776 tibi
3205 1721 3463 1793 epistolas
3491 1723 3700 1793 fproos-

2047 1816 2233 1872 mium
2267 1815 2364 1872 sit.
2399 1813 2833 1871 Felicissimum
2866 1816 3063 1867 autem
3094 1815 3149 1866 te
3179 1811 3308 1866 dico
3341 1826 3456 1866 non
3503 1810 3700 1866 solum

2046 1905 2186 1978 quia
2217 1903 2460 1961 Caesaris
2489 1903 2837 1976 dignitatem
2871 1902 3122 1972 adeptus
3155 1899 3238 1956 sis
3272 1899 3402 1969 (hoc
3444 1915 3699 1970 namque

274 1985 382 2061 γὰρ
413 1985 505 2040 καὶ
536 1984 774 2048 πολλοῖς
808 1983 1007 2050 ἄλλοις
1039 1979 1373 2058 συμϐέϐηκε,
1403 1986 1488 2040 καὶ
1520 1984 1580 2040 oi’
1619 2008 1678 2061 γε
1721 1986 1927 2042 πλείους

2050 2000 2105 2051 et
2136 1994 2339 2050 multis
2371 1992 2502 2049 aliis
2535 1991 2782 2064 contigit
2811 1990 2912 2062 qui
2945 1989 3143 2061 plures
3172 2007 3206 2045 a
3237 1988 3511 2045 felicitate
3542 1990 3699 2045 defe-

275 2081 378 2144 τῆς
410 2074 664 2151 εὐτυχίας
696 2071 1181 2151 διημαρτήκασιν),
1215 2073 1342 2130 ἀλλ’
1371 2073 1453 2130 ὅτι
1503 2075 1649 2152 παρὰ
1676 2080 1772 2131 τοῦ
1802 2075 1941 2132 καλ-

281 2162 476 2219 λίστου
508 2162 777 2240 βασιλέως
809 2163 899 2218 καὶ
939 2161 1178 2239 ἀδελφοῦ
1229 2162 1306 2228 εἰς
1349 2165 1449 2233 τὴν
1504 2163 1766 2240 μεγίστην
1810 2166 1939 2221 ταύ-

280 2273 379 2324 την
412 2253 721 2330 ἀνηνέχθης
768 2253 1078 2329 περιωπὴν,
1109 2252 1167 2315 ’ὸς
1215 2249 1306 2324 δὴ,
1337 2253 1569 2329 προνοίᾳ
1597 2275 1656 2310 τε
1699 2259 1767 2330 τῇ
1826 2254 1938 2311 ἄνω

281 2343 604 2417 κινούμενος
628 2343 720 2398 καὶ
752 2344 885 2417 μετᾶ
916 2343 1184 2417 λογισμοῦ
1231 2342 1460 2419 κρίσεως
1511 2344 1684 2399 πάιτα
1739 2351 1936 2415 ποιῶ-ο,

281 2432 542 2487 κοινωνόν
590 2454 647 2488 σε
692 2437 790 2488 τοῦ
841 2432 1070 2506 κρότους
1121 2436 1318 2509 μικροῦ
1368 2430 1477 2488 δεῖν
1538 2432 1589 2504 ἐξ
1634 2432 1936 2510 ἀδελφικῆς

277 2521 492 2584 εὐνοίας
539 2522 830 2594 πεποίηκε.
877 2520 1228 2598 Προσκείσοω
1285 2521 1389 2598 γὰρ
1445 2526 1514 2596 τῇ
1573 2525 1804 2600 προνοίᾳ
1846 2525 1936 2580 καὶ

273 2613 343 2684 τῇ
373 2615 470 2667 τοῦ
502 2612 780 2687 λογισμοῦ
808 2610 980 2687 κρίσει
1012 2610 1101 2666 καὶ
1131 2611 1194 2666 τὸ
1223 2610 1331 2666 άπὸ
1381 2618 1484 2682 τῆς
1535 2613 1776 2689 σχέσεως
1809 2615 1938 2692 φίλ-

271 2721 426 2776 τρον.
462 2699 634 2758 Πάλιν
686 2699 778 2756 οὖν
826 2702 927 2770 τὴν
974 2702 1198 2777 πρώτην
1234 2723 1318 2756 σοι
1378 2703 1566 2778 φωνὴν
1618 2701 1937 2781 ἐπιφθέγξοο

280 2810 397 2864 μαιο
433 2789 796 2866 εὐτυχέστατε
827 2795 1032 2867 Καῖσαρ
1054 2808 1067 2822 ⁸
1099 2792 1398 2866 προσθήσω
1430 2788 1487 2846 δὲ
1511 2793 1598 2847 καὶ
1632 2781 1940 2869 λογιώτατε

279 2879 370 2934 καὶ
429 2881 708 2958 σοφώτατε
739 2898 752 2913 ·
788 2877 953 2958 ἄμφω
1007 2879 1110 2956 γὰρ
1171 2881 1283 2956 ὁρῶ
1340 2881 1488 2955 παρά
1537 2881 1622 2935 σοὶ
1674 2883 1808 2956 μετᾶ
1835 2891 1936 2954 τῆς

287 2967 539 3044 εὐτυχίας
566 2971 664 3039 τήν
696 2968 885 3048 σοφίαν
919 2967 1008 3024 καὶ
1037 2971 1138 3040 τήν
1171 2967 1492 3046 λογιότητα.

356 3057 452 3111 Καὶ
512 3060 585 3131 μή
649 3080 714 3132 με
774 3055 1056 3133 ὑπολάϐῃς
1115 3057 1326 3114 κόλακα
1389 3057 1718 3129 τηλικοῦτον
1780 3061 1933 3133 εἶναι,

283 3147 502 3219 μᾶλλον
547 3144 604 3202 δὲ
632 3147 814 3222 ἀμαθῆ
849 3147 1156 3220 ἐπαινέτην,
1191 3146 1273 3202 ὅτι
1302 3148 1453 3224 ἀφεὶς
1483 3148 1568 3203 ἐπὶ
1623 3155 1742 3213 τοῖς
1773 3172 1935 3226 στρα-

273 3238 589 3310 τηγήμασιν
631 3236 988 3312 ἐγκωμιάζειν
1036 3259 1112 3307 σε,
1161 3237 1250 3292 καὶ
1304 3240 1386 3300 οἷς
1427 3236 1597 3293 πάλαι
1648 3241 1936 3315 κατώρθω-

2050 2084 2300 2156 cerunt),
2329 2083 2429 2138 sed
2464 2081 2602 2152 quia
2632 2083 2704 2136 ab
2750 2080 2973 2152 optimo
3023 2079 3374 2151 imperatore
3422 2083 3478 2134 et
3527 2079 3704 2135 fratre

2049 2173 2122 2229 ad
2167 2173 2276 2228 hoc
2308 2172 2630 2227 maximum
2665 2169 2963 2241 fastigium
2997 2168 3257 2224 elevatus
3288 2169 3394 2236 sis,
3425 2169 3526 2240 qui
3559 2184 3701 2224 sane

2049 2262 2426 2334 praevidentia
2456 2259 2675 2317 caelesti
2707 2259 2996 2314 adductus
3021 2263 3079 2313 et
3107 2275 3243 2314 cum
3276 2259 3522 2314 rationis
3545 2257 3703 2328 judi-

2049 2353 2138 2406 cio
2162 2351 2362 2406 omnia
2385 2366 2566 2422 agens
2599 2347 2942 2421 participem
2973 2350 3030 2402 te
3061 2347 3316 2418 imperii,
3349 2351 3448 2402 aut
3485 2362 3697 2417 parum

2049 2440 2236 2508 abest,
2270 2439 2524 2494 fraterna
2554 2435 2956 2493 benevolentia
2984 2436 3191 2491 effecit.
3225 2435 3490 2490 Addatur
3538 2436 3698 2490 enim

2049 2526 2422 2599 providentiae
2453 2532 2510 2582 et
2541 2525 2786 2581 rationis
2809 2524 3037 2595 judicio
3068 2523 3337 2580 amicitiae
3359 2525 3534 2579 etiam
3558 2523 3699 2578 inci-

2047 2621 2400 2672 tamentum.
2426 2619 2642 2672 Iterum
2676 2630 2812 2687 ergo
2843 2615 3100 2685 priorem
3132 2613 3238 2667 tibi
3268 2629 3467 2670 vocem
3499 2628 3702 2685 expro-

2051 2723 2232 2777 mam,
2254 2704 2589 2760 felicissime
2618 2707 2826 2770 Cazsar;
2861 2701 3134 2773 adjiciam
3163 2705 3383 2770 autem,
3419 2699 3700 2772 eloquen-

2049 2795 2275 2851 tissime
2305 2799 2361 2851 et
2392 2792 2829 2866 sapientissime
2862 2809 2875 2847 :
2909 2796 3230 2862 utrumque
3259 2791 3418 2846 enim
3449 2791 3607 2863 apud
3647 2795 3704 2848 te

2045 2885 2212 2941 video
2243 2901 2372 2940 cum
2411 2882 2707 2949 felicitate,
2741 2879 3092 2954 sapientiam
3120 2885 3176 2934 ct
3206 2879 3625 2951 eloquentiam.

2116 3067 2184 3118 Et
2217 3080 2288 3118 ne
2323 3078 2414 3118 me
2447 3061 2767 3132 suspiceris
2799 3059 3163 3116 adulatorem
3192 3058 3368 3114 talem
3399 3074 3550 3128 esse,
3591 3075 3701 3130 po-

2043 3152 2165 3208 tius
2195 3168 2328 3206 vero
2362 3150 2700 3220 imperitum
2732 3147 3122 3215 laudatorem,
3173 3147 3311 3215 quia
3359 3146 3600 3202 mittens
3644 3153 3699 3202 te

2047 3243 2117 3297 de
2146 3239 2372 3295 bellicis
2424 3238 2942 3310 slrategematibus
2993 3237 3330 3308 praedicare,
3379 3240 3437 3291 et
3483 3237 3555 3291 de
3604 3236 3698 3291 his

274 3344 372 3387 κας
402 3325 492 3380 καὶ
523 3330 612 3380 νῦν
643 3329 952 3400 κατορθοῖς,
986 3327 1084 3396 τήν
1114 3326 1220 3382 ἀπὸ
1267 3331 1365 3382 τοῦ
1415 3324 1583 3403 λόγου
1641 3350 1724 3384 σοι
1759 3329 1927 3407 εὐφη-

2048 3346 2174 3402 quas
2218 3329 2359 3384 olim
2415 3330 2562 3384 bene
2621 3326 2794 3399 egisti
2848 3331 2904 3382 et
2965 3343 3122 3382 nunc
3181 3325 3330 3397 agis,
3391 3343 3423 3380 ιι
3481 3324 3696 3381 litteris

275 3412 402 3486 μίαν
433 3415 717 3490 προσάγω,
755 3417 893 3487 μήτε
922 3414 1358 3493 φιλοσοφήσαντί
1389 3437 1524 3472 ποτε
1576 3419 1716 3490 μήτε
1766 3417 1930 3494 ῥητο-

271 3502 542 3578 ρεύσαντι.
575 3505 703 3580 Οὐχ
735 3503 907 3567 οὕτως
949 3505 1180 3578 ἐμαυτὸν
1233 3505 1427 3562 άπατῶ
1463 3525 1475 3538 ·
1520 3505 1647 3562 ἀλλ’
1693 3505 1817 3562 οὔτε
1874 3509 1932 3563 σὲ

267 3593 473 3664 άπατᾷν
510 3591 806 3666 βούλομαι.
839 3595 900 3651 Ὀ
937 3593 1037 3670 γάρ
1069 3615 1152 3648 σοι
1197 3596 1320 3670 περὶ
1366 3595 1494 3660 τοὺς
1539 3593 1744 3671 λόγους
1796 3595 1932 3671 ἔρως

264 3681 355 3736 καὶ
399 3684 434 3751 ἡ
488 3681 754 3755 ἐπιθυμία
800 3690 900 3753 τῆς
939 3684 1188 3758 γνώσεως
1234 3685 1324 3739 καὶ
1370 3685 1433 3740 τὸ
1473 3684 1674 3741 ἐθέλειν
1739 3685 1930 3762 λόγοις

265 3777 455 3849 σοφοῖς
509 3771 747 3845 ὁμιλεῖν,
775 3767 839 3828 τό
880 3793 939 3828 τε
991 3772 1273 3848 θέλγεσθαι
1323 3773 1517 3830 κάλλει
1576 3776 1930 3851 συγγραμμά-

263 3881 373 3915 των
418 3861 509 3916 καὶ
563 3860 869 3917 ἐπιστολῶν
920 3865 1134 3939 χάρισι,
1175 3861 1376 3935 ταύτην
1439 3885 1524 3918 σοι
1581 3865 1681 3934 τὴν
1736 3864 1924 3943 σοφίαν

264 3959 700 4030 προσμαρτυρεῖ.

340 4047 465 4106 Τοῖς
497 4042 591 4115 μίν
643 4043 732 4096 οὖν
793 4040 1052 4105 παλαιοῖς
1110 4041 1334 4106 ἐκείνοις
1396 4044 1656 4119 Καίσαρσι
1705 4045 1770 4101 τὸ
1825 4052 1928 4115 τῆς

271 4131 546 4208 εὐτυχίας,
576 4127 753 4204 ὄνομα
814 4134 1016 4208 μέχρις
1076 4133 1254 4189 αὐτῶν
1311 4134 1401 4205 ἦν,
1461 4134 1551 4189 καὶ
1610 4132 1788 4198 οὐδεὶς
1817 4139 1926 4190 τῶν

266 4227 450 4298 σοφῶν
483 4220 558 4277 δι’
585 4221 818 4285 ἐκείνους
879 4222 1149 4298 εὐτύχησε
1181 4241 1194 4255 ·
1229 4227 1296 4296 τῇ
1353 4220 1410 4277 δὲ
1455 4227 1522 4296 σῇ
1583 4223 1924 4300 μεγαλοπρε-

259 4312 388 4383 πείᾳ
419 4311 601 4388 ὥσπερ
634 4310 802 4380 ἡλίου
834 4317 949 4389 φῶς
994 4314 1030 4382 ἠ
1073 4310 1271 4381 κλῆσις
1312 4312 1522 4387 ἐγένετο
1556 4333 1570 4347 ·
1605 4315 1695 4368 καὶ
1752 4315 1810 4376 ὃς
1853 4312 1924 4371 δι’

254 4399 320 4456 ἄν
368 4421 453 4456 σοι
495 4400 776 4475 πλησιάσῃ
827 4399 980 4464 εὐθὺς
1029 4399 1266 4474 εὐτυχεῖ.
1304 4401 1400 4455 Καὶ
1457 4401 1654 4456 τούτου
1716 4403 1921 4480 μαρτύ-

254 4511 375 4565 ριον
409 4489 570 4552 αὐτὸς
603 4495 821 4566 πρῶτος
851 4489 980 4565 ἐγώ.
1015 4487 1192 4544 Πάλαι
1256 4490 1350 4562 μὶν
1382 4489 1484 4566 γὰσ
1516 4489 1604 4545 ἐπὶ
1652 4496 1774 4556 τοῖς
1821 4491 1922 4548 λό-

249 4597 374 4650 γοις
405 4575 797 4650 ἐθαυμαζόμην
831 4597 845 4609 ⁸
877 4581 968 4631 νῦν
1003 4573 1061 4632 δὲ
1091 4575 1178 4631 ἐπὶ
1208 4581 1276 4651 τῇ
1311 4580 1377 4651 σῇ
1410 4576 1570 4655 φιλίᾳ
1619 4576 1919 4653 εὐδόκιμος

257 4661 310 4716 ἐν
343 4669 472 4719 πᾶσι
504 4663 804 4740 γεγένημαι
837 4683 850 4697 ⁸
884 4665 1069 4720 καινὸν
1101 4665 1204 4740 γάρ
1255 4685 1314 4719 σε
1360 4669 1468 4719 τῶν
1529 4665 1676 4738 ἐμῶν
1731 4665 1915 4742 λόγων

2043 3419 2394 3491 applausum
2421 3417 2528 3472 tibi
2551 3417 2858 3488 δῦθι-ο,ᾳυὶ
2881 3431 3068 3488 neque
3091 3414 3473 3488 philosophiae
3505 3431 3696 3486 neque

2040 3508 2383 3580 elequentias
2415 3508 2654 3562 deditus
2685 3505 2868 3562 fuisti.
2902 3505 3027 3561 Non
3060 3505 3144 3561 ita
3182 3510 3398 3560 memet
3445 3505 3692 3575 decipio,

2041 3600 2140 3653 sed
2177 3615 2367 3669 neque
2396 3602 2453 3652 te
2493 3597 2763 3668 decipere
2814 3594 2962 3651 volo.
3004 3594 3151 3650 Nam
3196 3610 3364 3650 amor
3407 3593 3506 3649 ille
3553 3600 3694 3648 tuus

2039 3685 2368 3741 litterarum
2401 3692 2459 3741 et
2487 3685 2765 3741 doctrinae
2797 3684 3088 3748 studium,
3120 3687 3178 3738 et
3206 3682 3352 3738 velle
3398 3683 3696 3753 sapientes

2039 3776 2192 3831 inter
2222 3791 2527 3830 sermones
2559 3773 2914 3838 conversari,
2944 3778 3002 3828 et
3029 3772 3304 3828 delectari
3337 3774 3693 3843 scriptorum

2037 3864 2481 3937 pulchritudine
2542 3869 2600 3919 et
2655 3862 3037 3935 epistolarum
3099 3862 3311 3934 gratia,
3368 3861 3472 3917 tibi
3541 3861 3692 3917 hanc

2036 3954 2232 4010 inesse
2264 3953 2616 4026 sapientiam
2650 3955 3026 4009 attestantur.

2109 4043 2414 4100 Veteribus
2443 4042 2682 4114 quidem
2717 4040 2895 4114 igitur
2925 4040 3056 4096 istis
3085 4040 3411 4096 Czesaribus
3445 4039 3688 4094 felicita-

2035 4130 2113 4186 tis
2143 4146 2358 4185 nomen
2391 4145 2570 4201 penes
2601 4145 2701 4185 eos
2742 4127 2870 4193 fuit,
2921 4128 3023 4184 sed
3071 4126 3270 4182 nullus
3325 4127 3683 4200 sapientium

2035 4238 2138 4294 per
2168 4239 2268 4276 eos
2292 4221 2562 4278 felicitate
2597 4237 2740 4276 usus
2769 4225 2857 4274 est
2890 4237 2902 4274 :
2937 4225 3048 4276 tua
3081 4225 3278 4276 autem
3307 4219 3683 4292 magniﬁcen-

2033 4311 2128 4367 tiae
2160 4317 2226 4366 ut
2255 4311 2452 4366 lumen
2485 4309 2595 4366 soli
2623 4309 2742 4366 hac
2770 4308 3083 4382 appellatio
3126 4309 3428 4378 convenit;
3474 4314 3530 4364 et
3578 4309 3682 4381 qui

2033 4401 2105 4456 ad
2156 4407 2212 4455 te
2271 4399 2584 4456 accesserit
2641 4400 2840 4456 statim
2899 4398 3174 4455 felicitate
3200 4397 3436 4454 fruitur.
3491 4400 3684 4470 Hujus

2033 4505 2268 4561 quoque
2298 4488 2465 4544 testis
2493 4487 2620 4561 ipse
2652 4489 2879 4560 primus
2910 4502 3016 4561 ego
3047 4503 3201 4544 sum.
3234 4486 3384 4544 Olim
3429 4504 3688 4560 namque

2032 4582 2271 4650 propter
2301 4593 2603 4634 sermones
2653 4577 3101 4634 admirationem
3155 4594 3473 4648 moverem,
3525 4594 3683 4633 nunc

2029 4675 2164 4724 vero
2198 4672 2436 4740 propter
2464 4671 2628 4723 tuam
2660 4667 2980 4723 amicitiam
3010 4668 3271 4724 famosus
3293 4667 3448 4739 apud
3475 4683 3683 4724 omnes

259 4752 544 4824 ἐπαινέτην
605 4751 886 4829 εὐτύχηκα
917 4773 930 4788 ⁸
964 4755 1052 4809 καὶ
1107 4753 1343 4827 μάλιστα
1392 4752 1498 4824 ὅτι,
1528 4754 1655 4818 τοὺς
1711 4753 1919 4821 ἄλλους

2043 4757 2220 4812 factus
2254 4772 2656 4813 sumznovum
2691 4755 2848 4810 enim
2883 4773 3150 4814 meorum
3182 4772 3523 4813 sermonum
3555 4754 3681 4811 lau-

253 4841 458 4920 σοιροὺς
487 4842 642 4921 ἀφεὶς
671 4840 898 4916 (πολλοὶ
953 4840 1012 4898 δὲ
1069 4841 1198 4907 ἴσως
1259 4843 1390 4898 εἷ’σὶν
1451 4843 1587 4918 ἐμοῦ
1651 4844 1916 4910 καλλίους

249 4937 346 4988 καῖ
383 4931 766 5008 ὑψηλότεροι),
801 4931 864 4988 σὺ
895 4929 953 4988 δὲ
986 4931 1176 5010 βούλει
1206 4937 1314 4988 τῶν
1341 4933 1487 5007 ἐμῶν
1526 4933 1706 5008 μόνων
1759 4935 1916 5011 χαρί-

246 5043 359 5077 των
415 5027 776 5096 κατατρυφᾷν,
840 5023 954 5094 καὶ,
1022 5023 1116 5085 τὰς
1164 5020 1515 5088 ὠκεανίτιδας
1565 5029 1675 5080 τῶν
1742 5023 1914 5080 πάλαι

245 5114 437 5188 σοφῶν
465 5109 783 5166 καταλιπὼν
815 5111 1016 5185 πηγὰς,
1046 5113 1108 5166 τὸ
1155 5112 1286 5186 ἐμὸν
1342 5111 1712 5190 Αεπτόρῥυτον
1763 5112 1910 5192 ὕδωρ

241 5198 386 5276 ἆρύῃ
413 5200 503 5255 καὶ
537 5197 737 5275 χανδὸν
770 5199 991 5277 ἐμφορῇ
1022 5221 1128 5274 μου
1159 5206 1259 5257 τοῦ
1288 5201 1547 5276 νάματος.

317 5287 606 5366 Ἀλλ⁹ἐγὼ
643 5290 738 5363 μὲν
789 5288 877 5345 ἐπὶ
924 5289 1270 5369 σοι-εὐτυχῶ
1321 5293 1410 5347 καὶ
1473 5291 1614 5367 μέγα
1673 5297 1858 5369 φρονῶ
1891 5313 1904 5328 ·

235 5381 327 5436 σοὶ
387 5376 435 5434 δ’
465 5379 569 5456 ἄρα
619 5378 704 5442 τίς
755 5377 967 5454 δαίμων
1017 5358 1302 5451 ἐξάσκηνε,
1332 5378 1422 5435 καί
1470 5358 1726 5454 νοήματά
1777 5403 1901 5438 τινα

236 5468 625 5531 δυσελπιστίας
682 5471 849 5542 μεστὰ
903 5473 972 5544 τῇ
1027 5473 1180 5545 ψυχῆ
1241 5490 1338 5524 σου
1404 5468 1751 5548 παρέφθειρι,
1813 5471 1904 5526 καὶ

237 5556 552 5638 ὑπείληφας
601 5557 683 5613 ὅτι
733 5579 817 5614 σοι
868 5560 896 5614 ὁ
939 5556 1295 5637 ἀδελφὸς,’ίν⁹
1326 5557 1498 5621 οὕτως
1551 5558 1763 5633 εἴποιμι
1812 5560 1902 5615 καὶ

233 5649 446 5726 πατὴρ,
504 5646 792 5719 ἠλάττωσέ
848 5669 934 5704 σοι
990 5649 1090 5718 τὴν
1161 5652 1386 5727 πρώτην
1452 5647 1754 5723 εὐμένειαν,
1811 5649 1901 5705 καὶ

245 5740 417 5814 μὲχρι
469 5743 577 5794 τῶν
633 5739 976 5814 παρασήμων
1051 5743 1151 5805 τῆς
1225 5738 1482 5816 εὐτυχίας
1552 5737 1898 5815 προαγαγὼν,

239 5836 345 5898 τῆς
391 5829 529 5906 πρὸς
577 5828 636 5884 σὶ
684 5827 892 5891 εὐνοίας
943 5827 1212 5885 ἐπαύσατο
1243 5857 1258 5904 ;
1291 5830 1413 5889 Τίνι
1457 5832 1586 5908 γοῦν
1633 5825 1720 5886 ἐπὶ
1774 5833 1900 5894 ταῖς

2029 4847 2290 4902 datorem
2327 4845 2572 4902 feliciter
2601 4847 2850 4918 adeptus
2880 4852 3114 4915 sum;et
3143 4846 3466 4919 presertim
3498 4847 3676 4916 quod,

2027 4934 2175 4991 alios
2215 4936 2511 5007 sapienles
2542 4933 2995 5007 pretermittens
3038 4935 3240 5003 (multi
3285 4941 3484 4991 autem
3533 4936 3680 4990 forte

2026 5031 2167 5080 sunt
2186 5041 2278 5080 me
2300 5025 2572 5081 meliores
2594 5030 2651 5080 et
2673 5023 3160 5095 sublimiores),tu
3175 5025 3262 5081 vis
3287 5026 3429 5081 meis
3451 5027 3679 5080 tantum

2023 5111 2326 5186 leporibus
2356 5113 2654 5180 delectari,
2681 5119 2738 5168 et
2772 5113 3090 5170 Oceanicos
3136 5119 3398 5169 veterum
3447 5111 3680 5184 sapien-

2021 5203 2167 5258 tium
2196 5203 2386 5258 fontes
2417 5201 3202 5274 relinquens,tenuissimam
3236 5216 3428 5257 meam
3457 5217 3676 5272 aquam

2021 5290 2226 5346 hauris
2258 5297 2314 5346 et
2344 5307 2442 5346 ore
2473 5290 2660 5346 hianti
2694 5306 2824 5346 meo
2853 5308 2923 5346 ex
2955 5289 3142 5346 rivulo
3174 5287 3506 5346 inebriaris.

2091 5381 2201 5436 Sed
2225 5396 2332 5452 ego
2354 5380 2592 5452 quidem
2615 5379 2686 5435 de
2709 5383 2762 5436 te
2777 5379 2921 5435 mihi
2947 5379 3214 5452 gratulor
3231 5377 3672 5451 etglorior,Tibi

2017 5472 2174 5529 enim
2194 5471 2328 5544 quis
2348 5472 2576 5527 daemon
2594 5470 2898 5538 invidit,et
2914 5471 3370 5544 cogitationibus
3391 5472 3672 5543 despera-

2016 5562 2176 5617 tione
2207 5559 2397 5633 plenis
2423 5565 2678 5616 mentem
2715 5563 2872 5617 tuam
2908 5560 3190 5633 corrupit,
3212 5565 3275 5615 ut
3305 5559 3676 5616 arbitrareris

2013 5657 2177 5708 tuum
2199 5652 2628 5722 fratrem,etuta
2647 5649 2834 5706 dicam
2855 5657 3104 5724 patrem,
3123 5650 3496 5707 imminuisse
3515 5650 3670 5722 prio-

2012 5758 2138 5797 rem
2158 5741 2215 5797 in
2231 5746 2289 5798 te
2303 5740 2725 5812 benignitatem
2737 5780 2751 5807 ,
2772 5743 2828 5795 et
2840 5740 2911 5795 ad
2929 5739 3225 5796 felicitatis
3242 5738 3542 5812 fastigium
3564 5739 3668 5795 ad-

2010 5832 2044 5887 d
2056 5825 2590 5897 ucentem,bensvol
2599 5825 2819 5886 entiam
2830 5827 2891 5886 in
2907 5833 2962 5886 te
2975 5827 3472 5902 deposuisse?0uo
3487 5826 3672 5900 igitur
