4124 6404
500 462 650 525 “83

1829 460 2253 521 MICHAELIS
2298 461 2391 522 PS
2404 460 2573 525 ELLI

3758 458 3923 520 1184

496 596 567 651 de
598 594 793 651 fratris
823 592 1076 667 egregiis
1105 592 1346 650 dotibus
1378 595 1527 649 teste
1557 591 1720 648 utar?
1748 607 1922 663 quem
1955 591 2138 647 alium

2277 593 2349 645 τοῦ
2397 586 2638 667 ἀδελφοῦ
2687 587 2987 653 καλλοναῖς
3040 591 3274 664 μάρτυρι
3323 591 3646 664 χρήσομαι;
3693 587 3816 644 τίνα
3862 585 3924 643 δὲ

495 685 787 757 proferam
821 700 998 741 sacres
1028 682 1191 740 illius
1221 682 1429 739 animai
1458 682 1905 738 veracissimum
1928 679 2149 738 descri-

492 778 721 845 ptorem
745 778 769 829 Ρ
797 773 972 829 Solus
1001 773 1131 845 ipse
1162 773 1445 841 sufﬁcies,
1498 772 1600 844 qui
1653 775 1787 827 ante
1834 770 2149 843 imperium

490 862 681 919 virum
714 863 863 918 mihi
894 879 1047 935 saepe
1079 861 1483 934 depinxisti,et
1512 865 1645 933 post
1673 860 1988 933 imperium
2011 859 2153 916 talia

492 951 666 1007 nobis
695 950 932 1008 locutus
963 968 1026 1007 es
1058 968 1074 1007 :
1107 973 1137 1002 «
1172 955 1377 1007 Nonne
1408 950 1544 1006 talis
1569 950 1752 1005 frater
1779 954 1869 1006 est
1915 948 2151 1021 qualem

493 1041 607 1096 tibi
637 1056 772 1097 eum
805 1039 1096 1113 descripsi
1124 1046 1181 1097 et
1208 1039 1489 1096 veraciter
1516 1038 1828 1112 depinxi?»
1860 1039 2151 1095 Memento

494 1129 757 1202 epistola:
788 1146 857 1185 ex
886 1130 1105 1186 Edessa
1131 1134 1190 1186 et
1218 1145 1558 1186 sermonum
1582 1128 2153 1201 posteriorum.Quid

497 1224 693 1275 autem
725 1219 832 1274 tali
866 1218 1064 1291 plures
1093 1235 1279 1275 annos
1306 1218 1366 1273 in
1414 1219 1628 1274 virtute
1675 1223 2057 1275 conversatus
2099 1221 2157 1272 et

496 1308 557 1363 in
588 1325 796 1365 omnes
817 1308 1112 1380 benignus
1141 1313 1198 1364 et
1229 1307 1824 1364 benevolentissimus
1850 1308 2061 1373 factus,
2092 1305 2154 1361 in

495 1402 555 1454 te
584 1396 710 1453 solo
741 1398 1077 1454 immutavit
1106 1398 1323 1454 mentis
1355 1398 1781 1470 ingenuitatem
1801 1397 1829 1453 ?
1861 1397 1943 1453 Ne
1972 1397 2030 1452 id
2064 1413 2155 1453 ar-

497 1487 754 1557 bitreris,
788 1487 1008 1559 optime
1027 1488 1285 1544 virorum
1308 1488 1663 1544 omnium.Si
1686 1486 1842 1542 enim
1869 1503 1963 1542 me
1983 1489 2157 1557 putas

498 1575 563 1631 in
596 1576 851 1631 animam
884 1576 1174 1649 inspicere
1204 1593 1379 1649 posse
1405 1581 1463 1632 et
1483 1575 1713 1632 occulta
1732 1580 1791 1631 et
1812 1575 2159 1632 abscondita

502 1681 745 1722 noscere
777 1665 1035 1734 solertia,
1067 1666 1176 1721 tibi
1210 1683 1377 1722 mens
1405 1665 1566 1721 illius
1593 1666 1872 1732 adhaeret,
1903 1666 2157 1721 benevo-

499 1754 682 1812 lentia
710 1756 771 1811 in
796 1759 852 1812 te
881 1757 1173 1814 asseritur
1201 1760 1258 1812 et
1289 1761 1539 1829 augetur
1559 1754 1999 1828 benignitas.Tu
2023 1770 2157 1810 vero

503 1845 701 1901 noscis
728 1845 939 1901 melius
975 1863 1153 1917 quam
1185 1862 1291 1918 ego
1318 1850 1490 1900 tuum
1521 1845 1761 1901 fratrem
1794 1861 1909 1900 non
1941 1844 2159 1900 habere

497 1934 820 1992 adulatoris
839 1935 1182 2006 indolem,et
1199 1934 1642 2006 amicitiamque
1658 1935 2156 2006 concordiamque

506 2041 623 2080 non
654 2023 712 2079 in
736 2041 835 2080 ore
864 2024 1295 2093 clamitare,sed
1322 2025 1379 2080 in
1403 2029 1598 2080 mente
1620 2024 2154 2081 abscondere.Nam

504 2113 799 2171 labiorum
828 2112 1015 2186 elogia
1043 2114 1261 2187 linquit
1288 2114 1429 2170 viris
1461 2113 1727 2170 delicatis
1758 2118 1815 2170 et
1844 2114 2157 2186 obsequio-

512 2204 634 2273 sis;
680 2205 804 2277 ipse
856 2208 1052 2262 autem
1111 2204 1424 2276 antiquum
1479 2220 1849 2260 summorum
1907 2203 2167 2259 virorum

510 2312 735 2352 morem
771 2296 1040 2352 imitatur
1072 2303 1129 2352 et
1164 2296 1428 2363 sublimi,
1463 2295 1690 2369 judicio
1726 2296 2009 2369 praeditus
2041 2302 2161 2351 est:

511 2385 757 2441 minime
804 2385 863 2442 in
923 2385 1141 2443 amicos
1202 2386 1478 2443 intonare
1532 2384 1759 2455 volens,
1805 2383 2167 2457 tranquillus

507 2479 674 2532 estet
696 2480 1253 2548 serenus,tanquam
1276 2474 1501 2548 zephiri
1524 2492 1667 2531 aura
1686 2475 1745 2530 in
1771 2475 2001 2531 animos
2025 2474 2169 2529 ami-

509 2580 711 2621 corum
735 2566 992 2638 spirans.
1012 2565 1102 2621 Me
1125 2564 1309 2637 igitur
1329 2581 1484 2636 saepe
1515 2564 1747 2636 decepit
1779 2581 1895 2620 non
1925 2579 2167 2619 currens

509 2655 583 2710 ad
616 2660 1019 2711 accurrentem
1053 2670 1245 2725 neque
1270 2654 1530 2710 suaviter
1577 2651 1976 2725 amplectens;
2028 2656 2169 2706 tunc

513 2743 693 2798 etiam
724 2759 818 2799 res
848 2742 996 2798 mihi
1029 2746 1405 2815 contemptus
1434 2742 1766 2809 videbatur,
1798 2743 2009 2797 deinde
2037 2758 2170 2797 vero

513 2831 674 2888 brevi
708 2832 876 2888 illum
906 2836 1247 2905 penetrans,
1300 2832 1500 2904 potius
1553 2836 1759 2904 expeto
1815 2836 1882 2887 ut
1927 2830 1987 2886 in
2036 2847 2169 2888 sen-

510 2920 697 2977 tentia
725 2926 1055 2993 perseveret
1087 2938 1265 2993 quam
1301 2927 1364 2977 ut
1396 2938 1620 2977 morem
1655 2925 1865 2977 mutet.

2262 680 2432 737 ἄλλον
2495 675 2885 756 προϐαλυῦμαι
2930 687 3029 750 τῆς
3078 682 3222 755 ἱερᾶς
3272 678 3481 736 ἐκείνου
3528 683 3716 756 ψυχῆς
3783 678 3926 734 συνί-

2263 790 2433 846 στορα
2480 765 2905 847 ἀκριϐέστατον;
2958 770 3201 845 ἀρκέσεις
3275 770 3440 843 μόνος
3498 769 3679 841 αὐτὸς,
3726 769 3786 832 ὃς
3827 770 3923 823 καὶ

2260 861 2369 934 πρὸ
2397 864 2496 916 τοῦ
2526 861 2759 936 κράτους
2790 862 2884 916 τὸν
2915 857 3084 936 ἄνδρα
3142 881 3236 934 μοι
3282 857 3555 922 πολλάκις
3603 860 3922 935 ὑπεζωγρά-

2263 971 2465 1029 φησας,
2519 951 2610 1005 καὶ
2674 952 2809 1024 μετὰ
2866 951 2931 1006 τὸ
2997 951 3195 1025 κράτος
3265 954 3489 1006 τοιαῦτα
3559 950 3697 1025 πρὸς
3769 950 3922 1021 ἡμᾶς

2264 1040 2529 1118 ἐφθέγγου
2561 1060 2576 1074 ·
2614 1064 2643 1093 ‹‹
2672 1042 2791 1116 Ἆρ’
2833 1039 2963 1116 οὐχὶ
3010 1044 3260 1102 τοιοῦτος
3309 1041 3339 1094 ὁ
3389 1036 3625 1104 ἀδελφὸς
3673 1038 3790 1093 οἷόν
3833 1058 3923 1094 σοι

2269 1155 2297 1183 ‹‹
2324 1134 2516 1186 τοῦτον
2553 1130 2804 1206 ἱστόρουν
2855 1129 2945 1185 καὶ
2996 1124 3236 1205 ἀκριϐῶς
3278 1124 3512 1207 ἔγραφον
3540 1147 3555 1197 ς
3590 1152 3619 1180 ››
3652 1129 3925 1201 Ἀναμνή-

2266 1219 2425 1290 σθητί
2479 1241 2573 1293 μοι
2619 1219 2708 1275 καὶ
2756 1223 2854 1274 τοῦ
2908 1219 2960 1290 ἐξ
3011 1217 3267 1289 Ἐδέσσης
3300 1219 3623 1295 γράμματος
3673 1217 3765 1273 καὶ
3811 1222 3918 1272 τῶν

2270 1309 2404 1382 μετά
2449 1314 2616 1364 ταῦτα
2660 1307 2867 1384 λόγων.
2918 1308 2983 1366 Τί
3036 1305 3094 1363 δὲ
3147 1309 3176 1363 ὁ
3230 1307 3466 1382 τοσαύτῃ
3518 1306 3605 1362 ἐπὶ
3668 1304 3917 1361 πλείοσιν

2266 1397 2407 1454 ἔτεσι
2437 1398 2755 1476 συντραφεὶς
2805 1398 2971 1475 ἀρετῇ
3021 1396 3111 1453 καὶ
3143 1403 3305 1452 πᾶσιν
3350 1394 3592 1465 ἐπιεικὴς
3640 1395 3730 1450 καὶ
3778 1414 3919 1471 χρη-

2268 1487 2522 1551 στότατος
2550 1488 2816 1564 γεγονὼς,
2850 1487 2938 1542 ἐπὶ
2990 1487 3075 1542 σοὶ
3118 1486 3271 1560 μόνῳ
3332 1484 3641 1560 μετήλλαξε
3684 1487 3783 1554 τὴν
3836 1484 3924 1540 εὐ-

2265 1577 2471 1654 γένειαν
2515 1585 2617 1647 τῆς
2661 1580 2888 1653 ψυχῆςς
2939 1578 3016 1651 μή
3075 1580 3236 1632 τοῦτο
3282 1573 3423 1644 οἷόυ,
3468 1573 3732 1631 κάλλιστε
3788 1573 3924 1628 πάνυ

2265 1687 2375 1722 των
2419 1663 2653 1743 ἀνδρῶν.
2691 1665 2752 1723 Εἰ
2810 1667 2915 1742 γάρ
2977 1686 3044 1739 με
3100 1663 3199 1721 οῗει
3258 1664 3335 1727 εἷς
3391 1666 3575 1740 ψυχήν
3608 1662 3926 1739 παρακύψαι

2270 1754 2568 1830 δυνάμενον
2597 1756 2684 1812 καὶ
2733 1755 2937 1834 κρύφια
2986 1760 3172 1828 μαθεῖν
3220 1754 3311 1810 καὶ
3366 1752 3649 1831 ἀπόρρητα
3692 1754 3927 1829 γνώμης

2271 1845 2513 1917 ὀξύτητι,
2545 1843 2917 1920 ἐνεστήρικταί
2949 1866 3037 1899 σοι
3084 1847 3118 1915 ἡ
3169 1844 3374 1900 ἐκείνου
3411 1844 3604 1919 γνώμη
3658 1842 3748 1898 καὶ
3796 1862 3931 1917 προ-

2267 1934 2499 2000 τὲθειταί
2556 1956 2641 1991 σοι
2694 1936 2758 1990 τὸ
2816 1931 2998 1989 εὔνουν
3056 1935 3148 1989 καὶ
3196 1933 3427 2006 ηῧξηται
3476 1935 3511 2004 ἦ
3546 1933 3816 2009 εὐμένεια.
3850 1932 3929 1986 Σὺ

2268 2022 2325 2080 δὲ
2374 2021 2525 2089 οἶδας
2572 2023 2708 2098 ἐμοῦ
2755 2022 2986 2079 κάλλιον
3038 2024 3131 2079 τὸν
3180 2023 3270 2078 σὸν
3320 2020 3555 2100 ἀδελφὸν
3597 2021 3680 2077 ὅτι
3731 2021 3933 2078 ἀκολά-

2273 2135 2460 2169 κευτον
2517 2111 2633 2190 ἔχει
2684 2114 2747 2168 τὸ
2797 2114 2956 2184 ἦθος,
2987 2114 3077 2168 καὶ
3126 2113 3225 2182 τὴν
3272 2110 3457 2191 φιλίαν
3503 2113 3592 2168 καὶ
3632 2112 3730 2182 τήν
3778 2111 3937 2186 εὐμέ-

2274 2224 2417 2257 νειαν
2470 2202 2571 2258 οὐκ
2616 2200 2668 2257 ἐν
2721 2206 2791 2276 τῇ
2847 2201 3072 2278 γλώσσῃ
3103 2202 3373 2276 σαλπίζει,
3408 2200 3537 2259 ἀλλ’
3568 2201 3619 2258 ἒν
3675 2205 3743 2277 τῇ
3775 2205 3936 2278 ψυχῇ

2275 2292 2657 2364 κατακρύπτει.
2709 2293 2817 2362 Τὴν
2868 2292 2972 2368 γὰρ
3023 2291 3076 2348 ἰν
3148 2291 3393 2368 χείλεσιν
3446 2293 3720 2371 εὐφημίαν
3780 2313 3937 2368 περι-

2278 2383 2462 2459 ἑργοις
2523 2382 2727 2459 ἀφῆκεν
2797 2379 3018 2457 ἀνδράσι
3062 2381 3152 2437 καὶ
3206 2380 3597 2456 εὐτραπέλοις·
3657 2381 3822 2443 αὐτὸς
3880 2378 3942 2435 δὲ

2275 2471 2338 2526 τὸ
2394 2472 2624 2548 ἀρχαῖον
2678 2475 2787 2527 τῶν
2856 2472 3124 2546 μεγίστων
3175 2469 3382 2547 ἀνδρῶν
3442 2471 3751 2546 μεμίμηται
3804 2470 3947 2539 ἦθος

2276 2561 2367 2615 καὶ
2400 2558 2734 2640 ὑψηλόφρων
2777 2562 2906 2636 ἄγαν
2961 2560 3073 2616 ἐστί
3101 2582 3113 2595 ·
3151 2562 3382 2637 βροντᾷν
3443 2558 3500 2615 δὲ
3553 2559 3752 2630 ἥκιστα
3804 2561 3948 2636 πρὸς

2277 2649 2406 2712 τοὺς
2437 2649 2629 2729 φίλους
2666 2647 3027 2727 βουλόμενος,
3062 2650 3209 2713 λεῖος
3259 2650 3369 2706 ἐστῖ
3414 2650 3507 2705 καὶ
3557 2649 3807 2722 ἀκύμων,
3840 2647 3949 2704 ὥσ-

2278 2760 2377 2814 περ
2414 2739 2644 2815 ζεφύρου
2690 2745 2904 2815 πνεῦμα
2943 2745 3063 2803 ταῖς
3100 2745 3207 2795 τῶν
3267 2741 3615 2818 φιλουμένων
3666 2738 3941 2794 ἐπιπνέων

2279 2832 2505 2905 ψυχαῖς.
2539 2831 2673 2903 Ἐμὲ
2710 2834 2838 2906 γοῦν
2865 2827 3141 2893 πολλάκις
3182 2830 3431 2901 ήπάτησε
3484 2831 3558 2904 μὴ
3620 2826 3948 2904 συνδραμὼν

2280 2916 2686 2995 προσδραμόντι
2723 2918 2865 2993 μηδὲ
2891 2918 3069 2991 ἡδέως
3101 2919 3583 2994 κατασπασάμενος
3619 2938 3632 2951 ’
3675 2920 3765 2975 καὶ
3819 2918 3948 2974 τότε

519 3008 615 3083 μὲν
645 3008 946 3084 παρόρασιν
979 3005 1324 3083 ἐλογισάμην
1354 3008 1418 3063 τὸ
1450 3014 1680 3084 πρᾶγμα
1714 3027 1726 3039 ·
1757 3009 1871 3064 εἶτα
1901 3005 1991 3080 δὴ,
2022 3003 2343 3086 καταϐραχὺ
2375 3010 2577 3069 συνιεὶς
2626 3007 2855 3083 ἐκείνου,
2893 3008 3104 3086 μᾶλλον
3155 3008 3399 3082 ἐπιζητῶ
3444 3016 3547 3080 τῆς
3597 3008 3826 3087 γνώμης
3875 3008 3942 3063 τὸ

511 3097 737 3170 σύνηθες
767 3096 803 3167 ἢ
833 3099 931 3168 τὴν
963 3101 1061 3153 τοῦ
1090 3095 1262 3167 ἤθους
1294 3095 1679 3174 μεταλλαγήν.

582 3223 739 3280 Talis
768 3229 857 3280 est
886 3230 1120 3294 mente;
1153 3230 1212 3281 et
1234 3225 1520 3282 scientem
1552 3229 1608 3281 te
1635 3224 1784 3281 illud
1816 3241 1924 3281 cur
1962 3242 2177 3282 maeror

2354 3225 2621 3290 Τοιοῦτός
2671 3225 2783 3281 ἐστι
2839 3226 2941 3296 τὴν
2998 3227 3207 3301 ψυχήν.
3257 3225 3358 3281 Καὶ
3410 3222 3582 3280 εἰδότι
3634 3245 3725 3279 σοι
3775 3226 3938 3277 τοῦτο

510 3312 757 3381 invadit,
787 3330 918 3369 cum
953 3318 1223 3386 oporteat
1254 3316 1454 3387 potius
1500 3314 1809 3387 complecti
1856 3330 2067 3387 puram
2121 3319 2164 3371 ei

2284 3311 2377 3368 διὰ
2418 3312 2474 3370 τί
2522 3313 2851 3389 προσπίπτει
2908 3313 3048 3383 ἀνία,
3082 3312 3201 3370 δέον
3238 3312 3455 3387 μᾶλλον
3503 3313 3828 3383 ἀσπάζεσθαι
3874 3312 3944 3367 τὸ

514 3404 809 3460 sinceram
834 3403 1209 3476 imperatoris
1238 3403 1541 3461 indolem?

588 3493 708 3565 Ego
738 3491 920 3564 igitur
947 3493 1060 3565 ipsi
1081 3497 1246 3550 tuam
1271 3494 1538 3566 relegens
1558 3492 2170 3565 epistolam,videbam

517 3581 812 3652 quomodo
843 3581 966 3638 haec
997 3582 1234 3654 quidem
1264 3583 1659 3652 subriderent,
1689 3581 1792 3637 illa
1829 3597 1965 3637 vero
2012 3580 2168 3637 dele-

518 3674 766 3727 ctarent.
800 3670 946 3727 Cum
974 3676 1172 3729 autem
1201 3672 1455 3745 legerem
1488 3670 1572 3727 illi
1603 3671 1958 3727 monachum
1989 3675 2047 3727 et
2085 3670 2173 3727 in-

503 3765 735 3832 tegram
766 3760 1176 3829 mutationem,
1211 3778 1420 3833 parum
1454 3760 1643 3817 abfuit
1686 3761 1828 3833 quin
1880 3760 2170 3835 lacryma-

512 3854 695 3920 retur,
728 3848 843 3905 nisi
874 3867 909 3906 a
954 3866 1041 3907 me
1088 3850 1414 3923 impeditus
1463 3849 1693 3920 fuisset,
1748 3854 1806 3906 et
1852 3866 2061 3923 parum
2111 3854 2169 3906 te

508 3938 830 3997 incusaret.
866 3939 949 3995 De
977 3940 1292 3997 Antiochia
1321 3939 1653 4013 apologiam
1685 3940 1957 4010 faciebat,
1998 3941 2167 4010 jura-

509 4032 708 4085 menta
757 4029 979 4084 addens
1030 4030 1188 4101 quod
1239 4046 1355 4085 non
1402 4030 1568 4100 juxta
1614 4034 1779 4086 tuam
1830 4029 2167 4102 opinionem

506 4118 855 4175 mandatum
886 4118 1073 4174 latum
1105 4119 1410 4187 fuerit,sed
1443 4123 1509 4175 ut
1536 4124 1916 4192 cognosceret
1943 4116 2167 4189 aliquid

506 4223 578 4264 ex
605 4211 663 4264 te
692 4224 898 4264 eorum
948 4224 1076 4280 qua:
1121 4207 1224 4264 ille
1272 4207 1502 4265 occulta
1553 4207 1744 4282 magis
1790 4210 1980 4264 erant.
2031 4209 2167 4273 Quas

505 4297 635 4353 visa
664 4303 804 4354 sunt
833 4298 944 4353 tibi
974 4298 1299 4370 conspicua
1328 4298 1500 4371 signa
1530 4299 1682 4355 dixit
1710 4314 1840 4354 esse
1881 4311 2167 4353 sensuum

504 4402 626 4442 suae
672 4386 890 4444 mentis
940 4386 1318 4458 eximiorum,
1366 4388 1631 4459 sincerae,
1681 4388 1949 4459 inquam,
2005 4386 2063 4440 in
2112 4389 2168 4440 te

501 4475 934 4547 dispositionis,
976 4476 1250 4533 fraternas
1295 4475 1734 4544 benevolentiae,
1790 4476 1851 4530 in
1896 4474 2165 4531 eamdem

500 4563 862 4622 voluntatem
888 4566 1301 4622 unanimitatis
1326 4570 1385 4622 et
1403 4564 1974 4636 concordiae,quibus
1989 4563 2171 4621 addu-

504 4659 639 4711 ctus
666 4658 724 4711 te
754 4655 817 4711 in
848 4655 1082 4728 imperii
1109 4654 1402 4713 vestibulo
1433 4655 1641 4712 statuit
1688 4658 1747 4711 et
1795 4670 2013 4728 magna
2059 4653 2167 4709 tibi

501 4759 607 4816 per
636 4742 870 4801 minora
896 4743 1198 4803 indicavit.

2281 3404 2518 3479 καθαρὸν
2545 3403 2636 3458 καὶ
2667 3400 2943 3481 ἄπλαστον
2968 3407 3065 3458 τοῦ
3100 3402 3370 3479 βασιλέως
3406 3400 3609 3477 ἰδίωμα
3637 3420 3651 3472 ;

2355 3493 2555 3569 ’Έγωγ’
2586 3492 2677 3547 οὗν
2707 3492 2855 3565 αὐτῷ
2897 3494 2998 3563 τὴν
3052 3494 3151 3562 σὴν
3200 3491 3661 3568 ὑπαναγινώσκων
3715 3488 3942 3547 ἐπιστο-

2283 3578 2386 3651 λὴν
2441 3582 2627 3657 ἑώρων
2669 3580 2818 3643 ὅπως
2866 3582 2934 3638 τὰ
2986 3582 3084 3655 μὶν
3125 3578 3303 3652 ἡδέως
3350 3578 3729 3658 προσεμειδία,
3758 3580 3829 3636 τὰ
3883 3578 3947 3637 δὲ

2280 3670 2591 3747 ἱλαρύνετο.
2649 3674 2774 3726 Ὅτε
2846 3668 2905 3726 δὲ
2975 3670 3277 3748 ἐπανέγνων
3343 3671 3489 3743 αὐτῷ
3542 3671 3634 3726 τὸν
3691 3671 3942 3746 μοναχὸν

2278 3760 2367 3816 καὶ
2425 3762 2524 3831 τήν
2581 3761 2781 3837 ἀθρόαν
2841 3758 3161 3831 ἀλλοίωσιν,
3199 3764 3396 3837 μικροῦ
3437 3757 3546 3815 δεῖν
3604 3760 3696 3815 καὶ
3752 3758 3936 3832 ἐξεδά-

2277 3871 2492 3925 κρυσεν,
2527 3850 2573 3905 εί
2606 3847 2663 3905 δὲ
2691 3852 2767 3923 μή
2804 3871 2901 3923 μοι
2930 3848 3152 3925 ἄχθοιο,
3184 3848 3273 3905 καί
3327 3849 3509 3927 βραχύ
3553 3849 3606 3906 τί
3655 3870 3752 3906 σου
3804 3871 3937 3905 κατ-

2279 3940 2584 4015 εμέμψατο.
2642 3938 3035 4015 Ἀπελογίσατο
3096 3937 3154 3995 δὲ
3208 3939 3298 3995 καὶ
3373 3938 3497 4016 περὶ
3569 3946 3669 4009 τῆς
3729 3941 3934 3995 Ἀντιο-

2278 4030 2453 4104 χείας,
2504 4028 2701 4100 ὅρκους
2760 4028 3032 4106 ἀρῥήτους
3085 4028 3341 4101 προσθεὶς
3385 4028 3469 4085 ὅτι
3524 4029 3601 4103 μὴ
3651 4028 3788 4084 κατά
3836 4026 3934 4090 τάς

2281 4119 2375 4180 σὰς
2436 4117 2743 4193 ὑπολήψεις
2798 4122 2833 4189 ἡ
2894 4118 3186 4193 πρόσταξις
3259 4119 3502 4194 γίγονεν,
3561 4116 3687 4175 ἀλλ’
3737 4115 3827 4173 ’ἱνα
3879 4139 3936 4172 τι

2234 4208 2433 4284 κγνοίη
2493 4207 2640 4284 παρά
2692 4212 2788 4263 σοῦ
2838 4212 2947 4263 τῶν
3005 4206 3180 4263 ἐκεῖσε
3226 4206 3705 4284 ἀπορῥητοτὲρων.
3750 4206 3826 4261 Τὰ
3882 4204 3944 4261 δὲ

2280 4295 2578 4374 φαινόμενά
2633 4319 2718 4353 σοι
2776 4296 3077 4373 παράσημα
3133 4302 3341 4371 σημεῖα
3387 4292 3583 4374 ἔφησεν
3633 4298 3770 4352 εἶναι
3825 4300 3941 4351 τῶν

2280 4385 2333 4441 ἐν
2383 4390 2452 4461 τῇ
2508 4389 2663 4461 ψυχῇ
2720 4388 3087 4462 παρασήμων,
3147 4388 3292 4463 φημί
3370 4382 3437 4454 δὴ
3514 4392 3615 4455 τῆς
3684 4384 3821 4458 πρὸς
3880 4385 3943 4439 σὲ

2275 4476 2511 4551 καθαρᾶς
2562 4473 2872 4544 διαθέσεως,
2928 4482 3031 4545 τῆς
3102 4472 3405 4553 ἀδελφικῆς
3482 4473 3783 4549 εὐμενείας,
3835 4480 3942 4544 τῆς

2277 4565 2356 4629 είς
2408 4566 2471 4621 τὸ
2523 4564 2655 4621 αὐτὸ
2703 4562 2921 4638 Θέλημα
2967 4564 3271 4638 συμπνοίας
3319 4584 3380 4620 τε
3444 4564 3534 4619 καὶ
3584 4562 3942 4636 συννεύσεως,

2275 4653 2364 4729 ἀφ’
2420 4655 2494 4709 ὧν
2550 4653 2878 4727 κινούμενος
2933 4652 2986 4709 ἐν
3068 4653 3367 4729 προθύροις
3445 4673 3503 4708 σε
3554 4657 3653 4708 τοῦ
3706 4650 3944 4727 κράτους

2276 4742 2468 4816 ἔστησε
2497 4762 2511 4775 ·
2543 4743 2635 4799 καὶ
2683 4743 2753 4798 τὰ
2799 4741 3012 4820 μεγάλα
3060 4743 3150 4798 διὰ
3192 4746 3302 4798 τῶν
3353 4742 3689 4819 μικροτίρων
3730 4740 3941 4818 ἐχαρα-

2271 4835 2548 4907 κτήρισεν.

576 4923 636 4979 Si
666 4923 852 4996 igitur
879 4923 1178 4982 sincerum
1213 4940 1307 4981 me
1339 4924 1597 4980 amicum
1627 4924 1867 4994 reputas
1897 4925 1955 4979 et
1981 4920 2163 4978 veris-

2346 4922 2406 4980 Ei
2457 4919 2550 4977 οὖν
2623 4921 2985 4996 ἀνυπόκριτόν
3051 4942 3118 4995 με
3174 4920 3336 5000 φίλον
3395 4916 3799 4995 ὑπολαμϐάνεις
3847 4921 3943 4977 καὶ

503 5011 750 5082 simum,
783 5019 842 5070 et
871 5014 1141 5087 apprime
1190 5016 1309 5070 scis
1359 5028 1453 5068 me
1506 5011 1683 5067 fidem
1730 5028 1847 5068 non
1899 5010 2175 5068 fraudare

502 5118 611 5159 nec
643 5103 995 5174 amicitiam,
1027 5104 1205 5161 talem
1239 5101 1344 5158 tibi
1393 5101 1635 5158 fratrem
1683 5101 1930 5173 conjice,
1979 5098 2174 5174 qualis

504 5208 813 5264 nunquam
845 5192 999 5249 alius
1033 5194 1215 5249 frater
1242 5190 1304 5246 in
1337 5190 1598 5247 amicitia
1625 5195 1684 5247 et
1713 5192 1948 5248 sincera
1973 5190 2175 5247 volun-

503 5284 629 5338 tate
658 5282 789 5338 fuit.

582 5371 832 5427 Omnem
868 5371 1052 5444 igitur
1081 5371 1278 5428 luctus
1318 5373 1668 5442 praetextum
1717 5387 1787 5426 ex
1834 5369 2032 5426 animo
2075 5385 2173 5424 ex-

510 5458 760 5531 pellens,
791 5459 1028 5517 dulcem
1054 5475 1223 5533 spem
1252 5458 1515 5533 concipe;
1562 5465 1622 5516 et
1668 5459 1898 5515 conﬁde
1944 5458 2006 5513 in
2057 5459 2174 5514 fra-

510 5552 661 5603 trem
691 5554 861 5605 tuum
893 5555 952 5607 et
980 5551 1316 5607 dominum.
1348 5550 1416 5606 Et
1443 5549 1494 5606 si
1526 5549 1668 5622 quid
1704 5549 1921 5621 saepius
1971 5551 2175 5604 contra

512 5635 877 5694 voluntatem
910 5639 1142 5707 accidit,
1166 5641 1225 5696 id
1259 5643 1470 5712 reputa
1498 5655 1568 5696 ex
1595 5635 1891 5711 imperiali
1921 5635 2174 5692 admini-

521 5725 828 5791 stratione,
861 5733 917 5781 et
948 5729 1146 5798 potius
1174 5728 1276 5786 Dei
1311 5727 1674 5801 providentia
1703 5726 2027 5799 provenire.
2067 5724 2177 5780 Per

519 5818 689 5870 tuum
720 5829 955 5870 sacrum
986 5820 1183 5888 caput,
1212 5816 1518 5874 felicitates
1562 5817 1835 5873 maximas
1881 5815 2174 5887 guberna-

2236 5009 2672 5082 .ἀληθὲστατον,
2725 5010 2817 5066 καὶ
2894 5006 3138 5088 ἀκριϐῶς
3195 5008 3344 5075 οἶδας
3412 5011 3486 5073 ὡς
3541 5010 3607 5065 οὐ
3663 5007 3939 5085 ψεύδομαι

2280 5101 2462 5157 πίστιν
2491 5098 2618 5156 οὐδὲ
2648 5098 3124 5177 φιλίαν,τοιοῦτόν
3155 5122 3240 5156 σοι
3261 5101 3352 5156 τὸν
3385 5097 3621 5178 ἀδελφὸν
3653 5098 3939 5167 ἐπίστασο,

2282 5192 2472 5246 ὁποῖον
2508 5190 2610 5244 οὐκ
2639 5187 2813 5253 ἄλλος
2838 5186 3049 5265 ἐγένετο
3080 5188 3156 5253 εἷς
3189 5188 3373 5269 φιλίαν
3408 5186 3642 5267 ἀδελφὸς
3665 5186 3756 5243 καὶ
3787 5187 3945 5262 ἀκρι-

2245 5302 2254 5314 ι
2282 5274 2547 5350 ϐεστάτην
2576 5276 2835 5336 διάθεσιν.

2353 5370 2534 5421 Πᾶσαν
2595 5363 2688 5421 οὖν
2765 5364 2947 5436 λύπης
3017 5366 3271 5422 ὑπόθεσιν
3325 5361 3621 5423 ἀποϐαλὼν
3665 5373 3767 5437 τῆς
3838 5369 3940 5440 ψυ-

2283 5461 2417 5531 χῆς,
2469 5453 2754 5531 γλυκείαις
2813 5452 2998 5511 ἐλπίσι
3057 5455 3270 5526 σύνεσο,
3326 5456 3419 5511 καὶ
3475 5454 3657 5531 θάρῥει
3715 5454 3803 5510 ἐπὶ
3860 5460 3944 5528 τῷ

2281 5541 2506 5623 ἀδελφῷ
2558 5544 2650 5600 καὶ
2707 5542 2959 5620 δεσπότῃ.
3002 5544 3107 5601 Κᾶν
3153 5543 3207 5601 εἷ’
3254 5545 3307 5600 τί
3357 5566 3443 5600 σοι
3499 5543 3773 5607 πολλάκις
3829 5549 3939 5599 τῶν

2283 5628 2609 5705 ἀϐουλήτων
2643 5633 2955 5710 συμπίπτῃ,
2987 5633 3309 5709 οἰκονομίαν
3353 5639 3513 5690 τοῦτο
3562 5631 3727 5709 δέχου
3783 5634 3941 5710 βασι-

2284 5720 2451 5793 λικὴν
2505 5722 2597 5779 καὶ
2657 5723 2896 5797 μάλιστα
2951 5728 3087 5779 Θεοῦ
3137 5722 3419 5800 πρόνοιαν.
3473 5723 3560 5792 Νὴ
3611 5723 3711 5792 τὴν
3785 5725 3937 5797 ἱεράν

2283 5832 2379 5867 σου
2402 5813 2505 5887 γὰρ
2535 5811 2802 5896 κεφαλὴν,
2833 5814 2890 5868 αἱ
2922 5812 3170 5888 μέγισται
3219 5817 3327 5869 τῶν
3373 5812 3640 5888 εὐτυχιῶν
3696 5808 3937 5889 ἀκυϐέρ-
