4124 6392
408 428 3846 473 W

1401 620 2831 888 APPENDIX

612 947 884 1106 AD
1013 947 1652 1108 ΟΡΕΒΑ
1787 947 2240 1107 MICH

2007 947 2835 1114 CHAELIS
2967 951 3622 1115 PSELLI

1699 1379 2535 1486 ANONYMI

1011 1596 1174 1690 DE
1272 1595 2368 1712 ANTIQUITATIBUS
2463 1597 3217 1697 CPOLITANIS

1563 1791 1757 1848 LIBRI
1796 1793 1956 1848 SIVE
1996 1793 2272 1850 PARTES
2313 1792 2668 1859 QUATUOR.

1365 1945 1532 2016 (Ans.
1572 1946 1861 2014 Bassum,
1910 1949 2214 2020 Imperium
2259 1948 2559 2012 Orientale,
2603 1951 2746 2004 tom.
2780 1948 2861 2020 Ι.)

471 2259 737 2316 Auctoris
766 2259 976 2315 harum
1007 2259 1314 2332 Originum
1342 2259 1448 2316 CP.
1482 2275 1694 2316 nomen
1725 2259 2065 2334 ignoratur;
2102 2261 2203 2317 sed
2233 2261 2343 2316 sub
2373 2259 2572 2316 Alexio
2621 2260 2917 2316 Comneno
2975 2277 3110 2316 eum
3160 2260 3377 2318 vixisse
3423 2276 3494 2317 ex
3523 2261 3740 2318 iambis
3773 2261 3837 2317 in

401 2350 592 2406 fronte
623 2349 829 2421 positis
857 2349 1174 2420 Alexioque
1205 2349 1545 2422 imperatori
1577 2350 1936 2423 nuncupatis
1966 2350 2272 2422 arguitur;
2306 2366 2374 2404 ex
2405 2349 2622 2421 quibus
2654 2349 2833 2405 etiam
2866 2349 3212 2421 scriptorem
3238 2355 3508 2406 nostrum
3531 2350 3838 2407 exstitisse

401 2439 766 2511 professione
796 2437 1153 2494 monachum
1188 2437 1358 2493 facile
1387 2439 1706 2508 crederem,
1738 2439 1881 2494 dum
1911 2438 1994 2494 ibi
2021 2437 2288 2493 Alexium
2340 2437 2610 2510 pluribus
2655 2436 2858 2493 laudat
2887 2454 2920 2492 a
2951 2437 3360 2494 muniﬁcentia
3387 2443 3445 2494 et
3474 2437 3840 2495 liberalitate

397 2529 456 2585 in
492 2529 812 2586 monachos
841 2529 940 2600 (α).
975 2529 1278 2585 Trecentis
1309 2528 1489 2601 igitur
1519 2534 1574 2584 et
1604 2529 2037 2601 quinquaginta
2067 2528 2302 2584 circiter
2331 2527 2500 2583 annis
2532 2527 2819 2583 Codinum
2852 2531 3019 2583 aetate
3049 2529 3251 2600 pmit;
3283 2529 3383 2599 qui
3417 2528 3617 2600 procul
3647 2529 3838 2584 dubio

397 2619 677 2692 pleraque
707 2635 776 2673 ex
807 2623 1009 2672 nostro
1040 2617 1325 2689 scriptore
1355 2618 1574 2686 hausit;
1608 2620 1667 2672 in
1701 2619 1907 2674 multis
1934 2634 2068 2674 vero
2099 2619 2171 2674 ab
2242 2635 2308 2673 eo
2333 2619 2644 2687 discrepat;
2672 2633 2864 2689 neque
2893 2617 2952 2672 in
2980 2618 3365 2674 describenda
3389 2619 3532 2674 urbe
3553 2619 3836 2675 eumdem

401 2708 662 2764 ordinem
696 2711 909 2762 servat.
945 2707 1208 2763 Codinus
1239 2708 1457 2779 quippe
1491 2707 1652 2762 nullo
1676 2708 1882 2763 ordine
1911 2711 2141 2763 servato
2172 2707 2338 2762 urbis
2366 2708 2468 2762 ΟΡ.
2503 2707 2750 2761 ωάἱῐῑοία
2781 2712 3067 2773 recenset,
3097 2708 3278 2762 situm
3311 2723 3425 2762 non
3461 2707 3764 2779 assignat;
3803 2723 3838 2762 ο

402 2797 692 2853 contrario
722 2812 858 2851 vero
886 2797 1229 2867 Anonymus
1261 2801 1459 2851 noster
1490 2797 1695 2851 urbem
1730 2801 1848 2852 tres
1880 2796 1939 2851 in
1977 2801 2170 2868 partes
2204 2795 2585 2850 distributum
2636 2795 2839 2852 ordine
2881 2795 3194 2863 describit;
3245 2801 3302 2852 et
3346 2797 3538 2868 primo
3588 2796 3834 2868 quidem

397 2886 548 2941 libro
610 2884 860 2956 primam
921 2884 1083 2939 urbis
1133 2889 1360 2956 partem
1409 2887 1507 2956 qui
1561 2885 1879 2958 incipiebat
1930 2903 1965 2941 a
2017 2885 2234 2958 palatio
2282 2884 2544 2953 Chalces,
2577 2891 2634 2941 et
2665 2904 2697 2940 a
2729 2885 2912 2942 millio
2945 2903 3135 2957 usque
3165 2887 3236 2942 ad
3279 2890 3507 2958 portam
3542 2887 3830 2957 Auream;

402 2975 552 3032 libro
584 2974 842 3029 secundo
874 2973 1113 3029 alteram
1149 2977 1372 3045 partem
1405 2991 1532 3046 quae
1573 2975 1891 3047 incipiebat
1918 2994 1950 3032 a
1978 2975 2412 3044 Tzicanisterio,
2466 2975 2830 3047 Hodegetriaa
2882 2975 3150 3042 ecclesia,
3198 2982 3256 3032 et
3299 2975 3607 3048 Manganis
3640 2992 3830 3048 usque

403 3067 474 3122 ad
508 3063 940 3129 Blanchernas;
974 3063 1124 3120 libro
1155 3065 1324 3120 tertio
1356 3070 1580 3137 partem
1611 3066 1865 3133 tertiam,
1891 3083 2020 3138 quae
2046 3066 2364 3137 incipiebat
2387 3067 2459 3121 ab
2491 3065 2676 3121 altera
2709 3069 2873 3137 parte
2904 3067 2962 3122 S.
2995 3065 3204 3137 Sergii,
3238 3069 3295 3121 et
3325 3064 3562 3138 palatiis
3581 3065 3827 3139 Sophia-

403 3155 497 3210 nis
533 3169 717 3224 usque
748 3154 816 3208 ad
853 3170 1054 3209 muros
1082 3154 1474 3210 occidentales
1520 3158 1864 3227 Magnarum
1917 3156 2246 3211 Portarurn.
2283 3157 2422 3210 item
2447 3156 2651 3212 eodem
2685 3155 2794 3211 hoc
2827 3153 2974 3210 libro
3009 3157 3130 3227 agit
3158 3156 3232 3211 de
3263 3156 3502 3227 palatiis
3533 3162 3591 3212 et
3621 3173 3820 3212 mona-

401 3246 598 3301 steriis
629 3244 989 3300 suburbanis
1023 3261 1036 3299 :
1070 3245 1141 3300 de
1186 3245 1559 3300 monasteriis
1593 3246 1891 3310 Peraticis,
1927 3251 1985 3300 et
2014 3247 2085 3302 de
2115 3245 2495 3301 monasteriis
2526 3251 2693 3300 trans
2717 3245 2951 3300 fretum.
2978 3245 3147 3300 Libro
3180 3244 3434 3318 denique
3463 3251 3674 3318 quarto
3706 3246 3830 3318 agit

404 3339 749 3405 Anonymus
779 3339 980 3387 noster
1011 3333 1083 3388 de
1113 3337 1412 3388 structura
1441 3332 1583 3388 aedis
1615 3333 1946 3405 Sepbianse,
1979 3350 2107 3403 quae
2157 3335 2214 3388 in
2268 3333 2471 3388 multis
2503 3333 2736 3388 diversa
2765 3332 2837 3387 ab
2870 3333 3046 3387 editis
3096 3339 3358 3404 apparet.
3395 3335 3602 3390 Varias
3632 3340 3830 3390 autem

402 3423 681 3478 lectiones
713 3421 1049 3492 plerasque,
1082 3437 1211 3493 quis
1242 3421 1298 3476 in
1332 3421 1786 3478 Commentariis
1817 3422 2039 3478 nostris
2072 3421 2382 3486 habentur,
2415 3421 2871 3492 suppeditarunt
2925 3421 3105 3477 codex
3136 3421 3356 3493 Regius
3387 3439 3551 3478 num.
3604 3423 3832 3479 3058.3.

401 3512 599 3582 (quem
628 3513 684 3564 2.
713 3509 1082 3581 appellamus
1114 3510 1185 3564 ad
1219 3510 1612 3566 differentiam
1643 3510 1874 3566 Codicis
1905 3510 2064 3578 Regii
2095 3528 2260 3567 num.
2295 3511 2516 3565 3028.4.
2551 3526 2619 3564 ex
2668 3526 2783 3581 quo
2839 3515 3092 3580 quatuor
3122 3511 3345 3582 primos
3396 3512 3831 3584 Antiquitatum

403 3600 584 3668 libros
614 3597 1058 3670 exscripsimus,
1089 3603 1146 3653 et
1177 3615 1353 3670 quem
1386 3599 1427 3653 Ι.
1464 3603 1765 3667 vocamus)
1799 3605 1857 3655 et
1883 3600 2080 3655 Codex
2100 3600 2470 3656 Colbertinus
2494 3615 2658 3654 num.
2681 3599 2846 3654 3607.
2871 3598 3067 3672 Stylus
3091 3603 3288 3655 autem
3323 3601 3610 3673 Anonymi
3634 3602 3828 3658 nostri

404 3692 497 3743 est
524 3688 722 3743 varius
753 3691 811 3742 et
839 3687 1162 3757 inaequalis,
1196 3691 1395 3759 utpote
1427 3687 1525 3758 qui
1558 3704 1705 3759 opus
1736 3705 1936 3754 suum,
1963 3693 2026 3743 ut
2059 3687 2332 3752 arbitror,
2365 3703 2432 3742 ex
2463 3687 2711 3742 diversis
2755 3687 3144 3760 scriptoribus
3190 3688 3496 3762 Originum
3549 3706 3652 3745 seu
3707 3697 3831 3746 An-

397 3777 743 3849 tiquitatum
759 3776 1625 3848 Constantinopolitanarum,et
1644 3794 1712 3832 ex
1737 3777 1871 3833 allis
1892 3777 2313 3834 Cbronicorum
2340 3776 2726 3849 scriptoribus
2745 3776 2841 3848 qui
2867 3782 3000 3833 ante
3022 3776 3217 3849 ipsum
3243 3777 3832 3846 ﬂoruerunt,consar-

401 3867 621 3923 cinavit
643 3884 745 3938 pro
770 3883 928 3922 more
959 3870 1265 3922 auctorum
1298 3865 1459 3922 illius
1483 3867 1606 3923 aevi.
1631 3867 1908 3923 Hauserit
1927 3866 2113 3938 igitur
2134 3883 2201 3922 ex
2223 3867 2510 3938 opusculo
2544 3866 2816 3938 Hesychii
2861 3865 3097 3932 Milesii,
3121 3868 3276 3938 quod
3319 3868 3663 3924 inscribitur
3695 3868 3828 3943 Περὶ

399 3960 508 4010 τῶν
537 3955 804 4028 πατρίων,
836 3957 958 4011 sive
988 3957 1062 4011 De
1089 3955 1400 4025 originibus
1432 3956 1538 4012 ΟΡ.
1572 3961 1628 4011 et
1657 3973 1726 4010 ex
1757 3955 1938 4011 altero
1985 3955 2251 4025 ejusdem
2285 3956 2440 4011 tituli
2495 3961 2552 4012 et
2591 3956 2924 4028 argumenti
2956 3954 3265 4026 opusculo,
3299 3961 3535 4013 auctore
3565 3956 3822 4014 Christo-

401 4047 565 4116 doro,
603 4045 858 4102 Pasnisci
895 4045 1033 4112 ﬁlio,
1067 4045 1362 4117 Coptensi,
1397 4062 1572 4118 quem
1627 4047 1869 4102 laudant
1897 4044 2107 4100 Suidas
2136 4049 2193 4101 et
2223 4045 2481 4101 Eudocia
2510 4051 2780 4117 Augusta
2825 4045 2883 4099 in
2934 4047 3124 4115 Ioniis,
3158 4062 3332 4117 opere
3363 4063 3474 4102 ms.
3508 4063 3542 4102 a
3571 4047 3828 4103 nobisin

400 4135 851 4190 Commentariis
881 4151 1031 4206 saepe
1060 4134 1256 4189 citato.
1292 4134 1582 4190 Fortassis
1614 4139 1670 4190 et
1702 4151 1770 4190 ex
1801 4133 1932 4189 aliis
1963 4132 2227 4204 ejusdem
2262 4134 2594 4203 argumenti
2628 4134 3042 4205 scriptoribus,
3075 4133 3177 4204 qui
3208 4134 3468 4190 citantur
3501 4151 3535 4190 a
3564 4135 3830 4207 Porphy-

400 4225 669 4296 rogenito
700 4224 802 4279 lib.
839 4241 878 4278 ιι
908 4225 982 4278 De
1009 4225 1176 4279 them.
1205 4241 1332 4296 cap.
1368 4226 1479 4278 12:
1519 4226 1794 4280 Praeterea
1845 4240 1915 4280 ex
1969 4227 2208 4279 auctore
2255 4223 2527 4278 (lhronici
2576 4222 2973 4290 Alexandrini,
3025 4223 3402 4295 Theophane,
3453 4224 3712 4282 Cedreno
3761 4242 3830 4282 ac

401 4313 649 4384 reliquis
681 4312 940 4367 historiae
971 4312 1302 4384 Byzantina:
1332 4312 1742 4383 scriptoribus.
1776 4313 2062 4368 Caeterum
2094 4327 2266 4366 voces
2299 4311 2722 4382 peculiares,ac
2755 4313 2998 4384 phrases
3031 4312 3247 4384 quibus
3270 4313 3455 4368 utitur
3484 4316 3832 4387 Anonymus

403 4407 626 4470 noster,
659 4401 718 4455 in
750 4400 1201 4457 Commentariis
1233 4401 1592 4457 adnotantur
1621 4401 1746 4457 suis
1780 4400 1923 4456 locis
1956 4405 2010 4456 et
2041 4398 2527 4473 explicantur(b).

469 4589 535 4647 (ο)
570 4584 811 4650 casimiri
834 4585 1035 4650 VOudini
1067 4590 1400 4650 argumenta,
1434 4587 1629 4648 quibus
1659 4587 1787 4634 istas
1826 4585 2184 4650 Antiqu‘itates
2213 4583 2458 4650 Miehaeli
2479 4585 2647 4636 Psello
2679 4584 2953 4650 vindicare
2984 4585 3156 4650 voluit
3186 4585 3238 4635 in
3273 4586 3410 4637 libro
3449 4587 3521 4636 De
3552 4587 3828 4650 scriptori-

408 4650 500 4698 bus
519 4648 882 4710 ecclesiasticis,
909 4655 1036 4698 tom.
1070 4651 1130 4710 ll,
1163 4649 1454 4712 admodum
1485 4650 1690 4699 incerta
1723 4663 1839 4699 esse
1871 4663 1934 4698 ac
1961 4648 2164 4698 lubrice
2193 4648 2384 4710 probat
2409 4650 2520 4712 ipse
2552 4649 2851 4699 Baudurius
2895 4648 2950 4697 in
2981 4649 3298 4700 Praefatione
3328 4651 3392 4700 ad
3427 4654 3536 4700 tom
3583 4648 3834 4701 INumik-

406 4715 602 4760 malum
633 4713 1023 4772 imperatorum,
1050 4711 1210 4771 Paris,
1238 4712 1356 4759 1⁸718
1387 4711 1478 4759 fol.

469 4775 541 4835 (li)
567 4771 736 4825 Adest
764 4773 975 4843 Lector,
1006 4775 1048 4822 si
1075 4775 1238 4843 lubet.
1270 4775 1445 4832 ipsum
1478 4771 1735 4843 Bandurii
1757 4787 1919 4843 opus;
1947 4771 2206 4843 his_enim
2237 4774 2650 4832 commentariis,
2674 4787 2832 4837 quam
2856 4787 2951 4838 per
2967 4779 3049 4825 est
3068 4774 3457 4838 diﬂ'usioribus,
3484 4789 3609 4825 nam
3634 4789 3731 4840 per
3752 4776 3835 4826 iu-

407 4841 615 4900 tegrum
648 4839 896 4888 maxima
915 4838 1104 4887 formae
1126 4837 1378 4886 volumen
1405 4835 1794 4898 exspiatantur.
1827 4835 2003 4886 locum
2022 4836 2148 4887 dare
2171 4849 2282 4886 non
2313 4851 2616 4899 possumus.
