4124 6394
298 367 456 428 H89

1332 353 1436 417 DE
1481 353 2152 426 ANTIQUITATIBUS
2198 359 2682 424 CPOLITANIS.

3563 363 3722 428 H90

1479 662 2548 827 ΑΝΟΝΥΜΙ

981 924 1148 1022 DE
1213 923 2244 1034 ANTIQUITATIBUS
2318 929 3045 1029 CPOLITANIS

1722 1125 1952 1186 LIBER
2006 1125 2304 1190 PRIMUS

674 1279 793 1354 Qui
821 1277 1043 1359 incipit
1066 1295 1106 1338 a
1133 1275 1371 1357 palatio
1400 1274 1662 1338 Chalces
1691 1279 1754 1338 et
1784 1293 1822 1338 a
1852 1275 2169 1353 Milliario,
2203 1296 2277 1340 ac
2312 1280 2617 1362 pertingit
2645 1282 2726 1345 ad
2758 1287 3007 1364 portam
3042 1285 3344 1350 Auream.

489 1606 838 1666 INCIPIUNT
871 1604 1010 1662 CUM
1043 1603 1175 1660 DEO
1220 1601 1424 1660 URBIS
1459 1600 1781 1670 ANTIQUI-

376 1689 382 1693 '
1021 1674 1256 1732 TATES.

309 1792 433 1856 Quo
465 1791 634 1862 pacto
666 1784 928 1843 occultos
958 1783 1201 1856 laqueos
1232 1781 1496 1854 evasisti,

308 1881 380 1937 Et
409 1895 600 1950 quaem
632 1875 932 1949 sapienter
959 1890 1058 1930 eos
1088 1872 1146 1928 in
1177 1871 1370 1928 lucem
1401 1869 1689 1927 eduxisti!

309 1968 436 2024 Nisi
465 1965 622 2022 enim
656 1966 783 2032 hos,
808 1963 924 2019 Deo
955 1963 1292 2034 adjuvante,
1323 1960 1711 2033 explorasses.

314 2063 440 2116 Non
470 2054 738 2112 hostium
768 2050 1152 2126 supercilium
1184 2050 1522 2123 dejecisses,
1556 2067 1589 2107 ο
1621 2049 1962 2123 imperator.

313 2148 398 2204 Ad
431 2161 712 2220 suprema
739 2142 1086 2212 conscende,
1115 2140 1431 2196 virtutibus
1460 2144 1803 2208 coronatus;

320 2236 454 2293 Illas
494 2235 647 2292 enim
666 2235 793 2304 jam
823 2231 962 2288 olim
992 2235 1187 2287 tecum
1220 2234 1553 2303 pugnantes
1585 2229 1840 2301 obtines,

319 2326 448 2382 Haec
480 2323 793 2398 praevalida
821 2338 988 2378 arma
1015 2320 1074 2375 in
1109 2319 1325 2392 praeliis
1355 2323 1572 2390 gestas,

319 2413 717 2482 Prudentium,
751 2409 1176 2476 fortitudinem,
1209 2409 1678 2481 temperantiam.

315 2504 645 2571 Justitiam,
672 2503 917 2574 ipsaque
949 2517 1065 2555 una
1095 2500 1467 2570 conjunctae.

316 2595 414 2649 Dei
450 2593 730 2649 mandata
761 2605 1023 2659 servans,
1073 2606 1105 2644 ο
1137 2589 1478 2661 imperator,

317 2685 681 2749 Mansuetus,
716 2678 980 2749 humilis,
1015 2694 1081 2734 ac
1114 2677 1304 2734 facilis
1335 2694 1571 2734 accessu
1603 2694 1689 2745 es,

317 2772 725 2842 Omnibusque
752 2774 808 2824 te
840 2766 1149 2823 monachis
1179 2767 1464 2839 expandis

318 2867 547 2933 Eosque
579 2857 874 2931 supremis
904 2856 1249 2913 muneribus
1281 2855 1456 2910 ditas.

324 2953 511 3018 Quare
541 2954 598 3006 te
628 2947 899 3003 Christus
933 2945 1121 3018 magis
1155 2945 1462 3018 magisque
1492 2948 1856 3000 remunerat.

325 3040 474 3096 Dum
508 3043 562 3094 te
578 3037 847 3111 protegit,
871 3040 1182 3107 servatque
1203 3034 1262 3090 in
1284 3033 1500 3107 pugnis
1523 3050 1656 3090 cum
1672 3033 1966 3102 hostibus,

323 3135 407 3185 Ac
437 3144 534 3184 eos
565 3129 764 3183 dexter
791 3125 900 3181 tibi
932 3124 1166 3196 penitus
1189 3123 1250 3178 in
1277 3123 1473 3195 fugam
1499 3122 1690 3179 vertit.

322 3218 605 3275 Ceterum
628 3216 687 3272 in
721 3215 1066 3272 memoriam
1098 3217 1462 3285 perpetuam,
1494 3229 1527 3268 ο
1557 3212 1901 3284 imperator,

323 3309 584 3365 Tuorum
619 3311 970 3378 tropaeorum
1003 3303 1167 3360 nullo
1198 3308 1460 3375 tempore
1491 3300 1830 3370 delendam,

323 3397 564 3462 Domus,
598 3395 834 3467 templa,
869 3399 1122 3458 statuas,
1157 3393 1628 3464 mcsniorumque
1662 3391 1815 3446 situs

325 3485 605 3560 Byzantii,
638 3486 698 3541 in
731 3501 917 3541 unum
950 3487 1219 3540 accurate
1251 3481 1517 3554 collecta,

321 3575 447 3630 Tibi
484 3573 676 3630 Alexio
706 3574 1003 3630 Gomneno
1033 3571 1374 3645 imperatori
1410 3572 1609 3628 offero.

1990 1601 2285 1670 AAPXEI
2344 1607 2473 1657 2m
2530 1608 2660 1683 ΘΕῼ
2712 1606 2876 1684 ΑΓΙῼ

2931 1607 3027 1663 ΤΑ
3092 1608 3348 1667 HATPIA
3404 1613 3547 1669 ΤΗΣ
3604 1617 3732 1672 ΠΟ-

2794 1683 2999 1736 ΛΕΩΣ.

2143 1780 2210 1835 Ὢ
2242 1784 2360 1846 πῶς
2393 1779 2666 1855 μετῆλθες
2695 1782 2792 1846 τὰς
2818 1781 3197 1859 καρυμμένας
3224 1789 3429 1863 πάγας,

2072 1869 2180 1924 Καὶ
2213 1874 2332 1934 πῶς
2359 1876 2539 1950 σοφῶς
2571 1869 2768 1948 ἤγαγες
2798 1872 2961 1936 αὐτὰς
2994 1873 3072 1937 εἷς
3103 1875 3273 1950 φάοςε

2075 1957 2136 2015 Εἰ
2175 1959 2250 2032 μὴ
2279 1961 2389 2035 γὰρ
2421 1959 2580 2023 αὐτὸς
2610 1959 2670 2016 ἐκ
2698 1967 2834 2018 Θεοῦ
2865 1962 3215 2021 ἐπεσκέπτου.

2076 2046 2189 2104 Οὐκ
2217 2045 2276 2104 ἂν
2307 2047 2556 2112 καθεῖλες
2588 2047 2864 2125 δυσμενῶν
2897 2051 3089 2133 ὀφρῦν,
3124 2053 3311 2128 μὲδον.

2075 2137 2256 2212 Χώρει
2286 2139 2402 2193 κατ’
2431 2137 2610 2215 ἄκρων
2643 2142 2857 2216 ἀρεταῖς
2888 2143 3215 2218 ἐστεμμένος
3251 2165 3264 2178 ·

2074 2227 2267 2302 Ἔχεις
2294 2228 2397 2304 γὰρ
2429 2228 2592 2292 αὐτὰς
2623 2231 3024 2308 συμμαχούσας
3054 2255 3138 2288 σοι
3170 2236 3366 2306 πάλαι,

2075 2315 2294 2372 ’Ὀπλον
2325 2319 2578 2389 κραταιὸν
2613 2317 2748 2382 εἶδες
2780 2320 2831 2376 ἐν
2869 2323 3078 2398 μάχαις
3122 2324 3376 2400 [φέρειν]

2081 2407 2381 2480 Φρόνησιν,
2415 2405 2660 2484 ἀνδρείαν
2690 2430 2770 2479 τε,
2801 2409 2890 2465 καί
2925 2413 3307 2490 σωφροσύνην,

2081 2496 2462 2567 Δικαιοσύνην,
2495 2503 2747 2575 συνεζευγ
2757 2501 2918 2573 μένας
2948 2501 3146 2566 ταύτας
3157 2547 3170 2573 ,

2081 2589 2213 2640 Θεοῦ
2243 2584 2531 2661 φυλάττων
2566 2586 2815 2659 ἐντολὰς,
2849 2591 3214 2669 αὐτοκράτορ,

2082 2675 2284 2747 Πραῦς,
2313 2674 2590 2747 ταπεινὰς,
2617 2678 2708 2732 καὶ
2738 2679 2983 2754 γαληνὸς
3014 2685 3322 2758 τυγχάνεις,

2082 2769 2366 2836 Συμπᾶσιν
2395 2763 2596 2830 ἁπλοῖς
2628 2768 2823 2823 σαυτὸν
2857 2775 2978 2832 τοῖς
3014 2774 3401 2846 μονοτρόποις,

2081 2852 2188 2909 Καὶ
2219 2852 2607 2915 πλουτοποιεῖς
2639 2853 2869 2932 δωρεαῖς
2897 2859 3238 2934 ὑπερτάτως.

2002 2965 2050 3030 Β
2079 2943 2238 3006 ’Όθεν
2273 2963 2331 2996 σε
2359 2944 2599 3018 Χριστὸς
2630 2942 3008 3020 ἀνταμείϐεται
3037 2946 3206 3005 πλέον

2083 3037 2328 3101 Σκέπων,
2364 3029 2650 3106 φυλάττων
2685 3035 2737 3090 ἐν
2771 3033 2973 3101 πάλαις
3007 3038 3286 3111 ἐναντίων,

2081 3122 2143 3177 T’
2178 3119 2372 3182 αὐτοὺς
2403 3124 2692 3196 τροπώσας
2723 3122 2894 3196 δεξιὸς
2924 3125 3270 3204 ὁλοτρόπως.

2082 3211 2326 3283 Μνήμην
2362 3208 2558 3267 λοιπὸν
2589 3211 2858 3271 ἄπαυστον
2892 3216 2944 3271 ἐν
2984 3218 3110 3294 βίῳ,
3142 3217 3288 3291 ἄναξ,

2083 3302 2203 3357 Τῶν
2237 3305 2341 3354 σῶν
2373 3302 2672 3377 τροπαίων,
2708 3306 2783 3376 μὴ
2823 3313 3179 3382 μαρανθεῖσαν
3211 3305 3422 3386 χρόνῳ.

2086 3387 2308 3458 Οἵκους,
2340 3390 2520 3459 ναοὺς,
2556 3391 2762 3463 στήλας
2789 3416 2871 3467 τε,
2899 3397 2991 3451 καὶ
3020 3403 3226 3474 τειχῶν
3259 3401 3454 3471 θάσειςί

2086 3480 2178 3541 Ἐς
2206 3479 2259 3534 ἓν
2293 3481 2532 3554 συνάψας
2565 3478 2804 3558 ἀκριϐῶς
2839 3487 3152 3560 Βυζαντίου,

2088 3566 2320 3642 Ἀλεξίῳ
2354 3567 2571 3642 μὲδοντι
2604 3578 2875 3646 Κομνηνῷ
2905 3575 3073 3652 φέρω.

884 3703 970 3754 De
997 3699 1260 3771 Byzantii
1296 3697 1610 3768 conditore,
1658 3696 1828 3771 deque
1857 3694 2103 3766 ejusdem
2134 3695 2287 3751 urbis
2323 3712 2609 3755 murorum
2638 3700 2750 3756 situ
2786 3705 2951 3776 atque
2978 3705 3181 3774 forma.

393 3807 710 3864 Sciendum
743 3809 852 3871 est,
883 3803 1225 3878 Byzantium
1276 3805 1542 3876 Byzantis
1580 3804 1734 3877 regis
1769 3804 1976 3860 urbem

327 3899 531 3967 fuisse,
573 3897 745 3967 cujus
767 3894 986 3967 palatia
1010 3894 1070 3947 in
1097 3892 1369 3965 Acropoli
1393 3897 1578 3948 erant.
1603 3893 1712 3949 Ubi
1736 3897 1794 3949 et
1819 3892 1978 3948 Jovis

325 3985 616 4059 templum
649 3983 788 4040 olim
822 3982 1110 4054 exstabat,
1141 3998 1210 4037 ex
1240 3997 1355 4053 quo
1380 3987 1702 4054 supersunt
1725 3997 1980 4036 marmo-

330 4079 411 4134 rei
445 4078 696 4135 fornices
748 4074 1091 4148 ingentibus
1121 4071 1254 4128 fulti
1283 4071 1616 4142 columnis;
1668 4073 1768 4129 ubi
1799 4071 1975 4129 etiam

327 4167 486 4224 Jovis
519 4184 584 4223 ac
616 4163 853 4223 Saturni
884 4164 1056 4237 signa
1085 4162 1456 4236 reperiuntur
1490 4179 1503 4218 :
1530 4162 1741 4236 priscis
1763 4162 1980 4236 quippe

329 4273 458 4313 mos
488 4261 614 4312 erat
642 4256 701 4310 in
737 4255 973 4310 urbium
1007 4253 1241 4309 arcibus
1268 4269 1408 4308 suas
1445 4252 1651 4308 domos
1683 4251 1770 4308 vel
1813 4252 1976 4325 pala-

327 4343 415 4399 tia
436 4350 755 4400 exstruere.
782 4342 903 4398 Sub
926 4345 1178 4412 Byzante
1201 4341 1403 4412 igitur,
1438 4340 1522 4396 uti
1561 4341 1856 4412 hodieque
1887 4340 1980 4395 in-

328 4433 585 4504 cipiebat
614 4449 823 4487 murus
853 4449 888 4486 a
918 4387 1066 4484 tudrri
1099 4387 1470 4501 Acrgpoleos,
1510 4434 1568 4486 et
1598 4387 1880 4502 perglibat
1910 4430 1982 4484 ad
2014 4387 2057 4454 C

328 4521 540 4578 turrim
576 4538 762 4592 usque
791 4518 1066 4590 Eugenii:
1096 4518 1231 4573 inde
1260 4518 1618 4574 ascendebat
1647 4520 1716 4573 ad
1761 4518 1981 4574 Strate-

330 4611 607 4684 gium,et
663 4608 1152 4682 progrediebatur
1182 4607 1253 4662 ad
1310 4606 1609 4663 Achilleas
1668 4608 1982 4664 Thermas.

331 4701 595 4756 Porticus
625 4715 760 4754 vero
813 4697 1028 4752 Urbicii
1080 4697 1259 4764 dicta,
1311 4711 1438 4768 quas
1499 4697 1717 4752 ibidem
1769 4701 1986 4764 exstat,

330 4793 498 4860 porta
525 4785 822 4844 terrestris
879 4785 1333 4858 Byzantinorum
1369 4790 1513 4840 erat.
1547 4785 1692 4840 Hinc
1722 4785 1782 4841 in
1814 4785 1986 4842 Chal-

330 4879 590 4950 oopratia
627 4876 906 4932 tendebat
937 4892 1166 4944 murus,
1198 4880 1254 4931 et
1284 4889 1473 4945 usque
1505 4875 1578 4930 ad
1621 4873 1983 4942 Milliarium,

342 4966 450 5022 ubi
483 4965 670 5023 altera
701 4969 825 5022 erat
884 4969 1055 5036 porta
1103 4965 1417 5020 terrestris.
1468 4965 1610 5021 Inde
1639 4965 1992 5036 procedebat

330 5055 402 5111 ad
431 5054 656 5112 tortiles
687 5053 996 5110 columnas
1019 5052 1576 5126 szcalariorum,et
1601 5053 1992 5110 descendebat

333 5147 402 5203 ad
435 5147 650 5220 Topos,
683 5149 740 5201 et
797 5161 1005 5200 rursus
1057 5144 1406 5200 deﬂectebat
1461 5159 1564 5217 per
1612 5144 1905 5216 Mangana
1935 5148 1992 5200 et

330 5235 617 5293 Thermas
647 5235 1027 5302 Arcadianas,
1059 5237 1235 5306 atque
1265 5234 1349 5290 ita
1376 5235 1616 5290 demum
1658 5235 1990 5290 reverteba-

332 5331 429 5381 tur
458 5326 518 5380 in
550 5323 908 5397 Acropolim.
941 5324 1126 5379 Totus
1159 5327 1354 5378 autem
1389 5340 1610 5378 munus
1651 5322 1859 5394 viginti
1895 5339 1988 5379 se-

331 5420 488 5487 ptem
521 5414 786 5470 turribus
815 5413 1144 5468 instructus
1175 5415 1318 5468 erat.
1355 5415 1488 5467 Haec
1519 5411 1703 5484 igitur
1730 5416 1858 5468 erat
1891 5428 1988 5467 ur-

335 5511 428 5567 bis
460 5510 654 5566 forma
682 5509 792 5566 sub
824 5508 1088 5580 Byzante.

2162 3802 2283 3876 Χρή
2341 3803 2623 3876 γινώσκειν
2683 3805 2767 3862 ὅτι
2819 3808 2881 3862 τὸ
2942 3811 3230 3878 Βυζάντιον
3277 3811 3443 3877 πόλις
3500 3816 3567 3884 ἦν
3627 3820 3745 3876 τοῦ.

2089 3887 2362 3979 Βύζαντος
2421 3892 2707 3966 βασιλέως,
2740 3896 2906 3972 οὗπερ
2954 3898 3023 3952 τὰ
3079 3897 3319 3956 παλάτοα
3373 3903 3509 3972 ἦσαν
3569 3902 3623 3960 ἰν
3681 3909 3749 3979 τῇ

2092 3978 2442 4052 Ἀκροπόλει.
2497 3982 2558 4038 Ὀ
2618 3979 2680 4069 δὲΔ
2731 3982 2784 4038 ἐν
2845 3984 2980 4052 αύτῆ
3041 3988 3170 4050 ναὸς
3223 3989 3439 4067 ὑπῆρχε
3487 3978 3750 4069 πρότερον

2088 4072 2186 4122 τοῦ
2246 4070 2392 4137 Διὸς,
2427 4069 2477 4143 ἐξ
2533 4072 2596 4126 οὗ
2654 4066 2772 4149 ἔχει
2828 4076 2925 4137 τὰς
2976 4080 3360 4156 μαρμαρίνους
3401 4066 3604 4156 γάψίδας
3657 4066 3755 4146 τὰς

2091 4156 2316 4233 ὕπερθεν
2375 4164 2483 4214 τῶν
2547 4160 2804 4236 μεγάλων
2863 4164 3086 4236 κιόνων,
3143 4169 3195 4222 οἳ
3278 4169 3586 4248 ὑπάρχουσι
3656 4175 3753 4229 τοῦ

2095 4246 2219 4310 Διὸς
2274 4247 2364 4338 καὶ
2411 4253 2508 4303 τοῦ
2559 4249 2765 4327 Κρόνου
2810 4255 2865 4308 αἱ
2914 4253 3110 4324 στῆλαι
3150 4276 3160 4287 ·
3214 4255 3285 4312 δι’
3315 4257 3388 4314 ὧν
3429 4246 3587 4338 Ἰὲχειν
3637 4256 3758 4328 ἔθος

2091 4341 2209 4398 τοῖς
2255 4334 2516 4401 παλαιοῖς
2568 4339 2643 4402 εἷς
2689 4341 2787 4404 τὰς
2839 4342 3170 4417 ἀκροπόλεις
3221 4345 3421 4418 κτίζειν
3472 4334 3573 4414 τὰς
3631 4353 3753 4408 ἰαυ-

2091 4429 2199 4480 τῶν
2235 4424 2432 4496 οἷ’κὶας,
2464 4425 2590 4498 ἤτοι
2621 4431 2688 4484 τὰ
2726 4430 2986 4490 παλάτια.
3024 4439 3267 4511 ’Ήρχιτο
3323 4435 3379 4494 δὲ
3433 4439 3494 4495 τὸ
3544 4447 3754 4518 τεῖχος,

2093 4516 2234 4569 καθὰ
2289 4514 2379 4570 γαί
2432 4521 2541 4589 νῦν,
2603 4517 2691 4575 ἐπὶ
2755 4527 2852 4577 τοῦ
2908 4523 3179 4593 Βύζαντος
3233 4527 3341 4584 ἀπὸ
3395 4533 3492 4584 τοῦ
3549 4514 3758 4607 πύργου

2093 4610 2194 4696 τῇς
2236 4605 2648 4696 Ἀκροπόλεως,
2695 4609 2784 4664 καὶ
2842 4609 3104 4688 διήρχετο
3155 4613 3231 4678 εἷς
3279 4617 3373 4671 τὸν
3430 4623 3528 4674 τοῦ
3583 4605 3758 4696 Εὖγε-

2094 4691 2214 4784 νίου
2259 4692 2498 4784 -πύργον,
2557 4697 2648 4751 καὶ
2709 4695 2957 4756 ἀνέϐαινε
3017 4705 3184 4778 μέχρι
3242 4706 3336 4759 τοῦ
3394 4691 3758 4784 Στρατηγίου,

2097 4781 2188 4872 καὶ
2247 4779 2455 4858 ἤρχετο
2511 4784 2589 4847 εἷς
2645 4787 2707 4841 τὸ
2764 4792 2859 4842 τοῦ
2918 4789 3234 4865 Ἀχιλλέως
3293 4779 3547 4872 λουτρόν.
3579 4779 3640 4854 Ἡ
3701 4796 3758 4855 δὶ

2099 4870 2269 4926 ἐκεῖσε
2324 4872 2473 4946 ἁψὶς,
2523 4876 2556 4943 ἡ
2619 4874 2894 4952 λεγομένη
2942 4882 3039 4933 τοῦ
3108 4870 3638 4962 Οὐρϐικίουέπόρτα
3693 4888 3762 4959 ἦν

2100 4965 2334 5036 χερσαῖα
2386 4967 2494 5017 τῶν
2547 4965 2875 5040 Βυζαντίων,
2922 4968 3012 5023 καὶ
3065 4965 3342 5028 ἀνέϐαινεν
3385 4973 3464 5038 εἷς
3509 4975 3576 5031 τὰ
3613 4976 3761 5034 Χαλ-

2099 5055 2401 5136 κοπρατεῖα
2429 5051 2492 5106 τὸ
2519 5057 2706 5130 τεῖχος
2751 5051 2857 5120 ἕως
2898 5061 2997 5112 τοῦ
3041 5056 3339 5136 λεγομένου
3397 5062 3626 5122 Μιλίου.
3661 5068 3761 5125 Ἠν

2103 5135 2160 5193 δὲ
2204 5139 2420 5196 κάκεῖσε
2466 5141 2640 5218 πόρτα
2688 5148 2794 5199 τῶν
2848 5135 3151 5216 Βυζαντίων
3207 5158 3439 5227 χερσαῖα
3467 5172 3480 5186 ·
3534 5154 3626 5210 καὶ
3680 5153 3763 5211 δι-

2102 5229 2313 5321 ήρχετο
2358 5228 2435 5321 εἷς
2478 5229 2606 5294 τοὺς
2647 5229 2916 5298 πλεκτοὺς
2964 5236 3149 5303 κίονας
3190 5243 3298 5295 τῶν
3345 5241 3764 5321 Τζυκαλαρίων,

2101 5317 2188 5404 καὶ
2250 5313 2560 5375 κατέϐαινεν
2618 5321 2694 5384 εἷς
2751 5323 2990 5398 Τόπους,
3045 5327 3135 5382 καὶ
3212 5328 3532 5404 ἀπέκαμπτε
3594 5313 3762 5390 πάλιν

2104 5401 2193 5501 διά
2245 5407 2719 5501 τῶν-Μαγγανων
2794 5413 3335 5500 καὶρΑρκαδιανῶν,
3389 5401 3480 5477 καὶ
3538 5418 3762 5501 ἔφθασεν

2104 5491 2182 5589 είς
2210 5493 2308 5560 τὴν
2344 5495 2698 5589 ’ᾼκρόπολιν⁸
2734 5502 2867 5589 Εἶχε
2910 5491 2974 5558 Et
3028 5504 3273 5582 πύργους
3320 5491 3383 5564 τὸ
3415 5509 3544 5567 ὅλον
3577 5491 3768 5589 τεῖχος

2104 5581 2432 5642 εἰκοσιεπτά.
2468 5587 2571 5674 Καὶ
2601 5588 2828 5662 τοιαύτη
2866 5592 2960 5666 μὲν
2993 5594 3060 5665 ἦν
3197 5596 3286 5652 ἐπὶ
3339 5604 3437 5655 τοῦ
3485 5581 3761 5674 Βύζαντος

2105 5689 2216 5746 σχη
2227 5673 2575 5753 ματογραφία
2601 5682 2669 5746 τῆ
2678 5698 2703 5739 ς
2732 5677 2972 5744 πόλεως.
