4124 6398
398 315 548 377 H91

1356 303 1754 366 APPENDIX
1794 305 1898 365 AD
1944 300 2413 365 MICHAELEM
2454 292 2853 368 PSELLUM.

3665 308 3826 370 1192

407 449 471 511 Ἠ
508 445 566 503 δὲ
617 443 772 522 ἑτέρα
814 436 1317 527 σχηματογραφίαζ
1334 440 1397 509 ἢν
1428 436 1771 519 ,συντέθεικεν
1818 438 1846 492 6
1897 437 2037 513 μέγα

2173 435 2366 494 Altera
2425 438 2584 494 urbis
2630 454 2664 494 a
2712 437 3322 527 Constantinoiillz'in
3365 438 3544 497 aliam
3585 444 3831 516 formam

1007 518 1431 573 Κωνσταντῖνος.

454 625 771 704 Προσὲθηκε
798 620 980 678 τοίνυν
1011 621 1074 676 τὸ
1103 625 1293 695 τεῖχος
1324 619 1430 675 ἀπὸ
1484 620 1583 673 τοῦ
1640 615 1902 690 Εὖγενίου
1950 614 2051 704 7μὲ-

383 737 482 794 χρι
510 701 635 771 τοῦ
686 713 872 790 Ἀγίου
913 709 1232 776 Ἀντωνίου,
1265 708 1372 794 ἀπὸ
1431 705 1491 762 δὲ
1546 711 1653 761 τῶν
1696 706 1886 794 Τόπων
1941 701 2048 794 ἓως

524 804 709 881 Ἀγίας
743 801 1013 859 Θεοτόκου
1060 806 1162 870 τῆς
1204 792 1455 866 Ῥάῦδου,
1494 797 1585 851 καὶ
1641 791 1913 850 ἀνέϐαινεν
1974 793 2050 856 εἷς

376 896 440 951 τὸ
484 893 852 965 Ἐξωκιόνιον,
902 891 992 945 καὶ
1059 889 1122 943 τὸ
1194 891 1451 962 χερσαῖον
1515 890 1726 961 τεῖχος,
1787 884 1892 939 ἀπὸ
1953 886 2049 937 τοῦ

377 982 589 1042 Μιλίου
620 1003 632 1017 ·
667 982 756 1038 καὶ
794 978 1002 1056 ἤρχετο
1039 979 1207 1053 μέχρι
1240 983 1343 1046 τῆς
1390 973 1627 1038 παλαιᾶς
1685 974 1896 1050 πόρτης
1951 976 2048 1029 τοῦ

381 1070 735 1148 Ηροδρόμου,
768 1070 859 1125 καὶ
884 1076 985 1139 τῆς
1022 1074 1194 1147 μονῆς
1224 1069 1322 1121 τοῦ
1354 1065 1478 1120 Δίου
1509 1065 1599 1119 καὶ
1639 1071 1738 1134 τῆς
1772 1063 2048 1135 Εἶκασίας,

374 1162 467 1218 καὶ
513 1159 778 1237 διήρχετο
835 1178 998 1234 μιχρι
1051 1163 1151 1226 τῆς
1204 1156 1411 1223 Βώνου,
1453 1155 1542 1209 καὶ
1591 1153 1669 1216 εἷς
1711 1154 1803 1208 τὸν
1853 1156 2045 1229 ⁸’Δγιον

375 1249 666 1321 Μανουήλ,
703 1243 884 1304 Σαϐὲλ
915 1247 1006 1303 καί
1039 1243 1295 1319 Ἰσμαήλ,
1328 1243 1379 1299 ἐν
1410 1245 1455 1317 ᾦ
1497 1239 1654 1317 τόπῳ
1707 1240 2046 1320 ἆνῃρὲθησαν

377 1342 530 1396 οὗτοι
579 1339 631 1394 οἱ
683 1339 831 1414 ἅγιοι
868 1357 880 1370 ·
914 1335 1007 1391 καὶ
1058 1333 1326 1411 διήρχετο
1377 1333 1454 1395 εἰς
1497 1334 1564 1387 τὰ
1604 1331 1927 1407 Ἀρματίου,
1958 1331 2047 1386 καὶ

383 1430 553 1505 μέχρι
585 1432 683 1483 τοῦ
711 1426 905 1503 Ἀγίου
931 1423 1248 1493 Ἀντωνίου,
1274 1422 1363 1478 καὶ
1396 1418 1640 1496 ἔκαμπτε
1672 1420 1750 1483 είς
1797 1420 1888 1476 τὸν
1946 1424 2049 1476 τοῦ

383 1517 665 1595 Εὐγενίου.
700 1519 961 1592 Διήρκεσε
992 1512 1049 1569 δὲ
1077 1512 1140 1569 τὸ
1170 1518 1359 1589 τεῖχος
1391 1508 1484 1583 ἔτη
1528 1510 1671 1589 ρλβ’,
1706 1507 1837 1566 δέκα
1891 1510 2047 1587 βασι-

374 1605 513 1662 λέων
548 1603 1156 1682 αὐτοκρατορησάντων.
1190 1602 1341 1674 Αὕτη
1391 1606 1489 1658 τοῦ
1539 1598 1798 1678 Μεγάλου
1862 1602 2049 1657 Κωνσ-

375 1697 625 1752 ταντίνου
654 1696 689 1765 ἡ
723 1693 1211 1771 σχηματογραφία.

2691 509 2942 567 deducta
2980 510 3307 582 descriptio.

2234 616 2478 673 Addidit
2506 616 2687 690 igitur
2727 633 2966 673 murum
3015 617 3089 673 ab
3135 618 3380 689 Eugenii
3439 620 3588 676 turri
3639 622 3713 678 ad
3759 624 3827 680 S.

2159 706 2480 763 Antonium
2542 723 2752 780 usque,
2801 712 2861 763 et
2914 723 2947 762 a
3003 706 3184 778 Topis
3234 708 3306 763 ad
3366 708 3425 766 S.
3486 709 3589 766 Dei
3645 712 3825 768 Geni-

2158 796 2365 852 tricem
2400 796 2633 853 Rhabdi
2664 796 2918 865 dictam;
2954 812 3287 869 murusque
3337 800 3636 856 terrestris
3684 818 3822 873 pro-

2158 888 2365 940 tensus
2395 889 2486 941 est
2516 902 2550 943 a
2579 884 2854 942 Milliario
2878 885 2951 942 ad
2976 884 3418 955 Hexocionium,
3451 892 3510 944 et
3538 891 3825 963 pergebat

2159 974 2232 1030 ad
2261 978 2514 1031 veterem
2567 974 2955 1031 Praecursoris
3002 979 3260 1047 portam,
3292 980 3350 1031 et
3401 977 3474 1033 ad
3526 984 3825 1037 monaste-

2159 1064 2316 1120 rium
2350 1063 2435 1120 Dii
2455 1067 2514 1120 et
2538 1064 2737 1121 Icasiaa
2761 1081 2775 1120 :
2801 1064 2938 1120 inde
2959 1063 3240 1120 tendebat
3270 1080 3459 1137 usque
3489 1068 3563 1123 ad
3594 1068 3823 1126 Cister-

2160 1169 2299 1209 nam
2329 1153 2498 1224 Boni,
2528 1157 2587 1210 et
2608 1154 2680 1211 ad
2714 1154 2965 1210 Sanctos
2988 1152 3248 1222 Manuel,
3272 1154 3446 1212 Sabel
3483 1173 3551 1212 ac
3580 1156 3820 1230 lsmael,

2157 1242 2260 1298 ubi
2291 1242 2404 1315 ipsi
2425 1243 2615 1299 sancti
2647 1242 2828 1300 occisi
2858 1243 3059 1300 fuere:
3094 1242 3234 1299 hinc
3282 1244 3563 1318 vergebat
3611 1248 3685 1303 ad
3736 1246 3824 1304 lo-

2159 1348 2292 1388 cum
2341 1332 2630 1389 Barmatii
2681 1335 3114 1405 nuncupatum;
3165 1336 3224 1389 et
3270 1334 3343 1389 ad
3393 1335 3454 1391 S.
3486 1336 3821 1394 Antonium

2159 1437 2366 1494 usque,
2401 1422 2863 1495 deﬂectebatque
2893 1422 2966 1478 ad
3011 1421 3260 1493 Eugenii
3290 1422 3525 1481 turrim.
3578 1424 3824 1482 Duravit

2160 1514 2357 1568 autem
2385 1510 2482 1567 hic
2515 1527 2725 1568 murus
2755 1528 2942 1568 annos
2989 1527 3205 1580 cxxxn,
3246 1512 3450 1569 decem
3495 1513 3819 1587 imperato-

2158 1616 2291 1657 rum
2322 1604 2608 1673 tempore.
2640 1599 2774 1658 Haec
2803 1605 2896 1658 est
2927 1601 3095 1659 urbis
3126 1600 3317 1658 forma
3363 1602 3476 1659 sub
3526 1602 3818 1662 Constan-

2158 1688 2284 1745 tino
2315 1688 2548 1762 Magno.

498 1818 612 1886 Quo
640 1831 787 1872 anno
813 1816 945 1870 urbs
976 1811 1482 1884 Constantinopoli:
1510 1818 1685 1883 coepta
1713 1811 1789 1866 sit
1817 1809 2105 1881 aediﬁcari,
2137 1824 2308 1882 quave
2326 1823 2512 1866 meme
2528 1808 2805 1866 celebrata
2828 1809 2943 1865 sint
2962 1808 3207 1882 ejusdem
3226 1809 3383 1867 urbis
3399 1812 3661 1869 mnia.

440 1926 574 2001 Χρή
638 1921 696 1979 δὲ
744 1921 944 1979 εὶδέναι
996 1923 1102 1995 δτι,
1134 1921 1212 1994 τῷ
1258 1917 1799 1996 πεντακισχιλιοστῷ
1827 1918 2037 1975 ὀκτακο

2231 1918 2547 1976 Sciendum
2586 1923 2699 1989 est,
2731 1936 2885 1976 anno
2908 1919 3116 1976 mundi
3148 1918 3467 1994 quinquies
3497 1919 3819 1980 millesimo

380 2017 582 2086 σιοστῷ
611 2033 919 2089 τριακοστῳ
947 2013 1189 2086 τετάρτῳ
1220 2008 1326 2066 ἔτει
1356 2014 1453 2065 τοῦ
1485 2010 1722 2083 κόσμου,
1749 2013 1828 2082 τῷ
1877 2008 2047 2086 τρίτῳ

380 2101 512 2175 μηνὶ
541 2108 642 2172 τῆς
681 2099 1136 2178 κρισκαιδεκάτης
1184 2099 1582 2173 ἐπινεμήσεως,
1616 2096 1668 2154 ἐν
1721 2096 1905 2174 ἡμέρᾳ
1960 2118 2045 2153 τε-

378 2190 549 2266 τάρτῃ
577 2196 675 2247 τοῦ
706 2186 1020 2266 Νοεμϐρίου
1055 2190 1249 2263 μηνὸς,
1282 2185 1436 2251 ὄντος
1492 2192 1589 2243 τοῦ
1645 2186 1811 2258 ἡλίου
1865 2186 1942 2250 εἰς
1981 2187 2044 2243 τὸ

375 2278 473 2337 τοῦ
529 2276 761 2353 Τοξότου
803 2277 1032 2351 ξώδιον·
1068 2278 1377 2356 ὡροσκόπει
1434 2278 1538 2356 γὰρ
1597 2283 1904 2354 Καρκῖνος⁶
1964 2282 2045 2350 τῷ

375 2370 580 2446 πρώτῳ
637 2364 741 2425 ἔτει
792 2376 891 2439 τῆς
952 2366 1339 2438 διακοσιοστῆς
1405 2362 1826 2441 ἑϐδομηκοστῆς
1880 2363 2044 2438 ἕκτης

374 2457 778 2533 Ὀλυμπιάδος,
827 2458 1094 2530 ἐπήξαντο
1137 2457 1265 2521 τοὺς
1316 2456 1604 2531 θεμελίους
1652 2461 1761 2512 τῶν
1807 2454 2041 2512 δυτικῶν

368 2554 573 2625 τειχῶν
602 2555 704 2619 τῆς
737 2547 1372 2610 Κωνσταντινουπόλεως
1404 2567 1416 2579 ·
1449 2549 1533 2602 καὶ
1596 2546 1647 2603 ἐν
1705 2545 1857 2601 ἐννέα
1904 2547 2042 2620 μησὶ

369 2638 433 2694 τό
463 2660 523 2694 τε
552 2644 809 2715 χερσαῖον
861 2658 951 2694 και
1001 2636 1270 2713 παράλιον
1318 2642 1528 2713 τεῖχος,
1584 2636 1720 2709 μετὰ
1769 2634 2039 2691 πλείστων

374 2724 1002 2800 οἷκοδομημάτων,τιῖ›ν
1057 2724 1109 2781 ἔν
1153 2728 1224 2800 τῇ
1273 2723 1434 2780 πόλει
1497 2722 1848 2797 δομηθὲντων
1903 2724 2042 2779 ἀπα·

379 2816 680 2893 ρτίσαντες,
708 2820 778 2891 τῇ
829 2817 895 2871 ια’
925 2819 1022 2871 τοῦ
1080 2813 1263 2872 Μαΐου
1319 2814 1513 2890 μηνὸς,
1544 2815 1611 2869 τὰ
1666 2812 1903 2891 ἐγκαίνια
1941 2820 2043 2884 τῆς

376 2904 597 2968 πόλεως
653 2904 861 2983 γέγονε,
920 2903 1012 2960 καὶ
1096 2904 1517 2982 προσηγορεύοη
1600 2904 2040 2960 Κωνσταντινού-

381 2993 569 3057 πολις,

2162 2008 2654 2081 octingentesimo
2713 2008 3012 2067 tricesimo
3071 2013 3322 2081 quarto,
3377 2009 3553 2068 tertio
3612 2027 3821 2069 mense

2158 2096 2622 2169 quartadecima:
2666 2097 3038 2164 Indictionis,
3092 2097 3406 2156 Novembri
3449 2115 3671 2171 mense,
3717 2100 3819 2158 die

2157 2190 2385 2259 quarta,
2420 2203 2557 2243 cum
2608 2185 2699 2244 sol
2747 2187 2808 2243 in
2867 2186 3171 2261 Sagittarii
3228 2187 3400 2262 signo
3451 2193 3818 2258 versaretur,

2153 2276 2377 2333 Cancro
2406 2276 2859 2351 horoscopante,
2892 2276 3084 2350 primo
3136 2293 3292 2333 anno
3338 2294 3579 2335 ccuxv:
3618 2277 3823 2352 Olym-

2154 2364 2371 2438 piadis,
2405 2366 2793 2424 fundamenta
2823 2382 3131 2423 murorum
3163 2365 3622 2424 occidentalium
3651 2368 3806 2425 Con-

2154 2455 2621 2528 stantinopoleos
2648 2457 2813 2528 jacta
2843 2456 3030 2513 fuisse
3065 2474 3080 2515 :
3113 2472 3368 2530 cumque
3398 2474 3607 2515 novem
3639 2474 3812 2515 men-

2151 2546 2338 2617 sibus,
2371 2546 2739 2602 maritimum
2769 2550 2828 2603 et
2857 2550 3195 2604 terrestrem
3217 2563 3483 2620 murum,
3510 2564 3645 2604 cum
3678 2547 3818 2605 aliis

2152 2635 2395 2692 urbanis
2415 2634 2677 2693 aediﬁciis
2707 2635 3124 2710 absolvissent,
3154 2638 3479 2696 undecemo
3509 2637 3666 2707 Maii,
3700 2655 3811 2695 en-

2152 2725 2336 2781 caenia
2365 2725 2528 2782 urbis
2557 2725 2849 2785 celebrata
2876 2743 3032 2795 esse,
3060 2727 3232 2802 eique
3261 2726 3809 2802 Constantinopolis

2152 2829 2365 2871 nomen
2403 2814 2781 2888 impositum.

370 3115 448 3171 De
476 3116 665 3171 statua
690 3114 1041 3172 Constantini
1067 3116 1135 3172 Μ.
1154 3132 1289 3188 ique
1316 3114 1407 3172 die
1425 3115 1579 3172 urbi:
1597 3115 1785 3173 natali
1814 3117 1876 3172 in
1915 3111 2347 3188 Hippodromum
2372 3111 2778 3188 deducebatur.
2811 3114 2888 3169 De
2914 3114 2987 3188 iis
3015 3114 3114 3188 qui
3141 3129 3258 3170 una
3275 3128 3413 3188 cum
3441 3112 3803 3173 Constantino

696 3187 890 3243 urbem
944 3188 1048 3245 ΟΡ.
1074 3184 1467 3260 aediﬁcarunt,-
1496 3204 1563 3245 ac
1594 3189 1666 3245 de
1703 3184 2002 3261 precipuis
2020 3184 2290 3257 adiﬁciis
2326 3184 2395 3241 ab
2425 3185 2612 3243 eadem
2642 3188 2882 3258 Augusto
2911 3187 2973 3243 in
2994 3184 3131 3243 urbe
3155 3186 3438 3244 excitatis.

446 3291 570 3350 Ἐπὶ
617 3289 675 3349 δὶ
721 3297 790 3368 τῇ
835 3299 944 3349 τῶν
998 3294 1276 3371 ἰγκαινίων
1331 3292 1514 3371 ἡμέρᾳ
1556 3293 1879 3369 προσέταξεν
1939 3291 2029 3348 ἐπὶ

2212 3292 2535 3350 Constituit
2563 3298 2764 3351 autem
2796 3297 2865 3352 ut
2892 3293 3286 3367 imposterum
3336 3294 3657 3367 quotannis
3706 3295 3804 3353 die

368 3380 497 3444 τοὺς
558 3380 750 3461 ἐφεξῆς
811 3383 1070 3458 χρόνους,
1124 3384 1223 3453 τὴν
1296 3382 1461 3439 αὐτοῦ
1514 3382 1725 3455 στήλην
1779 3384 2025 3459 ὁρᾶσθαι,

373 3470 507 3545 μετᾶ
588 3477 689 3541 τῆς
772 3470 1081 3546 εἷθισμὲνης
1162 3476 1353 3546 τιμῆς,
1409 3474 1657 3530 Ἱππικοῦ
1733 3472 2027 3548 ἀγομένου,

365 3564 485 3621 τοῖς
532 3561 670 3615 κατᾶ
715 3560 901 3636 καιρὸν
959 3561 1365 3637 βασιλεύουσιν,
1407 3558 1577 3617 ὄντων
1625 3561 1715 3617 καὶ
1763 3566 1870 3617 τῶν
1929 3559 2027 3632 δη-

373 3652 580 3722 μοτῶν,
612 3650 701 3705 καὶ
765 3649 1089 3727 ἀνέρχεσθαι
1151 3651 1317 3729 μέχρι
1370 3656 1466 3708 τοῦ
1514 3651 1806 3727 στάματος.
1855 3655 2032 3707 Ταῦτα

368 3735 623 3813 ἐπράχθη
655 3741 735 3811 τῷ
788 3736 1078 3813 δωδεκάτῳ
1131 3738 1236 3797 ἔτει
1284 3748 1385 3812 τῆς
1450 3741 1724 3815 βασιλείας
1778 3744 1876 3797 τοῦ
1919 3746 2028 3798 Με-

369 3826 543 3903 γάλου
620 3829 1058 3899 Κωνσταντίνου,
1109 3830 1567 3904 συμπραττόντων
1628 3833 1714 3889 καὶ
1778 3828 2029 3887 συνευδο-

367 3915 607 3973 κούντων
654 3915 732 3981 εἷς
779 3920 881 3989 τὴν
928 3916 1231 3994 οἰκοδομὴν
1275 3927 1376 3991 τῆς
1427 3922 1834 3999 θεοφρουρήτου
1879 3922 2030 3978 Κων-

368 4005 874 4070 σταντινουπόλεως
905 4027 917 4040 ·
980 4007 1237 4088 Εὐφρατᾶ
1288 4009 1348 4065 τὲ
1415 4032 1559 4087 φημι
1616 4014 1713 4066 τοῦ
1766 4029 2030 4085 παρακοι-

369 4094 629 4169 μωμένου
688 4098 778 4151 καὶ
832 4096 1155 4174 Οὖροικίου,
1210 4099 1297 4154 καὶ
1359 4096 1651 4174 Ὀλυϐρίου
1708 4103 1805 4155 τεῦ
1863 4121 2031 4177 πραι-

366 4184 613 4253 ποσίτου,
668 4183 950 4261 Ἰσιδώρου
1035 4188 1126 4242 καὶ
1197 4188 1559 4265 Εὐστοργίου,
1640 4188 1729 4245 καὶ
1797 4185 2027 4265 Μιχαὴλ

366 4270 894 4351 πρωτοϐεστιαρίου,
953 4276 1282 4355 ἀμφοτέρων
1357 4278 1679 4355 πατρικίων,
1738 4279 1829 4335 καὶ
1886 4280 2032 4336 Ὀνο-

366 4363 590 4439 ταρσίου
623 4362 891 4441 ἐπάρχου,
923 4367 1103 4431 καθὼς
1148 4368 1456 4445 ἱστοροῦσιν
1507 4367 1537 4423 6'
1581 4390 1640 4424 τε
1691 4368 2031 4444 Εὖτυχιανὸς

366 4453 750 4530 γραμματικὸς
811 4455 839 4509 6
896 4464 1400 4533 προτοασηκρῆτις,
1460 4458 1552 4513 καὶ
1624 4458 1652 4512 6
1735 4457 2033 4532 συμπαρὼν

363 4547 444 4615 τῷ
495 4538 783 4618 παραϐάτῃ
839 4542 1128 4618 Ἰουλιανῷ
1189 4545 1239 4601 ὲν
1293 4545 1537 4622 Περσίδι,
1587 4546 1896 4622 Εὐτρόπιός
1951 4566 2033 4608 τις

366 4633 394 4687 6
472 4632 739 4710 σοφιστὴς
840 4635 933 4688 καὶ
1024 4632 1494 4714 ἐπιστολογράφος
1578 4636 1986 4695 Κωνσταντίνου
2016 4681 2029 4707 ,
2064 4675 2110 4741 D

366 4722 409 4741 ΙΙΊ
470 4719 545 4741 ’.οἳ
574 4740 577 4741 ,
687 4723 701 4741 ι
782 4722 796 4741 τ
822 4725 836 4741 Ι
1022 4724 1035 4741 1
1168 4722 1187 4741 Ν
1208 4721 1227 4741 \
1256 4726 1271 4741 ι
1364 4726 1377 4741 9
1478 4728 1490 4741 ι
1588 4725 1612 4741 λ
1720 4725 1733 4741 Ι
2010 4728 2025 4741 ι

364 4719 622 4795 Τρώϊλος
680 4723 708 4777 6
770 4722 979 4799 ῥήτωρ,
1014 4724 1043 4778 6
1091 4721 1309 4789 πολλὰς
1353 4726 1530 4802 ἀρχὰς
1585 4725 1836 4789 διανύσας
1900 4728 2034 4799 μετὰ

367 4806 553 4881 δόξης,
612 4811 703 4866 καὶ
764 4811 1029 4886 Ἠσόχιος
1082 4814 1109 4867 6
1163 4814 1534 4893 ταχυγράφος.
1595 4816 1760 4874 Οὗτοι
1836 4818 2029 4878 πάντες

369 4898 553 4963 θεαταὶ
611 4900 701 4955 καὶ
762 4900 1072 4975 συνίστορες
1124 4903 1377 4978 γεγόνασι
1439 4909 1543 4959 τῶν
1596 4906 1720 4960 τότε
1760 4904 2032 4982 πραχθὲν-

361 5010 471 5044 των
533 4984 796 5064 ἀκριϐῶς.
833 4990 918 5044 Ἐν
972 4987 1030 5045 δὲ
1077 4995 1156 5064 τῷ
1207 4990 1501 5067 δωδεκάτῳ
1541 4990 1646 5050 ἔτει
1712 5002 1813 5065 τῆς
1869 4994 2032 5050 αὐτοῦ

368 5076 655 5154 βασιλείας
708 5077 988 5150 ἐποίησεν,
1039 5079 1113 5143 ὠς
1174 5079 1411 5158 εἷ’ρηται,
1477 5082 1696 5156 μείζονα
1768 5085 1866 5155 τήν
1928 5083 2035 5141 Βύ-

369 5171 560 5234 ζαντος
611 5164 777 5222 πόλιν
814 5185 827 5200 '
882 5162 1058 5224 ἔκτισε
1116 5166 1173 5225 δὲ
1219 5171 1309 5225 καὶ
1364 5172 1433 5226 τὰ
1496 5171 1756 5247 παλάτια,
1804 5173 1871 5229 τὰ
1926 5174 2031 5229 ἀπό

362 5275 420 5309 τε
491 5263 592 5326 τῆς
668 5255 915 5331 Χαλκῆς,
972 5258 1062 5314 καὶ
1145 5264 1252 5315 τῶν
1315 5257 1692 5332 Έξκουϐίτων,
1763 5263 1850 5319 καὶ
1922 5268 2029 5319 τῶν

371 5342 650 5418 Σχολῶν·
711 5347 803 5401 καὶ
861 5347 986 5402 ναὸν
1047 5348 1328 5426 ἀνήγειρεν
1407 5351 1579 5407 ἐκεῖσε
1646 5356 1752 5407 τῶν
1831 5354 2031 5429 Ἁγίων

369 5430 746 5503 Ἀποστόλων,
776 5437 871 5490 καὶ
924 5436 1025 5505 τήν
1080 5436 1242 5494 θόλον
1286 5444 1387 5509 τῆς
1424 5437 1828 5517 Ἑπταλύχνου,
1860 5444 1895 5511 ἡ
1944 5443 2033 5496 καὶ

379 5518 545 5595 μέχρι
592 5524 690 5575 τοῦ
736 5527 826 5577 νῦν
888 5526 1120 5596 σώζεται
1170 5523 1365 5583 ἔσωθεν
1418 5534 1527 5584 τῶν
1600 5527 1836 5605 Σχολῶν
1872 5549 1885 5564 ·
1944 5530 2033 5587 καὶ

364 5608 427 5662 τὸ
464 5604 858 5684 Τριϐουνάλιον
907 5616 996 5670 καὶ
1047 5617 1112 5670 τὰ
1161 5620 1253 5672 νῦν
1318 5604 1697 5695 ὀνομαζόμενα
1749 5619 2011 5695 Νούμερα

2137 3382 2305 3438 urbis
2336 3382 2543 3456 natali,
2575 3387 2775 3442 statua
2805 3383 2996 3458 ipsius
3017 3400 3156 3441 cum
3177 3383 3351 3441 solito
3375 3384 3621 3457 honore,
3643 3383 3805 3443 ludis

2137 3473 2523 3548 circensibus,
2542 3475 2886 3549 imperatori
2907 3474 3245 3551 populoque
3265 3477 3338 3533 ad
3365 3475 3630 3533 tribunal
3651 3476 3798 3550 Hip-

2138 3564 2407 3637 podromi
2441 3566 2761 3637 spectanda
2781 3570 3228 3639 proponeretur.
3261 3565 3394 3623 Hac
3442 3566 3794 3624 duodecimo

2138 3667 2295 3707 anno
2325 3650 2558 3724 imperii
2592 3652 2963 3710 Constantini
3003 3652 3202 3728 Magni
3244 3654 3401 3712 facta
3430 3657 3590 3724 sunt,
3627 3655 3797 3728 adju-

2137 3740 2414 3799 vantibus
2459 3741 2520 3798 in
2576 3746 2878 3800 structura
2929 3742 3545 3818 Constantinopoleos,
3590 3743 3791 3803 divino

2138 3830 2413 3904 praesidio
2446 3830 2710 3903 munitm,
2767 3831 3070 3907 Euphrate
3119 3832 3476 3901 accubitore,
3535 3833 3795 3906 Urbicio,

2139 3924 2197 3976 et
2227 3918 2461 3991 Olybrio
2493 3920 2827 3994 praeposito,
2856 3920 3081 3978 Isidoro
3122 3924 3182 3977 et
3214 3920 3536 3994 Eustorgio,
3570 3937 3639 3978 ac
3685 3921 3792 3979 Mi-

2139 4009 2336 4066 chaele
2376 4010 2567 4083 primo
2601 4009 2896 4080 vestiario,
2931 4015 3181 4083 utroque
3214 4010 3484 4083 patricio,
3509 4015 3567 4069 et
3596 4011 3791 4068 llono-

2141 4098 2321 4155 tarsio
2350 4100 2661 4171 praefecto;
2705 4100 3208 4172 quemadmodum
3263 4100 3563 4158 memorias
3611 4100 3796 4158 tradi-

2140 4186 2358 4243 derunt
2431 4186 2834 4259 Eutychianus
2917 4186 3345 4261 grammaticus
3425 4205 3460 4245 ι
3547 4189 3794 4245 secretis

2141 4276 2393 4349 primus,
2429 4278 2487 4331 et
2515 4276 2834 4349 Eutropius
2886 4276 3129 4350 quidam
3191 4276 3484 4350 sophista,
3542 4278 3644 4350 qui
3691 4278 3804 4334 fuit

2142 4364 2524 4422 Constantino
2574 4366 2645 4423 ab
2696 4366 2984 4440 epistolis,
3033 4382 3100 4422 ac
3147 4364 3385 4424 Juliano
3414 4368 3707 4441 Apostatae
3738 4366 3800 4422 in

2141 4453 2377 4511 Perside
2438 4472 2557 4512 una
2594 4455 2818 4527 adfuit;
2871 4454 3105 4513 Troilus
3152 4455 3376 4525 rethor,
3426 4457 3528 4529 qui
3581 4455 3803 4513 multos

2144 4545 2523 4618 magistratus
2544 4562 2679 4602 cum
2710 4544 2899 4619 gloria
2927 4547 3130 4619 gessit,
3165 4551 3224 4602 et
3261 4545 3591 4619 Hesychius
3631 4550 3804 4603 nota-

2141 4635 2285 4691 rius.
2310 4633 2380 4691 lIi
2401 4651 2607 4692 omnes
2628 4640 2988 4708 spectatores
3007 4640 3064 4692 et
3085 4636 3343 4692 accurati
3366 4639 3548 4693 testes
3570 4651 3801 4706 eorum,

2143 4741 2271 4797 quae
2328 4728 2471 4780 tunc
2529 4724 2684 4781 facta
2739 4729 2899 4795 sunt,
2959 4725 3330 4781 exstiterunt.
3380 4726 3548 4780 Anno
3597 4728 3798 4781 autem

2143 4815 2489 4871 duodecimo
2542 4813 2774 4887 imperii
2831 4813 2925 4871 sui
2978 4813 3304 4887 ampliavit,
3337 4817 3401 4869 ut
3431 4812 3654 4869 dictum
3686 4817 3797 4885 est,

2141 4903 2566 4961 Constantinus
2618 4904 2892 4977 Byzantis
2944 4904 3173 4974 urbem,
3224 4901 3654 4976 mdiﬁcavitque
3702 4919 3802 4975 pa-

2142 4992 2305 5065 latia,
2338 5012 2372 5049 a
2402 4993 2634 5065 Chalce,
2669 4996 2741 5051 ab
2773 4994 3100 5064 Excubitis,
3122 4997 3180 5050 et
3201 5010 3235 5049 a
3255 4990 3487 5050 Scholia
3511 5007 3525 5049 :
3551 4992 3803 5049 ibidem-

2143 5103 2258 5159 que
2279 5086 2381 5143 SS.
2406 5085 2825 5159 Apostolorum
2866 5087 3157 5159 templum
3211 5084 3521 5154 exstruxit,
3550 5087 3607 5141 et
3636 5086 3797 5157 Hep-

2140 5175 2402 5249 talycbni
2434 5174 2687 5247 tholum,
2711 5176 2810 5247 qui
2838 5193 3027 5249 usque
3060 5175 3255 5232 adhuc
3281 5175 3442 5231 intus
3472 5175 3531 5231 in
3571 5172 3799 5231 Scholia

2143 5269 2449 5323 servatur:
2476 5269 2754 5338 praeterea
2781 5266 3064 5335 tribunal,
3092 5270 3151 5323 et
3182 5283 3308 5339 qua
3340 5281 3498 5322 nunc
3535 5263 3799 5320 Numera

2144 5353 2519 5429 appellantur
2548 5372 2797 5429 quisque
2826 5357 3087 5429 ejusdem
3113 5354 3319 5429 palatii
3353 5359 3496 5412 sunt
3520 5372 3533 5411 :
3553 5351 3800 5426 insuper

2143 5445 2511 5517 undeviginti
2541 5446 2848 5515 Accubita,
2887 5450 2943 5503 et
2969 5445 3351 5519 Stepsimum,
3379 5441 3793 5516 templumque

2142 5538 2200 5591 S.
2258 5535 2561 5607 Stephani,
2619 5553 2736 5609 quo
2768 5536 3039 5593 cubiculo
3090 5534 3339 5592 hiberno
3369 5538 3635 5605 tempore
3666 5535 3793 5587 ute-

2144 5624 2338 5681 batur.
2398 5625 2696 5684 Exstruxit
2724 5642 2961 5699 quoque
2995 5625 3412 5698 Magnauram,
3458 5629 3517 5680 et
3556 5620 3795 5680 Domini
