4124 6416
359 375 522 438 “93

1494 377 1859 440 ANONYMI
1904 375 2492 449 ANTIOUITATES
2537 381 2662 442 GP.

3633 385 3792 452 H94

351 509 440 563 καὶ
473 527 608 562 αυτα
661 507 738 570 εἷς
784 509 853 564 τὰ
901 507 1036 564 αὖτά
1081 507 1346 582 παλάτια,
1397 511 1486 566 καὶ
1529 510 1597 565 τὰ
1646 506 2002 565 ἐννεακαίδεκι

2135 511 2447 584 templum,
2478 513 2772 571 fErarium
2802 515 2944 572 item
3002 517 3308 589 publicum
3359 521 3418 574 et
3473 517 3794 592 privatum,

930 599 992 653 τὸ
1055 601 1353 672 Στέψιμον,
1411 600 1500 654 καὶ
1559 601 1648 654 τὸν
1721 600 1850 654 ναὸν
1925 599 2022 653 τοῦ

355 687 547 761 Ἀγίου
607 689 904 765 Στεφάνου,
967 689 1130 764 ὅνπερ
1217 689 1334 765 εἶχε
1382 690 1701 764 χειμονικὸν
1759 693 2016 744 κοιτῶνα.

353 779 642 852 Ἀνήγειρε
722 775 779 832 δὲ
849 778 938 832 καὶ
1005 779 1106 846 τὴν
1185 777 1538 853 Μαγναύραν,
1592 778 1684 832 καὶ
1753 779 1852 846 τὴν
1925 776 2020 830 τοῦ

359 870 557 940 Κυρίου
639 866 977 935 ἐκκλησίαν,
1029 867 1121 922 καὶ
1189 869 1446 935 Γενικὸν,
1502 868 1592 921 καὶ
1663 868 1722 920 τὸ
1786 864 2018 938 Ἰδικὸν,

357 958 446 1010 καὶ
507 955 572 1010 τὸ
625 957 963 1030 Βεστιάριον,
996 955 1086 1010 καὶ
1121 957 1212 1010 τὸν
1247 951 1565 1028 Καϐαλλᾶν,
1599 956 1686 1010 καὶ
1719 957 1779 1009 τὸ
1813 954 2017 1030 Σίγμα,

355 1045 446 1100 καὶ
512 1045 575 1098 τὸ
637 1046 856 1114 Ὠατον,
914 1045 976 1099 τὸ
1034 1047 1172 1120 πρὸς
1226 1047 1326 1114 τὴν
1401 1045 1533 1100 Νέαν
1605 1045 1875 1117 κείμενον,
1931 1044 2018 1098 καὶ

365 1136 528 1210 μέχρι
559 1141 662 1203 τῆς
694 1133 1112 1206 ὀνομαζομένης
1148 1132 1388 1209 Σιδηρᾶς
1420 1136 1652 1206 πόρτης,
1683 1135 1771 1188 καὶ
1826 1135 1892 1188 τὰ
1923 1153 2020 1187 πα-

361 1223 522 1279 λάτια
556 1225 724 1298 μέχρι
774 1227 874 1277 τοῦ
933 1222 1209 1297 Γερανίου,
1241 1224 1332 1278 καὶ
1387 1225 1448 1278 τὸ
1481 1217 1894 1297 Χρυσόκλαϐον,
1926 1223 2016 1276 καὶ

357 1313 421 1367 τὸ
457 1312 598 1388 μὲγα
629 1310 860 1388 λουτρὸν
915 1317 1012 1367 τοῦ
1070 1313 1429 1386 Οίκονομίου,
1467 1313 1529 1367 τὸ
1586 1311 1893 1382 πλησιάζον
1944 1311 2018 1372 είς

354 1404 416 1458 τὸ
465 1403 945 1478 Τζυκανιστήριον,
979 1398 1108 1478 ἕχον
1145 1402 1366 1472 ἐνθήκας
1411 1401 1562 1473 ἑπτὰ,
1593 1401 1683 1456 καὶ
1729 1403 1886 1463 στοὰς
1925 1402 2012 1478 ιβ’*

351 1493 439 1547 καὶ
491 1486 780 1564 κόλυμϐον
852 1491 1114 1568 εὐμεγέθη
1178 1489 1438 1561 ἔνζωδον·
1484 1490 1574 1545 καὶ
1628 1491 1683 1545 αἱ
1740 1492 1832 1562 μὲν
1885 1491 2018 1546 ἑπτὰ

355 1581 606 1650 ὶνθῆκαι,
669 1580 746 1642 εἷς
799 1581 1104 1652 ἀνάμνησιν
1164 1585 1270 1636 τῶν
1323 1582 1363 1650 ζ’
1410 1578 1703 1652 πλανητῶν
1754 1580 2014 1656 ἀστέρων·

351 1672 406 1725 αἱ
465 1667 524 1725 δὲ
584 1671 655 1746 ιβ’
687 1669 842 1725 στοαὶ
900 1675 1009 1724 τῶν
1075 1671 1144 1746 ιβ’
1181 1675 1368 1743 μηνῶν
1407 1671 1503 1732 τὰς
1557 1671 1774 1746 κράσεις
1801 1667 2012 1742 ’ίσαζον,

353 1758 486 1832 ὅπερ
544 1757 635 1812 οὗν
694 1760 838 1828 ἧπτε
900 1761 1068 1834 μέχρι
1126 1763 1222 1813 τοῦ
1276 1758 1544 1836 βασιλέως
1606 1763 2012 1834 Κυροῦ.Νικη-

354 1848 526 1927 φόρου
580 1853 678 1903 τοῦ
740 1854 938 1902 Φωκᾶ·
974 1849 1001 1902 ὀ
1061 1845 1120 1904 δὲ
1175 1847 1466 1904 κατὲλυσεο
1499 1848 1756 1918 Ἰωάννης
1813 1849 2012 1920 Τζιμί-

363 1959 518 2010 σκης,
549 1937 639 1993 καὶ
699 1937 760 1993 ἐκ
813 1944 912 2008 τῆς
969 1937 1166 1992 τούτου
1223 1937 1362 2008 ὕλης
1414 1933 1588 1993 ἔκτισε
1633 1940 1732 2007 τὴν
1767 1937 2016 2009 Χαλκὴν,

355 2025 482 2092 ἔνθα
525 2026 616 2082 καὶ
666 2026 862 2101 ἐτάφη.
915 2026 1262 2100 Βουλόμενος
1319 2025 1376 2081 δὲ
1430 2029 1630 2097 κτίζειν
1691 2028 1778 2083 καὶ
1839 2029 2011 2083 Ἰππι-

351 2119 446 2174 κὸν
479 2117 616 2172 κατά
649 2116 883 2190 μίμησιν
916 2123 1017 2186 τῆς
1046 2118 1290 2189 Ῥώμης,
1325 2117 1446 2192 εὗρε
1473 2118 1536 2172 τὸ
1583 2121 1682 2172 τοῦ
1742 2112 2012 2193 Σεϐήρου,

357 2206 447 2261 καὶ
505 2205 892 2280 ἀνεπλήρωσεν
949 2205 1101 2275 αὐτὸ,
1159 2204 1325 2282 ἤγουν
1375 2207 1437 2260 τὸ
1519 2205 1573 2260 ἓν
1657 2205 1820 2281 μέρος
1903 2211 2009 2261 τῶν

357 2293 661 2372 βαθμίδων,
697 2294 786 2350 καὶ
843 2299 950 2350 τῶν
999 2294 1095 2350 δύο
1152 2296 1488 2370 περιπάτων,
1519 2295 1610 2350 καὶ
1665 2295 2010 2370 καγκὲλλων,

354 2386 443 2440 καὶ
501 2383 662 2440 αὑτὸν
717 2385 808 2440 τὸν
864 2382 1174 2461 Σφενδῶνα,
1206 2385 1296 2440 καὶ
1352 2384 1480 2446 τοὺς
1537 2393 1889 2460 καμπτῆρας,
1923 2385 2012 2441 καὶ

351 2475 477 2536 τοὺς
537 2471 768 2546 δήμους.
805 2478 982 2529 Πάντα
1035 2472 1092 2530 δὶ
1147 2475 1214 2529 τά
1264 2474 1742 2550 χαλκουργηματα
1798 2475 1888 2530 καὶ
1945 2475 2012 2530 τὰ

349 2565 511 2636 ξόανα
572 2563 632 2618 ἐκ
688 2561 962 2641 διαφόρων
1042 2567 1184 2618 ναῶν
1269 2565 1357 2618 καὶ
1437 2563 1650 2620 πόλεων
1731 2563 2008 2640 ἀθροίσας,

347 2649 560 2720 ἔστησεν
623 2653 760 2707 αὐτὰ
817 2653 892 2714 εἰς
949 2653 1160 2726 κόσμον
1219 2660 1320 2722 τῆς
1374 2653 1618 2716 πόλεως·
1655 2652 1866 2726 ὁμοίως
1919 2654 2009 2707 καὶ

343 2743 472 2805 τοὺς
526 2741 712 2804 κίονας
801 2746 897 2796 τοῦ
955 2743 1293 2816 περιπάτου·
1358 2742 1602 2798 ἐπάτωσε
1669 2740 1727 2798 δὲ
1783 2741 2008 2806 τούτους

352 2832 486 2906 μετά
564 2839 842 2907 συγκοπῆς
874 2877 889 2902 ,
965 2831 1055 2886 καὶ
1137 2830 1442 2887 ἐπετέλεσεν
1531 2831 1659 2886 αὐτὸ
1693 2875 1711 2902 ,
1787 2835 2004 2908 πρῶτον

348 2922 584 2990 ποιήσας
614 2919 704 2974 καὶ
736 2920 962 2974 ἱππικὸν
1016 2921 1216 2992 ἀγῶνα.
1251 2919 1311 2975 Ὀ
1359 2915 1415 2972 δὶ
1459 2912 1603 2992 ἔχων
1663 2917 1790 2979 τοὺς
1859 2918 2006 2992 ὀρνι-

351 3007 498 3071 θίους
548 3007 718 3073 πόδας
769 3007 920 3084 ἤχθη
976 3007 1082 3062 ἀπὸ
1148 3014 1247 3077 τῆς
1318 3005 1568 3082 μεγάλης
1614 3008 2002 3082 Ἀντιοχείας*

353 593 590 654 Ἀκκούϐ
601 619 707 667 ιτα,
765 599 852 652 καὶ

2131 600 2511 668 Vestiarium,
2544 605 2842 660 Caballam
2876 613 2936 661 et
2963 606 3162 678 Sigma
3194 625 3262 663 ac
3285 607 3498 664 Oatum
3530 609 3798 680 proxime

2131 691 2440 746 ecclesiam
2473 692 2716 762 Novam,
2742 699 2800 749 et
2831 699 3036 750 cetera
3067 713 3250 766 usque
3282 698 3352 752 ad
3387 701 3618 764 portam
3658 699 3793 755 Fer-

2131 795 2315 846 ream,
2339 783 2396 835 et
2425 782 2648 852 palatia
2669 783 2738 837 ad
2773 782 3090 839 Geranium
3141 801 3327 855 usque
3353 803 3368 842 :
3391 789 3520 842 tum
3541 787 3793 859 Chryso-

2130 869 2358 924 clavum
2375 876 2433 925 et
2447 871 2724 928 balneum
2759 889 3042 944 magnum
3071 875 3430 942 OEconomii,
3458 877 3790 946 proximum

2129 959 2575 1029 szcanisterio,
2632 963 2786 1031 quod
2819 967 3048 1032 septem
3090 964 3459 1034 receptacula
3507 965 3786 1034 habebat,

2129 1053 2184 1102 et
2213 1048 2520 1103 duodecim
2565 1051 2851 1120 porticus,
2912 1057 2970 1105 et
3017 1051 3451 1122 amplissimam
3495 1053 3785 1124 piscinam

2129 1137 2334 1207 ﬁguris
2363 1138 2668 1192 variatam.
2701 1143 2770 1194 Et
2826 1143 3054 1210 septem
3119 1141 3360 1211 quidem
3415 1141 3790 1214 receptacula

2127 1225 2184 1280 in
2229 1228 2572 1280 memoriam
2606 1233 2832 1299 septem
2865 1229 3276 1300 planetarum:
3311 1230 3621 1286 duodecim
3651 1247 3786 1287 vero

2129 1316 2410 1385 porticus,
2430 1317 2739 1372 duodecim
2762 1319 3056 1373 mensium
3083 1325 3554 1390 temperamenta
3591 1337 3784 1391 aequa-

2128 1404 2476 1476 bant;quod
2525 1407 2846 1476 permansit
2896 1425 3085 1480 usque
3114 1409 3184 1463 ad
3219 1413 3487 1480 tempora
3544 1407 3774 1464 domini

2127 1493 2498 1563 imperatoris
2528 1493 2840 1566 Nicephori
2869 1495 3091 1552 Phocea.
3121 1496 3383 1553 Joannes
3411 1513 3550 1553 vero
3598 1497 3775 1552 Zimi-

2127 1599 2254 1638 sces
2313 1583 2457 1637 illud
2519 1584 2746 1652 evertit,
2797 1589 2854 1640 et
2910 1601 2980 1640 ex
3029 1585 3162 1656 ipsa
3223 1586 3471 1642 materia
3527 1585 3782 1644 Chalcen

2125 1671 2404 1732 condidit.
2437 1672 2496 1725 in
2531 1689 2648 1744 qua
2671 1677 2730 1727 et
2759 1673 3029 1745 sepultus
3060 1680 3168 1730 est.
3201 1679 3486 1731 Ceterum
3539 1676 3784 1747 cupiens

2123 1760 2302 1816 etiam
2359 1761 2779 1818 Constantinus
2845 1762 3074 1818 Circum
3153 1765 3226 1819 ad
3283 1765 3474 1820 instar
3533 1763 3782 1821 Romani

2125 1849 2435 1917 aediﬁcare,
2469 1865 2627 1918 eum,
2678 1867 2853 1922 quem
2901 1852 3148 1908 Severus
3185 1853 3596 1924 imperfectum
3645 1852 3778 1909 reli-

2127 1945 2356 2009 querat,
2381 1939 2509 2010 ipse
2541 1939 2830 2002 absolvit;
2863 1957 3040 1996 unam
3074 1957 3285 2013 nempe
3307 1943 3601 2014 graduum
3637 1957 3776 2014 par-

2121 2032 2262 2096 tem,
2295 2045 2361 2084 ac
2393 2030 2642 2084 duarum
2675 2030 3006 2101 porticuum
3041 2035 3100 2087 et
3153 2029 3574 2098 cancellorum,
3626 2047 3776 2103 pras-

2123 2121 2278 2172 terea
2325 2117 2522 2189 ipsum
2600 2119 3028 2190 sphendonem,
3075 2119 3261 2176 ﬂexus
3320 2135 3426 2176 seu
3483 2125 3672 2176 metas
3715 2122 3776 2176 et

2123 2206 2441 2263 factionum
2511 2209 2702 2264 sedes.
2761 2210 2971 2264 Omnia
3011 2215 3208 2265 autem
3270 2226 3429 2266 sanes
3477 2210 3649 2282 signa
3706 2226 3774 2266 ac

2121 2296 2440 2352 simulacra
2470 2313 2538 2352 ex
2566 2297 2743 2352 variis
2774 2298 3011 2369 templis
3039 2304 3096 2354 et
3139 2299 3476 2355 civitatibus
3533 2297 3778 2354 collecta

2121 2385 2191 2440 ad
2225 2389 2500 2442 ornatum
2532 2387 2698 2442 urbis
2748 2389 2968 2444 erexit:
3029 2387 3305 2443 similiter
3360 2393 3420 2444 et
3465 2386 3776 2443 columnas

2121 2475 2471 2542 ambulacri,
2504 2492 2651 2546 quas
2675 2467 2902 2533 crustis
2927 2477 3174 2546 ornavit,
3208 2493 3275 2533 ac
3306 2477 3462 2533 edito
3512 2477 3776 2550 primum

2119 2565 2374 2636 equestri
2406 2566 2744 2632 certamine,
2778 2582 2926 2637 opus
2977 2567 3238 2638 perfecit.
3298 2567 3514 2622 Verum
3575 2569 3776 2621 statua

2119 2671 2247 2725 qua:
2279 2655 2456 2724 pedes
2491 2653 2676 2710 alatos
2710 2656 2904 2724 habet,
2940 2655 3136 2711 delata
3176 2656 3288 2710 fuit
3335 2672 3366 2711 θ
3405 2671 3622 2728 magna
3650 2660 3772 2710 An-

2117 2743 2356 2813 tiochia,
2390 2747 2446 2798 et
2475 2743 2942 2815 Bellerophontis
2964 2750 3077 2811 est,
3138 2745 3241 2816 qui
3281 2744 3400 2800 illic
3447 2743 3772 2800 colebatur.

2117 2833 2401 2889 (laterum
2435 2833 2506 2888 de
2525 2832 2768 2905 reliquis
2791 2833 3022 2904 statuis,
3050 2843 3196 2905 quot
3218 2839 3276 2890 ct
3297 2832 3500 2902 quales
3523 2849 3604 2890 eas
3624 2833 3772 2901 sint,

2116 2926 2173 2977 et
2203 2922 2358 2976 unde
2389 2921 2664 2994 quaelibet
2693 2923 2938 2988 venerit,
2961 2927 3017 2978 et
3048 2940 3230 2994 quare
3263 2923 3482 2979 fuerint
3536 2925 3767 2988 erectae,

2117 3015 2412 3081 postremo
2436 3012 2690 3066 breviter
2720 3011 3008 3067 dicemus.

349 3091 466 3153 ἔστι
499 3095 554 3152 δὶ
585 3100 612 3153 6
641 3095 1120 3174 Βελλεροφόντης·
1161 3096 1252 3152 καὶ
1279 3096 1450 3152 ἐκεῖσε
1479 3090 1733 3151 ἐσέϐοντο
1765 3097 1942 3152 αὐτόν.
1977 3097 2186 3152 Ὃποσα
2219 3095 2277 3152 δὲ
2317 3099 2406 3152 καὶ
2437 3097 2582 3154 ἄλλα
2612 3097 2926 3173 ἀγάλματα,
2959 3098 3048 3154 καὶ
3099 3099 3250 3154 ἅτινό
3307 3097 3434 3167 εἶσι,
3465 3098 3556 3154 καὶ
3604 3096 3765 3154 πόθεν

341 3185 535 3256 ἥκασιν
567 3184 814 3255 ἕκαστον,
847 3187 936 3241 καὶ
969 3183 1110 3242 διατί
1141 3184 1551 3258 ἆστηλώθησαν,
1585 3183 1816 3260 ἔσχατον
1851 3184 2206 3261 λεπτομερῶς
2239 3184 2490 3259 ἆροῦμεν.

343 3351 422 3402 De
451 3349 689 3419 quatuor
723 3347 980 3403 Romanis
1003 3345 1307 3419 magistris,
1342 3349 1537 3419 otocto
1566 3346 1848 3419 patriciis,
1881 3359 2011 3415 quos
2033 3346 2201 3400 Roma
2233 3345 2760 3416 ConstantinOpolim
2808 3345 2999 3419 eduxit
3051 3346 3448 3419 Constantinus
3469 3345 3756 3419 Magnus;

447 3417 510 3474 cc
527 3419 590 3474 de
621 3419 871 3488 aediﬁciis
903 3419 970 3474 ab
1002 3418 1196 3473 iisdem
1227 3419 1285 3472 in
1317 3417 1508 3472 eadem
1541 3417 1677 3472 urbe
1699 3419 1808 3474 CP.
1850 3419 2146 3473 excitatis:
2177 3433 2392 3473 necnon
2422 3419 2495 3474 de
2517 3419 2773 3490 Scythica
2806 3417 3153 3473 Constantini
3178 3418 3245 3472 M.
3279 3417 3648 3489 expeditione-

411 3567 648 3624 Μέλλων
699 3565 790 3623 οὖν
852 3569 879 3622 6
937 3565 1111 3642 Μέγας
1171 3573 1572 3632 Κωνσταντῖνος
1614 3567 1836 3637 οἰκῆσαι
1895 3568 1996 3636 τὴν

2180 3573 2320 3625 Cum
2354 3569 2536 3642 igitur
2566 3571 2772 3626 urbem
2805 3587 2974 3628 suam
3035 3569 3288 3626 habitari
3337 3568 3764 3626 Constantinus

337 3656 500 3714 πόλιν
561 3657 748 3726 αὐτοῦ,
813 3654 1027 3728 μᾶλλον
1107 3653 1164 3711 δὲ
1234 3655 1364 3718 τοὺς
1418 3656 1727 3730 Ῥωμαίους
1794 3655 1868 3718 είς
1935 3656 1998 3710 τὸ

337 3745 632 3816 Βυζάντιον
715 3751 1164 3822 κατακρατῆσαι,
1225 3741 1416 3800 ἔλαϐεν
1497 3745 1547 3816 ἐξ
1633 3745 1811 3799 αὐτῶν
1887 3749 1993 3799 τῶν

327 3836 615 3908 Ῥωμαίων
701 3835 767 3890 τὰ
849 3833 1057 3888 τούτων
1154 3831 1494 3903 δακτυλίδα,
1570 3834 1686 3894 ἱνὸς
1769 3831 1994 3886 ἑκάστου

330 3923 509 3996 ἰδίως,
542 3925 634 3980 καὶ
686 3921 1000 3979 ἀπέστειλεν
1062 3921 1260 3985 αὐτοὺς
1317 3922 1392 3983 εἷς
1447 3923 1539 3977 τὸν
1607 3919 1836 3996 βασιλέα
1884 3926 1990 3975 τῶν

335 4017 550 4091 Περσῶν
615 4009 862 4089 Σάϐαρον
897 4030 910 4044 ·
975 4011 1026 4082 ἐξ
1081 4013 1155 4066 ὧν
1207 4013 1261 4066 οἱ
1315 4012 1409 4084 μὲν
1463 4011 1716 4084 τέσσαρες
1769 4011 1995 4085 ἐτύγχα-

331 4124 422 4158 νον
485 4105 794 4179 μάγιστροιθ
828 4103 1098 4174 Ῥωμαῖοι
1155 4098 1211 4155 δὲ
1258 4099 1288 4155 6'
1333 4122 1392 4155 τε
1442 4098 1642 4172 Ἀδὰμ.
1696 4101 1723 4154 6
1773 4101 1991 4173 Πρωτά-

331 4213 468 4254 σιος,
528 4194 556 4247 6
607 4191 925 4264 Φιλόξενος,
977 4191 1064 4245 καὶ
1129 4192 1156 4245 6
1219 4185 1652 4262 Σκόμϐρος,καὶ
1711 4189 1990 4265 πατρίκιοι

329 4281 498 4346 ὀκτὼ,
526 4282 554 4336 6
605 4275 840 4356 Ιῐρόϐος,
876 4281 904 4334 6
954 4285 1244 4352 Δομνῖνος,
1279 4277 1613 4342 Σαλούστιος
1646 4280 1673 4333 6
1722 4273 1988 4354 ἔπαρχος,

329 4368 609 4431 Μόδεστος
667 4369 756 4424 καὶ
827 4370 856 4423 6
915 4363 1220 4438 Εὔϐουλος,
1252 4370 1280 4423 6
1335 4373 1575 4442 Δαρεῖος,
1610 4369 1638 4422 6
1689 4372 1926 4442 Μαῦρος,
1960 4369 1988 4422 6

326 4457 588 4520 Ῥοδανός
624 4479 636 4491 ·
696 4457 891 4520 οἷ’τινις
963 4457 1400 4528 ἐξαπεστάλησαν
1438 4500 1450 4523 ,
1516 4457 1649 4530 μετὰ
1726 4456 1986 4512 πλείστου

329 4552 562 4625 στρατοῦ
621 4549 947 4618 ποιήσαντες
1038 4545 1088 4602 ἰν
1175 4544 1391 4619 Περσίδι
1478 4553 1654 4619 μῆνας
1707 4554 1792 4616 ις’,
1843 4549 1870 4601 6
1931 4545 1988 4602 δὲ

331 4638 520 4714 Μέγας
567 4641 972 4698 Κωνσταντῖνος
1022 4634 1354 4698 ἀποστείλας
1405 4635 1480 4698 εἰς
1510 4636 1730 4708 Ῥώμην
1789 4633 1989 4690 ἀνελά-

333 4721 457 4782 ϐετο
515 4726 608 4788 τάς
666 4731 924 4801 γυναῖκας
978 4725 1192 4780 αὐτῶν
1229 4725 1280 4778 οἱ
1347 4722 1404 4779 δὲ
1461 4725 1744 4786 σταλέντες
1794 4723 1986 4796 ἐκεῖσε,

331 4815 618 4880 ἐθεάσαντο
673 4816 764 4870 καὶ
821 4814 950 4878 τοὺς
1004 4814 1208 4878 τόπους
1282 4814 1394 4875 ἑνὸς
1450 4814 1698 4883 ἑκάστου,
1753 4818 1860 4867 ποῦ
1931 4835 1988 4868 τε

329 4911 535 4962 κεῖνται
593 4905 682 4959 καὶ
745 4903 932 4968 8πως¹
985 4905 1168 4978 ἐτέρας
1225 4902 1312 4958 ἐπὶ
1362 4901 1491 4966 τοὺς
1549 4901 1832 4978 αἰγιαλοὺς
1889 4909 1988 4972 τῆς
2023 4945 2066 5009 D

334 4997 356 5009 ..
404 4994 466 5009 ς.
689 4992 774 5009 ,ιη
944 4991 958 5009 .
1014 4994 1027 5009 ς
1181 4992 1192 5009 ς
1344 4994 1356 5009 ,
1448 4993 1460 5009 ι
1693 4993 1704 5009 ._
1807 4991 1818 5008 ι

331 4994 630 5065 Θαλάσσης,
680 4992 854 5056 ἄλλας
941 4991 1028 5048 ἐπὶ
1112 4992 1240 5054 τοὺς
1329 4993 1591 5067 ἠπείρους
1677 4991 1982 5053 ὡσαύτως·

332 5085 620 5139 ἐθεάσαντο
651 5081 828 5138 δὲκαὶ
875 5082 972 5144 τάς
1015 5080 1262 5150 ἀνόδους,
1295 5083 1350 5135 αἳ
1400 5083 1535 5150 ἦσαν
1581 5078 1950 5158 κοχλιοειδεῖς
1973 5099 1986 5112 ·

327 5173 422 5228 καὶ
455 5168 713 5234 λαϐόντες
744 5172 840 5233 τὰς
874 5169 1140 5248 φαμιλίας
1172 5175 1278 5224 τῶν
1327 5172 1535 5225 τούτων
1583 5169 1988 5246 συγκλητικῶν,

330 5261 567 5332 ἀνῆλθον
599 5261 689 5316 ἐπὶ
719 5261 782 5316 τὸ
807 5261 1122 5328 Βυζάντιον,
1146 5259 1236 5314 καὶ
1268 5257 1480 5314 ἔκτισαν
1508 5259 1674 5333 ὅμοια
1703 5260 1990 5331 κτίσματα,

329 5353 422 5406 καὶ
485 5350 737 5406 ἐκάθισαν
791 5349 964 5405 ἐκεῖσε
1005 5349 1102 5410 τὰς
1163 5346 1429 5426 φαμιλίας
1479 5348 1676 5404 αὐτῶν.
1711 5345 1994 5409 Ἐλθόντες

355 5439 450 5495 οὖν
509 5439 570 5494 ἐκ
627 5435 892 5515 Περσίδος
953 5439 1087 5510 μετά
1144 5437 1298 5506 νίκης
1362 5437 1626 5510 μεγάλης;
1673 5432 2000 5492 ἀνελάϐοντο

334 5531 430 5586 καὶ
488 5529 666 5584 πάκτα
720 5526 1046 5600 κεντηνάριᾶ
1094 5526 1212 5596 τξέ,
1267 5522 1514 5597 Ἐδὲξατο
1575 5525 1666 5580 οὖν
1717 5525 1910 5587 αὐτοὺς
1969 5527 1997 5581 6

343 5616 604 5695 βασιλεὺς
681 5617 950 5690 ἀσμὲνως,
1037 5615 1129 5670 καὶ
1211 5616 1448 5684 ποιήσας
1529 5613 1796 5690 εὐωχίαν,
1854 5617 1995 5670 εἶπεν

342 5708 536 5770 αὐτοῖς
569 5725 582 5740 ⁸
645 5705 839 5764 Θέλετε
893 5703 1149 5770 ἀπελθεῖν
1237 5704 1314 5768 εἰς
1368 5703 1630 5779 Ῥώμην;
1691 5701 2001 5779 δοκιμάζων

665 5839 933 5900 mmet.
981 5837 1093 5900 Gn.
1138 5835 1378 5899 CXXII.

2109 3659 2378 3732 Magnus,
2441 3661 2560 3716 imo
2619 3660 2818 3732 potius
2891 3665 3186 3716 Romanos
3239 3659 3501 3732 Byzantii
3557 3658 3761 3714 sedem

2107 3748 2340 3819 imperii
2382 3749 2598 3804 habere
2649 3749 2842 3818 vellet,
2903 3751 3195 3820 cujusque
3247 3747 3458 3804 borum
3509 3746 3763 3802 annulos

2107 3837 2348 3908 accepit,
2383 3838 2662 3910 misitque
2691 3837 2854 3908 ipsos
2879 3842 3086 3894 contra
3115 3841 3392 3908 Saporem
3447 3836 3760 3892 Persarum

2104 3940 2324 3996 regem,
2359 3941 2612 3996 quorum
2643 3930 2898 3996 quatuor
2925 3923 3190 3995 magistri
3222 3929 3424 3980 erant:
3488 3922 3754 3992 Romani,

2102 4012 2370 4068 videlicet
2397 4015 2604 4080 Adam,
2639 4014 2962 4082 Protasius,
2991 4013 3365 4076 Pbiloxenus.
3397 4011 3752 4080 Scombrus;

2102 4107 2230 4158 octo
2281 4119 2415 4158 vero
2474 4101 2724 4174 patricii,
2813 4103 3036 4158 Probus
3095 4118 3326 4172 nempe,
3397 4101 3748 4169 Domninus,

2171 4191 2465 4248 Salustius
2497 4192 2822 4263 praefectus,
2848 4192 3170 4251 Modestus.
3203 4189 3492 4260 Eubulus,
3539 4189 3754 4246 Darius

2099 4285 2334 4336 Maurus
2367 4297 2432 4336 ac
2465 4281 2808 4346 Rhodanus,
2843 4281 2944 4352 qui
2995 4297 3129 4336 cum
3175 4279 3516 4352 ingentibus
3569 4278 3756 4349 copiis

2099 4373 2158 4425 in
2217 4371 2645 4441 expeditionem
2676 4370 2869 4438 missi,
2903 4371 2960 4424 in
2997 4369 3234 4425 Perside
3259 4367 3556 4424 sexdecim
3587 4384 3755 4424 men-

2099 4477 2192 4516 ses
2225 4460 2572 4516 commorati
2600 4467 2758 4514 sunt.
2787 4463 3015 4515 Interea
3036 4457 3458 4513 Constantinus
3478 4461 3755 4529 Magnus,

2099 4549 2299 4604 missis
2355 4550 2598 4604 Romam
2650 4549 2874 4620 legatis,
2909 4565 3109 4604 eorum
3161 4563 3372 4604 uxores
3413 4545 3744 4602 accersivit.

2097 4641 2384 4694 Caeterum
2412 4639 2590 4710 legati
2621 4638 2827 4694 sedulo
2877 4640 3266 4692 observarunt
3320 4634 3516 4691 locum
3543 4633 3756 4690 situm-

2099 4743 2212 4798 que
2244 4727 2567 4798 cujusque;
2593 4743 2692 4783 eas
2723 4725 2994 4781 videlicet
3038 4726 3245 4780 domos
3277 4741 3404 4795 qua:
3463 4723 3535 4779 ad
3595 4739 3759 4778 oram

2099 4817 2280 4870 maris
2308 4819 2498 4884 erant,
2526 4821 2583 4870 et
2607 4831 2706 4871 eas
2731 4831 2858 4886 qua:
2887 4815 2958 4869 ad
2990 4813 3391 4868 continentem
3418 4829 3432 4878 ;
3492 4809 3758 4881 itemque

2098 4905 2482 4975 contemplati
2528 4909 2669 4960 sunt
2713 4903 2904 4959 scalas
2963 4919 3091 4974 quae
3121 4907 3288 4957 erant
3343 4898 3616 4956 cochleas.
3654 4906 3755 4955 As-

2100 4994 2359 5064 sumptis
2391 4994 2571 5063 igitur
2629 4992 2873 5048 lamiliis
2904 4991 3112 5047 horum
3143 4995 3508 5055 senatorum,
3532 4988 3758 5061 Byzan-

2099 5083 2246 5138 tium
2280 5082 2601 5150 redierunt,
2637 5082 2833 5152 ibique
2884 5081 3066 5136 simili
3099 5081 3289 5136 forma
3339 5077 3586 5134 aedilicia
3616 5093 3759 5134 con-

2102 5177 2467 5238 struxerunt,
2511 5186 2839 5242 eorumque
2888 5169 3133 5226 familiis
3176 5169 3469 5224 dederunt
3514 5166 3754 5222 inhabi-

2101 5262 2306 5318 tanda.
2345 5261 2491 5316 Cum
2523 5261 2726 5333 itaque
2756 5260 3014 5332 acceptis
3039 5258 3318 5315 trecentis
3369 5261 3427 5313 et
3455 5255 3764 5328 sexaginta

2105 5350 2368 5420 quinque
2420 5349 2772 5406 centenariis
2840 5347 3072 5414 tributi,
3131 5363 3161 5402 e
3212 5345 3449 5402 Perside
3515 5345 3764 5400 victores

2107 5439 2442 5506 rediissent,
2473 5439 2792 5509 imperator
2837 5455 2936 5494 eos
2991 5436 3202 5492 lubens
3261 5433 3508 5505 excepit,
3567 5450 3633 5490 ac
3691 5433 3764 5489 ad

2107 5528 2440 5585 convivium
2526 5527 2826 5596 admissis,
2887 5525 3231 5598 explorandi
3289 5525 3501 5596 gratia,
3572 5519 3768 5594 inquit

2110 5619 2264 5674 illis:
2306 5640 2326 5668 α
2393 5616 2692 5687 Numquid
2773 5615 2990 5671 abituri
3067 5613 3210 5669 estis
3253 5613 3498 5670 Romam
3542 5611 3622 5666 in
3655 5609 3766 5666 Re-

2115 5709 2480 5780 sponderunt
2529 5704 2637 5774 illi,
2672 5726 2701 5756 ‹‹
2765 5705 2934 5762 Haud
3000 5707 3135 5760 ante
3191 5702 3342 5762 duos
3407 5715 3641 5760 menses
3696 5713 3766 5758 eo

3363 5831 3444 5892 38
