4124 6378
391 367 394 370 ’
442 345 600 410 1195

1399 333 1804 397 APPENDIX
1845 334 1951 392 AD
1997 332 2461 393 MlCHAELEM
2507 333 2905 398 PSELLUM.

3713 340 3871 401 1196

437 495 796 540 reversuros.
827 498 858 530 »
890 477 1044 534 Tum
1071 475 1415 548 imperator,
1457 489 1480 521 ι
1540 471 1814 542 Vespere,
1873 467 2090 540 inquit,

2213 462 2422 528 αὐτούς.
2453 466 2521 524 Οἱ
2549 463 2607 522 δὲ
2636 465 2838 546 ἔφησαν
2874 472 2951 545 μὴ
2983 473 3266 531 κατελθεῖν
3302 474 3466 550 μέχρι
3500 470 3596 529 δύο
3648 476 3837 547 μηνῶν
3857 490 3871 504 '

438 571 590 630 dabo
617 567 786 626 vobis
816 566 971 623 mdes
999 569 1250 622 vestras.
1289 585 1318 613 »
1357 562 1719 632 Praeceperat
1775 555 1934 613 enim
1986 555 2097 612 Eu-

439 659 636 734 phrati
667 655 994 716 accubitori
1023 670 1155 720 suo,
1186 651 1289 725 qui
1349 650 1770 724 imperatorem
1817 645 2099 704 Christia-

442 765 588 806 num
645 748 882 815 fecerat,
941 747 1008 801 ut
1064 741 1393 814 unicuique
1465 754 1636 795 suam
1697 737 1937 792 domum
1969 735 2100 792 red-

439 840 604 896 deret
631 853 769 893 cum
801 833 1051 891 familia.
1087 831 1178 888 llli
1235 830 1417 904 igitur
1472 831 1539 884 ut
1593 827 1869 883 viderunt
1923 826 2098 894 ostia,

439 927 588 986 atria
615 930 674 983 et
697 924 888 982 scalas
916 922 1044 997 pari
1077 921 1197 978 situ
1256 919 1472 992 posita,
1532 932 1873 973 mensuram
1934 916 2098 980 item,

435 1018 690 1074 formam
719 1031 788 1070 ac
818 1012 1217 1080 altitudinem,
1249 1008 1604 1082 penitusque
1655 1006 1931 1062 universa
1984 1009 2099 1060 Ro-

436 1105 634 1164 manis
663 1102 906 1172 similia,
941 1100 1229 1175 putabant
1259 1115 1323 1155 se
1383 1115 1484 1170 per
1539 1096 1913 1169 phantasiam
1971 1111 2100 1152 esse

435 1195 678 1254 Roma:
757 1191 860 1249 ubi
912 1207 1048 1248 vero
1101 1195 1161 1245 et
1216 1185 1474 1244 familias
1530 1203 1668 1243 suas
1725 1185 2100 1257 invenerunt,

434 1284 821 1357 Obstupuere.
855 1281 968 1338 Sed
1002 1283 1322 1352 postquam
1368 1293 1469 1334 eas
1521 1276 1986 1349 interrogarunt,
2044 1279 2102 1332 et

438 1373 528 1432 uti
584 1389 678 1430 res
737 1374 901 1444 gesta
957 1373 1135 1440 esset,
1196 1370 1468 1423 accurate
1524 1366 1912 1437 edidicerunt,
1969 1369 2098 1422 tum

439 1465 681 1521 demum
714 1459 1114 1529 crediderunt,
1155 1474 1271 1514 non
1303 1473 1434 1513 esse
1461 1455 1838 1528 phantasiam
1895 1471 2098 1512 verum

435 1551 811 1625 imperatoris
840 1548 1242 1621 prudentiam,
1273 1546 1374 1619 qui
1405 1545 1495 1602 vel
1518 1546 1731 1602 invitos
1753 1545 2097 1618 Byzantium

435 1641 767 1699 inhabitare
795 1637 1104 1709 coegisset.
1166 1636 1316 1692 Loca
1368 1639 1571 1693 autem
1629 1651 1699 1692 ex
1755 1635 2098 1693 nominibus

433 1733 699 1805 ipsorum
731 1727 1114 1786 denominata
1141 1729 1303 1784 sunt.

505 1925 864 1985 Philoxenus
895 1924 1216 1981 cisternam
1248 1922 1598 1981 construxit.

509 2016 738 2072 Probus
795 2013 1185 2070 Praecursoris
1245 2013 1513 2069 condidit
1568 2012 1880 2085 templum,
1941 2018 2097 2087 quod

439 2106 866 2164 Constantinus
935 2101 1276 2160 Caballinus
1325 2102 1386 2158 in
1445 2101 1717 2159 fabrilem
1776 2104 2098 2178 ofﬁcinam,

441 2195 610 2253 Probi
642 2195 816 2252 hodie
841 2193 1079 2263 dictam,
1111 2192 1381 2249 mutavit.

513 2285 846 2342 Domninus
877 2287 1073 2340 autem
1097 2283 1157 2338 in
1175 2285 1367 2339 tractu
1391 2281 1682 2338 Mauriani
1703 2283 1947 2340 domum
1965 2286 2094 2342 aadi-

436 2376 656 2445 ﬂoavit,
685 2375 745 2430 in
779 2389 897 2447 quo
929 2371 1302 2428 inhabitabat
1330 2371 1700 2445 Agricolaus.

502 2465 715 2523 Darius
745 2462 1018 2520 excitavit
1048 2463 1230 2518 (edem
1259 2461 1548 2518 Canatisze
1583 2463 1782 2518 uxoris
1815 2462 2024 2521 Scleri.

499 2559 742 2612 Maurus
774 2553 958 2608 eadem
989 2550 1300 2607 exstruixit
1327 2549 1582 2606 Bellona:
1611 2550 1856 2607 dictam.

497 2643 821 2700 Rhodanus
853 2639 1121 2696 condidit
1160 2639 1340 2694 eadem
1392 2655 1624 2697 sacram
1685 2639 1945 2712 Deiparas
1992 2658 2093 2698 co-

425 2733 837 2808 gnominatam
867 2727 923 2783 ἐν
957 2726 1211 2800 οὐρανοῖς
1239 2743 1345 2784 seu
1378 2728 1438 2784 in
1470 2727 1630 2785 culis
1657 2745 1671 2798 ;
1705 2745 1838 2800 quas
1867 2734 1952 2786 est
1970 2729 2092 2787 Ma-

428 2838 640 2880 ments.

500 2908 824 2968 Sallustius
861 2908 1107 2964 domum
1167 2906 1498 2978 aediﬁcavit,
1553 2923 1683 2979 quae
1743 2910 2090 2984 Condomyti

430 2999 788 3075 appellatur.

503 3089 804 3147 Modestus
815 3087 999 3144 adem
1017 3087 1347 3144 construxit
1364 3087 1435 3142 ad
1451 3087 1550 3144 SS.
1569 3087 1905 3160 Apostolos,
1923 3087 2092 3145 Lam-

431 3179 932 3254 prinunoupatam
949 3193 1100 3250 ;quas
1117 3176 1443 3234 etiamnum
1460 3176 1616 3233 idem
1635 3193 1846 3234 nomen
1864 3178 2092 3236 retinet.

498 3376 768 3435 Eubulus
797 3375 912 3432 tria
941 3373 1206 3431 condidit
1237 3372 1389 3430 atria
1431 3383 1486 3429 et
1517 3378 1774 3446 quatuor
1804 3373 2091 3447 porticus,

426 3467 658 3525 scilicet
704 3463 902 3521 tholos
959 3463 1342 3534 enchoregos,
1402 3479 1436 3518 a
1484 3462 1701 3535 palatio
1755 3464 1828 3519 ad
1886 3480 2089 3520 muros

425 3572 621 3629 usque
647 3557 996 3622 terrestres;
1031 3567 1283 3624 quarum
1309 3567 1426 3607 una
1457 3551 1780 3625 incipiebat
1810 3568 1844 3608 a
1873 3553 2088 3625 szca-

426 3643 696 3713 nieterio,
755 3641 1088 3715 Manganis,
1145 3639 1443 3712 Acropoli,
1496 3644 1555 3696 et
1597 3644 1760 3696 turre
1817 3641 2089 3714 Eugenii,

427 3738 486 3791 et
514 3731 882 3807 pertingebat
909 3731 981 3786 ad
1026 3730 1087 3787 S.
1142 3728 1462 3785 Antonium
1531 3746 1757 3802 usque:
1817 3729 1999 3786 altera
2057 3748 2092 3788 a

427 3822 692 3896 Daphne,
768 3819 1187 3893 Sophianoque
1247 3823 1443 3890 portu,
1503 3823 1560 3874 et
1607 3818 2092 3890 progrediebatur

429 3929 620 3986 usque
650 3911 722 3968 ad
780 3907 1086 3966 ecclesiam
1146 3907 1251 3964 Dei
1308 3907 1624 3964 Genitricis
1685 3914 2087 3981 nuncupatam

431 4001 767 4059 Rhabdum.
803 3999 1061 4070 Reliquis
1090 4013 1226 4053 vero
1255 3997 1383 4052 dua
1443 3997 1704 4069 porticus
1762 4015 1796 4054 a
1853 3997 2084 4064 Chalce,

431 4089 594 4148 Milio
628 4094 687 4146 et
741 4088 884 4144 Foro
939 4087 1010 4142 ad
1070 4086 1334 4142 Taurum
1384 4101 1594 4157 usque,
1655 4091 1714 4142 et
1767 4087 1975 4143 Bovem
2033 4090 2092 4143 et

431 4177 810 4238 Exocionium
832 4177 1029 4249 ipsum
1061 4176 1402 4232 tendebant.
1436 4175 1628 4248 Supra
1685 4175 1948 4248 porticus
1981 4193 2088 4232 au-

429 4273 550 4326 tem
581 4266 925 4325 ambulacra
953 4268 1140 4333 erant,
1172 4264 1367 4336 lapide
1416 4266 1704 4338 quadrato
1765 4269 1975 4332 strata,
2033 4270 2092 4321 et

429 4361 637 4416 statum
688 4370 856 4411 aeneae
913 4353 1239 4418 innumerae
1296 4353 1368 4408 ad
1419 4357 1837 4410 ornamentum
1898 4354 2087 4412 urbis.

426 4449 716 4506 Prmterea
745 4443 1014 4500 ofﬁcinas
1047 4441 1320 4500 terrarias
1353 4442 1638 4511 condidit,
1698 4447 1757 4500 et
1805 4445 2090 4516 aquaedu-

427 4541 559 4594 ctus
590 4552 660 4592 ex
705 4533 980 4607 Bulgaria
1036 4532 1097 4588 in
1153 4533 1378 4588 urbem.
1441 4532 1600 4588 Fecit
1637 4533 1815 4589 etiam
1857 4531 2086 4591 cloacas

2213 555 2241 609 ὁ
2293 551 2350 610 δὲ
2405 553 2662 632 βασιλεὺς
2719 557 2842 638 ἔφη·
2905 563 3114 638 ’Λπόψε
3171 560 3288 641 ἔχω
3349 562 3535 619 δοῦναι
3591 563 3717 636 ὑμῖν
3777 560 3877 624 τὰς

2213 643 2391 707 οἷ’κίας
2453 646 2627 719 ὑμῶν.
2659 649 2972 723 Προστάξας
3027 651 3120 708 οὖν
3153 653 3413 732 Εὐφράτῃ
3471 657 3552 725 τῷ
3607 671 3876 722 παρακοι-

2215 735 2458 809 μωμένῳ
2489 735 2654 792 αὐτοῦ
2680 739 2830 802 ὅστις
2887 741 2978 796 καὶ
3037 741 3263 814 ἐποίησε
3318 743 3410 798 τὸν
3457 740 3684 818 βασιλέα
3737 746 3877 816 Χρι-

2212 825 2446 892 στιανὸν,
2507 823 2801 882 ἀποδοῦναι
2875 830 2952 884 ἑνὶ
3011 831 3218 906 ἑκάστῳ
3282 832 3488 887 τούτων
3566 831 3656 887 τὸν
3723 831 3875 885 οἶκον

2211 912 2376 968 αὐτοῦ
2412 916 2546 988 μετὰ
2577 916 2794 990 ὀψικίου
2836 918 3026 978 αὐτοῦ.
3063 923 3129 980 Οἱ
3179 919 3261 995 δέ,
3292 922 3365 984 ὡς
3410 919 3550 976 εἶδον
3591 919 3719 983 τοὺς
3768 941 3879 974 πυ-

2212 1001 2412 1074 λῶνας,
2455 1005 2546 1059 καὶ
2594 1007 2691 1068 τὰς
2739 1007 2930 1077 αὐλὰς,
2966 1010 3055 1064 καὶ
3104 1013 3202 1074 τὰς
3253 1009 3486 1074 ἀνόδους
3546 1010 3779 1084 ὁμοίως,
3809 1009 3883 1064 τά

2215 1091 2384 1168 μίτρα
2443 1090 2523 1163 δὲ,
2550 1094 2641 1149 καὶ
2693 1097 2760 1151 τὰ
2814 1101 3102 1174 σχήματα,
3143 1099 3331 1156 καὶτὰ
3387 1099 3521 1175 ὕψη,
3553 1100 3646 1154 καὶ
3699 1100 3881 1154 πάντα

2213 1181 2404 1247 ἁπλῶς
2443 1186 2533 1238 οἶα
2589 1185 2657 1239 τὰ
2713 1184 2764 1240 ἐν
2814 1191 2884 1262 τῇ
2915 1186 3340 1265 ⁴Ρώμη,ἕδοξαν
3395 1189 3532 1245 εἶναι
3579 1188 3631 1244 ἐν
3683 1209 3882 1265 φαντα-

2211 1270 2299 1342 σίᾳ
2358 1271 2436 1336 εἴς
2478 1274 2578 1342 τήν
2610 1275 2851 1348 Ῥώμην.
2889 1277 3152 1353 Εὗρόντες
3211 1277 3270 1334 δὲ
3320 1279 3409 1334 καὶ
3459 1278 3556 1343 τὰς
3607 1275 3878 1356 φαμιλίις

2209 1359 2384 1416 αὐτῶν
2421 1408 2436 1434 ,
2503 1361 2877 1440 ἐξεπλάγησαν
2917 1411 2931 1424 .
2999 1368 3406 1445 Ἐρωτήσαντες
3492 1366 3548 1424 δὶ
3628 1367 3826 1432 ταύτας
3861 1413 3878 1442 ,

2206 1449 2297 1506 καὶ
2362 1452 2620 1525 μαθόντες
2677 1451 2966 1532 ἀκριϐῶς,
3021 1458 3146 1514 τότε
3221 1457 3572 1530 ἐπίστευσαν,
3631 1458 3708 1523 ὡς
3777 1460 3882 1514 οὐκ

2208 1537 2319 1596 ἔστι
2379 1544 2684 1620 φάντασμα,
2734 1543 2883 1601 ἀλλὰ
2954 1547 3218 1626 φρόνησις
3285 1553 3382 1603 τοῦ
3439 1545 3730 1625 βασιλέως,
3790 1548 3880 1604 ὅτι

2207 1629 2296 1685 καὶ
2355 1627 2578 1694 ἄκοντας
2636 1633 2836 1696 αὐτοὺς
2890 1633 2942 1690 ἐν
3001 1641 3084 1710 τῷ
3139 1637 3414 1712 Βυζαντίῳ
3458 1637 3747 1708 ἐνώκησεν.
3781 1639 3884 1694 Ἐκ

2208 1716 2267 1774 δὶ
2319 1724 2427 1776 τῶν
2491 1720 2778 1796 ὀνομάτων
2849 1723 3026 1781 αὐτῶν
3099 1724 3389 1806 εἰλήφασιν
3451 1727 3503 1782 οἳ
3559 1727 3719 1782 τόποι
3776 1729 3881 1792 τὰς

2128 1849 2176 1915 Β
2205 1811 2602 1888 προσηγορίας.

2279 1920 2338 1976 Ὁ
2370 1917 2664 1990 Φιλόξενος
2695 1915 2872 1976 ἔκτισε
2901 1921 3230 2000 κινστέρναν.

2279 2009 2336 2062 Ὀ
2397 2004 2610 2084 Πρόϐος
2664 2010 2916 2086 ἀνήγειρε
2969 2013 3064 2067 τὸν
3137 2013 3261 2068 ναὸν
3340 2017 3438 2068 τοῦ
3513 2010 3871 2091 Προδρόμου,

2209 2095 2372 2172 ὅνπερ
2419 2094 2724 2164 Καϐαλῖνος
2769 2099 3028 2172 ἐποίησεν
3079 2100 3418 2179 ἐργοδόσιον,
3450 2104 3512 2159 τὸ
3571 2102 3872 2178 λεγόμενον

2205 2191 2294 2242 νῦν
2328 2183 2568 2263 Πρόϐου.

2276 2278 2336 2334 Ὁ
2367 2274 2425 2332 δέ
2483 2283 2758 2353 Δομνῖνος
2814 2277 3021 2336 ἔκτισεν
3073 2286 3224 2337 οἷκον
3285 2281 3363 2345 είς
3409 2283 3477 2338 τὰ
3533 2285 3874 2359 Μαυριανοῦ,

2207 2363 2372 2443 ὅνπερ
2404 2367 2548 2443 εἶχεν
2579 2368 2608 2422 ὁ
2640 2368 3032 2445 Ἀγρικόλαος.

2277 2457 2339 2513 Ὀ
2399 2463 2620 2533 Δαρεῖος
2673 2455 2850 2514 ἔκτισε
2904 2461 2999 2514 τὸν
3059 2459 3206 2515 οἶκον
3245 2467 3346 2531 τῆς
3413 2460 3716 2534 Κανατίσης
3771 2467 3876 2518 τοῦ

2208 2543 2492 2622 Σκληροῦ.

2275 2634 2336 2692 Ὀ
2367 2635 2591 2710 Μαῦρος
2633 2630 2806 2691 ἔκτισε
2835 2638 2926 2692 τὸν
2961 2637 3212 2706 οἶκον,’ὸς
3241 2637 3487 2695 καλεῖται
3518 2643 3616 2696 τοῦ
3637 2637 3873 2698 Βελονᾶ.

2277 2719 2621 2786 ὉῬοδανὸς
2679 2718 2856 2780 ἔκτισε
2910 2726 3006 2781 τὸν
3065 2727 3237 2800 οἶκον,
3270 2727 3331 2793 ὃς
3386 2725 3633 2784 καλεῖται
3690 2728 3756 2784 τὰ
3815 2728 3872 2784 ἐν

2206 2808 2476 2885 οὐρανοῖς·
2512 2809 2622 2868 ἔστι
2656 2810 2713 2869 δὲ
2740 2821 2841 2885 τῆς
2873 2815 3161 2889 Μαμένης.

2274 2901 2334 2958 Ὀ
2395 2899 2732 2966 Σαλούστιος
2793 2900 2996 2960 ἔκτισεν
3075 2904 3248 2976 οἶκον,
3303 2906 3363 2968 ὃς
3445 2904 3693 2963 καλεῖται
3767 2910 3869 2962 τοῦ

2204 2985 2376 3045 Κονδο
2386 2989 2578 3063 μύτου.

2273 3077 2330 3132 Ὀ
2388 3076 2664 3142 Μόδεστος
2753 3077 2957 3137 ἔκτισεν
3049 3081 3195 3137 οἶκον
3283 3081 3362 3145 είς
3438 3081 3567 3146 τοὺς
3645 3084 3859 3160 Ἀγίους

2202 3165 2596 3239 Ἀποστόλους,
2625 3169 2718 3226 τὸν
2753 3168 3054 3248 λεγόμενον
3083 3175 3181 3227 τοῦ
3230 3177 3521 3250 Λαμπροῦ,
3567 3173 3746 3239 καθὼς
3769 3173 3857 3228 καὶ

2203 3259 2294 3310 νῦν
2327 3255 2596 3314 καλεῖται.

2270 3365 2330 3421 Ὀ
2363 3359 2646 3428 Εὔϐουλος
2677 3362 2853 3422 ἔκτισε
2902 3373 3049 3444 τρεῖς
3095 3367 3384 3432 πυλῶνας·
3421 3365 3597 3425 ἔκτισε
3656 3368 3714 3426 δὶ
3768 3370 3862 3425 καὶ

2197 3451 2459 3529 τέσσαρας
2519 3449 2796 3527 ἐμϐόλους
2851 3457 2958 3512 ἀπὸ
3012 3463 3110 3514 τοῦ
3170 3457 3452 3516 Παλατίου
3531 3458 3696 3536 μέχρι
3755 3464 3865 3516 τῶν

2199 3542 2470 3619 χερσαίων
2523 3549 2748 3620 τειχῶν,
2791 3545 3137 3622 ἐγχορήγους
3185 3546 3405 3612 θόλους·
3441 3548 3515 3603 ὧν
3564 3549 3593 3604 ὁ
3639 3549 3714 3612 εἷς
3761 3546 3868 3624 ἥρ-

2199 3650 2330 3706 χετο
2384 3633 2490 3688 ἀπὸ
2547 3637 2645 3688 τοῦ
2703 3635 3197 3710 Τζυκανιστηρίου,
3227 3636 3320 3692 καὶ
3376 3641 3482 3692 τῶν
3539 3637 3867 3714 Μαγγάνων,

2197 3721 2288 3777 καὶ
2343 3729 2444 3794 τῆς
2477 3722 2886 3799 Ἀκροπόλεως,
2917 3725 3008 3781 καὶ
3065 3730 3164 3782 τοῦ
3220 3725 3507 3802 Εὐγενίου,
3554 3726 3644 3783 καὶ
3704 3725 3864 3804 διήρ-

2199 3832 2331 3888 χετο
2414 3813 2586 3890 μέχρι
2665 3818 2765 3870 τοῦ
2831 3816 3022 3892 ’Λγίου
3079 3816 3400 3872 Ἀντωνίου.
3461 3818 3521 3874 Ὀ
3581 3814 3628 3872 δ’
3678 3813 3864 3894 ἕτερος

2196 3899 2406 3978 ἤρχετο
2464 3903 2569 3958 ἀπὸ
2631 3910 2868 3982 Δαφνῆς,
2918 3904 3008 3959 καὶ
3065 3910 3176 3960 τῶν
3234 3909 3476 3984 Σοφιῶν,
3539 3906 3707 3982 μέχρι
3762 3914 3861 3977 τῆς

2201 3985 2434 4046 Ράϐδου·
2471 3993 2523 4046 οἱ
2573 3989 2618 4047 δ’
2650 3989 2828 4070 ἕτεροι
2874 3991 2970 4049 δύο
3001 3989 3235 4068 ἔμϐολοι
3297 3996 3402 4050 ἀπὸ
3457 4001 3560 4065 τῆς
3614 3995 3856 4066 Χαλκῆς,

2195 4079 2299 4135 ικαὶ
2327 4083 2425 4136 τοῦ
2472 4080 2699 4152 Μιλίου,
2730 4081 2819 4137 καὶ
2863 4087 2960 4137 τοῦ
3005 4083 3211 4158 Φόρου,
3257 4085 3425 4160 μίχρι
3473 4088 3571 4139 τοῦ
3622 4085 3859 4159 Ταύρου,

2197 4169 2287 4224 καὶ
2332 4173 2430 4224 τοῦ
2477 4171 2633 4241 Βοὸς,
2667 4171 2756 4226 καὶ
2806 4176 2905 4227 τοῦ
2937 4171 3284 4244 Ἐξωκιονίου
3317 4172 3503 4230 αὐτοῦ.
3537 4172 3756 4231 Ἐπάνω
3807 4173 3865 4230 δὲ

2195 4263 2305 4313 τῶν
2359 4254 2615 4332 ἐμϐόλων
2662 4261 2952 4338 περίπατοι
2998 4261 3287 4319 πλακωτοὶ
3341 4261 3567 4335 λίθινοι,
3599 4263 3689 4318 καὶ
3734 4270 3864 4334 στῆ-

2199 4346 2289 4404 λαι
2348 4347 2553 4424 χαλκαὶ
2612 4348 2850 4426 ἄπειροι,
2910 4351 2988 4414 εἴς
3040 4348 3403 4426 διακόσμησιν
3463 4359 3564 4423 τῆς
3623 4352 3862 4416 πόλεως.

2198 4437 2410 4495 Ἐκτισε
2466 4434 2522 4493 δέ
2568 4439 2658 4494 καὶ
2705 4439 2836 4502 τοὺς
2892 4438 3180 4515 μυδρῶνας
3226 4441 3317 4496 καὶ
3365 4441 3636 4517 ἀγωγοὺς,
3669 4439 3740 4498 δι’
3788 4445 3860 4503 ὧν

2195 4527 2258 4582 τὸ
2291 4524 2438 4603 ὕδωρ
2469 4525 2751 4606 ἐκφέρεται
2802 4531 2907 4585 ἀπὸ
2959 4529 3327 4607 Βουλγαρίας.
3360 4530 3621 4602 Ἐποίησε
3669 4529 3726 4586 δὶ
3771 4533 3862 4588 καὶ

427 4626 788 4698 enchoregas
810 4624 1016 4679 subter
1064 4621 1398 4678 universam
1427 4622 1634 4678 urbem
1695 4627 2090 4694 transeuntes,

2213 4615 2324 4680 τοὺς
2368 4612 2640 4693 καράϐους
2696 4619 3044 4696 ἐγχορήγους
3104 4618 3190 4675 ἐπὶ
3255 4627 3428 4676 πᾶσαν
3483 4622 3585 4691 τήν
3670 4619 3862 4692 πόλιν,

427 4719 733 4790 aequantes
754 4711 1151 4784 profunditate
1207 4709 1581 4767 altitudinem
1607 4710 1988 4793 porticuum,
2020 4730 2092 4770 ne

427 4823 499 4864 ex
527 4805 730 4862 fmtore
760 4803 897 4858 inde
929 4798 1308 4874 proveniente
1340 4799 1529 4855 morbi
1553 4798 1962 4872 gignerentur,
1987 4803 2088 4858 sed

429 4895 626 4954 omnis
655 4892 857 4949 faetida
885 4889 1164 4948 colluvies
1198 4906 1302 4961 per
1350 4904 1449 4945 eas
1481 4888 1541 4944 in
1585 4905 1746 4946 mare
1783 4889 2087 4948 deﬂueret.

429 4985 563 5042 Hec
593 4984 798 5057 igitur,
831 4985 897 5038 ut
925 4981 1151 5037 dictum
1183 4983 1293 5048 est,
1326 4978 1399 5034 ab
1458 4978 1693 5035 Urbicio
1751 4979 2087 5053 praeposito,

430 5073 710 5132 Sallustio
742 5072 1032 5144 prefecto,
1062 5069 1409 5140 caeterisque
1465 5068 1702 5124 condita
1750 5073 1909 5126 sunt.
1971 5073 2089 5128 Im-

431 5169 664 5237 perator
692 5166 891 5218 autem
923 5158 1214 5217 sexcentis
1245 5157 1374 5214 auri
1413 5159 1766 5215 oentenariis
1823 5161 1893 5216 ad
1954 5177 2086 5233 por-

426 5254 603 5326 ticus,
627 5251 1011 5326 aquaaductus
1041 5252 1100 5305 et
1139 5264 1341 5305 muros
1399 5249 1792 5305 exstruendos
1842 5250 2084 5318 relictis,

426 5343 554 5416 ipse
585 5345 864 5400 adversus
917 5339 1165 5413 Scythas
1223 5338 1545 5394 exercitum
1586 5339 1809 5409 eduxit,
1868 5342 2085 5414 quibus

426 5433 786 5504 subjugatis,
862 5431 1041 5487 urbes
1119 5429 1388 5485 condidit
1462 5429 1895 5499 Persthlabam,
1985 5432 2081 5488 Di-

424 5526 632 5588 stram,
683 5520 1021 5577 Pliscuham
1108 5522 1166 5574 ct
1214 5517 1642 5575 Constantiam.
1703 5519 1834 5577 Haec
1891 5521 2082 5593 spatio

424 5613 680 5670 duorum
731 5625 1022 5666 annorum
1081 5612 1140 5665 et
1193 5607 1459 5676 dimidio,
1522 5613 1765 5665 curante
1820 5611 2079 5683 Hermia,

431 5701 720 5762 edificata
750 5701 930 5757 fuere.
966 5703 1248 5758 Praeterea
1297 5699 1582 5758 exstruxit
1637 5701 1846 5770 edem,
1903 5700 2080 5775 vulgo

2204 4711 2381 4786 βαθεῖς
2425 4715 2505 4783 τῷ
2549 4710 2669 4786 ὕψει
2725 4711 2850 4767 ὅσον
2898 4717 3005 4767 τῶν
3059 4708 3342 4786 ἐμϐόλων,
3377 4711 3467 4769 διὰ
3494 4714 3555 4769 τὸ
3607 4715 3682 4788 μὴ
3729 4715 3863 4770 εἶναι

2200 4797 2466 4856 δυσωδίαν
2513 4801 2656 4872 τινὰ,
2703 4803 2794 4858 καὶ
2851 4801 3201 4874 ἐνσκήπτωσι
3253 4803 3404 4858 νόσοι
3461 4800 3696 4877 πολλαὶ,
3754 4802 3862 4861 ἀλλ

2199 4889 2274 4952 εἷς
2300 4889 2364 4944 τὸ
2392 4890 2554 4965 βάθος
2585 4887 2898 4968 διέρχεσθαι
2946 4892 3041 4954 τὰς
3093 4887 3356 4954 δυσώδεις
3404 4891 3562 4966 ὕλας,
3592 4893 3682 4948 καὶ
3739 4913 3862 4949 κατ·

2198 4977 2452 5054 ἑρχεσθαι
2508 4980 2584 5042 εἰς
2641 4981 2744 5050 τὴν
2801 4978 3096 5044 θάλασσαν.
3153 4985 3335 5037 Ταῦτα
3384 4979 3441 5036 δὶ
3517 4980 3859 5054 ἐκτίσθησαν,

2197 5068 2272 5130 ὡς
2335 5066 2568 5143 εἷ’ρηται,
2613 5069 2762 5142 παρὰ
2830 5065 3140 5144 Οὖρϐικίου
3182 5075 3282 5126 τοῦ
3337 5071 3724 5147 πραιποσίτου,
3770 5070 3860 5127 καὶ

2199 5155 2541 5212 Σαλουστίου
2611 5157 2878 5234 ἐπάρχου,
2923 5159 3013 5214 καὶ
3083 5163 3193 5215 τῶν
3244 5160 3482 5231 λοιπῶν,
3541 5159 3857 5217 καταλιπὼν

2195 5249 2380 5312 αὐτοῖς
2448 5251 2772 5326 κεντηνάρια
2845 5250 3080 5327 χρυσίου
3153 5252 3426 5325 ἑξακόσια,
3487 5251 3562 5309 εἷς
3621 5273 3680 5308 τε
3733 5252 3861 5314 τοὺς

2195 5334 2492 5412 ἐμϐόλους,
2539 5339 2666 5402 τοὺς
2715 5339 2991 5417 ἀγωγοὺς,
3041 5341 3130 5397 καὶ
3176 5340 3242 5396 τὰ
3280 5341 3441 5417 τείχη
3471 5360 3484 5375 '
3539 5340 3746 5406 ἐκεῖνος
3802 5339 3860 5397 δὶ

2192 5428 2405 5501 ἐκίνησε
2460 5429 2598 5484 κατά
2655 5434 2902 5499 Σκυθῶν,
2929 5431 3018 5485 καὶ
3078 5429 3366 5502 ὑποτάξας,
3413 5430 3630 5502 αὐτοὺς,
3681 5428 3858 5488 ἔκτισε

2191 5519 2385 5582 πόλεις
2443 5519 2617 5575 ἐκεῖσε
2669 5521 2769 5591 τήν
2842 5515 3218 5598 Περσθλάϐαν,
3276 5520 3370 5576 καὶ
3441 5523 3544 5591 τὴν
3604 5521 3852 5596 Δίστραν,

2189 5610 2279 5665 καὶ
2334 5611 2433 5678 τήν
2491 5606 2867 5680 Πλισκούϐαν,
2927 5610 3016 5665 καὶ
3073 5612 3176 5681 τήν
3226 5610 3619 5668 Κωνσταντίαν.
3673 5616 3854 5668 Ταῦτα

2189 5699 2505 5772 ἐκτίσθησαν
2591 5700 2667 5764 είς
2737 5701 2975 5776 χρόνους
3048 5697 3145 5758 δύο
3216 5700 3392 5778 ἥμισυ
3467 5700 3572 5759 ἀπὸ
3666 5707 3855 5779 φωνῆς
