4124 6440
423 406 576 467 1197

1480 438 1483 441 λ
1540 403 1910 469 ΑΝΟΝῩΜῘ
1954 401 2544 475 ANTIQUITATES
2590 402 2709 464 ΟΡ.

3687 405 3850 517 “CB

417 534 697 612 Ἑρμείου.
751 541 989 610 ’¹Εκτισε,
1046 534 1104 593 δὲ
1153 538 1244 593 καὶ
1274 539 1341 593 τὰ
1372 536 1695 612 Ἀρματίου,
1738 537 1788 592 ἐν
1820 538 1866 610 ᾧ
1892 537 1991 608 τήν
2021 556 2064 592 τι

2191 535 2407 591 dictam
2438 532 2749 601 Harmatii,
2776 534 2837 591 in
2870 552 2988 609 qua
3015 539 3235 594 cortem
3268 537 3486 611 posuit,
3519 553 3851 612 currusque

410 626 614 702 κόρτην
686 622 869 697 ἔπηξε,
935 626 1025 682 καὶ
1100 626 1167 681 τά
1240 626 1457 703 ἅρματα
1529 628 1735 690 τέθεικε
1803 626 1936 701 μετὰ
2012 627 2075 680 τὸ

415 715 675 788 ὑποτάξαι
731 715 860 778 τοὺς
919 714 1289 786 Βυζοντίους.
1349 717 1444 779 Εἲς
1503 714 1560 771 δὲ
1614 717 1677 772 τὸ
1736 712 1913 789 ὄνομα
1965 719 2073 771 τῶν

407 808 575 882 τριῶν
626 804 789 860 αὐτοῦ
835 806 967 861 υἱῶν
1022 804 1198 861 ἔκτισε
1245 807 1312 862 τὰ
1341 804 1610 877 Παλάτια,
1642 806 1709 862 τὰ
1759 804 2078 879 καλούμενα

410 894 915 965 Κωνσταντινιανὰ,
995 895 1087 950 καὶ
1169 897 1237 950 τά
1322 895 1592 972 λεγόμενα
1676 897 1745 951 τά
1823 898 2072 953 Κῶνστα.

410 988 583 1058 ’Ἐστη
614 982 672 1041 δὲ
701 984 788 1041 καὶ
822 985 849 1040 6
883 985 1030 1048 οἶκος
1059 990 1156 1040 τοῦ
1188 980 1616 1055 Τουϐάκης,καὶ
1640 990 1738 1040 τοῦ
1770 979 2072 1059 Ἰϐηρίτζη,

412 1072 561 1138 ὅστις
591 1072 837 1131 καλεῖται
867 1078 963 1130 τοῦ
995 1074 1417 1152 Ἀκροπολίτου.
1445 1073 1586 1138 Τοὺς
1616 1071 1673 1129 δὲ
1701 1073 1980 1141 ναοὺς,καὶ
2009 1073 2076 1127 τὰ

413 1162 584 1221 λοιπᾶ
615 1163 713 1219 ὅσα
766 1164 1051 1239 ἀνήγειρεν
1109 1164 1137 1219 6
1171 1163 1358 1240 Μὲγας
1398 1168 1822 1236 Κωνσταντῖνος,
1851 1161 2072 1239 ὕστερον

409 1252 488 1317 εἷς
513 1254 580 1310 τὰ
610 1254 740 1331 Περὶ
758 1252 1067 1327 κτισμάτων
1093 1251 1354 1329 ἐροῦμεν,

2142 624 2151 633 ’
2192 623 2424 691 locavit,
2484 638 2617 679 cum
2670 625 3017 697 Byzantinos
3066 627 3468 699 subjugasset.
3518 629 3566 683 A
3615 629 3852 685 nomine

2187 718 2382 771 autem
2454 713 2637 769 trium
2669 714 2924 770 ﬁliorum
2957 716 3223 771 condidit
3251 717 3489 789 palatia,
3522 732 3653 790 quas
3699 717 3848 775 Con-

2188 803 2553 860 stantiniana
2583 808 2641 860 et
2671 803 3007 860 Constantis
3037 813 3480 878 nuncupantur.
3513 808 3852 864 Construxit

2186 894 2324 949 item
2359 895 2603 950 domum
2632 894 2901 962 Tubacae,
2921 899 2978 950 et
3006 894 3285 965 Iberitzts,
3304 896 3652 969 Acropolitae
3679 912 3850 953 voca—

2186 983 2625 1040 tam.Casterum
2659 985 2732 1040 de
2757 984 2996 1058 templis
3026 986 3085 1041 et
3114 985 3381 1057 reliquis,
3405 1002 3533 1057 quae
3562 990 3850 1043 Constan-

2184 1073 2349 1130 tinus
2378 1077 2627 1145 Magnus
2658 1072 2988 1142 aediﬁcavit,
3022 1077 3227 1147 postea
3255 1074 3315 1130 in
3346 1073 3498 1132 libro
3544 1076 3620 1132 De
3661 1074 3850 1144 aediﬁ-

2184 1164 2290 1219 ciis
2317 1162 2531 1219 dicturi
2564 1178 2793 1219 sumus.

412 1419 486 1474 De
513 1419 681 1476 terrae
709 1421 883 1488 motu,
915 1433 1021 1490 quo
1051 1378 1201 1474 inuri
1229 1419 1384 1474 urbis
1417 1416 1521 1474 ΟΡ.
1571 1417 1669 1472 sub
1722 1413 2279 1543 Theodosicialunfogii
2317 1414 2497 1540 (ἕνενεί
2532 1390 2791 1485 fuerunt,
2841 1415 2898 1469 et
2943 1413 3209 1486 quomodo
3256 1414 3327 1471 ab
3374 1414 3563 1472 eodem
3609 1415 3851 1486 Augusto

1900 1503 1989 1543 ms
2052 1502 2154 1543 τινα
2181 1502 2203 1541 ι
2281 1503 2315 1541 ιη
2348 1526 2363 1540 .

1900 1502 2203 1544 ιηειαιιναιι
2229 1502 2363 1541 um.

474 1615 530 1667 Ὁ
581 1610 639 1668 δὶ
683 1613 898 1688 Μικρὸς
947 1609 1237 1676 Θεοδόσιος
1290 1612 1366 1678 εἷς
1412 1614 1503 1669 τὸν
1552 1612 1801 1686 πέμπτον
1863 1609 2064 1688 χρόνον

403 1708 505 1772 τῆς
564 1699 730 1757 αὖτοῦ
782 1699 1093 1778 βασιλείας,
1155 1707 1382 1777 σεισμοῦ
1439 1701 1754 1779 γεγονότος,
1815 1700 1907 1756 καὶ
1958 1704 2066 1755 τῶν

399 1795 604 1868 τειχῶν
663 1791 1112 1847 καταπιπτόντων
1150 1836 1163 1862 ,
1224 1790 1311 1848 διὰ
1367 1793 1429 1848 τὸ
1486 1791 1613 1855 τοὺς
1692 1789 2069 1865 Ἀμαληκίτας

400 1878 529 1944 τοὺς
590 1880 1044 1957 Χατζιντζαρίους
1105 1880 1323 1952 οἰκῆσαι
1384 1881 1437 1937 ἐν
1464 1886 1533 1957 τῇ
1564 1880 1749 1952 πόλει,
1780 1882 1870 1936 καὶ
1906 1878 2072 1956 βλασ-

2248 1608 2615 1666 Theodosius
2663 1623 2801 1666 vero
2859 1608 3074 1666 Junior
3119 1609 3331 1683 quinto
3382 1610 3617 1685 imperii
3668 1628 3848 1681 anno,

2180 1715 2314 1755 cum
2338 1702 2508 1755 terrae
2532 1700 2696 1754 motu
2721 1698 2877 1754 muri
2908 1698 3364 1771 collaberentur,
3396 1717 3462 1757 eo
3489 1702 3645 1774 quod
3675 1704 3851 1759 Ama-

2179 1788 2367 1845 lecitae
2422 1787 2835 1844 Chatzintzarii
2883 1787 2946 1843 in
3000 1788 3145 1846 urbe
3202 1787 3556 1859 habitarent,
3608 1795 3666 1847 et
3720 1792 3848 1849 bla-

2180 1879 2430 1951 spheme
2472 1879 2632 1934 dicta
2680 1877 2741 1934 in
2764 1877 3104 1950 Trisagium
3141 1878 3531 1950 eﬂunderent,
3564 1897 3767 1953 preces
3788 1886 3848 1940 et

400 1976 655 2050 φημῆσαι
715 1969 967 2049 σφοδρῶς
998 1970 1074 2034 εἷς
1098 1973 1162 2027 τὸ
1194 1971 1517 2049 Τρισάγιον,
1572 1974 1816 2043 ποιήσας
1850 1971 1877 2025 6
1907 1969 2064 2031 αὐτὸς

2180 1968 2645 2041 supplicationes
2703 1969 2765 2025 in
2825 1970 3046 2042 Campo
3114 1970 3457 2027 Tribunalis
3526 1989 3646 2029 una
3710 1988 3844 2030 cum

408 2059 662 2137 βασιλεὺς
736 2059 942 2116 ἱκεσίαν
1010 2061 1099 2116 καὶ
1172 2059 1331 2130 λιτὴν
1394 2062 1471 2125 εἰς
1527 2063 1619 2117 τὸν
1687 2060 1912 2134 Κάμπον
1971 2063 2064 2115 τοῦ

2182 2059 2522 2132 patriarcha
2550 2059 2754 2115 Proclo
2788 2075 2855 2115 ac
2881 2059 3157 2117 universo
3189 2059 3405 2134 populo
3437 2061 3698 2119 instituit
3729 2078 3744 2117 :
3778 2079 3846 2120 ac

402 2143 801 2227 Τριϐουναλίου
863 2149 998 2224 μετᾶ
1070 2147 1167 2205 τοῦ
1224 2150 1570 2227 πατριάρχου
1647 2148 1899 2228 Πρόκλου
1973 2148 2063 2204 καὶ

395 2240 598 2302 Εαντὸς
652 2244 747 2295 τοῦ
802 2237 964 2295 λαοῦ’
1023 2241 1113 2295 καὶ
1165 2240 1263 2314 τὸ,
1317 2239 1480 2316 Κύριε
1527 2239 1780 2311 ἐλέησον,
1830 2240 2065 2315 κραζόν-

397 2331 530 2385 τώψ
579 2328 657 2385 ἔτι
712 2330 930 2385 πάντων
993 2329 1247 2406 ὁρώντων
1293 2331 1519 2407 ἡρπάγη
1565 2327 1785 2386 παιδίον
1838 2329 1914 2392 εἷς
1968 2329 2061 2385 τὸν

399 2418 550 2493 ἀέρα,
603 2419 695 2474 καὶ
755 2416 988 2489 ἤκουσεν
1047 2418 1299 2496 ἀγγέλων
1352 2417 1746 2495 μελῳδούντων
1810 2420 1900 2475 καὶ
1950 2420 2058 2493 ὗμ-

400 2507 663 2565 νούντων.
723 2508 914 2584 Ἄγιος
970 2509 998 2564 ὁ
1050 2510 1202 2577 Θεὸς,
1258 2505 1412 2585 ἅγιος
1472 2509 1722 2587 ἰσχυρὸς,
1751 2510 1901 2586 ἅγιος
1931 2507 2059 2573 ἄθά-

402 2618 585 2667 νατος,
651 2595 878 2669 ἐλέησον
927 2601 1100 2672 ἡμᾶς.
1159 2600 1274 2656 Τοῦ
1329 2596 1549 2654 παιδίου
1599 2598 1982 2667 κατελθόντος,
2033 2599 2061 2653 ὁ

403 2687 534 2750 λαὸς
585 2685 855 2762 ἐμελῴδει
913 2685 1108 2759 οὕτως,
1159 2689 1249 2744 καὶ
1299 2687 1426 2760 ἔστη
1479 2690 1507 2744 6
1563 2689 1806 2764 σεισμός.
1842 2691 1941 2743 Καὶ
1975 2685 2064 2743 διὰ

346 2793 352 2798 “
399 2781 567 2833 ταῦτα
618 2776 838 2848 ἐξέωσεν
899 2778 927 2833 6
979 2776 1235 2853 βασιλεὺς
1308 2779 1512 2841 πάντας
1565 2778 1694 2842 τοὺς
1751 2776 2059 2856 αἱρετικοὺς

403 2865 463 2922 ἐκ
512 2870 612 2937 τῆς
669 2865 908 2937 πόλεως,
971 2867 1061 2922 καὶ
1118 2868 1185 2921 τὰ
1251 2867 1414 2943 τείχη
1482 2863 1728 2938 ἐξέϐαλεν
1807 2868 1913 2923 άπὸ
1964 2871 2062 2922 τοῦ

406 2955 756 3026 Ἐξωκιονίου
810 2958 977 3033 μέχρι
1028 2962 1129 3026 τῆς
1185 2957 1441 3034 χρυσίας·
1495 2957 1545 3031 ἐξ
1596 2957 1663 3012 οὗ
1702 2959 1791 3013 καὶ
1850 2957 2059 3029 στήλην

412 3043 575 3099 αὐτοῦ
622 3043 837 3117 ἔστήσεν
903 3040 1119 3101 ὄπισθεν
1186 3050 1293 3101 τῶν
1336 3045 1677 3125 ἐλεφάντων·
1729 3046 1821 3102 καὶ
1880 3041 2061 3102 ἀνεϐί-

409 3128 538 3189 ϐασε
604 3135 692 3190 καὶ
765 3137 827 3191 τὸ
897 3134 1165 3212 παράλιον
1235 3140 1460 3211 τεῖχος,
1522 3135 1627 3191 ἀπὸ
1679 3139 1778 3206 τῆς
1834 3133 2060 3191 Ῥαύδου

408 3222 577 3300 μέχρι
631 3227 730 3295 τῆς
783 3223 1050 3299 Χρυσίας,
1101 3225 1205 3280 ἀπὸ
1252 3230 1348 3280 τοῦ
1405 3225 1590 3303 Ἀγίου
1649 3226 1943 3283 Ἀντωνίου
1997 3226 2064 3303 τά

397 3314 703 3390 Ἀρματίου
754 3314 923 3392 μέχρι
970 3312 1305 3391 Βλαχερνῶν
1335 3314 1425 3371 καὶ
1469 3317 1636 3391 μέχρι
1665 3319 1767 3386 τῆς
1798 3302 2059 3391 Χρυσίας.

2180 2149 2324 2205 dum
2372 2151 2543 2222 Kyrie
2600 2150 2811 2205 eleison
2864 2154 3198 2223 cantarent,
3242 2150 3528 2224 puerulus
3575 2152 3841 2225 quidam,

2177 2241 2408 2297 cunctis
2467 2239 2825 2311 videntibus,
2889 2240 2951 2295 in
3010 2257 3204 2298 aerem
3276 2242 3556 2316 abreptus
3621 2242 3848 2301 audivit

2178 2330 2418 2404 angelos
2478 2334 2756 2387 canentes
2815 2346 2826 2385 :
2878 2330 3117 2392 Sanctus
3172 2333 3337 2404 Deus,
3384 2336 3610 2389 sanctus
3660 2334 3844 2406 fortis,

2171 2428 2392 2478 sanctus
2422 2419 2792 2486 immortalzs,
2825 2435 3089 2477 mzserere
3122 2421 3282 2478 nobis
3332 2438 3346 2478 :
3396 2436 3579 2495 puero
3627 2421 3846 2480 iterum

2176 2512 2237 2566 in
2293 2515 2513 2567 terram
2562 2508 2848 2579 demisso,
2898 2508 3156 2581 populus
3187 2511 3260 2567 ad
3291 2512 3565 2569 eumdem
3599 2512 3845 2571 modum

2172 2599 2409 2667 cecinit,
2442 2597 2760 2671 desilitque
2787 2602 2954 2655 terras
3003 2602 3203 2656 motus
3253 2615 3268 2655 :
3323 2604 3685 2675 quapropter
3726 2602 3843 2658 im-

2173 2692 2405 2762 perator
2426 2706 2632 2745 omnes
2672 2688 2984 2745 haereticos
3005 2704 3075 2745 ex
3099 2689 3246 2745 urbe
3285 2689 3479 2762 ejecit,
3512 2706 3838 2763 murosque

2174 2780 2248 2835 ab
2296 2778 2608 2835 Exocionio
2653 2779 2724 2834 ad
2758 2780 2990 2850 portam
3024 2779 3271 2835 Auream
3306 2794 3497 2851 usque
3543 2780 3789 2852 protulit
3819 2802 3835 2843 :

2175 2887 2357 2943 quare
2384 2870 2563 2927 etiam
2589 2887 2740 2943 pone
2763 2870 3112 2943 elephantos
3141 2870 3317 2928 isthic
3356 2871 3670 2930 collocatos
3715 2876 3837 2930 sta-

2174 2964 2336 3015 tuam
2371 2976 2541 3016 suam
2566 2960 2766 3016 erexit.
2801 2958 3089 3016 Praeterea
3119 2964 3176 3017 et
3200 2977 3440 3018 murum
3473 2962 3839 3019 maritimum

2175 3065 2207 3104 a
2242 3049 2480 3105 Bhabdo
2515 3050 2588 3105 ad
2624 3053 2856 3120 portam
2884 3052 3138 3106 Auream
3170 3051 3453 3121 extendit,
3502 3055 3561 3107 et
3609 3068 3645 3108 a
3691 3052 3838 3109 San-

2175 3139 2268 3193 cto
2295 3136 2572 3204 Antonio,
2607 3137 2895 3194 Harmatii
2921 3138 3097 3206 dicto,
3132 3155 3322 3211 usque
3352 3141 3425 3196 ad
3452 3140 3837 3211 Blach‘ernas,

2173 3230 2230 3284 et
2262 3227 2333 3283 ad
2367 3231 2597 3300 portam
2619 3231 3039 3284 Auream.Duae
3071 3234 3266 3286 autem
3298 3229 3584 3287 factiones
3612 3230 3839 3304 populi,

2175 3317 2246 3372 ab
2302 3316 2431 3389 ipso
2488 3316 2846 3390 imperatore
2901 3316 3231 3374 Theodosio
3282 3317 3334 3375 ei
3381 3318 3463 3375 rei
3512 3319 3837 3388 destinate,

399 3400 469 3461 Οἱ
501 3399 559 3458 δὲ
606 3400 701 3459 δύο
749 3401 919 3477 δῆμοι
969 3400 1181 3461 ἔκτισαν
1234 3405 1304 3461 τὰ
1353 3403 1516 3482 τείχη
1567 3407 1694 3482 παρ’
1744 3405 1907 3461 αὐτοῦ
1966 3409 2063 3461 τοῦ

2179 3423 2384 3464 muros
2416 3407 2563 3466 istos
2593 3407 3007 3476 condiderunt,
3039 3406 3128 3464 uti
3156 3407 3218 3464 in
3266 3407 3418 3466 libro
3466 3409 3544 3466 De
3586 3409 3844 3483 adiﬁciis

404 3490 674 3569 βασιλέως
732 3491 1021 3550 Θεοδοσίου
1080 3493 1406 3571 ὀρισθέντες,
1456 3495 1637 3560 καθὼς
1678 3495 1756 3559 εἴς
1810 3497 1877 3551 τά
1928 3494 2059 3572 Περὶ

398 3583 714 3658 κτισμάτων
749 3582 1001 3661 ἐροῦμεν.

863 3675 999 3750 Ηερί
1025 3676 1122 3729 τοῦ
1152 3672 1597 3750 Αὖγουστιῶνος.

469 3764 547 3837 Τῇ
606 3760 830 3838 πέμπτῃ
885 3767 985 3818 τοῦ
1041 3758 1383 3840 Ὀκτωϐρίου
1463 3765 1636 3837 μηνὸς
1692 3764 1951 3842 ἒχόρευον
2010 3766 2062 3820 οἱ

402 3849 761 3929 ρεγεονάρχαι
792 3851 844 3906 ἐν
902 3853 982 3925 τῷ
1040 3851 1338 3925 Γουστείῳ,
1386 3849 1554 3928 ἤγουν
1612 3856 1692 3924 τῷ
1735 3853 2060 3928 όψοπωΛίῳ,

398 3940 476 4003 εἷς
524 3941 623 4010 τήν
688 3942 859 4014 τιμήν
907 3945 1005 3996 τοῦ
1052 3941 1189 3996 κατὰ
1254 3941 1346 3996 τὸν
1400 3942 1588 4018 καιρὸν
1649 3941 1853 3998 ἐκεῖνον
1911 3945 2062 4018 βασι-

399 4028 678 4093 λευόντος·
739 4030 798 4086 ’ὸν
851 4030 902 4086 οἳ
963 4028 1177 4086 ἰδιῶται
1234 4030 1618 4105 Αὐγουστιωνα
1666 4031 1950 4101 ἐκάλεσαν,
2008 4032 2060 4088 ἐν

398 4118 444 4192 ᾧ
471 4121 561 4175 καὶ
593 4118 804 4191 στήλην
827 4112 1020 4192 ἔστησε
1051 4125 1453 4183 Κωνσταντῖνος
1497 4127 1599 4190 τῆς
1634 4123 1843 4198 μητρὸς
1872 4121 2058 4177 αὐτοῦ’

399 4206 484 4264 διὸ
537 4209 628 4264 καὶ
679 4208 999 4284 ἐπωνόμασε
1046 4210 1139 4265 τὸ)
1190 4208 1358 4265 τόπον
1410 4209 1824 4286 Αὐγουστιῶνα,
1873 4213 2060 4290 ἅτερον

402 4298 726 4355 Γουστείονα
756 4298 1015 4376 λὲγομεν.

399 4406 530 4483 Περὶ
571 4411 668 4463 τοῦ
721 4407 893 4483 αὐτοῦ
949 4405 1408 4483 Αὐγουστιῷνος·
1477 4405 1624 4483 διατί
1687 4413 1917 4483 σφαῖραν
1970 4407 2061 4463 καὶ

651 4480 881 4554 σταυρὸν
913 4476 1126 4555 κρατῶν
1156 4479 1238 4556 ἐφ’
1266 4477 1442 4535 ’ίππου
1474 4476 1807 4551 ἐστήλωται.

473 4586 534 4643 Ὁ
565 4586 747 4662 Μέγας
805 4584 1186 4651 Ἰουστινιανὸς
1237 4585 1424 4648 κτίσας
1476 4584 1575 4654 τὴν
1622 4584 1808 4660 Ἃγίαν
1858 4584 2059 4663 Σοφίαν

398 4673 632 4747 ἐκάθηρε
686 4674 785 4744 τὴν
842 4672 1017 4745 αὐλὴν
1052 4716 1066 4745 ,
1140 4674 1230 4730 καὶ
1309 4673 1678 4750 ὲμαρμάρωσε
1740 4668 2062 4745 ταύτηντὸ

398 4762 663 4841 πρότερον
717 4763 876 4819 οὖσαν
930 4768 1238 4839 Γουστεῖον,
1297 4764 1371 4827 ὡς
1432 4759 1666 4838 εἷ’ρηται,
1723 4760 1890 4838 ἤγουν
1926 4764 2062 4837 ὀψο·
2095 4801 2141 4866 D

467 4851 512 4866 ,ς
694 4860 702 4866 .
749 4853 763 4866 ι
877 4854 890 4866 .
948 4851 971 4866 ,.
1257 4854 1270 4866 ι
1367 4853 1380 4866 .
1477 4852 1491 4866 ς
1634 4857 1661 4866 -
1794 4850 1833 4866 ,ς
1972 4849 1996 4866 ,ι

398 4851 635 4912 πώλιον.
681 4853 773 4910 Διὸ
804 4854 894 4909 καὶ
946 4851 1139 4925 ἔστησε
1183 4854 1273 4909 καὶ
1321 4853 1419 4922 τὴν
1473 4852 1665 4909 ἐαυτοῦ
1708 4850 1919 4924 στήλην
1970 4849 2062 4931 ἔφ-

403 4963 568 4999 ιππον
619 4941 708 4999 ἐπὶ
736 4947 834 4999 τοῦ
864 4943 1072 5006 κίονος·
1123 4943 1212 4999 καὶ
1265 4946 1334 5018 τῇ
1373 4943 1466 5017 μὲν
1501 4944 1755 5019 ἀριστερᾷ
1794 4943 1941 5019 χειρὶ
1970 4940 2062 5016 cpt-

403 5053 483 5109 ρει
515 5038 764 5113 σφαῖραν,
815 5033 1048 5110 σταυροῦ
1090 5032 1478 5109 ἐμπεπηγότος
1529 5031 1579 5087 ἐν
1609 5032 1747 5106 αὐτῇ
1775 5051 1786 5064 ·
1844 5033 1926 5086 ὅτι
1977 5029 2068 5086 διὰ

399 5129 502 5192 τῆς
551 5122 627 5186 εἰς
679 5123 908 5199 σταυρὸν
961 5122 1195 5187 πίστεως
1233 5125 1332 5192 τῆς
1379 5128 1486 5199 γῆς
1537 5121 1751 5193 ἀπάσης
1802 5120 2069 5197 ἐγκρατὴς

401 5211 609 5291 γέγονε.
659 5217 873 5289 Σφαῖρά
939 5212 1036 5287 μὲν
1084 5215 1189 5289 γὰρ
1233 5215 1268 5283 ἡ
1321 5219 1419 5288 γῆ,
1470 5210 1559 5267 διὰ
1612 5212 1673 5267 τὸ
1722 5209 2066 5290 σφαιροειδὲς

401 5306 500 5359 τοῦ
548 5303 718 5374 αὐτῆς
771 5304 1083 5379 σχήματος·
1134 5302 1317 5366 πίστις
1370 5299 1427 5356 δὲ
1456 5303 1483 5356 6
1514 5302 1742 5377 σταυρὸς
1774 5299 1863 5356 διὰ
1887 5302 1980 5356 τὸν
2012 5300 2064 5356 ἐν

404 5393 556 5464 αὐτῷ
612 5383 1045 5468 προσὴλωθὲντα
1092 5392 1252 5466 σαρκὶ
1310 5391 1480 5445 Θεόν’
1537 5391 1636 5459 τὴν
1691 5388 1863 5461 δεξιὰν
1905 5395 2068 5466 χεῖρα

399 5480 794 5556 ἐνατεταμὲνην
860 5479 1096 5558 ἔχουσαν
1166 5480 1305 5536 κατὰ
1365 5478 1671 5549 ἀνατολὰς,
1735 5480 1822 5534 καὶ
1885 5484 2068 5535 στάσιν

400 5576 512 5628 τῶν
576 5574 798 5649 Περσῶν
857 5571 1261 5648 σημαίνουσαν,
1315 5568 1404 5625 καὶ
1459 5571 1535 5644 μὴ
1595 5564 1928 5644 μεταϐαίνειν
1981 5570 2069 5626 ἐπὶ

407 5668 509 5734 τῆς
566 5663 883 5738 Ῥωμαϊκῆς
949 5666 1090 5741 γῆς,
1152 5659 1242 5718 διὰ
1296 5666 1396 5732 τῆς
1453 5657 1760 5735 ἀνατάσεως
1825 5660 1916 5717 καὶ
1964 5660 2069 5718 άπ-

407 5753 592 5818 ώσεως
663 5759 765 5827 τῆς
834 5753 1025 5831 χειρὸς
1083 5753 1268 5831 βοῶν’
1335 5755 1533 5825 Στῆτε,
1585 5749 1811 5827 Περσαι,
1853 5750 1944 5808 καὶ
1993 5752 2068 5829 μὴ

2176 3500 2467 3557 dicemus.

2768 3679 2845 3734 De
2872 3678 3233 3750 Augustione.

2245 3763 2461 3830 Quinta
2489 3764 2586 3820 die
2619 3765 2840 3821 mensis
2873 3763 3164 3835 Octobris,
3217 3766 3478 3840 prafecti
3525 3766 3836 3842 regionum

2173 3853 2338 3911 urbis
2362 3854 2421 3908 in
2450 3854 2689 3920 Gusteo,
2738 3870 2844 3910 seu
2895 3854 3019 3910 foro
3064 3855 3310 3927 cibario,
3360 3856 3605 3914 choreas
3653 3858 3837 3915 duce-

2172 3944 2320 4000 bant
2350 3943 2409 3998 in
2440 3943 2724 3999 honorem
2750 3943 3127 4015 imperatoris
3158 3945 3322 4001 illius
3350 3945 3838 4019 temporis;quem

2170 4032 2366 4089 locum
2398 4030 2607 4103 vulgus
2637 4030 3062 4104 Augustionem
3095 4032 3353 4105 appellat
3382 4050 3397 4090 :
3423 4049 3540 4106 quo
3571 4032 3746 4092 etiam
3773 4034 3838 4092 in

2173 4121 2299 4179 loco
2324 4119 2686 4191 suumatris
2708 4124 2973 4177 statuam
2997 4120 3427 4179 Constantinus
3456 4123 3640 4179 erexit
3671 4138 3685 4178 :
3721 4138 3842 4196 qua

2173 4213 2245 4267 de
2275 4227 2336 4266 re
2369 4210 2563 4266 locum
2596 4208 2768 4265 illum
2801 4211 3181 4282 Augustiona
3199 4212 3447 4283 vocavit;
3482 4227 3660 4287 quem
3691 4211 3839 4270 alias

2173 4300 2516 4356 Gustionem
2550 4298 2944 4372 appellamus.

2173 4410 2248 4465 De
2276 4408 2457 4465 eodem
2489 4408 2857 4483 Augustione.
2888 4408 3075 4477 Quare
3097 4410 3587 4483 equestriutatua
3611 4410 3839 4483 globum

2574 4481 2625 4534 et
2652 4495 2874 4536 crucem
2906 4483 3096 4537 tenens
3123 4487 3305 4537 erecta
3331 4482 3429 4537 sit.

2243 4586 2389 4642 Cum
2421 4585 2800 4642 Justinianus
2829 4589 3076 4659 Magnus
3120 4586 3410 4659 templum
3453 4588 3677 4645 Sancta
3728 4589 3840 4646 So-

2171 4675 2324 4750 phia
2354 4674 2725 4747 aediﬁcasset,
2757 4675 3105 4749 expurgavit
3126 4675 3305 4733 etiam
3336 4692 3556 4749 aream,
3587 4693 3839 4751 eamque

2174 4764 2568 4823 marmoribus
2628 4764 2946 4834 exornavit,
3007 4781 3141 4821 cum
3191 4769 3363 4822 antea
3411 4764 3721 4837 Gusteum,
3772 4773 3841 4825 ut

2176 4856 2399 4913 dictum
2433 4857 2541 4920 est,
2576 4868 2678 4911 seu
2727 4854 2921 4910 forum
2972 4854 3262 4910 cibarium
3315 4859 3472 4912 esset
3523 4872 3537 4911 :
3587 4855 3839 4929 ideoque

2176 4951 2440 5004 statuam
2472 4961 2639 5001 suam
2672 4948 3003 5017 equestrem
3054 4944 3135 5001 ibi
3187 4944 3477 5002 columna
3527 4945 3837 5021 imposuit,

2176 5054 2304 5109 quae
2356 5035 2602 5092 sinistra
2647 5050 2829 5090 manu
2879 5033 3121 5108 globum
3169 5038 3354 5104 tenet,
3404 5035 3501 5092 cui
3545 5053 3687 5093 crux
3735 5055 3837 5095 su-

2176 5125 2463 5199 perinﬁxa
2491 5128 2603 5194 est,
2653 5124 2930 5196 quoniam
2981 5124 3055 5179 ob
3095 5123 3271 5180 fidem
3314 5124 3378 5182 in
3425 5142 3661 5183 crucem
3708 5128 3840 5184 uni-

2176 5215 2327 5273 versi
2378 5218 2668 5271 terrarum
2719 5213 2881 5270 orbis
2927 5213 3247 5286 imperium
3282 5215 3532 5289 adeptus
3562 5220 3674 5273 est.
3705 5217 3839 5274 Glo-

2177 5305 2289 5361 bus
2316 5302 2475 5360 enim
2505 5306 2724 5359 terram
2757 5302 3152 5377 signiﬁcat,ob
3185 5304 3314 5375 ejus
3347 5304 3545 5378 figurae
3577 5306 3842 5364 rotundi-

2177 5398 2393 5460 tatem;
2429 5392 2605 5448 ﬁdem
2639 5408 2776 5448 vero
2809 5409 2973 5452 crux.
3023 5393 3162 5466 quia
3211 5392 3366 5450 Deus
3414 5394 3474 5451 in
3527 5411 3703 5452 carne
3751 5395 3838 5452 illi

2132 5480 2139 5485 ’
2179 5483 2292 5540 fuit
2321 5482 2552 5551 afﬁxus;
2578 5483 2876 5539 dexteram
2908 5487 3106 5539 autem
3141 5498 3384 5541 manum
3409 5501 3616 5541 versus
3646 5485 3838 5543 orien-

2177 5578 2298 5630 tem
2356 5577 2658 5630 extensam
2715 5571 2914 5643 habet,
2973 5573 3293 5630 Persarum
3354 5574 3685 5648 irruptione
3741 5575 3836 5630 in-

2180 5679 2392 5735 nuens,
2425 5676 2645 5738 eosque
2672 5661 3012 5723 extensione
3040 5665 3099 5722 et
3128 5662 3391 5738 :repulsu
3441 5680 3653 5722 manus
3704 5680 3839 5740 pro-

2100 5762 2103 5765 '
2135 5832 2151 5845 _
2180 5753 2403 5813 vincies
2432 5753 2730 5827 Romanos
2762 5752 3035 5827 invadere
3076 5756 3302 5828 vetans,
3351 5752 3444 5812 his
3493 5751 3663 5828 quasi
3706 5768 3839 5851 v3;-
