4124 6444
360 474 518 537 “99

1316 470 1715 531 APPENDIX
1755 470 1859 529 AD
1906 467 2368 529 MlCHAELEM
2413 464 2809 529 PSELLUM.

3624 466 3789 527 £200

358 607 454 663 bis
500 620 520 665 :
568 605 753 670 State,
802 607 1013 671 Persa,
1071 618 1179 660 nec
1233 600 1483 658 ulterius
1539 600 2008 675 progredimini:

2129 598 2320 671 πρόσω
2373 603 2629 674 χωρεῖτε·
2700 596 2762 651 06
2817 596 2921 671 γὰρ
2980 595 3211 651 συνοίσει
3246 597 3397 668 ὑμῖν,
3429 597 3537 653 Τὸν
3567 595 3658 651 06v
3690 599 3788 653 αύ-

358 710 550 767 neque
578 694 736 751 enim
766 693 1056 749 conducet
1089 692 1282 748 vobis.
1324 695 1530 747 Fertur
1570 694 1769 761 itaque
1814 689 2008 760 ipsum

2121 688 2215 742 16v
2267 686 2642 744 Ἰουστινιανόν
2687 684 2905 761 λέγεται
2959 683 3259 759 ἐπαρθῆναι
3307 691 3426 748 τοῖς
3475 690 3575 741 106
3625 686 3789 744 Βελι-

356 783 760 841 Justinianum
791 783 863 838 de
893 783 1071 838 rebus
1100 798 1135 837 a
1176 780 1460 837 Belisario
1512 780 1697 851 gestis
1743 779 2013 834 inﬂatum

354 873 556 929 animo
586 872 790 928 fuisse.
825 872 925 926 Hic
953 870 1157 940 itaque
1189 868 1504 925 Belisarius
1552 876 1760 924 contra
1807 868 2015 923 Persas

355 970 417 1019 et
436 960 697 1034 reliquas
714 960 973 1017 Orientis
995 959 1266 1015 nationes
1289 958 1361 1013 ab
1384 959 1735 1029 imperatore
1760 956 2014 1029 legatus,

355 1066 492 1107 cum
523 1064 732 1106 omnes
760 1048 1136 1117 debellasset,
1160 1048 1232 1102 ad
1264 1047 1727 1118 oppugnandum
1761 1045 2014 1101 Gelime-

356 1155 481 1195 rem
514 1138 736 1194 missus
765 1137 881 1193 fuit
899 1137 971 1191 ad
1007 1136 1419 1192 Mauritaniam
1453 1152 1466 1190 :
1501 1134 1636 1191 istic
1667 1136 2015 1190 observante

353 1233 412 1285 et
440 1232 839 1285 commeatum
870 1226 1300 1281 intercludente
1328 1224 1617 1295 Pharano,
1643 1224 1702 1279 in
1736 1238 2014 1294 magnam

354 1316 635 1373 frumenti
667 1316 976 1388 penuriam
1009 1316 1310 1383 conjectus
1337 1320 1425 1368 est
1449 1313 1745 1381 Gelimer;
1777 1313 1918 1382 quia
1952 1312 2012 1367 in

354 1404 710 1462 Mauritania
766 1405 1130 1460 frumentum
1200 1418 1314 1457 non
1370 1402 1608 1467 seritur,
1668 1402 1771 1458 sed
1832 1402 2014 1458 coctis

354 1492 536 1566 olyris
564 1498 901 1549 vescuntur.
934 1493 1083 1546 Tum
1109 1490 1208 1545 ille
1238 1491 1440 1545 missis
1491 1490 1703 1547 litteris
1755 1490 2016 1562 postulat

352 1584 426 1639 ab
451 1582 823 1654 imperatore,
856 1586 921 1635 ut
949 1579 1062 1635 sibi
1093 1595 1329 1651 panem,
1363 1580 1674 1651 spongiam
1719 1585 1775 1633 et
1824 1579 2013 1634 citha-

350 1689 475 1727 ram
509 1671 889 1727 transmittat.
936 1670 1195 1740 Stupens
1240 1668 1423 1740 igitur
1469 1668 1790 1739 imperator
1839 1685 1872 1723 a
1921 1674 2013 1723 ta-

349 1760 593 1816 bellario
652 1758 1011 1825 sciscitatur,
1064 1774 1171 1813 cur
1224 1756 1339 1813 ista
1395 1762 1636 1829 peteret.
1687 1757 2014 1829 Respondit

346 1849 447 1905 ille
478 1864 491 1905 :
526 1849 745 1905 Panem
778 1847 1174 1918 scilicet,quia
1200 1847 1399 1901 cibum
1428 1846 2010 1919 expetit;spongiam,

2124 776 2315 851 σαρίου
2360 775 2731 850 εὐτυχήμασιν
2769 817 2782 831 .
2830 771 3001 835 Οὗτος
3054 770 3145 827 06v
3203 772 3420 837 σταλεὶς
3478 775 3612 829 κατὰ
3676 780 3787 830 τῶν

2126 869 2345 937 Περσῶν
2377 865 2466 919 καὶ
2494 869 2604 919 τῶν
2648 863 2856 919 λοιπῶν
2902 867 3011 917 τῶν
3041 865 3139 931 τῆς
3174 863 3479 932 ’Δνατολῆς
3509 865 3660 940 παρὰ
3688 868 3790 919 106

2129 952 2441 1027 βασιλέως,
2487 954 2577 1007 καὶ
2631 953 2835 1014 πάντας
2882 953 3485 1027 κατατροπωσάμενος,
3541 953 3632 1007 καὶ
3690 960 3792 1009 Γεο

2126 1041 2325 1118 λίμερα
2370 1049 2638 1116 κρατῆσαι
2704 1040 3017 1097 ἀπέστειλεν
3069 1041 3228 1096 αὐτὸν
3277 1041 3368 1104 εἷς
3414 1042 3790 1114 Μαυρουσίαν,

2123 1130 2294 1185 ἀκεῖσε
2340 1136 2625 1205 τηρεῖσθαι
2665 1131 2770 1186 ὐπὸ
2824 1135 2921 1185 τοῦ
2970 1135 3148 1203 Φαρᾶ,
3201 1129 3259 1192 ὅς
3294 1129 3369 1191 είς
3404 1129 3647 1205 μεγάλην
3702 1128 3787 1186 ἔν-

2124 1217 2268 1275 δειαν
2328 1218 2493 1293 ἄρτου
2546 1221 2790 1295 γεγονὼς
2844 1217 2934 1274 διὰ
2980 1221 3043 1274 τὸ
3092 1221 3167 1291 μὴ
3232 1218 3283 1275 ἐν
3356 1225 3438 1292 τῷ
3484 1220 3640 1293 τόπῳ
3687 1228 3790 1291 τῆς

2125 1308 2472 1383 Μαυρουσίας
2502 1314 2650 1363 σῖτον
2698 1310 3075 1385 γεωργεῖσθαι,
3127 1306 3254 1364 ἀλλ’
3302 1309 3459 1385 ἑφθὸν
3513 1310 3609 1374 τὰς
3654 1309 3785 1366 ὀλύ-

2124 1417 2220 1470 ρας
2271 1400 2553 1467 σιτεῖσθαι,
2605 1395 2802 1474 ἔγραψε
2846 1402 2926 1468 τῷ
2975 1394 3191 1471 βασιλεῖ
3234 1397 3445 1453 στεῖλαι
3494 1398 3642 1471 αὐτῷ
3688 1400 3788 1475 ἄρ-

2120 1507 2213 1541 τον
2262 1484 2351 1541 καί
2400 1486 2637 1561 σπόγγον
2693 1486 2783 1541 καὶ
2824 1487 3073 1560 κιθάραν.
3123 1487 3186 1542 Ὁ
3240 1485 3297 1541 δὶ
3353 1485 3649 1562 ικπλαγεὶς
3694 1486 3786 1543 ἐπὶ

2121 1575 2359 1645 τούτοις,
2410 1574 2575 1649 ἤρετο
2620 1576 2712 1630 τὸν
2766 1573 3057 1630 ἂπιστολὲα
3103 1573 3256 1638 τίνος
3306 1574 3469 1651 χάριν
3501 1575 3670 1632 ταῦτά
3722 1598 3786 1652 γε

2123 1662 2389 1734 ἐπιζητεῖ.
2448 1665 2548 1721 Καὶ
2598 1665 2825 1736 ἆξεῖπεν,
2877 1664 2959 1720 ὅτι
3010 1662 3168 1739 ἄρτον
3221 1665 3342 1737 μὶν,
3394 1662 3482 1720 διὰ
3525 1666 3589 1721 τὸ
3619 1666 3784 1721 αὐτὸν

2124 1751 2403 1825 ἐπιθυμεῖν
2454 1773 2512 1807 τε
2561 1752 2649 1807 καὶ
2699 1757 2912 1830 φαγεῖν·
2949 1751 3213 1833 σπόγγον,
3256 1750 3346 1807 διὰ
3372 1753 3435 1807 τὸ
3477 1752 3660 1809 λούειν
3717 1754 3783 1809 τὸ

2122 1842 2259 1896 ἅπαν
2292 1841 2456 1896 αὐτοῦ
2507 1846 2667 1915 σῶμα
2720 1843 2821 1896 61:6
2877 1845 2983 1895 τῶν
3040 1839 3309 1915 δακρύων·
3367 1842 3465 1910 τὴν
3521 1840 3578 1896 δὲ
3626 1845 3782 1907 κιθά-

349 1943 417 1993 ut
444 1954 659 2010 corpus
688 1941 878 1993 totum
910 1935 1189 2008 lacrymis
1217 1935 1418 1992 abluat
1449 1952 1463 1991 :
1496 1936 1807 2005 citharam,
1843 1940 1907 1990 ut
1950 1936 2006 1990 in

2124 1950 2240 2006 ραν,
2305 1928 2396 1985 διὰ
2454 1931 2517 1985 τὸ
2565 1932 2997 2007 παραμυθεῖσθαι
3044 1930 3221 2002 ἑαυτῷ
3266 1936 3386 1993 ταῖς
3438 1938 3775 2009 συμφοραῖς.

350 2026 788 2083 calamitatibus
840 2026 953 2082 sibi
998 2026 1207 2081 solatio
1256 2026 1351 2080 sit.
1405 2026 1572 2081 Tunc
1621 2024 2011 2081 admiratione

350 2115 719 2188 stupefactus
749 2116 1073 2187 imperator
1113 2115 1412 2186 postulata
1442 2114 1605 2170 misit
1656 2130 1669 2169 :
1706 2114 1836 2169 ideo
1885 2130 2008 2170 ere-

348 2210 483 2261 ctus
529 2204 726 2260 animo
771 2203 1151 2260 Justinianus
1198 2209 1535 2275 equestrem
1585 2201 1697 2258 sibi
1751 2206 2009 2259 statuam

349 2294 639 2351 columna
669 2293 974 2366 imposuit.
1019 2293 1132 2350 Sed
1182 2298 1388 2365 postea
1437 2292 1658 2349 invidia
1709 2298 1905 2349 motus
1948 2293 2009 2348 in

348 2382 836 2440 strenuissimum
901 2382 1112 2437 ducem
1185 2381 1554 2451 Belisarium,
1626 2382 1741 2455 ipsi
1810 2381 2011 2438 oculos

347 2470 900 2543 etfodit,jussitque
938 2471 1141 2527 sedere
1188 2486 1326 2527 eum
1374 2471 1446 2527 ad
1500 2470 1667 2526 Lauri
1720 2476 2013 2527 monaste-

348 2560 669 2628 rium,dat0
699 2559 938 2616 vasculo
970 2564 1247 2625 testaceo,
1278 2564 1343 2615 ut
1372 2559 1473 2632 qui
1505 2559 1637 2615 illac
1669 2559 2007 2626 transirent,

352 2647 594 2705 obolum
624 2646 687 2703 in
716 2647 863 2704 illud
897 2648 1278 2719 conjicerent.

528 2759 613 2811 De
638 2757 839 2811 statuis
866 2771 987 2826 qua:
1017 2757 1077 2811 in
1108 2755 1306 2812 Chalce
1333 2760 1535 2815 erecta?
1562 2757 1837 2812 visuntur.

424 2851 489 2901 In
519 2843 733 2902 Chalce
763 2845 1049 2917 proxime,
1100 2845 1269 2916 quasi
1319 2850 1457 2901 ante
1503 2845 1704 2916 palatii
1750 2846 2019 2902 ambula-7

353 2950 543 3000 crum,
575 2932 807 3005 inclyta
835 2932 1157 2989 Pulcherim
1188 2938 1380 2990 erecta
1408 2937 1500 2990 est
1523 2938 1724 2991 statua
1774 2951 1787 2989 :
1836 2935 2010 2990 Zeno-

353 3022 449 3078 nis
474 3022 616 3077 item
647 3026 705 3078 et
732 3021 1020 3078 Ariadnes
1053 3038 1067 3077 :
1102 3021 1319 3078 ibidem
1373 3028 1651 3094 praeterea
1698 3023 1824 3079 aliaa
1879 3024 2010 3079 dum

355 3111 658 3184 pedestres
688 3115 923 3166 exstant
951 3126 1131 3182 super
1180 3110 1517 3167 columnam
1562 3112 1857 3182 exiguam,
1905 3112 2008 3168 Se-

353 3200 533 3255 cundi
592 3198 926 3272 philosophi
990 3200 1265 3255 distichis
1333 3206 1572 3256 ornata.
1632 3202 1713 3256 Ex
1764 3202 2009 3257 adverso

2137 2022 2182 2076 Ο
2249 2018 2307 2075 δὲ
2377 2019 2631 2094 βασιλεὺς
2689 2019 2981 2094 ἐκπλαγεὶς
3040 2020 3129 2073 καὶ
3189 2019 3508 2092 θαυμάσας,
3569 2018 3779 2077 ἔστειλε

2117 2110 2298 2181 τούτῳ
2361 2110 2429 2164 τά
2496 2110 2804 2180 αἰτηθέντα.
2867 2109 2963 2163 Διὰ
3022 2112 3191 2162 ταῦτα
3247 2110 3340 2164 οὖν
3399 2111 3777 2174 Ἰουστινιανὸς

2120 2197 2373 2273 ἐπαρθεὶς
2428 2197 2508 2276 ἐφ’
2559 2196 2729 2253 ’ίππον
2793 2198 2977 2253 ἑαυτὸν
3026 2195 3244 2268 ἔστησεν
3304 2198 3390 2253 ἐπὶ
3438 2200 3652 2262 κίονος·
3715 2201 3777 2263 ὃς

2120 2287 2338 2362 ὕστερον
2390 2290 2664 2364 φθονήσας
2724 2286 2801 2359 τῷ
2857 2287 3074 2363 ῥηθιντι
3134 2288 3624 2364 στρατηγικωτάτῳ
3672 2292 3777 2346 Βε-

2121 2373 2372 2450 λισαρίῳ,
2425 2375 2653 2452 ἐξώρυξε
2706 2376 2904 2432 τούτου
2932 2375 3059 2437 τοὺς
3096 2374 3436 2454 ὀφθαλμοὺς,
3468 2377 3556 2431 καὶ
3611 2398 3780 2451 προσ-

2119 2465 2268 2535 ἑταξε
2293 2469 2490 2520 τοῦτον
2540 2472 2864 2535 καθεσθῆναι
2901 2464 2979 2527 είς
3008 2466 3076 2520 τὰ
3104 2464 3343 2541 Λαύρου,
3376 2467 3466 2521 καὶ
3498 2465 3779 2523 ἐπιδοῦναι

2118 2555 2266 2627 αύτῷ
2320 2560 2507 2620 σκεῦος
2552 2556 2891 2632 ὀστράκινον,
2936 2555 3025 2611 καὶ
3077 2555 3417 2632 ἑπιρῥίπτειν
3448 2558 3599 2631 αύτῷ
3648 2559 3782 2621 τοὺς

2122 2642 2491 2719 δερχομᾶνους
2526 2639 2755 2701 ὀϐολόν.
3702 2666 3705 2669 ‘

2262 2752 2390 2827 Περὶ
2420 2757 2529 2807 τῶν
2560 2752 2779 2823 στηλῶν
2812 2752 2889 2815 εἷς
2920 2755 3018 2822 τὴν
3051 2752 3272 2822 Χαλκήν
3307 2753 3628 2828 ἱσταμένων.

2190 2842 2313 2898 ’Ὁτι
2345 2840 2396 2895 ἐν
2428 2844 2497 2914 τῇ
2544 2846 2735 2915 Χαλκῇ
2787 2841 3049 2913 πλησίον,
3114 2842 3455 2918 Ηουλχερίας
3507 2852 3604 2914 τῆς
3657 2845 3780 2901 ἀοι-

2120 2926 2322 3001 δίμου,
2378 2929 2454 2991 ὡς
2510 2931 2647 3004 πρὸς
2699 2931 2792 2985 τὸν
2847 2930 3141 3004 περίπατον
3202 2936 3301 2985 106
3359 2930 3630 2989 παλατίου
3688 2934 3781 2988 άν-

2117 3019 2321 3093 ηγιρθη
2382 3018 2561 3089 στήλη
2621 3018 2756 3090 αὕτη
2795 3040 2805 3051 ·
2867 3020 3125 3083 ὡσαύτως
3202 3021 3291 3076 καὶ
3366 3021 3623 3097 Ἀριάδνη
3682 3024 3775 3079 καὶ

2118 3108 2329 3177 Ζήνων.
2388 3113 2652 3162 Ἰστανται
2711 3107 2801 3163 καὶ
2848 3105 3024 3182 ἕτεραι
3081 3106 3180 3163 δύο
3236 3109 3434 3179 στῆλαι
3468 3112 3623 3181 πεζαὶ
3686 3111 3776 3167 ἑπῖ

2116 3196 2296 3257 κίονος
2344 3196 2597 3271 βραχέως
2632 3239 2646 3265 ,
2699 3195 2910 3271 ἄλεγεῖα
2967 3195 3193 3272 ἔχουσαι
3250 3198 3556 3255 Σεκούνδου
3619 3200 3768 3277 φίλο-

354 3305 529 3346 arcus
558 3288 824 3360 ejusdem
854 3287 1097 3345 Chalces
1136 3289 1410 3345 visuntur
1456 3291 1650 3361 capita
1696 3290 1812 3346 duo
1861 3290 2004 3347 Gor-

2121 3283 2321 3396 ζόφου·
2373 3284 2625 3396 ἁντικρὶς
2687 3283 2745 3340 δὶ
2791 3292 2892 3354 τῆς
2941 3286 3169 3396 ξαλκῆς
3216 3285 3410 3361 ἀψίδος
3462 3295 3776 3365 Γοργονοει-

351 3391 601 3449 gonum,
663 3375 810 3432 facie
889 3374 1183 3445 muliebri,
1243 3393 1311 3432 ac
1380 3393 1523 3432 auro
1591 3378 1865 3432 obducta.
1926 3377 2003 3432 Ex

349 3464 571 3536 templo
614 3469 813 3519 autem
866 3463 1062 3519 Dianai
1114 3463 1377 3535 Ephesiae
1425 3469 1555 3519 octo
1584 3468 1789 3519 statuas
1821 3463 2008 3520 allata

350 3553 611 3620 fuerunt,
647 3569 899 3623 quarum
931 3558 1186 3625 quatuor
1223 3552 1284 3607 in
1315 3552 1558 3625 palatio,
1608 3555 1764 3625 quod
1807 3559 1898 3609 est
1946 3553 2009 3610 in

352 3641 591 3714 regione
617 3640 817 3709 Tauri,
850 3642 1147 3697 collocatae
1180 3646 1342 3710 sunt,
1375 3642 1744 3699 Constantini
1776 3658 2008 3715 nempe,

347 3729 799 3799 Juliani,uxoris
830 3746 896 3786 ac
927 3732 1125 3787 fratris
1155 3732 1283 3802 ejus
1312 3732 1467 3790 Galli
1500 3748 1512 3787 :
1539 3731 1780 3803 reliquae
1811 3739 2008 3788 autem

352 3821 611 3893 quatuor
670 3818 875 3890 posita
932 3826 1074 3875 sunt
1116 3819 1175 3874 in
1222 3820 1467 3875 sinistra
1522 3826 1688 3891 parte
1746 3820 2007 3878 Chalces.

350 3907 573 3965 Ibidem
606 3911 665 3963 et
692 3924 830 3965 crux
863 3925 898 3964 a
925 3907 1264 3965 Justiniano
1296 3910 1488 3980 posita
1526 3910 1658 3977 luit,
1707 3916 1765 3967 et
1811 3916 2011 3967 statua

347 3997 622 4055 inaurata
675 3996 957 4068 Belisarii,
1007 4003 1064 4053 et
1106 4002 1302 4055 statua
1347 3998 1564 4054 Tiberii
1598 3999 1842 4056 Thracis
1874 3999 2009 4056 Gib-

349 4087 499 4155 bosi,
549 4093 608 4143 et
643 4086 861 4144 Justini
921 4088 1094 4160 primi
1150 4089 1341 4145 forma
1400 4089 1748 4157 macilenta;
1800 4094 2010 4147 statuae

348 4175 491 4232 item
522 4176 653 4247 ejus
683 4179 1067 4250 cognatorum
1100 4182 1348 4249 septem,
1398 4177 1524 4233 aliae
1576 4196 1645 4234 ex
1694 4195 2007 4246 marmore,

351 4264 480 4321 alia:
510 4281 579 4322 ex
607 4282 717 4322 ears
748 4267 933 4323 facta.
966 4266 1252 4323 Praeterea
1282 4267 1432 4323 duos
1465 4267 1597 4325 illos
1648 4285 1852 4339 equos,
1906 4269 2006 4340 qui

350 4370 534 4425 supra
560 4356 898 4426 Gorgonum
930 4355 1127 4427 capita
1154 4354 1213 4410 in
1247 4360 1384 4411 ante
1432 4356 1589 4411 dicto
1636 4373 1775 4412 arcu
1827 4362 2007 4427 stant,

346 4438 722 4496 Justinianus
775 4440 999 4496 Sanctae
1055 4442 1283 4513 Sophia;
1338 4444 1630 4508 conditor,
1688 4458 1758 4498 ex
1815 4444 2006 4500 Dianas

347 4527 654 4600 Ephesinas
682 4528 902 4601 templo
937 4529 1078 4586 illuc
1106 4531 1430 4598 transtulit,
1463 4537 1521 4588 et
1550 4549 1731 4604 supra
1778 4533 2007 4590 colum-

347 4633 488 4673 nam
519 4618 722 4685 erexit,
759 4634 830 4673 ne
859 4619 995 4689 equi
1049 4618 1487 4691 pulchritudine
1535 4621 1793 4692 impares
1844 4622 2006 4679 vide-

2122 3370 2231 3435 δεῖς
2279 3372 2511 3450 κεφαλαὶ
2577 3371 2672 3429 δύο
2720 3370 3105 3453 χρυσὲμϐαφοι
3154 3383 3469 3451 γυνακεῖαι·
3523 3376 3776 3455 ἤχθησαν

2120 3460 2185 3517 δα
2209 3462 2314 3517 ἀπὸ
2371 3463 2599 3541 Ἐφέσου
2647 3461 2707 3518 ἐκ
2752 3469 2849 3519 106
2898 3470 3028 3519 ναοῦ
3058 3468 3157 3530 τῆς
3208 3464 3530 3542 ’Λρτὲμιδος
3580 3469 3778 3541 στῆλαι

2121 3550 2285 3605 ὀκτώ·
2348 3551 2437 3605 καὶ
2470 3551 2524 3605 αἱ
2580 3552 2675 3625 μὶν
2706 3553 2959 3626 τέσσαρες
3005 3552 3057 3607 tv
3116 3558 3234 3617 τοῖς
3274 3559 3371 3609 106
3416 3556 3634 3631 Ταύρου
3690 3559 3781 3630 μὲ-

2120 3660 2288 3713 ρεσιν,
2344 3638 2396 3694 ἐν
2451 3644 2568 3701 τοῖς
2598 3638 2888 3703 παλατίοις
2936 3644 3432 3717 προεπεπήγεισαν,
3495 3648 3783 3702 Κωνσταν-

2116 3728 2308 3799 τίνου,
2356 3730 2447 3784 καὶ
2500 3728 2841 3800 Ἰουλιανοῦ,
2893 3735 2980 3785 καὶ
3031 3738 3130 3801 τῆς
3178 3734 3430 3807 γυναικὸς
3467 3779 3481 3803 ,
3530 3736 3617 3790 καὶ
3679 3737 3778 3791 106

2119 3815 2358 3895 ἀδελφοῦ
2419 3817 2580 3874 αὐτοῦ
2631 3817 2873 3875 Γάλλου·
2909 3820 2963 3874 αἱ
3011 3818 3067 3875 δὶ
3096 3821 3347 3894 τέσσαρες
3397 3822 3451 3877 tv
3503 3830 3619 3887 τοῖς
3676 3832 3777 3895 τῆς

2117 3904 2341 3973 Χαλκῆς
2401 3906 2703 3980 εὐωνύμοις
2754 3909 3003 3982 μέρεσιν,
3066 3905 3191 3964 ἔνθα
3238 3911 3328 3964 καὶ
3387 3913 3614 3984 σταυρὸς
3670 3914 3774 3969 ὑπὸ

2117 3996 2501 4052 Ἰουστινιανοῦ
2578 3995 2880 4073 ἐπεπήγει,
2958 3998 3048 4052 καὶ
3123 3997 3299 4069 στήλη
3379 3996 3772 4080 χρυσὲμϐαφος

2118 4082 2443 4158 Βιλισαρίου
2495 4084 2585 4140 καὶ
2633 4080 2882 4161 Τιϐερίου
2940 4092 3037 4142 106
3087 4086 3483 4159 Κουρτοειδοῠς
3539 4093 3773 4165 Θρᾳκὸς,

2116 4174 2207 4228 καὶ
2254 4178 2351 4227 τοῦ
2397 4174 2686 4229 Ἰουστίνου
2736 4179 2833 4229 106
2866 4178 3089 4250 πρώτου
3122 4175 3467 4247 λεπτοειδὴς,
3518 4180 3606 4235 καί
3663 4186 3770 4236 τῶν

2120 4266 2391 4335 συγγενῶν
2442 4261 2605 4317 αὐτοῦ
2654 4261 2853 4333 στῆλαι
2904 4265 3079 4333 ἱπτὰ,
3140 4265 3193 4321 at
3246 4266 3343 4340 μὶν
3394 4268 3499 4323 ἀπὸ
3553 4270 3772 4345 μαρμά-

2119 4371 2252 4426 ρων,
2322 4351 2374 4404 αἱ
2424 4347 2482 4405 δὶ
2529 4350 2755 4426 χαλκαῖ.
2819 4353 2916 4407 Καὶ
2972 4354 3023 4408 οἱ
3075 4350 3172 4409 δύο
3216 4352 3380 4410 ’ίπποι
3431 4355 3607 4412 ἐπάνω
3663 4364 3772 4414 τῶν

2118 4436 2486 4515 Γοργονειδῶν
2538 4441 2813 4514 ἱστάμιννι
2855 4440 2906 4497 ἐν
2956 4445 3024 4516 τῇ
3074 4441 3250 4516 ἀψίδι,
3283 4444 3371 4499 καὶ
3405 4446 3553 4501 οὗτοι
3580 4446 3639 4502 ἐκ
3675 4456 3775 4518 τῆς

2117 4526 2438 4603 ’Λρτέμιδος
2488 4529 2593 4583 ἀπὸ
2643 4530 2869 4609 Ἑφέσου
2920 4529 3174 4607 ἤχθησαν
3226 4534 3328 4588 61:6
3390 4536 3775 4592 Ἰουστινιανοῦ

2113 4622 2211 4672 106
2241 4617 2520 4681 κτίσαντος
2550 4619 2651 4687 τὴν
2682 4619 2871 4694 Ἀγίαν
2906 4620 3131 4698 Σοφίαν·
3164 4623 3253 4678 καὶ
3280 4622 3587 4693 ἰστήλωσεν
3615 4627 3772 4695 αὐτά,

345 4709 551 4762 rentur
582 4722 596 4763 :
629 4710 686 4762 et
715 4723 949 4763 crucem
979 4708 1200 4763 ibidem
1232 4709 1451 4780 posuit,
1487 4714 1552 4764 ut
1600 4709 1830 4765 ﬁrmius
1879 4716 2004 4767 sta-

2121 4704 2207 4761 διὰ
2234 4707 2297 4761 τὸ
2332 4707 2407 4780 μή
2440 4704 2768 4777 ἀντιζηλοῦν
2818 4706 3087 4779 ἀλλήλων
3114 4710 3241 4773 τοὺς
3280 4710 3508 4775 ἵππους·
3560 4714 3774 4787 ὁμοίως

345 4799 456 4852 ret.
488 4794 713 4852 Ibidem
746 4796 966 4867 pariter
995 4796 1248 4867 ingentis
1281 4795 1456 4852 molis
1500 4812 1648 4853 mea
1702 4797 2005 4855 Maximini

345 4887 543 4941 statua
568 4884 759 4956 posita
774 4886 1291 4954 cernitur,necnon
1316 4890 1528 4943 statuae
1551 4889 1737 4943 totius
1767 4888 2007 4946 familias

343 4972 658 5030 Theodosii
690 4989 849 5029 nunc
877 4972 1057 5029 etiam
1089 4980 1432 5046 supersunt.

862 5080 937 5136 De
963 5082 1169 5136 statui:
1198 5081 1486 5138 Mauricii.

410 5166 474 5222 In
518 5166 733 5224 Chalce
784 5167 1057 5223 visuntur
1111 5170 1290 5225 etiam
1348 5175 1558 5226 statuae
1621 5170 1885 5228 Mauricii
1936 5189 2003 5230 ac

340 5255 560 5326 uxoris,
612 5255 1059 5328 liberorumque
1116 5260 1269 5327 ejus,
1320 5260 1393 5314 ab
1442 5260 1643 5316 eodem
1692 5260 2001 5333 Mauricio,

340 5345 615 5400 manibus
640 5346 921 5415 extensis,
953 5362 1136 5418 supra
1163 5347 1380 5404 Christi
1411 5347 1733 5420 imaginem
1762 5357 2001 5421 erectas;

337 5429 577 5502 reliqua
607 5449 742 5490 vero
794 5437 1002 5490 statuas
1046 5434 1167 5490 illic
1209 5436 1525 5504 collocatae,
1577 5455 1647 5493 ex
1692 5443 1849 5495 terra
1898 5444 2001 5496 At-

336 5517 455 5574 tica
483 5519 747 5577 deducta
780 5527 923 5579 sunt
955 5540 968 5578 :
1002 5525 1155 5581 inter
1179 5542 1328 5596 quas
1358 5542 1477 5582 una
1528 5532 1619 5583 est
1658 5526 1998 5600 philosophi

337 5606 671 5677 cujusdam,
730 5617 799 5665 ut
867 5613 1048 5667 tradit
1124 5614 1419 5687 Ligurius.
1477 5615 1790 5687 Postquam
1860 5634 1995 5675 vero

336 5694 658 5752 Mauricius
690 5715 724 5754 a
754 5699 946 5755 Phoca
990 5706 1240 5773 tyranno
1286 5704 1632 5761 interiectus
1683 5706 1816 5774 fuit,
1868 5706 1993 5764 dia-

2112 4795 2201 4849 καῖ
2233 4795 2323 4849 τὸν
2358 4797 2585 4869 σταυρὸν
2617 4793 2705 4850 διὰ
2735 4797 2795 4851 τὸ
2820 4794 3054 4872 ἑδραῖον·
3111 4799 3199 4853 καὶ
3234 4801 3541 4874 Μαξιμίνου
3586 4802 3767 4875 στήλη

2112 4883 2298 4960 χαλκῆ
2332 4883 2383 4938 ἐν
2414 4883 2595 4946 αὐτοῖς
2647 4882 2865 4941 ἵσταται
2922 4886 3221 4963 βαρυτάτη,
3274 4885 3401 4945 ἔνθα
3450 4894 3541 4945 v6v
3586 4894 3675 4947 καὶ
3706 4894 3770 4949 τὸ

2108 4971 2264 5048 γένος
2296 4973 2433 5027 ἅπαν
2465 4971 2752 5029 Θεοδοσίου
2787 4976 3041 5051 ὑπάρχει.

2432 5078 2560 5153 Περὶ
2593 5084 2697 5134 τῶν
2735 5078 2952 5149 στηλῶν
2992 5085 3090 5135 τοῦ
3130 5086 3457 5158 Μαυρικίου.

2181 5166 2285 5222 Καὶ
2322 5172 2418 5222 106
2467 5168 2790 5242 Μαυρικίου,
2835 5172 2924 5224 καὶ
2973 5176 3075 5239 τῆς
3125 5174 3381 5246 γυναικὸς
3438 5175 3623 5248 αὐτοῦ,
3681 5178 3772 5233 καὶ

2107 5260 2214 5310 τῶν
2263 5254 2486 5311 τᾶκνων.
2541 5258 2631 5314 Ἐν
2666 5257 2766 5333 γὰρ
2814 5262 2882 5331 τῇ
2923 5259 3117 5333 Χαλκῇ
3152 5258 3404 5317 Ἱστανται
3439 5265 3493 5319 αἱ
3524 5271 3773 5322 τοιαῦται

2109 5343 2308 5411 στῆλαι
2364 5350 2462 5399 106
2512 5345 2859 5421 Μαυρικίου,
2914 5344 3116 5411 ἄνωθεν
3165 5355 3265 5418 τῆς
3317 5349 3637 5427 θεανδρικῆς
3701 5356 3775 5410 εἰ·

2105 5433 2265 5495 κόνος
2318 5439 2416 5489 106
2467 5436 2647 5504 Ἰησοῦ
2698 5434 2786 5489 ὑπ’
2856 5435 3021 5491 αὐτοῦ
3079 5446 3616 5511 κατασκευασθεῖσαι,
3680 5445 3770 5499 καὶ

2108 5522 2450 5596 ἒκτεταμὲναι
2496 5529 2613 5586 ταῖς
2666 5524 2877 5599 χερσίν.
2929 5526 2996 5582 Αἱ
3043 5523 3101 5580 δὲ
3145 5525 3336 5582 λοιπαὶ
3392 5528 3451 5585 ἐκ
3499 5534 3599 5600 τῆς
3657 5538 3769 5588 τῶν

2104 5612 2411 5681 Ἀθηναίων
2466 5612 2629 5683 ἥκασι
2690 5621 2833 5689 γῆς·
2909 5613 3213 5693 φιλοσόφου
3272 5614 3329 5673 δὲ
3388 5640 3547 5696 φασιν
3607 5622 3763 5691 εἶναι,

2102 5702 2177 5764 ὡς
2226 5701 2375 5777 λέγει
2425 5705 2516 5758 καὶ
2576 5704 2604 5757 ὁ
2659 5703 2941 5779 Λιγύριος.
2996 5706 3147 5762 Μετὰ
3192 5706 3257 5761 16
3301 5715 3570 5783 σφαγῆναι
3615 5714 3765 5785 παρὰ

336 5792 522 5841 conus
550 5785 792 5857 quidam
825 5789 1065 5844 nomine
1092 5793 1332 5861 Acatus,
1365 5809 1521 5848 unus
1561 5810 1629 5850 ex
1681 5796 1992 5852 sectatori-

2121 5795 2199 5846 τοῦ
2226 5790 2490 5868 τυράννου
2522 5796 2691 5848 Φωκᾶ
2722 5792 3048 5868 Μαυρίκιον,
3097 5796 3175 5861 εἷς
3220 5815 3303 5860 τις
3353 5794 3604 5865 διάκονος
3650 5806 3759 5858 τῶν
