4124 6412
442 424 592 484 1201

1572 428 1931 490 ANONYMI
1978 427 2564 499 ANTIQUITATES
2610 429 2729 488 ΟΡ.

3709 426 3870 487 1201

444 555 698 625 μαθητῶν
761 554 1036 631 Εὖτυχίου
1086 562 1184 612 τοῦ
1244 560 1518 633 αἱρετικοῦ
1573 560 1801 633 ὀνόματι
1840 562 2089 629 Ἀκατος,

2214 560 2324 616 bus
2380 559 2659 632 Eutychis
2718 560 2994 627 haeretici,
3054 559 3260 615 videns
3315 559 3499 616 victos
3555 557 3869 632 magistros

398 639 572 696 ’ἰδὼν
637 644 972 713 ἡττηθέντας
1041 646 1170 708 τοὺς
1248 649 1370 723 περὶ
1448 648 1612 704 αὐτοῦ
1683 646 2044 710 διδασκάλους
2078 691 2091 716 ,

437 733 687 795 κάκεῖνος
743 731 1077 807 ἀποδράσας,
1118 732 1387 792 κατέλαϐε
1434 739 1664 815 κάπρον
1723 760 1774 793 τι
1822 738 2095 809 καλούμε-

437 842 527 873 νον
584 823 919 893 Σεραπίωνα
952 830 1114 880 τοῦτο
1148 824 1205 881 δὲ
1235 826 1523 903 έτύγχανεν
1576 827 1633 882 6'v
1675 827 1726 884 ἔν
1782 832 1891 883 τῶν
1950 826 2097 902 παρὰ

446 911 675 986 Πέρσαις
777 912 1028 988 ῥηγίων.
1105 916 1452 989 Καταμηνύει
1529 915 1587 972 δὲ
1672 917 1937 992 Περιττίῳ
2016 920 2096 987 τῷ

441 1002 779 1078 φρουράρχῳ
833 1003 901 1057 τὰ
944 1010 1045 1071 τῆς
1099 1004 1369 1068 ἀσθενείας
1428 1011 1537 1061 τῶν
1593 1007 1643 1061 έν
1676 1011 1744 1079 τῇ
1780 1003 2097 1076 Χαλκηδόνι

440 1089 757 1159 οἰκούντων,
818 1092 1095 1165 προσθεὶς,
1144 1091 1227 1149 ὅτι
1287 1096 1400 1167 ἅμα
1459 1100 1540 1167 τῷ
1566 1090 1890 1152 καταλαϐεῖν
1935 1093 2093 1149 αὐτὸν

438 1178 667 1239 τούτους
713 1180 1116 1255 χειρώσεσθαι,
1166 1182 1256 1237 καὶ
1307 1180 1445 1254 δῆτα
1495 1185 1725 1259 ἀμενητὶ
1771 1182 2095 1260 στρατεύσας

438 1269 466 1321 6
536 1267 723 1341 ῥηθεὶς
788 1270 1042 1343 Πέρσης,
1100 1272 1190 1325 καὶ
1248 1270 1393 1348 ἔχων
1457 1275 1801 1350 στρατιωτῶν
1861 1268 2098 1344 έϐδομή-

435 1377 600 1411 κοντα
657 1355 943 1431 χιλιάδας,
1000 1356 1410 1433 καταλαμϐάνει
1472 1364 1573 1432 τὴν
1635 1359 1978 1432 Χαλκηδόνα
2042 1361 2096 1415 οὶ

439 1443 495 1500 δὲ
554 1446 724 1517 μόλις
784 1442 1013 1522 ἴσχυσαν
1045 1445 1323 1525 διαφυγεῖν
1384 1450 1461 1513 εἷς
1514 1448 2094 1508 Κωνσταντινούπολιν

440 1535 573 1608 μετὰ
626 1539 737 1589 τῶν
792 1535 990 1608 τιμίων
1048 1535 1319 1611 λειψάνων
1379 1547 1481 1610 τῆς
1541 1541 1700 1615 ἁγίας
1757 1538 2091 1618 Εὖφημίας,

438 1623 571 1697 ὑπὲρ
628 1624 696 1692 ἧς
744 1624 808 1681 τὸ
855 1624 1023 1680 πλέον
1084 1626 1410 1697 ἐσπούδαζεν
1470 1631 1498 1684 6
1556 1626 1834 1703 προδότης
1890 1628 1981 1683 καὶ
2011 1628 2098 1682 ἆν-

440 1711 581 1788 ίερος
630 1712 887 1783 νΑκατος,
936 1713 1112 1775 θέλων
1168 1716 1366 1788 άμῦναι
1424 1719 1617 1787 αὐτὴν,
1678 1714 1817 1773 διότι
1848 1716 1975 1779 τοὺς
2007 1717 2097 1771 αὶ-

438 1801 635 1876 ρέσεως
668 1800 843 1856 αὐτῶν
893 1802 1100 1875 τόμους
1157 1804 1519 1881 κατῄσχυνεν,
1576 1807 1689 1878 ἅμα
1721 1803 1802 1875 δὲ,
1832 1806 1924 1860 καὶ
1956 1800 2095 1860 διότι

433 1887 498 1943 ού
558 1892 920 1966 συνεχωρήθη
980 1890 1249 1967 Εὐτύχιον
1312 1896 1404 1949 τὸν
1466 1894 1644 1969 ἀτυχῆ
1704 1896 1806 1964 τὴν
1834 1893 2095 1963 τοιαύτην

434 1978 732 2054 εὐτυχῆσαι
785 1978 1129 2052 μητρόπολιν
1169 2023 1181 2036 .
1242 1979 1684 2053 Λεηλατήσαντες
1738 1981 1796 2038 δὲ
1850 1983 1975 2038 τότε
2029 1982 2096 2038 τὰ

438 2066 608 2122 ἐκεῖσε
655 2065 829 2122 πάντα
878 2069 930 2122 οἱ
992 2069 1213 2142 Πέρσαι,
1269 2065 1465 2126 ἔλαϐον
1515 2074 1602 2126 καὶ
1644 2073 1708 2127 τὸ
1751 2073 2094 2148 χρυσέγκαυ-

437 2174 559 2209 στον
612 2151 833 2230 ἄγαλμα
860 2161 956 2210 τοῦ
1004 2156 1196 2213 Ἡλίου
1244 2160 1394 2230 θεοῦ,
1438 2164 1536 2214 τοῦ
1585 2159 1889 2235 λεγομένου
1949 2160 2093 2236 Κρό-

434 2264 549 2313 νου,
599 2244 690 2298 καὶ
747 2243 1031 2320 ἀπήγαγον
1091 2245 1168 2311 εἷς
1214 2246 1441 2322 Περσίαν
1472 2292 1488 2319 ,
1548 2249 1639 2303 καὶ
1693 2248 1956 2323 έτίμησαν
2015 2249 2094 2313 ὡς

432 2333 576 2389 θεόν.

750 2422 881 2497 Περὶ
920 2428 1017 2478 τοῦ
1047 2428 1166 2485 πῶς
1198 2422 1407 2496 ἐκλήθη
1442 2423 1776 2502 Αὔγουστος.

499 2512 556 2564 Ὀ
610 2509 918 2586 Αὔγουστος
978 2513 1006 2567 6
1060 2514 1373 2575 Ὀκταούϊος
1430 2515 1722 2589 Αὐγούστῳ
1757 2517 1891 2589 μηνὶ
1949 2517 2092 2573 ὑπά-

427 2621 603 2671 τευσε,
660 2601 747 2655 καὶ
820 2599 1072 2675 ἐτίμησεν
1132 2602 1314 2669 αὐτὸν,
1379 2602 1655 2675 Σεξτίλιον
1713 2606 1775 2660 τὸ
1823 2606 2089 2681 πρότερον

429 2688 746 2765 λεγόμενον,
800 2689 889 2745 καὶ
942 2689 1223 2763 ὠνόμασεν
1255 2692 1417 2748 αὐτὸν
1474 2690 1799 2768 Αὔγουστονο
1844 2694 1896 2748 ἐν
1941 2695 2092 2768 αὐτῷ

429 2776 487 2833 δὲ
542 2777 862 2849 έτελεύτησε
918 2782 998 2851 τῷ
1059 2780 1193 2853 μηνὶ
1243 2785 1323 2852 τῷ
1381 2782 1445 2845 ιθ’
1504 2781 1704 2855 ἡμέρᾳ.
1761 2784 1853 2856 Τῴ
1893 2780 1952 2838 δὲ
1986 2790 2091 2839 Σε-

430 2862 717 2942 πτεμϐρίῳ
779 2868 908 2940 μηνὶ
961 2867 1227 2942 ἐγεννήθη
1281 2870 1360 2932 εἷς
1413 2872 1508 2933 τὰς
1549 2873 1652 2946 κγ’,
1702 2872 1791 2926 καὶ
1851 2871 2087 2944 ἐνίκησεν

434 2956 743 3023 Ἀντώνιον,
776 2957 863 3011 καὶ
924 2956 1127 3032 ¹ἤρξατο
1177 2965 1277 3027 τῆς
1330 2960 1657 3035 μοναρχίας,
1691 2961 1781 3014 καὶ
1832 2960 2085 3033 ἐτίμησεν

435 3043 591 3098 αὐτὸν
638 3044 878 3121 ἄρχοντα
909 3044 1291 3116 Ἰνδικτιῶνος,
1324 3043 1448 3113 ἤτοι
1495 3048 1672 3124 ἀρχὴν
1708 3049 1934 3124 χρόνουο
1969 3051 2089 3113 ὅθεν

437 3129 804 3209 Σεπτέμϐριος
833 3135 1140 3209 τετίμηται.

714 3332 842 3405 Περὶ
870 3336 978 3387 τῶν
1002 3332 1304 3408 Νουμέρων
1332 3332 1421 3387 καὶ
1450 3340 1550 3403 τῆς
1585 3333 1825 3403 Χαλκῆς.

494 3420 569 3473 Τὰ
598 3419 857 3496 Νούμερα
885 3420 976 3475 καὶ
1004 3423 1104 3491 τήν
1136 3422 1363 3491 Χαλκὴν
1393 3423 1421 3477 ὁ
1452 3421 1629 3499 Μέγας
1681 3427 2084 3485 Κωνσταντῖνος

426 3501 622 3562 ἔκτισεο
651 3508 743 3562 καὶ
776 3505 865 3563 διὰ
893 3510 955 3565 τὸ
1004 3510 1135 3565 εἶναι
1164 3510 1321 3586 ἀργὰ,
1358 3509 1612 3582 ἐποίησεν
1642 3510 1777 3567 αὐτὰ
1834 3510 2084 3589 φυλακὴν

429 3597 456 3650 ὁ
487 3596 832 3672 Ἡράκλειος,
863 3599 953 3653 καὶ
976 3600 1030 3653 σί
1045 3599 1295 3670 καθεξῆς.

429 3793 559 3870 Περὶ
617 3800 718 3863 τῆς
774 3794 994 3870 χαλκῆς
1055 3793 1288 3888 στήλης,
1352 3799 1452 3862 τῆς
1506 3794 1799 3869 ἱσταμένης
1853 3794 1927 3856 είς
1982 3795 2085 3863 τὴν

1148 3884 1355 3937 πυΑην.

500 3956 620 4010 ’Ότι
672 3954 722 4009 έν
757 3954 1030 4031 λεγομένῃ
1080 3953 1277 4030 Χαλκῇ
1332 3954 1507 4029 στήλῃ
1566 3953 1752 4029 χαλκή
1812 3953 1903 4023 ἧν,
1962 3951 2087 4023 ἥτις

428 4041 552 4112 ἔστη
605 4044 752 4118 παρὰ
809 4049 906 4099 τοῦ
965 4045 1223 4120 Μεγάλου
1276 4042 1705 4115 Κωνσταντίνου,
1752 4046 1849 4097 τοῦ
1887 4042 2085 4115 Κυρίου

428 4134 589 4206 ἡμῶν
622 4135 806 4203 Ἰησοῦ
857 4135 1093 4209 Χριστοῦ
1141 4134 1418 4210 τυγχάνει.
1467 4134 1530 4191 Ὁ
1561 4129 1619 4188 δὲ
1650 4134 1798 4188 Λέων
1829 4133 1856 4187 6
1903 4138 2083 4206 πατῆρ

426 4227 523 4277 τοῦ
596 4219 905 4279 Καϐαλίνου
977 4224 1178 4295 ταύτην
1258 4226 1584 4299 κατήγαγεν·
1642 4225 1677 4294 ἠ
1740 4220 1799 4279 δὶ
1846 4229 1938 4279 νῦν
1996 4221 2088 4278 διὰ

428 4311 684 4391 ψηφίδων
719 4314 970 4387 ὁρωμένη
1005 4312 1188 4381 εἰκὼν,
1222 4312 1481 4374 ὡσαύτως
1514 4312 1678 4369 ἐστίν.
1714 4314 2083 4388 ⁹Ανιστορήθη

429 4400 485 4455 δὲ
514 4403 660 4476 παρᾶ
692 4402 932 4477 Εἰρήνης
960 4403 1060 4470 τῆς
1088 4401 1396 4473 Ἀθηναίας,
1425 4400 1478 4471 ἐξ
1526 4401 1594 4469 ἧς
1640 4403 1775 4477 γυνή
1824 4401 2087 4478 αἱμοῤῥο-

426 4493 557 4544 οὖσα
589 4490 735 4561 ίάοη·
769 4491 859 4545 καί
889 4488 1046 4563 ἕτερα
1073 4491 1163 4545 οὖν
1197 4487 1383 4546 πολλὰ.
1430 4487 1678 4563 θαύματα
1729 4488 2085 4547 έπετελοῦντο

427 4577 502 4640 είς
527 4579 590 4633 τὸ
620 4574 797 4653 ὄνομα
822 4583 919 4634 τοῦ
949 4580 1211 4655 Χριστοῦ.

2206 666 2367 713 suos,
2403 654 2461 704 et
2505 650 2633 720 ipse
2682 650 2940 721 profugit
2991 649 3061 703 ad
3112 648 3425 704 castellum
3477 652 3866 719 cognomento

2206 737 2567 810 Serapionis,
2602 739 2758 810 quod
2792 739 2971 793 situm
3004 736 3219 794 eratin
3253 736 3490 810 regione
3532 736 3866 808 Persarum,

2206 832 2382 897 atque
2411 827 2614 883 statim
2668 827 2906 884 Periltio
2956 827 3229 900 praefecto
3279 825 3642 897 prasidiario
3674 826 3868 898 signi-

2206 915 2405 972 ﬁcavit
2433 915 2799 972 debilitatem
2844 916 3060 972 civium
3106 912 3692 982 Chalcedonensium,
3724 914 3868 971 sub-

2200 1007 2464 1078 jungens
2514 1007 2778 1080 insuper,
2812 1007 3009 1078 ipsum
3063 1007 3254 1079 primo
3284 1006 3509 1079 impetu
3560 1006 3730 1063 facile
3766 1022 3868 1063 eos

2208 1098 2530 1168 subjugare
2589 1112 2784 1168 posse.
2830 1098 3021 1162 Quare
3078 1096 3453 1168 supradictus
3507 1096 3684 1151 Persa
3738 1095 3870 1151 sine

2209 1201 2374 1240 mora
2432 1202 2495 1240 se
2552 1200 2687 1240 cum
2743 1184 3121 1257 septuaginta
3157 1183 3423 1241 millibus
3479 1183 3741 1241 militum
3800 1183 3863 1241 in

2205 1276 2359 1330 viam
2409 1275 2591 1342 dedit,
2622 1280 2902 1345 tantaque
2949 1273 3247 1330 celeritate
3288 1272 3505 1329 invasit
3544 1271 3865 1330 Chalcedo-

2208 1378 2366 1423 nem.
2399 1369 2465 1417 ut
2495 1364 2723 1419 civibus
2761 1363 2857 1419 vix
2905 1364 3051 1418 satis
3103 1362 3536 1434 relinqueretur
3580 1362 3868 1434 temporis

2206 1453 2275 1507 ad
2331 1453 2809 1508 transferendum
2868 1451 3154 1523 reliquias
3235 1454 3455 1507 sanctae
3528 1449 3867 1523 Euphemis

2208 1539 2804 1612 Constantinopolim,
2834 1557 2869 1595 a
2901 1540 3118 1611 quibus
3175 1538 3470 1610 imprimis
3513 1539 3737 1611 impius
3766 1538 3869 1596 ille

2210 1629 2479 1701 proditor
2527 1632 2744 1686 Acatus
2804 1629 2994 1685 ultum
3056 1628 3142 1685 ire
3199 1628 3519 1685 festinabat
3575 1627 3867 1686 haereseos

2209 1719 2588 1790 Eutychianse
2636 1717 2873 1790 scriptis
2902 1718 3134 1773 illatam
3172 1717 3588 1789 ignominiam,
3620 1720 3678 1773 et
3707 1717 3865 1789 quod

2209 1808 2571 1863 infortunato
2601 1805 2848 1879 Eutychi
2899 1806 3073 1862 istam
3128 1804 3503 1877 metrOpolim
3545 1806 3868 1861 concedere

2210 1898 2541 1952 noluerant.
2576 1896 2734 1951 Inter
2781 1899 2991 1951 caetera
3034 1911 3162 1966 quae
3193 1899 3334 1950 tunc
3362 1894 3646 1965 temporis
3674 1893 3864 1950 Persa

2206 1988 2522 2058 prandendo
2574 1985 2972 2053 abstulerunt,
3026 1985 3142 2041 fuit
3172 2000 3408 2057 quoque
3433 1999 3680 2040 aureum
3711 1983 3861 2040 illud

2203 2082 2262 2132 et
2289 2081 2571 2132 encausto
2601 2075 2968 2132 elaboratum
2996 2074 3234 2146 signum
3261 2073 3438 2143 Solis,
3457 2072 3856 2145 cognominati

2202 2165 2400 2235 Croni,
2453 2166 2610 2237 quod
2642 2164 2702 2220 in
2750 2164 3052 2219 Persidem
3096 2163 3417 2220 deductum
3466 2179 3573 2236 pro
3620 2163 3730 2220 deo
3759 2178 3860 2219 co-

2200 2254 2383 2311 luere.

2413 2433 2523 2491 Cur
2550 2435 2827 2505 Augustus
2854 2435 3060 2491 mensis
3086 2434 3169 2490 sic
3196 2431 3513 2505 appellatus
3535 2434 3647 2505 ξειι.

2268 2525 2572 2595 Augustus
2598 2523 2876 2580 Octavius
2912 2538 3115 2579 mense
3138 2524 3403 2594 Augusto
3428 2521 3686 2595 primum
3717 2538 3863 2578 con-

2199 2610 2465 2666 sulatum
2496 2611 2634 2667 iniit
2665 2627 2678 2667 :
2712 2627 2832 2682 qua
2878 2612 2952 2667 de
2998 2627 3182 2667 causa
3227 2610 3388 2667 hunc
3436 2625 3726 2681 mensem,
3755 2608 3862 2682 qui

2197 2699 2430 2755 Sextilis
2480 2705 2652 2755 antea
2696 2702 3040 2763 vocabatur,
3084 2715 3221 2754 cum
3270 2700 3332 2754 in
3385 2698 3608 2755 honore
3654 2696 3862 2755 haberi

2199 2788 2395 2855 vellet,
2431 2793 2767 2859 Augustum
2824 2788 3208 2859 nuncupavit.
3240 2788 3458 2843 Eodem
3506 2802 3733 2853 mense,
3764 2786 3863 2842 die

2199 2877 2639 2933 undevicesima
2669 2881 2917 2933 mortem
2973 2876 3139 2933 obiit.
3173 2876 3277 2932 Die
3326 2881 3526 2933 autem
3578 2875 3862 2932 vicesima

2196 2966 2371 3022 tertia
2440 2965 2810 3038 Septembris
2867 2972 3044 3021 natus
3100 2971 3211 3034 est,
3269 2966 3597 3036 eodemque
3655 2980 3860 3020 mense

2199 3055 2449 3110 Antonio
2479 3055 2707 3110 devicto
2753 3054 2916 3110 solus
2961 3055 3276 3126 imperium
3328 3054 3611 3121 obtinuit,
3641 3052 3858 3109 idcirco

2192 3144 2416 3202 dictum
2480 3159 2747 3199 mensem
2803 3143 3209 3213 Septembrem
3260 3142 3479 3198 honore
3522 3142 3740 3213 affecit,
3798 3144 3858 3197 et

2193 3238 2259 3288 ut
2290 3232 2538 3289 Indictio
2568 3233 2641 3287 ab
2671 3248 2738 3289 eo
2769 3230 3009 3287 initium
3041 3235 3303 3287 sumeret
3333 3230 3566 3287 statuit.

2676 3340 2750 3394 De
2778 3339 3029 3393 Numeri:
3055 3340 3107 3395 et
3139 3337 3367 3393 Chalce.

2266 3427 2522 3484 Numera
2552 3432 2610 3483 et
2637 3427 2885 3484 Chalcen
2935 3425 3362 3483 Constantinus
3389 3424 3639 3498 Magnus
3666 3423 3856 3481 mdia-

2197 3518 2347 3574 cavit
2380 3536 2394 3574 :
2427 3518 2526 3573 sed
2562 3516 2841 3589 quoniam
2894 3514 3040 3570 nulli
3077 3514 3210 3570 usui
3264 3518 3455 3582 erant,
3511 3514 3644 3570 ideo
3671 3517 3858 3570 Hera—

2195 3606 2324 3663 clus
2355 3612 2412 3662 et
2467 3604 2677 3676 reliqui
2728 3604 3008 3676 deinceps
3056 3603 3444 3675 imperatores
3471 3618 3543 3659 ea
3568 3601 3631 3658 in
3660 3617 3857 3659 carce-

2195 3710 2319 3750 rem
2351 3696 2681 3750 mutarunt.

2408 3801 2483 3855 De
2511 3807 2698 3856 statua
2724 3813 2885 3857 aenea
2914 3814 3043 3873 qua
3071 3800 3130 3854 in
3156 3805 3321 3871 porta
3349 3799 3469 3855 sita
3493 3802 3635 3855 erat.

2266 3962 2327 4016 In
2361 3959 2572 4015 Chalce
2618 3962 2814 4015 statua
2844 3973 3000 4013 enea
3030 3962 3176 4023 erat,
3213 3974 3392 4031 quam
3428 3956 3853 4013 Constantinus

2194 4053 2439 4121 Magnus
2486 4048 2692 4115 erexit,
2718 4046 2971 4118 efﬁgiem
3034 4047 3262 4103 Domini
3296 4045 3485 4102 nostri
3511 4045 3654 4101 Jesu
3684 4043 3851 4101 Chri-

2196 4138 2268 4193 sti
2324 4141 2793 4209 repraesentans:
2830 4137 2982 4190 hanc
3031 4151 3166 4191 vero
3214 4133 3660 4191 Leo-Caballini
3688 4138 3856 4207 pater

2194 4226 2419 4283 evertit.
2452 4228 2587 4291 Quae
2636 4229 2833 4279 autem
2866 4223 3087 4279 Christi
3117 4223 3311 4295 imago
3356 4223 3530 4279 hodie
3558 4220 3681 4279 illic
3710 4221 3853 4278 visi-

2196 4319 2294 4369 tur
2348 4312 2566 4368 musivi
2623 4311 2842 4384 operis,
2902 4313 2975 4367 ab
3036 4314 3203 4367 Irene
3256 4311 3603 4367 Atheniensi
3658 4308 3857 4382 posita

2195 4408 2286 4460 est
2318 4420 2330 4458 :
2366 4404 2537 4473 cujus
2564 4401 2841 4473 imaginis
2872 4416 2982 4473 ope
3014 4399 3476 4457 bemorrhoissa
3505 4403 3711 4456 curata
3739 4404 3855 4468 est,

2197 4492 2500 4563 multaque
2530 4491 2643 4546 alia
2673 4490 2735 4545 in
2764 4490 3001 4546 nomine
3030 4488 3249 4546 Christi
3296 4489 3455 4546 edita
3501 4492 3647 4545 sunt
3673 4487 3853 4544 mira-

2196 4580 2350 4637 cula.

697 4725 809 4781 Cur
839 4724 1032 4780 urbem
1054 4723 1385 4792 describens,
1416 4740 1538 4781 eam
1566 4728 1683 4780 tres
1713 4726 1775 4780 in
1800 4728 1982 4795 partes
2009 4726 2259 4796 dividat,
2286 4731 2340 4780 et
2369 4740 2404 4779 a
2431 4739 2673 4795 quonam
2701 4724 2819 4779 loco
2846 4722 3108 4795 quaelibet
3133 4738 3266 4795 pars
3294 4720 3548 4792 incipiat.

500 4846 693 4905 ’ἰστέον
745 4849 860 4918 οὗν,
909 4842 993 4903 ὅτι
1042 4845 1330 4923 δυσεύρετα
1376 4841 1507 4902 ὄντα
1533 4847 1601 4902 τὰ
1627 4851 1851 4902 τοιαῦτα
1882 4845 1972 4903 διὰ
2018 4848 2081 4905 τὸ

2261 4849 2580 4905 Sciendum
2632 4848 2815 4920 igitur
2861 4852 2972 4913 est,
3029 4847 3172 4913 haec,
3222 4860 3359 4901 cum
3410 4859 3561 4917 aegre
3609 4843 3851 4917 reperiri

428 4936 804 5011 συγκεχυμένα
848 4936 1006 5006 εἶναι,
1076 4934 1302 5011 διῃσέθη
1356 4935 1433 4999 εἲς
1478 4936 1601 5012 τρία
1649 4938 1811 5012 μέρη.
1865 4936 1963 4994 Καὶ
2020 4937 2084 4993 τὸ

432 5025 527 5098 μὶν
556 5030 775 5099 πρῶτον
828 5026 1056 5100 ἄρχεται
1106 5025 1212 5079 ἀπὸ
1249 5029 1347 5080 τοῦ
1379 5023 1647 5081 παλατίου
1693 5031 1793 5096 τῆς
1840 5024 2085 5096 Χαλκης,

423 5114 512 5170 καὶ
558 5119 655 5170 τοῦ
706 5112 911 5172 Μιλίου
966 5112 1132 5190 μέχρι
1180 5120 1280 5183 τῆς
1328 5113 1604 5190 Χρυσίας·
1667 5115 1730 5170 τὸ
1793 5112 1852 5170 δέ
1899 5110 2081 5188 ἓτερον

426 5204 532 5258 ἀπὸ
598 5206 697 5258 τοῦ
760 5201 1251 5278 Τζυγκανιστηρίου
1284 5247 1300 5275 ,
1357 5209 1458 5273 τῆς
1517 5200 1921 5280 Ὁδηγητρίας,
1977 5206 2087 5258 τῶν

426 5292 748 5367 Μαγγάνων,
819 5291 987 5368 μέχρι
1030 5290 1389 5367 Βλαχερνῶν·
1444 5293 1506 5347 τὸ
1566 5289 1624 5347 δὶ
1677 5292 1860 5366 τρίτον
1923 5290 2087 5364 μέρος

425 5382 531 5437 ἀπὸ
582 5386 680 5436 τοῦ
711 5383 897 5456 ὶτέρου
952 5382 1174 5457 μέρους,
1223 5384 1322 5434 τοῦ
1354 5380 1540 5455 ’Δγίου
1594 5380 1828 5456 Σεργίου
1858 5381 2083 5436 καὶτῶν

429 5476 673 5548 Σοφιῶν.
725 5472 822 5526 Καὶ
870 5472 899 5527 6
940 5468 1279 5545 βουλόμενος
1310 5469 1482 5544 εὑρεῖν
1516 5492 1594 5542 τι,
1621 5470 1684 5526 ού
1716 5467 2081 5546 δυσχεραίνει,

430 5558 555 5615 ἀλλ’
585 5560 782 5621 εὐθέως
816 5560 1031 5633 εὑρήσει
1060 5559 1124 5614 τὸ
1157 5556 1514 5629 ζητούμενον.

708 5648 838 5724 Περὶ
870 5648 935 5704 τὰ
962 5646 1205 5704 παλάτια
1229 5649 1327 5701 τοῦ
1376 5644 1800 5709 Βουκολέοντος.

505 5739 582 5795 Τά
630 5735 872 5794 παλάτια
923 5741 1021 5794 τοῦ
1095 5733 1496 5799 Βουκολέοντος
1532 5780 1550 5808 ,
1599 5737 1668 5791 τὸ
1731 5733 1935 5793 ἄνωθεν
1986 5740 2085 5793 τοῦ

2195 4942 2459 5012 possent,
2516 4942 2717 5009 utpote
2776 4937 3041 4999 confusa.
3103 4935 3164 4989 in
3225 4943 3341 4989 tres
3410 4936 3607 5006 partes
3663 4933 3855 4990 divisa

2197 5028 2417 5095 fuisse;
2448 5042 2699 5098 quarum
2725 5026 2917 5098 prima
2938 5024 3259 5096 incipiebat
3283 5039 3317 5079 a
3339 5022 3560 5095 palatio
3580 5021 3850 5091 Chalces,

2194 5120 2252 5171 et
2276 5133 2310 5172 a
2339 5114 2635 5182 Milliario,
2669 5130 2856 5186 usque
2886 5116 2957 5170 ad
3013 5117 3240 5186 portam
3282 5114 3571 5181 Auream;
3604 5111 3791 5169 altera
3817 5126 3856 5169 ι

2194 5205 2681 5273 Tzincanisterio,
2716 5204 3080 5275 Hodegetriaa
3125 5202 3392 5268 ecclesia,
3421 5206 3480 5258 et
3521 5200 3854 5275 Manganis,

2195 5310 2387 5364 usque
2434 5294 2505 5350 ad
2558 5293 2995 5359 Blanchernas;
3044 5292 3218 5347 tertia
3265 5293 3504 5346 demum
3548 5291 3625 5346 ab
3672 5289 3859 5347 altera

2195 5389 2380 5453 parte,
2415 5382 2644 5438 scilicet
2665 5382 2737 5438 ab
2777 5383 2898 5438 inde
2920 5382 2979 5437 S.
3001 5380 3209 5451 Sergii,
3234 5386 3292 5434 et
3325 5384 3495 5451 portu
3538 5379 3854 5451 Sophiano.

2194 5472 2282 5527 Ita
2312 5475 2380 5527 ut
2410 5472 2513 5543 qui
2565 5470 2791 5543 aliquid
2846 5472 3109 5526 invenire
3156 5469 3425 5537 voluerit,
3460 5485 3577 5526 non
3607 5468 3855 5540 laboret,

2195 5561 2297 5617 sed
2331 5559 2537 5617 statim
2571 5560 2824 5631 reperiat
2853 5558 3011 5630 quod
3034 5556 3266 5628 quaerit.

2659 5650 2734 5705 De
2761 5649 3003 5719 palatii:
3044 5647 3386 5704 Bucolconie.

2267 5737 2489 5796 Palatia
2517 5736 2866 5796 Bucoleonis
2888 5740 3251 5809 nuncupata,
3276 5751 3406 5808 quas
3436 5734 3628 5792 muris
3645 5732 3850 5792 immi-
