4124 6380
275 445 432 509 1103

272 669 394 723 tem
420 665 741 723 triclinium
772 667 1078 735 exstruxit,
1107 667 1264 739 quod
1288 664 1638 721 Triclinium
1668 671 1927 719 Aureum

272 753 626 829 appellatur.

470 860 479 869 '
760 847 838 903 De
862 846 1077 919 palatio
1106 844 1435 916 Quaesieris.

342 932 565 992 Palatia
607 934 925 1001 Qumstoris
974 935 1047 991 ad
1098 934 1565 1008 Hippodromum
1596 930 1934 989 Constanti-

269 1038 384 1080 nus
414 1022 668 1097 Magnus
692 1024 1049 1082 construxit.

916 1135 1001 1187 De
1025 1130 1279 1203 Daphne.

342 1219 711 1277 Suburbium
740 1220 1015 1293 Daphnes
1045 1220 1131 1276 sic
1162 1220 1385 1275 dictum
1416 1222 1526 1288 est,
1546 1218 1703 1290 quod
1738 1219 1935 1272 statua

277 1307 361 1365 ibi
393 1308 683 1366 collocata
708 1318 885 1380 esset,
918 1327 1047 1382 quis
1077 1309 1323 1381 Daphne
1352 1307 1777 1380 appellabatur.
1802 1309 1938 1376 Ipsa

275 1401 471 1454 autem
506 1397 695 1455 Roma
741 1399 935 1455 delata
985 1400 1117 1467 fuit,
1148 1404 1207 1455 et
1256 1398 1381 1454 illic
1430 1396 1737 1453 oraculum
1787 1398 1933 1450 erat.

275 1490 565 1545 Ceterum
596 1505 799 1546 mense
825 1489 1106 1545 Januario
1138 1490 1371 1545 laureas
1418 1503 1666 1544 coronas
1695 1487 1777 1543 ibi
1809 1501 1937 1541 ma-

276 1576 559 1648 gistratus
587 1578 974 1651 accipiebant.

849 1672 927 1723 De
954 1668 1342 1740 Hippodromo.

349 1752 787 1827 Hippodromus
818 1771 888 1811 ex
909 1772 977 1812 eo
1021 1772 1237 1813 nomen
1273 1756 1449 1812 habet
1477 1756 1633 1826 quod
1666 1773 1700 1811 a
1728 1760 1935 1812 sancto

278 1841 661 1900 Constantino
717 1860 910 1916 usque
960 1845 1032 1901 ad
1095 1848 1322 1902 lrenem
1375 1843 1793 1899 Atheniensem
1852 1845 1932 1899 ibi

1222 442 1619 505 APPENDIX
1665 443 1767 503 AD
1814 442 2278 504 MICHAELEM
2324 443 2713 507 PSELLUM.

273 581 431 650 nent,
466 576 831 635 Theodosius
872 577 1081 634 Junior
1129 576 1414 634 condidit.
1458 574 1793 631 Marcianus
1824 590 1930 629 au-

2057 572 2267 648 ιείχους
2297 568 2632 647 παρεξᾶὅαλε
2656 569 2945 636 Θεοδόσιος
2980 575 3007 628 ὁ
3039 573 3269 646 Μικρός.
3330 574 3389 629 Ὀ
3444 567 3504 627 δὲ
3549 576 3702 648 Μαρ-
3772 622 3789 635 ,

3544 440 3702 501 ιεοε

2042 666 2226 726 κιανὸς
2285 661 2509 732 ἐποίησε
2579 659 2902 736 Τρίκλινον,

2043 750 2259 815 κλινος.

2981 664 3040 726 ’ὃς
3095 660 3344 718 καλεῖται
3403 661 3696 738 Χρυσοτρίο

2535 840 2664 918 Περὶ
2708 846 2804 898 τοῦ
2835 841 3212 918 Κοιαίστορος.

2114 930 2188 983 Τὰ
2218 928 2457 985 παλάτια
2487 929 2838 1005 Κοιαίστορος
2865 936 2963 989 τοῦ
2996 932 3243 990 Ἱππικοῦ
3274 929 3302 986 ό
3349 930 3519 1005 μέγας
3547 935 3700 984 Κων-

2045 1024 2321 1081 σταντῖνος
2356 1020 2629 1095 ἀνήγειρε.

2607 1128 2737 1202 Περὶ
2764 1136 2864 1198 τῆς
2895 1130 3127 1205 Δάφνης.

2117 1216 2296 1293 Δάφνη
2355 1214 2413 1270 δὲ
2463 1213 2671 1287 ἐκλήθη
2733 1214 2823 1272 διὰ
2873 1218 2934 1272 τὸ
2976 1217 3225 1272 ’ίστασθαι
3266 1216 3439 1272 ἐκεῖσε
3489 1214 3700 1287 στήλην

2045 1299 2223 1378 ὄνομα
2274 1307 2536 1380 φέρουσαν
2598 1306 2854 1380 Δάφνης,
2905 1307 3028 1376 ἥτις
3076 1305 3228 1383 ἤχθη
3289 1306 3393 1361 ἀπὸ
3452 1306 3699 1377 Ῥώμης,

2046 1396 2183 1449 ὅπου
2213 1393 2302 1449 καὶ
2337 1400 2581 1467 μαντεῖον
2616 1397 2705 1465 ἦν’
2741 1395 2915 1452 ἐκεῖσε
2942 1397 3042 1473 γὰρ
3090 1397 3181 1452 καὶ
3220 1396 3347 1457 τοὺς
3410 1394 3699 1473 στεφάνους

2046 1491 2142 1553 τῆς
2174 1481 2400 1562 διάφνης
2432 1486 2484 1539 οἱ
2516 1486 2777 1561 ἄρχοντες
2810 1481 3120 1559 ἐλάμϐανον
3147 1486 3282 1542 κατὰ
3335 1486 3426 1541 τὸν
3462 1484 3700 1540 ’.ιανουά-

2047 1594 2162 1649 ριον
2200 1576 2363 1647 μῆνα.

2510 1666 2638 1740 Περὶ
2687 1669 2784 1721 τοῦ
2840 1663 3236 1739 ’1πποδρόμου.

2115 1757 2178 1811 Ὁ
2209 1752 2266 1809 δί
2320 1753 2689 1829 Ἱππόδρομος
2738 1754 2971 1827 ἐκλήθη,
3034 1753 3174 1811 διότι
3234 1753 3340 1809 ἀπὸ
3396 1758 3494 1809 τοῦ
3542 1751 3703 1827 ἁγίου

2046 1844 2448 1900 Κωνσταντίνου
2480 1842 2584 1907 ἓως
2615 1851 2714 1913 τῆς
2750 1845 2988 1919 Εἰρήνης
3039 1852 3139 1915 τῆς
3188 1843 3481 1914 Ἀθηναίας
3531 1842 3704 1899 ἰκεῖσε

276 1932 549 2004 privatim
600 1933 988 2006 imperatores
1035 1952 1247 1991 currus
1299 1934 1612 2007 agitarent.
1647 1934 1931 1991 Caeterum

2057 1931 2282 1990 ιατιδίαν
2316 1933 2404 1988 ἐπὶ
2435 1932 2676 2009 ἅρματος
2706 1930 2932 2010 ἔτρεχον
2964 1936 3018 1990 οἱ
3054 1935 3323 2010 βασιλεῖς.
3355 1934 3415 1990 Ὀ
3448 1929 3507 1987 δὲ
3533 1933 3702 1989 Ἰουσ-

276 2020 652 2080 Justinianus
682 2023 1034 2080 Lausiacum
1069 2023 1401 2080 aedificavit.

744 2133 819 2188 De
848 2134 1103 2190 Fortune
1145 2132 1470 2189 simulacro.

351 2219 745 2277 Simulacrum
780 2222 1241 2294 Fortunae,quod
1271 2225 1459 2277 Roma
1488 2238 1522 2277 a
1550 2221 1937 2277 Constantino

278 2310 488 2381 Magno
519 2311 825 2367 advectum
882 2312 1013 2383 fuit,
1047 2312 1359 2383 stabatque
1406 2327 1588 2385 supra
1618 2310 1819 2384 palatii
1852 2329 1939 2367 ar-

281 2414 439 2470 cum,
470 2398 792 2457 Mauricius
821 2401 1118 2458 contrivit.

888 2584 970 2636 De
1006 2580 1327 2652 Magnaura.

347 2671 553 2724 Fertur
598 2668 982 2725 Anastasinm
1044 2669 1342 2739 Dicorum,
1374 2684 1509 2724 cum
1570 2668 1630 2723 in
1678 2666 1938 2723 triclinio

276 2755 651 2813 Constantini
682 2757 901 2828 Magni,
935 2757 1260 2831 Magnaura
1312 2756 1489 2828 dicto,
1523 2772 1676 2811 anno
1706 2756 1938 2828 imperii

278 2843 680 2902 sui'vicesimo
730 2844 1001 2917 septimo,
1032 2862 1237 2902 mense
1265 2850 1474 2919 quarto
1514 2846 1937 2914 deambularet,

279 2933 618 3008 fulguribus
647 2939 705 2992 et
754 2935 1033 2991 tonitruis
1064 2936 1219 2993 circa
1250 2935 1536 3008 palatium
1572 2935 1766 3004 editis,
1802 2923 1937 2991 cum

280 3024 641 3080 consternati
673 3040 880 3081 omnes
911 3023 1065 3081 ultro
1113 3025 1376 3098 citroque
1409 3026 1697 3097 fugerent,
1731 3025 1803 3081 ad
1833 3042 1940 3080 cu-

279 3113 545 3170 biculum
605 3113 842 3186 aliquod
902 3116 975 3171 ab
1033 3132 1095 3171 so
1153 3116 1509 3170 aediﬁcatum
1581 3115 1937 3188 confugisse,

279 3206 459 3275 atque
486 3202 567 3259 ibi
599 3202 687 3259 ira
717 3203 820 3260 Dei
849 3203 1266 3275 interceptum,
1301 3210 1602 3260 mortuum
1635 3209 1934 3276 repertum

2044 2024 2283 2086 τινιανὸς
2313 2020 2489 2078 ἔκτισε
2515 2023 2607 2077 τὸν
2644 2022 2970 2079 Λαυσιακόν.

2681 2129 2810 2205 Περὶ
2858 2129 3067 2205 Τύχης.

2117 2221 2181 2277 Ἥ
2231 2216 2289 2274 δὶ
2333 2218 2479 2295 τύχη
2522 2220 2586 2274 τὸ
2637 2217 2858 2295 ἄγαλμα
2911 2217 3056 2295 ἤχθη
3101 2219 3248 2295 παρὰ
3301 2223 3399 2275 τοῦ
3448 2216 3706 2293 Μεγάλου

2050 2307 2454 2364 Κωνσταντίνου
2505 2309 2610 2364 ἀπὸ
2666 2310 2911 2382 Ῥώμης,
2963 2307 3095 2384 ὅπερ
3138 2306 3320 2363 ἵστατο
3371 2306 3548 2362 ἐπάνω
3605 2306 3705 2375 τῆς

2049 2397 2237 2473 auito;
2286 2403 2384 2454 τοῦ
2431 2397 2726 2468 παλατίου,
2777 2400 2806 2454 ὁ
2839 2396 2897 2454 δὶ
2931 2396 3189 2474 βασιλεὺς
3221 2397 3524 2473 Μαυρίκιος
3556 2394 3708 2450 συνέ-

2046 2492 2234 2566 τριψεν
2277 2488 2429 2546 αὐτό.

2622 2578 2749 2652 Περὶ
2782 2576 3125 2653 Μαγναύρας.

2121 2667 2341 2740 Λέγεται
2395 2666 2509 2734 οὗν,
2561 2665 2644 2720 ὅτι
2706 2667 2733 2719 6
2776 2664 3070 2740 Τρίκλινος
3101 2669 3197 2719 τοῦ
3239 2661 3496 2738 Μεγάλου
3553 2669 3707 2718 Κωνο

2050 2753 2330 2810 σταντίνου
2383 2755 2417 2823 ἡ
2481 2755 2797 2829 Μαγναῦρα,
2832 2758 3260 2829 περιπατοῦντος
3295 2752 3346 2807 ἐν
3379 2752 3517 2827 αὐτῇ
3573 2771 3708 2807 ποτε

2047 2843 2398 2902 Ἀναστασίου
2445 2846 2545 2897 τοῦ
2600 2838 2855 2919 Δικόρου,
2907 2848 2985 2915 τῷ
3033 2845 3111 2913 κζ’
3156 2843 3259 2912 τῆς
3327 2841 3490 2897 αὐτοῦ
3552 2842 3704 2915 βασι-

2049 2934 2222 3005 λείας,
2279 2933 2368 2988 ui
2437 2931 2681 3008 τετάρτῳ
2746 2932 2902 3006 μηνὶ,
2976 2932 3198 3008 βρονταὶ
3276 2931 3367 2986 καὶ
3439 2929 3705 3007 ἀστραπαὶ

2044 3022 2293 3100 γεγόνασι
2353 3022 2489 3095 πρὸς
2547 3023 2609 3076 τὸ
2662 3021 2949 3077 παλάτιον’
3003 3021 3217 3077 πάντων
3251 3017 3308 3076 δὶ
3355 3017 3706 3093 ἀδημονούν-

2043 3135 2175 3181 των,
2229 3113 2316 3167 καὶ
2370 3111 2675 3190 φευγόντων
2722 3112 2827 3167 ἀπὸ
2874 3111 3047 3167 τόπου
3093 3111 3167 3173 εἲς
3197 3109 3507 3180 τόπον,καὶ
3539 3109 3706 3163 αὐτοῦ

2047 3200 2105 3257 δὲ
2133 3206 2229 3256 τοῦ
2259 3199 2526 3276 βασιλέως
2565 3199 2860 3276 φεύγοντος
2909 3198 2960 3254 ἐν
3020 3199 3095 3254 ὲνὶ
3151 3204 3258 3253 τῶν
3309 3196 3705 3266 κοιτωνίσκων,

276 3307 425 3348 esse.
459 3294 975 3361 Narrant’autem,
1026 3310 1184 3359 eum,
1235 3309 1372 3349 cum
1421 3295 1480 3347 in
1537 3292 1782 3348 ecclesia
1836 3293 1935 3346 SS.

2057 3293 2124 3346 ὧν
2176 3289 2371 3359 ἔκτισε,
2412 3290 2498 3344 καὶ
2532 3283 2733 3359 κατέϐη
2766 3288 2936 3343 ἰκεῖσε
2960 3290 2995 3358 ἡ
3029 3289 3169 3363 ὁργή
3212 3292 3309 3343 τοῦ
3353 3291 3509 3355 Θεοῦ,
3570 3286 3709 3341 ὥστε

273 3380 691 3453 Apestolor'um
715 3382 982 3455 sepultus
1014 3381 1532 3455 fuisset,postridie
1560 3382 1937 3450 exclamasse,

275 3469 662 3537 Miseremini,
715 3472 1100 3539 miseremini,
1134 3477 1192 3527 et
1221 3472 1463 3543 aperite.
1507 3470 1939 3543 Respondenti-

275 3557 390 3615 bus
417 3575 552 3616 vero
601 3562 971 3628 custodibus,
996 3562 1123 3632 jam
1174 3559 1356 3615 alium
1410 3560 1721 3631 imperare,
1757 3558 1937 3625 Nihil,

274 3647 492 3719 inquit,
544 3664 688 3704 curo
722 3667 735 3704 :
769 3649 829 3704 in
865 3649 1292 3705 monasterium
1343 3666 1435 3704 me
1485 3648 1782 3716 abducite,
1812 3665 1938 3703 me-

277 3752 394 3808 que
450 3736 807 3793 monachum
867 3737 1059 3794 facite.
1094 3737 1182 3793 Illi
1239 3754 1375 3794 vero
1436 3738 1516 3793 ibi
1575 3737 1941 3810 reliquerunt

277 3840 436 3880 eum.
470 3825 689 3881 Ferunt
720 3831 915 3882 autem
951 3827 1253 3900 aliquanto
1286 3832 1419 3899 post
1450 3831 1711 3898 tempore
1740 3825 1936 3897 sepul-

276 3920 444 3969 crum
491 3916 622 3985 ejus
669 3921 943 3987 apertutn
998 3916 1204 3986 fuisse,
1254 3917 1680 3987 inventumque
1737 3916 1933 3988 ipsum

276 4002 518 4060 brachia
546 4020 659 4060 sua
687 4010 741 4060 et
771 4004 993 4078 caligas
1025 4022 1177 4078 quas
1207 4005 1477 4078 gestabat
1508 4006 1937 4074 comsdentem,

274 4091 395 4149 alta
443 4102 582 4149 voce
628 4093 935 4167 clamasse,
969 4094 1013 4151 Ο
1044 4095 1239 4161 Mana,
1290 4112 1434 4151 aura
1485 4111 1700 4165 pereo:
1759 4111 1936 4166 quam

273 4196 477 4237 vocem
510 4197 788 4254 excepere
836 4183 1079 4255 quidam
1113 4201 1181 4239 ex
1212 4185 1551 4240 domesticis
1585 4184 1732 4240 suis.
1770 4184 1934 4240 Ideo-

276 4285 389 4342 que
419 4269 745 4327 triclinium
777 4273 906 4343 ejus
936 4273 1279 4345 Magnaura,
1312 4291 1345 4330 a
1372 4278 1542 4330 Mena
1572 4279 1630 4330 et
1670 4274 1743 4329 ab
1784 4272 1937 4345 igni-

275 4363 340 4416 ta
369 4366 536 4431 aura,
566 4366 841 4417 vocatum
875 4365 983 4418 est.

475 4538 548 4595 De
575 4539 777 4611 templo
807 4538 1130 4609 Saluatoris,
1158 4542 1300 4615 quod
1324 4546 1403 4598 est
1433 4543 1493 4597 in
1525 4541 1745 4599 Chalce.

348 4626 656 4713 Templum
686 4628 1006 4688 Salvatoris
1054 4630 1114 4686 in
1164 4631 1385 4688 Chalce
1415 4631 1684 4689 excitavit
1727 4631 1938 4687 Roma-

2051 3377 2339 3457 αἰφνιδίως
2395 3377 2677 3453 εὑρεθῆναι
2733 3377 2942 3454 νεκρόν.
2993 3376 3132 3433 Φασί
3165 3374 3223 3433 δὲ
3251 3376 3410 3435 αὐτὸν
3468 3375 3606 3449 μετά
3646 3376 3709 3430 τὸ

2048 3472 2279 3543 ταφῆναι
2341 3468 2416 3529 εἷς
2474 3465 2601 3530 τοὺς
2651 3467 2869 3542 Ἃγίους
2921 3462 3334 3534 Ἀποστόλους,
3397 3464 3710 3539 μεθημὲραν

2055 3559 2206 3633 βοᾷν·
2296 3555 2593 3626 Ελεήσατε,
2689 3554 2967 3627 ἐλεήσατε,
3051 3556 3142 3611 γαὶ
3231 3555 3499 3625 ἀνοίξατε,
3586 3557 3703 3607 Τῶν

2054 3644 2454 3720 μνημοραλίων
2517 3641 2574 3698 δὲ
2624 3642 2888 3699 εἰπόντων
2922 3645 3007 3699 ’ὁτι
3037 3641 3208 3706 ἄλλος
3244 3642 3544 3720 βασιλεύει,
3576 3635 3703 3720 ἔφη·

2047 3734 2210 3791 Οὐδὲν
2234 3756 2326 3810 μοι
2387 3733 2563 3807 μέλει,
2616 3733 2690 3795 εἰς
2760 3735 3120 3809 μοναστήριον
3187 3732 3413 3809 ὑπάγετὲ
3470 3753 3556 3807 με,
3614 3729 3705 3786 καί

2047 3826 2314 3896 ποιήσατε
2375 3844 2442 3896 με
2504 3822 2770 3899 μοναχόν.
2813 3823 2875 3877 Οἱ
2936 3821 2994 3879 δὶ
3048 3820 3226 3877 εἷέισαν
3261 3821 3445 3879 αὐτόν.
3481 3820 3706 3897 Λέγεται

2051 3915 2185 3990 μετά
2228 3936 2350 3970 τινα
2406 3915 2607 3990 χρόνον
2659 3914 2723 3968 τὸ
2780 3920 2972 3988 μνῆμα
3028 3914 3195 3969 αὖνοῦ
3252 3913 3563 3988 ἀνοιγῆναι,
3612 3912 3701 3966 καὶ

2048 4006 2331 4083 εὑρεθῆναι
2362 4004 2523 4058 αὐτὸν
2549 4003 2791 4081 φαγόντα
2819 4004 2946 4066 τοὺς
2977 4004 3272 4080 βραχίονας
3306 4004 3491 4074 αὐτοῦ,
3518 4002 3609 4057 καὶ
3637 4001 3707 4056 τὰ

2046 4095 2306 4169 καλήγια,
2338 4091 2370 4146 ἃ
2400 4092 2599 4169 ἐφόρειο
2630 4090 2818 4169 ἔκραξε
2849 4090 2908 4147 δὲ
2951 4091 3225 4167 μεγάλωςσ
3278 4096 3345 4148 Ὠ
3390 4092 3567 4161 Μάνα,
3604 4090 3709 4146 ὑπὸ

2044 4191 2146 4253 τῆς
2179 4181 2341 4256 αὔρας
2374 4180 2714 4255 ἀπόλλυμαι.
2750 4188 2859 4251 Τῆς
2901 4178 2959 4236 δὲ
2987 4188 3172 4260 φωνῆς
3215 4180 3416 4251 ταύτης
3466 4178 3705 4250 ἤκουσάν

2046 4294 2188 4336 τινες
2209 4276 2317 4326 τῶν
2376 4271 2672 4346 ἀνθρώπων
2730 4272 2917 4341 αὐτοῦ,
2952 4271 3043 4326 καὶ
3074 4268 3165 4326 διὰ
3200 4275 3363 4326 τοῦτο
3412 4269 3623 4342 ἐκλήθη
3676 4270 3705 4325 ὁ

2046 4359 2333 4438 Τρίκλινος
2365 4360 2528 4415 αὐτοῦ
2577 4363 2892 4437 Μαγναῦρα,
2933 4361 3040 4417 ἀπὸ
3069 4366 3178 4417 τῶν
3218 4360 3373 4418 Μάνα
3421 4360 3513 4417 καὶ
3572 4357 3710 4433 αὖρα

2045 4456 2143 4507 τοῦ
2171 4450 2363 4526 πυρός.

2406 4540 2537 4616 Περὶ
2568 4540 2658 4595 τὸν
2694 4543 2931 4616 Σωτῆρα
2970 4546 3072 4610 τῆς
3102 4538 3347 4610 Χαλκῆς.

2119 4629 2223 4686 Τὸν
2280 4626 2336 4684 δὲ
2394 4636 2626 4703 Σωτῆρα
2683 4628 2759 4690 εἷς
2815 4631 2916 4698 τήν
2975 4628 3202 4698 Χαλκήν
3264 4630 3516 4705 ἀνήγειρε
3572 4630 3706 4683 Ῥω-

277 4732 391 4773 nus
421 4706 639 4789 senior,
673 4719 864 4789 altari,
905 4737 1021 4793 quo
1071 4724 1240 4793 pacto
1266 4722 1391 4791 jam
1444 4720 1671 4789 visitur,
1706 4720 1935 4775 duabus

2057 4719 2216 4792 μανὸς
2275 4719 2302 4773 ὁ
2352 4715 2523 4794 γέρων
2573 4717 2676 4772 ὑπὸ
2705 4718 3003 4793 στυρακίων
3064 4721 3273 4792 μικρῶν
3333 4715 3451 4787 δύο,
3486 4718 3561 4780 ὡς
3590 4714 3703 4772 ἔστι

278 4805 609 4863 columellis
635 4807 941 4887 instructo
978 4827 991 4865 :
1026 4808 1318 4865 institutis
1374 4808 1591 4865 ibidem
1627 4808 1936 4865 duodecim

276 4893 525 4953 clericis.
572 4898 831 4953 Joannes
869 4915 1005 4953 vero
1050 4899 1325 4954 Zimisces
1377 4899 1570 4968 ipsum
1624 4897 1936 4952 dilatatam

272 4987 332 5039 et
362 4988 603 5041 auctum
636 5002 779 5042 auro
824 4991 883 5042 et
913 4991 1157 5058 argento
1206 4989 1528 5055 exornavit,
1577 5003 1644 5042 ac
1697 4986 1940 5059 triginta

270 5088 372 5129 sex
419 5073 663 5131 clericos
708 5077 1055 5146 constituit;
1091 5078 1311 5149 quibus
1355 5076 1673 5132 destinavit
1702 5076 1937 5149 pensio-

272 5174 378 5219 nes
407 5165 466 5219 et
488 5179 777 5235 annonas,
809 5165 1186 5237 singulisque
1217 5166 1603 5222 ‘numismata
1644 5165 1885 5238 triginta
1919 5183 1932 5220 :

269 5265 440 5306 sacra
468 5256 668 5309 autem
700 5270 862 5323 vasa,
902 5270 1171 5326 coronas,
1204 5260 1457 5328 sceptra,
1490 5254 1933 5325 discos,cande-

271 5337 460 5409 labra,
493 5345 683 5397 vestes
712 5347 772 5398 et
816 5344 1168 5401 indumenta
1216 5344 1619 5417 imperatoria,
1653 5360 1783 5415 qua
1813 5343 1935 5400 sin-

273 5426 466 5499 gulari
490 5429 625 5499 jure
658 5432 1021 5502 possidebat,
1054 5432 1272 5506 templo
1323 5432 1583 5489 donavit.
1618 5431 1935 5488 Similiter-

2049 4809 2399 4887 φαινόμενον,
2446 4807 2510 4862 τὸ
2544 4810 2949 4883 θυσιαστήριον,
2999 4809 3233 4879 ποιήσας
3262 4809 3353 4863 καὶ
3399 4806 3705 4884 κληρικοὺς

2050 4898 2208 4973 ιβ’.⁹0
2238 4893 2297 4952 δὲ
2327 4895 2580 4966 Ἰωάννης
2614 4897 2642 4951 6
2667 4897 2977 4971 Τζιμίσκης
3009 4895 3275 4952 ἐπλάτυνε
3303 4897 3394 4952 καὶ
3425 4897 3703 4973 ἀνήγειρεν

2048 4987 2211 5042 αὐτὸν
2269 4985 2547 5051 καλλύνας
2609 4986 2669 5041 ἐκ
2724 4987 2960 5062 χρυσίου
3015 4986 3105 5041 καὶ
3163 4986 3403 5061 ἀόγύρου
3459 4984 3701 5042 πολλοῦ·

2046 5075 2272 5146 ἐποίησε
2303 5074 2361 5131 δὲ
2385 5074 2477 5130 καὶ
2506 5074 2809 5151 κληρικοὺς
2852 5074 2955 5144 λς’,
2983 5074 3151 5139 τιθεὶς
3190 5074 3373 5137 αὐτοῖς
3398 5075 3487 5131 καὶ
3536 5075 3706 5152 ῥογας

2045 5165 2135 5221 καὶ
2168 5165 2418 5233 ἀννόνας,
2465 5163 2555 5218 καὶ
2584 5163 2685 5218 ἀνὰ
2720 5162 3076 5238 νομισμάτων
3122 5162 3191 5219 λ’⁴
3236 5164 3304 5219 τὰ
3334 5162 3391 5219 δὲ
3421 5164 3559 5240 ἱερὰ,
3614 5162 3707 5219 καὶ

2045 5254 2111 5310 τὰ
2167 5254 2473 5328 στὲμματα,
2524 5253 2617 5307 καὶ
2671 5254 2738 5307 τὰ
2793 5260 3066 5330 σκῆπτρα,
3124 5252 3214 5309 καὶ
3266 5253 3392 5316 τοὺς
3450 5251 3697 5323 δίσκους,

2044 5344 2135 5399 καὶ
2178 5343 2273 5407 τὰς
2334 5339 2589 5418 λυχνίας,
2646 5342 2739 5396 καὶ
2788 5344 2884 5406 τὰς
2935 5342 3186 5413 ἐσθῆτας,
3219 5342 3308 5398 καί
3337 5344 3404 5399 τὰ
3432 5341 3610 5418 ἄμφια
3639 5343 3708 5398 τὰ

2048 5431 2327 5509 βασιλικὰ,
2386 5429 2667 5503 ἶδιόκτητα
2723 5429 2887 5488 αὐτοῦ
2946 5418 3512 5509 ὄντα,’ἆπεχαρίσατο
3564 5432 3703 5508 πρὸς

274 5531 388 5588 que
444 5516 772 5576 immobilia
832 5521 987 5577 bona
1038 5540 1147 5579 sua
1206 5523 1320 5595 ipsi
1379 5520 1764 5579 consecravit.
1811 5523 1935 5587 Quo

2057 5523 2133 5578 τὸν
2189 5523 2337 5577 ναόν·
2392 5520 2647 5583 ὡσαύτως
2701 5522 2793 5576 καὶ
2841 5522 2908 5576 τὰ
2955 5520 3182 5591 ἀκίνητα
3239 5523 3405 5577 αὑτοῦ
3447 5523 3703 5595 κτήματα

276 5603 453 5660 etiam
486 5621 556 5660 ex
598 5605 808 5665 bellica
831 5611 1201 5682 expeditione
1241 5613 1454 5668 detulit
1481 5628 1708 5668 sacram
1736 5609 1935 5665 cruci-

277 5693 377 5749 ﬁxi
414 5692 633 5751 Christi
674 5694 1053 5770 Berytensem
1093 5701 1432 5775 imaginem,
1462 5706 1521 5759 et
1544 5704 1750 5759 sancta
1778 5698 1936 5757 Chri-

278 5782 356 5837 sti
376 5788 433 5839 et
459 5780 564 5840 Dei
594 5784 783 5841 nostri
830 5786 1123 5860 sandalia,
1148 5789 1210 5846 in
1241 5788 1415 5848 theca
1458 5806 1602 5849 auro
1631 5794 1689 5848 et
1717 5789 1933 5864 pretio-

2044 5612 2380 5687 ἐπεκύρωσεν
2430 5610 2599 5683 αὐτῷ,
2650 5609 2702 5667 ἂν
2747 5611 2792 5682 ᾧ
2850 5611 2956 5665 ἀπὸ
3004 5614 3101 5665 τοῦ
3145 5608 3415 5682 ταξειδίου
3475 5612 3697 5687 ἐφέρετο

2040 5704 2141 5771 τὴν
2171 5700 2355 5775 τιμίαν
2412 5698 2594 5755 εἰκόνα
2620 5705 2720 5769 τῆς
2768 5698 2925 5776 ἁγίας
2972 5698 3326 5775 σταυρώσεως
3365 5707 3465 5770 τῆς
3521 5698 3573 5754 ἐν
3626 5702 3697 5773 τῇ

2042 5789 2293 5864 Βηρυτῷ,
2342 5788 2433 5845 καὶ
2461 5785 2529 5844 τὰ
2569 5788 2695 5865 ἅγια
2724 5785 2989 5845 σανδάλια
3016 5791 3115 5844 τοῦ
3157 5790 3393 5865 Χριστοῦ
3421 5786 3511 5845 καὶ
3560 5791 3697 5845 Θεοῦ
