4124 6398
325 490 480 551 1205

1460 477 1826 544 ANONYMI
1871 477 2458 549 ANTIQUITATES
2501 482 2619 542 ΟΡ.

3596 482 3758 545 1206

318 624 483 695 ἡμῶν
515 618 568 675 ἓν
600 615 880 680 ποικιλοις
911 637 1191 694 χρυσεοις,
1221 614 1314 670 καὶ
1343 611 1433 669 διὰ
1461 612 1628 668 λίθων
1655 607 1982 687 κιϐουρίοις.

2102 610 2183 667 sis
2213 611 2434 684 lapillis
2465 619 2690 671 ornata.
2723 615 2880 671 Fecit
2903 617 3042 671 item
3073 616 3155 672 ibi
3195 614 3532 689 sepulcrum
3575 630 3756 673 suum

317 710 604 781 Ἐποίησεν
638 706 730 763 οὖν
764 707 853 762 καὶ
891 708 954 762 τὸ
1007 707 1196 761 ἑαυτοῦ
1249 711 1440 778 μνῆμα
1495 701 1667 758 ἐκεῖσε
1725 701 1972 777 ὁλόχρυ-

316 822 408 856 σον
442 799 578 873 μετὰ
605 798 950 874 χυμεύσεως,
981 794 1034 851 ἐν
1062 796 1109 868 ᾧ
1133 793 1223 850 καὶ
1255 793 1434 865 ὶτίθη.

319 907 450 983 Περὶ
543 909 651 961 τῶν
748 904 968 975 στηλῶν
1282 899 1582 974 ἱσταμένων
1680 896 1788 954 ἄνω
1876 899 1974 952 τοῦ

1091 995 1105 1029 ι
1173 995 1256 1029 ου.

1091 995 1256 1029 ιΑιου.

390 1071 478 1126 ’Ev
535 1065 594 1123 δὲ
663 1069 734 1142 τῇ
783 1063 1005 1142 καμάρᾳ
1048 1067 1146 1120 τοῦ
1195 1060 1398 1120 Μιλίου
1446 1059 1644 1131 στῆλαι
1694 1063 1978 1118 Κωνσταν-

317 1159 467 1214 τίνου
519 1154 606 1212 καὶ
655 1153 884 1227 Ἐλᾶνης
939 1153 1092 1209 είσίν.
1149 1154 1312 1216 Ἔνθα
1362 1151 1450 1206 καὶ
1505 1151 1732 1227 σταυρὸς
1787 1150 1976 1223 ὁρᾶται

319 1248 454 1322 πρὸς
496 1242 771 1314 ἀνατολὴν
830 1242 1233 1319 βασταζόμενος
1293 1241 1382 1296 ὑπ’
1440 1241 1641 1296 αὐτῶνθ
1709 1239 1868 1312 μέσον
1921 1235 1979 1293 δὲ

322 1341 417 1392 τοῦ
449 1337 736 1410 σταυροῦὴ
768 1333 921 1410 Τύχη
950 1340 1050 1403 τῆς
1097 1330 1335 1399 πόλεως,
1376 1329 1508 1406 ὅπερ
1559 1329 1670 1385 ἐστὶ
1717 1331 1977 1400 κατήνιον

319 1425 675 1499 κλειδόμενον
717 1423 809 1480 καὶ
863 1421 1342 1499 ἑστοιχειωμένον,
1397 1425 1495 1476 τοῦ
1546 1419 1745 1482 παντὸς
1804 1413 1982 1482 εἴδους

315 1515 646 1585 ἀνελλιπῶς,
677 1513 767 1570 καὶ
796 1511 952 1584 νίκην
981 1512 1118 1568 κατὰ
1175 1532 1390 1567 παντων
1446 1514 1554 1566 τῶν
1608 1509 1772 1564 ἰθνῶν
1819 1509 1982 1583 φὶρον

315 1610 413 1661 τοῦ
449 1606 644 1679 μηκέτι
675 1601 911 1680 ῗσχύειν,
943 1603 979 1673 ἢ
1036 1599 1393 1677 προσεγγίσαι
1425 1601 1459 1672 ἢ
1509 1602 1853 1675 προσψαῦσαι
1908 1599 1980 1670 τῇ

317 1691 480 1750 πόλει
507 1698 696 1766 ταῦτα,
729 1691 875 1749 ἀλλὰ
931 1691 1122 1769 πόρῥω
1173 1689 1492 1766 ἀπέχεσθαι,
1522 1688 1613 1744 καὶ
1666 1689 1982 1744 ὑπονοστεῖν

319 1786 397 1847 ὡς
453 1784 767 1858 ἡττωμίνα.
802 1784 889 1840 Ἐν
931 1783 1084 1854 αὗτῷ
1129 1778 1188 1836 δὲ
1234 1785 1314 1852 τῷ
1349 1778 1537 1852 Μιλίῳ
1567 1777 1763 1849 στῆλαι
1790 1774 1982 1831 ’ίσταν-

319 1895 408 1930 ται
455 1878 628 1949 τρεῖς,
663 1871 865 1952 Σοφίας
917 1879 1018 1942 τῆς
1065 1869 1320 1948 γυναικὸς
1351 1867 1645 1925 Ἰουστίνου
1690 1870 1790 1922 τοῦ
1841 1873 1980 1941 Θρᾳ-

319 1965 438 2034 κὸς,
495 1961 586 2019 καὶ
625 1955 889 2036 Ἀραϐίας
943 1967 1044 2032 τῆς
1099 1958 1370 2035 θυγατρὸς
1425 1956 1626 2026 αὐτῶν,
1683 1955 1773 2012 καὶ
1827 1954 1981 2032 ξΕλὲ-
2013 1990 2060 2055 Β

317 2075 416 2125 νης
447 2054 670 2128 ἀνεψιᾶς
697 2051 891 2109 αὐτῶν.

662 2141 792 2217 Περὶ
822 2147 924 2210 τῆς
960 2139 1173 2210 στήλης
1201 2139 1298 2194 τοῦ
1329 2136 1639 2194 Θεοδοσίου.

390 2234 477 2290 Ἐν
515 2235 596 2305 τῷ
632 2231 920 2307 λεγομένῳ
951 2228 1144 2302 Μιλιῳ
1193 2226 1482 2284 Θεοδοσίου
1535 2225 1712 2298 στήλη
1763 2223 1981 2281 ’ίσταται

321 2323 402 2400 ἐφ’
425 2320 603 2376 Ἱππου
634 2319 872 2397 χαλκοῦ,
905 2319 998 2374 καὶ
1027 2319 1078 2373 ἂν
1110 2321 1179 2392 τῇ
1230 2318 1377 2393 χειρὶ
1423 2316 1588 2372 αὐτοῦ
1639 2314 1817 2388 μῆλον
1854 2335 1983 2392 κρα·

323 2413 563 2478 τοῦντος,
594 2408 657 2477 ἣν
687 2405 975 2482 ἀναγείρας
1008 2405 1290 2479 σιτηρέσια
1316 2403 1503 2460 πολλὰ
1548 2402 1749 2459 δέδωκε
1773 2407 1892 2464 τοῖς
1926 2402 1977 2458 ἂν

321 2501 388 2572 τῇ
411 2497 593 2553 πόλει.
630 2497 699 2554 Οἱ
745 2494 802 2552 δὲ
830 2494 1028 2562 κίονες,
1059 2495 1148 2549 καὶ
1207 2493 1258 2548 οἱ
1311 2491 1616 2562 ποδίοσκοι,
1649 2493 1740 2548 καὶ
1789 2493 1841 2548 οἱ
1870 2495 1978 2548 τῶν

323 2585 726 2662 Ἀρτοπωλιων
785 2584 995 2658 ὁμοίως
1042 2583 1132 2638 καὶ
1205 2587 1312 2638 τῶν
1381 2580 1830 2656 Τζυκκαλαρίων,
1889 2582 1978 2638 καὶ

320 2683 422 2746 τῆς
461 2673 690 2744 Χαλκῆς
747 2668 966 2750 ἔχουσιν
1023 2672 1264 2747 ἱστορίας
1315 2668 1552 2740 πολλὰς,
1608 2670 1669 2733 ’ὰς
1743 2672 1771 2726 ὁ
1820 2669 1982 2735 αὖτὸς

321 2764 596 2827 καλλύνας
628 2763 652 2820 ἐ
659 2762 964 2840 χρύσωσιν.

717 2942 846 3016 Περὶ
874 2945 972 2998 τοῦ
1000 2944 1134 2996 ναοῦ
1161 2944 1259 2996 τοῦ
1288 2937 1584 3016 Θεολόγου.

401 3035 598 3095 Φωκὰς
625 3033 652 3088 ὁ
684 3032 938 3107 τύραννος
974 3028 1176 3086 ἔκτισεν
1209 3029 1268 3085 ἐκ
1319 3029 1532 3105 βάθρων
1571 3028 1663 3083 τὸν
1713 3028 1839 3084 ναὸν
1882 3034 1980 3085 τοῦ

328 3123 489 3200 ἁγίου
522 3128 690 3178 Φωκᾶ
713 3121 766 3178 ἐν
797 3127 879 3195 τῷ
909 3119 1118 3193 Μιλίῳ,
1147 3121 1316 3193 μήπω
1349 3117 1440 3173 οὖν
1475 3117 1762 3196 ὀροφώσας
1791 3114 1977 3174 αὐτόν·

327 3212 500 3269 ἐκεῖσε
549 3211 651 3289 γὰρ
709 3211 776 3281 ἦν
824 3213 858 3280 ἡ
909 3207 1131 3284 ἀλλαγὴ
1189 3212 1296 3263 τῶν
1355 3205 1686 3284 κοπιτοῦρων,
1744 3209 1860 3263 καθ’
1918 3208 1976 3264 ὃν

320 3303 488 3358 τόπον
545 3302 923 3373 ἠντξοκόπησε
977 3301 1046 3354 τὰ
1098 3298 1388 3374 κόντουρα,
1447 3299 1535 3354 ὅτε
1579 3297 1670 3353 καὶ
1732 3297 1979 3376 μαγκλα-

325 3389 471 3455 ϐίοις
501 3391 705 3471 ἐτύφθη
740 3391 885 3466 παρᾶ
923 3389 1228 3466 Μαυρικίου
1284 3393 1384 3444 τοῦ
1443 3386 1738 3466 βασιλᾶως,
1767 3386 1978 3463 τολμή-

327 3503 522 3547 σαντος
574 3487 672 3538 τοῦ
721 3481 888 3536 αὐτοῦ
935 3485 1104 3534 Φωκᾶ
1143 3477 1194 3535 ἐν
1246 3483 1328 3551 τῷ
1372 3479 1552 3552 κόντῳ
1595 3479 1760 3535 αὐτοῦ
1817 3499 1989 3556 προσ-

329 3571 490 3642 δῆσαι
541 3572 604 3627 τὸ
660 3570 966 3641 πιττάκιον,
1000 3567 1134 3645 ὅπερ
1197 3568 1303 3623 ἀπὸ
1360 3563 1773 3646 Λογγοϐαρδίας
1819 3567 1992 3624 ἐλθὼν

332 3659 512 3738 ἔφερε,
564 3665 664 3716 τοῦ
734 3662 966 3736 στρατοῦ
1041 3657 1245 3722 ἆκεῖθεν
1315 3657 1742 3721 ἀποστείλαντος
1799 3663 1991 3714 τοῦτον

334 3748 424 3805 διὰ
469 3752 571 3820 τὴν
617 3750 782 3826 ῥόγαν
831 3748 1032 3805 αὐτῶν.
1079 3749 1183 3803 Καὶ
1239 3745 1534 3822 ἐγκαλίσας
1577 3746 1630 3802 ἂν
1675 3747 1992 3822 ἡμὲρᾳἹπ-

334 3837 670 3913 ποὸρομίου,
705 3838 786 3893 ὅτι
849 3838 1008 3900 οὗτος
1064 3836 1238 3913 εὑρὼν
1275 3833 1458 3891 ἄδειαν
1507 3835 1595 3891 καί
1649 3831 1988 3910 ἄναλαϐόμε·

334 3949 428 3990 νος
483 3927 550 3983 τὰ
597 3926 866 4002 κόντουρα
922 3925 1252 4000 ὑπεχώρησε
1286 3943 1298 3956 ·
1350 3923 1416 3978 τὰ
1469 3921 1527 3980 δὶ
1573 3925 1993 4000 καταληφθέντα

337 4017 605 4088 ἆντζίσας,
632 4013 900 4086 κατῆλθεν
934 4011 1038 4078 ἕως
1089 4007 1499 4089 Λογγοϐαρδίαν
1557 4010 1634 4069 ἔτι
1691 4016 1786 4076 τὰς
1841 4011 1987 4085 πλη-

331 4109 428 4182 γὰς
470 4105 639 4183 ῧχωνο
676 4104 766 4161 διὰ
810 4109 973 4160 τοῦτο
1020 4103 1120 4180 γὰρ
1161 4103 1510 4179 προετιμήθη
1546 4102 1622 4166 εἷς
1667 4103 1768 4172 τήν
1832 4103 1991 4180 βασι-

329 4193 482 4252 λείαν
539 4197 688 4272 παρὰ
741 4199 839 4250 τοῦ
899 4197 1151 4268 στρατοῦ.
1181 4192 1332 4250 Μετᾶ
1388 4192 1480 4248 οὖν
1511 4192 1573 4248 τὸ
1606 4190 1846 4248 ἀνελθεῖν
1899 4191 1991 4248 καὶ

333 4283 678 4361 βασιλεῦσαι,
735 4280 954 4354 ἔστησεν
1025 4282 1138 4338 ἐκεῖ
1203 4279 1299 4337 δύο
1372 4281 1578 4346 ’ίππους
1664 4282 1992 4359 κοντούρους

330 4373 889 4447 ἠντζωκοπημένους,
939 4371 1030 4426 καὶ
1082 4370 1307 4446 βωμοὺς
1357 4369 1601 4436 λιθίνους
1643 4369 1994 4447 τετραδικοὺς

329 4463 591 4541 σύνεγγυς
657 4468 756 4519 τοῦ
810 4461 992 4538 Ἀγίου
1068 4464 1274 4528 Φωκᾶ,
1332 4460 1390 4514 ὃν
1468 4459 1630 4525 αὐτὸς
1712 4461 1988 4536 ἀνήγειρε,

331 4553 586 4610 Διίππιον
637 4552 803 4608 αὐτὸν
844 4550 1155 4624 ὀνομάσας·
1209 4548 1380 4605 ἐκεῖσε
1435 4549 1537 4626 γὰρ
1593 4549 1684 4604 καὶ
1729 4549 1988 4628 τέσσαρας

330 4643 542 4708 εῗκόνας
619 4642 679 4698 ἐκ
762 4637 1018 4720 ψηφίδων
1111 4642 1372 4715 χρυσῶν,
1421 4638 1826 4695 Κωνσταντίνου
1898 4639 1988 4696 καὶ

326 4732 547 4805 Ἑλένης

332 4824 632 4900 κρατήσας,
685 4821 776 4876 καὶ
832 4821 924 4875 τὸν
979 4819 1178 4874 Φωκὰν
1237 4818 1580 4894 τιμωρήσας,
1630 4815 1721 4872 καὶ
1785 4816 1985 4882 καύσας

325 4912 379 4968 ἐν
411 4917 480 4987 τῇ
523 4916 620 4968 τοῦ
668 4910 804 4972 Βοὸς
844 4911 1040 4984 ἀγορᾷ,
1072 4906 1298 4982 ἐτίμησε
1333 4907 1425 4962 τὸν
1467 4907 1617 4978 ναὸν,
1647 4907 1739 4962 καὶ
1789 4907 1988 4964 σκεπά-

330 5023 426 5065 σας
456 5001 614 5058 αὖτὸν
647 4999 738 5056 καὶ
784 4998 1158 5073 μετονομάσας
1191 4996 1270 5060 εἰς
1307 4997 1370 5053 τὸ
1417 5001 1512 5052 τοῦ
1553 4996 1705 5073 ἁγίου
1750 4997 1987 5054 ἀποστό-

328 5091 432 5148 λου
462 5093 553 5148 καὶ
585 5088 974 5166 εὐαγγελιστοῦ
1003 5088 1256 5146 Ἰωάννου
1281 5091 1378 5143 τοῦ
1403 5086 1682 5164 Θεολόγου
1715 5083 1914 5164 ὄνομα.

506 5208 636 5285 Περὶ
666 5210 764 5262 τοῦ
795 5203 954 5281 ἁγίου
985 5200 1277 5280 Θεοδώρου
1307 5208 1406 5260 τοῦ
1439 5203 1786 5284 Σφωρακίου.

396 5308 496 5363 Τὸν
545 5307 701 5383 ἅγιον
749 5301 1028 5378 Θεόδωρον
1094 5302 1188 5356 τὸν
1259 5301 1606 5382 Σφωρακίου,
1661 5303 1984 5382 Σφωράκιος

324 5396 608 5471 πατρίκιος
643 5391 844 5451 ἔκτισεν
878 5391 930 5448 ἰν
959 5396 1079 5454 τοῖς
1111 5389 1339 5468 χρόνοις
1371 5389 1661 5466 Ἀρκαδίου
1710 5393 1797 5448 καὶ
1850 5399 1987 5448 Θεο-

327 5485 512 5542 δοσίου
556 5488 678 5540 υἱοῦ
725 5483 913 5540 αὐτοῦ.
963 5483 1182 5539 Ἐκτισε
1230 5477 1289 5536 δὲ
1336 5477 1432 5536 ἕνα
1469 5483 1626 5537 πισὸν
1659 5483 1856 5558 μὲρους
1883 5487 1985 5553 τῆς

325 5575 620 5646 ἐκκλησίας
691 5577 801 5629 τῶν
874 5568 1335 5648 κατηχουμὲνων,
1393 5570 1484 5625 καὶ
1573 5571 1798 5635 ἀπέθετο
1869 5591 1986 5626 κεν-

323 5665 556 5742 τηνάρια
608 5662 838 5740 χρυσίου
887 5661 1014 5738 τρία
1047 5681 1060 5694 ·
1093 5657 1184 5715 καὶ
1241 5657 1526 5735 παρῆλθον
1587 5661 1781 5736 χρόνοι
1816 5659 1936 5736 ρλγθ
1967 5679 1982 5695 .

327 5755 379 5812 ἓν
432 5756 534 5833 γὰρ
582 5759 699 5816 τοῖς
745 5752 972 5829 χρόνοις
1011 5754 1108 5805 τοῦ
1163 5750 1471 5827 Μαυρικίου
1516 5749 1784 5821 ἐπεκαύθη
1823 5750 1986 5828 μέρος

323 5867 378 5902 τι
408 5847 505 5902 τοῦ
534 5847 666 5900 ναοῦ
695 5843 786 5899 καὶ
817 5837 1222 5915 ἀνῳκοδομήθη
1254 5840 1404 5916 παρ’,
1445 5837 1632 5912 αὐτοῦ,
1664 5840 1850 5904 κτίσας
1895 5838 1986 5897 καί

2078 704 2270 758 totum
2329 719 2399 759 ex
2469 721 2614 760 auro
2685 705 3032 777 conﬂatum,
3090 705 3152 762 in
3225 722 3342 779 quo
3401 711 3459 761 et
3513 704 3756 778 positus

2089 796 2203 851 est.

2325 908 2403 962 De
2431 907 2631 963 statuis
2658 919 2785 979 quae
2813 908 2944 960 sunt
2970 921 3138 978 super
3165 905 3517 962 miliarium.

2163 1070 2227 1123 In
2260 1069 2485 1125 tornice
2516 1065 2770 1126 Miniarii
2802 1067 3166 1123 Constantini
3190 1083 3256 1123 ac
3277 1066 3506 1123 Helena
3543 1067 3751 1122 statua

2086 1157 2416 1228 eriguntur.
2453 1159 2678 1214 Ibidem
2711 1157 2889 1213 etiam
2924 1157 2994 1213 ad
3029 1156 3314 1212 orientem
3346 1154 3559 1212 visitur
3584 1170 3749 1221 crux,

2089 1262 2263 1317 quam
2299 1246 2411 1318 ipsi
2444 1249 2700 1319 gestant.
2738 1246 2802 1301 In
2834 1245 3028 1302 medio
3059 1248 3257 1302 autem
3286 1242 3479 1301 crucis
3502 1247 3594 1300 est
3634 1243 3752 1300 for-

2087 1339 2234 1391 tuna
2282 1335 2467 1406 urbis,
2518 1335 2744 1391 scilicet
2798 1338 3005 1392 catena
3054 1334 3258 1392 clausa
3304 1337 3481 1408 atque
3528 1332 3755 1406 magico

2089 1429 2454 1496 consecrata,
2487 1425 2649 1482 omni
2680 1425 3005 1498 figurarum
3057 1440 3269 1498 genere
3319 1423 3634 1492 instructa,
3691 1425 3758 1479 ut

2091 1513 2232 1570 urbs
2264 1514 2532 1570 omnium
2567 1514 2831 1586 gentium
2863 1515 3072 1570 victrix
3101 1518 3276 1581 esset,
3301 1518 3358 1570 et
3386 1514 3462 1570 ab
3493 1512 3756 1570 hostium

2091 1603 2540 1660 incursionibus
2583 1604 2790 1671 libera,
2839 1604 2920 1659 ita
2968 1608 3035 1660 ut
3079 1621 3208 1661 eam
3261 1620 3368 1660 nec
3411 1603 3596 1671 adire,
3648 1618 3754 1658 nec

2090 1692 2299 1750 laedere
2329 1697 2594 1765 possent,
2645 1693 2747 1750 sed
2799 1693 3000 1749 statim
3053 1692 3225 1766 quasi
3264 1692 3451 1760 victe,
3501 1695 3754 1748 retroce-

2091 1785 2316 1842 derent.
2350 1787 2413 1841 In
2445 1785 2649 1841 eodem
2675 1783 2948 1841 Milliario
2979 1784 3182 1856 positas
3225 1783 3502 1840 visuntur
3542 1786 3752 1838 statua

2091 1879 2234 1932 tres.
2312 1873 2545 1947 Sophias
2621 1873 2848 1929 scilicet
2917 1872 3119 1928 uxoris
3173 1871 3410 1943 {Justini
3481 1870 3750 1938 Thracis,

2090 1963 2314 2020 Arabia
2373 1962 2494 2019 ﬁlio
2547 1979 2771 2028 eorum,
2843 1979 2910 2019 ac
2973 1961 3317 2019 eorumdem
3378 1960 3574 2033 neptis
3638 1959 3749 2016 He-

2091 2053 2254 2110 lenas.

2608 2142 2682 2199 De
2709 2145 2893 2198 statua
2923 2140 3226 2197 Theodosii.

2161 2231 2224 2287 In
2257 2231 2412 2288 dicto
2443 2229 2715 2288 Milliario
2746 2229 3030 2286 collocata
3077 2235 3167 2286 est
3214 2233 3412 2286 statua
3456 2227 3751 2300 equestris

2088 2319 2398 2378 Theodosii
2431 2336 2502 2378 ex
2529 2336 2663 2389 aere,
2694 2335 2876 2376 manu
2908 2334 3153 2392 pomum
3186 2317 3464 2386 tenentis;
3483 2316 3543 2372 in
3573 2318 3749 2388 cujus

2090 2410 2458 2467 dedicatione
2514 2425 2807 2466 annonam
2880 2407 3280 2480 largissimum
3349 2405 3566 2480 populo
3623 2406 3752 2477 ipso

2090 2499 2416 2556 distribuit.
2474 2498 2774 2556 Columnae
2833 2503 3032 2554 autem
3092 2513 3220 2570 qua
3277 2495 3398 2552 illic
3452 2496 3750 2563 visuntur,

2090 2605 2226 2644 cum
2258 2589 2385 2646 suis
2417 2588 2616 2661 spiris,
2650 2588 2988 2661 pariterque
3017 2586 3130 2642 illis
3168 2586 3230 2642 in
3277 2584 3600 2659 Artopoliis
3647 2600 3752 2656 po-

2093 2679 2237 2750 sitae,
2271 2695 2498 2735 necnon
2530 2678 2657 2734 alios
2688 2677 3162 2751 szcalariorum
3195 2679 3253 2732 et
3283 2692 3412 2749 quae
3443 2675 3506 2731 in
3544 2673 3755 2731 Chalce

2091 2771 2342 2838 exstant,
2376 2765 2598 2823 multas
2628 2767 2932 2822 continent
2981 2764 3259 2822 historias
3307 2779 3457 2836 quas
3503 2763 3631 2836 ipse
3677 2762 3752 2818 ad

2091 2861 2366 2914 ornatum
2398 2855 2711 2914 inauravit.

2616 2947 2689 3002 Dc
2713 2946 2910 3016 templo
2940 2945 3216 3014 Theologi.

2161 3034 2386 3091 Phocus
2416 3038 2704 3108 tyrannus
2736 3033 3022 3106 templum
3055 3032 3254 3089 Sancti
3284 3033 3484 3090 Phocis
3528 3049 3562 3089 a
3613 3032 3749 3088 fun-

2089 3124 2384 3180 damentis
2415 3122 2703 3179 exstruxit
2731 3123 2792 3178 in
2824 3121 3113 3189 Milliario,
3147 3121 3248 3177 sed
3281 3122 3506 3194 absque
3535 3136 3746 3178 conca-

2091 3213 2431 3270 meratione.
2458 3212 2604 3269 Nam
2631 3211 2752 3267 illic
2781 3216 2907 3268 erat
2935 3210 3187 3267 mutatio
3217 3227 3505 3283 equorum
3535 3227 3748 3268 cursus

2099 3302 2463 3376 publici,quo
2485 3301 2541 3357 in
2569 3301 2694 3358 loco
2717 3317 2924 3357 nervos
2943 3317 3233 3373 equorum
3258 3299 3491 3368 incidit,
3524 3300 3774 3373 quando

2103 3392 2176 3449 ab
2232 3391 2586 3464 imperatore
2646 3389 2928 3447 Mauricio
2985 3387 3194 3446 baculo
3269 3405 3588 3461 percussus
3653 3393 3768 3458 est,

2104 3487 2406 3556 propterea
2441 3481 2596 3553 quod
2629 3479 2957 3552 epistolam,
3009 3495 3188 3551 quam
3234 3493 3304 3535 ex
3357 3478 3769 3552 Longobardis

2106 3572 2178 3628 ab
2211 3571 2470 3628 exercitu
2502 3568 2782 3642 stipendii
2816 3568 3055 3641 petendi
3084 3585 3264 3624 causa
3294 3567 3539 3636 missus,
3567 3567 3772 3625 aﬂ‘ere-

2102 3661 2227 3730 bat,
2259 3660 2474 3717 lanceas
2522 3659 2764 3732 alligare
2809 3675 2992 3714 ausus
3039 3661 3215 3714 esset.
3270 3661 3583 3730 Postquam
3629 3673 3768 3714 vero

2101 3750 2196 3806 die
2246 3749 2625 3822 Hippodromi
2679 3752 3038 3820 conquestus
3085 3751 3262 3817 esset,
3318 3751 3560 3820 accepta
3607 3748 3768 3804 rede-

2103 3838 2246 3895 undi
2280 3838 2576 3908 facultate,
2608 3838 2879 3894 adductis
2912 3837 3078 3910 equis
3108 3837 3404 3894 discessit.
3436 3837 3516 3893 lis
3566 3840 3764 3893 autem

2102 3927 2201 4000 qui
2234 3927 2453 3983 residui
2484 3933 2650 3983 erant
2689 3927 3001 3993 enervatis,
3050 3927 3110 3980 in
3161 3924 3632 3997 Longobardiam
3661 3941 3766 3982 ve-

2105 4017 2212 4088 nit,
2245 4033 2378 4073 cum
2414 4017 2604 4074 adhuc
2637 4015 2947 4090 plagarum
2997 4015 3216 4071 vibices
3266 4019 3592 4082 manerent,
3645 4030 3766 4088 qua

2103 4107 2177 4164 de
2222 4123 2405 4164 causa
2451 4108 2524 4163 ab
2572 4105 2829 4162 exercitu
2885 4107 2957 4161 ad
3001 4103 3320 4177 imperium
3369 4109 3606 4161 evectus
3649 4106 3759 4160 est.

2103 4200 2305 4268 Itaque
2353 4211 2622 4252 reversus
2670 4199 2727 4250 et
2774 4195 3026 4267 imperio
3077 4193 3320 4266 potitus,
3376 4192 3528 4250 duos
3574 4210 3761 4266 equos

2101 4289 2407 4344 enervatos
2438 4285 2520 4340 ibi
2558 4284 2886 4350 constituit,
2937 4300 3190 4356 arasque
3220 4283 3560 4356 [quadratas
3608 4283 3760 4357 lapi-

2100 4377 2241 4432 deas
2271 4392 2452 4448 prope
2479 4375 2766 4448 templum
2798 4377 2854 4430 8.
2890 4374 3094 4430 Phocea
3126 4390 3160 4430 a
3206 4390 3270 4430 se
3318 4373 3648 4441 conditum,
3701 4378 3762 4431 et

2098 4462 2293 4519 locum
2318 4461 2618 4535 Diippium
2640 4461 3219 4518 nominavit.1bidem
3241 4477 3475 4534 quoque
3503 4465 3761 4534 quatuor

2101 4551 2390 4625 imagines
2415 4550 2783 4608 Constantini
2818 4554 2878 4607 et
2908 4551 3135 4608 Helene
3166 4568 3236 4607 ex
3265 4551 3461 4608 aureis
3499 4550 3759 4610 tessellis

2099 4642 2371 4699 confecit.
2403 4644 2687 4698 Caeterum
2719 4641 3024 4698 Heraclius
3071 4640 3173 4696 ubi
3221 4641 3282 4696 in
3337 4641 3545 4698 urbem
3599 4641 3762 4698 venit

633 4730 942 4807 ἱστόρησεν.
1002 4729 1064 4787 Ὁ
1124 4725 1182 4784 δὲ
1247 4725 1567 4805 Ἡράκλειος
1630 4725 1846 4799 ἐλθὼν,
1896 4730 1982 4785 καὶ

2100 4735 2156 4788 et
2181 4731 2497 4804 imperium
2531 4729 2816 4802 suscepit,
2849 4733 2908 4785 et
2935 4729 3190 4785 Phocam
3223 4728 3516 4786 ulciscens
3539 4729 3600 4785 in
3629 4729 3755 4786 foro

2094 4819 2266 4876 Bovis
2295 4819 2554 4876 flammis
2586 4818 2832 4886 exussit,
2863 4818 3153 4890 templum
3188 4816 3336 4873 illud
3370 4817 3618 4889 ornavit,
3669 4823 3756 4875 te-

2095 4913 2304 4982 ctoque
2333 4908 2584 4981 operuit,
2617 4911 2674 4964 et
2703 4911 3063 4964 commutato
3094 4906 3352 4976 nomine,
3384 4912 3590 4965 sancto
3620 4925 3758 4982 apo-

2095 4998 2244 5056 stolo
2274 5001 2333 5056 et
2361 4996 2730 5072 evangelista
2772 4996 2988 5053 Joanni
3039 4995 3389 5068 cognomine
3436 4995 3754 5072 Theologo,

2095 5087 2328 5145 dicavit.

2371 5205 2445 5260 De
2471 5206 2656 5260 sancto
2693 5202 2961 5260 Theodoro
2991 5200 3286 5273 Sphoracii
3311 5201 3499 5260 dicto.‘

2167 5302 2451 5359 Sanctum
2529 5299 2900 5357 Theodorum
2987 5297 3291 5369 Sphoracii
3365 5298 3754 5373 appellatum,

2095 5392 2454 5466 Sphoracius
2486 5390 2772 5463 patricius
2805 5386 3492 5462 condidit,'temp0ribus
3522 5391 3759 5449 Arcadii

2095 5497 2163 5540 ac
2214 5481 2321 5538 ﬁlii
2378 5483 2507 5554 ejus
2566 5479 2901 5537 Theodosii.
2960 5477 3259 5534 Exstruxit
3314 5480 3453 5536 item
3514 5481 3752 5554 pinsum

2095 5589 2283 5630 unum
2322 5571 2383 5627 in
2429 5571 2531 5626 illa
2580 5575 2741 5644 parte
2797 5567 3056 5625 ecclesias
3111 5585 3243 5640 qua
3300 5569 3756 5629 catechumeno-

2097 5679 2229 5718 rum
2279 5665 2389 5729 est,
2437 5678 2503 5716 ac
2549 5660 2673 5715 auri
2726 5657 3062 5714 centenaria
3111 5657 3226 5714 tria
3283 5657 3401 5713 illic
3459 5659 3756 5732 deposuit.

2094 5751 2325 5823 Elapsis
2356 5754 2553 5807 autem
2587 5747 2760 5805 annis
2791 5751 3029 5804 centum
3065 5746 3305 5820 triginta
3333 5747 3758 5822 tribus,t‘empli

2095 5858 2236 5914 pars
2268 5840 2536 5913 quadam
2569 5837 2680 5896 sub
2713 5835 2998 5894 Mauricio
3029 5835 3438 5909 conﬂagravit,
3469 5839 3526 5893 et
3555 5833 3628 5894 ab
3659 5851 3756 5897 eo-
