4124 6386
343 460 502 521 1107

1295 454 1697 518 ΑΡΡΕΝΒΙΧ
1737 458 1841 516 AD
1887 454 2351 518 MICHAELEM
2399 456 2786 520 PSELLUM.

3623 454 3782 517 1208

349 592 487 646 dem
509 592 842 645 restaurata
863 592 973 656 est;
994 605 1110 660 qua
1130 589 1452 645 oratorium
1486 604 1717 660 quoque
1747 588 1807 643 S.
1840 588 2011 648 Geor_

2133 584 2413 660 ιύκτήριον
2444 590 2547 641 τοῦ
2581 587 2766 663 Ἀγίου
2797 588 3093 663 Γιωργίου.
3130 587 3253 643 Ἐπὶ
3295 582 3353 640 δὲ
3381 588 3482 651 τῆς
3517 584 3786 659 αὐτοκραο

346 681 428 753 gii
458 679 764 737 exstruxit.
802 683 1133 752 Imperante
1167 686 1362 735 autem
1397 681 1587 736 Leone
1618 679 1813 735 Basilii
1868 677 2008 749 ﬁlio,

347 771 656 827 Romanus
689 769 934 841 quidam
969 769 1177 825 orandi
1220 786 1400 825 causa
1447 768 1670 841 templa
1719 767 1885 823 urbis
1930 767 2016 822 in-

345 861 570 927 visens,
659 859 1076 916 animadvertit
1160 858 1374 913 litteris
1458 857 1684 913 Latinis
1763 856 2010 912 incisum

348 948 608 1022 lapidem
663 949 723 1004 in
783 948 954 1019 pineo
1008 965 1021 1002 :
1076 947 1292 1015 quibus
1349 947 1619 1017 perlectis
1680 944 2014 1017 imperatori

349 1053 565 1095 aurum
585 1036 1003 1093 absconditum
1027 1035 1325 1092 indicavit.
1364 1035 1626 1102 Quicum
1652 1051 1717 1090 eo
1758 1035 2018 1091 misisset

349 1144 418 1184 ac
450 1124 790 1198 depositum
821 1126 1169 1195 accepisset,
1200 1126 1399 1197 ipsum
1452 1125 1510 1180 in
1563 1125 1827 1179 ordinem
1880 1124 2016 1179 illu—

352 1216 568 1273 strium
591 1216 976 1289 allegit,datis
997 1215 1112 1288 ipsi
1135 1217 1194 1270 in
1219 1218 1548 1272 mercedem
1583 1216 1823 1287 triginta
1851 1216 2018 1272 libris

354 1312 603 1363 monetae
631 1306 898 1378 signatae.
932 1306 1218 1361 Excitavit
1264 1306 1403 1362 item
1455 1307 1615 1362 idem
1662 1307 2018 1378 Sphoracius

356 1395 754 1451 Prtscursoris
790 1400 1071 1463 statuam,
1100 1411 1228 1465 quos
1251 1393 1310 1450 in
1342 1396 1565 1452 concha
1595 1397 1800 1467 templi
1825 1382 2019 1452 Sancti

351 1483 702 1540 Theodorici
733 1489 926 1540 erecta
955 1488 1063 1539 est.

1005 1575 1083 1629 De
1115 1574 1408 1644 Octogono.

428 1662 827 1718 Tetradisium
861 1661 1226 1734 Octagonum
1254 1670 1343 1720 est
1393 1663 1562 1729 illud,
1622 1666 1680 1718 in
1729 1680 1846 1734 quo
1890 1667 2018 1719 octo

353 1754 524 1807 erant
582 1749 869 1822 porticus,
929 1750 1050 1806 sive
1107 1750 1235 1806 loca
1295 1758 1722 1807 concamerata.
1783 1750 1906 1806 Illic
1965 1763 2018 1805 et

353 1840 621 1895 doctores
643 1839 910 1895 omnium
929 1841 1308 1896 scientiarum
1326 1836 1452 1895 com
1465 1843 2019 1911 morabantur,quos

355 1943 590 1999 semper
610 1928 1002 2001 imperatores
1023 1930 1082 1985 in
1105 1929 1419 1985 consilium
1444 1932 1513 1986 ad
1526 1930 2017 1999 hibebant,ncque

355 2016 682 2089 quidquam
712 2017 840 2072 sine
886 2016 1007 2073 illis
1064 2019 1335 2090 agebant.
1390 2018 1467 2073 Ex
1508 2018 1717 2073 horum
1769 2034 2013 2073 numero

356 2104 695 2177 patriarcha
723 2108 774 2161 el
810 2107 1066 2177 episcopi
1096 2106 1463 2163 creabantur.
1507 2107 1774 2163 Proxime
1817 2113 2014 2162 autem

355 2193 665 2250 basilicam
695 2201 839 2262 erat,
876 2196 1227 2267 duravitque
1258 2195 1724 2267 quadringentos
1763 2203 1821 2251 et
1871 2213 2012 2266 qua-

352 2283 682 2340 tuordecim
716 2300 906 2340 annos
938 2300 1132 2356 usque
1165 2285 1235 2340 ad
1289 2284 1582 2341 decimum
1633 2301 1854 2341 annum
1905 2286 2013 2339 im-

351 2371 498 2442 perii
531 2370 734 2429 Leonis
787 2374 996 2441 Isauri,
1046 2373 1238 2446 patris
1288 2372 1661 2431 Constantini
1708 2371 2013 2430 Caballini.

355 2460 456 2516 ilic
486 2461 645 2517 enim
677 2460 871 2517 divina
903 2461 1168 2534 privatus
1199 2463 1409 2535 gratia,
1446 2468 1621 2535 atque
1658 2480 1725 2518 ea
1779 2463 2016 2534 penitus

350 2548 661 2622 spoliatus,
693 2566 828 2607 cum
866 2552 1139 2608 monachi
1177 2552 1389 2608 stolido
1420 2553 1549 2623 ejus
1596 2552 1872 2607 instituto
1922 2564 2015 2606 as'

348 2639 558 2696 sentiri
608 2638 854 2710 nollent,
908 2640 1096 2696 iratus
1147 2644 1449 2696 sarmenta
1496 2640 1774 2713 lignaque
1823 2639 2017 2711 colligi

342 2727 551 2798 jussit,
581 2728 1032 2800 combussitque
1064 2730 1383 2785 aedilicium
1423 2729 1667 2801 illud,ac
1697 2728 2015 2797 sexdecim,

349 2815 452 2889 qui
481 2816 604 2873 illic
638 2821 825 2886 erant,
861 2818 1204 2873 monachos.

1039 2925 1111 2980 De
1139 2925 1334 2980 Lauso.

405 3011 707 3068 Lausiaca
736 3012 951 3068 domus
980 3019 1105 3069 erat
1137 3014 1311 3070 Lausi
1346 3012 1573 3086 patricii
1606 3020 1664 3070 et
1694 3013 2011 3085 praepositi,

353 3101 455 3172 qui
487 3099 706 3156 multos
734 3102 921 3172 gessit
949 3100 1734 3175 magistratus,magnosque
1764 3104 2013 3174 adeptus

352 3193 444 3244 est
474 3188 747 3256 honores,
797 3189 911 3244 sub
960 3190 1212 3246 Arcadio
1256 3190 1570 3247 Theodosii
1625 3190 1821 3263 Magni
1869 3190 2008 3246 lilio.

351 3276 667 3333 Exornavit
696 3282 893 3334 autem
928 3278 1098 3334 istam
1133 3280 1375 3335 domum
1409 3278 1586 3334 variis
1619 3280 2011 3350 pretiosisque

347 3365 672 3424 columellis
701 3371 758 3421 et
815 3368 1237 3425 marmoribus.
1287 3368 1574 3424 Ceterum
1630 3369 1753 3424 htec
1797 3370 2011 3424 domus

346 3472 465 3510 una
493 3459 615 3510 erat
646 3470 714 3509 ex
746 3454 1053 3511 duodecim
1088 3455 1458 3511 Constantini
1512 3457 1731 3529 Magni,
1783 3457 1840 3511 in
1892 3472 2010 3527 qua

346 3542 561 3615 aquilas
608 3542 874 3615 lapideae,
927 3551 985 3599 et
1036 3544 1267 3615 phialas,
1317 3550 1376 3599 et
1445 3546 1685 3617 gradus,
1737 3552 1794 3600 et
1840 3544 2013 3600 bases

349 3632 666 3701 quadratae,
700 3632 771 3687 ad
805 3638 1082 3688 ornatum
1116 3634 1280 3688 urbis
1312 3640 1473 3689 stant
1503 3635 1573 3689 ad
1624 3634 1775 3690 hanc
1824 3650 2013 3706 usque

344 3719 524 3776 diem.
598 3721 868 3776 Proxime
943 3728 1141 3777 autem
1206 3721 1458 3778 Milliarii
1537 3740 1736 3778 arcum
1814 3728 2009 3779 exsta-

353 3810 456 3867 bat
511 3813 710 3867 statua
777 3811 1072 3882 equestris
1129 3811 1369 3883 Trajani
1429 3816 1487 3867 et
1542 3812 1854 3869 Theodosii
1907 3814 2011 3870 Ju-

350 3897 555 3956 nioris.

1045 3991 1122 4046 De
1152 3993 1312 4048 Foro.

417 4078 632 4135 Forum
684 4079 756 4135 ad
802 4078 1015 4135 Oceani
1044 4079 1453 4147 timitationem
1503 4081 1774 4139 circulari
1823 4084 2012 4139 forma

346 4166 648 4223 conditum
683 4168 813 4223 fuit.
846 4168 1072 4225 Ibidem
1105 4169 1474 4241 horologium
1508 4188 1759 4243 aeneum,
1810 4171 2009 4244 Cyzico

342 4255 693 4322 deductum,
735 4255 1087 4313 collocatum
1117 4262 1263 4314 erat.

466 4344 543 4400 De
569 4345 774 4399 statuis
803 4345 864 4399 in
894 4362 1030 4402 arcu
1056 4361 1289 4404 camerae
1317 4350 1449 4404 Fari
1473 4350 1883 4407 assistentibus.

417 4520 485 4577 In
516 4536 656 4577 arcu
686 4537 931 4578 camera
961 4523 1091 4580 Fori
1137 4526 1339 4596 posita:
1384 4526 1665 4583 visuntur
1711 4529 1840 4583 duas
1885 4532 2010 4583 sta-

340 4610 711 4680 tue,Helene
734 4611 959 4669 scilicet
983 4620 1042 4670 et
1067 4614 1530 4683 Constantini,et
1561 4617 1617 4671 in
1651 4633 1852 4673 earum
1888 4634 2008 4673 me-

2084 2637 2215 2699 ,καὶ
2301 2636 2542 2711 φρύγανα
2625 2638 2925 2709 προστάξας
3011 2635 3366 2709 ἁθροϊσθῆναι
3450 2633 3539 2687 καὶ

2120 674 2307 750 τορίας
2340 677 2566 738 Λέοντος
2598 674 2694 731 τοῦ
2724 677 2844 731 υἱοῦ
2898 674 3186 733 Βασιλείου
3235 674 3477 738 ἀνελθὼν
3510 673 3786 747 Ῥωμαῖός

2122 784 2206 825 τις
2262 769 2360 818 τοῦ
2420 762 2666 838 εὔξασθαι
2725 764 2801 829 είς
2853 763 2981 829 τοὺς
3038 763 3199 828 ναοὺς
3254 770 3354 833 τῆς
3407 761 3646 830 πόλεως,
3679 758 3791 815 εἶδε

2123 854 2369 926 Ῥωμαῖα
2398 858 2699 928 γράμματα
2730 854 2914 910 λίθινα
2942 854 3124 911 ἐπάνω
3163 858 3261 909 τοῦ
3313 856 3526 923 πινσοῦ,
3560 851 3649 907 καὶ
3690 847 3790 906 δύ-

2124 964 2284 1014 ναμιν
2318 944 2497 999 αὐτῶν
2528 945 2688 1017 γνοὺς
2726 943 2988 1019 ἐγνώρισε
3013 949 3095 1016 τῷ
3147 940 3365 1017 βασιλεῖ
3413 943 3606 996 Λέοντι
3659 939 3791 1013 περὶ

2126 1032 2358 1106 χρυσίου
2404 1034 2574 1103 τινὸς,
2623 1032 2713 1089 καὶ
2764 1032 3102 1103 στείλαντος,
3133 1032 3225 1087 καὶ
3268 1024 3793 1103 ἀναλαμϐανομένου

2124 1125 2312 1187 ταῦτα,
2358 1121 2610 1193 ἐποίησεν
2661 1123 2822 1177 αὐτὸν
2866 1122 3265 1194 ἰλλούστριον,
3319 1118 3447 1182 δοὺς
3500 1117 3647 1191 αὖτῷ
3700 1118 3790 1172 καὶ

2127 1210 2389 1285 χάραγμα
2442 1211 2628 1285 λίτρας
2662 1211 2729 1268 λ’.
2760 1213 3041 1286 Ἀνήγειρε
3092 1208 3150 1265 ὃὶ
3198 1212 3227 1264 ὁ
3264 1209 3425 1270 αὐτὸς
3469 1206 3794 1284 Σφωράκιος

2126 1300 2217 1353 καί
2247 1300 2338 1354 τὸν
2372 1297 2721 1375 Ιιρόὸρομον,
2752 1302 2843 1355 τὸν
2874 1301 2949 1362 είς
2982 1302 3081 1369 τήν
3107 1299 3319 1375 κόγχην
3365 1302 3464 1352 τοῦ
3515 1301 3646 1351 ναοῦ
3694 1301 3789 1350 τοῦ

2128 1388 2312 1465 Ἀγίου
2345 1387 2630 1462 Θεοδώρου
2660 1389 3015 1465 τυγχάνοντα.

2615 1566 2744 1640 Πιρί
2782 1572 2879 1623 τοῦ
2920 1566 3288 1641 Ὀκταγώνου.

2198 1656 2268 1711 Τὸ
2327 1654 2385 1711 δὲ
2441 1654 2782 1731 Τετραδίσιον
2838 1656 3152 1730 ὀκτάγωνόν
3203 1653 3347 1710 ἔστιν
3394 1652 3472 1716 εἷς
3519 1650 3796 1707 δί’σταντο

2128 1746 2278 1800 στοαὶ
2328 1745 2492 1816 ὀκτὼ,
2521 1745 2694 1820 ἤγουν
2753 1743 3136 1821 καμαροειδεῖς
3187 1745 3370 1812 τόποι,
3403 1742 3492 1798 καὶ
3538 1739 3795 1797 διδάσκα-

2129 1834 2218 1891 λοι
2250 1833 2419 1890 ἐκεῖσε
2447 1834 2746 1910 ἐτύγχανον
2799 1835 3222 1909 οἶκουμενικῶν,
3255 1833 3345 1888 καὶ
3392 1833 3442 1886 οἱ
3486 1831 3621 1886 κατὰ
3667 1852 3794 1885 και-

2050 1964 2096 2028 Β
2130 1923 2256 1996 ροὺς
2321 1926 2564 1999 βασιλεῖς
2610 1930 2728 1986 τοῖς
2773 1924 2944 1979 ἐκεῖσε
3001 1920 3356 1983 διδασκάλοις
3404 1916 3788 1988 ἐϐουλεύοντο,

2200 2012 2212 2028 ι
2290 2011 2361 2028 ςλκ
2455 2012 2475 2027 ν
2882 2013 2892 2025 1
3030 2014 3042 2028 ἱ
3093 2017 3119 2027 ηρ
3218 2010 3265 2028 9.
3337 2011 3362 2028 1-
3496 2009 3506 2028 1
3767 2010 3781 2028 ‘

2125 2012 2213 2068 καὶ
2248 2011 2400 2067 οὐδὲν
2452 2012 2711 2087 ἔπραττον
2752 2013 2928 2089 χωρὶς
2984 2010 3267 2081 unum,“
3321 2011 3397 2065 ὧν
3451 2009 3639 2086 γέγονε
3693 2010 3784 2064 καὶ

2126 2103 2478 2179 πατριάρχης
2528 2102 2616 2157 καὶ
2672 2103 2977 2158 ἐπίσκοποι.
3022 2101 3263 2171 Πλησίον
3314 2097 3372 2155 δὶ
3410 2106 3510 2169 τῆς
3572 2097 3790 2175 βασιλι-

2124 2195 2226 2257 κῆς
2272 2192 2359 2261 ἦν,
2392 2192 2481 2246 καὶ
2533 2188 2813 2266 διήρκεσεν
2875 2188 2968 2261 ἔτη
3030 2187 3152 2261 υιδ’,
3189 2188 3355 2265 μέχρι
3405 2193 3503 2243 τοῦ
3555 2185 3785 2242 δεκάτου

2127 2279 2331 2355 χρόνου
2389 2281 2621 2342 Λέοντος
2677 2285 2772 2334 τοῦ
2842 2283 3192 2355 Συρογενοῦς,
3251 2282 3347 2332 τοῦ
3417 2277 3619 2352 πατρὸς
3684 2281 3787 2331 τοῦ

2127 2364 2454 2426 Καϐαλίνου.
2502 2370 2859 2443 Περι-τραπεὶς
2922 2366 2979 2423 δὲ
3028 2371 3126 2433 τῆς
3187 2367 3332 2428 Θείας
3393 2367 3646 2441 χάριτος,
3693 2364 3788 2419 καὶ

2124 2458 2324 2527 ταύτης
2352 2458 2681 2534 γυμνωθεὶς,
2716 2455 2805 2513 διὰ
2842 2458 2904 2513 τὸ
2949 2458 3026 2530 μὴ
3072 2460 3455 2533 συγκοινωνεῖν
3501 2453 3630 2516 τοὺς
3685 2475 3790 2527 μο-

2126 2546 2326 2622 ναχοὺς
2354 2551 2422 2620 τῇ
2459 2548 2659 2619 ματαίᾳ
2691 2548 2854 2601 αὐτοῦ
2897 2546 3158 2618 ἐνστάσει,
3191 2545 3368 2617 θυμοῦ
3418 2540 3475 2598 δί
3521 2540 3793 2612 πλησθεὶς

3628 2629 3788 2703 ξύλα,

2125 2726 2447 2779 κατέκαυσεν
2504 2724 2719 2790 αὐτοὺς,
2778 2725 2866 2779 καὶ
2926 2722 3049 2787 τοὺς
3109 2723 3278 2778 ἐκεῖσε
3334 2717 3492 2783 όντας
3552 2718 3675 2775 δέκα
3732 2718 3789 2789 ’ἐξ

2129 2812 2428 2888 μοναχούς.

2678 2920 2806 2993 Περὶ
2843 2924 2942 2975 τοῦ
2981 2920 3217 2976 Λαύσου.

2197 3010 2280 3067 Τὰ
2313 3007 2370 3064 δὲ
2404 3009 2616 3065 Λαύσου
2647 3011 2794 3071 οἶκος
2822 3010 2891 3079 ἦν
2923 3008 3138 3064 Λαύσου
3177 3008 3470 3081 πατρικίου
3496 3005 3585 3060 καὶ
3616 3025 3787 3078 πραι-

2122 3098 2374 3166 ποσίτου,
2409 3100 2555 3160 ὅστις
2607 3098 2781 3174 ἀρχὰς
2820 3097 3036 3160 πολλὰς
3081 3098 3169 3153 καὶ
3221 3094 3377 3168 δόξας
3427 3093 3676 3165 διήνυσεν
3728 3093 3780 3148 ἓν

2120 3194 2237 3250 τοῖς
2271 3189 2496 3263 χρόνοις
2530 3186 2820 3263 Ἀρκαδίου
2848 3192 2947 3243 τοῦ
2977 3188 3098 3242 υἱοῦ
3127 3191 3226 3241 τοῦ
3274 3182 3533 3259 Μεγάλου
3578 3179 3781 3238 Θεοδο-

2123 3276 2264 3333 σίου.
2300 3276 2606 3348 Ἐκόσμησε
2637 3274 2694 3331 δὶ
2724 3276 2885 3332 αὐτὸν
2916 3274 3005 3331 διὰ
3034 3274 3306 3331 ποικίλων
3340 3274 3429 3329 καὶ
3461 3269 3785 3329 πολυτελῶν

2127 3370 2339 3439 μικρῶν
2370 3365 2566 3421 κιόνων
2620 3366 2710 3421 καὶ
2759 3366 3081 3441 μαρμάρων.
3115 3367 3177 3422 Ὁ
3228 3361 3286 3419 δὲ
3335 3366 3588 3425 τοιοῦτος
3635 3361 3789 3423 οἶκος

2120 3453 2181 3509 ἐκ
2210 3458 2315 3509 τῶν
2347 3451 2558 3509 δώδεκα
2589 3452 2753 3509 οἶκων
2787 3454 3049 3531 ἐτύγχανε
3090 3459 3187 3510 τοῦ
3217 3451 3475 3529 Μεγάλου
3509 3456 3789 3509 Κωνσταν-

2118 3543 2293 3609 τίνου,
2327 3542 2380 3596 ἐν
2412 3544 2459 3615 ᾧ
2488 3544 2577 3598 καὶ
2609 3543 2757 3598 ἀετοὶ
2790 3543 3014 3611 λίθινοι,
3045 3544 3132 3599 καὶ
3174 3542 3389 3621 φιάλαι,
3419 3542 3507 3596 καὶ
3559 3539 3789 3617 βαθμοὶ,

2119 3631 2210 3686 καὶ
2260 3632 2441 3707 βωμοὶ
2496 3634 2851 3707 τετράγωνοι,
2886 3632 2962 3696 είς
3010 3629 3370 3705 διακόσμησιν
3414 3633 3514 3696 τῆς
3564 3629 3788 3691 πόλεως

2121 3719 2403 3793 ἱστάμεναι
2438 3719 2605 3796 μέχρι
2654 3728 2754 3791 τῆς
2802 3724 3065 3795 σήμερον.
3103 3719 3348 3792 Πλησίον
3398 3717 3455 3775 δὶ
3508 3726 3608 3790 τῆς
3661 3718 3791 3792 ἀψί-

2121 3806 2213 3864 δος
2241 3815 2338 3864 τοῦ
2371 3808 2576 3867 Μιλίου
2619 3808 2797 3882 στήλη
2848 3806 3083 3889 ἔφιππος
3138 3809 3321 3866 ἵστατο
3368 3811 3641 3884 Τραϊανοῦ
3692 3809 3781 3863 καὶ

2121 3895 2414 3953 Θεοδοσίου
2442 3902 2540 3953 τοῦ
2573 3900 2811 3973 Μικροῦ.

2692 3988 2824 4063 Περὶ
2862 3993 2960 4044 τοῦ
3002 3988 3207 4064 Φόρου.

2192 4077 2252 4134 Ὁ
2280 4073 2337 4130 δὲ
2370 4078 2548 4151 Φόρος
2583 4076 2659 4139 εἷς
2696 4077 2933 4150 μίμησιν
2975 4081 3074 4132 τοῦ
3106 4078 3361 4132 Ὠκεανοῦ
3414 4074 3631 4146 ἐκτίσθη
3682 4096 3780 4129 κυ-

2120 4161 2412 4232 κλοειδής·
2466 4166 2554 4220 καὶ
2614 4164 2922 4241 ὡρολόγιον
2981 4165 3152 4222 ἰκεῐσι
3202 4167 3268 4235 ἦν
3320 4162 3590 4241 χαλκοῦν,
3648 4163 3783 4239 ὅπερ

2122 4252 2305 4330 ἔφερεν
2339 4254 2445 4308 ἀπὸ
2477 4254 2730 4323 Κυζίκου.

2121 4341 2253 4418 Περὶ
2304 4348 2413 4398 τῶν
2464 4346 2684 4415 στηλῶν
2727 4348 2837 4399 τῶν
2886 4345 3191 4418 ἱσταμένων
3253 4343 3306 4401 ἐν
3357 4347 3426 4418 τῇ
3480 4339 3637 4417 ἀψίδι
3683 4348 3787 4412 τῆς

2630 4434 2880 4509 καμάρας
2918 4432 3017 4489 τοῦ
3056 4433 3262 4506 Φόρου.

2191 4523 2311 4577 Ὅτι
2342 4521 2393 4577 ἐν
2443 4526 2512 4596 τῇ
2564 4520 2719 4597 ἁψίδι
2767 4531 2867 4593 τῆς
2907 4524 3160 4600 καμάρας
3206 4527 3304 4580 τοῦ
3358 4522 3533 4598 Φόροι
3600 4520 3787 4577 ἵσταν-

2118 4631 2206 4665 ται
2239 4608 2334 4666 δύο
2385 4610 2581 4681 στῆλαι
2612 4611 2837 4683 Ἑλένης
2885 4612 2977 4668 καὶ
3023 4613 3455 4679 Κωνσταντίνου,
3486 4611 3577 4666 καὶ
3623 4631 3782 4665 σταυ-

345 4701 445 4756 dio
471 4716 639 4764 crux,
665 4701 759 4756 cui
792 4702 1142 4775 inscriptum
1196 4711 1288 4760 est
1320 4722 1333 4760 :
1369 4705 1518 4762 Unus
1566 4705 1820 4770 Sanctus,
1869 4722 2012 4761 unus

2133 4701 2213 4765 se,
2274 4701 2434 4774 μέσον
2484 4701 2665 4756 αὐτῶν
2720 4702 2962 4779 γράφων.
3021 4703 3114 4764 Εἷς
3188 4704 3361 4779 ἅγιος,
3422 4701 3496 4765 εἷς
3565 4700 3782 4774 Κύριος,

344 4790 634 4859 Dominus,
664 4791 821 4846 Iesus
854 4791 1099 4848 Christus
1125 4798 1186 4848 in
1214 4795 1398 4862 gloria
1429 4796 1525 4849 Dei
1555 4787 1765 4857 Patris,
1817 4797 2006 4851 Amen.

343 4879 564 5022 Itiidem
624 4879 850 4950 pariter
908 4886 1144 4938 exstant
1194 4883 1324 4938 duae
1383 4882 1728 4954 angelorum
1799 4888 2008 4941 statuas

350 4971 540 5022 satas.

350 4971 540 5024 alata.

500 5075 576 5130 De
604 5090 768 5131 cruce
797 5077 858 5130 in
885 5077 1340 5146 septentrionalis
1367 5086 1527 5147 parte
1554 5076 1847 5134 collocata.

414 5163 479 5217 In
512 5163 960 5234 septentrionali
987 5169 1151 5235 parte
1183 5165 1310 5220 Fori
1344 5167 1610 5222 exstabat
1637 5184 1799 5236 crux,
1823 5168 2012 5224 instar

347 5247 510 5304 illius
541 5267 720 5323 quam
774 5251 1203 5308 Constantinus
1252 5254 1502 5327 Magnus
1546 5256 1603 5310 in
1650 5256 1795 5312 coelo
1842 5257 2009 5326 vidit,

344 5352 491 5393 auro
533 5339 876 5410 obductam,
929 5341 1244 5397 habentem
1297 5344 1355 5398 in
1406 5346 1875 5402 extremitatibus
1922 5363 2009 5401 ro-

341 5426 547 5482 tundis
604 5427 853 5485 malum.
920 5429 1063 5484 Hinc
1118 5430 1255 5488 inde
1312 5438 1437 5487 tam
1495 5433 1620 5502 ipse
1670 5449 1846 5505 quam
1902 5434 2007 5490 ﬁlii

346 5513 477 5584 ejus
534 5530 677 5571 auro
731 5518 968 5574 obducti
1031 5520 1102 5575 ad
1163 5520 1274 5577 hoc
1332 5537 1523 5593 usque
1583 5527 1818 5595 tempus
1882 5540 2005 5581 cer-

349 5604 599 5658 nuntur.

554 5691 634 5747 Ds
654 5690 873 5750 duabus
898 5697 1151 5754 crucibus
1179 5714 1308 5771 quae
1333 5700 1598 5770 deposita
1623 5709 1800 5758 erant.

424 5777 490 5863 In
516 5776 786 5837 inferiori
815 5787 980 5855 parte
1030 5784 1320 5845 columna
1366 5787 1498 5847 Fori
1544 5789 1820 5864 depositas
1862 5795 2005 5850 sunt

2119 4794 2328 4860 Ἰησοῦς
2388 4790 2619 4863 Χριστὸς
2676 4789 2753 4852 εἲς
2836 4789 2990 4862 δόξαν
3073 4796 3209 4847 Θεοῦ
3286 4790 3518 4866 Πατρὸς.
3582 4790 3780 4862 Ἀμήν.

2120 4880 2227 4934 Καὶ
2261 4878 2356 4934 δύο
2386 4876 2757 4955 ταχυδρόμων
2790 4880 3002 4953 ὁμοίως
3036 4879 3234 4947 στῆλαι
3266 4883 3582 4956 πτερωτῶν.

2273 5076 2403 5148 Περὶ
2442 5080 2541 5131 τοῦ
2580 5081 2814 5152 σταυροῦ
2850 5080 2949 5132 τοῦ
2990 5076 3041 5131 ἐν
3081 5080 3162 5148 τῷ
3206 5074 3407 5153 βορείῳ
3450 5086 3622 5149 μὰρει.

2194 5169 2313 5219 Ὅτι
2365 5163 2453 5219 ἐπὶ
2510 5166 2575 5219 τὸ
2637 5165 2850 5239 βόρειον
2929 5165 3094 5241 μέρος
3166 5169 3265 5221 τοῦ
3345 5164 3529 5239 Φόρου
3593 5162 3782 5219 ’ίστατο

2118 5255 2346 5330 σταυρὸς
2406 5254 2481 5316 ὡς
2547 5251 2682 5309 εἶδεν
2751 5254 2910 5310 αὐτὸν
2966 5260 3365 5317 Κωνσταντῖνος
3426 5255 3453 5308 ὁ
3500 5256 3675 5330 Μέγας
3728 5252 3780 5308 ἐν

2117 5349 2197 5415 τῷ
2246 5343 2462 5417 οὐρανῷ
2531 5339 2926 5421 χρυσέμὸαφον
2984 5344 3076 5400 καὶ
3136 5343 3188 5400 ἐν
3244 5350 3362 5407 τοῖς
3416 5343 3786 5418 ἀκρωτηρίοις

2120 5430 2488 5508 στρογγύλοις
2524 5433 2729 5505 μῆλον.
2762 5436 2953 5492 Ἔνθεν
2979 5435 3069 5491 καὶ
3100 5433 3211 5489 υἱοὶ
3254 5432 3418 5489 αὐτοῦ
3443 5434 3784 5508 καθορῶντας,

2118 5516 2502 5598 χρυσὲμϐαφοι
2537 5523 2705 5598 μέχρι
2737 5521 2833 5579 τοῦ
2858 5526 2971 5578 νῦν·

2321 5703 2451 5779 Περὶ
2484 5706 2593 5758 τῶν
2622 5699 2719 5756 δύο
2751 5708 2995 5780 σταυρῶν
3026 5706 3134 5759 τῶν
3172 5702 3565 5778 κεχωσμένων.

2186 5792 2305 5847 "Ott
2366 5791 2607 5856 κάτωθεν
2657 5794 2756 5847 τοῦ
2814 5791 2991 5856 κίονος
3044 5793 3145 5848 τοῦ
3205 5791 3389 5869 Φόρου
3428 5786 3776 5867 κεχωσμίνοι
