4124 6398
425 478 580 539 1209

1559 477 1918 540 ANONYMI
1961 477 2551 550 ANTIQUITATES
2595 480 2714 539 CP.

3682 477 3840 538 1210

405 607 539 664 εἲσὶν
574 608 722 662 οὗτοι
775 609 827 662 οἱ
859 605 954 662 δύο
985 610 1230 682 σταυροὶ,
1263 607 1444 664 καὶτὰ
1489 607 1662 683 βίκιον
1709 612 1808 663 106
1861 608 2056 684 μύρου,

2180 612 2302 666 uuae
2331 611 2445 666 illis
2475 628 2699 680 cruces,
2725 620 2782 668 et
2814 613 3086 668 urceolus
3116 612 3334 668 vitreus
3373 610 3682 682 unguenti,
3716 627 3831 681 quo

408 696 454 767 ᾧ
511 694 778 770 ἠλείψατο
839 698 866 751 ὁ
926 699 1161 770 Ἰησοῦς,
1219 698 1310 753 καὶ
1393 695 1586 752 πολλὰ
1661 696 2062 774 σημειοφορικὰ

2180 701 2454 756 inunctus
2487 702 2594 755 fuit
2623 701 2885 768 Jesus,et
2916 701 3105 756 multa
3129 701 3242 756 alia
3272 700 3834 771 admiranda,quasa

407 782 564 859 ἕτερα
588 787 803 850 τιθέντα
837 787 931 859 μὲν
964 787 1114 861 παρά
1166 790 1261 842 106
1319 786 1576 861 Μεγάλου
1635 785 2060 856 Κωνσταντίνου,

401 875 798 952 ἁσφαλισθέντα
832 873 888 930 δὲ
913 877 1058 950 παρὰ
1087 880 1182 931 106
1212 873 1467 953 Μεγάλου
1498 873 1809 932 Θεοδοσίου.

827 983 958 1057 Περὶ
988 988 1084 1038 106
1116 981 1358 1057 ἅρματος
1391 980 1612 1040 Ἠλίου.

470 1076 590 1126 Ὀτι
638 1073 702 1126 τὸ
751 1073 900 1144 ἅρμα
932 1071 1124 1129 Ἡλίου
1174 1072 1228 1127 ἐν
1277 1074 1524 1148 τετρασιν
1570 1070 1767 1134 ’ίπποις
1816 1071 2064 1144 πυρίνοις

402 1160 722 1234 ίπταμὲνοις
751 1163 900 1236 παρὰ
929 1158 1025 1215 δύο
1069 1159 1286 1230 στηλῶν
1320 1159 1552 1216 ἔκπαλαι
1586 1162 1833 1236 ὑπῆρχεν
1881 1159 1932 1214 ἐν
1987 1164 2064 1230 τῷ

402 1249 583 1325 ὠρείῳ
612 1247 821 1322 Μιλίῳ.
855 1251 1020 1312 Ἔνθα
1066 1248 1381 1321 εὐώημίσθη
1432 1255 1838 1311 Κωνσταντῖνος
1886 1248 1936 1303 ἐν
1983 1252 2063 1319 τῷ

400 1346 615 1407 νικῆσαι
673 1339 959 1407 Ἀζώτιον.
1015 1339 1340 1414 Κατενεχθὶν
1413 1335 1470 1393 δὲ
1535 1339 1598 1394 τὸ
1666 1337 1813 1412 ἅρμα
1879 1337 1930 1392 ὲν
1989 1341 2066 1408 τῷ

401 1426 800 1502 Ἱπποδρομίῳ,
834 1424 1317 1505 δορυφορούμενον
1351 1425 1636 1498 στηλίδιον
1692 1428 1885 1502 μικρὸν
1935 1447 2065 1480 κατ-

402 1518 696 1587 εσκευάσθη
775 1519 924 1591 παρὰ
1001 1515 1409 1571 Κωνσταντίνου
1487 1516 1588 1570 ὑπὸ
1645 1513 1838 1572 Ἡλίου
1912 1513 2069 1598 ιρερόξΔ

403 1627 593 1679 μενον,
623 1605 783 1680 Τύχη
847 1612 948 1674 τῆς
1006 1604 1225 1666 πόλεως
1279 1604 1356 1667 εἷς
1403 1605 1465 1660 τὸ
1514 1605 1692 1678 στάμα
1741 1604 1934 1677 εἰσῄει,
1977 1604 2064 1658 και

403 1695 738 1773 στεφανωθὶν
798 1694 970 1768 ἐξῄει⁶
1007 1693 1214 1758 ἐτίθετο
1261 1691 1317 1749 δὲ
1365 1692 1416 1748 ἐν
1467 1699 1546 1766 τῷ
1599 1693 1817 1766 Σενάτῳ
1865 1695 2066 1767 ἑορτῶν

403 1782 669 1838 ἐπιουσῶν
697 1783 787 1838 καὶ
820 1783 1073 1857 γενεσίων
1100 1790 1202 1851 τῆς
1241 1782 1458 1845 πόλεως
1505 1782 1852 1855 τελουμένων
1881 1802 1892 1814 -
1928 1779 2068 1836 διότι

408 1871 466 1928 δὲ
495 1872 581 1927 ἐπὶ
615 1871 860 1950 κεφαλῆς
912 1873 1138 1946 σταυρὸν
1194 1871 1363 1946 εἶχεν,
1397 1872 1454 1926 ὃν
1509 1872 1738 1946 ἐχάραξε
1789 1875 2066 1928 Κωνσταν·

406 1967 553 2023 τῖνος
581 2005 593 2017 .
652 1961 954 2022 Ἰουλιανὸς

411 2057 633 2124 ’Ἄρειος
694 2051 784 2104 τὸν
836 2047 1091 2124 ἕγθιστον
1143 2050 1368 2104 θάνατον
1421 2050 1526 2104 άπὸ
1567 2054 1667 2114 τῆς
1700 2050 1944 2121 καμάρας
1973 2055 2068 2103 106

416 2140 600 2214 Φόρου
652 2144 748 2194 106
810 2137 1046 2194 Σινάτου
1099 2135 1401 2204 ἀπέδωκεν,
1434 2143 1540 2193 ποῦ
1589 2140 1674 2193 καὶ
1711 2140 1762 2192 οἱ
1792 2139 2067 2214 παρερχό-

416 2227 567 2301 μὲνοι
629 2229 760 2304 οὖρα
815 2232 904 2282 καί
962 2229 1140 2302 κόπρα
1196 2226 1404 2289 ἐτίθουν
1475 2226 1622 2299 αὐτῷ
1685 2231 1765 2300 τῷ
1831 2227 2068 2302 ἐχθίστῳ

417 2317 638 2392 Ἀρείῳ.

964 2495 1094 2570 Περὶ
1124 2499 1221 2550 106
1254 2496 1511 2550 Σενάτου.

478 2587 599 2638 Ὅτι
629 2584 689 2637 τὸ
723 2583 976 2649 Σενάτον,
1008 2586 1084 2647 ὡς
1115 2585 1165 2638 οὶ
1211 2585 1304 2656 μὶν
1357 2584 1633 2660 λέγουσιν,
1676 2583 1726 2653 ἐξ
1775 2583 1953 2658 ἀρχῆς
1998 2584 2064 2652 ἦν

406 2675 514 2728 τῶν
570 2670 926 2728 κωδικὲλλων
986 2671 1402 2748 φυλακτήριονσ
1464 2671 1634 2727 ἐκεῖσε
1689 2673 1792 2748 γὰρ
1841 2673 1893 2725 οἱ
1953 2674 2062 2728 Πα-

404 2763 607 2837 τρίκιοι
639 2757 948 2834 ἐλάμϐανον
1001 2761 1297 2831 αὖτοὺς,ἐν
1354 2763 1400 2833 ᾧ
1456 2783 1515 2817 τε
1572 2761 1661 2816 καὶ
1715 2759 2063 2836 Καλλίστρα-

406 2872 501 2912 τος
556 2856 774 2926 πρῶτον
827 2852 927 2919 τήν
991 2851 1138 2921 ἀξίαν
1191 2855 1290 2906 106
1349 2851 1553 2906 ὑπάτου
1601 2848 1774 2905 ἐκεῖσε
1827 2849 2062 2922 ἰδὲξατο,

411 2944 510 2994 τοῦ
543 2937 723 3012 δήμου
756 2941 1069 3016 κράξαντος,
1102 2938 1518 3014 Καλλίστρατος
1552 2938 1788 3013 εὐτυχὴς
1834 2939 1924 2994 καὶ
1984 2937 2064 3000 εἷς

413 3026 554 3083 ἄλλο
614 3029 909 3103 προκόψει·
968 3031 996 3084 ὁ
1055 3026 1113 3084 δὲ
1169 3026 1432 3106 φοϐηθεὶς
1489 3029 1797 3104 προσὲφυγε
1851 3032 1918 3102 τῇ
1976 3027 2061 3082 ἰκ-

407 3116 628 3189 κλησίᾳ.
689 3124 1094 3180 Κωνσταντῖνος
1154 3114 1211 3172 δὲ
1267 3115 1581 3190 ἐξωμόσατο
1652 3119 1727 3189 μὴ
1807 3113 2063 3186 ἀδικῆσαι

406 3207 590 3264 αὐτόν.
642 3209 703 3265 Ὀ
759 3205 817 3262 δὲ
877 3208 952 3280 μὴ
1023 3206 1394 3282 ἀνασχόμενος
1454 3205 1844 3281 ἐχειροτονήθη
1895 3226 2062 3282 πρεσ-

403 3290 647 3371 ϐύτερος,
681 3296 792 3351 εἶτα
831 3295 1152 3358 ἐπίσκοπος.

406 3401 534 3478 Περὶ
584 3407 683 3458 τοῦ
729 3405 974 3467 τεθέντος
1026 3403 1328 3479 στοιχείου,
1358 3403 1446 3458 καὶ
1478 3406 1575 3457 106
1607 3401 1812 3476 Φόρου,
1843 3401 1934 3457 καὶ
1963 3408 2061 3472 τῆς

1113 3473 1348 3546 στηλης.

480 3565 724 3628 Κάτωθεν
759 3561 817 3619 δὲ
845 3568 943 3620 τοῦ
980 3563 1164 3628 κίονος
1191 3568 1289 3620 106
1339 3563 1524 3638 Φόρου
1567 3561 1720 3635 ἰτέθη
1774 3563 1863 3619 καὶ
1914 3561 2062 3618 Παλ-

405 3651 595 3708 λάδιον
647 3655 947 3730 στοιχεῖον,
980 3653 1070 3708 καὶ
1113 3650 1268 3725 ἕτερα
1314 3651 1502 3707 πολλά
1548 3654 1971 3728 σημειοφορικά.
2001 3653 2064 3710 Ὀ

404 3739 463 3798 δὶ
509 3741 715 3804 κύκλος
761 3748 858 3798 106
908 3742 1092 3816 Φόρου
1136 3740 1331 3797 iit-E10
1381 3738 1496 3795 ἴσον
1553 3749 1652 3810 τῆς
1707 3739 1905 3803 ποδὲας
1965 3743 2063 3812 τῆς

403 3829 608 3906 κόρτης
652 3836 750 3886 106
799 3829 1056 3905 Μεγάλου
1092 3830 1520 3899 Κωνσταντίνου,
1553 3831 1614 3899 ἢν
1662 3829 1820 3892 αὐτὸς
1867 3825 2060 3900 ἔπηξεν

405 3919 496 3975 ὅτε
552 3919 781 3985 ἀνῆλθεν
838 3921 944 3975 ἀπὸ
992 3921 1232 3993 Ῥώμης.
1265 3921 1332 3977 Οἱ
1394 3917 1451 3973 δε
1508 3918 1603 3973 δύο
1658 3915 2060 3994 σιγματοειδεῖς

405 4002 643 4080 ἔμϐολοι
674 4007 968 4084 ἐτύγχανον
1001 4010 1125 4064 τότε
1157 4007 1383 4064 σταῦλοι
1415 4005 1656 4085 γύρωθεν
1693 4012 1790 4063 τοῦ
1835 4007 2058 4084 κόρτης.

403 4098 464 4155 Ὁ
519 4096 578 4153 δὲ
633 4094 1000 4174 περίϐλεπτος
1059 4099 1216 4161 οὗτος
1273 4099 1432 4166 κίων,
1487 4097 1576 4152 καὶ
1629 4099 1664 4167 ἡ
1726 4098 1904 4169 στήλη
1963 4101 2061 4152 106

407 4185 787 4257 Ἀπόλλωνος,
843 4184 954 4244 ἔστι
1007 4193 1104 4244 106
1171 4185 1425 4263 Μεγάλου
1509 4186 1944 4255 Κωνσταντίνου,
2002 4187 2063 4255 ἣν

404 4269 624 4346 ἔστησεν
661 4278 816 4338 οὗτος
849 4274 1002 4348 δίκην
1049 4274 1240 4346 ἡλίου,
1270 4275 1438 4340 τιθεὶς
1489 4275 1540 4330 ἐν
1590 4280 1659 4350 τῇ
1707 4274 1919 4354 κεφαλῇ
1968 4275 2062 4330 αὖ·

401 4369 501 4419 106
555 4366 683 4430 τοὺς
739 4365 914 4436 ἥλους
963 4367 1024 4421 ἐκ
1069 4371 1177 4420 τῶν
1223 4370 1320 4420 106
1350 4367 1587 4442 Χριστοῦ
1620 4363 1776 4436 δίκην
1811 4363 2062 4434 ἀκτίνων,

405 4453 478 4516 ὡς
510 4453 674 4524 ¹ἥλιος
702 4460 820 4520 τοῖς
849 4455 1106 4518 πολίταις
1139 4452 1464 4528 ἕκλάμπων.

405 4561 534 4637 Περὶ
564 4567 672 4617 τῶν
703 4562 965 4650 τεθίντων
989 4561 1252 4654 ’ἡνιόχων
1304 4561 1355 4648 ἂν
1405 4564 1485 4652 15)
1528 4561 1769 4633 Σινάτῳ,
1800 4561 1889 4616 καὶ
1937 4562 2063 4638 περὶ

828 4640 935 4689 τῶν
972 4635 1000 4688 ι’
1021 4632 1259 4713 κοφίνων
1287 4637 1395 4689 τῶν
1427 4632 1630 4708 ἄρτων.

2171 791 2562 846 Constantino
2592 795 2801 864 Magno
2831 791 2911 845 ibi
2953 791 3261 856 collocata,
3317 789 3690 845 Theodosius
3717 791 3837 845 Ma-

2174 896 2324 950 gnus
2358 880 2586 936 ﬁrmius
2617 881 2942 936 consistere
2972 881 3128 936 iecit.

2775 987 2845 1041 De
2873 1003 3045 1042 curru
3072 985 3240 1042 Solis.

2249 1077 2312 1130 in
2345 1092 2522 1131 aureo
2551 1075 2826 1132 Milliario
2849 1077 2977 1146 jam
3022 1075 3161 1130 inde
3190 1078 3264 1130 ab
3313 1073 3575 1145 antiquis
3605 1079 3832 1146 tempo-

2176 1159 2342 1216 ribus
2371 1178 2582 1217 currus
2605 1161 2751 1218 solis
2772 1162 3042 1217 trahente
3062 1161 3349 1232 quadriga
3372 1177 3660 1232 equorum
3681 1149 3837 1232 ignei

2176 1249 2387 1304 coloris
2412 1251 2582 1320 quasi
2614 1249 2941 1306 volantium
2973 1267 3008 1305 a
3036 1250 3271 1305 duabus
3290 1248 3585 1305 columnis
3609 1249 3836 1306 viseba-

2175 1343 2315 1393 tur:
2352 1338 2451 1393 ubi
2474 1339 2899 1394 Constantinus
2933 1344 3244 1410 postquam
3283 1339 3551 1394 Azotium
3597 1337 3837 1408 vicerat,

2178 1428 2388 1482 faustis
2437 1427 2966 1483 acclamationibus
3013 1434 3296 1500 exceptus
3343 1433 3453 1483 est.
3499 1425 3607 1483 Ubi
3639 1431 3836 1482 autem

2178 1531 2388 1570 currus
2419 1515 2518 1570 ille
2548 1517 2607 1570 in
2643 1517 3108 1588 Hippodromum
3158 1517 3447 1571 deductus
3495 1515 3629 1586 fuit,
3662 1531 3840 1588 parva

2179 1609 2379 1659 statua
2408 1605 2701 1660 fortunam
2757 1604 2921 1660 urbis
2963 1605 3221 1661 referens
3252 1605 3324 1660 ab
3371 1604 3502 1676 ipso
3547 1607 3838 1660 Constan-

2177 1693 2303 1749 tino
2334 1694 2598 1749 confecta
2626 1698 2737 1764 est,
2783 1710 2912 1765 qua
2942 1711 2976 1749 a
3025 1693 3149 1750 sole
3195 1698 3423 1766 gestata
3470 1693 3544 1750 ad
3575 1692 3838 1750 tribunal

2180 1782 2565 1853 llippodrmni
2594 1783 2942 1848 ducebatur,
2977 1783 3233 1854 indeque
3271 1787 3552 1838 coronata
3598 1780 3835 1837 exibat:

2183 1872 2513 1942 ponebatur
2544 1877 2740 1926 autem
2775 1872 2834 1926 in
2885 1877 3094 1928 senatu
3141 1888 3278 1927 cum
3325 1869 3634 1927 celebritas
3662 1869 3836 1926 Nata-

1038 1961 1170 2015 αύτὸ
1246 1960 1430 2036 βόθρῳ
1513 1962 1846 2036 κατέχωσιν.
1906 1963 2062 2024 Ἔνθα

2180 1958 2322 2015 lium
2356 1960 2518 2016 urbis
2546 1961 2903 2017 immineret.
2945 1963 3093 2025 Quia
3139 1977 3274 2017 vero
3305 1960 3484 2032 capiti
3540 1961 3670 2030 ejus
3701 1975 3836 2015 cru-

2181 2064 2308 2104 cem
2340 2049 2593 2120 insculpi
2625 2050 3048 2106 Constantinus
3079 2049 3682 2115 curaverat,Julianus
3703 2064 3835 2104 eam

2179 2138 2238 2192 in
2271 2140 2494 2194 foveam
2525 2139 2737 2209 conjici
2761 2141 2947 2210 jussit
2977 2157 2990 2195 :
3028 2140 3128 2196 ubi
3155 2140 3334 2195 Arius
3363 2139 3423 2194 in
3455 2155 3687 2194 camera
3704 2136 3838 2193 Fori

2178 2234 2420 2283 senatus
2449 2227 2810 2284 teterrimam
2861 2234 3110 2285 mortem
3160 2228 3310 2284 obiit
3359 2245 3372 2284 :
3420 2233 3597 2299 atque
3628 2243 3695 2283 eo
3721 2225 3836 2282 loci

2177 2318 2279 2387 qui
2326 2317 2704 2386 prasteribant
2749 2320 2982 2374 urinam
3043 2323 3101 2373 et
3150 2322 3410 2374 stercora
3456 2315 3835 2373 odiosissima

2174 2407 2314 2461 Ario
2336 2406 2726 2478 deponebant.

2836 2497 2906 2551 De
2936 2494 3164 2551 Senatu.

2245 2586 2308 2638 In
2339 2584 2580 2653 Senatu,
2614 2589 2677 2639 ut
2705 2585 2953 2656 quidam
2983 2585 3248 2651 tradunt,
3282 2582 3538 2640 codicilli
3567 2583 3832 2655 antiqui-

2173 2676 2273 2728 tus
2304 2674 2796 2729 asservabantur:
2834 2675 2915 2729 ibi
2947 2675 3105 2730 enim
3156 2671 3392 2729 Patricii
3440 2689 3541 2729 eos
3586 2672 3834 2744 accipie-

2172 2761 2336 2828 bant,
2373 2761 2469 2818 ubi
2501 2761 2872 2818 Callistratus
2913 2762 3167 2834 primum
3217 2761 3565 2833 dignitatem
3614 2777 3833 2816 consu-

2173 2850 2354 2908 larem
2395 2852 2677 2924 suscepit,
2728 2852 3092 2909 acclamante
3133 2851 3350 2924 populo
3393 2868 3406 2907 :
3457 2850 3833 2908 Callistratus

2176 2945 2410 2998 lortuna
2439 2942 2669 2997 favente
2696 2941 2940 3013 insuper
2964 2941 3036 2997 ad
3087 2941 3247 2997 aliud
3299 2940 3654 3014 provehatur
3686 2957 3700 2996 :
3735 2939 3834 2996 ille

2174 3046 2308 3086 vero
2337 3030 2685 3102 perterritus
2715 3032 2788 3087 ad
2821 3031 3130 3087 ecclesiam
3163 3032 3446 3104 confugit,
3476 3036 3534 3085 et
3563 3029 3833 3102 quamvis

2173 3119 2597 3174 Constantinus
2619 3121 2852 3190 jurarst
2880 3136 2944 3174 se
2976 3120 3200 3174 nullam
3236 3119 3289 3176 ei
3319 3121 3598 3191 injuriam
3631 3119 3829 3173 illatu-

2174 3227 2324 3281 rum,
2357 3215 2554 3266 tamen
2585 3210 2682 3266 ille
2715 3211 2914 3266 minus
2946 3211 3156 3281 ﬁdens,
3209 3211 3468 3283 primum
3502 3211 3831 3283 presbyter,

2173 3299 2386 3356 deinde
2414 3299 2730 3371 episcopus
2758 3304 2992 3356 creatus
3022 3305 3130 3356 est.

2334 3407 2409 3462 De
2435 3405 2690 3464 Palladio
2718 3406 2982 3478 deposito,
3011 3406 3078 3463 de
3109 3412 3250 3464 Foro
3281 3417 3334 3463 et
3363 3406 3428 3464 de
3454 3411 3667 3464 statua.

2241 3567 2454 3622 Subter
2485 3565 2616 3622 Feri
2645 3565 2986 3623 columnam
3010 3565 3364 3635 Palladium,
3411 3571 3469 3623 et
3499 3565 3686 3622 multa
3717 3566 3834 3622 alia

2172 3655 2525 3712 admiranda
2568 3656 2760 3727 posita
2805 3657 3068 3712 fuerunt.
3133 3657 3429 3712 Circuitus
3479 3661 3676 3712 autem
3724 3656 3832 3711 fori

2171 3750 2374 3800 tantus
2403 3749 2513 3811 est,
2546 3749 2806 3814 quantus
2835 3746 2946 3801 fuit
2971 3747 3234 3802 ambitus
3283 3746 3518 3802 tentorii
3551 3746 3834 3802 Constan-

2171 3831 2278 3886 tini
2306 3831 2521 3904 Magni,
2549 3834 2705 3904 quod
2737 3834 2921 3890 Roma
2963 3834 3308 3908 Byzantium
3364 3833 3606 3890 veniens
3659 3833 3832 3890 isthic

2170 3921 2394 3976 ﬁxerat.
2443 3919 2581 3976 Duas
2634 3914 2832 3976 autem
2898 3921 3014 3978 illae
3076 3923 3497 3979 semirotundaa
3567 3925 3832 3995 porticus

2170 3999 2313 4066 tuhc
2343 4009 2627 4081 temporis
2657 4008 2896 4067 stabula
2925 4016 3116 4082 erant,
3144 4010 3300 4068 circa
3327 4012 3674 4068 tentorium.
3705 4011 3833 4067 Cae-

2171 4104 2364 4155 terum
2411 4097 2664 4170 insignis
2715 4099 2817 4156 illa
2865 4099 3147 4156 columna
3194 4106 3252 4157 et
3296 4105 3496 4157 statua
3541 4099 3830 4173 Apollinis

2170 4193 2260 4244 est
2289 4188 2660 4245 Constantini
2693 4189 2912 4262 Magni,
2945 4207 3124 4262 quam
3157 4190 3284 4262 ipse
3314 4191 3504 4246 instar
3533 4189 3680 4247 solis
3709 4206 3830 4247 ere-

2174 4279 2278 4348 xit,
2323 4277 2519 4334 inﬁxis
2566 4278 2746 4350 capiti
2793 4280 2944 4350 ejus,
3013 4280 3314 4337 radiorum
3381 4278 3594 4352 instar,
3648 4279 3830 4335 clavis

2173 4366 2466 4439 passionis
2520 4367 2758 4439 Christi,
2792 4372 2859 4424 ut
2909 4368 3086 4424 veluti
3133 4367 3220 4426 sol
3271 4369 3500 4428 civibus
3546 4368 3673 4426 suis
3701 4367 3828 4425 elu-

2172 4465 2346 4514 ceret.

2172 4565 2246 4619 De
2271 4567 2468 4621 statuis
2493 4567 2978 4637 aurigarumque
3002 4569 3063 4622 in
3088 4568 3303 4625 Senatu
3335 4569 3620 4627 collocatae
3648 4573 3832 4637 erant,

2453 4653 2520 4693 ac
2544 4637 2612 4693 de
2640 4637 2825 4694 decem
2862 4639 3241 4710 reliquiarum
3271 4641 3543 4712 eophinis.

477 4726 565 4782 Ἐν
622 4722 680 4779 δὲ
720 4730 800 4798 τῷ
833 4724 1051 4798 Σινάτῳ
1083 4724 1416 4795 ἀπετέθησαν
1451 4725 1504 4779 οἱ
1542 4721 1765 4798 ἡνίοχοι
1805 4721 1854 4776 ἰν
1910 4724 2053 4794 ζευξ-

2245 4727 2310 4780 In
2360 4726 2591 4782 Senatu
2630 4730 2838 4782 erectas
2889 4733 3030 4782 sunt
3077 4728 3419 4800 aurigarum
3458 4727 3832 4783 Circensium

409 4807 596 4874 ίπποις
642 4809 694 4866 ἐν
746 4817 826 4885 τῷ
869 4813 1254 4889 ἀστρονομικῷ
1303 4811 1540 4888 ὀργάνῳ,
1570 4807 1698 4865 Evilat
1742 4816 1842 4879 τῆς
1871 4809 2062 4882 Ἀρτέ-

405 4900 564 4976 μιδος
597 4901 688 4957 καὶ
717 4908 816 4971 τῆς
849 4901 1178 4978 ’Δφροδίτης
1203 4901 1422 4956 ’ίσταται
1476 4897 1680 4970 στήλη,
1708 4898 1760 4954 ἐν
1807 4904 1892 4960 αῖς
1941 4920 2062 4954 σκυ-

397 4980 595 5054 τάλαις
649 4989 1060 5069 ἀπεκεφαλίσθη
1122 4993 1227 5047 ὑπὸ
1277 4993 1568 5066 Ἀρειανῶν
1616 4985 1907 5064 ’Δρκάδιος
1963 4989 2059 5062 ἆρ-

403 5079 722 5156 χιδιάκονος
776 5081 1089 5157 τῆςἈγίας
1143 5081 1508 5156 Εἶ’ρήνης.οὶ
1566 5077 1623 5134 Si
1678 5075 1808 5133 δέκα
1847 5079 2060 5156 κόφινοι

397 5173 506 5226 τῶν
569 5170 1040 5247 περισσευμάτων,
1075 5167 1201 5226 δέκα
1260 5167 1353 5240 ἔτη
1415 5169 1469 5225 ἐν
1524 5173 1605 5242 τῷ
1655 5167 1910 5240 παλατίῳ
1965 5170 2061 5222 106

401 5264 637 5316 Σενάτου
685 5261 1026 5316 κατέκειντο·
1063 5260 1199 5332 μετὰ
1257 5256 1315 5315 δὶ
1364 5263 1533 5316 ταῦτα
1581 5258 1686 5315 ὑπὸ
1741 5259 1841 5328 τήν
1907 5258 2058 5333 βάσιν

396 5354 494 5406 τοῦ
525 5350 712 5414 κίονος
741 5351 1192 5427 κατεχώσθησαν.

2173 4818 2381 4869 statuae
2411 4813 2472 4870 in
2504 4831 2725 4887 organo
2755 4817 3176 4883 astronomico,
3210 4816 3312 4871 ubi
3342 4817 3519 4872 etiam
3552 4815 3751 4872 Dianae
3775 4820 3835 4872 et

2174 4902 2409 4959 Veneris
2438 4908 2680 4961 statuas:
2714 4904 2785 4960 ad
2819 4921 2966 4976 quas
2991 4905 3279 4961 Arcadius
3299 4904 3753 4961 archidiaconus
3770 4905 3828 4961 S.

2172 4995 2354 5049 Irenas
2384 4995 2456 5050 ab
2489 4994 2728 5050 Arianis
2761 4993 2963 5067 ﬂagris
2991 4994 3223 5052 occisus
3244 5003 3352 5052 est.
3385 4994 3597 5052 Decem
3631 5000 3831 5052 autem

2172 5083 2412 5153 cephini
2441 5083 2827 5154 reliquiarum
2859 5086 3060 5140 decem
3093 5085 3264 5142 annis
3307 5084 3368 5140 in
3398 5083 3617 5158 palatio
3649 5085 3833 5141 Sena—

2171 5177 2269 5227 tus
2290 5171 2612 5243 jacuerunt
2637 5191 2652 5242 ;
2684 5177 2890 5245 postea
2917 5191 3051 5230 vero
3083 5174 3155 5231 ad
3187 5173 3378 5231 basim
3392 5172 3689 5230 columna
3707 5176 3830 5231 suf-

2171 5259 2315 5316 fossi
2345 5262 2528 5319 fuere.

1070 5499 1150 5551 De
1179 5493 1381 5550 statuis
1409 5506 1539 5565 quae
1566 5492 1703 5548 olim
1733 5493 1797 5548 in
1825 5507 2037 5562 magna
2063 5495 2292 5551 ecclesia
2318 5499 2496 5552 santa
2516 5499 2722 5571 80phia
2751 5500 2949 5554 eredas
2975 5501 3159 5553 erant.

477 5621 564 5680 Ἐν
607 5619 666 5677 δὲ
711 5623 780 5695 τῇ
835 5619 1044 5696 μεγάλῃ
1101 5617 1384 5692 ἐκκλησίᾳ,
1413 5620 1484 5693 τῇ
1531 5621 1620 5673 νῦν
1676 5616 2058 5694 ὀνομαζομένῃ

400 5713 437 5782 ἡ
495 5709 654 5788 Ἀγία
709 5709 907 5788 Σοφία,
967 5711 1168 5781 στῆλαι
1218 5707 1437 5764 τίσταντο
1505 5711 1638 5778 υκζ’,
1696 5707 1754 5763 αἱ
1809 5705 2060 5772 πλείονες

400 5797 615 5861 τούτων
666 5795 993 5873 Ἑλληνικαὶ
1057 5800 1343 5876 ὑπῆρχον·
1396 5795 1592 5861 αἵτινες
1641 5796 1701 5855 ἐκ
1761 5799 1870 5854 τῶν
1925 5794 2064 5854 πολ·

2243 5623 2307 5679 In
2339 5640 2555 5696 magna
2579 5625 2846 5696 ecclesia,-
2881 5641 3007 5697 quae
3049 5625 3176 5696 jam
3231 5621 3566 5696 appellatur
3617 5626 3832 5680 Sancta

2173 5711 2392 5785 Sophia
2421 5718 2626 5771 erecta
2649 5718 2821 5773 erant
2861 5713 3306 5788 quadringentae
3348 5711 3558 5784 viginti
3601 5715 3828 5783 septem

2171 5803 2415 5872 statuae,
2483 5817 2736 5874 quarum
2826 5799 3119 5874 pleraque
3209 5799 3419 5857 Grece
3493 5799 3692 5867 erant;
3760 5813 3830 5854 ex
