4124 6386
274 479 425 539 1211

1240 485 1642 544 APPENDlX
1692 485 1795 543 AD
1840 481 2307 545 MICHAELEM
2349 482 2743 546 PSELLUM.

3539 475 3697 536 1112

273 627 526 683 quarum
572 630 814 670 numero
862 614 987 670 istae
1037 620 1205 670 erant
1280 615 1440 672 Jovis
1504 615 1750 682 scilicet,
1801 615 1929 671 Cari

2061 618 2155 668 trav
2199 614 2478 690 ὑπῆρχον,
2506 617 2603 669 τοῦ
2653 634 2712 669 τε
2770 611 2916 681 Διὸς,
2948 610 3039 666 xui
3098 607 3275 684 Κάρου
3322 611 3420 664 τοῦ
3477 605 3701 680 πατρὸς,

274 701 480 774 patris,
532 702 897 775 Diocletiani,
948 705 1258 760 duodecim
1324 706 1630 777 signorum
1680 704 1930 776 Zodiaci,

267 791 463 858 Luna,
513 791 778 849 Veneris.
833 793 1066 850 Arcturi
1114 792 1325 850 sideris
1394 795 1628 850 duabus
1683 793 1930 849 Persicis

268 880 561 938 columnis
614 880 770 948 fulti,
822 881 943 939 Poli
995 883 1308 954 Australis,
1349 900 1415 938 ac
1461 883 1780 939 sacerdotis
1821 883 1932 938 Mi-

268 986 461 1026 nervas
492 970 767 1027 habentis
798 989 832 1028 a
877 971 1060 1029 latere
1119 973 1331 1030 Iridem
1383 973 1510 1028 sine
1560 972 1935 1045 philosophia

266 1059 713 1116 vaticinantem.
785 1061 1259 1118 Christianorum
1327 1062 1469 1118 item
1539 1067 1766 1118 statuas
1816 1078 1932 1116 non

270 1163 490 1219 paucas
541 1149 842 1206 exstitisse
892 1153 1110 1218 ferunt,
1163 1167 1232 1206 ex
1281 1151 1492 1206 multis
1548 1167 1685 1206 vero
1737 1166 1936 1223 pauca:

272 1238 688 1294 enumeranda
721 1243 884 1305 sunt,
916 1239 1284 1296 Constantini
1319 1241 1544 1313 Magni,
1574 1239 1935 1310 Constantis,

275 1326 448 1395 Galli,
501 1327 839 1396 Theodosii,
909 1329 1155 1396 Juliani,
1225 1330 1529 1386 Theodosii
1588 1330 1831 1386 alterius
1879 1332 1938 1384 et

272 1416 507 1470 Arcadii
538 1416 642 1471 filii
677 1419 829 1488 ejus,
862 1434 928 1474 ac
976 1419 1318 1490 Serapionis
1363 1418 1625 1475 consulis
1657 1436 1670 1474 :
1707 1419 1935 1474 Helenaa

273 1505 416 1560 item
450 1505 658 1562 matris
701 1507 1072 1563 Constantini
1128 1513 1242 1564 tres
1295 1525 1309 1566 :
1361 1525 1479 1564 una
1529 1508 1936 1581 porphyretica

275 1594 615 1666 margaritis
647 1595 968 1652 distincta:
1004 1597 1188 1653 altera
1216 1613 1284 1653 ex
1334 1597 1594 1654 tessellis
1643 1598 1938 1671 argenteis

277 1700 456 1756 super
501 1683 837 1742 columnam
888 1703 1097 1743 aaream
1162 1703 1174 1741 :
1227 1688 1400 1744 tertia
1465 1704 1602 1744 vero
1659 1688 1935 1757 eburnea,

279 1789 457 1844 quam
507 1773 704 1846 posuit
749 1775 974 1847 Cyprus
1025 1777 1244 1833 rhetor.
1309 1776 1536 1841 Quibus
1582 1793 1685 1848 per
1734 1775 1936 1832 urbem

281 1861 563 1934 dispersis
591 1863 970 1920 Justinianus
1003 1865 1117 1921 ﬁde
1148 1870 1206 1921 et
1235 1867 1432 1922 studio
1492 1865 1677 1922 multo
1708 1882 1938 1938 permo-

279 1956 400 2022 tus,
431 1952 869 2024 amplissimum
901 1953 1190 2026 templum
1241 1955 1530 2012 excitavit.
1579 1956 1635 2010 Si
1669 1956 1771 2028 qui
1804 1971 1939 2010 vero

282 2039 496 2097 horum
529 2043 725 2113 periti,
758 2043 965 2100 urbem
998 2043 1340 2116 explorandi
1364 2062 1545 2101 causa
1572 2049 1940 2118 percurrent,

282 2147 399 2186 non
432 2147 650 2204 paucas
681 2148 885 2190 earum
918 2133 1228 2206 reperient.

301 2421 378 2473 De
434 2421 632 2475 statuis
690 2433 816 2491 quae
863 2420 1150 2545 collocatae!
1197 2431 1358 2478 erant
1423 2422 1482 2476 in
1537 2421 1766 2478 dextera
1820 2418 1950 2475 Fori

1022 2509 1128 2545 nar
1155 2507 1201 2545 8.

1020 2507 1201 2562 parte.

362 2580 424 2633 In
461 2579 697 2634 dextera
733 2580 855 2634 Fori
889 2585 1052 2652 parte
1097 2582 1168 2636 ad
1217 2581 1500 2638 orientem
1545 2587 1752 2639 statuae
1801 2584 1946 2638 duo-

291 2667 481 2723 decim
514 2682 583 2723 ex
635 2683 927 2724 marmore
980 2669 1387 2742 porphyretieo
1431 2672 1762 2740 exstabant,
1812 2672 1949 2727 toti-

290 2757 546 2828 demque
573 2757 806 2814 Sirenes
837 2775 978 2814 auro
1009 2759 1296 2829 obductae,
1329 2773 1478 2831 quas
1518 2761 1732 2834 vulgus
1763 2776 1948 2834 equos

289 2845 552 2902 marinos
583 2851 770 2903 vocat.
806 2847 972 2905 Nunc
1003 2853 1199 2905 autem
1229 2855 1454 2921 septem
1495 2851 1780 2907 duntaxat
1810 2867 1950 2906 con-

291 2935 688 3007 spiciuntur:
748 2953 1000 3008 quarum
1069 2947 1186 2995 tres
1252 2939 1407 3010 apud
1470 2941 1527 2995 S.
1596 2941 1948 2997 Mamantem

289 3025 494 3097 posita:
550 3029 710 3081 sunt.
763 3026 990 3082 Caetera:
1066 3031 1276 3084 statuas
1352 3028 1680 3085 etiamnum
1742 3045 1948 3102 super-

287 3117 448 3169 sunt.

1971 1999 2018 2063 B

2042 701 2131 756 xui
2165 701 2582 772 Διοκλητιανοῦ,
2617 703 2707 756 καὶ
2735 702 2802 756 τὰ
2833 698 3044 755 δώδεκα
3078 696 3268 769 ζώδια,
3299 697 3334 767 ἧ
3367 717 3425 752 τε
3486 694 3704 766 Σελήνη

2042 794 2129 848 καὶ
2183 797 2218 863 ἡ
2282 792 2609 872 Ἀφροδίτη,
2670 795 2762 849 καὶ
2819 795 2848 849 6
2906 789 3236 866 Ἀρκτοῦρος
3318 789 3514 863 ἀστὴρ,
3564 787 3710 862 παρὰ

2044 881 2141 938 δύο
2202 889 2478 959 Περσικῶν
2536 883 2757 955 στηλῶν
2823 883 3250 958 βασταζόμενος,
3283 879 3372 935 καὶ
3433 880 3461 933 6
3509 878 3710 938 Νότιος

2043 972 2248 1042 Πόλος,
2299 973 2388 1028 καὶ
2443 977 2477 1044 ἡ
2528 973 2699 1050 ἱέρεια
2744 981 2844 1043 τῆς
2873 974 3130 1042 Ἀθηνᾶς,
3165 971 3271 1025 ἀπὸ
3317 973 3413 1024 τοῦ
3467 967 3710 1041 πλευροῦ

2042 1063 2140 1132 τὴν
2187 1065 2318 1139 Ἶριν
2373 1062 2731 1141 ἀφιλοσόφως
2803 1061 3166 1136 μαντεύουσαν
3225 1057 3449 1134 ἔχουσα.
3501 1058 3597 1114 Ἐκ
3652 1053 3710 1111 δὶ

2042 1157 2150 1207 τῶν
2210 1157 2550 1228 Χριστιανῶν
2623 1152 2721 1206 οὐκ
2800 1151 2981 1226 ὀλίγαι
3067 1150 3191 1224 μὲν.
3239 1149 3314 1212 ὡς
3376 1147 3568 1202 εἶπον·
3619 1144 3712 1200 καὶ

2046 1240 2165 1296 δέον
2222 1242 2281 1296 ἐκ
2334 1247 2442 1297 τῶν
2498 1239 2727 1297 πολλῶν
2790 1240 2979 1317 ὀλίγας
3039 1240 3248 1296 εἰπεῖν’
3311 1234 3712 1293 Κωνσταντίνου

2043 1337 2141 1387 τοῦ
2195 1331 2475 1407 Μεγάλου,
2519 1331 2606 1386 καὶ
2667 1333 3045 1401 Κώνσταντος,
3095 1328 3182 1384 καὶ
3240 1325 3478 1397 Γάλλου,
3510 1321 3710 1380 Θεοδο-

2048 1423 2167 1475 σίου
2218 1442 2275 1474 τε
2325 1422 2417 1476 καὶ
2478 1419 2805 1491 Ἰουλςιανοῦ,
2862 1420 2952 1474 καὶ
3009 1415 3307 1474 Θεοδοσίου
3349 1421 3446 1471 τοῦ
3499 1415 3710 1490 ἑτέρου,

2045 1510 2136 1565 καὶ
2197 1509 2485 1585 Ἀρκαδὲου
2539 1511 2662 1564 υἱοῦ
2715 1509 2879 1564 αὐτοῦ
2915 1554 2928 1578 ,
2988 1508 3078 1563 xui
3159 1506 3494 1581 Σεραπίονος
3573 1503 3708 1559 ὑπά-

2045 1621 2164 1671 του,
2224 1599 2313 1654 καὶ
2371 1597 2596 1669 Ἑλένης
2659 1599 2866 1671 μητρὸς
2946 1595 3352 1655 Κωνσταντίνου
3419 1599 3612 1671 τρεῖς·
3673 1595 3708 1662 ἠ

2051 1690 2146 1762 μὶν
2182 1689 2280 1761 μία
2337 1686 2594 1765 πορφύρα
2651 1684 2742 1741 διὰ
2803 1685 3137 1762 μαργάρων·
3202 1687 3237 1754 ἡ
3302 1681 3360 1738 δὶ
3418 1683 3572 1758 ἱτέρα
3624 1679 3714 1736 διὰ

2047 1775 2300 1855 ψηφίδων
2364 1779 2610 1853 ἀργυρῶν
2653 1775 2704 1830 ἐν
2765 1781 2844 1849 τῷ
2903 1774 3104 1852 χαλκῷ
3157 1775 3322 1843 κίονι,
3353 1771 3442 1826 καὶ
3493 1773 3528 1840 ὴ
3564 1769 3710 1839 ἄλλη

2049 1864 2433 1944 ἐλεφαντώδης
2510 1865 2732 1942 Κύπρου
2810 1865 3044 1941 ῥήτορος
3102 1861 3600 1939 προσενέγκαντος·
3652 1859 3715 1922 ἃς

2049 1957 2430 2017 Ἰουστινιανὸς
2485 1955 2711 2030 μερίσας
2766 1952 2817 2008 έν
2881 1957 2949 2026 τῇ
3021 1951 3181 2008 πόλει
3255 1952 3382 2006 ναὸν
3463 1952 3713 2024 μὲγιτσον

2049 2046 2306 2121 ἀνήγειρε
2363 2045 2498 2118 μετὰ
2555 2045 2793 2105 πίστεως
2850 2042 2939 2098 καὶ
2997 2041 3171 2106 πόθου
3229 2038 3447 2095 πολλοῦ
3480 2058 3493 2071 °
3544 2039 3597 2093 oi
3657 2035 3716 2092 δὲ

2049 2134 2438 2210 πεπειράμενοι
2532 2138 2640 2187 τῶν
2739 2132 3158 2208 προειρημένων
3197 2172 3210 2198 ,
3288 2128 3714 2204 περιερχόμενοι

2049 2226 2147 2294 τὴν
2206 2223 2408 2292 πόλιν,
2468 2223 2558 2278 xui
2621 2226 2907 2293 ζητοῦντες
2969 2220 3172 2292 αὐτὰς,
3234 2219 3554 2293 εὑρήσουσιν
3615 2215 3718 2270 οὐκ

2055 2313 2266 2388 ὀλίγας.

2057 2420 2185 2497 Περὶ
2227 2425 2335 2476 τῶν
2387 2417 2602 2491 στηλῶν
2652 2417 3121 2545 τῶν-ἱῗῖμένων
3154 2415 3206 2470 ἐν
3233 2419 3313 2487 τῷ
3356 2412 3515 2486 δεξιῷ
3563 2412 3719 2488 μέρει

2712 2511 2810 2545 του
2934 2510 3048 2545 οου.

2712 2511 2810 2545 του
2844 2510 3048 2565 φορου.

2130 2587 2215 2636 Ἐν
2268 2577 2324 2636 δὲ
2370 2585 2449 2653 τῷ
2496 2577 2656 2652 δεξιῷ
2689 2578 2840 2655 μέρει
2869 2583 2966 2634 τοῦ
3022 2578 3206 2652 Φόρου
3263 2580 3362 2631 τοῦ
3417 2572 3716 2643 ἀνατολῆς,

2059 2669 2301 2743 ἐδέξαντο
2359 2667 2562 2739 στήλας
2621 2673 2902 2746 πορφυρᾶς
2965 2664 3056 2721 διὰ
3115 2666 3417 2740 μαρμάρων
3481 2664 3570 2739 ιβ’,
3625 2663 3716 2717 xui

2059 2766 2314 2835 σειρῆνας
2371 2756 2602 2828 δώδεκα,
2663 2755 2879 2819 ἅστινας
2965 2757 3017 2811 oi
3103 2753 3309 2810 πολλοὶ
3371 2752 3570 2814 ἵππους
3623 2763 3717 2815 θα-

2059 2849 2314 2911 λασσίους
2373 2846 2604 2904 καλοῦσι
2637 2866 2650 2881 ο
2707 2840 3090 2924 χρυσέμϐαφοι
3145 2842 3202 2900 δὶ
3258 2843 3413 2913 ἦσαν.
3483 2841 3604 2897 Ἐπὶ
3662 2838 3721 2896 δὲ

2058 2941 2220 3013 ἡμῶν
2250 2938 2383 2994 ἑπτὰ
2421 2939 2579 3012 μόναι
2637 2939 2999 3010 καθορῶνται·
3041 2934 3136 2995 τὰς
3199 2931 3257 2988 δὶ
3309 2937 3458 3008 τρεῖς
3510 2931 3561 3004 έξ
3619 2930 3718 2984 αὐ-

2056 3034 2164 3085 τῶν
2211 3028 2264 3084 έν
2317 3033 2435 3092 τοῖς
2489 3031 2585 3082 τοῦ
2614 3025 2810 3101 Ἀγίου
2866 3028 3158 3099 Μάμαντος
3224 3020 3439 3097 μέρεσιν
3497 3017 3721 3088 ἔθηκαν,

2056 3120 2145 3174 καὶ
2174 3119 2230 3174 αἱ
2262 3115 2455 3173 λοιπαὶ
2489 3114 2687 3186 στῆλαι
2721 3115 3014 3184 σώζονται.

883 3223 958 3280 De
985 3223 1286 3281 simulacro
1313 3239 1460 3282 aereo
1489 3227 1744 3283 Fortuna:
1772 3226 1946 3297 urbis,
1978 3228 2118 3299 quod
2148 3229 2208 3282 in
2237 3227 2499 3284 orientali
2531 3227 2662 3282 Fori
2691 3240 2825 3280 arcu
2853 3222 3123 3278 exstabat.

364 3322 622 3378 Fortuna
655 3322 819 3378 urbis
849 3340 1009 3379 aenea
1039 3341 1172 3379 cum
1207 3324 1470 3398 calyptra
1516 3325 1708 3398 posita
1737 3330 1861 3382 erat
1888 3326 1948 3382 in
1980 3327 2024 3395 C

289 3410 558 3467 orientali
607 3427 744 3467 arcu
786 3411 918 3482 fori,
957 3413 1132 3484 cujus
1177 3429 1414 3482 manus,
1480 3419 1544 3470 ut
1600 3416 1785 3481 aiunt,
1837 3415 1943 3471 Mi-

288 3499 454 3556 chael
503 3499 824 3574 Rhangabe
889 3501 1186 3572 amputari
1247 3503 1448 3574 jussit,
1514 3519 1586 3559 ne
1664 3505 1946 3560 factiones

289 3588 489 3662 populi
537 3595 743 3648 contra
788 3590 1176 3664 imperatores
1227 3591 1536 3665 quidpiam
1589 3592 1781 3650 moliri
1815 3609 1948 3666 pos-

291 3683 442 3735 sent.

289 3786 366 3840 De
417 3802 577 3842 cruce
638 3788 794 3860 cujus
852 3789 1146 3859 inscriptio
1202 3794 1304 3860 est,
1377 3789 1636 3858 Sanctus,
1706 3795 1949 3862 sanctus,

1000 3868 1242 3916 sanctus.

361 3943 674 4001 Sciendum
707 3948 818 4013 est,
851 3962 1112 4013 crucem,
1161 3947 1220 4002 in
1271 3946 1441 4018 cujus
1473 3947 1666 4004 medio
1715 3947 1951 4021 legitur,

287 4038 556 4104 Sanctus,
589 4040 855 4105 sanctus,
889 4039 1154 4108 sanctus,
1188 4054 1222 4093 a
1253 4035 1500 4109 preside
1544 4038 1668 4093 Feri
1719 4039 1952 4094 dedica-

289 4127 412 4177 tam
446 4139 575 4179 esse
609 4139 622 4176 :
658 4123 760 4178 ubi
789 4124 969 4180 etiam
1001 4127 1251 4182 duorum
1294 4125 1639 4198 angelorum
1671 4132 1728 4183 et
1763 4127 1955 4201 ipsius

291 4211 665 4268 Constantini
707 4215 764 4268 et
811 4213 1039 4271 Helenae
1090 4219 1320 4285 statuae,
1372 4233 1406 4271 a
1455 4217 1676 4274 dextris
1725 4221 1782 4272 et
1807 4217 1955 4273 sini-

294 4299 432 4355 stris
481 4306 879 4358 asservantur.
931 4309 997 4360 In
1045 4304 1318 4361 orientali
1390 4310 1586 4362 autem
1635 4323 1771 4362 arcu
1825 4305 1954 4362 Fori

297 4387 792 4461 Constantiniani,
825 4407 968 4448 crux
996 4398 1086 4450 est
1115 4397 1356 4468 argento
1406 4395 1684 4464 obducta,
1733 4396 1957 4451 habens

299 4479 358 4532 in
389 4478 864 4537 extremitatibus
896 4485 1166 4540 rotundis
1215 4484 1464 4551 malum,
1505 4501 1685 4557 quam
1735 4485 1956 4540 ibidem

296 4565 724 4625 Constantinus
753 4572 955 4643 erexit,
990 4589 1106 4645 qua
1135 4573 1327 4629 forma
1373 4571 1538 4629 illam
1584 4575 1644 4629 in
1695 4573 1839 4629 coelo
1867 4571 1957 4627 vi-

293 4656 486 4712 derat.
518 4655 564 4712 Ii
595 4674 728 4714 vero
761 4658 862 4732 qui
892 4660 1150 4718 inaurati
1180 4660 1650 4734 conspiciuntur,
1693 4661 1799 4716 filii
1828 4662 1957 4734 ejus

293 4749 455 4803 sunt.
488 4745 749 4819 Itemque
774 4749 834 4804 in
866 4749 1127 4807 sinistris
1157 4751 1427 4823 partibus
1451 4749 1735 4808 terribilis
1767 4749 1961 4824 posita

292 4837 418 4890 erat
448 4835 778 4908 elephantis
827 4841 1043 4911 statua,
1094 4855 1273 4912 prope
1323 4839 1641 4896 maximam
1676 4843 1957 4910 statuam,

294 4923 392 4978 ubi
429 4925 695 4981 mirabile
727 4928 1129 4998 spectaculum
1159 4928 1394 4984 accidit.
1417 4929 1565 4985 Nam
1595 4933 1764 4986 terra:
1793 4933 1957 4985 motu

291 5013 462 5079 facto,
487 5013 724 5086 elephas
757 5015 1054 5088 collapsus
1087 5021 1197 5088 est,
1232 5035 1297 5074 ac
1352 5034 1508 5074 unus
1559 5019 1958 5090 posteriorum

293 5103 421 5173 ejus
449 5105 664 5175 pedum
697 5105 989 5163 eﬁ'ractus.
1037 5107 1301 5163 Praefecti
1334 5124 1467 5163 vero
1501 5109 1786 5180 Taxeotaa,
1810 5124 1959 5180 quos

296 5191 476 5246 moris
504 5197 627 5248 erat
658 5193 852 5250 forum
885 5196 1204 5265 custodire,
1254 5200 1631 5256 accurrentes
1680 5197 1958 5270 elephan-

291 5283 411 5334 tem
443 5288 772 5350 erexerunt,
805 5301 873 5341 ac
903 5286 1166 5358 corporis
1199 5285 1443 5342 humani
1474 5286 1687 5359 integri
1713 5292 1959 5359 utraque

292 5385 428 5423 ossa
460 5369 834 5443 invenerunt,
869 5379 926 5430 et
952 5373 1228 5430 tabellam
1263 5373 1358 5431 cui
1406 5373 1755 5447 inscriptum
1783 5383 1910 5434 erat
1941 5404 1956 5435 :

295 5458 334 5510 Α
393 5457 595 5514 Venere
644 5462 856 5533 virgine
908 5471 1098 5521 sancta
1139 5480 1209 5520 ne
1255 5467 1475 5520 mortua
1523 5465 1743 5536 quidem
1770 5468 1958 5540 sejun-

291 5561 412 5615 gor.
449 5548 764 5607 Praefectus
799 5556 993 5610 autem
1027 5553 1265 5626 signum
1298 5552 1444 5609 illud
1489 5555 1690 5612 aerario
1723 5557 1959 5629 publico

297 5634 502 5691 intulit
549 5636 610 5693 in
659 5655 936 5699 nummos
983 5643 1395 5716 redigendum.
1443 5643 1654 5701 Praeter
1687 5646 1959 5718 superius

299 5730 648 5796 memorata,
699 5728 999 5787 visebatur
1044 5748 1282 5804 porcus,
1350 5733 1755 5792 multitudinis
1809 5739 1958 5793 stre-

297 5809 489 5884 pltum
543 5813 860 5889 denotans,
917 5823 976 5874 et
1049 5819 1312 5889 proxime
1387 5823 1547 5881 nuda
1607 5827 1826 5896 statua,
1882 5825 1960 5882 si-

2132 3325 2194 3382 Ἡ
2251 3321 2308 3378 δὶ
2365 3323 2522 3398 Τύχη
2579 3329 2677 3391 τῆς
2738 3319 2954 3384 πόλεως
3015 3319 3202 3397 χαλκή
3260 3319 3394 3392 μετᾶ
3451 3315 3720 3392 μοδιὸΑου

2049 3411 2239 3468 ’ίστατο
2298 3412 2348 3466 ἐν
2406 3415 2475 3486 τῇ
2535 3410 2837 3484 ἀνατολικῇ
2891 3407 3182 3484 ἀψίδι,ἣν,
3215 3405 3440 3487 ἔφησαν.
3477 3404 3715 3482 Μιχαὴλ

2057 3505 2086 3559 6
2145 3496 2409 3577 Ῥαγγαϐὶ
2462 3506 2954 3576 χειροκοπηθῆναι,
2991 3495 3081 3553 διὰ
3130 3499 3192 3553 τὸ
3255 3499 3330 3571 μή
3392 3495 3601 3572 ἰσχύειν
3649 3493 3717 3549 τὰ

2063 3589 2339 3665 δημοτικὰ
2375 3591 2511 3667 μέρη
2543 3590 2679 3644 κατὰ
2705 3593 2814 3644 τῶν
2845 3587 3178 3663 ἀνακτόρων.

2060 3789 2194 3858 Ηερὶ
2249 3793 2348 3845 τοῦ
2426 3791 2658 3862 σταυροῦ
2718 3790 2834 3912 τοῦἅ
2887 3787 3215 3864 γράφοντος·
3276 3785 3493 3859 Ἄγιος,
3552 3782 3728 3858 ἅγιος,

2835 3879 2972 3912 νιος.

2835 3879 2972 3932 γιος.

2135 3951 2350 4018 Ἰστέον,
2385 3949 2468 4004 ὅτι
2502 3949 2530 4003 ὁ
2563 3947 2843 4024 σταυρὸςὺ
2874 3939 3304 4020 μεσοσυλλαόῶν
3335 3941 3424 3998 καὶ
3457 3941 3724 4017 ἀναγινω-

2063 4039 2349 4113 σκόμενος,
2380 4041 2590 4114 Ἄγιος,
2634 4039 2805 4113 ἅγιος,
2850 4039 3028 4111 ἅγιος,
3071 4035 3218 4109 παρὰ
3256 4037 3354 4088 τοῦ
3402 4053 3724 4108 πρωτοστα-

2062 4133 2287 4189 τοῦντος
2317 4131 2396 4199 τῷ
2443 4127 2609 4200 Φόρῳ
2659 4124 3020 4202 ἀνηγορεύθη⁸
3057 4121 3202 4186 ἔνθεν
3261 4121 3350 4178 καὶ
3407 4119 3502 4176 δύο
3553 4141 3727 4198 ταχυ-

2066 4217 2315 4295 δρόμων,
2354 4216 2441 4270 καὶ
2497 4214 2664 4270 αὐτοῦ
2720 4219 2819 4269 τοῦ
2870 4212 3301 4285 Κωνσταντὶνου,
3354 4211 3445 4266 καὶ
3503 4209 3732 4279 Ἑλένης

2065 4304 2126 4360 ἐκ
2155 4301 2343 4376 δεξιῶν
2375 4305 2464 4359 καὶ
2516 4302 2568 4374 ἐξ
2622 4303 2918 4376 εὐωνύμων
2960 4303 3228 4370 σώζονται
3275 4298 3492 4370 στῆλαι.
3524 4297 3616 4360 Εἲς
3675 4295 3734 4354 δὶ

2063 4396 2163 4464 τήν
2226 4390 2554 4461 ἀνατολικὴν
2613 4388 2781 4466 ἀψίδα
2832 4395 2928 4446 τοῦ
2989 4392 3487 4445 Κωνσταννινιακοῦ
3546 4389 3732 4462 Φόρου

2067 4483 2296 4556 σταυρὸς
2363 4477 2877 4558 ἀργυρέμπλαστος,
2928 4480 3014 4534 καὶ
3076 4478 3128 4533 έν
3185 4479 3305 4541 τοὶς
3367 4476 3736 4554 ἀκρωτηρίοις

2067 4569 2426 4648 στρογγύλοις
2461 4569 2664 4645 μῆλον,
2699 4569 2749 4626 έν
2785 4567 2932 4642 αὐτῷ
2979 4571 3058 4640 τῷ
3107 4567 3263 4641 τόπῳ
3317 4567 3586 4643 ἀνηγέρθη
3627 4563 3733 4620 ὑπὸ

2066 4661 2493 4734 Κωνσταντίνου,
2555 4661 2629 4723 ὡς
2697 4658 2952 4724 ἐθεάσατο
3023 4655 3180 4712 αὐτὸν
3243 4655 3296 4711 έν
3355 4660 3434 4729 τῷ
3490 4656 3732 4731 οὐρανῷ.

2067 4753 2134 4811 Oi
2194 4749 2251 4806 δὲ
2303 4744 2689 4828 χρυσέμϐαφοι
2746 4747 2856 4802 υἱοὶ
2911 4747 3077 4802 αὐτοῦ
3134 4745 3236 4801 είσι
3288 4747 3380 4800 καὶ
3439 4742 3734 4819 ἐλέφαντος

2065 4840 2243 4912 στήλη
2291 4838 2484 4896 ἵστατο
2540 4834 2747 4918 φοϐερᾶ
2777 4836 2830 4894 έν
2860 4842 2980 4901 τοῖς
3012 4834 3316 4910 εὐωνύμοις
3347 4835 3530 4912 μέρεσι
3584 4831 3732 4904 πλη-

2067 4931 2184 4986 σίον
2231 4933 2330 4996 τῆς
2408 4928 2652 5007 μεγάλης
2729 4925 2941 4998 στήλης
2975 4945 2989 4960 ⁸
3055 4924 3179 4990 ἔνθα
3254 4923 3343 4980 xui
3423 4920 3734 5009 παράδοξον

2067 5017 2340 5075 έδείκνυτο
2389 5018 2581 5092 θέοιμοι⁹
2618 5019 2846 5090 σεισμοῦ
2903 5016 3005 5092 γὰρ
3066 5015 3363 5090 γενομένου
3422 5013 3512 5068 xui
3573 5011 3739 5075 αὐτὸ(

2067 5109 2343 5179 πέπτωκε,
2378 5113 2472 5163 καῖ
2529 5105 2786 5164 ἀπώλετο
2846 5103 2938 5160 τὸν
2996 5100 3091 5159 ἕνα
3147 5094 3296 5159 πόδα
3348 5103 3440 5158 τὸν
3496 5097 3740 5174 ὄπισθεν,

2070 5198 2121 5253 oi.
2155 5195 2213 5253 δὲ
2242 5201 2339 5253 τοῦ
2370 5196 2618 5273 ἐπάρχου
2642 5197 2904 5268 ταξεῶται
2937 5189 3077 5266 (ἔθος
3104 5190 3206 5268 γὰρ
3237 5192 3330 5247 τὸν
3382 5190 3561 5268 Φόρον
3609 5179 3740 5266 παρ⁹

2067 5288 2242 5343 αὐτῶν
2344 5284 2731 5366 φυλάττεσθαι)
2817 5279 3247 5358 συνδραμοῦντες
3326 5277 3550 5356 ἤγειραν
3631 5281 3725 5335 τὸν

2069 5375 2355 5456 ἐλέφαντα,
2389 5373 2479 5430 καὶ
2534 5376 2687 5446 εὗρον
2749 5371 2946 5428 ἔσωθεν
3005 5371 3168 5426 αὐτοῦ
3219 5372 3286 5426 τὰ
3342 5370 3474 5426 ὀστᾶ
3520 5370 3733 5443 ἀνθρώ-

2067 5487 2174 5521 που
2205 5463 2486 5544 ἂμφότερα
2510 5465 2645 5519 ὅλου
2675 5466 2772 5519 τοῦ
2803 5462 3079 5535 σώματος,
3110 5461 3201 5514 καὶ
3247 5458 3435 5531 πυξίον
3502 5461 3726 5532 μικρὸν,

2070 5554 2132 5609 οὗ
2189 5552 2240 5609 ἐν
2298 5557 2368 5629 τῇ
2434 5552 2648 5633 κεφαλῇ
2726 5548 3000 5627 ἔγραψεν·
3063 5545 3392 5628 Ἀφροδίτης
3465 5550 3738 5624 παρθένου

2069 5642 2218 5719 ἲερᾶς
2295 5641 2422 5699 οὐδὲ
2482 5647 2717 5708 θανοῦσα
2773 5639 3109 5717 χωρίζομαι.
3167 5641 3340 5714 ’Όπερ
3400 5639 3428 5694 6
3481 5635 3730 5713 ἔπαρχος

2066 5737 2146 5806 τῷ
2178 5729 2434 5806 δημοσίῳ
2491 5733 2825 5808 προσέθηκεν
2883 5727 2958 5790 εἰς
3004 5727 3223 5802 νουμία.
3258 5729 3390 5791 Τοῖς
3433 5723 3737 5804 προαναδεο

2075 5817 2377 5896 δηλωκόσι,
2408 5821 2501 5878 xui
2558 5825 2753 5896 χοῖρος
2803 5816 2993 5875 ’ἕστατο
3040 5816 3325 5891 σημαίνων
3356 5819 3455 5889 τήν
3488 5817 3735 5894 κραυγὴν
