4124 6414
295 491 451 554 1213

1429 489 1794 552 ANONYMI
1841 485 2428 558 ANTIQUITATES
2473 485 2592 548 GP.

3568 487 3725 547 1214

289 630 391 694 τῆς
449 621 806 698 πανηγύρεως
840 641 853 654 ·
901 620 990 676 καὶ
1047 621 1228 697 γυμνὴ
1289 618 1548 682 ὡσαύτως
1609 617 1787 690 στήλη
1850 637 1948 687 ση-

2071 615 2353 690 gniﬁcans
2386 615 2817 688 impudentiam
2858 633 3061 673 eorum
3114 617 3216 690 qui
3247 620 3454 672 emunt
3495 621 3554 673 et
3582 635 3725 674 ven-

299 713 562 787 μαίνουσα
616 711 676 766 τὸ
735 709 1092 786 ἀναίσχυντον
1152 713 1260 766 τῶν
1318 731 1376 765 τε
1433 703 1805 786 ἀγοραζόντων
1863 705 1950 760 καὶ

296 799 634 858 πωλούντων
649 841 660 856 .

299 911 428 984 Περὶ
485 913 583 964 τοῦ
641 908 1028 984 Συστηματίου
1063 952 1076 978 ,
1139 911 1237 984 τοῦ
1313 909 1364 962 έν
1423 912 1505 979 τῷ
1563 907 1730 982 Φόρῳ
1793 905 1954 977 μέσον

970 981 1289 1052 ἱσταμένου.

373 1067 753 1142 Συστημάτιον
833 1066 890 1123 δὲ
952 1070 1114 1141 μέσον
1174 1073 1272 1123 τοῦ
1333 1068 1516 1142 Φόρου
1571 1063 1804 1136 ἕνζωδον
1868 1063 1956 1120 ἰπὶ

299 1161 496 1216 κιόνων
546 1159 853 1232 ἱστάμενον,
885 1158 975 1212 καὶ
1035 1158 1086 1212 ἐν
1135 1157 1281 1230 αὐτῷ
1322 1154 1529 1228 δηλοῦν
1569 1158 1664 1218 τὰς
1719 1154 1958 1229 ἱστορίας

295 1253 403 1304 τῶν
455 1246 774 1321 μελλόντων
835 1245 1084 1322 ἐσχάτως
1138 1246 1376 1322 γίνεσθαι
1438 1245 1523 1300 ἐπὶ
1557 1244 1824 1318 ταύτᾳτῇ
1855 1244 1959 1298 πό-

301 1337 434 1393 λει·
483 1338 534 1392 οἱ
594 1333 650 1390 δὲ
717 1333 1050 1406 στηλωτικοὶ
1109 1340 1216 1390 τῶν
1278 1332 1733 1408 ἀποτελεσμάτων
1791 1337 1957 1387 ταῦτα

299 1429 472 1482 πάντα
530 1425 790 1480 συνίασιν.
847 1423 1162 1494 Ἐστήλωσε
1215 1421 1272 1480 δὲ
1301 1424 1438 1479 αὐτὰ
1483 1422 1858 1484 Ἀπολλώνιος
1925 1423 1952 1476 ὁ

302 1515 534 1576 Τυανεὺς
565 1513 937 1590 παρακληθεὶς
968 1513 1112 1587 παρὰ
1143 1512 1548 1568 Κωνσταντίνου
1573 1517 1670 1566 τοῦ
1700 1511 1956 1586 Μεγάλου

293 1605 386 1662 καί
418 1604 676 1668 εἰσελθὼν
711 1603 1063 1678 έστοιχείωσε
1091 1603 1158 1657 τὰ
1188 1602 1426 1675 ὀνόματα
1463 1609 1563 1672 τῆς
1617 1601 1955 1676 ἐπικρατείας

290 1693 398 1758 ἕως
425 1695 620 1757 τέλους
655 1691 888 1749 αἰώνων.

297 1802 429 1876 Περὶ
459 1806 556 1857 τοῦ
585 1805 704 1862 πῶς
735 1798 912 1876 ἔκτισε
954 1800 1054 1876 τὴν
1087 1796 1394 1876 πόλινηὸτε
1434 1796 1626 1876 ἐξῆλθε
1660 1798 1792 1872 μετὰ
1845 1802 1954 1852 τῶν

662 1867 1080 1948 μεγιστάνωνέν
1111 1876 1191 1944 τῷ
1222 1871 1388 1948 Φόρῳ
1419 1867 1597 1940 πεζός.

367 1964 492 2020 ’Ότι
551 1959 774 2035 μέλλων
804 1961 981 2016 κτίσαι
1010 1961 1109 2028 τὴν
1146 1959 1306 2015 πόλιν
1339 1961 1365 2014 ὁ
1421 1962 1608 2036 Μέγας
1663 1965 1956 2014 Κωνστανο
1990 1998 2034 2062 Β

292 2058 467 2122 τῖνος,
513 2054 604 2106 καὶ
637 2049 874 2128 ὀφείλων
923 2050 1085 2120 πῆξαι
1145 2050 1208 2104 τὸ
1240 2047 1516 2122 θεμέλιον,
1576 2048 1664 2104 καὶ
1722 2046 1952 2121 κατεμέ-

295 2161 491 2218 τρησεν
551 2141 760 2210 αὐτὴν,
835 2140 999 2208 πεζὸς
1055 2138 1287 2210 ἐξελθὼν
1344 2139 1477 2212 μετᾶ
1531 2145 1638 2194 τῶν
1701 2139 1954 2215 μεγιστά-

292 2253 400 2286 των
450 2229 637 2300 αὐτοῦ,
668 2229 759 2284 καὶ
818 2226 992 2282 ἐλθὼν
1049 2227 1124 2290 εἰς
1175 2229 1266 2284 τὸν
1302 2228 1504 2304 Φόρον,
1539 2229 1686 2283 εἶπον
1720 2227 1866 2300 αύτῷ
1902 2227 1953 2281 οἳ

296 2317 578 2397 ἄρχοντες·
644 2319 797 2374 Ιῐοίει
856 2318 1015 2380 τέλος
1065 2323 1162 2372 τοῦ
1215 2318 1457 2394 τείχους,
1491 2315 1743 2374 δέσποτα.
1780 2318 1953 2372 Ἐκεῖ-

303 2433 391 2472 νος
449 2407 505 2466 δὲ
558 2404 682 2486 ἔφη·
743 2407 886 2482 Οὐχὶ
931 2406 1036 2469 ἕως
1089 2405 1150 2462 οὗ
1219 2411 1318 2480 στῇ
1378 2409 1404 2462 ὁ
1453 2407 1773 2483 προᾰίῦωγός
1824 2427 1952 2478 μου,

300 2499 472 2554 ἐκεῖσε
530 2497 838 2574 πληρώσω.
901 2496 1078 2558 Μόνος
1106 2496 1206 2573 γὰρ
1256 2495 1412 2560 οὗτος
1459 2495 1602 2572 έώρα
1641 2498 1730 2551 τὸν
1791 2493 1952 2570 ἅγγε-

299 2587 417 2644 λον.
477 2584 762 2650 Ἀπελθὼν
791 2582 848 2640 δὲ
882 2586 1046 2661 μέχρι
1102 2589 1200 2639 τοῦ
1249 2584 1595 2656 Ἐξωκιονίου
1625 2585 1785 2654 πεζὸς
1822 2583 1954 2658 μετᾶ

300 2679 480 2748 πάσης
511 2681 611 2748 τῇς
674 2675 1013 2752 συγκλήτου,
1074 2675 1246 2730 ἐκεῖσε
1277 2673 1334 2730 δὲ
1392 2672 1520 2730 ἰδὼν
1573 2675 1664 2730 τὸν
1727 2672 1956 2750 ἄγγελον

295 2769 398 2836 τὴν
461 2765 732 2844 ῥομφαίαν
788 2763 952 2820 αὐτοῦ
1007 2767 1256 2838 πήξαντα
1288 2807 1302 2832 ,
1368 2763 1460 2818 καὶ
1523 2764 1794 2838 μηνύοντα
1848 2760 1952 2826 ἓως

297 2857 408 2913 ἐκεῖ
465 2859 659 2929 στῇναι
717 2855 901 2926 αὐτὸν,
956 2855 1046 2909 καὶ
1105 2852 1194 2909 διὰ
1249 2859 1410 2909 τοῦτο
1465 2852 1656 2926 ἔπηξεν
1725 2852 1840 2908 ἐκεῖ
1890 2854 1952 2908 τὸ

299 2951 487 3019 τεῖχος
498 2965 510 2978 ⁸

761 3034 889 3109 Περὶ
942 3037 1037 3086 τοῦ
1082 3029 1487 3107 ’Λρτοπωλίου.

365 3143 456 3197 Ἐν
491 3137 547 3195 δὲ
574 3145 693 3202 τοῖς
755 3139 1150 3212 Ἀρτοπωλίοις
1209 3140 1438 3214 κυνάρια
1499 3132 1718 3209 ἔστησεν
1779 3135 1956 3193 εἷειοσε

291 3235 583 3308 περιφερῆ,
627 3228 717 3284 καὶ
741 3234 978 3297 ταῶνας,
1004 3228 1093 3283 καὶ
1152 3227 1359 3299 ἀετοὺς,
1417 3227 1506 3283 καὶ
1565 3227 1804 3297 λεαίνας,
1863 3225 1954 3281 καί

292 3324 461 3394 κριῶν
521 3320 691 3394 κάρας
725 3363 740 3388 ,
809 3319 900 3373 καὶ
962 3320 1277 3392 στρουθῶν,
1335 3318 1427 3372 καὶ
1485 3317 1740 3392 κορώνης
1775 3360 1788 3385 ,
1861 3317 1950 3371 καὶ

290 3408 573 3485 τρυγόνος,
631 3408 721 3463 καὶ
775 3406 974 3484 γαλῆς,
1033 3409 1124 3462 καὶ
1178 3405 1491 3480 δαμάλεως,
1553 3407 1640 3462 καὶ
1681 3405 1949 3482 Γοργόνας

295 3495 412 3571 δύο,
447 3497 572 3571 μίαν
610 3499 704 3571 μὲν
775 3497 833 3552 έκ
890 3493 1100 3567 δεξιῶν,
1133 3497 1220 3551 καὶ
1284 3495 1466 3572 ἑτέραν
1529 3496 1580 3566 ἐξ
1639 3495 1954 3570 εὐωνύμων,

289 3593 408 3642 κατ’
465 3586 592 3661 ύψιν
622 3585 925 3665 ἀμφότεραι
980 3585 1302 3662 βλέπουσαι,
1357 3586 1462 3641 ἀπὸ
1517 3586 1818 3661 μαρμαίρων
1867 3584 1959 3662 ἑγ-

294 3675 698 3753 γεγλυμμέναι,
746 3675 836 3731 καὶ
894 3675 1104 3751 χοίρων
1146 3675 1368 3750 ἀγέλας.
1427 3677 1666 3732 *Ισταντο
1699 3672 1755 3729 δὶ
1789 3675 1956 3749 μέχρι

297 3767 576 3836 Ζήνωνος.
639 3763 885 3836 Γαληνὸς
915 3762 972 3819 δέ
999 3785 1080 3826 τις
1115 3764 1298 3841 ἰατρὸς
1330 3763 1420 3818 καὶ
1449 3763 1750 3842 φιλόσοφος
1785 3764 1954 3837 ὑπάρ-

290 3876 432 3932 χων,
483 3855 656 3910 ἐκεῖσε
711 3855 1044 3930 παραιωθεὶς
1097 3855 1193 3916 τὰς
1255 3853 1519 3930 Γοργόνας
1567 3849 1745 3929 ἔλεγεν
1803 3853 1956 3926 ἱερο-

297 3943 564 4022 γλυφικὰ,
595 3941 685 3998 καὶ
737 3942 1104 4020 ἀστρονομικὰ
1131 3946 1238 3996 τῶν
1295 3939 1635 4013 μελλόντων,
1695 3937 1958 4012 δηλώσασ

299 4033 392 4095 τὰς
427 4033 670 4109 ἱστορίας
720 4035 891 4094 πάσας
946 4031 1038 4086 σὺν
1083 4036 1198 4094 τοῖς
1263 4029 1491 4104 ὀνόμασι
1545 4029 1953 4086 Κωνσταντίνου

296 4126 394 4176 τοῦ
451 4119 714 4196 Μεγάλου
771 4120 1123 4180 τυπώσαντος
1170 4122 1356 4176 ταῦτα.
1418 4122 1527 4176 Τοῦ
1587 4117 1645 4174 δὲ
1700 4117 1954 4190 Γαληνοῦ

295 4209 384 4265 ἐπὶ
446 4209 713 4266 πλείστων
775 4210 1182 4284 συχνάσαντος,
1243 4209 1333 4263 καὶ
1390 4215 1506 4271 τοῖς
1567 4208 1956 4286 ἀναγνώσμασι

294 4299 642 4376 προσχόντος
677 4341 690 4366 ,
760 4297 826 4354 τᾶ
909 4292 1548 4372 μέλλοντα’συμ6αίνειν
1607 4303 1686 4370 τῷ
1745 4300 1954 4369 Ζήνωνι

293 4389 444 4464 παρά
519 4387 758 4465 Βηρίνης
834 4385 1081 4449 εἷπόντος
1137 4388 1225 4442 καὶ
1291 4388 1664 4464 γελάσαντος’
1739 4385 1954 4443 Καλλί-

297 4477 525 4554 στρατός
585 4499 666 4540 τις
725 4477 985 4556 συρφετὸς
1011 4477 1271 4550 κάπημος
1326 4481 1395 4551 τῇ
1427 4477 1622 4553 τέχνῃ,
1678 4477 1812 4549 μετᾶ
1857 4478 1957 4546 τὴν

297 4564 559 4623 ἐπάνοδον
607 4569 860 4638 Ζήνωνος
886 4609 899 4636 ,
935 4560 1222 4621 διαϐάλλει
1253 4565 1344 4619 τὸν
1379 4562 1650 4635 Γαληνόν·
1689 4566 1717 4619 ὁ
1751 4561 1808 4619 δὲ
1850 4567 1955 4636 Ζή-

296 4679 404 4712 νων
433 4661 623 4712 τοῦτον
660 4657 940 4732 ἄνῃρήκει,
970 4656 1100 4730 ὅπερ
1135 4651 1389 4730 λέγουσιν
1424 4653 1555 4709 εἶναι
1586 4653 1812 4726 ἀληθές·
1863 4655 1952 4710 καὶ

1981 3366 2028 3435 C

2067 707 2235 762 dunt

2291 903 2364 958 De
2391 917 2658 975 compage
2688 917 2811 975 qua
2836 904 3017 958 stabat
3047 904 3108 959 in
3135 902 3313 960 medio
3341 905 3484 960 Fari.

2141 1063 2204 1118 In
2238 1062 2432 1118 medio
2465 1061 2595 1119 Fori
2628 1078 2943 1136 compages
2994 1064 3267 1136 quaedam
3295 1063 3477 1120 variis
3509 1063 3726 1121 distin-

2068 1156 2161 1207 ota
2191 1152 2422 1225 figuris,
2451 1151 2866 1223 columnisque
2915 1151 3064 1207 fulta
3109 1152 3429 1223 visebatur,
3465 1169 3591 1224 quas
3625 1169 3719 1210 res

2069 1241 2198 1298 urbi
2247 1240 2565 1313 aliquando
2617 1245 2926 1296 eventuras
2974 1240 3274 1296 indicabat
3316 1258 3329 1298 :
3373 1242 3474 1313 qui
3524 1245 3722 1298 autem

2070 1328 2588 1400 apotelesmaticen
2659 1333 2954 1400 exercent,
3014 1329 3138 1384 haec
3205 1329 3406 1385 omnia
3471 1333 3712 1390 norunt.

2068 1419 2350 1474 Caeterum
2403 1419 2523 1473 bsic
2550 1417 2898 1488 Apollonius
2929 1419 3200 1491 Tyaneus
3230 1419 3434 1488 erexit,
3467 1419 3721 1476 accersi-

2066 1513 2162 1564 tus
2218 1525 2251 1562 a
2309 1507 2695 1563 Constantino
2763 1507 2998 1580 Magno,
3057 1508 3250 1580 iisque
3308 1509 3548 1565 nomina
3617 1507 3728 1564 im-

2068 1602 2406 1670 peratorum
2467 1612 2654 1669 usque
2713 1597 2786 1652 ad
2854 1597 3202 1653 saeculorum
3257 1597 3435 1654 ﬁnem
3493 1597 3728 1654 inscul-

2067 1681 2206 1758 peit.

2069 1793 2348 1862 Quomodo
2379 1794 2568 1850 urbem
2619 1793 2937 1864 aediﬁcavit,
2971 1793 3194 1866 quando
3239 1810 3352 1850 una
3381 1811 3508 1851 cum
3533 1809 3730 1866 procc-

2493 1866 2651 1922 ribus
2680 1867 2881 1922 Forum
2911 1865 3076 1937 pedes
3105 1867 3266 1922 adiit.

2139 1956 2284 2012 Cum
2312 1953 2484 2010 vellet
2504 1955 2710 2012 urbem
2740 1955 2991 2011 condere
3006 1954 3430 2012 Constantinus
3453 1957 3728 2028 Magnus,

2065 2063 2130 2103 ac
2163 2047 2549 2103 fundamenta
2589 2048 2808 2119 jacere,
2844 2063 3089 2104 mensus
3121 2051 3212 2104 est
3242 2047 3459 2120 ipsam,
3490 2060 3730 2118 unaque

2063 2153 2198 2192 cum
2228 2138 2572 2210 proceribus
2605 2137 2730 2194 suis
2780 2137 2958 2208 pedes
3007 2137 3168 2206 exiit,
3202 2141 3378 2210 atque
3409 2137 3480 2192 ad
3515 2137 3726 2192 Forum

2063 2227 2369 2299 processit,
2432 2243 2547 2299 quo
2609 2226 2708 2282 ubi
2759 2235 3103 2298 perventum
3151 2225 3283 2298 fuit,
3339 2225 3623 2299 inquiunt
3669 2224 3725 2280 ei

2063 2331 2350 2388 proceres,
2385 2316 2512 2386 Hic,
2544 2314 2803 2385 domine,
2831 2331 3000 2371 muro
3031 2319 3223 2371 statue
3251 2314 3597 2372 terminum.
3621 2311 3727 2370 Ille

2061 2420 2195 2461 vero
2227 2404 2533 2476 respondit
2561 2421 2576 2460 :
2607 2404 2762 2474 Non,
2814 2405 2930 2460 nisi
2961 2406 3013 2460 is
3044 2406 3147 2476 qui
3178 2419 3272 2460 me
3303 2405 3578 2476 praecedit
3607 2404 3723 2459 du-

2062 2499 2188 2550 otor
2217 2494 2565 2554 constiterit,
2601 2495 2778 2550 finem
2812 2493 3044 2550 faciam.
3070 2495 3244 2550 Solus
3273 2493 3430 2550 enim
3460 2493 3590 2566 ipse
3615 2509 3719 2548 an-

2061 2583 2256 2656 gelum
2286 2585 2543 2641 videbat.
2588 2585 2942 2658 Progressus
2993 2585 3178 2658 igitur
3225 2585 3402 2657 pedes
3434 2601 3570 2640 cum
3601 2587 3724 2639 toto

2064 2679 2272 2729 senatu
2322 2690 2512 2746 usque
2561 2675 2634 2730 ad
2679 2674 3082 2745 Exocionium,
3110 2674 3260 2731 vidit
3307 2674 3388 2730 ibi
3421 2673 3723 2746 angelum,

2063 2763 2254 2820 deﬁxa
2281 2763 2342 2820 in
2391 2768 2613 2820 terram
2662 2763 3021 2836 rbomphiea,
3055 2763 3328 2820 stationis
3377 2763 3612 2818 initium
3643 2763 3730 2818 fa-

2065 2868 2192 2908 cere
2245 2869 2257 2909 :
2310 2869 2494 2926 quare
2537 2853 2664 2926 ipse
2710 2869 2946 2926 quoque
2997 2853 3080 2909 ibi
3131 2851 3417 2921 substitit,
3449 2855 3508 2908 et
3547 2852 3726 2908 ﬁnem

2067 2957 2237 2998 muro
2268 2942 2500 2998 statuit.

2691 3037 2768 3088 Dc
2795 3033 3094 3104 Artopolz‘o.

2138 3141 2200 3195 In
2230 3138 2554 3212 Artopoliis
2608 3139 2851 3195 catellos
2907 3139 3114 3211 viginti
3175 3137 3624 3209 circumposuit,
3675 3141 3734 3194 et

2065 3244 2344 3300 pavones,
2378 3228 2630 3300 aquilas,
2667 3229 2900 3297 leaenas,
2926 3227 3178 3283 arietum
3210 3227 3426 3298 capita,
3453 3229 3511 3282 et
3533 3241 3730 3298 passe-

2066 3334 2221 3386 rum,
2254 3318 2507 3374 cornicis
2539 3317 2701 3386 item,
2731 3317 3006 3385 turturis,
3042 3315 3172 3372 felis
3213 3321 3270 3372 et
3299 3315 3550 3388 bucula,
3579 3315 3730 3371 Gor-

2067 3423 2247 3480 gones
2278 3407 2446 3474 duas,
2471 3405 2649 3462 aliam
2682 3422 2716 3462 θ.
2745 3404 3238 3478 dextris,aliam:a
3261 3403 3548 3476 sinistris,
3581 3403 3730 3461 facie

2067 3495 2179 3553 sibi
2212 3495 2462 3550 invicem
2503 3495 2783 3550 obversas
2812 3509 2880 3549 ex
2911 3493 3310 3549 marmoribus
3342 3491 3630 3564 scalptas,
3663 3505 3731 3546 ac

2065 3586 2303 3641 demum
2349 3599 2662 3657 porcorum
2712 3599 2940 3656 greges.
2973 3581 3364 3638 Perstiterunt
3393 3585 3594 3638 autem
3627 3597 3734 3636 us-

2066 3691 2181 3748 que
2210 3675 2282 3730 ad
2333 3673 2648 3730 Zenonem.
2701 3672 2987 3728 Caeterum
3019 3671 3278 3728 Galenus
3328 3671 3572 3743 quidam
3607 3685 3730 3726 me-

2064 3763 2233 3819 dicus
2261 3766 2319 3818 et
2348 3761 2742 3835 philosophus
2771 3760 2920 3816 istac
2967 3765 3177 3833 praeter
3205 3763 3508 3832 Gorgonas
3537 3765 3732 3816 trans-

2063 3851 2213 3922 iens,
2260 3849 2704 3924 hieroglyphica
2753 3865 2884 3906 esse
2931 3849 3096 3920 dixit,
3128 3847 3326 3921 iisque
3370 3849 3726 3904 astronomi-

2064 3956 2199 3996 cum
2267 3939 2452 3994 futuri
2530 3937 2885 4010 praesagium
2974 3937 3286 4007 contineri,
3363 3940 3422 3993 et
3485 3939 3733 3994 cunctas

2065 4029 2380 4087 declaravit
2436 4027 2718 4084 hitorias
2775 4044 2911 4084 cum
2961 4027 3305 4083 nominibus
3355 4025 3728 4083 Constantini

2065 4119 2282 4191 Magni,
2315 4118 2413 4189 qui
2443 4117 2546 4173 illa
2569 4117 2898 4174 efﬂuxerat.
2925 4118 3072 4174 Cum
3104 4121 3302 4173 autem
3325 4115 3449 4173 haec
3471 4114 3731 4171 Galenus

2063 4210 2430 4282 frequentius
2467 4213 2823 4277 enarrasset,
2875 4213 2933 4266 et
2963 4208 3200 4266 lectioni
3251 4225 3457 4265 eorum
3487 4207 3728 4264 insiste-

2067 4305 2173 4368 ret,
2236 4315 2422 4371 eaque
2481 4315 2609 4370 quae
2661 4297 2877 4354 Zenoni
2939 4297 3160 4354 Verinaa
3218 4313 3396 4370 opera
3450 4301 3735 4354 eventura

2065 4391 2254 4459 erant,
2286 4386 2680 4460 praedixisset,
2707 4391 2762 4442 et
2795 4389 2854 4441 in
2890 4386 3076 4442 risum
3109 4389 3560 4460 prorumperet;
3594 4383 3724 4442 Cal-

2065 4477 2334 4534 listratus
2393 4477 2634 4548 quidam
2693 4473 2868 4532 homo
2929 4475 3102 4531 nihili
3157 4477 3258 4548 qui
3308 4475 3732 4550 cauponariam

2068 4567 2396 4634 exercebat,
2429 4571 2564 4639 post
2590 4565 2840 4622 Zenonis
2871 4565 3130 4622 reditum
3163 4565 3454 4623 Galenum
3490 4581 3732 4623 accusa-

2066 4657 2168 4726 vit,
2200 4657 2352 4713 Zeno
2385 4660 2585 4712 autem
2618 4655 2815 4728 ipsum
2841 4655 3174 4712 interfecit:
3205 4656 3361 4728 quod
3391 4655 3569 4712 etiam
3600 4669 3736 4710 vere

297 4747 401 4824 γὰρ
434 4747 488 4802 αἱ
512 4745 704 4822 ἀγέλαι
733 4746 838 4800 τῶν
876 4743 1088 4821 χοίρων
1132 4741 1487 4820 διερχόμεναι
1529 4741 1703 4800 ἐκεῖσε
1754 4743 1830 4806 εἷ⁷ς
1862 4743 1952 4798 τὸν

2071 4745 2385 4818 contigisse
2413 4746 2634 4802 dicunt.
2679 4743 2930 4816 Ideoque
2961 4760 3276 4816 porcorum
3305 4759 3512 4817 greges
3541 4741 3734 4799 isthac

296 4834 716 4912 Ἀρτοτυριανὸν
734 4835 902 4889 τόπον
938 4832 1098 4908 μέσον
1124 4839 1226 4904 τῆς
1257 4834 1524 4909 καμάρας,
1573 4833 1690 4888 ὅθεν
1736 4831 1955 4910 ἀνέρχε-

293 4947 406 4995 ται,
435 4921 684 4980 ’ἷστανται
716 4923 881 4992 ἐνεοὶ,
927 4923 1017 4977 καὶ
1051 4923 1114 4978 οὐ
1145 4921 1391 4978 δύνανται
1427 4922 1822 4999 παρέρχεσθαι,
1864 4923 1954 4978 ὅτε

297 5017 350 5070 οἱ
382 5011 697 5092 χοιροδέται
726 5013 779 5068 οἱ
808 5011 1038 5075 τούτους
1072 5009 1410 5086 ἐλαύνοντες,
1452 5011 1663 5086 τύψωσι
1703 5012 1953 5084 τούτους,

293 5091 384 5160 καὶ
413 5091 536 5160 τότε
597 5102 978 5177 μεθίστανται·
1031 5103 1196 5174 ἡνίκα
1237 5103 1341 5179 γὰρ
1385 5105 1540 5178 ψυχῇ
1573 5103 1712 5178 αἷμα
1743 5101 1957 5178 ὀλίγον,

297 5194 509 5269 ἀθρόως
543 5194 688 5270 ὁρμᾷ
718 5195 754 5264 ἡ
786 5189 979 5268 ἀγέλη.

460 5373 592 5452 Περὶ
616 5375 712 5428 τοῦ
744 5369 997 5448 σταυρίου
1026 5369 1124 5428 τοῖ’)
1153 5367 1446 5446 ἷδρυμένου
1479 5374 1568 5429 ἐπὶ
1591 5372 1792 5435 κίονος.

369 5483 446 5540 Τὸ
478 5479 534 5536 δὲ
574 5479 822 5554 παυρίον
851 5479 913 5534 τὸ
967 5474 1256 5552 ῗδρύμενον
1318 5478 1405 5534 ἐπὶ
1459 5481 1643 5542 κίονος
1709 5477 1951 5551 πλησίον

292 5577 402 5628 τῶν
449 5568 841 5646 Ἀρτοπωλίων
896 5566 948 5622 έν
1003 5571 1072 5642 τῇ
1122 5565 1476 5644 λιθοστρώτῳ
1507 5567 1650 5644 αὐλῇ
1683 5569 1952 5646 ἀνηγέρθη

293 5661 442 5737 παρὰ
486 5657 888 5716 Κωνσταντίνου
947 5661 1044 5712 τοῦ
1107 5655 1366 5735 Μεγάλου
1399 5701 1414 5728 ,
1475 5657 1565 5714 ὅτε
1644 5657 1858 5730 ικτίσθη
1917 5661 1954 5730 ἡ

294 5750 492 5815 πόλις.
541 5749 633 5814 Εἰς
684 5745 744 5804 δε
797 5747 860 5804 τὸ
917 5746 1150 5804 παλαιὸν
1204 5747 1402 5828 ἔφερον
1455 5749 1627 5806 έκεῖσε
1673 5747 1802 5812 τοὺς
1855 5747 1953 5806 ’ίπ-

297 5861 436 5910 πους
459 5839 726 5921 ἕκατέρων
783 5841 896 5900 τῶν
955 5842 1134 5918 μερῶν
1175 5837 1424 5918 ἡνίοχοι,
1471 5837 1562 5898 καὶ
1618 5839 1954 5922 εὐφημίζον-

2063 4839 2442 4893 transeuntes
2471 4835 2543 4890 ad
2571 4833 3017 4904 Artotyrianum
3066 4833 3263 4889 locum
3295 4832 3356 4888 in
3387 4831 3582 4889 medio
3613 4831 3729 4888 for-

2064 4925 2214 4981 nicis
2244 4925 2398 4980 unde
2431 4923 2791 4991 ascenditur,
2818 4923 2988 4994 quasi
3022 4922 3248 4996 stupidi
3275 4921 3615 4980 consistunt
3636 4937 3732 4978 ne-

2065 5031 2180 5089 que
2238 5014 2396 5071 ultra
2443 5011 2716 5086 progredi
2764 5015 3017 5085 possunt
3061 5029 3075 5069 :
3128 5013 3314 5070 donec
3372 5029 3408 5069 a
3465 5009 3732 5069 subulois

2063 5103 2374 5175 verberati,
2451 5118 2720 5176 gressum
2791 5105 3029 5159 movent
3089 5119 3102 5160 :
3160 5101 3363 5158 statim
3440 5099 3598 5157 enim
3664 5115 3732 5156 ac

2067 5193 2377 5271 paululum
2435 5191 2747 5266 sanguinis
2803 5191 3017 5262 efﬂuit,
3065 5207 3202 5248 cum
3251 5191 3480 5264 impetu
3527 5205 3735 5264 proce-

2067 5287 2238 5342 dunL

2383 5374 2458 5428 De
2486 5387 2648 5429 cruce
2677 5386 2847 5443 supra
2875 5371 3198 5427 columnam
3225 5377 3424 5427 erecta.

2141 5488 2383 5540 Crucem
2415 5478 2757 5536 collocatam
2793 5495 2974 5551 supra
3003 5477 3341 5536 columnam
3373 5481 3614 5550 propter
3634 5477 3735 5532 Ar-

2069 5571 2290 5646 topolia
2333 5570 2394 5628 in
2431 5568 2579 5626 atrio
2609 5566 2910 5642 lapidibus
2962 5571 3143 5626 strato
3174 5567 3358 5624 erexit
3401 5566 3733 5624 Constanti-

2067 5680 2181 5719 nus
2205 5663 2478 5734 Magnus,
2503 5658 2740 5730 quando
2775 5658 2980 5714 urbem
3013 5657 3297 5714 condidit.
3329 5657 3603 5730 Antiquis
3626 5671 3730 5712 au-

2060 5757 2180 5812 tem
2213 5749 2576 5823 temporibus
2607 5747 2922 5819 utriusque
2943 5745 3216 5803 factionis
3275 5746 3492 5819 auriga
3543 5761 3730 5816 equos

2059 5825 2142 5899 ibi
2165 5839 2552 5914 agitabant,et
2575 5836 2964 5893 acclamantes
2984 5833 3242 5906 aiebant,
3269 5833 3463 5892 Cruci:
3473 5834 3729 5908 potentia
