4124 6416
406 436 562 496 1215

1382 439 1779 504 ΑΡΡΕΝὉΙΧ
1821 442 1926 501 AD
1976 437 2448 502 MICHAELEM
2489 441 2882 504 PSELLUM.

3665 441 3828 502 1216

398 567 558 620 nobis
604 565 928 636 opituletur.
983 566 1200 622 ibidem
1257 570 1475 639 pariter
1523 573 1831 628 exstabant
1876 577 2050 643 portae

2176 589 2250 632 τες
2296 564 2505 646 ἔλεγον·
2568 575 2674 625 Τοῦ
2730 575 2963 643 σταυροῦ
3023 574 3058 642 ἡ
3120 569 3350 645 δύναμις
3411 572 3595 648 βοηθῇ
3641 573 3822 644 ἡμῖν.

399 671 572 711 aeneae
613 660 866 726 quatuor
911 672 1014 725 pro
1046 661 1302 728 quatuor
1350 658 1724 726 factionibus,
1775 659 2056 715 totidem-

401 762 513 818 que
543 746 598 801 in
629 747 832 802 orbem
872 745 1157 816 porticus,
1190 764 1254 803 ac
1305 749 1580 820 pleraque
1611 751 1724 805 alia
1755 751 2055 805 admiran-

399 835 510 904 da;
545 851 675 906 qua:
707 836 777 890 ad
829 834 1220 906 Theophilum
1272 853 1462 910 usque
1508 855 1845 910 pervenere,
1877 856 1911 892 a
1940 855 2056 908 quo

396 923 653 996 primum
689 924 852 979 locus
883 921 981 978 ille
1011 921 1186 979 vallis
1219 923 1491 996 planctus
1538 934 1916 999 nuncupatus
1946 930 2056 996 est,

397 1029 465 1069 ac
497 1013 790 1085 mancipia
832 1029 867 1067 a
916 1013 1387 1085 negotiatoribus
1433 1017 1724 1088 ejusmodi
1758 1015 1932 1071 isthic
1957 1031 2058 1070 ve-

397 1123 540 1164 num
574 1107 821 1180 proponi
847 1107 1052 1177 jussit.

897 1195 973 1250 De
1007 1195 1217 1250 Toxara
1249 1199 1310 1251 ut
1337 1205 1550 1252 vocant.

467 1290 690 1341 Toxara
718 1285 932 1340 domus
979 1289 1105 1339 erat
1148 1285 1381 1340 Toxarze
1432 1285 1816 1351 Manclavita,
1865 1287 1968 1356 qui
1997 1284 2058 1340 in

395 1374 620 1447 templo
669 1375 724 1428 S.
760 1372 1074 1430 Mamantis
1119 1373 1466 1430 Michaelem
1515 1375 1928 1447 imperatorem
1968 1375 2060 1429 in-

395 1464 642 1521 terfecit.

614 1553 689 1608 De
716 1552 941 1607 ecclesia
971 1550 1064 1606 SS.
1101 1551 1479 1622 Quadraginta
1508 1557 1842 1625 martyrum.

471 1640 639 1696 [Edes
669 1640 772 1696 SS.
820 1641 1218 1713 Quadraginta
1267 1648 1590 1714 martyrum
1641 1645 1809 1697 antea
1850 1643 2061 1712 praeto-

397 1728 549 1784 rium
581 1728 898 1784 exstiterat.
951 1728 1222 1785 Tiberius
1271 1747 1404 1785 vero
1454 1730 1650 1785 Thrax
1695 1746 1830 1784 cum
1883 1744 2061 1784 uxore

396 1817 725 1885 Anastasis,
763 1817 992 1873 eductis
1025 1817 1161 1873 hinc
1217 1817 1319 1890 qui
1350 1834 1583 1874 carcere
1618 1819 2061 1884 detinebantur,

2167 657 2371 713 Ἒκεῖσε
2430 657 2488 713 δὲ
2537 657 2758 714 ’ίσταντο
2815 661 2903 714 καὶ
2935 660 3105 715 πύλαι
3139 660 3350 736 χαλκαῖ
3404 661 3656 735 τέσσαρες
3711 666 3823 715 τῶν

2164 749 2438 820 τεσσάρων
2495 753 2696 823 μερῶν,
2756 748 2847 802 καὶ
2905 749 3194 823 περίπατοι
3249 750 3500 825 τέσσαρες
3556 750 3826 826 γύρωθεν,

2166 837 2253 889 καὶ
2290 838 2698 914 σημειοφορικὰ
2734 835 2942 906 πολλὰ,
2998 839 3088 893 καὶ
3151 837 3441 914 διῆρκεσαν
3492 839 3659 915 μέχρι
3712 843 3823 893 τῶν

2168 924 2466 1003 Θεοφίλου’
2515 923 2698 982 ἔκτοτε
2729 924 2786 981 δὲ
2817 926 3025 997 ἐκλήθη
3058 926 3251 990 κοιλὰς
3283 928 3651 1001 κλαυθμῶνος
3697 924 3827 1002 παρ’

2169 1016 2356 1087 αὐτοῦ,
2389 1015 2478 1070 καὶ
2510 1019 2918 1093 προσετάγησαν
2954 1019 3006 1071 οἱ
3054 1023 3480 1093 σωματοπρᾶται
3533 1018 3704 1074 ἰκεῖσε
3734 1037 3825 1072 πι-

2167 1107 2426 1180 πράσκειν
2457 1105 2524 1159 τὰ
2553 1105 2798 1160 οἲκετικά
2825 1107 3114 1180 πρόσωπα.

2593 1195 2668 1249 Τὰ
2706 1192 2976 1268 λεγόμενα
3011 1200 3109 1250 τοῦ
3159 1199 3392 1270 Τοξαρᾶ.

2239 1286 2312 1338 Τὰ
2367 1283 2572 1359 Τοξαρᾶ
2623 1283 2775 1345 οἶκος
2832 1284 2898 1353 ἦν
2957 1285 3176 1359 Τοξαρᾶ
3237 1278 3666 1359 Μαγκλαϐίτου,
3727 1288 3824 1338 τοῦ

2168 1372 2451 1435 ἀνελόντος
2506 1371 2737 1449 Μιχαὴλ
2766 1373 2859 1428 τὸν
2909 1370 3135 1447 βασιλέα
3193 1373 3269 1435 εἷς
3315 1375 3404 1427 τὸν
3453 1376 3649 1450 ”Δγιον
3703 1373 3824 1430 Μά-

2173 1481 2365 1533 μαντα.

2677 1549 2808 1625 Περὶ
2838 1553 2944 1603 τῶν
2975 1549 3178 1623 Ἀγίων
3209 1551 3294 1606 Μ’.

2242 1638 2309 1695 Οἱ
2339 1642 2525 1712 ’Ἅγιοι
2555 1637 2962 1713 Τεσσαράκοντα
2991 1639 3256 1713 πρότερον
3287 1639 3540 1714 ὑπῆρχον
3589 1639 3831 1714 πραιτώ·

2171 1729 2374 1800 ριον.”Ο
2407 1725 2464 1781 δὲ
2495 1721 2748 1796 Τιϐέριος
2775 1727 2802 1780 6
2835 1727 2971 1799 Θρᾴξ
3005 1727 3097 1780 σὺν
3120 1731 3188 1800 τῇ
3209 1728 3421 1801 γυναικὶ
3445 1729 3610 1783 αύτοῦ
3633 1731 3830 1784 ’Λνασ-

2167 1817 2328 1887 τασίᾳ
2354 1815 2480 1877 τοὺς
2511 1813 2769 1888 δεσμίους
2803 1814 3052 1886 ἐξεώσας,
3083 1817 3173 1871 καί
3204 1815 3296 1871 τὸν
3339 1817 3507 1872 τόπον
3557 1817 3829 1886 ἀνακαθη-

393 1905 521 1962 loco
555 1907 717 1978 prius
769 1911 1016 1978 purgato
1065 1923 1130 1961 ac
1183 1906 1474 1976 dimenso,
1526 1923 1594 1962 ex
1645 1922 1830 1977 eoque
1859 1906 2057 1977 ejectis

2176 1925 2282 1980 ρας,
2311 1905 2401 1959 καὶ
2435 1902 2820 1979 διαμετρήσας,
2854 1906 2940 1958 καὶ
2972 1907 3070 1973 τήν
3105 1904 3244 1975 ὕλην
3278 1905 3699 1979 ἐναποθᾶμενος,
3735 1905 3827 1959 καὶ

399 1995 686 2061 materiis,
721 1995 1106 2050 fundamenta
1137 1997 1204 2050 ad
1261 2000 1517 2067 quatuor
1573 1995 1805 2051 cubitos
1834 1995 2056 2051 eduxit.

397 2084 634 2140 Tiberio
667 2088 862 2139 autem
907 2084 1027 2139 vita
1077 2084 1298 2150 functo,
1349 2084 1672 2141 Mauricius
1723 2085 1852 2154 ejus
1881 2100 2061 2156 gener

397 2172 645 2245 imperio
676 2173 923 2245 potitus,
962 2173 1146 2229 edem
1195 2189 1425 2230 sacram
1478 2173 1748 2240 absolvit,
1797 2189 1863 2229 ac
1892 2172 2060 2229 dedi-

398 2262 518 2317 cari
548 2261 792 2318 curavit.

559 2370 634 2424 De
660 2374 846 2425 sancto
879 2370 1149 2426 Theodoro
1178 2371 1502 2440 cognomine
1531 2371 1896 2426 Carbonaria.

469 2458 667 2514 Sancti
723 2458 1011 2515 Theodori
1092 2460 1380 2532 templum
1443 2459 1706 2516 Hilarion
1776 2459 2061 2532 patricius

396 2547 604 2604 Leonis
637 2547 866 2604 Macelw
899 2549 1264 2620 temporibus
1297 2549 1589 2606 excitavit.

984 2657 1058 2712 De
1088 2657 1468 2712 Anemodulio.

467 2743 932 2800 Anemodulium
967 2744 1040 2799 ab
1076 2745 1266 2816 impio
1295 2744 1607 2801 Heliodoro
1638 2752 1895 2801 erectum
1931 2743 2060 2812 fuit,

398 2837 663 2903 tempore
695 2832 906 2888 Leonis
935 2832 1122 2888 Isauri
1160 2849 1174 2888 :
1209 2834 1458 2904 ipsemet
1487 2833 1797 2889 duodecim
1823 2850 2058 2905 quoque

397 2921 565 2993 signa
594 2926 902 2976 ventorum
932 2923 1227 2977 excitavit.
1283 2922 1546 2986 Quatuor
1574 2938 1707 2978 vero
1738 2921 2059 2979 simulacra

397 3027 558 3066 aenea
585 3010 834 3081 grandia
867 3010 1182 3082 Dyrrachio
1214 3011 1408 3067 delata
1438 3013 1618 3067 fuere.
1651 3012 1828 3067 Erant
1860 3015 2055 3068 autem

394 3099 517 3154 hac
550 3097 781 3154 mulieri
813 3099 1046 3155 cuidam
1077 3100 1264 3155 viduae
1296 3117 1400 3172 pro
1433 3100 1589 3167 dote,
1617 3102 1689 3156 ab
1723 3101 1918 3156 nescio
1940 3117 2054 3170 quo

393 3186 616 3259 templo
659 3190 940 3244 extracta.
989 3193 1274 3245 Caeterum
1325 3188 1436 3245 hoc
1486 3189 1630 3245 scite
1678 3205 1745 3243 ac
1777 3189 2056 3245 omnibus

2169 1989 2414 2048 ἐκϐαλὼν
2442 1994 2504 2047 τὸ
2523 1992 3052 2068 γῶμα,ἑθεμελίωσε
3086 1995 3252 2070 μᾶχρι
3286 1999 3489 2070 πηχῶν
3520 1995 3822 2069 τεσσάρων.

2165 2081 2603 2152 Τελευτήσαντος
2672 2079 2730 2137 δὶ
2785 2086 2884 2137 τοῦ
2939 2077 3220 2158 Τιϐερίου,
3283 2086 3310 2139 6
3356 2079 3602 2158 γαμϐρὸς
3659 2083 3826 2138 αὐτοῦ

2166 2170 2467 2246 Μαυρίκιος
2498 2173 2771 2245 κρατήσας
2820 2169 3179 2246 ἀνεπλήρωσε
3225 2173 3318 2227 τὸν
3364 2173 3512 2235 ναὸν,
3567 2172 3658 2226 καὶ
3707 2170 3825 2226 ἐνε-

2166 2263 2291 2336 θρον
2302 2260 2440 2316 ίασεν
2473 2259 2657 2316 αὐτόν.

2338 2367 2466 2442 Περὶ
2493 2371 2592 2422 τοῦ
2621 2367 2805 2444 Ἀγίου
2837 2364 3125 2442 Θεοδώρου
3155 2369 3221 2422 τὰ
3250 2363 3648 2444 Καρϐουνάρια.

2235 2456 2342 2513 Τὸν
2397 2453 2454 2510 δὲ
2482 2457 2668 2532 ’Ἃγιον
2696 2452 2977 2529 Θεόδωρον
3010 2452 3211 2510 ’ἐκτισεν
3242 2455 3493 2532 Ἰλαρίων
3534 2456 3824 2532 πατρίκιος

2166 2543 2219 2599 ἐν
2253 2550 2370 2607 τοῖς
2399 2543 2621 2620 χρόνοις
2651 2545 2878 2606 Λέοντος
2905 2548 3004 2600 τοῦ
3035 2542 3313 2601 Μακὲλου.

2615 2651 2742 2727 Περὶ
2782 2648 2879 2705 τοῦ
2920 2649 3374 2724 Ἀνεμοδουλίου.

2238 2741 2314 2798 Τὸ
2345 2738 2403 2795 δὶ
2430 2737 2854 2813 Ἀνεμοδούλιον
2916 2739 3204 2811 ἑστηλώθη
3241 2741 3386 2816 παρὰ
3421 2745 3518 2796 τοῦ
3548 2738 3826 2796 Ἡλιοδώ-

2167 2851 2263 2905 ρου
2292 2833 2388 2884 τοῦ
2421 2823 2732 2898 δυσσεϐοῦς,
2767 2827 2818 2883 ἂν
2852 2834 2969 2892 τοῖς
2999 2829 3226 2905 χρόνοις
3263 2828 3491 2890 Δᾶοντος
3516 2835 3618 2885 τοῦ
3647 2837 3826 2901 Συρο-

2163 2919 2441 2996 γενοῦς,’ὀς
2471 2919 2559 2972 καὶ
2586 2915 2865 2989 ἐστήλωσε
2887 2918 3016 2980 τοὺς
3053 2919 3120 2993 ιβ’
3151 2919 3489 2991 ἀνέμους.Τά
3513 2917 3570 2974 δὶ
3597 2919 3830 2994 τέσσαρα

2163 3006 2658 3084 χαλκουργεύματα
2685 3007 2752 3060 τὰ
2786 3006 3004 3080 μεγάλα
3033 3003 3283 3082 ἤχθησαν
3319 3006 3424 3061 ἀπὸ
3451 3011 3550 3062 τοῦ
3589 3009 3828 3082 κάστρου

2164 3096 2486 3175 Δυρραχίου·
2523 3095 2656 3172 Εἶχε
2689 3093 2746 3150 δὲ
2777 3096 2913 3151 αύτᾶ
2943 3097 3078 3172 γυνή
3109 3097 3262 3171 χήρα
3298 3094 3374 3158 εἰς
3405 3101 3610 3172 προῖκα
3657 3095 3823 3165 αὐτῆς

2163 3187 2269 3241 ἀπὸ
2297 3189 2428 3240 ναοῦ
2456 3205 2626 3246 τινος.
2659 3184 2807 3239 Μετὰ
2836 3183 3056 3254 πολλῆς
3091 3181 3148 3238 δὶ
3179 3182 3494 3260 ἑπιστήμης
3513 3185 3604 3240 καὶ
3636 3184 3821 3260 ἀστρο-

397 3277 770 3332 astronomiaa
832 3278 1095 3335 numeris
1153 3277 1492 3334 absolutum
1543 3277 1786 3350 perfecit
1833 3277 2019 3348 (Helio

2176 3273 2356 3348 νομίας
2388 3272 2559 3329 ἐποίει
2585 3277 2770 3330 τοῦτο.

394 3366 622 3438 dorus).

991 3457 1065 3512 De
1097 3457 1230 3512 Foro
1261 3457 1446 3511 Tauri.

465 3545 530 3598 In
564 3544 710 3600 Foro
739 3543 910 3600 Tauri
943 3548 1062 3600 stat
1103 3543 1419 3600 Theodosii
1449 3545 1641 3616 Magni
1674 3549 1888 3601 statua.
1925 3545 2056 3603 Fuit

395 3635 592 3688 autem
625 3631 897 3704 primitus
927 3638 1222 3706 argentea,
1258 3637 1316 3689 et
1360 3634 1430 3688 ad
1465 3649 1592 3688 eam
1623 3632 1800 3706 legati
1831 3639 2055 3691 extera-

395 3737 526 3775 rum
560 3721 821 3792 gentium
855 3721 1315 3793 excipiebantur.
1341 3721 1575 3776 Exstitit
1603 3723 1779 3777 etiam
1814 3722 1893 3778 ibi
1915 3723 2055 3779 olim

395 3808 679 3881 palatium
736 3814 793 3865 et
849 3810 1283 3867 xenodocbium
1365 3811 1789 3882 Romanorum,
1853 3829 2057 3870 versus

394 3897 590 3954 locum
619 3916 795 3972 quem
847 3898 1203 3956 Alonitzium
1249 3905 1476 3956 vocant.
1521 3901 1712 3973 Super
1755 3901 2056 3974 ingentem

395 3986 736 4044 columnam
792 3989 984 4044 stabat
1029 3988 1398 4045 Theodosius
1451 4005 1463 4044 :
1517 3988 1678 4045 illius
1738 4006 1870 4046 vero
1929 3989 2055 4058 filii,

401 4076 689 4132 llonorius
721 4077 960 4149 quidem
1007 4077 1066 4133 in
1112 4076 1343 4150 lapideo
1375 4077 1595 4134 fornice
1624 4077 1916 4146 orientali,
1948 4083 2058 4135 Ar-

397 4166 602 4221 cadius
632 4171 829 4222 autem
864 4165 922 4222 in
962 4165 1195 4238 lapideo
1250 4165 1466 4222 fornice
1494 4166 1862 4235 occidentali,
1895 4173 2058 4224 uter-

402 4273 516 4326 que
547 4271 726 4327 super
756 4255 1023 4328 ingentes
1056 4257 1374 4328 quadratas
1402 4255 1730 4312 columnas.
1757 4255 1819 4310 ln
1864 4256 2058 4312 medio

400 4343 530 4399 Fori
563 4345 710 4400 atrio
742 4349 832 4401 est
861 4349 1059 4400 statua
1089 4345 1408 4417 equestris,
1442 4361 1615 4416 quam
1645 4344 1886 4417 quidam
1916 4347 2056 4402 Jesu

402 4432 579 4502 Nave,
611 4431 710 4489 alii
758 4432 1223 4506 Bellerophontis
1270 4450 1400 4489 esse
1431 4434 1654 4489 volunt.
1703 4431 1896 4490 Allata
1920 4451 2058 4492 vero

398 4520 512 4576 fuit
541 4538 610 4577 ex
658 4538 872 4595 magna
917 4522 1244 4579 Antiochia.
1295 4522 1578 4578 Caeterum
1626 4522 1790 4578 basis
1823 4521 2059 4595 lapidea

399 4611 797 4680 quadrilatera
823 4610 1115 4684 equestris
1167 4610 1330 4667 illius
1357 4614 1565 4667 statuae
1616 4610 1794 4667 habet
1837 4611 2056 4668 inscul-

398 4672 529 4772 ptas
587 4672 890 4756 historias.
927 4701 1256 4757 Russorum
1312 4700 1414 4772 qui
1463 4699 1801 4756 novissimis
1849 4701 2058 4758 diebus
2087 4672 2138 4736 Β

398 4792 601 4844 urbem
635 4790 918 4846 vastaturi
951 4793 1111 4860 sunt,
1145 4789 1316 4860 cujus
1350 4787 1432 4844 rei
1456 4787 1947 4862 impedimentum
1971 4794 2062 4846 est

396 4894 677 4950 perquam
731 4879 1046 4934 minimum
1100 4876 1244 4932 illud
1298 4876 1560 4950 signum,
1594 4878 1749 4948 quod
1797 4878 2059 4936 vinctum

392 4984 460 5022 ac
491 4967 864 5039 genuﬂexum
895 4967 1012 5022 illic
1046 4967 1304 5040 positum
1337 4965 1567 5022 visitur.
1595 4966 1884 5024 Praeterea
1913 4985 2058 5040 quo-

394 5072 506 5126 que
538 5073 639 5128 pes
671 5055 849 5112 lazvus
879 5055 1095 5129 fmagni
1140 5055 1295 5126 equi,
1329 5055 1480 5126 quod
1516 5054 1574 5110 in
1607 5071 1674 5111 eo
1704 5054 2056 5129 inscriptum

396 5149 504 5212 est,
565 5145 1001 5217 praesigniﬁcat.
1063 5143 1347 5200 Similiter
1403 5149 1462 5198 et
1519 5160 1735 5217 magna
1782 5145 2062 5202 columna

381 5219 670 5298 ’concava,
714 5237 771 5289 et
817 5232 1182 5305 Xerolophus
1233 5230 1475 5287 ultimos
1525 5232 1690 5288 urbis
1737 5248 1912 5288 casus
1963 5251 2060 5290 ex-

395 5320 899 5394 pugnationesque
929 5324 1372 5394 representant.
1440 5341 1442 5344 ν

1002 5502 1078 5557 De
1104 5499 1446 5555 Diaconissa.

467 5583 791 5644 Ecclesium
821 5589 1176 5647 Diaconissa
1207 5586 1473 5643 condidit
1501 5587 1778 5660 Cyriacus
1807 5590 2056 5661 patriar-

395 5673 508 5731 cha
542 5677 800 5747 tempore
847 5677 1113 5734 Mauricii
1161 5675 1539 5750 imperatoris
1587 5679 1908 5750 compatris
1938 5680 2054 5738 sui.

400 5763 492 5821 ita
539 5779 673 5821 vero
719 5771 1057 5839 nuncupata
1105 5766 1238 5832 fuit,
1282 5764 1440 5838 quod
1483 5765 1822 5839 patriarcha
1864 5769 2058 5831 adhuc

2737 3450 2867 3525 Περί
2895 3456 2992 3507 τοῦ
3023 3453 3267 3526 Ταύρου.

2237 3544 2361 3599 ’Ότι
2387 3539 2439 3594 ἐν
2496 3545 2575 3612 τῷ
2622 3540 2814 3616 Ταύρῳ
2864 3539 3042 3612 στήλη
3075 3546 3171 3596 τοῦ
3221 3538 3473 3618 Μεγάλου
3533 3538 3831 3597 Θεοδοσίου

2160 3631 2398 3686 ’ίσταταιο
2449 3632 2515 3698 ἦν
2562 3627 2620 3684 δὶ
2678 3628 2870 3702 πρώην
2908 3631 3134 3707 ἀργρρᾶ,
3189 3627 3309 3686 ἔνθα
3363 3629 3492 3693 τοὺς
3554 3629 3662 3686 ἀπὸ
3717 3635 3830 3686 τῶν

2168 3720 2332 3776 ἐθνῶν
2386 3717 2622 3788 ἥκοντας
2670 3716 2890 3794 ἐδέχετο
2917 3718 3086 3775 ἐκεῖσε
3151 3719 3370 3795 ὑπῆρχε
3401 3715 3460 3774 δὲ
3490 3719 3683 3795 πρώην
3716 3740 3829 3774 πα-

2168 3809 2377 3877 λάτιον,
2428 3810 2516 3863 καὶ
2551 3804 2892 3883 ξενοδοχεῖον
2922 3812 3029 3863 τῶν
3077 3809 3388 3882 Ῥωμαίων,
3422 3807 3497 3869 εἷς
3525 3809 3590 3863 τὸ
3620 3807 3828 3864 καλού-

2173 3920 2326 3974 μενον
2379 3896 2636 3968 δηλονότι
2696 3895 3072 3966 Ἀλωνίτζιον.
3128 3899 3341 3954 Ἐπάνω
3374 3894 3432 3952 δὲ
3458 3901 3556 3952 τοῦ
3587 3896 3828 3972 μεγάλου

2167 3987 2348 4051 κιόνος
2415 3986 2721 4057 ἐστήλωται
2780 3985 3107 4049 Θεοδόσιος·
3155 3988 3207 4041 οἱ
3268 3983 3326 4042 δὶ
3383 3986 3493 4041 υἱοὶ
3552 3985 3740 4056 αὐτοῦ,
3797 3988 3825 4042 ὁ

2171 4080 2264 4150 μὶν
2322 4076 2603 4151 Ὁνώριος,
2666 4075 2848 4131 ζπάνω
2901 4083 3002 4146 τῆς
3057 4075 3270 4145 λιθίνης
3300 4073 3495 4148 ἀψίδος
3551 4082 3654 4146 τῆς
3686 4077 3825 4150 πρὸς

2169 4163 2398 4238 δυσμᾴς·
2463 4165 2490 4220 ὁ
2549 4163 2608 4220 δὲ
2653 4163 2943 4238 Ἀρκάδιος
2976 4163 3027 4218 ἐν
3053 4169 3122 4230 τῆ
3155 4165 3290 4238 πρὸς
3337 4161 3611 4234 ἀνατολὴν
3644 4162 3831 4240 λιθίνῃ

2168 4251 2345 4328 ἀψίδι·
2397 4253 2622 4329 ὕπερθεν
2657 4250 2714 4308 δὲ
2760 4258 2868 4309 τῶν
2904 4248 3286 4330 περιϐλέπτων
3331 4253 3588 4328 μεγάλων
3631 4254 3831 4308 κιόνων

2166 4347 2276 4399 τῶν
2325 4340 2700 4418 τετραδισίων,
2754 4342 2928 4399 Μέσον
2985 4349 3085 4412 τῆς
3116 4341 3292 4412 αὐλῆς
3318 4341 3429 4397 ἰστι
3471 4336 3708 4418 ἔφιππος
3768 4343 3828 4398 ’ὸν

2169 4433 2223 4487 οἱ
2275 4432 2370 4506 μὶν
2421 4429 2668 4506 λεγουσιν
2723 4432 2934 4504 Ἰησοῦν
2983 4433 3075 4487 τὸν
3135 4436 3313 4500 Ναυῆ,
3372 4427 3549 4506 ἕτεροι
3600 4429 3677 4502 δὶ,
3734 4432 3830 4487 τὸν

2169 4519 2644 4598 Βελλεροφόντην·
2701 4519 2855 4597 ἤχθη
2916 4518 2974 4576 δὲ
3031 4521 3138 4575 ἀπὸ
3193 4527 3294 4590 τῆς
3333 4519 3584 4596 μεγάλης
3616 4523 3833 4577 Ἀντιο-

2167 4609 2346 4687 χείας.
2395 4611 2466 4665 Τὸ
2497 4607 2556 4665 δὶ
2609 4609 3011 4686 τετράπλευρον
3071 4614 3167 4664 τοῦ
3226 4609 3466 4687 ἐφίππου
3503 4609 3566 4665 τὸ
3616 4607 3831 4680 λιθόξε-

2169 4721 2293 4757 στον
2361 4698 2478 4775 ἔχει
2565 4697 3016 4775 ἐγγεγραμμένας
3076 4697 3320 4772 ἱστορίας
3388 4702 3498 4754 τῶν
3578 4698 3828 4775 ὶσχάτως

2171 4787 2489 4864 μελλόντων
2539 4789 2676 4853 Ῥῶς
2731 4790 2953 4863 πορθεῖν
3013 4789 3112 4857 τήν
3145 4786 3312 4855 αὐτὴν
3372 4785 3558 4857 πόλιν,
3617 4787 3707 4844 καὶ
3761 4789 3828 4844 τὸ

2166 4876 2456 4952 ὶμπόδιον,
2515 4876 2646 4953 ὅπερ
2706 4874 3106 4954 ἀνθρωποειδὶς
3169 4874 3578 4952 χαλκούργημα
3646 4876 3826 4953 βραχὺ

2166 4967 2470 5041 παντελῶς,
2520 4967 2610 5023 καὶ
2669 4965 2954 5042 δεδεμένον
3015 4966 3336 5042 γονυκλινὶς
3392 4960 3546 5040 ἔχει’
3602 4969 3631 5023 ὁ
3685 4966 3824 5031 ποὺς

2170 5056 2456 5130 εὐώνυμος
2491 5060 2591 5113 τοῦ
2634 5055 2812 5112 ’ίππου
2867 5061 2968 5111 τοῦ
3027 5054 3269 5131 μεγάλου
3313 5054 3405 5110 καὶ
3437 5057 3597 5120 αὐτὸς
3628 5059 3827 5131 σημαία

2166 5168 2268 5218 νει,
2330 5146 2413 5202 δτι
2463 5144 2634 5201 ἐκεῖσε
2688 5145 3127 5222 ἰγγεγραμμὲνον
3187 5143 3353 5203 ἐστίν.
3407 5145 3682 5208 Ὡσαύτως
3731 5149 3824 5202 καὶ

2167 5237 2196 5290 ὁ
2222 5239 2426 5314 κοῦφος
2453 5235 2588 5290 κίων
2623 5236 2651 5290 6
2685 5221 2874 5310 μὲγας,
2905 5233 2995 5289 καὶ
3028 5235 3056 5289 ὁ
3095 5221 3429 5312 Ξηρόλοφος
3488 5231 3675 5310 ἔχουσι
3731 5235 3827 5299 τὰς

2167 5325 2402 5402 ἰσχάτας
2457 5323 2700 5400 ἱστορίας
2758 5330 2858 5394 τῆς
2914 5322 3130 5385 πόλεως
3166 5367 3179 5393 ,
3258 5322 3348 5377 καὶ
3422 5323 3518 5388 τὰς
3591 5324 3824 5390 ἁλώσεις

2168 5413 2499 5490 ἒνιστόρους.

2667 5503 2799 5578 Περὶ
2830 5509 2931 5572 τῆς
2962 5500 3339 5572 Διακονίσσης.

2235 5592 2313 5648 Τὰ
2378 5589 2437 5648 δὲ
2495 5592 2850 5664 Διακονίσσης
2910 5591 3086 5648 ἔκτισε
3146 5592 3415 5666 Κυριακὸς
3467 5595 3822 5670 πατριάρχης

2165 5680 2219 5736 ιν
2269 5686 2390 5745 τοῖς
2443 5681 2672 5758 χρόνοις
2727 5681 3035 5754 Μαυρικίου
3070 5676 3340 5756 βασιλέως
3395 5682 3822 5752 τούσυντὲκνου

2168 5769 2355 5833 αύτοῦ.
2414 5767 2661 5850 Ἐκλήθη
2724 5767 2783 5826 δὶ
2846 5771 2922 5835 ὡς
2949 5769 3055 5827 ἀπὸ
3082 5773 3182 5825 τοῦ
3201 5769 3292 5826 τὸν
3319 5770 3665 5848 πατριάρχην
3700 5769 3818 5828 διὰ.
