4124 6412
391 431 548 489 1217

1524 430 1892 492 ΑΝΟΝῩΜΙ
1936 430 2518 502 ANTIQUITA'I‘ES
2563 430 2678 491 CP.

3656 429 3816 490 1218

387 581 548 615 κονον
605 560 922 637 ὑπάρχοντα
979 560 1146 616 οῗκεῖν
1206 560 1404 623 ἐκεῖςε·
1438 558 1585 615 ana
1639 561 1726 615 καὶ
1761 562 1796 631 ἢ
1829 556 2040 633 ἀδελφὴ

2158 561 2442 617 diaconus
2472 561 2554 617 ibi
2585 561 2900 631 habitaret,
2940 566 2998 618 et
3040 578 3207 618 soror
3252 562 3380 634 ejus
3410 561 3627 617 ibidem
3658 566 3816 619 esset

385 653 482 704 106
513 648 860 725 πατριάρχου
893 648 1206 705 διακόνισσα
1230 651 1319 719 ἦν.

972 758 1056 813 Τἆ
1096 758 1458 833 Κουράτορος.

460 846 543 902 Τὰ
591 845 934 921 Κουράτορος
983 844 1299 916 ἐκτίσθησαν
1352 846 1403 901 ὲν
1448 851 1566 908 τοῖς
1609 844 1836 922 χρόνοις
1888 844 2048 919 Βηρί-

2157 651 2512 707 diaconissa.

2578 758 2653 813 De
2685 758 2885 828 templo
2915 760 3199 815 Curatoris
3216 730 3393 815 dicto.

2231 844 2538 917 Templum
2574 848 2923 918 cognomine
2951 849 3247 904 Curatoris
3298 849 3602 905 conditum
3634 848 3817 905 fuisse

391 955 489 1005 νης
547 940 650 1003 τῆς
699 934 976 1011 γυναικὸς,
1030 933 1267 1009 λέγεται,
1299 936 1395 991 106
1452 932 1827 1007 Λεομακέλου.
1863 933 1961 989 Καὶ
2022 935 2043 989 ὁ

2162 935 2345 989 fertur
2373 942 2637 1006 tempore
2675 935 2894 990 Verina
2947 938 3145 992 uxoris
3179 937 3385 993 Leonis
3420 937 3649 993 Macela
3675 955 3690 1005 ;
3719 954 3817 993 cu-

389 1022 673 1098 κουράτωρ
704 1022 869 1077 αὐτοῦ
920 1023 1238 1097 παρίσταται
1298 1025 1375 1086 είς
1423 1024 1683 1096 ὁμοίωμα
1730 1027 1827 1077 106
1876 1024 2049 1101 τάφου

389 1117 484 1166 τοῦ
516 1111 736 1188 Κυρίου.

870 1200 1003 1276 Ηερὶ
1042 1205 1140 1257 106
1171 1198 1571 1277 Φιλαδελφίου.

459 1288 530 1345 Τὸ
575 1287 634 1346 δι
681 1288 1027 1363 καλούμενον
1070 1288 1466 1369 Φιλαδέλφιον,
1502 1289 1610 1346 υἱοί
1659 1291 1761 1345 εῐσι
1806 1295 1902 1346 106
1946 1296 2053 1347 Με-

387 1375 561 1454 γάλου
606 1378 974 1435 Κωνταντίου.
1044 1381 1174 1437 ’Ότε
1230 1378 1288 1435 δὲ
1344 1379 1690 1451 ἐτελεύτησεν
1745 1381 1924 1447 οὗτος,
1953 1383 2051 1434 τοῦ

390 1469 733 1524 Κωνταντίου
763 1464 918 1531 ὄντος
952 1468 1005 1524 εν
1036 1474 1155 1532 τοῖς
1185 1476 1286 1540 τῆς
1319 1468 1621 1536 Ἀνατολῆς
1670 1470 1876 1545 μέρεσι,
1906 1469 2052 1524 Κών-

391 1578 615 1619 σταντος
672 1558 777 1612 ἀπὸ
833 1557 1046 1622 Δύσεως
1102 1557 1189 1612 καὶ
1243 1558 1463 1615 Γάλλου
1511 1557 1827 1634 ὖρχομένων
1883 1559 2050 1630 συνή-

391 1658 601 1726 φθησαν
657 1645 850 1716 ἐκεῖσε,
881 1648 969 1702 καὶ
1032 1649 1363 1717 ἀσπάζονται
1425 1647 1732 1718 ἀλλήλους.
1792 1647 1915 1724 Οὐχ
1965 1647 2050 1703 δτι

391 1735 503 1791 tua":
561 1737 933 1810 συνήφθησαν,
992 1734 1140 1793 ἀλλὰ
1207 1741 1307 1801 τῆς
1364 1737 1599 1806 ὑπαντῆς
1647 1736 1822 1791 αὐτῶν
1881 1736 2052 1793 ἰκεῖσε

391 1823 894 1896 ἀναστηλωθείσης.
950 1826 1037 1887 Ὠς
1093 1823 1333 1900 δεύτεροι
1393 1847 1573 1904 φασιν,
1628 1828 1712 1882 δτι
1762 1826 1827 1881 τὸ
1879 1825 2051 1881 Φιλα-

386 1911 610 1991 δέλφιον
668 1912 720 1967 ἂν
783 1913 828 1986 ᾧ
882 1911 992 1968 ἐστι
1053 1914 1370 1991 βοῤῥείοθεν
1411 1912 1647 1988 ἀψίδιον,
1680 1913 2050 1990 προτείχισμα

381 2002 474 2075 ἦν,
504 2002 594 2057 καὶ
652 2004 829 2076 πόρτα
887 2008 1120 2079 χερσαῖα
1174 2008 1285 2058 τῶν
1347 2002 1597 2058 παλαιῶν
1658 2005 1762 2059 ὑπὸ
1819 2004 2046 2080 Κάρπου

383 2093 893 2147 κατασκευασθεῖσα.
929 2092 1073 2146 Ἐκεῖ
1114 2090 1206 2147 06v
1233 2090 1423 2148 'la1a1o
1472 2095 1506 2163 ἡ
1546 2092 1724 2165 στήλη
1784 2097 1881 2148 τοῦ
1935 2093 2045 2149 Φό-

386 2201 506 2256 ρου,
536 2181 599 2249 ἣν
642 2179 717 2241 εἲς
758 2179 1036 2256 καροόχαν
1069 2179 1299 2257 ἤνεγκαν
1345 2182 1451 2236 ἀπὸ
1498 2186 1596 2236 106
1645 2179 2043 2259 Φιλαδελφίου.

381 2271 471 2334 Ὠς
499 2267 558 2324 δὲ
611 2269 639 2324 ὁ
680 2269 1102 2344 Διακρινόμενος
1160 2269 1333 2346 λέγει,
1365 2271 1476 2325 ἀπᾶ
1532 2275 1632 2338 τῆς
1694 2270 2044 2347 Μαγναόρας,

385 2361 420 2429 ἡ
454 2359 505 2414 ιν
550 2362 632 2430 τῷ
689 2357 857 2434 Φόρῳ
912 2363 1127 2422 τιθεῖσα
1178 2359 1381 2430 στήλη,
1416 2363 1451 2430 ἡ
1494 2358 1711 2424 πολλὰς
1765 2358 2046 2434 ὑμνῳδίας

387 2446 650 2522 δεξαμένη
699 2447 773 2509 εἷς
814 2446 993 2523 τύχην
1036 2450 1135 2518 τῆς
1202 2448 1419 2513 πόλεως
1470 2451 1851 2526 προσεκυνηθη
1901 2450 2048 2527 παρᾶ

387 2537 624 2603 πάντων,
658 2535 934 2609 ὑψωθεῖσα
964 2534 1016 2590 ἐν
1051 2541 1132 2608 τῷ
1178 2536 1340 2608 κίονι,
1370 2541 1467 2591 τοῦ
1525 2536 1712 2611 ἱερέως
1767 2538 1901 2611 μετὰ
1942 2544 2043 2608 τῆς

388 2626 551 2695 λιτῆς
609 2623 1035 2696 παρεστηκότος,
1097 2624 1183 2680 καὶ
1255 2627 1389 2699 μετὰ
1443 2633 1705 2702 κραυγῆς,
1763 2629 1826 2681 τὸ
1878 2627 2047 2704 Κύριε

387 2713 614 2785 ἐλέησον
678 2714 951 2788 βοῶντοςζ
983 2712 1329 2777 ἆκατοντάκις
1364 2759 1379 2785 ,
1438 2716 1527 2770 καὶ
1596 2713 1797 2780 ἄνωθεν
1876 2714 2047 2771 ἐκεῖσε

388 2803 477 2860 ἐπὶ
534 2804 635 2873 τὴν
694 2801 938 2880 κεφαλὴν
995 2808 1093 2858 τοῦ
1158 2803 1342 2867 κίονος
1416 2801 1603 2860 πολλᾶ
1687 2802 2042 2876 ἐτελέσθησαν

388 2890 669 2966 Θαυμαστὰ
710 2891 799 2946 καὶ
849 2888 1148 2964 παράδοξα,
1189 2894 1276 2948 καὶ
1337 2896 1638 2970 πανήγυρις
1692 2894 1817 2970 περὶ
1846 2894 2044 2949 τούτου

389 2982 578 3058 γέγονε
653 2983 1234 3056 τεσσαρακονθήμερος
1270 3026 1283 3050 ,
1339 2982 1429 3037 καὶ
1507 2982 1787 3053 σιτηρέσια
1856 2980 2046 3038 πολλὰ

392 3070 635 3129 ἐδίδοντο
663 3072 807 3148 παρὰ
844 3068 942 3126 106
978 3070 1268 3147 βασιλέως.
1301 3077 1377 3147 Τῇ
1429 3069 1487 3127 δὶ
1544 3071 1798 3145 ὶπαύριον
1858 3071 2047 3149 γέγονε

387 3163 450 3218 τὸ
525 3159 793 3237 γενέθλιον
877 3167 976 3230 τῆς
1053 3159 1270 3224 πόλεως
1306 3206 1320 3229 ,
1379 3161 1470 3216 καὶ
1558 3163 1693 3237 μέγα
1765 3159 2047 3237 Ἱπποδρόο

386 3251 511 3326 μίον
546 3269 560 3285 °
624 3249 714 3306 ὅτε
769 3250 859 3305 καὶ
916 3252 951 3319 ἡ
1012 3250 1178 3313 πόλις
1240 3253 1637 3327 μετωνομάσθη
1708 3256 2042 3306 Κωνσταντιο

381 3337 665 3401 νούπολις.

388 3450 521 3526 Περὶ
595 3458 740 3526 106_
769 3450 1035 3526 3v1a¢__lv
1093 3450 1238 3521 αὺτῷ
1311 3452 1544 3526 σταυροῦ
1568 3489 1582 3514 ,
1609 3468 1745 3526 “xui
1783 3451 1889 3526 τῶν
1933 3443 2042 3526 ’δύο

458 3518 587 3578 υἱῶν
647 3523 743 3581 106
804 3522 1055 3602 Μεγάλου
1109 3518 1536 3592 Κωνσταντίνου,
1566 3522 1675 3573 τῶν
1727 3518 1815 3574 ἐπὶ
1848 3518 2044 3594 θρόνου

448 3598 823 3671 καθεζομένων
833 3640 846 3653 .

456 3701 563 3759 Τὸν
598 3701 656 3757 δὶ
687 3704 762 3766 εἰς
788 3703 851 3758 τὸ
884 3698 1258 3779 Φιλαδέλφιον
1302 3694 1432 3753 ὄντα
1477 3697 1707 3770 σταυρὸν
1756 3697 2042 3767 ἀνίστησεν

383 3790 412 3844 ὁ
472 3792 651 3867 Μέγας
719 3796 1124 3851 Κωνσταντῖνος
1195 3787 1283 3842 ἐπὶ
1359 3786 1563 3855 κίονος,
1621 3787 2045 3862 κεχρυσωμένον

381 3876 471 3934 διὰ
530 3879 699 3943 λίθων
754 3882 842 3936 καὶ
912 3878 1269 3946 ὑέλων,κατά
1319 3876 1409 3929 τὸν
1466 3871 1790 3948 σταυροειδῆ
1847 3873 2043 3945 τόπον,

380 3969 439 4023 ’ὸν
494 3967 629 4025 εἶδεν
672 3970 723 4024 ἰν
776 3974 857 4042 τῷ
908 3970 1143 4045 οὐρανῷ,
1174 3964 1264 4021 καὶ
1322 3967 1418 4018 τοῦ
1460 3962 1642 4026 κίονος
1696 3959 1897 4016 ἇκείνου
1946 3966 2044 4017 τοῦ

383 4062 689 4135 πορφυροῦ.
753 4057 1013 4128 Ἐποίησε
1070 4053 1274 4127 στήλας
1326 4058 1432 4109 τῶν
1505 4052 1636 4106 υἱῶν
1708 4050 1894 4122 αὐτοῦ,
1951 4050 2042 4106 καὶ

386 4147 722 4203 ἀνετόπωσεν
779 4148 866 4203 ἰπὶ
921 4146 1115 4223 θρόνου
1170 4145 1515 4213 καθέζεσθαισ
1567 4140 1793 4211 εποίησε
1850 4138 1907 4195 δὶ
1952 4139 2043 4196 καὶ

383 4233 478 4290 τὸν
532 4236 687 4291 κίονα
744 4235 949 4291 ἐκεῖνον
1019 4232 1261 4307 ἱστορίας
1330 4230 1607 4306 περιέχειν
1684 4231 1782 4292 τὰς
1836 4229 2044 4285 τούτων

383 4322 653 4395 ἰνζώδους
682 4367 696 4393 ,
752 4325 841 4379 καὶ
915 4324 1215 4401 γράμματα
1296 4322 1548 4393 Ῥωμαῖα
1620 4324 1729 4373 τῶν
1794 4318 2041 4395 ισχάτως

386 4414 702 4487 μελλόντων
763 4414 1027 4489 γίνεσθαι.
1072 4415 1318 4468 ’Ίσταντο
1376 4407 1433 4465 δὶ
1486 4407 1740 4484 ἀντικρὺς
1785 4413 1894 4463 τῶν
1946 4405 2042 4464 δύο

381 4504 515 4558 υἱῶν
562 4505 753 4572 αὐτοῦ,
785 4507 892 4558 τῶν
948 4501 1037 4557 ἐπὶ
1098 4500 1313 4575 θρόνοις
1362 4498 1763 4572 καθεζομένων,
1795 4498 1882 4552 καὶ
1932 4501 2040 4553 τῶν

381 4591 572 4649 ἄλλων
601 4597 708 4648 τῶν
741 4592 1156 4665 ἀσπαζομένων.

803 4699 930 4775 Περὶ
962 4699 1025 4753 τὸ
1055 4691 1357 4773 λεγόμενον
1380 4691 1609 4751 Μόδιον.

452 4791 577 4847 ’Ότι
631 4788 695 4843 τὸ
743 4786 1039 4864 λεγόμενον
1091 4783 1326 4851 Μόδιον,
1350 4782 1659 4859 ὡρολόγιον
1716 4781 1808 4851 ἦν,
1862 4778 2035 4857 ἤγουν

377 4878 441 4934 τὸ
495 4875 692 4951 ἴξαμον
748 4881 847 4932 106
906 4874 1124 4950 μοδίου.
1176 4877 1414 4932 ’Ἰσταται
1472 4876 1633 4927 τοῦτο
1704 4870 1884 4926 ἐπάνω
1938 4877 2041 4941 τῆς

371 4967 623 5043 καμάρας
694 4969 793 5036 τῆς
867 4969 978 5020 τῶν
1035 4966 1473 5038 Ἀμαστριανῶν,
1536 4960 1697 5034 μέσον
1767 4964 1876 5015 τῶν
1939 4958 2035 5015 δύο

372 5062 577 5134 χειρῶν
680 5053 1219 5111 κατασκευασθϋτων
1329 5052 1434 5106 ὑπὸ
1538 5046 1991 5105 Οὐαλεντινιανοῦ
2018 5067 2032 5082 υ

381 5144 471 5201 διὰ
522 5150 686 5201 τοῦτο
744 5142 835 5197 καὶ
894 5143 995 5209 τὴν
1055 5142 1266 5215 Λαμίαν
1310 5140 1442 5195 εἶναι
1473 5137 1633 5214 ἐγγὺς
1663 5136 1847 5195 αὐτοῦ.
1879 5142 2035 5192 Ὑπο-

378 5235 527 5289 κάτω
587 5231 645 5288 δὶ
690 5232 741 5287 ἐν
791 5235 871 5303 τῷ
925 5230 1188 5302 εἲλήματι
1222 5233 1325 5284 τῶν
1355 5234 1558 5305 χειρῶν
1591 5225 1825 5302 ἱστορίαι
1859 5226 1991 5281 εἰσίν
2021 5244 2035 5257 ·

381 5325 435 5378 οἱ
494 5321 552 5379 δε
609 5321 998 5394 πεπειραμένοι
1059 5319 1381 5394 εὑρήσουσιν
1438 5315 1623 5379 αὐτάς.
1680 5318 1927 5392 Ὥρισται
1981 5312 2038 5371 δὶ

373 5414 435 5468 τὸ
498 5409 690 5487 μόδιον
765 5408 1082 5482 κούμουλον
1140 5405 1580 5481 πιπράσκεσθαι·
1641 5406 1719 5467 εἷς
1786 5402 1844 5459 δὲ
1926 5407 2034 5459 τῶν

375 5502 634 5577 ἐμπόρων
693 5499 937 5575 πᾶπρακὲ
988 5517 1096 5553 τινι
1149 5496 1300 5551 σίτου
1374 5493 1559 5571 ῥίγλον
1617 5495 1709 5549 τὸν
1790 5490 1983 5566 μόδιον
2020 5515 2033 5527 ·

375 5590 540 5666 γνοὺς
600 5588 659 5644 δὲ
712 5592 875 5643 τοῦτο
926 5589 954 5641 ὁ
1014 5584 1288 5662 βασιλεὺς,
1321 5578 1485 5658 ἔκοψε
1538 5582 1632 5645 τὰς
1702 5579 1797 5638 δύο
1843 5587 2035 5659 χεῖρας

374 5680 564 5748 αὐτοῦ,
622 5678 711 5733 καὶ
785 5677 1160 5747 ἆνεστήλωσεν
1221 5675 1469 5747 ὁρᾶσθαι,
1531 5671 1737 5747 ὁμοίως
1795 5671 1885 5727 καὶ
1939 5673 2034 5729 τὸν

374 5766 591 5844 μόδιον,
622 5768 682 5829 ὃς
715 5764 1085 5842 ιχρημάτισεν
1118 5763 1443 5841 ὡρολόγιον.

2079 1938 2125 2002 Β

2071 3300 2114 3367 C

2074 4677 2118 4742 D

2151 1024 2255 1094 jus
2286 1028 2520 1079 curator
2540 1024 2773 1096 prafuit
2800 1028 3111 1080 structura
3145 1028 3210 1080 ut
3238 1026 3309 1080 ad
3342 1026 3530 1081 instar
3557 1026 3815 1098 sepulcri

2158 1111 2372 1169 Christi
2408 1113 2589 1169 ﬁeret.

2719 1210 2799 1260 De
2831 1204 3250 1276 Philadelphia.

2230 1292 2293 1349 Id
2324 1294 2479 1364 quod
2510 1292 2987 1365 Philadelphium
3042 1293 3393 1364 appellatur,
3428 1297 3633 1350 statua
3678 1297 3821 1349 sunt

2160 1379 2416 1436 ﬁliorum
2446 1381 2821 1438 Constantini
2848 1382 3065 1454 Magni.
3099 1384 3418 1453 Postquam
3449 1382 3609 1439 enim
3629 1383 3757 1454 ipse
3788 1398 3821 1439 e

2158 1469 2302 1527 vivis
2331 1473 2601 1541 excessit,
2634 1474 3016 1529 Constantius
3046 1490 3181 1529 cum
3217 1475 3273 1529 in
3309 1475 3579 1546 partibus
3609 1474 3820 1530 Orien-

2158 1558 2236 1615 tis
2273 1565 2450 1630 esset,
2500 1564 2790 1618 Constans
2837 1579 2973 1618 vero
3005 1580 3123 1618 una
3177 1580 3312 1618 cum
3343 1563 3506 1619 Gallo
3556 1564 3629 1619 ab
3662 1562 3821 1619 Occi-

2160 1647 2330 1705 dente
2375 1651 2656 1719 venisset,
2690 1650 2800 1705 hoc
2830 1651 2889 1705 in
2934 1651 3059 1706 loco
3111 1652 3411 1723 conjuncti
3460 1668 3524 1707 se
3550 1652 3817 1721 ,invicem

2159 1736 2583 1793 salutaverunt.
2636 1739 2759 1795 Non
2792 1739 2948 1795 enim
2996 1740 3077 1794 ita
3122 1745 3501 1812 nuncupatur
3544 1741 3702 1812 quod
3737 1740 3820 1796 ibi

2158 1827 2556 1897 convenerint,
2582 1829 2683 1884 sed
2716 1830 2996 1901 quoniam
3033 1829 3208 1902 primi
3238 1847 3441 1886 eorum
3465 1846 3819 1903 congressus

2157 1915 2397 1988 signum
2428 1915 2604 1973 isthic
2634 1919 2891 1973 erectum
2917 1918 3142 1973 est.Alii
3174 1936 3308 1974 vero
3334 1923 3595 1985 narrant,
3622 1917 3810 1974 Phila-

2154 2003 2483 2076 delphium,
2519 2006 2621 2062 ubi
2654 2006 2932 2077 parvulus
2964 2008 3037 2063 ab
3060 2007 3352 2080 Aquilone
3380 2008 3593 2064 visitur
3613 2025 3808 2079 arcus,

2154 2094 2476 2167 antiquitus
2522 2098 3037 2170 propugnaculum
3090 2098 3294 2168 fuisse,
3325 2103 3672 2170 portamque
3698 2104 3819 2155 ter-

2155 2187 2400 2239 restrem
2431 2186 2740 2257 antiquam
2772 2204 2807 2242 a
2835 2187 2979 2242 Caro
3009 2192 3397 2243 exstructam.
3418 2187 3539 2243 Hoc
3563 2187 3818 2260 igiturin

2154 2271 2278 2328 loco
2303 2274 2500 2329 stabat
2529 2275 2670 2330 olim
2702 2275 2811 2330 fori
2844 2280 3062 2343 statua,
3095 2292 3224 2347 qua
3252 2293 3426 2331 curru
3462 2277 3598 2332 inde
3626 2276 3821 2333 fuerat

2154 2366 2477 2434 exportata.
2512 2363 2587 2419 Ut
2613 2370 2810 2421 autem
2844 2364 3135 2421 Hasitans
3167 2366 3369 2435 tradit,
3414 2383 3448 2421 a
3496 2370 3820 2437 Magnaura

2154 2448 2350 2505 delata
2380 2452 2490 2506 fuit
2520 2456 2717 2508 statua
2757 2454 2814 2507 in
2851 2453 2996 2509 Foro
3046 2453 3261 2525 posita,
3294 2470 3421 2526 qua
3454 2453 3658 2509 multis
3690 2455 3819 2509 lau-

2154 2537 2330 2595 dibus
2376 2540 2687 2610 celebrata,
2721 2547 2786 2596 ut
2834 2542 3069 2598 fortuna
3115 2544 3282 2598 urbis
3330 2544 3690 2599 adorabatur
3742 2545 3816 2599 ab

2156 2626 2456 2693 omnibus,
2509 2628 2796 2685 columna
2847 2629 3145 2701 imposita,
3180 2631 3484 2686 sacerdote
3533 2634 3817 2703 prasente

2155 2730 2289 2769 cum
2322 2714 2755 2787 supplicatione
2799 2722 2858 2772 et
2888 2717 3107 2774 centies
3139 2717 3452 2787 clamante,
3485 2720 3653 2789 Kyrie
3681 2719 3815 2775 elei-

2153 2817 2274 2869 εοη,
2308 2819 2373 2857 ac
2403 2820 2585 2876 supra
2629 2805 2958 2877 capitulum
2990 2806 3121 2877 ejus
3151 2806 3437 2862 columna
3469 2806 3819 2863 admiranda

2155 2892 2422 2963 quadam
2476 2899 2533 2949 et
2580 2896 2874 2966 stupenda
2923 2896 3080 2952 edita
3129 2896 3389 2961 fuerunt,
3439 2895 3817 2968 solemneque

2156 2976 2370 3037 festum
2402 2986 2555 3037 totos
2603 2983 2998 3056 quadraginta
3047 2985 3174 3041 dies
3224 2989 3421 3041 actum
3470 2986 3603 3054 fuit,
3637 2992 3816 3057 atque

2154 3068 2280 3140 ipse
2310 3071 2633 3142 imperator
2661 3073 2959 3144 copiosam
3009 3090 3302 3130 annonam
3336 3074 3661 3131 distribuit.
3694 3074 3815 3131 Ca-

2153 3164 2345 3214 terum
2378 3160 2661 3230 postridie
2690 3161 2922 3217 Natalia
2950 3163 3117 3217 urbis
3148 3162 3439 3219 celebrata
3469 3169 3629 3232 sunt,
3655 3180 3817 3236 mag-

2154 3247 2335 3318 nique
2364 3248 2664 3305 Circenses
2695 3252 2831 3314 acti.
2865 3268 2932 3307 ac
2964 3252 3105 3306 urbs
3134 3268 3203 3307 eo
3234 3252 3363 3323 ipso
3394 3252 3488 3308 die
3519 3252 3813 3324 appellata

2157 3337 2267 3393 fuit
2294 3339 2861 3411 Constantinopolis.

2153 3445 2226 3501 De
2253 3461 2411 3501 cruce
2439 3447 2497 3501 in
2530 3445 2933 3518 Philadelphia
2961 3449 3255 3515 collocata,
3287 3466 3353 3505 ac
3374 3450 3590 3505 duabus
3618 3453 3817 3507 statuis

2291 3518 2540 3587 ﬁliorum
2571 3518 2916 3576 Constantini
2943 3521 3012 3575 M.
3045 3520 3248 3577 throno
3283 3523 3669 3578 insidentibus.

2223 3694 2465 3751 Crucem
2498 3713 2641 3752 auro
2671 3697 2984 3753 obductam
3036 3699 3288 3769 gemmis
3330 3699 3610 3771 vitrisque
3637 3718 3817 3756 orna-

2152 3788 2295 3853 tam,
2329 3801 2458 3856 qua
2506 3786 2563 3840 in
2624 3785 3030 3858 Philadelphio
3079 3787 3341 3843 cernitur
3369 3788 3658 3845 columna
3694 3789 3812 3844 im-

2153 3874 2364 3946 posita,
2432 3875 2855 3932 Constantinus
2913 3876 3163 3948 Magnus
3229 3878 3432 3949 erexit,
3492 3880 3562 3934 ad
3622 3880 3816 3936 crucis

2151 3979 2330 4034 quam
2361 3962 2420 4017 in
2452 3963 2597 4019 caelo
2628 3963 2857 4020 viderat
2883 3970 2942 4021 et
2973 3964 3263 4021 columna
3295 3966 3457 4021 illius
3490 3968 3815 4040 porphyre-

2150 4055 2279 4108 tica
2333 4054 2605 4109 formam.
2663 4057 2900 4109 Statuas
2956 4055 3177 4128 pariter
3233 4055 3374 4112 filiis
3431 4058 3558 4113 suis
3612 4058 3816 4129 posuit

2150 4142 2361 4198 throno
2410 4142 2777 4199 insidentes:
2812 4144 2950 4199 item
3004 4143 3343 4201 columnam
3400 4144 3559 4201 illam
3618 4146 3813 4202 hiero-

2151 4231 2442 4305 glyphicis
2502 4232 2658 4287 notis
2717 4234 3120 4305 Romanisque
3180 4232 3390 4291 litteris
3442 4234 3817 4308 inscriptam,

2151 4338 2277 4394 qua
2308 4338 2505 4377 rerum
2531 4322 2852 4377 novissima
2881 4322 3181 4391 exhibent,
3202 4324 3498 4379 excitavit.
3523 4325 3813 4382 Caeterum

2151 4426 2181 4465 e
2216 4409 2451 4481 regione
2484 4408 2742 4465 filiorum
2775 4410 3143 4466 Constantini
3175 4413 3388 4484 Magni.
3422 4413 3523 4486 qui
3559 4414 3617 4469 in
3650 4413 3814 4471 thro-

2150 4500 2243 4555 nis
2284 4500 2511 4569 sedent,
2545 4500 2783 4555 stabant
2834 4505 3039 4557 statua
3082 4519 3282 4559 eorum
3334 4504 3434 4576 qui
3467 4520 3531 4560 se
3560 4504 3810 4561 invicem

2149 4588 2610 4661 amplectuntur.

2830 4701 2904 4756 De
2934 4701 3128 4759 Medio.

2220 4786 2482 4843 Modium
2515 4787 2667 4859 quod
2701 4792 2934 4857 vocant,
2972 4789 3343 4863 horologium
3378 4795 3521 4859 erat,
3555 4792 3640 4847 vel
3673 4809 3810 4849 exa-

2148 4892 2280 4931 men
2313 4876 2495 4931 modii
2540 4875 2895 4932 collocatum
2948 4894 3129 4949 supra
3173 4880 3681 4936 Amastrianorum
3714 4899 3811 4936 ar-

2148 4964 2487 5034 cum,inter
2517 4965 2665 5020 duas
2715 4981 2930 5021 manus
2975 4982 3008 5020 a
3040 4965 3447 5024 Valentiniano
3500 4973 3809 5025 construc-

2148 5056 2318 5119 tum;
2367 5068 2547 5124 quare
2590 5052 2727 5108 huic
2779 5054 3112 5125 proximum
3166 5060 3257 5112 est
3286 5057 3519 5125 signum
3573 5057 3806 5114 Lamia.

2148 5141 2304 5197 Infra
2335 5147 2527 5197 autem
2554 5142 2609 5195 in
2634 5141 2929 5198 volumine
2953 5160 3238 5199 manuum
3263 5145 3521 5201 historia
3548 5147 3810 5219 incripta

2148 5233 2307 5293 sunt,
2341 5246 2486 5301 quas
2522 5229 2675 5285 facili
2702 5231 2932 5303 negotio
2956 5232 3125 5303 periti
3157 5234 3500 5305 percipient.
3526 5234 3810 5291 Caeterum

2148 5318 2276 5390 lege
2307 5317 2599 5373 sancitum
2645 5320 2780 5384 fuit,
2815 5324 2877 5375 ut
2917 5320 3150 5377 modius
3200 5322 3499 5379 cumulate
3531 5324 3811 5380 vendere-

2149 5412 2265 5463 tur.
2301 5407 2588 5462 Mercator
2619 5424 2751 5464 vero
2783 5408 3026 5481 quidam
3079 5414 3281 5466 contra
3315 5413 3575 5468 edictum
3612 5413 3681 5468 ad
3718 5429 3813 5469 re-

2146 5496 2350 5570 gulam
2402 5495 2578 5552 alicui
2635 5498 2922 5555 vendidit.
2976 5500 3135 5563 Quod
3191 5503 3289 5557 ubi
3349 5503 3674 5576 imperator
3722 5520 3811 5561 re-

2147 5586 2335 5653 scivit,
2398 5602 2609 5642 manus
2665 5586 2751 5642 illi
2812 5590 3108 5660 amputari
3160 5592 3365 5663 jussit,
3418 5611 3633 5667 easque
3692 5612 3811 5653 una

2146 5673 2378 5747 publice
2409 5674 2555 5748 erigi
2586 5676 2814 5732 curavit
2845 5694 2979 5733 cum
3035 5680 3252 5750 modio,
3285 5683 3384 5755 qui
3419 5687 3540 5739 erat
3572 5682 3806 5741 horolo-

2144 5778 2338 5835 gnum.
