4124 6386
449 331 603 394 1219

887 464 962 516 De
991 463 1188 518 eodem
1218 461 1390 518 Medio
1419 462 1656 517 clarius.

514 551 771 608 Manaim
806 553 1114 624 praefectus
1146 551 1406 606 militum
1438 568 1575 606 cum
1624 552 1869 623 Scythas
1912 548 2106 604 debel-

446 640 647 710 lasset,
682 645 940 697 statuam
992 641 1208 696 meruit
1258 642 1328 696 ad
1378 641 1748 712 horologium
1782 646 1847 695 ut
1878 642 2109 707 vocant,

448 731 548 787 ubi
593 729 880 786 columnae
929 735 1111 797 stant,
1157 735 1215 786 et
1265 747 1436 786 arcus
1486 735 1609 786 erat
1663 736 1796 786 ante
1841 730 2105 795 domum,

449 840 577 895 quae
635 829 1018 894 nuncupatur
1068 823 1288 878 Crateri
1324 840 1337 879 :
1373 822 1590 878 ibidem
1641 827 1830 878 exstat
1878 821 2106 876 Modius

448 929 646 969 aeneus
673 929 775 969 seu
808 912 1179 985 horologium
1211 929 1278 969 ac
1327 914 1453 968 duae
1487 929 1700 969 manus
1733 929 1890 968 aereae
1923 911 2105 966 hastae

440 1001 651 1060 inﬁxae.
688 1008 884 1074 Neque
915 1002 1026 1058 hoc
1058 1001 1291 1058 silentio
1342 1003 1813 1074 prmiereundum
1843 1005 1950 1070 est,
1985 1000 2108 1056 Mo-

442 1092 608 1148 dium
640 1092 752 1148 sub
780 1092 1195 1148 Valentiniano
1218 1097 1508 1149 statutum
1541 1093 1751 1162 fuisse;
1776 1097 1917 1148 tunc
1947 1091 2106 1148 enim

441 1182 705 1255 primum
766 1183 950 1238 modii
1027 1199 1173 1238 usus
1255 1182 1924 1255 Constantinopolitanis
1980 1197 2109 1237 esse

437 1272 635 1346 ccepit.
667 1275 859 1344 Atque
889 1272 1020 1330 ideo
1051 1287 1185 1328 cum
1218 1273 1447 1346 argenti
1478 1273 1737 1346 pretium
1772 1270 2109 1329 constituis-

434 1365 544 1434 set,
578 1366 926 1436 argenteum
955 1363 1044 1432 fab
1076 1363 1243 1419 initio
1292 1363 1584 1419 numisma
1614 1379 1964 1435 percussum
1996 1365 2104 1433 est,

436 1456 506 1508 ut
532 1453 846 1524 perspicue
900 1451 1159 1510 declarat
1205 1453 1633 1510 Theodoretus.
1665 1452 1948 1509 Caeterum
1982 1469 2105 1507 ma-

439 1558 554 1598 nus
584 1557 742 1598 aereae
774 1541 991 1598 idcirco
1023 1547 1163 1598 tunc
1217 1559 1399 1615 supra
1449 1543 1714 1598 modium
1746 1544 1948 1615 positis
1983 1543 2104 1597 fue-

437 1647 521 1703 re,
552 1632 709 1703 quod
741 1648 876 1687 cum
919 1631 1239 1704 imperator
1268 1633 1395 1705 lege
1427 1632 1742 1700 sanxisset,
1779 1635 1842 1688 ut
1872 1630 2104 1686 modius

435 1719 716 1776 frumenti
747 1720 1048 1777 cumulate
1097 1721 1472 1792 venderetur,
1505 1737 1696 1792 neque
1739 1719 1946 1775 edictis
1977 1719 2102 1774 suis

1418 330 1824 392 APPENDIX
1865 330 1968 390 AD
2013 329 2476 392 MICHAELEM
2508 331 2916 420 TPSELLUM.

2140 466 2187 529 A

3731 337 3877 398 1220

2635 461 2764 536 Περὶ
2795 459 2892 518 τοῦ
2923 463 3091 519 αὐτοῦ
3120 467 3468 544 σαφέστερον.

2293 551 2517 624 Μαναῒμ
2565 553 2869 627 στρατηγὸς
2920 554 3054 625 μετά
3097 554 3158 610 τὸ
3207 558 3426 626 νικῆσαι
3491 557 3701 622 Σκύθας
3753 560 3878 615 κατά

2218 638 2440 712 κράτος,
2474 638 2652 716 στήλῃ
2711 642 2920 712 ἠξιώθη
2975 646 3274 716 τιμηθῆναι
3333 645 3386 700 ἐν
3435 651 3516 718 τῷ
3560 645 3876 720 καλουμένῳ

2219 729 2435 803 Ὠρείῳ.
2487 733 2651 795 Ἔνθα
2699 729 2942 787 ἵστανται
3001 734 3176 795 κίονες
3235 737 3318 789 καὶ
3401 736 3532 809 ἁψὶς
3606 737 3671 805 ἦν
3748 740 3875 814 πρὸς

2217 819 2308 873 τὸν
2371 819 2518 874 οἶκον
2571 821 2663 875 τὸν
2728 817 3020 897 λεγόμενον
3095 826 3371 899 Κρατεροῦ
3407 843 3419 856 ⁸
3485 825 3608 880 ἔνθα
3670 825 3872 882 ’ἱσταται

2217 905 2306 960 καὶ
2338 907 2366 960 ὁ
2399 905 2612 982 χαλκὸς
2645 906 2876 980 Μόδιος,
2909 909 3002 964 καὶ
3039 911 3101 966 τὸ
3150 917 3378 988 Ὠρεῖον,
3406 913 3500 967 καὶ
3557 911 3652 968 δύο
3699 921 3872 992 χεῖρες

2217 1002 2428 1072 χαΛκαῖ
2481 997 2565 1052 ἐπὶ
2627 998 2877 1055 ἀκόντου.
2911 1000 3014 1054 Τὸν
3073 997 3130 1055 δὲ
3181 999 3390 1058 Μόδιον
3456 1001 3576 1058 δίον
3635 1003 3743 1059 ἐστὶ
3804 1008 3870 1078 μὴ

2216 1083 2593 1161 παραδραμεῖν
2625 1090 2798 1161 ἡμᾶς,
2827 1089 2910 1143 ὅτι
2962 1088 3052 1144 ἰπὶ
3099 1088 3555 1147 Οὐαλεντινιανοῦ
3610 1091 3872 1165 ἔτυπώθη.

2216 1175 2354 1232 Τότε
2402 1178 2502 1253 γὰρ
2561 1176 2651 1232 καὶ
2711 1178 2960 1255 ἀρχηγὸν
3020 1177 3234 1238 Μοδίου
3280 1185 3392 1238 τῶν
3443 1180 3496 1238 ἐν
3551 1189 3872 1239 Κωνσταντι-

2215 1264 2476 1322 νουπόλει
2526 1267 2820 1323 οἰκούντων
2878 1269 3245 1346 ἀνηρευνήθη.
3297 1271 3397 1327 Διὰ
3443 1277 3611 1328 τοῦτο
3652 1277 3749 1328 τοῦ
3794 1275 3868 1351 ἀρ-

2216 1360 2386 1430 γυροῦ
2440 1357 2814 1431 τυπώσαντες,
2872 1356 3104 1436 ἄργυρος
3166 1358 3222 1416 δὲ
3295 1361 3555 1434 ἐτυπώθη
3630 1363 3870 1439 ἀπαρχὴν

2215 1445 2277 1498 τὸ
2305 1439 2574 1520 νόμισμα,
2605 1451 2784 1503 Τοῦτο
2817 1445 2876 1503 δὲ
2902 1449 2992 1504 καὶ
3045 1446 3401 1526 Θεοδώρητος
3454 1450 3710 1531 διασαφεῖ
3751 1473 3871 1527 τρα-

2216 1533 2458 1611 νότερον.
2509 1537 2578 1592 Αἱ
2629 1534 2687 1592 δὲ
2734 1535 2945 1612 χαλκαῖ
2989 1545 3171 1616 χεῖρες
3215 1538 3400 1596 ἔκτοτε
3463 1541 3669 1596 ἄνωθεν
3712 1562 3868 1619 προσ·

2217 1625 2572 1696 ετοπώθησαν
2607 1645 2619 1658 ·
2671 1631 2774 1680 τοῦ
2835 1626 3105 1703 βασιλέως
3162 1630 3224 1684 τὸ
3294 1629 3616 1703 κούμουλον
3675 1629 3869 1689 Μόδιον

2213 1716 2702 1788 νομοθετήσαντος,
2736 1718 2825 1771 καὶ
2880 1724 2956 1790 μή
3005 1719 3245 1794 ἀντερεῖν
3286 1726 3404 1784 τοῖς
3462 1721 3630 1776 αὐτοῦ
3687 1721 3867 1795 νόμοις

433 1809 718 1867 obsistere
763 1825 1128 1883 quemquam
1181 1810 1374 1877 vellet,
1409 1811 1676 1882 quidam,
1709 1809 1924 1883 spretis
1954 1808 2092 1882 legi-

2214 1805 2650 1880 προστάξαντος,
2713 1809 2792 1868 εἷς
2853 1809 2916 1862 ἐκ
2973 1808 3182 1864 τούτων
3244 1807 3495 1886 παριδὼν
3551 1814 3654 1881 τὴν
3711 1813 3868 1887 πρόσο

429 1898 564 1966 bus,
597 1915 733 1955 cum
767 1901 840 1956 ad
872 1899 1135 1971 regulam
1165 1899 1553 1970 vendidisset,
1588 1917 1802 1955 manus
1825 1898 2099 1971 perdidit.

427 1988 592 2044 Unde
625 2006 836 2044 manus
885 1988 995 2044 illae
1039 1995 1302 2062 utraeque
1351 1995 1472 2044 tam
1504 1988 1887 2046 vendentium
1922 2005 2102 2061 quam

430 2079 756 2135 ementium
804 2079 1120 2136 eﬁ‘ormata:
1169 2084 1330 2150 sunt,
1383 2085 1448 2136 ut
1473 2079 1791 2136 cumulatis
1820 2079 2096 2135 frumenti

431 2167 650 2224 modiis
706 2173 1032 2226 uterentur.
1083 2169 1303 2226 Ibidem
1357 2186 1537 2243 supra
1587 2187 1789 2227 arcum
1831 2170 2097 2240 ejusdem

428 2257 828 2314 Valentiniani
863 2263 1062 2314 statua
1088 2259 1460 2332 erigebatur,
1495 2259 1829 2330 examen_in
1861 2259 2098 2314 dextera

425 2350 657 2403 tenens.
689 2348 776 2403 Ad
814 2351 1042 2420 pactam
1065 2365 1196 2404 vero
1223 2348 1531 2422 pecuniam
1563 2349 1904 2406 solvendam
1940 2347 2096 2405 abla-

423 2440 486 2494 ta
518 2441 626 2508 est,
660 2437 800 2508 quia
831 2442 1107 2510 argentea
1137 2442 1281 2494 erat.

1019 2547 1094 2600 De
1123 2546 1491 2602 Amastriano.

499 2635 563 2689 In
595 2633 706 2690 hoc
737 2633 861 2690 loco
909 2637 1282 2690 Amastriano
1333 2637 1489 2690 dicto
1521 2635 1724 2707 posita;
1769 2639 2093 2691 cernuntur

427 2721 570 2780 solis
597 2723 655 2777 in
689 2739 866 2778 curru
917 2739 1270 2792 marmoreo,
1304 2727 1361 2779 et
1394 2723 1656 2779 Herculis
1689 2724 2091 2782 recumbentis

424 2815 636 2870 statuae
671 2830 684 2868 :
720 2811 860 2868 item
894 2813 1225 2868 testudines
1255 2829 1389 2868 cum
1425 2812 1649 2882 avibus,
1685 2813 2090 2886 draconesque

423 2899 788 2974 quindecim,
821 2905 878 2956 et
907 2905 1105 2957 statua
1153 2917 1485 2958 marmorea
1518 2901 1742 2956 domini
1773 2902 2086 2973 cujusdam

424 3007 495 3047 ex
522 2991 926 3066 Paphlagonia
973 2993 1236 3062 advecta,
1286 2998 1460 3065 atque
1493 2992 1674 3049 altera
1705 2998 1904 3049 statua
1935 2994 2088 3048 servi

422 3095 491 3137 ex
520 3082 894 3139 Amastriana
941 3082 1179 3154 regione
1226 3082 1481 3154 oriundi,
1535 3083 1706 3139 urina
1745 3088 1801 3138 et
1831 3087 2087 3139 stercore

422 3171 652 3228 obruta.
705 3176 987 3229 Cmterum
1039 3178 1291 3245 utraque
1340 3176 1535 3228 statua
1585 3172 1789 3229 eodem
1847 3174 1908 3227 in
1956 3172 2082 3229 loco

417 3261 786 3318 daemonibus
816 3266 1008 3319 erecta
1057 3262 1186 3318 fuit.
1237 3261 1462 3318 Ibidem
1495 3261 1944 3318 columellarum
1991 3280 2082 3319 or-

415 3355 761 3408 namentum
861 3353 1052 3408 forma
1141 3352 1549 3409 semirotunda
1623 3357 1883 3409 erectum
1973 3356 2083 3408 est.

417 3439 504 3495 Ibi
561 3439 720 3497 enim
776 3441 1074 3499 daemones
1153 3458 1438 3514 apparere
1499 3457 1652 3515 saepe
1712 3441 2086 3498 animadver-

414 3545 554 3585 sum
583 3534 695 3586 est.

1110 3624 1190 3677 De
1219 3621 1378 3676 Bove.

489 3709 552 3764 In
605 3707 730 3766 loco
779 3713 1118 3782 nuncupato
1169 3711 1319 3766 Bove
1359 3713 1656 3765 exstructa
1701 3713 1832 3765 erat
1882 3709 2088 3765 fornax

410 3796 668 3870 ingentis
709 3798 906 3869 molis,
960 3798 1167 3854 bubuli
1217 3799 1427 3872 capitis
1458 3799 1705 3871 ﬁguram
1755 3815 1990 3871 gerens,
2025 3799 2083 3855 in

409 3905 526 3958 qua
555 3892 612 3944 et
643 3887 894 3944 maleﬁci
927 3889 1217 3961 supplicio
1261 3889 1710 3957 al'ﬁciebantur;
1765 3889 1864 3944 ubi
1901 3889 2084 3944 etiam

403 3975 682 4034 Julianus
726 3977 939 4033 multos
989 3979 1183 4050 specie
1235 3979 1531 4034 variorum
1582 3978 1875 4034 scelerum
1924 3994 2082 4034 com-

408 4065 618 4122 bussit.
647 4067 1124 4138 Repraesentabat
1155 4074 1353 4123 autem
1385 4067 1485 4122 illa
1518 4067 1723 4124 fornax
1759 4069 1924 4124 bovis
1943 4069 2083 4138 ﬁgu-

411 4171 562 4222 ram,
613 4161 854 4227 eratque
907 4156 1165 4213 maxima
1211 4157 1386 4225 visu;
1438 4157 1508 4236 ad
1565 4158 1736 4229 cujus
1785 4156 2086 4230 exemplar

412 4246 626 4302 similis
656 4248 761 4303 bos
802 4248 862 4303 in
911 4248 1117 4304 Neorio
1162 4252 1498 4305 exstructus
1547 4253 1654 4304 est.
1708 4249 1942 4321 Integra
1975 4265 2084 4303 au-

411 4339 533 4392 tem
567 4337 769 4393 fornax
812 4339 1143 4409 permansit
1195 4355 1384 4410 usque
1414 4338 1485 4393 ad
1530 4338 1805 4394 Pbocam.
1838 4339 1922 4394 Ab
1965 4338 2076 4393 He-

413 4424 593 4482 raclio
625 4442 796 4498 porro
849 4427 908 4482 in
960 4427 1104 4484 foles
1151 4429 1404 4484 conﬂata
1449 4432 1557 4486 est.
1616 4433 1678 4485 In
1709 4429 1915 4484 eodem
1951 4427 2084 4482 loco

410 4530 580 4571 areus
613 4516 789 4572 erecti
819 4521 1008 4586 erant,
1051 4517 1278 4574 similes
1329 4518 1469 4585 illis,
1504 4519 1604 4590 qui
1637 4518 1698 4572 in
1744 4515 2084 4589 Xerolopho

2209 1898 2380 1968 ταξιν,
2431 1897 2520 1949 καὶ
2582 1893 2775 1970 ῥίγλον
2834 1897 3122 1969 πωλήσας,
3174 1901 3270 1962 τὰς
3312 1905 3507 1977 χεῖρας
3565 1901 3866 1957 ἀπώλεσεν·

2212 1984 2332 2049 ὅθεν
2391 1985 2480 2038 καὶ
2542 1985 2895 2057 ἐτυπώθησαν
2956 1990 3011 2042 αἱ
3067 1994 3249 2066 χεῖρες
3308 1995 3426 2052 τοῖς
3507 1986 3866 2064 λαμϐάνουσι,

2210 2075 2300 2129 καὶ
2356 2081 2472 2137 τοῖς
2535 2071 2775 2130 διδοῦσιν
2832 2076 3158 2152 ἀμφότεραι,
3196 2081 3331 2152 μετὰ
3388 2084 3502 2135 τῶν
3554 2080 3863 2158 σιτηρεσίων

2208 2164 2498 2238 κούμουλα
2556 2162 2796 2220 δίδοσθαι
2858 2167 2922 2221 τὰ
2983 2166 3166 2240 μόδια.
3214 2171 3384 2227 Ἔνθα
3437 2171 3530 2226 καὶ
3591 2174 3624 2241 ἡ
3685 2170 3867 2226 τούτου

2208 2253 2386 2324 στήλη
2432 2251 2622 2309 ’ίστατο
2679 2254 2756 2318 είς
2808 2257 2910 2324 τὴν
2966 2255 3153 2331 ἀψίδα,
3205 2254 3405 2333 ἔξαιμον
3473 2259 3526 2316 ἐν
3596 2265 3663 2335 τῇ
3735 2257 3867 2330 δεξιᾷ

2206 2342 2353 2420 χειρὶ
2407 2345 2733 2419 κατέχουσα.
2792 2347 3043 2424 Ἡρπάγη
3110 2346 3169 2404 δὶ
3228 2348 3306 2412 εἷς
3386 2351 3596 2406 πάκτον
3662 2348 3750 2406 διὰ
3808 2349 3864 2404 τὸ

2205 2433 2440 2510 ἀργυρὰν
2470 2435 2758 2509 τυγχάνειν
2773 2477 2784 2491 .

2668 2541 2798 2619 Περὶ
2827 2547 2924 2598 τοῦ
2956 2545 3380 2621 Ἀμαστριανοῦ.

2271 2633 2361 2688 Ἑν
2411 2635 2490 2702 τῷ
2540 2629 2696 2704 τόπῳ
2742 2636 2839 2686 τοῦ
2873 2633 3299 2710 Ἀμαστριανοῦ,
3333 2635 3500 2706 ἥλιος
3551 2635 3758 2693 ’ίσταται
3811 2635 3856 2691 ἐν

2204 2721 2377 2792 αὐτῷ,
2461 2719 2541 2799 ἐφ’
2627 2722 2871 2796 ἅρματος
2963 2726 3311 2802 μαρμαρίνου
3391 2726 3722 2798 στηλωθείς,
3777 2725 3858 2780 καὶ

2199 2807 2477 2885 Ἡρακλὴς
2508 2810 2878 2884 ἀνακείμενος,
2917 2815 3006 2868 καὶ
3037 2814 3281 2889 χελῶναι
3314 2815 3489 2872 ἐκεῖσε
3543 2817 3677 2891 μετὰ
3726 2815 3855 2893 ὀρνί-

2198 2900 2326 2971 θων,
2359 2899 2448 2953 καὶ
2499 2896 2782 2975 δράκαιναι
2819 2908 2896 2972 ιε’,
2947 2902 3036 2956 καὶ
3085 2903 3428 2980 μαρμάρινος
3483 2906 3660 2978 στήλη
3709 2907 3848 2959 ἰστα-

2201 2987 2360 3061 μένη,
2417 2990 2644 3064 ἀχθεῖσα
2701 2989 2807 3045 ἀπὸ
2869 2994 3061 3067 χώρας
3140 2991 3533 3070 Παφλαγονίας
3603 2993 3848 3049 δεσπότου

2195 3078 2363 3147 τινὸς,
2423 3079 2511 3132 καὶ
2565 3079 2721 3154 ὲυὲρα
2766 3080 3097 3156 κεχωσμὲνη
3152 3081 3203 3137 ἦν
3244 3085 3314 3154 τῇ
3361 3084 3578 3160 κόπρῳ,
3610 3086 3698 3139 καὶ
3751 3087 3850 3142 τοῖς

2200 3165 2406 3243 οὔροις,
2441 3165 2642 3222 δούλου
2697 3173 2793 3223 τοῦ
2851 3169 2909 3225 ἐκ
2962 3171 3152 3246 χώρας
3208 3172 3599 3250 Ἀμάστριδος.
3663 3175 3845 3228 Έκεῖσι

2201 3255 2259 3312 δὲ
2291 3256 2340 3312 ἐν
2375 3257 2521 3330 αὐτῷ
2569 3259 2648 3330 τᾷ
2697 3258 2850 3332 τόπῳ
2890 3258 3142 3331 ἐτυπώθη
3204 3267 3321 3324 τοῖς
3377 3260 3632 3338 δαίμοσιν
3691 3259 3850 3336 ἀμφό-

2194 3368 2342 3424 τερα.
2412 3347 2519 3402 Καὶ
2579 3347 2935 3419 ἀνιστηλώθη
3003 3349 3200 3406 ἐκεῖθεν
3282 3351 3374 3407 καὶ
3461 3350 3850 3424 καλλωπισμὸς

2197 3437 2419 3491 κιονίων
2489 3436 2891 3512 σιγματοειδῶς
2959 3440 3377 3516 ἀνεγερθὲντων.
3443 3445 3720 3519 Ἐγένοντο
3799 3436 3850 3492 δὲ

2197 3524 2369 3580 ἐκεῖσε
2400 3523 2677 3600 δαιμόνων
2713 3527 3016 3583 ἐπιστασίαι
3048 3528 3285 3588 πολλαί.

2799 3617 2932 3694 Περῖ
2961 3623 3058 3673 τοῦ
3090 3619 3248 3682 Βοός.

2270 3704 2360 3768 Εἷς
2395 3702 2452 3760 δὲ
2480 3706 2572 3761 τὸν
2603 3704 2943 3779 καλούμενον
3003 3713 3144 3764 Βοῦν
3183 3709 3416 3782 κάμινος
3464 3713 3533 3782 ἦν
3580 3706 3846 3785 παμμεγέ-

2197 3796 2296 3865 θης
2356 3794 2669 3870 ἐκτισμένη,
2730 3797 2862 3873 βοὸς
2923 3795 3128 3874 ἔχουσα
3177 3800 3447 3877 κεφαλήν,
3482 3802 3605 3866 ἔνθα
3657 3799 3742 3856 καὶ
3798 3795 3846 3849 οἱ

2197 3891 2498 3962 κακοῦργοι
2549 3884 2959 3963 ἐτιμωροῦντο,
3013 3888 3150 3944 ὅπου
3227 3892 3316 3945 καὶ
3367 3891 3671 3953 Ἰουλιανὸς
3724 3907 3847 3964 προ·

2198 3978 2353 4053 φάσει
2408 3973 2713 4031 καταδίκων
2768 3975 3017 4042 πολλοὺς
3075 3978 3127 4033 ἰν
3182 3980 3331 4052 αὐτῷ
3385 3983 3726 4036 κατέκαυσεν.
3758 3978 3844 4032 Ἦν

2197 4061 2255 4119 δὲ
2309 4067 2343 4134 ἡ
2394 4065 2626 4138 κάμινος
2690 4067 2818 4142 βοὸς
2869 4066 3040 4132 τύπος
3095 4073 3614 4146 παμμεγεθεστάτου
3664 4068 3847 4139 θεάμα-

2194 4174 2310 4221 τος,
2347 4154 2406 4208 οὖ
2465 4154 2601 4208 κατὰ
2655 4154 2890 4228 μίμησιν
2946 4157 3036 4211 καὶ
3071 4156 3122 4212 ἐν
3155 4162 3233 4230 τῷ
3268 4161 3498 4235 Νεωρίῳ
3556 4161 3684 4236 βοῦς
3739 4155 3845 4210 ἐτυ-

2197 4243 2383 4312 πώθη.
2416 4244 2513 4300 Ἠν
2550 4240 2669 4314 δὲὴ
2730 4245 2963 4318 κάμινος
3014 4243 3118 4308 ἕως
3174 4252 3362 4305 Φωκᾶ.
3396 4251 3524 4305 Ὑπὸ
3584 4246 3640 4304 δὲ
3691 4247 3842 4318 Ἦρα-

2198 4331 2388 4388 κλείου
2440 4331 2720 4408 ἐχωνεύθη
2783 4332 2939 4410 λόγῳ
3017 4335 3255 4414 φόΛεων,
3317 4339 3404 4395 Ἐν
3465 4339 3612 4410 αὐτῷ
3671 4333 3725 4390 δὲ
3775 4334 3844 4400 τῷ

2196 4421 2352 4494 τόπῳ
2383 4419 2572 4496 ἀψίδες
2604 4423 2795 4497 ὅμοιαι
2824 4429 2903 4498 τῷ
2933 4426 3273 4505 Ξηρολόφῳ,
3305 4423 3532 4504 ἔχουσαι
3572 4424 3844 4503 ἀγάλματα

2197 4509 2404 4585 πολλὰ,
2436 4512 2525 4566 καὶ
2553 4513 2798 4590 ἱστορίας
2827 4513 3059 4578 λιθίνας.
3093 4517 3161 4574 Οἱ
3194 4514 3250 4573 δὶ
3282 4515 3633 4595 διερχόμενοι
3689 4510 3844 4587 εὑρή-

412 4607 777 4676 spectantur,
811 4610 870 4662 et
899 4606 1201 4663 continent
1249 4607 1566 4663 simulacra
1592 4611 1649 4662 et
1680 4606 1961 4663 historias
1997 4606 2082 4660 la-

2214 4623 2378 4658 rouo'tv
2393 4581 2399 4585 ⁷
2415 4601 2516 4658 οὐκ
2545 4581 2732 4678 ὀλίγα.

411 4693 651 4767 pidibus
681 4695 1030 4767 insculptas.
1063 4697 1170 4763 Qui
1205 4714 1337 4754 vero
1384 4696 1574 4753 isthac
1606 4696 2086 4774 pertransibunt,

412 4799 528 4839 non
563 4800 751 4856 pauca
776 4786 1094 4858 reperient.
1630 4792 1633 4795 ’

1003 4877 1076 4932 De
1104 4877 1264 4930 Petri
1291 4880 1492 4931 tractu.

482 4963 546 5018 In
579 4962 732 5018 Petri
765 4968 955 5019 tractu
1008 4966 1221 5020 domus
1270 4970 1397 5021 erat
1438 4963 1591 5020 Petri
1642 4964 1873 5037 patricii
1907 4965 2086 5022 Justi-

411 5051 574 5108 niani
605 5052 802 5125 Magni
844 5057 1133 5126 tempore.
1179 5053 1281 5110 Ille
1329 5071 1463 5110 vero
1494 5053 1669 5110 etiam
1701 5053 1994 5126 templum
2028 5059 2086 5111 et

407 5142 811 5214 gerocomium
844 5143 1130 5198 condidit.

1021 5237 1099 5288 De
1129 5233 1460 5289 Exocz'om'o.

478 5320 684 5372 Statua
713 5316 772 5372 in
815 5319 1130 5376 Exocionio
1182 5337 1360 5392 super
1410 5319 1746 5376 columnam
1784 5319 2078 5393 exiguam,

411 5405 884 5475 Septentrionem
915 5426 1141 5482 versus,
1175 5414 1369 5467 erecta
1399 5409 1530 5480 fuit,
1555 5427 1682 5482 quae
1705 5411 2078 5472 Constantini

413 5493 521 5550 ﬁlii
555 5495 776 5565 Irenes,
806 5504 1197 5572 cognomento
1229 5499 1394 5569 Caeci,
1427 5504 1572 5557 erat.

387 5669 392 5672 .
1091 5607 1161 5664 De
1191 5606 1405 5664 eodem.
1917 5645 1923 5656 .

483 5687 863 5751 Exocionium
915 5696 1208 5755 terrestris
1255 5713 1463 5756 murus
1512 5701 1657 5769 erat,
1709 5713 1883 5773 quem
1927 5699 2076 5756 Con-

2827 4873 2958 4950 Περὶ
2997 4871 3223 4949 Πέτρου.

2267 4962 2350 5017 Τὰ
2407 4961 2613 5037 Πέτρου
2674 4962 2820 5025 οἶκος
2881 4963 2950 5031 ἦν
3016 4965 3224 5040 Πέτρου
3299 4965 3586 5042 πατρικίου
3635 4961 3684 5016 ἐν
3734 4958 3841 5042 τοῖς

2196 5049 2422 5126 χρόνοις
2480 5053 2864 5106 Ἰουστινιανοῢ
2926 5058 3024 5108 τοῦ
3101 5055 3355 5130 Μεγάλου
3390 5040 3418 5089 ’ἡ
3467 5056 3715 5129 ἀνήγειρε
3789 5040 3838 5096 δὲ

2193 5139 2283 5194 τόν
2315 5161 2374 5196 τε
2400 5141 2525 5196 ναὸν
2558 5141 2651 5196 καὶ
2678 5141 2740 5194 τὸ
2768 5148 3160 5216 γηροκομεῖον.

2616 5231 2746 5306 Περὶ
2776 5234 2884 5286 τῶν
2915 5236 3016 5286 τοῦ
3047 5233 3420 5303 Ἑξωκιονίου.

2260 5321 2323 5377 Ἡ
2379 5317 2435 5374 δὲ
2489 5319 2752 5392 ἰσταμένη
2816 5319 2994 5392 στήλη
3071 5322 3146 5385 εἷς
3219 5326 3282 5380 τὸ
3343 5321 3678 5396 Ἑξωκιόνιον
3751 5307 3829 5368 ἐπὶ

2198 5409 2450 5486 βραχέως
2507 5407 2714 5482 κίονος,
2771 5410 2911 5465 κατὰ
2964 5411 3026 5465 τὸ
3095 5412 3318 5490 segem
3381 5415 3565 5487 μέρος,
3629 5410 3830 5479 ὑπῆρχε

2194 5498 2600 5555 Κωνσταντίνου
2629 5503 2726 5555 τοῦ
2754 5500 2994 5580 Τυφλοῦ,
3027 5506 3122 5557 τοῦ
3155 5504 3276 5558 υἱοῦ
3305 5503 3567 5579 Εἰρήνης.

2770 5608 2901 5682 Περὶ
2931 5613 3029 5666 τοῦ
3062 5611 3250 5669 αὐτοῦ.

2259 5699 2330 5754 Τὸ
2362 5696 2420 5755 δὶ
2451 5700 2798 5776 Ἐξωκιόνιον
2842 5700 2908 5772 ἦν
2957 5706 3213 5778 χερσαῖον
3261 5707 3471 5787 τεῖχος,
3505 5696 3641 5772 ὅπερ,
3691 5685 3823 5746 ἔκτι-
